  <div class='ocr_page' id='page_1' title='image "/cluster/home/n/w/nwhite01/storage/ocr_20150623/91/hvd.32044052742962/748.png"; bbox 0 0 3946 6206; ppageno 0'>
   <div class='ocr_carea' id='block_1_1' title="bbox 249 368 406 435">
    <p class='ocr_par' dir='ltr' id='par_1_1' title="bbox 249 368 406 435">
     <span class='ocr_line' id='line_1_1' title="bbox 249 368 406 435; baseline 0.006 -2"><span class='ocrx_word' id='word_1_1' title='bbox 249 368 276 433; x_wconf 75' lang='grc'><strong>1</strong></span> <span class='ocrx_word' id='word_1_2' title='bbox 289 370 406 435; x_wconf 67' lang='grc'><strong>489</strong></span> 
     </span>
    </p>
   </div>
   <div class='ocr_carea' id='block_1_2' title="bbox 1509 369 2241 433">
    <p class='ocr_par' dir='ltr' id='par_1_2' title="bbox 1509 369 2241 433">
     <span class='ocr_line' id='line_1_2' title="bbox 1509 369 2241 433; baseline 0.004 -3"><span class='ocrx_word' id='word_1_3' title='bbox 1509 369 1609 430; x_wconf 88' lang='lat' dir='ltr'><strong>DE</strong></span> <span class='ocrx_word' id='word_1_4' title='bbox 1647 369 2241 433; x_wconf 77' lang='lat' dir='ltr'><strong>INCARNA&#39;I‘IONE.</strong></span> 
     </span>
    </p>
   </div>
   <div class='ocr_carea' id='block_1_3' title="bbox 3387 370 3522 436">
    <p class='ocr_par' dir='ltr' id='par_1_3' title="bbox 3387 370 3522 436">
     <span class='ocr_line' id='line_1_3' title="bbox 3387 370 3522 436; baseline 0.022 -3"><span class='ocrx_word' id='word_1_5' title='bbox 3387 370 3522 436; x_wconf 66' lang='grc'><strong>1490</strong></span> 
     </span>
    </p>
   </div>
   <div class='ocr_carea' id='block_1_4' title="bbox 243 481 1851 557">
    <p class='ocr_par' dir='ltr' id='par_1_4' title="bbox 243 481 1833 557">
     <span class='ocr_line' id='line_1_4' title="bbox 243 481 1833 557; baseline -0.003 -17"><span class='ocrx_word' id='word_1_6' title='bbox 243 487 521 556; x_wconf 86' lang='grc' dir='ltr'>πότητος,</span> <span class='ocrx_word' id='word_1_7' title='bbox 552 486 648 540; x_wconf 78' lang='grc' dir='ltr'>καὶ</span> <span class='ocrx_word' id='word_1_8' title='bbox 682 486 781 557; x_wconf 83' lang='grc' dir='ltr'><strong>τὴν</strong></span> <span class='ocrx_word' id='word_1_9' title='bbox 808 484 1011 539; x_wconf 82' lang='grc' dir='ltr'>τούτων</span> <span class='ocrx_word' id='word_1_10' title='bbox 1037 481 1305 554; x_wconf 86' lang='grc' dir='ltr'>ἀτρεψίαν</span> <span class='ocrx_word' id='word_1_11' title='bbox 1328 482 1424 535; x_wconf 69' lang='grc' dir='ltr'>καὶ</span> <span class='ocrx_word' id='word_1_12' title='bbox 1450 483 1719 552; x_wconf 73' lang='grc' dir='ltr'>ἐπιμονὴν</span> <span class='ocrx_word' id='word_1_13' title='bbox 1740 485 1833 536; x_wconf 70' lang='grc' dir='ltr'>καὶ</span> 
     </span>
    </p>
   </div>
   <div class='ocr_carea' id='block_1_5' title="bbox 1955 481 3526 557">
    <p class='ocr_par' dir='ltr' id='par_1_5' title="bbox 1955 485 3526 557">
     <span class='ocr_line' id='line_1_5' title="bbox 1955 485 3526 557; baseline -0.001 -15"><span class='ocrx_word' id='word_1_14' title='bbox 1955 496 1995 542; x_wconf 78' lang='grc' dir='ltr'><strong>ιι</strong></span> <span class='ocrx_word' id='word_1_15' title='bbox 2023 486 2347 542; x_wconf 81' lang='lat' dir='ltr'><strong>confusione</strong></span> <span class='ocrx_word' id='word_1_16' title='bbox 2367 485 2669 557; x_wconf 90' lang='lat' dir='ltr'><strong>signiﬁcet;</strong></span> <span class='ocrx_word' id='word_1_17' title='bbox 2695 486 2792 541; x_wconf 87' lang='lat' dir='ltr'><strong>sed</strong></span> <span class='ocrx_word' id='word_1_18' title='bbox 2824 494 2885 541; x_wconf 90' lang='lat' dir='ltr'><strong>ut</strong></span> <span class='ocrx_word' id='word_1_19' title='bbox 2910 500 3010 557; x_wconf 89' lang='lat' dir='ltr'><strong>per</strong></span> <span class='ocrx_word' id='word_1_20' title='bbox 3026 487 3206 555; x_wconf 87' lang='lat' dir='ltr'><strong>ipsum</strong></span> <span class='ocrx_word' id='word_1_21' title='bbox 3228 500 3526 541; x_wconf 81' lang='lat' dir='ltr'><strong>numerum</strong></span> 
     </span>
    </p>
   </div>
   <div class='ocr_carea' id='block_1_6' title="bbox 240 572 1835 650">
    <p class='ocr_par' dir='ltr' id='par_1_6' title="bbox 240 572 1835 650">
     <span class='ocr_line' id='line_1_6' title="bbox 240 572 1835 650; baseline -0.001 -19"><span class='ocrx_word' id='word_1_22' title='bbox 240 580 601 650; x_wconf 83' lang='grc' dir='ltr'>ἀσυγχυσίαν</span> <span class='ocrx_word' id='word_1_23' title='bbox 630 579 871 649; x_wconf 78' lang='grc' dir='ltr'><strong>σημάνῃ,</strong></span> <span class='ocrx_word' id='word_1_24' title='bbox 896 577 990 630; x_wconf 80' lang='grc' dir='ltr'><strong>τὸν</strong></span> <span class='ocrx_word' id='word_1_25' title='bbox 1017 575 1254 646; x_wconf 81' lang='grc' dir='ltr'>ἀριθμὸν</span> <span class='ocrx_word' id='word_1_26' title='bbox 1275 572 1385 627; x_wconf 83' lang='grc' dir='ltr'>τῶν</span> <span class='ocrx_word' id='word_1_27' title='bbox 1421 574 1514 627; x_wconf 85' lang='grc' dir='ltr'><strong>δύο</strong></span> <span class='ocrx_word' id='word_1_28' title='bbox 1545 576 1835 646; x_wconf 75' lang='grc' dir='ltr'>καταφρά-</span> 
     </span>
    </p>
   </div>
   <div class='ocr_carea' id='block_1_7' title="bbox 243 665 1835 741">
    <p class='ocr_par' dir='ltr' id='par_1_7' title="bbox 243 665 1835 741">
     <span class='ocr_line' id='line_1_7' title="bbox 243 665 1835 741; baseline -0.003 -17"><span class='ocrx_word' id='word_1_29' title='bbox 243 670 338 735; x_wconf 61' lang='lat' dir='ltr'><strong>{et</strong></span> <span class='ocrx_word' id='word_1_30' title='bbox 376 671 612 741; x_wconf 74' lang='grc' dir='ltr'>φύσεων,</span> <span class='ocrx_word' id='word_1_31' title='bbox 641 672 755 729; x_wconf 85' lang='grc' dir='ltr'>ἀλλ’</span> <span class='ocrx_word' id='word_1_32' title='bbox 786 670 876 723; x_wconf 77' lang='grc' dir='ltr'>ἵνα</span> <span class='ocrx_word' id='word_1_33' title='bbox 893 668 988 722; x_wconf 90' lang='grc' dir='ltr'><strong>δύο</strong></span> <span class='ocrx_word' id='word_1_34' title='bbox 1015 668 1285 738; x_wconf 82' lang='grc' dir='ltr'>πρόσωπα</span> <span class='ocrx_word' id='word_1_35' title='bbox 1327 666 1395 719; x_wconf 80' lang='grc' dir='ltr'>δι’</span> <span class='ocrx_word' id='word_1_36' title='bbox 1423 666 1593 721; x_wconf 76' lang='grc' dir='ltr'>αὑτοῦ</span> <span class='ocrx_word' id='word_1_37' title='bbox 1623 666 1716 720; x_wconf 86' lang='grc' dir='ltr'><strong>τοῦ</strong></span> <span class='ocrx_word' id='word_1_38' title='bbox 1740 665 1835 720; x_wconf 85' lang='grc' dir='ltr'><strong>δύο</strong></span> 
     </span>
    </p>
   </div>
   <div class='ocr_carea' id='block_1_8' title="bbox 240 757 1837 833">
    <p class='ocr_par' dir='ltr' id='par_1_8' title="bbox 240 757 1837 833">
     <span class='ocr_line' id='line_1_8' title="bbox 240 757 1837 833; baseline -0.002 -19"><span class='ocrx_word' id='word_1_39' title='bbox 240 761 498 833; x_wconf 79' lang='grc' dir='ltr'>’ἀριθμοῦ</span> <span class='ocrx_word' id='word_1_40' title='bbox 521 757 752 831; x_wconf 77' lang='grc' dir='ltr'><strong>δολερῶς</strong></span> <span class='ocrx_word' id='word_1_41' title='bbox 774 759 1149 830; x_wconf 78' lang='grc' dir='ltr'>ύπαινίξηται,</span> <span class='ocrx_word' id='word_1_42' title='bbox 1179 758 1280 830; x_wconf 83' lang='grc' dir='ltr'>τὴν</span> <span class='ocrx_word' id='word_1_43' title='bbox 1310 758 1423 812; x_wconf 82' lang='grc' dir='ltr'>τῶν</span> <span class='ocrx_word' id='word_1_44' title='bbox 1452 758 1671 829; x_wconf 79' lang='grc' dir='ltr'><strong>φύσεων</strong></span> <span class='ocrx_word' id='word_1_45' title='bbox 1704 759 1837 827; x_wconf 83' lang='grc' dir='ltr'>κλῆ-</span> 
     </span>
    </p>
   </div>
   <div class='ocr_carea' id='block_1_9' title="bbox 247 847 1835 921">
    <p class='ocr_par' dir='ltr' id='par_1_9' title="bbox 247 847 1835 921">
     <span class='ocr_line' id='line_1_9' title="bbox 247 847 1835 921; baseline -0.003 -18"><span class='ocrx_word' id='word_1_46' title='bbox 247 868 343 904; x_wconf 97' lang='grc' dir='ltr'><strong>σιν</strong></span> <span class='ocrx_word' id='word_1_47' title='bbox 388 851 509 905; x_wconf 75' lang='grc' dir='ltr'>ἀντὶ</span> <span class='ocrx_word' id='word_1_48' title='bbox 557 851 665 904; x_wconf 86' lang='grc' dir='ltr'><strong>τῶν</strong></span> <span class='ocrx_word' id='word_1_49' title='bbox 699 848 1008 921; x_wconf 84' lang='grc' dir='ltr'><strong>προσώπων</strong></span> <span class='ocrx_word' id='word_1_50' title='bbox 1048 848 1347 920; x_wconf 62' lang='grc' dir='ltr'>Μμὸἀνων</span> <span class='ocrx_word' id='word_1_51' title='bbox 1381 847 1728 917; x_wconf 86' lang='grc' dir='ltr'>κακούργως,</span> <span class='ocrx_word' id='word_1_52' title='bbox 1760 848 1835 910; x_wconf 86' lang='grc' dir='ltr'><strong>ώς</strong></span> 
     </span>
    </p>
   </div>
   <div class='ocr_carea' id='block_1_10' title="bbox 244 921 1834 1015">
    <p class='ocr_par' dir='ltr' id='par_1_10' title="bbox 244 921 1834 1015">
     <span class='ocr_line' id='line_1_10' title="bbox 244 921 1834 1015; baseline -0.001 -19"><span class='ocrx_word' id='word_1_53' title='bbox 244 941 477 1014; x_wconf 82' lang='grc' dir='ltr'>ἀληθῶς</span> <span class='ocrx_word' id='word_1_54' title='bbox 504 944 602 996; x_wconf 70' lang='grc' dir='ltr'>καὶ</span> <span class='ocrx_word' id='word_1_55' title='bbox 619 942 928 1013; x_wconf 77' lang='grc' dir='ltr'>κακοήθως,</span> <span class='ocrx_word' id='word_1_56' title='bbox 963 943 1504 1015; x_wconf 77' lang='grc' dir='ltr'>πεπαρῤησιασμένῃ</span> <span class='ocrx_word' id='word_1_57' title='bbox 1546 921 1834 1012; x_wconf 69' lang='grc' dir='ltr'>προσωνυ-</span> 
     </span>
    </p>
   </div>
   <div class='ocr_carea' id='block_1_11' title="bbox 248 1031 1839 1105">
    <p class='ocr_par' dir='ltr' id='par_1_11' title="bbox 248 1031 1839 1105">
     <span class='ocr_line' id='line_1_11' title="bbox 248 1031 1839 1105; baseline -0.001 -20"><span class='ocrx_word' id='word_1_58' title='bbox 248 1034 364 1103; x_wconf 71' lang='grc' dir='ltr'><strong>μία</strong></span> <span class='ocrx_word' id='word_1_59' title='bbox 403 1033 510 1087; x_wconf 84' lang='grc' dir='ltr'>τῶν</span> <span class='ocrx_word' id='word_1_60' title='bbox 541 1033 760 1101; x_wconf 78' lang='grc' dir='ltr'><strong>φύσεων</strong></span> <span class='ocrx_word' id='word_1_61' title='bbox 785 1034 848 1087; x_wconf 78' lang='grc' dir='ltr'>τὸ</span> <span class='ocrx_word' id='word_1_62' title='bbox 880 1033 1332 1105; x_wconf 75' lang='grc' dir='ltr'><strong>ἀπηγορευμένον</strong></span> <span class='ocrx_word' id='word_1_63' title='bbox 1374 1033 1485 1086; x_wconf 85' lang='grc' dir='ltr'>τῶν</span> <span class='ocrx_word' id='word_1_64' title='bbox 1527 1031 1839 1093; x_wconf 82' lang='grc' dir='ltr'><strong>προσώπων</strong></span> 
     </span>
    </p>
   </div>
   <div class='ocr_carea' id='block_1_12' title="bbox 244 1121 1837 1197">
    <p class='ocr_par' dir='ltr' id='par_1_12' title="bbox 244 1121 1837 1197">
     <span class='ocr_line' id='line_1_12' title="bbox 244 1121 1837 1197; baseline -0.002 -19"><span class='ocrx_word' id='word_1_65' title='bbox 244 1126 520 1193; x_wconf 75' lang='grc' dir='ltr'>εἰσάγων,</span> <span class='ocrx_word' id='word_1_66' title='bbox 546 1125 686 1179; x_wconf 84' lang='grc' dir='ltr'>ὥστε</span> <span class='ocrx_word' id='word_1_67' title='bbox 717 1126 875 1180; x_wconf 79' lang='grc' dir='ltr'>ἄλλον</span> <span class='ocrx_word' id='word_1_68' title='bbox 918 1121 1221 1197; x_wconf 77' lang='grc' dir='ltr'>εἶναι.παρ“</span> <span class='ocrx_word' id='word_1_69' title='bbox 1248 1124 1399 1193; x_wconf 79' lang='grc' dir='ltr'><strong>αὑτῷ</strong></span> <span class='ocrx_word' id='word_1_70' title='bbox 1440 1124 1533 1177; x_wconf 79' lang='grc' dir='ltr'>τὸν</span> <span class='ocrx_word' id='word_1_71' title='bbox 1577 1123 1837 1197; x_wconf 84' lang='grc' dir='ltr'>Χριστὸν,</span> 
     </span>
    </p>
   </div>
   <div class='ocr_carea' id='block_1_13' title="bbox 245 1212 1838 1286">
    <p class='ocr_par' dir='ltr' id='par_1_13' title="bbox 245 1212 1838 1286">
     <span class='ocr_line' id='line_1_13' title="bbox 245 1212 1838 1286; baseline -0.001 -18"><span class='ocrx_word' id='word_1_72' title='bbox 245 1218 356 1269; x_wconf 70' lang='grc' dir='ltr'><strong>καὶ</strong></span> <span class='ocrx_word' id='word_1_73' title='bbox 383 1216 545 1271; x_wconf 81' lang='grc' dir='ltr'>ἀλλον</span> <span class='ocrx_word' id='word_1_74' title='bbox 573 1218 662 1271; x_wconf 72' lang='grc' dir='ltr'><strong>τὸν</strong></span> <span class='ocrx_word' id='word_1_75' title='bbox 693 1216 827 1284; x_wconf 77' lang='grc' dir='ltr'>θεὸν</span> <span class='ocrx_word' id='word_1_76' title='bbox 853 1216 1046 1285; x_wconf 87' lang='grc' dir='ltr'>Λόγον,</span> <span class='ocrx_word' id='word_1_77' title='bbox 1080 1216 1220 1270; x_wconf 83' lang='grc' dir='ltr'>κατὰ</span> <span class='ocrx_word' id='word_1_78' title='bbox 1240 1217 1339 1286; x_wconf 84' lang='grc' dir='ltr'>τὴν</span> <span class='ocrx_word' id='word_1_79' title='bbox 1372 1214 1635 1285; x_wconf 78' lang='grc' dir='ltr'><strong>πατρῴαν</strong></span> <span class='ocrx_word' id='word_1_80' title='bbox 1672 1212 1838 1267; x_wconf 78' lang='grc' dir='ltr'>αὐτοῦ</span> 
     </span>
    </p>
   </div>
   <div class='ocr_carea' id='block_1_14' title="bbox 245 1302 1841 1378">
    <p class='ocr_par' dir='ltr' id='par_1_14' title="bbox 245 1302 1841 1378">
     <span class='ocr_line' id='line_1_14' title="bbox 245 1302 1841 1378; baseline -0.001 -22"><span class='ocrx_word' id='word_1_81' title='bbox 245 1306 471 1377; x_wconf 79' lang='grc' dir='ltr'>πλάνην</span> <span class='ocrx_word' id='word_1_82' title='bbox 502 1322 516 1336; x_wconf 70' lang='grc'><strong><em>⁸</em></strong></span> <span class='ocrx_word' id='word_1_83' title='bbox 565 1307 681 1371; x_wconf 71' lang='grc' dir='ltr'>υίὸς</span> <span class='ocrx_word' id='word_1_84' title='bbox 718 1308 827 1378; x_wconf 76' lang='grc' dir='ltr'><strong>γὰρ</strong></span> <span class='ocrx_word' id='word_1_85' title='bbox 858 1302 926 1377; x_wconf 82' lang='grc' dir='ltr'>ἦν</span> <span class='ocrx_word' id='word_1_86' title='bbox 968 1306 1061 1359; x_wconf 84' lang='grc' dir='ltr'><strong>τοῦ</strong></span> <span class='ocrx_word' id='word_1_87' title='bbox 1102 1306 1356 1375; x_wconf 69' lang='grc' dir='ltr'>Κίλικος,</span> <span class='ocrx_word' id='word_1_88' title='bbox 1398 1305 1492 1357; x_wconf 89' lang='grc' dir='ltr'><strong>τοῦ</strong></span> <span class='ocrx_word' id='word_1_89' title='bbox 1541 1303 1601 1357; x_wconf 82' lang='grc' dir='ltr'>δὲ</span> <span class='ocrx_word' id='word_1_90' title='bbox 1663 1304 1841 1372; x_wconf 83' lang='grc' dir='ltr'>Σαμο-</span> 
     </span>
    </p>
   </div>
   <div class='ocr_carea' id='block_1_15' title="bbox 248 1395 1841 1468">
    <p class='ocr_par' dir='ltr' id='par_1_15' title="bbox 248 1395 1841 1468">
     <span class='ocr_line' id='line_1_15' title="bbox 248 1395 1841 1468; baseline -0.004 -16"><span class='ocrx_word' id='word_1_91' title='bbox 248 1399 474 1462; x_wconf 86' lang='grc' dir='ltr'>σατέως</span> <span class='ocrx_word' id='word_1_92' title='bbox 505 1399 794 1468; x_wconf 84' lang='grc' dir='ltr'>ἀπόγονος.</span> <span class='ocrx_word' id='word_1_93' title='bbox 825 1398 936 1452; x_wconf 75' lang='grc' dir='ltr'><strong>Καὶ</strong></span> <span class='ocrx_word' id='word_1_94' title='bbox 972 1398 1062 1451; x_wconf 89' lang='grc' dir='ltr'><strong>διά</strong></span> <span class='ocrx_word' id='word_1_95' title='bbox 1113 1397 1270 1451; x_wconf 86' lang='grc' dir='ltr'>τοῦτο</span> <span class='ocrx_word' id='word_1_96' title='bbox 1313 1397 1451 1467; x_wconf 83' lang='grc' dir='ltr'>πρὸς</span> <span class='ocrx_word' id='word_1_97' title='bbox 1498 1396 1600 1467; x_wconf 77' lang='grc' dir='ltr'>τὴν</span> <span class='ocrx_word' id='word_1_98' title='bbox 1638 1395 1841 1466; x_wconf 81' lang='grc' dir='ltr'>σεμνὴν</span> 
     </span>
    </p>
   </div>
   <div class='ocr_carea' id='block_1_16' title="bbox 249 1486 1841 1562">
    <p class='ocr_par' dir='ltr' id='par_1_16' title="bbox 249 1486 1841 1562">
     <span class='ocr_line' id='line_1_16' title="bbox 249 1486 1841 1562; baseline -0.002 -20"><span class='ocrx_word' id='word_1_99' title='bbox 249 1489 542 1561; x_wconf 75' lang='grc' dir='ltr'>Παρθένον</span> <span class='ocrx_word' id='word_1_100' title='bbox 576 1488 843 1543; x_wconf 71' lang='grc' dir='ltr'>ἄσπονδον</span> <span class='ocrx_word' id='word_1_101' title='bbox 888 1490 1059 1562; x_wconf 68' lang='grc' dir='ltr'>ἤρατο</span> <span class='ocrx_word' id='word_1_102' title='bbox 1098 1489 1356 1559; x_wconf 87' lang='grc' dir='ltr'>πόλεμον,</span> <span class='ocrx_word' id='word_1_103' title='bbox 1386 1488 1461 1559; x_wconf 79' lang='grc' dir='ltr'>μὴ</span> <span class='ocrx_word' id='word_1_104' title='bbox 1494 1486 1841 1558; x_wconf 70' lang='grc' dir='ltr'>δυσωπηθεὶς</span> 
     </span>
    </p>
   </div>
   <div class='ocr_carea' id='block_1_17' title="bbox 249 1577 1844 1649">
    <p class='ocr_par' dir='ltr' id='par_1_17' title="bbox 249 1577 1844 1649">
     <span class='ocr_line' id='line_1_17' title="bbox 249 1577 1844 1649; baseline 0 -18"><span class='ocrx_word' id='word_1_105' title='bbox 249 1578 360 1649; x_wconf 78' lang='grc' dir='ltr'>τὴν</span> <span class='ocrx_word' id='word_1_106' title='bbox 390 1578 697 1649; x_wconf 82' lang='grc' dir='ltr'>θεομήτορα</span> <span class='ocrx_word' id='word_1_107' title='bbox 721 1580 815 1632; x_wconf 70' lang='grc' dir='ltr'>καὶ</span> <span class='ocrx_word' id='word_1_108' title='bbox 844 1579 1014 1649; x_wconf 83' lang='grc' dir='ltr'>ἁγνὴν</span> <span class='ocrx_word' id='word_1_109' title='bbox 1038 1579 1277 1649; x_wconf 77' lang='grc' dir='ltr'>Μαρίαν,</span> <span class='ocrx_word' id='word_1_110' title='bbox 1298 1577 1373 1641; x_wconf 84' lang='grc' dir='ltr'>ὼς</span> <span class='ocrx_word' id='word_1_111' title='bbox 1412 1577 1683 1631; x_wconf 84' lang='grc' dir='ltr'>Δεσπότου</span> <span class='ocrx_word' id='word_1_112' title='bbox 1727 1577 1844 1648; x_wconf 70' lang='lat' dir='ltr'><strong>Mn-</strong></span> 
     </span>
    </p>
   </div>
   <div class='ocr_carea' id='block_1_18' title="bbox 251 1670 1845 1745">
    <p class='ocr_par' dir='ltr' id='par_1_18' title="bbox 251 1670 1845 1745">
     <span class='ocr_line' id='line_1_18' title="bbox 251 1670 1845 1745; baseline -0.001 -22"><span class='ocrx_word' id='word_1_113' title='bbox 251 1671 399 1742; x_wconf 82' lang='grc' dir='ltr'>τέρα</span> <span class='ocrx_word' id='word_1_114' title='bbox 424 1686 439 1701; x_wconf 83' lang='grc'><em>’</em></span> <span class='ocrx_word' id='word_1_115' title='bbox 468 1670 584 1725; x_wconf 82' lang='grc' dir='ltr'>ἀλλ’</span> <span class='ocrx_word' id='word_1_116' title='bbox 615 1671 691 1735; x_wconf 80' lang='grc' dir='ltr'>ὡς</span> <span class='ocrx_word' id='word_1_117' title='bbox 743 1671 928 1736; x_wconf 88' lang='grc' dir='ltr'>δοῦλος</span> <span class='ocrx_word' id='word_1_118' title='bbox 977 1673 1382 1745; x_wconf 74' lang='grc' dir='ltr'>τραχηλιαστὴς</span> <span class='ocrx_word' id='word_1_119' title='bbox 1426 1673 1520 1724; x_wconf 70' lang='grc' dir='ltr'>καὶ</span> <span class='ocrx_word' id='word_1_120' title='bbox 1556 1671 1845 1741; x_wconf 85' lang='grc' dir='ltr'>ἀναίσχυν-</span> 
     </span>
    </p>
   </div>
   <div class='ocr_carea' id='block_1_19' title="bbox 251 1760 1843 1834">
    <p class='ocr_par' dir='ltr' id='par_1_19' title="bbox 251 1760 1843 1834">
     <span class='ocr_line' id='line_1_19' title="bbox 251 1760 1843 1834; baseline 0.001 -21"><span class='ocrx_word' id='word_1_121' title='bbox 251 1778 378 1824; x_wconf 85' lang='grc' dir='ltr'>τος,</span> <span class='ocrx_word' id='word_1_122' title='bbox 412 1762 747 1832; x_wconf 77' lang='grc' dir='ltr'>ἀρνούμενος</span> <span class='ocrx_word' id='word_1_123' title='bbox 786 1763 881 1816; x_wconf 77' lang='grc' dir='ltr'>τὸν</span> <span class='ocrx_word' id='word_1_124' title='bbox 924 1763 1121 1817; x_wconf 75' lang='grc' dir='ltr'>ἑαυτοῦ</span> <span class='ocrx_word' id='word_1_125' title='bbox 1161 1763 1387 1834; x_wconf 82' lang='grc' dir='ltr'>Κύριον,</span> <span class='ocrx_word' id='word_1_126' title='bbox 1417 1762 1513 1815; x_wconf 74' lang='grc' dir='ltr'>καὶ</span> <span class='ocrx_word' id='word_1_127' title='bbox 1557 1760 1843 1831; x_wconf 78' lang='grc' dir='ltr'>ἀτιμάζων</span> 
     </span>
    </p>
   </div>
   <div class='ocr_carea' id='block_1_20' title="bbox 1942 578 3525 650">
    <p class='ocr_par' dir='ltr' id='par_1_20' title="bbox 1942 578 3525 650">
     <span class='ocr_line' id='line_1_20' title="bbox 1942 578 3525 650; baseline -0.001 -15"><span class='ocrx_word' id='word_1_128' title='bbox 1942 580 2180 636; x_wconf 84' lang='lat' dir='ltr'><strong>duarum</strong></span> <span class='ocrx_word' id='word_1_129' title='bbox 2204 587 2528 634; x_wconf 81' lang='lat' dir='ltr'><strong>naturarum</strong></span> <span class='ocrx_word' id='word_1_130' title='bbox 2546 578 2686 634; x_wconf 91' lang='lat' dir='ltr'><strong>duas</strong></span> <span class='ocrx_word' id='word_1_131' title='bbox 2707 583 2970 649; x_wconf 87' lang='lat' dir='ltr'><strong>perso&#39;nas</strong></span> <span class='ocrx_word' id='word_1_132' title='bbox 2998 578 3268 650; x_wconf 73' lang='lat' dir='ltr'><strong>designet,</strong></span> <span class='ocrx_word' id='word_1_133' title='bbox 3297 588 3525 633; x_wconf 86' lang='lat' dir='ltr'><strong>naturas</strong></span> 
     </span>
    </p>
   </div>
   <div class='ocr_carea' id='block_1_21' title="bbox 1943 672 3522 745">
    <p class='ocr_par' dir='ltr' id='par_1_21' title="bbox 1943 672 3522 745">
     <span class='ocr_line' id='line_1_21' title="bbox 1943 672 3522 745; baseline 0 -18"><span class='ocrx_word' id='word_1_134' title='bbox 1943 689 2047 745; x_wconf 90' lang='lat' dir='ltr'><strong>pro</strong></span> <span class='ocrx_word' id='word_1_135' title='bbox 2074 673 2326 743; x_wconf 82' lang='lat' dir='ltr'><strong>personis</strong></span> <span class='ocrx_word' id='word_1_136' title='bbox 2360 672 2677 743; x_wconf 85' lang='lat' dir='ltr'><strong>appellans;</strong></span> <span class='ocrx_word' id='word_1_137' title='bbox 2718 680 2776 729; x_wconf 92' lang='lat' dir='ltr'><strong>et</strong></span> <span class='ocrx_word' id='word_1_138' title='bbox 2799 673 3168 742; x_wconf 79' lang='lat' dir='ltr'><strong>appellatione</strong></span> <span class='ocrx_word' id='word_1_139' title='bbox 3197 682 3522 727; x_wconf 80' lang='lat' dir='ltr'><strong>naturarum</strong></span> 
     </span>
    </p>
   </div>
   <div class='ocr_carea' id='block_1_22' title="bbox 1945 761 3524 833">
    <p class='ocr_par' dir='ltr' id='par_1_22' title="bbox 1945 761 3524 833">
     <span class='ocr_line' id='line_1_22' title="bbox 1945 761 3524 833; baseline -0.001 -15"><span class='ocrx_word' id='word_1_140' title='bbox 1945 764 2218 819; x_wconf 88' lang='lat' dir='ltr'><strong>malitiose</strong></span> <span class='ocrx_word' id='word_1_141' title='bbox 2243 772 2300 818; x_wconf 90' lang='lat' dir='ltr'><strong>et</strong></span> <span class='ocrx_word' id='word_1_142' title='bbox 2320 778 2419 833; x_wconf 91' lang='lat' dir='ltr'><strong>per</strong></span> <span class='ocrx_word' id='word_1_143' title='bbox 2450 763 2638 818; x_wconf 88' lang='lat' dir='ltr'><strong>dolum</strong></span> <span class='ocrx_word' id='word_1_144' title='bbox 2667 762 2842 818; x_wconf 79' lang='lat' dir='ltr'><strong>fretus</strong></span> <span class='ocrx_word' id='word_1_145' title='bbox 2885 769 2942 817; x_wconf 91' lang='lat' dir='ltr'><strong>et</strong></span> <span class='ocrx_word' id='word_1_146' title='bbox 2962 761 3223 826; x_wconf 86' lang='lat' dir='ltr'><strong>conﬁsus,</strong></span> <span class='ocrx_word' id='word_1_147' title='bbox 3262 776 3524 831; x_wconf 84' lang='lat' dir='ltr'><strong>personas</strong></span> 
     </span>
    </p>
   </div>
   <div class='ocr_carea' id='block_1_23' title="bbox 1945 850 3527 921">
    <p class='ocr_par' dir='ltr' id='par_1_23' title="bbox 1945 850 3527 921">
     <span class='ocr_line' id='line_1_23' title="bbox 1945 850 3527 921; baseline 0 -15"><span class='ocrx_word' id='word_1_148' title='bbox 1945 860 2138 907; x_wconf 89' lang='lat' dir='ltr'><strong>contra</strong></span> <span class='ocrx_word' id='word_1_149' title='bbox 2181 851 2416 908; x_wconf 88' lang='lat' dir='ltr'><strong>vetitum</strong></span> <span class='ocrx_word' id='word_1_150' title='bbox 2455 851 2843 918; x_wconf 86' lang='lat' dir='ltr'><strong>introducens;</strong></span> <span class='ocrx_word' id='word_1_151' title='bbox 2898 859 2959 906; x_wconf 90' lang='lat' dir='ltr'><strong>ut</strong></span> <span class='ocrx_word' id='word_1_152' title='bbox 3009 850 3153 921; x_wconf 88' lang='lat' dir='ltr'><strong>apud</strong></span> <span class='ocrx_word' id='word_1_153' title='bbox 3207 866 3334 907; x_wconf 89' lang='lat' dir='ltr'><strong>eum</strong></span> <span class='ocrx_word' id='word_1_154' title='bbox 3386 850 3527 906; x_wconf 87' lang='lat' dir='ltr'><strong>alius</strong></span> 
     </span>
    </p>
   </div>
   <div class='ocr_carea' id='block_1_24' title="bbox 1943 942 3522 1009">
    <p class='ocr_par' dir='ltr' id='par_1_24' title="bbox 1943 942 3522 1009">
     <span class='ocr_line' id='line_1_24' title="bbox 1943 942 3522 1009; baseline -0.004 -9"><span class='ocrx_word' id='word_1_155' title='bbox 1943 953 2091 1000; x_wconf 89' lang='lat' dir='ltr'><strong>esset</strong></span> <span class='ocrx_word' id='word_1_156' title='bbox 2117 942 2393 1009; x_wconf 84' lang='lat' dir='ltr'><strong>Christus,</strong></span> <span class='ocrx_word' id='word_1_157' title='bbox 2432 952 2492 998; x_wconf 91' lang='lat' dir='ltr'><strong>et</strong></span> <span class='ocrx_word' id='word_1_158' title='bbox 2542 944 2684 1000; x_wconf 88' lang='lat' dir='ltr'><strong>alius</strong></span> <span class='ocrx_word' id='word_1_159' title='bbox 2741 944 2889 999; x_wconf 84' lang='lat' dir='ltr'><strong>Deus</strong></span> <span class='ocrx_word' id='word_1_160' title='bbox 2914 942 3522 1008; x_wconf 77' lang='lat' dir='ltr'><strong>Verbum,&#39;secundum</strong></span> 
     </span>
    </p>
   </div>
   <div class='ocr_carea' id='block_1_25' title="bbox 1943 1036 3524 1106">
    <p class='ocr_par' dir='ltr' id='par_1_25' title="bbox 1943 1036 3524 1106">
     <span class='ocr_line' id='line_1_25' title="bbox 1943 1036 3524 1106; baseline 0 -15"><span class='ocrx_word' id='word_1_161' title='bbox 1943 1050 2191 1091; x_wconf 86' lang='lat' dir='ltr'><strong>errorem</strong></span> <span class='ocrx_word' id='word_1_162' title='bbox 2225 1042 2445 1105; x_wconf 85' lang='lat' dir='ltr'><strong>patrum</strong></span> <span class='ocrx_word' id='word_1_163' title='bbox 2477 1050 2543 1089; x_wconf 89' lang='lat' dir='ltr'><strong>ac</strong></span> <span class='ocrx_word' id='word_1_164' title='bbox 2575 1036 2844 1106; x_wconf 83' lang='lat' dir='ltr'><strong>majorum</strong></span> <span class='ocrx_word' id='word_1_165' title='bbox 2889 1052 3116 1092; x_wconf 89' lang='lat' dir='ltr'><strong>suorum</strong></span> <span class='ocrx_word' id='word_1_166' title='bbox 3157 1055 3171 1091; x_wconf 95' lang='lat'><strong>:</strong></span> <span class='ocrx_word' id='word_1_167' title='bbox 3226 1037 3330 1091; x_wconf 83' lang='lat' dir='ltr'><strong>fuit</strong></span> <span class='ocrx_word' id='word_1_168' title='bbox 3374 1037 3524 1091; x_wconf 82' lang='lat' dir='ltr'><strong>enim</strong></span> 
     </span>
    </p>
   </div>
   <div class='ocr_carea' id='block_1_26' title="bbox 1944 1127 3520 1198">
    <p class='ocr_par' dir='ltr' id='par_1_26' title="bbox 1944 1127 3520 1198">
     <span class='ocr_line' id='line_1_26' title="bbox 1944 1127 3520 1198; baseline 0.001 -15"><span class='ocrx_word' id='word_1_169' title='bbox 1944 1128 2093 1183; x_wconf 91' lang='lat' dir='ltr'><strong>ﬁlius</strong></span> <span class='ocrx_word' id='word_1_170' title='bbox 2124 1127 2335 1191; x_wconf 86' lang='lat' dir='ltr'><strong>Cilicis,</strong></span> <span class='ocrx_word' id='word_1_171' title='bbox 2383 1136 2442 1183; x_wconf 89' lang='lat' dir='ltr'><strong>et</strong></span> <span class='ocrx_word' id='word_1_172' title='bbox 2490 1143 2559 1184; x_wconf 84' lang='lat' dir='ltr'><strong>ex</strong></span> <span class='ocrx_word' id='word_1_173' title='bbox 2590 1128 2829 1198; x_wconf 86' lang='lat' dir='ltr'><strong>posteris</strong></span> <span class='ocrx_word' id='word_1_174' title='bbox 2884 1129 3041 1184; x_wconf 85' lang='lat' dir='ltr'><strong>Pauli</strong></span> <span class='ocrx_word' id='word_1_175' title='bbox 3096 1128 3520 1185; x_wconf 85' lang='lat' dir='ltr'><strong>Samosatensis.</strong></span> 
     </span>
    </p>
   </div>
   <div class='ocr_carea' id='block_1_27' title="bbox 1944 1220 3525 1291">
    <p class='ocr_par' dir='ltr' id='par_1_27' title="bbox 1944 1220 3525 1291">
     <span class='ocr_line' id='line_1_27' title="bbox 1944 1220 3525 1291; baseline -0.001 -14"><span class='ocrx_word' id='word_1_176' title='bbox 1944 1221 2160 1277; x_wconf 86' lang='lat' dir='ltr'><strong>Idcirco</strong></span> <span class='ocrx_word' id='word_1_177' title='bbox 2201 1221 2409 1277; x_wconf 89' lang='lat' dir='ltr'><strong>bellum</strong></span> <span class='ocrx_word' id='word_1_178' title='bbox 2454 1220 2701 1290; x_wconf 86' lang='lat' dir='ltr'><strong>suscepit</strong></span> <span class='ocrx_word' id='word_1_179' title='bbox 2750 1235 2877 1275; x_wconf 91' lang='lat' dir='ltr'><strong>cum</strong></span> <span class='ocrx_word' id='word_1_180' title='bbox 2924 1221 3149 1291; x_wconf 81' lang='lat' dir='ltr'><strong>Virgine</strong></span> <span class='ocrx_word' id='word_1_181' title='bbox 3195 1222 3525 1285; x_wconf 88' lang='lat' dir='ltr'><strong>venerabili,</strong></span> 
     </span>
    </p>
   </div>
   <div class='ocr_carea' id='block_1_28' title="bbox 1947 1311 3527 1381">
    <p class='ocr_par' dir='ltr' id='par_1_28' title="bbox 1947 1311 3527 1381">
     <span class='ocr_line' id='line_1_28' title="bbox 1947 1311 3527 1381; baseline 0.001 -14"><span class='ocrx_word' id='word_1_182' title='bbox 1947 1313 2155 1367; x_wconf 89' lang='lat' dir='ltr'><strong>nullam</strong></span> <span class='ocrx_word' id='word_1_183' title='bbox 2181 1311 2552 1367; x_wconf 83' lang='lat' dir='ltr'><strong>reverentiam</strong></span> <span class='ocrx_word' id='word_1_184' title='bbox 2589 1311 2861 1367; x_wconf 89' lang='lat' dir='ltr'><strong>adhibens</strong></span> <span class='ocrx_word' id='word_1_185' title='bbox 2888 1312 3049 1367; x_wconf 88' lang='lat' dir='ltr'><strong>matri</strong></span> <span class='ocrx_word' id='word_1_186' title='bbox 3084 1312 3179 1367; x_wconf 90' lang='lat' dir='ltr'><strong>Dei</strong></span> <span class='ocrx_word' id='word_1_187' title='bbox 3204 1320 3259 1367; x_wconf 92' lang='lat' dir='ltr'><strong>et</strong></span> <span class='ocrx_word' id='word_1_188' title='bbox 3292 1312 3527 1381; x_wconf 79' lang='lat' dir='ltr'><strong>purissi-</strong></span> 
     </span>
    </p>
   </div>
   <div class='ocr_carea' id='block_1_29' title="bbox 1947 1402 3528 1473">
    <p class='ocr_par' dir='ltr' id='par_1_29' title="bbox 1947 1402 3528 1473">
     <span class='ocr_line' id='line_1_29' title="bbox 1947 1402 3528 1473; baseline 0.001 -15"><span class='ocrx_word' id='word_1_189' title='bbox 1947 1419 2050 1459; x_wconf 60' lang='lat' dir='ltr'><strong>ma:</strong></span> <span class='ocrx_word' id='word_1_190' title='bbox 2087 1403 2268 1459; x_wconf 67' lang='lat' dir='ltr'><strong>Mariae</strong></span> <span class='ocrx_word' id='word_1_191' title='bbox 2300 1446 2316 1471; x_wconf 91' lang='lat'><strong>,</strong></span> <span class='ocrx_word' id='word_1_192' title='bbox 2365 1411 2558 1473; x_wconf 86' lang='lat' dir='ltr'><strong>utpote</strong></span> <span class='ocrx_word' id='word_1_193' title='bbox 2596 1402 2755 1458; x_wconf 85' lang='lat' dir='ltr'><strong>Matri</strong></span> <span class='ocrx_word' id='word_1_194' title='bbox 2804 1404 3043 1470; x_wconf 82' lang='lat' dir='ltr'><strong>Domini,</strong></span> <span class='ocrx_word' id='word_1_195' title='bbox 3089 1404 3187 1460; x_wconf 88' lang='lat' dir='ltr'><strong>sed</strong></span> <span class='ocrx_word' id='word_1_196' title='bbox 3230 1404 3418 1473; x_wconf 88' lang='lat' dir='ltr'><strong>potius</strong></span> <span class='ocrx_word' id='word_1_197' title='bbox 3466 1413 3528 1460; x_wconf 90' lang='lat' dir='ltr'><strong>ut</strong></span> 
     </span>
    </p>
   </div>
   <div class='ocr_carea' id='block_1_30' title="bbox 1947 1492 3527 1564">
    <p class='ocr_par' dir='ltr' id='par_1_30' title="bbox 1947 1492 3527 1564">
     <span class='ocr_line' id='line_1_30' title="bbox 1947 1492 3527 1564; baseline -0.002 -15"><span class='ocrx_word' id='word_1_198' title='bbox 1947 1509 2144 1550; x_wconf 88' lang='lat' dir='ltr'><strong>servus</strong></span> <span class='ocrx_word' id='word_1_199' title='bbox 2197 1492 2472 1563; x_wconf 85' lang='lat' dir='ltr'><strong>superbus</strong></span> <span class='ocrx_word' id='word_1_200' title='bbox 2512 1500 2569 1548; x_wconf 92' lang='lat' dir='ltr'><strong>et</strong></span> <span class='ocrx_word' id='word_1_201' title='bbox 2619 1493 2932 1564; x_wconf 81' lang='lat' dir='ltr'><strong>impudens,</strong></span> <span class='ocrx_word' id='word_1_202' title='bbox 2980 1509 3189 1564; x_wconf 89' lang='lat' dir='ltr'><strong>negans</strong></span> <span class='ocrx_word' id='word_1_203' title='bbox 3231 1492 3527 1548; x_wconf 88' lang='lat' dir='ltr'><strong>Dominum</strong></span> 
     </span>
    </p>
   </div>
   <div class='ocr_carea' id='block_1_31' title="bbox 1948 1579 3529 1652">
    <p class='ocr_par' dir='ltr' id='par_1_31' title="bbox 1948 1579 3529 1652">
     <span class='ocr_line' id='line_1_31' title="bbox 1948 1579 3529 1652; baseline -0.004 -13"><span class='ocrx_word' id='word_1_204' title='bbox 1948 1599 2133 1649; x_wconf 87' lang='lat' dir='ltr'><strong>suum,</strong></span> <span class='ocrx_word' id='word_1_205' title='bbox 2156 1590 2213 1638; x_wconf 86' lang='lat' dir='ltr'><strong>et</strong></span> <span class='ocrx_word' id='word_1_206' title='bbox 2235 1582 2526 1638; x_wconf 86' lang='lat' dir='ltr'><strong>Dominam</strong></span> <span class='ocrx_word' id='word_1_207' title='bbox 2574 1597 2729 1638; x_wconf 88' lang='lat' dir='ltr'><strong>suam</strong></span> <span class='ocrx_word' id='word_1_208' title='bbox 2765 1583 3114 1652; x_wconf 84' lang='lat' dir='ltr'><strong>vituperans,</strong></span> <span class='ocrx_word' id='word_1_209' title='bbox 3160 1595 3273 1634; x_wconf 91' lang='lat' dir='ltr'><strong>non</strong></span> <span class='ocrx_word' id='word_1_210' title='bbox 3308 1586 3419 1635; x_wconf 90' lang='lat' dir='ltr'><strong>tam</strong></span> <span class='ocrx_word' id='word_1_211' title='bbox 3445 1579 3529 1633; x_wconf 79' lang='lat' dir='ltr'><strong>in-</strong></span> 
     </span>
    </p>
   </div>
   <div class='ocr_carea' id='block_1_32' title="bbox 1947 1670 3529 1744">
    <p class='ocr_par' dir='ltr' id='par_1_32' title="bbox 1947 1670 3529 1744">
     <span class='ocr_line' id='line_1_32' title="bbox 1947 1670 3529 1744; baseline -0.003 -16"><span class='ocrx_word' id='word_1_212' title='bbox 1947 1674 2142 1729; x_wconf 84' lang='lat' dir='ltr'><strong>videns</strong></span> <span class='ocrx_word' id='word_1_213' title='bbox 2167 1674 2217 1729; x_wconf 89' lang='lat' dir='ltr'><strong>ei</strong></span> <span class='ocrx_word' id='word_1_214' title='bbox 2252 1673 2678 1744; x_wconf 87' lang='lat' dir='ltr'><strong>appellationem</strong></span> <span class='ocrx_word' id='word_1_215' title='bbox 2713 1672 2906 1727; x_wconf 87' lang='lat' dir='ltr'><strong>matris</strong></span> <span class='ocrx_word' id='word_1_216' title='bbox 2930 1672 3049 1736; x_wconf 92' lang='lat' dir='ltr'><strong>Dei,</strong></span> <span class='ocrx_word' id='word_1_217' title='bbox 3084 1686 3249 1741; x_wconf 87' lang='lat' dir='ltr'><strong>quam</strong></span> <span class='ocrx_word' id='word_1_218' title='bbox 3275 1670 3529 1724; x_wconf 87' lang='lat' dir='ltr'><strong>invidens</strong></span> 
     </span>
    </p>
   </div>
   <div class='ocr_carea' id='block_1_33' title="bbox 1947 1759 3529 1833">
    <p class='ocr_par' dir='ltr' id='par_1_33' title="bbox 1947 1759 3529 1833">
     <span class='ocr_line' id='line_1_33' title="bbox 1947 1759 3529 1833; baseline -0.003 -15"><span class='ocrx_word' id='word_1_219' title='bbox 1947 1764 2045 1818; x_wconf 90' lang='lat' dir='ltr'><strong>Dei</strong></span> <span class='ocrx_word' id='word_1_220' title='bbox 2078 1763 2499 1833; x_wconf 83' lang='lat' dir='ltr'><strong>appellationem</strong></span> <span class='ocrx_word' id='word_1_221' title='bbox 2526 1778 2592 1817; x_wconf 76' lang='lat' dir='ltr'><strong>ex</strong></span> <span class='ocrx_word' id='word_1_222' title='bbox 2626 1763 2742 1832; x_wconf 91' lang='lat' dir='ltr'><strong>ipsa</strong></span> <span class='ocrx_word' id='word_1_223' title='bbox 2773 1761 2995 1833; x_wconf 80' lang='lat' dir='ltr'><strong>Virgine</strong></span> <span class='ocrx_word' id='word_1_224' title='bbox 3027 1769 3203 1815; x_wconf 91' lang='lat' dir='ltr'><strong>matre</strong></span> <span class='ocrx_word' id='word_1_225' title='bbox 3240 1770 3391 1814; x_wconf 88' lang='lat' dir='ltr'><strong>nato.</strong></span> <span class='ocrx_word' id='word_1_226' title='bbox 3429 1759 3529 1814; x_wconf 87' lang='lat' dir='ltr'><strong>Hic</strong></span> 
     </span>
    </p>
   </div>
   <div class='ocr_carea' id='block_1_34' title="bbox 252 1849 1851 1926">
    <p class='ocr_par' dir='ltr' id='par_1_34' title="bbox 252 1852 1842 1924">
     <span class='ocr_line' id='line_1_34' title="bbox 252 1852 1842 1924; baseline 0.002 -22"><span class='ocrx_word' id='word_1_227' title='bbox 252 1852 364 1919; x_wconf 79' lang='grc' dir='ltr'>τὴν</span> <span class='ocrx_word' id='word_1_228' title='bbox 394 1852 690 1905; x_wconf 76' lang='grc' dir='ltr'>Δέσποιναν</span> <span class='ocrx_word' id='word_1_229' title='bbox 718 1854 933 1913; x_wconf 79' lang='grc' dir='ltr'>ἑαυτοῦ,</span> <span class='ocrx_word' id='word_1_230' title='bbox 969 1853 1278 1924; x_wconf 76' lang='grc' dir='ltr'>βασκαίνων</span> <span class='ocrx_word' id='word_1_231' title='bbox 1306 1854 1366 1906; x_wconf 75' lang='grc' dir='ltr'>οὐ</span> <span class='ocrx_word' id='word_1_232' title='bbox 1399 1852 1657 1906; x_wconf 86' lang='grc' dir='ltr'>τοσοῦτον</span> <span class='ocrx_word' id='word_1_233' title='bbox 1705 1852 1842 1921; x_wconf 76' lang='grc' dir='ltr'>αὐτῇ</span> 
     </span>
    </p>
   </div>
   <div class='ocr_carea' id='block_1_35' title="bbox 1955 1849 3530 1926">
    <p class='ocr_par' dir='ltr' id='par_1_35' title="bbox 1955 1849 3530 1926">
     <span class='ocr_line' id='line_1_35' title="bbox 1955 1849 3530 1926; baseline -0.002 -18"><span class='ocrx_word' id='word_1_234' title='bbox 1955 1855 2115 1926; x_wconf 79' lang='lat' dir='ltr'><strong>igitur</strong></span> <span class='ocrx_word' id='word_1_235' title='bbox 2160 1853 2449 1909; x_wconf 87' lang='lat' dir='ltr'><strong>Nestorius</strong></span> <span class='ocrx_word' id='word_1_236' title='bbox 2483 1853 2679 1909; x_wconf 89' lang='lat' dir='ltr'><strong>tertius</strong></span> <span class='ocrx_word' id='word_1_237' title='bbox 2706 1854 2872 1923; x_wconf 85' lang='lat' dir='ltr'><strong>hujus</strong></span> <span class='ocrx_word' id='word_1_238' title='bbox 2903 1853 3129 1908; x_wconf 78' lang='lat' dir='ltr'><strong>haeresis</strong></span> <span class='ocrx_word' id='word_1_239' title='bbox 3160 1851 3401 1908; x_wconf 72' lang='lat' dir='ltr'><strong>Judaica:</strong></span> <span class='ocrx_word' id='word_1_240' title='bbox 3433 1849 3530 1905; x_wconf 85' lang='lat' dir='ltr'><strong>de-</strong></span> 
     </span>
    </p>
   </div>
   <div class='ocr_carea' id='block_1_36' title="bbox 255 1941 1846 2016">
    <p class='ocr_par' dir='ltr' id='par_1_36' title="bbox 255 1941 1846 2016">
     <span class='ocr_line' id='line_1_36' title="bbox 255 1941 1846 2016; baseline -0.001 -20"><span class='ocrx_word' id='word_1_241' title='bbox 255 1944 387 2011; x_wconf 85' lang='grc' dir='ltr'>τῆς,</span> <span class='ocrx_word' id='word_1_242' title='bbox 412 1944 694 2010; x_wconf 86' lang='grc' dir='ltr'>Θεοτόκος,</span> <span class='ocrx_word' id='word_1_243' title='bbox 732 1946 1103 2016; x_wconf 70' lang='grc' dir='ltr'>προσηγορίας</span> <span class='ocrx_word' id='word_1_244' title='bbox 1128 1985 1142 2008; x_wconf 92' lang='grc'><strong>,</strong></span> <span class='ocrx_word' id='word_1_245' title='bbox 1171 1945 1297 1997; x_wconf 84' lang='grc' dir='ltr'>ὅσον</span> <span class='ocrx_word' id='word_1_246' title='bbox 1337 1945 1459 2014; x_wconf 78' lang='grc' dir='ltr'>τῆς,</span> <span class='ocrx_word' id='word_1_247' title='bbox 1488 1943 1642 2007; x_wconf 85' lang='grc' dir='ltr'>Θεὸς,</span> <span class='ocrx_word' id='word_1_248' title='bbox 1673 1941 1754 2013; x_wconf 81' lang='grc' dir='ltr'>τῷ</span> <span class='ocrx_word' id='word_1_249' title='bbox 1787 1943 1846 2007; x_wconf 82' lang='grc' dir='ltr'><strong>ἐξ</strong></span> 
     </span>
    </p>
   </div>
   <div class='ocr_carea' id='block_1_37' title="bbox 1951 1943 3187 2014">
    <p class='ocr_par' dir='ltr' id='par_1_37' title="bbox 1951 1943 3187 2014">
     <span class='ocr_line' id='line_1_37' title="bbox 1951 1943 3187 2014; baseline 0.002 -17"><span class='ocrx_word' id='word_1_250' title='bbox 1951 1943 2143 1999; x_wconf 82' lang='lat' dir='ltr'><strong>fensor</strong></span> <span class='ocrx_word' id='word_1_251' title='bbox 2168 1951 2225 1999; x_wconf 89' lang='lat' dir='ltr'><strong>et</strong></span> <span class='ocrx_word' id='word_1_252' title='bbox 2251 1952 2536 2014; x_wconf 88' lang='lat' dir='ltr'><strong>patronus,</strong></span> <span class='ocrx_word' id='word_1_253' title='bbox 2574 1959 2696 1999; x_wconf 89' lang='lat' dir='ltr'><strong>eam</strong></span> <span class='ocrx_word' id='word_1_254' title='bbox 2726 1943 2831 1999; x_wconf 91' lang='lat' dir='ltr'><strong>sibi</strong></span> <span class='ocrx_word' id='word_1_255' title='bbox 2864 1943 3187 1999; x_wconf 79' lang='lat' dir='ltr'><strong>vindicavit.</strong></span> 
     </span>
    </p>
   </div>
   <div class='ocr_carea' id='block_1_38' title="bbox 256 2031 3571 2111">
    <p class='ocr_par' dir='ltr' id='par_1_38' title="bbox 256 2031 3571 2111">
     <span class='ocr_line' id='line_1_38' title="bbox 256 2031 3571 2111; baseline -0.001 -22"><span class='ocrx_word' id='word_1_256' title='bbox 256 2036 439 2107; x_wconf 81' lang='grc' dir='ltr'>αὐτῆς</span> <span class='ocrx_word' id='word_1_257' title='bbox 458 2036 790 2107; x_wconf 78' lang='grc' dir='ltr'>γεννηθέντι.</span> <span class='ocrx_word' id='word_1_258' title='bbox 832 2032 1000 2101; x_wconf 75' lang='grc' dir='ltr'>Οὗτος</span> <span class='ocrx_word' id='word_1_259' title='bbox 1032 2038 1130 2108; x_wconf 85' lang='grc' dir='ltr'>μὲν</span> <span class='ocrx_word' id='word_1_260' title='bbox 1160 2034 1253 2091; x_wconf 74' lang='grc' dir='ltr'>οὖν</span> <span class='ocrx_word' id='word_1_261' title='bbox 1281 2038 1311 2091; x_wconf 82' lang='grc' dir='ltr'><strong>δ</strong></span> <span class='ocrx_word' id='word_1_262' title='bbox 1342 2037 1638 2111; x_wconf 84' lang='grc' dir='ltr'>Νεστόριος</span> <span class='ocrx_word' id='word_1_263' title='bbox 1692 2035 1875 2107; x_wconf 78' lang='grc' dir='ltr'>τρίτος</span> <span class='ocrx_word' id='word_1_264' title='bbox 1913 2037 2228 2108; x_wconf 71' lang='grc' dir='ltr'>προστάτης</span> <span class='ocrx_word' id='word_1_265' title='bbox 2285 2036 2386 2107; x_wconf 83' lang='grc' dir='ltr'><strong>τῆς</strong></span> <span class='ocrx_word' id='word_1_266' title='bbox 2411 2036 2712 2107; x_wconf 80' lang='grc' dir='ltr'>Ἰουδαϊκῆς</span> <span class='ocrx_word' id='word_1_267' title='bbox 2729 2035 2933 2109; x_wconf 81' lang='grc' dir='ltr'>ταύτης</span> <span class='ocrx_word' id='word_1_268' title='bbox 2954 2034 3223 2108; x_wconf 80' lang='grc' dir='ltr'>αἱρέσεως</span> <span class='ocrx_word' id='word_1_269' title='bbox 3251 2031 3496 2106; x_wconf 85' lang='grc' dir='ltr'>γεγονὼς</span> <span class='ocrx_word' id='word_1_270' title='bbox 3566 2064 3571 2068; x_wconf 96' lang='grc'><strong>-</strong></span> 
     </span>
    </p>
   </div>
   <div class='ocr_carea' id='block_1_39' title="bbox 257 2129 1171 2201">
    <p class='ocr_par' dir='ltr' id='par_1_39' title="bbox 257 2129 1171 2201">
     <span class='ocr_line' id='line_1_39' title="bbox 257 2129 1171 2201; baseline 0.002 -16"><span class='ocrx_word' id='word_1_271' title='bbox 257 2134 346 2194; x_wconf 85' lang='grc' dir='ltr'><strong>εἰς</strong></span> <span class='ocrx_word' id='word_1_272' title='bbox 374 2129 564 2183; x_wconf 78' lang='grc' dir='ltr'>ἑαυτὸν</span> <span class='ocrx_word' id='word_1_273' title='bbox 591 2130 765 2201; x_wconf 77' lang='grc' dir='ltr'>αὐτὴν</span> <span class='ocrx_word' id='word_1_274' title='bbox 790 2132 1171 2201; x_wconf 85' lang='grc' dir='ltr'>περιέστησεν.</span> 
     </span>
    </p>
   </div>
   <div class='ocr_carea' id='block_1_40' title="bbox 781 2244 1322 2316">
    <p class='ocr_par' dir='ltr' id='par_1_40' title="bbox 781 2244 1322 2316">
     <span class='ocr_line' id='line_1_40' title="bbox 781 2244 1322 2316; baseline 0.006 -17"><span class='ocrx_word' id='word_1_275' title='bbox 781 2244 937 2309; x_wconf 80' lang='grc' dir='ltr'>Δόξα</span> <span class='ocrx_word' id='word_1_276' title='bbox 991 2246 1322 2316; x_wconf 80' lang='grc' dir='ltr'>Εὐτυχοῦς.</span> 
     </span>
    </p>
   </div>
   <div class='ocr_carea' id='block_1_41' title="bbox 337 2360 1929 2443">
    <p class='ocr_par' dir='ltr' id='par_1_41' title="bbox 337 2360 1929 2443">
     <span class='ocr_line' id='line_1_41' title="bbox 337 2360 1929 2443; baseline 0.003 -30"><span class='ocrx_word' id='word_1_277' title='bbox 337 2362 450 2432; x_wconf 79' lang='grc' dir='ltr'><strong>Τῆς</strong></span> <span class='ocrx_word' id='word_1_278' title='bbox 500 2361 557 2414; x_wconf 83' lang='grc' dir='ltr'>δὲ</span> <span class='ocrx_word' id='word_1_279' title='bbox 608 2360 886 2415; x_wconf 78' lang='grc' dir='ltr'>ἀντιθέτου</span> <span class='ocrx_word' id='word_1_280' title='bbox 936 2364 1149 2435; x_wconf 81' lang='grc' dir='ltr'>μοίρας,</span> <span class='ocrx_word' id='word_1_281' title='bbox 1181 2366 1281 2434; x_wconf 83' lang='grc' dir='ltr'>τῆς</span> <span class='ocrx_word' id='word_1_282' title='bbox 1317 2362 1463 2417; x_wconf 87' lang='grc' dir='ltr'><strong>κατά</strong></span> <span class='ocrx_word' id='word_1_283' title='bbox 1514 2363 1709 2434; x_wconf 71' lang='grc' dir='ltr'>Μάνην</span> <span class='ocrx_word' id='word_1_284' title='bbox 1748 2362 1845 2418; x_wconf 73' lang='grc' dir='ltr'>καὶ</span> <span class='ocrx_word' id='word_1_285' title='bbox 1921 2434 1929 2443; x_wconf 38' lang='grc'><em>,</em></span> 
     </span>
    </p>
   </div>
   <div class='ocr_carea' id='block_1_42' title="bbox 276 2454 1846 2528">
    <p class='ocr_par' dir='ltr' id='par_1_42' title="bbox 276 2454 1846 2528">
     <span class='ocr_line' id='line_1_42' title="bbox 276 2454 1846 2528; baseline 0.002 -20"><span class='ocrx_word' id='word_1_286' title='bbox 276 2454 679 2525; x_wconf 77' lang='grc' dir='ltr'>Ἀπολινάριον,</span> <span class='ocrx_word' id='word_1_287' title='bbox 710 2454 893 2522; x_wconf 86' lang='grc' dir='ltr'>τρίτος</span> <span class='ocrx_word' id='word_1_288' title='bbox 948 2456 1105 2509; x_wconf 78' lang='grc' dir='ltr'>πάλιν</span> <span class='ocrx_word' id='word_1_289' title='bbox 1133 2456 1502 2528; x_wconf 80' lang='grc' dir='ltr'>προασπιστὴς</span> <span class='ocrx_word' id='word_1_290' title='bbox 1530 2460 1559 2511; x_wconf 91' lang='grc' dir='ltr'><strong>ό</strong></span> <span class='ocrx_word' id='word_1_291' title='bbox 1599 2455 1846 2528; x_wconf 77' lang='grc' dir='ltr'>Εὐτυχής</span> 
     </span>
    </p>
   </div>
   <div class='ocr_carea' id='block_1_43' title="bbox 234 2541 1845 2619">
    <p class='ocr_par' dir='ltr' id='par_1_43' title="bbox 234 2541 1845 2619">
     <span class='ocr_line' id='line_1_43' title="bbox 234 2541 1845 2619; baseline 0.001 -20"><span class='ocrx_word' id='word_1_292' title='bbox 234 2544 649 2615; x_wconf 76' lang='grc' dir='ltr'>-ἀναφαίνεται,</span> <span class='ocrx_word' id='word_1_293' title='bbox 680 2544 737 2609; x_wconf 84' lang='grc' dir='ltr'><strong>δς</strong></span> <span class='ocrx_word' id='word_1_294' title='bbox 765 2541 834 2617; x_wconf 80' lang='grc' dir='ltr'>ἦν</span> <span class='ocrx_word' id='word_1_295' title='bbox 858 2545 1165 2617; x_wconf 80' lang='grc' dir='ltr'>ἡγούμενος</span> <span class='ocrx_word' id='word_1_296' title='bbox 1194 2547 1555 2619; x_wconf 81' lang='grc' dir='ltr'>μοναστηρίου</span> <span class='ocrx_word' id='word_1_297' title='bbox 1590 2549 1713 2612; x_wconf 78' lang='grc' dir='ltr'>ἑνὸς</span> <span class='ocrx_word' id='word_1_298' title='bbox 1735 2548 1845 2601; x_wconf 86' lang='grc' dir='ltr'>τῶν</span> 
     </span>
    </p>
   </div>
   <div class='ocr_carea' id='block_1_44' title="bbox 269 2629 1845 2708">
    <p class='ocr_par' dir='ltr' id='par_1_44' title="bbox 269 2629 1845 2708">
     <span class='ocr_line' id='line_1_44' title="bbox 269 2629 1845 2708; baseline 0.003 -22"><span class='ocrx_word' id='word_1_299' title='bbox 269 2634 405 2703; x_wconf 57' lang='grc' dir='ltr'><strong>’περὶ⁵</strong></span> <span class='ocrx_word' id='word_1_300' title='bbox 436 2635 497 2687; x_wconf 83' lang='grc' dir='ltr'><strong>τδ</strong></span> <span class='ocrx_word' id='word_1_301' title='bbox 525 2632 840 2697; x_wconf 72' lang='grc' dir='ltr'>Βυζάντιον.</span> <span class='ocrx_word' id='word_1_302' title='bbox 871 2629 1037 2698; x_wconf 70' lang='grc' dir='ltr'>Οὗτος</span> <span class='ocrx_word' id='word_1_303' title='bbox 1061 2636 1169 2706; x_wconf 83' lang='grc' dir='ltr'><strong>γὰρ</strong></span> <span class='ocrx_word' id='word_1_304' title='bbox 1194 2636 1270 2707; x_wconf 82' lang='grc' dir='ltr'>μὴ</span> <span class='ocrx_word' id='word_1_305' title='bbox 1295 2636 1623 2708; x_wconf 77' lang='grc' dir='ltr'>ἀνεχόμενος</span> <span class='ocrx_word' id='word_1_306' title='bbox 1650 2636 1845 2708; x_wconf 69' lang='grc' dir='ltr'>όμοού-</span> 
     </span>
    </p>
   </div>
   <div class='ocr_carea' id='block_1_45' title="bbox 272 2727 1845 2801">
    <p class='ocr_par' dir='ltr' id='par_1_45' title="bbox 272 2727 1845 2801">
     <span class='ocr_line' id='line_1_45' title="bbox 272 2727 1845 2801; baseline 0.003 -21"><span class='ocrx_word' id='word_1_307' title='bbox 272 2745 388 2781; x_wconf 89' lang='grc' dir='ltr'>σιον</span> <span class='ocrx_word' id='word_1_308' title='bbox 416 2728 548 2798; x_wconf 76' lang='grc' dir='ltr'>ἡμῖν</span> <span class='ocrx_word' id='word_1_309' title='bbox 575 2727 671 2781; x_wconf 77' lang='grc' dir='ltr'>καὶ</span> <span class='ocrx_word' id='word_1_310' title='bbox 699 2729 914 2799; x_wconf 80' lang='grc' dir='ltr'>όμοφυῆ</span> <span class='ocrx_word' id='word_1_311' title='bbox 949 2729 1047 2798; x_wconf 89' lang='grc' dir='ltr'>τὴν</span> <span class='ocrx_word' id='word_1_312' title='bbox 1081 2730 1256 2799; x_wconf 76' lang='grc' dir='ltr'>σάρκα</span> <span class='ocrx_word' id='word_1_313' title='bbox 1282 2728 1379 2782; x_wconf 86' lang='grc' dir='ltr'><strong>τοῦ</strong></span> <span class='ocrx_word' id='word_1_314' title='bbox 1412 2729 1615 2801; x_wconf 80' lang='grc' dir='ltr'>Κυρίου</span> <span class='ocrx_word' id='word_1_315' title='bbox 1645 2730 1845 2799; x_wconf 82' lang='grc' dir='ltr'>ὁμολο-</span> 
     </span>
    </p>
   </div>
   <div class='ocr_carea' id='block_1_46' title="bbox 268 2816 1846 2889">
    <p class='ocr_par' dir='ltr' id='par_1_46' title="bbox 268 2816 1846 2889">
     <span class='ocr_line' id='line_1_46' title="bbox 268 2816 1846 2889; baseline 0.001 -17"><span class='ocrx_word' id='word_1_316' title='bbox 268 2820 412 2887; x_wconf 75' lang='grc' dir='ltr'>γεῖν,</span> <span class='ocrx_word' id='word_1_317' title='bbox 443 2818 544 2881; x_wconf 66' lang='grc' dir='ltr'><strong>τὰς</strong></span> <span class='ocrx_word' id='word_1_318' title='bbox 586 2816 683 2872; x_wconf 89' lang='grc' dir='ltr'><strong>δύο</strong></span> <span class='ocrx_word' id='word_1_319' title='bbox 722 2817 915 2887; x_wconf 83' lang='grc' dir='ltr'>φύσεις</span> <span class='ocrx_word' id='word_1_320' title='bbox 954 2819 1250 2889; x_wconf 82' lang='grc' dir='ltr'>ἀπηρνεῖτο</span> <span class='ocrx_word' id='word_1_321' title='bbox 1281 2816 1551 2880; x_wconf 76' lang='grc' dir='ltr'>σώζεσθαι</span> <span class='ocrx_word' id='word_1_322' title='bbox 1582 2819 1762 2887; x_wconf 85' lang='grc' dir='ltr'>λέγειν</span> <span class='ocrx_word' id='word_1_323' title='bbox 1787 2820 1846 2873; x_wconf 82' lang='grc' dir='ltr'>ὲν</span> 
     </span>
    </p>
   </div>
   <div class='ocr_carea' id='block_1_47' title="bbox 270 2906 1851 2979">
    <p class='ocr_par' dir='ltr' id='par_1_47' title="bbox 270 2906 1851 2979">
     <span class='ocr_line' id='line_1_47' title="bbox 270 2906 1851 2979; baseline 0 -18"><span class='ocrx_word' id='word_1_324' title='bbox 270 2907 351 2978; x_wconf 80' lang='grc' dir='ltr'>τῷ</span> <span class='ocrx_word' id='word_1_325' title='bbox 374 2906 595 2978; x_wconf 78' lang='grc' dir='ltr'>Χριστῷ</span> <span class='ocrx_word' id='word_1_326' title='bbox 627 2906 767 2977; x_wconf 81' lang='grc' dir='ltr'><strong>μετά</strong></span> <span class='ocrx_word' id='word_1_327' title='bbox 795 2907 894 2976; x_wconf 83' lang='grc' dir='ltr'>τῆς</span> <span class='ocrx_word' id='word_1_328' title='bbox 922 2906 1129 2960; x_wconf 88' lang='grc' dir='ltr'>τούτων</span> <span class='ocrx_word' id='word_1_329' title='bbox 1176 2906 1424 2971; x_wconf 82' lang='grc' dir='ltr'>ένώσεώς</span> <span class='ocrx_word' id='word_1_330' title='bbox 1468 2925 1529 2961; x_wconf 85' lang='grc' dir='ltr'><strong>τε</strong></span> <span class='ocrx_word' id='word_1_331' title='bbox 1572 2910 1667 2961; x_wconf 78' lang='grc' dir='ltr'>καὶ</span> <span class='ocrx_word' id='word_1_332' title='bbox 1712 2925 1851 2979; x_wconf 87' lang='grc' dir='ltr'>συμ-</span> 
     </span>
    </p>
   </div>
   <div class='ocr_carea' id='block_1_48' title="bbox 270 2996 1851 3068">
    <p class='ocr_par' dir='ltr' id='par_1_48' title="bbox 270 2996 1851 3068">
     <span class='ocr_line' id='line_1_48' title="bbox 270 2996 1851 3068; baseline 0.001 -17"><span class='ocrx_word' id='word_1_333' title='bbox 270 2999 474 3066; x_wconf 70' lang='grc' dir='ltr'>φυΐας*</span> <span class='ocrx_word' id='word_1_334' title='bbox 509 2998 570 3051; x_wconf 79' lang='grc' dir='ltr'><strong>ού</strong></span> <span class='ocrx_word' id='word_1_335' title='bbox 632 2999 793 3066; x_wconf 89' lang='grc' dir='ltr'>μόνον</span> <span class='ocrx_word' id='word_1_336' title='bbox 842 2997 921 3062; x_wconf 80' lang='grc' dir='ltr'>δὲ,</span> <span class='ocrx_word' id='word_1_337' title='bbox 949 2996 1084 3051; x_wconf 71' lang='grc' dir='ltr'>ἀλλὰ</span> <span class='ocrx_word' id='word_1_338' title='bbox 1116 2997 1211 3049; x_wconf 78' lang='grc' dir='ltr'>καὶ</span> <span class='ocrx_word' id='word_1_339' title='bbox 1263 2996 1543 3068; x_wconf 84' lang='grc' dir='ltr'>τερατώδη</span> <span class='ocrx_word' id='word_1_340' title='bbox 1587 2998 1711 3052; x_wconf 78' lang='grc' dir='ltr'>τινὰ</span> <span class='ocrx_word' id='word_1_341' title='bbox 1755 3000 1851 3052; x_wconf 71' lang='grc' dir='ltr'>καὶ</span> 
     </span>
    </p>
   </div>
   <div class='ocr_carea' id='block_1_49' title="bbox 264 3087 1847 3159">
    <p class='ocr_par' dir='ltr' id='par_1_49' title="bbox 264 3087 1847 3159">
     <span class='ocr_line' id='line_1_49' title="bbox 264 3087 1847 3159; baseline -0.001 -16"><span class='ocrx_word' id='word_1_342' title='bbox 264 3088 533 3144; x_wconf 81' lang='grc' dir='ltr'>ἀλλόκοτα</span> <span class='ocrx_word' id='word_1_343' title='bbox 558 3088 841 3155; x_wconf 79' lang='grc' dir='ltr'>ἔπλαττεν,</span> <span class='ocrx_word' id='word_1_344' title='bbox 863 3088 922 3153; x_wconf 76' lang='grc' dir='ltr'><strong>ἐξ</strong></span> <span class='ocrx_word' id='word_1_345' title='bbox 947 3087 1179 3158; x_wconf 85' lang='grc' dir='ltr'>οὐρανοῦ</span> <span class='ocrx_word' id='word_1_346' title='bbox 1200 3087 1373 3155; x_wconf 87' lang='grc' dir='ltr'>λέγων</span> <span class='ocrx_word' id='word_1_347' title='bbox 1396 3088 1723 3159; x_wconf 86' lang='grc' dir='ltr'>κατηνέχθαι</span> <span class='ocrx_word' id='word_1_348' title='bbox 1751 3087 1847 3141; x_wconf 86' lang='grc' dir='ltr'><strong>τοῦ</strong></span> 
     </span>
    </p>
   </div>
   <div class='ocr_carea' id='block_1_50' title="bbox 263 3177 1845 3251">
    <p class='ocr_par' dir='ltr' id='par_1_50' title="bbox 263 3177 1845 3251">
     <span class='ocr_line' id='line_1_50' title="bbox 263 3177 1845 3251; baseline -0.001 -18"><span class='ocrx_word' id='word_1_349' title='bbox 263 3178 480 3250; x_wconf 79' lang='grc' dir='ltr'>Κυρίου</span> <span class='ocrx_word' id='word_1_350' title='bbox 512 3180 573 3232; x_wconf 82' lang='grc' dir='ltr'>τὸ</span> <span class='ocrx_word' id='word_1_351' title='bbox 604 3178 787 3248; x_wconf 84' lang='grc' dir='ltr'>σῶμα.</span> <span class='ocrx_word' id='word_1_352' title='bbox 816 3180 913 3232; x_wconf 75' lang='grc' dir='ltr'>καὶ</span> <span class='ocrx_word' id='word_1_353' title='bbox 944 3178 1017 3242; x_wconf 86' lang='grc' dir='ltr'>ὡς</span> <span class='ocrx_word' id='word_1_354' title='bbox 1043 3177 1133 3231; x_wconf 78' lang='grc' dir='ltr'><strong>διὰ</strong></span> <span class='ocrx_word' id='word_1_355' title='bbox 1168 3178 1406 3248; x_wconf 82' lang='grc' dir='ltr'>σωλῆνος</span> <span class='ocrx_word' id='word_1_356' title='bbox 1432 3179 1531 3249; x_wconf 82' lang='grc' dir='ltr'>τῆς</span> <span class='ocrx_word' id='word_1_357' title='bbox 1568 3179 1845 3251; x_wconf 76' lang='grc' dir='ltr'>Παρθένου</span> 
     </span>
    </p>
   </div>
   <div class='ocr_carea' id='block_1_51' title="bbox 262 3270 1851 3343">
    <p class='ocr_par' dir='ltr' id='par_1_51' title="bbox 262 3270 1851 3343">
     <span class='ocr_line' id='line_1_51' title="bbox 262 3270 1851 3343; baseline 0 -17"><span class='ocrx_word' id='word_1_358' title='bbox 262 3272 655 3343; x_wconf 81' lang='grc' dir='ltr'>παραδραμεῖν</span> <span class='ocrx_word' id='word_1_359' title='bbox 683 3271 774 3324; x_wconf 75' lang='grc' dir='ltr'>τὸν</span> <span class='ocrx_word' id='word_1_360' title='bbox 800 3270 932 3324; x_wconf 72' lang='grc' dir='ltr'>Θεὸν</span> <span class='ocrx_word' id='word_1_361' title='bbox 950 3271 1145 3338; x_wconf 93' lang='grc' dir='ltr'>Λόγον,</span> <span class='ocrx_word' id='word_1_362' title='bbox 1185 3270 1478 3341; x_wconf 81' lang='grc' dir='ltr'>οὐρανόθεν</span> <span class='ocrx_word' id='word_1_363' title='bbox 1508 3271 1665 3325; x_wconf 85' lang='grc' dir='ltr'>τοῦτο</span> <span class='ocrx_word' id='word_1_364' title='bbox 1703 3273 1851 3326; x_wconf 76' lang='grc' dir='ltr'>ἑνδε-</span> 
     </span>
    </p>
   </div>
   <div class='ocr_carea' id='block_1_52' title="bbox 162 3362 1850 3434">
    <p class='ocr_par' dir='ltr' id='par_1_52' title="bbox 162 3362 1850 3434">
     <span class='ocr_line' id='line_1_52' title="bbox 162 3362 1850 3434; baseline 0.001 -19"><span class='ocrx_word' id='word_1_365' title='bbox 162 3366 185 3379; x_wconf 88' lang='lat'><strong>&quot;</strong></span> <span class='ocrx_word' id='word_1_366' title='bbox 256 3362 636 3434; x_wconf 79' lang='grc' dir='ltr'>δυμένον,ῐνα</span> <span class='ocrx_word' id='word_1_367' title='bbox 682 3362 809 3433; x_wconf 79' lang='grc' dir='ltr'>δόξῃ</span> <span class='ocrx_word' id='word_1_368' title='bbox 860 3362 1023 3431; x_wconf 82' lang='grc' dir='ltr'>δῆθεν</span> <span class='ocrx_word' id='word_1_369' title='bbox 1060 3362 1424 3432; x_wconf 81' lang='grc' dir='ltr'>γεγεννῆσθαι</span> <span class='ocrx_word' id='word_1_370' title='bbox 1468 3366 1531 3416; x_wconf 85' lang='grc' dir='ltr'>ἐκ</span> <span class='ocrx_word' id='word_1_371' title='bbox 1566 3365 1850 3432; x_wconf 75' lang='grc' dir='ltr'>γυναικὸς,</span> 
     </span>
    </p>
   </div>
   <div class='ocr_carea' id='block_1_53' title="bbox 258 3449 1849 3525">
    <p class='ocr_par' dir='ltr' id='par_1_53' title="bbox 258 3449 1849 3525">
     <span class='ocr_line' id='line_1_53' title="bbox 258 3449 1849 3525; baseline -0.001 -17"><span class='ocrx_word' id='word_1_372' title='bbox 258 3456 476 3525; x_wconf 76' lang='grc' dir='ltr'>καίπερ</span> <span class='ocrx_word' id='word_1_373' title='bbox 504 3456 642 3524; x_wconf 74' lang='grc' dir='ltr'>μήτε</span> <span class='ocrx_word' id='word_1_374' title='bbox 664 3454 1083 3523; x_wconf 86' lang='grc' dir='ltr'>γεγεννημένον.</span> <span class='ocrx_word' id='word_1_375' title='bbox 1116 3456 1416 3523; x_wconf 82' lang='grc' dir='ltr'>Μανιχαῐος</span> <span class='ocrx_word' id='word_1_376' title='bbox 1432 3455 1459 3506; x_wconf 86' lang='grc' dir='ltr'><strong>ό</strong></span> <span class='ocrx_word' id='word_1_377' title='bbox 1482 3456 1653 3521; x_wconf 83' lang='grc' dir='ltr'>Λόγος</span> <span class='ocrx_word' id='word_1_378' title='bbox 1674 3449 1849 3518; x_wconf 74' lang='grc' dir='ltr'>οὗτος,</span> 
     </span>
    </p>
   </div>
   <div class='ocr_carea' id='block_1_54' title="bbox 258 3545 1853 3616">
    <p class='ocr_par' dir='ltr' id='par_1_54' title="bbox 258 3545 1853 3616">
     <span class='ocr_line' id='line_1_54' title="bbox 258 3545 1853 3616; baseline -0.001 -14"><span class='ocrx_word' id='word_1_379' title='bbox 258 3548 370 3603; x_wconf 72' lang='grc' dir='ltr'>καὶ</span> <span class='ocrx_word' id='word_1_380' title='bbox 416 3546 966 3615; x_wconf 80' lang='grc' dir='ltr'>πεφαντασιασμένος</span> <span class='ocrx_word' id='word_1_381' title='bbox 1014 3545 1194 3616; x_wconf 84' lang='grc' dir='ltr'>πολλῷ</span> <span class='ocrx_word' id='word_1_382' title='bbox 1237 3546 1437 3616; x_wconf 81' lang='grc' dir='ltr'>μᾶλλον</span> <span class='ocrx_word' id='word_1_383' title='bbox 1478 3545 1711 3600; x_wconf 76' lang='grc' dir='ltr'>ἐκείνου.</span> <span class='ocrx_word' id='word_1_384' title='bbox 1743 3549 1853 3601; x_wconf 78' lang='grc' dir='ltr'><strong>Καὶ</strong></span> 
     </span>
    </p>
   </div>
   <div class='ocr_carea' id='block_1_55' title="bbox 258 3631 1853 3709">
    <p class='ocr_par' dir='ltr' id='par_1_55' title="bbox 258 3631 1853 3709">
     <span class='ocr_line' id='line_1_55' title="bbox 258 3631 1853 3709; baseline -0.002 -17"><span class='ocrx_word' id='word_1_385' title='bbox 258 3638 448 3702; x_wconf 76' lang='grc' dir='ltr'>οὕτως</span> <span class='ocrx_word' id='word_1_386' title='bbox 497 3631 590 3691; x_wconf 80' lang='grc' dir='ltr'>οὖν</span> <span class='ocrx_word' id='word_1_387' title='bbox 641 3637 771 3707; x_wconf 81' lang='grc' dir='ltr'>μίαν</span> <span class='ocrx_word' id='word_1_388' title='bbox 821 3638 985 3705; x_wconf 87' lang='grc' dir='ltr'>φύσιν</span> <span class='ocrx_word' id='word_1_389' title='bbox 1040 3636 1130 3690; x_wconf 76' lang='grc' dir='ltr'><strong>τὸν</strong></span> <span class='ocrx_word' id='word_1_390' title='bbox 1170 3636 1408 3709; x_wconf 82' lang='grc' dir='ltr'>Χριστὸν</span> <span class='ocrx_word' id='word_1_391' title='bbox 1444 3637 1853 3709; x_wconf 75' lang='grc' dir='ltr'>διεστραμμένη</span> 
     </span>
    </p>
   </div>
   <div class='ocr_carea' id='block_1_56' title="bbox 261 3727 1851 3800">
    <p class='ocr_par' dir='ltr' id='par_1_56' title="bbox 261 3727 1851 3800">
     <span class='ocr_line' id='line_1_56' title="bbox 261 3727 1851 3800; baseline -0.002 -15"><span class='ocrx_word' id='word_1_392' title='bbox 261 3730 476 3800; x_wconf 71' lang='grc' dir='ltr'>καρδίᾳ</span> <span class='ocrx_word' id='word_1_393' title='bbox 526 3727 887 3800; x_wconf 79' lang='grc' dir='ltr'>ἐπρέσϐευσε.</span> <span class='ocrx_word' id='word_1_394' title='bbox 942 3727 1065 3780; x_wconf 83' lang='grc' dir='ltr'><strong>Τῶν</strong></span> <span class='ocrx_word' id='word_1_395' title='bbox 1105 3728 1199 3782; x_wconf 78' lang='grc' dir='ltr'>οὖν</span> <span class='ocrx_word' id='word_1_396' title='bbox 1256 3727 1351 3781; x_wconf 89' lang='grc' dir='ltr'><strong>δύο</strong></span> <span class='ocrx_word' id='word_1_397' title='bbox 1399 3727 1580 3799; x_wconf 83' lang='grc' dir='ltr'>μερῶν</span> <span class='ocrx_word' id='word_1_398' title='bbox 1623 3728 1851 3792; x_wconf 89' lang='grc' dir='ltr'>τούτων,</span> 
     </span>
    </p>
   </div>
   <div class='ocr_carea' id='block_1_57' title="bbox 261 3819 1850 3891">
    <p class='ocr_par' dir='ltr' id='par_1_57' title="bbox 261 3819 1850 3891">
     <span class='ocr_line' id='line_1_57' title="bbox 261 3819 1850 3891; baseline 0 -18"><span class='ocrx_word' id='word_1_399' title='bbox 261 3822 371 3874; x_wconf 78' lang='grc' dir='ltr'>’τοῦ</span> <span class='ocrx_word' id='word_1_400' title='bbox 400 3838 459 3873; x_wconf 77' lang='grc' dir='ltr'><strong>τε</strong></span> <span class='ocrx_word' id='word_1_401' title='bbox 492 3821 632 3874; x_wconf 87' lang='grc' dir='ltr'><strong>κατά</strong></span> <span class='ocrx_word' id='word_1_402' title='bbox 667 3820 860 3888; x_wconf 68' lang='grc' dir='ltr'>Μάνην</span> <span class='ocrx_word' id='word_1_403' title='bbox 894 3821 987 3873; x_wconf 79' lang='grc' dir='ltr'>καὶ</span> <span class='ocrx_word' id='word_1_404' title='bbox 1031 3819 1406 3890; x_wconf 73' lang='grc' dir='ltr'>’Λπολινάριον</span> <span class='ocrx_word' id='word_1_405' title='bbox 1437 3819 1531 3873; x_wconf 72' lang='grc' dir='ltr'>καὶ</span> <span class='ocrx_word' id='word_1_406' title='bbox 1582 3820 1850 3891; x_wconf 80' lang='grc' dir='ltr'>Εὐτυχέα,</span> 
     </span>
    </p>
   </div>
   <div class='ocr_carea' id='block_1_58' title="bbox 272 3910 1852 3982">
    <p class='ocr_par' dir='ltr' id='par_1_58' title="bbox 272 3910 1852 3982">
     <span class='ocr_line' id='line_1_58' title="bbox 272 3910 1852 3982; baseline -0.001 -16"><span class='ocrx_word' id='word_1_407' title='bbox 272 3913 372 3967; x_wconf 66' lang='grc' dir='ltr'><strong>καὶ</strong></span> <span class='ocrx_word' id='word_1_408' title='bbox 421 3911 517 3965; x_wconf 88' lang='grc' dir='ltr'><strong>τοῦ</strong></span> <span class='ocrx_word' id='word_1_409' title='bbox 548 3911 689 3965; x_wconf 86' lang='grc' dir='ltr'><strong>κατά</strong></span> <span class='ocrx_word' id='word_1_410' title='bbox 731 3910 941 3965; x_wconf 79' lang='grc' dir='ltr'>Παῦλον</span> <span class='ocrx_word' id='word_1_411' title='bbox 976 3912 1071 3963; x_wconf 70' lang='grc' dir='ltr'>καὶ</span> <span class='ocrx_word' id='word_1_412' title='bbox 1103 3911 1377 3980; x_wconf 84' lang='grc' dir='ltr'>Θεόδωρον</span> <span class='ocrx_word' id='word_1_413' title='bbox 1411 3911 1508 3964; x_wconf 75' lang='grc' dir='ltr'><strong>καὶ</strong></span> <span class='ocrx_word' id='word_1_414' title='bbox 1535 3912 1852 3982; x_wconf 88' lang='grc' dir='ltr'>Νεστόριον,</span> 
     </span>
    </p>
   </div>
   <div class='ocr_carea' id='block_1_59' title="bbox 274 4000 1854 4073">
    <p class='ocr_par' dir='ltr' id='par_1_59' title="bbox 274 4000 1854 4073">
     <span class='ocr_line' id='line_1_59' title="bbox 274 4000 1854 4073; baseline 0 -18"><span class='ocrx_word' id='word_1_415' title='bbox 274 4004 386 4056; x_wconf 84' lang='grc' dir='ltr'><strong>τῶν</strong></span> <span class='ocrx_word' id='word_1_416' title='bbox 427 4003 527 4073; x_wconf 72' lang='grc' dir='ltr'>μὲν</span> <span class='ocrx_word' id='word_1_417' title='bbox 560 4001 688 4072; x_wconf 88' lang='grc' dir='ltr'>μίαν</span> <span class='ocrx_word' id='word_1_418' title='bbox 736 4002 921 4071; x_wconf 80' lang='grc' dir='ltr'>φύσιν,</span> <span class='ocrx_word' id='word_1_419' title='bbox 950 4000 1060 4053; x_wconf 86' lang='grc' dir='ltr'><strong>τῶν</strong></span> <span class='ocrx_word' id='word_1_420' title='bbox 1089 4000 1146 4052; x_wconf 83' lang='grc' dir='ltr'>δὲ</span> <span class='ocrx_word' id='word_1_421' title='bbox 1179 4001 1273 4054; x_wconf 85' lang='grc' dir='ltr'><strong>δύο</strong></span> <span class='ocrx_word' id='word_1_422' title='bbox 1299 4002 1492 4070; x_wconf 83' lang='grc' dir='ltr'>φύσεις</span> <span class='ocrx_word' id='word_1_423' title='bbox 1522 4000 1581 4066; x_wconf 79' lang='grc' dir='ltr'>ἐξ</span> <span class='ocrx_word' id='word_1_424' title='bbox 1605 4003 1854 4065; x_wconf 76' lang='grc' dir='ltr'>ἐναντίας</span> 
     </span>
    </p>
   </div>
   <div class='ocr_carea' id='block_1_60' title="bbox 279 4092 1851 4164">
    <p class='ocr_par' dir='ltr' id='par_1_60' title="bbox 279 4092 1851 4164">
     <span class='ocr_line' id='line_1_60' title="bbox 279 4092 1851 4164; baseline -0.002 -17"><span class='ocrx_word' id='word_1_425' title='bbox 279 4095 523 4164; x_wconf 81' lang='grc' dir='ltr'>ἀλλήλων</span> <span class='ocrx_word' id='word_1_426' title='bbox 553 4093 643 4146; x_wconf 73' lang='grc' dir='ltr'><strong>τὸν</strong></span> <span class='ocrx_word' id='word_1_427' title='bbox 666 4093 944 4161; x_wconf 77' lang='grc' dir='ltr'>Δεσπότην</span> <span class='ocrx_word' id='word_1_428' title='bbox 975 4092 1211 4163; x_wconf 76' lang='grc' dir='ltr'>Χριστὸν</span> <span class='ocrx_word' id='word_1_429' title='bbox 1241 4093 1473 4163; x_wconf 79' lang='grc' dir='ltr'>ἀμαθῶς</span> <span class='ocrx_word' id='word_1_430' title='bbox 1525 4093 1851 4163; x_wconf 78' lang='grc' dir='ltr'>εἰρηκότων,</span> 
     </span>
    </p>
   </div>
   <div class='ocr_carea' id='block_1_61' title="bbox 280 4164 1855 4254">
    <p class='ocr_par' dir='ltr' id='par_1_61' title="bbox 280 4164 1855 4254">
     <span class='ocr_line' id='line_1_61' title="bbox 280 4164 1855 4254; baseline -0.003 -17"><span class='ocrx_word' id='word_1_431' title='bbox 280 4185 376 4247; x_wconf 70' lang='grc' dir='ltr'><strong>τὰς</strong></span> <span class='ocrx_word' id='word_1_432' title='bbox 399 4184 483 4253; x_wconf 69' lang='grc' dir='ltr'><strong>ἐφ’</strong></span> <span class='ocrx_word' id='word_1_433' title='bbox 517 4183 753 4254; x_wconf 77' lang='grc' dir='ltr'>ἑκάτερα</span> <span class='ocrx_word' id='word_1_434' title='bbox 780 4181 1045 4246; x_wconf 67' lang='grc' dir='ltr'>κακίσταις</span> <span class='ocrx_word' id='word_1_435' title='bbox 1068 4164 1418 4254; x_wconf 70' lang='grc' dir='ltr'>μετατροπάς</span> <span class='ocrx_word' id='word_1_436' title='bbox 1443 4185 1534 4235; x_wconf 76' lang='grc' dir='ltr'>καὶ</span> <span class='ocrx_word' id='word_1_437' title='bbox 1565 4182 1855 4245; x_wconf 74' lang='grc' dir='ltr'>δυσσεϐεῖς</span> 
     </span>
    </p>
   </div>
   <div class='ocr_carea' id='block_1_62' title="bbox 281 4271 1852 4346">
    <p class='ocr_par' dir='ltr' id='par_1_62' title="bbox 281 4271 1852 4346">
     <span class='ocr_line' id='line_1_62' title="bbox 281 4271 1852 4346; baseline -0.002 -19"><span class='ocrx_word' id='word_1_438' title='bbox 281 4274 668 4346; x_wconf 75' lang='grc' dir='ltr'>παρεγκλίσεις</span> <span class='ocrx_word' id='word_1_439' title='bbox 707 4271 1117 4341; x_wconf 83' lang='grc' dir='ltr'>ἀπαναινομένη</span> <span class='ocrx_word' id='word_1_440' title='bbox 1156 4274 1189 4342; x_wconf 84' lang='grc' dir='ltr'>ἡ</span> <span class='ocrx_word' id='word_1_441' title='bbox 1225 4272 1486 4342; x_wconf 81' lang='grc' dir='ltr'>καθολικὴ</span> <span class='ocrx_word' id='word_1_442' title='bbox 1530 4271 1852 4339; x_wconf 78' lang='grc' dir='ltr'>Ἐκκλησία,</span> 
     </span>
    </p>
   </div>
   <div class='ocr_carea' id='block_1_63' title="bbox 284 4365 1857 4440">
    <p class='ocr_par' dir='ltr' id='par_1_63' title="bbox 284 4365 1857 4440">
     <span class='ocr_line' id='line_1_63' title="bbox 284 4365 1857 4440; baseline -0.003 -17"><span class='ocrx_word' id='word_1_443' title='bbox 284 4370 457 4440; x_wconf 82' lang='grc' dir='ltr'>μέσην</span> <span class='ocrx_word' id='word_1_444' title='bbox 492 4367 817 4439; x_wconf 71' lang='grc' dir='ltr'>ἀμφοτέρων</span> <span class='ocrx_word' id='word_1_445' title='bbox 846 4365 1073 4436; x_wconf 78' lang='grc' dir='ltr'>βαδίζει,</span> <span class='ocrx_word' id='word_1_446' title='bbox 1110 4365 1214 4436; x_wconf 83' lang='grc' dir='ltr'><strong>ὁδῷ</strong></span> <span class='ocrx_word' id='word_1_447' title='bbox 1254 4365 1508 4436; x_wconf 75' lang='grc' dir='ltr'>βασιλικῇ</span> <span class='ocrx_word' id='word_1_448' title='bbox 1551 4365 1857 4437; x_wconf 79' lang='grc' dir='ltr'>πορευομέ-</span> 
     </span>
    </p>
   </div>
   <div class='ocr_carea' id='block_1_64' title="bbox 2451 2246 3012 2317">
    <p class='ocr_par' dir='ltr' id='par_1_64' title="bbox 2451 2246 3012 2317">
     <span class='ocr_line' id='line_1_64' title="bbox 2451 2246 3012 2317; baseline -0.009 -14"><span class='ocrx_word' id='word_1_449' title='bbox 2451 2247 2645 2317; x_wconf 78' lang='lat' dir='ltr'><strong>Opinio</strong></span> <span class='ocrx_word' id='word_1_450' title='bbox 2689 2246 3012 2317; x_wconf 71' lang='lat' dir='ltr'><strong>Eutychetis.</strong></span> 
     </span>
    </p>
   </div>
   <div class='ocr_carea' id='block_1_65' title="bbox 2026 2357 3533 2432">
    <p class='ocr_par' dir='ltr' id='par_1_65' title="bbox 2026 2357 3533 2432">
     <span class='ocr_line' id='line_1_65' title="bbox 2026 2357 3533 2432; baseline -0.008 -9"><span class='ocrx_word' id='word_1_451' title='bbox 2026 2367 2202 2423; x_wconf 63' lang='lat' dir='ltr'><strong>Secta:</strong></span> <span class='ocrx_word' id='word_1_452' title='bbox 2235 2364 2525 2421; x_wconf 76' lang='lat' dir='ltr'><strong>contraria:</strong></span> <span class='ocrx_word' id='word_1_453' title='bbox 2561 2361 2843 2418; x_wconf 74' lang='lat' dir='ltr'><strong>Manichaei</strong></span> <span class='ocrx_word' id='word_1_454' title='bbox 2896 2372 2953 2417; x_wconf 90' lang='lat' dir='ltr'><strong>et</strong></span> <span class='ocrx_word' id='word_1_455' title='bbox 2984 2359 3311 2432; x_wconf 81' lang='lat' dir='ltr'><strong>Apollinarii</strong></span> <span class='ocrx_word' id='word_1_456' title='bbox 3337 2357 3533 2413; x_wconf 89' lang='lat' dir='ltr'><strong>tertius</strong></span> 
     </span>
    </p>
   </div>
   <div class='ocr_carea' id='block_1_66' title="bbox 1957 2450 3531 2530">
    <p class='ocr_par' dir='ltr' id='par_1_66' title="bbox 1957 2450 3531 2530">
     <span class='ocr_line' id='line_1_66' title="bbox 1957 2450 3531 2530; baseline -0.007 -16"><span class='ocrx_word' id='word_1_457' title='bbox 1957 2474 2149 2515; x_wconf 87' lang='lat' dir='ltr'><strong>rursus</strong></span> <span class='ocrx_word' id='word_1_458' title='bbox 2179 2467 2448 2530; x_wconf 88' lang='lat' dir='ltr'><strong>patronus</strong></span> <span class='ocrx_word' id='word_1_459' title='bbox 2469 2464 2627 2511; x_wconf 92' lang='lat' dir='ltr'><strong>ortus</strong></span> <span class='ocrx_word' id='word_1_460' title='bbox 2655 2465 2739 2510; x_wconf 89' lang='lat' dir='ltr'><strong>est</strong></span> <span class='ocrx_word' id='word_1_461' title='bbox 2760 2453 3058 2527; x_wconf 87' lang='lat' dir='ltr'><strong>Eutyches,</strong></span> <span class='ocrx_word' id='word_1_462' title='bbox 3083 2451 3378 2523; x_wconf 71' lang='lat' dir='ltr'><strong>praefectus</strong></span> <span class='ocrx_word' id='word_1_463' title='bbox 3410 2450 3531 2505; x_wconf 90' lang='lat' dir='ltr'><strong>cui-</strong></span> 
     </span>
    </p>
   </div>
   <div class='ocr_carea' id='block_1_67' title="bbox 1956 2540 3532 2614">
    <p class='ocr_par' dir='ltr' id='par_1_67' title="bbox 1956 2540 3532 2614">
     <span class='ocr_line' id='line_1_67' title="bbox 1956 2540 3532 2614; baseline -0.008 -8"><span class='ocrx_word' id='word_1_464' title='bbox 1956 2550 2081 2607; x_wconf 86' lang='lat' dir='ltr'><strong>dam</strong></span> <span class='ocrx_word' id='word_1_465' title='bbox 2103 2549 2436 2605; x_wconf 88' lang='lat' dir='ltr'><strong>monasterio</strong></span> <span class='ocrx_word' id='word_1_466' title='bbox 2463 2548 2676 2603; x_wconf 90' lang='lat' dir='ltr'><strong>circum</strong></span> <span class='ocrx_word' id='word_1_467' title='bbox 2698 2542 3254 2614; x_wconf 84' lang='lat' dir='ltr'><strong>ConstantinOpolim.</strong></span> <span class='ocrx_word' id='word_1_468' title='bbox 3276 2540 3378 2596; x_wconf 78' lang='lat' dir='ltr'><strong>llic</strong></span> <span class='ocrx_word' id='word_1_469' title='bbox 3406 2555 3532 2596; x_wconf 91' lang='lat' dir='ltr'><strong>cum</strong></span> 
     </span>
    </p>
   </div>
   <div class='ocr_carea' id='block_1_68' title="bbox 1954 2633 3536 2707">
    <p class='ocr_par' dir='ltr' id='par_1_68' title="bbox 1954 2633 3536 2707">
     <span class='ocr_line' id='line_1_68' title="bbox 1954 2633 3536 2707; baseline -0.009 -7"><span class='ocrx_word' id='word_1_470' title='bbox 1954 2644 2127 2700; x_wconf 90' lang='lat' dir='ltr'><strong>nollet</strong></span> <span class='ocrx_word' id='word_1_471' title='bbox 2142 2640 2393 2698; x_wconf 90' lang='lat' dir='ltr'><strong>conﬁteri</strong></span> <span class='ocrx_word' id='word_1_472' title='bbox 2411 2655 2532 2696; x_wconf 86' lang='lat' dir='ltr'><strong>esse</strong></span> <span class='ocrx_word' id='word_1_473' title='bbox 2553 2654 2775 2695; x_wconf 87' lang='lat' dir='ltr'><strong>carnem</strong></span> <span class='ocrx_word' id='word_1_474' title='bbox 2789 2636 3005 2694; x_wconf 91' lang='lat' dir='ltr'><strong>Domini</strong></span> <span class='ocrx_word' id='word_1_475' title='bbox 3020 2635 3266 2707; x_wconf 78' lang='lat' dir='ltr'><strong>ejusdem</strong></span> <span class='ocrx_word' id='word_1_476' title='bbox 3280 2633 3536 2689; x_wconf 89' lang='lat' dir='ltr'><strong>substan-</strong></span> 
     </span>
    </p>
   </div>
   <div class='ocr_carea' id='block_1_69' title="bbox 1955 2725 3532 2803">
    <p class='ocr_par' dir='ltr' id='par_1_69' title="bbox 1955 2725 3532 2803">
     <span class='ocr_line' id='line_1_69' title="bbox 1955 2725 3532 2803; baseline -0.008 -12"><span class='ocrx_word' id='word_1_477' title='bbox 1955 2738 2046 2791; x_wconf 66' lang='lat' dir='ltr'><strong>tia:</strong></span> <span class='ocrx_word' id='word_1_478' title='bbox 2073 2743 2129 2789; x_wconf 92' lang='lat' dir='ltr'><strong>et</strong></span> <span class='ocrx_word' id='word_1_479' title='bbox 2161 2743 2373 2788; x_wconf 66' lang='lat' dir='ltr'><strong>naturae</strong></span> <span class='ocrx_word' id='word_1_480' title='bbox 2421 2749 2530 2803; x_wconf 88' lang='lat' dir='ltr'><strong>qua</strong></span> <span class='ocrx_word' id='word_1_481' title='bbox 2583 2741 2772 2788; x_wconf 90' lang='lat' dir='ltr'><strong>nostra</strong></span> <span class='ocrx_word' id='word_1_482' title='bbox 2812 2739 2919 2795; x_wconf 91' lang='lat' dir='ltr'><strong>est,</strong></span> <span class='ocrx_word' id='word_1_483' title='bbox 2957 2728 3191 2800; x_wconf 86' lang='lat' dir='ltr'><strong>negabat</strong></span> <span class='ocrx_word' id='word_1_484' title='bbox 3234 2725 3442 2781; x_wconf 88' lang='lat' dir='ltr'><strong>servari</strong></span> <span class='ocrx_word' id='word_1_485' title='bbox 3475 2725 3532 2780; x_wconf 89' lang='lat' dir='ltr'><strong>in</strong></span> 
     </span>
    </p>
   </div>
   <div class='ocr_carea' id='block_1_70' title="bbox 1952 2819 3534 2883">
    <p class='ocr_par' dir='ltr' id='par_1_70' title="bbox 1952 2819 3534 2883">
     <span class='ocr_line' id='line_1_70' title="bbox 1952 2819 3534 2883; baseline -0.006 -2"><span class='ocrx_word' id='word_1_486' title='bbox 1952 2825 2176 2883; x_wconf 86' lang='lat' dir='ltr'><strong>Christo</strong></span> <span class='ocrx_word' id='word_1_487' title='bbox 2211 2825 2352 2881; x_wconf 92' lang='lat' dir='ltr'><strong>duas</strong></span> <span class='ocrx_word' id='word_1_488' title='bbox 2377 2834 2604 2879; x_wconf 87' lang='lat' dir='ltr'><strong>naturas</strong></span> <span class='ocrx_word' id='word_1_489' title='bbox 2638 2839 2750 2878; x_wconf 90' lang='lat' dir='ltr'><strong>una</strong></span> <span class='ocrx_word' id='word_1_490' title='bbox 2776 2839 2901 2878; x_wconf 92' lang='lat' dir='ltr'><strong>cum</strong></span> <span class='ocrx_word' id='word_1_491' title='bbox 2924 2836 3114 2877; x_wconf 88' lang='lat' dir='ltr'><strong>earum</strong></span> <span class='ocrx_word' id='word_1_492' title='bbox 3140 2819 3343 2874; x_wconf 88' lang='lat' dir='ltr'><strong>unione</strong></span> <span class='ocrx_word' id='word_1_493' title='bbox 3375 2837 3389 2872; x_wconf 89' lang='lat'><strong>:</strong></span> <span class='ocrx_word' id='word_1_494' title='bbox 3429 2832 3534 2873; x_wconf 84' lang='lat' dir='ltr'><strong>nec</strong></span> 
     </span>
    </p>
   </div>
   <div class='ocr_carea' id='block_1_71' title="bbox 1955 2908 3533 2985">
    <p class='ocr_par' dir='ltr' id='par_1_71' title="bbox 1955 2908 3533 2985">
     <span class='ocr_line' id='line_1_71' title="bbox 1955 2908 3533 2985; baseline -0.008 -12"><span class='ocrx_word' id='word_1_495' title='bbox 1955 2918 2062 2973; x_wconf 92' lang='lat' dir='ltr'><strong>hoc</strong></span> <span class='ocrx_word' id='word_1_496' title='bbox 2088 2917 2265 2971; x_wconf 85' lang='lat' dir='ltr'><strong>solum</strong></span> <span class='ocrx_word' id='word_1_497' title='bbox 2286 2959 2302 2981; x_wconf 89' lang='lat'><strong>,</strong></span> <span class='ocrx_word' id='word_1_498' title='bbox 2353 2915 2448 2970; x_wconf 90' lang='lat' dir='ltr'><strong>sed</strong></span> <span class='ocrx_word' id='word_1_499' title='bbox 2490 2913 2739 2985; x_wconf 69' lang='lat' dir='ltr'><strong>quaedam</strong></span> <span class='ocrx_word' id='word_1_500' title='bbox 2768 2913 2943 2966; x_wconf 88' lang='lat' dir='ltr'><strong>instar</strong></span> <span class='ocrx_word' id='word_1_501' title='bbox 2983 2910 3211 2965; x_wconf 88' lang='lat' dir='ltr'><strong>monstri</strong></span> <span class='ocrx_word' id='word_1_502' title='bbox 3242 2918 3298 2964; x_wconf 86' lang='lat' dir='ltr'><strong>et</strong></span> <span class='ocrx_word' id='word_1_503' title='bbox 3325 2908 3533 2962; x_wconf 87' lang='lat' dir='ltr'><strong>absona</strong></span> 
     </span>
    </p>
   </div>
   <div class='ocr_carea' id='block_1_72' title="bbox 1955 2997 3532 3079">
    <p class='ocr_par' dir='ltr' id='par_1_72' title="bbox 1955 2997 3532 3079">
     <span class='ocr_line' id='line_1_72' title="bbox 1955 2997 3532 3079; baseline -0.008 -15"><span class='ocrx_word' id='word_1_504' title='bbox 1955 3009 2215 3079; x_wconf 80' lang='lat' dir='ltr'><strong>ﬁngebat.</strong></span> <span class='ocrx_word' id='word_1_505' title='bbox 2261 3007 2457 3063; x_wconf 83' lang='lat' dir='ltr'><strong>Aiebat</strong></span> <span class='ocrx_word' id='word_1_506' title='bbox 2496 3008 2644 3061; x_wconf 91' lang='lat' dir='ltr'><strong>enim</strong></span> <span class='ocrx_word' id='word_1_507' title='bbox 2673 3005 2916 3059; x_wconf 80' lang='lat' dir='ltr'><strong>delatum</strong></span> <span class='ocrx_word' id='word_1_508' title='bbox 2944 3017 3066 3057; x_wconf 87' lang='lat' dir='ltr'><strong>esse</strong></span> <span class='ocrx_word' id='word_1_509' title='bbox 3090 3015 3293 3069; x_wconf 86' lang='lat' dir='ltr'><strong>corpus</strong></span> <span class='ocrx_word' id='word_1_510' title='bbox 3322 2997 3532 3054; x_wconf 81' lang='lat' dir='ltr'><strong>Christi</strong></span> 
     </span>
    </p>
   </div>
   <div class='ocr_carea' id='block_1_73' title="bbox 1951 3090 3535 3166">
    <p class='ocr_par' dir='ltr' id='par_1_73' title="bbox 1951 3090 3535 3166">
     <span class='ocr_line' id='line_1_73' title="bbox 1951 3090 3535 3166; baseline -0.008 -9"><span class='ocrx_word' id='word_1_511' title='bbox 1951 3117 1983 3157; x_wconf 89' lang='lat' dir='ltr'><strong>e</strong></span> <span class='ocrx_word' id='word_1_512' title='bbox 2007 3100 2168 3166; x_wconf 67' lang='lat' dir='ltr'><strong>caelo,</strong></span> <span class='ocrx_word' id='word_1_513' title='bbox 2205 3110 2262 3155; x_wconf 92' lang='lat' dir='ltr'><strong>et</strong></span> <span class='ocrx_word' id='word_1_514' title='bbox 2308 3100 2479 3155; x_wconf 91' lang='lat' dir='ltr'><strong>Deum</strong></span> <span class='ocrx_word' id='word_1_515' title='bbox 2525 3098 2790 3162; x_wconf 80' lang='lat' dir='ltr'><strong>Verbum,</strong></span> <span class='ocrx_word' id='word_1_516' title='bbox 2819 3110 2944 3150; x_wconf 92' lang='lat' dir='ltr'><strong>cum</strong></span> <span class='ocrx_word' id='word_1_517' title='bbox 2988 3107 3187 3164; x_wconf 79' lang='lat' dir='ltr'><strong>corpus</strong></span> <span class='ocrx_word' id='word_1_518' title='bbox 3210 3108 3240 3147; x_wconf 94' lang='lat' dir='ltr'><strong>e</strong></span> <span class='ocrx_word' id='word_1_519' title='bbox 3276 3092 3416 3146; x_wconf 67' lang='lat' dir='ltr'><strong>caalo</strong></span> <span class='ocrx_word' id='word_1_520' title='bbox 3452 3090 3535 3144; x_wconf 92' lang='lat' dir='ltr'><strong>in-</strong></span> 
     </span>
    </p>
   </div>
   <div class='ocr_carea' id='block_1_74' title="bbox 1952 3183 3533 3261">
    <p class='ocr_par' dir='ltr' id='par_1_74' title="bbox 1952 3183 3533 3261">
     <span class='ocr_line' id='line_1_74' title="bbox 1952 3183 3533 3261; baseline -0.008 -14"><span class='ocrx_word' id='word_1_521' title='bbox 1952 3192 2184 3257; x_wconf 85' lang='lat' dir='ltr'><strong>duisset,</strong></span> <span class='ocrx_word' id='word_1_522' title='bbox 2220 3207 2320 3261; x_wconf 89' lang='lat' dir='ltr'><strong>per</strong></span> <span class='ocrx_word' id='word_1_523' title='bbox 2353 3189 2631 3260; x_wconf 86' lang='lat' dir='ltr'><strong>Virginem</strong></span> <span class='ocrx_word' id='word_1_524' title='bbox 2663 3199 2921 3257; x_wconf 87' lang='lat' dir='ltr'><strong>tanquam</strong></span> <span class='ocrx_word' id='word_1_525' title='bbox 2954 3201 3054 3256; x_wconf 92' lang='lat' dir='ltr'><strong>per</strong></span> <span class='ocrx_word' id='word_1_526' title='bbox 3079 3183 3323 3240; x_wconf 89' lang='lat' dir='ltr'><strong>canalem</strong></span> <span class='ocrx_word' id='word_1_527' title='bbox 3356 3190 3533 3236; x_wconf 87' lang='lat' dir='ltr'><strong>trans-</strong></span> 
     </span>
    </p>
   </div>
   <div class='ocr_carea' id='block_1_75' title="bbox 1953 3276 3526 3349">
    <p class='ocr_par' dir='ltr' id='par_1_75' title="bbox 1953 3276 3526 3349">
     <span class='ocr_line' id='line_1_75' title="bbox 1953 3276 3526 3349; baseline -0.008 -12"><span class='ocrx_word' id='word_1_528' title='bbox 1953 3298 2197 3349; x_wconf 85' lang='lat' dir='ltr'><strong>measse;</strong></span> <span class='ocrx_word' id='word_1_529' title='bbox 2231 3290 2291 3337; x_wconf 91' lang='lat' dir='ltr'><strong>ut</strong></span> <span class='ocrx_word' id='word_1_530' title='bbox 2314 3282 2567 3336; x_wconf 89' lang='lat' dir='ltr'><strong>videatur</strong></span> <span class='ocrx_word' id='word_1_531' title='bbox 2592 3287 2756 3334; x_wconf 90' lang='lat' dir='ltr'><strong>natus</strong></span> <span class='ocrx_word' id='word_1_532' title='bbox 2782 3294 2850 3333; x_wconf 82' lang='lat' dir='ltr'><strong>ex</strong></span> <span class='ocrx_word' id='word_1_533' title='bbox 2889 3276 3143 3343; x_wconf 89' lang='lat' dir='ltr'><strong>muliere,</strong></span> <span class='ocrx_word' id='word_1_534' title='bbox 3181 3289 3309 3331; x_wconf 90' lang='lat' dir='ltr'><strong>cum</strong></span> <span class='ocrx_word' id='word_1_535' title='bbox 3341 3282 3526 3328; x_wconf 89' lang='lat' dir='ltr'><strong>tamen</strong></span> 
     </span>
    </p>
   </div>
   <div class='ocr_carea' id='block_1_76' title="bbox 1952 3362 3533 3427">
    <p class='ocr_par' dir='ltr' id='par_1_76' title="bbox 1952 3362 3533 3427">
     <span class='ocr_line' id='line_1_76' title="bbox 1952 3362 3533 3427; baseline -0.008 0"><span class='ocrx_word' id='word_1_536' title='bbox 1952 3381 2117 3427; x_wconf 87' lang='lat' dir='ltr'><strong>natus</strong></span> <span class='ocrx_word' id='word_1_537' title='bbox 2154 3386 2264 3424; x_wconf 91' lang='lat' dir='ltr'><strong>non</strong></span> <span class='ocrx_word' id='word_1_538' title='bbox 2320 3370 2413 3425; x_wconf 90' lang='lat' dir='ltr'><strong>sit.</strong></span> <span class='ocrx_word' id='word_1_539' title='bbox 2472 3368 2587 3422; x_wconf 84' lang='lat' dir='ltr'><strong>Hoc</strong></span> <span class='ocrx_word' id='word_1_540' title='bbox 2631 3367 2811 3425; x_wconf 85' lang='lat' dir='ltr'><strong>aiebat</strong></span> <span class='ocrx_word' id='word_1_541' title='bbox 2853 3364 3209 3427; x_wconf 64' lang='lat' dir='ltr'><strong>Manichacus,</strong></span> <span class='ocrx_word' id='word_1_542' title='bbox 3265 3362 3379 3416; x_wconf 89' lang='lat' dir='ltr'><strong>imo</strong></span> <span class='ocrx_word' id='word_1_543' title='bbox 3418 3375 3533 3415; x_wconf 90' lang='lat' dir='ltr'><strong>ma-</strong></span> 
     </span>
    </p>
   </div>
   <div class='ocr_carea' id='block_1_77' title="bbox 1954 3450 3533 3531">
    <p class='ocr_par' dir='ltr' id='par_1_77' title="bbox 1954 3450 3533 3531">
     <span class='ocr_line' id='line_1_77' title="bbox 1954 3450 3533 3531; baseline -0.008 -16"><span class='ocrx_word' id='word_1_544' title='bbox 1954 3462 2037 3531; x_wconf 81' lang='lat' dir='ltr'><strong>gis</strong></span> <span class='ocrx_word' id='word_1_545' title='bbox 2058 3461 2186 3525; x_wconf 90' lang='lat' dir='ltr'><strong>hoc,</strong></span> <span class='ocrx_word' id='word_1_546' title='bbox 2228 3475 2392 3529; x_wconf 87' lang='lat' dir='ltr'><strong>quam</strong></span> <span class='ocrx_word' id='word_1_547' title='bbox 2438 3457 2574 3511; x_wconf 89' lang='lat' dir='ltr'><strong>illud</strong></span> <span class='ocrx_word' id='word_1_548' title='bbox 2612 3454 3053 3511; x_wconf 75' lang='lat' dir='ltr'><strong>commentititim</strong></span> <span class='ocrx_word' id='word_1_549' title='bbox 3093 3462 3198 3508; x_wconf 89' lang='lat' dir='ltr'><strong>est.</strong></span> <span class='ocrx_word' id='word_1_550' title='bbox 3245 3451 3337 3507; x_wconf 89' lang='lat' dir='ltr'><strong>Sic</strong></span> <span class='ocrx_word' id='word_1_551' title='bbox 3367 3450 3533 3521; x_wconf 75' lang='lat' dir='ltr'><strong>igitur</strong></span> 
     </span>
    </p>
   </div>
   <div class='ocr_carea' id='block_1_78' title="bbox 1957 3535 3533 3615">
    <p class='ocr_par' dir='ltr' id='par_1_78' title="bbox 1957 3535 3533 3615">
     <span class='ocr_line' id='line_1_78' title="bbox 1957 3535 3533 3615; baseline -0.006 -11"><span class='ocrx_word' id='word_1_552' title='bbox 1957 3565 2120 3605; x_wconf 86' lang='lat' dir='ltr'><strong>unam</strong></span> <span class='ocrx_word' id='word_1_553' title='bbox 2153 3560 2404 3603; x_wconf 81' lang='lat' dir='ltr'><strong>naturam</strong></span> <span class='ocrx_word' id='word_1_554' title='bbox 2439 3547 2493 3601; x_wconf 92' lang='lat' dir='ltr'><strong>in</strong></span> <span class='ocrx_word' id='word_1_555' title='bbox 2534 3545 2756 3602; x_wconf 88' lang='lat' dir='ltr'><strong>Christo</strong></span> <span class='ocrx_word' id='word_1_556' title='bbox 2785 3535 3047 3615; x_wconf 80' lang='lat' dir='ltr'><strong>perverse</strong></span> <span class='ocrx_word' id='word_1_557' title='bbox 3104 3542 3387 3614; x_wconf 84' lang='lat' dir='ltr'><strong>professus</strong></span> <span class='ocrx_word' id='word_1_558' title='bbox 3427 3550 3533 3595; x_wconf 88' lang='lat' dir='ltr'><strong>est.</strong></span> 
     </span>
    </p>
   </div>
   <div class='ocr_carea' id='block_1_79' title="bbox 1954 3630 3534 3709">
    <p class='ocr_par' dir='ltr' id='par_1_79' title="bbox 1954 3630 3534 3709">
     <span class='ocr_line' id='line_1_79' title="bbox 1954 3630 3534 3709; baseline -0.008 -13"><span class='ocrx_word' id='word_1_559' title='bbox 1954 3639 2092 3696; x_wconf 89' lang='lat' dir='ltr'><strong>Cum</strong></span> <span class='ocrx_word' id='word_1_560' title='bbox 2123 3639 2290 3709; x_wconf 81' lang='lat' dir='ltr'><strong>igitur</strong></span> <span class='ocrx_word' id='word_1_561' title='bbox 2323 3637 2446 3692; x_wconf 76' lang='lat' dir='ltr'><strong>dua:</strong></span> <span class='ocrx_word' id='word_1_562' title='bbox 2475 3636 2585 3691; x_wconf 89' lang='lat' dir='ltr'><strong>sint</strong></span> <span class='ocrx_word' id='word_1_563' title='bbox 2620 3646 2828 3707; x_wconf 88' lang='lat' dir='ltr'><strong>partes,</strong></span> <span class='ocrx_word' id='word_1_564' title='bbox 2880 3651 2986 3689; x_wconf 91' lang='lat' dir='ltr'><strong>una</strong></span> <span class='ocrx_word' id='word_1_565' title='bbox 3023 3632 3334 3695; x_wconf 73' lang='lat' dir='ltr'><strong>Manichaai,</strong></span> <span class='ocrx_word' id='word_1_566' title='bbox 3365 3630 3534 3700; x_wconf 83' lang='lat' dir='ltr'><strong>Apol—</strong></span> 
     </span>
    </p>
   </div>
   <div class='ocr_carea' id='block_1_80' title="bbox 1955 3724 3536 3803">
    <p class='ocr_par' dir='ltr' id='par_1_80' title="bbox 1955 3724 3536 3803">
     <span class='ocr_line' id='line_1_80' title="bbox 1955 3724 3536 3803; baseline -0.007 -16"><span class='ocrx_word' id='word_1_567' title='bbox 1955 3732 2138 3787; x_wconf 88' lang='lat' dir='ltr'><strong>linarii</strong></span> <span class='ocrx_word' id='word_1_568' title='bbox 2200 3742 2257 3787; x_wconf 90' lang='lat' dir='ltr'><strong>et</strong></span> <span class='ocrx_word' id='word_1_569' title='bbox 2292 3730 2648 3803; x_wconf 82' lang='lat' dir='ltr'><strong>Eutychetis;</strong></span> <span class='ocrx_word' id='word_1_570' title='bbox 2703 3731 2874 3784; x_wconf 88' lang='lat' dir='ltr'><strong>altera</strong></span> <span class='ocrx_word' id='word_1_571' title='bbox 2921 3727 3098 3790; x_wconf 85' lang='lat' dir='ltr'><strong>Pauli,</strong></span> <span class='ocrx_word' id='word_1_572' title='bbox 3143 3724 3423 3779; x_wconf 80' lang='lat' dir='ltr'><strong>Theodori</strong></span> <span class='ocrx_word' id='word_1_573' title='bbox 3477 3730 3536 3778; x_wconf 91' lang='lat' dir='ltr'><strong>et</strong></span> 
     </span>
    </p>
   </div>
   <div class='ocr_carea' id='block_1_81' title="bbox 1953 3813 3530 3886">
    <p class='ocr_par' dir='ltr' id='par_1_81' title="bbox 1953 3813 3530 3886">
     <span class='ocr_line' id='line_1_81' title="bbox 1953 3813 3530 3886; baseline -0.007 -8"><span class='ocrx_word' id='word_1_574' title='bbox 1953 3822 2224 3886; x_wconf 84' lang='lat' dir='ltr'><strong>Nestorii;</strong></span> <span class='ocrx_word' id='word_1_575' title='bbox 2276 3822 2352 3875; x_wconf 89' lang='lat' dir='ltr'><strong>illi</strong></span> <span class='ocrx_word' id='word_1_576' title='bbox 2395 3836 2558 3874; x_wconf 85' lang='lat' dir='ltr'><strong>unam</strong></span> <span class='ocrx_word' id='word_1_577' title='bbox 2609 3830 2886 3878; x_wconf 88' lang='lat' dir='ltr'><strong>naturam,</strong></span> <span class='ocrx_word' id='word_1_578' title='bbox 2937 3817 2991 3871; x_wconf 92' lang='lat' dir='ltr'><strong>hi</strong></span> <span class='ocrx_word' id='word_1_579' title='bbox 3036 3817 3175 3871; x_wconf 87' lang='lat' dir='ltr'><strong>duas</strong></span> <span class='ocrx_word' id='word_1_580' title='bbox 3210 3816 3266 3869; x_wconf 91' lang='lat' dir='ltr'><strong>in</strong></span> <span class='ocrx_word' id='word_1_581' title='bbox 3307 3813 3530 3870; x_wconf 84' lang='lat' dir='ltr'><strong>Christo</strong></span> 
     </span>
    </p>
   </div>
   <div class='ocr_carea' id='block_1_82' title="bbox 1957 3909 3532 3983">
    <p class='ocr_par' dir='ltr' id='par_1_82' title="bbox 1957 3909 3532 3983">
     <span class='ocr_line' id='line_1_82' title="bbox 1957 3909 3532 3983; baseline -0.006 -13"><span class='ocrx_word' id='word_1_582' title='bbox 1957 3915 2280 3979; x_wconf 88' lang='lat' dir='ltr'><strong>inscienter,</strong></span> <span class='ocrx_word' id='word_1_583' title='bbox 2312 3929 2375 3969; x_wconf 91' lang='lat' dir='ltr'><strong>ac</strong></span> <span class='ocrx_word' id='word_1_584' title='bbox 2404 3914 2549 3968; x_wconf 91' lang='lat' dir='ltr'><strong>inter</strong></span> <span class='ocrx_word' id='word_1_585' title='bbox 2576 3929 2634 3967; x_wconf 89' lang='lat' dir='ltr'><strong>se</strong></span> <span class='ocrx_word' id='word_1_586' title='bbox 2664 3922 2976 3983; x_wconf 83' lang='lat' dir='ltr'><strong>pugnantes</strong></span> <span class='ocrx_word' id='word_1_587' title='bbox 3010 3919 3217 3981; x_wconf 90' lang='lat' dir='ltr'><strong>ponant</strong></span> <span class='ocrx_word' id='word_1_588' title='bbox 3247 3925 3260 3961; x_wconf 91' lang='lat'>:</span> <span class='ocrx_word' id='word_1_589' title='bbox 3298 3909 3532 3962; x_wconf 88' lang='lat' dir='ltr'><strong>istorum</strong></span> 
     </span>
    </p>
   </div>
   <div class='ocr_carea' id='block_1_83' title="bbox 1958 3998 3538 4074">
    <p class='ocr_par' dir='ltr' id='par_1_83' title="bbox 1958 3998 3538 4074">
     <span class='ocr_line' id='line_1_83' title="bbox 1958 3998 3538 4074; baseline -0.005 -16"><span class='ocrx_word' id='word_1_590' title='bbox 1958 4004 2015 4058; x_wconf 87' lang='lat' dir='ltr'><strong>in</strong></span> <span class='ocrx_word' id='word_1_591' title='bbox 2064 4005 2385 4058; x_wconf 88' lang='lat' dir='ltr'><strong>alterutram</strong></span> <span class='ocrx_word' id='word_1_592' title='bbox 2456 4011 2671 4073; x_wconf 80' lang='lat' dir='ltr'><strong>partem</strong></span> <span class='ocrx_word' id='word_1_593' title='bbox 2718 4002 2985 4074; x_wconf 88' lang='lat' dir='ltr'><strong>pessimas</strong></span> <span class='ocrx_word' id='word_1_594' title='bbox 3037 3998 3435 4055; x_wconf 86' lang='lat' dir='ltr'><strong>declinationes</strong></span> <span class='ocrx_word' id='word_1_595' title='bbox 3480 4006 3538 4052; x_wconf 94' lang='lat' dir='ltr'><strong>et</strong></span> 
     </span>
    </p>
   </div>
   <div class='ocr_carea' id='block_1_84' title="bbox 1958 4088 3534 4165">
    <p class='ocr_par' dir='ltr' id='par_1_84' title="bbox 1958 4088 3534 4165">
     <span class='ocr_line' id='line_1_84' title="bbox 1958 4088 3534 4165; baseline -0.006 -15"><span class='ocrx_word' id='word_1_596' title='bbox 1958 4096 2155 4165; x_wconf 86' lang='lat' dir='ltr'><strong>impias</strong></span> <span class='ocrx_word' id='word_1_597' title='bbox 2201 4096 2581 4150; x_wconf 88' lang='lat' dir='ltr'><strong>aberrationes</strong></span> <span class='ocrx_word' id='word_1_598' title='bbox 2627 4109 2891 4165; x_wconf 88' lang='lat' dir='ltr'><strong>respuens</strong></span> <span class='ocrx_word' id='word_1_599' title='bbox 2954 4091 3197 4147; x_wconf 87' lang='lat' dir='ltr'><strong>Ecclesia</strong></span> <span class='ocrx_word' id='word_1_600' title='bbox 3243 4088 3534 4151; x_wconf 75' lang='lat' dir='ltr'><strong>catholica,</strong></span> 
     </span>
    </p>
   </div>
   <div class='ocr_carea' id='block_1_85' title="bbox 1960 4177 3536 4256">
    <p class='ocr_par' dir='ltr' id='par_1_85' title="bbox 1960 4177 3536 4256">
     <span class='ocr_line' id='line_1_85' title="bbox 1960 4177 3536 4256; baseline -0.006 -14"><span class='ocrx_word' id='word_1_601' title='bbox 1960 4187 2139 4242; x_wconf 85' lang='lat' dir='ltr'><strong>media</strong></span> <span class='ocrx_word' id='word_1_602' title='bbox 2164 4188 2307 4241; x_wconf 86' lang='lat' dir='ltr'><strong>inter</strong></span> <span class='ocrx_word' id='word_1_603' title='bbox 2330 4196 2620 4256; x_wconf 86' lang='lat' dir='ltr'><strong>utramque</strong></span> <span class='ocrx_word' id='word_1_604' title='bbox 2637 4186 2725 4240; x_wconf 84' lang='lat' dir='ltr'><strong>via</strong></span> <span class='ocrx_word' id='word_1_605' title='bbox 2757 4177 2903 4255; x_wconf 86' lang='lat' dir='ltr'><strong>regia</strong></span> <span class='ocrx_word' id='word_1_606' title='bbox 2932 4180 3157 4249; x_wconf 84' lang='lat' dir='ltr'><strong>incedit,</strong></span> <span class='ocrx_word' id='word_1_607' title='bbox 3187 4197 3289 4237; x_wconf 90' lang='lat' dir='ltr'><strong>nec</strong></span> <span class='ocrx_word' id='word_1_608' title='bbox 3311 4181 3378 4235; x_wconf 91' lang='lat' dir='ltr'><strong>ad</strong></span> <span class='ocrx_word' id='word_1_609' title='bbox 3412 4195 3536 4234; x_wconf 88' lang='lat' dir='ltr'><strong>eam</strong></span> 
     </span>
    </p>
   </div>
   <div class='ocr_carea' id='block_1_86' title="bbox 1959 4272 3538 4346">
    <p class='ocr_par' dir='ltr' id='par_1_86' title="bbox 1959 4272 3538 4346">
     <span class='ocr_line' id='line_1_86' title="bbox 1959 4272 3538 4346; baseline -0.004 -14"><span class='ocrx_word' id='word_1_610' title='bbox 1959 4277 2241 4332; x_wconf 86' lang='lat' dir='ltr'><strong>declinans</strong></span> <span class='ocrx_word' id='word_1_611' title='bbox 2272 4292 2394 4346; x_wconf 82' lang='lat' dir='ltr'><strong>qua:</strong></span> <span class='ocrx_word' id='word_1_612' title='bbox 2430 4276 2651 4330; x_wconf 87' lang='lat' dir='ltr'><strong>videtur</strong></span> <span class='ocrx_word' id='word_1_613' title='bbox 2690 4274 2758 4329; x_wconf 92' lang='lat' dir='ltr'><strong>ad</strong></span> <span class='ocrx_word' id='word_1_614' title='bbox 2806 4274 3086 4329; x_wconf 83' lang='lat' dir='ltr'><strong>dexteram</strong></span> <span class='ocrx_word' id='word_1_615' title='bbox 3125 4272 3388 4341; x_wconf 89' lang='lat' dir='ltr'><strong>tendere,</strong></span> <span class='ocrx_word' id='word_1_616' title='bbox 3432 4284 3538 4325; x_wconf 92' lang='lat' dir='ltr'><strong>nec</strong></span> 
     </span>
    </p>
   </div>
   <div class='ocr_carea' id='block_1_87' title="bbox 1958 4358 3537 4435">
    <p class='ocr_par' dir='ltr' id='par_1_87' title="bbox 1958 4358 3537 4435">
     <span class='ocr_line' id='line_1_87' title="bbox 1958 4358 3537 4435; baseline -0.006 -15"><span class='ocrx_word' id='word_1_617' title='bbox 1958 4365 2025 4420; x_wconf 85' lang='lat' dir='ltr'><strong>ad</strong></span> <span class='ocrx_word' id='word_1_618' title='bbox 2056 4381 2176 4421; x_wconf 83' lang='lat' dir='ltr'><strong>eam</strong></span> <span class='ocrx_word' id='word_1_619' title='bbox 2199 4381 2319 4435; x_wconf 69' lang='lat' dir='ltr'><strong>qua:</strong></span> <span class='ocrx_word' id='word_1_620' title='bbox 2370 4366 2529 4435; x_wconf 87' lang='lat' dir='ltr'><strong>plane</strong></span> <span class='ocrx_word' id='word_1_621' title='bbox 2565 4364 2742 4418; x_wconf 89' lang='lat' dir='ltr'><strong>tendit</strong></span> <span class='ocrx_word' id='word_1_622' title='bbox 2784 4363 2851 4417; x_wconf 90' lang='lat' dir='ltr'><strong>ad</strong></span> <span class='ocrx_word' id='word_1_623' title='bbox 2895 4362 3196 4417; x_wconf 89' lang='lat' dir='ltr'><strong>sinistram.</strong></span> <span class='ocrx_word' id='word_1_624' title='bbox 3236 4360 3355 4415; x_wconf 83' lang='lat' dir='ltr'><strong>Non</strong></span> <span class='ocrx_word' id='word_1_625' title='bbox 3390 4358 3537 4413; x_wconf 89' lang='lat' dir='ltr'><strong>enim</strong></span> 
     </span>
    </p>
   </div>
   <div class='ocr_carea' id='block_1_88' title="bbox 282 4448 1851 4531">
    <p class='ocr_par' dir='ltr' id='par_1_88' title="bbox 282 4455 1851 4531">
     <span class='ocr_line' id='line_1_88' title="bbox 282 4455 1851 4531; baseline -0.002 -19"><span class='ocrx_word' id='word_1_626' title='bbox 282 4478 368 4531; x_wconf 88' lang='grc' dir='ltr'><strong>νη,</strong></span> <span class='ocrx_word' id='word_1_627' title='bbox 388 4461 462 4531; x_wconf 83' lang='grc' dir='ltr'>μὴ</span> <span class='ocrx_word' id='word_1_628' title='bbox 487 4459 809 4528; x_wconf 82' lang='grc' dir='ltr'>ὲγκλίνουσα</span> <span class='ocrx_word' id='word_1_629' title='bbox 830 4460 908 4521; x_wconf 80' lang='grc' dir='ltr'><strong>είς</strong></span> <span class='ocrx_word' id='word_1_630' title='bbox 929 4458 997 4511; x_wconf 78' lang='grc' dir='ltr'><strong>τὰ</strong></span> <span class='ocrx_word' id='word_1_631' title='bbox 1029 4458 1292 4511; x_wconf 84' lang='grc' dir='ltr'>δοκοῦντα</span> <span class='ocrx_word' id='word_1_632' title='bbox 1315 4457 1484 4525; x_wconf 75' lang='grc' dir='ltr'>δεξιὰ,</span> <span class='ocrx_word' id='word_1_633' title='bbox 1516 4457 1651 4528; x_wconf 75' lang='grc' dir='ltr'>μηδὲ</span> <span class='ocrx_word' id='word_1_634' title='bbox 1681 4459 1762 4517; x_wconf 84' lang='grc' dir='ltr'><strong>είς</strong></span> <span class='ocrx_word' id='word_1_635' title='bbox 1787 4455 1851 4509; x_wconf 79' lang='grc' dir='ltr'>τὰ</span> 
     </span>
    </p>
   </div>
   <div class='ocr_carea' id='block_1_89' title="bbox 1955 4448 3539 4531">
    <p class='ocr_par' dir='ltr' id='par_1_89' title="bbox 1959 4448 3539 4526">
     <span class='ocr_line' id='line_1_89' title="bbox 1959 4448 3539 4526; baseline -0.004 -15"><span class='ocrx_word' id='word_1_636' title='bbox 1959 4452 2285 4526; x_wconf 88' lang='lat' dir='ltr'><strong>simpliciter</strong></span> <span class='ocrx_word' id='word_1_637' title='bbox 2304 4455 2594 4526; x_wconf 90' lang='lat' dir='ltr'><strong>proﬁtetur</strong></span> <span class='ocrx_word' id='word_1_638' title='bbox 2609 4470 2773 4509; x_wconf 89' lang='lat' dir='ltr'><strong>unam</strong></span> <span class='ocrx_word' id='word_1_639' title='bbox 2794 4464 3045 4508; x_wconf 87' lang='lat' dir='ltr'><strong>naturam</strong></span> <span class='ocrx_word' id='word_1_640' title='bbox 3069 4453 3125 4507; x_wconf 91' lang='lat' dir='ltr'><strong>in</strong></span> <span class='ocrx_word' id='word_1_641' title='bbox 3140 4452 3379 4515; x_wconf 88' lang='lat' dir='ltr'><strong>Christo,</strong></span> <span class='ocrx_word' id='word_1_642' title='bbox 3393 4448 3539 4504; x_wconf 81' lang='lat' dir='ltr'><strong>sicut</strong></span> 
     </span>
    </p>
   </div>
   <div class='ocr_carea' id='block_1_90' title="bbox 283 4547 1860 4623">
    <p class='ocr_par' dir='ltr' id='par_1_90' title="bbox 283 4547 1860 4623">
     <span class='ocr_line' id='line_1_90' title="bbox 283 4547 1860 4623; baseline -0.001 -20"><span class='ocrx_word' id='word_1_643' title='bbox 283 4550 531 4623; x_wconf 63' lang='grc' dir='ltr'>προτρανῆ</span> <span class='ocrx_word' id='word_1_644' title='bbox 560 4548 842 4619; x_wconf 82' lang='grc' dir='ltr'>ἀριστερά.</span> <span class='ocrx_word' id='word_1_645' title='bbox 874 4547 1032 4601; x_wconf 73' lang='grc' dir='ltr'>Κατὰ</span> <span class='ocrx_word' id='word_1_646' title='bbox 1059 4548 1168 4619; x_wconf 78' lang='grc' dir='ltr'><strong>γὰρ</strong></span> <span class='ocrx_word' id='word_1_647' title='bbox 1196 4549 1424 4619; x_wconf 76' lang='grc' dir='ltr'>Μάνητα</span> <span class='ocrx_word' id='word_1_648' title='bbox 1448 4549 1540 4602; x_wconf 77' lang='grc' dir='ltr'>καὶ</span> <span class='ocrx_word' id='word_1_649' title='bbox 1578 4549 1860 4601; x_wconf 86' lang='grc' dir='ltr'>’Λπολινά-</span> 
     </span>
    </p>
   </div>
   <div class='ocr_carea' id='block_1_91' title="bbox 287 4638 1856 4715">
    <p class='ocr_par' dir='ltr' id='par_1_91' title="bbox 287 4638 1856 4715">
     <span class='ocr_line' id='line_1_91' title="bbox 287 4638 1856 4715; baseline -0.004 -18"><span class='ocrx_word' id='word_1_650' title='bbox 287 4661 400 4715; x_wconf 81' lang='grc' dir='ltr'>ριον</span> <span class='ocrx_word' id='word_1_651' title='bbox 422 4642 516 4696; x_wconf 72' lang='grc' dir='ltr'><strong>καὶ</strong></span> <span class='ocrx_word' id='word_1_652' title='bbox 551 4639 795 4711; x_wconf 76' lang='grc' dir='ltr'>Εὑτυχέα</span> <span class='ocrx_word' id='word_1_653' title='bbox 826 4640 957 4709; x_wconf 90' lang='grc' dir='ltr'>μίαν</span> <span class='ocrx_word' id='word_1_654' title='bbox 988 4639 1150 4708; x_wconf 79' lang='grc' dir='ltr'>φύσιν</span> <span class='ocrx_word' id='word_1_655' title='bbox 1174 4640 1359 4702; x_wconf 84' lang='grc' dir='ltr'>ἁπλῶς</span> <span class='ocrx_word' id='word_1_656' title='bbox 1383 4641 1476 4692; x_wconf 82' lang='grc' dir='ltr'><strong>ὲπί</strong></span> <span class='ocrx_word' id='word_1_657' title='bbox 1504 4638 1741 4707; x_wconf 84' lang='grc' dir='ltr'>Χριστοῦ</span> <span class='ocrx_word' id='word_1_658' title='bbox 1767 4638 1856 4692; x_wconf 84' lang='grc' dir='ltr'>λέ-</span> 
     </span>
    </p>
   </div>
   <div class='ocr_carea' id='block_1_92' title="bbox 283 4729 1858 4803">
    <p class='ocr_par' dir='ltr' id='par_1_92' title="bbox 283 4729 1858 4803">
     <span class='ocr_line' id='line_1_92' title="bbox 283 4729 1858 4803; baseline -0.001 -18"><span class='ocrx_word' id='word_1_659' title='bbox 283 4751 400 4802; x_wconf 90' lang='grc' dir='ltr'>γειν</span> <span class='ocrx_word' id='word_1_660' title='bbox 429 4733 489 4786; x_wconf 85' lang='grc' dir='ltr'>οὐ</span> <span class='ocrx_word' id='word_1_661' title='bbox 518 4732 902 4803; x_wconf 76' lang='grc' dir='ltr'>παραδέχεται,</span> <span class='ocrx_word' id='word_1_662' title='bbox 928 4729 1065 4784; x_wconf 84' lang='grc' dir='ltr'><strong>ἀλλά</strong></span> <span class='ocrx_word' id='word_1_663' title='bbox 1096 4731 1224 4801; x_wconf 82' lang='grc' dir='ltr'>μίαν</span> <span class='ocrx_word' id='word_1_664' title='bbox 1240 4729 1403 4800; x_wconf 81' lang='grc' dir='ltr'>φύσιν</span> <span class='ocrx_word' id='word_1_665' title='bbox 1424 4729 1512 4783; x_wconf 87' lang='grc' dir='ltr'><strong>τοῦ</strong></span> <span class='ocrx_word' id='word_1_666' title='bbox 1531 4729 1666 4784; x_wconf 86' lang='grc' dir='ltr'>Θεοῦ</span> <span class='ocrx_word' id='word_1_667' title='bbox 1685 4732 1858 4799; x_wconf 85' lang='grc' dir='ltr'>Λόγου</span> 
     </span>
    </p>
   </div>
   <div class='ocr_carea' id='block_1_93' title="bbox 287 4817 1857 4892">
    <p class='ocr_par' dir='ltr' id='par_1_93' title="bbox 287 4817 1857 4892">
     <span class='ocr_line' id='line_1_93' title="bbox 287 4817 1857 4892; baseline -0.001 -17"><span class='ocrx_word' id='word_1_668' title='bbox 287 4824 715 4892; x_wconf 86' lang='grc' dir='ltr'>σεσαρκωμένην</span> <span class='ocrx_word' id='word_1_669' title='bbox 751 4837 764 4850; x_wconf 91' lang='grc'>·</span> <span class='ocrx_word' id='word_1_670' title='bbox 794 4819 883 4872; x_wconf 70' lang='grc' dir='ltr'><strong>διὰ</strong></span> <span class='ocrx_word' id='word_1_671' title='bbox 922 4819 1021 4886; x_wconf 72' lang='grc' dir='ltr'><strong>τῆς</strong></span> <span class='ocrx_word' id='word_1_672' title='bbox 1046 4819 1369 4890; x_wconf 74' lang='grc' dir='ltr'>προσθήκης</span> <span class='ocrx_word' id='word_1_673' title='bbox 1406 4817 1502 4871; x_wconf 90' lang='grc' dir='ltr'><strong>τοῦ</strong></span> <span class='ocrx_word' id='word_1_674' title='bbox 1528 4858 1542 4881; x_wconf 93' lang='grc'><strong>,</strong></span> <span class='ocrx_word' id='word_1_675' title='bbox 1569 4837 1857 4892; x_wconf 88' lang='grc' dir='ltr'>σεσαρκω-</span> 
     </span>
    </p>
   </div>
   <div class='ocr_carea' id='block_1_94' title="bbox 290 4909 1860 4984">
    <p class='ocr_par' dir='ltr' id='par_1_94' title="bbox 290 4909 1860 4984">
     <span class='ocr_line' id='line_1_94' title="bbox 290 4909 1860 4984; baseline 0 -18"><span class='ocrx_word' id='word_1_676' title='bbox 290 4914 486 4984; x_wconf 86' lang='grc' dir='ltr'>μένην,</span> <span class='ocrx_word' id='word_1_677' title='bbox 535 4911 789 4983; x_wconf 73' lang='grc' dir='ltr'>δηλοῦσιν</span> <span class='ocrx_word' id='word_1_678' title='bbox 820 4911 918 4982; x_wconf 81' lang='grc' dir='ltr'>τὴν</span> <span class='ocrx_word' id='word_1_679' title='bbox 962 4909 1125 4980; x_wconf 82' lang='grc' dir='ltr'>φύσιν</span> <span class='ocrx_word' id='word_1_680' title='bbox 1166 4912 1266 4980; x_wconf 77' lang='grc' dir='ltr'>τῆς</span> <span class='ocrx_word' id='word_1_681' title='bbox 1312 4910 1755 4982; x_wconf 80' lang='grc' dir='ltr'>ἀνθρωπότητος,</span> <span class='ocrx_word' id='word_1_682' title='bbox 1794 4914 1860 4983; x_wconf 72' lang='grc' dir='ltr'>ἢν</span> 
     </span>
    </p>
   </div>
   <div class='ocr_carea' id='block_1_95' title="bbox 287 5002 1860 5076">
    <p class='ocr_par' dir='ltr' id='par_1_95' title="bbox 287 5002 1860 5076">
     <span class='ocr_line' id='line_1_95' title="bbox 287 5002 1860 5076; baseline -0.001 -18"><span class='ocrx_word' id='word_1_683' title='bbox 287 5008 319 5076; x_wconf 73' lang='grc' dir='ltr'>ἡ</span> <span class='ocrx_word' id='word_1_684' title='bbox 355 5004 518 5073; x_wconf 77' lang='grc' dir='ltr'>φύσις</span> <span class='ocrx_word' id='word_1_685' title='bbox 549 5004 643 5057; x_wconf 89' lang='grc' dir='ltr'><strong>τοῦ</strong></span> <span class='ocrx_word' id='word_1_686' title='bbox 675 5004 810 5057; x_wconf 78' lang='grc' dir='ltr'>Θεοῦ</span> <span class='ocrx_word' id='word_1_687' title='bbox 838 5005 1015 5071; x_wconf 80' lang='grc' dir='ltr'>Λόγου</span> <span class='ocrx_word' id='word_1_688' title='bbox 1044 5002 1606 5073; x_wconf 79' lang='grc' dir='ltr'>προσλαμϐανομένη,</span> <span class='ocrx_word' id='word_1_689' title='bbox 1643 5004 1757 5074; x_wconf 70' lang='grc' dir='ltr'>ἃμα</span> <span class='ocrx_word' id='word_1_690' title='bbox 1799 5021 1860 5058; x_wconf 88' lang='grc' dir='ltr'><strong>τε</strong></span> 
     </span>
    </p>
   </div>
   <div class='ocr_carea' id='block_1_96' title="bbox 288 5086 1857 5163">
    <p class='ocr_par' dir='ltr' id='par_1_96' title="bbox 288 5086 1857 5163">
     <span class='ocr_line' id='line_1_96' title="bbox 288 5086 1857 5163; baseline -0.003 -17"><span class='ocrx_word' id='word_1_691' title='bbox 288 5093 383 5147; x_wconf 78' lang='grc' dir='ltr'>καὶ</span> <span class='ocrx_word' id='word_1_692' title='bbox 406 5094 503 5145; x_wconf 70' lang='grc' dir='ltr'>σὺν</span> <span class='ocrx_word' id='word_1_693' title='bbox 528 5092 699 5163; x_wconf 82' lang='grc' dir='ltr'>ταύτῃ</span> <span class='ocrx_word' id='word_1_694' title='bbox 728 5086 810 5154; x_wconf 73' lang='grc' dir='ltr'>εἷς</span> <span class='ocrx_word' id='word_1_695' title='bbox 844 5089 1046 5161; x_wconf 80' lang='grc' dir='ltr'>Κύριος</span> <span class='ocrx_word' id='word_1_696' title='bbox 1090 5088 1297 5160; x_wconf 84' lang='grc' dir='ltr'>Ἰησοῦς</span> <span class='ocrx_word' id='word_1_697' title='bbox 1320 5088 1554 5159; x_wconf 75' lang='grc' dir='ltr'>Χριστὸς</span> <span class='ocrx_word' id='word_1_698' title='bbox 1587 5089 1813 5157; x_wconf 87' lang='grc' dir='ltr'>γέγονεν</span> <span class='ocrx_word' id='word_1_699' title='bbox 1840 5106 1857 5122; x_wconf 79' lang='grc' dir='ltr'><strong><em>ο</em></strong></span> 
     </span>
    </p>
   </div>
   <div class='ocr_carea' id='block_1_97' title="bbox 288 5179 1861 5254">
    <p class='ocr_par' dir='ltr' id='par_1_97' title="bbox 288 5179 1861 5254">
     <span class='ocr_line' id='line_1_97' title="bbox 288 5179 1861 5254; baseline -0.003 -17"><span class='ocrx_word' id='word_1_700' title='bbox 288 5184 407 5238; x_wconf 72' lang='grc' dir='ltr'>οὐδὲ</span> <span class='ocrx_word' id='word_1_701' title='bbox 449 5184 641 5254; x_wconf 82' lang='grc' dir='ltr'>αύτὴή</span> <span class='ocrx_word' id='word_1_702' title='bbox 674 5181 768 5235; x_wconf 91' lang='grc' dir='ltr'><strong>τοῦ</strong></span> <span class='ocrx_word' id='word_1_703' title='bbox 797 5183 971 5250; x_wconf 87' lang='grc' dir='ltr'>Λόγου</span> <span class='ocrx_word' id='word_1_704' title='bbox 994 5180 1155 5250; x_wconf 84' lang='grc' dir='ltr'>φύσις</span> <span class='ocrx_word' id='word_1_705' title='bbox 1191 5180 1351 5252; x_wconf 77' lang='grc' dir='ltr'>ἑτέρα</span> <span class='ocrx_word' id='word_1_706' title='bbox 1385 5182 1512 5251; x_wconf 79' lang='grc' dir='ltr'>παρ’</span> <span class='ocrx_word' id='word_1_707' title='bbox 1544 5182 1743 5251; x_wconf 77' lang='grc' dir='ltr'>ἑαυτὴν</span> <span class='ocrx_word' id='word_1_708' title='bbox 1767 5179 1861 5234; x_wconf 79' lang='grc' dir='ltr'><strong>καὶ</strong></span> 
     </span>
    </p>
   </div>
   <div class='ocr_carea' id='block_1_98' title="bbox 287 5271 1859 5345">
    <p class='ocr_par' dir='ltr' id='par_1_98' title="bbox 287 5271 1859 5345">
     <span class='ocr_line' id='line_1_98' title="bbox 287 5271 1859 5345; baseline -0.003 -16"><span class='ocrx_word' id='word_1_709' title='bbox 287 5275 397 5329; x_wconf 82' lang='grc' dir='ltr'><strong>τῶν</strong></span> <span class='ocrx_word' id='word_1_710' title='bbox 443 5274 566 5327; x_wconf 80' lang='grc' dir='ltr'>κατ’</span> <span class='ocrx_word' id='word_1_711' title='bbox 600 5274 771 5345; x_wconf 80' lang='grc' dir='ltr'>αὐτὴν</span> <span class='ocrx_word' id='word_1_712' title='bbox 800 5273 1121 5341; x_wconf 85' lang='grc' dir='ltr'>θεοπρεπῶς</span> <span class='ocrx_word' id='word_1_713' title='bbox 1175 5271 1511 5343; x_wconf 79' lang='grc' dir='ltr'>αὐχημάτων</span> <span class='ocrx_word' id='word_1_714' title='bbox 1559 5272 1859 5342; x_wconf 87' lang='grc' dir='ltr'>γενομένη,</span> 
     </span>
    </p>
   </div>
   <div class='ocr_carea' id='block_1_99' title="bbox 289 5364 1863 5438">
    <p class='ocr_par' dir='ltr' id='par_1_99' title="bbox 289 5364 1863 5438">
     <span class='ocr_line' id='line_1_99' title="bbox 289 5364 1863 5438; baseline -0.003 -17"><span class='ocrx_word' id='word_1_715' title='bbox 289 5369 335 5421; x_wconf 74' lang='grc' dir='ltr'>εξ</span> <span class='ocrx_word' id='word_1_716' title='bbox 363 5368 457 5421; x_wconf 74' lang='grc' dir='ltr'>καὶ</span> <span class='ocrx_word' id='word_1_717' title='bbox 473 5369 543 5420; x_wconf 64' lang='grc' dir='ltr'>ἐν</span> <span class='ocrx_word' id='word_1_718' title='bbox 573 5366 877 5438; x_wconf 78' lang='grc' dir='ltr'>προσλήψει</span> <span class='ocrx_word' id='word_1_719' title='bbox 932 5366 1134 5436; x_wconf 70' lang='grc' dir='ltr'>σαρκὸς</span> <span class='ocrx_word' id='word_1_720' title='bbox 1181 5365 1399 5433; x_wconf 88' lang='grc' dir='ltr'>γέγονε,</span> <span class='ocrx_word' id='word_1_721' title='bbox 1430 5364 1631 5435; x_wconf 76' lang='grc' dir='ltr'>σαρκὸς</span> <span class='ocrx_word' id='word_1_722' title='bbox 1680 5364 1738 5418; x_wconf 80' lang='grc' dir='ltr'>δὲ</span> <span class='ocrx_word' id='word_1_723' title='bbox 1765 5365 1863 5435; x_wconf 78' lang='grc' dir='ltr'><strong>οὐχ</strong></span> 
     </span>
    </p>
   </div>
   <div class='ocr_carea' id='block_1_100' title="bbox 288 5453 1858 5527">
    <p class='ocr_par' dir='ltr' id='par_1_100' title="bbox 288 5453 1858 5527">
     <span class='ocr_line' id='line_1_100' title="bbox 288 5453 1858 5527; baseline -0.003 -15"><span class='ocrx_word' id='word_1_724' title='bbox 288 5458 478 5522; x_wconf 86' lang='grc' dir='ltr'>ἀπλῶς</span> <span class='ocrx_word' id='word_1_725' title='bbox 507 5473 523 5489; x_wconf 85' lang='grc'><strong>·</strong></span> <span class='ocrx_word' id='word_1_726' title='bbox 557 5457 719 5511; x_wconf 85' lang='grc' dir='ltr'>τοῦτο</span> <span class='ocrx_word' id='word_1_727' title='bbox 765 5456 874 5527; x_wconf 76' lang='grc' dir='ltr'><strong>γὰρ</strong></span> <span class='ocrx_word' id='word_1_728' title='bbox 917 5455 1298 5527; x_wconf 67' lang='grc' dir='ltr'>’Λρειανικόψ</span> <span class='ocrx_word' id='word_1_729' title='bbox 1336 5453 1477 5508; x_wconf 81' lang='grc' dir='ltr'><strong>ἀλλά</strong></span> <span class='ocrx_word' id='word_1_730' title='bbox 1508 5454 1716 5524; x_wconf 81' lang='grc' dir='ltr'>σαρκὸς</span> <span class='ocrx_word' id='word_1_731' title='bbox 1802 5456 1858 5507; x_wconf 74' lang='grc' dir='ltr'>ιο</span> 
     </span>
    </p>
   </div>
   <div class='ocr_carea' id='block_1_101' title="bbox 287 5545 1862 5619">
    <p class='ocr_par' dir='ltr' id='par_1_101' title="bbox 287 5545 1862 5619">
     <span class='ocr_line' id='line_1_101' title="bbox 287 5545 1862 5619; baseline -0.001 -18"><span class='ocrx_word' id='word_1_732' title='bbox 287 5549 620 5619; x_wconf 76' lang='grc' dir='ltr'>ψυχωμένης</span> <span class='ocrx_word' id='word_1_733' title='bbox 653 5563 668 5579; x_wconf 86' lang='grc'><strong>·</strong></span> <span class='ocrx_word' id='word_1_734' title='bbox 705 5549 801 5602; x_wconf 78' lang='grc' dir='ltr'><strong>καὶ</strong></span> <span class='ocrx_word' id='word_1_735' title='bbox 832 5548 955 5618; x_wconf 78' lang='grc' dir='ltr'><strong>οὐχὶ</strong></span> <span class='ocrx_word' id='word_1_736' title='bbox 1045 5545 1411 5617; x_wconf 67' lang='grc' dir='ltr'>ἐψυχωμένης</span> <span class='ocrx_word' id='word_1_737' title='bbox 1444 5546 1608 5617; x_wconf 84' lang='grc' dir='ltr'>μόνον</span> <span class='ocrx_word' id='word_1_738' title='bbox 1631 5561 1646 5575; x_wconf 89' lang='grc'><strong>·</strong></span> <span class='ocrx_word' id='word_1_739' title='bbox 1698 5545 1862 5599; x_wconf 82' lang='grc' dir='ltr'>πάλιν</span> 
     </span>
    </p>
   </div>
   <div class='ocr_carea' id='block_1_102' title="bbox 289 5635 1864 5709">
    <p class='ocr_par' dir='ltr' id='par_1_102' title="bbox 289 5635 1864 5709">
     <span class='ocr_line' id='line_1_102' title="bbox 289 5635 1864 5709; baseline -0.001 -20"><span class='ocrx_word' id='word_1_740' title='bbox 289 5639 400 5708; x_wconf 70' lang='grc' dir='ltr'><strong>γὰρ</strong></span> <span class='ocrx_word' id='word_1_741' title='bbox 439 5638 820 5709; x_wconf 83' lang='grc' dir='ltr'>’Λπολιναρίου</span> <span class='ocrx_word' id='word_1_742' title='bbox 867 5639 965 5692; x_wconf 74' lang='grc' dir='ltr'><strong>καὶ</strong></span> <span class='ocrx_word' id='word_1_743' title='bbox 1008 5636 1169 5690; x_wconf 88' lang='grc' dir='ltr'>τοῦτο</span> <span class='ocrx_word' id='word_1_744' title='bbox 1196 5651 1209 5665; x_wconf 81' lang='grc'><strong>⁸</strong></span> <span class='ocrx_word' id='word_1_745' title='bbox 1280 5635 1397 5689; x_wconf 78' lang='grc' dir='ltr'>ἀλλ’</span> <span class='ocrx_word' id='word_1_746' title='bbox 1497 5636 1864 5709; x_wconf 71' lang='grc' dir='ltr'>ὶψυχωμένης</span> 
     </span>
    </p>
   </div>
   <div class='ocr_carea' id='block_1_103' title="bbox 294 5728 1863 5804">
    <p class='ocr_par' dir='ltr' id='par_1_103' title="bbox 294 5728 1863 5804">
     <span class='ocr_line' id='line_1_103' title="bbox 294 5728 1863 5804; baseline -0.002 -19"><span class='ocrx_word' id='word_1_747' title='bbox 294 5729 437 5804; x_wconf 63' lang='grc' dir='ltr'>ψυχῇ</span> <span class='ocrx_word' id='word_1_748' title='bbox 468 5733 633 5803; x_wconf 77' lang='grc' dir='ltr'>νοερᾷ</span> <span class='ocrx_word' id='word_1_749' title='bbox 662 5731 758 5785; x_wconf 75' lang='grc' dir='ltr'>καὶ</span> <span class='ocrx_word' id='word_1_750' title='bbox 789 5730 983 5803; x_wconf 70' lang='grc' dir='ltr'>λογικῇ</span> <span class='ocrx_word' id='word_1_751' title='bbox 1004 5747 1017 5759; x_wconf 88' lang='grc'><strong>·</strong></span> <span class='ocrx_word' id='word_1_752' title='bbox 1044 5731 1164 5785; x_wconf 71' lang='grc' dir='ltr'>οὐδὲ</span> <span class='ocrx_word' id='word_1_753' title='bbox 1195 5733 1301 5802; x_wconf 80' lang='grc' dir='ltr'>μὴν</span> <span class='ocrx_word' id='word_1_754' title='bbox 1328 5729 1425 5802; x_wconf 83' lang='grc' dir='ltr'>τὴν</span> <span class='ocrx_word' id='word_1_755' title='bbox 1447 5729 1737 5801; x_wconf 88' lang='grc' dir='ltr'>ἀνθρώπου</span> <span class='ocrx_word' id='word_1_756' title='bbox 1763 5728 1863 5800; x_wconf 82' lang='grc' dir='ltr'>φύ-</span> 
     </span>
    </p>
   </div>
   <div class='ocr_carea' id='block_1_104' title="bbox 1962 4538 3539 4617">
    <p class='ocr_par' dir='ltr' id='par_1_104' title="bbox 1962 4538 3539 4617">
     <span class='ocr_line' id='line_1_104' title="bbox 1962 4538 3539 4617; baseline -0.008 -14"><span class='ocrx_word' id='word_1_757' title='bbox 1962 4548 2316 4612; x_wconf 70' lang='lat' dir='ltr'><strong>Manichazus,</strong></span> <span class='ocrx_word' id='word_1_758' title='bbox 2357 4545 2733 4617; x_wconf 84' lang='lat' dir='ltr'><strong>Apollinarius</strong></span> <span class='ocrx_word' id='word_1_759' title='bbox 2754 4552 2810 4600; x_wconf 91' lang='lat' dir='ltr'><strong>et</strong></span> <span class='ocrx_word' id='word_1_760' title='bbox 2853 4543 3168 4615; x_wconf 83' lang='lat' dir='ltr'><strong>Eutyches,</strong></span> <span class='ocrx_word' id='word_1_761' title='bbox 3211 4540 3307 4595; x_wconf 90' lang='lat' dir='ltr'><strong>sed</strong></span> <span class='ocrx_word' id='word_1_762' title='bbox 3352 4538 3539 4610; x_wconf 87' lang='lat' dir='ltr'><strong>potius</strong></span> 
     </span>
    </p>
   </div>
   <div class='ocr_carea' id='block_1_105' title="bbox 1964 4631 3538 4703">
    <p class='ocr_par' dir='ltr' id='par_1_105' title="bbox 1964 4631 3538 4703">
     <span class='ocr_line' id='line_1_105' title="bbox 1964 4631 3538 4703; baseline -0.006 -8"><span class='ocrx_word' id='word_1_763' title='bbox 1964 4656 2129 4695; x_wconf 88' lang='lat' dir='ltr'><strong>unam</strong></span> <span class='ocrx_word' id='word_1_764' title='bbox 2163 4647 2417 4693; x_wconf 88' lang='lat' dir='ltr'><strong>naturam</strong></span> <span class='ocrx_word' id='word_1_765' title='bbox 2447 4638 2618 4693; x_wconf 90' lang='lat' dir='ltr'><strong>Verbi</strong></span> <span class='ocrx_word' id='word_1_766' title='bbox 2648 4636 2747 4692; x_wconf 90' lang='lat' dir='ltr'><strong>Dei</strong></span> <span class='ocrx_word' id='word_1_767' title='bbox 2781 4635 3121 4692; x_wconf 88' lang='lat' dir='ltr'><strong>incarnatam</strong></span> <span class='ocrx_word' id='word_1_768' title='bbox 3149 4651 3162 4688; x_wconf 89' lang='lat'><strong>:</strong></span> <span class='ocrx_word' id='word_1_769' title='bbox 3189 4631 3538 4703; x_wconf 73' lang='lat' dir='ltr'><strong>adiungendo</strong></span> 
     </span>
    </p>
   </div>
   <div class='ocr_carea' id='block_1_106' title="bbox 1962 4723 3536 4795">
    <p class='ocr_par' dir='ltr' id='par_1_106' title="bbox 1962 4723 3536 4795">
     <span class='ocr_line' id='line_1_106' title="bbox 1962 4723 3536 4795; baseline -0.006 -8"><span class='ocrx_word' id='word_1_770' title='bbox 1962 4732 2133 4795; x_wconf 87' lang='lat' dir='ltr'><strong>enim,</strong></span> <span class='ocrx_word' id='word_1_771' title='bbox 2165 4731 2528 4795; x_wconf 88' lang='lat' dir='ltr'><strong>incarnatam,</strong></span> <span class='ocrx_word' id='word_1_772' title='bbox 2576 4729 2826 4785; x_wconf 89' lang='lat' dir='ltr'><strong>declarat</strong></span> <span class='ocrx_word' id='word_1_773' title='bbox 2861 4735 3118 4783; x_wconf 87' lang='lat' dir='ltr'><strong>naturam</strong></span> <span class='ocrx_word' id='word_1_774' title='bbox 3152 4723 3536 4788; x_wconf 86' lang='lat' dir='ltr'><strong>humanitatis,</strong></span> 
     </span>
    </p>
   </div>
   <div class='ocr_carea' id='block_1_107' title="bbox 1962 4814 3533 4891">
    <p class='ocr_par' dir='ltr' id='par_1_107' title="bbox 1962 4814 3533 4891">
     <span class='ocr_line' id='line_1_107' title="bbox 1962 4814 3533 4891; baseline -0.006 -16"><span class='ocrx_word' id='word_1_775' title='bbox 1962 4837 2124 4891; x_wconf 88' lang='lat' dir='ltr'><strong>quam</strong></span> <span class='ocrx_word' id='word_1_776' title='bbox 2157 4827 2352 4874; x_wconf 91' lang='lat' dir='ltr'><strong>natura</strong></span> <span class='ocrx_word' id='word_1_777' title='bbox 2400 4819 2564 4875; x_wconf 90' lang='lat' dir='ltr'><strong>Verbi</strong></span> <span class='ocrx_word' id='word_1_778' title='bbox 2604 4820 2699 4874; x_wconf 89' lang='lat' dir='ltr'><strong>Dei</strong></span> <span class='ocrx_word' id='word_1_779' title='bbox 2745 4817 3062 4888; x_wconf 84' lang='lat' dir='ltr'><strong>assumpsit,</strong></span> <span class='ocrx_word' id='word_1_780' title='bbox 3127 4823 3184 4871; x_wconf 90' lang='lat' dir='ltr'><strong>et</strong></span> <span class='ocrx_word' id='word_1_781' title='bbox 3212 4814 3376 4870; x_wconf 88' lang='lat' dir='ltr'><strong>simul</strong></span> <span class='ocrx_word' id='word_1_782' title='bbox 3407 4827 3533 4869; x_wconf 89' lang='lat' dir='ltr'><strong>cum</strong></span> 
     </span>
    </p>
   </div>
   <div class='ocr_carea' id='block_1_108' title="bbox 1964 4907 3539 4967">
    <p class='ocr_par' dir='ltr' id='par_1_108' title="bbox 1964 4907 3539 4967">
     <span class='ocr_line' id='line_1_108' title="bbox 1964 4907 3539 4967; baseline -0.005 -1"><span class='ocrx_word' id='word_1_783' title='bbox 1964 4912 2068 4967; x_wconf 88' lang='lat' dir='ltr'><strong>hac</strong></span> <span class='ocrx_word' id='word_1_784' title='bbox 2102 4911 2277 4966; x_wconf 80' lang='lat' dir='ltr'><strong>factus</strong></span> <span class='ocrx_word' id='word_1_785' title='bbox 2301 4919 2387 4966; x_wconf 90' lang='lat' dir='ltr'><strong>est</strong></span> <span class='ocrx_word' id='word_1_786' title='bbox 2421 4925 2566 4966; x_wconf 90' lang='lat' dir='ltr'><strong>unus</strong></span> <span class='ocrx_word' id='word_1_787' title='bbox 2597 4911 2866 4965; x_wconf 90' lang='lat' dir='ltr'><strong>Dominus</strong></span> <span class='ocrx_word' id='word_1_788' title='bbox 2887 4910 3050 4965; x_wconf 82' lang='lat' dir='ltr'><strong>Jesus</strong></span> <span class='ocrx_word' id='word_1_789' title='bbox 3079 4907 3337 4964; x_wconf 90' lang='lat' dir='ltr'><strong>Christus</strong></span> <span class='ocrx_word' id='word_1_790' title='bbox 3378 4923 3391 4959; x_wconf 92' lang='lat'><strong>:</strong></span> <span class='ocrx_word' id='word_1_791' title='bbox 3432 4919 3539 4959; x_wconf 88' lang='lat' dir='ltr'><strong>nec</strong></span> 
     </span>
    </p>
   </div>
   <div class='ocr_carea' id='block_1_109' title="bbox 1964 4998 3534 5073">
    <p class='ocr_par' dir='ltr' id='par_1_109' title="bbox 1964 4998 3534 5073">
     <span class='ocr_line' id='line_1_109' title="bbox 1964 4998 3534 5073; baseline -0.004 -16"><span class='ocrx_word' id='word_1_792' title='bbox 1964 5004 2080 5073; x_wconf 90' lang='lat' dir='ltr'><strong>ipsa</strong></span> <span class='ocrx_word' id='word_1_793' title='bbox 2110 5012 2304 5058; x_wconf 90' lang='lat' dir='ltr'><strong>natura</strong></span> <span class='ocrx_word' id='word_1_794' title='bbox 2325 5003 2491 5058; x_wconf 87' lang='lat' dir='ltr'><strong>Verbi</strong></span> <span class='ocrx_word' id='word_1_795' title='bbox 2512 5003 2608 5058; x_wconf 91' lang='lat' dir='ltr'><strong>Dei</strong></span> <span class='ocrx_word' id='word_1_796' title='bbox 2624 5003 2767 5058; x_wconf 81' lang='lat' dir='ltr'><strong>facta</strong></span> <span class='ocrx_word' id='word_1_797' title='bbox 2795 5011 2884 5058; x_wconf 90' lang='lat' dir='ltr'><strong>est</strong></span> <span class='ocrx_word' id='word_1_798' title='bbox 2910 5002 3016 5057; x_wconf 90' lang='lat' dir='ltr'><strong>alia</strong></span> <span class='ocrx_word' id='word_1_799' title='bbox 3037 5011 3237 5071; x_wconf 70' lang='lat' dir='ltr'><strong>przeter</strong></span> <span class='ocrx_word' id='word_1_800' title='bbox 3274 4998 3534 5067; x_wconf 86' lang='lat' dir='ltr'><strong>seipsam,</strong></span> 
     </span>
    </p>
   </div>
   <div class='ocr_carea' id='block_1_110' title="bbox 1962 5093 3537 5165">
    <p class='ocr_par' dir='ltr' id='par_1_110' title="bbox 1962 5093 3537 5165">
     <span class='ocr_line' id='line_1_110' title="bbox 1962 5093 3537 5165; baseline -0.005 -16"><span class='ocrx_word' id='word_1_801' title='bbox 1962 5103 2018 5149; x_wconf 91' lang='lat' dir='ltr'><strong>et</strong></span> <span class='ocrx_word' id='word_1_802' title='bbox 2051 5110 2113 5148; x_wconf 88' lang='lat' dir='ltr'><strong>ea</strong></span> <span class='ocrx_word' id='word_1_803' title='bbox 2149 5110 2271 5164; x_wconf 62' lang='lat' dir='ltr'><strong>quae</strong></span> <span class='ocrx_word' id='word_1_804' title='bbox 2304 5094 2409 5165; x_wconf 86' lang='lat' dir='ltr'><strong>ipsi</strong></span> <span class='ocrx_word' id='word_1_805' title='bbox 2451 5103 2515 5148; x_wconf 88' lang='lat' dir='ltr'><strong>ut</strong></span> <span class='ocrx_word' id='word_1_806' title='bbox 2544 5110 2665 5149; x_wconf 90' lang='lat' dir='ltr'><strong>eam</strong></span> <span class='ocrx_word' id='word_1_807' title='bbox 2714 5095 2935 5159; x_wconf 92' lang='lat' dir='ltr'><strong>decent,</strong></span> <span class='ocrx_word' id='word_1_808' title='bbox 2984 5093 3345 5154; x_wconf 89' lang='lat' dir='ltr'><strong>conveniunt,</strong></span> <span class='ocrx_word' id='word_1_809' title='bbox 3393 5098 3537 5143; x_wconf 82' lang='lat' dir='ltr'><strong>tam-</strong></span> 
     </span>
    </p>
   </div>
   <div class='ocr_carea' id='block_1_111' title="bbox 1962 5177 3538 5254">
    <p class='ocr_par' dir='ltr' id='par_1_111' title="bbox 1962 5177 3538 5254">
     <span class='ocr_line' id='line_1_111' title="bbox 1962 5177 3538 5254; baseline -0.005 -16"><span class='ocrx_word' id='word_1_810' title='bbox 1962 5183 2066 5238; x_wconf 90' lang='lat' dir='ltr'><strong>etsi</strong></span> <span class='ocrx_word' id='word_1_811' title='bbox 2090 5199 2311 5238; x_wconf 90' lang='lat' dir='ltr'><strong>carnem</strong></span> <span class='ocrx_word' id='word_1_812' title='bbox 2328 5184 2627 5254; x_wconf 88' lang='lat' dir='ltr'><strong>assumpsit</strong></span> <span class='ocrx_word' id='word_1_813' title='bbox 2647 5202 2662 5251; x_wconf 96' lang='lat'><strong>;</strong></span> <span class='ocrx_word' id='word_1_814' title='bbox 2682 5200 2905 5239; x_wconf 79' lang='lat' dir='ltr'><strong>carnem</strong></span> <span class='ocrx_word' id='word_1_815' title='bbox 2922 5200 3056 5239; x_wconf 90' lang='lat' dir='ltr'><strong>vero</strong></span> <span class='ocrx_word' id='word_1_816' title='bbox 3074 5198 3186 5238; x_wconf 93' lang='lat' dir='ltr'><strong>non</strong></span> <span class='ocrx_word' id='word_1_817' title='bbox 3209 5177 3538 5249; x_wconf 89' lang='lat' dir='ltr'><strong>simpliciter</strong></span> 
     </span>
    </p>
   </div>
   <div class='ocr_carea' id='block_1_112' title="bbox 1962 5273 3540 5346">
    <p class='ocr_par' dir='ltr' id='par_1_112' title="bbox 1962 5273 3540 5346">
     <span class='ocr_line' id='line_1_112' title="bbox 1962 5273 3540 5346; baseline -0.003 -15"><span class='ocrx_word' id='word_1_818' title='bbox 1962 5276 2281 5346; x_wconf 88' lang='lat' dir='ltr'><strong>assumpsit,</strong></span> <span class='ocrx_word' id='word_1_819' title='bbox 2309 5276 2414 5331; x_wconf 91' lang='lat' dir='ltr'><strong>hoc</strong></span> <span class='ocrx_word' id='word_1_820' title='bbox 2433 5276 2581 5330; x_wconf 91' lang='lat' dir='ltr'><strong>enim</strong></span> <span class='ocrx_word' id='word_1_821' title='bbox 2596 5276 2791 5331; x_wconf 88' lang='lat' dir='ltr'><strong>dicunt</strong></span> <span class='ocrx_word' id='word_1_822' title='bbox 2809 5274 3022 5339; x_wconf 83' lang='lat' dir='ltr'><strong>Ariani,</strong></span> <span class='ocrx_word' id='word_1_823' title='bbox 3051 5274 3148 5330; x_wconf 93' lang='lat' dir='ltr'><strong>sed</strong></span> <span class='ocrx_word' id='word_1_824' title='bbox 3177 5289 3400 5330; x_wconf 91' lang='lat' dir='ltr'><strong>carnem</strong></span> <span class='ocrx_word' id='word_1_825' title='bbox 3414 5273 3540 5328; x_wconf 87' lang='lat' dir='ltr'><strong>ani-</strong></span> 
     </span>
    </p>
   </div>
   <div class='ocr_carea' id='block_1_113' title="bbox 1962 5348 3540 5430">
    <p class='ocr_par' dir='ltr' id='par_1_113' title="bbox 1962 5348 3540 5430">
     <span class='ocr_line' id='line_1_113' title="bbox 1962 5348 3540 5430; baseline -0.001 -12"><span class='ocrx_word' id='word_1_826' title='bbox 1962 5372 2195 5429; x_wconf 80' lang='lat' dir='ltr'><strong>malam,</strong></span> <span class='ocrx_word' id='word_1_827' title='bbox 2246 5380 2351 5420; x_wconf 93' lang='lat' dir='ltr'><strong>nec</strong></span> <span class='ocrx_word' id='word_1_828' title='bbox 2386 5348 2684 5420; x_wconf 86' lang='lat' dir='ltr'><strong>animatam</strong></span> <span class='ocrx_word' id='word_1_829' title='bbox 2746 5371 2983 5430; x_wconf 87' lang='lat' dir='ltr'><strong>tantum,</strong></span> <span class='ocrx_word' id='word_1_830' title='bbox 3037 5363 3148 5419; x_wconf 90' lang='lat' dir='ltr'><strong>hoc</strong></span> <span class='ocrx_word' id='word_1_831' title='bbox 3178 5362 3326 5417; x_wconf 91' lang='lat' dir='ltr'><strong>enim</strong></span> <span class='ocrx_word' id='word_1_832' title='bbox 3370 5361 3540 5416; x_wconf 91' lang='lat' dir='ltr'><strong>tradit</strong></span> 
     </span>
    </p>
   </div>
   <div class='ocr_carea' id='block_1_114' title="bbox 1962 5453 3540 5534">
    <p class='ocr_par' dir='ltr' id='par_1_114' title="bbox 1962 5453 3540 5534">
     <span class='ocr_line' id='line_1_114' title="bbox 1962 5453 3540 5534; baseline -0.003 -24"><span class='ocrx_word' id='word_1_833' title='bbox 1962 5454 2359 5524; x_wconf 85' lang='lat' dir='ltr'><strong>Apollinarius,</strong></span> <span class='ocrx_word' id='word_1_834' title='bbox 2416 5454 2514 5510; x_wconf 88' lang='lat' dir='ltr'><strong>sed</strong></span> <span class='ocrx_word' id='word_1_835' title='bbox 2569 5454 2752 5510; x_wconf 87' lang='lat' dir='ltr'><strong>anima</strong></span> <span class='ocrx_word' id='word_1_836' title='bbox 2803 5454 3062 5510; x_wconf 85' lang='lat' dir='ltr'><strong>rationali</strong></span> <span class='ocrx_word' id='word_1_837' title='bbox 3109 5463 3168 5510; x_wconf 91' lang='lat' dir='ltr'><strong>et</strong></span> <span class='ocrx_word' id='word_1_838' title='bbox 3194 5453 3540 5534; x_wconf 76' lang='lat' dir='ltr'><strong>intelligente</strong></span> 
     </span>
    </p>
   </div>
   <div class='ocr_carea' id='block_1_115' title="bbox 1962 5543 3535 5620">
    <p class='ocr_par' dir='ltr' id='par_1_115' title="bbox 1962 5543 3535 5620">
     <span class='ocr_line' id='line_1_115' title="bbox 1962 5543 3535 5620; baseline -0.004 -17"><span class='ocrx_word' id='word_1_839' title='bbox 1962 5547 2249 5620; x_wconf 67' lang='lat' dir='ltr'><strong>praaditam</strong></span> <span class='ocrx_word' id='word_1_840' title='bbox 2270 5566 2284 5603; x_wconf 87' lang='lat'>:</span> <span class='ocrx_word' id='word_1_841' title='bbox 2301 5563 2480 5619; x_wconf 88' lang='lat' dir='ltr'><strong>neque</strong></span> <span class='ocrx_word' id='word_1_842' title='bbox 2498 5555 2754 5603; x_wconf 89' lang='lat' dir='ltr'><strong>naturam</strong></span> <span class='ocrx_word' id='word_1_843' title='bbox 2774 5545 3016 5601; x_wconf 88' lang='lat' dir='ltr'><strong>hominis</strong></span> <span class='ocrx_word' id='word_1_844' title='bbox 3034 5560 3198 5618; x_wconf 88' lang='lat' dir='ltr'><strong>quam</strong></span> <span class='ocrx_word' id='word_1_845' title='bbox 3216 5543 3535 5614; x_wconf 87' lang='lat' dir='ltr'><strong>assumpsit,</strong></span> 
     </span>
    </p>
   </div>
   <div class='ocr_carea' id='block_1_116' title="bbox 1964 5636 3540 5711">
    <p class='ocr_par' dir='ltr' id='par_1_116' title="bbox 1964 5636 3540 5711">
     <span class='ocr_line' id='line_1_116' title="bbox 1964 5636 3540 5711; baseline -0.003 -16"><span class='ocrx_word' id='word_1_846' title='bbox 1964 5640 2020 5695; x_wconf 88' lang='lat' dir='ltr'><strong>in</strong></span> <span class='ocrx_word' id='word_1_847' title='bbox 2093 5641 2331 5711; x_wconf 89' lang='lat' dir='ltr'><strong>seipsam</strong></span> <span class='ocrx_word' id='word_1_848' title='bbox 2363 5636 2602 5705; x_wconf 81' lang='lat' dir='ltr'><strong>refudit,</strong></span> <span class='ocrx_word' id='word_1_849' title='bbox 2643 5655 2748 5695; x_wconf 91' lang='lat' dir='ltr'><strong>nec</strong></span> <span class='ocrx_word' id='word_1_850' title='bbox 2777 5640 2927 5695; x_wconf 86' lang='lat' dir='ltr'><strong>illam</strong></span> <span class='ocrx_word' id='word_1_851' title='bbox 2962 5638 3139 5711; x_wconf 89' lang='lat' dir='ltr'><strong>ipsam</strong></span> <span class='ocrx_word' id='word_1_852' title='bbox 3187 5636 3444 5703; x_wconf 90' lang='lat' dir='ltr'><strong>mutavit,</strong></span> <span class='ocrx_word' id='word_1_853' title='bbox 3476 5643 3540 5692; x_wconf 86' lang='lat' dir='ltr'><strong>ut</strong></span> 
     </span>
    </p>
   </div>
   <div class='ocr_carea' id='block_1_117' title="bbox 1964 5727 3543 5807">
    <p class='ocr_par' dir='ltr' id='par_1_117' title="bbox 1964 5727 3543 5807">
     <span class='ocr_line' id='line_1_117' title="bbox 1964 5727 3543 5807; baseline -0.001 -20"><span class='ocrx_word' id='word_1_854' title='bbox 1964 5740 2123 5805; x_wconf 81' lang='lat' dir='ltr'><strong>extra</strong></span> <span class='ocrx_word' id='word_1_855' title='bbox 2140 5730 2521 5790; x_wconf 88' lang='lat' dir='ltr'><strong>deﬁnitionem</strong></span> <span class='ocrx_word' id='word_1_856' title='bbox 2546 5732 2667 5807; x_wconf 82' lang='lat' dir='ltr'><strong>ejus</strong></span> <span class='ocrx_word' id='word_1_857' title='bbox 2694 5731 3008 5788; x_wconf 87' lang='lat' dir='ltr'><strong>naturalem</strong></span> <span class='ocrx_word' id='word_1_858' title='bbox 3034 5740 3091 5789; x_wconf 89' lang='lat' dir='ltr'><strong>et</strong></span> <span class='ocrx_word' id='word_1_859' title='bbox 3116 5727 3543 5789; x_wconf 80' lang='lat' dir='ltr'><strong>substantialem</strong></span> 
     </span>
    </p>
   </div>
  </div>
