3946 6206
477 338 609 404 1491
1602 336 1991 398 ΤΗΕΟΒΟΒῙ

2113 330 2552 394 ιΑιΤυΕΝειε
3583 307 3718 371 1493

467 461 720 524 poneret,
752 466 854 506 nec
885 450 1028 506 hanc
1058 449 1406 519 consumpsit
1441 457 1501 503 nt
1524 448 1666 519 ignis
1697 464 1879 504 ceram
1915 465 1928 500 :
1970 463 2004 500 u

2135 460 2245 518 σιν,
2268 436 2336 511 ἧς
2375 442 2433 492 ἐν
2460 435 2763 510 προσλήψει
2792 433 3040 502 γέγονεν,
3065 428 3148 490 είς
3178 419 3713 532 ἑαυτὴνιὰνέχεενὶῆ

463 510 571 613 iam
602 553 715 598 tota
747 541 1000 596 deﬁnitio
1047 556 1169 610 qua:
1203 510 1318 595 haec
1349 540 1614 603 declarat,
1660 541 1741 594 sic
1771 556 1802 593 a
1841 539 1950 608 piis
1972 554 2002 591 e

2137 510 2307 603 αὐτὴν
2339 533 2555 601 ἐκείνην
2579 519 2892 598 ἠλλοίωσεν
2914 522 3020 588 ἔξω
3055 521 3153 575 τοῦ
3180 518 3321 572 κατὰ
3355 517 3447 568 τὸν
3480 510 3713 582 φυσικὸν

2186 625 2191 626 ,
2408 624 2415 626 ξ
2497 622 2508 626 -
2601 620 2649 626 ,Α
2742 619 2765 626 ..
2983 617 2994 626 ι
3037 613 3091 626 ιι
3284 607 3361 626 QD!
3433 607 3446 623 ο
3478 623 3491 626 -
3541 604 3710 626 --μ-1-.

460 604 763 690 ίῖαιιιοιίοἱε
777 604 1083 687 οθέτοιυτιι
1118 632 1234 689 Una
1261 640 1460 692 natura
1474 632 1638 687 Verbi
1657 631 1750 687 Dei
1774 604 2009 685 incarna

2128 625 2303 701 αὐτῆς
2337 624 2432 677 καὶ
2460 620 2693 689 οὑσιώδη
2740 619 2865 688 ὅρον
2910 617 3004 669 καὶ
3037 613 3216 680 λόγον,
3243 607 3391 672 οὐδὲ,
3418 607 3492 670 ὡς
3539 604 3711 707 κηρξν

463 733 538 788 ta,
570 723 756 778 anima
790 722 1048 778 rationali
1074 731 1133 779 et
1171 721 1515 791 intelligente
1533 719 1781 789 praedita.
1815 719 2009 773 Rursu:

2136 718 2266 788 πῦρ.
2298 716 2501 785 ταύτην
2519 711 2942 782 ἐξεδαπάνησεν.
2967 708 3133 760 ’Ὥστε
3159 705 3257 757 τὸν
3275 702 3396 755 ὅλον
3422 702 3712 801 ὅρον.ταῦ-

458 816 896 872 ecclesiasticum
932 814 1126 885 dogma
1157 832 1266 870 non
1289 815 1510 884 probat,
1545 823 1605 867 ut
1631 812 1881 868 dicamus
1899 811 2009 865 sim

2134 826 2203 862 τα
2242 807 2509 876 δηλοῦντα
2555 805 2755 859 οὑτωσὶ
2790 799 3048 869 λέγεσθαι
3086 797 3223 868 πρὸς
3263 794 3373 847 τῶν
3416 790 3664 845 εὐσεϐῶν
3691 806 3706 820 -

458 909 678 977 pliciter
725 908 865 962 duas
911 884 1142 962 naturas
1201 908 1255 961 in
1309 906 1556 968 Christo,
1595 904 1735 958 sicut
1798 903 2004 957 Paulus

2136 900 2252 955 Μία
2314 897 2472 966 φύσις
2531 896 2626 948 τοῦ
2674 893 2810 947 Θεοῦ
2871 892 3046 959 Λόγου
3094 884 3509 977 σεσαρκωμὲνη,
3576 895 3713 977 σαρ-

458 969 783 1056 ﬁ‘heodorus
822 1007 879 1054 et
906 998 1226 1064 Nestorius;
1286 997 1382 1052 sed
1425 996 1562 1050 duas
1613 1005 1842 1049 naturas
1891 993 2009 1047 sub-

2133 989 2192 1042 κὶ
2305 987 2633 1057 ὲψυχωμένη
2664 1025 2681 1048 ,
2739 986 2884 1055 ψυχῇ
2963 981 3127 1052 νοερᾷ
3179 978 3276 1032 καὶ
3322 969 3535 1044 λογικῇ.
3598 971 3753 1064 Πάο,

454 1090 789 1145 stantialiter
826 1090 1049 1145 unitas:
1078 1090 1181 1143 hac
1202 1061 1353 1143 enim
1384 1086 1744 1157 adjunctione
1774 1085 2009 1161 excludit

2129 1079 2213 1132 λιν
2265 1079 2324 1132 δὲ
2386 1078 2528 1133 κατὰ
2581 1077 2794 1131 Παῦλον
2847 1075 2944 1127 καὶ
3007 1071 3280 1139 Θεόδωρον
3360 1065 3452 1120 καί⁵
3503 1061 3711 1161 Nesid-

455 1193 674 1233 omnem
696 1179 1084 1249 cogitationem
1116 1177 1458 1233 dividentem
1483 1191 1598 1239 eas,
1616 1183 1673 1230 et
1704 1190 1801 1229 eos
1834 1188 2009 1228 omne:

2128 1188 2242 1241 ριον
2274 1169 2369 1223 δύο
2390 1169 2580 1237 φύσεις
2611 1167 2799 1230 ἁπλῶς
2828 1167 2921 1219 ἐπὶ
2947 1162 3188 1234 Χριστοῦ
3220 1161 3404 1229 λέγειν
3446 1155 3709 1262 άποξεδο-

454 1269 548 1337 qui
582 1284 914 1339 quocunque
940 1269 1101 1323 modo
1132 1276 1404 1324 conantur
1424 1268 1740 1338 disjungere
1763 1265 2009 1318 unioneu

2123 1262 2361 1333 κίμακεν
2387 1264 2415 1315 ό
2437 1262 2593 1329 λόγος
2615 1262 2644 1313 ὁ
2668 1257 3127 1329 ἐκκλησιαστικός
3160 1272 3175 1285 ·
3211 1252 3350 1307 ἀλλὰ
3374 1251 3471 1303 δύο
3509 1251 3709 1339 φύσεις

454 1375 628 1429 usque
661 1359 801 1414 adeo
855 1360 1264 1423 admirabilem,
1315 1368 1372 1413 et
1409 1373 1576 1427 supra
1628 1365 1929 1411 naturam:
1971 1368 2001 1407 e

2122 1354 2394 1417 οὑσιωὸὦς
2408 1354 2690 1423 ἡνωμένας
2704 1369 2718 1383 ο
2740 1350 2829 1404 διὰ
2848 1353 2947 1420 τῆς
2965 1350 3072 1401 ἐπα
3087 1343 3214 1418 [γω]
3225 1344 3329 1414 γῆς
3345 1340 3549 1408 ταύτης
3569 1338 3709 1389 ἀπο·

451 1463 560 1503 non
592 1449 770 1503 solum
804 1448 941 1505 duas
972 1460 1200 1505 naturas
1247 1447 1382 1503 dicit
1417 1447 1860 1502 substantialiter
1905 1444 2009 1498 uni

2123 1445 2341 1499 ϐάλλων
2391 1447 2572 1500 πᾶσαν
2622 1442 2964 1513 διαιρετικὴν
3011 1440 3224 1492 ἔννοιαν
3246 1477 3262 1499 ,
3293 1436 3388 1488 καὶ
3443 1432 3533 1486 τὸν
3579 1428 3708 1483 καθ’

451 1548 555 1605 tas,
584 1540 682 1595 sed
727 1541 932 1597 unione
975 1542 1317 1615 bypostatica
1352 1540 1800 1613 inseparabiliter
1829 1547 1887 1594 et
1930 1538 2013 1592 in-

448 1633 675 1693 confuse
703 1636 904 1695 unitas.

859 1918 1185 1991 Explanatio
1214 1914 1542 1991 deﬁnitionis.

520 2031 648 2088 Haec
688 2042 874 2089 autem
921 2035 1175 2091 deﬁnitio
1209 2036 1481 2108 dogmatis
1527 2052 1654 2093 cum
1707 2038 1844 2093 dicit
1887 2038 2026 2093 duas

446 2132 697 2188 naturas,
734 2123 1009 2195 signiﬁcat
1058 2126 1336 2181 diversam
1375 2127 1741 2182 substantiam
1790 2129 2024 2184 duarum

2119 1537 2297 1591 ὁτιοῦν
2341 1537 2726 1608 ἐπιχειροῦντα
2768 1531 3149 1601 διαζευγνύναι
3185 1528 3287 1598 τὴν
3319 1527 3487 1588 ὅντως
3531 1524 3709 1589 ὑπερ·

2130 1630 2242 1696 φυᾶ
2288 1632 2385 1681 καὶ
2461 1626 2774 1698 θαυμασίαν
2834 1627 3029 1680 ἕνωσιν
3063 1641 3076 1654 ’
3151 1621 3249 1675 καὶ
3312 1619 3373 1671 οὑ
3410 1615 3568 1687 μόνον
3608 1611 3708 1715 δύο

2129 1720 2318 1787 φύεεις
2344 1720 2620 1785 οὖσιωδῶς
2649 1720 2955 1791 ήνωμένας,
2986 1716 3123 1771 ἀλλὰ
3159 1714 3255 1766 καὶ
3276 1709 3466 1765 ὲνώσει
3489 1705 3685 1777 cf;an

2125 1812 2424 1869 ὑπόστασιν
2443 1814 2827 1875 ἁδιασπάστως
2856 1813 2971 1882 ἅμα
3004 1810 3098 1864 καὶ
3124 1805 3468 1876 άσυγχῦτωςι

2598 1927 2929 1996 Ἐξήτησις
2961 1924 3067 1980 τοῦ
3091 1924 3258 1993 ὅρου.

2207 2041 2266 2095 ’0
2295 2040 2351 2093 δε
2379 2039 2624 2103 τοιοῦτος
2658 2041 2805 2110 ὅρος,
2841 2039 2929 2092 διὰ
2979 2037 3077 2107 μὲν
3124 2033 3220 2088 τοῦ
3269 2030 3454 2126 λέγειν
3481 2026 3578 2079 δύο
3603 2023 3706 2126 φύ-

2128 2149 2261 2197 σεις,
2298 2130 2574 2203 σημαίνει,
2614 2130 2677 2184 τὸ
2717 2128 3031 2201 ἑτερογενὲς
3067 2126 3161 2178 καὶ
3203 2118 3543 2191 ἑτεροούσιον
3596 2118 3704 2167 τῶν

444 2219 771 2267 naturarum
819 2230 943 2284 quas
990 2225 1390 2283 convenerunt,
1443 2218 1750 2275 divinitatis
1813 2220 2009 2275 scilicei

2128 2221 2497 2276 συνελθουσῶν
2526 2220 2618 2274 δύο
2642 2219 2883 2289 φύσεων,
2905 2216 3005 2285 τῆς
3032 2231 3093 2268 τε
3121 2206 3547 2282 προσλαϐούσης
3582 2203 3700 2255 θεό-

445 2316 568 2372 qua:
596 2304 916 2372 assumpsit,
944 2314 1000 2360 et
1024 2305 1385 2362 humanitatis
1414 2323 1537 2378 quae
1565 2317 1844 2378 assumpta
1889 2319 1974 2363 est
2006 2326 2019 2362 :

443 2404 571 2446 cum
601 2389 740 2446 dicit
759 2392 1196 2449 substantialiter
1218 2396 1422 2460 unitas,
1457 2395 1729 2466 signiﬁcat
1754 2411 1862 2449 non
1900 2410 2022 2451 esse

444 2480 851 2554 intelligendam
894 2485 1152 2540 unionem
1182 2485 1415 2542 duarum
1460 2496 1779 2541 naturarum
1823 2502 2022 2542 secun-

443 2573 578 2631 dum
602 2573 933 2632 benevolum
954 2575 1238 2643 aﬁ'ectum,
1268 2586 1364 2634 aut
1389 2578 1553 2633 aliam
1580 2579 1874 2650 quamdam
1917 2594 2019 2634 no-

444 2664 652 2721 tionem
684 2665 1051 2734 habitudinis,
1083 2668 1180 2725 sed
1212 2668 1331 2741 ipsa
1353 2670 1664 2725 substantia
1694 2679 1749 2725 et
1769 2670 2020 2742 subjecto

442 2772 507 2815 ac
529 2772 590 2813 re
618 2758 1031 2815 cunsubsistere
1062 2769 1119 2816 et
1155 2763 1478 2832 coniunctas
1514 2777 1668 2830 esse;
1723 2777 1849 2817 cum
1885 2761 2021 2818 dicit

444 2850 650 2908 milOne
686 2850 1053 2922 hypostatica,
1077 2851 1348 2923 signiﬁcat
1383 2869 1495 2909 non
1518 2854 1677 2925 prius
1704 2854 1875 2912 fuisse
1907 2855 2019 2911 for—

439 2951 643 2999 matam
676 2942 1101 3013 humanitatem,
1124 2954 1179 3001 et
1218 2945 1298 3001 sic
1332 2945 1386 3000 in
1412 2961 1535 3003 eam
1566 2946 1870 3019 ingressam
1893 2963 2016 3005 esse
2042 2932 2053 2937 ἢ

439 3034 814 3102 divinitatem,
839 3035 935 3094 sed
959 3037 1168 3092 unitam
1192 3053 1315 3093 esse
1332 3037 1607 3093 divinitati
1632 3047 1748 3093 tum
1776 3039 2015 3108 primum

438 3126 830 3200 subsistendo;
886 3142 1013 3181 cum
1046 3126 1294 3198 adiungit
1341 3127 1782 3196 inseparabiliter
1826 3139 1883 3183 et
1924 3128 2015 3184 in-

2124 2332 2284 2384 τητος
2332 2314 2425 2368 καὶ
2452 2313 2555 2383 τῆς
2588 2308 3072 2384 προσειλημμένης
3120 2298 3573 2374 ἀνθρωπότητος.
3605 2294 3703 2384 Δια

2121 2381 2191 2457 δὲ-
2225 2402 2320 2457 τοῦ
2357 2381 2539 2470 λέγειν
2582 2381 2858 2461 οὑσιωδῶς
2889 2394 3212 2467 ήνωμένας,
3248 2387 3506 2458 σημαίνει
3534 2384 3600 2435 τὸ
3629 2381 3705 2451 μὴ

2123 2495 2245 2549 κατ’
2274 2494 2545 2554 εὐδοκίαν,
2577 2491 2609 2563 ἢ
2642 2491 2835 2561 ἑτέραν
2857 2487 2979 2542 τινὰ
3011 2481 3271 2555 σχετικὴν
3308 2481 3524 2533 ἔννοιαν
3557 2476 3705 2525 νοεῖ-

2123 2565 2248 2639 σθαι
2270 2583 2391 2656 ,τὴν
2440 2583 2550 2636 τῶν
2582 2581 2677 2635 δύο
2717 2580 2933 2651 φύσεων
2956 2576 3172 2640 ἕνωσιν,
3202 2571 3318 2628 ἀλλ’
3343 2570 3485 2639 αὑτῇ
3539 2564 3705 2634 οὐσία

2122 2675 2215 2727 καὶ
2249 2672 2598 2743 ὑποκειμένῳ
2619 2673 2714 2725 καὶ
2734 2672 3024 2741 πράγματι
3054 2662 3461 2731 συνυφεστάναι
3492 2657 3705 2715 ταύτας

2121 2768 2217 2821 καὶ
2248 2764 2647 2820 συντεθεῖσθαι.
2679 2764 2778 2818 Διὰ
2804 2762 2860 2816 δὲ
2889 2760 2984 2814 τοῦ
3004 2759 3206 2826 λέγειν,
3241 2752 3437 2808 ὲνὼσει
3468 2755 3538 2821 τῇ
3576 2750 3705 2803 καθ’

2121 2861 2453 2923 ὑπόστασιν,
2486 2856 2742 2928 σημαίνει
2788 2854 2848 2908 τὸ
2883 2854 2958 2923 μὴ
2986 2842 3254 2921 πρότερον
3287 2841 3701 2899 διαπεπλάσθαι

2117 2951 2217 3022 τὴν
2250 2950 2666 3022 άνθρωπότητα,
2702 2946 2797 3000 καὶ
2816 2944 2991 3006 οὕτως
3022 2942 3158 3012 αὐτῇ
3184 2937 3555 2992 εἰσδεδυκέναι
3601 2933 3703 3003 τὴν

2118 3042 2372 3112 θεότητα,
2402 3040 2518 3093 ἀλλ’
2544 3039 2628 3093 ὅτι
2652 3036 2773 3091 κατ’
2810 3034 2945 3090 αὐτὸ
2972 3034 3033 3087 τδ
3057 3029 3389 3100 ὑφίστασθαι
3407 3027 3510 3095 τὴν
3541 3024 3697 3097 πρὼἑ

2117 3150 2217 3202 την
2261 3131 2437 3203 ἀρχὴν
2480 3130 2657 3201 ἥνωτο
2707 3131 2773 3199 τῇ
2824 3126 3060 3195 θεότητι.
3089 3123 3190 3177 Διὰ
3220 3122 3278 3176 δὲ
3305 3120 3401 3174 τοῦ
3437 3119 3694 3186 ἐπάγειν,

439 3204 698 3283 confuse,
741 3216 1056 3288 signiﬁcat,
1094 3226 1324 3272 naturas
1378 3234 1502 3288 qum
1548 3216 1822 3283 coierunt,
1876 3218 2009 3275 nihil

2117 3223 2500 3285 ἀδιασπάστως
2551 3220 2668 3291 ἅμα
2717 3219 2814 3272 καὶ
2856 3215 3217 3287 ἀσυγχύτως,
3253 3213 3510 3283 σημαίνει
3557 3209 3696 3281 μηδὲ

436 3322 670 3366 navasse
692 3324 792 3380 per
817 3296 1102 3373 unionem,
1124 3309 1258 3379 quin
1282 3311 1467 3387 potius
1487 3326 1707 3380 semper
1726 3320 1784 3365 et
1813 3310 2007 3365 eodem

2113 3310 2576 3382 καινοτομηθῆναι
2633 3308 2731 3372 τὰς
2802 3305 3164 3367 συνελθούσας
3234 3303 3389 3373 φύσει
3435 3301 3524 3353 διὰ
3589 3300 3696 3368 τῆς

438 3398 602 3457 modo
638 3407 910 3463 servatam
940 3415 1063 3455 esse
1091 3400 1289 3459 harum
1319 3399 1607 3464 unionem,
1634 3408 1691 3455 et
1717 3409 2009 3471 utramque

437 3496 690 3545 naturam
721 3504 944 3549 manere
974 3489 1093 3546 sine
1117 3490 1227 3545 ulla
1260 3489 1647 3546 imminutione
1670 3490 1724 3545 in
1756 3491 2012 3546 substan-

438 3577 552 3634 tiali
579 3593 679 3641 sua
712 3578 1038 3636 deﬁnitione
1061 3586 1118 3636 et
1141 3579 1376 3634 ratione.
1400 3578 1662 3636 Deﬁnitio
1694 3581 1867 3653 igitur
1902 3582 2009 3636 Ec-

435 3669 620 3727 clesia
668 3669 985 3741 huiusmodi
1043 3670 1497 3738 adjunctionibus
1547 3688 1670 3743 qua:
1705 3674 2010 3731 calumnias

433 3761 622 3817 subire
663 3776 775 3816 non
825 3773 1101 3832 possunt,
1145 3778 1241 3819 eos
1296 3764 1391 3834 qui
1441 3781 1510 3820 ex
1561 3775 1795 3836 utraque
1853 3777 2009 3838 parte

433 3855 719 3920 aberrant,
745 3854 937 3925 procul
972 3856 1198 3926 relegat,
1249 3865 1306 3912 et
1349 3856 1433 3912 eis
1472 3858 1569 3928 qui
1594 3859 1886 3943 veritatem
1919 3875 2010 3915 ca-

433 3947 697 4011 lumniari
726 3947 940 4017 volunt,
974 3962 1087 4004 non
1116 3947 1323 4008 prebet
1348 3948 1558 4022 locum.
1605 3949 1664 4005 Si
1704 3949 1854 4006 enim
1883 3951 2008 4021 quis

431 4041 715 4103 studiosus
746 4041 1052 4105 dividendi,
1090 4058 1188 4113 per
1215 4042 1618 4100 confessionem
1645 4044 1879 4101 duarum
1901 4062 2003 4100 na-

431 4141 706 4199 turarum,
734 4131 874 4195 duas
928 4132 1272 4203 hypOStases,
1320 4132 1375 4190 id
1423 4142 1529 4199 est,
1571 4133 1714 4192 duas
1743 4150 2008 4205 personas

431 4221 786 4285 introducere
812 4232 1070 4291 conatur,
1115 4223 1481 4296 redarguetur
1527 4224 1753 4295 quidem
1799 4227 2038 4307 nihilo-5

430 4313 615 4374 minus
656 4313 1111 4384 adjunetionibus
1161 4316 1272 4374 illis
1310 4332 1449 4387 quas
1501 4317 1781 4386 diximus;
1831 4319 2006 4382 multo

430 4421 564 4462 vero
600 4406 775 4477 magis
810 4407 984 4475 altera
1032 4406 1356 4476 deﬁnitione
1402 4408 1708 4480 dogmatis,
1742 4410 1859 4474 illa,
1913 4411 1999 4465 inc

428 4509 742 4566 quamqua
763 4495 969 4563 dicitur
995 4512 1106 4561 una
1137 4505 1334 4552 natura
1366 4498 1534 4559 Verbi
1560 4499 1653 4553 Dei
1693 4500 1995 4563 incantata.

499 4582 628 4647 Haec
657 4583 911 4651 deﬁnitio
941 4584 1229 4651 evidenter
1263 4588 1505 4657 ostendit
1533 4588 1679 4659 quod
1716 4606 1997 4662 nunquam

426 4673 484 4730 in
514 4675 840 4742 universum
867 4678 1185 4743 humanitas
1205 4680 1410 4747 Christi
1438 4698 1605 4753 agens
1627 4684 1683 4747 in
1717 4684 1999 4756 hypostas't

426 4767 647 4839 cognita
697 4769 918 4836 fuisset,
958 4771 1067 4826 nisi
1118 4779 1315 4831 natura
1361 4772 1549 4829 divina
1590 4774 1756 4839 Verbi
1802 4777 1899 4833 Dei
1941 4777 2000 4832 in

427 4869 646 4921 uterum
670 4860 993 4931 virginalem
1021 4861 1289 4933 ingressa,
1310 4878 1381 4919 ex
1405 4864 1524 4934 ipsa
1560 4867 1726 4922 modo
1758 4866 2017 4938 inexpli-,

423 4951 586 5015 cubili
618 4951 762 5019 hanc
794 4960 1051 5022 naturam
1086 4954 1194 5012 sibi
1230 4955 1521 5013 formasset
1549 4966 1607 5013 et
1633 4958 1887 5031 fecisset;
1923 4960 2000 5017 ita

426 5052 488 5102 ut
542 5059 649 5108 nec
688 5045 832 5115 ipsa
888 5046 1070 5116 prima
1142 5046 1417 5119 principia
1466 5049 1669 5110 divina:
1739 5052 1998 5109 incarnav-

425 5132 593 5191 tionis
654 5141 913 5200 naturam
962 5145 1305 5202 assumptam
1357 5137 1478 5193 sine
1537 5137 1888 5199 substantiali
1938 5146 1997 5195 et

422 5225 660 5294 naturali
699 5226 1044 5288 habitatione
1093 5238 1306 5285 naturae
1346 5230 1508 5295 Verbi
1532 5230 1631 5286 Dei
1660 5230 1995 5289 assumentis

422 5316 765 5377 habuissent.
792 5320 861 5378 Et
888 5321 1023 5391 quid
1061 5321 1184 5381 dico
1214 5314 1485 5394 prinCipia
1531 5321 1735 5379 divinae
1781 5320 1991 5376 fortna-

421 5405 609 5474 tionis,
647 5409 764 5469 sive
793 5410 1233 5475 incarnationis?
1256 5410 1529 5481 siquidem
1561 5424 1661 5464 nec
1686 5410 1803 5479 ipsa
1831 5410 1991 5479 beata

424 5497 589 5568 Virgo
623 5497 887 5561 virtutem
918 5500 1277 5563 fecunditatis
1312 5516 1480 5572 supra
1506 5508 1720 5557 naturae
1743 5499 1892 5569 leges
1921 5500 1990 5555 ad

421 5594 827 5665 procreandum
854 5593 1029 5659 ﬁlium
1060 5595 1387 5667 accepisset,
1418 5593 1525 5651 nisi
1562 5608 1659 5670 per
1687 5592 1989 5661 adventum

489 5728 568 5793 (8)
609 5701 1006 5798 {immissa-(ag,

2111 3403 2386 3472 ὲνότητος,
2419 3401 2557 3458 ἀλλὰ
2613 3401 2706 3455 καὶ
2757 3401 2857 3472 τὴν
2890 3399 3087 3453 ἕνωσιν
3123 3395 3333 3450 τούτων
3373 3391 3455 3445 ἀεί
3494 3407 3555 3443 τε
3589 3389 3698 3443 καὶ

2118 3497 2381 3560 ὡσαύτως
2400 3493 2860 3565 διαπεφυλάχθαι,
2891 3495 2987 3548 καὶ
3024 3489 3291 3560 ἑκατέραν
3320 3487 3426 3541 τῶν
3465 3485 3686 3554 φύσεων

2110 3589 2399 3660 ἀμειώτως
2442 3590 2535 3642 ἐπὶ
2591 3586 2672 3659 τῷ
2718 3585 2966 3640 οὐσιῶδει
3003 3584 3174 3653 αὑτῆς
3222 3583 3336 3651 ὅρῳ
3380 3580 3476 3633 καὶ
3516 3577 3681 3644 λόγῳ.

2110 3682 2245 3745 Ταῖς
2277 3676 2370 3735 οὖν
2404 3678 2680 3743 τοιαύταις
2720 3678 3153 3749 ἀνεπηρεάστοις
3193 3674 3536 3741 ἐπαγωγαῖς,
3559 3670 3685 3731 τοὺς

2109 3771 2168 3839 ἐξ
2199 3771 2464 3843 ἐκατέρου
2501 3771 2701 3842 μέρους
2725 3767 3167 3834 ἀποσφαλέντας,
3191 3763 3411 3833 μακρὰν
3431 3760 3683 3829 ἀποπέμ-

2110 3880 2271 3917 πεται
2303 3864 2331 3916 ό
2359 3862 2517 3930 λόγος
2545 3862 2643 3931 τῆς
2678 3859 3027 3929 Ἐκκλησίας,
3060 3858 3158 3911 κα)⁵
3177 3858 3290 3919 τοῖς
3322 3853 3682 3923 συκοφαντεῖν

2108 3946 2353 4010 ἐθέλουσι
2399 3953 2502 4023 τὴν
2537 3951 2820 4022 ἀλήθειαν,
2848 3952 3034 4020 χώραν
3080 3949 3142 4003 οὑ
3192 3948 3433 4001 δίδωσιν.
3467 3944 3532 3999 El
3582 3945 3679 4014 μὲν

2107 4047 2216 4119 γάρ
2243 4062 2327 4108 τις
2356 4043 2755 4114 φιλοδιαιρέτης
2784 4041 2874 4095 διὰ
2908 4039 3010 4109 τῆς
3044 4040 3154 4093 τῶν
3183 4038 3279 4092 δύο
3310 4037 3529 4106 φύσεων
3550 4037 3679 4104 opo-

2106 4136 2319 4205 λογίας,
2348 4134 2441 4189 δύο
2494 4133 2847 4196 ὑποστάσεις,
2887 4132 3054 4200 ἥγουν
3102 4130 3397 4201 πρόσωπα,
3442 4143 3677 4193 συναγα-

2106 4231 2225 4298 γεῖν
2275 4225 2607 4298 ἐπιχειροίη,
2654 4226 2755 4296 οὐχ
2783 4226 2989 4296 ἥκιστα
3034 4223 3134 4293 μὲν
3197 4221 3289 4275 καὶ
3319 4224 3444 4282 ταῖς
3484 4218 3678 4288 apol:-

2105 4320 2352 4392 χθείσαις
2375 4320 2716 4388 ἐπαγωγαῖς,
2731 4316 2913 4386 πολλῷ
2932 4315 2989 4369 δὲ
3029 4314 3230 4386 μᾶλλον
3252 4312 3335 4382 τῷ
3366 4312 3538 4383 ἑτέρῳ
3567 4310 3674 4363 τῶν

2104 4414 2247 4484 ὅρων
2277 4410 2634 4480 διελέγχεται,
2664 4409 2758 4464 καὶ
2787 4408 2934 4479 μάλα
2958 4406 3175 4478 ῥᾳδίως.
3203 4403 3355 4475 Φημὶ
3375 4402 3431 4457 δὲ
3446 4400 3543 4471 τῷ,
3574 4399 3671 4470 μία

2106 4505 2271 4574 φύσις
2292 4501 2387 4555 τοῦ
2413 4502 2591 4570 Λόγου
2624 4497 3041 4570 σεσαρκωμὲνη.

2032 4560 2074 4615 D
2117 4560 2130 4599 τ
2172 4560 2344 4657 Οὗτος
2413 4560 2524 4664 γὰρ
2577 4594 2607 4646 ό
2658 4560 2785 4663 ὅρος
2842 4560 3105 4660 ’ἔναργῶς
3172 4586 3475 4658 παρίστησι
3504 4625 3520 4649 ,
3571 4584 3669 4636 οὑκ

2095 4687 2163 4743 ἄν
2227 4702 2356 4743 ποτε
2430 4687 2491 4739 ὲν
2552 4684 2850 4740 ὑποστάσει
2919 4680 2981 4734 sb
3044 4679 3274 4735 καθόλου
3360 4676 3665 4748 γνωσθῆναι

2095 4777 2195 4850 τὴν
2253 4777 2395 4831 κατὰ
2454 4776 2687 4847 Χριστὸν
2747 4772 3190 4856 ἀνθρωπότητα,
3248 4772 3300 4824 εί
3360 4770 3438 4841 μὴ
3490 4771 3524 4839 ἡ
3574 4764 3666 4819 τοῦ

2096 4869 2271 4938 Λόγου
2334 4868 2491 4938 θεῖκὴ
2560 4865 2723 4935 φύσις
2792 4863 3095 4921 ὑπεισδῦσα
3159 4862 3260 4933 τὴν
3331 4858 3665 4931 παρθενικὴν

2096 4959 2258 5031 νηδὺν
2280 4999 2298 5025 ,
2347 4958 2407 5024 ἐξ
2481 4958 2653 5028 αὑτῆς
2722 4957 2951 5028 ἀρρήτῳ
3013 4954 3160 5026 λόγῳ
3228 4953 3437 5022 ταύτην
3499 4952 3663 5019 ἑαυτῇ

2101 5048 2474 5119 περιεμόρφου
2538 5047 2633 5100 καὶ
2683 5045 3078 5116 περιέπλαττεν
3104 5086 3120 5111 ,
3177 5043 3318 5097 ὥστε
3378 5040 3512 5114 μηδὲ
3566 5041 3665 5094 αὑ-

2098 5140 2195 5204 τὰς
2244 5138 2341 5202 τὰς
2398 5137 2618 5208 πρώτας
2677 5137 2776 5207 τῆς
2828 5135 3205 5200 ζωοπλαστίας
3268 5134 3444 5204 ἀρχάς
3501 5133 3661 5202 ἐσχη-

2097 5232 2256 5286 κέναι
2313 5231 2413 5299 τὴν
2476 5228 2920 5302 προσληφθεῖσαν
2985 5226 3170 5298 φύσιν,
3215 5226 3344 5282 ἄνευ
3410 5226 3509 5295 τῆς
3571 5224 3659 5277 οὑ-

2099 5323 2321 5385 σιώδους
2349 5322 2447 5375 καὶ
2482 5322 2715 5392 φυσικῆς
2748 5321 3240 5392 ὲμφιλοχωρήσεως
3262 5318 3364 5387 τῆς
3387 5316 3659 5388 προσλαμ-

2097 5415 2403 5485 ϐανομένης
2436 5414 2606 5487 αὐτὴν
2656 5412 2795 5470 Θεοῦ
2818 5415 2993 5483 Λόγου
3025 5413 3259 5483 φύσεως,
3299 5413 3409 5470 Καὶ
3442 5411 3497 5464 τί
3521 5410 3661 5476 λέγω

2095 5506 2194 5570 τὰς
2208 5506 2310 5576 τῆς
2334 5506 2687 5569 θεοπλαστίας
2702 5505 2778 5577 (8)
2803 5504 2999 5577 ἀρχὰς,
3029 5505 3233 5572 ὃπουγε
3252 5502 3363 5556 οὐδ’
3382 5503 3449 5563 ἂν
3462 5500 3597 5571 αὑτὴ
3625 5501 3658 5570 ὴ

2101 5594 2347 5672 μακαρία
2363 5590 2636 5668 Παρθένος
2658 5595 2796 5667 ὑπὲρ
2818 5596 2908 5652 τὸν
2935 5596 3060 5667 ὅρον
3080 5593 3181 5665 τῆς
3212 5592 3427 5663 φύσεως
3445 5590 3658 5661 γόνιμοι
