3946 6206
337 217 468 284 1435

1451 225 1845 287 THEODORI
1884 225 2040 285 ΒΗΑ
2050 226 2404 289 ITUENSIS

3442 224 3597 288 H96

330 330 529 407 pwsit,
551 330 682 401 quid
705 332 989 402 proprium
1015 332 1216 388 habeat
1238 336 1670 405 unumquodque
1701 350 1907 389 coeun-
1936 346 1953 393 έ

2057 336 2059 382 ἶ
2094 335 2224 390 ἴδιον
2267 336 2500 389 εκάστου
2542 335 2652 389 τῶν
2704 335 3092 400 συνελθόντων,
3121 336 3215 391 καὶ
3264 336 3323 388 τί
3354 334 3467 387 τῶν
3505 335 3597 388 οἰ-

333 425 492 489 tium,
545 432 603 479 et
643 424 775 493 quid
813 426 1099 494 proprium
1141 429 1516 483 communicet
1574 430 1904 483 alterutrum

332 534 459 573 cum
510 532 580 573 eo
625 518 771 587 quod
814 532 1002 573 secum
1041 520 1407 589 compositum
1454 529 1509 574 et
1551 521 1769 575 unitum
1799 528 1905 585 est,

332 619 390 665 et
418 609 552 679 quid
577 609 812 665 vicissim
848 610 917 664 ab
945 626 1013 665 eo
1038 611 1287 680 recipiat.
1326 612 1440 668 [loc
1471 622 1653 667 autem
1679 620 1765 666 est
1784 627 1913 683 pro-

335 700 517 770 prium
560 699 784 754 unionis
825 716 1015 755 revera
1069 701 1371 757 inconfusus
1403 712 1458 759 et
1488 704 1820 772 purissimze,
1852 712 1913 756 ut

336 792 393 847 in
424 806 487 846 ea
514 800 815 846 cernantur
838 808 961 861 quae
985 803 1114 848 sunt
1154 794 1469 849 communia
1504 796 1789 850 ambarum
1818 811 1914 849 na-

340 895 623 949 turarum;
682 891 739 937 et
807 885 954 953 quod
1017 885 1301 955 proprium
1377 887 1649 957 cujusque
1701 901 1913 942 earum.

340 973 455 1033 Nisi
509 974 657 1028 enim
708 976 946 1045 primum
995 977 1304 1046 proprietas
1350 986 1739 1049 cognoscatur,
1769 995 1914 1034 nun-

2009 426 2172 479 κείων
2204 426 2440 479 ἕκαστον
2471 425 2722 499 ἀλλήλοις
2748 426 3009 497 παρέχον,
3036 425 3106 478 τά
3135 425 3288 496 παρὰ
3332 423 3431 478 τοῦ
3472 440 3599 477 συν-

2012 516 2317 586 υφεστῶτος
2348 519 2443 572 καὶ
2473 519 2835 589 συγκειμένου
2866 518 3295 589 ἀντικομίζεται.
3327 518 3502 570 Τοῦτο
3528 517 3598 571 Ci

2009 608 2433 680 διηρθρωμένης
2484 609 2658 674 ὅντως
2713 612 2807 666 καὶ
2861 610 3263 681 καθαρωτάτης
3314 608 3599 672 ἑνώσεως,

2013 704 2109 754 καὶ
2160 702 2229 756 τά
2275 702 2436 756 κοινά
2483 702 2579 755 τοῦ
2612 700 3053 775 συναμφοτέρου,
3089 703 3185 757 καὶ
3216 702 3286 756 τά
3326 702 3433 755 ίδια
3464 702 3603 755 ἑκάς

2015 810 2147 847 στου
2177 793 2289 847 τῶν
2318 794 2684 864 συνημμένων
2709 795 3020 865 ἐμφαίνειν.
3056 795 3118 847 Εἰ
3144 793 3253 865 γάρ
3285 793 3361 864 μὴ
3390 793 3605 863 ἰδιότης

2018 885 2237 958 πρῶτον
2266 886 2559 956 γνωσθείη,
2587 886 2699 940 οὐδ’
2725 876 2855 957 ἂνῆ
2900 887 3151 957 κοινότης
3182 886 3601 955 ἐπιγνωσθήσεο

2016 997 2129 1035 ται.
2171 978 2293 1043 Πῶς
2350 979 2462 1050 γὰρ
2518 981 2552 1051 ή
2604 978 2662 1032 ἐν
2708 996 2815 1033 τινι
2880 980 3138 1032 κοινωνία
3168 980 3485 1048 γενήσεται,
3518 978 3605 1045 μὴ

342 1084 507 1138 quam
554 1068 924 1123 communitas
973 1079 1320 1139 agnoscetur.
1364 1068 1651 1136 Quomodo
1681 1071 1829 1126 enim
1864 1071 1917 1125 in

2057 1088 2232 1139 κοντος
2263 1072 2496 1125 ἑκάστου
2529 1071 2641 1123 τῶν
2672 1070 3073 1124 κοινωνούντων
3111 1069 3241 1122 ἴδιόν
3271 1085 3353 1133 τι;
3398 1068 3611 1120 Σκόπει

343 1168 404 1214 re
432 1157 616 1229 aliqua
639 1158 733 1214 flet
764 1158 1100 1224 communio,
1129 1160 1234 1215 nisi
1270 1160 1702 1232 unumquodque
1728 1176 1920 1215 eorum

2057 1165 2078 1216 ὲ
2120 1162 2327 1226 οὕτως’
2364 1162 2527 1215 Ἵδιον
2565 1164 2665 1231 τῆς
2720 1161 3171 1234 προσλαϐομένης
3229 1158 3368 1213 Θεοῦ
3421 1158 3609 1224 Λόγου

345 1267 465 1320 qua:
492 1250 939 1305 communionem
969 1251 1194 1316 habent,
1221 1253 1505 1323 proprium
1535 1253 1667 1323 quid
1693 1254 1926 1309 habeat?

2057 1253 2259 1317 »ύσεωςκ
2310 1253 2371 1308 τὸ
2417 1250 2555 1307 εἶναι
2601 1253 2731 1307 Υίὸν
2782 1253 2940 1307 Θεοῦ.
2995 1254 3156 1306 Ἰδιον
3199 1252 3303 1321 τῆς
3357 1247 3608 1318 προσλη⁶

322 1341 441 1394 .Sic
459 1355 591 1409 ergo
626 1340 760 1393 mihi
785 1340 1075 1395 considera
1105 1357 1118 1393 :
1144 1340 1440 1411 Proprium
1486 1352 1571 1397 est
1596 1351 1806 1398 natura:
1829 1342 1924 1397 Dei

2057 1343 2255 1412 ιθείσης
2283 1340 2571 1413 ἀνθρώπου
2602 1341 2839 1410 φύσεως,
2871 1342 2933 1395 τὸ
2962 1336 3103 1394 εἶναι
3136 1340 3265 1394 Υίδν
3286 1338 3606 1407 ἀνθρώπου.

350 1431 511 1487 Verbi
546 1446 669 1501 qua:
702 1432 1001 1500 assumpsit
1038 1440 1289 1491 naturam
1346 1433 1666 1497 humanam,
1694 1449 1814 1489 esse
1834 1434 1926 1489 Εἰ,-

2057 1434 2385 1506 ἱιρναμένων
2411 1429 2501 1487 οὖν
2529 1433 2641 1488 τῶν
2669 1433 2926 1487 τοιούτων
2960 1432 3196 1501 φύσεων,
3229 1434 3323 1486 καὶ
3369 1447 3612 1501 περιχω-

316 1519 485 1577 ·ιὶιιιῖι
539 1520 676 1574 Dei:
719 1521 1004 1593 proprium
1044 1528 1258 1575 naturae
1307 1521 1560 1577 humana:
1613 1534 1927 1594 assumpta,

2057 1527 2241 1582 μουσῶν
2271 1528 2351 1591 εἰς
2379 1526 2614 1598 ἀλλήλας
2660 1526 2739 1596 τῷ
2789 1526 2934 1596 λόγῳ
2962 1526 3062 1594 τῆς
3092 1524 3366 1595 συμφυΐας
3389 1521 3483 1574 καὶ
3508 1522 3613 1589 τῆς

350 1626 472 1667 esse
505 1610 678 1665 iliium
723 1610 982 1673 hominis,
1034 1610 1128 1667 llis
1173 1611 1341 1683 igitur
1387 1614 1604 1668 naturis
1656 1614 1709 1668 in
1759 1628 1927 1668 unum

2057 1621 2297 1683 νὼσεως,
2331 1621 2627 1692 κιρνῶνται
2677 1621 2773 1673 καὶ⁵
2817 1616 3223 1690 περιχιυροῦσιν
3253 1617 3336 1680 εἰς
3363 1613 3613 1682 ἀλλήλας

353 1704 680 1786 compositis
712 1714 767 1759 et
801 1707 1010 1762 ratione
1066 1708 1400 1778 cognitionis
1440 1719 1498 1764 et
1536 1711 1757 1765 unionis
1790 1713 1933 1766 inter

2057 1714 2302 1777 ὒσαύτως
2343 1685 2438 1767 καὶ
2471 1713 2716 1783 κλήσεις,
2768 1713 2865 1765 καὶ
2893 1685 3119 1777 ’γίνεται
3164 1708 3472 1779 ἀμφότερα,
3533 1700 3617 1764 εἷς

354 1812 414 1856 se
469 1797 802 1852 coeuntibus
832 1838 847 1864 ,
919 1798 1181 1855 similiter
1218 1802 1625 1857 nominationes
1681 1804 1827 1858 inter
1872 1819 1932 1860 sc

355 1895 577 1951 coeunt,
621 1895 678 1942 et
722 1887 965 1943 vicissim
997 1891 1501 1958 communicautur,
1557 1904 1615 1948 et
1654 1892 1935 1949 ﬁuntam-

359 1980 442 2038 ιιω
485 1995 633 2037 unus
677 1981 849 2036 Filius
899 1982 993 2039 Dei
1044 1983 1205 2038 simul
1243 1991 1300 2039 et
1347 1984 1609 2053 hominis,
1641 1985 1697 2042 id
1728 1995 1812 2042 est
1840 1987 1937 2043 Dei

360 2073 539 2132 Patris
570 2082 626 2128 et
675 2073 918 2144 Virginis
956 2076 1170 2142 matris,
1222 2088 1283 2132 ut
1309 2077 1506 2134 beatus
1537 2079 1734 2134 Petrus
1759 2080 1936 2135 dixit:

361 2165 437 2223 Tu
471 2181 524 2220 es
556 2164 792 2233 Christus
834 2166 1001 2222 Filius
1035 2167 1128 2222 Dei
1156 2170 1259 2224 vivi
1292 2168 1306 2219 i
1333 2186 1348 2235 ;
1377 2179 1435 2224 et
1467 2170 1660 2226 beatus
1689 2172 1922 2227 Paulus:

363 2258 526 2323 Misit,
576 2248 777 2329 inquit,
836 2258 1031 2316 Filium
1086 2276 1241 2315 suum
1287 2261 1486 2330 factum
1531 2277 1596 2316 ea:
1629 2262 1850 2318 muliere
1892 2260 1941 2319 ι.

364 2349 625 2410 Doctrina
653 2349 822 2421 igitur
837 2350 1216 2406 ecclesiastica
1237 2351 1567 2422 reprehendi
1596 2368 1707 2407 non
1738 2361 1942 2424 potest.

366 2455 487 2509 qua:
530 2455 656 2496 cum
702 2456 871 2497 unum
912 2440 1204 2497 Dominum
1234 2441 1420 2498 Iesum
1458 2441 1737 2498 Christum
1782 2443 1945 2501 simul

367 2533 541 2591 Deum
612 2541 670 2589 et
722 2533 1005 2589 hominem
1057 2533 1214 2597 dicit,
1265 2534 1405 2589 duas
1450 2543 1679 2590 naturas
1731 2535 1788 2589 in
1837 2549 1949 2590 uno

371 2624 606 2685 Domino
629 2626 757 2682 Jesu
785 2625 1010 2683 Christo
1031 2625 1324 2697 profitetur
1348 2644 1361 2680 :
1396 2626 1543 2682 Deus
1572 2627 1719 2681 enim
1749 2643 1950 2681 nomen

373 2726 585 2777 natura:
620 2727 726 2783 est;
774 2729 831 2775 et
888 2719 1053 2775 homo
1096 2735 1298 2774 nomen
1350 2718 1483 2775 item
1540 2725 1777 2784 naturae;
1821 2717 1953 2788 quia

372 2822 507 2878 ergo
541 2806 687 2863 idem
714 2816 799 2862 est
827 2809 974 2863 Deus
1000 2818 1056 2864 et
1087 2808 1274 2876 homo,
1314 2808 1522 2865 idcirco
1566 2808 1704 2864 duas
1729 2817 1957 2865 naturas

377 2915 549 2956 unum
593 2907 653 2955 et
690 2900 946 2959 eumdem
994 2899 1324 2957 conﬁtemur
1363 2900 1682 2956 Dominum.
1721 2900 1954 2974 Rursus,

2038 1809 2162 1872 Υίός
2187 1807 2322 1861 Θεοῦ
2339 1823 2399 1860 τε
2423 1806 2560 1876 ὁμοῦ
2582 1806 2675 1860 καὶ
2701 1803 3015 1875 ἀνθρώπου,
3044 1801 3190 1856 τοῦτ’
3217 1801 3333 1854 ἔστι
3357 1797 3454 1851 τοῦ
3474 1795 3617 1851 Θεοῦ

2038 1897 2253 1967 Πατρδς
2296 1897 2392 1950 καὶ
2444 1896 2544 1964 τῆς
2598 1894 2875 1964 Παρθένου
2929 1891 3164 1963 μητρόςο
3199 1886 3312 1944 οἷον
3337 1906 3354 1922 ·
3385 1888 3469 1943 Σὺ
3503 1882 3621 1942 eid

2038 1989 2292 2059 Χριστὸς
2319 1991 2352 2043 ό
2388 1988 2519 2052 Υἱὸς
2542 1987 2648 2042 τοῦ
2676 1987 2824 2041 Θεοῦ
2845 1984 2953 2040 τοῦ
2981 1982 3226 2049 ζῶντος·
3248 1981 3376 2036 καί·
3431 1978 3622 2043 £5111-

2040 2085 2315 2139 ἔστειλεν
2334 2085 2367 2136 d
2390 2082 2535 2146 Θεὸς
2562 2080 2669 2134 τὸν
2690 2079 2830 2134 Υιύν
2854 2076 3041 2135 αὑτοῦ
3079 2076 3410 2144 γενόμενον
3427 2070 3497 2125 ἐκ
3518 2086 3625 2138 τυ-

2040 2175 2274 2238 ναικός.
2303 2174 2449 2243 Ἀρα
2483 2167 2578 2225 οὖν
2606 2168 2872 2241 άμεμφὴς
2897 2171 2925 2223 ὁ
2946 2165 3403 2237 ἐκκλησιαστικὸς
3426 2162 3623 2229 λόγος’

2043 2264 2131 2317 διά
2160 2265 2258 2333 μὲν
2285 2263 2378 2316 τοῦ
2411 2258 2550 2315 εἶναι
2602 2261 2698 2315 ἕνα
2726 2259 2929 2329 Κύριον
2976 2255 3185 2326 Ἰησοῦν
3228 2251 3465 2324 Χριστὸν
3489 2250 3628 2303 Θεόν

2045 2374 2106 2409 τε
2131 2355 2266 2426 ὁμοῦ
2313 2355 2405 2408 καὶ
2440 2354 2752 2423 ἄνθρωπον,
2800 2352 2895 2405 δύο
2939 2350 3131 2420 φύσεις
3182 2348 3276 2401 τὸν
3319 2345 3485 2399 αὑτὸν
3528 2343 3631 2396 ἕνα

2050 2446 2253 2517 Κύριον
2298 2444 2503 2512 Ἰησοῦν
2538 2444 2773 2512 Χριστὸν
2810 2439 3170 2508 ἀπαγγέλλων
3193 2454 3207 2469 ο
3230 2436 3293 2489 τδ
3308 2436 3443 2505 γάρ,
3469 2432 3631 2493 Θεὸς,

2051 2538 2263 2608 φύσεως
2292 2538 2483 2610 ὄνομα,
2513 2540 2606 2591 καὶ
2647 2535 2730 2595 τὸ,
2761 2534 3069 2605 ἄνθρωπος,
3102 2530 3367 2592 ὡσαύτως
3412 2526 3636 2596 φύσεως

2052 2631 2244 2700 ὄνομα.
2281 2630 2497 2697 Ἐπειδὴ
2529 2624 2622 2682 οὖν
2649 2632 2678 2681 ὸ
2707 2628 2870 2691 αὑτὸς
2888 2625 3020 2688 Θεός
3053 2626 3170 2678 ἐστι
3197 2622 3296 2675 καὶ
3320 2620 3636 2690 ἄνθρωπος’

2053 2724 2141 2778 διά
2164 2725 2321 2781 τοῦτο
2345 2722 2439 2781 δύο
2471 2722 2664 2791 φύσεις
2692 2716 2773 2784 εἷς
2796 2722 2825 2773 ό
2850 2719 3015 2782 αὐτὸς
3041 2717 3382 2789 ὁμολογεῖται
3408 2713 3638 2781 Κύριος,

2057 2817 2227 2876 Πάλιν
2271 2816 2328 2870 δὲ
2374 2816 2462 2878 διά
2495 2815 2556 2869 τὸ
2600 2811 2741 2868 εῖναι
2791 2813 2954 2867 αὑτὸν
2990 2812 3087 2865 ἕνα
3129 2808 3261 2862 Υἱδν
3287 2804 3463 2861 τοῦτε
3498 2800 3638 2856 Θεοῦ

2059 2913 2290 2983 Πατρὺς,
2331 2912 2423 2965 καὶ
2450 2910 2548 2980 τῆς
2591 2906 2871 2978 Παρθένου
2905 2902 3111 2976 μητρός
3135 2913 3151 2929 ⁸
3182 2900 3247 2953 τὸ
3272 2898 3333 2952 δὲ
3361 2897 3477 2962 υίὸς
3516 2895 3639 2948 δνο-

377 2989 509 3061 quia
544 2990 662 3061 ipse
705 2998 793 3045 est
838 3004 981 3047 unus
1024 2988 1198 3044 Filius
1249 2989 1343 3045 Dei
1396 2988 1579 3046 Patris
1623 2997 1677 3044 et
1718 2989 1953 3060 Virginis

2064 3024 2141 3077 μα
2170 3004 2519 3065 ὑποστάσεως
2551 2999 2788 3069 ὑπάρχει
2818 2994 3177 3069 σημαντικὸν,
3200 2990 3295 3045 καὶ
3313 2989 3378 3043 οὑ
3400 2985 3638 3077 φύσεως,

380 3080 609 3144 matris,
646 3080 792 3136 illius
837 3088 1023 3135 autem
1088 3095 1289 3134 nomen
1332 3090 1419 3135 est
1466 3081 1801 3153 hypostasim
1848 3083 1953 3138 sive

2064 3076 2161 3161 Διὰ
2188 3097 2348 3152 τοῦτο
2382 3095 2475 3151 καὶ
2518 3094 2615 3165 μία
2643 3092 2959 3154 ὑπόστασις,
2994 3087 3060 3141 τό
3105 3102 3168 3139 τε
3197 3083 3345 3137 θεῖον
3374 3079 3510 3151 ὁμοῦ
3543 3076 3641 3130 καλ⁸

382 3187 675 3249 personam
708 3170 1043 3241 signiﬁcans,
1076 3178 1133 3225 et
1159 3185 1271 3225 non
1294 3172 1547 3225 naturam
1574 3189 1591 3238 ;
1624 3171 1831 3227 idcirco
1856 3188 1964 3227 una

384 3261 693 3335 [typostasis
738 3269 953 3321 natura:
985 3259 1186 3319 divina:
1236 3270 1294 3324 et
1343 3261 1599 3321 humana:
1638 3262 1890 3321 Christus
1935 3280 1965 3321 a

359 3354 490 3437 .piis
533 3352 868 3413 celebratur,

455 3442 705 3506 Ecclesia
740 3442 912 3514 igitur
940 3458 1103 3497 unam
1138 3458 1434 3513 personam
1464 3453 1523 3501 et
1566 3446 1705 3502 duas
1736 3455 1967 3502 naturas

388 3533 702 3613 proﬁtendo
756 3534 939 3591 media
984 3535 1081 3591 via’
1115 3537 1469 3608 ingreditur:
1518 3554 1700 3610 neque
1745 3549 1970 3610 propter

389 3625 651 3685 unionem
705 3624 1067 3682 Manicheum
1120 3628 1372 3698 sequitur
1435 3629 1575 3684 duas
1641 3639 1867 3686 naturas
1915 3632 1967 3686 in

354 3732 556 3779 .unam
613 3716 912 3789 refingens,
959 3733 1142 3789 neque
1191 3729 1420 3790 propter
1474 3721 1802 3778 divisionem
1837 3722 1973 3780 dua-

392 3823 515 3868 rum
556 3816 875 3865 naturarum
944 3809 1250 3866 secundum
1302 3812 1689 3883 cogitationem
1740 3814 1970 3869 Paulum

393 3900 837 3966 Samosatensem
890 3909 1176 3967 sectatur,
1225 3917 1292 3957 ex
1345 3919 1455 3957 una
1506 3904 1783 3975 hypostasi
1836 3906 1971 3963 duas

391 3992 639 4060 faciens;
674 3993 804 4063 quia
827 4007 937 4047 non
965 3992 1099 4051 facit
1126 4008 1569 4065 unamquamque
1590 4006 1841 4053 naturam
1875 4016 1974 4069 per

393 4101 456 4146 se
524 4085 850 4150 subsistere,
884 4085 972 4141 vel
1032 4084 1362 4141 divisionem
1425 4085 1546 4142 sine
1596 4088 1827 4154 unione,
1883 4091 1972 4146 vel

395 4177 659 4242 unionem
704 4176 825 4231 sine
867 4175 1162 4233 divisione.
1195 4175 1305 4232 Sed
1352 4177 1516 4234 simul
1555 4178 1699 4234 inter
1734 4196 1793 4235 se
1838 4181 1977 4235 alte-

2065 3190 2405 3262 ἀνθρώπινον
2433 3189 2462 3241 ό
2499 3182 2732 3256 Χριστὸς
2773 3179 2929 3254 παρὰ
2974 3170 3497 3247 τῶν-,εὐσεὸούντων
3547 3168 3640 3223 δο-

2066 3284 2312 3357 ξάζεται,

2142 3441 2285 3497 Μίαν
2319 3435 2413 3494 οὗν
2448 3436 2747 3491 ὑπόστασιν
2777 3432 2873 3488 καὶ
2897 3431 2994 3486 δύο
3020 3428 3211 3500 φύσεις
3256 3421 3575 3497 πρεσϐεύων
3612 3421 3641 3473 δ

2068 3535 2225 3601 λόγος
2248 3532 2345 3601 τῆς
2386 3526 2738 3599 Ἐκκλησίας,
2781 3524 2954 3595 μέσην
2977 3520 3102 3575 τινὰ
3134 3519 3253 3573 ὁδδν
3284 3514 3639 3586 πεπόρευται*

2070 3624 2194 3677 οὔτε
2225 3621 2313 3674 διὰ
2341 3621 2441 3690 τὴν
2488 3619 2685 3672 ἕνωσιν
2715 3615 3037 3684 Μανιχαῖος,
3067 3612 3164 3663 καὶ
3192 3610 3290 3671 τάς
3319 3606 3511 3675 φύσεις
3544 3602 3644 3673 φύ-

2075 3731 2159 3768 σιν
2202 3710 2581 3772 ἀναπλάττων,
2606 3705 2731 3760 ούτε
2771 3704 2862 3758 διὰ
2908 3702 3010 3771 τὴν
3057 3700 3344 3770 διαίρεσιν,
3385 3697 3487 3766 τὴν
3528 3695 3644 3748 κατ’

2074 3804 2317 3858 ἐπίνοιαν
2359 3801 2465 3854 τῶν
2521 3796 2820 3869 ἡνωμένων
2861 3794 3076 3865 φύσεων
3123 3787 3522 3850 Παυλιανίζων,
3555 3784 3646 3838 καὶ

2073 3898 2171 3969 τὴν
2195 3894 2492 3949 ὑπόστασιν
2521 3888 2851 3950 ὑποστάσεις
2880 3885 3051 3940 ποιῶν
3075 3899 3090 3917 ν
3124 3884 3208 3941 ὅτι
3242 3881 3320 3954 μὴ
3346 3878 3448 3934 ἀνὰ
3487 3878 3646 3947 μέρος

2075 3989 2132 4043 ἓν
2160 3988 2267 4041 τῶν
2295 3984 2573 4056 ὁποτέρων
2614 3983 2778 4040 ποιεῖ.
2810 3979 2844 4050 ἦ
2882 3976 2982 4049 τὴν
3022 3974 3290 4047 διαίρεσιν
3339 3971 3511 4043 χωρὶς
3552 3969 3647 4037 τῆς

2076 4082 2345 4145 ὲνώσεως,
2376 4078 2410 4149 ἢ
2448 4075 2546 4147 τὴν
2580 4075 2774 4128 ἕνωσιν
2809 4070 2980 4142 χωρὶς
3024 4068 3127 4137 τῆς
3169 4065 3510 4136 διαιρέσεως,
3538 4061 3645 4115 ἀλλ’

2078 4173 2192 4241 ἅμα
2221 4171 2317 4223 καὶ
2338 4169 2457 4223 κατ’
2489 4164 2759 4234 ἀλλήλων.
2796 4159 3120 4230 Ἦνωμένως
3141 4157 3252 4227 γὰρ
3273 4155 3496 4224 διαιρεῖ,
3526 4152 3647 4221 μίαν

396 4284 519 4327 rum
548 4283 672 4323 cum
704 4267 918 4334 altero;
949 4266 1105 4324 unite
1134 4268 1282 4327 enim
1309 4269 1527 4333 dividit,
1560 4286 1725 4326 unam
1753 4272 1953 4341 quideu

2083 4265 2182 4339 μὲν
2214 4262 2512 4319 ὑπόστασιν
2538 4259 2736 4326 λέγων,
2774 4253 2968 4319 φύσεις
2995 4251 3051 4304 δὲ
3077 4249 3202 4302 δύοο
3235 4246 3332 4325 καὶ
3367 4248 3647 4341 διακεκρι-

398 4359 719 4432 hypostasin
759 4357 972 4423 dicens,
1023 4366 1250 4414 naturas
1283 4375 1418 4415 vero
1467 4359 1651 4414 duas:
1700 4338 1953 4417 et-divisi

2083 4358 2259 4427 μένως
2297 4353 2580 4413 συνάπτει,
2611 4350 2706 4403 δύο
2742 4348 2841 4418 μὲν
2888 4345 3080 4414 φύσεις
3126 4343 3324 4411 λέγων,
3356 4338 3645 4432 ὑπόστασιν

398 4429 520 4511 unit
540 4468 556 4518 ;
578 4450 717 4506 duas
748 4449 973 4521 quidem
997 4461 1223 4505 naturas
1254 4449 1466 4511 dicens,
1488 4450 1806 4522 hypostasin
1842 4469 1953 4507 veri

2079 4450 2135 4504 δὲ
2161 4448 2293 4519 μίαν
2312 4462 2326 4477 ο
2358 4443 2595 4515 ἔμπαλιν
2625 4442 2719 4496 ἐπὶ
2747 4441 2849 4511 τῆς
2872 4439 3153 4508 θεολογίας
3182 4434 3331 4491 κατὰ
3360 4433 3452 4531 τὸν
3486 4429 3645 4531 μέγαν

399 4557 602 4611 unam;
643 4549 835 4596 contra
862 4549 1028 4611 atque
1062 4539 1120 4594 in
1149 4539 1423 4611 theologia
1456 4538 1743 4596 Trinitatis
1773 4555 1953 4596 secun'

2082 4539 2406 4611 Γρηγόριον,
2451 4534 2600 4592 Ἐκεῖ
2631 4533 2731 4603 μὲν
2755 4533 2861 4604 γάρ
2888 4533 3009 4594 ταῖς
3046 4528 3383 4582 ὑποστάσεσι
3411 4524 3643 4589 διαιρῶν,

399 4635 533 4695 dum
553 4632 879 4705 Gregorium
903 4631 1178 4703 Magnum.
1202 4630 1320 4691 [llic
1345 4629 1495 4687 enim
1517 4631 1612 4703 qui
1645 4631 1700 4687 in
1727 4633 1947 4709 personi

2084 4631 2194 4685 ἑνοῖ
2223 4632 2289 4699 τῇ
2340 4627 2535 4697 φύσει·
2582 4623 2833 4679 ἐντεῦθεν
2867 4624 2924 4678 δὲ
2974 4624 3041 4692 τῇ
3102 4617 3402 4675 ὑποστάσει
3446 4612 3643 4709 ὲνίςων,

401 4726 624 4790 dividit,
660 4725 717 4783 in
751 4732 950 4779 natura
1002 4722 1124 4778 unit
1163 4739 1178 4777 :
1223 4722 1311 4777 hic
1356 4730 1564 4788 autem,
1607 4721 1703 4794 qui
1736 4706 1737 4709 η
1765 4723 1820 4779 in
1877 4724 1953 4796 hy:

2083 4722 2349 4792 διακρίνει
2382 4723 2500 4783 ταῖς
2537 4718 2786 4789 φύσεσιν.
2828 4718 2978 4769 Ἐκεῖ
3035 4716 3134 4785 μὲν
3180 4710 3290 4780 γὰρ
3337 4706 3647 4765 ὑποστάσεις

403 4817 612 4895 postasi
663 4816 806 4882 unit,
855 4816 910 4880 in
961 4814 1177 4871 naturis
1218 4813 1436 4870 dividit.
1496 4816 1615 4871 lliic
1660 4816 1808 4872 enim
1853 4827 1983 4873 sunt

403 4908 724 4984 digerentes
774 4906 1000 4989 quidem
1051 4905 1395 4977 hypostases,
1428 4914 1625 4966 natura
1676 4921 1808 4963 vero
1839 4922 1980 4963 una:

404 5000 497 5063 hic
526 5007 740 5056 natum
780 4995 1004 5068 quidem
1043 4995 1296 5064 diversae,
1336 4995 1649 5069 hypostasis
1685 5012 1817 5053 vero
1853 5013 1981 5055 una.

407 5092 464 5155 Si
507 5091 633 5165 quis
661 5090 829 5162 igitur
853 5088 1159 5145 secundum
1188 5097 1427 5145 mentem
1464 5088 1724 5145 Ecclesia:
1760 5089 1984 5160 accipit,

406 5186 555 5261 quod
604 5184 844 5246 dicimus
895 5196 1058 5239 unam
1107 5181 1277 5245 Verbi
1320 5189 1573 5245 naturam
1622 5180 1986 5248 incarnatam,

407 5277 644 5349 accipiat
691 5275 824 5333 item
854 5274 1113 5337 libenter,
1138 5271 1285 5343 quod
1323 5271 1561 5327 dicimus
1597 5270 1734 5326 duas
1764 5279 1990 5337 naturas

407 5368 848 5434 substantialiter
868 5366 922 5422 in
954 5364 1177 5421 Christo
1209 5363 1409 5419 unitas.
1431 5362 1490 5418 Si
1516 5362 1662 5418 enim
1698 5361 1766 5416 ad
1800 5369 1989 5416 osten-

410 5461 655 5539 dendum
693 5470 752 5519 ct
780 5457 1198 5541 signiﬁcandum
1218 5456 1515 5521 humanam
1538 5463 1813 5520 naturam,
1839 5463 1990 5541 post-

487 5640 507 5715 Ι
550 5643 741 5715 Ηηιιιι.
778 5658 886 5709 xvi,
922 5641 1003 5711 ιο,
1083 5642 1107 5681 ι
1144 5638 1319 5709 Galat.
1371 5655 1445 5707 vi,
1482 5638 1535 5709 4.

2086 4815 2353 4885 διάφοροι,
2401 4812 2564 4883 φύσις
2611 4810 2669 4865 δὲ
2708 4812 2744 4881 ἡ
2791 4809 2932 4880 αὑτή
2956 4824 2971 4838 ·
3003 4806 3236 4861 ἐνταῦθα
3259 4804 3316 4858 δὲ
3348 4801 3535 4871 φύσεις
3561 4800 3648 4868 μὲν

2083 4907 2353 4976 διάφοροι,
2382 4904 2679 4966 ὑπόστασις
2711 4902 2766 4957 δὲ
2798 4903 2831 4972 ἡ
2861 4901 3024 4971 αὐτή.
3060 4899 3125 4952 Et
3152 4914 3237 4961 τις
3274 4891 3370 4949 οὖν
3400 4890 3540 4947 κατὰ
3565 4889 3649 4942 τὸν

2087 4997 2212 5053 νοῦν
2246 4998 2345 5070 τῆς
2390 4996 2717 5065 Ἑκκλησίας
2739 4994 3077 5067 ἐκλαμϐάνει
3117 4993 3199 5059 τὸ,
3234 4992 3365 5064 μίαν
3403 4988 3496 5042 τοῦ
3528 4983 3647 5039 Θεοῦ
3694 5047 3704 5056 ,

2087 5092 2266 5160 Λόγου
2296 5090 2456 5159 φύσιν
2486 5088 2941 5160 σεσαρκωμένην,
2968 5085 3255 5149 ἀσπασίως
3284 5076 3649 5146 καταδεξάσθω

2089 5180 2185 5235 καὶ
2216 5179 2274 5233 τὸ
2300 5178 2395 5233 δύο
2426 5177 2620 5247 φύσεις
2647 5177 2923 5240 οὑσιωδῶς
2949 5174 3239 5247 ήνωμένας
3272 5171 3456 5239 λέγειν
3490 5172 3546 5223 ὲν
3578 5165 3648 5235 τῷ

2090 5270 2333 5344 Χριστῷ.
2368 5271 2433 5324 El
2475 5270 2585 5339 γάρ
2619 5271 2712 5325 ἐπὶ
2751 5268 3097 5339 παραστάσει
3136 5266 3230 5318 καὶ
3273 5261 3525 5334 σημασίᾳ
3561 5260 3650 5327 τῆς

2091 5362 2441 5434 ἀνθρωπίνης
2472 5360 2711 5431 φύσεως,
2757 5359 2896 5430 μετὰ
2921 5357 2984 5412 τδ
3010 5359 3185 5411 εἰπεῖν
3223 5355 3355 5424 μίαν
3383 5351 3544 5410 φύσιν
3563 5347 3647 5402 τοῦ

2092 5454 2227 5519 Θεοῦ
2279 5454 2475 5528 Λόγου,
2528 5453 2722 5525 ἐπάγει
2768 5452 2851 5522 τὺ,
2882 5449 3313 5529 σεσαρκωμένην
3344 5463 3360 5479 ο
3385 5444 3493 5500 τίνι
3524 5442 3650 5512 λόγῳ
