3946 6206
278 388 409 453 ιιιη

1497 392 1597 453 DE
1634 391 2223 483 lNCARNATlONE.

3392 385 3530 454 i498

271 503 454 556 λοιπὸν
486 501 779 557 ἀναδύεται
807 502 868 556 τὸ
896 501 989 556 δύο
1017 502 1209 571 φύσεις
1248 502 1551 574 ὁμολογεῖν,
1588 504 1719 575 μίαν
1748 505 1842 575 μὲν

1949 520 2112 572 quam
2163 505 2306 559 dixit
2362 520 2527 559 unam
2589 513 2840 559 naturam
2891 504 2988 560 Dei
3035 503 3225 568 Verbi,
3283 503 3530 575 adiungit

269 598 371 665 τὴν
398 595 493 649 τοῦ
531 595 667 650 Θεοῦ
698 596 892 662 Λόγου,
939 595 1135 666 ἑτέραν
1165 594 1220 649 δὲ
1249 596 1348 665 τὴν
1375 596 1749 667 ἀνθρωπίνην,
1780 598 1846 668 ἢν

270 687 432 751 αὐτὸς
460 686 550 741 διὰ
594 687 691 756 τῆς
742 686 1174 757 σεσαρκωμένης
1223 686 1424 752 λέξεως
1476 687 1846 756 ἀπαγγέλλειν

270 778 694 849 διισχυρίζεται;
726 777 763 831 ἃ
789 776 899 848 γὰρ
924 778 1179 847 ὁμολογεί
1207 778 1303 833 καὶ
1348 778 1674 849 ἀριθμείτω,
1707 777 1846 831 κατὰ

268 870 360 923 τὸν
402 869 578 940 μέγαν
620 868 922 924 Βασίλειον.
954 870 1017 922 Ei
1065 869 1121 922 δὲ
1165 871 1407 941 αἰτιᾶται
1440 870 1532 924 τὸν
1562 868 1656 924 δύο
1687 870 1745 940 ἀς
1762 867 1847 924 ιθ-

272 961 393 1031 μὸν,
429 959 505 1023 ὡς
534 959 846 1030 διχαστικόν
875 977 997 1014 τινα
1027 961 1122 1013 καὶ
1144 960 1497 1032 διαιρετικὸν,
1531 962 1848 1029 γινωσκέτω

273 1052 348 1124 μὴ
376 1050 600 1122 εὖλογον
645 1048 786 1106 εἶναι
833 1054 935 1124 τὴν
978 1050 1237 1123 τοιαύτην
1272 1052 1623 1124 παραίτησιν.
1652 1051 1715 1104 Εἰ
1749 1049 1842 1119 μὲι

270 1144 397 1216 γὰρ,
420 1143 498 1208 ὡς
520 1143 627 1198 καὶ
642 1143 900 1214 ἀνωτέρω
919 1142 1338 1215 εἴρηται,εἰπὼν
1354 1143 1381 1196 ὁ
1396 1144 1522 1214 ὅρος
1546 1140 1639 1194 δύο
1657 1140 1848 1209 φύσεις

266 1234 454 1298 ἁπλῶς
477 1237 538 1288 ὲν
568 1234 647 1305 τῷ
699 1234 920 1305 Χριστῷ
974 1234 1291 1303 γινώσκειν,
1323 1233 1420 1288 καὶ
1461 1232 1627 1304 μηδὲν
1659 1232 1847 1303 ἓτερον

268 1327 708 1397 προσεπιφέρων,
761 1326 1073 1391 ἀπεσιώπα,
1113 1325 1300 1397 χώραν
1341 1327 1471 1389 ἴσως
1521 1323 1692 1378 ἐδίδου
1727 1325 1847 1384 ταῖς

264 1418 546 1482 τοιαύταις
582 1417 865 1486 ὑποψίαις,
895 1417 971 1480 ὼς
1023 1418 1207 1487 μήπου
1263 1414 1361 1486 τὴν
1407 1413 1606 1468 ἑαυτοῦ
1640 1413 1847 1469 ἔννοιαν

265 1511 480 1582 τρανῶς
497 1510 882 1582 παραστήσας,
914 1509 1062 1571 ὅπως
1086 1504 1197 1562 οἵδε
1227 1507 1328 1571 τὰς
1346 1506 1603 1570 τοιαύτας
1627 1505 1721 1560 δύο
1741 1504 1846 1574 φύ-

268 1617 382 1664 σεις
420 1600 566 1670 ἔχειν
596 1599 734 1670 arpi);
773 1597 992 1662 ἑαυτάς.
1029 1597 1164 1650 Είδὲ
1190 1596 1385 1664 ἐπάγει
1421 1596 1505 1658 τδ,
1535 1593 1846 1665 ήνωμένας,

266 1693 362 1747 καὶ
397 1690 537 1763 πρὸς
568 1689 783 1753 τούτοις
814 1690 913 1760 τὴν
953 1689 1082 1759 μίαν
1112 1687 1374 1759 κηρύττει
1405 1684 1725 1749 ὑπόστασιν,
1754 1683 1846 1735 ού-

264 1784 323 1838 ὃὲ
352 1783 592 1837 ὲθέλοντί
631 1798 738 1835 τινι
794 1779 1163 1849 συκοφαντίας
1202 1778 1366 1831 τόπον
1396 1776 1716 1846 παρέχεται.
1752 1774 1849 1826 ΔΞ-

264 1878 479 1930 δεικται
510 1870 605 1929 οὖν
652 1876 718 1929 ὲκ
751 1873 974 1937 παντὸς,
1018 1873 1099 1926 ὅτι
1131 1871 1325 1924 ταυτὸν
1367 1868 1699 1940 ἀμφοτέροις
1728 1867 1842 1928 τοῖς
1876 1863 1914 1915 Β

264 1970 514 2039 ὁρισμοῖς
555 1965 766 2029 τούτοις
807 1965 868 2018 τὸ
897 1962 1165 2033 βούλημα,
1199 1961 1291 2015 καὶ
1318 1963 1346 2015 ὁ
1369 1961 1558 2031 ἕτερος
1601 1957 1696 2012 τοῦ
1729 1955 1844 2010 ἑτέ-

270 2074 364 2127 ρου
398 2054 794 2128 ὲρμηνευτικὸς
825 2054 1026 2124 μᾶλλον
1053 2052 1149 2105 καὶ
1175 2050 1275 2104 οὐκ
1302 2049 1547 2112 ἐναντίος
1579 2046 1838 2117 ὑπάρχει.

267 2150 376 2202 Καὶ
407 2148 580 2203 ταῦτα
612 2148 713 2219 μὲν
740 2146 816 2210 ὡς
846 2147 905 2200 ὲν
935 2141 1359 2218 προεισαγωγῆς
1402 2139 1532 2195 εῖδει
1578 2137 1844 2211 λελέχθω-

264 2256 365 2295 σαν
389 2260 503 2296 νυν.
1688 2256 1699 2267 ¹

339 2423 404 2476 ‘0
434 2421 479 2474 δ’
527 2414 621 2474 οὖν
648 2421 677 2473 ὁ
707 2419 867 2488 λόγος
907 2418 1136 2491 ὥρμητο
1176 2412 1566 2486 διηγήσασθαι,
1614 2412 1697 2469 ὅτι
1739 2412 1842 2482 τῆς

276 2511 607 2584 Ἐκκλησίας
634 2509 1048 2580 παρωσαμένης
1072 2506 1172 2573 τὰς
1200 2507 1286 2577 ἐφ’
1337 2505 1576 2577 ἑκάτερα
1608 2503 1841 2576 τροπὰς,

267 2609 436 2678 μέσην
464 2623 523 2661 τε
557 2606 649 2660 καὶ
668 2604 1043 2677 ἀληθεστάτην
1071 2596 1378 2673 τεμνούσης
1406 2600 1523 2654 ὀδόν
1546 2616 1560 2651 .°
1602 2598 1844 2670 Σευῆρός

267 2718 346 2764 τις
374 2702 441 2771 τῇ
462 2699 569 2752 τῶν
592 2700 649 2752 ὲν
682 2695 984 2766 Ἀντιοχείᾳ
1005 2694 1272 2766 προεδρίᾳ
1290 2692 1482 2746 ἑαυτὸν
1506 2690 1841 2763 είσωθήσας,

262 2790 362 2861 τὴν
389 2790 585 2859 ἑτέραν
632 2787 743 2842 τῶν
783 2786 1099 2857 ὁμομοίρων
1130 2785 1359 2852 τούτων,
1395 2786 1544 2840 τοῦτ’
1595 2785 1712 2839 ἐστι
1742 2785 1843 2857 τὴν

264 2882 404 2936 κατά
435 2883 650 2952 Μάνην,
691 2879 1071 2950 ’Δπολινάριόν
1118 2896 1178 2933 τε
1215 2880 1308 2937 καὶ
1340 2879 1610 2949 Εὐτυχέα,
1643 2879 1843 2934 διεκδι-

257 2977 378 3027 κεῖν
414 2974 700 3044 ἐπειρᾶτο,
747 2971 934 3026 κυκῶν
983 2973 1083 3041 ὅση
1130 2971 1360 3043 δύναμις
1396 2971 1546 3042 αύτῷ
1595 2970 1696 3042 τὴν
1742 2972 1842 3041 τῆς

272 3065 600 3134 Ἐκκλησεας
621 3065 867 3135 εἰρήνην.
915 3063 1159 3127 Ἐλαθεὶς
1189 3063 1247 3117 δὲ
1282 3064 1380 3131 τῆς
1415 3060 1733 3132 Ἀντιοχέων
1763 3059 1841 3124 ὡς

259 3155 567 3223 στασιώδης
614 3155 709 3209 καὶ
747 3152 1037 3224 ταραξίας,
1085 3157 1154 3225 τῇ
1208 3153 1603 3223 Ἀλεξκνδρέων
1642 3151 1842 3221 κουφό-

263 3263 385 3317 τητι
425 3244 687 3309 λαίλαπος
718 3244 814 3297 καὶ
857 3243 1090 3314 θυέλλης
1128 3244 1286 3315 δίκην
1316 3243 1642 3313 ἐνέσκηψεν.
1674 3242 1843 3296 Ἔνθα

256 3338 353 3391 aut
376 3337 570 3408 ἑτέρας
603 3335 918 3404 καταιιγίδος
942 3337 1385 3407 ἀντιπνευσάσης
1410 3335 1582 3406 αὐτῷ,
1616 3335 1841 3406 ἠμερὼ-

263 3443 414 3497 cepa;
454 3426 555 3496 μὲν
577 3426 673 3479 καὶ
693 3418 859 3497 ἦττον
881 3424 1128 3496 ζαλώδης
1163 3424 1239 3494 (ω
1270 3426 1435 3489 αὐτὸς
1463 3424 1661 3481 ἑαυτοῦ
1690 3426 1839 3492 γίνε-

254 3537 352 3572 ται
373 3535 388 3550 ·
433 3520 482 3573 oi
511 3518 569 3571 δὲ
602 3518 698 3571 ὑπ’
730 3517 901 3571 αὑτοῦ
932 3517 1387 3588 κλυδωνιζόμενοι
1420 3518 1515 3572 καὶ
1546 3519 1845 3590 περιφερό-

259 3626 437 3685 μενοι,
484 3607 864 3678 διεσπάρησαν
907 3609 1003 3661 ἀπ⁹
1042 3608 1310 3678 ἀλλήλων,
1367 3610 1463 3662 καὶ
1508 3608 1845 3680 διῃρέθησαν

255 3703 522 3776 χειρόνως
558 3703 591 3774 ἢ
636 3703 923 3774 πρότερον.
970 3703 1294 3757 Διεσκέδασε
1325 3703 1434 3773 γὰρ
1474 3703 1676 3767 αὐτοὺς
1717 3704 1846 3756 Ἰου-

257 3794 465 3859 λιανὸς,
501 3793 789 3864 ἑπίχαρμα
818 3793 930 3847 τῶν
961 3793 1174 3866 ἐχθρῶν
1203 3793 1394 3858 αὐτοῦ,
1429 3792 1615 3858 καθὼς
1640 3794 1845 3865 γέγρα-

260 3905 414 3947 πται.
468 3886 760 3951 Ἰουλιανὸς
797 3887 855 3940 δὲ
897 3878 1053 3951 οὗτος
1119 3886 1556 3956 Ἀλικαρνασσοῦ
1610 3887 1711 3958 μὲν
1744 3887 1844 3957 τῆς

275 3973 460 4038 Ἀσίας
487 3974 788 4038 ἐπίσκοπος
817 3970 905 4046 ἦν,
935 3976 1037 4045 τῆς
1073 3974 1131 4030 δὲ
1153 3968 1498 4048 Εὐτυχιανῆς
1531 3977 1845 4048 συμμορίας

260 4068 679 4139 προαγωνιστὴς
704 4067 1100 4140 έκθυμότατος,
1142 4069 1385 4141 Σευήρου
1432 4087 1493 4122 τε
1531 4070 1602 4124 τὰ
1650 4070 1843 4140 πρῶτα

263 4159 501 4231 συνήθης
533 4161 627 4214 καὶ
658 4160 834 4230 φίλος.
874 4162 1378 4233 συγκεκροτημένοι
1409 4179 1469 4216 τε
1500 4163 1671 4234 ἄμφω
1697 4162 1841 4217 κατὰ

258 4250 360 4321 τῆς
391 4250 688 4321 ἀληθείας*
752 4250 982 4323 ὕστερον
1026 4252 1084 4306 δὲ
1143 4253 1480 4323 ἐμπεσόντος
1524 4254 1710 4318 αὐτοῖς
1745 4256 1842 4309 τοῦ

261 4342 507 4399 τοιούτου
535 4343 878 4414 ζητήματος,
909 4344 1144 4416 πότερον
1188 4345 1431 4415 φθαρτὸν
1467 4346 1631 4415 φύσει
1661 4346 1844 4415 λέγειν

258 4436 322 4491 τὸ
369 4435 529 4508 σῶμα
570 4437 667 4490 τού
714 4437 923 4507 Κυρίου
968 4438 1122 4505 ποτὲ,
1170 4438 1204 4510 ἦ
1251 4439 1372 4493 οὐδέ
1422 4456 1588 4505 ποτε,
1628 4439 1744 4494 ἀλλ’
1783 4439 1844 4505 ἐξ

1950 597 2330 662 inearuatam;
2376 613 2548 667 quare
2598 606 2786 667 postea
2830 605 3048 652 recusat
3093 595 3344 651 conﬁteri
3392 595 3530 654 duas

1900 760 1904 764 Δ
1949 697 2201 754 naturas,
2248 705 2414 743 unam
2453 691 2680 759 quidem
2720 690 2817 745 Dei
2850 690 3042 755 Verbi,
3076 698 3136 744 et
3162 688 3391 745 alteram
3420 687 3527 742 hu-

1949 797 2190 846 manam,
2224 797 2389 851 quam
2422 781 2538 852 ipse
2580 781 2850 836 vocabulo
2886 778 3157 834 incarnati
3203 776 3434 832 aﬁirmat
3467 792 3527 832 se

1951 869 2243 943 proﬁteri?
2285 887 2413 941 qua:
2451 872 2601 925 enim
2645 870 2959 933 conﬁtetur,
3013 878 3295 932 numeret,
3352 875 3410 922 ut
3451 866 3529 921 ait

1949 975 2180 1031 magnus
2219 960 2474 1015 Basilius.
2514 959 2571 1015 Si
2606 970 2791 1015 autem
2832 967 3055 1014 accusat
3099 957 3378 1012 binarium
3419 972 3528 1010 nu-

1948 1067 2163 1105 merum
2212 1062 2472 1121 tanquam
2532 1051 2872 1106 dividentem
2915 1058 2973 1106 et
2999 1050 3351 1121 partientem,
3392 1048 3528 1103 sciat

1949 1159 2061 1198 non
2099 1159 2223 1199 esse
2256 1144 2455 1198 rationi
2486 1151 2917 1200 consentaneam
2961 1140 3278 1213 hujusmodi
3313 1155 3529 1194 recusa-

1952 1234 2179 1288 tionem.
2214 1234 2271 1289 Si
2308 1235 2481 1297 enim,
2515 1243 2578 1289 ut
2617 1234 2876 1303 superius
2897 1232 3107 1287 dictum
3138 1238 3243 1296 est,
3273 1229 3528 1286 deﬁnitio

1949 1341 2071 1395 qua:
2119 1324 2256 1380 dicit
2298 1325 2623 1395 simpliciter
2662 1323 2885 1396 agnosci
2921 1324 2977 1378 in
3006 1322 3227 1378 Christo
3261 1321 3398 1376 duas
3430 1335 3528 1374 na-

1951 1425 2126 1482 turas,
2167 1426 2224 1472 et
2258 1415 2399 1470 nihil
2449 1417 2603 1471 aliud
2631 1416 2954 1487 adjungens,
2997 1415 3262 1478 reticeat;
3293 1412 3527 1468 fortasse

1947 1509 2129 1563 locum
2174 1508 2392 1563 dederit
2442 1507 2759 1579 hujusmodi
2829 1505 3261 1576 suspicionibus,
3312 1514 3375 1559 ut
3428 1502 3525 1572 qui

1947 1615 2058 1655 non
2096 1600 2259 1669 plane
2295 1600 2630 1655 sententiam
2679 1614 2834 1653 suam
2887 1596 3206 1668 protulerit,
3247 1594 3527 1665 quomodo

1950 1690 2284 1761 intelligeret
2313 1689 2384 1745 ad
2423 1705 2483 1745 se
2511 1689 2748 1745 invicem
2777 1686 3005 1743 all‘cctas
3036 1684 3356 1757 hujusmodi
3390 1684 3528 1737 duas

1949 1790 2195 1837 naturas.
2221 1781 2276 1837 Si
2300 1797 2434 1836 vero
2472 1782 2754 1853 adjungat,
2784 1781 2989 1844 unitas,
3008 1788 3064 1833 et
3102 1793 3265 1832 unam
3297 1783 3525 1846 prater-

1944 1890 2007 1929 ea
2039 1874 2362 1955 hypostasin
2433 1875 2717 1945 praedicet,
2752 1889 2822 1928 ne
2850 1872 3055 1927 volenti
3101 1870 3325 1940 quidem
3352 1867 3523 1921 ullum

1942 1967 2126 2023 locum
2156 1967 2250 2023 dat
2281 1967 2592 2022 calumnia.
2626 1967 3070 2021 Demonstratum
3102 1962 3268 2033 igitur
3300 1968 3386 2029 est
3410 1975 3530 2013 om-

1944 2059 2079 2114 nino
2133 2058 2391 2114 eumdem
2421 2072 2643 2113 sensum
2682 2072 2803 2111 esse
2844 2055 3136 2124 utriusque
3164 2050 3525 2116 deﬁnitionis,

1943 2160 2001 2205 et
2039 2149 2268 2204 alteram
2308 2164 2431 2204 esse
2476 2148 2708 2203 alterius
2736 2144 3281 2216 interpretationem,
3321 2150 3376 2197 et
3420 2141 3528 2196 mi-

1945 2242 2094 2296 nime
2167 2241 2526 2297 contrariam.
2607 2240 2677 2294 Et
2719 2239 2853 2301 haec
2920 2238 3191 2293 hactenus
3266 2243 3527 2303 tauquam

1946 2335 2001 2389 in
2050 2333 2293 2403 speciem
2346 2331 2765 2403 praeparationis
2800 2330 2947 2386 dicta
2996 2330 3108 2385 sint
3158 2342 3329 2382 nunc.

2014 2423 2170 2491 Quod
2195 2433 2381 2479 autem
2410 2437 2688 2493 emperam
2716 2435 3014 2491 exponere,
3054 2418 3524 2489 quemadmodum

1944 2517 2190 2573 Ecclesia
2227 2516 2471 2587 explosis
2499 2513 2949 2570 aberratiouibus
2977 2513 3031 2568 in
3076 2512 3368 2582 utramque
3402 2526 3526 2581 par-

1945 2619 2056 2665 tem
2103 2609 2249 2665 inter
2298 2624 2358 2665 se
2419 2607 2869 2664 dissentientium
2897 2647 2913 2674 ,
2971 2604 3154 2660 media
3202 2604 3290 2658 via
3349 2619 3527 2677 eaque

1944 2699 2255 2756 rectissima
2296 2699 2679 2771 ingrediatur;
2733 2698 2975 2755 Severus
3018 2696 3266 2768 quidam,
3312 2696 3408 2766 qui
3464 2711 3524 2751 se

1943 2793 2001 2848 in
2018 2792 2399 2863 episcopatum
2424 2791 2691 2853 Ecclesiae
2709 2789 3102 2846 Antiochensis
3122 2788 3332 2853 intulit,
3361 2786 3525 2842 aliam

1942 2902 2109 2958 quam
2156 2885 2402 2956 ipsorum
2431 2884 2972 2951 sodaliumsectam,
3015 2882 3070 2937 id
3103 2890 3208 2950 est,
3242 2880 3527 2935 Manicluei

1942 2990 2000 3037 et
2042 2980 2373 3050 Apollinarii
2415 2987 2472 3036 et
2522 2977 2863 3050 Eutychetis,
2903 2975 3202 3031 defendere
3239 2987 3529 3042 aggressus

1942 3081 2046 3137 est,
2073 3072 2322 3137 turbans,
2351 3073 2529 3143 quoad
2553 3070 2756 3142 potuit,
2780 3084 2972 3141 pacem
3001 3066 3278 3122 Ecclesiae.
3304 3066 3529 3137 Ejectus

1944 3180 2080 3219 vero
2123 3165 2194 3220 ab
2239 3163 2717 3219 Antiochensibus
2745 3171 3007 3232 tanquam
3046 3158 3310 3214 factiosus
3333 3166 3391 3213 et
3417 3165 3530 3210 tur-

1947 3255 2231 3319 bulentus,
2272 3254 2439 3310 irruit
2475 3254 2651 3309 instar
2680 3252 2937 3324 procella:
2974 3258 3031 3306 et
3075 3248 3313 3305 turbinis
3356 3247 3413 3302 in
3451 3247 3529 3302 le-

1946 3348 2172 3402 vitatem
2209 3342 2708 3401 Alexandrinorum
2736 3385 2751 3409 ,
2798 3343 2893 3398 ubi
2934 3342 3040 3397 alia
3069 3345 3398 3410 tempestate
3440 3352 3528 3393 re-
3568 3406 3572 3413 .

1946 3438 2115 3494 ﬂante
2156 3437 2500 3492 mansuetior
2538 3445 2596 3491 et
2632 3436 2817 3489 minus
2875 3433 3138 3488 turbidus
3178 3432 3360 3486 factus
3403 3437 3525 3492 est;

1946 3528 2043 3599 qui
2088 3535 2274 3581 autem
2307 3527 2377 3580 ab
2424 3541 2492 3581 eo
2536 3525 2761 3579 fuerant
2788 3523 3052 3587 ﬂuctibus
3095 3522 3287 3593 iactati
3325 3530 3384 3577 et
3417 3521 3528 3574 cir-

1946 3616 2206 3682 cumacti,
2238 3633 2270 3672 a
2300 3634 2360 3673 se
2383 3616 2519 3687 ipsis
2543 3616 2770 3670 fuerunt
2806 3613 3057 3679 dissecti,
3090 3624 3146 3668 et
3174 3612 3339 3668 divisi
3372 3613 3530 3683 pejus

1946 3726 2111 3782 quam
2164 3719 2349 3765 antea.
2403 3707 2677 3779 Dispersit
2723 3706 2873 3764 enim
2924 3722 3021 3762 eos
3070 3705 3344 3768 Julianus,
3384 3704 3530 3758 risus

1948 3801 2300 3857 inimicorum
2352 3814 2605 3864 suorum,
2654 3806 2715 3853 ut
2758 3797 3028 3868 scriptum
3084 3805 3189 3852 est.
3246 3796 3380 3851 Erat
3439 3794 3530 3850 hic

1945 3893 2198 3951 Julianus
2227 3893 2520 3963 episcopus
2566 3889 2938 3945 llalicarnassi
2985 3889 3043 3943 in
3071 3887 3222 3952 Asia,
3267 3885 3528 3940 defensor

1946 3983 2371 4041 ardentissimus
2414 3992 2577 4038 secta:
2623 3979 2971 4052 Eutychetis,
3038 3977 3200 4033 initio
3245 3975 3530 4032 lamiliaris

1945 4089 2003 4136 et
2048 4079 2266 4134 amicus
2317 4078 2508 4135 Severi
2554 4095 2567 4130 :
2604 4076 2769 4133 ambo
2799 4075 2950 4130 enim
2996 4081 3189 4130 contra
3239 4062 3539 4127 veritatem‘

1945 4172 2432 4241 conspiraverant,
2482 4178 2674 4239 postea
2723 4183 2857 4224 vero
2918 4166 3190 4222 dissidere
3241 4172 3531 4234 cmperunt

1946 4274 2066 4320 orta
2091 4265 2239 4320 inter
2264 4279 2361 4320 eos
2391 4262 2818 4333 disceptatione,
2848 4270 3035 4316 utrum
3060 4259 3357 4315 dicendum
3384 4265 3531 4312 esset

1944 4374 2148 4429 corpus
2188 4356 2396 4417 Christi
2444 4364 2645 4411 natura
2701 4354 3001 4425 aliquando
3050 4351 3410 4421 corruptibile
3459 4365 3529 4402 an
3587 4370 3589 4373 ί

1943 4466 2249 4520 nunquam,
2301 4448 2395 4505 sed
2460 4449 2646 4519 potius
2700 4447 2770 4503 ab
2820 4447 2938 4517 ipsa
2996 4444 3201 4500 unione
3257 4443 3528 4498 sublatam

265 4528 429 4597 αὐτῆς
491 4530 590 4599 τῆς
661 4527 908 4592 ένώσεως
964 4529 1369 4599 ἀπαρνηθῆναι⁸
1422 4531 1522 4602 τῆς
1589 4531 1839 4602 φθαρτῆς

1947 4557 2066 4597 esse
2113 4541 2510 4611 proprietatem
2563 4546 2779 4594 natura:
2827 4534 3228 4606 corruptibilis,
3270 4542 3529 4603 tanquam

260 4616 477 4686 φύσεως
505 4618 567 4670 τὸ
595 4617 792 4689 ίδίωμα
815 4659 831 4685 ,
887 4618 967 4683 ὡς
993 4622 1123 4690 μιᾶς
1152 4621 1372 4690 φύσεως
1395 4625 1696 4692 γινομένων
1726 4624 1838 4678 τῶν

259 4711 375 4775 δύο,
412 4711 535 4765 καὶ
589 4713 689 4782 τῆς
743 4712 1038 4777 ούσιώδους
1079 4714 1346 4785 διαφορᾶς
1392 4715 1596 4786 ἀμφοῖν
1638 4716 1840 4789 μηκέτι

259 4803 692 4876 γινωσκομένης.
740 4803 838 4856 τοῦ
875 4804 933 4858 δὲ
970 4805 1284 4874 κρείττονός
1313 4823 1373 4860 τε
1400 4808 1494 4861 καὶ
1523 4807 1668 4863 θείου
1706 4809 1843 4879 μᾶλ-

259 4894 350 4947 λόν
389 4912 507 4957 πως
537 4896 927 4965 ὲκνικήσαντος
953 4896 1072 4965 ἃμα
1099 4900 1166 4967 τῇ
1203 4896 1394 4970 πρώτῃ
1422 4899 1709 4968 συναφείᾳ,
1747 4900 1843 4954 καὶ

260 4984 399 5055 πρὸς
439 4985 500 5038 τὸ
545 4986 742 5039 ἑαυτοῦ
790 4987 988 5056 ίδίωμα
1027 4987 1090 5041 τὸ
1115 4983 1279 5060 ἧττον
1317 4990 1377 5043 έν
1411 4991 1610 5063 ἀκαρεῖ
1632 4991 1840 5061 μεθαρ-

263 5076 533 5146 μόσαντος
554 5080 653 5149 τῆς
667 5077 789 5131 κατ’
817 5078 953 5135 αὐτὸ
974 5080 1215 5152 φυσικῆς
1242 5080 1527 5152 ίδιότητος.
1558 5083 1753 5137 Κοινὸν
1784 5083 1841 5136 δὲ

260 5171 592 5243 ἀμφοτέροις
625 5171 898 5243 Ἰουλιανῷ
920 5174 1016 5227 καὶ
1037 5174 1263 5246 Σευήρῳ
1282 5176 1433 5228 τουτὶ
1457 5174 1518 5229 τὸ
1536 5176 1718 5247 ἀπόρη
1726 5192 1803 5245 μα
1822 5190 1837 5205 ⁶

259 5261 430 5333 ἄμφω
484 5263 596 5334 γὰρ
645 5264 745 5335 τῆς
786 5265 1123 5335 πγχυτικῆς
1172 5267 1520 5335 προεμάχουν
1567 5265 1838 5330 ένώσεως.

770 5373 925 5440 Δόξα
978 5375 1324 5431 Ἰουλιανοῦ.

341 5486 632 5551 Ἰουλιανὸς
668 5486 802 5555 γοῦν
827 5486 1007 5551 καλῶς
1029 5490 1281 5559 ποιτῇτειν
1308 5487 1526 5560 διέγνω,
1553 5492 1602 5544 εί
1632 5492 1829 5548 παντά-

259 5594 424 5632 πασιν
450 5576 509 5642 ἐξ
534 5578 780 5631 ἀπόπτου
823 5580 1050 5650 χωρήσῃ
1087 5581 1229 5634 κατά
1260 5580 1357 5652 τῆς
1399 5580 1677 5653 ἀληθείας,
1741 5584 1835 5637 καὶ

262 5667 338 5747 μὴ
364 5669 545 5740 ἑαυτῷ
572 5687 630 5724 τε
652 5670 747 5724 καὶ
774 5669 948 5743 ταύτῃ
979 5660 1236 5742 πολέμιος
1332 5675 1426 5727 καὶ
1453 5674 1793 5746 ἀνάρμοστος
1820 5693 1832 5707 ο

1940 4629 2068 4685 dum
2105 4636 2317 4684 naturae
2359 4627 2518 4683 facta
2545 4635 2734 4682 essent
2777 4641 2906 4689 una,
2952 4634 3010 4680 et
3055 4623 3365 4679 diﬂ‘erentia
3395 4621 3529 4677 sub-

1945 4721 2220 4777 stantialis
2270 4726 2486 4775 naturae
2531 4734 2641 4774 non
2692 4718 2932 4789 amplius
2973 4723 3325 4780 nosceretur,
3371 4713 3530 4785 quasi

1947 4809 2145 4865 melior
2171 4824 2321 4879 pars,
2353 4808 2410 4864 id
2462 4816 2548 4864 est
2576 4808 2785 4874 divina,
2821 4807 2984 4863 simul
3020 4822 3145 4862 cum
3181 4805 3303 4876 ipsa
3326 4805 3530 4859 unione

1946 4902 2197 4967 vicisset,
2232 4909 2293 4956 et
2321 4900 2393 4957 ad
2423 4916 2579 4957 suam
2616 4900 3023 4971 proprietatem
3060 4898 3116 4953 in
3155 4908 3362 4969 puncto
3394 4907 3530 4953 tem-

1948 4990 2103 5061 poris
2134 4989 2404 5046 minorem
2431 4999 2647 5061 partem
2675 5007 2707 5046 a
2751 4992 2994 5048 naturali
3026 4992 3149 5064 ejus
3190 4990 3531 5063 proprietate

1949 5082 2343 5137 transtulisset.
2384 5081 2709 5140 Communis
2745 5093 2930 5139 autem
2980 5084 3295 5149 amborum,
3325 5082 3527 5140 Juliaui

1946 5173 2161 5230 scilicet
2206 5184 2265 5230 et
2312 5174 2542 5240 Severi,
2609 5176 2729 5232 haec
2788 5176 3066 5232 dubitatio
3122 5187 3182 5233 et
3245 5175 3525 5246 quaestio:

1944 5267 2109 5322 ambo
2151 5266 2302 5324 enim
2344 5268 2610 5324 unionem
2650 5268 3085 5325 confundentem
3133 5267 3525 5325 defendebant.

2278 5381 2469 5455 Opinio
2495 5380 2716 5439 Iuliani
2752 5382 3159 5439 Halicarnasset'

2013 5495 2266 5552 Julianus
2297 5495 2466 5568 igitur
2491 5497 2723 5568 pulchre
2754 5513 2813 5554 se
2849 5498 3124 5554 facturum
3159 5496 3441 5569 cogitavit,
3476 5496 3525 5554 si

1943 5584 2160 5641 occulte
2199 5593 2256 5640 et
2286 5585 2552 5642 insidiose
2605 5595 2795 5644 contra
2824 5589 3115 5645 veritatem
3148 5588 3370 5659 penitus
3398 5603 3520 5660 pro-

1942 5677 2183 5743 cederet,
2232 5684 2288 5732 et
2313 5693 2424 5732 non
2455 5677 2741 5734 videretur
2786 5679 2893 5736 sibi
2938 5679 3251 5735 contrarius
3276 5691 3333 5735 et
3375 5696 3405 5734 a
3436 5694 3526 5734 ve-

329 5796 408 5872 (9)
449 5799 581 5863 Fed.
630 5800 767 5864 Mor.
823 5802 930 5875 leg.
967 5818 1035 5858 ex
1082 5805 1205 5861 cod.
1257 5823 1359 5863 ms.
1422 5809 1495 5894 P._
1541 5808 1620 5866 St.
1669 5804 1828 5882 ἦττον
1851 5809 2068 5879 ζα).ὡδ.,
2098 5812 2284 5868 mitior
2313 5820 2367 5869 et
2402 5814 2585 5871 minus
2620 5817 2972 5875 turbulentus
2996 5836 3160 5891 quam
3187 5828 3371 5873 antea.
