3946 6206
458 393 622 473 ’1499

1617 422 2010 483 THEODORI
2052 420 2577 482 RHAITUENSIS

3606 407 3746 476 1500

484 521 646 572 ritate
670 517 1002 590 discrepare.
1029 523 1374 582 Existimavit
1400 543 1531 600 ergo
1551 545 1896 600 consequens
1915 545 2051 592 esse,

2161 528 2455 582 ἀκόλουθον
2501 524 2640 582 εἶναι
2695 528 2926 598 νομίσας
2999 527 3077 598 τῷ
3124 527 3339 594 λέγοντι
3392 525 3522 593 μίαν
3559 525 3744 593 φύσιν,

483 617 545 662 ιιι
591 609 687 678 qui
746 627 910 666 unam
961 625 1218 672 naturam
1253 619 1486 686 diceret,
1528 637 1639 676 non
1684 623 1892 677 faceret
1937 639 2058 678 eam

480 703 815 757 contrariam
849 706 955 761 sibi
982 708 1039 762 et
1076 726 1107 764 a
1142 725 1201 765 se
1239 700 1677 783 discrepantem;
1713 716 1928 770 sublata
1958 733 2060 771 au-

485 797 593 844 tem
617 792 985 864 discrepantia
1009 839 1024 861 ,
1045 802 1381 869 sequebatur
1401 805 1572 876 magis
1601 806 1830 876 impium
1850 823 1993 869 esse.
2011 811 2056 864 si

484 880 944 953 diceretur,quod
967 888 1214 946 deterius
1233 901 1338 957 est,
1354 897 1572 964 aggredi
1601 897 1667 951 ad
1687 901 2058 969 praestantius,

487 971 539 1025 id
555 983 660 1036 est,
679 978 1039 1046 corruptibile
1055 981 1121 1034 ad
1142 983 1575 1054 incorruptibile.
1592 987 1717 1043 Haec
1731 1005 1795 1044 cu
1805 1007 1854 1044 m
1877 993 1955 1046 sic
1973 1009 2062 1049 se-

485 1076 609 1115 cum
629 1066 988 1124 ratiocinatus
1003 1081 1171 1138 esset,
1190 1083 1246 1128 et
1264 1075 1401 1129 nihil
1424 1077 1572 1131 aliud
1592 1078 1697 1133 sibi
1715 1083 2056 1138 contrarium

482 1155 858 1222 prazvidisset,
916 1159 1394 1232 incorruptibilem
1453 1182 1672 1237 semper
1723 1180 1780 1226 et
1833 1175 2060 1230 omnino

481 1242 698 1299 Domini
744 1262 971 1303 carnem
1021 1251 1312 1322 imperiose
1368 1261 1766 1326 pronuntiavit.
1820 1263 2059 1321 Severus

478 1345 662 1392 autem
699 1356 810 1394 non
850 1345 1118 1412 probabat
1167 1349 1288 1414 ista,
1339 1363 1400 1405 ut
1429 1368 1550 1422 quae
1588 1355 1968 1412 confusionem
2003 1369 2060 1415 ct

478 1432 921 1489 commistionem
948 1448 1268 1494 naturarum
1298 1443 1458 1511 plane
1489 1433 1846 1515 inducerent‘;
1879 1467 2058 1520 neque

413 1541 416 1545 ι
479 1526 661 1576 tamen
709 1539 898 1592 pacem
947 1527 1128 1584 facere
1179 1532 1399 1588 volebat
1444 1551 1569 1590 cum
1619 1538 1888 1605 Ecclesia,
1937 1557 2060 1612 qua:

477 1616 874 1672 convenienter
908 1619 1240 1679 dill'erentia:
1289 1634 1345 1680 et
1378 1630 1811 1698 proprietatibus
1834 1646 2060 1692 naturas

479 1716 750 1771 numerat,
786 1711 840 1764 in
881 1713 1084 1781 quibus
1119 1715 1429 1774 differentia
1478 1725 1878 1792 proprietatum
1933 1745 2058 1784 cer-

478 1795 652 1859 nitur,
693 1808 749 1853 et
791 1817 1025 1870 quarum
1059 1818 1188 1860 sunt
1215 1811 1578 1878 proprietates
1606 1816 1902 1882 naturales,
1936 1836 2056 1888 quae

478 1885 531 1939 in
558 1887 692 1956 ipsis
717 1893 932 1948 naturis
967 1895 1192 1963 insunt;
1219 1907 1273 1953 ct
1291 1903 1549 1956 assentiri
1576 1905 1824 1962 audaciis
1851 1908 2056 1964 Iuliani

479 1979 772 2048 impudens
815 1994 871 2038 et
926 1989 1183 2054 petulans
1233 2007 1354 2046 esse
1383 1994 1787 2065 arbitrabatur;
1829 2008 1887 2055 et
1944 2017 2056 2056 non

477 2067 659 2123 minus
693 2087 815 2126 esse
846 2089 1008 2142 quam
1051 2078 1200 2132 nudo
1234 2081 1413 2160 capite
1447 2092 1503 2138 et
1533 2094 1724 2155 aperto
1753 2103 1849 2143 ore
1883 2089 2057 2159 pieta-

475 2169 583 2214 tem
632 2179 966 2237 oppugnare.

1047 2302 1238 2374 Opinio
1289 2306 1489 2363 Severi.

543 2427 622 2482 Ex
654 2444 722 2485 eo
767 2441 1013 2503 tempore
1055 2436 1232 2493 factus
1262 2448 1347 2494 est
1390 2441 1629 2498 Severus
1658 2441 1761 2498 sibi
1813 2453 1870 2500 et
1899 2462 2052 2502 men-

472 2517 631 2574 dacio
672 2536 774 2578 suo
827 2528 1159 2595 contrarius,
1203 2540 1260 2586 et
1296 2549 1400 2588 nec
1446 2550 1515 2588 ex
1563 2543 1678 2590 toto
1729 2553 1917 2602 verax,
1952 2557 2055 2596 nec

470 2624 536 2664 ex
585 2620 700 2668 toto
753 2616 1010 2686 mendax,
1047 2621 1163 2685 sed,
1215 2631 1276 2677 ut
1303 2625 1376 2677 ita
1418 2624 1620 2690 dicam,
1665 2629 2053 2696 pseudalethes

472 2702 549 2771 (id
574 2711 669 2769 est,
702 2706 1024 2780 falsivenu),
1055 2712 1251 2769 similis
1282 2726 1492 2772 natura:
1525 2721 1862 2788 compositae,
1889 2738 2053 2791 quam

472 2795 806 2866 excogitavit
842 2820 855 2854 :
896 2801 1104 2860 idcirco
1139 2822 1326 2862 secum
1375 2820 1600 2880 pugnat,
1634 2821 1690 2867 et
1735 2814 2054 2870 inconstans

468 2895 601 2952 est,
649 2896 706 2944 et
772 2891 921 2947 fatue
971 2903 1138 2965 atque
1211 2898 1487 2956 inerudite
1549 2903 1790 2958 medium
1847 2906 2053 2976 aliquid

475 2977 623 3032 inter
696 2983 1043 3040 mendacium
1114 2996 1173 3042 et
1256 2990 1544 3046 veritatem
1606 2997 1832 3064 quaerit;
1904 2999 2052 3067 quod

469 3073 682 3129 nullum
730 3087 837 3132 est.
870 3078 989 3134 Non
1041 3081 1188 3135 enim
1219 3082 1455 3138 inveniri
1492 3101 1594 3141 nec
1627 3089 1925 3158 excogitari
1955 3106 2053 3160 po-

470 3170 576 3217 test
594 3165 800 3233 aliquid
824 3168 1045 3224 veritati
1065 3178 1120 3224 et
1140 3172 1429 3227 mendacio
1449 3175 1816 3246 interiectum.
1834 3180 2050 3235 Veritas
2078 3206 2123 3264 ο

467 3253 616 3306 enim
643 3271 862 3325 semper
895 3259 1073 3314 media
1104 3270 1209 3323 est,
1239 3278 1343 3316 non
1375 3273 1706 3332 transversa,
1732 3279 1896 3337 atque
1927 3271 2051 3328 ideo

470 3341 626 3397 ﬁrma
669 3353 726 3400 et
771 3348 1017 3418 undique
1063 3353 1294 3422 aequalis
1342 3362 1399 3410 et
1445 3365 1596 3412 recta
1643 3376 1656 3412 :
1704 3359 1842 3415 nihil
1887 3361 2054 3432 igitur

471 3435 690 3505 recipit,
723 3439 872 3508 quod
899 3456 1020 3495 eam
1071 3444 1262 3500 reddat
1294 3446 1597 3516 obliquam,
1625 3459 1682 3504 et
1704 3465 1735 3505 e
1768 3466 1870 3506 suo
1898 3461 2045 3507 statu

467 3534 524 3579 et
577 3525 838 3584 ﬁrmitate
897 3532 1155 3602 expellat.
1214 3533 1479 3606 Coarguit
1536 3546 1721 3593 autem
1775 3540 2047 3610 quidquid

469 3617 732 3675 insidiose
765 3621 832 3676 ad
875 3635 996 3678 eam
1029 3625 1262 3689 accedit,
1295 3636 1350 3682 et
1394 3628 1644 3689 medium
1670 3631 1790 3701 ejus
1820 3643 2050 3700 quatere

468 3711 666 3766 nititur
703 3732 716 3767 :
747 3713 798 3768 id
823 3716 972 3784 quod
1008 3716 1215 3772 Severo
1252 3719 1504 3774 evenisse
1549 3723 1877 3791 reperimus.
1907 3723 2050 3790 Quia

465 3801 635 3865 enim,
677 3811 738 3856 ut
761 3803 1023 3869 diximus,
1062 3808 1306 3862 medium
1344 3809 1551 3880 aliquid
1604 3828 1808 3868 novum
1845 3825 2050 3885 praeter

465 3893 753 3950 veritatem
792 3907 1024 3954 conatus
1054 3909 1138 3955 est
1169 3901 1438 3968 invenire,
1468 3905 1616 3974 quod
1654 3907 1904 3962 invenire
1937 3925 2050 3966 non

423 4045 438 4058 .
465 3984 664 4052 potuit,
705 3985 837 4041 fecit
868 3988 1004 4058 ipse.
1051 3989 1188 4046 Cum
1223 3994 1371 4048 enim
1406 3994 1643 4053 Severus
1675 3999 1790 4068 ipse
1835 4001 2050 4059 diceret

463 4088 582 4128 esse
617 4074 898 4132 Christum
945 4096 1109 4135 unam
1146 4091 1424 4150 naturam,
1476 4093 1533 4141 et
1572 4087 1944 4148 diﬂ‘erentiam
1991 4094 2049 4150 in

462 4164 684 4223 Christo
732 4171 1036 4240 reciperet;
1081 4175 1334 4232 Julianus
1383 4196 1515 4235 vero
1562 4199 1728 4238 unam
1772 4195 2045 4254 naturam,

463 4257 608 4313 sicut
658 4259 916 4328 Severus,
949 4277 1201 4334 poneret,
1246 4270 1342 4324 sed
1386 4271 1755 4330 differentiam
1782 4277 2044 4334 tolleret:

465 4349 696 4414 veritas,
726 4350 778 4406 id
794 4361 897 4418 est,
923 4357 1296 4414 ecclesiastica
1320 4361 1596 4426 doctrina,
1619 4379 1780 4420 suum
1804 4367 2048 4425 medium

465 4441 672 4513 ubique
693 4445 1034 4512 custodiens,
1061 4451 1258 4520 reci'pit
1278 4453 1499 4522 quidem
1524 4455 1917 4523 differentiam,
1945 4460 2042 4516 sed

2165 620 2240 692 μὴ
2285 622 2422 690 πρὸς
2469 619 2669 692 ἑαυτὴν
2715 620 2963 674 ἐναντίαν
3011 621 3105 672 καὶ
3166 617 3569 688 διαφερομένην
3611 620 3752 670 ποτὶ

2161 711 2366 782 ταύτην
2419 717 2614 768 ποιεῖν.
2665 715 2941 782 Διαφορᾶς
2975 711 3032 764 δὲ
3065 712 3141 781 μὴ
3179 709 3349 780 οὔσης
3381 707 3752 808 ἀσεϐέστερον

2163 803 2350 870 φάναι,
2397 804 2459 857 τὸ
2496 807 2679 876 χεῖρον
2711 803 2992 874 μετελθεῖν
3020 801 3157 872 πρὸς
3186 802 3246 854 τὸ
3285 803 3554 871 κρεῖττον,
3597 799 3750 852 τοῦτ’

2161 891 2277 945 ἐστι
2314 893 2374 946 τὸ
2415 893 2657 966 φθαρτὸν
2703 891 2841 964 πρὸς
2898 891 2961 944 τὸ
3007 889 3306 960 ἄφθαρτον.
3343 887 3527 939 Ταῦτα
3557 884 3753 937 συλλο-

2161 984 2480 1053 γισάμενος,
2506 985 2602 1038 καὶ
2645 985 2768 1054 μηδ’
2807 983 2882 1044 ὡς
2909 983 3100 1052 ἕτερον
3127 979 3540 1048 ἐναντιούμενον
3560 976 3752 1046 ἑαυτῷ

2162 1075 2420 1145 προϊδὼν,
2478 1075 2760 1144 ἄφθαρτον
2796 1075 2883 1128 ἀεί
2913 1089 2971 1127 τε
3002 1073 3100 1126 καὶ
3133 1071 3276 1125 κατά
3305 1072 3482 1124 πάντα
3523 1070 3624 1140 τὴν
3650 1068 3748 1121 τοῦ

2161 1166 2370 1236 Κυρίου
2426 1166 2605 1237 σάρκα
2638 1163 3064 1232 ὲξουσιαστικῶς
3102 1162 3450 1231 ἀπεφήνατο.
3503 1158 3751 1226 Σευῆρος

2159 1257 2217 1310 δὲ
2244 1257 2455 1321 τούτοις
2487 1258 2561 1328 μὴ
2585 1257 2839 1330 ἀρεσθεὶς
2870 1257 2945 1322 ὡς
2969 1255 3268 1326 διαρρήδην
3291 1252 3626 1323 κηρύττουσι
3647 1249 3751 1317 τὴν

2161 1349 2424 1420 ἀνάχυσιν
2463 1369 2519 1404 τε
2568 1351 2662 1404 καὶ
2712 1350 3013 1418 σύμφυσιν,
3057 1347 3184 1400 οὔτε
3235 1344 3562 1398 σπείσασθαι
3607 1341 3750 1410 πρὸς

2160 1439 2258 1510 τὴν
2301 1441 2632 1511 Ἐκκλησίαν
2659 1440 2936 1506 ἐϐούλετο,
2961 1439 3037 1503 ὡς
3069 1437 3383 1498 ἀκολούθως
3411 1438 3477 1506 τῇ
3505 1433 3753 1502 διαφορᾷ

2159 1532 2254 1584 καὶ
2305 1534 2426 1595 ταῖς
2479 1532 2705 1602 ἰδιότησι
2753 1532 2847 1586 καὶ
2889 1531 2990 1594 τὰς
3039 1529 3231 1600 φύσεις
3289 1524 3746 1597 ἀπαριθμοῦσαν,

2160 1623 2289 1693 περὶ
2321 1621 2388 1686 ἀς
2421 1623 2455 1694 ἡ
2493 1623 2726 1694 διαφορά
2769 1623 3076 1692 θεωρεῖται,
3107 1623 3202 1676 καὶ
3231 1614 3306 1674 ὧν
3347 1620 3488 1674 εἰσιν
3520 1620 3576 1671 αἱ
3615 1617 3749 1670 ίδιό-

2159 1731 2320 1784 τητες
2349 1716 2592 1783 φυσικῶς
2632 1717 2826 1780 αὑταῖς
2861 1715 3263 1786 ἐνυπάρχουσαι
3295 1733 3312 1749 ο
3337 1711 3435 1766 καὶ
3461 1712 3522 1764 τὸ
3548 1709 3746 1762 συνθέ-

2162 1805 2286 1858 σθαι
2325 1810 2445 1870 ταῖς
2505 1805 2794 1860 Ἰουλιανοῦ
2834 1807 3178 1877 τολμηρῖαις,
3219 1805 3437 1868 ἀναιδὲς
3491 1805 3608 1872 ἇμα
3646 1804 3745 1855 καὶ

2159 1897 2428 1966 προπετὲς
2451 1897 2824 1968 ὑπελάμϐανε,
2867 1898 2966 1951 καὶ
3000 1898 3155 1951 οὐδὲν
3183 1897 3373 1967 ἕτερον
3401 1895 3434 1964 ἢ
3467 1897 3655 1964 γυμνῇ
3678 1897 3742 1964 τῇ

2159 1989 2391 2059 κεφαλῇ,
2421 1990 2515 2043 καὶ
2539 1991 2972 2063 ἀπερικαλύπτῳ
2995 1990 3070 2062 τῷ
3096 1991 3326 2061 στόματι
3360 1989 3620 2058 πολεμεῖν
3648 1988 3744 2058 τὴν

2158 2078 2461 2134 εύσέὃειαν.

2706 2305 2860 2370 Δόξα
2904 2308 3192 2372 Σευῆρον.

2240 2434 2334 2488 Ἐκ
2383 2433 2574 2488 τούτου
2628 2437 2863 2507 Σευῆρος
2924 2437 3133 2505 γίνεται
3185 2437 3278 2490 καὶ
3339 2435 3519 2505 ἑαυτῷ
3546 2434 3649 2488 καὶ
3678 2438 3741 2506 τῇ

2156 2524 2386 2595 ἀληθεία
2413 2527 2508 2580 καὶ
2543 2526 2621 2596 τῷ
2646 2527 2849 2594 γείτονι
2889 2527 3054 2582 αὐτοῦ
3083 2527 3266 2596 ψεύδει
3301 2527 3604 2589 ἀντίθετος,
3649 2529 3744 2580 καὶ

2155 2615 2279 2671 οὔτε
2307 2617 2444 2682 ὅλως
2465 2619 2672 2690 ἀληθὴς
2697 2618 2822 2673 οὔτε
2851 2619 2989 2683 ὅλως
3008 2619 3232 2690 ψευδὴς,
3266 2621 3382 2673 ἀλλ’
3415 2613 3528 2705 οἷον
3558 2619 3744 2671 εἰπεῖν

2154 2705 2518 2778 ψευδαληθὴς,
2557 2708 2742 2778 ὅμοιος
2766 2712 2835 2779 τῇ
2867 2709 2960 2762 ὑπ’
3005 2709 3171 2762 αὐτοῦ
3206 2707 3607 2778 ὲπινενοημένῃ
3644 2709 3743 2777 μιᾷ

2157 2797 2394 2868 συνθέτῳ
2417 2797 2598 2866 φύσει.
2630 2800 2729 2854 Διά
2763 2799 2924 2854 τοῦτο
2949 2801 3042 2854 καὶ
3083 2800 3216 2873 πρὸς
3256 2801 3451 2854 ἑαυτὸν
3487 2799 3740 2868 μάχιμος

2156 2889 2252 2942 καὶ
2286 2889 2675 2961 ἀπαλίμὸολος,
2703 2891 2927 2962 ἠλιθίως
2963 2893 3134 2955 ὅντως
3172 2893 3267 2946 καὶ
3306 2890 3541 2961 ἀμαθῶς
3572 2892 3740 2961 μέσον

2154 2998 2208 3034 τι
2253 2981 2442 3051 χρῆμα
2485 2981 2715 3052 ψεύδους
2745 2984 2852 3038 ’καὶ
2905 2983 3166 3054 ἀληθείας
3213 2983 3416 3054 ζητῶν,
3453 2981 3600 3051 ὅπερ
3645 2982 3742 3032 ούκ

2156 3070 2292 3126 ἔστι.
2343 3072 2638 3144 Μεσότητα
2698 3075 2808 3146 γὰρ
2853 3073 3112 3144 ἀληθείας
3172 3075 3270 3128 καὶ
3325 3072 3562 3143 ψεύδους
3617 3073 3739 3126 οὔτε

2155 3163 2356 3232 εὑρεῖν,
2395 3163 2519 3216 οὔτε
2545 3165 2831 3234 ἐπινοῆσαι
2865 3166 3090 3219 δυνατόν
3115 3181 3130 3194 ο
3175 3166 3208 3234 ὴ
3238 3163 3337 3234 μὲν
3370 3165 3478 3233 7&9
3508 3164 3740 3233 ἀλήθεια

2163 3255 2303 3326 μέση
2351 3257 2440 3310 ἀεὶ
2477 3256 2572 3310 καὶ
2603 3257 3034 3328 ἀπαρέγκλιτος,
3085 3258 3180 3311 καὶ
3209 3257 3299 3310 διὰ
3336 3255 3495 3309 τοῦτο
3542 3255 3741 3326 ἑδραέα

2156 3345 2252 3398 καὶ
2290 3345 2556 3400 πάντοθεν
2606 3345 2695 3416 ῖση
2744 3346 2840 3399 καὶ
2883 3345 3208 3408 εύθύτονος·
3259 3345 3320 3397 ού
3368 3344 3740 3414 παραδέχεται

2154 3433 2251 3490 οὖν
2289 3437 2479 3508 ἕτερόν
2518 3454 2573 3491 τι
2619 3437 2680 3491 τὺ
2729 3437 3023 3508 ἐγκάρσιον
3056 3436 3225 3508 αὐτὴν
3263 3433 3572 3500 ἀποτελοῦν,
3638 3436 3741 3488 καὶ

2155 3527 2390 3595 ἑξωθοῦν
2444 3531 2541 3600 τῆς
2614 3529 2823 3593 οἰκείας
2886 3529 3135 3592 στάσεως
3203 3527 3300 3582 καὶ
3352 3526 3736 3597 μονιμότητος,

2154 3619 2428 3686 ἑκτοξεύει
2471 3621 2530 3674 δὲ
2586 3623 2696 3676 πᾶν
2739 3621 2802 3674 τὸ
2829 3619 3134 3684 ἐπιϐούλως
3158 3621 3296 3688 αὑτῇ
3326 3617 3734 3690 προσπελάζον,

2154 3713 2251 3768 καὶ
2286 3713 2349 3766 τὸ
2383 3711 2549 3782 μέσον
2577 3713 2751 3784 αὐτῆς
2779 3712 3120 3768 διασαλεύειν
3153 3711 3521 3781 πειρώμενον.
3555 3709 3737 3779 Ὅπερ

2153 3805 2251 3860 καὶ
2305 3806 2543 3877 Σευῆρον
2602 3805 2696 3859 ὑπ’
2751 3807 2923 3877 αὐτῆς
2990 3804 3303 3858 πεπονθότα
3379 3803 3734 3874 εὑρίσκομεν.

2166 3896 2384 3968 Ἐπειδὴ
2416 3898 2548 3969 γὰρ,
2579 3897 2656 3962 ὡς
2699 3897 3147 3968 ἐφαμεν,-καινόν
3176 3913 3230 3950 τι
3256 3895 3422 3967 μέσον
3454 3894 3616 3965 παρά
3644 3894 3738 3962 τὴν

2155 3987 2414 4057 ἀλήθειαν
2459 3988 2641 4060 εὑρεῖν
2689 3989 3039 4059 ἐπεχείρησε,
3103 3985 3466 4055 πλαγιασθὲν,
3509 3985 3590 4048 ὡς
3643 3985 3738 4037 ούκ

2154 4077 2298 4146 ἔγνω
2332 4077 2506 4149 μέσην
2537 4077 2731 4133 ἑαυτοῦ
2761 4079 2973 4134 καὶτοῦ
2993 4071 3273 4150 ὁμοφύλου
3301 4078 3452 4148 αὐτῷ
3481 4079 3736 4148 ψεύδους,

2152 4171 2422 4241 πεποίηκε
2473 4171 2698 4241 ταύτην.
2743 4171 2921 4224 Αὐτοῦ
2961 4171 3072 4241 7&9
3113 4172 3354 4243 Σευῆρου
3397 4171 3527 4241 μίαν
3572 4171 3736 4242 φύσιν

2151 4262 2403 4331 λέγοντος
2436 4257 2578 4317 εἶναι
2616 4265 2708 4317 τὸν
2739 4263 3002 4335 Χριστὸν,
3048 4264 3142 4317 καὶ
3187 4263 3288 4334 τὴν
3324 4263 3600 4334 διαφορὰν
3639 4264 3734 4330 τὴν

2151 4355 2210 4406 ὲν
2247 4352 2325 4425 τῷ
2379 4353 2604 4425 Χριστῷ
2649 4355 2974 4426 δεχομένουο
3033 4354 3322 4409 Ἰουλιανοῦ
3353 4355 3410 4407 δὲ
3455 4355 3589 4425 μίαν
3641 4355 3735 4424 μὲν

2153 4445 2296 4500 κατά
2335 4447 2576 4518 Σευῆρον
2616 4447 2868 4515 λέγοντος
2904 4447 3088 4517 φύσιν,
3125 4447 3479 4516 ἀναιροῦντος
3527 4447 3593 4500 δὲ
3640 4447 3735 4516 τὴν

465 4544 576 4584 non
624 4531 768 4587 sicut
799 4534 1072 4603 Severus;
1105 4553 1214 4592 non
1250 4541 1398 4594 enim
1432 4543 1585 4598 novit
1611 4561 1853 4616 unquam
1881 4565 2047 4604 unam

2157 4535 2449 4607 διαφοράν·
2488 4537 2522 4606 ή
2565 4536 2814 4607 ἀλήθεια,
2853 4535 2998 4590 τοῦτ’
3037 4537 3185 4590 ἔστιν
3218 4539 3247 4589 ό
3279 4536 3733 4606 ἐκκλησιαστικὺς

464 4632 718 4678 naturam
778 4625 882 4680 sibi
935 4629 1302 4695 contrariam;
1337 4632 1476 4688 duas
1514 4635 1661 4689 enim
1713 4646 1940 4694 naturas
1991 4640 2046 4694 in

463 4711 687 4766 Christo
725 4729 850 4768 cum
891 4726 1174 4785 agnoscat,
1233 4718 1578 4776 divinitatem
1611 4723 1828 4779 scilicet
1858 4736 1914 4781 et
1945 4727 2048 4782 hu-

465 4803 807 4868 manitatem,
833 4805 1030 4860 harum
1059 4809 1224 4863 etiam
1256 4811 1402 4866 inter
1433 4828 1491 4867 se
1516 4813 1887 4870 differentiam
1923 4834 2049 4887 per—

464 4894 656 4962 spicue
685 4900 1097 4968 contemplatur
1127 4918 1139 4953 :
1167 4918 1272 4957 nec
1305 4903 1454 4958 enim
1482 4912 1566 4960 est
1610 4905 1753 4961 idem
1783 4907 2047 4965 divinitas

463 4993 520 5039 et
547 4985 865 5044 humanitas
901 5005 915 5042 :
952 4994 1171 5046 tametsi
1205 5009 1351 5048 unus
1375 5004 1458 5051 est
1486 4995 1742 5052 Christus
1767 4999 1821 5052 in
1852 4999 2042 5054 amba-

464 5076 569 5130 bus
592 5080 831 5146 naturis;
855 5089 910 5134 et
939 5081 1084 5136 idem
1113 5085 1392 5140 estambaa
1423 5096 1635 5142 natura:
1656 5094 1671 5141 ':
1695 5104 1819 5142 nam
1855 5106 2048 5160 quam-

467 5166 547 5220 vis
571 5167 745 5223 amba:
767 5177 977 5226 natura:
1001 5182 1131 5227 sunt
1155 5190 1346 5241 unum,
1373 5192 1482 5231 non
1509 5186 1688 5232 tamen
1718 5186 1847 5233 sunt
1875 5193 2044 5234 unum

464 5266 684 5322 natura,
736 5261 833 5315 sed
865 5277 1035 5317 unum
1085 5281 1382 5320 concursu.
1428 5267 1518 5323 Sic
1557 5268 1801 5324 Ecclesia
1840 5271 2046 5340 pra2di-

463 5359 574 5415 cat,
617 5366 741 5421 quae
789 5371 898 5409 non
942 5357 1139 5426 recipit
1174 5359 1546 5415 diﬂ‘erentiam
1581 5375 1648 5414 eo
1703 5362 1887 5425 modo,
1935 5380 2046 5433 quo

465 5440 706 5496 Severus
755 5461 768 5497 :
818 5445 914 5500 sed
960 5448 1264 5502 secundum
1317 5451 1587 5504 rationem
1639 5460 1697 5505 et
1736 5451 2044 5508 doctrinam

467 5545 620 5584 suam
671 5534 819 5588 illam
869 5553 978 5591 non
1025 5539 1225 5609 rejicit,
1277 5547 1336 5594 ut
1380 5539 1559 5611 rejicit
1605 5540 1859 5596 Julianus
1893 5543 2044 5597 llali-

468 5635 825 5690 carnasseus;
859 5628 962 5680 scit
986 5629 1132 5682 enim
1158 5631 1521 5699 assumpsisse
1542 5631 1786 5686 Verbum
1822 5649 2042 5688 carnem

474 5725 656 5763 veram
686 5723 741 5766 et
765 5716 1003 5771 animam
1041 5719 1460 5789 intelligentem,
1496 5737 1620 5775 cum
1653 5722 1768 5776 suis
1802 5725 2048 5791 proprie-

473 5805 726 5862 tatibus:
775 5810 879 5863 scit
926 5811 1056 5865 item
1111 5812 1325 5893 unitum
1375 5829 1496 5868 esse
1550 5815 1898 5884 corruptibili
1946 5816 2047 5870 im-

2148 4626 2327 4695 λόγος,
2359 4626 2458 4698 τὴν
2492 4627 2769 4698 μεσότητα
2813 4629 2979 4698 ἑαυτῇ
3026 4628 3307 4697 πανταχοῦ
3367 4628 3728 4692 διασώζουσα,

2147 4715 2368 4786 δέχεται
2426 4716 2527 4786 μὲν
2572 4717 2674 4788 τὴν
2705 4717 2994 4788 διαφορὰν,
3040 4718 3102 4770 ού
3162 4717 3305 4772 κατὰ
3345 4719 3589 4786 Σευῆρον
3635 4716 3726 4769 δέ·

2159 4809 2285 4862 οὐδὲ
2311 4808 2420 4878 γὰρ
2449 4803 2558 4862 οἶδέ
2598 4825 2730 4861 ποτε
2779 4808 2908 4878 μίαν
2939 4806 3101 4876 φύσιν
3128 4809 3295 4878 ἑαυτῇ
3325 4807 3596 4860 ἐναντίαν.
3629 4807 3730 4860 Δύο

2148 4897 2260 4967 γὰρ
2294 4896 2485 4966 φύσεις
2509 4899 2568 4950 ὲν
2595 4895 2675 4966 τῷ
2717 4895 2938 4967 Χριστῷ
2969 4894 3340 4964 γινώσκουσα,
3376 4895 3612 4964 θεότητα
3642 4896 3730 4949 καὶ

2148 4988 2565 5059 ἀνθρωπότητα,
2591 4987 2799 5042 τούτων
2832 4988 2928 5041 καὶ⁸
2955 4988 3218 5059 διαφορὰν
3239 4990 3339 5059 τὴν
3362 4989 3497 5059 πρὸς
3524 4989 3728 5058 ἄλληλα

2145 5079 2595 5151 τηλαυγεστάτην
2642 5079 2857 5150 θεωρεῖ.
2909 5081 2985 5134 Ού
3031 5081 3141 5152 γὰρ
3179 5081 3374 5135 ταυτὸν
3408 5080 3606 5151 θεότης
3640 5081 3728 5133 καὶ

2147 5170 2522 5241 ἀνθρωπότης,
2551 5171 2601 5224 εί
2630 5165 2837 5234 καὶέἴς
2872 5172 2902 5224 ό
2939 5172 3176 5242 Χριστὸς
3212 5173 3242 5224 ό
3287 5173 3344 5224 ὲν
3388 5170 3727 5241 ἀμφοτέραις

2149 5263 2437 5332 ὑπάρχων,
2475 5263 2571 5316 καὶ
2599 5263 2912 5334 ἀμφότερον
2931 5279 2946 5294 ο
2995 5265 3047 5316 εἰ
3077 5265 3184 5335 γὰρ
3225 5265 3321 5318 καὶ
3349 5264 3411 5317 τὸ
3444 5262 3725 5333 συναμφό-

2147 5371 2305 5425 τερον
2337 5353 2416 5420 ἓν,
2448 5353 2561 5408 ἀλλ’
2599 5354 2662 5407 ού
2699 5357 2766 5425 τῇ
2803 5354 2984 5424 φύσει,
3038 5359 3105 5427 τῇ
3134 5356 3192 5409 δὲ
3221 5355 3444 5424 συνόδῳ,
3477 5357 3506 5408 ό
3535 5353 3728 5421 ἐκκληο

2150 5447 2431 5510 σιαστικὸς
2473 5447 2652 5518 κῆρυξ
2681 5447 2948 5518 ἀριδήλως
2979 5447 3097 5518 βοᾷ.
3149 5446 3242 5519 Μὴ
3278 5447 3547 5517 δεχομένη
3595 5446 3652 5498 δὲ
3691 5445 3722 5513 ἡ

2163 5536 2462 5608 Ἐκκλησία
2490 5538 2632 5591 κατά
2664 5538 2903 5607 Σευῆρον
2943 5536 3042 5608 τὴν
3072 5537 3369 5608 διαφοράν·
3415 5537 3552 5588 ἀλλὰ
3586 5533 3724 5588 κατά

2150 5630 2241 5682 τὸν
2310 5631 2510 5699 ἑαυτῆς
2560 5629 2719 5696 λόγον
2780 5629 2879 5681 οὐκ
2937 5627 3304 5681 ἀποϐάλλεται
3345 5626 3551 5695 ταύτην
3607 5622 3722 5677 καθ’

2149 5722 2446 5790 ὁμοιότητα
2478 5720 2574 5772 τοῦ
2633 5720 3127 5789 ’Λλικαρνασσέως.
3175 5720 3362 5790 Σάρκα
3405 5719 3513 5788 7&9
3550 5718 3719 5787 ἀληθῆ

2153 5815 2248 5868 καὶ
2275 5814 2454 5884 ψυχὴν
2485 5812 2676 5884 νοεράν
2714 5813 2854 5884 μετά
2891 5813 2999 5867 τῶν
3025 5812 3240 5866 οἰκείων
3265 5811 3573 5882 ίδιωμάτων
3598 5810 3715 5865 ἀνα·
