3946 6206
320 412 447 477 1501

1583 417 1680 475 DE
1722 413 2313 477 INCARNATIONE.

3435 419 3452 481 1
3466 421 3570 485 502

312 533 540 586 λαϐόντα
591 531 681 584 τὸν
715 533 884 599 Λόγον
921 532 1206 585 ἐπίσταται
1229 548 1240 560 ·
1296 534 1390 586 καὶ
1423 535 1624 588 ἑνωθὲν
1655 531 1762 588 οἶδε
1813 533 1888 604 τῷ

1999 537 2246 600 mortale,
2292 546 2352 591 ut
2397 546 2526 591 ante
2569 546 2906 593 memoratus
2946 537 3570 611 GregoriusTheologus

313 623 539 695 φθαρτῷ
595 625 656 676 τὸ
697 624 988 682 ἀθάνατον.
1044 623 1120 686 ὡς
1172 627 1200 677 ὁ
1255 625 1574 695 προλεχθεὶς
1625 615 1893 693 Θεολὸγὸς

314 716 611 784 Γρηγὸριος
657 714 780 782 ἔφη.

383 804 507 874 ’Ἆρ’
543 801 656 870 οὖν,
695 806 834 874 ὅπερ
871 807 1152 876 ἐλέγομεν,
1182 806 1320 876 μέση
1353 805 1668 876 μεμένηκεν
1707 807 1887 876 ἀμφο-

312 897 367 948 τέ
379 913 484 965 ρων
512 897 604 948 κοιλ⁸
635 897 888 966 ἀκίνητος
914 899 949 969 η
978 898 1229 968 ἀλήθεια,
1262 897 1675 968 ἀποϐαλλομένη
1711 899 1811 968 μὲν
1829 900 1888 950 τὸ

311 989 486 1054 λέγειν
534 990 674 1042 κατά
734 991 974 1062 Σευῆρον
1033 992 1164 1062 μίαν
1222 991 1385 1059 φύσιν
1443 993 1535 1044 καὶ
1589 992 1885 1061 διαφοράν·

313 1080 635 1150 αἰνίγματος
663 1082 772 1153 γὰρ
797 1086 891 1136 καὶ
921 1085 1322 1154 τερατομυθίας
1349 1084 1500 1136 οὐδὲν
1525 1079 1688 1157 ἦττον
1711 1085 1889 1154 διενή-

311 1189 433 1240 νοχε
485 1171 666 1226 τοῦτο.
727 1175 850 1236 Πῶς
911 1177 1020 1246 γὰρ
1055 1177 1087 1244 ἠ
1129 1175 1266 1246 αὑτὴ
1300 1178 1462 1245 φύσις
1505 1176 1599 1230 δύο
1637 1175 1790 1227 ἔσται
1823 1176 1889 1228 τὰ

311 1264 566 1329 ὲναντία;
626 1263 743 1328 πῶς
803 1266 860 1318 δὲ
910 1268 1004 1319 καί
1062 1269 1428 1338 ὑποστήσεται
1475 1267 1598 1319 κατ’
1648 1267 1782 1319 αύτὸ
1830 1266 1890 1318 τὸ

310 1357 613 1425 πεφυκέναι
675 1358 1056 1429 πολεμουμένη
1133 1358 1222 1428 ὑφ’
1278 1357 1502 1427 ἑαυτῆς,
1566 1358 1660 1410 καὶ
1721 1357 1890 1425 αὐτὴν

311 1450 624 1516 πολεμοῦσα
652 1467 666 1514 ;
703 1451 814 1503 Kal.
865 1454 922 1502 ἐν
970 1450 1147 1520 τούτῳ
1182 1452 1238 1503 δὲ
1287 1451 1429 1504 κατά
1458 1451 1650 1520 καιρὸν
1681 1465 1891 1519 μνημοο

308 1543 524 1596 νευτέον
553 1541 647 1594 τοῦ
676 1543 882 1612 Κυρίου
916 1542 1170 1612 βοῶντος,
1217 1543 1298 1595 ὅτι
1325 1545 1476 1595 πᾶσα
1501 1542 1647 1595 οίκία
1671 1540 1702 1610 ἢ
1735 1540 1892 1608 βασι-

308 1633 426 1685 λεία
453 1633 574 1686 καθ’
606 1635 805 1704 ἑαυτὴν
834 1634 1176 1704 μερισθεῖσα,
1217 1635 1276 1686 οὐ
1306 1635 1657 1704 σταθήσεται.
1703 1631 1764 1685 Εἰ
1797 1627 1889 1684 οὖν

309 1725 432 1777 κατ’
479 1726 641 1778 αὐτὸν
675 1728 707 1796 ὴ
749 1726 848 1795 μία
900 1726 1060 1794 φύσις
1094 1727 1360 1798 ἐμερίσθη
1395 1729 1478 1794 ἐφ’
1522 1727 1739 1796 ἑαυτὴν,
1773 1725 1890 1786 πῶς

313 1817 640 1887 σταθήσεται
680 1819 712 1886 ὴ
750 1816 958 1886 ταύτης
994 1817 1225 1887 ὖπαρξις
1252 1833 1266 1880 ;
1297 1818 1414 1887 'Ap'
1460 1812 1561 1870 οὖν·
1599 1816 1741 1869 κατά
1791 1814 1890 1876 τὰς

309 1909 499 1970 κοινὰς
527 1907 734 1970 ἐννοίας
754 1907 898 1960 κατά
925 1925 985 1959 τε
1016 1909 1178 1961 αὐτὸν
1212 1909 1304 1960 τὸν
1335 1907 1429 1961 τοῦ
1471 1909 1676 1977 Κυρίου
1711 1907 1888 1975 λόγον,

312 1997 370 2052 εὖ
400 2015 462 2068 γε
495 1997 663 2050 ποιῶν
695 2001 722 2050 ὁ
752 1999 848 2068 τῆς
875 2000 1202 2070 Ἐκκλησίας
1232 1999 1409 2067 λόγος,
1441 2000 1500 2051 ού
1524 1999 1890 2069 παραδέχεται

313 2091 442 2160 μίαν
503 2089 666 2158 φύσιν
701 2090 836 2162 πρὸς
882 2091 1080 2161 ἑαυτὴν
1127 2090 1549 2162 διαφερομένην,
1608 2090 1703 2143 καὶ
1752 2090 1889 2159 αὐτῇ

310 2184 582 2250 ἐναντίαν,
628 2186 768 2237 κατὰ
796 2184 897 2256 τὴν
929 2183 1022 2236 τοῦ
1057 2175 1299 2253 Σευῆρου
1331 2184 1562 2236 ἄστατον
1594 2181 1688 2234 καὶ
1727 2197 1892 2250 μαχι-

314 2277 567 2347 μωτάτην
601 2277 867 2333 ἐπίνοιαν.
925 2275 1083 2328 Ἃ).λά
1119 2275 1224 2346 μὴν
1268 2274 1388 2327 οὐδὲ
1423 2274 1565 2327 κατὰ
1609 2271 1894 2326 Ἰουλιανδν

313 2369 626 2421 παντάπασι
679 2367 778 2438 τὴν
827 2367 1090 2437 διαφορὰν
1140 2366 1506 2420 ἀποϐάλλεται
1550 2367 1582 2436 ἡ
1630 2363 1724 2418 τοῦ
1756 2362 1904 2416 Θεοῦ

324 2457 645 2526 Ἐκκλησία.
710 2457 771 2510 Ei
821 2459 929 2527 γὰρ
981 2459 1079 2527 μία
1117 2458 1217 2526 μὲν
1260 2457 1422 2526 φύσις
1457 2457 1578 2509 κατ’
1622 2458 1828 2508 ἐκεῖνον
1867 2457 1904 2536 ὁ,

311 2549 566 2618 Χριστὸς,
586 2548 683 2603 καλ⁴
698 2548 962 2619 διαφορὰν
984 2547 1214 2618 ούσιώδη
1249 2548 1322 2617 μὴ
1355 2546 1479 2600 καθ’
1508 2547 1686 2600 ὁτιοῦν
1717 2563 1896 2617 παρα-

312 2637 582 2700 δέδεκται,
617 2637 675 2689 ἒν
723 2637 830 2690 τῶν
864 2637 1139 2708 ὁποτέρων
1175 2638 1390 2707 ἀνάγκη
1449 2636 1666 2700 πάντως
1701 2635 1895 2706 ὁμολο-

313 2732 433 2797 γεῖν
461 2729 552 2782 τὸν
583 2732 756 2783 ταῦτα
787 2731 1277 2801 διισχυριζόμενον,
1331 2731 1362 2801 ἢ
1406 2732 1694 2802 ἄνθρωπον
1742 2729 1896 2797 ψιλὸν

314 2817 456 2874 εἶναι
486 2820 579 2874 τὸν
614 2820 840 2891 Κύριον,
869 2822 963 2874 καὶ
989 2821 1056 2874 τά
1099 2821 1370 2891 λεγόμενα
1411 2824 1498 2874 ἐπ’
1531 2821 1717 2887 αὐτοῦ,
1746 2821 1897 2874 θείαν

312 2912 541 2982 δύναμιν
597 2913 790 2982 ἑτέραν
840 2914 969 2981 παρ’
1008 2913 1171 2965 αὑτὸν
1227 2909 1432 2978 οὖσαν,
1491 2915 1585 2966 καὶ
1641 2914 1699 2964 ὲν
1747 2912 1898 2982 αύτῷ

313 3000 499 3069 οὖσαν,
532 3006 626 3058 καὶ
674 3005 1004 3075 ἐνεργοῦσαν
1038 3004 1386 3074 πεπρᾶχθαι·
1433 3005 1466 3075 ἢ
1513 3005 1646 3056 Θεὸν
1691 3003 1898 3074 γυμνὸν

313 3096 408 3149 καὶ
440 3095 515 3166 μὴ
554 3095 1016 3166 ὲνηνθρωπηκὸτα
1056 3093 1199 3148 εἶναι
1246 3096 1337 3147 τὸν
1377 3097 1636 3165 Χριστὸν,
1690 3097 1784 3149 καὶ
1827 3096 1896 3150 τά

312 3185 580 3252 λεγόμενα
615 3185 700 3238 ἐπ’
745 3184 909 3238 αὐτοῦ
951 3183 1290 3254 ἀνθρώπινα,
1338 3185 1413 3254 μὴ
1456 3185 1531 3248 ὼς
1581 3184 1892 3258 ἄνθρωπον,
1921 3215 1965 3272 c

311 3277 426 3331 ἀλλ’
480 3277 556 3339 ὡς
618 3275 751 3328 Θεὸν
791 3275 964 3329 ταῦτα
1016 3275 1234 3339 παθεῖν,
1280 3277 1360 3338 εἰς
1405 3275 1504 3345 τὴν
1543 3276 1671 3344 μίαν
1727 3277 1894 3330 αὑτοῦ

314 3368 476 3436 φύσιν
521 3367 692 3422 ταῦτα
724 3353 1160 3436 ἀναδεχόμενον·
1219 3366 1252 3436 ἢ
1287 3367 1334 3418 εί
1395 3366 1544 3436 μηδὲ.
1568 3365 1627 3419 ἒν
1667 3367 1896 3431 τούτων,

313 3459 588 3530 φαντασίᾳ
629 3459 736 3510 τιν)⁸
768 3457 865 3509 καὶ
903 3457 1088 3526 ἀπάτῃ
1123 3456 1304 3524 λέγειν
1349 3457 1480 3526 περὶ
1513 3455 1678 3508 αὑτοῦ
1706 3456 1896 3525 δεδρα-

314 3550 470 3602 χέναι
500 3547 645 3617 ἅπερ
675 3547 826 3617 ἔδρα,
851 3548 971 3617 ἦτοι
995 3547 1064 3600 τά
1087 3547 1228 3609 θεῖα,
1249 3548 1369 3617 Ιίιτοι
1399 3546 1468 3598 τὰ
1492 3545 1834 3615 ἀνθρώπινα,
1863 3547 1896 3616 ἢ

314 3641 377 3693 τὸ
422 3639 684 3710 παράπαν
731 3637 902 3708 ψευδῆ
959 3633 1099 3690 εἶναι
1145 3637 1246 3707 τὴν
1307 3636 1434 3707 περὶ
1501 3637 1668 3690 αὑτοῦ
1716 3639 1898 3705 πᾶσαν

313 3729 679 3800 εὐαγγελικὴν
729 3730 994 3800 ἱστορίαν,
1050 3730 1146 3782 καὶ
1193 3729 1371 3800 μάτην
1407 3728 1725 3782 ἀπατᾶσθαι
1769 3729 1898 3794 τοὺς

314 3823 704 3896 Χριστιανοὺς,
732 3823 825 3874 καὶ
861 3820 1025 3892 κενὴν
1061 3822 1343 3891 μακαρίαν
1370 3817 1529 3884 εἶναι,
1564 3821 1624 3874 τὸ
1649 3821 1712 3891 δὴ
1742 3822 1898 3890 λεγό-

320 3930 502 3985 μενον,
534 3912 632 3982 τὴν
649 3913 729 3974 είς
744 3911 982 3981 Χριστὸν
1013 3910 1229 3963 ἐλπίδα.
1259 3909 1465 3978 Καιρὸς
1501 3908 1560 3962 δὲ
1589 3908 1777 3962 λοιπὸν
1806 3911 1899 3964 καὶ¹

315 4005 378 4059 τὸ
405 4004 500 4059 τοῦ
539 4002 863 4055 Ἀποστόλου
905 3999 1107 4069 λέγειν,
1152 4001 1346 4055 [feror
1371 3999 1481 4069 ἄρα
1521 3999 1587 4052 τὸ
1625 3999 1902 4069 κήρυγμα

317 4095 506 4165 ἡμῶν.
556 4093 978 4164 Εὐριᾶκόμεθα
1012 4091 1081 4144 δὲ
1128 4091 1228 4145 καὶ
1261 4090 1752 4161 ψευδομάρτυρες
1794 4092 1901 4146 τοῦ

319 4188 491 4251 Θεοῦ,
533 4187 624 4240 ὅτι
659 4183 1356 4255 ψευδοεμαρτυρήσαμεν
1395 4181 1547 4236 κατὰ
1579 4182 1687 4237 τοῦ
1724 4183 1897 4250 Θεοῦ,

317 4279 407 4334 ὅτι
436 4278 633 4349 ἤγειρε
657 4279 763 4334 τὸν
789 4277 1069 4345 Χριστὸν,
1087 4275 1161 4329 ὃν
1191 4278 1302 4330 οὐκ
1328 4275 1549 4346 ἤγειρε.

390 4368 707 4438 Ματαιότης
735 4367 904 4430 ὁντως
936 4366 986 4418 οἱ
1010 4365 1242 4419 τοιοῦτοι
1270 4365 1643 4436 συλλογισμοὶ,
1676 4366 1772 4419 καὶ
1802 4365 1903 4436 τῆς

320 4460 556 4522 πίστεως
609 4458 890 4530 ἀνατροπὴ
938 4456 1080 4510 κατὰ
1109 4457 1202 4510 τὸν
1239 4457 1505 4526 Θεολὸγον
1561 4457 1890 4529 Γρηγὸριον,

331 4550 638 4612 Ἐκπαντδς
662 4548 755 4604 οὖν
785 4549 1158 4604 ἀποδέδεικται
1189 4548 1612 4620 κεκαθαρμένην
1641 4551 1895 4622 ἀντιρρή-

2003 4549 2136 4604 nino
2190 4549 2360 4620 igitur
2409 4529 2983 4608 demonstratum'est
3034 4553 3205 4608 solam
3257 4529 3586 4609 sententiam
3689 4529 3692 4532 i

295 4650 299 4654 ’
323 4661 462 4708 σεως
482 4643 724 4714 ἀπάσης,
756 4642 852 4695 καὶ
875 4641 1264 4710 ἀνεξέλεγκτον
1293 4638 1456 4707 εἶναι,
1483 4641 1576 4694 καὶ
1607 4641 1777 4712 μόνην
1804 4642 1899 4695 ἐπὶ

321 4735 419 4804 τῆς
436 4732 694 4800 ἀληθείας
721 4732 946 4786 ἑστάναι
995 4731 1095 4802 τὴν
1124 4730 1283 4797 δόξαν
1316 4732 1417 4802 τῆς
1447 4732 1610 4800 ἁγίας
1639 4733 1732 4786 τοῦ
1762 4731 1897 4785 Θεοῦ

322 4825 420 4877 καὶ
437 4822 736 4892 καθολικῆς
784 4822 1134 4892 Ἐκκλησίας.
1180 4823 1351 4876 Ὅταν
1386 4817 1630 4893 μὲνγὰρ
1651 4823 1743 4876 τὸν
1770 4823 1899 4893 τρό-

323 4933 424 4971 πον
455 4915 580 4971 καθ’
612 4915 671 4969 ὃν
697 4915 923 4985 γέγονεν
956 4916 990 4985 ἡ
1017 4915 1082 4967 ἐκ
1113 4914 1271 4979 θείας
1317 4914 1732 4986 φιλανθρωπίας
1764 4915 1900 4986 πρὸς

324 5009 474 5078 ἡμᾶς
510 5006 918 5076 συγκαταϐασις
966 5005 1226 5076 ϐούληται
1269 5008 1567 5077 παριστᾷν,
1617 5007 1716 5076 τὴν
1769 5007 1900 5076 μίαν

321 5096 416 5150 τοῦ
444 5097 578 5151 Θεοῦ
611 5097 787 5165 Λόγου
825 5095 987 5166 φύσιν
1034 5097 1466 5167 σεσαρκωμένην
1503 5097 1860 5166 ὁμολογοῦσιν
1882 5111 1898 5126 ⁶

321 5185 398 5248 ὡς
419 5187 519 5242 ἅτε
545 5187 642 5240 τοῦ
656 5188 832 5254 Λόγου
855 5186 1095 5257 ἀνάρχου
1115 5203 1173 5239 τε
1205 5187 1359 5250 ὅντος
1396 5188 1492 5240 καὶ
1523 5186 1708 5250 ἁῖδίως
1738 5187 1796 5240 ὲν
1823 5187 1902 5258 τῷ

324 5276 522 5346 Πατρῖ,
554 5279 612 5332 ὲν
643 5277 854 5348 ὑστέρῳ
873 5278 931 5330 δὲ
960 5277 1028 5331 δι’
1060 5280 1208 5349 ἡμᾶς
1235 5279 1331 5332 καὶ
1361 5279 1464 5349 τὴν
1483 5279 1758 5350 ἡμετέραν
1795 5297 1903 5332 σω-

322 5368 518 5441 τηρίαν
547 5370 1086 5442 ὲνανθρωπήσαντος,
1143 5372 1238 5424 καὶ
1265 5371 1611 5440 σπέρματος
1647 5371 1904 5440 Ἀϐραὰμ

322 5461 782 5531 ἐπιλαϐομένου,
846 5463 942 5516 καὶ
976 5462 1117 5516 κατά
1167 5465 1348 5518 πάντα
1383 5466 1517 5534 ἡμῖν
1543 5463 1903 5532 ὁμοιωθέντος

325 5552 448 5622 δίχα
475 5553 643 5624 μόνης
667 5554 962 5625 ἁμαρτίας.
1000 5555 1173 5607 Ὅταν
1215 5555 1273 5606 δὲ
1303 5555 1372 5608 τά
1398 5556 1456 5606 ἐν
1485 5548 1566 5617 οἷς
1593 5556 1622 5607 ὁ
1645 5554 1900 5624 Χριστὸς,

331 5641 362 5714 ἦ
390 5644 482 5698 καὶ
509 5643 609 5696 ὅσα
651 5646 679 5697 ὁ
713 5645 967 5716 Χριστὸς,
1003 5644 1258 5715 βούληται
1289 5645 1537 5716 θεωρεῖν,
1585 5642 1679 5696 δύο
1709 5643 1904 5711 φύσεις

405 5794 650 5869 lJlatth.
707 5813 806 5864 xu,
848 5796 936 5852 ‘25.
1012 5809 1050 5836 ω
1095 5797 1112 5851 1
1161 5797 1287 5852 Cor.
1342 5814 1428 5862 xv,
1494 5798 1581 5864 Η,
1654 5799 1736 5852 15.
1817 5805 1841 5832 ³³

1999 5813 2065 5875 ir.
2121 5813 2179 5861 ιι,
2225 5797 2308 5852 16.

1988 628 2146 682 dixit.

2059 811 2234 866 Media
2270 812 2438 882 igitur
2467 814 2668 868 mansit
2700 813 2844 867 inter
2877 821 3196 880 utrumque,
3249 820 3310 864 ut
3340 811 3567 866 diceba-
3595 792 3608 803 ’

1989 915 2133 964 mus,
2174 901 2400 956 immota
2441 905 2672 971 veritas,
2723 919 2846 973 qua:
2885 903 3097 971 respuit
3147 903 3296 972 quod
3329 902 3569 957 Severus

1989 994 2065 1046 ait
2096 1009 2220 1048 esse
2261 1010 2422 1048 unam
2462 1002 2715 1048 naturam
2756 1005 2810 1048 et
2834 994 3202 1048 differentiam
3233 1011 3247 1046 :
3284 1009 3393 1046 non
3419 994 3567 1046 enim

1989 1085 2178 1139 differt
2238 1085 2344 1139 hoc
2402 1086 2471 1138 ab
2521 1086 2811 1156 aenigmate
2857 1095 2914 1139 et
2961 1095 3231 1140 monstro.
3281 1083 3569 1150 Quomodo

1989 1177 2136 1229 enim
2181 1177 2372 1230 eadem
2412 1186 2611 1228 natura
2658 1175 2768 1230 erit
2797 1176 2909 1229 duo
2941 1175 3262 1230 contraria?
3293 1175 3570 1244 quomodo

1990 1257 2276 1330 subsistet,
2326 1267 2370 1320 si
2424 1267 2475 1320 ei
2536 1267 2763 1320 insitum
2808 1275 2911 1330 est,
2973 1276 3033 1320 ut
3081 1267 3187 1320 sibi
3242 1282 3271 1320 a
3314 1283 3372 1320 se
3423 1267 3570 1320 circa

1991 1356 2136 1410 idem
2183 1356 2387 1409 bellum
2419 1354 2722 1408 inferatur?
2768 1356 2944 1410 Etiam
2993 1356 3084 1409 hic
3126 1364 3436 1425 opportune
3481 1371 3571 1408 re-

1991 1448 2282 1502 colendum
2331 1449 2594 1503 memoria
2641 1457 2726 1504 est
2767 1450 2912 1518 quod
2963 1449 3227 1503 Dominus
3272 1449 3370 1512 ait,
3423 1447 3569 1516 quod

1991 1539 2170 1592 omnis
2207 1539 2403 1593 domus
2429 1540 2518 1593 vel
2549 1555 2776 1609 regnum
2809 1540 2865 1592 in
2918 1539 3162 1608 seipsum
3199 1537 3434 1592 divisum
3461 1553 3570 1591 non

1991 1631 2161 1684 stabit
2201 1629 2242 1685 ι.
2285 1630 2340 1685 Si
2384 1647 2536 1700 ergo,
2568 1640 2627 1684 ut
2663 1631 2765 1718 iste
2799 1639 2976 1700 putat,
3010 1646 3117 1683 una
3145 1639 3341 1682 natura
3373 1627 3570 1698 partita

1990 1730 2075 1776 est
2099 1723 2154 1776 in
2186 1738 2244 1777 se
2280 1723 2475 1792 ipsam,
2514 1724 2792 1793 quomodo
2826 1722 3136 1778 substantia
3163 1722 3280 1791 ejus
3313 1720 3572 1775 exsistet?

1995 1813 2137 1882 Ergo
2169 1814 2473 1868 secundum
2501 1829 2848 1868 communem
2872 1829 3118 1876 sensum,
3163 1821 3219 1867 et
3269 1811 3572 1866 secundum

1997 1905 2176 1973 ipsum
2226 1905 2453 1959 verbum
2507 1905 2746 1969 Domini,
2781 1913 2927 1959 recte
2972 1904 3104 1958 facit
3151 1903 3416 1967 Ecclesia,
3453 1917 3575 1971 qua:

1993 2011 2102 2048 non
2157 1997 2354 2066 recipit
2404 2012 2567 2051 unam
2623 2005 2877 2050 naturam
2928 2011 3116 2050 secum
3149 2001 3479 2064 pugnantem
3511 2008 3573 2047 ac

1992 2088 2096 2142 sibi
2155 2087 2864 2160 contrariamnsecundum
2912 2087 3305 2157 cogitationem
3360 2084 3571 2147 Severi,

1992 2180 2373 2234 inconstantiae
2422 2195 2487 2234 ac
2526 2178 2902 2249 repugnantia:
2933 2177 3172 2247 plenam,
3200 2191 3379 2251 neque
3418 2173 3572 2228 diﬂ‘e-

1996 2272 2225 2326 rentiam
2251 2271 2474 2340 penitus
2499 2270 2645 2340 ejicit
2673 2269 2980 2324 secundum
3005 2267 3307 2322 lulianum.
3340 2265 3396 2319 Si
3426 2265 3573 2319 enim

1991 2363 2248 2420 Christus
2277 2371 2364 2418 est
2387 2363 2691 2418 secundum
2732 2363 2882 2415 illum
2919 2377 3026 2414 una
3062 2368 3286 2424 natura,
3320 2367 3376 2413 et
3415 2357 3576 2412 diﬂ‘e-

1995 2455 2226 2510 rentiam
2283 2454 2701 2508 substantialem
2751 2469 2862 2507 non
2921 2454 2976 2506 in
3026 2453 3279 2522 quolibet
3340 2451 3577 2519 recipit;

1994 2548 2322 2601 alterutrum
2349 2561 2576 2600 necesse
2595 2552 2680 2598 est
2705 2543 3054 2617 confiteatur,
3079 2543 3170 2611 qui
3200 2542 3304 2596 hoc
3323 2541 3577 2602 afﬁrmat,

1995 2647 2090 2694 aut
2126 2639 2418 2692 Dominum
2462 2653 2584 2693 esse
2628 2637 2911 2690 hominem
2963 2644 3209 2699 tantum;
3257 2643 3312 2688 et
3369 2632 3578 2697 divina,

1995 2751 2118 2804 quae
2164 2733 2233 2787 de
2271 2749 2338 2786 eo
2381 2731 2665 2796 dicuntur,
2709 2744 2819 2783 non
2856 2737 3116 2796 tanquam
3153 2728 3273 2795 ejus
3310 2727 3403 2796 qui
3436 2734 3582 2780 esset

1996 2828 2164 2890 Deus,
2210 2823 2444 2879 dicenda
2511 2838 2658 2887 esse,
2730 2819 2824 2874 sed
2883 2819 3190 2874 secundum
3250 2827 3580 2888 potestatem

1997 2917 2240 2971 divinam
2299 2930 2422 2984 qua:
2467 2923 2616 2968 esset
2668 2912 2775 2966 alia
2827 2921 3028 2981 praeter
3079 2927 3229 2975 eum,
3277 2918 3334 2965 et
3393 2911 3450 2965 in
3513 2925 3582 2964 eo

1997 3009 2340 3072 oneraretur,
2373 3001 2515 3054 facta
2560 3015 2685 3055 esse
2719 3017 2731 3052 :
2760 3009 2856 3054 aut
2890 2999 3060 3053 Deum
3115 3007 3350 3063 tantum,
3384 3009 3441 3053 et
3468 3015 3579 3053 non

1997 3108 2120 3149 esse
2160 3092 2443 3147 Christum
2481 3091 2686 3146 factum
2721 3090 3038 3155 hominem;
3091 3099 3148 3144 et
3181 3089 3427 3144 humana
3459 3086 3583 3159 qna:

1997 3186 2066 3241 de
2116 3201 2184 3242 eo
2235 3187 2519 3250 dicuntur,
2555 3203 2663 3241 non
2716 3196 2779 3241 ut
2808 3186 3112 3251 hominem,
3165 3185 3260 3240 sed
3311 3195 3370 3240 ut
3409 3186 3581 3241 Deum

1998 3275 2089 3332 illa
2142 3294 2364 3348 passum
2402 3295 2526 3334 esse
2573 3280 2629 3333 in
2681 3295 2786 3332 una
2825 3295 2923 3333 sua
2966 3288 3162 3334 natura
3201 3296 3214 3332 :
3250 3287 3344 3332 aut
3371 3279 3415 3332 si
3448 3294 3586 3332 neu-

1997 3377 2142 3423 trum
2188 3369 2419 3430 horum.
2460 3385 2691 3423 necesse
2734 3370 2844 3424 erit
2891 3369 3079 3425 dicere
3135 3370 3203 3424 de
3256 3370 3397 3438 ipso,
3449 3368 3585 3423 falsa

1998 3460 2203 3529 specie,
2255 3472 2313 3515 et
2357 3469 2418 3514 ut
2467 3469 2694 3528 apparet
2744 3469 2979 3526 tantum,
3045 3461 3244 3516 fecisse
3285 3476 3407 3530 quae
3455 3461 3586 3514 fecit

1998 3549 2204 3615 divina,
2242 3551 2358 3605 sive
2390 3551 2632 3604 humana
2668 3567 2680 3602 ι
2711 3559 2806 3603 aut
2831 3564 3063 3620 prorsus
3089 3550 3281 3604 falsam
3317 3565 3439 3604 esse
3470 3563 3588 3604 om-

1998 3659 2126 3698 nem
2157 3642 2445 3697 historiam
2479 3641 2885 3712 evangelicum,
2920 3651 2977 3696 et
3005 3642 3211 3696 frustra
3242 3641 3586 3697 Christianos

2000 3735 2135 3799 falli,
2184 3749 2492 3804 vanamque
2554 3748 2697 3799 esse,
2745 3742 2806 3787 ut
2856 3732 2993 3788 alias
3033 3733 3257 3806 dicitur,
3314 3748 3470 3802 spem
3530 3733 3586 3786 in

1999 3827 2302 3884 Christum.
2337 3826 2406 3882 Ut
2429 3827 2540 3896 jam
2572 3825 2897 3896 tempestive
2938 3826 3047 3880 dici
3081 3837 3276 3896 possnt,
3329 3824 3476 3895 quod
3510 3826 3589 3879 ait

2001 3919 2248 3973 Paulus:
2282 3918 2469 3972 Inanis
2519 3933 2653 3988 ergo
2708 3926 2784 3971 est
2829 3927 3012 3971 nostra
3051 3918 3397 3988 prwdicatio;
3437 3933 3587 3986 repe-

2001 4010 2174 4063 rimur
2214 4019 2392 4063 autem
2441 4009 2567 4079 falsi
2629 4017 2785 4064 testes
2843 4008 2962 4073 Dei,
3001 4011 3126 4080 quia
3177 4009 3375 4078 falsum
3440 4009 3586 4062 testi-

2001 4101 2237 4153 monium
2272 4109 2458 4155 contra
2481 4100 2648 4154 Deum
2684 4099 3104 4171 diximus,'quod
3137 4099 3408 4154 suscitavit
3434 4098 3559 4152 Chri

2001 4201 2165 4257 stum,
2213 4209 2369 4264 quem
2414 4209 2519 4247 non
2547 4195 2822 4249 suscitavit
2855 4205 2920 4248 ω.

2072 4369 2236 4424 Vana:
2268 4385 2460 4425 revera
2508 4379 2638 4426 sunt
2680 4371 2998 4442 hujusmodi
3047 4371 3584 4442 argumentationes,

2002 4469 2060 4515 et
2086 4460 2305 4529 eversio
2353 4461 2505 4525 ﬁdei,
2539 4471 2599 4516 ut
2639 4463 2716 4518 ait
2747 4462 3048 4534 Gregorius
3079 4463 3412 4534 Theologus.
3453 4463 3585 4520 0m-

2002 4648 2206 4696 sanctae
2234 4650 2292 4696 et
2342 4643 2633 4698 catholica:
2676 4645 2778 4700 Dei
2816 4644 3081 4700 Ecclesia:
3137 4661 3324 4699 veram
3367 4655 3590 4708 esse,et

2003 4730 2143 4786 nihil
2173 4733 2484 4788 contradici
2529 4749 2726 4804 posse,
2780 4751 2961 4804 neque
2995 4749 3158 4804 posse
3190 4750 3312 4789 eam
3342 4734 3586 4806 coargui.

2003 4825 2141 4881 Cum
2175 4825 2323 4880 enim
2353 4825 2650 4881 ostendere
2673 4827 2814 4892 vult,
2845 4825 3128 4896 quomodo
3154 4841 3222 4880 ex
3249 4826 3437 4881 divina
3457 4841 3588 4896 erga

2003 4916 2261 4971 homines
2310 4916 2580 4971 charitate
2628 4916 2873 4990 Verbum
2921 4916 3018 4972 Dei
3075 4916 3145 4971 ad
3201 4917 3589 4972 assumendum

2005 5023 2228 5062 carnem
2249 5007 2411 5062 nobis
2441 5008 2921 5073 condescenderit,
2949 5023 3116 5062 unam
3142 5016 3399 5062 naturam
3424 5008 3591 5063 Verbi

2003 5098 2099 5153 Dei
2128 5084 2426 5153 confitetur
2475 5100 2855 5165 incarnatam;
2911 5099 3061 5168 quod
3095 5114 3163 5153 ex
3193 5100 3502 5154 aeternitate
3536 5111 3593 5153 et

2001 5191 2122 5245 sine
2153 5190 2428 5260 principio
2457 5201 2577 5246 erat
2609 5185 2663 5245 in
2691 5192 2805 5246 Deo
2824 5191 2988 5245 Patre
3022 5207 3036 5254 ;
3068 5198 3125 5244 et
3149 5183 3342 5260 postea
3367 5197 3593 5260 propter
3631 5205 3636 5210 ‘

2003 5297 2107 5334 nos
2137 5290 2193 5336 et
2215 5289 2441 5350 propter
2468 5282 2702 5336 salutem
2733 5288 3005 5344 nostram,
3028 5283 3236 5335 factum
3267 5280 3374 5334 fuit
3403 5281 3589 5345 homo,

2003 5379 2062 5424 et
2104 5385 2280 5423 semen
2321 5371 2595 5424 Abraham
2627 5371 2977 5441 apprehendit
3001 5379 3053 5438 ι’,
3082 5379 3139 5425 et
3166 5387 3266 5440 per
3301 5372 3484 5425 omnia
3509 5371 3592 5425 fa-

2007 5469 2132 5513 ctus
2193 5467 2278 5514 est
2335 5460 2536 5515 similis
2586 5461 2750 5516 nobis
2807 5468 3040 5530 excepto
3112 5463 3233 5516 solo
3293 5473 3520 5532 peccato
3544 5470 3591 5518 °.

2008 5548 2240 5615 Quando
2273 5560 2457 5606 autem
2487 5551 2689 5608 docere
2733 5553 2851 5606 vult
2880 5553 2972 5607 illa
3004 5552 3058 5606 in
3094 5554 3300 5623 quibus
3339 5555 3594 5611 Christus

2011 5641 2299 5704 consistit,
2333 5653 2389 5698 et
2419 5659 2542 5714 qua:
2592 5644 2846 5700 Christus
2892 5644 3011 5698 vult
3066 5660 3168 5700 nos
3204 5646 3589 5717 contemplari,

2393 5805 2416 5831 °
2454 5798 2620 5854 Hebr.
2660 5815 2734 5865 Iv,
2791 5801 2874 5854 15.
