4094 6368
446 357 563 419 639'

1595 361 1655 420 S.
1695 362 1978 421 MAXIMI
2018 361 2524 424 CONFESSURIQ

3615 363 3724 430 €60

446 470 631 538 gentia
661 469 879 524 fuerant
919 471 1188 540 exposita,
1226 487 1312 526 me
1359 473 1588 537 cursim,
1624 489 1688 528 ac
1716 489 1878 543 quam
1912 473 2026 529 bre-

447 561 668 588 ι-ἒηηεηυι
698 571 946 588 -ιιΛΙιιι-ΑΜ
977 563 1145 588 ..Α-...ΑΙ
1181 563 1570 588 ΑᾹΞΑΑΑ--..ιρηηι
1608 565 1874 588 ---.I:!-_.--
1896 583 1907 588 -
1936 581 2002 588 ..ρ

2140 489 2252 540 γων
2314 475 2569 546 ἐξαυτῆς,
2611 474 2889 546 ἐγγραφόν
2941 492 3025 529 σοι
3066 473 3338 530 ποιεῖσθαι
3388 474 3488 548 τὴν
3515 476 3748 588 τούτωνῖ

2139 565 2413 588 ’-4---ΑΔ.-.-
2460 567 2628 588 \1n,-_
2689 569 2889 588 ,_!_,,,,
2923 587 2934 588 κ
3035 569 3119 588 μ-μὶ
3189 567 3440 588 Ωκκοῆκ-ηη
3504 587 3530 588 η
3584 571 3597 588 Ι

447 561 669 616 vissime
697 571 947 632 poteram
976 563 1147 617 semel
1177 563 1572 620 edisserentem
1606 565 1909 632 audiisses;
1936 581 2034 636 po-

447 654 662 708 stulasti
711 655 898 710 statim
937 655 1296 712 vehementer
1339 673 1559 728 urgens,
1593 667 1652 712 ut
1686 673 1875 713 eorum
1911 675 2033 726 quze

447 745 596 799 dicta
641 753 848 809 essent,
897 739 1159 815 scriptam
1192 747 1564 800 narrationem
1602 745 1699 801 tibi
1737 746 2032 801 contrade-

449 850 594 903 rem;
632 836 896 890 nimirum
942 837 1275 906 scripturam
1327 837 1624 892 oblivionis
1661 837 2034 892 medicamen-

451 907 596 989 tum,
621 940 685 980 ac
727 927 1004 980 memoria:
1045 925 1309 980 auxilium
1339 926 1545 981 habere
1591 935 1840 982 statuens
1885 935 2031 982 sata-

449 1030 716 1085 gensque,
751 1025 970 1086 tempus
989 1017 1256 1072 edomans
1275 1016 1440 1090 490
1464 1033 1527 1073 ac
1547 1018 1805 1075 deterens
1826 1021 2030 1084 omnia,

448 1107 499 1162 ei
533 1116 732 1162 natura
765 1123 952 1163 comes
987 1123 1109 1163 esse
1151 1109 1326 1174 aiens,
1357 1123 1421 1164 ac
1453 1111 1746 1180 ejusmodi,
1777 1120 1836 1165 ut
1862 1111 2034 1188 hone-

449 1209 660 1255 starum
693 1201 751 1255 in
780 1217 843 1255 ea
874 1217 1058 1256 rerum
1091 1202 1359 1273 imagines
1389 1201 1726 1273 formasque,
1761 1204 1835 1258 ita
1873 1213 1932 1259 ut
1962 1220 2033 1260 ne

447 1285 652 1341 sentiat
678 1287 923 1358 quidem,
956 1283 1071 1358 per
1096 1290 1433 1346 oblivionem
1477 1291 1740 1362 diripere,
1779 1308 2033 1363 prorsus-

445 1389 555 1443 que
598 1375 820 1432 abolere
863 1379 1044 1434 valeat
1078 1397 1092 1432 :
1131 1395 1363 1452 eamque
1405 1380 1461 1436 i'n
1502 1399 1619 1438 rem
1652 1385 1814 1441 modo
1847 1388 2034 1458 aliquo

447 1467 789 1524 instaurante
823 1485 1008 1542 egere,
1046 1474 1206 1544 cujus
1243 1488 1474 1530 munere
1511 1476 1746 1533 rationis
1785 1479 1872 1534 vis
1903 1497 2031 1551 per-

445 1569 615 1628 petuo
637 1562 848 1633 vigens,
873 1564 1247 1620 inviolabilem
1293 1567 1670 1639 integramque
1698 1587 1884 1626 rerum
1914 1589 2032 1629 me-

446 1652 678 1707 moriam
709 1655 1000 1710 consuevit
1045 1672 1287 1712 servare.
1333 1657 1609 1725 Quantum
1643 1676 1777 1716 vero
1817 1663 2034 1734 sapien-

443 1740 574 1809 tius,
625 1743 732 1800 hoc
780 1760 946 1816 agere
997 1756 1056 1800 ut
1095 1758 1153 1802 et
1185 1749 1355 1803 semel
1404 1749 1593 1804 audita
1646 1753 1816 1806 menti
1868 1754 2032 1810 inﬁxa

2136 565 2414 638 διήγησιψ
2460 567 2630 640 λήθης
2683 569 2973 640 φάρμακον
3033 569 3127 622 καὶ
3187 567 3443 640 βοήθειαν
3501 571 3722 642 μνήμης

2138 657 2281 729 ἔχειν
2311 660 2372 714 τὸ
2399 661 2635 733 γράμμα
2679 661 3098 732 βεϐουλημένος,
3131 660 3379 728 φυσικῶς
3410 659 3504 714 τὸν
3529 661 3723 732 χρόνον

2137 752 2371 826 ἐχούσης
2404 733 2629 824 φάσκων
2666 753 3019 824 δαμάζοντας
3059 752 3154 805 καὶ
3185 751 3604 823 ἀνεπαισθήτως
3633 751 3724 806 διὰ

2135 844 2306 916 λήθης
2359 845 2468 899 τῶν
2530 846 2971 916 ἐναποκειμένων
3035 844 3219 898 καλῶν
3278 843 3445 914 συλᾷν
3509 860 3570 896 τε
3624 844 3722 897 καὶ

2134 938 2420 1008 ἀφανίζειν
2454 939 2737 1004 παντελῶς
2782 941 2908 1002 τούς
2949 938 3156 1000 τύπους
3211 937 3310 992 καὶ
3350 937 3451 1000 τάς
3501 935 3720 1000 εἰκόνας

2134 1030 2433 1102 δυνάμενον
2459 1049 2474 1063 ⁸
2527 1033 2620 1086 καὶ
2677 1032 2768 1086 διά
2819 1031 2978 1085 τοῦτο
3032 1031 3250 1093 πάντως
3304 1029 3570 1101 δεομένης
3620 1029 3717 1083 τοῦ

2135 1125 2578 1190 ἀνακαινίξοντος
2603 1125 2832 1194 τρόπου,
2875 1123 3001 1176 καθ’
3026 1123 3085 1176 ὃν
3120 1125 3151 1192 ἡ
3180 1120 3276 1175 τοῦ
3301 1120 3463 1190 λόγου
3485 1119 3720 1192 δύναμις

2133 1211 2223 1266 διὰ
2252 1213 2453 1276 παντὸς
2480 1211 2805 1282 ἀκμάζουσα
2829 1212 3113 1279 συντηρεῖν
3134 1209 3346 1278 πέφυκε
3368 1207 3469 1278 τὴν
3495 1209 3720 1279 μνήμην

2135 1304 2320 1376 ἀπαθῆ
2351 1305 2444 1359 καὶ
2465 1303 2754 1374 άμείωτον.
2793 1303 2860 1357 ’Ὀ
2871 1320 2958 1356 σον
2978 1302 3036 1354 δὲ
3055 1300 3150 1355 τοῦ
3174 1299 3362 1364 ἁπλῶς
3385 1299 3624 1364 ἀκούειν,
3657 1300 3721 1352 τὸ

2137 1392 2232 1445 καὶ
2259 1393 2520 1462 διαμονὴν
2553 1390 2916 1460 ἀκαθαίρετον
2953 1390 3060 1444 τῶν
3097 1388 3476 1443 ἀκουσθέντων
3525 1387 3722 1456 ἐπιζηο

2136 1485 2268 1548 τείν,
2302 1484 2419 1536 ἐστὶ
2456 1483 2785 1554 σοφώτερον,
2827 1483 3115 1536 ἐπίσταται
3147 1482 3367 1545 πάντως
3406 1481 3520 1545 πᾶς
3559 1482 3589 1534 ό
3624 1481 3721 1535 καὶ

2141 1574 2334 1646 μικρὸν
2383 1575 2662 1644 εὐγενείας
2717 1573 3440 1645 λογικῆςοέπιμελούμενος,
3493 1573 3588 1626 καὶ
3642 1573 3719 1644 μὴ

2139 1667 2318 1737 πάντη
2345 1667 2444 1736 τῆς
2482 1667 2618 1738 πρὸς
2665 1667 2756 1720 τὸν
2781 1667 2937 1736 λόγον
2964 1667 3299 1738 οίκειότητος
3327 1665 3593 1737 ὑπάρχων
3625 1665 3720 1720 ἀλ-

2136 1756 2366 1830 λότριος.
2446 1817 2452 1822 ,

442 1845 720 1902 maneant,
753 1853 860 1893 nec
924 1855 1166 1911 unquam
1211 1856 1274 1896 ea
1316 1840 1476 1896 avelli
1523 1851 1751 1912 queant,
1793 1839 1969 1916 quam.
2004 1856 2066 1902 ut
2103 1851 2280 1905 solum
2316 1851 2508 1906 auditu
2553 1852 2849 1922 percipias,
2892 1852 3269 1924 novit‘plane,
3332 1851 3584 1923 quisquis
3629 1852 3718 1909 vel

441 1927 735 1982 minimum
787 1929 1040 2001 ingenua:
1093 1933 1323 1989 rationis
1367 1949 1557 1989 curam
1601 1936 1764 2006 gerit,
1813 1953 1916 1993 nec
1961 1940 2031 1995 ab
2067 1941 2191 2011 ejus
2258 1944 2669 1999 necessitudine
2699 1959 2929 2014 prorsus
2965 1945 3180 2001 alienus
3209 1943 3450 2000 exsistit.

511 2018 737 2074 Maximi
754 2021 1028 2076 modestia.
1047 2019 1197 2076 Senis
1214 2023 1362 2080 illius
1381 2029 1614 2082 auctoris
1636 2028 1809 2098 aperis
1838 2029 2026 2098 praedi-

2205 2033 2378 2102 Κάγὼ
2437 2037 2535 2106 μὲν
2595 2035 2806 2090 ὤκνουν
2837 2035 2989 2108 παρά
3031 2036 3132 2108 τὴν
3168 2037 3366 2108 ἀρχὴν,
3415 2035 3510 2090 τοῦ
3555 2035 3719 2108 λόγου

441 2110 604 2165 catio.
626 2114 898 2182 —Atque
932 2129 1035 2185 ego
1067 2114 1289 2186 quidem
1339 2117 1580 2188 primum
1631 2119 1849 2190 (loquar
1879 2120 2026 2175 enim

2135 2123 2452 2195 (εἰρήσεται
2485 2126 2594 2198 γὰρ
2625 2125 2894 2198 τάληθὲς)
2950 2128 3052 2198 τὴν
3107 2126 3365 2181 ὑπόθεσιν
3415 2127 3718 2198 παραιτού-

441 2203 590 2273 quod
639 2205 820 2276 reipsa
862 2205 968 2277 est)
1000 2207 1107 2264 hoc
1137 2207 1458 2279 impositum
1501 2211 1812 2282 argumenti
1855 2228 2026 2283 genus

2135 2232 2327 2285 μενοςο
2387 2219 2446 2270 οὐ
2477 2217 2556 2288 τῷ
2587 2218 2664 2289 μὴ
2701 2217 2881 2272 θέλειν
2940 2219 3090 2291 ὑμῖν,
3133 2217 3509 2290 ἠγαπημένοι,
3550 2220 3719 2274 παντὶ

441 2296 726 2367 suscipere
785 2313 1084 2365 recusans,
1137 2315 1247 2355 non
1313 2301 1420 2357 hoc
1466 2302 1732 2372 agebam,
1793 2313 1890 2359 aut
1945 2307 2026 2362 sic

2133 2305 2320 2375 τρόπῳ
2347 2305 2547 2360 διδόναι
2596 2306 2738 2361 κατά
2783 2307 3016 2378 δύναμιν
3043 2305 3106 2361 τὸ
3143 2307 3522 2378 καταθύμιονο
3579 2307 3718 2362 ἀλλά

441 2386 627 2440 animo
651 2387 882 2443 affectus
921 2405 1096 2455 eram,
1129 2392 1283 2461 quasi
1316 2408 1433 2447 rem
1469 2393 1628 2449 vobis
1673 2395 2026 2471 (charissimi)

439 2484 647 2544 gratam
691 2479 945 2548 votisque
975 2483 1298 2550 expetitam,
1347 2483 1495 2538 omni
1530 2485 1716 2550 modo,
1745 2487 1927 2557 quoad
1961 2490 2029 2544 li-

438 2575 612 2632 ceret,
646 2583 921 2640 propense
954 2575 1182 2643 exsequi
1215 2575 1454 2640 nollem;
1507 2576 1603 2632 sed
1647 2578 1794 2647 quod
1843 2595 2026 2649 neque

437 2659 559 2726 ejus
585 2661 774 2730 gratiae
797 2663 1073 2734 particeps
1098 2681 1298 2730 essem,
1327 2684 1448 2738 quae
1472 2683 1568 2724 eos
1591 2671 1684 2740 qui
1712 2670 1861 2742 digni
1892 2672 2023 2739 sint,

431 2741 494 2804 in
526 2750 632 2806 boc
661 2753 900 2822 inducit,
929 2771 1032 2812 nec
1078 2755 1354 2814 facultatis
1401 2775 1643 2830 ususque
1679 2741 1900 2818 dicendi
1927 2780 2025 2819 ex-

437 2845 709 2914 perientia
759 2847 870 2902 ulla
919 2848 1094 2905 fultus
1136 2865 1336 2915 essem,
1374 2851 1580 2924 quippe
1619 2839 1922 2924 simplicius
1963 2871 2028 2912 ac

437 2951 580 3004 pene
612 2938 762 3008 vulgi
796 2955 950 2995 more
996 2941 1284 3008 educatus,
1319 2943 1582 3014 rudisque
1631 2947 1860 3003 omnino
1905 2963 2025 3004 ser-

439 3027 620 3084 monis
651 3045 719 3084 ex
751 3040 870 3087 arte
905 3034 1195 3104 compositi
1227 3053 1242 3089 :
1270 3036 1392 3105 ejus
1424 3037 1661 3107 scilicet,
1693 3041 1788 3110 qui
1820 3040 1875 3094 in
1909 3041 2027 3097 sola

437 3121 668 3191 gratiam
697 3125 1008 3181 elocutione
1043 3127 1246 3195 habet;
1279 3143 1343 3184 ac
1368 3144 1480 3200 quo
1502 3131 1698 3202 vulgus
1733 3132 2025 3189 hominum

437 3214 674 3271 maxime
701 3217 1029 3286 delectatur,
1056 3220 1188 3276 dum
1229 3237 1429 3293 nempe
1469 3223 1662 3280 auditu
1689 3227 2026 3296 voluptatein

437 3307 731 3376 deﬁniunt,
765 3311 984 3368 tametsi
1012 3312 1336 3384 plerumque
1365 3313 1503 3368 nihil
1534 3315 1588 3369 in
1627 3315 1902 3386 profundo
1941 3325 2024 3372 at-

435 3413 545 3468 que
569 3399 815 3454 abditum
845 3377 1031 3467 habet,
1060 3402 1207 3472 quod
1232 3377 1514 3458 momento
1535 3377 1712 3458 videri
1733 3405 2028 3476 plurisque
2051 3377 2094 3436 θ

437 3489 556 3544 ﬁeri
602 3491 802 3545 merito
847 3492 1070 3562 possit:
1113 3493 1372 3564 quodque
1420 3493 1554 3549 item
1591 3499 1744 3564 (vero
1789 3495 2020 3565 propius

435 3580 588 3636 dictu
629 3583 1046 3656 propriumque)
1083 3584 1297 3640 subiret
1322 3585 1507 3652 timor,
1543 3601 1613 3641 ne
1648 3585 1744 3642 vili
1777 3601 1902 3641 meo
1931 3585 2020 3641 di-

435 3672 596 3728 cendi
624 3675 964 3740 charactere,
1002 3675 1148 3731 beati
1179 3677 1301 3748 ejus
1337 3677 1443 3731 viri
1478 3677 1772 3734 sublimem
1807 3677 2022 3734 divino-

435 3782 559 3820 rum
605 3766 981 3838 eloquentiam
1024 3767 1554 3840 intelligentiamque
1600 3769 1816 3841 injuria
1844 3787 2019 3842 prope

434 3851 710 3913 adicerem
739 3876 752 3911 :
777 3869 967 3928 postea
1007 3871 1190 3928 tamen
1223 3859 1540 3916 dilectionis
1580 3860 1724 3932 (qua;
1760 3862 2020 3918 omnibus

433 3945 636 4002 fortior
663 3947 773 4020 est)
802 3949 852 4003 vi
897 3948 1121 4014 cedens,
1145 3949 1367 4018 libens,
1403 3951 1552 4021 quod
1597 3952 1672 4007 ita
1710 3953 2020 4024 injunctum

433 4045 574 4102 erat,
608 4037 666 4091 in
689 4051 775 4091 me
798 4038 1003 4106 recepi,
1028 4037 1214 4107 potius
1237 4037 1466 4101 ducens,
1495 4047 1556 4093 ut
1579 4038 1674 4108 qui
1695 4037 1810 4093 fere
1834 4039 2020 4097 animo

434 4129 771 4184 morosiores
795 4130 1088 4194 exsistunt,
1113 4138 1381 4200 promptae
1401 4129 1733 4185 obedientiae
1759 4146 2020 4201 arrogan-

433 4221 524 4276 tia:
571 4221 972 4292 imperititeque
1018 4221 1195 4276 labem
1245 4229 1554 4292 aspergant,
1605 4220 1831 4292 risuque
1872 4222 2020 4278 exci-

433 4311 608 4380 piant,
635 4328 802 4382 quam
828 4324 894 4369 .ut
933 4313 1245 4368 cunctando
1287 4313 1432 4368 nolle
1467 4329 1554 4367 me
1587 4312 1744 4368 vobis
1779 4313 1834 4367 in
1867 4312 2018 4367 omni

433 4418 493 4459 re
533 4403 764 4460 honesta
805 4404 1199 4475 favere-atque
1229 4405 1460 4476 obsequi
1490 4403 1710 4470 videar;
1740 4404 1888 4460 modi
1934 4405 2019 4460 di-

2130 2393 2194 2447 τὸ
2243 2396 2381 2464 μήτε
2439 2397 2542 2466 τῆς
2593 2399 2896 2470 ἐναγούσης
2958 2399 3094 2471 πρὸς
3142 2398 3302 2452 τοῦτο
3352 2399 3479 2463 τούς
3530 2399 3716 2467 ἀξίους

2133 2488 2520 2559 μετειληφέναι
2562 2491 2814 2562 χάριτοςο
2855 2491 2994 2564 μήτε
3045 2490 3154 2562 μὴν
3199 2492 3396 2562 πεῖραν
3429 2490 3576 2562 ἔχειν
3613 2493 3718 2562 τῆς

2131 2577 2268 2648 πρὸς
2296 2577 2357 2631 τὸ
2393 2578 2576 2648 λέγειν
2624 2580 2908 2650 δυνάμεώς
2963 2599 3022 2634 τε
3069 2582 3165 2635 καὶ
3208 2581 3426 2652 τριϐῆς,
3480 2581 3717 2654 ἰδιωτείᾳ

2132 2667 2632 2740 συντεθραμμένος,
2707 2672 2802 2724 καὶ
2858 2671 3034 2740 λόγων
3093 2671 3361 2742 τεχνικῶν
3436 2671 3716 2736 παντελῶς

2129 2747 2377 2831 ἀμύητος
2425 2761 2709 2833 ὑπάρχων,
2758 2763 2867 2816 τῶν
2915 2765 2973 2816 ἐν
3025 2762 3164 2835 μόνῃ
3220 2766 3286 2834 τῇ
3327 2765 3580 2836 προφορᾷ
3615 2763 3714 2835 τὴν

2129 2850 2290 2921 χάριν
2329 2851 2588 2922 ἐχόντων·
2630 2847 2713 2916 οἷς
2741 2853 2790 2906 οἱ
2838 2851 3026 2908 πολλοὶ
3065 2853 3304 2922 μάλιστα
3339 2852 3616 2924 χαίρουσι,
3646 2855 3711 2923 τῇ

2128 2943 2266 3013 ἀκοῇ
2297 2941 2394 3014 τὴν
2433 2943 2626 3014 ἡδονὴν
2662 2947 3116 3016 περιγράφοντες,
3150 2944 3271 2998 ’κᾶν
3309 2946 3358 2998 εί
3400 2945 3572 3015 μηδὲν
3605 2945 3715 2998 τῶν

2127 3034 2325 3102 τιμίων
2353 3033 2443 3088 διὰ
2469 3032 2669 3104 βάθους
2697 3034 2956 3099 πολλάκις
2985 3034 3188 3105 ἔχοιεν*
3221 3035 3316 3088 καὶ
3338 3033 3420 3100 τὸ,
3452 3033 3718 3107 κυριώτε-

2132 3141 2224 3194 ρον
2275 3126 2453 3179 εἰπεῖν
2499 3127 2598 3180 καὶ
2645 3126 3028 3200 ἀληθέστερον,
3083 3126 3379 3181 δεδοικέναι
3441 3127 3516 3198 μὴ
3583 3126 3716 3180 καθ·-

2131 3216 2381 3290 υϐρίσειν
2409 3219 2476 3290 τῇ
2508 3217 2756 3292 εὐτελείᾳ
2786 3219 2882 3273 τοῦ
2918 3220 3186 3290 ἡμετέρου
3207 3218 3366 3288 λόγου
3385 3219 3484 3292 τὴν
3503 3219 3716 3272 ἐκείνου

2127 3307 2224 3362 τοῦ
2260 3309 2540 3380 μακαρίου
2567 3309 2758 3380 ἀνδρὸς
2789 3311 2920 3380 περὶ
2953 3311 3064 3364 τῶν
3108 3311 3269 3366 θείων
3303 3311 3612 3384 ὐψηγορίαν
3654 3329 3714 3366 τε

2127 3399 2224 3452 καὶ
2251 3398 2462 3470 νόησιν·
2495 3399 2646 3470 ὅμως
2690 3400 2734 3454 δ’
2783 3397 2876 3456 οὖν
2903 3400 3132 3473 ὕστερον
3160 3406 3226 3474 τῇ
3251 3403 3343 3476 βίᾳ
3369 3404 3470 3475 τῆς
3494 3398 3715 3474 ἀγάπης

2129 3488 2301 3558 εἴξας,
2333 3490 2435 3562 τῆς
2467 3491 2684 3546 πάντων
2735 3493 3110 3564 ἰσχυροτέρας,
3161 3493 3429 3566 ἐδεξάμην
3465 3493 3608 3548 ἑκὼν
3647 3494 3710 3547 τὸ

2128 3579 2439 3652 ἐπίταγμα·
2495 3580 2756 3650 γελᾶσθαι
2793 3581 2993 3652 μᾶλλον
3037 3583 3124 3635 ἐπ’
3185 3583 3447 3654 αὐθαδείᾳ
3493 3599 3552 3635 τε
3603 3583 3700 3636 καὶ

2127 3670 2478 3742 ἀπαιδευσίᾳ,
2529 3669 2598 3724 δι’
2633 3670 2947 3726 εὐπείθειαν
2986 3672 3138 3743 παρά
3175 3672 3291 3726 τῶν
3323 3671 3710 3744 μεμψιμοίρων

2127 3764 2403 3835 ἑλόμενος,
2434 3763 2468 3835 ἦ
2502 3765 2631 3834 ὑμῖν
2673 3763 2764 3818 διά
2805 3764 2908 3834 τῆς
2944 3765 3216 3834 ἀναϐολῆς
3261 3765 3318 3818 ἐν
3370 3765 3534 3818 παντὶ
3560 3764 3711 3836 καλῷ

2131 3854 2206 3927 μὴ
2257 3854 2774 3926 συμπροθυμεῖσθαι
2831 3854 3125 3926 βούλεσθαι
3175 3839 3545 3926 νομισθῆναιί
3613 3854 3710 3924 τὴν

2128 3947 2258 4017 περὶ
2304 3945 2399 3998 τοῦ
2431 3945 2550 4008 πῶς
2591 3947 2766 3998 εἰπεῖν
2815 3946 3088 4018 μέριμναν
3115 3945 3194 4016 τῷ
3233 3943 3352 4017 etp
3388 3947 3706 4026 éﬁtpéit‘liag,

2125 4035 2204 4107 τῷ
2232 4036 2379 4107 μόνῳ
2403 4034 2831 4106 θαυματουργῷο
2865 4036 2960 4089 καὶ
2981 4035 3330 4090 διδάσκοντι
3347 4035 3463 4105 μὲν
3486 4035 3708 4104 ἅνθρω-

2127 4145 2245 4182 ator
2273 4126 2518 4197 γνῶσιν,
2542 4127 2858 4196 τρανοῦντι
2885 4127 2954 4181 δὲ
2975 4127 3269 4198 γλῶσσαν
3285 4126 3636 4198 μογιλὰλων
3664 4129 3704 4181 ³.

2126 4220 2222 4274 καὶ
2259 4221 2373 4284 τοῖς
2410 4219 2642 4290 ἀπόροις
2677 4219 2845 4289 πόρον
2897 4219 3203 4273 ἐπινοοῦντι
3226 4234 3240 4250 ’
3286 4219 3379 4272 καί⁵
3419 4219 3709 4286 ἐγείροντι

2119 4311 2238 4382 μὲν
2266 4311 2384 4366 ἀπὸ
2417 4309 2530 4382 γῆς
2551 4311 2813 4380 πτωχὸν,
2850 4310 2969 4366 ἀπὸ
2995 4309 3064 4363 δὲ
3090 4311 3344 4379 κοπρίας
3371 4310 3708 4378 ἀγυψοῦντι

2125 4403 2374 4470 πένητω
2423 4403 2518 4456 τοῦ
2573 4401 2843 4474 σαρκικοῢ
2879 4401 3022 4468 λέγω
3052 4402 3420 4474 φρονήματος,
3469 4402 3561 4454 καὶ
3608 4402 3708 4470 τῆς

433 4495 597 4550 cendi
624 4512 690 4551 ac
721 4497 1058 4552 elocutionis
1097 4512 1229 4552 cura
1269 4497 1422 4551 omni
1468 4512 1531 4551 ac
1561 4495 1932 4552 sollicitudine
1958 4496 2026 4551 irr

2130 4483 2393 4559 δυσώδους
2447 4493 2558 4547 τῶν
2591 4492 2778 4557 παθῶν
2833 4491 2978 4555 ίλύος
2999 4508 3014 4522 ³
3048 4493 3138 4546 τὸν
3170 4493 3386 4564 πτωχὸν
3427 4493 3504 4562 τῷ
3540 4492 3708 4546 πνεύ-

429 4586 604 4645 Deum
633 4588 898 4658 projecta,
932 4589 1026 4658 qui
1055 4589 1207 4643 solus
1229 4597 1316 4643 est
1350 4603 1537 4642 rerum
1570 4588 1907 4642 mirabilium
1937 4587 2018 4642 ef-

430 4679 668 4745 fectorb,
694 4679 945 4750 docetque
976 4681 1240 4734 hominem
1285 4681 1562 4734 scientiam
1593 4691 1642 4743 ο,
1687 4687 1736 4732 et
1779 4679 2016 4750 linguam

431 4771 706 4826 bulborum
748 4771 874 4842 facit
905 4772 1158 4826 disertam
1183 4771 1243 4837 ας
1275 4774 1442 4844 inque
1484 4771 1772 4842 angustiis,
1803 4786 1868 4826 ac
1893 4787 2018 4842 per-

429 4865 606 4934 plexis
636 4864 824 4929 rebus,
851 4865 1059 4920 exitum
1091 4865 1302 4919 invenit
1328 4882 1342 4918 :
1365 4862 1544 4932 Atque
1567 4881 1601 4919 a
1628 4873 1772 4918 terra
1795 4872 2016 4922 suscitat

428 4958 658 5028 inopem,
704 4965 753 5011 et
801 4957 864 5010 de
905 4959 1130 5010 stércore
1160 4957 1311 5029 erigit
1339 4938 1623 5028 pauperem
1650 4966 1710 5021 9;
1740 4971 1770 5010 a
1810 4955 2017 5011 carnali

2129 4604 2258 4658 ματι
2322 4587 2355 4658 ἢ
2391 4586 2480 4640 τὸν
2510 4585 2707 4645 κακίας
2731 4585 3101 4656 πτωχεύοντα,
3130 4585 3350 4654 καὶτῆς
3382 4587 3506 4638 κατ’
3536 4584 3706 4656 αὐτὴν

2126 4679 2422 4749 πενόμενον
2445 4677 2642 4746 ἕξεως·
2669 4677 2702 4748 ἢ
2733 4678 3063 4742 τούναντίον,
3095 4678 3192 4732 κοιλ⁵
3222 4677 3313 4732 τὸν
3343 4677 3422 4730 ἔτι
3452 4676 3528 4748 τῷ
3557 4677 3706 4747 νόμῳ

2121 4769 2222 4838 τῆς
2269 4767 2472 4839 σαρκὸς
2522 4769 2616 4822 καὶ
2663 4768 2775 4830 τοῖς
2826 4767 3055 4820 πάθεσιν
3085 4767 3426 4839 ἐνεχόμενον,
3477 4769 3574 4821 καὶ
3616 4766 3704 4820 διὰ

2122 4860 2279 4914 τοῦτο
2302 4861 2400 4930 τῆς
2435 4861 2552 4914 κατ’
2584 4859 2784 4930 ἀρετὴν
2833 4859 2929 4914 καὶ
2974 4858 3176 4928 γνῶσιν
3215 4857 3564 4931 πτωχεύοντα
3608 4858 3704 4912 καὶ
3777 4915 3792 4930 ἢ
3874 4859 3882 4866 ’

2125 4953 2420 5024 πενόμενον
2448 4951 2696 5024 χάριτος.

429 5025 646 5108 scilicet
699 5067 864 5108 sensu
921 5067 985 5106 ac
1034 5025 1361 5123 prudentia,
1418 5051 1698 5122 fetidoque
1743 5051 2005 5106 vitiorum
2045 5065 2228 5116 emno,
2290 5064 2588 5120 pauperem
2647 5035 2884 5120 spiritui
2913 5025 3000 5104 vel
3029 5047 3187 5120 5,91
3217 5063 3344 5103 eum
3371 5048 3465 5118 qui
3492 5047 3610 5102 vitii
3636 5061 3700 5101 ac

431 5143 694 5214 nequitiae
728 5143 888 5214 inops
919 5145 1008 5208 sit,
1051 5145 1280 5216 ejusque
1317 5159 1530 5214 pauper
1583 5143 1824 5210 habitus,
1870 5129 1936 5199 id.
1966 5151 2072 5210 est,
2112 5143 2208 5198 illo
2269 5157 2484 5206 carens,
2529 5141 2616 5197 vel
2675 5151 2923 5202 econtra.
2970 5141 3065 5212 qui
3111 5141 3294 5196 adhuc
3341 5139 3460 5210 lege
3517 5138 3700 5196 carnis

429 5235 688 5306 vitiisque
714 5244 987 5302 teneatur,
1013 5253 1243 5310 eamque
1265 5239 1337 5294 ob
1361 5255 1477 5294 rem
1499 5237 1722 5295 virtutis
1739 5255 1804 5294 ac
1828 5238 2071 5308 scientiae
2104 5238 2266 5308 inops
2291 5251 2609 5307 pauperque
2641 5237 2892 5292 exsistat.

499 5328 738 5402 Dionysii
781 5331 1050 5395 tractandi
1077 5335 1215 5388 ratio
1244 5349 1519 5388 sacrorum
1558 5334 1776 5395 rituum,
1809 5332 1920 5386 alia
1952 5323 2028 5384 ac~

431 5417 671 5476 Maximi.
692 5421 889 5477 —-Sed
933 5423 1063 5493 quia
1101 5439 1131 5478 a
1178 5423 1526 5480 sanctissimo
1554 5437 1794 5493 vereque
1825 5422 2015 5477 divino

433 5509 738 5582 interprete
784 5513 1046 5586 Dionysio
1075 5515 1428 5586 Areopagita,
1475 5515 1532 5570 in
1563 5515 1706 5572 libro
1737 5529 1900 5586 quem
1929 5525 2015 5568 est

2205 5329 2346 5383 Ἀλλ’
2381 5328 2570 5401 ἐπειδὴ
2615 5327 2691 5399 τῷ
2731 5331 2982 5401 παναγίῳ
3032 5331 3126 5384 καὶ
3173 5330 3340 5391 ὅντως
3379 5325 3698 5396 θεοφάντορι

2121 5421 2382 5492 Διονυσίῳ
2412 5419 2490 5490 τῷ
2533 5421 2898 5504 Ἀρεοπαγίτῃ
2927 5423 2988 5476 ἐν
3020 5424 3087 5494 τῇ
3120 5419 3368 5492 περὶτῆς
3404 5417 3698 5486 ἐκκλησια-

2123 5514 2315 5584 στικῆς
2349 5513 2654 5585 Ὶεραργίας
2671 5513 3045 5586 πραγματεία,
3071 5515 3164 5568 καὶ
3183 5515 3252 5569 τά
3267 5513 3403 5568 κατά
3425 5510 3521 5582 τὴν
3544 5506 3698 5580 ἱερὰν

504 5624 532 5664 b
556 5624 695 5678 Psal.
723 5639 914 5678 cxxxv.
936 5625 988 5678 .5.
1069 5635 1088 5663 ε
1115 5625 1256 5680 Psal.
1283 5641 1426 5692 xcm,
1453 5625 1539 5681 l0.
1617 5624 1640 5663 ἀ
1666 5624 1795 5696 Sap.
1817 5639 1872 5688 κ,
1893 5623 1983 5677 2|.
2065 5633 2087 5662 ε
2111 5622 2255 5678 Psal.
2281 5639 2408 5708 cx‘n,
2435 5623 2488 5678 7.

1713 5716 1949 5774 VARIKE
1992 5715 2395 5772 LECTIONI‘IS.

507 5789 528 5820 ³
564 5788 898 5860 μογιλλάλων
922 5789 1043 5845 cod.
1075 5790 1114 5844 Δ
1135 5798 1187 5844 ct
1217 5789 1302 5844 Fr.
