4094 6358
372 354 474 422 661

1754 358 2257 419 MYSTAGOGIA.

3532 350 3645 413 66;!

371 475 470 539 τῆς
501 470 667 540 ἁγίας
700 470 975 537 συνάξεως
1005 471 1228 542 τελετὴν
1262 471 1427 537 ἀξίως
1456 472 1554 542 τῆς
1584 471 1747 525 αὑτοῦ
1787 488 1961 542 μεγα-

2076 471 2416 527 alucubratus
2448 470 2516 525 de
2544 467 2917 524 ecclesiastica
2946 468 3288 534 llicrarclxia,
3324 484 3388 524 ea
3420 483 3640 539 quoque

372 566 582 629 λονοίας
615 563 959 635 τεθεώρηται
981 563 1255 637 σύμϐολαο
1291 564 1487 626 ἰστέον,
1523 562 1598 627 ὡς
1636 563 1698 616 ού
1721 562 1789 616 τὰ
1819 562 1960 616 αὑτά

372 661 470 715 νῦν
492 661 520 713 ὁ
548 658 709 726 λόγος
733 655 1097 727 διεξέρχεται,
1123 654 1248 709 οὔτε
1288 654 1377 708 διὰ
1401 654 1510 709 τῶν
1554 654 1734 709 αὐτῶν
1764 654 1959 723 ἐκείνῳ

375 750 724 823 προέρχεται.
751 747 1038 816 Τολμηρδν
1059 746 1167 816 γὰρ
1199 747 1296 799 καὶ
1321 745 1551 808 αὔθαδες
1578 745 1676 799 καὶ
1701 745 1963 808 ἀπονοίας

377 839 570 908 ἐγγὺς,
619 837 893 906 ἐγχειρεῖν
933 837 1046 898 τοῖς
1085 835 1300 888 ἐκείνου
1336 835 1656 906 πειρᾶσθαι,
1694 835 1786 888 τὸν
1821 835 1962 905 μήτε

380 932 583 1000 χωρεῖν
610 928 771 982 αὑτὸν
800 926 833 997 ἢ
870 928 1012 979 νοεῖν
1043 927 1348 996 δυνάμενον
1370 927 1424 958 ι’
1460 928 1553 980 καὶ
1582 927 1657 990 ὡς
1688 925 1799 979 ἴδια
1827 942 1964 995 προ-

383 1019 650 1090 κομίζειν,
684 1016 756 1071 τὰ
794 1017 995 1079 ἐνθέως
1024 1017 1219 1087 ἐκείνῳ
1243 1020 1392 1088 μόνῳ
1416 1016 1506 1072 διὰ
1526 1018 1621 1071 τοῦ
1644 1018 1784 1071 Πνεύ
1795 1033 1965 1088 ματος

384 1108 769 1178 φανερωθέντα
820 1108 1133 1177 μυστήρια·
1183 1109 1301 1161 ἀλλ’
1354 1109 1455 1162 ὅσα
1517 1108 1614 1167 καὶ.
1661 1107 1843 1172 ἄλλοις
1890 1109 1966 1172 ὡς

383 1200 564 1269 ληπτὰ
589 1198 722 1271 παρ’
755 1186 919 1253 αὑτοῦ
957 1197 1353 1270 φιλανθρώπως
1390 1200 1642 1272 βουλήσει
1669 1200 1806 1255 Θεοῦ
1827 1219 1968 1273 παρ-

381 1294 605 1364 ελείφθη
648 1293 788 1363 πρὸς
836 1292 1057 1347 ἔκθεσιν
1097 1294 1118 1325 ⁸
1169 1294 1262 1346 καὶ
1289 1294 1600 1364 γυμνασίαν
1642 1294 1741 1366 τῆς
1786 1295 1968 1350 αὐτῶν

383 1383 611 1437 ἐκείνων
634 1384 764 1454 περὶ
786 1382 854 1436 τὰ
879 1383 999 1437 θεῖα
1027 1385 1171 1438 κατὰ
1193 1385 1294 1456 τὴν
1327 1384 1515 1454 ἔφεσιν
1548 1384 1717 1453 ἕξεως
1734 1402 1748 1416 ·
1784 1387 1880 1441 καὶ
1898 1386 1966 1439 δι’

384 1465 462 1526 ὧν
492 1472 826 1543 συμμέτρως
870 1474 1063 1538 αὐτοῖς
1101 1476 1135 1544 ή
1177 1474 1444 1547 παμφαὴς
1480 1475 1590 1529 τῶν
1627 1474 1969 1547 τελουμένων

383 1565 542 1628 ἀκτὶς
571 1565 979 1637 κατανοουμένη
1025 1566 1356 1621 καθίσταται
1385 1568 1683 1639 γνώριμος,
1709 1570 1804 1622 καὶ
1833 1569 1971 1641 πρὸς

379 1655 581 1724 ἑαυτὴν
628 1656 852 1724 κατέχει
903 1656 981 1727 τῷ
1022 1658 1173 1727 πόθῳ
1229 1658 1689 1730 περιληφθέντας,
1743 1659 1830 1714 ἵνα
1893 1660 1968 1731 μὴ

2061 578 2184 632 quae
2213 561 2268 615 in
2306 574 2459 616 sacra
2493 570 2696 615 sanetae
2734 572 3001 629 synaxeos
3033 558 3404 614 celebratione
3446 574 3644 613 occur-

2016 695 2024 703 .
2065 658 2194 705 runt
2220 651 2486 721 symbola,
2523 664 2624 719 pro
2653 664 2719 703 eo
2752 664 2816 703 ac
2850 648 3057 703 celsum
3084 649 3205 719 ejus
3228 651 3493 713 animum,
3521 663 3639 702 om-

2064 742 2231 811 nique
2260 741 2555 811 prudentia
2596 746 2853 793 ornatum
2889 738 3141 802 decebat,
3185 740 3471 793 observata
3517 744 3664 794 sunt

2064 851 2127 891 ac
2169 836 2456 904 exposita;
2504 836 2821 899 sciendum,
2869 832 3015 903 quod
3066 847 3177 886 non
3224 832 3416 886 eadem
3462 840 3647 885 nostra

2066 925 2185 980 haec
2208 926 2389 980 oratio
2412 941 2563 980 nunc
2594 924 2970 995 prosequitur,
3003 939 3106 978 nec
3138 939 3237 992 per
3264 922 3455 979 eadem
3482 931 3650 991 atque

2066 1015 2160 1070 ille
2204 1023 2485 1086 grassatur
2515 1015 2780 1083 (audaciae
2818 1015 2968 1070 enim
2998 1024 3054 1070 et
3087 1013 3415 1084 arroganlitc
3459 1013 3647 1073 fuerit,

2012 1154 2026 1174 ,
2067 1105 2463 1175 insolentisque
2505 1104 2646 1159 adeo
2687 1105 2981 1160 dementia:
3023 1105 3355 1175 proximum,
3404 1103 3520 1173 ipsa
3571 1103 3648 1156 illi

2067 1197 2341 1267 expedita,
2372 1196 2657 1251 tractanda
2689 1211 2990 1261 assumere,
3021 1212 3170 1261 eum,
3195 1195 3291 1265 qui
3336 1210 3438 1250 nec
3470 1195 3647 1265 ipsum

2068 1304 2288 1360 capere,
2339 1296 2436 1343 aut
2486 1288 2608 1359 ejus
2656 1287 2790 1343 satis
2840 1296 3081 1342 mentem
3132 1288 3381 1357 assequi,
3436 1288 3648 1351 valeat;

2065 1380 2327 1450 velutque
2360 1395 2460 1435 sua
2503 1380 2773 1451 proferre,
2823 1394 2947 1449 quae
2979 1378 3076 1433 uni
3119 1378 3199 1432 illi
3242 1392 3341 1448 per
3383 1376 3668 1447 Spiritum,

2068 1472 2337 1530 divinitus
2365 1471 2520 1527 fuere
2563 1471 2934 1535 manifestata,
2965 1469 3246 1545 mysteria)
3270 1485 3285 1535 ;
3305 1469 3400 1524 sed
3432 1484 3555 1539 qua:
3580 1468 3667 1523 ab-

2068 1580 2169 1630 eo,
2224 1564 2638 1642 aliisquoque,
2692 1577 2794 1619 ceu
2850 1561 3123 1634 ejusmodi
3158 1568 3219 1615 ut
3271 1562 3389 1631 capi
3438 1562 3651 1630 possint

2056 1648 2175 1724 ’(sie
2202 1657 2314 1711 Deo
2339 1654 2639 1727 annuente)
2666 1654 2990 1725 exponenda
3018 1653 3250 1724 benigne
3278 1652 3468 1707 relicta
3500 1658 3648 1713 sunt,

381 1746 665 1810 παντελῶς
696 1748 747 1801 οἰ
780 1750 900 1817 μετ’
930 1734 1095 1803 αὐτὸν
1123 1745 1259 1805 ὦσιν
1299 1752 1479 1822 ἀργοὶ,
1527 1752 1628 1823 τὴν
1661 1754 1844 1805 πᾶσαν
1874 1752 1968 1805 τοῦ

2076 1763 2138 1803 ac
2151 1748 2356 1818 quibus
2376 1748 2646 1818 ipsorum,
2665 1763 2776 1818 quo
2796 1748 2852 1802 in
2872 1746 3061 1802 divina
3081 1745 3358 1800 desiderio
3378 1744 3656 1807 feruntur,

384 1840 579 1910 χρόνου
606 1839 709 1910 τῆς
745 1840 1032 1912 παρούσης
1061 1843 1209 1913 ζωῆς
1235 1818 1472 1916 ἡμέραν,
1503 1818 1602 1897 οὐκ
1633 1844 1849 1913 ἔχοντες
1881 1844 1971 1898 τὸν

2076 1840 2297 1895 habitus
2338 1847 2698 1906 exerceatur;
2743 1855 2846 1909 per
2889 1852 3013 1909 quae
3052 1839 3254 1901 etiam,
3310 1851 3412 1906 pro
3460 1851 3656 1890 eorum

389 1928 524 1999 πρὸς
553 1930 653 2001 τὴν
698 1929 849 1984 θείαν
896 1931 1110 2002 ἐκείνην
1138 1935 1553 2006 ἀμπελουργίαν
1608 1934 1975 2005 μισθούμενον

389 2021 568 2090 λόγον,
591 2022 681 2076 τὸν
702 2024 844 2095 ὑπὲρ
864 2027 965 2094 τῆς
987 2028 1368 2098 πνευματικῆς
1392 2027 1655 2099 ἐργασίας
1682 2028 1778 2081 τοῦ
1811 2046 1975 2081 πνευο

398 2114 624 2184 ματικοῦ
662 2115 1023 2184 ἀμπελῶνος,
1070 2119 1133 2172 τὸ
1178 2118 1419 2173 συλωθέν
1466 2122 1588 2174 κατ’
1643 2120 1822 2190 ἀρχὰς
1870 2120 1976 2174 ὑπὸ

392 2204 486 2259 τοῦ
508 2205 745 2276 πονηροῦ
771 2206 840 2259 δι’
863 2207 1083 2277 ἀπάτης
1115 2208 1260 2262 κατὰ
1291 2208 1389 2280 τὴν
1419 2210 1517 2280 τῆς
1544 2211 1767 2281 ἐντολῆς
1792 2210 1977 2281 παρά-

389 2296 567 2361 ϐασιν,
614 2299 990 2370 πνευματικὸν
1036 2300 1138 2370 τῆς
1183 2300 1334 2366 θείας
1395 2302 1491 2356 καὶ
1540 2301 1979 2373 βασιλικωτάτης

384 2388 593 2452 εἰκόνος
619 2389 879 2463 δηνάριον
911 2390 1253 2447 ἀποδιδόντα.

385 2481 579 2552 utique
624 2483 880 2539 mercede
925 2499 1024 2554 pro
1055 2485 1232 2541 vineae
1279 2486 1544 2558 spiritalis
1612 2488 1846 2571 Spiritali
1889 2488 2126 2552 cultura,
2183 2487 2278 2556 qui
2315 2502 2346 2541 a
2380 2485 2659 2556 principio
2717 2483 3043 2556 nequissimi
3072 2483 3221 2539 illius
3253 2481 3466 2545 fraude,
3508 2496 3665 2534 man-
3770 2518 3775 2526 .

2071 1941 2233 2002 captu
2278 1939 2604 2002 temperate,
2639 1931 3120 2002 splendidissimus
3160 1945 3344 1985 rerum
3396 1944 3517 1997 quae
3562 1943 3673 1997 pe--

2070 2030 2342 2095 raguntur
2370 2023 2558 2078 radius
2587 2023 2773 2078 animo
2823 2023 3160 2087 intellectus,
3199 2029 3367 2075 notus
3399 2018 3655 2081 eiiicitur,

2071 2116 2306 2185 illosque
2333 2114 2438 2170 sibi
2464 2114 2713 2180 adhibet,
2739 2115 2832 2184 qui
2858 2114 3006 2169 illius
3032 2113 3175 2183 capti
3203 2110 3480 2167 desiderio
3506 2120 3655 2173 sunt,

2072 2224 2143 2264 ne
2178 2207 2386 2278 posteri
2419 2217 2536 2262 toto
2562 2207 2708 2272 vitae,
2735 2222 2857 2276 quae
2892 2207 2984 2261 hic
3024 2205 3227 2276 agitur,
3265 2212 3534 2274 tempore,
3560 2218 3671 2271 pe-i

2070 2301 2224 2356 nitus
2265 2300 2428 2355 otiosi
2461 2300 2663 2365 forent,
2706 2298 2897 2354 divino
2943 2282 3042 2354 illo
3082 2312 3337 2354 sermone
3386 2298 3658 2358 carentes,

2073 2393 2168 2464 qui
2199 2392 2267 2447 ad
2301 2392 2500 2446 divinae
2532 2391 2710 2446 vineae
2751 2391 3025 2446 culturam
3070 2386 3364 2445 redimitur
3402 2385 3460 2453 f;
3502 2384 3671 2455 cujus

382 2571 499 2627 dati
527 2576 959 2646 transgressione
985 2576 1147 2632 nobis
1190 2578 1450 2648 perierat,
1517 2574 1879 2651 direptusque
1946 2581 2144 2646 fuerat,
2193 2578 2481 2651 spiritalis
2525 2576 2748 2646 divinae,
2796 2591 3120 2647 summeque
3165 2574 3365 2646 regalis
3408 2571 3672 2644 imaginis

383 2664 648 2720 denarius
681 2665 952 2721 redditur.

459 2757 536 2811 Οὐ
590 2758 770 2813 πάντα
808 2759 864 2813 δὲ
902 2759 973 2814 τὰ
1021 2759 1098 2832 τῷ
1142 2760 1398 2833 μακαρίῳ
1435 2761 1655 2833 γέροντι
1694 2763 1974 2835 μυστικῶς

387 2849 740 2922 θεωρηθέντα
768 2850 950 2921 λέγειν
980 2852 1215 2925 καθεξῆς
1246 2855 1677 2925 ἐπαγγέλλομαι·
1708 2855 1817 2908 οὐδ’
1836 2854 1977 2910 αὐτὰ

384 2946 459 2997 τὰ
488 2943 777 3015 λεγόμενα,
799 2945 875 3010 ὡς
910 2947 1107 3017 ἐνοήθη
1132 2963 1190 2999 τε
1226 2947 1354 3016 παρ’
1381 2947 1595 3001 ἐκείνου
1624 2948 1721 3001 καὶ
1755 2947 1971 3020 ἐλέχθη.

402 3034 641 3143 Ἐκεῖνος
666 3037 798 3107 γὰρ,
848 3037 985 3108 πρρς
1027 3037 1088 3090 τὸ
1132 3037 1423 3107 φιλόσοφος
1456 3034 1619 3104 εἶναι,
1658 3039 1752 3093 καὶ
1792 3040 1975 3110 πάσης
2001 3084 2045 3143 c

387 3125 641 3188 παιδείας
664 3127 1003 3195 διδάσκαλος,
1046 3129 1114 3183 δι’
1148 3130 1352 3201 ἀρετῆς
1389 3131 1710 3201 περιουσίαν
1744 3133 1839 3187 καὶ
1872 3132 1976 3203 τῆς

387 3214 611 3285 περὶτὰ
633 3216 753 3270 θεῖα
784 3219 1149 3290 χρονιωτέρας
1177 3237 1237 3272 τε
1268 3221 1365 3274 καὶ
1394 3222 1978 3293 ἐπιστημονικωτέρας

385 3306 586 3377 τριϐῆς
606 3296 702 3361 καῖ
733 3309 1073 3377 φιλοπονίας,
1098 3310 1206 3363 τῶν
1228 3312 1327 3382 τῆς
1349 3311 1480 3383 ὕλης
1501 3312 1718 3382 δεσμῶν
1748 3314 1841 3366 καὶ
1867 3313 1977 3367 τῶν

388 3398 517 3452 κατ’
543 3397 714 3469 αὐτὴν
737 3400 1051 3469 φαντασιῶν
1071 3402 1356 3474 ἐλεύθερον
1384 3404 1575 3459 ἐαυτὸν
1602 3406 1976 3475 καταστήσας,

388 3491 487 3543 τόν
523 3508 582 3545 τε
625 3491 750 3545 νοῦν
793 3493 1020 3558 εἰκότως
1057 3489 1172 3565 εἶχε
1213 3499 1333 3559 ταῖς
1374 3497 1549 3563 θείαις
1588 3498 1783 3567 αὐγαῖς
1819 3515 1979 3570 περι-

390 3581 767 3654 λαμπόμενον,
794 3587 890 3640 καὶ
918 3587 1009 3642 διὰ
1036 3588 1194 3642 τοῦτο
1221 3589 1522 3660 δυνάμενον
1552 3592 1757 3655 εὐθέως
1788 3593 1810 3625 ⁸
1845 3594 1979 3663 ύρᾷν

393 3677 468 3732 τὰ
491 3681 604 3742 τοῖς
631 3679 851 3743 πολλοῖς
887 3680 961 3752 μὴ
984 3680 1260 3752 δρώμενα,
1282 3683 1380 3735 καὶ
1408 3684 1502 3737 τὸν
1522 3683 1679 3753 λόγον
1708 3685 1979 3756 ἑρμηνευ-

399 3768 497 3837 τὴν
523 3770 916 3841 ἀκριϐέστατον
930 3772 1039 3825 τῶν
1059 3773 1362 3843 νοηθέντων
1377 3788 1394 3806 ⁶
1417 3776 1512 3829 καὶ
1534 3777 1803 3849 ἐσόπτρου
1825 3777 1980 3848 δίκην

402 3860 496 3914 ὑπ’
523 3863 776 3933 οὐδεμιᾶς
805 3863 1025 3935 κηλίδος
1070 3866 1283 3919 παθῶν
1304 3866 1753 3939 ὲμποδιζόμενον,
1787 3869 1983 3937 ἀκραι-

395 3953 548 4022 φνῶς
573 3956 642 4010 τὰ
672 3957 855 4020 ἄλλοις
890 3959 1030 4030 μήτε
1058 3959 1318 4030 νοηθῆναι
1352 3959 1648 4031 δυνάμενα,
1674 3963 1770 4016 καὶ
1796 3962 1982 4032 φέρειν

393 4045 492 4097 καὶ
519 4044 701 4113 λέγειν
742 4046 1027 4118 ἰσχύοντα·
1080 4049 1157 4113 ὡς
1209 4050 1471 4103 δύνασθαι
1527 4050 1655 4115 τοὺς
1705 4052 1982 4122 ἀκροατὰς

391 4133 519 4189 ὅλον
552 4136 653 4205 μὲν
681 4137 758 4205 τῷ
789 4138 933 4209 λόγῳ
980 4139 1072 4193 τὸν
1112 4138 1238 4193 νοῦν
1267 4142 1802 4212 ὀρᾷνλέποχούμενον
1828 4159 1843 4174 ’
1884 4142 1982 4196 ὅλα

392 4226 457 4279 δὲ
501 4227 609 4299 ὅλῳ
649 4228 730 4300 τῷ
762 4230 838 4300 νῷ
866 4230 1126 4303 καθαρῶς
1169 4232 1535 4301 ἐμφαίνεσθαι
1576 4234 1645 4286 τά
1696 4233 1979 4303 νοηθέντα,

392 4316 495 4370 καὶ
529 4318 618 4373 διὰ
640 4319 740 4390 τῆς
769 4320 863 4375 τοῦ
881 4321 1042 4389 λόγου
1077 4322 1355 4391 μεσιτείας
1378 4323 1562 4387 αὐτοῖς
1589 4323 1816 4395 διαπορο
1826 4324 1983 4394 μευό.

2151 2760 2383 2817 Senioris
2454 2758 2723 2814 luculenta
2785 2758 2938 2823 laus,
3004 2756 3093 2827 qui
3148 2754 3351 2826 prwivt't
3406 2752 3691 2808 Max/imas

2081 2855 2300 2910 Maximi
2326 2855 2600 2909 modestia.
2618 2851 2828 2907 —Non
2853 2860 3037 2905 autem
3076 2846 3259 2902 omnia
3289 2859 3411 2915 quae
3439 2858 3470 2898 a
3498 2843 3679 2899 beator

2081 2949 2177 3004 illo
2210 2963 2343 3003 sene
2382 2947 2611 3019 mystice
2638 2938 2931 3002 observata
2960 2950 3110 3007 sunt,
3154 2956 3255 3011 per
3293 2938 3546 2994 ordinem
3575 2937 3679 2992 di-t

2082 3049 2302 3096 cturum
2326 3055 2415 3095 me
2443 3038 2747 3110 profiteor;
2778 3035 2913 3107 quin
2935 3049 3040 3090 nec
3068 3032 3160 3088 illa
3191 3031 3305 3102 ipsa
3331 3045 3454 3100 qute
3479 3029 3675 3084 dicen-

2078 3142 2192 3197 tur,
2224 3132 2300 3187 ita
2328 3140 2390 3187 ut
2417 3131 2488 3187 ab
2520 3131 2616 3187 illo
2642 3144 2769 3185 cum
2800 3126 3123 3199 spiritaliter
3148 3124 3333 3179 animo
3364 3123 3671 3185 intellecta;

2081 3233 2196 3279 tum
2215 3224 2404 3280 verbis
2422 3223 2748 3293 deprompta
2776 3228 2925 3276 sunt.
2953 3219 3069 3292 (Ille
3087 3217 3257 3283 enim,
3281 3223 3345 3271 ut
3362 3215 3676 3285 id'quoque-

2079 3314 2341 3385 excipias,
2392 3314 2542 3385 quod
2608 3312 2993 3384 philosophus,
3044 3309 3335 3379 omnisque
3382 3305 3676 3376 sapientiae

2080 3406 2343 3478 magister
2391 3416 2544 3470 erat,
2609 3403 2961 3474 exsuperanti
3031 3403 3239 3456 virtute
3292 3398 3675 3469 longiorisque

2080 3498 2347 3569 temporis
2372 3514 2437 3553 ac
2475 3496 2757 3568 sagaciore
2789 3495 2939 3550 circa
2985 3493 3172 3549 divina
3203 3506 3329 3556 usu,
3361 3489 3669 3560 impensio-

2083 3589 2239 3658 rique
2266 3603 2435 3657 opera
2467 3586 2703 3642 terrenis
2734 3585 2971 3641 vinculis
2997 3585 3300 3651 exsolutus,
3336 3598 3565 3640 aecum
3596 3584 3673 3638 ab

2081 3694 2277 3735 eorum
2308 3678 2441 3733 visis
2473 3676 2864 3747 conceptisque
2909 3674 3245 3746 imaginibus
3283 3674 3425 3730 liber
3456 3673 3667 3729 erasis-4

2082 3781 2186 3837 set,
2237 3780 2351 3827 tum
2396 3777 2638 3825 mentem
2660 3770 2786 3841 jure
2813 3768 3011 3824 merito
3043 3767 3248 3823 divinis
3280 3765 3691 3837 splendoribus,

2084 3864 2412 3920 illustratam
2445 3861 2683 3917 habebat
2711 3875 2776 3916 ac
2819 3868 3111 3930 propterea
3149 3859 3230 3915 sic
3268 3865 3665 3928 comparatam,

2085 3963 2146 4011 ut
2191 3955 2379 4010 statim
2424 3953 2587 4026 492
2620 3968 2743 4023 quae
2770 3952 2933 4022 vulgo
2970 3951 3249 4021 inaspecta
3299 3950 3428 4015 sint,
3477 3949 3673 4004 videre

2084 4056 2270 4118 posset
2312 4062 2378 4103 ac
2421 4046 2770 4117 perspicere,
2810 4053 2939 4099 tum
2973 4057 3285 4100 sermonem
3319 4057 3512 4098 eorum
3547 4058 3697 4112 (μίαν

2085 4139 2272 4197 animo
2315 4139 2595 4193 intellecta
2635 4144 2841 4203 essent,
2882 4135 3354 4191 aceuratissimum
3396 4135 3670 4204 interpre-

2088 4239 2233 4297 tem;
2259 4230 2540 4300 instarque
2568 4228 2774 4299 speculi
2806 4228 2973 4283 nullis
2995 4228 3294 4283 affectuum
3318 4243 3382 4283 ac
3412 4228 3670 4282 vitiorum

2086 4320 2319 4377 maculis
2361 4321 2709 4391 impeditum,
2748 4335 2871 4390 qua:
2904 4320 2996 4373 alii
3048 4319 3410 4389 ne‘cogitare
3444 4318 3671 4388 quidem

400 4427 541 4478 μενα
572 4411 865 4478 δέξασθαιο
899 4413 1015 4466 ἀλλ’
1045 4414 1144 4467 ὅσα
1185 4415 1275 4469 διὰ
1320 4416 1540 4486 μνήμης
1571 4434 1630 4469 τε
1667 4416 1838 4487 φέρω,
1889 4418 1977 4471 καὶ

2085 4411 2301 4482 possint
2328 4426 2393 4466 ac
2426 4411 2754 4481 intelligere,
2781 4427 2919 4481 pure
2950 4410 3031 4465 eis
3056 4410 3273 4466 deferre
3304 4410 3576 4464 valentem
3606 4424 3672 4464 ac

393 4504 474 4566 ὡς
494 4507 633 4558 νοεῖν
646 4504 946 4576 ’ἀμυδρῶς,
981 4507 1077 4559 καὶ
1102 4506 1281 4575 λέγειν
1322 4508 1693 4579 ἀμυδρότερον
1712 4509 1946 4579 δύναμαι
1962 4524 1976 4538 '

394 4597 538 4668 πλὴν
588 4598 851 4660 εὐσεϐῶς,
904 4600 1090 4670 χάριτι
1138 4599 1234 4653 τοῦ
1286 4599 1357 4653 τὰ
1396 4601 1760 4670 ἐσκοτισμένα
1810 4600 1980 4669 φωτί-

396 4688 586 4754 ζοντος
615 4690 772 4745 Θεοῦ.
806 4691 958 4763 Μηδὲ
998 4692 1109 4762 γὰρ
1145 4691 1353 4746 οἴεσθαι
1396 4692 1507 4744 δεῖν
1548 4693 1696 4762 ὑμᾶς
1740 4693 1985 4764 ὑπολαμ-

398 4781 571 4841 ϐάνω.
626 4781 855 4845 δικαίως
918 4781 1129 4853 κρίνειν
1158 4782 1389 4847 εἰδότας,
1435 4783 1614 4845 ἄλλως
1652 4800 1719 4853 με
1765 4786 1904 4836 νοεῖν
1946 4784 1979 4853 ἦ

393 4872 582 4943 λέγειν
601 4869 886 4938 δύνασθαι,
915 4875 948 4945 ἢ
990 4874 1067 4938 ὡς
1095 4877 1237 4928 νοεῖν
1264 4875 1360 4928 καλ⁵
1384 4875 1564 4943 λέγειν
1587 4875 1847 4946 δύναμαι,
1890 4876 1985 4929 καὶ

396 4967 437 5035 ἡ
464 4964 673 5020 ἄνωθεν
701 4965 864 5036 χάρις
891 4965 1189 5032 ἐνδίδωσιν,
1229 4965 1449 5028 οἰκείως
1478 4968 1579 5039 τῆς
1614 4966 1985 5036 ἀναλογούσης

404 5074 499 5125 μοι
548 5058 957 5129 προνοουμένης
997 5057 1305 5127 δυνάμεως,
1349 5058 1452 5112 κᾶν
1484 5060 1514 5111 ὁ
1558 5058 1835 5129 παραδοὺς
1883 5060 1986 5128 μά-

401 5147 583 5215 λιστα,
639 5148 735 5202 καὶ
770 5147 990 5213 διδάξας
1029 5149 1178 5202 ἐστὶν
1224 5149 1580 5220 ὑψηλότατος.
1619 5149 1774 5204 Ἐπεί⁸
1818 5150 1877 5204 τὸ
1916 5151 1987 5204 τὰ

409 5241 500 5293 ἴσα
518 5239 703 5310 ζητεῖν
735 5239 891 5312 παρὰ
932 5239 1042 5293 τῶν
1079 5238 1153 5311 μὴ
1193 5239 1325 5293 ἴσων
1355 5240 1455 5312 τὴν
1488 5241 1689 5312 ἀρετὴν
1740 5241 1834 5294 καὶ
1885 5242 1987 5312 τὴν

402 5330 628 5397 γνῶσιν,
667 5330 731 5384 οὐ
762 5329 959 5401 πόρρω
1003 5346 1095 5399 μοι
1132 5329 1293 5382 δοκεῖ·
1310 5330 1599 5400 τυγχάνειν
1638 5329 1747 5382 τῶν
1790 5327 1986 5393 δείξειν

334 5453 344 5460 -
402 5418 767 5490 πειρωμένων
814 5420 893 5489 τῷ
947 5417 1103 5488 ἡλίῳ,
1140 5419 1281 5471 κατὰ
1338 5418 1399 5471 τὸ
1462 5420 1572 5472 ἴσον
1606 5418 1711 5488 τὴν
1757 5417 1987 5487 σελήνην

484 5558 505 5597 ί
530 5558 719 5614 Matth.
747 5574 834 5621 xx,
853 5556 887 5610 ε
906 5564 1059 5620 seqq.

2070 4503 2412 4569 enuntiare;
2458 4503 2535 4558 ita
2562 4511 2624 4557 ut
2659 4502 2803 4557 facili
2849 4501 3072 4572 negotio
3122 4500 3406 4556 auditores
3445 4516 3669 4555 sensum

2087 4604 2266 4652 totum
2294 4611 2358 4651 ac
2390 4592 2806 4665 intelligentiam
2837 4595 2934 4649 toti
2967 4594 3207 4649 sermoni
3243 4594 3506 4658 insidere,
3540 4594 3673 4647 uni~

2088 4704 2356 4760 versaque
2398 4689 2676 4744 intellecta
2727 4688 2876 4743 clare
2917 4687 3087 4742 menti
3130 4687 3351 4743 elucere
3385 4686 3672 4756 conspice-

2092 4784 2236 4841 rent,
2269 4776 2648 4846 sermonisque
2674 4776 2727 4830 vi
2748 4776 2817 4831 ad
2840 4791 2899 4831 se
2920 4777 3237 4832 transmissa
3268 4777 3669 4846 susciperent);

2091 4867 2188 4923 sed
2219 4883 2283 4923 ea
2315 4868 2583 4923 duntaxat
2611 4883 2733 4938 quae
2757 4868 3019 4923 memoria
3046 4880 3227 4931 teneo,
3260 4885 3365 4940 pro
3391 4883 3568 4938 eoque
3608 4883 3674 4923 ac

2091 4958 2326 5014 obscure
2359 4959 2719 5031 intelligentia
2769 4961 3017 5031 assequi,
3061 4976 3125 5016 ac
3171 4962 3463 5017 obscurius
3485 4961 3670 5016 dicere

2089 5051 2281 5118 valeo;
2322 5052 2411 5121 pie
2441 5060 2622 5107 tamen
2652 5068 2717 5107 ac
2748 5068 2884 5108 sano
2916 5069 3102 5117 sensu,
3148 5053 3247 5107 Dei
3294 5053 3505 5109 scilicet
3544 5068 3669 5107 mu.

2086 5158 2241 5207 nere,
2283 5144 2610 5199 illustrantis
2655 5160 2742 5212 ea,
2790 5160 2912 5215 quae
2961 5146 3078 5214 ipsa
3125 5146 3371 5201 tenebris
3417 5146 3666 5199 horrent.

2087 5233 2277 5303 Neque
2317 5234 2465 5289 enim
2492 5234 2810 5290 existimare
2840 5249 2940 5289 vos
2978 5234 3235 5299 arbitror,
3271 5235 3364 5304 qui
3398 5249 3553 5305 aequa
3576 5235 3669 5304 ju-

2088 5322 2218 5377 dieii
2252 5323 2407 5377 libra
2428 5340 2657 5393 pensare
2701 5322 2985 5387 noveritis,
3023 5339 3247 5379 necesse
3289 5339 3432 5389 esse,
3462 5332 3523 5377 ut
3560 5324 3673 5378 alio

2090 5415 2255 5470 modo
2283 5416 2587 5487 intelligere
2619 5431 2682 5470 ac
2709 5415 2893 5484 eloqui
2920 5414 3147 5480 valeam,
3173 5430 3338 5485 quam
3365 5415 3678 5485 intelligere

1714 5650 1944 5709 VARUS
1992 5648 2394 5705 LECTIONI'S.

479 5771 501 5800 ⁸
530 5771 742 5834 τοῦς...
771 5756 1095 5837 δυναμένους
1124 5781 1171 5819 c.
1200 5771 1261 5819 A.
1294 5774 1347 5819 et
1374 5765 1461 5819 Fr.
1521 5766 1539 5796 ⁵
1572 5765 1831 5817 ὲκθέωσιν
1873 5783 1920 5820 e.
1956 5773 1977 5818 β

2076 5767 2113 5819 ι.
2146 5776 2199 5821 et
2227 5765 2314 5819 Fr.
2393 5763 2411 5793 ⁸
2433 5759 2627 5824 ἐνθέως
2652 5775 2697 5813 C.
2738 5759 2796 5814 Λ.
2838 5760 2900 5814 ll.
2930 5770 2983 5815 cl
3012 5761 3099 5817 Fr.
