  <div class='ocr_page' id='page_1' title='image "/cluster/home/n/w/nwhite01/storage/ocr_20150623/91:no.2/coo.31924054869957/351.png"; bbox 0 0 4094 6362; ppageno 0'>
   <div class='ocr_carea' id='block_1_1' title="bbox 439 330 2022 397">
    <p class='ocr_par' dir='ltr' id='par_1_1' title="bbox 439 332 1982 395">
     <span class='ocr_line' id='line_1_1' title="bbox 439 332 1982 395; baseline -0.004 -1"><span class='ocrx_word' id='word_1_1' title='bbox 439 333 542 395; x_wconf 77' lang='grc'><strong>663</strong></span> <span class='ocrx_word' id='word_1_2' title='bbox 1593 333 1654 390; x_wconf 92' lang='lat' dir='ltr'><strong>S.</strong></span> <span class='ocrx_word' id='word_1_3' title='bbox 1699 332 1883 389; x_wconf 75' lang='lat' dir='ltr'><strong>MAXI</strong></span> <span class='ocrx_word' id='word_1_4' title='bbox 1899 332 1982 388; x_wconf 76' lang='grc' dir='ltr'><strong>ΜΙ</strong></span> 
     </span>
    </p>
   </div>
   <div class='ocr_carea' id='block_1_2' title="bbox 2125 330 3691 397">
    <p class='ocr_par' dir='ltr' id='par_1_2' title="bbox 2125 331 3691 397">
     <span class='ocr_line' id='line_1_2' title="bbox 2125 331 3691 397; baseline 0.006 -9"><span class='ocrx_word' id='word_1_5' title='bbox 2125 331 2536 391; x_wconf 76' lang='lat' dir='ltr'><strong>NFESSORIS</strong></span> <span class='ocrx_word' id='word_1_6' title='bbox 3583 335 3691 397; x_wconf 70' lang='grc'><strong>664</strong></span> 
     </span>
    </p>
   </div>
   <div class='ocr_carea' id='block_1_3' title="bbox 437 443 2022 517">
    <p class='ocr_par' dir='ltr' id='par_1_3' title="bbox 437 443 2010 515">
     <span class='ocr_line' id='line_1_3' title="bbox 437 443 2010 515; baseline -0.002 -14"><span class='ocrx_word' id='word_1_7' title='bbox 437 460 503 500; x_wconf 90' lang='lat' dir='ltr'><strong>ac</strong></span> <span class='ocrx_word' id='word_1_8' title='bbox 527 444 711 514; x_wconf 97' lang='lat' dir='ltr'><strong>eloqui</strong></span> <span class='ocrx_word' id='word_1_9' title='bbox 755 443 986 497; x_wconf 73' lang='lat' dir='ltr'><strong>facultas</strong></span> <span class='ocrx_word' id='word_1_10' title='bbox 1025 450 1128 507; x_wconf 90' lang='lat' dir='ltr'><strong>est,</strong></span> <span class='ocrx_word' id='word_1_11' title='bbox 1173 451 1500 513; x_wconf 75' lang='lat' dir='ltr'><strong>przestatque</strong></span> <span class='ocrx_word' id='word_1_12' title='bbox 1545 459 1778 514; x_wconf 89' lang='lat' dir='ltr'><strong>superna</strong></span> <span class='ocrx_word' id='word_1_13' title='bbox 1816 445 2010 515; x_wconf 88' lang='lat' dir='ltr'><strong>gratia,</strong></span> 
     </span>
    </p>
   </div>
   <div class='ocr_carea' id='block_1_4' title="bbox 2125 443 3691 517">
    <p class='ocr_par' dir='ltr' id='par_1_4' title="bbox 2125 445 3691 517">
     <span class='ocr_line' id='line_1_4' title="bbox 2125 445 3691 517; baseline 0.003 -21"><span class='ocrx_word' id='word_1_14' title='bbox 2125 446 2487 513; x_wconf 47' lang='grc' dir='ltr'>φωτίζουσαν·</span> <span class='ocrx_word' id='word_1_15' title='bbox 2537 463 2632 500; x_wconf 89' lang='grc' dir='ltr'><strong>και</strong></span> <span class='ocrx_word' id='word_1_16' title='bbox 2670 447 2738 499; x_wconf 67' lang='grc' dir='ltr'>τὰ</span> <span class='ocrx_word' id='word_1_17' title='bbox 2795 446 2872 516; x_wconf 79' lang='grc' dir='ltr'>μὴ</span> <span class='ocrx_word' id='word_1_18' title='bbox 2923 445 3100 516; x_wconf 72' lang='grc' dir='ltr'>πάντη</span> <span class='ocrx_word' id='word_1_19' title='bbox 3133 446 3308 500; x_wconf 86' lang='grc' dir='ltr'>ταῦτα</span> <span class='ocrx_word' id='word_1_20' title='bbox 3369 447 3691 517; x_wconf 74' lang='grc' dir='ltr'>συμϐαίνειν</span> 
     </span>
    </p>
   </div>
   <div class='ocr_carea' id='block_1_5' title="bbox 439 529 2022 612">
    <p class='ocr_par' dir='ltr' id='par_1_5' title="bbox 439 533 2015 605">
     <span class='ocr_line' id='line_1_5' title="bbox 439 533 2015 605; baseline 0.001 -16"><span class='ocrx_word' id='word_1_21' title='bbox 439 551 538 605; x_wconf 91' lang='lat' dir='ltr'><strong>pro</strong></span> <span class='ocrx_word' id='word_1_22' title='bbox 566 536 686 604; x_wconf 82' lang='lat' dir='ltr'><strong>ejus</strong></span> <span class='ocrx_word' id='word_1_23' title='bbox 729 535 813 589; x_wconf 92' lang='lat' dir='ltr'><strong>vis</strong></span> <span class='ocrx_word' id='word_1_24' title='bbox 851 533 1085 598; x_wconf 75' lang='lat' dir='ltr'><strong>ratione,</strong></span> <span class='ocrx_word' id='word_1_25' title='bbox 1117 548 1282 603; x_wconf 89' lang='lat' dir='ltr'><strong>quam</strong></span> <span class='ocrx_word' id='word_1_26' title='bbox 1327 549 1568 604; x_wconf 85' lang='lat' dir='ltr'><strong>congruo</strong></span> <span class='ocrx_word' id='word_1_27' title='bbox 1607 535 1745 589; x_wconf 85' lang='lat' dir='ltr'><strong>mihi</strong></span> <span class='ocrx_word' id='word_1_28' title='bbox 1790 536 2015 591; x_wconf 85' lang='lat' dir='ltr'><strong>modulo</strong></span> 
     </span>
    </p>
   </div>
   <div class='ocr_carea' id='block_1_6' title="bbox 2125 529 3692 612">
    <p class='ocr_par' dir='ltr' id='par_1_6' title="bbox 2125 529 3692 612">
     <span class='ocr_line' id='line_1_6' title="bbox 2125 529 3692 612; baseline 0.001 -21"><span class='ocrx_word' id='word_1_29' title='bbox 2125 537 2370 607; x_wconf 77' lang='grc' dir='ltr'>ἀλλήλοις</span> <span class='ocrx_word' id='word_1_30' title='bbox 2415 540 2557 593; x_wconf 78' lang='grc' dir='ltr'>κατὰ</span> <span class='ocrx_word' id='word_1_31' title='bbox 2603 529 2780 593; x_wconf 82' lang='grc' dir='ltr'>πάντα</span> <span class='ocrx_word' id='word_1_32' title='bbox 2823 539 3082 594; x_wconf 82' lang='grc' dir='ltr'>δύνασθαι</span> <span class='ocrx_word' id='word_1_33' title='bbox 3126 538 3498 610; x_wconf 75' lang='grc' dir='ltr'><strong>βιαζομένων·</strong></span> <span class='ocrx_word' id='word_1_34' title='bbox 3552 542 3692 612; x_wconf 79' lang='grc' dir='ltr'>ὅπερ</span> 
     </span>
    </p>
   </div>
   <div class='ocr_carea' id='block_1_7' title="bbox 439 625 2022 700">
    <p class='ocr_par' dir='ltr' id='par_1_7' title="bbox 439 625 2014 696">
     <span class='ocr_line' id='line_1_7' title="bbox 439 625 2014 696; baseline -0.001 -14"><span class='ocrx_word' id='word_1_35' title='bbox 439 627 792 682; x_wconf 77' lang='lat' dir='ltr'><strong>Providentia</strong></span> <span class='ocrx_word' id='word_1_36' title='bbox 850 625 1157 691; x_wconf 89' lang='lat' dir='ltr'><strong>concessit;</strong></span> <span class='ocrx_word' id='word_1_37' title='bbox 1232 628 1451 681; x_wconf 78' lang='lat' dir='ltr'><strong>tametsi</strong></span> <span class='ocrx_word' id='word_1_38' title='bbox 1523 627 1572 681; x_wconf 89' lang='lat' dir='ltr'><strong>is</strong></span> <span class='ocrx_word' id='word_1_39' title='bbox 1631 628 1727 696; x_wconf 89' lang='lat' dir='ltr'><strong>qui</strong></span> <span class='ocrx_word' id='word_1_40' title='bbox 1785 627 2014 681; x_wconf 83' lang='lat' dir='ltr'><strong>tradidit</strong></span> 
     </span>
    </p>
   </div>
   <div class='ocr_carea' id='block_1_8' title="bbox 2125 625 2838 700">
    <p class='ocr_par' dir='ltr' id='par_1_8' title="bbox 2125 630 2838 700">
     <span class='ocr_line' id='line_1_8' title="bbox 2125 630 2838 700; baseline 0.001 -18"><span class='ocrx_word' id='word_1_41' title='bbox 2125 630 2397 700; x_wconf 66' lang='grc' dir='ltr'>ἀμήχανον</span> <span class='ocrx_word' id='word_1_42' title='bbox 2426 633 2522 685; x_wconf 78' lang='grc' dir='ltr'>καὶ</span> <span class='ocrx_word' id='word_1_43' title='bbox 2558 631 2838 685; x_wconf 78' lang='grc' dir='ltr'>ἀδύνατον.</span> 
     </span>
    </p>
   </div>
   <div class='ocr_carea' id='block_1_9' title="bbox 439 719 3692 797">
    <p class='ocr_par' dir='ltr' id='par_1_9' title="bbox 439 719 3692 797">
     <span class='ocr_line' id='line_1_9' title="bbox 439 719 3692 797; baseline 0.001 -21"><span class='ocrx_word' id='word_1_44' title='bbox 439 722 693 784; x_wconf 81' lang='lat' dir='ltr'><strong>maxime,</strong></span> <span class='ocrx_word' id='word_1_45' title='bbox 719 730 884 791; x_wconf 87' lang='lat' dir='ltr'><strong>atque</strong></span> <span class='ocrx_word' id='word_1_46' title='bbox 905 719 1113 785; x_wconf 90' lang='lat' dir='ltr'><strong>docuit,</strong></span> <span class='ocrx_word' id='word_1_47' title='bbox 1136 721 1337 776; x_wconf 86' lang='lat' dir='ltr'><strong>eximia</strong></span> <span class='ocrx_word' id='word_1_48' title='bbox 1362 721 1701 778; x_wconf 84' lang='lat' dir='ltr'><strong>sublimitate</strong></span> <span class='ocrx_word' id='word_1_49' title='bbox 1731 723 2012 794; x_wconf 72' lang='lat' dir='ltr'><strong>praecellit.</strong></span> <span class='ocrx_word' id='word_1_50' title='bbox 2051 723 2272 793; x_wconf 82' lang='lat' dir='ltr'><strong>Alioqui</strong></span> <span class='ocrx_word' id='word_1_51' title='bbox 2301 726 2471 791; x_wconf 89' lang='lat' dir='ltr'><strong>enim,</strong></span> <span class='ocrx_word' id='word_1_52' title='bbox 2502 726 2650 795; x_wconf 88' lang='lat' dir='ltr'><strong>quod</strong></span> <span class='ocrx_word' id='word_1_53' title='bbox 2692 727 2818 797; x_wconf 89' lang='lat' dir='ltr'><strong>quis</strong></span> <span class='ocrx_word' id='word_1_54' title='bbox 2861 725 3090 795; x_wconf 65' lang='lat' dir='ltr'><strong>mqualia</strong></span> <span class='ocrx_word' id='word_1_55' title='bbox 3147 724 3327 795; x_wconf 78' lang='lat' dir='ltr'><strong>exigat</strong></span> <span class='ocrx_word' id='word_1_56' title='bbox 3356 725 3426 780; x_wconf 93' lang='lat' dir='ltr'><strong>ab</strong></span> <span class='ocrx_word' id='word_1_57' title='bbox 3466 725 3568 790; x_wconf 86' lang='lat' dir='ltr'><strong>iis,</strong></span> <span class='ocrx_word' id='word_1_58' title='bbox 3593 725 3692 794; x_wconf 85' lang='lat' dir='ltr'><strong>qui</strong></span> 
     </span>
    </p>
   </div>
   <div class='ocr_carea' id='block_1_10' title="bbox 439 811 3690 888">
    <p class='ocr_par' dir='ltr' id='par_1_10' title="bbox 439 811 3690 888">
     <span class='ocr_line' id='line_1_10' title="bbox 439 811 3690 888; baseline 0.002 -24"><span class='ocrx_word' id='word_1_59' title='bbox 439 821 558 867; x_wconf 88' lang='lat' dir='ltr'><strong>tum</strong></span> <span class='ocrx_word' id='word_1_60' title='bbox 596 811 802 867; x_wconf 88' lang='lat' dir='ltr'><strong>virtute</strong></span> <span class='ocrx_word' id='word_1_61' title='bbox 838 823 950 866; x_wconf 89' lang='lat' dir='ltr'><strong>tum</strong></span> <span class='ocrx_word' id='word_1_62' title='bbox 999 812 1227 866; x_wconf 90' lang='lat' dir='ltr'><strong>scicntia</strong></span> <span class='ocrx_word' id='word_1_63' title='bbox 1266 813 1502 882; x_wconf 85' lang='lat' dir='ltr'><strong>impares</strong></span> <span class='ocrx_word' id='word_1_64' title='bbox 1534 824 1682 879; x_wconf 89' lang='lat' dir='ltr'><strong>sunt,</strong></span> <span class='ocrx_word' id='word_1_65' title='bbox 1749 815 1894 869; x_wconf 89' lang='lat' dir='ltr'><strong>idem</strong></span> <span class='ocrx_word' id='word_1_66' title='bbox 1962 816 2358 884; x_wconf 85' lang='lat' dir='ltr'><strong>propemodum</strong></span> <span class='ocrx_word' id='word_1_67' title='bbox 2407 818 2655 874; x_wconf 80' lang='lat' dir='ltr'><strong>facturus</strong></span> <span class='ocrx_word' id='word_1_68' title='bbox 2693 818 2966 882; x_wconf 86' lang='lat' dir='ltr'><strong>videatur,</strong></span> <span class='ocrx_word' id='word_1_69' title='bbox 2997 833 3062 872; x_wconf 87' lang='lat' dir='ltr'><strong>ac</strong></span> <span class='ocrx_word' id='word_1_70' title='bbox 3131 818 3177 872; x_wconf 90' lang='lat' dir='ltr'><strong>si</strong></span> <span class='ocrx_word' id='word_1_71' title='bbox 3222 819 3348 888; x_wconf 90' lang='lat' dir='ltr'><strong>quis</strong></span> <span class='ocrx_word' id='word_1_72' title='bbox 3404 817 3519 888; x_wconf 88' lang='lat' dir='ltr'><strong>pari</strong></span> <span class='ocrx_word' id='word_1_73' title='bbox 3563 833 3690 872; x_wconf 87' lang='lat' dir='ltr'><strong>cum</strong></span> 
     </span>
    </p>
   </div>
   <div class='ocr_carea' id='block_1_11' title="bbox 440 903 3696 979">
    <p class='ocr_par' dir='ltr' id='par_1_11' title="bbox 440 903 3696 979">
     <span class='ocr_line' id='line_1_11' title="bbox 440 903 3696 979; baseline 0.002 -21"><span class='ocrx_word' id='word_1_74' title='bbox 440 903 556 958; x_wconf 88' lang='lat' dir='ltr'><strong>sole</strong></span> <span class='ocrx_word' id='word_1_75' title='bbox 601 904 783 958; x_wconf 90' lang='lat' dir='ltr'><strong>lunam</strong></span> <span class='ocrx_word' id='word_1_76' title='bbox 835 904 1034 958; x_wconf 88' lang='lat' dir='ltr'><strong>micatu</strong></span> <span class='ocrx_word' id='word_1_77' title='bbox 1079 903 1264 958; x_wconf 88' lang='lat' dir='ltr'><strong>lucere</strong></span> <span class='ocrx_word' id='word_1_78' title='bbox 1313 904 1662 974; x_wconf 81' lang='lat' dir='ltr'><strong>probaverit,</strong></span> <span class='ocrx_word' id='word_1_79' title='bbox 1709 920 1773 960; x_wconf 90' lang='lat' dir='ltr'><strong>ac</strong></span> <span class='ocrx_word' id='word_1_80' title='bbox 1803 921 1867 961; x_wconf 85' lang='lat' dir='ltr'><strong>ea</strong></span> <span class='ocrx_word' id='word_1_81' title='bbox 1892 920 2015 975; x_wconf 79' lang='lat' dir='ltr'><strong>quae</strong></span> <span class='ocrx_word' id='word_1_82' title='bbox 2050 920 2161 960; x_wconf 92' lang='lat' dir='ltr'><strong>non</strong></span> <span class='ocrx_word' id='word_1_83' title='bbox 2188 908 2418 963; x_wconf 82' lang='lat' dir='ltr'><strong>omnino</strong></span> <span class='ocrx_word' id='word_1_84' title='bbox 2445 908 2637 964; x_wconf 88' lang='lat' dir='ltr'><strong>eadem</strong></span> <span class='ocrx_word' id='word_1_85' title='bbox 2681 919 2830 972; x_wconf 89' lang='lat' dir='ltr'><strong>sunt,</strong></span> <span class='ocrx_word' id='word_1_86' title='bbox 2864 923 2964 978; x_wconf 87' lang='lat' dir='ltr'><strong>per</strong></span> <span class='ocrx_word' id='word_1_87' title='bbox 2998 907 3184 962; x_wconf 87' lang='lat' dir='ltr'><strong>omnia</strong></span> <span class='ocrx_word' id='word_1_88' title='bbox 3235 908 3380 963; x_wconf 88' lang='lat' dir='ltr'><strong>inter</strong></span> <span class='ocrx_word' id='word_1_89' title='bbox 3439 923 3498 964; x_wconf 88' lang='lat' dir='ltr'><strong>se</strong></span> <span class='ocrx_word' id='word_1_90' title='bbox 3531 923 3696 979; x_wconf 82' lang='lat' dir='ltr'><strong>posse</strong></span> 
     </span>
    </p>
   </div>
   <div class='ocr_carea' id='block_1_12' title="bbox 415 5683 422 5710">
    <p class='ocr_par' dir='ltr' id='par_1_12' title="bbox 415 5683 422 5710">
     <span class='ocr_line' id='line_1_12' title="bbox 415 5683 422 5710; baseline 0 0"><span class='ocrx_word' id='word_1_91' title='bbox 415 5683 422 5710; x_wconf 77' lang='grc' dir='ltr'><strong>ί</strong></span> 
     </span>
    </p>
   </div>
   <div class='ocr_carea' id='block_1_13' title="bbox 441 995 2519 1069">
    <p class='ocr_par' dir='ltr' id='par_1_13' title="bbox 441 995 2519 1069">
     <span class='ocr_line' id='line_1_13' title="bbox 441 995 2519 1069; baseline 0.002 -19"><span class='ocrx_word' id='word_1_92' title='bbox 441 995 737 1050; x_wconf 75' lang='lat' dir='ltr'><strong>convenire</strong></span> <span class='ocrx_word' id='word_1_93' title='bbox 769 995 937 1065; x_wconf 90' lang='lat' dir='ltr'><strong>(quod</strong></span> <span class='ocrx_word' id='word_1_94' title='bbox 967 996 1118 1049; x_wconf 87' lang='lat' dir='ltr'><strong>nullo</strong></span> <span class='ocrx_word' id='word_1_95' title='bbox 1147 995 1311 1049; x_wconf 92' lang='lat' dir='ltr'><strong>modo</strong></span> <span class='ocrx_word' id='word_1_96' title='bbox 1355 996 1474 1050; x_wconf 88' lang='lat' dir='ltr'><strong>ﬁeri</strong></span> <span class='ocrx_word' id='word_1_97' title='bbox 1511 997 1712 1068; x_wconf 85' lang='lat' dir='ltr'><strong>potest)</strong></span> <span class='ocrx_word' id='word_1_98' title='bbox 1759 995 2119 1052; x_wconf 85' lang='lat' dir='ltr'><strong>astruendum</strong></span> <span class='ocrx_word' id='word_1_99' title='bbox 2143 999 2519 1069; x_wconf 83' lang='lat' dir='ltr'><strong>assumpserit.</strong></span> 
     </span>
    </p>
   </div>
   <div class='ocr_carea' id='block_1_14' title="bbox 508 1087 2022 1160">
    <p class='ocr_par' dir='ltr' id='par_1_14' title="bbox 508 1087 2022 1160">
     <span class='ocr_line' id='line_1_14' title="bbox 508 1087 2022 1160; baseline 0.001 -20"><span class='ocrx_word' id='word_1_100' title='bbox 508 1088 604 1140; x_wconf 89' lang='lat' dir='ltr'><strong>Dei</strong></span> <span class='ocrx_word' id='word_1_101' title='bbox 651 1091 927 1141; x_wconf 80' lang='lat' dir='ltr'><strong>invocatio.</strong></span> <span class='ocrx_word' id='word_1_102' title='bbox 977 1087 1252 1158; x_wconf 83' lang='lat' dir='ltr'><strong>Theologia</strong></span> <span class='ocrx_word' id='word_1_103' title='bbox 1307 1089 1576 1158; x_wconf 67' lang='lat' dir='ltr'><strong>aﬂirmans</strong></span> <span class='ocrx_word' id='word_1_104' title='bbox 1618 1098 1667 1142; x_wconf 83' lang='lat' dir='ltr'><strong>et</strong></span> <span class='ocrx_word' id='word_1_105' title='bbox 1712 1106 2022 1160; x_wconf 74' lang='lat' dir='ltr'><strong>negans.—</strong></span> 
     </span>
    </p>
   </div>
   <div class='ocr_carea' id='block_1_15' title="bbox 443 1179 2019 1252">
    <p class='ocr_par' dir='ltr' id='par_1_15' title="bbox 443 1179 2019 1252">
     <span class='ocr_line' id='line_1_15' title="bbox 443 1179 2019 1252; baseline 0.001 -18"><span class='ocrx_word' id='word_1_106' title='bbox 443 1181 649 1235; x_wconf 72' lang='lat' dir='ltr'><strong>Przceat</strong></span> <span class='ocrx_word' id='word_1_107' title='bbox 675 1181 818 1236; x_wconf 87' lang='lat' dir='ltr'><strong>Deus</strong></span> <span class='ocrx_word' id='word_1_108' title='bbox 846 1181 932 1245; x_wconf 90' lang='lat' dir='ltr'><strong>iis,</strong></span> <span class='ocrx_word' id='word_1_109' title='bbox 957 1195 1076 1248; x_wconf 66' lang='lat' dir='ltr'><strong>qua:</strong></span> <span class='ocrx_word' id='word_1_110' title='bbox 1100 1190 1214 1233; x_wconf 90' lang='lat' dir='ltr'><strong>tum</strong></span> <span class='ocrx_word' id='word_1_111' title='bbox 1245 1179 1500 1242; x_wconf 89' lang='lat' dir='ltr'><strong>dicenda,</strong></span> <span class='ocrx_word' id='word_1_112' title='bbox 1525 1190 1637 1235; x_wconf 89' lang='lat' dir='ltr'><strong>tum</strong></span> <span class='ocrx_word' id='word_1_113' title='bbox 1669 1181 2019 1252; x_wconf 87' lang='lat' dir='ltr'><strong>intelligenda</strong></span> 
     </span>
    </p>
   </div>
   <div class='ocr_carea' id='block_1_16' title="bbox 443 1271 2018 1342">
    <p class='ocr_par' dir='ltr' id='par_1_16' title="bbox 443 1271 2018 1342">
     <span class='ocr_line' id='line_1_16' title="bbox 443 1271 2018 1342; baseline 0.002 -19"><span class='ocrx_word' id='word_1_114' title='bbox 443 1279 592 1333; x_wconf 90' lang='lat' dir='ltr'><strong>sunt,</strong></span> <span class='ocrx_word' id='word_1_115' title='bbox 617 1271 709 1340; x_wconf 88' lang='lat' dir='ltr'><strong>qui</strong></span> <span class='ocrx_word' id='word_1_116' title='bbox 744 1271 895 1325; x_wconf 91' lang='lat' dir='ltr'><strong>solus</strong></span> <span class='ocrx_word' id='word_1_117' title='bbox 917 1285 1110 1323; x_wconf 91' lang='lat' dir='ltr'><strong>eorum</strong></span> <span class='ocrx_word' id='word_1_118' title='bbox 1145 1285 1300 1324; x_wconf 91' lang='lat' dir='ltr'><strong>mens</strong></span> <span class='ocrx_word' id='word_1_119' title='bbox 1323 1287 1386 1325; x_wconf 90' lang='lat' dir='ltr'><strong>ac</strong></span> <span class='ocrx_word' id='word_1_120' title='bbox 1409 1272 1767 1342; x_wconf 81' lang='lat' dir='ltr'><strong>intelligentia</strong></span> <span class='ocrx_word' id='word_1_121' title='bbox 1793 1281 1896 1337; x_wconf 88' lang='lat' dir='ltr'><strong>est,</strong></span> <span class='ocrx_word' id='word_1_122' title='bbox 1921 1273 2018 1341; x_wconf 92' lang='lat' dir='ltr'><strong>qui</strong></span> 
     </span>
    </p>
   </div>
   <div class='ocr_carea' id='block_1_17' title="bbox 443 1361 2018 1433">
    <p class='ocr_par' dir='ltr' id='par_1_17' title="bbox 443 1361 2018 1433">
     <span class='ocr_line' id='line_1_17' title="bbox 443 1361 2018 1433; baseline 0.003 -18"><span class='ocrx_word' id='word_1_123' title='bbox 443 1363 778 1432; x_wconf 83' lang='lat' dir='ltr'><strong>intelligunt,</strong></span> <span class='ocrx_word' id='word_1_124' title='bbox 799 1378 863 1416; x_wconf 92' lang='lat' dir='ltr'><strong>ac</strong></span> <span class='ocrx_word' id='word_1_125' title='bbox 887 1378 1008 1432; x_wconf 66' lang='lat' dir='ltr'><strong>qua:</strong></span> <span class='ocrx_word' id='word_1_126' title='bbox 1033 1361 1444 1430; x_wconf 83' lang='lat' dir='ltr'><strong>intelliguntur;</strong></span> <span class='ocrx_word' id='word_1_127' title='bbox 1473 1363 1720 1433; x_wconf 87' lang='lat' dir='ltr'><strong>ratioque</strong></span> <span class='ocrx_word' id='word_1_128' title='bbox 1747 1378 1809 1418; x_wconf 89' lang='lat' dir='ltr'><strong>ac</strong></span> <span class='ocrx_word' id='word_1_129' title='bbox 1835 1380 2018 1419; x_wconf 88' lang='lat' dir='ltr'><strong>sermo</strong></span> 
     </span>
    </p>
   </div>
   <div class='ocr_carea' id='block_1_18' title="bbox 441 1452 2012 1523">
    <p class='ocr_par' dir='ltr' id='par_1_18' title="bbox 441 1452 2012 1523">
     <span class='ocr_line' id='line_1_18' title="bbox 441 1452 2012 1523; baseline 0.002 -15"><span class='ocrx_word' id='word_1_130' title='bbox 441 1470 653 1518; x_wconf 87' lang='lat' dir='ltr'><strong>eorum,</strong></span> <span class='ocrx_word' id='word_1_131' title='bbox 673 1456 766 1523; x_wconf 90' lang='lat' dir='ltr'><strong>qui</strong></span> <span class='ocrx_word' id='word_1_132' title='bbox 785 1455 974 1509; x_wconf 90' lang='lat' dir='ltr'><strong>dicunt</strong></span> <span class='ocrx_word' id='word_1_133' title='bbox 995 1470 1059 1508; x_wconf 89' lang='lat' dir='ltr'><strong>ac</strong></span> <span class='ocrx_word' id='word_1_134' title='bbox 1073 1468 1194 1522; x_wconf 61' lang='lat' dir='ltr'><strong>qua}</strong></span> <span class='ocrx_word' id='word_1_135' title='bbox 1212 1452 1501 1510; x_wconf 90' lang='lat' dir='ltr'><strong>dicuntur:</strong></span> <span class='ocrx_word' id='word_1_136' title='bbox 1525 1471 1714 1509; x_wconf 90' lang='lat' dir='ltr'><strong>eorum</strong></span> <span class='ocrx_word' id='word_1_137' title='bbox 1734 1455 1864 1510; x_wconf 90' lang='lat' dir='ltr'><strong>item</strong></span> <span class='ocrx_word' id='word_1_138' title='bbox 1881 1457 2012 1520; x_wconf 89' lang='lat' dir='ltr'><strong>vita,</strong></span> 
     </span>
    </p>
   </div>
   <div class='ocr_carea' id='block_1_19' title="bbox 442 1545 2019 1617">
    <p class='ocr_par' dir='ltr' id='par_1_19' title="bbox 442 1545 2019 1617">
     <span class='ocr_line' id='line_1_19' title="bbox 442 1545 2019 1617; baseline 0.005 -21"><span class='ocrx_word' id='word_1_139' title='bbox 442 1545 565 1615; x_wconf 70' lang='lat' dir='ltr'><strong>qlia:</strong></span> <span class='ocrx_word' id='word_1_140' title='bbox 611 1547 824 1610; x_wconf 85' lang='lat' dir='ltr'><strong>vivunt,</strong></span> <span class='ocrx_word' id='word_1_141' title='bbox 875 1557 932 1601; x_wconf 92' lang='lat' dir='ltr'><strong>et</strong></span> <span class='ocrx_word' id='word_1_142' title='bbox 978 1563 1099 1616; x_wconf 70' lang='lat' dir='ltr'><strong>qua:</strong></span> <span class='ocrx_word' id='word_1_143' title='bbox 1133 1548 1322 1602; x_wconf 83' lang='lat' dir='ltr'><strong>vitalia</strong></span> <span class='ocrx_word' id='word_1_144' title='bbox 1364 1548 1690 1612; x_wconf 88' lang='lat' dir='ltr'><strong>redduntur,</strong></span> <span class='ocrx_word' id='word_1_145' title='bbox 1723 1548 2019 1617; x_wconf 87' lang='lat' dir='ltr'><strong>omniaque</strong></span> 
     </span>
    </p>
   </div>
   <div class='ocr_carea' id='block_1_20' title="bbox 442 1637 2017 1708">
    <p class='ocr_par' dir='ltr' id='par_1_20' title="bbox 442 1637 2017 1708">
     <span class='ocr_line' id='line_1_20' title="bbox 442 1637 2017 1708; baseline 0.003 -20"><span class='ocrx_word' id='word_1_146' title='bbox 442 1637 701 1690; x_wconf 89' lang='lat' dir='ltr'><strong>omnibus</strong></span> <span class='ocrx_word' id='word_1_147' title='bbox 730 1646 844 1690; x_wconf 92' lang='lat' dir='ltr'><strong>tum</strong></span> <span class='ocrx_word' id='word_1_148' title='bbox 875 1647 976 1699; x_wconf 88' lang='lat' dir='ltr'><strong>est,</strong></span> <span class='ocrx_word' id='word_1_149' title='bbox 1008 1647 1122 1691; x_wconf 91' lang='lat' dir='ltr'><strong>tum</strong></span> <span class='ocrx_word' id='word_1_150' title='bbox 1145 1638 1401 1702; x_wconf 74' lang='lat' dir='ltr'><strong>efﬁcitur,</strong></span> <span class='ocrx_word' id='word_1_151' title='bbox 1431 1639 1546 1708; x_wconf 90' lang='lat' dir='ltr'><strong>ipsa</strong></span> <span class='ocrx_word' id='word_1_152' title='bbox 1579 1647 1770 1692; x_wconf 84' lang='lat' dir='ltr'><strong>eorum</strong></span> <span class='ocrx_word' id='word_1_153' title='bbox 1803 1639 2017 1693; x_wconf 84' lang='lat' dir='ltr'><strong>ratione</strong></span> 
     </span>
    </p>
   </div>
   <div class='ocr_carea' id='block_1_21' title="bbox 439 1728 2019 1800">
    <p class='ocr_par' dir='ltr' id='par_1_21' title="bbox 439 1728 2019 1800">
     <span class='ocr_line' id='line_1_21' title="bbox 439 1728 2019 1800; baseline 0.001 -18"><span class='ocrx_word' id='word_1_154' title='bbox 439 1744 546 1798; x_wconf 92' lang='lat' dir='ltr'><strong>qua</strong></span> <span class='ocrx_word' id='word_1_155' title='bbox 570 1737 698 1783; x_wconf 84' lang='lat' dir='ltr'><strong>sunt</strong></span> <span class='ocrx_word' id='word_1_156' title='bbox 724 1744 785 1783; x_wconf 91' lang='lat' dir='ltr'><strong>ac</strong></span> <span class='ocrx_word' id='word_1_157' title='bbox 818 1728 974 1794; x_wconf 84' lang='lat' dir='ltr'><strong>ﬁunt,</strong></span> <span class='ocrx_word' id='word_1_158' title='bbox 1003 1745 1127 1785; x_wconf 91' lang='lat' dir='ltr'><strong>eum</strong></span> <span class='ocrx_word' id='word_1_159' title='bbox 1158 1731 1243 1784; x_wconf 88' lang='lat' dir='ltr'><strong>sui</strong></span> <span class='ocrx_word' id='word_1_160' title='bbox 1272 1731 1386 1800; x_wconf 89' lang='lat' dir='ltr'><strong>ipse</strong></span> <span class='ocrx_word' id='word_1_161' title='bbox 1418 1746 1582 1784; x_wconf 90' lang='lat' dir='ltr'><strong>causa</strong></span> <span class='ocrx_word' id='word_1_162' title='bbox 1609 1730 1760 1784; x_wconf 92' lang='lat' dir='ltr'><strong>nullo</strong></span> <span class='ocrx_word' id='word_1_163' title='bbox 1790 1745 2019 1800; x_wconf 88' lang='lat' dir='ltr'><strong>prorsus</strong></span> 
     </span>
    </p>
   </div>
   <div class='ocr_carea' id='block_1_22' title="bbox 437 1821 2019 1892">
    <p class='ocr_par' dir='ltr' id='par_1_22' title="bbox 437 1821 2019 1892">
     <span class='ocr_line' id='line_1_22' title="bbox 437 1821 2019 1892; baseline 0.001 -16"><span class='ocrx_word' id='word_1_164' title='bbox 437 1821 602 1876; x_wconf 88' lang='lat' dir='ltr'><strong>modo</strong></span> <span class='ocrx_word' id='word_1_165' title='bbox 631 1823 716 1876; x_wconf 85' lang='lat' dir='ltr'><strong>vel</strong></span> <span class='ocrx_word' id='word_1_166' title='bbox 758 1822 828 1876; x_wconf 90' lang='lat' dir='ltr'><strong>sit</strong></span> <span class='ocrx_word' id='word_1_167' title='bbox 870 1823 955 1877; x_wconf 87' lang='lat' dir='ltr'><strong>vel</strong></span> <span class='ocrx_word' id='word_1_168' title='bbox 1002 1825 1113 1887; x_wconf 85' lang='lat' dir='ltr'><strong>ﬁat,</strong></span> <span class='ocrx_word' id='word_1_169' title='bbox 1142 1838 1208 1877; x_wconf 81' lang='lat' dir='ltr'><strong>ex</strong></span> <span class='ocrx_word' id='word_1_170' title='bbox 1241 1823 1326 1887; x_wconf 88' lang='lat' dir='ltr'><strong>iis,</strong></span> <span class='ocrx_word' id='word_1_171' title='bbox 1357 1838 1481 1891; x_wconf 69' lang='lat' dir='ltr'><strong>qua:</strong></span> <span class='ocrx_word' id='word_1_172' title='bbox 1522 1822 1575 1875; x_wconf 93' lang='lat' dir='ltr'><strong>in</strong></span> <span class='ocrx_word' id='word_1_173' title='bbox 1615 1822 1780 1876; x_wconf 82' lang='lat' dir='ltr'><strong>rebus</strong></span> <span class='ocrx_word' id='word_1_174' title='bbox 1810 1822 2019 1892; x_wconf 89' lang='lat' dir='ltr'><strong>aliquid</strong></span> 
     </span>
    </p>
   </div>
   <div class='ocr_carea' id='block_1_23' title="bbox 438 1912 2020 1984">
    <p class='ocr_par' dir='ltr' id='par_1_23' title="bbox 438 1912 2020 1984">
     <span class='ocr_line' id='line_1_23' title="bbox 438 1912 2020 1984; baseline 0.001 -17"><span class='ocrx_word' id='word_1_175' title='bbox 438 1922 605 1977; x_wconf 87' lang='lat' dir='ltr'><strong>sunt,</strong></span> <span class='ocrx_word' id='word_1_176' title='bbox 661 1928 725 1968; x_wconf 91' lang='lat' dir='ltr'><strong>ac</strong></span> <span class='ocrx_word' id='word_1_177' title='bbox 772 1912 942 1979; x_wconf 91' lang='lat' dir='ltr'><strong>ﬁunt;</strong></span> <span class='ocrx_word' id='word_1_178' title='bbox 1002 1922 1063 1968; x_wconf 93' lang='lat' dir='ltr'><strong>ut</strong></span> <span class='ocrx_word' id='word_1_179' title='bbox 1119 1915 1214 1984; x_wconf 93' lang='lat' dir='ltr'><strong>qui</strong></span> <span class='ocrx_word' id='word_1_180' title='bbox 1260 1913 1529 1983; x_wconf 88' lang='lat' dir='ltr'><strong>ejusmodi</strong></span> <span class='ocrx_word' id='word_1_181' title='bbox 1590 1914 1696 1976; x_wconf 92' lang='lat' dir='ltr'><strong>sit,</strong></span> <span class='ocrx_word' id='word_1_182' title='bbox 1768 1922 1830 1967; x_wconf 92' lang='lat' dir='ltr'><strong>ut</strong></span> <span class='ocrx_word' id='word_1_183' title='bbox 1892 1930 2020 1972; x_wconf 89' lang='lat' dir='ltr'><strong>cum</strong></span> 
     </span>
    </p>
   </div>
   <div class='ocr_carea' id='block_1_24' title="bbox 439 2003 2021 2076">
    <p class='ocr_par' dir='ltr' id='par_1_24' title="bbox 439 2003 2021 2076">
     <span class='ocr_line' id='line_1_24' title="bbox 439 2003 2021 2076; baseline 0.004 -20"><span class='ocrx_word' id='word_1_184' title='bbox 439 2003 589 2057; x_wconf 90' lang='lat' dir='ltr'><strong>nulla</strong></span> <span class='ocrx_word' id='word_1_185' title='bbox 619 2019 843 2074; x_wconf 88' lang='lat' dir='ltr'><strong>prorsus</strong></span> <span class='ocrx_word' id='word_1_186' title='bbox 872 2021 930 2059; x_wconf 90' lang='lat' dir='ltr'><strong>re</strong></span> <span class='ocrx_word' id='word_1_187' title='bbox 967 2007 1224 2070; x_wconf 85' lang='lat' dir='ltr'><strong>naturali,</strong></span> <span class='ocrx_word' id='word_1_188' title='bbox 1261 2023 1324 2060; x_wconf 92' lang='lat' dir='ltr'><strong>ac</strong></span> <span class='ocrx_word' id='word_1_189' title='bbox 1354 2006 1505 2060; x_wconf 84' lang='lat' dir='ltr'><strong>velut</strong></span> <span class='ocrx_word' id='word_1_190' title='bbox 1547 2005 1794 2076; x_wconf 81' lang='lat' dir='ltr'><strong>ejusdem</strong></span> <span class='ocrx_word' id='word_1_191' title='bbox 1827 2006 2021 2062; x_wconf 86' lang='lat' dir='ltr'><strong>classis</strong></span> 
     </span>
    </p>
   </div>
   <div class='ocr_carea' id='block_1_25' title="bbox 440 2094 2021 2165">
    <p class='ocr_par' dir='ltr' id='par_1_25' title="bbox 440 2094 2021 2165">
     <span class='ocr_line' id='line_1_25' title="bbox 440 2094 2021 2165; baseline 0.001 -17"><span class='ocrx_word' id='word_1_192' title='bbox 440 2094 774 2148; x_wconf 90' lang='lat' dir='ltr'><strong>commercio</strong></span> <span class='ocrx_word' id='word_1_193' title='bbox 805 2095 1042 2165; x_wconf 85' lang='lat' dir='ltr'><strong>gaudeat</strong></span> <span class='ocrx_word' id='word_1_194' title='bbox 1075 2113 1087 2150; x_wconf 93' lang='lat'><strong>:</strong></span> <span class='ocrx_word' id='word_1_195' title='bbox 1118 2096 1284 2165; x_wconf 87' lang='lat' dir='ltr'><strong>idque</strong></span> <span class='ocrx_word' id='word_1_196' title='bbox 1328 2097 1384 2150; x_wconf 88' lang='lat' dir='ltr'><strong>in</strong></span> <span class='ocrx_word' id='word_1_197' title='bbox 1435 2111 1600 2150; x_wconf 89' lang='lat' dir='ltr'><strong>causa</strong></span> <span class='ocrx_word' id='word_1_198' title='bbox 1633 2105 1750 2160; x_wconf 87' lang='lat' dir='ltr'><strong>est,</strong></span> <span class='ocrx_word' id='word_1_199' title='bbox 1803 2107 1866 2149; x_wconf 89' lang='lat' dir='ltr'><strong>ut</strong></span> <span class='ocrx_word' id='word_1_200' title='bbox 1909 2112 2021 2150; x_wconf 90' lang='lat' dir='ltr'><strong>non</strong></span> 
     </span>
    </p>
   </div>
   <div class='ocr_carea' id='block_1_26' title="bbox 439 2184 2020 2256">
    <p class='ocr_par' dir='ltr' id='par_1_26' title="bbox 439 2184 2020 2256">
     <span class='ocr_line' id='line_1_26' title="bbox 439 2184 2020 2256; baseline 0.002 -18"><span class='ocrx_word' id='word_1_201' title='bbox 439 2199 582 2248; x_wconf 89' lang='lat' dir='ltr'><strong>esse,</strong></span> <span class='ocrx_word' id='word_1_202' title='bbox 613 2184 685 2238; x_wconf 91' lang='lat' dir='ltr'><strong>ob</strong></span> <span class='ocrx_word' id='word_1_203' title='bbox 716 2185 934 2240; x_wconf 89' lang='lat' dir='ltr'><strong>essendi</strong></span> <span class='ocrx_word' id='word_1_204' title='bbox 963 2187 1366 2250; x_wconf 77' lang='lat' dir='ltr'><strong>excellentiam,</strong></span> <span class='ocrx_word' id='word_1_205' title='bbox 1396 2195 1654 2256; x_wconf 90' lang='lat' dir='ltr'><strong>tanquam</strong></span> <span class='ocrx_word' id='word_1_206' title='bbox 1689 2187 1859 2256; x_wconf 80' lang='lat' dir='ltr'><strong>magis</strong></span> <span class='ocrx_word' id='word_1_207' title='bbox 1891 2201 2020 2256; x_wconf 90' lang='lat' dir='ltr'><strong>pro-</strong></span> 
     </span>
    </p>
   </div>
   <div class='ocr_carea' id='block_1_27' title="bbox 440 2275 2018 2348">
    <p class='ocr_par' dir='ltr' id='par_1_27' title="bbox 440 2275 2018 2348">
     <span class='ocr_line' id='line_1_27' title="bbox 440 2275 2018 2348; baseline 0.003 -20"><span class='ocrx_word' id='word_1_208' title='bbox 440 2276 559 2344; x_wconf 88' lang='lat' dir='ltr'><strong>prie</strong></span> <span class='ocrx_word' id='word_1_209' title='bbox 590 2275 657 2331; x_wconf 90' lang='lat' dir='ltr'><strong>de</strong></span> <span class='ocrx_word' id='word_1_210' title='bbox 684 2291 745 2330; x_wconf 88' lang='lat' dir='ltr'><strong>se</strong></span> <span class='ocrx_word' id='word_1_211' title='bbox 767 2277 994 2340; x_wconf 90' lang='lat' dir='ltr'><strong>dictum,</strong></span> <span class='ocrx_word' id='word_1_212' title='bbox 1025 2277 1297 2332; x_wconf 85' lang='lat' dir='ltr'><strong>admittat.</strong></span> <span class='ocrx_word' id='word_1_213' title='bbox 1335 2277 1527 2348; x_wconf 71' lang='lat' dir='ltr'><strong>Opera:</strong></span> <span class='ocrx_word' id='word_1_214' title='bbox 1567 2280 1714 2334; x_wconf 91' lang='lat' dir='ltr'><strong>enim</strong></span> <span class='ocrx_word' id='word_1_215' title='bbox 1755 2279 2018 2348; x_wconf 87' lang='lat' dir='ltr'><strong>pretium,</strong></span> 
     </span>
    </p>
   </div>
   <div class='ocr_carea' id='block_1_28' title="bbox 441 2369 2021 2442">
    <p class='ocr_par' dir='ltr' id='par_1_28' title="bbox 441 2369 2021 2442">
     <span class='ocr_line' id='line_1_28' title="bbox 441 2369 2021 2442; baseline 0.004 -20"><span class='ocrx_word' id='word_1_216' title='bbox 441 2369 714 2438; x_wconf 89' lang='lat' dir='ltr'><strong>siquidem</strong></span> <span class='ocrx_word' id='word_1_217' title='bbox 746 2369 798 2424; x_wconf 87' lang='lat' dir='ltr'><strong>id</strong></span> <span class='ocrx_word' id='word_1_218' title='bbox 825 2371 1050 2426; x_wconf 85' lang='lat' dir='ltr'><strong>omnino</strong></span> <span class='ocrx_word' id='word_1_219' title='bbox 1069 2371 1430 2427; x_wconf 90' lang='lat' dir='ltr'><strong>constitutum</strong></span> <span class='ocrx_word' id='word_1_220' title='bbox 1454 2381 1557 2438; x_wconf 89' lang='lat' dir='ltr'><strong>est,</strong></span> <span class='ocrx_word' id='word_1_221' title='bbox 1584 2381 1644 2426; x_wconf 92' lang='lat' dir='ltr'><strong>ut</strong></span> <span class='ocrx_word' id='word_1_222' title='bbox 1663 2373 1811 2442; x_wconf 90' lang='lat' dir='ltr'><strong>quod</strong></span> <span class='ocrx_word' id='word_1_223' title='bbox 1846 2374 2021 2428; x_wconf 90' lang='lat' dir='ltr'><strong>Deum</strong></span> 
     </span>
    </p>
   </div>
   <div class='ocr_carea' id='block_1_29' title="bbox 443 2462 2023 2532">
    <p class='ocr_par' dir='ltr' id='par_1_29' title="bbox 443 2462 2023 2532">
     <span class='ocr_line' id='line_1_29' title="bbox 443 2462 2023 2532; baseline 0.003 -18"><span class='ocrx_word' id='word_1_224' title='bbox 443 2462 589 2515; x_wconf 89' lang='lat' dir='ltr'><strong>inter</strong></span> <span class='ocrx_word' id='word_1_225' title='bbox 631 2478 693 2516; x_wconf 91' lang='lat' dir='ltr'><strong>ac</strong></span> <span class='ocrx_word' id='word_1_226' title='bbox 725 2473 905 2518; x_wconf 84' lang='lat' dir='ltr'><strong>creata</strong></span> <span class='ocrx_word' id='word_1_227' title='bbox 953 2464 1249 2518; x_wconf 88' lang='lat' dir='ltr'><strong>discrimen</strong></span> <span class='ocrx_word' id='word_1_228' title='bbox 1281 2474 1386 2529; x_wconf 89' lang='lat' dir='ltr'><strong>est,</strong></span> <span class='ocrx_word' id='word_1_229' title='bbox 1421 2481 1550 2519; x_wconf 86' lang='lat' dir='ltr'><strong>vere</strong></span> <span class='ocrx_word' id='word_1_230' title='bbox 1580 2468 1927 2532; x_wconf 87' lang='lat' dir='ltr'><strong>noverimus;</strong></span> <span class='ocrx_word' id='word_1_231' title='bbox 1962 2475 2023 2521; x_wconf 90' lang='lat' dir='ltr'><strong>ut</strong></span> 
     </span>
    </p>
   </div>
   <div class='ocr_carea' id='block_1_30' title="bbox 442 2551 2020 2626">
    <p class='ocr_par' dir='ltr' id='par_1_30' title="bbox 442 2551 2020 2626">
     <span class='ocr_line' id='line_1_30' title="bbox 442 2551 2020 2626; baseline 0.003 -20"><span class='ocrx_word' id='word_1_232' title='bbox 442 2551 668 2609; x_wconf 79' lang='lat' dir='ltr'><strong>scilicet,</strong></span> <span class='ocrx_word' id='word_1_233' title='bbox 722 2568 911 2608; x_wconf 88' lang='lat' dir='ltr'><strong>eorum</strong></span> <span class='ocrx_word' id='word_1_234' title='bbox 958 2570 1080 2624; x_wconf 69' lang='lat' dir='ltr'><strong>qua:</strong></span> <span class='ocrx_word' id='word_1_235' title='bbox 1111 2565 1240 2609; x_wconf 91' lang='lat' dir='ltr'><strong>sunt</strong></span> <span class='ocrx_word' id='word_1_236' title='bbox 1265 2555 1492 2622; x_wconf 84' lang='lat' dir='ltr'><strong>ablatio,</strong></span> <span class='ocrx_word' id='word_1_237' title='bbox 1536 2557 1656 2626; x_wconf 88' lang='lat' dir='ltr'><strong>ejus</strong></span> <span class='ocrx_word' id='word_1_238' title='bbox 1693 2557 1894 2625; x_wconf 91' lang='lat' dir='ltr'><strong>positio</strong></span> <span class='ocrx_word' id='word_1_239' title='bbox 1929 2557 2020 2620; x_wconf 92' lang='lat' dir='ltr'><strong>sit,</strong></span> 
     </span>
    </p>
   </div>
   <div class='ocr_carea' id='block_1_31' title="bbox 441 2643 2022 2715">
    <p class='ocr_par' dir='ltr' id='par_1_31' title="bbox 441 2643 2022 2715">
     <span class='ocr_line' id='line_1_31' title="bbox 441 2643 2022 2715; baseline 0.002 -20"><span class='ocrx_word' id='word_1_240' title='bbox 441 2643 586 2711; x_wconf 87' lang='lat' dir='ltr'><strong>quod</strong></span> <span class='ocrx_word' id='word_1_241' title='bbox 618 2643 764 2696; x_wconf 90' lang='lat' dir='ltr'><strong>omni</strong></span> <span class='ocrx_word' id='word_1_242' title='bbox 797 2660 917 2698; x_wconf 90' lang='lat' dir='ltr'><strong>esse</strong></span> <span class='ocrx_word' id='word_1_243' title='bbox 952 2646 1206 2714; x_wconf 91' lang='lat' dir='ltr'><strong>superius</strong></span> <span class='ocrx_word' id='word_1_244' title='bbox 1250 2656 1366 2710; x_wconf 91' lang='lat' dir='ltr'><strong>est;</strong></span> <span class='ocrx_word' id='word_1_245' title='bbox 1415 2645 1787 2715; x_wconf 88' lang='lat' dir='ltr'><strong>vicissimque,</strong></span> <span class='ocrx_word' id='word_1_246' title='bbox 1831 2660 2022 2699; x_wconf 89' lang='lat' dir='ltr'><strong>eorum</strong></span> 
     </span>
    </p>
   </div>
   <div class='ocr_carea' id='block_1_32' title="bbox 439 2735 2020 2808">
    <p class='ocr_par' dir='ltr' id='par_1_32' title="bbox 439 2735 2020 2808">
     <span class='ocr_line' id='line_1_32' title="bbox 439 2735 2020 2808; baseline 0.004 -24"><span class='ocrx_word' id='word_1_247' title='bbox 439 2748 562 2801; x_wconf 70' lang='lat' dir='ltr'><strong>qua:</strong></span> <span class='ocrx_word' id='word_1_248' title='bbox 589 2743 716 2787; x_wconf 90' lang='lat' dir='ltr'><strong>sunt</strong></span> <span class='ocrx_word' id='word_1_249' title='bbox 740 2735 962 2803; x_wconf 87' lang='lat' dir='ltr'><strong>positio,</strong></span> <span class='ocrx_word' id='word_1_250' title='bbox 983 2737 1102 2806; x_wconf 85' lang='lat' dir='ltr'><strong>ejus</strong></span> <span class='ocrx_word' id='word_1_251' title='bbox 1128 2737 1273 2805; x_wconf 87' lang='lat' dir='ltr'><strong>quod</strong></span> <span class='ocrx_word' id='word_1_252' title='bbox 1304 2737 1456 2792; x_wconf 90' lang='lat' dir='ltr'><strong>omni</strong></span> <span class='ocrx_word' id='word_1_253' title='bbox 1482 2753 1602 2792; x_wconf 87' lang='lat' dir='ltr'><strong>esse</strong></span> <span class='ocrx_word' id='word_1_254' title='bbox 1641 2738 1896 2808; x_wconf 88' lang='lat' dir='ltr'><strong>superius</strong></span> <span class='ocrx_word' id='word_1_255' title='bbox 1917 2747 2020 2803; x_wconf 87' lang='lat' dir='ltr'><strong>est,</strong></span> 
     </span>
    </p>
   </div>
   <div class='ocr_carea' id='block_1_33' title="bbox 439 2825 2024 2898">
    <p class='ocr_par' dir='ltr' id='par_1_33' title="bbox 439 2825 2024 2898">
     <span class='ocr_line' id='line_1_33' title="bbox 439 2825 2024 2898; baseline 0.004 -20"><span class='ocrx_word' id='word_1_256' title='bbox 439 2825 666 2878; x_wconf 81' lang='lat' dir='ltr'><strong>exsistat</strong></span> <span class='ocrx_word' id='word_1_257' title='bbox 711 2826 936 2890; x_wconf 89' lang='lat' dir='ltr'><strong>ablatio,</strong></span> <span class='ocrx_word' id='word_1_258' title='bbox 977 2828 1257 2898; x_wconf 89' lang='lat' dir='ltr'><strong>possitque</strong></span> <span class='ocrx_word' id='word_1_259' title='bbox 1305 2838 1536 2898; x_wconf 90' lang='lat' dir='ltr'><strong>utraque</strong></span> <span class='ocrx_word' id='word_1_260' title='bbox 1579 2830 1727 2885; x_wconf 85' lang='lat' dir='ltr'><strong>circa</strong></span> <span class='ocrx_word' id='word_1_261' title='bbox 1769 2831 2024 2885; x_wconf 89' lang='lat' dir='ltr'><strong>eumdem</strong></span> 
     </span>
    </p>
   </div>
   <div class='ocr_carea' id='block_1_34' title="bbox 438 2915 2024 2992">
    <p class='ocr_par' dir='ltr' id='par_1_34' title="bbox 438 2915 2024 2992">
     <span class='ocr_line' id='line_1_34' title="bbox 438 2915 2024 2992; baseline 0.005 -25"><span class='ocrx_word' id='word_1_262' title='bbox 438 2917 660 2984; x_wconf 84' lang='lat' dir='ltr'><strong>proprie</strong></span> <span class='ocrx_word' id='word_1_263' title='bbox 690 2915 847 2988; x_wconf 89' lang='lat' dir='ltr'><strong>[pie],</strong></span> <span class='ocrx_word' id='word_1_264' title='bbox 879 2917 1043 2989; x_wconf 60' lang='lat'><strong>5.93</strong></span> <span class='ocrx_word' id='word_1_265' title='bbox 1074 2935 1139 2974; x_wconf 93' lang='lat' dir='ltr'><strong>ac</strong></span> <span class='ocrx_word' id='word_1_266' title='bbox 1163 2928 1358 2974; x_wconf 84' lang='lat' dir='ltr'><strong>neutra</strong></span> <span class='ocrx_word' id='word_1_267' title='bbox 1390 2922 1636 2991; x_wconf 88' lang='lat' dir='ltr'><strong>proprie,</strong></span> <span class='ocrx_word' id='word_1_268' title='bbox 1662 2921 1894 2992; x_wconf 72' lang='lat' dir='ltr'><strong>intelligi</strong></span> <span class='ocrx_word' id='word_1_269' title='bbox 1926 2937 2024 2991; x_wconf 85' lang='lat' dir='ltr'><strong>ap-</strong></span> 
     </span>
    </p>
   </div>
   <div class='ocr_carea' id='block_1_35' title="bbox 2083 1089 3695 1163">
    <p class='ocr_par' dir='ltr' id='par_1_35' title="bbox 2083 1089 3695 1163">
     <span class='ocr_line' id='line_1_35' title="bbox 2083 1089 3695 1163; baseline 0.004 -21"><span class='ocrx_word' id='word_1_270' title='bbox 2083 1139 2103 1163; x_wconf 60' lang='lat'><em>.</em></span> <span class='ocrx_word' id='word_1_271' title='bbox 2157 1129 2159 1131; x_wconf 90' lang='grc'><strong>-</strong></span> <span class='ocrx_word' id='word_1_272' title='bbox 2202 1089 2473 1158; x_wconf 85' lang='grc' dir='ltr'>Ἠγείσθω</span> <span class='ocrx_word' id='word_1_273' title='bbox 2521 1092 2578 1144; x_wconf 84' lang='grc' dir='ltr'>δὲ</span> <span class='ocrx_word' id='word_1_274' title='bbox 2611 1091 2744 1156; x_wconf 85' lang='grc' dir='ltr'>Θεὸς</span> <span class='ocrx_word' id='word_1_275' title='bbox 2786 1092 2896 1145; x_wconf 87' lang='grc' dir='ltr'><strong>τῶν</strong></span> <span class='ocrx_word' id='word_1_276' title='bbox 2950 1091 3262 1162; x_wconf 81' lang='grc' dir='ltr'>λεγομένων</span> <span class='ocrx_word' id='word_1_277' title='bbox 3299 1109 3359 1145; x_wconf 83' lang='grc' dir='ltr'><strong>τε</strong></span> <span class='ocrx_word' id='word_1_278' title='bbox 3401 1093 3493 1146; x_wconf 77' lang='grc' dir='ltr'>καὶ</span> <span class='ocrx_word' id='word_1_279' title='bbox 3538 1111 3695 1148; x_wconf 81' lang='grc' dir='ltr'>νοου-</span> 
     </span>
    </p>
   </div>
   <div class='ocr_carea' id='block_1_36' title="bbox 2122 1183 3690 1254">
    <p class='ocr_par' dir='ltr' id='par_1_36' title="bbox 2122 1183 3690 1254">
     <span class='ocr_line' id='line_1_36' title="bbox 2122 1183 3690 1254; baseline 0 -18"><span class='ocrx_word' id='word_1_280' title='bbox 2122 1183 2320 1252; x_wconf 83' lang='grc' dir='ltr'><strong>μένων,</strong></span> <span class='ocrx_word' id='word_1_281' title='bbox 2363 1187 2393 1236; x_wconf 89' lang='grc' dir='ltr'><strong>ό</strong></span> <span class='ocrx_word' id='word_1_282' title='bbox 2430 1186 2589 1254; x_wconf 84' lang='grc' dir='ltr'><strong>μόνος</strong></span> <span class='ocrx_word' id='word_1_283' title='bbox 2623 1184 2748 1247; x_wconf 84' lang='grc' dir='ltr'><strong>νοῦς</strong></span> <span class='ocrx_word' id='word_1_284' title='bbox 2789 1184 2899 1237; x_wconf 86' lang='grc' dir='ltr'><strong>τῶν</strong></span> <span class='ocrx_word' id='word_1_285' title='bbox 2934 1183 3199 1237; x_wconf 85' lang='grc' dir='ltr'>νοούντων</span> <span class='ocrx_word' id='word_1_286' title='bbox 3232 1185 3324 1237; x_wconf 78' lang='grc' dir='ltr'>καὶ</span> <span class='ocrx_word' id='word_1_287' title='bbox 3361 1186 3690 1252; x_wconf 81' lang='grc' dir='ltr'>νοουμένων,</span> 
     </span>
    </p>
   </div>
   <div class='ocr_carea' id='block_1_37' title="bbox 2117 1274 3692 1350">
    <p class='ocr_par' dir='ltr' id='par_1_37' title="bbox 2117 1274 3692 1350">
     <span class='ocr_line' id='line_1_37' title="bbox 2117 1274 3692 1350; baseline 0.003 -24"><span class='ocrx_word' id='word_1_288' title='bbox 2117 1276 2212 1327; x_wconf 74' lang='grc' dir='ltr'>καὶ</span> <span class='ocrx_word' id='word_1_289' title='bbox 2268 1274 2426 1342; x_wconf 83' lang='grc' dir='ltr'>λόγος</span> <span class='ocrx_word' id='word_1_290' title='bbox 2474 1276 2584 1328; x_wconf 84' lang='grc' dir='ltr'><strong>τῶν</strong></span> <span class='ocrx_word' id='word_1_291' title='bbox 2616 1276 2883 1342; x_wconf 85' lang='grc' dir='ltr'>λεγόντων</span> <span class='ocrx_word' id='word_1_292' title='bbox 2918 1276 3012 1328; x_wconf 70' lang='grc' dir='ltr'>καὶ</span> <span class='ocrx_word' id='word_1_293' title='bbox 3054 1277 3364 1345; x_wconf 84' lang='grc' dir='ltr'>λεγομένων</span> <span class='ocrx_word' id='word_1_294' title='bbox 3391 1293 3403 1304; x_wconf 90' lang='grc'><strong>·</strong></span> <span class='ocrx_word' id='word_1_295' title='bbox 3450 1279 3544 1329; x_wconf 79' lang='grc' dir='ltr'>καὶ</span> <span class='ocrx_word' id='word_1_296' title='bbox 3577 1279 3692 1350; x_wconf 81' lang='grc' dir='ltr'><strong>ζωὴ</strong></span> 
     </span>
    </p>
   </div>
   <div class='ocr_carea' id='block_1_38' title="bbox 2114 1365 3694 1436">
    <p class='ocr_par' dir='ltr' id='par_1_38' title="bbox 2114 1365 3694 1436">
     <span class='ocr_line' id='line_1_38' title="bbox 2114 1365 3694 1436; baseline 0.002 -17"><span class='ocrx_word' id='word_1_297' title='bbox 2114 1367 2223 1419; x_wconf 88' lang='grc' dir='ltr'><strong>τῶν</strong></span> <span class='ocrx_word' id='word_1_298' title='bbox 2257 1365 2473 1430; x_wconf 80' lang='grc' dir='ltr'>ζώντων</span> <span class='ocrx_word' id='word_1_299' title='bbox 2522 1368 2616 1420; x_wconf 74' lang='grc' dir='ltr'>καὶ</span> <span class='ocrx_word' id='word_1_300' title='bbox 2668 1369 3011 1436; x_wconf 80' lang='grc' dir='ltr'>ζωουμένων,</span> <span class='ocrx_word' id='word_1_301' title='bbox 3051 1369 3144 1420; x_wconf 70' lang='grc' dir='ltr'>καὶ</span> <span class='ocrx_word' id='word_1_302' title='bbox 3197 1369 3333 1421; x_wconf 78' lang='grc' dir='ltr'>πᾶσι</span> <span class='ocrx_word' id='word_1_303' title='bbox 3377 1369 3553 1422; x_wconf 77' lang='grc' dir='ltr'>πάντα</span> <span class='ocrx_word' id='word_1_304' title='bbox 3598 1372 3694 1424; x_wconf 64' lang='grc' dir='ltr'><strong>καί⁸</strong></span> 
     </span>
    </p>
   </div>
   <div class='ocr_carea' id='block_1_39' title="bbox 2121 1458 3691 1531">
    <p class='ocr_par' dir='ltr' id='par_1_39' title="bbox 2121 1458 3691 1531">
     <span class='ocr_line' id='line_1_39' title="bbox 2121 1458 3691 1531; baseline 0.003 -20"><span class='ocrx_word' id='word_1_305' title='bbox 2121 1458 2195 1511; x_wconf 84' lang='grc' dir='ltr'>ὢν</span> <span class='ocrx_word' id='word_1_306' title='bbox 2228 1459 2320 1511; x_wconf 77' lang='grc' dir='ltr'>καὶ</span> <span class='ocrx_word' id='word_1_307' title='bbox 2354 1460 2656 1528; x_wconf 79' lang='grc' dir='ltr'>γινόμενος,</span> <span class='ocrx_word' id='word_1_308' title='bbox 2698 1460 2765 1512; x_wconf 85' lang='grc' dir='ltr'><strong>δι’</strong></span> <span class='ocrx_word' id='word_1_309' title='bbox 2801 1460 2939 1512; x_wconf 82' lang='grc' dir='ltr'>αὐτὰ</span> <span class='ocrx_word' id='word_1_310' title='bbox 2981 1459 3050 1512; x_wconf 84' lang='grc' dir='ltr'>τὰ</span> <span class='ocrx_word' id='word_1_311' title='bbox 3097 1460 3226 1513; x_wconf 74' lang='grc' dir='ltr'>ὄντα</span> <span class='ocrx_word' id='word_1_312' title='bbox 3265 1461 3358 1514; x_wconf 82' lang='grc' dir='ltr'>καὶ</span> <span class='ocrx_word' id='word_1_313' title='bbox 3393 1462 3691 1531; x_wconf 86' lang='grc' dir='ltr'>γινόμενα·</span> 
     </span>
    </p>
   </div>
   <div class='ocr_carea' id='block_1_40' title="bbox 2120 1550 3694 1622">
    <p class='ocr_par' dir='ltr' id='par_1_40' title="bbox 2120 1550 3694 1622">
     <span class='ocr_line' id='line_1_40' title="bbox 2120 1550 3694 1622; baseline 0.002 -19"><span class='ocrx_word' id='word_1_314' title='bbox 2120 1551 2186 1603; x_wconf 89' lang='grc' dir='ltr'><strong>δι’</strong></span> <span class='ocrx_word' id='word_1_315' title='bbox 2218 1551 2407 1603; x_wconf 81' lang='grc' dir='ltr'>ἑαυτὸν</span> <span class='ocrx_word' id='word_1_316' title='bbox 2435 1550 2491 1603; x_wconf 80' lang='grc' dir='ltr'>δὲ</span> <span class='ocrx_word' id='word_1_317' title='bbox 2517 1551 2668 1604; x_wconf 84' lang='grc' dir='ltr'>οὐδὲν</span> <span class='ocrx_word' id='word_1_318' title='bbox 2699 1553 2820 1604; x_wconf 82' lang='grc' dir='ltr'>κατ’</span> <span class='ocrx_word' id='word_1_319' title='bbox 2847 1552 3037 1604; x_wconf 81' lang='grc' dir='ltr'><strong>οὐδένα</strong></span> <span class='ocrx_word' id='word_1_320' title='bbox 3063 1552 3264 1621; x_wconf 83' lang='grc' dir='ltr'>τρόπον</span> <span class='ocrx_word' id='word_1_321' title='bbox 3294 1552 3543 1622; x_wconf 82' lang='grc' dir='ltr'><strong>οὐδαμῶς</strong></span> <span class='ocrx_word' id='word_1_322' title='bbox 3566 1553 3694 1606; x_wconf 80' lang='grc' dir='ltr'>οὐτε</span> 
     </span>
    </p>
   </div>
   <div class='ocr_carea' id='block_1_41' title="bbox 2120 1642 3695 1712">
    <p class='ocr_par' dir='ltr' id='par_1_41' title="bbox 2120 1642 3695 1712">
     <span class='ocr_line' id='line_1_41' title="bbox 2120 1642 3695 1712; baseline 0.003 -16"><span class='ocrx_word' id='word_1_323' title='bbox 2120 1642 2196 1696; x_wconf 82' lang='grc' dir='ltr'>ὢν</span> <span class='ocrx_word' id='word_1_324' title='bbox 2233 1642 2358 1696; x_wconf 85' lang='grc' dir='ltr'>οὐτε</span> <span class='ocrx_word' id='word_1_325' title='bbox 2386 1645 2690 1712; x_wconf 80' lang='grc' dir='ltr'>γινόμενος,</span> <span class='ocrx_word' id='word_1_326' title='bbox 2729 1644 2840 1696; x_wconf 86' lang='grc' dir='ltr'><strong>τῶν</strong></span> <span class='ocrx_word' id='word_1_327' title='bbox 2890 1646 2925 1697; x_wconf 82' lang='grc' dir='ltr'><strong>ἆ</strong></span> <span class='ocrx_word' id='word_1_328' title='bbox 2967 1661 3019 1696; x_wconf 87' lang='grc' dir='ltr'><strong>τι</strong></span> <span class='ocrx_word' id='word_1_329' title='bbox 3057 1644 3165 1697; x_wconf 88' lang='grc' dir='ltr'><strong>τῶν</strong></span> <span class='ocrx_word' id='word_1_330' title='bbox 3210 1645 3377 1699; x_wconf 79' lang='grc' dir='ltr'>ὄντων</span> <span class='ocrx_word' id='word_1_331' title='bbox 3415 1647 3536 1699; x_wconf 74' lang='grc' dir='ltr'>ἐστὶ</span> <span class='ocrx_word' id='word_1_332' title='bbox 3597 1648 3695 1701; x_wconf 61' lang='grc' dir='ltr'><strong>καὶ⁸</strong></span> 
     </span>
    </p>
   </div>
   <div class='ocr_carea' id='block_1_42' title="bbox 2119 1725 3694 1804">
    <p class='ocr_par' dir='ltr' id='par_1_42' title="bbox 2119 1725 3694 1804">
     <span class='ocr_line' id='line_1_42' title="bbox 2119 1725 3694 1804; baseline 0.004 -22"><span class='ocrx_word' id='word_1_333' title='bbox 2119 1729 2442 1799; x_wconf 82' lang='grc' dir='ltr'>γινομένων,</span> <span class='ocrx_word' id='word_1_334' title='bbox 2469 1725 2560 1784; x_wconf 76' lang='grc' dir='ltr'>οἷα</span> <span class='ocrx_word' id='word_1_335' title='bbox 2592 1731 2784 1801; x_wconf 76' lang='grc' dir='ltr'>μηδενὶ</span> <span class='ocrx_word' id='word_1_336' title='bbox 2808 1732 2869 1782; x_wconf 75' lang='grc' dir='ltr'>τὸ</span> <span class='ocrx_word' id='word_1_337' title='bbox 2896 1733 3158 1800; x_wconf 78' lang='grc' dir='ltr'>παράπαν</span> <span class='ocrx_word' id='word_1_338' title='bbox 3199 1734 3309 1787; x_wconf 86' lang='grc' dir='ltr'><strong>τῶν</strong></span> <span class='ocrx_word' id='word_1_339' title='bbox 3339 1735 3508 1788; x_wconf 78' lang='grc' dir='ltr'>όντων</span> <span class='ocrx_word' id='word_1_340' title='bbox 3533 1753 3694 1804; x_wconf 82' lang='grc' dir='ltr'>φυσι-</span> 
     </span>
    </p>
   </div>
   <div class='ocr_carea' id='block_1_43' title="bbox 2121 1819 3695 1896">
    <p class='ocr_par' dir='ltr' id='par_1_43' title="bbox 2121 1819 3695 1896">
     <span class='ocr_line' id='line_1_43' title="bbox 2121 1819 3695 1896; baseline 0.005 -23"><span class='ocrx_word' id='word_1_341' title='bbox 2121 1819 2232 1882; x_wconf 89' lang='grc' dir='ltr'><strong>κῶς</strong></span> <span class='ocrx_word' id='word_1_342' title='bbox 2285 1820 2753 1890; x_wconf 79' lang='grc' dir='ltr'>συντασσόμενοςο</span> <span class='ocrx_word' id='word_1_343' title='bbox 2794 1823 2890 1875; x_wconf 76' lang='grc' dir='ltr'>καὶ</span> <span class='ocrx_word' id='word_1_344' title='bbox 2926 1821 3015 1880; x_wconf 79' lang='grc' dir='ltr'><strong>διὰ</strong></span> <span class='ocrx_word' id='word_1_345' title='bbox 3059 1823 3238 1888; x_wconf 87' lang='grc' dir='ltr'>τοῦτο,</span> <span class='ocrx_word' id='word_1_346' title='bbox 3299 1825 3360 1877; x_wconf 82' lang='grc' dir='ltr'>τὸ</span> <span class='ocrx_word' id='word_1_347' title='bbox 3420 1826 3494 1896; x_wconf 85' lang='grc' dir='ltr'>μὴ</span> <span class='ocrx_word' id='word_1_348' title='bbox 3552 1823 3695 1882; x_wconf 74' lang='grc' dir='ltr'>εἶναι</span> 
     </span>
    </p>
   </div>
   <div class='ocr_carea' id='block_1_44' title="bbox 2125 1911 3696 1985">
    <p class='ocr_par' dir='ltr' id='par_1_44' title="bbox 2125 1911 3696 1985">
     <span class='ocr_line' id='line_1_44' title="bbox 2125 1911 3696 1985; baseline 0.004 -20"><span class='ocrx_word' id='word_1_349' title='bbox 2125 1912 2344 1983; x_wconf 82' lang='grc' dir='ltr'>μᾶλλον,</span> <span class='ocrx_word' id='word_1_350' title='bbox 2374 1911 2461 1965; x_wconf 77' lang='grc' dir='ltr'><strong>διὰ</strong></span> <span class='ocrx_word' id='word_1_351' title='bbox 2497 1911 2558 1964; x_wconf 79' lang='grc' dir='ltr'>τὸ</span> <span class='ocrx_word' id='word_1_352' title='bbox 2588 1912 2887 1982; x_wconf 88' lang='grc' dir='ltr'>ὐπερεῖναι,</span> <span class='ocrx_word' id='word_1_353' title='bbox 2924 1913 3000 1975; x_wconf 83' lang='grc' dir='ltr'>ὡς</span> <span class='ocrx_word' id='word_1_354' title='bbox 3038 1915 3366 1985; x_wconf 86' lang='grc' dir='ltr'>οἰκειότερον</span> <span class='ocrx_word' id='word_1_355' title='bbox 3409 1917 3495 1968; x_wconf 78' lang='grc' dir='ltr'><strong>ἐπ’</strong></span> <span class='ocrx_word' id='word_1_356' title='bbox 3527 1918 3696 1972; x_wconf 88' lang='grc' dir='ltr'>αὐτοῦ</span> 
     </span>
    </p>
   </div>
   <div class='ocr_carea' id='block_1_45' title="bbox 2120 2005 3696 2078">
    <p class='ocr_par' dir='ltr' id='par_1_45' title="bbox 2120 2005 3696 2078">
     <span class='ocr_line' id='line_1_45' title="bbox 2120 2005 3696 2078; baseline 0.003 -21"><span class='ocrx_word' id='word_1_357' title='bbox 2120 2005 2411 2074; x_wconf 66' lang='grc' dir='ltr'>λεγόμενον</span> <span class='ocrx_word' id='word_1_358' title='bbox 2454 2005 2833 2073; x_wconf 84' lang='grc' dir='ltr'>προσιέμενος.</span> <span class='ocrx_word' id='word_1_359' title='bbox 2873 2007 2964 2057; x_wconf 87' lang='grc' dir='ltr'>Δεῖ</span> <span class='ocrx_word' id='word_1_360' title='bbox 3002 2006 3130 2074; x_wconf 82' lang='grc' dir='ltr'>γὰρ,</span> <span class='ocrx_word' id='word_1_361' title='bbox 3175 2008 3332 2078; x_wconf 75' lang='grc' dir='ltr'>εἴπερ</span> <span class='ocrx_word' id='word_1_362' title='bbox 3364 2008 3440 2070; x_wconf 84' lang='grc' dir='ltr'>ὡς</span> <span class='ocrx_word' id='word_1_363' title='bbox 3481 2008 3696 2078; x_wconf 82' lang='grc' dir='ltr'>ἀληθῶς</span> 
     </span>
    </p>
   </div>
   <div class='ocr_carea' id='block_1_46' title="bbox 2120 2093 3697 2167">
    <p class='ocr_par' dir='ltr' id='par_1_46' title="bbox 2120 2093 3697 2167">
     <span class='ocr_line' id='line_1_46' title="bbox 2120 2093 3697 2167; baseline 0.003 -19"><span class='ocrx_word' id='word_1_364' title='bbox 2120 2095 2182 2148; x_wconf 76' lang='grc' dir='ltr'>τὸ</span> <span class='ocrx_word' id='word_1_365' title='bbox 2237 2094 2440 2162; x_wconf 86' lang='grc' dir='ltr'>γνῶναι</span> <span class='ocrx_word' id='word_1_366' title='bbox 2495 2093 2758 2164; x_wconf 71' lang='grc' dir='ltr'>διαφορὰν</span> <span class='ocrx_word' id='word_1_367' title='bbox 2810 2093 2944 2148; x_wconf 85' lang='grc' dir='ltr'>Θεοῦ</span> <span class='ocrx_word' id='word_1_368' title='bbox 3020 2097 3112 2149; x_wconf 72' lang='grc' dir='ltr'>καὶ</span> <span class='ocrx_word' id='word_1_369' title='bbox 3164 2099 3478 2167; x_wconf 82' lang='grc' dir='ltr'>κτισμάτων</span> <span class='ocrx_word' id='word_1_370' title='bbox 3546 2100 3697 2152; x_wconf 80' lang='grc' dir='ltr'>ἐστὶν</span> 
     </span>
    </p>
   </div>
   <div class='ocr_carea' id='block_1_47' title="bbox 2122 2182 3696 2262">
    <p class='ocr_par' dir='ltr' id='par_1_47' title="bbox 2122 2182 3696 2262">
     <span class='ocr_line' id='line_1_47' title="bbox 2122 2182 3696 2262; baseline 0.003 -23"><span class='ocrx_word' id='word_1_371' title='bbox 2122 2188 2418 2254; x_wconf 82' lang='grc' dir='ltr'>ἀναγκαῖον</span> <span class='ocrx_word' id='word_1_372' title='bbox 2448 2187 2601 2254; x_wconf 85' lang='grc' dir='ltr'>ἡμῖν.</span> <span class='ocrx_word' id='word_1_373' title='bbox 2635 2185 2784 2239; x_wconf 81' lang='grc' dir='ltr'>θέσιν</span> <span class='ocrx_word' id='word_1_374' title='bbox 2810 2182 2949 2240; x_wconf 80' lang='grc' dir='ltr'>εἶναι</span> <span class='ocrx_word' id='word_1_375' title='bbox 2994 2187 3088 2240; x_wconf 88' lang='grc' dir='ltr'><strong>τοῦ</strong></span> <span class='ocrx_word' id='word_1_376' title='bbox 3136 2189 3429 2257; x_wconf 85' lang='grc' dir='ltr'>ὐπερόντος</span> <span class='ocrx_word' id='word_1_377' title='bbox 3454 2190 3553 2262; x_wconf 83' lang='grc' dir='ltr'>τὴν</span> <span class='ocrx_word' id='word_1_378' title='bbox 3587 2191 3696 2244; x_wconf 86' lang='grc' dir='ltr'><strong>τῶν</strong></span> 
     </span>
    </p>
   </div>
   <div class='ocr_carea' id='block_1_48' title="bbox 2121 2277 3698 2348">
    <p class='ocr_par' dir='ltr' id='par_1_48' title="bbox 2121 2277 3698 2348">
     <span class='ocr_line' id='line_1_48' title="bbox 2121 2277 3698 2348; baseline 0.004 -19"><span class='ocrx_word' id='word_1_379' title='bbox 2121 2277 2290 2330; x_wconf 73' lang='grc' dir='ltr'>ὅντων</span> <span class='ocrx_word' id='word_1_380' title='bbox 2337 2278 2664 2347; x_wconf 78' lang='grc' dir='ltr'>ἀφαίρεσινο</span> <span class='ocrx_word' id='word_1_381' title='bbox 2713 2277 2809 2330; x_wconf 71' lang='grc' dir='ltr'><strong>καὶ</strong></span> <span class='ocrx_word' id='word_1_382' title='bbox 2850 2279 2949 2348; x_wconf 86' lang='grc' dir='ltr'>τὴν</span> <span class='ocrx_word' id='word_1_383' title='bbox 2983 2279 3092 2332; x_wconf 86' lang='grc' dir='ltr'><strong>τῶν</strong></span> <span class='ocrx_word' id='word_1_384' title='bbox 3125 2280 3294 2333; x_wconf 76' lang='grc' dir='ltr'>όντων</span> <span class='ocrx_word' id='word_1_385' title='bbox 3339 2281 3510 2346; x_wconf 84' lang='grc' dir='ltr'>θέσιν,</span> <span class='ocrx_word' id='word_1_386' title='bbox 3560 2280 3698 2337; x_wconf 78' lang='grc' dir='ltr'>εἶναι</span> 
     </span>
    </p>
   </div>
   <div class='ocr_carea' id='block_1_49' title="bbox 2121 2367 3698 2441">
    <p class='ocr_par' dir='ltr' id='par_1_49' title="bbox 2121 2367 3698 2441">
     <span class='ocr_line' id='line_1_49' title="bbox 2121 2367 3698 2441; baseline 0.005 -22"><span class='ocrx_word' id='word_1_387' title='bbox 2121 2367 2214 2420; x_wconf 87' lang='grc' dir='ltr'><strong>τοῦ</strong></span> <span class='ocrx_word' id='word_1_388' title='bbox 2245 2368 2538 2437; x_wconf 86' lang='grc' dir='ltr'>ὑπερὸντος</span> <span class='ocrx_word' id='word_1_389' title='bbox 2565 2368 2853 2439; x_wconf 81' lang='grc' dir='ltr'>ἀφαίρεσιν</span> <span class='ocrx_word' id='word_1_390' title='bbox 2883 2387 2894 2400; x_wconf 90' lang='grc'><strong>·</strong></span> <span class='ocrx_word' id='word_1_391' title='bbox 2925 2372 3017 2422; x_wconf 73' lang='grc' dir='ltr'><strong>καὶ</strong></span> <span class='ocrx_word' id='word_1_392' title='bbox 3059 2370 3227 2441; x_wconf 81' lang='grc' dir='ltr'>ἄμφω</span> <span class='ocrx_word' id='word_1_393' title='bbox 3253 2373 3381 2441; x_wconf 74' lang='grc' dir='ltr'>περὶ</span> <span class='ocrx_word' id='word_1_394' title='bbox 3408 2373 3499 2424; x_wconf 74' lang='grc' dir='ltr'><strong>τὸν</strong></span> <span class='ocrx_word' id='word_1_395' title='bbox 3535 2375 3698 2428; x_wconf 72' lang='grc' dir='ltr'>αὐτὸν</span> 
     </span>
    </p>
   </div>
   <div class='ocr_carea' id='block_1_50' title="bbox 2123 2458 3698 2534">
    <p class='ocr_par' dir='ltr' id='par_1_50' title="bbox 2123 2458 3698 2534">
     <span class='ocr_line' id='line_1_50' title="bbox 2123 2458 3698 2534; baseline 0.004 -23"><span class='ocrx_word' id='word_1_396' title='bbox 2123 2460 2328 2529; x_wconf 78' lang='grc' dir='ltr'>κυρίως</span> <span class='ocrx_word' id='word_1_397' title='bbox 2363 2460 2382 2489; x_wconf 86' lang='grc'><strong>⁷</strong></span> <span class='ocrx_word' id='word_1_398' title='bbox 2412 2458 2732 2528; x_wconf 85' lang='grc' dir='ltr'>θεωρεῖσθαι</span> <span class='ocrx_word' id='word_1_399' title='bbox 2769 2459 2866 2520; x_wconf 73' lang='grc' dir='ltr'>τὰς</span> <span class='ocrx_word' id='word_1_400' title='bbox 2889 2463 3282 2532; x_wconf 76' lang='grc' dir='ltr'>προσηγορίας,</span> <span class='ocrx_word' id='word_1_401' title='bbox 3309 2464 3402 2515; x_wconf 81' lang='grc' dir='ltr'>καὶ</span> <span class='ocrx_word' id='word_1_402' title='bbox 3426 2464 3698 2534; x_wconf 84' lang='grc' dir='ltr'>μηδεμίαν</span> 
     </span>
    </p>
   </div>
   <div class='ocr_carea' id='block_1_51' title="bbox 2124 2549 3696 2625">
    <p class='ocr_par' dir='ltr' id='par_1_51' title="bbox 2124 2549 3696 2625">
     <span class='ocr_line' id='line_1_51' title="bbox 2124 2549 3696 2625; baseline 0.004 -21"><span class='ocrx_word' id='word_1_403' title='bbox 2124 2550 2328 2621; x_wconf 81' lang='grc' dir='ltr'>κυρίως</span> <span class='ocrx_word' id='word_1_404' title='bbox 2357 2550 2652 2604; x_wconf 75' lang='grc' dir='ltr'>δύνασθαι’</span> <span class='ocrx_word' id='word_1_405' title='bbox 2705 2553 2767 2604; x_wconf 79' lang='grc' dir='ltr'>τὸ</span> <span class='ocrx_word' id='word_1_406' title='bbox 2809 2549 2952 2606; x_wconf 77' lang='grc' dir='ltr'><strong>εἷναί</strong></span> <span class='ocrx_word' id='word_1_407' title='bbox 3003 2554 3024 2583; x_wconf 77' lang='grc'>⁸</span> <span class='ocrx_word' id='word_1_408' title='bbox 3065 2571 3228 2622; x_wconf 84' lang='grc' dir='ltr'>φημι,</span> <span class='ocrx_word' id='word_1_409' title='bbox 3269 2555 3362 2608; x_wconf 79' lang='grc' dir='ltr'>καὶ</span> <span class='ocrx_word' id='word_1_410' title='bbox 3413 2557 3489 2625; x_wconf 82' lang='grc' dir='ltr'>μὴ</span> <span class='ocrx_word' id='word_1_411' title='bbox 3533 2552 3696 2612; x_wconf 81' lang='grc' dir='ltr'>εἶναι.</span> 
     </span>
    </p>
   </div>
   <div class='ocr_carea' id='block_1_52' title="bbox 2128 2643 3698 2716">
    <p class='ocr_par' dir='ltr' id='par_1_52' title="bbox 2128 2643 3698 2716">
     <span class='ocr_line' id='line_1_52' title="bbox 2128 2643 3698 2716; baseline 0.003 -18"><span class='ocrx_word' id='word_1_412' title='bbox 2128 2647 2331 2716; x_wconf 84' lang='grc' dir='ltr'>Ἀμφω</span> <span class='ocrx_word' id='word_1_413' title='bbox 2371 2644 2470 2714; x_wconf 84' lang='grc' dir='ltr'>μὲν</span> <span class='ocrx_word' id='word_1_414' title='bbox 2493 2645 2720 2714; x_wconf 85' lang='grc' dir='ltr'>κυρίως,</span> <span class='ocrx_word' id='word_1_415' title='bbox 2761 2649 2835 2707; x_wconf 82' lang='grc' dir='ltr'>ὡς</span> <span class='ocrx_word' id='word_1_416' title='bbox 2865 2645 2966 2714; x_wconf 79' lang='grc' dir='ltr'>τῆς</span> <span class='ocrx_word' id='word_1_417' title='bbox 3002 2646 3099 2716; x_wconf 84' lang='grc' dir='ltr'>μὲν</span> <span class='ocrx_word' id='word_1_418' title='bbox 3132 2646 3225 2700; x_wconf 86' lang='grc' dir='ltr'><strong>τοῦ</strong></span> <span class='ocrx_word' id='word_1_419' title='bbox 3262 2643 3401 2701; x_wconf 76' lang='grc' dir='ltr'>εἶναι</span> <span class='ocrx_word' id='word_1_420' title='bbox 3432 2648 3529 2701; x_wconf 88' lang='grc' dir='ltr'><strong>τοῦ</strong></span> <span class='ocrx_word' id='word_1_421' title='bbox 3560 2648 3698 2702; x_wconf 89' lang='grc' dir='ltr'>Θεοῦ</span> 
     </span>
    </p>
   </div>
   <div class='ocr_carea' id='block_1_53' title="bbox 2125 2736 3695 2812">
    <p class='ocr_par' dir='ltr' id='par_1_53' title="bbox 2125 2736 3695 2812">
     <span class='ocr_line' id='line_1_53' title="bbox 2125 2736 3695 2812; baseline 0.002 -22"><span class='ocrx_word' id='word_1_422' title='bbox 2125 2739 2244 2790; x_wconf 80' lang='grc' dir='ltr'>κατ’</span> <span class='ocrx_word' id='word_1_423' title='bbox 2273 2737 2451 2790; x_wconf 80' lang='grc' dir='ltr'>αἰτίαν</span> <span class='ocrx_word' id='word_1_424' title='bbox 2476 2736 2584 2789; x_wconf 87' lang='grc' dir='ltr'><strong>τῶν</strong></span> <span class='ocrx_word' id='word_1_425' title='bbox 2627 2736 2799 2790; x_wconf 79' lang='grc' dir='ltr'>ὄντων</span> <span class='ocrx_word' id='word_1_426' title='bbox 2833 2737 3086 2807; x_wconf 70' lang='grc' dir='ltr'>θετικῆςθ</span> <span class='ocrx_word' id='word_1_427' title='bbox 3135 2739 3235 2808; x_wconf 84' lang='grc' dir='ltr'>τῆς</span> <span class='ocrx_word' id='word_1_428' title='bbox 3267 2740 3324 2792; x_wconf 81' lang='grc' dir='ltr'>δὲ</span> <span class='ocrx_word' id='word_1_429' title='bbox 3363 2739 3486 2793; x_wconf 82' lang='grc' dir='ltr'>καθ’</span> <span class='ocrx_word' id='word_1_430' title='bbox 3523 2740 3695 2812; x_wconf 80' lang='grc' dir='ltr'>ὑπερ-</span> 
     </span>
    </p>
   </div>
   <div class='ocr_carea' id='block_1_54' title="bbox 2126 2823 3694 2901">
    <p class='ocr_par' dir='ltr' id='par_1_54' title="bbox 2126 2823 3694 2901">
     <span class='ocr_line' id='line_1_54' title="bbox 2126 2823 3694 2901; baseline 0.003 -21"><span class='ocrx_word' id='word_1_431' title='bbox 2126 2830 2257 2900; x_wconf 83' lang='grc' dir='ltr'>οχὴν</span> <span class='ocrx_word' id='word_1_432' title='bbox 2273 2827 2452 2890; x_wconf 85' lang='grc' dir='ltr'>αίτίας</span> <span class='ocrx_word' id='word_1_433' title='bbox 2473 2827 2567 2881; x_wconf 86' lang='grc' dir='ltr'><strong>τοῦ</strong></span> <span class='ocrx_word' id='word_1_434' title='bbox 2585 2823 2726 2881; x_wconf 77' lang='grc' dir='ltr'>εἶναι</span> <span class='ocrx_word' id='word_1_435' title='bbox 2760 2828 2942 2898; x_wconf 82' lang='grc' dir='ltr'>πάσης</span> <span class='ocrx_word' id='word_1_436' title='bbox 2975 2829 3082 2881; x_wconf 84' lang='grc' dir='ltr'><strong>τῶν</strong></span> <span class='ocrx_word' id='word_1_437' title='bbox 3119 2828 3287 2882; x_wconf 76' lang='grc' dir='ltr'>ὄντων</span> <span class='ocrx_word' id='word_1_438' title='bbox 3315 2831 3694 2901; x_wconf 65' lang='grc' dir='ltr'>ἀφαιρετικῆς</span> 
     </span>
    </p>
   </div>
   <div class='ocr_carea' id='block_1_55' title="bbox 2125 2918 3699 2991">
    <p class='ocr_par' dir='ltr' id='par_1_55' title="bbox 2125 2918 3699 2991">
     <span class='ocr_line' id='line_1_55' title="bbox 2125 2918 3699 2991; baseline -0.003 -15"><span class='ocrx_word' id='word_1_439' title='bbox 2125 2922 2223 2976; x_wconf 75' lang='grc' dir='ltr'>καὶ</span> <span class='ocrx_word' id='word_1_440' title='bbox 2255 2920 2388 2991; x_wconf 85' lang='grc' dir='ltr'>μηδὲ</span> <span class='ocrx_word' id='word_1_441' title='bbox 2420 2919 2550 2990; x_wconf 86' lang='grc' dir='ltr'>μίαν</span> <span class='ocrx_word' id='word_1_442' title='bbox 2579 2919 2783 2988; x_wconf 86' lang='grc' dir='ltr'>κυρίως</span> <span class='ocrx_word' id='word_1_443' title='bbox 2810 2918 2993 2983; x_wconf 88' lang='grc' dir='ltr'>πάλιν,</span> <span class='ocrx_word' id='word_1_444' title='bbox 3027 2918 3103 2981; x_wconf 85' lang='grc' dir='ltr'>ὡς</span> <span class='ocrx_word' id='word_1_445' title='bbox 3138 2919 3394 2989; x_wconf 79' lang='grc' dir='ltr'>οὐδεμιᾶς</span> <span class='ocrx_word' id='word_1_446' title='bbox 3432 2921 3532 2989; x_wconf 80' lang='grc' dir='ltr'>τὴν</span> <span class='ocrx_word' id='word_1_447' title='bbox 3578 2922 3699 2972; x_wconf 81' lang='grc' dir='ltr'>κατ’</span> 
     </span>
    </p>
   </div>
   <div class='ocr_carea' id='block_1_56' title="bbox 439 3005 2022 3082">
    <p class='ocr_par' dir='ltr' id='par_1_56' title="bbox 439 3005 2015 3080">
     <span class='ocr_line' id='line_1_56' title="bbox 439 3005 2015 3080; baseline 0.006 -23"><span class='ocrx_word' id='word_1_448' title='bbox 439 3005 682 3074; x_wconf 65' lang='lat' dir='ltr'><strong>peltatio.</strong></span> <span class='ocrx_word' id='word_1_449' title='bbox 718 3009 937 3062; x_wconf 89' lang='lat' dir='ltr'><strong>essendi</strong></span> <span class='ocrx_word' id='word_1_450' title='bbox 973 3009 1201 3075; x_wconf 88' lang='lat' dir='ltr'><strong>scilicet,</strong></span> <span class='ocrx_word' id='word_1_451' title='bbox 1236 3025 1300 3064; x_wconf 91' lang='lat' dir='ltr'><strong>ac</strong></span> <span class='ocrx_word' id='word_1_452' title='bbox 1340 3026 1452 3064; x_wconf 89' lang='lat' dir='ltr'><strong>non</strong></span> <span class='ocrx_word' id='word_1_453' title='bbox 1489 3012 1728 3066; x_wconf 90' lang='lat' dir='ltr'><strong>essendi.</strong></span> <span class='ocrx_word' id='word_1_454' title='bbox 1774 3013 2015 3080; x_wconf 88' lang='lat' dir='ltr'><strong>Utraque</strong></span> 
     </span>
    </p>
   </div>
   <div class='ocr_carea' id='block_1_57' title="bbox 2125 3005 3696 3082">
    <p class='ocr_par' dir='ltr' id='par_1_57' title="bbox 2125 3006 3696 3081">
     <span class='ocr_line' id='line_1_57' title="bbox 2125 3006 3696 3081; baseline -0.004 -13"><span class='ocrx_word' id='word_1_455' title='bbox 2125 3015 2307 3068; x_wconf 83' lang='grc' dir='ltr'>οὐσίαν</span> <span class='ocrx_word' id='word_1_456' title='bbox 2334 3011 2504 3081; x_wconf 78' lang='grc' dir='ltr'>αὐτὴν</span> <span class='ocrx_word' id='word_1_457' title='bbox 2535 3010 2631 3064; x_wconf 78' lang='grc' dir='ltr'>καὶ</span> <span class='ocrx_word' id='word_1_458' title='bbox 2673 3009 2834 3079; x_wconf 89' lang='grc' dir='ltr'>φύσιν</span> <span class='ocrx_word' id='word_1_459' title='bbox 2861 3011 2954 3063; x_wconf 80' lang='grc' dir='ltr'><strong>τοῦ</strong></span> <span class='ocrx_word' id='word_1_460' title='bbox 2977 3011 3029 3062; x_wconf 88' lang='grc' dir='ltr'><strong>τί</strong></span> <span class='ocrx_word' id='word_1_461' title='bbox 3063 3006 3203 3064; x_wconf 83' lang='grc' dir='ltr'>εἶναι</span> <span class='ocrx_word' id='word_1_462' title='bbox 3230 3011 3324 3063; x_wconf 85' lang='grc' dir='ltr'><strong>τοῦ</strong></span> <span class='ocrx_word' id='word_1_463' title='bbox 3358 3011 3696 3080; x_wconf 81' lang='grc' dir='ltr'>ζητουμένου</span> 
     </span>
    </p>
   </div>
   <div class='ocr_carea' id='block_1_58' title="bbox 439 3096 2020 3168">
    <p class='ocr_par' dir='ltr' id='par_1_58' title="bbox 439 3096 2020 3168">
     <span class='ocr_line' id='line_1_58' title="bbox 439 3096 2020 3168; baseline 0.004 -18"><span class='ocrx_word' id='word_1_464' title='bbox 439 3098 680 3168; x_wconf 88' lang='lat' dir='ltr'><strong>proprie,</strong></span> <span class='ocrx_word' id='word_1_465' title='bbox 720 3109 977 3168; x_wconf 84' lang='lat' dir='ltr'><strong>tanquam</strong></span> <span class='ocrx_word' id='word_1_466' title='bbox 1020 3096 1233 3156; x_wconf 83' lang='lat' dir='ltr'><strong>scilicet</strong></span> <span class='ocrx_word' id='word_1_467' title='bbox 1269 3102 1442 3157; x_wconf 90' lang='lat' dir='ltr'><strong>altera</strong></span> <span class='ocrx_word' id='word_1_468' title='bbox 1486 3103 1660 3157; x_wconf 88' lang='lat' dir='ltr'><strong>Deum</strong></span> <span class='ocrx_word' id='word_1_469' title='bbox 1705 3117 1826 3158; x_wconf 89' lang='lat' dir='ltr'><strong>esse</strong></span> <span class='ocrx_word' id='word_1_470' title='bbox 1873 3102 2020 3157; x_wconf 75' lang='lat' dir='ltr'><strong>aﬁir-</strong></span> 
     </span>
    </p>
   </div>
   <div class='ocr_carea' id='block_1_59' title="bbox 439 3189 2020 3259">
    <p class='ocr_par' dir='ltr' id='par_1_59' title="bbox 439 3189 2020 3259">
     <span class='ocr_line' id='line_1_59' title="bbox 439 3189 2020 3259; baseline 0.003 -17"><span class='ocrx_word' id='word_1_471' title='bbox 439 3197 645 3254; x_wconf 74' lang='lat' dir='ltr'><strong>nante,</strong></span> <span class='ocrx_word' id='word_1_472' title='bbox 677 3203 783 3259; x_wconf 89' lang='lat' dir='ltr'><strong>qua</strong></span> <span class='ocrx_word' id='word_1_473' title='bbox 822 3189 1038 3244; x_wconf 89' lang='lat' dir='ltr'><strong>ratione</strong></span> <span class='ocrx_word' id='word_1_474' title='bbox 1087 3205 1272 3244; x_wconf 89' lang='lat' dir='ltr'><strong>rerum</strong></span> <span class='ocrx_word' id='word_1_475' title='bbox 1319 3199 1512 3244; x_wconf 91' lang='lat' dir='ltr'><strong>auctor</strong></span> <span class='ocrx_word' id='word_1_476' title='bbox 1542 3200 1653 3256; x_wconf 87' lang='lat' dir='ltr'><strong>est;</strong></span> <span class='ocrx_word' id='word_1_477' title='bbox 1687 3192 1861 3246; x_wconf 88' lang='lat' dir='ltr'><strong>altera</strong></span> <span class='ocrx_word' id='word_1_478' title='bbox 1891 3207 2020 3247; x_wconf 89' lang='lat' dir='ltr'><strong>vero</strong></span> 
     </span>
    </p>
   </div>
   <div class='ocr_carea' id='block_1_60' title="bbox 439 3281 2020 3356">
    <p class='ocr_par' dir='ltr' id='par_1_60' title="bbox 439 3281 2020 3356">
     <span class='ocr_line' id='line_1_60' title="bbox 439 3281 2020 3356; baseline 0.001 -20"><span class='ocrx_word' id='word_1_479' title='bbox 439 3297 539 3351; x_wconf 87' lang='lat' dir='ltr'><strong>per</strong></span> <span class='ocrx_word' id='word_1_480' title='bbox 565 3281 946 3337; x_wconf 85' lang='lat' dir='ltr'><strong>excellentiam</strong></span> <span class='ocrx_word' id='word_1_481' title='bbox 972 3297 1173 3356; x_wconf 61' lang='lat' dir='ltr'><strong>causae,</strong></span> <span class='ocrx_word' id='word_1_482' title='bbox 1206 3299 1326 3339; x_wconf 90' lang='lat' dir='ltr'><strong>esse</strong></span> <span class='ocrx_word' id='word_1_483' title='bbox 1357 3298 1563 3349; x_wconf 88' lang='lat' dir='ltr'><strong>rerum,</strong></span> <span class='ocrx_word' id='word_1_484' title='bbox 1588 3292 1822 3356; x_wconf 81' lang='lat' dir='ltr'><strong>negante</strong></span> <span class='ocrx_word' id='word_1_485' title='bbox 1853 3299 1864 3338; x_wconf 94' lang='lat'>:</span> <span class='ocrx_word' id='word_1_486' title='bbox 1892 3298 2020 3338; x_wconf 90' lang='lat' dir='ltr'><strong>rur-</strong></span> 
     </span>
    </p>
   </div>
   <div class='ocr_carea' id='block_1_61' title="bbox 438 3375 2020 3446">
    <p class='ocr_par' dir='ltr' id='par_1_61' title="bbox 438 3375 2020 3446">
     <span class='ocr_line' id='line_1_61' title="bbox 438 3375 2020 3446; baseline 0.003 -20"><span class='ocrx_word' id='word_1_487' title='bbox 438 3389 670 3442; x_wconf 91' lang='lat' dir='ltr'><strong>sumque</strong></span> <span class='ocrx_word' id='word_1_488' title='bbox 709 3383 903 3429; x_wconf 88' lang='lat' dir='ltr'><strong>neutra</strong></span> <span class='ocrx_word' id='word_1_489' title='bbox 934 3375 1194 3446; x_wconf 90' lang='lat' dir='ltr'><strong>proprie;</strong></span> <span class='ocrx_word' id='word_1_490' title='bbox 1226 3385 1424 3430; x_wconf 90' lang='lat' dir='ltr'><strong>neutra</strong></span> <span class='ocrx_word' id='word_1_491' title='bbox 1456 3376 1666 3431; x_wconf 88' lang='lat' dir='ltr'><strong>scilicet</strong></span> <span class='ocrx_word' id='word_1_492' title='bbox 1712 3376 1884 3446; x_wconf 89' lang='lat' dir='ltr'><strong>ipsam</strong></span> <span class='ocrx_word' id='word_1_493' title='bbox 1931 3391 2020 3431; x_wconf 84' lang='lat' dir='ltr'><strong>se—</strong></span> 
     </span>
    </p>
   </div>
   <div class='ocr_carea' id='block_1_62' title="bbox 440 3466 2022 3538">
    <p class='ocr_par' dir='ltr' id='par_1_62' title="bbox 440 3466 2022 3538">
     <span class='ocr_line' id='line_1_62' title="bbox 440 3466 2022 3538; baseline 0.003 -20"><span class='ocrx_word' id='word_1_494' title='bbox 440 3466 681 3520; x_wconf 89' lang='lat' dir='ltr'><strong>cundum</strong></span> <span class='ocrx_word' id='word_1_495' title='bbox 705 3467 1005 3521; x_wconf 87' lang='lat' dir='ltr'><strong>essentiam</strong></span> <span class='ocrx_word' id='word_1_496' title='bbox 1037 3481 1102 3522; x_wconf 88' lang='lat' dir='ltr'><strong>ac</strong></span> <span class='ocrx_word' id='word_1_497' title='bbox 1134 3475 1410 3532; x_wconf 89' lang='lat' dir='ltr'><strong>naturam,</strong></span> <span class='ocrx_word' id='word_1_498' title='bbox 1439 3468 1557 3538; x_wconf 88' lang='lat' dir='ltr'><strong>ejus</strong></span> <span class='ocrx_word' id='word_1_499' title='bbox 1582 3467 1728 3537; x_wconf 90' lang='lat' dir='ltr'><strong>quod</strong></span> <span class='ocrx_word' id='word_1_500' title='bbox 1754 3467 2022 3537; x_wconf 79' lang='lat' dir='ltr'><strong>quaeritur</strong></span> 
     </span>
    </p>
   </div>
   <div class='ocr_carea' id='block_1_63' title="bbox 440 3557 2027 3630">
    <p class='ocr_par' dir='ltr' id='par_1_63' title="bbox 440 3557 2027 3630">
     <span class='ocr_line' id='line_1_63' title="bbox 440 3557 2027 3630; baseline 0.004 -22"><span class='ocrx_word' id='word_1_501' title='bbox 440 3557 657 3611; x_wconf 86' lang='lat' dir='ltr'><strong>essendi</strong></span> <span class='ocrx_word' id='word_1_502' title='bbox 682 3558 1036 3627; x_wconf 88' lang='lat' dir='ltr'><strong>positionem,</strong></span> <span class='ocrx_word' id='word_1_503' title='bbox 1067 3573 1295 3628; x_wconf 87' lang='lat' dir='ltr'><strong>remque</strong></span> <span class='ocrx_word' id='word_1_504' title='bbox 1327 3559 1501 3628; x_wconf 86' lang='lat' dir='ltr'><strong>ipsam</strong></span> <span class='ocrx_word' id='word_1_505' title='bbox 1528 3558 1794 3613; x_wconf 72' lang='lat' dir='ltr'><strong>affirmate</strong></span> <span class='ocrx_word' id='word_1_506' title='bbox 1825 3575 2027 3630; x_wconf 66' lang='lat' dir='ltr'><strong>reprae-</strong></span> 
     </span>
    </p>
   </div>
   <div class='ocr_carea' id='block_1_64' title="bbox 442 3647 2026 3704">
    <p class='ocr_par' dir='ltr' id='par_1_64' title="bbox 442 3647 2026 3704">
     <span class='ocr_line' id='line_1_64' title="bbox 442 3647 2026 3704; baseline 0.003 -5"><span class='ocrx_word' id='word_1_507' title='bbox 442 3654 712 3702; x_wconf 88' lang='lat' dir='ltr'><strong>sentante.</strong></span> <span class='ocrx_word' id='word_1_508' title='bbox 743 3647 845 3704; x_wconf 89' lang='lat' dir='ltr'><strong>Cui</strong></span> <span class='ocrx_word' id='word_1_509' title='bbox 879 3649 1028 3702; x_wconf 89' lang='lat' dir='ltr'><strong>enim</strong></span> <span class='ocrx_word' id='word_1_510' title='bbox 1061 3649 1198 3703; x_wconf 85' lang='lat' dir='ltr'><strong>nihil</strong></span> <span class='ocrx_word' id='word_1_511' title='bbox 1241 3648 1468 3702; x_wconf 90' lang='lat' dir='ltr'><strong>omnino</strong></span> <span class='ocrx_word' id='word_1_512' title='bbox 1516 3657 1716 3703; x_wconf 90' lang='lat' dir='ltr'><strong>natura</strong></span> <span class='ocrx_word' id='word_1_513' title='bbox 1763 3649 1814 3702; x_wconf 91' lang='lat' dir='ltr'><strong>vi</strong></span> <span class='ocrx_word' id='word_1_514' title='bbox 1845 3665 2026 3704; x_wconf 52' lang='lat' dir='ltr'><strong>causa).</strong></span> 
     </span>
    </p>
   </div>
   <div class='ocr_carea' id='block_1_65' title="bbox 442 3739 2026 3808">
    <p class='ocr_par' dir='ltr' id='par_1_65' title="bbox 442 3739 2026 3808">
     <span class='ocr_line' id='line_1_65' title="bbox 442 3739 2026 3808; baseline 0.002 -16"><span class='ocrx_word' id='word_1_515' title='bbox 442 3739 800 3808; x_wconf 86' lang='lat' dir='ltr'><strong>conjunctum</strong></span> <span class='ocrx_word' id='word_1_516' title='bbox 835 3749 939 3805; x_wconf 91' lang='lat' dir='ltr'><strong>est,</strong></span> <span class='ocrx_word' id='word_1_517' title='bbox 975 3741 1091 3794; x_wconf 90' lang='lat' dir='ltr'><strong>sive</strong></span> <span class='ocrx_word' id='word_1_518' title='bbox 1129 3756 1229 3796; x_wconf 87' lang='lat' dir='ltr'><strong>ens</strong></span> <span class='ocrx_word' id='word_1_519' title='bbox 1258 3740 1411 3795; x_wconf 89' lang='lat' dir='ltr'><strong>dicas</strong></span> <span class='ocrx_word' id='word_1_520' title='bbox 1444 3739 1561 3794; x_wconf 90' lang='lat' dir='ltr'><strong>sive</strong></span> <span class='ocrx_word' id='word_1_521' title='bbox 1600 3756 1713 3794; x_wconf 84' lang='lat' dir='ltr'><strong>non</strong></span> <span class='ocrx_word' id='word_1_522' title='bbox 1738 3755 1868 3806; x_wconf 89' lang='lat' dir='ltr'><strong>ens;</strong></span> <span class='ocrx_word' id='word_1_523' title='bbox 1895 3740 2026 3795; x_wconf 90' lang='lat' dir='ltr'><strong>huic</strong></span> 
     </span>
    </p>
   </div>
   <div class='ocr_carea' id='block_1_66' title="bbox 441 3831 2026 3901">
    <p class='ocr_par' dir='ltr' id='par_1_66' title="bbox 441 3831 2026 3901">
     <span class='ocr_line' id='line_1_66' title="bbox 441 3831 2026 3901; baseline 0.001 -15"><span class='ocrx_word' id='word_1_524' title='bbox 441 3831 580 3886; x_wconf 88' lang='lat' dir='ltr'><strong>nihil</strong></span> <span class='ocrx_word' id='word_1_525' title='bbox 607 3847 801 3885; x_wconf 89' lang='lat' dir='ltr'><strong>eorum</strong></span> <span class='ocrx_word' id='word_1_526' title='bbox 829 3847 950 3901; x_wconf 82' lang='lat' dir='ltr'><strong>quae</strong></span> <span class='ocrx_word' id='word_1_527' title='bbox 997 3843 1126 3886; x_wconf 88' lang='lat' dir='ltr'><strong>sunt</strong></span> <span class='ocrx_word' id='word_1_528' title='bbox 1171 3842 1229 3886; x_wconf 94' lang='lat' dir='ltr'><strong>et</strong></span> <span class='ocrx_word' id='word_1_529' title='bbox 1273 3832 1555 3898; x_wconf 90' lang='lat' dir='ltr'><strong>dicuntur,</strong></span> <span class='ocrx_word' id='word_1_530' title='bbox 1601 3833 1716 3887; x_wconf 89' lang='lat' dir='ltr'><strong>sive</strong></span> <span class='ocrx_word' id='word_1_531' title='bbox 1759 3847 1882 3901; x_wconf 72' lang='lat' dir='ltr'><strong>quae</strong></span> <span class='ocrx_word' id='word_1_532' title='bbox 1921 3847 2026 3887; x_wconf 90' lang='lat' dir='ltr'><strong>nec</strong></span> 
     </span>
    </p>
   </div>
   <div class='ocr_carea' id='block_1_67' title="bbox 2129 3096 3701 3173">
    <p class='ocr_par' dir='ltr' id='par_1_67' title="bbox 2129 3096 3701 3173">
     <span class='ocr_line' id='line_1_67' title="bbox 2129 3096 3701 3173; baseline -0.003 -14"><span class='ocrx_word' id='word_1_533' title='bbox 2129 3105 2275 3159; x_wconf 85' lang='grc' dir='ltr'>θέσιν</span> <span class='ocrx_word' id='word_1_534' title='bbox 2310 3101 2682 3173; x_wconf 78' lang='grc' dir='ltr'>παριστώσης.</span> <span class='ocrx_word' id='word_1_535' title='bbox 2715 3096 2785 3172; x_wconf 85' lang='grc' dir='ltr'>ᾯ</span> <span class='ocrx_word' id='word_1_536' title='bbox 2808 3101 2914 3173; x_wconf 85' lang='grc' dir='ltr'>γὰρ</span> <span class='ocrx_word' id='word_1_537' title='bbox 2936 3102 3100 3171; x_wconf 76' lang='grc' dir='ltr'>μηδὲν</span> <span class='ocrx_word' id='word_1_538' title='bbox 3125 3102 3186 3153; x_wconf 85' lang='grc' dir='ltr'>τὸ</span> <span class='ocrx_word' id='word_1_539' title='bbox 3213 3101 3432 3154; x_wconf 84' lang='grc' dir='ltr'>σύνολον</span> <span class='ocrx_word' id='word_1_540' title='bbox 3456 3102 3701 3170; x_wconf 77' lang='grc' dir='ltr'>φυσικῶς</span> 
     </span>
    </p>
   </div>
   <div class='ocr_carea' id='block_1_68' title="bbox 2127 3192 3700 3266">
    <p class='ocr_par' dir='ltr' id='par_1_68' title="bbox 2127 3192 3700 3266">
     <span class='ocr_line' id='line_1_68' title="bbox 2127 3192 3700 3266; baseline -0.002 -16"><span class='ocrx_word' id='word_1_541' title='bbox 2127 3195 2249 3250; x_wconf 84' lang='grc' dir='ltr'>κατ’</span> <span class='ocrx_word' id='word_1_542' title='bbox 2288 3194 2468 3248; x_wconf 85' lang='grc' dir='ltr'>αίτίαν</span> <span class='ocrx_word' id='word_1_543' title='bbox 2516 3193 2891 3258; x_wconf 76' lang='grc' dir='ltr'>συνέζευκται,</span> <span class='ocrx_word' id='word_1_544' title='bbox 2923 3193 2956 3266; x_wconf 83' lang='grc' dir='ltr'>ἢ</span> <span class='ocrx_word' id='word_1_545' title='bbox 2981 3192 3039 3245; x_wconf 79' lang='grc' dir='ltr'>ὃν</span> <span class='ocrx_word' id='word_1_546' title='bbox 3065 3193 3096 3263; x_wconf 80' lang='grc' dir='ltr'>ἢ</span> <span class='ocrx_word' id='word_1_547' title='bbox 3123 3192 3196 3264; x_wconf 85' lang='grc' dir='ltr'><strong>μὴ</strong></span> <span class='ocrx_word' id='word_1_548' title='bbox 3222 3192 3312 3246; x_wconf 73' lang='grc' dir='ltr'><strong>ὅνο</strong></span> <span class='ocrx_word' id='word_1_549' title='bbox 3345 3194 3521 3264; x_wconf 85' lang='grc' dir='ltr'>τούτῳ</span> <span class='ocrx_word' id='word_1_550' title='bbox 3547 3195 3700 3248; x_wconf 73' lang='grc' dir='ltr'>οὐδὲν</span> 
     </span>
    </p>
   </div>
   <div class='ocr_carea' id='block_1_69' title="bbox 2127 3283 3702 3358">
    <p class='ocr_par' dir='ltr' id='par_1_69' title="bbox 2127 3283 3702 3358">
     <span class='ocr_line' id='line_1_69' title="bbox 2127 3283 3702 3358; baseline -0.004 -14"><span class='ocrx_word' id='word_1_551' title='bbox 2127 3287 2234 3344; x_wconf 86' lang='grc' dir='ltr'><strong>τῶν</strong></span> <span class='ocrx_word' id='word_1_552' title='bbox 2259 3286 2430 3343; x_wconf 79' lang='grc' dir='ltr'>ὄντων</span> <span class='ocrx_word' id='word_1_553' title='bbox 2465 3289 2561 3340; x_wconf 75' lang='grc' dir='ltr'><strong>καὶ</strong></span> <span class='ocrx_word' id='word_1_554' title='bbox 2602 3288 2934 3358; x_wconf 82' lang='grc' dir='ltr'>λεγομένων,</span> <span class='ocrx_word' id='word_1_555' title='bbox 2979 3286 3099 3339; x_wconf 79' lang='grc' dir='ltr'>οὐδὲ</span> <span class='ocrx_word' id='word_1_556' title='bbox 3132 3284 3242 3339; x_wconf 85' lang='grc' dir='ltr'><strong>τῶν</strong></span> <span class='ocrx_word' id='word_1_557' title='bbox 3275 3285 3351 3356; x_wconf 84' lang='grc' dir='ltr'>μὴ</span> <span class='ocrx_word' id='word_1_558' title='bbox 3397 3283 3568 3338; x_wconf 78' lang='grc' dir='ltr'>ὄντων</span> <span class='ocrx_word' id='word_1_559' title='bbox 3608 3286 3702 3338; x_wconf 67' lang='grc' dir='ltr'><strong>κα)⁴</strong></span> 
     </span>
    </p>
   </div>
   <div class='ocr_carea' id='block_1_70' title="bbox 2132 3377 3701 3454">
    <p class='ocr_par' dir='ltr' id='par_1_70' title="bbox 2132 3377 3701 3454">
     <span class='ocr_line' id='line_1_70' title="bbox 2132 3377 3701 3454; baseline -0.004 -18"><span class='ocrx_word' id='word_1_560' title='bbox 2132 3383 2209 3454; x_wconf 78' lang='grc' dir='ltr'>μὴ</span> <span class='ocrx_word' id='word_1_561' title='bbox 2253 3381 2585 3452; x_wconf 87' lang='grc' dir='ltr'>λεγομένων,</span> <span class='ocrx_word' id='word_1_562' title='bbox 2632 3380 2860 3443; x_wconf 79' lang='grc' dir='ltr'>εἰκότως</span> <span class='ocrx_word' id='word_1_563' title='bbox 2907 3380 3056 3432; x_wconf 72' lang='grc' dir='ltr'>ἐστὶν</span> <span class='ocrx_word' id='word_1_564' title='bbox 3103 3377 3292 3446; x_wconf 80' lang='grc' dir='ltr'>ἐγγύς.</span> <span class='ocrx_word' id='word_1_565' title='bbox 3345 3378 3552 3447; x_wconf 81' lang='grc' dir='ltr'>’Λπλῆν</span> <span class='ocrx_word' id='word_1_566' title='bbox 3591 3377 3701 3448; x_wconf 76' lang='grc' dir='ltr'><strong>γὰρ</strong></span> 
     </span>
    </p>
   </div>
   <div class='ocr_carea' id='block_1_71' title="bbox 2123 3470 3698 3542">
    <p class='ocr_par' dir='ltr' id='par_1_71' title="bbox 2123 3470 3698 3542">
     <span class='ocr_line' id='line_1_71' title="bbox 2123 3470 3698 3542; baseline -0.005 -13"><span class='ocrx_word' id='word_1_567' title='bbox 2123 3477 2220 3542; x_wconf 59' lang='grc' dir='ltr'>καὶ</span> <span class='ocrx_word' id='word_1_568' title='bbox 2255 3474 2531 3542; x_wconf 75' lang='grc' dir='ltr'>ἄγνωστον</span> <span class='ocrx_word' id='word_1_569' title='bbox 2571 3473 2667 3526; x_wconf 76' lang='grc' dir='ltr'>καὶ</span> <span class='ocrx_word' id='word_1_570' title='bbox 2706 3474 2874 3525; x_wconf 81' lang='grc' dir='ltr'>πᾶσιν</span> <span class='ocrx_word' id='word_1_571' title='bbox 2915 3470 3119 3524; x_wconf 80' lang='grc' dir='ltr'>ἄϐατον</span> <span class='ocrx_word' id='word_1_572' title='bbox 3145 3471 3267 3538; x_wconf 77' lang='grc' dir='ltr'>-εχει</span> <span class='ocrx_word' id='word_1_573' title='bbox 3312 3470 3411 3539; x_wconf 84' lang='grc' dir='ltr'>τὴν</span> <span class='ocrx_word' id='word_1_574' title='bbox 3443 3471 3698 3540; x_wconf 79' lang='grc' dir='ltr'>ὓπαρξιν,</span> 
     </span>
    </p>
   </div>
   <div class='ocr_carea' id='block_1_72' title="bbox 2121 3539 3699 3630">
    <p class='ocr_par' dir='ltr' id='par_1_72' title="bbox 2121 3539 3699 3630">
     <span class='ocr_line' id='line_1_72' title="bbox 2121 3539 3699 3630; baseline -0.003 -13"><span class='ocrx_word' id='word_1_575' title='bbox 2121 3539 2219 3617; x_wconf 64' lang='grc' dir='ltr'><strong>καί</strong></span> <span class='ocrx_word' id='word_1_576' title='bbox 2245 3539 2526 3625; x_wconf 72' lang='grc' dir='ltr'>παντελῶς</span> <span class='ocrx_word' id='word_1_577' title='bbox 2559 3561 2984 3630; x_wconf 79' lang='grc' dir='ltr'>ἀνερμήνευτον,</span> <span class='ocrx_word' id='word_1_578' title='bbox 3015 3561 3109 3612; x_wconf 72' lang='grc' dir='ltr'>καὶ</span> <span class='ocrx_word' id='word_1_579' title='bbox 3138 3558 3320 3628; x_wconf 82' lang='grc' dir='ltr'>πάσης</span> <span class='ocrx_word' id='word_1_580' title='bbox 3342 3539 3699 3627; x_wconf 79' lang='grc' dir='ltr'>καταφάσεώς</span> 
     </span>
    </p>
   </div>
   <div class='ocr_carea' id='block_1_73' title="bbox 2120 3645 3700 3718">
    <p class='ocr_par' dir='ltr' id='par_1_73' title="bbox 2120 3645 3700 3718">
     <span class='ocr_line' id='line_1_73' title="bbox 2120 3645 3700 3718; baseline -0.003 -13"><span class='ocrx_word' id='word_1_581' title='bbox 2120 3669 2181 3705; x_wconf 87' lang='grc' dir='ltr'><strong>τε</strong></span> <span class='ocrx_word' id='word_1_582' title='bbox 2218 3657 2312 3705; x_wconf 81' lang='grc' dir='ltr'>καὶ</span> <span class='ocrx_word' id='word_1_583' title='bbox 2345 3651 2670 3718; x_wconf 80' lang='grc' dir='ltr'>ἀποφάσεως</span> <span class='ocrx_word' id='word_1_584' title='bbox 2713 3645 2878 3702; x_wconf 83' lang='grc' dir='ltr'>οὖσαν</span> <span class='ocrx_word' id='word_1_585' title='bbox 2918 3648 3200 3701; x_wconf 77' lang='grc' dir='ltr'>ἐπέκεινα.</span> <span class='ocrx_word' id='word_1_586' title='bbox 3243 3647 3354 3700; x_wconf 77' lang='grc' dir='ltr'><strong>Καὶ</strong></span> <span class='ocrx_word' id='word_1_587' title='bbox 3395 3647 3568 3700; x_wconf 86' lang='grc' dir='ltr'>ταῦτα</span> <span class='ocrx_word' id='word_1_588' title='bbox 3601 3647 3700 3717; x_wconf 84' lang='grc' dir='ltr'>μὲν</span> 
     </span>
    </p>
   </div>
   <div class='ocr_carea' id='block_1_74' title="bbox 2123 3737 3700 3812">
    <p class='ocr_par' dir='ltr' id='par_1_74' title="bbox 2123 3737 3700 3812">
     <span class='ocr_line' id='line_1_74' title="bbox 2123 3737 3700 3812; baseline -0.004 -16"><span class='ocrx_word' id='word_1_589' title='bbox 2123 3745 2253 3812; x_wconf 71' lang='grc' dir='ltr'>περὶ</span> <span class='ocrx_word' id='word_1_590' title='bbox 2301 3740 2536 3794; x_wconf 78' lang='grc' dir='ltr'>τούτων’</span> <span class='ocrx_word' id='word_1_591' title='bbox 2590 3739 2684 3793; x_wconf 75' lang='grc' dir='ltr'><strong>ἐπὶ</strong></span> <span class='ocrx_word' id='word_1_592' title='bbox 2725 3739 2782 3792; x_wconf 78' lang='grc' dir='ltr'>δὲ</span> <span class='ocrx_word' id='word_1_593' title='bbox 2827 3739 2928 3810; x_wconf 86' lang='grc' dir='ltr'>τὴν</span> <span class='ocrx_word' id='word_1_594' title='bbox 2976 3737 3350 3809; x_wconf 86' lang='grc' dir='ltr'>προκειμένην</span> <span class='ocrx_word' id='word_1_595' title='bbox 3395 3737 3489 3790; x_wconf 91' lang='grc' dir='ltr'><strong>τοῦ</strong></span> <span class='ocrx_word' id='word_1_596' title='bbox 3540 3737 3700 3806; x_wconf 84' lang='grc' dir='ltr'>λόγου</span> 
     </span>
    </p>
   </div>
   <div class='ocr_carea' id='block_1_75' title="bbox 2125 3832 2684 3902">
    <p class='ocr_par' dir='ltr' id='par_1_75' title="bbox 2125 3832 2684 3902">
     <span class='ocr_line' id='line_1_75' title="bbox 2125 3832 2684 3902; baseline -0.007 -15"><span class='ocrx_word' id='word_1_597' title='bbox 2125 3833 2383 3887; x_wconf 83' lang='grc' dir='ltr'>ὑπόθεσιν</span> <span class='ocrx_word' id='word_1_598' title='bbox 2419 3832 2684 3902; x_wconf 78' lang='grc' dir='ltr'>ἔλθωμεν.</span> 
     </span>
    </p>
   </div>
   <div class='ocr_carea' id='block_1_76' title="bbox 444 3921 3702 3994">
    <p class='ocr_par' dir='ltr' id='par_1_76' title="bbox 444 3921 3702 3994">
     <span class='ocr_line' id='line_1_76' title="bbox 444 3921 3702 3994; baseline -0.002 -16"><span class='ocrx_word' id='word_1_599' title='bbox 444 3933 574 3979; x_wconf 92' lang='lat' dir='ltr'><strong>sunt</strong></span> <span class='ocrx_word' id='word_1_600' title='bbox 602 3939 781 3994; x_wconf 86' lang='lat' dir='ltr'><strong>neque</strong></span> <span class='ocrx_word' id='word_1_601' title='bbox 809 3923 1088 3988; x_wconf 88' lang='lat' dir='ltr'><strong>dicuntur,</strong></span> <span class='ocrx_word' id='word_1_602' title='bbox 1124 3923 1326 3978; x_wconf 89' lang='lat' dir='ltr'><strong>merito</strong></span> <span class='ocrx_word' id='word_1_603' title='bbox 1365 3924 1610 3978; x_wconf 89' lang='lat' dir='ltr'><strong>vicinum</strong></span> <span class='ocrx_word' id='word_1_604' title='bbox 1639 3937 1705 3977; x_wconf 90' lang='lat' dir='ltr'><strong>ac</strong></span> <span class='ocrx_word' id='word_1_605' title='bbox 1734 3921 1892 3977; x_wconf 82' lang='lat' dir='ltr'><strong>aﬁ‘me</strong></span> <span class='ocrx_word' id='word_1_606' title='bbox 1921 3931 2026 3978; x_wconf 90' lang='lat' dir='ltr'><strong>est.</strong></span> <span class='ocrx_word' id='word_1_607' title='bbox 2065 3923 2244 3980; x_wconf 86' lang='lat' dir='ltr'><strong>Habet</strong></span> <span class='ocrx_word' id='word_1_608' title='bbox 2305 3925 2453 3979; x_wconf 89' lang='lat' dir='ltr'><strong>enim</strong></span> <span class='ocrx_word' id='word_1_609' title='bbox 2494 3923 2798 3993; x_wconf 87' lang='lat' dir='ltr'><strong>simplicem</strong></span> <span class='ocrx_word' id='word_1_610' title='bbox 2825 3921 3186 3993; x_wconf 80' lang='lat' dir='ltr'><strong>ignotamque</strong></span> <span class='ocrx_word' id='word_1_611' title='bbox 3217 3939 3282 3978; x_wconf 89' lang='lat' dir='ltr'><strong>ac</strong></span> <span class='ocrx_word' id='word_1_612' title='bbox 3307 3922 3521 3978; x_wconf 90' lang='lat' dir='ltr'><strong>cunctis</strong></span> <span class='ocrx_word' id='word_1_613' title='bbox 3549 3921 3702 3974; x_wconf 75' lang='lat' dir='ltr'><strong>inac-</strong></span> 
     </span>
    </p>
   </div>
   <div class='ocr_carea' id='block_1_77' title="bbox 444 4012 3699 4086">
    <p class='ocr_par' dir='ltr' id='par_1_77' title="bbox 444 4012 3699 4086">
     <span class='ocr_line' id='line_1_77' title="bbox 444 4012 3699 4086; baseline -0.001 -18"><span class='ocrx_word' id='word_1_614' title='bbox 444 4029 655 4068; x_wconf 88' lang='lat' dir='ltr'><strong>cessam</strong></span> <span class='ocrx_word' id='word_1_615' title='bbox 708 4013 1104 4078; x_wconf 83' lang='lat' dir='ltr'><strong>substantiam,</strong></span> <span class='ocrx_word' id='word_1_616' title='bbox 1163 4029 1500 4082; x_wconf 86' lang='lat' dir='ltr'><strong>prorsusque</strong></span> <span class='ocrx_word' id='word_1_617' title='bbox 1548 4013 1988 4082; x_wconf 80' lang='lat' dir='ltr'><strong>inexplicabilem</strong></span> <span class='ocrx_word' id='word_1_618' title='bbox 2014 4053 2029 4078; x_wconf 86' lang='lat'><strong>,</strong></span> <span class='ocrx_word' id='word_1_619' title='bbox 2065 4023 2230 4085; x_wconf 87' lang='lat' dir='ltr'><strong>atque</strong></span> <span class='ocrx_word' id='word_1_620' title='bbox 2265 4015 2416 4069; x_wconf 90' lang='lat' dir='ltr'><strong>omni</strong></span> <span class='ocrx_word' id='word_1_621' title='bbox 2450 4029 2575 4084; x_wconf 78' lang='lat' dir='ltr'><strong>cum</strong></span> <span class='ocrx_word' id='word_1_622' title='bbox 2623 4012 2981 4068; x_wconf 77' lang='lat' dir='ltr'><strong>allirmatione</strong></span> <span class='ocrx_word' id='word_1_623' title='bbox 3021 4023 3141 4069; x_wconf 88' lang='lat' dir='ltr'><strong>tum</strong></span> <span class='ocrx_word' id='word_1_624' title='bbox 3207 4014 3498 4086; x_wconf 80' lang='lat' dir='ltr'><strong>negatione</strong></span> <span class='ocrx_word' id='word_1_625' title='bbox 3537 4025 3699 4081; x_wconf 84' lang='lat' dir='ltr'><strong>supe-</strong></span> 
     </span>
    </p>
   </div>
   <div class='ocr_carea' id='block_1_78' title="bbox 445 4105 3469 4180">
    <p class='ocr_par' dir='ltr' id='par_1_78' title="bbox 445 4105 3469 4180">
     <span class='ocr_line' id='line_1_78' title="bbox 445 4105 3469 4180; baseline 0 -19"><span class='ocrx_word' id='word_1_626' title='bbox 445 4107 668 4162; x_wconf 88' lang='lat' dir='ltr'><strong>riorem.</strong></span> <span class='ocrx_word' id='word_1_627' title='bbox 701 4106 878 4176; x_wconf 86' lang='lat' dir='ltr'><strong>Atque</strong></span> <span class='ocrx_word' id='word_1_628' title='bbox 913 4106 1031 4160; x_wconf 66' lang='lat' dir='ltr'><strong>haec</strong></span> <span class='ocrx_word' id='word_1_629' title='bbox 1059 4105 1284 4175; x_wconf 86' lang='lat' dir='ltr'><strong>quidem</strong></span> <span class='ocrx_word' id='word_1_630' title='bbox 1321 4106 1588 4161; x_wconf 89' lang='lat' dir='ltr'><strong>hactenus</strong></span> <span class='ocrx_word' id='word_1_631' title='bbox 1623 4126 1636 4160; x_wconf 89' lang='lat'><strong>:</strong></span> <span class='ocrx_word' id='word_1_632' title='bbox 1674 4108 1741 4162; x_wconf 88' lang='lat' dir='ltr'><strong>ad</strong></span> <span class='ocrx_word' id='word_1_633' title='bbox 1770 4109 2116 4180; x_wconf 88' lang='lat' dir='ltr'><strong>propositum</strong></span> <span class='ocrx_word' id='word_1_634' title='bbox 2139 4123 2272 4164; x_wconf 90' lang='lat' dir='ltr'><strong>vero</strong></span> <span class='ocrx_word' id='word_1_635' title='bbox 2299 4107 2640 4163; x_wconf 88' lang='lat' dir='ltr'><strong>tractationis</strong></span> <span class='ocrx_word' id='word_1_636' title='bbox 2671 4114 3055 4178; x_wconf 81' lang='lat' dir='ltr'><strong>argumentum</strong></span> <span class='ocrx_word' id='word_1_637' title='bbox 3086 4107 3469 4176; x_wconf 86' lang='lat' dir='ltr'><strong>procedamus.</strong></span> 
     </span>
    </p>
   </div>
   <div class='ocr_carea' id='block_1_79' title="bbox 1080 4221 1384 4277">
    <p class='ocr_par' dir='ltr' id='par_1_79' title="bbox 1080 4221 1384 4277">
     <span class='ocr_line' id='line_1_79' title="bbox 1080 4221 1384 4277; baseline 0 -1"><span class='ocrx_word' id='word_1_638' title='bbox 1080 4221 1305 4277; x_wconf 80' lang='lat' dir='ltr'><strong>CAPUT</strong></span> <span class='ocrx_word' id='word_1_639' title='bbox 1344 4222 1384 4276; x_wconf 79' lang='grc'>1.</span> 
     </span>
    </p>
   </div>
   <div class='ocr_carea' id='block_1_80' title="bbox 448 4299 2022 4385">
    <p class='ocr_par' dir='ltr' id='par_1_80' title="bbox 448 4299 2022 4385">
     <span class='ocr_line' id='line_1_80' title="bbox 448 4299 2022 4385; baseline 0.002 -20"><span class='ocrx_word' id='word_1_640' title='bbox 448 4312 736 4378; x_wconf 81' lang='lat' dir='ltr'><strong>Quomodo,</strong></span> <span class='ocrx_word' id='word_1_641' title='bbox 762 4330 824 4366; x_wconf 89' lang='lat' dir='ltr'><strong>ac</strong></span> <span class='ocrx_word' id='word_1_642' title='bbox 846 4329 1082 4384; x_wconf 78' lang='lat' dir='ltr'><strong>quanam</strong></span> <span class='ocrx_word' id='word_1_643' title='bbox 1107 4314 1313 4385; x_wconf 68' lang='lat' dir='ltr'><strong>ratione</strong></span> <span class='ocrx_word' id='word_1_644' title='bbox 1328 4312 1446 4385; x_wconf 81' lang='lat' dir='ltr'><strong>_Dei_</strong></span> <span class='ocrx_word' id='word_1_645' title='bbox 1466 4299 1641 4384; x_wconf 80' lang='lat' dir='ltr'><strong>imago</strong></span> <span class='ocrx_word' id='word_1_646' title='bbox 1669 4322 1826 4383; x_wconf 84' lang='lat' dir='ltr'><strong>atque</strong></span> <span class='ocrx_word' id='word_1_647' title='bbox 1845 4313 2022 4385; x_wconf 81' lang='lat' dir='ltr'><strong>ﬁgura</strong></span> 
     </span>
    </p>
   </div>
   <div class='ocr_carea' id='block_1_81' title="bbox 885 4380 1575 4437">
    <p class='ocr_par' dir='ltr' id='par_1_81' title="bbox 885 4380 1575 4437">
     <span class='ocr_line' id='line_1_81' title="bbox 885 4380 1575 4437; baseline 0.001 -1"><span class='ocrx_word' id='word_1_648' title='bbox 885 4385 952 4436; x_wconf 80' lang='lat' dir='ltr'><strong>sit</strong></span> <span class='ocrx_word' id='word_1_649' title='bbox 980 4393 1166 4436; x_wconf 83' lang='lat' dir='ltr'><strong>sancta</strong></span> <span class='ocrx_word' id='word_1_650' title='bbox 1202 4382 1293 4436; x_wconf 88' lang='lat' dir='ltr'><strong>Dei</strong></span> <span class='ocrx_word' id='word_1_651' title='bbox 1318 4380 1575 4437; x_wconf 83' lang='lat' dir='ltr'><strong>Ecclesia.</strong></span> 
     </span>
    </p>
   </div>
   <div class='ocr_carea' id='block_1_82' title="bbox 2655 4221 3174 4276">
    <p class='ocr_par' dir='ltr' id='par_1_82' title="bbox 2655 4221 3174 4276">
     <span class='ocr_line' id='line_1_82' title="bbox 2655 4221 3174 4276; baseline -0.002 0"><span class='ocrx_word' id='word_1_652' title='bbox 2655 4221 3053 4276; x_wconf 76' lang='grc' dir='ltr'><strong>ΚΕΦΑΛΑΙΟΝ</strong></span> <span class='ocrx_word' id='word_1_653' title='bbox 3097 4223 3174 4275; x_wconf 84' lang='grc' dir='ltr'><strong>Α⁹.</strong></span> 
     </span>
    </p>
   </div>
   <div class='ocr_carea' id='block_1_83' title="bbox 2130 4313 3700 4383">
    <p class='ocr_par' dir='ltr' id='par_1_83' title="bbox 2130 4313 3700 4383">
     <span class='ocr_line' id='line_1_83' title="bbox 2130 4313 3700 4383; baseline 0 -14"><span class='ocrx_word' id='word_1_654' title='bbox 2130 4315 2265 4381; x_wconf 86' lang='grc' dir='ltr'><strong>Πῶς</strong></span> <span class='ocrx_word' id='word_1_655' title='bbox 2299 4332 2362 4369; x_wconf 85' lang='grc' dir='ltr'><strong>τε</strong></span> <span class='ocrx_word' id='word_1_656' title='bbox 2397 4316 2494 4368; x_wconf 80' lang='grc' dir='ltr'><strong>καί</strong></span> <span class='ocrx_word' id='word_1_657' title='bbox 2538 4315 2691 4380; x_wconf 82' lang='grc' dir='ltr'>ποίῳ</span> <span class='ocrx_word' id='word_1_658' title='bbox 2739 4315 2937 4380; x_wconf 80' lang='grc' dir='ltr'>τρόπῳ</span> <span class='ocrx_word' id='word_1_659' title='bbox 2984 4313 3163 4368; x_wconf 72' lang='grc' dir='ltr'>εἰκών</span> <span class='ocrx_word' id='word_1_660' title='bbox 3191 4314 3324 4367; x_wconf 78' lang='grc' dir='ltr'>ἐστι</span> <span class='ocrx_word' id='word_1_661' title='bbox 3379 4315 3478 4369; x_wconf 79' lang='grc' dir='ltr'>καὶ</span> <span class='ocrx_word' id='word_1_662' title='bbox 3512 4317 3700 4383; x_wconf 82' lang='grc' dir='ltr'>τύπος</span> 
     </span>
    </p>
   </div>
   <div class='ocr_carea' id='block_1_84' title="bbox 2517 4383 3297 4452">
    <p class='ocr_par' dir='ltr' id='par_1_84' title="bbox 2517 4383 3297 4452">
     <span class='ocr_line' id='line_1_84' title="bbox 2517 4383 3297 4452; baseline 0 -15"><span class='ocrx_word' id='word_1_663' title='bbox 2517 4383 2664 4438; x_wconf 83' lang='grc' dir='ltr'>Θεοῦ</span> <span class='ocrx_word' id='word_1_664' title='bbox 2699 4385 2738 4452; x_wconf 81' lang='grc' dir='ltr'><strong><em>ή</em></strong></span> <span class='ocrx_word' id='word_1_665' title='bbox 2765 4384 2904 4452; x_wconf 77' lang='grc' dir='ltr'>ἁγία</span> <span class='ocrx_word' id='word_1_666' title='bbox 2945 4385 3297 4450; x_wconf 79' lang='grc' dir='ltr'>Ἐκκλησία.</span> 
     </span>
    </p>
   </div>
   <div class='ocr_carea' id='block_1_85' title="bbox 517 4494 2022 4574">
    <p class='ocr_par' dir='ltr' id='par_1_85' title="bbox 517 4495 2020 4566">
     <span class='ocr_line' id='line_1_85' title="bbox 517 4495 2020 4566; baseline 0.003 -18"><span class='ocrx_word' id='word_1_667' title='bbox 517 4495 750 4549; x_wconf 78' lang='lat' dir='ltr'><strong>Ecclesia</strong></span> <span class='ocrx_word' id='word_1_668' title='bbox 787 4495 880 4549; x_wconf 81' lang='lat' dir='ltr'><strong>Dei</strong></span> <span class='ocrx_word' id='word_1_669' title='bbox 921 4505 1072 4566; x_wconf 82' lang='lat' dir='ltr'><strong>typus</strong></span> <span class='ocrx_word' id='word_1_670' title='bbox 1101 4498 1410 4550; x_wconf 77' lang='lat' dir='ltr'><strong>continentis</strong></span> <span class='ocrx_word' id='word_1_671' title='bbox 1453 4500 1653 4552; x_wconf 85' lang='lat' dir='ltr'><strong>omnia.</strong></span> <span class='ocrx_word' id='word_1_672' title='bbox 1674 4529 1745 4537; x_wconf 91' lang='lat'><strong>—</strong></span> <span class='ocrx_word' id='word_1_673' title='bbox 1765 4499 2020 4554; x_wconf 84' lang='lat' dir='ltr'><strong>Sanctam</strong></span> 
     </span>
    </p>
   </div>
   <div class='ocr_carea' id='block_1_86' title="bbox 2125 4494 3705 4574">
    <p class='ocr_par' dir='ltr' id='par_1_86' title="bbox 2201 4494 3705 4569">
     <span class='ocr_line' id='line_1_86' title="bbox 2201 4494 3705 4569; baseline 0 -18"><span class='ocrx_word' id='word_1_674' title='bbox 2201 4497 2312 4569; x_wconf 87' lang='grc' dir='ltr'><strong>Τὴν</strong></span> <span class='ocrx_word' id='word_1_675' title='bbox 2341 4497 2523 4551; x_wconf 87' lang='grc' dir='ltr'>τοίνυν</span> <span class='ocrx_word' id='word_1_676' title='bbox 2558 4495 2722 4563; x_wconf 87' lang='grc' dir='ltr'>ἁγίαν</span> <span class='ocrx_word' id='word_1_677' title='bbox 2761 4494 3092 4564; x_wconf 84' lang='grc' dir='ltr'>Ἐκκλησίαν</span> <span class='ocrx_word' id='word_1_678' title='bbox 3131 4495 3276 4548; x_wconf 83' lang='grc' dir='ltr'>κατὰ</span> <span class='ocrx_word' id='word_1_679' title='bbox 3313 4495 3540 4567; x_wconf 80' lang='grc' dir='ltr'>πρώτην</span> <span class='ocrx_word' id='word_1_680' title='bbox 3571 4495 3705 4552; x_wconf 83' lang='grc' dir='ltr'>θεω-</span> 
     </span>
    </p>
   </div>
   <div class='ocr_carea' id='block_1_87' title="bbox 445 4587 2031 4660">
    <p class='ocr_par' dir='ltr' id='par_1_87' title="bbox 445 4587 2031 4660">
     <span class='ocr_line' id='line_1_87' title="bbox 445 4587 2031 4660; baseline 0.003 -18"><span class='ocrx_word' id='word_1_681' title='bbox 445 4601 578 4656; x_wconf 83' lang='lat' dir='ltr'><strong>ergo</strong></span> <span class='ocrx_word' id='word_1_682' title='bbox 603 4587 925 4652; x_wconf 74' lang='lat' dir='ltr'><strong>Eeclesiam,</strong></span> <span class='ocrx_word' id='word_1_683' title='bbox 951 4588 1129 4656; x_wconf 91' lang='lat' dir='ltr'><strong>prima</strong></span> <span class='ocrx_word' id='word_1_684' title='bbox 1156 4587 1419 4656; x_wconf 90' lang='lat' dir='ltr'><strong>spiritalis</strong></span> <span class='ocrx_word' id='word_1_685' title='bbox 1442 4589 1819 4660; x_wconf 78' lang='lat' dir='ltr'><strong>intelligentia:</strong></span> <span class='ocrx_word' id='word_1_686' title='bbox 1848 4592 2031 4647; x_wconf 88' lang='lat' dir='ltr'><strong>consi-</strong></span> 
     </span>
    </p>
   </div>
   <div class='ocr_carea' id='block_1_88' title="bbox 447 4677 2030 4753">
    <p class='ocr_par' dir='ltr' id='par_1_88' title="bbox 447 4677 2030 4753">
     <span class='ocr_line' id='line_1_88' title="bbox 447 4677 2030 4753; baseline 0.005 -23"><span class='ocrx_word' id='word_1_687' title='bbox 447 4677 733 4732; x_wconf 86' lang='lat' dir='ltr'><strong>deratione</strong></span> <span class='ocrx_word' id='word_1_688' title='bbox 777 4693 1075 4746; x_wconf 90' lang='lat' dir='ltr'><strong>sensuque,</strong></span> <span class='ocrx_word' id='word_1_689' title='bbox 1109 4678 1206 4732; x_wconf 87' lang='lat' dir='ltr'><strong>Dei</strong></span> <span class='ocrx_word' id='word_1_690' title='bbox 1237 4677 1465 4749; x_wconf 76' lang='lat' dir='ltr'><strong>figuram</strong></span> <span class='ocrx_word' id='word_1_691' title='bbox 1496 4695 1560 4735; x_wconf 90' lang='lat' dir='ltr'><strong>ac</strong></span> <span class='ocrx_word' id='word_1_692' title='bbox 1593 4682 1887 4753; x_wconf 83' lang='lat' dir='ltr'><strong>imaginem</strong></span> <span class='ocrx_word' id='word_1_693' title='bbox 1936 4699 2030 4738; x_wconf 90' lang='lat' dir='ltr'><strong>re-</strong></span> 
     </span>
    </p>
   </div>
   <div class='ocr_carea' id='block_1_89' title="bbox 2130 4584 3706 4660">
    <p class='ocr_par' dir='ltr' id='par_1_89' title="bbox 2130 4584 3706 4660">
     <span class='ocr_line' id='line_1_89' title="bbox 2130 4584 3706 4660; baseline 0.001 -20"><span class='ocrx_word' id='word_1_694' title='bbox 2130 4589 2253 4660; x_wconf 88' lang='grc' dir='ltr'>ρίας</span> <span class='ocrx_word' id='word_1_695' title='bbox 2280 4589 2561 4657; x_wconf 76' lang='grc' dir='ltr'>ἐπιϐολὴν,</span> <span class='ocrx_word' id='word_1_696' title='bbox 2591 4586 2764 4641; x_wconf 83' lang='grc' dir='ltr'>τύπον</span> <span class='ocrx_word' id='word_1_697' title='bbox 2810 4585 2907 4637; x_wconf 78' lang='grc' dir='ltr'>καὶ</span> <span class='ocrx_word' id='word_1_698' title='bbox 2937 4585 3125 4637; x_wconf 87' lang='grc' dir='ltr'>είκόνα</span> <span class='ocrx_word' id='word_1_699' title='bbox 3161 4584 3300 4639; x_wconf 84' lang='grc' dir='ltr'>Θεοῦ</span> <span class='ocrx_word' id='word_1_700' title='bbox 3339 4587 3552 4656; x_wconf 87' lang='grc' dir='ltr'>φέρειν,</span> <span class='ocrx_word' id='word_1_701' title='bbox 3587 4588 3706 4642; x_wconf 77' lang='grc' dir='ltr'>ἔλε-</span> 
     </span>
    </p>
   </div>
   <div class='ocr_carea' id='block_1_90' title="bbox 2127 4673 3706 4749">
    <p class='ocr_par' dir='ltr' id='par_1_90' title="bbox 2127 4673 3706 4749">
     <span class='ocr_line' id='line_1_90' title="bbox 2127 4673 3706 4749; baseline 0 -19"><span class='ocrx_word' id='word_1_702' title='bbox 2127 4695 2220 4746; x_wconf 88' lang='grc' dir='ltr'><strong>γεν</strong></span> <span class='ocrx_word' id='word_1_703' title='bbox 2239 4679 2267 4731; x_wconf 89' lang='grc' dir='ltr'>ὁ</span> <span class='ocrx_word' id='word_1_704' title='bbox 2304 4678 2580 4747; x_wconf 86' lang='grc' dir='ltr'>μακάριος</span> <span class='ocrx_word' id='word_1_705' title='bbox 2626 4674 2686 4742; x_wconf 89' lang='grc' dir='ltr'><strong>γέ</strong></span> <span class='ocrx_word' id='word_1_706' title='bbox 2699 4691 2805 4744; x_wconf 90' lang='grc' dir='ltr'><strong>ρων</strong></span> <span class='ocrx_word' id='word_1_707' title='bbox 2847 4674 3056 4736; x_wconf 77' lang='grc' dir='ltr'>ἐκεῖνος</span> <span class='ocrx_word' id='word_1_708' title='bbox 3075 4691 3090 4705; x_wconf 75' lang='grc' dir='ltr'><strong>ο</strong></span> <span class='ocrx_word' id='word_1_709' title='bbox 3119 4673 3194 4737; x_wconf 86' lang='grc' dir='ltr'>ὡς</span> <span class='ocrx_word' id='word_1_710' title='bbox 3224 4673 3323 4744; x_wconf 80' lang='grc' dir='ltr'>τὴν</span> <span class='ocrx_word' id='word_1_711' title='bbox 3353 4676 3521 4747; x_wconf 78' lang='grc' dir='ltr'>αὐτὴν</span> <span class='ocrx_word' id='word_1_712' title='bbox 3555 4678 3706 4749; x_wconf 86' lang='grc' dir='ltr'><strong>αὐτῷ</strong></span> 
     </span>
    </p>
   </div>
   <div class='ocr_carea' id='block_1_91' title="bbox 447 4765 2022 4843">
    <p class='ocr_par' dir='ltr' id='par_1_91' title="bbox 447 4768 2022 4843">
     <span class='ocr_line' id='line_1_91' title="bbox 447 4768 2022 4843; baseline 0.006 -20"><span class='ocrx_word' id='word_1_713' title='bbox 447 4772 593 4823; x_wconf 81' lang='lat' dir='ltr'><strong>terre</strong></span> <span class='ocrx_word' id='word_1_714' title='bbox 622 4768 840 4822; x_wconf 88' lang='lat' dir='ltr'><strong>dicebat</strong></span> <span class='ocrx_word' id='word_1_715' title='bbox 882 4769 1076 4824; x_wconf 88' lang='lat' dir='ltr'><strong>beatus</strong></span> <span class='ocrx_word' id='word_1_716' title='bbox 1104 4769 1193 4824; x_wconf 86' lang='lat' dir='ltr'><strong>ille</strong></span> <span class='ocrx_word' id='word_1_717' title='bbox 1221 4785 1423 4837; x_wconf 82' lang='lat' dir='ltr'><strong>senex;</strong></span> <span class='ocrx_word' id='word_1_718' title='bbox 1455 4781 1515 4826; x_wconf 91' lang='lat' dir='ltr'><strong>ut</strong></span> <span class='ocrx_word' id='word_1_719' title='bbox 1540 4789 1662 4843; x_wconf 75' lang='lat' dir='ltr'><strong>qua:</strong></span> <span class='ocrx_word' id='word_1_720' title='bbox 1686 4777 1936 4830; x_wconf 86' lang='lat' dir='ltr'><strong>eamdem</strong></span> <span class='ocrx_word' id='word_1_721' title='bbox 1967 4791 2022 4832; x_wconf 76' lang='lat' dir='ltr'><strong>ac</strong></span> 
     </span>
    </p>
   </div>
   <div class='ocr_carea' id='block_1_92' title="bbox 2125 4765 3706 4843">
    <p class='ocr_par' dir='ltr' id='par_1_92' title="bbox 2128 4765 3706 4842">
     <span class='ocr_line' id='line_1_92' title="bbox 2128 4765 3706 4842; baseline -0.001 -18"><span class='ocrx_word' id='word_1_722' title='bbox 2128 4771 2271 4824; x_wconf 85' lang='grc' dir='ltr'>κατὰ</span> <span class='ocrx_word' id='word_1_723' title='bbox 2299 4769 2532 4839; x_wconf 85' lang='grc' dir='ltr'>μίμησιν</span> <span class='ocrx_word' id='word_1_724' title='bbox 2557 4767 2652 4820; x_wconf 72' lang='grc' dir='ltr'>καὶ</span> <span class='ocrx_word' id='word_1_725' title='bbox 2682 4767 2854 4819; x_wconf 86' lang='grc' dir='ltr'>τύπον</span> <span class='ocrx_word' id='word_1_726' title='bbox 2884 4766 3167 4836; x_wconf 78' lang='grc' dir='ltr'>ἐνέργειαν</span> <span class='ocrx_word' id='word_1_727' title='bbox 3206 4765 3454 4836; x_wconf 82' lang='grc' dir='ltr'>ἔχουσαν.</span> <span class='ocrx_word' id='word_1_728' title='bbox 3491 4769 3706 4842; x_wconf 83' lang='grc' dir='ltr'>Ὥσπερ</span> 
     </span>
    </p>
   </div>
   <div class='ocr_carea' id='block_1_93' title="bbox 449 4859 2028 4932">
    <p class='ocr_par' dir='ltr' id='par_1_93' title="bbox 449 4859 2028 4932">
     <span class='ocr_line' id='line_1_93' title="bbox 449 4859 2028 4932; baseline 0.004 -18"><span class='ocrx_word' id='word_1_729' title='bbox 449 4862 565 4923; x_wconf 76' lang='lat' dir='ltr'><strong>ille,</strong></span> <span class='ocrx_word' id='word_1_730' title='bbox 597 4859 902 4916; x_wconf 89' lang='lat' dir='ltr'><strong>imitatione</strong></span> <span class='ocrx_word' id='word_1_731' title='bbox 925 4870 1088 4930; x_wconf 89' lang='lat' dir='ltr'><strong>atque</strong></span> <span class='ocrx_word' id='word_1_732' title='bbox 1117 4861 1289 4932; x_wconf 86' lang='lat' dir='ltr'><strong>ﬁgura</strong></span> <span class='ocrx_word' id='word_1_733' title='bbox 1313 4862 1423 4916; x_wconf 90' lang='lat' dir='ltr'><strong>vim</strong></span> <span class='ocrx_word' id='word_1_734' title='bbox 1453 4879 1517 4918; x_wconf 90' lang='lat' dir='ltr'><strong>ac</strong></span> <span class='ocrx_word' id='word_1_735' title='bbox 1545 4864 1782 4919; x_wconf 78' lang='lat' dir='ltr'><strong>olﬁcium</strong></span> <span class='ocrx_word' id='word_1_736' title='bbox 1809 4867 2028 4923; x_wconf 87' lang='lat' dir='ltr'><strong>habeat.</strong></span> 
     </span>
    </p>
   </div>
   <div class='ocr_carea' id='block_1_94' title="bbox 449 4952 2029 5026">
    <p class='ocr_par' dir='ltr' id='par_1_94' title="bbox 449 4952 2029 5026">
     <span class='ocr_line' id='line_1_94' title="bbox 449 4952 2029 5026; baseline 0.006 -20"><span class='ocrx_word' id='word_1_737' title='bbox 449 4952 922 5020; x_wconf 78' lang='lat' dir='ltr'><strong>Quemadmodum</strong></span> <span class='ocrx_word' id='word_1_738' title='bbox 972 4954 1120 5007; x_wconf 88' lang='lat' dir='ltr'><strong>enim</strong></span> <span class='ocrx_word' id='word_1_739' title='bbox 1173 4955 1352 5021; x_wconf 89' lang='lat' dir='ltr'><strong>Deus,</strong></span> <span class='ocrx_word' id='word_1_740' title='bbox 1406 4957 1500 5026; x_wconf 89' lang='lat' dir='ltr'><strong>qui</strong></span> <span class='ocrx_word' id='word_1_741' title='bbox 1556 4958 1770 5014; x_wconf 91' lang='lat' dir='ltr'><strong>inﬁnita</strong></span> <span class='ocrx_word' id='word_1_742' title='bbox 1821 4959 2029 5014; x_wconf 89' lang='lat' dir='ltr'><strong>virtute</strong></span> 
     </span>
    </p>
   </div>
   <div class='ocr_carea' id='block_1_95' title="bbox 451 5044 2027 5120">
    <p class='ocr_par' dir='ltr' id='par_1_95' title="bbox 451 5044 2027 5120">
     <span class='ocr_line' id='line_1_95' title="bbox 451 5044 2027 5120; baseline 0.004 -22"><span class='ocrx_word' id='word_1_743' title='bbox 451 5053 648 5099; x_wconf 89' lang='lat' dir='ltr'><strong>cuncta</strong></span> <span class='ocrx_word' id='word_1_744' title='bbox 683 5044 971 5108; x_wconf 82' lang='lat' dir='ltr'><strong>creaverit,</strong></span> <span class='ocrx_word' id='word_1_745' title='bbox 1009 5045 1174 5115; x_wconf 88' lang='lat' dir='ltr'><strong>inque</strong></span> <span class='ocrx_word' id='word_1_746' title='bbox 1221 5062 1405 5102; x_wconf 90' lang='lat' dir='ltr'><strong>rerum</strong></span> <span class='ocrx_word' id='word_1_747' title='bbox 1457 5056 1710 5103; x_wconf 91' lang='lat' dir='ltr'><strong>naturam</strong></span> <span class='ocrx_word' id='word_1_748' title='bbox 1744 5050 2027 5120; x_wconf 76' lang='lat' dir='ltr'><strong>produxe-</strong></span> 
     </span>
    </p>
   </div>
   <div class='ocr_carea' id='block_1_96' title="bbox 452 5133 2029 5206">
    <p class='ocr_par' dir='ltr' id='par_1_96' title="bbox 452 5133 2029 5206">
     <span class='ocr_line' id='line_1_96' title="bbox 452 5133 2029 5206; baseline 0.001 -18"><span class='ocrx_word' id='word_1_749' title='bbox 452 5134 546 5192; x_wconf 87' lang='lat' dir='ltr'><strong>rit,</strong></span> <span class='ocrx_word' id='word_1_750' title='bbox 572 5149 635 5188; x_wconf 86' lang='lat' dir='ltr'><strong>ea</strong></span> <span class='ocrx_word' id='word_1_751' title='bbox 659 5133 907 5188; x_wconf 84' lang='lat' dir='ltr'><strong>continet</strong></span> <span class='ocrx_word' id='word_1_752' title='bbox 936 5142 1100 5204; x_wconf 89' lang='lat' dir='ltr'><strong>atque</strong></span> <span class='ocrx_word' id='word_1_753' title='bbox 1127 5135 1354 5206; x_wconf 80' lang='lat' dir='ltr'><strong>colligit,</strong></span> <span class='ocrx_word' id='word_1_754' title='bbox 1385 5137 1664 5206; x_wconf 84' lang='lat' dir='ltr'><strong>ambitque</strong></span> <span class='ocrx_word' id='word_1_755' title='bbox 1695 5137 1938 5202; x_wconf 89' lang='lat' dir='ltr'><strong>deﬁnite,</strong></span> <span class='ocrx_word' id='word_1_756' title='bbox 1964 5151 2029 5191; x_wconf 89' lang='lat' dir='ltr'><strong>ac</strong></span> 
     </span>
    </p>
   </div>
   <div class='ocr_carea' id='block_1_97' title="bbox 454 5225 2028 5296">
    <p class='ocr_par' dir='ltr' id='par_1_97' title="bbox 454 5225 2028 5296">
     <span class='ocr_line' id='line_1_97' title="bbox 454 5225 2028 5296; baseline 0.001 -18"><span class='ocrx_word' id='word_1_757' title='bbox 454 5235 568 5280; x_wconf 90' lang='lat' dir='ltr'><strong>tum</strong></span> <span class='ocrx_word' id='word_1_758' title='bbox 591 5225 860 5288; x_wconf 85' lang='lat' dir='ltr'><strong>invicem,</strong></span> <span class='ocrx_word' id='word_1_759' title='bbox 892 5233 1008 5283; x_wconf 87' lang='lat' dir='ltr'><strong>tum</strong></span> <span class='ocrx_word' id='word_1_760' title='bbox 1041 5225 1146 5280; x_wconf 88' lang='lat' dir='ltr'><strong>sibi</strong></span> <span class='ocrx_word' id='word_1_761' title='bbox 1194 5226 1334 5296; x_wconf 86' lang='lat' dir='ltr'><strong>ipse,</strong></span> <span class='ocrx_word' id='word_1_762' title='bbox 1373 5235 1480 5281; x_wconf 90' lang='lat' dir='ltr'><strong>tam</strong></span> <span class='ocrx_word' id='word_1_763' title='bbox 1509 5243 1631 5296; x_wconf 68' lang='lat' dir='ltr'><strong>quae</strong></span> <span class='ocrx_word' id='word_1_764' title='bbox 1663 5228 1720 5282; x_wconf 90' lang='lat' dir='ltr'><strong>in</strong></span> <span class='ocrx_word' id='word_1_765' title='bbox 1765 5236 2028 5290; x_wconf 89' lang='lat' dir='ltr'><strong>mentem,</strong></span> 
     </span>
    </p>
   </div>
   <div class='ocr_carea' id='block_1_98' title="bbox 453 5316 2031 5387">
    <p class='ocr_par' dir='ltr' id='par_1_98' title="bbox 453 5316 2031 5387">
     <span class='ocr_line' id='line_1_98' title="bbox 453 5316 2031 5387; baseline 0 -17"><span class='ocrx_word' id='word_1_766' title='bbox 453 5331 616 5386; x_wconf 87' lang='lat' dir='ltr'><strong>quam</strong></span> <span class='ocrx_word' id='word_1_767' title='bbox 650 5331 770 5383; x_wconf 84' lang='lat' dir='ltr'><strong>quae</strong></span> <span class='ocrx_word' id='word_1_768' title='bbox 803 5316 858 5368; x_wconf 93' lang='lat' dir='ltr'><strong>in</strong></span> <span class='ocrx_word' id='word_1_769' title='bbox 900 5331 1121 5370; x_wconf 89' lang='lat' dir='ltr'><strong>sensum</strong></span> <span class='ocrx_word' id='word_1_770' title='bbox 1150 5316 1374 5382; x_wconf 88' lang='lat' dir='ltr'><strong>cadunt,</strong></span> <span class='ocrx_word' id='word_1_771' title='bbox 1408 5316 1770 5387; x_wconf 73' lang='lat' dir='ltr'><strong>providentiae</strong></span> <span class='ocrx_word' id='word_1_772' title='bbox 1803 5316 2031 5372; x_wconf 44' lang='lat' dir='ltr'><strong>rationi?</strong></span> 
     </span>
    </p>
   </div>
   <div class='ocr_carea' id='block_1_99' title="bbox 455 5405 2028 5476">
    <p class='ocr_par' dir='ltr' id='par_1_99' title="bbox 455 5405 2028 5476">
     <span class='ocr_line' id='line_1_99' title="bbox 455 5405 2028 5476; baseline 0.002 -17"><span class='ocrx_word' id='word_1_773' title='bbox 455 5405 560 5461; x_wconf 89' lang='lat' dir='ltr'><strong>bus</strong></span> <span class='ocrx_word' id='word_1_774' title='bbox 577 5406 831 5476; x_wconf 82' lang='lat' dir='ltr'><strong>astringit</strong></span> <span class='ocrx_word' id='word_1_775' title='bbox 856 5421 918 5460; x_wconf 89' lang='lat' dir='ltr'><strong>ac</strong></span> <span class='ocrx_word' id='word_1_776' title='bbox 943 5405 1137 5472; x_wconf 88' lang='lat' dir='ltr'><strong>nectit;</strong></span> <span class='ocrx_word' id='word_1_777' title='bbox 1170 5421 1449 5476; x_wconf 81' lang='lat' dir='ltr'><strong>penesque</strong></span> <span class='ocrx_word' id='word_1_778' title='bbox 1473 5406 1714 5476; x_wconf 91' lang='lat' dir='ltr'><strong>seipsum</strong></span> <span class='ocrx_word' id='word_1_779' title='bbox 1739 5415 1801 5460; x_wconf 91' lang='lat' dir='ltr'><strong>ut</strong></span> <span class='ocrx_word' id='word_1_780' title='bbox 1823 5415 2028 5462; x_wconf 91' lang='lat' dir='ltr'><strong>aucto-</strong></span> 
     </span>
    </p>
   </div>
   <div class='ocr_carea' id='block_1_100' title="bbox 457 5497 2034 5567">
    <p class='ocr_par' dir='ltr' id='par_1_100' title="bbox 457 5497 2034 5567">
     <span class='ocr_line' id='line_1_100' title="bbox 457 5497 2034 5567; baseline 0.003 -18"><span class='ocrx_word' id='word_1_781' title='bbox 457 5512 570 5551; x_wconf 89' lang='lat' dir='ltr'><strong>rem</strong></span> <span class='ocrx_word' id='word_1_782' title='bbox 604 5508 660 5552; x_wconf 93' lang='lat' dir='ltr'><strong>et</strong></span> <span class='ocrx_word' id='word_1_783' title='bbox 693 5497 1024 5567; x_wconf 87' lang='lat' dir='ltr'><strong>principium</strong></span> <span class='ocrx_word' id='word_1_784' title='bbox 1055 5513 1120 5552; x_wconf 89' lang='lat' dir='ltr'><strong>ac</strong></span> <span class='ocrx_word' id='word_1_785' title='bbox 1153 5499 1337 5562; x_wconf 83' lang='lat' dir='ltr'><strong>linem,</strong></span> <span class='ocrx_word' id='word_1_786' title='bbox 1385 5513 1506 5567; x_wconf 63' lang='lat' dir='ltr'><strong>qua:</strong></span> <span class='ocrx_word' id='word_1_787' title='bbox 1535 5513 1633 5567; x_wconf 88' lang='lat' dir='ltr'><strong>per</strong></span> <span class='ocrx_word' id='word_1_788' title='bbox 1667 5507 1915 5553; x_wconf 88' lang='lat' dir='ltr'><strong>naturam</strong></span> <span class='ocrx_word' id='word_1_789' title='bbox 1952 5499 2034 5553; x_wconf 82' lang='lat' dir='ltr'><strong>in-</strong></span> 
     </span>
    </p>
   </div>
   <div class='ocr_carea' id='block_1_101' title="bbox 2129 4857 3709 4934">
    <p class='ocr_par' dir='ltr' id='par_1_101' title="bbox 2129 4857 3709 4934">
     <span class='ocr_line' id='line_1_101' title="bbox 2129 4857 3709 4934; baseline 0 -19"><span class='ocrx_word' id='word_1_790' title='bbox 2129 4863 2238 4934; x_wconf 87' lang='grc' dir='ltr'>γὰρ</span> <span class='ocrx_word' id='word_1_791' title='bbox 2283 4864 2311 4915; x_wconf 85' lang='grc' dir='ltr'>ὁ</span> <span class='ocrx_word' id='word_1_792' title='bbox 2358 4861 2492 4924; x_wconf 85' lang='grc' dir='ltr'>Θεὸς</span> <span class='ocrx_word' id='word_1_793' title='bbox 2529 4860 2708 4913; x_wconf 82' lang='grc' dir='ltr'>πάντα</span> <span class='ocrx_word' id='word_1_794' title='bbox 2734 4861 2802 4928; x_wconf 86' lang='grc' dir='ltr'>τῇ</span> <span class='ocrx_word' id='word_1_795' title='bbox 2829 4858 3044 4926; x_wconf 84' lang='grc' dir='ltr'>ἀπείρῳ</span> <span class='ocrx_word' id='word_1_796' title='bbox 3094 4857 3323 4924; x_wconf 83' lang='grc' dir='ltr'>δυνάμει</span> <span class='ocrx_word' id='word_1_797' title='bbox 3354 4860 3586 4929; x_wconf 86' lang='grc' dir='ltr'>ποιήσας</span> <span class='ocrx_word' id='word_1_798' title='bbox 3616 4863 3709 4915; x_wconf 78' lang='grc' dir='ltr'>καὶ</span> 
     </span>
    </p>
   </div>
   <div class='ocr_carea' id='block_1_102' title="bbox 2136 4948 3707 5022">
    <p class='ocr_par' dir='ltr' id='par_1_102' title="bbox 2136 4948 3707 5022">
     <span class='ocr_line' id='line_1_102' title="bbox 2136 4948 3707 5022; baseline 0 -17"><span class='ocrx_word' id='word_1_799' title='bbox 2136 4954 2215 5015; x_wconf 86' lang='grc' dir='ltr'><strong>είς</strong></span> <span class='ocrx_word' id='word_1_800' title='bbox 2254 4952 2316 5004; x_wconf 81' lang='grc' dir='ltr'>τὸ</span> <span class='ocrx_word' id='word_1_801' title='bbox 2346 4948 2485 5004; x_wconf 77' lang='grc' dir='ltr'>εἶναι</span> <span class='ocrx_word' id='word_1_802' title='bbox 2535 4948 2894 5022; x_wconf 83' lang='grc' dir='ltr'>παραγαγὼν,</span> <span class='ocrx_word' id='word_1_803' title='bbox 2932 4949 3145 5018; x_wconf 83' lang='grc' dir='ltr'>συνέχει</span> <span class='ocrx_word' id='word_1_804' title='bbox 3197 4952 3292 5003; x_wconf 80' lang='grc' dir='ltr'>καὶ</span> <span class='ocrx_word' id='word_1_805' title='bbox 3341 4951 3563 5020; x_wconf 78' lang='grc' dir='ltr'>συνάγει</span> <span class='ocrx_word' id='word_1_806' title='bbox 3613 4955 3707 5006; x_wconf 78' lang='grc' dir='ltr'>καὶ</span> 
     </span>
    </p>
   </div>
   <div class='ocr_carea' id='block_1_103' title="bbox 2139 5040 3709 5115">
    <p class='ocr_par' dir='ltr' id='par_1_103' title="bbox 2139 5040 3709 5115">
     <span class='ocr_line' id='line_1_103' title="bbox 2139 5040 3709 5115; baseline 0.001 -20"><span class='ocrx_word' id='word_1_807' title='bbox 2139 5043 2489 5115; x_wconf 77' lang='grc' dir='ltr'>περιγράφει,</span> <span class='ocrx_word' id='word_1_808' title='bbox 2536 5042 2628 5095; x_wconf 81' lang='grc' dir='ltr'>καὶ</span> <span class='ocrx_word' id='word_1_809' title='bbox 2673 5040 2924 5110; x_wconf 84' lang='grc' dir='ltr'>ἀλλήλοις</span> <span class='ocrx_word' id='word_1_810' title='bbox 2966 5041 3059 5094; x_wconf 79' lang='grc' dir='ltr'>καὶ</span> <span class='ocrx_word' id='word_1_811' title='bbox 3099 5040 3280 5111; x_wconf 78' lang='grc' dir='ltr'>ἑαυτῷ</span> <span class='ocrx_word' id='word_1_812' title='bbox 3332 5044 3709 5112; x_wconf 85' lang='grc' dir='ltr'>προνοητικῶς</span> 
     </span>
    </p>
   </div>
   <div class='ocr_carea' id='block_1_104' title="bbox 2136 5128 3708 5201">
    <p class='ocr_par' dir='ltr' id='par_1_104' title="bbox 2136 5128 3708 5201">
     <span class='ocr_line' id='line_1_104' title="bbox 2136 5128 3708 5201; baseline 0 -15"><span class='ocrx_word' id='word_1_813' title='bbox 2136 5133 2549 5200; x_wconf 83' lang='grc' dir='ltr'>ὲνδιασφίγγει⁶</span> <span class='ocrx_word' id='word_1_814' title='bbox 2603 5131 2672 5184; x_wconf 84' lang='grc' dir='ltr'>τά</span> <span class='ocrx_word' id='word_1_815' title='bbox 2711 5147 2769 5182; x_wconf 88' lang='grc' dir='ltr'><strong>τε</strong></span> <span class='ocrx_word' id='word_1_816' title='bbox 2822 5128 2991 5198; x_wconf 86' lang='grc' dir='ltr'>νοητὰ</span> <span class='ocrx_word' id='word_1_817' title='bbox 3042 5130 3138 5182; x_wconf 72' lang='grc' dir='ltr'>καὶ</span> <span class='ocrx_word' id='word_1_818' title='bbox 3183 5130 3250 5182; x_wconf 83' lang='grc' dir='ltr'>τὰ</span> <span class='ocrx_word' id='word_1_819' title='bbox 3300 5131 3568 5201; x_wconf 75' lang='grc' dir='ltr'>αἰσθητά·</span> <span class='ocrx_word' id='word_1_820' title='bbox 3613 5134 3708 5185; x_wconf 81' lang='grc' dir='ltr'>καὶ</span> 
     </span>
    </p>
   </div>
   <div class='ocr_carea' id='block_1_105' title="bbox 2138 5223 3710 5295">
    <p class='ocr_par' dir='ltr' id='par_1_105' title="bbox 2138 5223 3710 5295">
     <span class='ocr_line' id='line_1_105' title="bbox 2138 5223 3710 5295; baseline 0.002 -17"><span class='ocrx_word' id='word_1_821' title='bbox 2138 5225 2268 5294; x_wconf 68' lang='grc' dir='ltr'>περὶ</span> <span class='ocrx_word' id='word_1_822' title='bbox 2305 5224 2498 5277; x_wconf 80' lang='grc' dir='ltr'>ἑαυτὸν</span> <span class='ocrx_word' id='word_1_823' title='bbox 2541 5223 2617 5285; x_wconf 83' lang='grc' dir='ltr'>ὡς</span> <span class='ocrx_word' id='word_1_824' title='bbox 2669 5223 2850 5277; x_wconf 85' lang='grc' dir='ltr'>αἰτίαν</span> <span class='ocrx_word' id='word_1_825' title='bbox 2890 5224 2984 5276; x_wconf 62' lang='grc' dir='ltr'><strong>καὶ⁸</strong></span> <span class='ocrx_word' id='word_1_826' title='bbox 3023 5224 3200 5295; x_wconf 76' lang='grc' dir='ltr'>ἀρχὴν</span> <span class='ocrx_word' id='word_1_827' title='bbox 3227 5226 3321 5278; x_wconf 74' lang='grc' dir='ltr'>καὶ</span> <span class='ocrx_word' id='word_1_828' title='bbox 3346 5225 3500 5288; x_wconf 81' lang='grc' dir='ltr'>τέλος</span> <span class='ocrx_word' id='word_1_829' title='bbox 3528 5226 3710 5281; x_wconf 79' lang='grc' dir='ltr'>πάντα</span> 
     </span>
    </p>
   </div>
   <div class='ocr_carea' id='block_1_106' title="bbox 2140 5311 3708 5386">
    <p class='ocr_par' dir='ltr' id='par_1_106' title="bbox 2140 5311 3708 5386">
     <span class='ocr_line' id='line_1_106' title="bbox 2140 5311 3708 5386; baseline 0.001 -19"><span class='ocrx_word' id='word_1_830' title='bbox 2140 5313 2513 5384; x_wconf 63' lang='grc' dir='ltr'>πρικρατῶν,</span> <span class='ocrx_word' id='word_1_831' title='bbox 2549 5312 2617 5365; x_wconf 85' lang='grc' dir='ltr'>τὰ</span> <span class='ocrx_word' id='word_1_832' title='bbox 2659 5312 2801 5365; x_wconf 81' lang='grc' dir='ltr'>κατὰ</span> <span class='ocrx_word' id='word_1_833' title='bbox 2847 5311 2947 5383; x_wconf 80' lang='grc' dir='ltr'>τὴν</span> <span class='ocrx_word' id='word_1_834' title='bbox 2999 5312 3164 5382; x_wconf 83' lang='grc' dir='ltr'>φύσιν</span> <span class='ocrx_word' id='word_1_835' title='bbox 3207 5311 3453 5384; x_wconf 82' lang='grc' dir='ltr'>ἀλλήλων</span> <span class='ocrx_word' id='word_1_836' title='bbox 3490 5313 3708 5386; x_wconf 85' lang='grc' dir='ltr'>διεστη-</span> 
     </span>
    </p>
   </div>
   <div class='ocr_carea' id='block_1_107' title="bbox 2137 5405 3709 5478">
    <p class='ocr_par' dir='ltr' id='par_1_107' title="bbox 2137 5405 3709 5478">
     <span class='ocr_line' id='line_1_107' title="bbox 2137 5405 3709 5478; baseline 0 -17"><span class='ocrx_word' id='word_1_837' title='bbox 2137 5408 2294 5474; x_wconf 85' lang='grc' dir='ltr'>κότα,</span> <span class='ocrx_word' id='word_1_838' title='bbox 2329 5407 2470 5460; x_wconf 84' lang='grc' dir='ltr'>κατὰ</span> <span class='ocrx_word' id='word_1_839' title='bbox 2504 5406 2634 5476; x_wconf 88' lang='grc' dir='ltr'>μίαν</span> <span class='ocrx_word' id='word_1_840' title='bbox 2664 5405 2763 5476; x_wconf 83' lang='grc' dir='ltr'>τὴν</span> <span class='ocrx_word' id='word_1_841' title='bbox 2797 5405 2933 5474; x_wconf 82' lang='grc' dir='ltr'>πρὸς</span> <span class='ocrx_word' id='word_1_842' title='bbox 2963 5407 3128 5460; x_wconf 86' lang='grc' dir='ltr'>αὐτὸν</span> <span class='ocrx_word' id='word_1_843' title='bbox 3157 5407 3231 5470; x_wconf 83' lang='grc' dir='ltr'>ὡς</span> <span class='ocrx_word' id='word_1_844' title='bbox 3259 5406 3434 5478; x_wconf 81' lang='grc' dir='ltr'>ἀρχὴν</span> <span class='ocrx_word' id='word_1_845' title='bbox 3469 5407 3709 5478; x_wconf 85' lang='grc' dir='ltr'>σχέσεως</span> 
     </span>
    </p>
   </div>
   <div class='ocr_carea' id='block_1_108' title="bbox 2139 5496 3708 5571">
    <p class='ocr_par' dir='ltr' id='par_1_108' title="bbox 2139 5496 3708 5571">
     <span class='ocr_line' id='line_1_108' title="bbox 2139 5496 3708 5571; baseline -0.001 -19"><span class='ocrx_word' id='word_1_846' title='bbox 2139 5498 2372 5568; x_wconf 83' lang='grc' dir='ltr'>δύναμιν</span> <span class='ocrx_word' id='word_1_847' title='bbox 2424 5496 2674 5567; x_wconf 84' lang='grc' dir='ltr'>ἀλλήλοις</span> <span class='ocrx_word' id='word_1_848' title='bbox 2728 5497 3118 5557; x_wconf 83' lang='grc' dir='ltr'>συννενευκότα</span> <span class='ocrx_word' id='word_1_849' title='bbox 3170 5501 3342 5552; x_wconf 82' lang='grc' dir='ltr'>ποιεί·</span> <span class='ocrx_word' id='word_1_850' title='bbox 3375 5498 3495 5551; x_wconf 84' lang='grc' dir='ltr'>καθ’</span> <span class='ocrx_word' id='word_1_851' title='bbox 3522 5498 3589 5571; x_wconf 76' lang='grc' dir='ltr'>ἦν</span> <span class='ocrx_word' id='word_1_852' title='bbox 3628 5499 3708 5564; x_wconf 83' lang='grc' dir='ltr'><strong>είς</strong></span> 
     </span>
    </p>
   </div>
   <div class='ocr_carea' id='block_1_109' title="bbox 1758 5653 2426 5709">
    <p class='ocr_par' dir='ltr' id='par_1_109' title="bbox 1758 5653 2426 5709">
     <span class='ocr_line' id='line_1_109' title="bbox 1758 5653 2426 5709; baseline 0.001 -1"><span class='ocrx_word' id='word_1_853' title='bbox 1758 5653 1989 5708; x_wconf 67' lang='lat' dir='ltr'><strong>VARle</strong></span> <span class='ocrx_word' id='word_1_854' title='bbox 2023 5653 2426 5709; x_wconf 71' lang='lat' dir='ltr'><strong>LECTIONES.</strong></span> 
     </span>
    </p>
   </div>
   <div class='ocr_carea' id='block_1_110' title="bbox 575 5744 1505 5807">
    <p class='ocr_par' dir='ltr' id='par_1_110' title="bbox 575 5744 1505 5807">
     <span class='ocr_line' id='line_1_110' title="bbox 575 5744 1505 5807; baseline 0.003 -11"><span class='ocrx_word' id='word_1_855' title='bbox 575 5744 662 5796; x_wconf 81' lang='lat' dir='ltr'><strong>Fr.</strong></span> <span class='ocrx_word' id='word_1_856' title='bbox 697 5745 951 5807; x_wconf 70' lang='grc' dir='ltr'>εὐσεϐῶς.</span> <span class='ocrx_word' id='word_1_857' title='bbox 1033 5746 1051 5774; x_wconf 78' lang='grc'>⁸</span> <span class='ocrx_word' id='word_1_858' title='bbox 1081 5747 1170 5799; x_wconf 78' lang='grc' dir='ltr'><strong>τοῦ</strong></span> <span class='ocrx_word' id='word_1_859' title='bbox 1202 5745 1338 5798; x_wconf 81' lang='grc' dir='ltr'>εἶναι</span> <span class='ocrx_word' id='word_1_860' title='bbox 1365 5761 1412 5800; x_wconf 87' lang='lat' dir='ltr'><strong>c.</strong></span> <span class='ocrx_word' id='word_1_861' title='bbox 1443 5747 1505 5800; x_wconf 73' lang='grc' dir='ltr'>Η.</span> 
     </span>
    </p>
   </div>
  </div>
