4094 6404
411 358 518 421 665

1801 358 2305 423 MYSTAGOGIA.

3660 188 3687 197 ..-

3562 368 3677 430 (ἶῦὸ

407 462 716 533 ταυτότητα
763 463 1032 535 κινήσεώς
1059 481 1119 518 τε
1168 465 1262 520 καὶ
1298 467 1586 538 ὑπάρξεως
1615 468 1982 541 ἁδιάφθορονε

2095 483 2177 529 ter
2206 491 2263 530 se
2294 476 2722 547 disjunctissima
2765 485 2913 540 sunt,
2941 477 3315 546 complectens
3341 477 3545 541 omnia,
3573 496 3672 548 per

408 560 509 613 καὶ
536 557 847 626 ἀσόγχυτον
879 556 1072 624 ἄγεται
1107 558 1175 611 τὰ
1212 557 1408 622 πάντα,
1442 560 1578 629 πρὸς
1602 560 1755 612 οὐδὲν
1775 561 1988 626 οὐδενὸς

406 651 519 705 τῶν
544 649 714 703 ὄντων
758 649 1188 719 προηγουμένως
1232 652 1372 704 κατὰ
1406 653 1623 719 φύσεως
1650 652 1915 724 διαφορὰν
1952 656 1985 724 ἢ

410 744 678 814 κινήσεως
708 740 1090 804 στασιάζοντός
1112 758 1173 794 τε
1199 742 1293 795 καὶ
1321 744 1698 814 διαιρουμένου
1721 761 1734 774 ·
1768 746 1988 799 πάντων

413 836 553 889 πᾶσι
600 833 742 887 κατὰ
780 833 880 899 τὴν
923 832 1054 903 μίαν
1100 833 1202 904 τῆς
1249 834 1419 905 μόνης
1461 836 1636 906 ἀρχῆς
1666 837 1760 890 καὶ
1806 837 1990 901 αἰτίας

412 926 697 980 ἀδιάλυτον
736 924 920 995 σχέσιν
957 941 1018 978 τε
1047 926 1148 979 καὶ
1186 925 1433 997 φρουρὰν
1476 927 1738 999 ἀφύρτως
1773 945 1989 999 συμπε-

418 1015 668 1084 φυκότων
687 1029 703 1043 ·
734 1013 834 1085 τὴν
867 1012 1048 1077 πάσας
1078 1029 1140 1067 τε
1161 1014 1257 1068 καὶ
1283 1015 1377 1068 ἐπὶ
1403 1018 1538 1070 πᾶσι
1565 1017 1706 1071 κατὰ
1731 1019 1830 1089 τὴν
1855 1019 1988 1074 ἐκά-

419 1122 545 1158 στου
569 1104 681 1158 τῶν
726 1104 897 1159 ὄντων
924 1105 1088 1172 φύσιν
1121 1103 1504 1177 θεωρουμένας
1537 1107 1713 1171 ἰδηιάς
1741 1110 1983 1180 σχέσεις,

415 1193 799 1264 καωργοῦσὰν
842 1210 903 1246 τε
955 1196 1052 1249 καὶ
1088 1196 1603 1252 ἐπικαλύπτουσαν·
1628 1199 1792 1270 οὺτῷ
1832 1201 1986 1269 φθεί-

413 1303 530 1356 ρειν
558 1285 730 1348 αὐτὰς
756 1286 852 1339 καὶ
889 1286 1134 1357 ἀναιρεῖν
1178 1288 1272 1340 καὶ
1316 1287 1392 1360 μὴ
1422 1284 1561 1343 εἶναι
1598 1293 1808 1344 ποιεῖν·
1846 1293 1983 1349 ἀλλὰ

408 1375 489 1447 τῷ
502 1378 678 1448 ,νικᾷν
707 1380 804 1430 καὶ
839 1378 1297 1448 ὑπερφαίνεσθαι,
1320 1379 1509 1451 ὥσπερ
1542 1382 1733 1452 όλότης
1762 1384 1948 1455 μερῶν
1967 1402 1981 1416 ·

411 1467 443 1538 ἢ
478 1470 570 1522 καλ⁸
603 1469 772 1537 αὐτῆς
802 1468 952 1522 αἰτία
982 1469 1081 1540 τῆς
1106 1470 1358 1540 ὁλότητος
1389 1474 1788 1545 ἐπιφαινομένη
1808 1492 1822 1505 ν
1861 1476 1983 1530 καθ’

411 1560 481 1629 ἣν
503 1560 537 1629 ἦ
572 1576 631 1612 τε
656 1559 849 1629 όλότης
874 1559 1034 1630 αὐτὴ,
1063 1560 1159 1613 καὶ
1187 1563 1256 1614 τὰ
1285 1564 1384 1633 τῆς
1407 1562 1660 1633 ὁλότητος
1686 1565 1828 1636 μέρη
1860 1567 1987 1635 φαίο

406 1650 599 1704 νεσθαί
630 1667 691 1703 τε
731 1651 827 1703 καὶ
872 1647 1011 1704 εἰναι
1069 1652 1317 1720 πέφυκεν
1343 1675 1359 1691 ο
1385 1652 1460 1716 ὡς
1506 1653 1637 1725 ὅλην
1664 1647 1857 1726 ἔχοντα
1884 1658 1985 1729 τὴν

405 1743 589 1796 αἰτίαν
628 1743 840 1796 ἑαυτῶν
889 1743 1396 1815 ὑπερλάμπουσαν·
1449 1738 1546 1800 καὶ
1607 1746 1798 1821 ὥσπερ
1833 1750 1986 1820 ἥλιος

2092 582 2277 631 unam,
2302 584 2407 637 qua
2439 567 2507 621 ad
2536 568 2715 637 ipsum
2743 575 3151 636 comparantur,
3175 568 3515 623 habitudinis
3538 568 3670 633 vim,

2090 672 2278 712 secum
2329 672 2524 714 mutuo
2569 658 2889 729 conSpirare
2937 674 3002 713 ac
3049 661 3362 714 consentire
3412 661 3570 727 facit;
3616 662 3672 717 vi

2089 750 2247 818 cujus
2283 749 2353 804 ad
2398 766 2562 805 unam
2608 749 2972 818 eamdemque
3018 759 3200 804 motus
3246 764 3311 803 ac
3357 750 3674 806 substantiae

2090 839 2391 904 rationem,
2439 840 2577 894 nihil
2630 846 2744 893 tum
2780 838 3118 894 discriminis
3166 846 3281 892 tum
3331 840 3672 895 confusionis

2089 932 2408 999 habentem,
2439 942 2678 1004 aguntur
2723 934 3015 999 universa;
3045 932 3118 987 ita
3162 940 3226 987 ut
3267 932 3419 987 nulla
3470 948 3560 987 res
3602 932 3680 987 ab

2089 1024 2198 1079 ulla
2229 1015 2336 1080 alia
2362 1025 2621 1096 primaria
2648 1024 2862 1079 ratione
2896 1039 2995 1093 per
3022 1032 3235 1078 naturae
3279 1030 3532 1078 motusve
3554 1021 3672 1078 dis-

2089 1116 2412 1193 tinctionem
2456 1115 2720 1171 dissideat
2761 1130 2827 1170 ac
2867 1115 3184 1182 dirimatur,
3215 1114 3509 1184 omniaque
3549 1129 3673 1168 om-

2086 1208 2251 1263 nibus
2274 1223 2374 1277 per
2407 1220 2572 1261 unam
2603 1207 2887 1276 solamque
2917 1205 3177 1276 principii
3207 1219 3272 1258 ac
3298 1220 3477 1260 causa:
3498 1204 3672 1259 indis-

2087 1298 2378 1353 solubilem
2410 1296 2789 1350 habitudinem
2826 1312 2889 1350 ac
2922 1295 3228 1350 custodiam
3260 1294 3549 1350 inconfuse
3574 1312 3670 1350 co-

2088 1390 2368 1455 haareant;
2413 1390 2683 1459 ejusmodi
2722 1390 3102 1453 exsistentem,
3137 1398 3197 1443 ut
3241 1404 3455 1452 omnes,
3504 1388 3671 1457 inque

2086 1484 2364 1557 omnibus,
2396 1482 2561 1554 494
2592 1497 2694 1552 pro
2722 1484 2987 1553 'cujusque
3019 1482 3097 1535 rei
3129 1491 3325 1536 natura
3358 1480 3681 1536 considera-.

2087 1583 2189 1639 tas,
2220 1576 2470 1646 proprias
2494 1573 2846 1629 habitudines
2868 1589 2962 1628 seu
2995 1574 3309 1637 relationes,
3333 1571 3585 1642 antiquet
3606 1587 3672 1625 ac

2086 1666 2341 1737 obtegat;
2366 1682 2474 1721 non
2507 1682 2573 1722 ea
2602 1665 2814 1721 ratione
2846 1674 2907 1721 ut
2932 1672 3251 1735 corrumpat
3289 1664 3576 1733 tollatque,
3613 1671 3671 1717 ct

2086 1764 2149 1809 ut
2182 1757 2406 1810 minime
2450 1756 2581 1821 sint,
2627 1755 2859 1822 eﬂiciat;
2892 1756 2988 1812 sed
3023 1755 3107 1811 sui
3138 1754 3391 1819 victoria,
3427 1769 3491 1808 ac
3520 1753 3669 1823 quod

414 1830 751 1903 ὑπερφανεὶς
796 1810 1042 1904 ἀστέρών
1074 1810 1167 1888 καὶ
1214 1834 1379 1905 φύσιν
1403 1837 1499 1890 καὶ
1536 1810 1797 1909 δύναμιν,
1837 1810 1982 1895 όῦτω

2084 1847 2341 1918 superior
2381 1847 2491 1902 illis
2528 1847 2768 1912 eluceat,
2798 1862 2864 1902 ac
2890 1848 3043 1902 velut
3074 1852 3186 1900 tota
3217 1845 3459 1915 partium
3502 1844 3665 1915 ratio,

409 1926 508 1995 τὴν
537 1928 716 1980 αὐτῶν
758 1926 839 1989 ὡς
881 1927 1142 1980 αἰτιατῶν
1176 1929 1358 1982 αἰτίαν
1383 1931 1772 1987 καλύπτουσαν
1801 1932 1985 2005 ῦπαρ-

412 2019 517 2085 ξιν.
544 2020 761 2089 Πέφυκε
806 2022 915 2093 γὰρ
957 2021 1150 2093 ὥσπερ
1193 2023 1259 2076 ὲκ
1305 2024 1405 2094 τῆς
1441 2025 1694 2096 ὁλότητος
1721 2027 1789 2081 τὰ
1819 2029 1984 2100 μέρη,

411 2115 557 2169 εῦτω
583 2116 636 2169 δὲ
656 2118 766 2169 κὰκ
789 2116 892 2186 τῆς
917 2117 1096 2180 αἰτίας
1117 2118 1190 2171 τὰ
1211 2120 1434 2173 αἰτιατά
1460 2121 1556 2174 καὶ
1589 2110 1737 2176 εἰναι
1753 2123 1982 2195 κυρίως,

2083 1939 2200 1995 sive
2240 1939 2409 1993 etiam
2453 1938 2629 2009 ipsius
2668 1953 2854 2002 causa,
2886 1938 3057 1992 totius
3091 1936 3343 1998 rationis,
3370 1942 3665 2005 appareat;

2080 2045 2183 2099 per
2211 2044 2376 2098 quam
2400 2043 2531 2083 cum
2562 2036 2677 2083 tota
2702 2027 2820 2098 ipsa
2853 2029 3014 2092 ratio,
3048 2036 3162 2081 tum
3193 2028 3316 2098 ejus
3340 2026 3512 2081 totius
3543 2040 3670 2093 par-

2083 2129 2188 2186 tes,
2215 2126 2600 2190 ut‘appareant
2644 2133 2708 2172 ac
2750 2118 2883 2182 sint,
2916 2116 3125 2172 sortita:
3164 2126 3314 2180 sunt,
3342 2125 3403 2170 ut
3429 2131 3553 2184 qua:
3583 2123 3671 2168 to-

413 2207 509 2261 καὶ
545 2208 931 2276 γνωρίζεσθαι,
957 2211 1054 2263 καὶ
1074 2209 1174 2277 τὴν
1204 2211 1415 2266 ἑαυτῶν
1446 2213 1818 2282 σχολάζουσαν
1839 2215 1982 2286 ἔχειν

2082 2218 2194 2265 tam
2216 2224 2441 2265 causam
2469 2207 2663 2277 purius
2693 2207 2970 2277 altiusque
3015 2205 3311 2261 micantem
3353 2222 3417 2260 ac
3448 2204 3670 2275 praeful—

413 2301 667 2371 ίδιότητα,
716 2302 878 2372 ἡνίκα
912 2303 1026 2372 ’τῆς
1071 2303 1209 2372 πρὸς
1248 2304 1349 2374 τὴν
1410 2306 1590 2361 αἰτίαν
1638 2309 1982 2379 ἁναφορᾶςη

2082 2311 2301 2372 gentem
2342 2301 2628 2356 obtineant
2661 2317 2675 2354 :
2706 2315 2830 2369 quae
2860 2298 3134 2376 nimirum
3168 2296 3335 2370 (sicut
3365 2297 3445 2352 sol
3479 2304 3674 2366 poten-

403 2391 836 2462 περιληφθέντα,
869 2391 1077 2462 ¹ποιωθῇ
1108 2392 1175 2445 δι’
1208 2393 1364 2466 ὅλου·
1395 2395 1538 2448 κατὰ
1581 2395 1680 2467 τὴν
1729 2398 1877 2467 μίαν,
1911 2398 1982 2461 ὡς

2082 2395 2223 2450 tiore
2275 2392 2483 2448 lumine
2537 2408 2602 2447 ac
2645 2391 2853 2446 clarius
2901 2391 3147 2456 micans,
3204 2389 3491 2445 stellarum
3544 2402 3672 2441 cum

402 2481 644 2552 εἴρηται,
692 2485 795 2552 τῆς
842 2483 979 2554 πρὸς
1026 2481 1196 2554 αὐτὴν
1234 2486 1471 2554 σχέσεως
1513 2478 1764 2556 δύναμιν.
1797 2490 1982 2544 Πάντα

2082 2493 2368 2548 naturam,
2407 2491 2521 2536 tum
2570 2481 2794 2536 lucendi
2842 2479 3017 2552 vim),
3065 2480 3148 2536 sic
3196 2480 3456 2544 illorum,
3491 2494 3673 2533 causa;

403 2571 517 2642 γὰρ
566 2574 625 2625 ἐν
674 2574 844 2626 πᾶσιν
886 2571 982 2637 ὣν,
1012 2574 1041 2626 ό
1074 2573 1327 2644 ἀπείροις
1374 2576 1591 2647 μέτροις
1633 2578 1773 2649 ὑπὲρ
1803 2579 1981 2633 πάντα

2082 2575 2413 2644 ριτεειαιιιία,
2437 2574 2592 2629 velut
2616 2572 2942 2628 eﬁ‘ectorum
2966 2572 3233 2635 obscuret
3265 2570 3662 2640 praestantiam.

402 2661 558 2727 Θεὸς,
594 2661 903 2733 μονώτατος
934 2665 1045 2725 τοῖς
1070 2660 1332 2735 καθαροῖς
1363 2666 1463 2733 τὴν
1505 2667 1746 2721 διάνοιαν
1779 2653 1979 2739 ὁραθῆ-

2082 2665 2175 2720 Sic
2202 2665 2351 2721 enim
2383 2672 2761 2734 comparatum
2789 2671 2894 2726 est,
2931 2672 2994 2718 ut
3024 2662 3170 2716 sicut
3197 2678 3265 2715 ex
3305 2670 3421 2715 toto
3463 2669 3668 2729 partes,

402 2770 592 2808 σεται⁶
640 2754 805 2825 ἡνίκα
839 2755 869 2808 ό
909 2753 1034 2818 νοῦς
1078 2755 1208 2818 τοὺς
1250 2756 1360 2809 τῶν
1406 2756 1576 2810 ὄντων
1624 2757 1978 2830 θεωρητικῶς

2082 2757 2163 2812 sic
2193 2771 2416 2826 quoque
2461 2769 2530 2809 ex
2570 2769 2756 2818 causa,
2793 2768 2916 2824 quae
2965 2751 3161 2807 eﬂ‘ecta
3207 2761 3356 2813 sunt,
3392 2758 3507 2803 tum
3558 2749 3671 2804 sint

398 2843 805 2915 ἀναλεγόμενος
832 2845 1042 2911 λόγους,
1074 2847 1155 2909 εἰς
1194 2847 1359 2901 αὐτὸν
1381 2848 1679 2920 καταλήξει
1706 2850 1798 2904 τὸν
1820 2851 1976 2918 Θεὸν,

2082 2848 2325 2919 proprie,
2368 2856 2486 2902 tum
2528 2855 2586 2902 et
2628 2854 2958 2911 noscantur;
2988 2844 3247 2912 velutque
3276 2849 3563 2896 vacantem
3605 2854 3672 2894 ac

397 2934 480 3000 ὡς
500 2938 680 2990 αἰτίαν
705 2938 798 2991 καὶ
830 2937 1007 3009 ἀρχὴν
1042 2939 1136 2992 καὶ
1158 2938 1311 3003 τέλος
1343 2940 1446 3009 τῆς
1476 2940 1586 2993 τῶν
1618 2942 1757 2995 ὅλων
1788 2959 1976 3015 παρα-

2083 2941 2313 2996 otiosam
2340 2954 2498 2994 suam
2532 2939 2778 3019 ipsorum
2809 2938 3208 3008 proprietatem
3245 2935 3513 3004 habeant;
3542 2946 3667 2987 cum

399 3027 591 3095 οίωγῆς
616 3028 711 3079 καὶ
740 3027 1026 3095 γενέσεως,
1059 3028 1155 3081 καὶ
1205 3027 1456 3098 πυθμένα
1488 3029 1591 3100 τῆς
1630 3031 1850 3086 πάντων
1882 3049 1980 3084 πε·-

2083 3046 2149 3086 ea
2175 3030 2466 3095 relatione,
2499 3046 2608 3099 qua
2637 3043 2859 3083 causam
2889 3027 3213 3095 respiciunt,
3246 3023 3668 3093 comprehensa,

399 3116 597 3188 ριοχῆς
617 3116 964 3171 ἀδιάστατον.

2084 3136 2185 3192 per
2204 3137 2392 3187 unam,
2414 3128 2477 3175 ut
2500 3120 2708 3175 dictum
2737 3126 2842 3185 est,
2867 3117 2934 3172 ad
2963 3117 3136 3186 ipsam
3163 3114 3505 3169 habitudinis
3533 3113 3665 3177 vim,

396 3209 525 3277 ejus
544 3223 609 3262 ex
644 3216 760 3262 toto
790 3208 1109 3277 qualitatem
1138 3206 1442 3265 induerint.
1503 3209 1605 3277 Qui
1672 3211 1823 3266 enim
1863 3212 2049 3267 omnia
2084 3213 2141 3267 in
2171 3213 2432 3269 omnibus
2458 3212 2550 3277 sit,
2585 3211 2875 3279 modisque
2913 3208 3146 3263 infinitis
3173 3206 3384 3261 cunctis
3407 3204 3668 3267 emineat,

396 3298 569 3363 Deus,
598 3299 1069 3369 singularissimus
1107 3302 1178 3357 iis
1215 3288 1612 3372 conspicietur,
1643 3303 1738 3372 qui
1772 3303 1981 3359 mundo
2019 3306 2205 3360 animo
2245 3305 2593 3371 exstiterint;
2632 3319 2756 3358 cum
2790 3316 2992 3370 nempe
3059 3299 3277 3353 animus
3332 3296 3514 3350 altiori
3547 3309 3673 3363 spe-

395 3392 677 3448 culatione
697 3391 941 3448 cotlectis
963 3408 1148 3448 rerum
1170 3394 1502 3461 rationibus,
1526 3394 1584 3449 in
1607 3395 1787 3466 ipsum
1843 3397 2119 3452 Deum-ut
2162 3407 2444 3453 auctorem
2504 3406 2560 3452 et
2590 3394 2922 3466 principium
2967 3392 3244 3461 ﬁnemque
3284 3390 3668 3445 universorum

397 3484 785 3556 productionis
812 3500 878 3541 ac
904 3492 1081 3552 ortus,
1113 3486 1457 3558 fundumque
1489 3501 1589 3543 seu
1655 3488 1840 3544 sinum
1872 3489 2191 3558 indivisum,
2221 3492 2382 3563 cujus
2444 3489 2656 3544 ambitu
2687 3496 2887 3544 cuncta
2944 3487 3355 3548 contineantur,
3407 3480 3671 3550 conquie-

396 3576 567 3633 verit.
794 3577 798 3581 ’

474 3666 630 3721 Κατὰ
655 3666 748 3722 τὸν
781 3667 944 3721 αὐτὸν
973 3668 1176 3739 τρόπον
1208 3669 1304 3723 καὶ
1335 3652 1383 3741 1']-
1395 3671 1527 3739 ἁγία
1555 3670 1650 3726 τοῦ
1672 3671 1808 3731 Θεοῦ
1856 3673 1982 3726 Ἐκ-

2151 3668 2363 3725 Eodem
2391 3668 2558 3724 etiam
2604 3666 2769 3721 modo
2809 3674 2998 3721 sancta
3029 3662 3130 3718 Dei
3173 3662 3439 3725 Ecclesm,
3475 3663 3667 3718 eadem

407 3757 622 3828 πλησία,
654 3758 722 3813 τὰ
746 3760 885 3814 αὐτὰ
917 3760 997 3829 τῷ
1022 3760 1142 3831 Θεῷ
1169 3762 1302 3833 περὶ
1324 3764 1473 3834 ἡμᾶς
1497 3763 1574 3826 ὡς
1614 3765 1911 3836 ἀρχετύπῳ
1936 3764 1980 3796 ¹²

404 3847 569 3902 εἰκὼν
611 3849 912 3922 ὲνεργοῦσα
948 3851 1319 3923 δειχθήσεται.
1372 3854 1592 3908 Πολλῶν
1650 3855 1762 3926 γὰρ
1812 3855 1982 3910 ὄντων

400 3938 502 3992 καὶ
535 3939 779 4011 ἀπείρων
822 3941 1045 4014 ἀριθμῷ
1078 3943 1289 4025 σχεδὸν,
1334 3943 1545 4013 ἀνδρῶν
1572 3961 1634 3998 τε
1660 3948 1756 4000 καὶ
1791 3963 1983 4014 γυναι-

398 4027 518 4080 κῶν
564 4029 661 4084 καὶ
703 4029 909 4084 παίδων
930 4031 995 4095 ⁸⁸,
1015 4032 1169 4099 γένει
1211 4033 1315 4086 καὶ
1348 4032 1499 4097 εῖδει,
1532 4035 1626 4088 καὶ
1673 4033 1851 4089 ἔθνεσι
1887 4036 1983 4090 καὶ⁵

394 4117 697 4186 γλώσσαις,
722 4121 818 4175 καὶ
851 4121 987 4192 βίοις
1022 4124 1119 4177 καὶ
1156 4124 1396 4195 ἡλικίαις
1442 4126 1537 4178 καὶ
1588 4125 1840 4198 γνώμαις
1884 4130 1981 4183 καὶ

391 4209 617 4281 τέχναις
647 4213 738 4264 καὶ
765 4212 991 4282 τρόποις
1015 4216 1127 4286 ,καὶ
1170 4214 1330 4285 ἤθεσι
1371 4216 1464 4269 καὶ
1498 4208 1942 4289 ἐπιτηδεύμασιν
1962 4236 1977 4251 '

394 4301 740 4371 ἐπιστήμαις
770 4316 830 4355 τε
873 4302 943 4357 αὖ
989 4304 1087 4358 καὶ
1138 4303 1438 4376 ἀξιώμασι,
1494 4306 1590 4359 καὶ⁸
1629 4306 1829 4377 τύχαις
1881 4306 1980 4362 καὶ

392 4394 746 4464 χαρακτῆρσι
775 4394 871 4447 καὶ
900 4392 1103 4461 ἕξεσιν,
1128 4396 1377 4467 ἀλλήλων
1407 4396 1757 4469 διῃρημένων
1798 4415 1860 4451 τε
1885 4395 1981 4451 καί

396 4483 655 4537 πλεῖστον
703 4485 1068 4555 διαφερόντων
1118 4488 1226 4542 τῶν
1274 4492 1354 4553 εἰς
1406 4489 1580 4560 αὐτὴν
1613 4490 1979 4561 γιγνομένων,

395 4576 498 4630 καὶ
528 4578 620 4630 ὑπ’
651 4579 821 4647 αὐτῆς
862 4579 1331 4649 ἀναγεννωμένων
1369 4596 1430 4633 τε
1471 4581 1569 4634 καὶ
1614 4582 1982 4653 ἀναδημιουρ-

394 4667 687 4735 γουμένων
714 4667 794 4738 τῷ
827 4668 1096 4738 πνεύματι
1117 4686 1132 4700 ο
1168 4671 1299 4738 μίαν
1325 4672 1461 4724 πᾶσι
1491 4670 1634 4726 κατὰ
1661 4671 1723 4725 τὸ
1758 4672 1870 4726 ῐσον
1902 4670 1981 4725 δί-

394 4757 534 4809 δωτι
568 4758 662 4810 καὶ
686 4758 970 4829 χαρίζεται
1004 4756 1153 4813 θείαν
1195 4762 1413 4832 μορφὴν
1455 4762 1549 4815 καὶ
1585 4763 1977 4835 προσηγορίαν,

394 4849 485 4911 τὸ,
532 4848 641 4903 ἀπὸ
680 4850 921 4925 Χριστοῦ
972 4851 1069 4904 καί⁵
1122 4848 1259 4905 εἶναι
1303 4855 1397 4906 καὶ
1434 4854 1838 4924 ὀνομάζεσθαισ
1886 4856 1981 4909 καὶ

2079 3763 2228 3819 circa
2264 3777 2368 3817 nos
2398 3776 2463 3816 ac
2483 3761 2629 3815 Deus
2658 3765 2942 3830 pmstarc,
2969 3756 3124 3812 velut
3150 3755 3329 3826 imago
3356 3770 3421 3809 ac
3443 3756 3672 3810 simula—

2079 3870 2258 3920 crum,
2294 3855 2523 3925 ipsaque
2571 3853 2853 3922 exemplar
2885 3866 2950 3905 ac
2982 3849 3242 3920 prindeps
3283 3847 3479 3911 forma,
3514 3864 3671 3903 mon-

2080 3949 2368 4006 strabitur.
2401 3946 2731 4003 Cum~enim
2776 3943 3180 4015 propemodum
3232 3941 3670 3996 innumerabiles

2079 4041 2212 4103 sint,
2241 4055 2366 4095 cum
2395 4038 2522 4102 viri,
2557 4047 2673 4091 tum
2706 4035 2925 4090 femina:
2970 4042 3135 4103 atque
3176 4033 3436 4096 infantes,
3469 4048 3670 4104 genere

2080 4146 2146 4187 ac
2176 4130 2351 4186 forma
2379 4129 2806 4197 nationibusque
2835 4135 2891 4181 et
2920 4125 3124 4196 linguis
3156 4139 3219 4178 ac
3246 4124 3372 4179 vitae
3409 4123 3669 4179 instituto

2080 4228 2247 4292 atque
2275 4228 2436 4277 aetate
2469 4228 2526 4275 et
2568 4218 2882 4273 animorum
2913 4215 3304 4286 propensione,
3336 4230 3548 4269 necnon
3575 4230 3669 4267 ar-

2080 4314 2251 4376 tibus,
2276 4312 2546 4374 moribus,
2588 4309 2807 4371 studiis,
2853 4306 3120 4366 scientiis,
3149 4300 3532 4375 dignitatibus,
3559 4303 3669 4358 for-

2078 4405 2253 4469 tuuis,
2296 4404 2477 4468 vultu,
2522 4402 2715 4456 habitu
2764 4401 2910 4453 inter
2942 4414 3000 4454 se
3035 4398 3221 4462 divisi,
3253 4397 3668 4467 plurimumque

2081 4495 2308 4551 discreti
2337 4493 2526 4563 qui'ad
2550 4504 2674 4546 eam
2701 4491 2953 4555 veniunt,
2985 4495 3151 4559 atque
3184 4488 3254 4543 ab
3279 4503 3345 4543 ea
3378 4502 3670 4556 regenera-
3774 4490 3781 4496 '

2080 4587 2249 4641 tionis
2278 4600 2481 4639 munus
2524 4590 2977 4652 consequuntur,
3016 4586 3073 4633 et
3113 4588 3175 4632 ut
3215 4593 3419 4647 novum
3467 4578 3667 4647 spiritu

2081 4683 2376 4741 creentur;
2404 4687 2567 4729 unam
2600 4680 2782 4726 tamen
2810 4686 2965 4740 aeque
2988 4670 3249 4726 omnibus
3282 4670 3526 4724 divinam
3558 4669 3672 4723 for-

2080 4780 2227 4820 mam
2275 4778 2340 4818 ac
2380 4762 2849 4832 nuncupationem
2895 4760 3112 4825 tribuit,
3161 4775 3225 4815 ac
3266 4760 3537 4829 elargitur
3585 4758 3671 4831 (ut

2081 4857 2294 4912 scilicet
2324 4864 2439 4910 tum
2470 4868 2501 4909 a
2538 4855 2758 4910 Christo
2786 4854 2917 4911 sint.
2951 4860 3065 4907 tum
3098 4851 3324 4907 trahant
3350 4851 3673 4922 appellatio-

402 4939 536 5009 μίαν
591 4941 691 5009 τὴν
741 4941 883 4994 κατὰ
938 4941 1125 4995 πίστιν
1176 4943 1355 5013 ἁπλῆν
1389 4960 1451 4996 τε
1513 4944 1608 4998 καὶ
1654 4945 1838 5016 ἀμερῆ
1881 4947 1976 4998 καὶ

2082 4940 2252 5013 nem).
2274 4956 2547 5011 unamque
2570 4954 2670 5011 pro
2694 4940 2818 4996 ﬁdei
2848 4941 3086 5005 ratione,
3108 4941 3441 5010 simplicem,
3468 4950 3524 4994 et
3545 4957 3671 5010 qua:

400 5029 707 5099 ἀδιαίρετον
748 5031 955 5101 σχέσιν,
984 5033 1086 5102 τὴν
1127 5033 1231 5096 τὰς
1281 5033 1489 5097 πολλὰς
1522 5035 1617 5088 καὶ
1649 5035 1971 5107 ἀμυθήτους

402 5120 533 5189 περὶ
575 5121 809 5176 ἕκαστον
873 5123 1036 5187 οῦσας
1094 5123 1382 5195 διαφορὰς,
1426 5125 1539 5178 οὐδ’
1581 5127 1663 5180 ὅτι
1714 5126 1820 5180 κᾶν
1868 5128 1978 5180 εἰσὶ

408 5213 799 5284 συγχωροῦσαν
825 5215 1211 5288 γνωρίζεσθαι,
1245 5216 1335 5270 διὰ
1364 5216 1465 5288 τὴν
1493 5217 1602 5273 τῶν
1639 5219 1858 5273 πάντων
1899 5220 1980 5283 εἰς

401 5304 576 5376 αὐτὴν
611 5305 910 5378 καθολικὴν
933 5306 1215 5378 ἀναφορὰν
1243 5308 1339 5361 καὶ
1373 5307 1686 5363 συνέλευσιν
1707 5327 1722 5342 ·
1757 5310 1884 5364 καθ’
1907 5310 1979 5383 ἣν

397 5397 580 5463 οὐδεὶς
623 5399 686 5455 τὸ
727 5398 991 5468 παράπαν
1027 5398 1180 5452 οὐδὲν
1210 5398 1391 5469 ἑαυτῷ
1421 5396 1518 5452 τοῦ
1561 5397 1744 5453 κοινοῦ
1788 5400 1976 5472 διωρι-

404 5492 605 5562 σμένος
635 5491 783 5544 ὲστί·
828 5490 1050 5545 πάντων
1097 5490 1535 5562 συμπεφυκότων
1584 5490 1841 5563 ἀλλήλοις
1885 5494 1980 5548 καὶ

2078 5035 2256 5092 scindi
2284 5049 2353 5107 ac;
2383 5034 2595 5105 seiungi
2633 5049 2743 5089 non
2771 5041 2973 5103 potest,
2997 5032 3415 5096 habitudinem;
3444 5032 3665 5095 multas,

2077 5136 2243 5195 atque
2264 5125 2405 5179 adeo
2435 5138 2670 5179 numero
2697 5123 3035 5194 superiores,
3065 5122 3227 5194 495
3252 5137 3375 5192 quae
3400 5122 3456 5175 in
3480 5121 3669 5191 singu-

2074 5218 2147 5273 lis
2167 5226 2407 5283 exstant,
2439 5216 2843 5280 distinctiones,
2878 5231 2949 5270 ne
2972 5216 3123 5285 quod
3149 5216 3264 5270 sint
3291 5213 3540 5283 quidem,
3569 5227 3661 5269 co-

2076 5308 2265 5381 gnosci
2304 5309 2738 5379 permittentem,
2772 5307 2904 5362 dum
2950 5307 3165 5362 scilicet
3203 5319 3395 5360 omnes
3443 5320 3500 5359 in
3544 5318 3668 5359 eam

2077 5401 2406 5473 generaliter
2428 5400 2748 5457 referuntur
2774 5414 2840 5453 ac
2867 5398 3209 5453 conveniunt
3236 5414 3251 5450 :
3280 5411 3458 5465 eaque
3482 5395 3576 5458 sit,
3602 5404 3665 5449 ut

2075 5507 2240 5548 nemo
2262 5505 2488 5562 prorsus
2515 5488 2621 5545 sibi
2649 5488 2765 5560 ipse
2792 5488 3093 5589 quidq'uam
3119 5503 3151 5543 a
3174 5485 3454 5542 communi
3479 5488 3666 5558 sejun-

1682 5624 1919 5681 VARIAE
1961 5625 2367 5683 LECTIONES.

468 5736 490 5769 '
510 5734 796 5806 ἀδιάφορον
813 5747 862 5788 c.
879 5731 996 5788 Act
1020 5732 1107 5787 Fr.
1119 5747 1134 5799 ;
1153 5731 1477 5804 ἀδιάφθορόν
1493 5749 1551 5785 τε
1571 5747 1620 5787 c.
1645 5731 1712 5786 R.
1782 5735 1825 5766 ¹⁰
1849 5736 1912 5805 τῇ
1940 5737 2247 5807 ἁναφορᾷο.
2264 5734 2325 5789 Α.
2352 5736 2415 5789 ῐὶ.
2436 5742 2488 5790 ct
2509 5733 2599 5789 Fr.
2664 5733 2699 5764 “
2730 5731 3162 5804 Fr.&pxst'3mu.
3227 5734 3267 5765 ¹²
3287 5732 3498 5789 παιδίον
3516 5731 3654 5790 c.li.
