  <div class='ocr_page' id='page_1' title='image "/cluster/home/n/w/nwhite01/storage/ocr_20150623/91:no.2/coo.31924054869957/353.png"; bbox 0 0 4094 6352; ppageno 0'>
   <div class='ocr_carea' id='block_1_1' title="bbox 417 341 567 402">
    <p class='ocr_par' dir='ltr' id='par_1_1' title="bbox 417 341 567 402">
     <span class='ocr_line' id='line_1_1' title="bbox 417 341 567 402; baseline 0.02 -3"><span class='ocrx_word' id='word_1_1' title='bbox 417 361 422 367; x_wconf 81' lang='grc'><em>’</em></span> <span class='ocrx_word' id='word_1_2' title='bbox 468 341 567 402; x_wconf 72' lang='grc' dir='ltr'><strong>(ἶὖῖ</strong></span> 
     </span>
    </p>
   </div>
   <div class='ocr_carea' id='block_1_2' title="bbox 1665 329 2605 393">
    <p class='ocr_par' dir='ltr' id='par_1_2' title="bbox 1665 329 2605 393">
     <span class='ocr_line' id='line_1_2' title="bbox 1665 329 2605 393; baseline -0.002 -1"><span class='ocrx_word' id='word_1_3' title='bbox 1665 334 1724 393; x_wconf 90' lang='lat' dir='ltr'><strong>S.</strong></span> <span class='ocrx_word' id='word_1_4' title='bbox 1768 332 2056 392; x_wconf 75' lang='lat' dir='ltr'><strong>M.\XlM[</strong></span> <span class='ocrx_word' id='word_1_5' title='bbox 2092 329 2605 392; x_wconf 70' lang='lat' dir='ltr'><strong>CONFESSORIS</strong></span> 
     </span>
    </p>
   </div>
   <div class='ocr_carea' id='block_1_3' title="bbox 3630 329 3738 390">
    <p class='ocr_par' dir='ltr' id='par_1_3' title="bbox 3630 329 3738 390">
     <span class='ocr_line' id='line_1_3' title="bbox 3630 329 3738 390; baseline 0.037 -4"><span class='ocrx_word' id='word_1_6' title='bbox 3630 329 3738 390; x_wconf 68' lang='lat'><strong>(163</strong></span> 
     </span>
    </p>
   </div>
   <div class='ocr_carea' id='block_1_4' title="bbox 467 440 2065 522">
    <p class='ocr_par' dir='ltr' id='par_1_4' title="bbox 467 449 2054 522">
     <span class='ocr_line' id='line_1_4' title="bbox 467 449 2054 522; baseline -0.006 -9"><span class='ocrx_word' id='word_1_7' title='bbox 467 469 592 515; x_wconf 82' lang='lat' dir='ltr'><strong>ctus</strong></span> <span class='ocrx_word' id='word_1_8' title='bbox 633 458 725 522; x_wconf 88' lang='lat' dir='ltr'><strong>sit,</strong></span> <span class='ocrx_word' id='word_1_9' title='bbox 767 454 982 510; x_wconf 86' lang='lat' dir='ltr'><strong>cunctis</strong></span> <span class='ocrx_word' id='word_1_10' title='bbox 1025 453 1288 508; x_wconf 82' lang='lat' dir='ltr'><strong>nimirum</strong></span> <span class='ocrx_word' id='word_1_11' title='bbox 1331 452 1474 507; x_wconf 90' lang='lat' dir='ltr'><strong>inter</strong></span> <span class='ocrx_word' id='word_1_12' title='bbox 1505 467 1563 506; x_wconf 89' lang='lat' dir='ltr'><strong>se</strong></span> <span class='ocrx_word' id='word_1_13' title='bbox 1594 449 2054 512; x_wconf 68' lang='lat' dir='ltr'><strong>coalescentihus,</strong></span> 
     </span>
    </p>
   </div>
   <div class='ocr_carea' id='block_1_5' title="bbox 2161 440 3740 522">
    <p class='ocr_par' dir='ltr' id='par_1_5' title="bbox 2165 440 3740 518">
     <span class='ocr_line' id='line_1_5' title="bbox 2165 440 3740 518; baseline -0.003 -16"><span class='ocrx_word' id='word_1_14' title='bbox 2165 448 2550 518; x_wconf 73' lang='grc' dir='ltr'><strong>συνημμένων,</strong></span> <span class='ocrx_word' id='word_1_15' title='bbox 2583 447 2725 501; x_wconf 82' lang='grc' dir='ltr'>κατὰ</span> <span class='ocrx_word' id='word_1_16' title='bbox 2758 446 2854 517; x_wconf 83' lang='grc' dir='ltr'>τὴν</span> <span class='ocrx_word' id='word_1_17' title='bbox 2889 446 3016 517; x_wconf 84' lang='grc' dir='ltr'>μίαν</span> <span class='ocrx_word' id='word_1_18' title='bbox 3052 444 3232 516; x_wconf 83' lang='grc' dir='ltr'>ἀπλῆν</span> <span class='ocrx_word' id='word_1_19' title='bbox 3277 461 3336 498; x_wconf 90' lang='grc' dir='ltr'><strong>τε</strong></span> <span class='ocrx_word' id='word_1_20' title='bbox 3370 440 3740 515; x_wconf 67' lang='grc' dir='ltr'>καὶ“ἁδιαίρε-</span> 
     </span>
    </p>
   </div>
   <div class='ocr_carea' id='block_1_6' title="bbox 469 543 2062 620">
    <p class='ocr_par' dir='ltr' id='par_1_6' title="bbox 469 543 2062 620">
     <span class='ocr_line' id='line_1_6' title="bbox 469 543 2062 620; baseline -0.006 -15"><span class='ocrx_word' id='word_1_21' title='bbox 469 552 635 620; x_wconf 87' lang='lat' dir='ltr'><strong>inque</strong></span> <span class='ocrx_word' id='word_1_22' title='bbox 679 565 789 604; x_wconf 93' lang='lat' dir='ltr'><strong>uno</strong></span> <span class='ocrx_word' id='word_1_23' title='bbox 821 547 1173 618; x_wconf 81' lang='lat' dir='ltr'><strong>simplicique</strong></span> <span class='ocrx_word' id='word_1_24' title='bbox 1213 561 1276 600; x_wconf 92' lang='lat' dir='ltr'><strong>ac</strong></span> <span class='ocrx_word' id='word_1_25' title='bbox 1309 545 1549 600; x_wconf 86' lang='lat' dir='ltr'><strong>indiviso</strong></span> <span class='ocrx_word' id='word_1_26' title='bbox 1583 543 1708 598; x_wconf 91' lang='lat' dir='ltr'><strong>ﬁdei</strong></span> <span class='ocrx_word' id='word_1_27' title='bbox 1739 558 1969 598; x_wconf 88' lang='lat' dir='ltr'><strong>munere</strong></span> <span class='ocrx_word' id='word_1_28' title='bbox 1997 559 2062 597; x_wconf 91' lang='lat' dir='ltr'><strong>ac</strong></span> 
     </span>
    </p>
   </div>
   <div class='ocr_carea' id='block_1_7' title="bbox 467 634 2057 711">
    <p class='ocr_par' dir='ltr' id='par_1_7' title="bbox 467 634 2057 711">
     <span class='ocr_line' id='line_1_7' title="bbox 467 634 2057 711; baseline -0.005 -17"><span class='ocrx_word' id='word_1_29' title='bbox 467 647 741 711; x_wconf 87' lang='lat' dir='ltr'><strong>potestate</strong></span> <span class='ocrx_word' id='word_1_30' title='bbox 791 637 1121 710; x_wconf 78' lang='lat' dir='ltr'><strong>conjunctis.</strong></span> <span class='ocrx_word' id='word_1_31' title='bbox 1173 636 1308 690; x_wconf 84' lang='lat' dir='ltr'><strong>Erat</strong></span> <span class='ocrx_word' id='word_1_32' title='bbox 1352 635 1501 692; x_wconf 90' lang='lat' dir='ltr'><strong>enim</strong></span> <span class='ocrx_word' id='word_1_33' title='bbox 1551 638 1807 699; x_wconf 88' lang='lat' dir='ltr'><strong>omnium,</strong></span> <span class='ocrx_word' id='word_1_34' title='bbox 1856 634 2057 704; x_wconf 63' lang='lat' dir='ltr'><strong>inquit.</strong></span> 
     </span>
    </p>
   </div>
   <div class='ocr_carea' id='block_1_8' title="bbox 467 725 2062 796">
    <p class='ocr_par' dir='ltr' id='par_1_8' title="bbox 467 725 2062 796">
     <span class='ocr_line' id='line_1_8' title="bbox 467 725 2062 796; baseline -0.003 -12"><span class='ocrx_word' id='word_1_35' title='bbox 467 747 578 794; x_wconf 81' lang='lat' dir='ltr'><strong>cor,</strong></span> <span class='ocrx_word' id='word_1_36' title='bbox 611 739 658 784; x_wconf 86' lang='lat' dir='ltr'><strong>et</strong></span> <span class='ocrx_word' id='word_1_37' title='bbox 697 730 882 783; x_wconf 87' lang='lat' dir='ltr'><strong>anima</strong></span> <span class='ocrx_word' id='word_1_38' title='bbox 921 745 1034 782; x_wconf 90' lang='lat' dir='ltr'><strong>una</strong></span> <span class='ocrx_word' id='word_1_39' title='bbox 1067 729 1122 792; x_wconf 73' lang='lat'><strong>3;</strong></span> <span class='ocrx_word' id='word_1_40' title='bbox 1157 736 1218 781; x_wconf 94' lang='lat' dir='ltr'><strong>ut</strong></span> <span class='ocrx_word' id='word_1_41' title='bbox 1244 737 1504 796; x_wconf 83' lang='lat' dir='ltr'><strong>tanquam</strong></span> <span class='ocrx_word' id='word_1_42' title='bbox 1536 743 1602 782; x_wconf 81' lang='lat' dir='ltr'><strong>ex</strong></span> <span class='ocrx_word' id='word_1_43' title='bbox 1627 725 1867 782; x_wconf 82' lang='lat' dir='ltr'><strong>diversis</strong></span> <span class='ocrx_word' id='word_1_44' title='bbox 1889 741 2062 780; x_wconf 90' lang='lat' dir='ltr'><strong>mem-</strong></span> 
     </span>
    </p>
   </div>
   <div class='ocr_carea' id='block_1_9' title="bbox 2163 531 3737 610">
    <p class='ocr_par' dir='ltr' id='par_1_9' title="bbox 2163 531 3737 610">
     <span class='ocr_line' id='line_1_9' title="bbox 2163 531 3737 610; baseline -0.003 -18"><span class='ocrx_word' id='word_1_45' title='bbox 2163 557 2254 593; x_wconf 90' lang='grc' dir='ltr'><strong>τον</strong></span> <span class='ocrx_word' id='word_1_46' title='bbox 2282 540 2383 610; x_wconf 86' lang='grc' dir='ltr'><strong>τῆς</strong></span> <span class='ocrx_word' id='word_1_47' title='bbox 2413 539 2652 602; x_wconf 85' lang='grc' dir='ltr'>πίστεως</span> <span class='ocrx_word' id='word_1_48' title='bbox 2691 538 2851 608; x_wconf 81' lang='grc' dir='ltr'>χάριν</span> <span class='ocrx_word' id='word_1_49' title='bbox 2885 537 2980 591; x_wconf 82' lang='grc' dir='ltr'>καὶ</span> <span class='ocrx_word' id='word_1_50' title='bbox 3017 536 3267 608; x_wconf 63' lang='grc' dir='ltr'>δύναμιν.</span> <span class='ocrx_word' id='word_1_51' title='bbox 3295 531 3416 591; x_wconf 82' lang='grc' dir='ltr'>Ἦν</span> <span class='ocrx_word' id='word_1_52' title='bbox 3435 535 3546 607; x_wconf 86' lang='grc' dir='ltr'>γὰρ</span> <span class='ocrx_word' id='word_1_53' title='bbox 3582 535 3737 588; x_wconf 77' lang='grc' dir='ltr'><strong>πάν-</strong></span> 
     </span>
    </p>
   </div>
   <div class='ocr_carea' id='block_1_10' title="bbox 2161 625 3736 704">
    <p class='ocr_par' dir='ltr' id='par_1_10' title="bbox 2161 625 3736 704">
     <span class='ocr_line' id='line_1_10' title="bbox 2161 625 3736 704; baseline -0.004 -18"><span class='ocrx_word' id='word_1_54' title='bbox 2161 648 2301 696; x_wconf 82' lang='grc' dir='ltr'>των,</span> <span class='ocrx_word' id='word_1_55' title='bbox 2337 631 2524 704; x_wconf 79' lang='grc' dir='ltr'>φησὶν,</span> <span class='ocrx_word' id='word_1_56' title='bbox 2559 632 2598 698; x_wconf 75' lang='grc' dir='ltr'>ἡ</span> <span class='ocrx_word' id='word_1_57' title='bbox 2625 629 2838 698; x_wconf 76' lang='grc' dir='ltr'>καρδιά</span> <span class='ocrx_word' id='word_1_58' title='bbox 2868 630 2964 684; x_wconf 78' lang='grc' dir='ltr'><strong>καί</strong></span> <span class='ocrx_word' id='word_1_59' title='bbox 2991 631 3030 698; x_wconf 82' lang='grc' dir='ltr'><em>ἠ</em></span> <span class='ocrx_word' id='word_1_60' title='bbox 3061 628 3232 698; x_wconf 68' lang='grc' dir='ltr'><strong>ψυχὴ</strong></span> <span class='ocrx_word' id='word_1_61' title='bbox 3251 629 3359 698; x_wconf 80' lang='grc' dir='ltr'><strong>μία</strong></span> <span class='ocrx_word' id='word_1_62' title='bbox 3383 643 3395 655; x_wconf 83' lang='lat'><strong><em>°</em></strong></span> <span class='ocrx_word' id='word_1_63' title='bbox 3423 626 3498 690; x_wconf 88' lang='grc' dir='ltr'>ὼς</span> <span class='ocrx_word' id='word_1_64' title='bbox 3535 628 3600 680; x_wconf 76' lang='grc' dir='ltr'>ἐκ</span> <span class='ocrx_word' id='word_1_65' title='bbox 3619 625 3736 680; x_wconf 85' lang='grc' dir='ltr'>δια-</span> 
     </span>
    </p>
   </div>
   <div class='ocr_carea' id='block_1_11' title="bbox 2165 716 3738 793">
    <p class='ocr_par' dir='ltr' id='par_1_11' title="bbox 2165 716 3738 793">
     <span class='ocr_line' id='line_1_11' title="bbox 2165 716 3738 793; baseline -0.004 -17"><span class='ocrx_word' id='word_1_66' title='bbox 2165 725 2350 793; x_wconf 84' lang='grc' dir='ltr'>φόρων</span> <span class='ocrx_word' id='word_1_67' title='bbox 2383 722 2580 792; x_wconf 87' lang='grc' dir='ltr'>μελῶν,</span> <span class='ocrx_word' id='word_1_68' title='bbox 2619 722 2780 792; x_wconf 86' lang='grc' dir='ltr'>σῶμα</span> <span class='ocrx_word' id='word_1_69' title='bbox 2825 722 2883 775; x_wconf 79' lang='grc' dir='ltr'>ἓν</span> <span class='ocrx_word' id='word_1_70' title='bbox 2919 721 3016 776; x_wconf 80' lang='grc' dir='ltr'>καὶ</span> <span class='ocrx_word' id='word_1_71' title='bbox 3057 717 3194 774; x_wconf 74' lang='grc' dir='ltr'>εἶναι</span> <span class='ocrx_word' id='word_1_72' title='bbox 3225 720 3322 773; x_wconf 70' lang='grc' dir='ltr'><strong>καὶ</strong></span> <span class='ocrx_word' id='word_1_73' title='bbox 3352 718 3608 789; x_wconf 79' lang='grc' dir='ltr'>ὁρᾶσθαι,</span> <span class='ocrx_word' id='word_1_74' title='bbox 3639 716 3738 772; x_wconf 77' lang='grc' dir='ltr'>καὶ</span> 
     </span>
    </p>
   </div>
   <div class='ocr_carea' id='block_1_12' title="bbox 467 807 2065 888">
    <p class='ocr_par' dir='ltr' id='par_1_12' title="bbox 467 817 2064 888">
     <span class='ocr_line' id='line_1_12' title="bbox 467 817 2064 888; baseline -0.003 -12"><span class='ocrx_word' id='word_1_75' title='bbox 467 821 586 876; x_wconf 87' lang='lat' dir='ltr'><strong>bris</strong></span> <span class='ocrx_word' id='word_1_76' title='bbox 628 837 801 876; x_wconf 89' lang='lat' dir='ltr'><strong>unum</strong></span> <span class='ocrx_word' id='word_1_77' title='bbox 843 834 1045 888; x_wconf 87' lang='lat' dir='ltr'><strong>corpus</strong></span> <span class='ocrx_word' id='word_1_78' title='bbox 1074 827 1191 872; x_wconf 92' lang='lat' dir='ltr'><strong>tum</strong></span> <span class='ocrx_word' id='word_1_79' title='bbox 1230 827 1396 882; x_wconf 86' lang='lat' dir='ltr'><strong>esset,</strong></span> <span class='ocrx_word' id='word_1_80' title='bbox 1440 827 1558 872; x_wconf 89' lang='lat' dir='ltr'><strong>tum</strong></span> <span class='ocrx_word' id='word_1_81' title='bbox 1600 826 1943 884; x_wconf 74' lang='lat' dir='ltr'><strong>cerneretur,</strong></span> <span class='ocrx_word' id='word_1_82' title='bbox 1981 817 2064 887; x_wconf 80' lang='lat' dir='ltr'><strong>ip-</strong></span> 
     </span>
    </p>
   </div>
   <div class='ocr_carea' id='block_1_13' title="bbox 2161 807 3740 888">
    <p class='ocr_par' dir='ltr' id='par_1_13' title="bbox 2161 807 3740 885">
     <span class='ocr_line' id='line_1_13' title="bbox 2161 807 3740 885; baseline -0.006 -16"><span class='ocrx_word' id='word_1_83' title='bbox 2161 815 2393 869; x_wconf 83' lang='grc' dir='ltr'>αύτοῦ¹³</span> <span class='ocrx_word' id='word_1_84' title='bbox 2429 813 2671 885; x_wconf 78' lang='grc' dir='ltr'><strong>Χριστοῦ</strong></span> <span class='ocrx_word' id='word_1_85' title='bbox 2707 817 2808 884; x_wconf 77' lang='grc' dir='ltr'><strong>τῆς</strong></span> <span class='ocrx_word' id='word_1_86' title='bbox 2855 811 3113 882; x_wconf 81' lang='grc' dir='ltr'><strong>ἀληθινῆς</strong></span> <span class='ocrx_word' id='word_1_87' title='bbox 3166 810 3325 881; x_wconf 82' lang='grc' dir='ltr'>ἡμῶν</span> <span class='ocrx_word' id='word_1_88' title='bbox 3370 807 3613 879; x_wconf 78' lang='grc' dir='ltr'><strong>κεφαλῆς</strong></span> <span class='ocrx_word' id='word_1_89' title='bbox 3645 807 3740 861; x_wconf 62' lang='lat' dir='ltr'><strong>{ovo</strong></span> 
     </span>
    </p>
   </div>
   <div class='ocr_carea' id='block_1_14' title="bbox 469 909 2061 982">
    <p class='ocr_par' dir='ltr' id='par_1_14' title="bbox 469 909 2061 982">
     <span class='ocr_line' id='line_1_14' title="bbox 469 909 2061 982; baseline -0.001 -17"><span class='ocrx_word' id='word_1_90' title='bbox 469 927 704 982; x_wconf 88' lang='lat' dir='ltr'><strong>sumque</strong></span> <span class='ocrx_word' id='word_1_91' title='bbox 747 911 886 966; x_wconf 91' lang='lat' dir='ltr'><strong>adeo</strong></span> <span class='ocrx_word' id='word_1_92' title='bbox 927 911 1107 981; x_wconf 85' lang='lat' dir='ltr'><strong>reipsa</strong></span> <span class='ocrx_word' id='word_1_93' title='bbox 1147 909 1388 975; x_wconf 80' lang='lat' dir='ltr'><strong>Christo,</strong></span> <span class='ocrx_word' id='word_1_94' title='bbox 1420 909 1515 979; x_wconf 88' lang='lat' dir='ltr'><strong>qui</strong></span> <span class='ocrx_word' id='word_1_95' title='bbox 1552 925 1744 964; x_wconf 87' lang='lat' dir='ltr'><strong>verum</strong></span> <span class='ocrx_word' id='word_1_96' title='bbox 1784 919 1869 965; x_wconf 91' lang='lat' dir='ltr'><strong>est</strong></span> <span class='ocrx_word' id='word_1_97' title='bbox 1894 920 2061 980; x_wconf 89' lang='lat' dir='ltr'><strong>caput</strong></span> 
     </span>
    </p>
   </div>
   <div class='ocr_carea' id='block_1_15' title="bbox 467 998 2058 1069">
    <p class='ocr_par' dir='ltr' id='par_1_15' title="bbox 467 998 2058 1069">
     <span class='ocr_line' id='line_1_15' title="bbox 467 998 2058 1069; baseline -0.001 -14"><span class='ocrx_word' id='word_1_98' title='bbox 467 1008 745 1066; x_wconf 88' lang='lat' dir='ltr'><strong>nostrum,</strong></span> <span class='ocrx_word' id='word_1_99' title='bbox 787 999 1048 1069; x_wconf 82' lang='lat' dir='ltr'><strong>dignum;</strong></span> <span class='ocrx_word' id='word_1_100' title='bbox 1078 999 1142 1052; x_wconf 84' lang='lat' dir='ltr'><strong>In</strong></span> <span class='ocrx_word' id='word_1_101' title='bbox 1184 1014 1306 1069; x_wconf 84' lang='lat' dir='ltr'><strong>quo,</strong></span> <span class='ocrx_word' id='word_1_102' title='bbox 1350 999 1428 1052; x_wconf 94' lang='lat' dir='ltr'><strong>ait</strong></span> <span class='ocrx_word' id='word_1_103' title='bbox 1478 998 1701 1053; x_wconf 87' lang='lat' dir='ltr'><strong>divinus</strong></span> <span class='ocrx_word' id='word_1_104' title='bbox 1741 999 2058 1068; x_wconf 82' lang='lat' dir='ltr'><strong>Apostolus,</strong></span> 
     </span>
    </p>
   </div>
   <div class='ocr_carea' id='block_1_16' title="bbox 470 1089 2061 1159">
    <p class='ocr_par' dir='ltr' id='par_1_16' title="bbox 470 1089 2061 1159">
     <span class='ocr_line' id='line_1_16' title="bbox 470 1089 2061 1159; baseline -0.002 -13"><span class='ocrx_word' id='word_1_105' title='bbox 470 1110 576 1146; x_wconf 88' lang='lat' dir='ltr'><strong>non</strong></span> <span class='ocrx_word' id='word_1_106' title='bbox 619 1100 697 1146; x_wconf 85' lang='lat' dir='ltr'><strong>est</strong></span> <span class='ocrx_word' id='word_1_107' title='bbox 750 1091 1019 1145; x_wconf 75' lang='lat' dir='ltr'><strong>masculus</strong></span> <span class='ocrx_word' id='word_1_108' title='bbox 1065 1105 1230 1158; x_wconf 86' lang='lat' dir='ltr'><strong>neque</strong></span> <span class='ocrx_word' id='word_1_109' title='bbox 1275 1089 1502 1159; x_wconf 76' lang='lat' dir='ltr'><strong>femina,</strong></span> <span class='ocrx_word' id='word_1_110' title='bbox 1554 1106 1648 1143; x_wconf 86' lang='lat' dir='ltr'><strong>nec</strong></span> <span class='ocrx_word' id='word_1_111' title='bbox 1691 1089 1933 1156; x_wconf 77' lang='lat' dir='ltr'><strong>Judams,</strong></span> <span class='ocrx_word' id='word_1_112' title='bbox 1966 1105 2061 1143; x_wconf 88' lang='lat' dir='ltr'><strong>nec</strong></span> 
     </span>
    </p>
   </div>
   <div class='ocr_carea' id='block_1_17' title="bbox 469 1180 2060 1252">
    <p class='ocr_par' dir='ltr' id='par_1_17' title="bbox 469 1180 2060 1252">
     <span class='ocr_line' id='line_1_17' title="bbox 469 1180 2060 1252; baseline -0.002 -14"><span class='ocrx_word' id='word_1_113' title='bbox 469 1182 704 1247; x_wconf 68' lang='lat' dir='ltr'><strong>Graecus,</strong></span> <span class='ocrx_word' id='word_1_114' title='bbox 753 1197 847 1234; x_wconf 89' lang='lat' dir='ltr'><strong>nec</strong></span> <span class='ocrx_word' id='word_1_115' title='bbox 891 1180 1236 1244; x_wconf 77' lang='lat' dir='ltr'><strong>circumcisio,</strong></span> <span class='ocrx_word' id='word_1_116' title='bbox 1297 1195 1464 1250; x_wconf 81' lang='lat' dir='ltr'><strong>neque</strong></span> <span class='ocrx_word' id='word_1_117' title='bbox 1513 1182 1848 1250; x_wconf 71' lang='lat' dir='ltr'><strong>prceputium,</strong></span> <span class='ocrx_word' id='word_1_118' title='bbox 1894 1197 2060 1252; x_wconf 81' lang='lat' dir='ltr'><strong>neque</strong></span> 
     </span>
    </p>
   </div>
   <div class='ocr_carea' id='block_1_18' title="bbox 469 1269 2060 1342">
    <p class='ocr_par' dir='ltr' id='par_1_18' title="bbox 469 1269 2060 1342">
     <span class='ocr_line' id='line_1_18' title="bbox 469 1269 2060 1342; baseline 0 -16"><span class='ocrx_word' id='word_1_119' title='bbox 469 1273 748 1338; x_wconf 84' lang='lat' dir='ltr'><strong>barbarus,</strong></span> <span class='ocrx_word' id='word_1_120' title='bbox 782 1287 950 1342; x_wconf 84' lang='lat' dir='ltr'><strong>neque</strong></span> <span class='ocrx_word' id='word_1_121' title='bbox 994 1269 1210 1342; x_wconf 78' lang='lat' dir='ltr'><strong>Scytha,</strong></span> <span class='ocrx_word' id='word_1_122' title='bbox 1257 1285 1350 1323; x_wconf 90' lang='lat' dir='ltr'><strong>nec</strong></span> <span class='ocrx_word' id='word_1_123' title='bbox 1392 1285 1592 1336; x_wconf 87' lang='lat' dir='ltr'><strong>servus,</strong></span> <span class='ocrx_word' id='word_1_124' title='bbox 1643 1287 1736 1324; x_wconf 88' lang='lat' dir='ltr'><strong>nec</strong></span> <span class='ocrx_word' id='word_1_125' title='bbox 1775 1270 1924 1338; x_wconf 81' lang='lat' dir='ltr'><strong>liber,</strong></span> <span class='ocrx_word' id='word_1_126' title='bbox 1967 1277 2060 1327; x_wconf 83' lang='lat' dir='ltr'><strong>sed</strong></span> 
     </span>
    </p>
   </div>
   <div class='ocr_carea' id='block_1_19' title="bbox 467 1367 2060 1441">
    <p class='ocr_par' dir='ltr' id='par_1_19' title="bbox 467 1367 2060 1441">
     <span class='ocr_line' id='line_1_19' title="bbox 467 1367 2060 1441; baseline 0.006 -21"><span class='ocrx_word' id='word_1_127' title='bbox 467 1368 646 1420; x_wconf 85' lang='lat' dir='ltr'><strong>omnia</strong></span> <span class='ocrx_word' id='word_1_128' title='bbox 679 1375 728 1420; x_wconf 87' lang='lat' dir='ltr'><strong>et</strong></span> <span class='ocrx_word' id='word_1_129' title='bbox 759 1368 812 1421; x_wconf 89' lang='lat' dir='ltr'><strong>in</strong></span> <span class='ocrx_word' id='word_1_130' title='bbox 847 1367 1090 1421; x_wconf 85' lang='lat' dir='ltr'><strong>omnibus</strong></span> <span class='ocrx_word' id='word_1_131' title='bbox 1118 1369 1230 1425; x_wconf 80' lang='lat' dir='ltr'><strong>inse</strong></span> <span class='ocrx_word' id='word_1_132' title='bbox 1253 1368 1304 1432; x_wconf 76' lang='grc' dir='ltr'>ιι,</span> <span class='ocrx_word' id='word_1_133' title='bbox 1333 1367 1428 1436; x_wconf 94' lang='lat' dir='ltr'><strong>qui</strong></span> <span class='ocrx_word' id='word_1_134' title='bbox 1465 1382 1563 1438; x_wconf 89' lang='lat' dir='ltr'><strong>per</strong></span> <span class='ocrx_word' id='word_1_135' title='bbox 1591 1385 1755 1424; x_wconf 90' lang='lat' dir='ltr'><strong>unam</strong></span> <span class='ocrx_word' id='word_1_136' title='bbox 1793 1371 2060 1441; x_wconf 88' lang='lat' dir='ltr'><strong>simplicis</strong></span> 
     </span>
    </p>
   </div>
   <div class='ocr_carea' id='block_1_20' title="bbox 469 1456 2059 1532">
    <p class='ocr_par' dir='ltr' id='par_1_20' title="bbox 469 1456 2059 1532">
     <span class='ocr_line' id='line_1_20' title="bbox 469 1456 2059 1532; baseline 0.006 -22"><span class='ocrx_word' id='word_1_137' title='bbox 469 1456 736 1513; x_wconf 83' lang='lat' dir='ltr'><strong>bonitatis</strong></span> <span class='ocrx_word' id='word_1_138' title='bbox 807 1458 1076 1514; x_wconf 88' lang='lat' dir='ltr'><strong>inﬁnitam</strong></span> <span class='ocrx_word' id='word_1_139' title='bbox 1163 1459 1522 1530; x_wconf 85' lang='lat' dir='ltr'><strong>eamdemque</strong></span> <span class='ocrx_word' id='word_1_140' title='bbox 1601 1462 2059 1532; x_wconf 88' lang='lat' dir='ltr'><strong>sapientissimam</strong></span> 
     </span>
    </p>
   </div>
   <div class='ocr_carea' id='block_1_21' title="bbox 468 1547 2060 1624">
    <p class='ocr_par' dir='ltr' id='par_1_21' title="bbox 468 1547 2060 1624">
     <span class='ocr_line' id='line_1_21' title="bbox 468 1547 2060 1624; baseline 0.007 -24"><span class='ocrx_word' id='word_1_141' title='bbox 468 1547 602 1613; x_wconf 70' lang='lat' dir='ltr'><strong>vim,</strong></span> <span class='ocrx_word' id='word_1_142' title='bbox 637 1549 692 1602; x_wconf 89' lang='lat' dir='ltr'><strong>in</strong></span> <span class='ocrx_word' id='word_1_143' title='bbox 721 1549 905 1620; x_wconf 90' lang='lat' dir='ltr'><strong>seipso</strong></span> <span class='ocrx_word' id='word_1_144' title='bbox 929 1548 1114 1603; x_wconf 88' lang='lat' dir='ltr'><strong>omnia</strong></span> <span class='ocrx_word' id='word_1_145' title='bbox 1155 1551 1435 1606; x_wconf 91' lang='lat' dir='ltr'><strong>concludit</strong></span> <span class='ocrx_word' id='word_1_146' title='bbox 1465 1551 1660 1624; x_wconf 89' lang='lat' dir='ltr'><strong>(veluti</strong></span> <span class='ocrx_word' id='word_1_147' title='bbox 1688 1562 1965 1622; x_wconf 90' lang='lat' dir='ltr'><strong>centrum,</strong></span> <span class='ocrx_word' id='word_1_148' title='bbox 1990 1571 2060 1611; x_wconf 79' lang='lat' dir='ltr'><strong>ex</strong></span> 
     </span>
    </p>
   </div>
   <div class='ocr_carea' id='block_1_22' title="bbox 380 1640 2060 1720">
    <p class='ocr_par' dir='ltr' id='par_1_22' title="bbox 380 1640 2060 1720">
     <span class='ocr_line' id='line_1_22' title="bbox 380 1640 2060 1720; baseline 0.004 -28"><span class='ocrx_word' id='word_1_149' title='bbox 380 1709 390 1720; x_wconf 83' lang='lat'>_</span> <span class='ocrx_word' id='word_1_150' title='bbox 469 1656 580 1709; x_wconf 88' lang='lat' dir='ltr'><strong>quo</strong></span> <span class='ocrx_word' id='word_1_151' title='bbox 603 1641 850 1710; x_wconf 88' lang='lat' dir='ltr'><strong>pendent</strong></span> <span class='ocrx_word' id='word_1_152' title='bbox 871 1648 1035 1696; x_wconf 71' lang='lat' dir='ltr'><strong>rectae</strong></span> <span class='ocrx_word' id='word_1_153' title='bbox 1060 1640 1308 1710; x_wconf 70' lang='lat' dir='ltr'><strong>quaedam</strong></span> <span class='ocrx_word' id='word_1_154' title='bbox 1334 1641 1540 1712; x_wconf 82' lang='lat' dir='ltr'><strong>lineae),</strong></span> <span class='ocrx_word' id='word_1_155' title='bbox 1562 1644 1869 1698; x_wconf 88' lang='lat' dir='ltr'><strong>secundum</strong></span> <span class='ocrx_word' id='word_1_156' title='bbox 1893 1660 2060 1700; x_wconf 89' lang='lat' dir='ltr'><strong>unam</strong></span> 
     </span>
    </p>
   </div>
   <div class='ocr_carea' id='block_1_23' title="bbox 468 1730 2056 1805">
    <p class='ocr_par' dir='ltr' id='par_1_23' title="bbox 468 1730 2056 1805">
     <span class='ocr_line' id='line_1_23' title="bbox 468 1730 2056 1805; baseline 0.004 -21"><span class='ocrx_word' id='word_1_157' title='bbox 468 1730 776 1800; x_wconf 89' lang='lat' dir='ltr'><strong>simplicem</strong></span> <span class='ocrx_word' id='word_1_158' title='bbox 823 1747 888 1786; x_wconf 89' lang='lat' dir='ltr'><strong>ac</strong></span> <span class='ocrx_word' id='word_1_159' title='bbox 929 1732 1266 1802; x_wconf 78' lang='lat' dir='ltr'><strong>singularem</strong></span> <span class='ocrx_word' id='word_1_160' title='bbox 1309 1748 1534 1788; x_wconf 88' lang='lat' dir='ltr'><strong>causam</strong></span> <span class='ocrx_word' id='word_1_161' title='bbox 1581 1750 1647 1790; x_wconf 88' lang='lat' dir='ltr'><strong>ac</strong></span> <span class='ocrx_word' id='word_1_162' title='bbox 1693 1743 2056 1805; x_wconf 88' lang='lat' dir='ltr'><strong>potestatem;</strong></span> 
     </span>
    </p>
   </div>
   <div class='ocr_carea' id='block_1_24' title="bbox 2159 899 3738 976">
    <p class='ocr_par' dir='ltr' id='par_1_24' title="bbox 2159 899 3738 976">
     <span class='ocr_line' id='line_1_24' title="bbox 2159 899 3738 976; baseline -0.007 -13"><span class='ocrx_word' id='word_1_163' title='bbox 2159 925 2268 972; x_wconf 85' lang='grc' dir='ltr'><strong>τως</strong></span> <span class='ocrx_word' id='word_1_164' title='bbox 2313 908 2492 976; x_wconf 72' lang='grc' dir='ltr'>ἄξιονο</span> <span class='ocrx_word' id='word_1_165' title='bbox 2528 907 2626 958; x_wconf 84' lang='grc' dir='ltr'>Ἐν</span> <span class='ocrx_word' id='word_1_166' title='bbox 2665 903 2732 969; x_wconf 84' lang='grc' dir='ltr'>ᾧ,</span> <span class='ocrx_word' id='word_1_167' title='bbox 2770 904 2934 973; x_wconf 70' lang='grc' dir='ltr'>φησιν</span> <span class='ocrx_word' id='word_1_168' title='bbox 2985 903 3014 955; x_wconf 86' lang='grc' dir='ltr'>ὁ</span> <span class='ocrx_word' id='word_1_169' title='bbox 3057 903 3200 965; x_wconf 79' lang='grc' dir='ltr'>θεῖος</span> <span class='ocrx_word' id='word_1_170' title='bbox 3245 899 3592 964; x_wconf 79' lang='grc' dir='ltr'>Ἀπόστολος,</span> <span class='ocrx_word' id='word_1_171' title='bbox 3623 901 3738 953; x_wconf 79' lang='grc' dir='ltr'>οὐκ</span> 
     </span>
    </p>
   </div>
   <div class='ocr_carea' id='block_1_25' title="bbox 2159 989 3736 1068">
    <p class='ocr_par' dir='ltr' id='par_1_25' title="bbox 2159 989 3736 1068">
     <span class='ocr_line' id='line_1_25' title="bbox 2159 989 3736 1068; baseline -0.006 -14"><span class='ocrx_word' id='word_1_172' title='bbox 2159 1000 2336 1054; x_wconf 73' lang='grc' dir='ltr'>ἐστιν</span> <span class='ocrx_word' id='word_1_173' title='bbox 2361 997 2544 1068; x_wconf 67' lang='lat' dir='ltr'><strong>appar</strong></span> <span class='ocrx_word' id='word_1_174' title='bbox 2575 995 2718 1051; x_wconf 79' lang='grc' dir='ltr'>οὐδὲ</span> <span class='ocrx_word' id='word_1_175' title='bbox 2748 994 2926 1064; x_wconf 67' lang='grc' dir='ltr'>θῆλυ,</span> <span class='ocrx_word' id='word_1_176' title='bbox 2957 994 3095 1049; x_wconf 83' lang='grc' dir='ltr'>οὔτε</span> <span class='ocrx_word' id='word_1_177' title='bbox 3122 992 3412 1058; x_wconf 75' lang='grc' dir='ltr'>Ἰουδαῖος</span> <span class='ocrx_word' id='word_1_178' title='bbox 3439 991 3576 1045; x_wconf 80' lang='grc' dir='ltr'>οὔτε</span> <span class='ocrx_word' id='word_1_179' title='bbox 3599 989 3736 1044; x_wconf 68' lang='lat' dir='ltr'><strong>&#39;EJ-</strong></span> 
     </span>
    </p>
   </div>
   <div class='ocr_carea' id='block_1_26' title="bbox 2159 1079 3740 1160">
    <p class='ocr_par' dir='ltr' id='par_1_26' title="bbox 2159 1079 3740 1160">
     <span class='ocr_line' id='line_1_26' title="bbox 2159 1079 3740 1160; baseline -0.009 -13"><span class='ocrx_word' id='word_1_180' title='bbox 2159 1095 2300 1160; x_wconf 73' lang='lat' dir='ltr'><strong>.lnr,</strong></span> <span class='ocrx_word' id='word_1_181' title='bbox 2339 1091 2480 1147; x_wconf 80' lang='grc' dir='ltr'>οὔτε</span> <span class='ocrx_word' id='word_1_182' title='bbox 2507 1086 2793 1157; x_wconf 79' lang='grc' dir='ltr'>περιτομὴ</span> <span class='ocrx_word' id='word_1_183' title='bbox 2830 1087 2970 1140; x_wconf 82' lang='grc' dir='ltr'>οὔτε</span> <span class='ocrx_word' id='word_1_184' title='bbox 2997 1085 3385 1153; x_wconf 76' lang='grc' dir='ltr'>ἀκροϐυστία,</span> <span class='ocrx_word' id='word_1_185' title='bbox 3408 1083 3548 1136; x_wconf 80' lang='grc' dir='ltr'>οὔτε</span> <span class='ocrx_word' id='word_1_186' title='bbox 3583 1079 3740 1148; x_wconf 82' lang='grc' dir='ltr'>,ϐάρ-</span> 
     </span>
    </p>
   </div>
   <div class='ocr_carea' id='block_1_27' title="bbox 2161 1174 3737 1250">
    <p class='ocr_par' dir='ltr' id='par_1_27' title="bbox 2161 1174 3737 1250">
     <span class='ocr_line' id='line_1_27' title="bbox 2161 1174 3737 1250; baseline -0.007 -13"><span class='ocrx_word' id='word_1_187' title='bbox 2161 1186 2340 1250; x_wconf 77' lang='grc' dir='ltr'>ϐαρος</span> <span class='ocrx_word' id='word_1_188' title='bbox 2365 1181 2504 1236; x_wconf 81' lang='grc' dir='ltr'>οὔτε</span> <span class='ocrx_word' id='word_1_189' title='bbox 2518 1181 2780 1246; x_wconf 78' lang='grc' dir='ltr'><strong>Σκύθης·</strong></span> <span class='ocrx_word' id='word_1_190' title='bbox 2815 1178 2954 1232; x_wconf 83' lang='grc' dir='ltr'>οὔτε</span> <span class='ocrx_word' id='word_1_191' title='bbox 2979 1176 3222 1242; x_wconf 68' lang='grc' dir='ltr'>δοῦλος,</span> <span class='ocrx_word' id='word_1_192' title='bbox 3246 1175 3384 1229; x_wconf 81' lang='grc' dir='ltr'>οὔτε</span> <span class='ocrx_word' id='word_1_193' title='bbox 3402 1174 3737 1241; x_wconf 79' lang='grc' dir='ltr'>ἐλεύθερος·</span> 
     </span>
    </p>
   </div>
   <div class='ocr_carea' id='block_1_28' title="bbox 2159 1265 3743 1342">
    <p class='ocr_par' dir='ltr' id='par_1_28' title="bbox 2159 1265 3743 1342">
     <span class='ocr_line' id='line_1_28' title="bbox 2159 1265 3743 1342; baseline -0.009 -12"><span class='ocrx_word' id='word_1_194' title='bbox 2159 1274 2321 1330; x_wconf 77' lang='grc' dir='ltr'><em>ἀλλὰ</em></span> <span class='ocrx_word' id='word_1_195' title='bbox 2368 1271 2568 1326; x_wconf 81' lang='grc' dir='ltr'>πάντα</span> <span class='ocrx_word' id='word_1_196' title='bbox 2601 1271 2700 1324; x_wconf 80' lang='grc' dir='ltr'>καὶ</span> <span class='ocrx_word' id='word_1_197' title='bbox 2738 1270 2808 1324; x_wconf 82' lang='grc' dir='ltr'>ἐν</span> <span class='ocrx_word' id='word_1_198' title='bbox 2845 1267 3038 1324; x_wconf 79' lang='grc' dir='ltr'>,πᾶσιν</span> <span class='ocrx_word' id='word_1_199' title='bbox 3063 1267 3284 1342; x_wconf 45' lang='grc' dir='ltr'>οαὺτὸς,</span> <span class='ocrx_word' id='word_1_200' title='bbox 3317 1268 3346 1319; x_wconf 89' lang='grc' dir='ltr'><strong>ό</strong></span> <span class='ocrx_word' id='word_1_201' title='bbox 3381 1266 3560 1319; x_wconf 80' lang='grc' dir='ltr'>πάντα</span> <span class='ocrx_word' id='word_1_202' title='bbox 3597 1265 3743 1317; x_wconf 84' lang='grc' dir='ltr'>κατὰ</span> 
     </span>
    </p>
   </div>
   <div class='ocr_carea' id='block_1_29' title="bbox 2165 1356 3743 1438">
    <p class='ocr_par' dir='ltr' id='par_1_29' title="bbox 2165 1356 3743 1438">
     <span class='ocr_line' id='line_1_29' title="bbox 2165 1356 3743 1438; baseline -0.007 -17"><span class='ocrx_word' id='word_1_203' title='bbox 2165 1367 2293 1438; x_wconf 82' lang='grc' dir='ltr'>μίαν</span> <span class='ocrx_word' id='word_1_204' title='bbox 2332 1365 2513 1436; x_wconf 82' lang='grc' dir='ltr'>ἁπλῆν</span> <span class='ocrx_word' id='word_1_205' title='bbox 2557 1364 2656 1435; x_wconf 86' lang='grc' dir='ltr'><strong>τῆς</strong></span> <span class='ocrx_word' id='word_1_206' title='bbox 2703 1361 3044 1432; x_wconf 77' lang='grc' dir='ltr'>ἀγαθότητος</span> <span class='ocrx_word' id='word_1_207' title='bbox 3099 1359 3466 1430; x_wconf 81' lang='grc' dir='ltr'>ἀπειρόσοφον</span> <span class='ocrx_word' id='word_1_208' title='bbox 3509 1356 3743 1426; x_wconf 85' lang='grc' dir='ltr'>δύναμιν</span> 
     </span>
    </p>
   </div>
   <div class='ocr_carea' id='block_1_30' title="bbox 2161 1451 3744 1529">
    <p class='ocr_par' dir='ltr' id='par_1_30' title="bbox 2161 1451 3744 1529">
     <span class='ocr_line' id='line_1_30' title="bbox 2161 1451 3744 1529; baseline -0.006 -17"><span class='ocrx_word' id='word_1_209' title='bbox 2161 1457 2341 1529; x_wconf 81' lang='grc' dir='ltr'>ἑαυτῷ</span> <span class='ocrx_word' id='word_1_210' title='bbox 2391 1455 2741 1528; x_wconf 82' lang='grc' dir='ltr'>περικλείων,</span> <span class='ocrx_word' id='word_1_211' title='bbox 2786 1453 2978 1524; x_wconf 83' lang='grc' dir='ltr'>ὥσπερ</span> <span class='ocrx_word' id='word_1_212' title='bbox 3022 1451 3248 1523; x_wconf 80' lang='grc' dir='ltr'><strong>κέντρον</strong></span> <span class='ocrx_word' id='word_1_213' title='bbox 3301 1451 3532 1504; x_wconf 81' lang='grc' dir='ltr'>εὐθειῶν</span> <span class='ocrx_word' id='word_1_214' title='bbox 3576 1466 3744 1504; x_wconf 87' lang='grc' dir='ltr'>τινων</span> 
     </span>
    </p>
   </div>
   <div class='ocr_carea' id='block_1_31' title="bbox 2162 1541 3744 1622">
    <p class='ocr_par' dir='ltr' id='par_1_31' title="bbox 2162 1541 3744 1622">
     <span class='ocr_line' id='line_1_31' title="bbox 2162 1541 3744 1622; baseline -0.007 -17"><span class='ocrx_word' id='word_1_215' title='bbox 2162 1550 2488 1622; x_wconf 79' lang='grc' dir='ltr'>ὲξημμένων</span> <span class='ocrx_word' id='word_1_216' title='bbox 2538 1545 2729 1612; x_wconf 76' lang='grc' dir='ltr'>αὐτοῦ,</span> <span class='ocrx_word' id='word_1_217' title='bbox 2779 1545 2924 1600; x_wconf 86' lang='grc' dir='ltr'><strong>κατά</strong></span> <span class='ocrx_word' id='word_1_218' title='bbox 2979 1545 3110 1616; x_wconf 86' lang='grc' dir='ltr'>μίαν</span> <span class='ocrx_word' id='word_1_219' title='bbox 3148 1543 3330 1613; x_wconf 81' lang='grc' dir='ltr'>ἁπλῆν</span> <span class='ocrx_word' id='word_1_220' title='bbox 3390 1542 3487 1596; x_wconf 74' lang='grc' dir='ltr'>καὶ</span> <span class='ocrx_word' id='word_1_221' title='bbox 3533 1541 3744 1594; x_wconf 78' lang='grc' dir='ltr'>ἑνιαίαν</span> 
     </span>
    </p>
   </div>
   <div class='ocr_carea' id='block_1_32' title="bbox 2162 1633 3746 1710">
    <p class='ocr_par' dir='ltr' id='par_1_32' title="bbox 2162 1633 3746 1710">
     <span class='ocr_line' id='line_1_32' title="bbox 2162 1633 3746 1710; baseline -0.008 -14"><span class='ocrx_word' id='word_1_222' title='bbox 2162 1643 2346 1696; x_wconf 75' lang='grc' dir='ltr'>αἰτίαν</span> <span class='ocrx_word' id='word_1_223' title='bbox 2398 1640 2496 1694; x_wconf 72' lang='grc' dir='ltr'>καὶ</span> <span class='ocrx_word' id='word_1_224' title='bbox 2543 1639 2814 1710; x_wconf 85' lang='grc' dir='ltr'>δύναμιν·</span> <span class='ocrx_word' id='word_1_225' title='bbox 2869 1636 2970 1701; x_wconf 77' lang='grc' dir='ltr'>τὰς</span> <span class='ocrx_word' id='word_1_226' title='bbox 3026 1637 3201 1708; x_wconf 83' lang='grc' dir='ltr'>ἀρχὰς</span> <span class='ocrx_word' id='word_1_227' title='bbox 3251 1633 3364 1688; x_wconf 90' lang='grc' dir='ltr'><strong>τῶν</strong></span> <span class='ocrx_word' id='word_1_228' title='bbox 3409 1634 3580 1688; x_wconf 75' lang='grc' dir='ltr'>ὄντων</span> <span class='ocrx_word' id='word_1_229' title='bbox 3629 1635 3746 1696; x_wconf 83' lang='grc' dir='ltr'>τοῖς</span> 
     </span>
    </p>
   </div>
   <div class='ocr_carea' id='block_1_33' title="bbox 2163 1724 3741 1807">
    <p class='ocr_par' dir='ltr' id='par_1_33' title="bbox 2163 1724 3741 1807">
     <span class='ocr_line' id='line_1_33' title="bbox 2163 1724 3741 1807; baseline -0.009 -17"><span class='ocrx_word' id='word_1_230' title='bbox 2163 1735 2398 1807; x_wconf 82' lang='grc' dir='ltr'>πέρασιν</span> <span class='ocrx_word' id='word_1_231' title='bbox 2416 1735 2518 1786; x_wconf 84' lang='grc' dir='ltr'>οὐκ</span> <span class='ocrx_word' id='word_1_232' title='bbox 2547 1731 2652 1786; x_wconf 78' lang='grc' dir='ltr'>ἐῶν</span> <span class='ocrx_word' id='word_1_233' title='bbox 2677 1728 3137 1800; x_wconf 79' lang='grc' dir='ltr'><strong>συναφίστασθαι,</strong></span> <span class='ocrx_word' id='word_1_234' title='bbox 3165 1727 3353 1798; x_wconf 83' lang='grc' dir='ltr'>κύκλῳ</span> <span class='ocrx_word' id='word_1_235' title='bbox 3375 1724 3741 1797; x_wconf 74' lang='grc' dir='ltr'>περιγράφων</span> 
     </span>
    </p>
   </div>
   <div class='ocr_carea' id='block_1_34' title="bbox 467 1795 2065 1894">
    <p class='ocr_par' dir='ltr' id='par_1_34' title="bbox 467 1809 2065 1894">
     <span class='ocr_line' id='line_1_34' title="bbox 467 1809 2065 1894; baseline 0.004 -20"><span class='ocrx_word' id='word_1_236' title='bbox 467 1835 577 1874; x_wconf 90' lang='lat' dir='ltr'><strong>non</strong></span> <span class='ocrx_word' id='word_1_237' title='bbox 617 1821 805 1877; x_wconf 83' lang='lat' dir='ltr'><strong>sinens</strong></span> <span class='ocrx_word' id='word_1_238' title='bbox 834 1828 894 1876; x_wconf 89' lang='lat' dir='ltr'><strong>ut</strong></span> <span class='ocrx_word' id='word_1_239' title='bbox 915 1837 1023 1876; x_wconf 92' lang='lat' dir='ltr'><strong>una</strong></span> <span class='ocrx_word' id='word_1_240' title='bbox 1052 1835 1180 1876; x_wconf 91' lang='lat' dir='ltr'><strong>cum</strong></span> <span class='ocrx_word' id='word_1_241' title='bbox 1209 1820 1413 1877; x_wconf 88' lang='lat' dir='ltr'><strong>ﬁnibus</strong></span> <span class='ocrx_word' id='word_1_242' title='bbox 1435 1823 1712 1894; x_wconf 89' lang='lat' dir='ltr'><strong>principia</strong></span> <span class='ocrx_word' id='word_1_243' title='bbox 1739 1809 1927 1880; x_wconf 75' lang='lat' dir='ltr'><strong>rerum</strong></span> <span class='ocrx_word' id='word_1_244' title='bbox 1949 1824 2065 1881; x_wconf 90' lang='lat' dir='ltr'><strong>dis-</strong></span> 
     </span>
    </p>
   </div>
   <div class='ocr_carea' id='block_1_35' title="bbox 2161 1795 3748 1894">
    <p class='ocr_par' dir='ltr' id='par_1_35' title="bbox 2164 1795 3748 1892">
     <span class='ocr_line' id='line_1_35' title="bbox 2164 1795 3748 1892; baseline -0.007 -9"><span class='ocrx_word' id='word_1_245' title='bbox 2164 1795 2346 1883; x_wconf 70' lang='grc' dir='ltr'>αύτῶν</span> <span class='ocrx_word' id='word_1_246' title='bbox 2373 1826 2473 1890; x_wconf 80' lang='grc' dir='ltr'>τὰς</span> <span class='ocrx_word' id='word_1_247' title='bbox 2502 1826 2794 1889; x_wconf 76' lang='grc' dir='ltr'>ὲκστάσεις</span> <span class='ocrx_word' id='word_1_248' title='bbox 2813 1795 2878 1889; x_wconf 53' lang='grc' dir='ltr'><strong>ίλ,</strong></span> <span class='ocrx_word' id='word_1_249' title='bbox 2911 1823 3007 1876; x_wconf 73' lang='grc' dir='ltr'>καὶ</span> <span class='ocrx_word' id='word_1_250' title='bbox 3035 1821 3174 1892; x_wconf 77' lang='grc' dir='ltr'>πρὸς</span> <span class='ocrx_word' id='word_1_251' title='bbox 3205 1795 3398 1874; x_wconf 74' lang='grc' dir='ltr'>ἑαυτὸν</span> <span class='ocrx_word' id='word_1_252' title='bbox 3424 1795 3576 1888; x_wconf 76' lang='grc' dir='ltr'>ἄγων</span> <span class='ocrx_word' id='word_1_253' title='bbox 3614 1818 3748 1881; x_wconf 84' lang='grc' dir='ltr'>τοὺς·</span> 
     </span>
    </p>
   </div>
   <div class='ocr_carea' id='block_1_36' title="bbox 462 1909 2065 1986">
    <p class='ocr_par' dir='ltr' id='par_1_36' title="bbox 462 1909 2065 1986">
     <span class='ocr_line' id='line_1_36' title="bbox 462 1909 2065 1986; baseline 0.005 -19"><span class='ocrx_word' id='word_1_254' title='bbox 462 1914 790 1985; x_wconf 72' lang='lat' dir='ltr'><strong>iungantur,</strong></span> <span class='ocrx_word' id='word_1_255' title='bbox 836 1909 1029 1969; x_wconf 87' lang='lat' dir='ltr'><strong>earinn</strong></span> <span class='ocrx_word' id='word_1_256' title='bbox 1102 1914 1305 1970; x_wconf 91' lang='lat' dir='ltr'><strong>ductus</strong></span> <span class='ocrx_word' id='word_1_257' title='bbox 1346 1931 1412 1971; x_wconf 90' lang='lat' dir='ltr'><strong>ac</strong></span> <span class='ocrx_word' id='word_1_258' title='bbox 1457 1918 1859 1986; x_wconf 85' lang='lat' dir='ltr'><strong>porrectiones,</strong></span> <span class='ocrx_word' id='word_1_259' title='bbox 1909 1919 2065 1974; x_wconf 77' lang='lat' dir='ltr'><strong>velut</strong></span> 
     </span>
    </p>
   </div>
   <div class='ocr_carea' id='block_1_37' title="bbox 2161 1909 3744 1986">
    <p class='ocr_par' dir='ltr' id='par_1_37' title="bbox 2163 1912 3744 1986">
     <span class='ocr_line' id='line_1_37' title="bbox 2163 1912 3744 1986; baseline -0.007 -9"><span class='ocrx_word' id='word_1_260' title='bbox 2163 1921 2275 1977; x_wconf 88' lang='grc' dir='ltr'><strong>τῶν</strong></span> <span class='ocrx_word' id='word_1_261' title='bbox 2316 1921 2490 1976; x_wconf 73' lang='grc' dir='ltr'>ὄντων</span> <span class='ocrx_word' id='word_1_262' title='bbox 2541 1921 2639 1974; x_wconf 69' lang='grc' dir='ltr'>καὶ</span> <span class='ocrx_word' id='word_1_263' title='bbox 2677 1920 2770 1973; x_wconf 84' lang='grc' dir='ltr'><strong>ὐπ’</strong></span> <span class='ocrx_word' id='word_1_264' title='bbox 2822 1917 2988 1973; x_wconf 85' lang='grc' dir='ltr'>αὐτοῦ</span> <span class='ocrx_word' id='word_1_265' title='bbox 3031 1915 3346 1986; x_wconf 82' lang='grc' dir='ltr'>γενομένων</span> <span class='ocrx_word' id='word_1_266' title='bbox 3397 1912 3744 1986; x_wconf 79' lang='grc' dir='ltr'>διορισμούςο</span> 
     </span>
    </p>
   </div>
   <div class='ocr_carea' id='block_1_38' title="bbox 467 2004 2060 2080">
    <p class='ocr_par' dir='ltr' id='par_1_38' title="bbox 467 2004 2060 2080">
     <span class='ocr_line' id='line_1_38' title="bbox 467 2004 2060 2080; baseline 0.004 -20"><span class='ocrx_word' id='word_1_267' title='bbox 467 2004 632 2060; x_wconf 92' lang='lat' dir='ltr'><strong>ducta</strong></span> <span class='ocrx_word' id='word_1_268' title='bbox 657 2007 714 2060; x_wconf 91' lang='lat' dir='ltr'><strong>in</strong></span> <span class='ocrx_word' id='word_1_269' title='bbox 745 2005 938 2060; x_wconf 89' lang='lat' dir='ltr'><strong>orbem</strong></span> <span class='ocrx_word' id='word_1_270' title='bbox 967 2006 1112 2061; x_wconf 89' lang='lat' dir='ltr'><strong>linea</strong></span> <span class='ocrx_word' id='word_1_271' title='bbox 1139 2006 1606 2064; x_wconf 87' lang='lat' dir='ltr'><strong>circumscribens</strong></span> <span class='ocrx_word' id='word_1_272' title='bbox 1634 2026 1647 2063; x_wconf 91' lang='lat'><strong>:</strong></span> <span class='ocrx_word' id='word_1_273' title='bbox 1675 2018 1841 2080; x_wconf 90' lang='lat' dir='ltr'><strong>atque</strong></span> <span class='ocrx_word' id='word_1_274' title='bbox 1865 2025 2060 2066; x_wconf 90' lang='lat' dir='ltr'><strong>eorum</strong></span> 
     </span>
    </p>
   </div>
   <div class='ocr_carea' id='block_1_39' title="bbox 466 2097 2082 2168">
    <p class='ocr_par' dir='ltr' id='par_1_39' title="bbox 466 2097 2082 2168">
     <span class='ocr_line' id='line_1_39' title="bbox 466 2097 2082 2168; baseline 0.006 -18"><span class='ocrx_word' id='word_1_275' title='bbox 466 2113 591 2167; x_wconf 67' lang='lat' dir='ltr'><strong>qua:</strong></span> <span class='ocrx_word' id='word_1_276' title='bbox 627 2107 780 2163; x_wconf 90' lang='lat' dir='ltr'><strong>sunt,</strong></span> <span class='ocrx_word' id='word_1_277' title='bbox 807 2097 1037 2168; x_wconf 85' lang='lat' dir='ltr'><strong>ipsoque</strong></span> <span class='ocrx_word' id='word_1_278' title='bbox 1063 2105 1290 2154; x_wconf 90' lang='lat' dir='ltr'><strong>auctore</strong></span> <span class='ocrx_word' id='word_1_279' title='bbox 1316 2108 1448 2155; x_wconf 90' lang='lat' dir='ltr'><strong>sunt</strong></span> <span class='ocrx_word' id='word_1_280' title='bbox 1477 2099 1642 2168; x_wconf 80' lang='lat' dir='ltr'><strong>facta,</strong></span> <span class='ocrx_word' id='word_1_281' title='bbox 1674 2100 2082 2159; x_wconf 70' lang='lat' dir='ltr'><strong>distinctiones</strong></span> 
     </span>
    </p>
   </div>
   <div class='ocr_carea' id='block_1_40' title="bbox 466 2187 2060 2260">
    <p class='ocr_par' dir='ltr' id='par_1_40' title="bbox 466 2187 2060 2260">
     <span class='ocr_line' id='line_1_40' title="bbox 466 2187 2060 2260; baseline 0.003 -18"><span class='ocrx_word' id='word_1_282' title='bbox 466 2187 536 2242; x_wconf 87' lang='lat' dir='ltr'><strong>ad</strong></span> <span class='ocrx_word' id='word_1_283' title='bbox 570 2203 628 2244; x_wconf 80' lang='lat' dir='ltr'><strong>se</strong></span> <span class='ocrx_word' id='word_1_284' title='bbox 659 2187 955 2254; x_wconf 88' lang='lat' dir='ltr'><strong>reducens,</strong></span> <span class='ocrx_word' id='word_1_285' title='bbox 983 2203 1054 2244; x_wconf 89' lang='lat' dir='ltr'><strong>ne</strong></span> <span class='ocrx_word' id='word_1_286' title='bbox 1076 2191 1306 2245; x_wconf 88' lang='lat' dir='ltr'><strong>omnino</strong></span> <span class='ocrx_word' id='word_1_287' title='bbox 1331 2189 1508 2245; x_wconf 87' lang='lat' dir='ltr'><strong>aliena</strong></span> <span class='ocrx_word' id='word_1_288' title='bbox 1533 2205 1597 2246; x_wconf 92' lang='lat' dir='ltr'><strong>ac</strong></span> <span class='ocrx_word' id='word_1_289' title='bbox 1617 2191 1777 2260; x_wconf 90' lang='lat' dir='ltr'><strong>quasi</strong></span> <span class='ocrx_word' id='word_1_290' title='bbox 1800 2191 1907 2246; x_wconf 92' lang='lat' dir='ltr'><strong>alia</strong></span> <span class='ocrx_word' id='word_1_291' title='bbox 1935 2191 2060 2248; x_wconf 89' lang='lat' dir='ltr'><strong>aliis</strong></span> 
     </span>
    </p>
   </div>
   <div class='ocr_carea' id='block_1_41' title="bbox 467 2279 2058 2352">
    <p class='ocr_par' dir='ltr' id='par_1_41' title="bbox 467 2279 2058 2352">
     <span class='ocr_line' id='line_1_41' title="bbox 467 2279 2058 2352; baseline 0.004 -19"><span class='ocrx_word' id='word_1_292' title='bbox 467 2279 683 2334; x_wconf 75' lang='lat' dir='ltr'><strong>infensa</strong></span> <span class='ocrx_word' id='word_1_293' title='bbox 723 2289 928 2342; x_wconf 86' lang='lat' dir='ltr'><strong>essent,</strong></span> <span class='ocrx_word' id='word_1_294' title='bbox 961 2281 1128 2336; x_wconf 90' lang='lat' dir='ltr'><strong>unius</strong></span> <span class='ocrx_word' id='word_1_295' title='bbox 1171 2281 1270 2336; x_wconf 91' lang='lat' dir='ltr'><strong>Dei</strong></span> <span class='ocrx_word' id='word_1_296' title='bbox 1299 2281 1516 2348; x_wconf 76' lang='lat' dir='ltr'><strong>effecta,</strong></span> <span class='ocrx_word' id='word_1_297' title='bbox 1558 2281 1788 2352; x_wconf 90' lang='lat' dir='ltr'><strong>ipsoque</strong></span> <span class='ocrx_word' id='word_1_298' title='bbox 1829 2292 2058 2340; x_wconf 88' lang='lat' dir='ltr'><strong>auctore</strong></span> 
     </span>
    </p>
   </div>
   <div class='ocr_carea' id='block_1_42' title="bbox 465 2370 2050 2444">
    <p class='ocr_par' dir='ltr' id='par_1_42' title="bbox 465 2370 2050 2444">
     <span class='ocr_line' id='line_1_42' title="bbox 465 2370 2050 2444; baseline 0.004 -20"><span class='ocrx_word' id='word_1_299' title='bbox 465 2370 689 2426; x_wconf 91' lang='lat' dir='ltr'><strong>condita</strong></span> <span class='ocrx_word' id='word_1_300' title='bbox 720 2386 911 2441; x_wconf 90' lang='lat' dir='ltr'><strong>opera,</strong></span> <span class='ocrx_word' id='word_1_301' title='bbox 943 2372 1148 2442; x_wconf 90' lang='lat' dir='ltr'><strong>quibus</strong></span> <span class='ocrx_word' id='word_1_302' title='bbox 1190 2373 1429 2438; x_wconf 85' lang='lat' dir='ltr'><strong>deesset,</strong></span> <span class='ocrx_word' id='word_1_303' title='bbox 1460 2389 1568 2444; x_wconf 90' lang='lat' dir='ltr'><strong>qua</strong></span> <span class='ocrx_word' id='word_1_304' title='bbox 1602 2374 1662 2428; x_wconf 90' lang='lat' dir='ltr'><strong>in</strong></span> <span class='ocrx_word' id='word_1_305' title='bbox 1708 2389 1792 2440; x_wconf 89' lang='lat' dir='ltr'><strong>re,</strong></span> <span class='ocrx_word' id='word_1_306' title='bbox 1834 2391 1899 2431; x_wconf 93' lang='lat' dir='ltr'><strong>ac</strong></span> <span class='ocrx_word' id='word_1_307' title='bbox 1933 2376 2050 2442; x_wconf 90' lang='lat' dir='ltr'><strong>ubi,</strong></span> 
     </span>
    </p>
   </div>
   <div class='ocr_carea' id='block_1_43' title="bbox 2165 2000 3749 2084">
    <p class='ocr_par' dir='ltr' id='par_1_43' title="bbox 2165 2000 3749 2084">
     <span class='ocr_line' id='line_1_43' title="bbox 2165 2000 3749 2084; baseline -0.006 -17"><span class='ocrx_word' id='word_1_308' title='bbox 2165 2013 2254 2067; x_wconf 84' lang='grc' dir='ltr'><strong>ῖνα</strong></span> <span class='ocrx_word' id='word_1_309' title='bbox 2287 2012 2364 2084; x_wconf 81' lang='grc' dir='ltr'>μὴ</span> <span class='ocrx_word' id='word_1_310' title='bbox 2414 2011 2660 2082; x_wconf 85' lang='grc' dir='ltr'>ἀλλήλων</span> <span class='ocrx_word' id='word_1_311' title='bbox 2691 2009 3044 2064; x_wconf 81' lang='grc' dir='ltr'>παντάπασιν</span> <span class='ocrx_word' id='word_1_312' title='bbox 3079 2007 3344 2078; x_wconf 80' lang='grc' dir='ltr'>ἀλλότρια</span> <span class='ocrx_word' id='word_1_313' title='bbox 3445 2006 3540 2058; x_wconf 74' lang='grc' dir='ltr'>καὶ</span> <span class='ocrx_word' id='word_1_314' title='bbox 3577 2002 3749 2075; x_wconf 72' lang='grc' dir='ltr'>ἐχθρὰ</span> 
     </span>
    </p>
   </div>
   <div class='ocr_carea' id='block_1_44' title="bbox 2163 2096 3748 2172">
    <p class='ocr_par' dir='ltr' id='par_1_44' title="bbox 2163 2096 3748 2172">
     <span class='ocr_line' id='line_1_44' title="bbox 2163 2096 3748 2172; baseline -0.006 -14"><span class='ocrx_word' id='word_1_315' title='bbox 2163 2103 2233 2159; x_wconf 76' lang='grc' dir='ltr'>τὰ</span> <span class='ocrx_word' id='word_1_316' title='bbox 2261 2102 2357 2158; x_wconf 89' lang='grc' dir='ltr'><strong>τοῦ</strong></span> <span class='ocrx_word' id='word_1_317' title='bbox 2391 2102 2512 2168; x_wconf 78' lang='grc' dir='ltr'>ἑνὸς</span> <span class='ocrx_word' id='word_1_318' title='bbox 2542 2100 2680 2156; x_wconf 86' lang='grc' dir='ltr'>Θεοῦ</span> <span class='ocrx_word' id='word_1_319' title='bbox 2709 2102 2987 2172; x_wconf 89' lang='grc' dir='ltr'>κτίσματα</span> <span class='ocrx_word' id='word_1_320' title='bbox 3010 2101 3105 2154; x_wconf 75' lang='grc' dir='ltr'>καὶ</span> <span class='ocrx_word' id='word_1_321' title='bbox 3121 2100 3429 2170; x_wconf 85' lang='grc' dir='ltr'>ποιήματα·</span> <span class='ocrx_word' id='word_1_322' title='bbox 3461 2097 3563 2152; x_wconf 87' lang='grc' dir='ltr'>οὐκ</span> <span class='ocrx_word' id='word_1_323' title='bbox 3591 2096 3748 2167; x_wconf 75' lang='grc' dir='ltr'>έχον-</span> 
     </span>
    </p>
   </div>
   <div class='ocr_carea' id='block_1_45' title="bbox 2161 2189 3747 2267">
    <p class='ocr_par' dir='ltr' id='par_1_45' title="bbox 2161 2189 3747 2267">
     <span class='ocr_line' id='line_1_45' title="bbox 2161 2189 3747 2267; baseline -0.006 -16"><span class='ocrx_word' id='word_1_324' title='bbox 2161 2212 2232 2251; x_wconf 86' lang='grc' dir='ltr'><strong>τα</strong></span> <span class='ocrx_word' id='word_1_325' title='bbox 2253 2196 2384 2267; x_wconf 82' lang='grc' dir='ltr'>περὶ</span> <span class='ocrx_word' id='word_1_326' title='bbox 2410 2195 2464 2249; x_wconf 83' lang='grc' dir='ltr'><strong>τί</strong></span> <span class='ocrx_word' id='word_1_327' title='bbox 2491 2195 2585 2249; x_wconf 72' lang='grc' dir='ltr'>καὶ</span> <span class='ocrx_word' id='word_1_328' title='bbox 2615 2196 2740 2250; x_wconf 81' lang='grc' dir='ltr'>ὅποι</span> <span class='ocrx_word' id='word_1_329' title='bbox 2764 2195 2810 2227; x_wconf 88' lang='grc'><strong>¹³</strong></span> <span class='ocrx_word' id='word_1_330' title='bbox 2837 2194 2899 2248; x_wconf 84' lang='grc' dir='ltr'><strong>τὺ</strong></span> <span class='ocrx_word' id='word_1_331' title='bbox 2936 2193 3091 2263; x_wconf 81' lang='grc' dir='ltr'>φίλον</span> <span class='ocrx_word' id='word_1_332' title='bbox 3127 2208 3182 2245; x_wconf 91' lang='grc' dir='ltr'><strong>τι</strong></span> <span class='ocrx_word' id='word_1_333' title='bbox 3217 2191 3313 2244; x_wconf 76' lang='grc' dir='ltr'>καὶ</span> <span class='ocrx_word' id='word_1_334' title='bbox 3337 2189 3617 2261; x_wconf 74' lang='grc' dir='ltr'>εἰρηνικὸν</span> <span class='ocrx_word' id='word_1_335' title='bbox 3649 2189 3747 2242; x_wconf 72' lang='grc' dir='ltr'>καὶ</span> 
     </span>
    </p>
   </div>
   <div class='ocr_carea' id='block_1_46' title="bbox 2158 2280 3749 2358">
    <p class='ocr_par' dir='ltr' id='par_1_46' title="bbox 2158 2280 3749 2358">
     <span class='ocr_line' id='line_1_46' title="bbox 2158 2280 3749 2358; baseline -0.006 -17"><span class='ocrx_word' id='word_1_336' title='bbox 2158 2287 2360 2342; x_wconf 79' lang='grc' dir='ltr'>ταυτὸν</span> <span class='ocrx_word' id='word_1_337' title='bbox 2392 2286 2529 2358; x_wconf 79' lang='grc' dir='ltr'>πρὸς</span> <span class='ocrx_word' id='word_1_338' title='bbox 2555 2285 2764 2358; x_wconf 76' lang='grc' dir='ltr'>ἄλληλα</span> <span class='ocrx_word' id='word_1_339' title='bbox 2801 2284 3018 2350; x_wconf 80' lang='grc' dir='ltr'>δείξωσι</span> <span class='ocrx_word' id='word_1_340' title='bbox 3038 2301 3051 2312; x_wconf 91' lang='grc'><strong>·</strong></span> <span class='ocrx_word' id='word_1_341' title='bbox 3085 2282 3181 2336; x_wconf 79' lang='grc' dir='ltr'>καὶ</span> <span class='ocrx_word' id='word_1_342' title='bbox 3207 2281 3531 2351; x_wconf 76' lang='grc' dir='ltr'>κινδυνεύσῃ</span> <span class='ocrx_word' id='word_1_343' title='bbox 3561 2280 3749 2343; x_wconf 83' lang='grc' dir='ltr'>αὐτοῖς</span> 
     </span>
    </p>
   </div>
   <div class='ocr_carea' id='block_1_47' title="bbox 2155 2369 3746 2448">
    <p class='ocr_par' dir='ltr' id='par_1_47' title="bbox 2155 2369 3746 2448">
     <span class='ocr_line' id='line_1_47' title="bbox 2155 2369 3746 2448; baseline -0.005 -17"><span class='ocrx_word' id='word_1_344' title='bbox 2155 2379 2251 2432; x_wconf 74' lang='grc' dir='ltr'>καὶ</span> <span class='ocrx_word' id='word_1_345' title='bbox 2272 2377 2408 2431; x_wconf 83' lang='grc' dir='ltr'>αὐτὸ</span> <span class='ocrx_word' id='word_1_346' title='bbox 2435 2377 2498 2430; x_wconf 82' lang='grc' dir='ltr'>τὸ</span> <span class='ocrx_word' id='word_1_347' title='bbox 2527 2373 2666 2430; x_wconf 84' lang='grc' dir='ltr'>εῖναι</span> <span class='ocrx_word' id='word_1_348' title='bbox 2691 2377 2772 2440; x_wconf 82' lang='grc' dir='ltr'><strong>είς</strong></span> <span class='ocrx_word' id='word_1_349' title='bbox 2798 2375 2860 2429; x_wconf 79' lang='grc' dir='ltr'><strong>τὸ</strong></span> <span class='ocrx_word' id='word_1_350' title='bbox 2891 2376 2966 2448; x_wconf 82' lang='grc' dir='ltr'>μὴ</span> <span class='ocrx_word' id='word_1_351' title='bbox 2999 2375 3062 2428; x_wconf 84' lang='grc' dir='ltr'><strong>ὂν</strong></span> <span class='ocrx_word' id='word_1_352' title='bbox 3099 2375 3453 2446; x_wconf 84' lang='grc' dir='ltr'>μεταπεσεῖν,</span> <span class='ocrx_word' id='word_1_353' title='bbox 3484 2371 3586 2425; x_wconf 90' lang='grc' dir='ltr'><strong>τοῦ</strong></span> <span class='ocrx_word' id='word_1_354' title='bbox 3605 2369 3746 2425; x_wconf 87' lang='grc' dir='ltr'>Θεοῦ</span> 
     </span>
    </p>
   </div>
   <div class='ocr_carea' id='block_1_48' title="bbox 463 2461 2065 2541">
    <p class='ocr_par' dir='ltr' id='par_1_48' title="bbox 463 2461 2050 2534">
     <span class='ocr_line' id='line_1_48' title="bbox 463 2461 2050 2534; baseline 0.004 -18"><span class='ocrx_word' id='word_1_355' title='bbox 463 2461 763 2516; x_wconf 84' lang='lat' dir='ltr'><strong>amicitiam</strong></span> <span class='ocrx_word' id='word_1_356' title='bbox 794 2472 850 2517; x_wconf 90' lang='lat' dir='ltr'><strong>et</strong></span> <span class='ocrx_word' id='word_1_357' title='bbox 878 2479 1090 2533; x_wconf 91' lang='lat' dir='ltr'><strong>pacem,</strong></span> <span class='ocrx_word' id='word_1_358' title='bbox 1115 2464 1475 2534; x_wconf 86' lang='lat' dir='ltr'><strong>eamdemque</strong></span> <span class='ocrx_word' id='word_1_359' title='bbox 1514 2463 1662 2520; x_wconf 91' lang='lat' dir='ltr'><strong>inter</strong></span> <span class='ocrx_word' id='word_1_360' title='bbox 1691 2479 1750 2520; x_wconf 90' lang='lat' dir='ltr'><strong>se</strong></span> <span class='ocrx_word' id='word_1_361' title='bbox 1777 2467 2050 2522; x_wconf 88' lang='lat' dir='ltr'><strong>rationem</strong></span> 
     </span>
    </p>
   </div>
   <div class='ocr_carea' id='block_1_49' title="bbox 2161 2461 2538 2541">
    <p class='ocr_par' dir='ltr' id='par_1_49' title="bbox 2161 2468 2538 2541">
     <span class='ocr_line' id='line_1_49' title="bbox 2161 2468 2538 2541; baseline 0.005 -19"><span class='ocrx_word' id='word_1_362' title='bbox 2161 2468 2538 2541; x_wconf 70' lang='grc' dir='ltr'>χωριζόμενον.</span> 
     </span>
    </p>
   </div>
   <div class='ocr_carea' id='block_1_50' title="bbox 465 2553 3750 2635">
    <p class='ocr_par' dir='ltr' id='par_1_50' title="bbox 465 2553 3750 2635">
     <span class='ocr_line' id='line_1_50' title="bbox 465 2553 3750 2635; baseline 0.003 -27"><span class='ocrx_word' id='word_1_363' title='bbox 465 2553 858 2620; x_wconf 87' lang='lat' dir='ltr'><strong>ostenderent;</strong></span> <span class='ocrx_word' id='word_1_364' title='bbox 927 2556 1095 2626; x_wconf 90' lang='lat' dir='ltr'><strong>inque</strong></span> <span class='ocrx_word' id='word_1_365' title='bbox 1143 2556 1445 2613; x_wconf 86' lang='lat' dir='ltr'><strong>discrimen</strong></span> <span class='ocrx_word' id='word_1_366' title='bbox 1496 2555 1939 2626; x_wconf 84' lang='lat' dir='ltr'><strong>adducerentur,</strong></span> <span class='ocrx_word' id='word_1_367' title='bbox 1986 2573 2057 2616; x_wconf 90' lang='lat' dir='ltr'><strong>ne</strong></span> <span class='ocrx_word' id='word_1_368' title='bbox 2094 2561 2275 2634; x_wconf 90' lang='lat' dir='ltr'><strong>ipsum</strong></span> <span class='ocrx_word' id='word_1_369' title='bbox 2299 2563 2354 2619; x_wconf 91' lang='lat' dir='ltr'><strong>id</strong></span> <span class='ocrx_word' id='word_1_370' title='bbox 2379 2561 2527 2633; x_wconf 89' lang='lat' dir='ltr'><strong>quod</strong></span> <span class='ocrx_word' id='word_1_371' title='bbox 2554 2563 2875 2619; x_wconf 91' lang='lat' dir='ltr'><strong>suntaDeo</strong></span> <span class='ocrx_word' id='word_1_372' title='bbox 2925 2563 3262 2635; x_wconf 75' lang='lat' dir='ltr'><strong>seiunctum,</strong></span> <span class='ocrx_word' id='word_1_373' title='bbox 3286 2561 3370 2618; x_wconf 90' lang='lat' dir='ltr'><strong>eis</strong></span> <span class='ocrx_word' id='word_1_374' title='bbox 3427 2561 3483 2617; x_wconf 93' lang='lat' dir='ltr'><strong>in</strong></span> <span class='ocrx_word' id='word_1_375' title='bbox 3511 2563 3750 2618; x_wconf 89' lang='lat' dir='ltr'><strong>nihilum</strong></span> 
     </span>
    </p>
   </div>
   <div class='ocr_carea' id='block_1_51' title="bbox 464 2649 2534 2715">
    <p class='ocr_par' dir='ltr' id='par_1_51' title="bbox 464 2649 2534 2715">
     <span class='ocr_line' id='line_1_51' title="bbox 464 2649 2534 2715; baseline 0.004 -9"><span class='ocrx_word' id='word_1_376' title='bbox 464 2649 708 2706; x_wconf 87' lang='lat' dir='ltr'><strong>cederet.</strong></span> <span class='ocrx_word' id='word_1_377' title='bbox 2527 2709 2534 2715; x_wconf 92' lang='lat'><strong>.</strong></span> 
     </span>
    </p>
   </div>
   <div class='ocr_carea' id='block_1_52' title="bbox 535 2731 2065 2817">
    <p class='ocr_par' dir='ltr' id='par_1_52' title="bbox 535 2739 2065 2812">
     <span class='ocr_line' id='line_1_52' title="bbox 535 2739 2065 2812; baseline 0.004 -18"><span class='ocrx_word' id='word_1_378' title='bbox 535 2740 713 2812; x_wconf 81' lang='lat' dir='ltr'><strong>Igitur</strong></span> <span class='ocrx_word' id='word_1_379' title='bbox 750 2739 850 2794; x_wconf 88' lang='lat' dir='ltr'><strong>Dei</strong></span> <span class='ocrx_word' id='word_1_380' title='bbox 898 2739 1082 2810; x_wconf 79' lang='lat' dir='ltr'><strong>imago</strong></span> <span class='ocrx_word' id='word_1_381' title='bbox 1121 2747 1230 2807; x_wconf 90' lang='lat' dir='ltr'><strong>est,</strong></span> <span class='ocrx_word' id='word_1_382' title='bbox 1285 2741 1434 2797; x_wconf 91' lang='lat' dir='ltr'><strong>sicut</strong></span> <span class='ocrx_word' id='word_1_383' title='bbox 1457 2741 1670 2798; x_wconf 89' lang='lat' dir='ltr'><strong>dictum</strong></span> <span class='ocrx_word' id='word_1_384' title='bbox 1715 2750 1833 2809; x_wconf 89' lang='lat' dir='ltr'><strong>est,</strong></span> <span class='ocrx_word' id='word_1_385' title='bbox 1869 2753 2065 2800; x_wconf 87' lang='lat' dir='ltr'><strong>sancta</strong></span> 
     </span>
    </p>
   </div>
   <div class='ocr_carea' id='block_1_53' title="bbox 2161 2731 3748 2817">
    <p class='ocr_par' dir='ltr' id='par_1_53' title="bbox 2236 2731 3748 2817">
     <span class='ocr_line' id='line_1_53' title="bbox 2236 2731 3748 2817; baseline -0.003 -17"><span class='ocrx_word' id='word_1_386' title='bbox 2236 2745 2419 2800; x_wconf 81' lang='grc' dir='ltr'>Είκὼν</span> <span class='ocrx_word' id='word_1_387' title='bbox 2453 2745 2552 2817; x_wconf 85' lang='grc' dir='ltr'>μὲν</span> <span class='ocrx_word' id='word_1_388' title='bbox 2589 2741 2686 2800; x_wconf 79' lang='grc' dir='ltr'><strong>οῦν</strong></span> <span class='ocrx_word' id='word_1_389' title='bbox 2726 2746 2844 2800; x_wconf 72' lang='grc' dir='ltr'>ἐστι</span> <span class='ocrx_word' id='word_1_390' title='bbox 2887 2743 2983 2800; x_wconf 91' lang='grc' dir='ltr'><strong>τοῦ</strong></span> <span class='ocrx_word' id='word_1_391' title='bbox 3019 2742 3182 2811; x_wconf 85' lang='grc' dir='ltr'>Θεοῦ,</span> <span class='ocrx_word' id='word_1_392' title='bbox 3210 2743 3398 2808; x_wconf 84' lang='grc' dir='ltr'>καθὼς</span> <span class='ocrx_word' id='word_1_393' title='bbox 3439 2743 3684 2816; x_wconf 83' lang='grc' dir='ltr'>είρηται,</span> <span class='ocrx_word' id='word_1_394' title='bbox 3713 2731 3748 2803; x_wconf 73' lang='grc' dir='ltr'><strong>ἠ</strong></span> 
     </span>
    </p>
   </div>
   <div class='ocr_carea' id='block_1_54' title="bbox 464 2831 2065 2910">
    <p class='ocr_par' dir='ltr' id='par_1_54' title="bbox 464 2831 2064 2906">
     <span class='ocr_line' id='line_1_54' title="bbox 464 2831 2064 2906; baseline 0.004 -19"><span class='ocrx_word' id='word_1_395' title='bbox 464 2832 565 2888; x_wconf 88' lang='lat' dir='ltr'><strong>Dei</strong></span> <span class='ocrx_word' id='word_1_396' title='bbox 607 2831 878 2896; x_wconf 79' lang='lat' dir='ltr'><strong>Ecclesia,</strong></span> <span class='ocrx_word' id='word_1_397' title='bbox 914 2833 1166 2888; x_wconf 89' lang='lat' dir='ltr'><strong>eamdem</strong></span> <span class='ocrx_word' id='word_1_398' title='bbox 1203 2848 1376 2904; x_wconf 89' lang='lat' dir='ltr'><strong>prope</strong></span> <span class='ocrx_word' id='word_1_399' title='bbox 1416 2848 1480 2888; x_wconf 86' lang='lat' dir='ltr'><strong>ac</strong></span> <span class='ocrx_word' id='word_1_400' title='bbox 1516 2834 1664 2889; x_wconf 90' lang='lat' dir='ltr'><strong>Deus</strong></span> <span class='ocrx_word' id='word_1_401' title='bbox 1701 2851 1831 2906; x_wconf 80' lang='lat' dir='ltr'><strong>erga</strong></span> <span class='ocrx_word' id='word_1_402' title='bbox 1872 2835 2064 2894; x_wconf 88' lang='lat' dir='ltr'><strong>ﬁdeles</strong></span> 
     </span>
    </p>
   </div>
   <div class='ocr_carea' id='block_1_55' title="bbox 2161 2831 3750 2910">
    <p class='ocr_par' dir='ltr' id='par_1_55' title="bbox 2165 2835 3750 2910">
     <span class='ocr_line' id='line_1_55' title="bbox 2165 2835 3750 2910; baseline -0.001 -18"><span class='ocrx_word' id='word_1_403' title='bbox 2165 2837 2299 2906; x_wconf 84' lang='grc' dir='ltr'>ἁγία</span> <span class='ocrx_word' id='word_1_404' title='bbox 2346 2837 2665 2908; x_wconf 78' lang='grc' dir='ltr'>Ἐκκλησία,</span> <span class='ocrx_word' id='word_1_405' title='bbox 2696 2836 2774 2902; x_wconf 83' lang='grc' dir='ltr'>ὡς</span> <span class='ocrx_word' id='word_1_406' title='bbox 2825 2835 2926 2910; x_wconf 76' lang='grc' dir='ltr'>τὴν</span> <span class='ocrx_word' id='word_1_407' title='bbox 2967 2837 3138 2909; x_wconf 81' lang='grc' dir='ltr'>αὐτὴν</span> <span class='ocrx_word' id='word_1_408' title='bbox 3175 2837 3256 2908; x_wconf 83' lang='grc' dir='ltr'><strong>τῷ</strong></span> <span class='ocrx_word' id='word_1_409' title='bbox 3301 2836 3422 2908; x_wconf 88' lang='grc' dir='ltr'>Θεῷ</span> <span class='ocrx_word' id='word_1_410' title='bbox 3459 2839 3592 2909; x_wconf 75' lang='grc' dir='ltr'>περὶ</span> <span class='ocrx_word' id='word_1_411' title='bbox 3623 2838 3750 2902; x_wconf 80' lang='grc' dir='ltr'>τοὺς</span> 
     </span>
    </p>
   </div>
   <div class='ocr_carea' id='block_1_56' title="bbox 467 2924 2065 3000">
    <p class='ocr_par' dir='ltr' id='par_1_56' title="bbox 467 2924 2061 2996">
     <span class='ocr_line' id='line_1_56' title="bbox 467 2924 2061 2996; baseline 0.004 -18"><span class='ocrx_word' id='word_1_412' title='bbox 467 2924 731 2979; x_wconf 90' lang='lat' dir='ltr'><strong>unionem</strong></span> <span class='ocrx_word' id='word_1_413' title='bbox 761 2934 1056 2994; x_wconf 62' lang='lat' dir='ltr'><strong>praestans,</strong></span> <span class='ocrx_word' id='word_1_414' title='bbox 1083 2925 1302 2981; x_wconf 86' lang='lat' dir='ltr'><strong>tametsi</strong></span> <span class='ocrx_word' id='word_1_415' title='bbox 1328 2926 1766 2996; x_wconf 90' lang='lat' dir='ltr'><strong>proprietatibus</strong></span> <span class='ocrx_word' id='word_1_416' title='bbox 1788 2927 2061 2995; x_wconf 90' lang='lat' dir='ltr'><strong>distincti,</strong></span> 
     </span>
    </p>
   </div>
   <div class='ocr_carea' id='block_1_57' title="bbox 2161 2924 3750 3000">
    <p class='ocr_par' dir='ltr' id='par_1_57' title="bbox 2166 2926 3750 3000">
     <span class='ocr_line' id='line_1_57' title="bbox 2166 2926 3750 3000; baseline -0.001 -20"><span class='ocrx_word' id='word_1_417' title='bbox 2166 2928 2397 2990; x_wconf 83' lang='grc' dir='ltr'>πιστοὺς</span> <span class='ocrx_word' id='word_1_418' title='bbox 2439 2926 2742 3000; x_wconf 82' lang='grc' dir='ltr'>ὲνεργοῦσα</span> <span class='ocrx_word' id='word_1_419' title='bbox 2775 2927 2995 2990; x_wconf 69' lang='grc' dir='ltr'>ἕνωσιν,</span> <span class='ocrx_word' id='word_1_420' title='bbox 3029 2927 3136 2981; x_wconf 81' lang='grc' dir='ltr'>κᾶν</span> <span class='ocrx_word' id='word_1_421' title='bbox 3165 2927 3416 2998; x_wconf 88' lang='grc' dir='ltr'>διάφοροι</span> <span class='ocrx_word' id='word_1_422' title='bbox 3463 2929 3577 2991; x_wconf 87' lang='grc' dir='ltr'>τοῖς</span> <span class='ocrx_word' id='word_1_423' title='bbox 3612 2927 3750 2983; x_wconf 76' lang='grc' dir='ltr'>ἰδιώ-</span> 
     </span>
    </p>
   </div>
   <div class='ocr_carea' id='block_1_58' title="bbox 379 3004 2065 3090">
    <p class='ocr_par' dir='ltr' id='par_1_58' title="bbox 379 3004 2065 3090">
     <span class='ocr_line' id='line_1_58' title="bbox 379 3004 2065 3090; baseline 0.001 -18"><span class='ocrx_word' id='word_1_424' title='bbox 379 3004 385 3010; x_wconf 64' lang='grc'><strong>’</strong></span> <span class='ocrx_word' id='word_1_425' title='bbox 467 3017 822 3086; x_wconf 81' lang='lat' dir='ltr'><strong>diversisque</strong></span> <span class='ocrx_word' id='word_1_426' title='bbox 851 3016 990 3072; x_wconf 91' lang='lat' dir='ltr'><strong>locis</strong></span> <span class='ocrx_word' id='word_1_427' title='bbox 1017 3017 1265 3083; x_wconf 88' lang='lat' dir='ltr'><strong>oriundi,</strong></span> <span class='ocrx_word' id='word_1_428' title='bbox 1293 3026 1460 3087; x_wconf 86' lang='lat' dir='ltr'><strong>atque</strong></span> <span class='ocrx_word' id='word_1_429' title='bbox 1491 3018 1613 3074; x_wconf 88' lang='lat' dir='ltr'><strong>aliis</strong></span> <span class='ocrx_word' id='word_1_430' title='bbox 1638 3019 1872 3090; x_wconf 88' lang='lat' dir='ltr'><strong>aliisque</strong></span> <span class='ocrx_word' id='word_1_431' title='bbox 1897 3021 2065 3075; x_wconf 90' lang='lat' dir='ltr'><strong>mori-</strong></span> 
     </span>
    </p>
   </div>
   <div class='ocr_carea' id='block_1_59' title="bbox 2161 3004 3747 3090">
    <p class='ocr_par' dir='ltr' id='par_1_59' title="bbox 2169 3017 3747 3090">
     <span class='ocr_line' id='line_1_59' title="bbox 2169 3017 3747 3090; baseline 0 -18"><span class='ocrx_word' id='word_1_432' title='bbox 2169 3035 2302 3090; x_wconf 79' lang='grc' dir='ltr'>μασι</span> <span class='ocrx_word' id='word_1_433' title='bbox 2354 3019 2450 3072; x_wconf 80' lang='grc' dir='ltr'>καὶ</span> <span class='ocrx_word' id='word_1_434' title='bbox 2493 3019 2559 3072; x_wconf 84' lang='grc' dir='ltr'>ὲκ</span> <span class='ocrx_word' id='word_1_435' title='bbox 2603 3018 2880 3090; x_wconf 87' lang='grc' dir='ltr'>διαφόρων</span> <span class='ocrx_word' id='word_1_436' title='bbox 2931 3017 3029 3072; x_wconf 74' lang='grc' dir='ltr'>καὶ</span> <span class='ocrx_word' id='word_1_437' title='bbox 3079 3017 3261 3072; x_wconf 87' lang='grc' dir='ltr'>τόπων</span> <span class='ocrx_word' id='word_1_438' title='bbox 3295 3019 3392 3072; x_wconf 82' lang='grc' dir='ltr'>καὶ</span> <span class='ocrx_word' id='word_1_439' title='bbox 3421 3017 3665 3090; x_wconf 84' lang='grc' dir='ltr'>τρόπων,</span> <span class='ocrx_word' id='word_1_440' title='bbox 3700 3021 3747 3072; x_wconf 80' lang='lat' dir='ltr'><strong>oi</strong></span> 
     </span>
    </p>
   </div>
   <div class='ocr_carea' id='block_1_60' title="bbox 468 3106 2065 3212">
    <p class='ocr_par' dir='ltr' id='par_1_60' title="bbox 468 3106 2064 3177">
     <span class='ocr_line' id='line_1_60' title="bbox 468 3106 2064 3177; baseline 0.003 -15"><span class='ocrx_word' id='word_1_441' title='bbox 468 3107 574 3162; x_wconf 90' lang='lat' dir='ltr'><strong>bus</strong></span> <span class='ocrx_word' id='word_1_442' title='bbox 598 3107 730 3173; x_wconf 91' lang='lat' dir='ltr'><strong>sint,</strong></span> <span class='ocrx_word' id='word_1_443' title='bbox 759 3106 854 3177; x_wconf 93' lang='lat' dir='ltr'><strong>qui</strong></span> <span class='ocrx_word' id='word_1_444' title='bbox 889 3123 991 3177; x_wconf 90' lang='lat' dir='ltr'><strong>per</strong></span> <span class='ocrx_word' id='word_1_445' title='bbox 1017 3107 1183 3163; x_wconf 88' lang='lat' dir='ltr'><strong>ﬁdem</strong></span> <span class='ocrx_word' id='word_1_446' title='bbox 1211 3109 1268 3164; x_wconf 90' lang='lat' dir='ltr'><strong>in</strong></span> <span class='ocrx_word' id='word_1_447' title='bbox 1296 3124 1360 3164; x_wconf 91' lang='lat' dir='ltr'><strong>ea</strong></span> <span class='ocrx_word' id='word_1_448' title='bbox 1388 3115 1519 3164; x_wconf 90' lang='lat' dir='ltr'><strong>sunt</strong></span> <span class='ocrx_word' id='word_1_449' title='bbox 1544 3109 1702 3164; x_wconf 88' lang='lat' dir='ltr'><strong>uniti.</strong></span> <span class='ocrx_word' id='word_1_450' title='bbox 1733 3111 1886 3166; x_wconf 89' lang='lat' dir='ltr'><strong>llanc</strong></span> <span class='ocrx_word' id='word_1_451' title='bbox 1915 3111 2064 3166; x_wconf 87' lang='lat' dir='ltr'><strong>circa</strong></span> 
     </span>
    </p>
   </div>
   <div class='ocr_carea' id='block_1_61' title="bbox 2161 3106 3748 3212">
    <p class='ocr_par' dir='ltr' id='par_1_61' title="bbox 2167 3108 3748 3182">
     <span class='ocr_line' id='line_1_61' title="bbox 2167 3108 3748 3182; baseline 0.001 -20"><span class='ocrx_word' id='word_1_452' title='bbox 2167 3109 2291 3164; x_wconf 85' lang='grc' dir='ltr'>κατ’</span> <span class='ocrx_word' id='word_1_453' title='bbox 2321 3109 2496 3180; x_wconf 82' lang='grc' dir='ltr'>αὐτὴν</span> <span class='ocrx_word' id='word_1_454' title='bbox 2522 3108 2612 3164; x_wconf 85' lang='grc' dir='ltr'>διὰ</span> <span class='ocrx_word' id='word_1_455' title='bbox 2641 3112 2746 3181; x_wconf 85' lang='grc' dir='ltr'><strong>τῆς</strong></span> <span class='ocrx_word' id='word_1_456' title='bbox 2777 3109 3016 3173; x_wconf 85' lang='grc' dir='ltr'>πίστεως</span> <span class='ocrx_word' id='word_1_457' title='bbox 3062 3109 3474 3182; x_wconf 79' lang='grc' dir='ltr'>ἑνοποιούμενοι</span> <span class='ocrx_word' id='word_1_458' title='bbox 3508 3109 3748 3182; x_wconf 83' lang='grc' dir='ltr'>τύχωσιν</span> 
     </span>
    </p>
   </div>
   <div class='ocr_carea' id='block_1_62' title="bbox 468 3191 2065 3274">
    <p class='ocr_par' dir='ltr' id='par_1_62' title="bbox 468 3197 2064 3272">
     <span class='ocr_line' id='line_1_62' title="bbox 468 3197 2064 3272; baseline 0.006 -23"><span class='ocrx_word' id='word_1_459' title='bbox 468 3211 659 3250; x_wconf 87' lang='lat' dir='ltr'><strong>rerum</strong></span> <span class='ocrx_word' id='word_1_460' title='bbox 690 3198 961 3252; x_wconf 89' lang='lat' dir='ltr'><strong>essentias</strong></span> <span class='ocrx_word' id='word_1_461' title='bbox 989 3197 1249 3253; x_wconf 89' lang='lat' dir='ltr'><strong>unionem</strong></span> <span class='ocrx_word' id='word_1_462' title='bbox 1283 3200 1502 3270; x_wconf 88' lang='lat' dir='ltr'><strong>operari</strong></span> <span class='ocrx_word' id='word_1_463' title='bbox 1534 3201 1682 3256; x_wconf 88' lang='lat' dir='ltr'><strong>Deus</strong></span> <span class='ocrx_word' id='word_1_464' title='bbox 1716 3201 1834 3272; x_wconf 89' lang='lat' dir='ltr'><strong>ipse</strong></span> <span class='ocrx_word' id='word_1_465' title='bbox 1862 3212 2064 3272; x_wconf 74' lang='lat' dir='ltr'><strong>prmsto</strong></span> 
     </span>
    </p>
   </div>
   <div class='ocr_carea' id='block_1_63' title="bbox 2161 3191 3750 3274">
    <p class='ocr_par' dir='ltr' id='par_1_63' title="bbox 2165 3191 3750 3274">
     <span class='ocr_line' id='line_1_63' title="bbox 2165 3191 3750 3274; baseline 0.001 -20"><span class='ocrx_word' id='word_1_466' title='bbox 2165 3201 2346 3264; x_wconf 67' lang='grc' dir='ltr'>ὄντες·</span> <span class='ocrx_word' id='word_1_467' title='bbox 2382 3201 2450 3272; x_wconf 85' lang='grc' dir='ltr'>ἣν</span> <span class='ocrx_word' id='word_1_468' title='bbox 2495 3202 2627 3272; x_wconf 74' lang='grc' dir='ltr'>περὶ</span> <span class='ocrx_word' id='word_1_469' title='bbox 2673 3201 2775 3266; x_wconf 80' lang='grc' dir='ltr'>τὰς</span> <span class='ocrx_word' id='word_1_470' title='bbox 2837 3201 3028 3265; x_wconf 79' lang='grc' dir='ltr'>οὐσίας</span> <span class='ocrx_word' id='word_1_471' title='bbox 3069 3203 3182 3256; x_wconf 89' lang='grc' dir='ltr'><strong>τῶν</strong></span> <span class='ocrx_word' id='word_1_472' title='bbox 3225 3202 3397 3256; x_wconf 73' lang='grc' dir='ltr'>ὄντων</span> <span class='ocrx_word' id='word_1_473' title='bbox 3427 3191 3750 3274; x_wconf 64' lang='grc' dir='ltr'>ἀσυγχύτιὶλς</span> 
     </span>
    </p>
   </div>
   <div class='ocr_carea' id='block_1_64' title="bbox 469 3279 2065 3367">
    <p class='ocr_par' dir='ltr' id='par_1_64' title="bbox 469 3279 2062 3366">
     <span class='ocr_line' id='line_1_64' title="bbox 469 3279 2062 3366; baseline 0.006 -26"><span class='ocrx_word' id='word_1_474' title='bbox 469 3287 670 3354; x_wconf 88' lang='lat' dir='ltr'><strong>habet;</strong></span> <span class='ocrx_word' id='word_1_475' title='bbox 707 3279 898 3343; x_wconf 67' lang='lat' dir='ltr'><strong>earum</strong></span> <span class='ocrx_word' id='word_1_476' title='bbox 929 3288 1372 3356; x_wconf 89' lang='lat' dir='ltr'><strong>distinctionem,</strong></span> <span class='ocrx_word' id='word_1_477' title='bbox 1402 3301 1466 3348; x_wconf 89' lang='lat' dir='ltr'><strong>ut</strong></span> <span class='ocrx_word' id='word_1_478' title='bbox 1497 3301 1785 3348; x_wconf 89' lang='lat' dir='ltr'><strong>ostensum</strong></span> <span class='ocrx_word' id='word_1_479' title='bbox 1818 3303 1924 3361; x_wconf 89' lang='lat' dir='ltr'><strong>est,</strong></span> <span class='ocrx_word' id='word_1_480' title='bbox 1952 3310 2062 3366; x_wconf 91' lang='lat' dir='ltr'><strong>qua</strong></span> 
     </span>
    </p>
   </div>
   <div class='ocr_carea' id='block_1_65' title="bbox 2161 3279 3750 3367">
    <p class='ocr_par' dir='ltr' id='par_1_65' title="bbox 2165 3292 3750 3367">
     <span class='ocr_line' id='line_1_65' title="bbox 2165 3292 3750 3367; baseline 0.003 -23"><span class='ocrx_word' id='word_1_481' title='bbox 2165 3292 2329 3356; x_wconf 79' lang='grc' dir='ltr'>αὐτὸς</span> <span class='ocrx_word' id='word_1_482' title='bbox 2364 3294 2610 3366; x_wconf 78' lang='grc' dir='ltr'>ἐνεργεῖν</span> <span class='ocrx_word' id='word_1_483' title='bbox 2636 3293 2882 3365; x_wconf 86' lang='grc' dir='ltr'>πέφυκεν</span> <span class='ocrx_word' id='word_1_484' title='bbox 2913 3297 2942 3348; x_wconf 86' lang='grc' dir='ltr'>ὁ</span> <span class='ocrx_word' id='word_1_485' title='bbox 2966 3294 3100 3358; x_wconf 86' lang='grc' dir='ltr'>Θεός</span> <span class='ocrx_word' id='word_1_486' title='bbox 3123 3311 3137 3324; x_wconf 88' lang='grc'><strong>·</strong></span> <span class='ocrx_word' id='word_1_487' title='bbox 3178 3295 3242 3349; x_wconf 83' lang='grc' dir='ltr'>τὸ</span> <span class='ocrx_word' id='word_1_488' title='bbox 3273 3297 3406 3367; x_wconf 74' lang='grc' dir='ltr'>περὶ</span> <span class='ocrx_word' id='word_1_489' title='bbox 3432 3294 3603 3360; x_wconf 82' lang='grc' dir='ltr'>αύτάς</span> <span class='ocrx_word' id='word_1_490' title='bbox 3633 3295 3750 3349; x_wconf 75' lang='grc' dir='ltr'>διά-</span> 
     </span>
    </p>
   </div>
   <div class='ocr_carea' id='block_1_66' title="bbox 468 3371 2065 3458">
    <p class='ocr_par' dir='ltr' id='par_1_66' title="bbox 468 3371 2062 3455">
     <span class='ocr_line' id='line_1_66' title="bbox 468 3371 2062 3455; baseline 0.007 -23"><span class='ocrx_word' id='word_1_491' title='bbox 468 3377 536 3433; x_wconf 87' lang='lat' dir='ltr'><strong>ad</strong></span> <span class='ocrx_word' id='word_1_492' title='bbox 579 3379 758 3448; x_wconf 90' lang='lat' dir='ltr'><strong>ipsum</strong></span> <span class='ocrx_word' id='word_1_493' title='bbox 796 3390 858 3436; x_wconf 93' lang='lat' dir='ltr'><strong>ut</strong></span> <span class='ocrx_word' id='word_1_494' title='bbox 889 3371 1112 3436; x_wconf 84' lang='lat' dir='ltr'><strong>causam</strong></span> <span class='ocrx_word' id='word_1_495' title='bbox 1147 3391 1205 3438; x_wconf 89' lang='lat' dir='ltr'><strong>et</strong></span> <span class='ocrx_word' id='word_1_496' title='bbox 1236 3384 1578 3455; x_wconf 90' lang='lat' dir='ltr'><strong>principium</strong></span> <span class='ocrx_word' id='word_1_497' title='bbox 1615 3401 1680 3440; x_wconf 87' lang='lat' dir='ltr'><strong>ac</strong></span> <span class='ocrx_word' id='word_1_498' title='bbox 1711 3384 1877 3440; x_wconf 84' lang='lat' dir='ltr'><strong>ﬁnem</strong></span> <span class='ocrx_word' id='word_1_499' title='bbox 1913 3387 2062 3443; x_wconf 83' lang='lat' dir='ltr'><strong>refe-</strong></span> 
     </span>
    </p>
   </div>
   <div class='ocr_carea' id='block_1_67' title="bbox 2161 3371 3750 3458">
    <p class='ocr_par' dir='ltr' id='par_1_67' title="bbox 2167 3385 3750 3458">
     <span class='ocr_line' id='line_1_67' title="bbox 2167 3385 3750 3458; baseline 0.004 -20"><span class='ocrx_word' id='word_1_500' title='bbox 2167 3401 2358 3455; x_wconf 82' lang='grc' dir='ltr'>φορον,</span> <span class='ocrx_word' id='word_1_501' title='bbox 2384 3385 2460 3450; x_wconf 79' lang='grc' dir='ltr'><strong>ὡς</strong></span> <span class='ocrx_word' id='word_1_502' title='bbox 2499 3385 2796 3450; x_wconf 82' lang='grc' dir='ltr'>δέδεικται,</span> <span class='ocrx_word' id='word_1_503' title='bbox 2837 3389 2904 3457; x_wconf 82' lang='grc' dir='ltr'><strong>τῇ</strong></span> <span class='ocrx_word' id='word_1_504' title='bbox 2938 3387 3075 3458; x_wconf 73' lang='grc' dir='ltr'>πρὸς</span> <span class='ocrx_word' id='word_1_505' title='bbox 3101 3387 3294 3441; x_wconf 76' lang='grc' dir='ltr'>ἑαυτὸν</span> <span class='ocrx_word' id='word_1_506' title='bbox 3327 3387 3403 3452; x_wconf 87' lang='grc' dir='ltr'>ὡς</span> <span class='ocrx_word' id='word_1_507' title='bbox 3447 3389 3630 3443; x_wconf 79' lang='grc' dir='ltr'>αἰτίαν</span> <span class='ocrx_word' id='word_1_508' title='bbox 3656 3390 3750 3444; x_wconf 79' lang='grc' dir='ltr'>καὶ</span> 
     </span>
    </p>
   </div>
   <div class='ocr_carea' id='block_1_68' title="bbox 469 3467 2065 3553">
    <p class='ocr_par' dir='ltr' id='par_1_68' title="bbox 469 3467 2065 3548">
     <span class='ocr_line' id='line_1_68' title="bbox 469 3467 2065 3548; baseline 0.007 -24"><span class='ocrx_word' id='word_1_509' title='bbox 469 3479 692 3538; x_wconf 90' lang='lat' dir='ltr'><strong>runtur,</strong></span> <span class='ocrx_word' id='word_1_510' title='bbox 715 3467 949 3544; x_wconf 77' lang='lat' dir='ltr'><strong>ipsique</strong></span> <span class='ocrx_word' id='word_1_511' title='bbox 991 3477 1282 3542; x_wconf 90' lang='lat' dir='ltr'><strong>uniuntur,</strong></span> <span class='ocrx_word' id='word_1_512' title='bbox 1318 3477 1592 3548; x_wconf 87' lang='lat' dir='ltr'><strong>tantisper</strong></span> <span class='ocrx_word' id='word_1_513' title='bbox 1629 3478 1845 3534; x_wconf 90' lang='lat' dir='ltr'><strong>leniens</strong></span> <span class='ocrx_word' id='word_1_514' title='bbox 1889 3486 1966 3546; x_wconf 89' lang='lat' dir='ltr'><strong>et,</strong></span> <span class='ocrx_word' id='word_1_515' title='bbox 2003 3487 2065 3534; x_wconf 89' lang='lat' dir='ltr'><strong>ut</strong></span> 
     </span>
    </p>
   </div>
   <div class='ocr_carea' id='block_1_69' title="bbox 2161 3467 3751 3553">
    <p class='ocr_par' dir='ltr' id='par_1_69' title="bbox 2168 3475 3751 3553">
     <span class='ocr_line' id='line_1_69' title="bbox 2168 3475 3751 3553; baseline 0.004 -24"><span class='ocrx_word' id='word_1_516' title='bbox 2168 3475 2346 3548; x_wconf 82' lang='grc' dir='ltr'>ἀρχὴν</span> <span class='ocrx_word' id='word_1_517' title='bbox 2397 3476 2492 3530; x_wconf 72' lang='grc' dir='ltr'>καὶ</span> <span class='ocrx_word' id='word_1_518' title='bbox 2542 3476 2718 3541; x_wconf 80' lang='grc' dir='ltr'>τέλος,</span> <span class='ocrx_word' id='word_1_519' title='bbox 2757 3478 3010 3549; x_wconf 79' lang='grc' dir='ltr'>ἀναφορᾷ</span> <span class='ocrx_word' id='word_1_520' title='bbox 3041 3497 3100 3532; x_wconf 87' lang='grc' dir='ltr'><strong>τε</strong></span> <span class='ocrx_word' id='word_1_521' title='bbox 3147 3480 3243 3534; x_wconf 75' lang='grc' dir='ltr'>καὶ</span> <span class='ocrx_word' id='word_1_522' title='bbox 3271 3478 3464 3534; x_wconf 84' lang='grc' dir='ltr'>ὲνώσει</span> <span class='ocrx_word' id='word_1_523' title='bbox 3491 3497 3751 3553; x_wconf 84' lang='grc' dir='ltr'>παραμυ-</span> 
     </span>
    </p>
   </div>
   <div class='ocr_carea' id='block_1_70' title="bbox 471 3559 2065 3644">
    <p class='ocr_par' dir='ltr' id='par_1_70' title="bbox 471 3559 1320 3630">
     <span class='ocr_line' id='line_1_70' title="bbox 471 3559 1320 3630; baseline 0.008 -17"><span class='ocrx_word' id='word_1_524' title='bbox 471 3559 713 3630; x_wconf 89' lang='lat' dir='ltr'><strong>idipsum</strong></span> <span class='ocrx_word' id='word_1_525' title='bbox 738 3563 1029 3630; x_wconf 79' lang='lat' dir='ltr'><strong>exsistant,</strong></span> <span class='ocrx_word' id='word_1_526' title='bbox 1055 3562 1320 3620; x_wconf 74' lang='lat' dir='ltr'><strong>efﬁciens.</strong></span> 
     </span>
    </p>
   </div>
   <div class='ocr_carea' id='block_1_71' title="bbox 2161 3559 3194 3644">
    <p class='ocr_par' dir='ltr' id='par_1_71' title="bbox 2169 3569 3194 3644">
     <span class='ocr_line' id='line_1_71' title="bbox 2169 3569 3194 3644; baseline 0.004 -22"><span class='ocrx_word' id='word_1_527' title='bbox 2169 3569 2434 3642; x_wconf 83' lang='grc' dir='ltr'>Θούμενός</span> <span class='ocrx_word' id='word_1_528' title='bbox 2467 3587 2527 3624; x_wconf 92' lang='grc' dir='ltr'><strong>τε</strong></span> <span class='ocrx_word' id='word_1_529' title='bbox 2557 3570 2652 3625; x_wconf 62' lang='grc' dir='ltr'><strong>καὶ¹</strong></span> <span class='ocrx_word' id='word_1_530' title='bbox 2679 3571 3194 3644; x_wconf 79' lang='grc' dir='ltr'>ταυτοποιούμενος.</span> 
     </span>
    </p>
   </div>
   <div class='ocr_carea' id='block_1_72' title="bbox 995 3749 1526 3822">
    <p class='ocr_par' dir='ltr' id='par_1_72' title="bbox 995 3749 1526 3822">
     <span class='ocr_line' id='line_1_72' title="bbox 995 3749 1526 3822; baseline 0.008 -16"><span class='ocrx_word' id='word_1_531' title='bbox 995 3749 1162 3822; x_wconf 67' lang='lat'><strong>493</strong></span> <span class='ocrx_word' id='word_1_532' title='bbox 1197 3750 1425 3808; x_wconf 81' lang='lat' dir='ltr'><strong>CAPUT</strong></span> <span class='ocrx_word' id='word_1_533' title='bbox 1461 3753 1526 3810; x_wconf 90' lang='grc' dir='ltr'>ιι.</span> 
     </span>
    </p>
   </div>
   <div class='ocr_carea' id='block_1_73' title="bbox 469 3837 2063 3912">
    <p class='ocr_par' dir='ltr' id='par_1_73' title="bbox 469 3837 2063 3912">
     <span class='ocr_line' id='line_1_73' title="bbox 469 3837 2063 3912; baseline 0.006 -21"><span class='ocrx_word' id='word_1_534' title='bbox 469 3837 762 3912; x_wconf 78' lang='lat' dir='ltr'><strong>Quomodo,</strong></span> <span class='ocrx_word' id='word_1_535' title='bbox 791 3850 840 3896; x_wconf 85' lang='lat' dir='ltr'><strong>et</strong></span> <span class='ocrx_word' id='word_1_536' title='bbox 874 3859 1108 3912; x_wconf 88' lang='lat' dir='ltr'><strong>quanam</strong></span> <span class='ocrx_word' id='word_1_537' title='bbox 1144 3844 1353 3897; x_wconf 83' lang='lat' dir='ltr'><strong>ratione</strong></span> <span class='ocrx_word' id='word_1_538' title='bbox 1377 3853 1564 3899; x_wconf 88' lang='lat' dir='ltr'><strong>sancta</strong></span> <span class='ocrx_word' id='word_1_539' title='bbox 1595 3843 1691 3899; x_wconf 88' lang='lat' dir='ltr'><strong>Dei</strong></span> <span class='ocrx_word' id='word_1_540' title='bbox 1721 3845 1961 3900; x_wconf 79' lang='lat' dir='ltr'><strong>Ecclesia</strong></span> <span class='ocrx_word' id='word_1_541' title='bbox 1991 3848 2063 3900; x_wconf 88' lang='lat' dir='ltr'><strong>sit</strong></span> 
     </span>
    </p>
   </div>
   <div class='ocr_carea' id='block_1_74' title="bbox 541 3911 2056 3985">
    <p class='ocr_par' dir='ltr' id='par_1_74' title="bbox 541 3911 2056 3985">
     <span class='ocr_line' id='line_1_74' title="bbox 541 3911 2056 3985; baseline 0.004 -21"><span class='ocrx_word' id='word_1_542' title='bbox 541 3911 718 3985; x_wconf 77' lang='lat' dir='ltr'><strong>imago</strong></span> <span class='ocrx_word' id='word_1_543' title='bbox 765 3911 948 3966; x_wconf 84' lang='lat' dir='ltr'><strong>mundi</strong></span> <span class='ocrx_word' id='word_1_544' title='bbox 997 3927 1060 3985; x_wconf 75' lang='lat' dir='ltr'><strong>ex</strong></span> <span class='ocrx_word' id='word_1_545' title='bbox 1109 3913 1447 3985; x_wconf 81' lang='lat' dir='ltr'><strong>substantiis,</strong></span> <span class='ocrx_word' id='word_1_546' title='bbox 1487 3931 1604 3985; x_wconf 69' lang='lat' dir='ltr'><strong>qua:</strong></span> <span class='ocrx_word' id='word_1_547' title='bbox 1650 3916 1744 3969; x_wconf 89' lang='lat' dir='ltr'><strong>sub</strong></span> <span class='ocrx_word' id='word_1_548' title='bbox 1791 3926 2056 3984; x_wconf 87' lang='lat' dir='ltr'><strong>aspectum</strong></span> 
     </span>
    </p>
   </div>
   <div class='ocr_carea' id='block_1_75' title="bbox 541 3981 2056 4058">
    <p class='ocr_par' dir='ltr' id='par_1_75' title="bbox 541 3981 2056 4058">
     <span class='ocr_line' id='line_1_75' title="bbox 541 3981 2056 4058; baseline 0.005 -26"><span class='ocrx_word' id='word_1_549' title='bbox 541 3981 760 4058; x_wconf 73' lang='lat' dir='ltr'><strong>cadunt,</strong></span> <span class='ocrx_word' id='word_1_550' title='bbox 777 3993 834 4058; x_wconf 71' lang='lat' dir='ltr'><strong>et</strong></span> <span class='ocrx_word' id='word_1_551' title='bbox 859 3999 978 4053; x_wconf 79' lang='lat' dir='ltr'><strong>qua:</strong></span> <span class='ocrx_word' id='word_1_552' title='bbox 1009 3983 1408 4052; x_wconf 82' lang='lat' dir='ltr'><strong>inuspectabites</strong></span> <span class='ocrx_word' id='word_1_553' title='bbox 1432 3981 1578 4051; x_wconf 81' lang='lat' dir='ltr'><strong>sunt,</strong></span> <span class='ocrx_word' id='word_1_554' title='bbox 1602 3981 1874 4041; x_wconf 82' lang='lat' dir='ltr'><strong>constituti</strong></span> <span class='ocrx_word' id='word_1_555' title='bbox 1898 3997 2056 4058; x_wconf 82' lang='lat' dir='ltr'><strong>atque</strong></span> 
     </span>
    </p>
   </div>
   <div class='ocr_carea' id='block_1_76' title="bbox 541 4052 798 4121">
    <p class='ocr_par' dir='ltr' id='par_1_76' title="bbox 541 4052 798 4121">
     <span class='ocr_line' id='line_1_76' title="bbox 541 4052 798 4121; baseline 0.008 -19"><span class='ocrx_word' id='word_1_556' title='bbox 541 4053 759 4121; x_wconf 81' lang='lat' dir='ltr'><strong>conﬂati</strong></span> <span class='ocrx_word' id='word_1_557' title='bbox 773 4052 798 4103; x_wconf 87' lang='lat'><strong><em>?</em></strong></span> 
     </span>
    </p>
   </div>
   <div class='ocr_carea' id='block_1_77' title="bbox 543 4161 2057 4235">
    <p class='ocr_par' dir='ltr' id='par_1_77' title="bbox 543 4161 2057 4235">
     <span class='ocr_line' id='line_1_77' title="bbox 543 4161 2057 4235; baseline 0.007 -20"><span class='ocrx_word' id='word_1_558' title='bbox 543 4161 794 4218; x_wconf 74' lang='lat' dir='ltr'><strong>Ecclesia:</strong></span> <span class='ocrx_word' id='word_1_559' title='bbox 824 4165 1062 4234; x_wconf 81' lang='lat' dir='ltr'><strong>partium</strong></span> <span class='ocrx_word' id='word_1_560' title='bbox 1092 4165 1268 4221; x_wconf 87' lang='lat' dir='ltr'><strong>altera</strong></span> <span class='ocrx_word' id='word_1_561' title='bbox 1299 4168 1657 4224; x_wconf 86' lang='lat' dir='ltr'><strong>sacerdotibus</strong></span> <span class='ocrx_word' id='word_1_562' title='bbox 1687 4186 1750 4223; x_wconf 91' lang='lat' dir='ltr'><strong>ac</strong></span> <span class='ocrx_word' id='word_1_563' title='bbox 1780 4169 2057 4235; x_wconf 83' lang='lat' dir='ltr'><strong>ministris,</strong></span> 
     </span>
    </p>
   </div>
   <div class='ocr_carea' id='block_1_78' title="bbox 470 4257 2065 4320">
    <p class='ocr_par' dir='ltr' id='par_1_78' title="bbox 470 4257 2065 4320">
     <span class='ocr_line' id='line_1_78' title="bbox 470 4257 2065 4320; baseline 0.006 -10"><span class='ocrx_word' id='word_1_564' title='bbox 470 4257 646 4312; x_wconf 85' lang='lat' dir='ltr'><strong>altera</strong></span> <span class='ocrx_word' id='word_1_565' title='bbox 700 4257 853 4313; x_wconf 72' lang='lat' dir='ltr'><strong>(dicis</strong></span> <span class='ocrx_word' id='word_1_566' title='bbox 905 4261 1186 4317; x_wconf 86' lang='lat' dir='ltr'><strong>attributa.</strong></span> <span class='ocrx_word' id='word_1_567' title='bbox 1233 4261 1587 4319; x_wconf 84' lang='lat' dir='ltr'><strong>Consecratur</strong></span> <span class='ocrx_word' id='word_1_568' title='bbox 1633 4267 1934 4320; x_wconf 87' lang='lat' dir='ltr'><strong>sacrarium</strong></span> <span class='ocrx_word' id='word_1_569' title='bbox 1987 4267 2065 4320; x_wconf 86' lang='lat' dir='ltr'><strong>rei</strong></span> 
     </span>
    </p>
   </div>
   <div class='ocr_carea' id='block_1_79' title="bbox 467 4351 2066 4427">
    <p class='ocr_par' dir='ltr' id='par_1_79' title="bbox 467 4351 2066 4427">
     <span class='ocr_line' id='line_1_79' title="bbox 467 4351 2066 4427; baseline 0.007 -28"><span class='ocrx_word' id='word_1_570' title='bbox 467 4363 634 4402; x_wconf 70' lang='lat' dir='ltr'><strong>sacrm</strong></span> <span class='ocrx_word' id='word_1_571' title='bbox 660 4351 716 4402; x_wconf 91' lang='lat' dir='ltr'><strong>in</strong></span> <span class='ocrx_word' id='word_1_572' title='bbox 745 4365 806 4404; x_wconf 88' lang='lat' dir='ltr'><strong>eo</strong></span> <span class='ocrx_word' id='word_1_573' title='bbox 831 4353 1316 4418; x_wconf 86' lang='lat' dir='ltr'><strong>consummatione;</strong></span> <span class='ocrx_word' id='word_1_574' title='bbox 1344 4355 1470 4418; x_wconf 82' lang='grc' dir='ltr'>ναὸς</span> <span class='ocrx_word' id='word_1_575' title='bbox 1520 4355 1668 4427; x_wconf 89' lang='lat' dir='ltr'><strong>(ipsa</strong></span> <span class='ocrx_word' id='word_1_576' title='bbox 1713 4358 1862 4412; x_wconf 87' lang='lat' dir='ltr'><strong>navis</strong></span> <span class='ocrx_word' id='word_1_577' title='bbox 1903 4357 2066 4412; x_wconf 81' lang='lat' dir='ltr'><strong>eccle-</strong></span> 
     </span>
    </p>
   </div>
   <div class='ocr_carea' id='block_1_80' title="bbox 468 4437 2064 4509">
    <p class='ocr_par' dir='ltr' id='par_1_80' title="bbox 468 4437 2064 4509">
     <span class='ocr_line' id='line_1_80' title="bbox 468 4437 2064 4509; baseline 0.008 -19"><span class='ocrx_word' id='word_1_578' title='bbox 468 4437 582 4509; x_wconf 79' lang='lat' dir='ltr'><strong>siw)</strong></span> <span class='ocrx_word' id='word_1_579' title='bbox 619 4439 976 4495; x_wconf 82' lang='lat' dir='ltr'><strong>inchoatione.</strong></span> <span class='ocrx_word' id='word_1_580' title='bbox 1003 4472 1075 4481; x_wconf 93' lang='lat'>—</span> <span class='ocrx_word' id='word_1_581' title='bbox 1104 4441 1420 4498; x_wconf 90' lang='lat' dir='ltr'><strong>Secundum</strong></span> <span class='ocrx_word' id='word_1_582' title='bbox 1451 4455 1633 4500; x_wconf 87' lang='lat' dir='ltr'><strong>autem</strong></span> <span class='ocrx_word' id='word_1_583' title='bbox 1669 4447 1902 4501; x_wconf 88' lang='lat' dir='ltr'><strong>alterum</strong></span> <span class='ocrx_word' id='word_1_584' title='bbox 1935 4463 2064 4502; x_wconf 84' lang='lat' dir='ltr'><strong>sen-</strong></span> 
     </span>
    </p>
   </div>
   <div class='ocr_carea' id='block_1_81' title="bbox 2773 3753 3152 3810">
    <p class='ocr_par' dir='ltr' id='par_1_81' title="bbox 2773 3753 3152 3810">
     <span class='ocr_line' id='line_1_81' title="bbox 2773 3753 3152 3810; baseline -0.011 0"><span class='ocrx_word' id='word_1_585' title='bbox 2773 3755 3030 3810; x_wconf 80' lang='grc' dir='ltr'><strong>ΚΕΦΑΛ.</strong></span> <span class='ocrx_word' id='word_1_586' title='bbox 3073 3753 3152 3808; x_wconf 90' lang='grc' dir='ltr'><strong>Β’.</strong></span> 
     </span>
    </p>
   </div>
   <div class='ocr_carea' id='block_1_82' title="bbox 2162 3847 3746 3916">
    <p class='ocr_par' dir='ltr' id='par_1_82' title="bbox 2162 3847 3746 3916">
     <span class='ocr_line' id='line_1_82' title="bbox 2162 3847 3746 3916; baseline 0.001 -14"><span class='ocrx_word' id='word_1_587' title='bbox 2162 3848 2302 3914; x_wconf 78' lang='grc' dir='ltr'>Περὶ</span> <span class='ocrx_word' id='word_1_588' title='bbox 2330 3848 2459 3912; x_wconf 79' lang='grc' dir='ltr'>τοῦ,</span> <span class='ocrx_word' id='word_1_589' title='bbox 2500 3851 2648 3914; x_wconf 83' lang='grc' dir='ltr'>πῶς,</span> <span class='ocrx_word' id='word_1_590' title='bbox 2699 3849 2799 3903; x_wconf 78' lang='grc' dir='ltr'><strong>καί</strong></span> <span class='ocrx_word' id='word_1_591' title='bbox 2849 3850 2990 3902; x_wconf 82' lang='grc' dir='ltr'>τίνα</span> <span class='ocrx_word' id='word_1_592' title='bbox 3021 3849 3249 3916; x_wconf 82' lang='grc' dir='ltr'>τρόπον</span> <span class='ocrx_word' id='word_1_593' title='bbox 3275 3847 3452 3902; x_wconf 68' lang='grc' dir='ltr'>εἰκών</span> <span class='ocrx_word' id='word_1_594' title='bbox 3483 3848 3616 3904; x_wconf 78' lang='grc' dir='ltr'>ἐστι</span> <span class='ocrx_word' id='word_1_595' title='bbox 3639 3850 3746 3906; x_wconf 82' lang='grc' dir='ltr'><strong>τοῦ</strong></span> 
     </span>
    </p>
   </div>
   <div class='ocr_carea' id='block_1_83' title="bbox 2232 3916 3746 3988">
    <p class='ocr_par' dir='ltr' id='par_1_83' title="bbox 2232 3916 3746 3988">
     <span class='ocr_line' id='line_1_83' title="bbox 2232 3916 3746 3988; baseline 0.001 -15"><span class='ocrx_word' id='word_1_596' title='bbox 2232 3919 2299 3982; x_wconf 81' lang='grc' dir='ltr'><strong>ἐξ</strong></span> <span class='ocrx_word' id='word_1_597' title='bbox 2329 3917 2563 3985; x_wconf 63' lang='grc' dir='ltr'>βρατῶν</span> <span class='ocrx_word' id='word_1_598' title='bbox 2588 3918 2685 3972; x_wconf 80' lang='grc' dir='ltr'><strong>καί</strong></span> <span class='ocrx_word' id='word_1_599' title='bbox 2721 3916 2994 3986; x_wconf 78' lang='grc' dir='ltr'>ἀοράτων</span> <span class='ocrx_word' id='word_1_600' title='bbox 3017 3918 3245 3972; x_wconf 78' lang='grc' dir='ltr'>οὐσιῶν</span> <span class='ocrx_word' id='word_1_601' title='bbox 3266 3919 3614 3988; x_wconf 70' lang='grc' dir='ltr'>ὑφεστῶτος</span> <span class='ocrx_word' id='word_1_602' title='bbox 3643 3923 3746 3976; x_wconf 78' lang='grc' dir='ltr'>κό-</span> 
     </span>
    </p>
   </div>
   <div class='ocr_carea' id='block_1_84' title="bbox 2230 3988 3366 4060">
    <p class='ocr_par' dir='ltr' id='par_1_84' title="bbox 2230 3988 3366 4060">
     <span class='ocr_line' id='line_1_84' title="bbox 2230 3988 3366 4060; baseline 0.001 -17"><span class='ocrx_word' id='word_1_603' title='bbox 2230 4007 2390 4058; x_wconf 82' lang='grc' dir='ltr'>σμου</span> <span class='ocrx_word' id='word_1_604' title='bbox 2420 3989 2466 4046; x_wconf 66' lang='grc' dir='ltr'><strong>’ἡ</strong></span> <span class='ocrx_word' id='word_1_605' title='bbox 2492 3989 2634 4060; x_wconf 79' lang='grc' dir='ltr'>ἁγία</span> <span class='ocrx_word' id='word_1_606' title='bbox 2665 3988 2780 4043; x_wconf 81' lang='grc' dir='ltr'><strong>τοῦ</strong></span> <span class='ocrx_word' id='word_1_607' title='bbox 2813 3988 2962 4043; x_wconf 84' lang='grc' dir='ltr'>Θεοῦ</span> <span class='ocrx_word' id='word_1_608' title='bbox 3015 3990 3366 4044; x_wconf 77' lang='grc' dir='ltr'>Ἐκκλησία.</span> 
     </span>
    </p>
   </div>
   <div class='ocr_carea' id='block_1_85' title="bbox 2231 4152 3746 4237">
    <p class='ocr_par' dir='ltr' id='par_1_85' title="bbox 2231 4152 3746 4237">
     <span class='ocr_line' id='line_1_85' title="bbox 2231 4152 3746 4237; baseline -0.003 -17"><span class='ocrx_word' id='word_1_609' title='bbox 2231 4152 2390 4221; x_wconf 78' lang='grc' dir='ltr'>Κατὰ</span> <span class='ocrx_word' id='word_1_610' title='bbox 2421 4165 2683 4235; x_wconf 83' lang='grc' dir='ltr'>δευτέραν</span> <span class='ocrx_word' id='word_1_611' title='bbox 2711 4163 2768 4218; x_wconf 83' lang='grc' dir='ltr'>δὲ</span> <span class='ocrx_word' id='word_1_612' title='bbox 2799 4163 3032 4237; x_wconf 83' lang='grc' dir='ltr'>θεωρίας</span> <span class='ocrx_word' id='word_1_613' title='bbox 3061 4162 3344 4234; x_wconf 72' lang='grc' dir='ltr'>ἐπιϐολὴν,</span> <span class='ocrx_word' id='word_1_614' title='bbox 3371 4159 3467 4216; x_wconf 87' lang='grc' dir='ltr'><strong>τοῦ</strong></span> <span class='ocrx_word' id='word_1_615' title='bbox 3498 4161 3746 4232; x_wconf 78' lang='grc' dir='ltr'>σύμπανο</span> 
     </span>
    </p>
   </div>
   <div class='ocr_carea' id='block_1_86' title="bbox 2158 4251 3746 4326">
    <p class='ocr_par' dir='ltr' id='par_1_86' title="bbox 2158 4251 3746 4326">
     <span class='ocr_line' id='line_1_86' title="bbox 2158 4251 3746 4326; baseline -0.003 -18"><span class='ocrx_word' id='word_1_616' title='bbox 2158 4271 2253 4319; x_wconf 89' lang='grc' dir='ltr'><strong>τος</strong></span> <span class='ocrx_word' id='word_1_617' title='bbox 2289 4254 2497 4326; x_wconf 88' lang='grc' dir='ltr'>κόσμου</span> <span class='ocrx_word' id='word_1_618' title='bbox 2555 4253 2652 4308; x_wconf 89' lang='grc' dir='ltr'><strong>τοῦ</strong></span> <span class='ocrx_word' id='word_1_619' title='bbox 2709 4252 2770 4320; x_wconf 73' lang='grc' dir='ltr'><strong>ἐξ</strong></span> <span class='ocrx_word' id='word_1_620' title='bbox 2816 4253 3031 4323; x_wconf 86' lang='grc' dir='ltr'>ὁρατῶν</span> <span class='ocrx_word' id='word_1_621' title='bbox 3097 4253 3192 4306; x_wconf 77' lang='grc' dir='ltr'>καὶ</span> <span class='ocrx_word' id='word_1_622' title='bbox 3239 4251 3492 4324; x_wconf 79' lang='grc' dir='ltr'>ἀοράτων</span> <span class='ocrx_word' id='word_1_623' title='bbox 3543 4251 3746 4306; x_wconf 85' lang='grc' dir='ltr'>οὐσιῶν</span> 
     </span>
    </p>
   </div>
   <div class='ocr_carea' id='block_1_87' title="bbox 2161 4342 3745 4418">
    <p class='ocr_par' dir='ltr' id='par_1_87' title="bbox 2161 4342 3745 4418">
     <span class='ocr_line' id='line_1_87' title="bbox 2161 4342 3745 4418; baseline -0.004 -16"><span class='ocrx_word' id='word_1_624' title='bbox 2161 4348 2497 4418; x_wconf 80' lang='grc' dir='ltr'>ὑφεστῶτος,</span> <span class='ocrx_word' id='word_1_625' title='bbox 2529 4342 2670 4401; x_wconf 72' lang='grc' dir='ltr'>εἶναι</span> <span class='ocrx_word' id='word_1_626' title='bbox 2703 4345 2874 4399; x_wconf 85' lang='grc' dir='ltr'>τύπον</span> <span class='ocrx_word' id='word_1_627' title='bbox 2919 4346 3018 4398; x_wconf 83' lang='grc' dir='ltr'>καὶ</span> <span class='ocrx_word' id='word_1_628' title='bbox 3051 4345 3261 4410; x_wconf 76' lang='grc' dir='ltr'>εἰκόνα,</span> <span class='ocrx_word' id='word_1_629' title='bbox 3305 4343 3404 4415; x_wconf 84' lang='grc' dir='ltr'>τὴν</span> <span class='ocrx_word' id='word_1_630' title='bbox 3447 4343 3614 4412; x_wconf 82' lang='grc' dir='ltr'>ἁγίαν</span> <span class='ocrx_word' id='word_1_631' title='bbox 3647 4342 3745 4396; x_wconf 87' lang='grc' dir='ltr'><strong>τοῦ</strong></span> 
     </span>
    </p>
   </div>
   <div class='ocr_carea' id='block_1_88' title="bbox 2162 4435 3747 4510">
    <p class='ocr_par' dir='ltr' id='par_1_88' title="bbox 2162 4435 3747 4510">
     <span class='ocr_line' id='line_1_88' title="bbox 2162 4435 3747 4510; baseline -0.003 -17"><span class='ocrx_word' id='word_1_632' title='bbox 2162 4439 2298 4494; x_wconf 85' lang='grc' dir='ltr'>Θεοῦ</span> <span class='ocrx_word' id='word_1_633' title='bbox 2337 4439 2692 4510; x_wconf 82' lang='grc' dir='ltr'>Ἐκκλησίαν,</span> <span class='ocrx_word' id='word_1_634' title='bbox 2727 4437 2966 4509; x_wconf 78' lang='grc' dir='ltr'>ἔφασκεν</span> <span class='ocrx_word' id='word_1_635' title='bbox 2988 4455 3002 4468; x_wconf 89' lang='grc'><strong>·</strong></span> <span class='ocrx_word' id='word_1_636' title='bbox 3027 4436 3103 4502; x_wconf 83' lang='grc' dir='ltr'>ὡς</span> <span class='ocrx_word' id='word_1_637' title='bbox 3131 4435 3233 4508; x_wconf 78' lang='grc' dir='ltr'>τ’ὴν</span> <span class='ocrx_word' id='word_1_638' title='bbox 3259 4437 3434 4506; x_wconf 83' lang='grc' dir='ltr'>αὐτὴν</span> <span class='ocrx_word' id='word_1_639' title='bbox 3469 4435 3622 4508; x_wconf 84' lang='grc' dir='ltr'>αύτῷ</span> <span class='ocrx_word' id='word_1_640' title='bbox 3650 4437 3747 4490; x_wconf 74' lang='grc' dir='ltr'>καὶ</span> 
     </span>
    </p>
   </div>
   <div class='ocr_carea' id='block_1_89' title="bbox 469 4525 2065 4610">
    <p class='ocr_par' dir='ltr' id='par_1_89' title="bbox 469 4529 2060 4602">
     <span class='ocr_line' id='line_1_89' title="bbox 469 4529 2060 4602; baseline 0.008 -20"><span class='ocrx_word' id='word_1_641' title='bbox 469 4543 562 4582; x_wconf 89' lang='lat' dir='ltr'><strong>sus</strong></span> <span class='ocrx_word' id='word_1_642' title='bbox 591 4529 859 4600; x_wconf 74' lang='lat' dir='ltr'><strong>Spiritalis</strong></span> <span class='ocrx_word' id='word_1_643' title='bbox 887 4533 1136 4598; x_wconf 90' lang='lat' dir='ltr'><strong>modum,</strong></span> <span class='ocrx_word' id='word_1_644' title='bbox 1163 4535 1413 4590; x_wconf 88' lang='lat' dir='ltr'><strong>universi</strong></span> <span class='ocrx_word' id='word_1_645' title='bbox 1449 4535 1666 4602; x_wconf 89' lang='lat' dir='ltr'><strong>mundi,</strong></span> <span class='ocrx_word' id='word_1_646' title='bbox 1696 4553 1765 4591; x_wconf 83' lang='lat' dir='ltr'><strong>ex</strong></span> <span class='ocrx_word' id='word_1_647' title='bbox 1797 4538 2060 4594; x_wconf 85' lang='lat' dir='ltr'><strong>substan-</strong></span> 
     </span>
    </p>
   </div>
   <div class='ocr_carea' id='block_1_90' title="bbox 2161 4525 3746 4610">
    <p class='ocr_par' dir='ltr' id='par_1_90' title="bbox 2165 4525 3746 4600">
     <span class='ocr_line' id='line_1_90' title="bbox 2165 4525 3746 4600; baseline -0.004 -16"><span class='ocrx_word' id='word_1_648' title='bbox 2165 4531 2383 4596; x_wconf 75' lang='grc' dir='ltr'>ἕνωσιν,</span> <span class='ocrx_word' id='word_1_649' title='bbox 2429 4530 2526 4584; x_wconf 73' lang='grc' dir='ltr'>καὶ</span> <span class='ocrx_word' id='word_1_650' title='bbox 2563 4529 2840 4600; x_wconf 76' lang='grc' dir='ltr'>διάκρισιν</span> <span class='ocrx_word' id='word_1_651' title='bbox 2899 4527 3318 4599; x_wconf 80' lang='grc' dir='ltr'>ὲπιδεχομένην.</span> <span class='ocrx_word' id='word_1_652' title='bbox 3366 4527 3582 4598; x_wconf 81' lang='grc' dir='ltr'>’Ὠσπερ</span> <span class='ocrx_word' id='word_1_653' title='bbox 3637 4525 3746 4596; x_wconf 77' lang='grc' dir='ltr'><strong>γὰρ</strong></span> 
     </span>
    </p>
   </div>
   <div class='ocr_carea' id='block_1_91' title="bbox 471 4621 2055 4701">
    <p class='ocr_par' dir='ltr' id='par_1_91' title="bbox 471 4621 2055 4701">
     <span class='ocr_line' id='line_1_91' title="bbox 471 4621 2055 4701; baseline 0.007 -27"><span class='ocrx_word' id='word_1_654' title='bbox 471 4621 590 4686; x_wconf 87' lang='lat' dir='ltr'><strong>tiis,</strong></span> <span class='ocrx_word' id='word_1_655' title='bbox 626 4639 749 4692; x_wconf 65' lang='lat' dir='ltr'><strong>quae</strong></span> <span class='ocrx_word' id='word_1_656' title='bbox 798 4623 852 4677; x_wconf 92' lang='lat' dir='ltr'><strong>in</strong></span> <span class='ocrx_word' id='word_1_657' title='bbox 900 4635 1187 4694; x_wconf 90' lang='lat' dir='ltr'><strong>aspectum</strong></span> <span class='ocrx_word' id='word_1_658' title='bbox 1231 4627 1470 4694; x_wconf 93' lang='lat' dir='ltr'><strong>eadunt,</strong></span> <span class='ocrx_word' id='word_1_659' title='bbox 1504 4638 1562 4684; x_wconf 90' lang='lat' dir='ltr'><strong>et</strong></span> <span class='ocrx_word' id='word_1_660' title='bbox 1602 4645 1728 4698; x_wconf 70' lang='lat' dir='ltr'><strong>quae</strong></span> <span class='ocrx_word' id='word_1_661' title='bbox 1771 4640 2055 4701; x_wconf 88' lang='lat' dir='ltr'><strong>aspectum</strong></span> 
     </span>
    </p>
   </div>
   <div class='ocr_carea' id='block_1_92' title="bbox 468 4713 2054 4792">
    <p class='ocr_par' dir='ltr' id='par_1_92' title="bbox 468 4713 2054 4792">
     <span class='ocr_line' id='line_1_92' title="bbox 468 4713 2054 4792; baseline 0.008 -26"><span class='ocrx_word' id='word_1_662' title='bbox 468 4713 706 4783; x_wconf 80' lang='lat' dir='ltr'><strong>fugiunt,</strong></span> <span class='ocrx_word' id='word_1_663' title='bbox 724 4716 1034 4778; x_wconf 86' lang='lat' dir='ltr'><strong>constituti,</strong></span> <span class='ocrx_word' id='word_1_664' title='bbox 1055 4717 1284 4788; x_wconf 81' lang='lat' dir='ltr'><strong>ﬁguram</strong></span> <span class='ocrx_word' id='word_1_665' title='bbox 1309 4735 1431 4775; x_wconf 89' lang='lat' dir='ltr'><strong>esse</strong></span> <span class='ocrx_word' id='word_1_666' title='bbox 1456 4736 1522 4776; x_wconf 91' lang='lat' dir='ltr'><strong>ac</strong></span> <span class='ocrx_word' id='word_1_667' title='bbox 1543 4720 1839 4792; x_wconf 79' lang='lat' dir='ltr'><strong>imaginem</strong></span> <span class='ocrx_word' id='word_1_668' title='bbox 1865 4723 2054 4778; x_wconf 85' lang='lat' dir='ltr'><strong>aiebat</strong></span> 
     </span>
    </p>
   </div>
   <div class='ocr_carea' id='block_1_93' title="bbox 468 4803 2054 4878">
    <p class='ocr_par' dir='ltr' id='par_1_93' title="bbox 468 4803 2054 4878">
     <span class='ocr_line' id='line_1_93' title="bbox 468 4803 2054 4878; baseline 0.008 -23"><span class='ocrx_word' id='word_1_669' title='bbox 468 4810 712 4857; x_wconf 85' lang='lat' dir='ltr'><strong>sanetam</strong></span> <span class='ocrx_word' id='word_1_670' title='bbox 755 4803 852 4858; x_wconf 91' lang='lat' dir='ltr'><strong>Dei</strong></span> <span class='ocrx_word' id='word_1_671' title='bbox 897 4805 1233 4874; x_wconf 88' lang='lat' dir='ltr'><strong>Ecclesiam;</strong></span> <span class='ocrx_word' id='word_1_672' title='bbox 1280 4818 1342 4863; x_wconf 90' lang='lat' dir='ltr'><strong>ut</strong></span> <span class='ocrx_word' id='word_1_673' title='bbox 1377 4826 1500 4878; x_wconf 64' lang='lat' dir='ltr'><strong>quae</strong></span> <span class='ocrx_word' id='word_1_674' title='bbox 1544 4811 1762 4866; x_wconf 83' lang='lat' dir='ltr'><strong>scilicet</strong></span> <span class='ocrx_word' id='word_1_675' title='bbox 1802 4815 2054 4870; x_wconf 88' lang='lat' dir='ltr'><strong>eamdem</strong></span> 
     </span>
    </p>
   </div>
   <div class='ocr_carea' id='block_1_94' title="bbox 469 4893 2052 4970">
    <p class='ocr_par' dir='ltr' id='par_1_94' title="bbox 469 4893 2052 4970">
     <span class='ocr_line' id='line_1_94' title="bbox 469 4893 2052 4970; baseline 0.01 -25"><span class='ocrx_word' id='word_1_676' title='bbox 469 4908 533 4946; x_wconf 89' lang='lat' dir='ltr'><strong>ac</strong></span> <span class='ocrx_word' id='word_1_677' title='bbox 573 4893 665 4948; x_wconf 92' lang='lat' dir='ltr'><strong>ille</strong></span> <span class='ocrx_word' id='word_1_678' title='bbox 708 4909 836 4949; x_wconf 89' lang='lat' dir='ltr'><strong>cum</strong></span> <span class='ocrx_word' id='word_1_679' title='bbox 879 4898 1143 4952; x_wconf 90' lang='lat' dir='ltr'><strong>unionem</strong></span> <span class='ocrx_word' id='word_1_680' title='bbox 1192 4901 1441 4970; x_wconf 86' lang='lat' dir='ltr'><strong>recipiat,</strong></span> <span class='ocrx_word' id='word_1_681' title='bbox 1481 4913 1616 4957; x_wconf 92' lang='lat' dir='ltr'><strong>tum.</strong></span> <span class='ocrx_word' id='word_1_682' title='bbox 1641 4903 2052 4961; x_wconf 85' lang='lat' dir='ltr'><strong>discretionem.</strong></span> 
     </span>
    </p>
   </div>
   <div class='ocr_carea' id='block_1_95' title="bbox 467 4983 2056 5062">
    <p class='ocr_par' dir='ltr' id='par_1_95' title="bbox 467 4983 2056 5062">
     <span class='ocr_line' id='line_1_95' title="bbox 467 4983 2056 5062; baseline 0.008 -23"><span class='ocrx_word' id='word_1_683' title='bbox 467 4983 942 5050; x_wconf 82' lang='lat' dir='ltr'><strong>Quemadmodum</strong></span> <span class='ocrx_word' id='word_1_684' title='bbox 987 4990 1136 5044; x_wconf 91' lang='lat' dir='ltr'><strong>enim</strong></span> <span class='ocrx_word' id='word_1_685' title='bbox 1179 4993 1326 5062; x_wconf 90' lang='lat' dir='ltr'><strong>ipsa,</strong></span> <span class='ocrx_word' id='word_1_686' title='bbox 1363 5011 1490 5049; x_wconf 92' lang='lat' dir='ltr'><strong>eum</strong></span> <span class='ocrx_word' id='word_1_687' title='bbox 1536 4995 1905 5052; x_wconf 66' lang='lat' dir='ltr'><strong>aediﬁcatione</strong></span> <span class='ocrx_word' id='word_1_688' title='bbox 1948 5014 2056 5052; x_wconf 88' lang='lat' dir='ltr'><strong>una</strong></span> 
     </span>
    </p>
   </div>
   <div class='ocr_carea' id='block_1_96' title="bbox 2165 4614 3746 4692">
    <p class='ocr_par' dir='ltr' id='par_1_96' title="bbox 2165 4614 3746 4692">
     <span class='ocr_line' id='line_1_96' title="bbox 2165 4614 3746 4692; baseline -0.004 -16"><span class='ocrx_word' id='word_1_689' title='bbox 2165 4622 2306 4690; x_wconf 82' lang='grc' dir='ltr'>αῦτη</span> <span class='ocrx_word' id='word_1_690' title='bbox 2335 4621 2479 4676; x_wconf 86' lang='grc' dir='ltr'><strong>κατά</strong></span> <span class='ocrx_word' id='word_1_691' title='bbox 2510 4621 2610 4692; x_wconf 84' lang='grc' dir='ltr'>τὴν</span> <span class='ocrx_word' id='word_1_692' title='bbox 2641 4620 2936 4690; x_wconf 77' lang='grc' dir='ltr'>οἰκοδομὴν</span> <span class='ocrx_word' id='word_1_693' title='bbox 2968 4614 3050 4684; x_wconf 78' lang='grc' dir='ltr'><strong>εἷς</strong></span> <span class='ocrx_word' id='word_1_694' title='bbox 3079 4614 3228 4682; x_wconf 81' lang='grc' dir='ltr'>οῐκος</span> <span class='ocrx_word' id='word_1_695' title='bbox 3271 4618 3614 4690; x_wconf 79' lang='grc' dir='ltr'>ὑπάρχουσα,</span> <span class='ocrx_word' id='word_1_696' title='bbox 3647 4618 3746 4686; x_wconf 86' lang='grc' dir='ltr'>τὴν</span> 
     </span>
    </p>
   </div>
   <div class='ocr_carea' id='block_1_97' title="bbox 2164 4708 3744 4784">
    <p class='ocr_par' dir='ltr' id='par_1_97' title="bbox 2164 4708 3744 4784">
     <span class='ocr_line' id='line_1_97' title="bbox 2164 4708 3744 4784; baseline -0.005 -16"><span class='ocrx_word' id='word_1_697' title='bbox 2164 4715 2306 4768; x_wconf 82' lang='grc' dir='ltr'>κατὰ</span> <span class='ocrx_word' id='word_1_698' title='bbox 2335 4713 2434 4784; x_wconf 80' lang='grc' dir='ltr'>τὴν</span> <span class='ocrx_word' id='word_1_699' title='bbox 2468 4713 2618 4768; x_wconf 85' lang='grc' dir='ltr'>Θέσιν</span> <span class='ocrx_word' id='word_1_700' title='bbox 2644 4712 2740 4766; x_wconf 88' lang='grc' dir='ltr'><strong>τοῦ</strong></span> <span class='ocrx_word' id='word_1_701' title='bbox 2787 4714 3065 4783; x_wconf 86' lang='grc' dir='ltr'>σχήματος</span> <span class='ocrx_word' id='word_1_702' title='bbox 3093 4712 3225 4782; x_wconf 77' lang='grc' dir='ltr'>ποιᾷ</span> <span class='ocrx_word' id='word_1_703' title='bbox 3257 4710 3506 4776; x_wconf 80' lang='grc' dir='ltr'>ἰδιότητι,</span> <span class='ocrx_word' id='word_1_704' title='bbox 3533 4708 3744 4774; x_wconf 80' lang='grc' dir='ltr'>δέξεται</span> 
     </span>
    </p>
   </div>
   <div class='ocr_carea' id='block_1_98' title="bbox 2162 4800 3734 4875">
    <p class='ocr_par' dir='ltr' id='par_1_98' title="bbox 2162 4800 3734 4875">
     <span class='ocr_line' id='line_1_98' title="bbox 2162 4800 3734 4875; baseline -0.004 -17"><span class='ocrx_word' id='word_1_705' title='bbox 2162 4805 2451 4874; x_wconf 80' lang='grc' dir='ltr'>διαφορὰν,</span> <span class='ocrx_word' id='word_1_706' title='bbox 2478 4803 2833 4875; x_wconf 84' lang='grc' dir='ltr'>διαιρουμένη</span> <span class='ocrx_word' id='word_1_707' title='bbox 2871 4805 2952 4866; x_wconf 68' lang='grc' dir='ltr'>εἷς</span> <span class='ocrx_word' id='word_1_708' title='bbox 2978 4820 3038 4856; x_wconf 91' lang='grc' dir='ltr'><strong>τε</strong></span> <span class='ocrx_word' id='word_1_709' title='bbox 3079 4802 3170 4855; x_wconf 81' lang='grc' dir='ltr'>τὸν</span> <span class='ocrx_word' id='word_1_710' title='bbox 3207 4801 3390 4874; x_wconf 87' lang='grc' dir='ltr'>μόνοις</span> <span class='ocrx_word' id='word_1_711' title='bbox 3429 4800 3638 4870; x_wconf 80' lang='grc' dir='ltr'>ἱερεῦσί</span> <span class='ocrx_word' id='word_1_712' title='bbox 3672 4816 3734 4852; x_wconf 90' lang='grc' dir='ltr'><strong>τε</strong></span> 
     </span>
    </p>
   </div>
   <div class='ocr_carea' id='block_1_99' title="bbox 2162 4874 3744 4968">
    <p class='ocr_par' dir='ltr' id='par_1_99' title="bbox 2162 4874 3744 4968">
     <span class='ocr_line' id='line_1_99' title="bbox 2162 4874 3744 4968; baseline -0.004 -18"><span class='ocrx_word' id='word_1_713' title='bbox 2162 4897 2258 4950; x_wconf 78' lang='grc' dir='ltr'>καὶ</span> <span class='ocrx_word' id='word_1_714' title='bbox 2287 4874 2626 4968; x_wconf 84' lang='grc' dir='ltr'>λειτουργοῖς</span> <span class='ocrx_word' id='word_1_715' title='bbox 2650 4874 2963 4966; x_wconf 74' lang='grc' dir='ltr'>ἀποκληρον</span> <span class='ocrx_word' id='word_1_716' title='bbox 2993 4894 3180 4958; x_wconf 86' lang='grc' dir='ltr'>τόπον,</span> <span class='ocrx_word' id='word_1_717' title='bbox 3205 4892 3264 4946; x_wconf 84' lang='grc' dir='ltr'>ὃν</span> <span class='ocrx_word' id='word_1_718' title='bbox 3291 4891 3566 4963; x_wconf 88' lang='grc' dir='ltr'>καλοῦμεν</span> <span class='ocrx_word' id='word_1_719' title='bbox 3589 4893 3744 4962; x_wconf 85' lang='grc' dir='ltr'>ἱερα-</span> 
     </span>
    </p>
   </div>
   <div class='ocr_carea' id='block_1_100' title="bbox 2163 4982 3745 5054">
    <p class='ocr_par' dir='ltr' id='par_1_100' title="bbox 2163 4982 3745 5054">
     <span class='ocr_line' id='line_1_100' title="bbox 2163 4982 3745 5054; baseline -0.004 -12"><span class='ocrx_word' id='word_1_720' title='bbox 2163 4991 2307 5042; x_wconf 87' lang='grc' dir='ltr'>τεῖον</span> <span class='ocrx_word' id='word_1_721' title='bbox 2327 5004 2340 5019; x_wconf 89' lang='grc'><strong>·</strong></span> <span class='ocrx_word' id='word_1_722' title='bbox 2383 4988 2479 5043; x_wconf 75' lang='grc' dir='ltr'>καὶ</span> <span class='ocrx_word' id='word_1_723' title='bbox 2508 4988 2602 5042; x_wconf 74' lang='grc' dir='ltr'>τὸν</span> <span class='ocrx_word' id='word_1_724' title='bbox 2642 4988 2778 5042; x_wconf 84' lang='grc' dir='ltr'>πᾶσι</span> <span class='ocrx_word' id='word_1_725' title='bbox 2810 4989 2924 5051; x_wconf 88' lang='grc' dir='ltr'>τοῖς</span> <span class='ocrx_word' id='word_1_726' title='bbox 2955 4989 3171 5049; x_wconf 83' lang='grc' dir='ltr'>πιστοῖς</span> <span class='ocrx_word' id='word_1_727' title='bbox 3205 4985 3355 5048; x_wconf 87' lang='grc' dir='ltr'>λαοῖς</span> <span class='ocrx_word' id='word_1_728' title='bbox 3382 4984 3520 5054; x_wconf 83' lang='grc' dir='ltr'>πρὸς</span> <span class='ocrx_word' id='word_1_729' title='bbox 3550 4982 3745 5036; x_wconf 73' lang='grc' dir='ltr'>ἐπίϐα-</span> 
     </span>
    </p>
   </div>
   <div class='ocr_carea' id='block_1_101' title="bbox 468 5075 2065 5157">
    <p class='ocr_par' dir='ltr' id='par_1_101' title="bbox 468 5078 2060 5157">
     <span class='ocr_line' id='line_1_101' title="bbox 468 5078 2060 5157; baseline 0.009 -26"><span class='ocrx_word' id='word_1_730' title='bbox 468 5078 668 5134; x_wconf 87' lang='lat' dir='ltr'><strong>domus</strong></span> <span class='ocrx_word' id='word_1_731' title='bbox 705 5080 808 5147; x_wconf 88' lang='lat' dir='ltr'><strong>sit;</strong></span> <span class='ocrx_word' id='word_1_732' title='bbox 851 5082 1090 5152; x_wconf 90' lang='lat' dir='ltr'><strong>quadam</strong></span> <span class='ocrx_word' id='word_1_733' title='bbox 1135 5094 1318 5141; x_wconf 88' lang='lat' dir='ltr'><strong>tamen</strong></span> <span class='ocrx_word' id='word_1_734' title='bbox 1357 5088 1698 5157; x_wconf 86' lang='lat' dir='ltr'><strong>proprietate</strong></span> <span class='ocrx_word' id='word_1_735' title='bbox 1740 5089 2060 5145; x_wconf 89' lang='lat' dir='ltr'><strong>distinctio-</strong></span> 
     </span>
    </p>
   </div>
   <div class='ocr_carea' id='block_1_102' title="bbox 2161 5075 3745 5157">
    <p class='ocr_par' dir='ltr' id='par_1_102' title="bbox 2161 5075 3745 5152">
     <span class='ocr_line' id='line_1_102' title="bbox 2161 5075 3745 5152; baseline -0.004 -17"><span class='ocrx_word' id='word_1_736' title='bbox 2161 5099 2240 5136; x_wconf 90' lang='grc' dir='ltr'><strong>σιν</strong></span> <span class='ocrx_word' id='word_1_737' title='bbox 2275 5083 2484 5146; x_wconf 78' lang='grc' dir='ltr'>ἄνετον,</span> <span class='ocrx_word' id='word_1_738' title='bbox 2517 5081 2576 5135; x_wconf 85' lang='grc' dir='ltr'>ὃν</span> <span class='ocrx_word' id='word_1_739' title='bbox 2611 5081 2886 5152; x_wconf 88' lang='grc' dir='ltr'>καλοῦμεν</span> <span class='ocrx_word' id='word_1_740' title='bbox 2917 5080 3065 5135; x_wconf 85' lang='grc' dir='ltr'>ναόν.</span> <span class='ocrx_word' id='word_1_741' title='bbox 3111 5079 3285 5134; x_wconf 82' lang='grc' dir='ltr'>Πάλιν</span> <span class='ocrx_word' id='word_1_742' title='bbox 3315 5078 3414 5148; x_wconf 88' lang='grc' dir='ltr'><strong>μία</strong></span> <span class='ocrx_word' id='word_1_743' title='bbox 3445 5077 3564 5130; x_wconf 72' lang='grc' dir='ltr'>ἐστὶ</span> <span class='ocrx_word' id='word_1_744' title='bbox 3603 5075 3745 5130; x_wconf 88' lang='grc' dir='ltr'><strong>κατά</strong></span> 
     </span>
    </p>
   </div>
   <div class='ocr_carea' id='block_1_103' title="bbox 470 5165 2065 5248">
    <p class='ocr_par' dir='ltr' id='par_1_103' title="bbox 470 5171 2058 5248">
     <span class='ocr_line' id='line_1_103' title="bbox 470 5171 2058 5248; baseline 0.008 -28"><span class='ocrx_word' id='word_1_745' title='bbox 470 5182 597 5222; x_wconf 88' lang='lat' dir='ltr'><strong>nem</strong></span> <span class='ocrx_word' id='word_1_746' title='bbox 633 5171 854 5241; x_wconf 90' lang='lat' dir='ltr'><strong>recipit,</strong></span> <span class='ocrx_word' id='word_1_747' title='bbox 885 5172 1158 5242; x_wconf 88' lang='lat' dir='ltr'><strong>ejusmodi</strong></span> <span class='ocrx_word' id='word_1_748' title='bbox 1195 5175 1432 5241; x_wconf 88' lang='lat' dir='ltr'><strong>scilicet,</strong></span> <span class='ocrx_word' id='word_1_749' title='bbox 1465 5191 1587 5246; x_wconf 73' lang='lat' dir='ltr'><strong>qum</strong></span> <span class='ocrx_word' id='word_1_750' title='bbox 1622 5177 1676 5231; x_wconf 93' lang='lat' dir='ltr'><strong>in</strong></span> <span class='ocrx_word' id='word_1_751' title='bbox 1711 5175 1883 5248; x_wconf 81' lang='lat' dir='ltr'><strong>ﬁgura</strong></span> <span class='ocrx_word' id='word_1_752' title='bbox 1915 5179 2058 5234; x_wconf 89' lang='lat' dir='ltr'><strong>situ-</strong></span> 
     </span>
    </p>
   </div>
   <div class='ocr_carea' id='block_1_104' title="bbox 2161 5165 3744 5248">
    <p class='ocr_par' dir='ltr' id='par_1_104' title="bbox 2161 5165 3744 5246">
     <span class='ocr_line' id='line_1_104' title="bbox 2161 5165 3744 5246; baseline -0.004 -19"><span class='ocrx_word' id='word_1_753' title='bbox 2161 5175 2252 5246; x_wconf 77' lang='grc' dir='ltr'>τὴν</span> <span class='ocrx_word' id='word_1_754' title='bbox 2287 5174 2608 5238; x_wconf 77' lang='grc' dir='ltr'>ὑπόστασιν,</span> <span class='ocrx_word' id='word_1_755' title='bbox 2635 5174 2696 5227; x_wconf 85' lang='grc' dir='ltr'>οὐ</span> <span class='ocrx_word' id='word_1_756' title='bbox 2733 5171 3192 5244; x_wconf 86' lang='grc' dir='ltr'>συνδιαιρουμένη</span> <span class='ocrx_word' id='word_1_757' title='bbox 3233 5173 3350 5233; x_wconf 82' lang='grc' dir='ltr'>τοῖς</span> <span class='ocrx_word' id='word_1_758' title='bbox 3397 5169 3598 5238; x_wconf 82' lang='grc' dir='ltr'>ἑαυτῆς</span> <span class='ocrx_word' id='word_1_759' title='bbox 3649 5165 3744 5236; x_wconf 82' lang='grc' dir='ltr'>μέ·</span> 
     </span>
    </p>
   </div>
   <div class='ocr_carea' id='block_1_105' title="bbox 471 5258 2065 5340">
    <p class='ocr_par' dir='ltr' id='par_1_105' title="bbox 471 5265 2059 5338">
     <span class='ocr_line' id='line_1_105' title="bbox 471 5265 2059 5338; baseline 0.006 -23"><span class='ocrx_word' id='word_1_760' title='bbox 471 5276 579 5330; x_wconf 88' lang='lat' dir='ltr'><strong>que</strong></span> <span class='ocrx_word' id='word_1_761' title='bbox 626 5265 911 5329; x_wconf 86' lang='lat' dir='ltr'><strong>consistit,</strong></span> <span class='ocrx_word' id='word_1_762' title='bbox 947 5265 1080 5320; x_wconf 90' lang='lat' dir='ltr'><strong>dum</strong></span> <span class='ocrx_word' id='word_1_763' title='bbox 1125 5266 1396 5322; x_wconf 84' lang='lat' dir='ltr'><strong>dividitur</strong></span> <span class='ocrx_word' id='word_1_764' title='bbox 1444 5268 1499 5322; x_wconf 93' lang='lat' dir='ltr'><strong>in</strong></span> <span class='ocrx_word' id='word_1_765' title='bbox 1542 5283 1669 5322; x_wconf 91' lang='lat' dir='ltr'><strong>eum</strong></span> <span class='ocrx_word' id='word_1_766' title='bbox 1712 5268 1924 5333; x_wconf 89' lang='lat' dir='ltr'><strong>locum,</strong></span> <span class='ocrx_word' id='word_1_767' title='bbox 1960 5270 2059 5338; x_wconf 90' lang='lat' dir='ltr'><strong>qui</strong></span> 
     </span>
    </p>
   </div>
   <div class='ocr_carea' id='block_1_106' title="bbox 2161 5258 3745 5340">
    <p class='ocr_par' dir='ltr' id='par_1_106' title="bbox 2161 5258 3745 5340">
     <span class='ocr_line' id='line_1_106' title="bbox 2161 5258 3745 5340; baseline -0.006 -19"><span class='ocrx_word' id='word_1_768' title='bbox 2161 5284 2298 5340; x_wconf 86' lang='grc' dir='ltr'>ρεσι,</span> <span class='ocrx_word' id='word_1_769' title='bbox 2333 5267 2424 5320; x_wconf 83' lang='grc' dir='ltr'>διὰ</span> <span class='ocrx_word' id='word_1_770' title='bbox 2463 5266 2564 5338; x_wconf 80' lang='grc' dir='ltr'>τὴν</span> <span class='ocrx_word' id='word_1_771' title='bbox 2597 5265 2811 5319; x_wconf 77' lang='grc' dir='ltr'>ἑαυτῶν</span> <span class='ocrx_word' id='word_1_772' title='bbox 2851 5265 2988 5336; x_wconf 76' lang='grc' dir='ltr'>πρὸς</span> <span class='ocrx_word' id='word_1_773' title='bbox 3033 5261 3239 5334; x_wconf 81' lang='grc' dir='ltr'>ἄλληλα</span> <span class='ocrx_word' id='word_1_774' title='bbox 3269 5261 3380 5315; x_wconf 89' lang='grc' dir='ltr'><strong>τῶν</strong></span> <span class='ocrx_word' id='word_1_775' title='bbox 3419 5258 3600 5331; x_wconf 85' lang='grc' dir='ltr'>μερῶν</span> <span class='ocrx_word' id='word_1_776' title='bbox 3630 5258 3745 5312; x_wconf 88' lang='grc' dir='ltr'>δια-</span> 
     </span>
    </p>
   </div>
   <div class='ocr_carea' id='block_1_107' title="bbox 473 5350 2065 5431">
    <p class='ocr_par' dir='ltr' id='par_1_107' title="bbox 473 5353 2055 5431">
     <span class='ocr_line' id='line_1_107' title="bbox 473 5353 2055 5431; baseline 0.004 -23"><span class='ocrx_word' id='word_1_777' title='bbox 473 5353 608 5408; x_wconf 83' lang='lat' dir='ltr'><strong>solis</strong></span> <span class='ocrx_word' id='word_1_778' title='bbox 635 5357 1019 5412; x_wconf 84' lang='lat' dir='ltr'><strong>sacerdotibus</strong></span> <span class='ocrx_word' id='word_1_779' title='bbox 1045 5374 1109 5413; x_wconf 89' lang='lat' dir='ltr'><strong>ac</strong></span> <span class='ocrx_word' id='word_1_780' title='bbox 1132 5359 1405 5414; x_wconf 89' lang='lat' dir='ltr'><strong>ministris</strong></span> <span class='ocrx_word' id='word_1_781' title='bbox 1429 5359 1732 5414; x_wconf 88' lang='lat' dir='ltr'><strong>attributus</strong></span> <span class='ocrx_word' id='word_1_782' title='bbox 1757 5370 1863 5425; x_wconf 88' lang='lat' dir='ltr'><strong>est,</strong></span> <span class='ocrx_word' id='word_1_783' title='bbox 1890 5377 2055 5431; x_wconf 90' lang='lat' dir='ltr'><strong>quem</strong></span> 
     </span>
    </p>
   </div>
   <div class='ocr_carea' id='block_1_108' title="bbox 2161 5350 3744 5431">
    <p class='ocr_par' dir='ltr' id='par_1_108' title="bbox 2161 5350 3744 5430">
     <span class='ocr_line' id='line_1_108' title="bbox 2161 5350 3744 5430; baseline -0.006 -19"><span class='ocrx_word' id='word_1_784' title='bbox 2161 5360 2350 5430; x_wconf 77' lang='grc' dir='ltr'>φοράν·</span> <span class='ocrx_word' id='word_1_785' title='bbox 2383 5359 2520 5413; x_wconf 87' lang='grc' dir='ltr'><strong>ἀλλά</strong></span> <span class='ocrx_word' id='word_1_786' title='bbox 2543 5360 2638 5412; x_wconf 70' lang='grc' dir='ltr'><strong>καὶ</strong></span> <span class='ocrx_word' id='word_1_787' title='bbox 2661 5359 2800 5412; x_wconf 83' lang='grc' dir='ltr'>αὐτὰ</span> <span class='ocrx_word' id='word_1_788' title='bbox 2823 5359 2890 5428; x_wconf 81' lang='grc' dir='ltr'>τῇ</span> <span class='ocrx_word' id='word_1_789' title='bbox 2926 5357 3062 5428; x_wconf 76' lang='grc' dir='ltr'>πρὸς</span> <span class='ocrx_word' id='word_1_790' title='bbox 3095 5355 3156 5408; x_wconf 83' lang='grc' dir='ltr'>τὸ</span> <span class='ocrx_word' id='word_1_791' title='bbox 3185 5354 3244 5407; x_wconf 83' lang='grc' dir='ltr'>ἓν</span> <span class='ocrx_word' id='word_1_792' title='bbox 3273 5353 3469 5423; x_wconf 79' lang='grc' dir='ltr'>ἑαυτῆς</span> <span class='ocrx_word' id='word_1_793' title='bbox 3493 5350 3744 5420; x_wconf 80' lang='grc' dir='ltr'>ἀναφορᾷ</span> 
     </span>
    </p>
   </div>
   <div class='ocr_carea' id='block_1_109' title="bbox 473 5436 2065 5522">
    <p class='ocr_par' dir='ltr' id='par_1_109' title="bbox 473 5447 2061 5520">
     <span class='ocr_line' id='line_1_109' title="bbox 473 5447 2061 5520; baseline 0.004 -21"><span class='ocrx_word' id='word_1_794' title='bbox 473 5447 781 5502; x_wconf 85' lang='lat' dir='ltr'><strong>sacrarium</strong></span> <span class='ocrx_word' id='word_1_795' title='bbox 831 5465 1132 5516; x_wconf 79' lang='lat' dir='ltr'><strong>vocamus;</strong></span> <span class='ocrx_word' id='word_1_796' title='bbox 1192 5466 1467 5520; x_wconf 90' lang='lat' dir='ltr'><strong>eumque,</strong></span> <span class='ocrx_word' id='word_1_797' title='bbox 1517 5449 1573 5504; x_wconf 93' lang='lat' dir='ltr'><strong>in</strong></span> <span class='ocrx_word' id='word_1_798' title='bbox 1626 5467 1791 5520; x_wconf 88' lang='lat' dir='ltr'><strong>quem</strong></span> <span class='ocrx_word' id='word_1_799' title='bbox 1842 5451 2061 5506; x_wconf 90' lang='lat' dir='ltr'><strong>cunctis</strong></span> 
     </span>
    </p>
   </div>
   <div class='ocr_carea' id='block_1_110' title="bbox 2161 5436 3742 5522">
    <p class='ocr_par' dir='ltr' id='par_1_110' title="bbox 2161 5436 3742 5522">
     <span class='ocr_line' id='line_1_110' title="bbox 2161 5436 3742 5522; baseline -0.008 -17"><span class='ocrx_word' id='word_1_800' title='bbox 2161 5450 2222 5505; x_wconf 80' lang='grc' dir='ltr'>τὰ</span> <span class='ocrx_word' id='word_1_801' title='bbox 2261 5449 2427 5521; x_wconf 83' lang='grc' dir='ltr'>μέρη,</span> <span class='ocrx_word' id='word_1_802' title='bbox 2467 5449 2566 5520; x_wconf 86' lang='grc' dir='ltr'><strong>τῆς</strong></span> <span class='ocrx_word' id='word_1_803' title='bbox 2597 5450 2654 5503; x_wconf 80' lang='grc' dir='ltr'>ἐν</span> <span class='ocrx_word' id='word_1_804' title='bbox 2685 5451 2751 5522; x_wconf 79' lang='grc' dir='ltr'><strong>τῇ</strong></span> <span class='ocrx_word' id='word_1_805' title='bbox 2784 5448 2972 5520; x_wconf 83' lang='grc' dir='ltr'>κλήσει</span> <span class='ocrx_word' id='word_1_806' title='bbox 2999 5445 3264 5515; x_wconf 79' lang='grc' dir='ltr'>διαφορᾶς</span> <span class='ocrx_word' id='word_1_807' title='bbox 3287 5441 3623 5508; x_wconf 84' lang='grc' dir='ltr'>ἀπολύουσα,</span> <span class='ocrx_word' id='word_1_808' title='bbox 3645 5436 3742 5494; x_wconf 76' lang='grc' dir='ltr'>καὶ</span> 
     </span>
    </p>
   </div>
   <div class='ocr_carea' id='block_1_111' title="bbox 535 5587 1905 5656">
    <p class='ocr_par' dir='ltr' id='par_1_111' title="bbox 535 5587 1905 5656">
     <span class='ocr_line' id='line_1_111' title="bbox 535 5587 1905 5656; baseline 0.002 -14"><span class='ocrx_word' id='word_1_809' title='bbox 535 5587 574 5627; x_wconf 75' lang='grc' dir='ltr'>ἐ</span> <span class='ocrx_word' id='word_1_810' title='bbox 595 5589 817 5652; x_wconf 79' lang='lat' dir='ltr'><strong>Act.1v,</strong></span> <span class='ocrx_word' id='word_1_811' title='bbox 838 5590 926 5644; x_wconf 73' lang='grc'><strong>52.</strong></span> <span class='ocrx_word' id='word_1_812' title='bbox 1001 5591 1027 5630; x_wconf 74' lang='grc' dir='ltr'>ιι</span> <span class='ocrx_word' id='word_1_813' title='bbox 1050 5590 1224 5646; x_wconf 83' lang='lat' dir='ltr'><strong>Galat.</strong></span> <span class='ocrx_word' id='word_1_814' title='bbox 1253 5606 1330 5654; x_wconf 87' lang='lat' dir='ltr'><strong>Ill,</strong></span> <span class='ocrx_word' id='word_1_815' title='bbox 1351 5589 1449 5656; x_wconf 72' lang='lat'><strong>28;</strong></span> <span class='ocrx_word' id='word_1_816' title='bbox 1476 5588 1687 5644; x_wconf 85' lang='lat' dir='ltr'><strong>Coloss.</strong></span> <span class='ocrx_word' id='word_1_817' title='bbox 1715 5607 1792 5654; x_wconf 85' lang='grc' dir='ltr'>ιιι,</span> <span class='ocrx_word' id='word_1_818' title='bbox 1821 5592 1905 5645; x_wconf 88' lang='lat' dir='ltr'><strong>ll.</strong></span> 
     </span>
    </p>
   </div>
   <div class='ocr_carea' id='block_1_112' title="bbox 1705 5680 2463 5737">
    <p class='ocr_par' dir='ltr' id='par_1_112' title="bbox 1705 5680 2463 5737">
     <span class='ocr_line' id='line_1_112' title="bbox 1705 5680 2463 5737; baseline 0 -4"><span class='ocrx_word' id='word_1_819' title='bbox 1705 5727 1711 5733; x_wconf 35' lang='grc' dir='ltr'><em>κ</em></span> <span class='ocrx_word' id='word_1_820' title='bbox 1792 5680 2020 5737; x_wconf 66' lang='grc' dir='ltr'><strong>ΥΛΙΗᾹΞ</strong></span> <span class='ocrx_word' id='word_1_821' title='bbox 2064 5681 2463 5737; x_wconf 68' lang='lat' dir='ltr'><strong>LFCTIONICS.</strong></span> 
     </span>
    </p>
   </div>
   <div class='ocr_carea' id='block_1_113' title="bbox 563 5770 2211 5838">
    <p class='ocr_par' dir='ltr' id='par_1_113' title="bbox 563 5770 2211 5838">
     <span class='ocr_line' id='line_1_113' title="bbox 563 5770 2211 5838; baseline 0.002 -13"><span class='ocrx_word' id='word_1_822' title='bbox 563 5770 600 5804; x_wconf 75' lang='grc'><strong>’³</strong></span> <span class='ocrx_word' id='word_1_823' title='bbox 629 5771 812 5836; x_wconf 81' lang='grc' dir='ltr'>αὑτός.</span> <span class='ocrx_word' id='word_1_824' title='bbox 844 5772 903 5827; x_wconf 82' lang='grc' dir='ltr'><strong>Λ.</strong></span> <span class='ocrx_word' id='word_1_825' title='bbox 950 5784 1003 5829; x_wconf 84' lang='lat' dir='ltr'><strong>cl</strong></span> <span class='ocrx_word' id='word_1_826' title='bbox 1039 5775 1126 5828; x_wconf 86' lang='lat' dir='ltr'><strong>Fr.</strong></span> <span class='ocrx_word' id='word_1_827' title='bbox 1210 5777 1251 5807; x_wconf 65' lang='grc'><strong>’⁵</strong></span> <span class='ocrx_word' id='word_1_828' title='bbox 1277 5775 1525 5838; x_wconf 75' lang='grc' dir='ltr'>ἐκτάσεις</span> <span class='ocrx_word' id='word_1_829' title='bbox 1557 5791 1603 5828; x_wconf 82' lang='lat' dir='ltr'><strong>c.</strong></span> <span class='ocrx_word' id='word_1_830' title='bbox 1638 5775 1698 5828; x_wconf 86' lang='lat' dir='ltr'><strong>A.</strong></span> <span class='ocrx_word' id='word_1_831' title='bbox 1729 5776 1816 5828; x_wconf 90' lang='lat' dir='ltr'><strong>Fr.</strong></span> <span class='ocrx_word' id='word_1_832' title='bbox 1903 5776 1941 5807; x_wconf 83' lang='lat'><strong>&quot;</strong></span> <span class='ocrx_word' id='word_1_833' title='bbox 1970 5776 2100 5829; x_wconf 83' lang='grc' dir='ltr'>ὅπου</span> <span class='ocrx_word' id='word_1_834' title='bbox 2125 5775 2211 5829; x_wconf 89' lang='lat' dir='ltr'><strong>Fr.</strong></span> 
     </span>
    </p>
   </div>
  </div>
