4094 6380
340 379 449 447 62°29

1732 380 1788 440 M
1797 378 2130 439 YSTAGOG
2143 381 2161 438 l
2173 381 2237 439 Α.

3514 322 3623 439 Em

338 497 538 551 ταυτὸν
565 493 820 560 ἀλλήλοις
850 491 1018 562 ἄμφώ
1063 490 1388 546 δεικνύουσα
1409 509 1422 521 ’
1454 491 1550 545 καὶ
1579 492 1805 562 Θάτερον
1832 492 1929 546 0a—

2051 492 2293 567 idelibus
2321 494 2542 564 populis
2572 494 2713 547 liber
2740 500 2891 562 patet
2919 490 3125 555 aditus,
3156 508 3319 560 quem
3356 494 3623 563 templum

343 589 489 658 τέρῳ
517 585 639 638 κατ’
667 582 984 654 ἐπαλλαγὴν
1020 582 1290 653 ὑπάρχον,
1332 583 1470 652 ὅπερ
1503 583 1768 653 ἑκάτερον
1803 584 1936 635 ἐαυ-

347 677 427 744 τῷ
456 674 797 744 καθέστηκεν
841 672 901 725 ὃν
937 672 1350 742 ἀποφαίνουσα’
1393 673 1662 743 ἱερατεῖον
1709 672 1808 742 μὲν
1844 670 1939 725 τδν

348 767 481 821 ναὸν
512 766 655 820 κατὰ.
681 766 782 835 τὴν
807 763 1063 833 δύναμιν,
1098 766 1165 834 τῇ
1210 764 1349 835 πρὸς
1385 763 1449 816 τὸ
1486 763 1663 834 πέρας
1688 763 1939 835 ἀναφορᾷ

350 858 455 926 τῆς
508 854 896 927 μυσταγωγίας
977 852 1634 924 ἱερουργούμενοπι”καὶ
1702 853 1940 923 ἔμπαλιν

350 948 486 1000 ναὸν
513 947 574 1000 τὸ
612 947 900 1016 ἱερατεῖον,
929 946 1073 997 κατὰ
1107 946 1203 1015 τὴν
1232 944 1519 1015 ἐνέργειαν
1544 944 1644 1014 τῆς
1679 944 1817 1007 ἰδίας
1840 944 1940 996 αύ-

352 1041 451 1093 τὸν
479 1039 600 1110 ἔχον
641 1037 1040 1108 μυσταγωγεας
1089 1038 1289 1109 ἀρχὴν,
1340 1038 1441 1108 μία
1477 1037 1544 1090 δι’
1581 1038 1788 1106 ἀμφοῖν
1843 1036 1941 1088 καὶ

355 1136 393 1203 ἠ
428 1134 562 1203 αὐτὴ
597 1132 869 1203 διαμένει.
919 1130 1076 1186 Οὕτω
1109 1131 1205 1185 καὶ
1230 1133 1258 1185 6
1289 1132 1355 1185 ἐκ
1385 1130 1523 1185 Θεοῦ
1554 1130 1700 1184 κατὰ
1724 1130 1940 1199 γένεσιν

356 1229 712 1301 παρηγμένος
742 1229 966 1298 σύμπας
998 1228 1109 1281 τῶν
1136 1227 1308 1281 ὅντων
1349 1228 1573 1297 κόσμος,
1624 1226 1944 1297 διαιρούμε-

354 1340 445 1385 νος
494 1322 575 1385 εἷς
622 1339 682 1373 τε
735 1321 827 1374 τὸν
867 1321 1060 1390 νοητὸν
1106 1321 1333 1391 κόσμον,
1385 1319 1477 1373 τὸν
1516 1318 1811 1388 ὲκνοερῶν
1847 1318 1942 1371 καὶ

354 1414 667 1483 ἀσωμάτων
752 1412 951 1465 οὐσιῶν
1058 1408 1592 1482 συμπληρούμενον·
1672 1411 1768 1463 καὶ
1852 1410 1943 1462 τὸν

353 1503 619 1575 αἰσθητὸν
678 1503 868 1556 τοῦτον
919 1504 1012 1556 καὶ
1071 1504 1408 1571 σωματικὸν,
1471 1502 1565 1555 xui.
1613 1503 1678 1554 ἐκ
1728 1500 1942 1553 πολλῶν

355 1596 720 1665 μεγαλοφυῶς
772 1595 1191 1666 συνυφασμένον
1242 1595 1401 1648 εἰδῶν
1444 1611 1506 1646 τε
1556 1594 1652 1646 καὶ
1684 1594 1940 1661 φύσεων·

347 1686 487 1758 ἄλλη
521 1705 646 1751 πως
678 1687 941 1759 ὑπάρχων
995 1686 1413 1758 ἀχειροποίητος
1478 1685 1801 1753 Ἐκκλησία,
1855 1683 1944 1737 διὰ

352 1777 563 1849 ταύτης
610 1779 709 1847 τῆς
757 1780 1146 1851 χειροποιήτου
1199 1778 1382 1847 σοφῶς
1418 1776 1815 1844 ὑποφαίνεται·
1849 1776 1945 1828 καὶ

353 1869 623 1940 ἱερατεῖον
661 1871 762 1941 μὲν
782 1870 975 1941 ὥσπερ
1008 1870 1148 1940 ἔχων
1176 1868 1269 1922 τὸν
1295 1869 1411 1922 ἄνω
1442 1868 1671 1932 κόσμον,
1706 1866 1799 1919 καὶ
1822 1868 1943 1928 ταῖς

254 2009 258 2012 .
353 1957 473 2011 ἄνω
496 1960 1011 2030 προσνενεμημένον
1043 1942 1309 2029 δυνάμεσι
1334 1978 1346 1989 η
1378 1957 1507 2011 ναὸν
1536 1957 1614 2022 δὲ,
1649 1957 1739 2010 τὸν
1769 1956 1939 2018 κάτω,

354 2050 459 2104 καὶ
482 2053 594 2115 τοῖς
619 2051 686 2106 δι’
717 2050 1029 2122 αἰσθήσεως
1073 2050 1172 2122 ζῇν
1204 2048 1431 2120 λαχοῦσι
1470 2048 1942 2120 προσκεχωρημέ-

352 2155 472 2197 νον.

352 2237 648 2292 dammodo
695 2254 808 2293 non
860 2239 1175 2294 manufaeta
1229 2238 1479 2294 Ecclesia
1529 2236 1787 2302 exsistat,
1833 2251 1937 2307 per
1971 2238 2117 2292 hanc
2148 2236 2523 2292 manufactam
2587 2240 2871 2313 sapienter
2901 2248 3030 2310 typo
3092 2240 3445 2310 designatur;
3475 2249 3639 2305 etut,
3730 2283 3737 2290 .

2040 585 2186 655 (ναὸν
2208 584 2705 655 ϐιωοογάἰοὶιηιιδ.
2733 586 2947 638 Rursus
2971 592 3154 639 autem
3182 600 3289 639 una
3320 594 3404 639 est
3428 601 3626 639 secum-

2039 677 2171 731 dum
2204 678 2592 742 substantiam,
2620 677 2895 746 modoque
2926 678 3249 739 exsistendi,
3281 688 3341 731 ut
3366 694 3488 747 quze
3514 693 3626 730 non

2040 785 2150 823 una
2185 784 2311 823 cum
2349 770 2463 824 suis
2498 770 2753 839 partibus
2785 769 3087 833 dividatur,
3122 778 3349 838 propter
3382 771 3624 838 ipsarum

2041 864 2188 918 inter
2212 880 2270 918 se
2300 864 2539 933 partium
2572 864 3015 928 distinctionem;
3054 863 3151 917 sed
3183 872 3239 917 et
3267 871 3451 932 partes
3486 864 3629 930 ipsas

2041 956 2127 1010 sui
2159 956 2227 1009 ad
2258 970 2428 1008 unum
2462 956 2755 1021 relatione,
2785 972 2813 1008 a
2843 954 3221 1015 distinctione,
3246 969 3369 1022 qure
3398 954 3451 1006 in
3484 969 3628 1006 nun—

2043 1047 2340 1117 cupatione
2364 1056 2449 1101 est
2472 1047 2787 1111 absolvens,
2818 1056 2984 1116 atque
3013 1047 3205 1101 ambas
3229 1030 3375 1098 inter
3401 1061 3458 1099 se
3484 1044 3629 1097 idem

2042 1152 2164 1191 esse
2209 1136 2542 1200 ostendens,
2585 1137 2929 1205 alteramque
2971 1135 3133 1189 alteri
3179 1134 3422 1188 vicissim
3475 1148 3627 1196 esse,

2043 1228 2193 1298 quod
2220 1228 2325 1283 sibi
2360 1229 2479 1297 ipsa
2510 1237 2746 1297 utraque
2776 1235 2862 1283 est
2887 1227 3405 1299 (nempe-templum
3439 1234 3632 1294 poten-

2044 1320 2119 1373 tia
2162 1320 2489 1386 sacrarium,
2523 1320 2673 1390 quod
2718 1320 2990 1374 relatione
3035 1319 3091 1372 in
3123 1318 3295 1397 .ﬁnem
3339 1317 3420 1371 rei
3465 1331 3633 1369 sacra:

2046 1409 2183 1463 illud
2213 1420 2594 1472 consecretur,
2624 1410 2983 1479 vicissimque
3009 1408 3312 1463 sacrarium
3342 1406 3630 1474 templum,

2047 1497 2226 1567 ipsum
2273 1499 2328 1552 in
2376 1507 2502 1552 actu
2552 1499 2634 1552 rei
2687 1514 2887 1560 sacrae,
2928 1514 3051 1567 qua:
3096 1498 3151 1551 in
3200 1512 3267 1551 eo
3318 1497 3632 1566 peragitur,

2046 1589 2260 1644 habens
2304 1590 2734 1662 principatum),
2780 1608 2887 1645 una
2930 1601 3095 1660 atque
3139 1590 3332 1644 eadem
3380 1590 3636 1658 utrisque

2046 1691 2383 1750 perseveret.
2421 1680 2513 1735 Sic
2559 1689 2617 1735 et
2655 1682 2749 1750 qui
2792 1681 3074 1736 creatione
3112 1680 3409 1734 universus
3449 1695 3633 1732 rerum

2050 1772 2292 1825 mundus
2318 1788 2347 1826 a
2372 1773 2486 1825 Deo
2518 1772 2826 1841 productus
2853 1782 2959 1835 est,
2986 1770 3365 1838 dividiturque
3396 1768 3450 1821 in
3477 1784 3638 1821 mun-

1977 1838 2017 1890 Β
2049 1862 2180 1916 dum
2234 1838 2672 1932 intelligibilem,
2703 1877 2870 1932 quem
2919 1871 3133 1916 mentes
3181 1862 3637 1930 incorporeaeque

2051 1955 2374 2010 substantiae
2417 1955 2730 2024 complent;
2779 1955 2949 2023 inque
2988 1955 3138 2019 hunc
3181 1952 3441 2008 sensibus
3480 1950 3639 2019 obje—

2050 2056 2203 2102 ctum
2250 2064 2315 2102 ac
2362 2062 2718 2117 corporeum,
2751 2060 2930 2115 exque
2975 2045 3229 2115 pluribus
3278 2060 3404 2099 cum
3445 2041 3641 2095 formis

2055 2149 2171 2196 tum
2209 2139 2429 2194 naturis
2470 2139 2760 2210 magnifice
2797 2147 3144 2205 contextum;
3190 2153 3317 2192 cum
3358 2137 3464 2191 alia
3502 2150 3639 2205 quo-

350 2333 509 2386 velut
560 2333 785 2401 quidem
848 2332 1078 2388 sacrarii
1136 2334 1298 2398 loco,
1353 2347 1617 2403 superum
1670 2330 1938 2385 mundum
1978 2330 2201 2394 habeat,
2232 2347 2297 2386 ac
2326 2333 2586 2401 superuis
2648 2333 3019 2402 potestatibus
3068 2333 3384 2397 addictum;
3451 2335 3641 2402 templi

343 2432 541 2479 autem
574 2423 716 2487 vice,
744 2421 959 2476 huncce
993 2420 1257 2487 inferum,
1287 2435 1351 2475 ac
1380 2435 1546 2490 quem
1578 2419 1781 2474 adeant
1813 2418 1949 2489 ipsis
1983 2418 2260 2489 pervium,
2291 2420 2496 2489 quibus
2529 2421 2731 2492 obtigit
2795 2422 2851 2476 id
2917 2421 3041 2476 vita:
3071 2436 3265 2492 genus,
3292 2427 3439 2492 quod
3475 2438 3642 2477 sensu

345 2517 720 2586 transigatur.

431 2632 602 2686 Πάλιν
635 2627 720 2695 εἷς
749 2630 869 2683 ἐστι
893 2629 1102 2699 κόσμος
1130 2630 1240 2692 τοῖς
1270 2627 1472 2681 ἑαυτοῦ
1512 2626 1587 2698 μὴ
1612 2624 1951 2698 συνδιαιρούο

360 2742 533 2795 μενος
566 2724 760 2794 μέρεσι
786 2740 801 2754 ο
843 2716 1159 2774 τούναντίον
1185 2721 1264 2785 δὲ,
1297 2719 1392 2774 καὶ
1419 2719 1599 2774 αὐτῶν
1629 2719 1738 2772 τῶν
1768 2718 1952 2790 μερῶν

347 2818 460 2888 τὴν
492 2816 551 2882 ἐξ
599 2815 862 2884 ἰδιότητος
907 2813 1149 2884 φυσικῆς
1202 2813 1491 2882 διαφορὰν,
1526 2815 1591 2883 τῇ
1625 2815 1764 2882 πρὸς
1792 2813 1856 2865 τὸ
1886 2811 1947 2865 ἓν

270 2956 295 2963 ,
350 2906 559 2961 ἑαυτοῦ
619 2908 713 2960 καὶ
763 2905 1072 2976 ἀδιαίρετον
1123 2905 1376 2975 ἀναφορᾷ
1423 2904 1824 2975 περιγράφωνο
1857 2904 1955 2957 καὶ

351 2998 561 3051 ταυτὸν
599 2995 778 3067 ἐαυτῷ
814 3014 872 3048 τε
920 2997 1015 3049 καὶ
1058 2995 1309 3067 ἀλλήλοις
1354 2996 1679 3066 ἀσυγχύτως
1723 2994 1955 3063 ἐναλλὰξ

352 3089 526 3149 ὄντας
556 3104 571 3119 °
609 3087 704 3139 καὶ
738 3086 953 3156 Θατέρῳ
1002 3085 1229 3156 θάτερον
1282 3085 1404 3138 ὅλον
1455 3085 1561 3155 ὅλῳ
1601 3085 1818 3148 δεικνὺς
1857 3087 1956 3155 έμ-

354 3179 674 3250 6ε6ηκότα“
714 3179 809 3232 καὶ
851 3178 1021 3249 ἄμφω
1061 3178 1180 3231 ὅλον
1211 3178 1376 3231 αὐτὸν
1395 3179 1471 3241 ὠς
1502 3180 1642 3249 μέρη
1676 3178 1780 3231 ἕνα
1823 3195 1957 3248 συμ-

352 3271 732 3342 πληροῦντας,
764 3272 862 3323 καὶ
885 3269 1005 3323 κατ’
1034 3270 1199 3323 αὑτὸν
1240 3270 1316 3334 ὡς
1354 3272 1475 3323 ὅλον
1522 3271 1663 3342 μέρη
1706 3270 1955 3335 ένοειδῶς

353 3380 425 3416 τε
453 3366 545 3416 καὶ
571 3363 773 3427 ὁλικῶς
815 3363 1369 3434 συμπληρουμένους.
1398 3363 1559 3427 ὐλος
1577 3365 1685 3435 γὰρ
1707 3366 1735 3417 6
1764 3366 1958 3435 νοητὸς

2122 2626 2338 2681 Rursus
2367 2642 2513 2681 unus
2544 2636 2630 2681 est
2659 2627 2926 2692 mundus,
2954 2643 3060 2682 nec
3093 2642 3203 2681 una
3235 2644 3358 2681 cum
3393 2604 3645 2698 partibus

2051 2719 2169 2774 suis
2211 2719 2509 2786 dividitur;
2559 2728 2756 2775 contra
2798 2736 2950 2785 vero,
2983 2737 3149 2789 quam
3197 2722 3370 2791 ipsam
3423 2721 3529 2776 illa:
3575 2740 3644 2776 ex

2053 2811 2235 2865 nativa
2267 2828 2368 2866 sua
2398 2813 2741 2881 proprietate
2767 2811 2931 2884 497
2958 2813 3376 2868 distinctionem
3413 2814 3642 2881 habent,

2054 2903 2324 2958 relatione
2360 2904 2429 2958 ad
2465 2920 2618 2958 suam
2652 2906 2708 2958 in
2740 2920 2799 2959 se
2836 2906 3103 2959 unitatem
3147 2921 3211 2960 ac
3253 2906 3645 2961 indivisionem

2056 2994 2349 3059 deﬁniens,
2389 3002 2505 3048 tum
2551 3009 2739 3048 secum
2783 3010 2926 3058 esse,
2962 3004 3077 3049 tum
3119 2994 3356 3048 invicem
3401 2995 3646 3048 vicissim

2055 3083 2346 3138 inconfuse
2377 3100 2573 3148 unum,
2600 3100 2666 3138 ac
2696 3084 2841 3138 idem
2878 3084 3075 3138 ambos
3104 3100 3257 3149 esse;
3297 3084 3647 3153 alterumque

2055 3174 2324 3241 alterum,
2366 3192 2433 3231 ac
2487 3186 2662 3230 totum
2708 3186 2887 3231 totum
2935 3176 3297 3239 inscendere,
3344 3177 3647 3245 amliosque

2056 3276 2233 3323 totum
2289 3269 2471 3338 ipsum
2531 3280 2791 3337 tanquam
2853 3278 3038 3338 partes
3096 3284 3267 3322 unum
3329 3269 3645 3337 complere,

2060 3364 2354 3420 monstrat,
2382 3366 2545 3427 atque
2577 3358 2633 3411 in
2658 3374 2726 3412 eo
2757 3368 2819 3413 ut
2847 3367 2965 3413 toto
2991 3367 3177 3427 partes
3207 3358 3565 3415 uniformiter
3586 3375 3650 3414 ac

353 3457 573 3525 κόσμος
604 3455 711 3526 ὅλῳ
743 3456 823 3526 τῷ
855 3456 1102 3528 αἰσθητῷ
1149 3457 1431 3528 μυστικῶς
1469 3461 1582 3522 τοῖς
1603 3457 1950 3527 συμϐολικοῖς

2063 3451 2177 3520 ipsa
2238 3451 2409 3506 totius
2467 3453 2793 3522 integraque
2853 3452 3069 3506 ratione
3130 3452 3420 3521 compleri.
3474 3451 3649 3505 Totus

354 3545 532 3597 εἴδεσι
581 3546 924 3615 τυπούμενος
968 3546 1220 3613 φαίνεται
1269 3549 1384 3609 τοῖς
1431 3548 1563 3618 ὁρᾷν
1599 3547 1952 3616 δυναμένοις’

356 3638 462 3690 καὶ
486 3636 606 3699 ὅλος
644 3637 752 3706 ὅλῳ
786 3636 864 3707 τῷ
890 3636 1067 3707 νοητῷ
1095 3639 1122 3690 6
1149 3624 1412 3708 αἰσθητὸς
1444 3639 1766 3706 γνωστικῶς
1811 3640 1957 3693 κατὰ

362 3727 493 3782 νοῦν
532 3732 651 3793 ’τοῖς
685 3729 864 3797 λόγοις
915 3728 1261 3799 ἀπλούμενος
1309 3731 1637 3802 ἐνυπάρχων
1662 3731 1829 3786 ἐστίν.
1867 3732 1956 3784 Ἐν

366 3821 566 3892 ἐκείνῳ
615 3823 747 3893 γὰρ,
791 3817 946 3886 οὗτος
988 3824 1101 3886 τοῖς
1156 3822 1338 3891 λόγοις
1391 3823 1545 3876 ἐστί·
1591 3825 1847 3888 κάκεῖνος
1897 3826 1956 3878 έν

360 3912 567 3984 τούτῳ,
597 3917 711 3978 τοῖς
758 3914 983 3977 τύποις’
1014 3915 1106 3967 καὶ
1140 3914 1201 3967 τὸ
1244 3914 1405 3986 ἔργον
1456 3915 1636 3968 αὐτῶν
1664 3914 1742 3980 ἒν,
1772 3915 1958 3979 καθὼς

357 4005 437 4059 ἂν
481 4007 564 4077 εἴη
612 4007 833 4075 τροχὸς
881 4008 951 4059 ἐν
995 4003 1076 4070 τῷ
1133 4004 1346 4074 τροχῷ,
1378 4007 1544 4076 φησὶν
1572 4008 1600 4060 6
1643 4007 1957 4077 θαυμαστὸς

358 4097 478 4150 τῶν
538 4099 791 4169 μεγάλων
828 4098 1024 4169 θεατὴς
1082 4096 1368 4168 Ἰεζεχιὴλ,
1405 4100 1537 4170 περὶ
1591 4100 1700 4154 τῶν
1747 4101 1841 4154 δύο
1868 4101 1960 4155 κό-

361 4208 549 4261 σμων,
576 4188 754 4261 οἶμαι,
785 4191 980 4260 λέγων.
1011 4192 1122 4244 Καὶ
1153 4189 1332 4244 πάλιν·
1357 4190 1433 4245 Τὰ
1460 4194 1569 4261 γὰρ
1596 4193 1818 4262 ἀόρατα
1849 4197 1958 4247 αὐ-

359 4283 477 4339 τοῦ
505 4284 623 4338 ἀπὸ
653 4284 908 4348 κτίσεως
931 4283 1164 4351 κόσμου
1193 4282 1316 4347 τοῖς
1345 4276 1635 4353 ποιήμασι
1663 4287 1961 4356 νοούμενα

363 4376 715 4444 καθορᾶται,
758 4376 923 4446 φησιν
953 4379 981 4428 ὁ
1016 4375 1156 4439 Gaio;
1205 4375 1552 4440 Ἀπόστολος.
1584 4379 1694 4431 Καὶ
1738 4382 1785 4433 εἰ
1826 4381 1960 4437 mo.

359 4470 564 4539 ορᾶται
591 4466 681 4521 διὰ
695 4467 802 4521 τῶν
834 4464 1176 4537 φαινομένων
1206 4468 1274 4521 τὰ
1306 4468 1381 4539 μὴ
1416 4469 1742 4538 φαινόμενα,
1776 4472 1961 4536 καθὼς

358 4560 707 4630 γέγραπται,
750 4558 930 4629 πολλῷ
969 4560 1034 4629 δὴ
1075 4560 1171 4613 καὶ
1210 4559 1299 4613 διὰ
1347 4561 1456 4613 τῶν
1492 4560 1569 4633 μὴ
1602 4564 1949 4633 φαινομένων

358 4651 486 4710 τοῖς
515 4648 723 4721 θεωρίᾳ
748 4652 1095 4720 πνευματικῇ
1120 4648 1530 4720 προσανέχουσι
1554 4652 1627 4705 τὰ
1651 4655 1958 4725 φαινόμενα

2057 3546 2208 3601 enim
2241 3546 2481 3601 mundus
2512 3544 2902 3616 intelligibilis,
2935 3553 3050 3597 toto
3083 3544 3180 3597 illo
3209 3545 3304 3612 qui
3338 3544 3392 3596 in
3425 3559 3647 3597 sensum

2058 3637 2206 3693 cadit
2233 3639 2463 3709 mystice
2491 3638 2810 3709 symbolicis
2835 3637 3032 3691 formis
3064 3636 3350 3706 ﬁguratus,
3379 3635 3446 3690 iis
3476 3636 3645 3701 lucet,

2059 3731 2265 3800 quibus
2294 3739 2356 3784 ut
2377 3731 2601 3785 videant
2624 3739 3003 3799 comparatum
3031 3737 3146 3794 est;
3182 3737 3443 3798 totusque
3477 3728 3523 3782 is
3550 3730 3647 3798 qui

2059 3839 2224 3878 sensu
2254 3824 2581 3893 percipitur,
2608 3822 2661 3876 in
2695 3830 2812 3876 toto
2840 3821 2934 3875 illo
2959 3821 3053 3892 qui
3082 3829 3268 3875 mente
3295 3821 3646 3890 intelligitur,

2060 3916 2289 3970 scientia
2338 3931 2403 3970 ac
2452 3913 2833 3984 speculatione
2883 3913 3071 3967 animo
3121 3921 3284 3977 tenus
3333 3913 3650 3966 rationibus

2060 4006 2296 4078 simplex
2337 4008 2499 4062 inest.
2536 4008 2595 4061 ln
2636 4007 2735 4061 illo
2778 4007 2949 4072 enim,
2984 4017 3173 4060 noster
3208 4006 3303 4061 hic
3344 4006 3650 4061 rationibus

2059 4110 2178 4168 est;
2218 4117 2282 4155 ac
2318 4101 2430 4165 ille,
2462 4101 2517 4155 in
2552 4111 2745 4156 nostro
2782 4101 2887 4154 hoc
2924 4101 3114 4171 ﬁguris
3147 4099 3367 4154 exsistit
3403 4118 3416 4152 :
3455 4109 3651 4169 estque

2061 4209 2232 4247 unum
2265 4193 2488 4248 illorum
2517 4209 2678 4263 opus,
2704 4212 2766 4247 ac
2790 4194 2835 4247 si
2866 4202 3039 4247 rotam
3068 4195 3123 4247 in
3151 4204 3270 4248 rota
3303 4195 3317 4232 ί
3353 4208 3474 4247 esse
3498 4193 3652 4247 dixe-

2061 4286 2160 4350 ris,
2192 4284 2270 4340 ait
2301 4285 2577 4339 mirabilis
2609 4301 2933 4355 magnarum
2969 4301 3154 4339 rerum
3190 4295 3473 4354 spectator
3508 4286 3649 4340 Eze-

2061 4378 2228 4443 chiel,
2254 4393 2381 4431 cum
2406 4377 2474 4431 de
2500 4377 2719 4431 duobus
2751 4385 2885 4446 puto
2914 4377 3139 4430 mundis
3168 4376 3243 4430 illi
3272 4392 3454 4431 sermo
3478 4386 3647 4440 esset,

2062 4471 2378 4539 lterumque
2415 4469 2492 4523 ait
2525 4468 2749 4523 divinus
2782 4469 3084 4537 Apostolus
3122 4486 3135 4521 :
3170 4468 3469 4522 Invisibilia
3510 4470 3651 4522 enim

2060 4564 2246 4633 ipsius,
2276 4579 2309 4615 a
2339 4569 2585 4615 creatura
2616 4560 2823 4623 mundi,
2853 4576 2936 4628 per
2976 4576 3038 4613 ea
3065 4576 3182 4629 qua:
3214 4559 3353 4629 facta
3388 4568 3531 4625 sunt,
3566 4562 3648 4613 in-

2065 4656 2271 4709 tellecta
2319 4654 2714 4724 conspiciuntur
2738 4650 2784 4705 i.
2817 4651 3017 4721 Atqui,
3048 4652 3093 4706 si
3130 4669 3229 4722 per
3260 4668 3324 4706 ea
3359 4669 3482 4722 qua:
3522 4662 3653 4708 sunt

363 4741 721 4819 νοηθήσεται.
759 4741 878 4794 Τῶν
903 4741 1013 4812 γὰρ
1043 4741 1253 4813 νοητῶν
1276 4745 1308 4813 ὴ
1332 4743 1423 4798 διὰ
1444 4743 1553 4797 τῶν
1579 4745 1793 4815 ὁρατῶν
1817 4763 1950 4817 συμ-

2063 4747 2388 4818 conspicua,
2416 4760 2482 4799 ea
2507 4761 2629 4814 qua:
2658 4744 2887 4800 minime
2917 4745 3220 4814 conspicua
3250 4753 3401 4809 sunt,
3430 4746 3652 4816 conspi-

366 4834 565 4905 δολιχὴ
613 4834 840 4905 Θεωρία,
872 4833 982 4888 τῶν
1031 4834 1482 4913 όρωμένωνέστὶ
1512 4835 1602 4890 διὰ
1637 4837 1747 4891 τῶν
1789 4842 1956 4910 ἀορά-

359 4942 483 4981 των
516 4928 868 4997 πνευματικὴ
906 4927 1190 4998 ἐπιστήμη
1243 4928 1353 4981 καὶ-
1380 4928 1585 4999 νόησις,
1623 4930 1714 4982 Δεῖ
1743 4929 1853 5001 γὰρ
1890 4932 1961 4985 τὰ

365 5018 619 5089 ἀλλήλων
650 5017 781 5072 ὄντα
821 5018 1119 5089 δηλωτικὰ,
1152 5020 1371 5083 πάντως
1392 5021 1617 5093 ἀληθεῖς
1650 5023 1744 5075 καὶ
1771 5023 1965 5093 ἀριδή-

364 5110 503 5173 λους
549 5110 651 5174 τὰς
700 5110 948 5181 ἀλλήλων
980 5110 1126 5182 ἔχειν
1158 5111 1455 5182 ἐμφάσεις,
1495 5114 1590 5168 καὶ
1625 5114 1724 5185 τὴν
1757 5114 1846 5168 ἐπ’
1868 5116 1967 5170 αύ-

371 5205 497 5265 ταῖς
524 5202 711 5274 σχέσιν
742 5201 1042 5274 ἁλώόητον.

2058 4841 2303 4903 ciuntur,
2328 4838 2408 4893 uti
2438 4837 2706 4906 scriptum
2733 4846 2848 4903 est;
2880 4838 3083 4907 potiori
3116 4838 3278 4905 longe
3308 4839 3522 4891 ratione
3555 4854 3655 4907 per

2057 4947 2123 4986 ea
2159 4946 2283 5002 quae
2321 4946 2429 4985 non
2471 4938 2601 4984 sunt
2637 4930 2961 4999 conspicua,
2995 4945 3061 4984 ea
3098 4946 3222 4999 qum
3266 4938 3397 4984 sunt
3432 4930 3653 4999 conspi-

2060 5038 2186 5085 cua,
2224 5022 2292 5076 iis
2329 5021 2732 5092 intelligentur,
2768 5021 2863 5089 qui
2912 5021 3153 5091 spiritali
3194 5020 3653 5091 contemplationi

2063 5116 2308 5171 animum
2334 5114 2652 5169 attendunt.
2677 5114 2990 5186 Symbolica
3015 5115 3164 5168 enim
3196 5114 3649 5184 intelligibilium,

2066 5224 2166 5280 per
2213 5225 2278 5263 ea
2329 5225 2453 5278 qme
2499 5209 2555 5262 in
2608 5218 2893 5277 aspectum
2940 5207 3172 5269 cadunt,
3222 5207 3648 5277 contemplatio,

372 5310 563 5349 rerum
613 5294 1058 5365 aspectabilium,
1127 5311 1227 5366 per
1271 5310 1366 5351 eas
1404 5311 1528 5367 quae
1568 5296 1996 5369 inaspectabiles
2032 5310 2183 5367 sunt,
2258 5300 2529 5372 spiritalis
2575 5300 2809 5356 scientia
2855 5316 2920 5355 ac
2971 5298 3334 5369 intelligentia
3378 5301 3648 5364 noscitur.

368 5388 610 5458 Oportet
632 5390 804 5455 enim,
829 5405 1070 5459 quorum
1126 5398 1319 5445 mutua
1373 5390 1706 5461 signiﬁcatio
1736 5402 1841 5453 cst,
1866 5409 2027 5449 veras
2064 5396 2293 5451 omnino
2324 5412 2388 5451 ac
2414 5395 2739 5466 perspicuas
2768 5393 2912 5447 inter
2939 5409 2997 5447 se
3028 5392 3261 5449 invicem
3292 5402 3654 5460 reprarscuta-

366 5485 561 5538 tiones
583 5482 815 5549 habere,
837 5492 895 5537 et
915 5500 1035 5538 eam
1060 5500 1185 5553 quae
1209 5494 1295 5541 cst
1318 5501 1374 5539 ιιι
1396 5485 1535 5555 ipsis
1563 5486 1967 5547 habitudinem,
2010 5506 2107 5545 seu
2135 5491 2481 5555 relationem,
2531 5489 2683 5545 nulla
2738 5502 2804 5542 cx
2831 5493 2983 5557 parte
3010 5492 3070 5538 ut
3096 5484 3411 5556 integritate
3440 5484 3654 5537 minua-

370 5583 491 5639 tur,
517 5573 816 5643 quidquam
844 5573 965 5628 lzedi
992 5588 1175 5642 posse.

460 5790 699 5847 iEzcc'b.
728 5808 764 5857 ι,
797 5792 875 5848 16.
958 5791 969 5841 i
1004 5791 1338 5857 “0111.520.
