4094 6368
490 300 632 406 δυ’

1098 460 1326 517 CAPUT
1377 461 1470 517 Ill.

490 553 672 607 Etiam
702 552 865 606 solius
897 553 1100 617 mundi,
1133 554 1222 623 qui
1256 556 1314 607 in
1345 570 1559 624 sensum
1588 555 1751 620 cadit,
1784 554 2071 624 imaginem

842 638 951 677 esse
986 631 1231 677 sanctam
1265 624 1364 677 Dei
1398 623 1712 678 Ecclesium.

560 735 884 804 Rursusque
932 734 1107 791 solius
1152 735 1346 789 mundi
1395 735 1491 804 qui
1541 734 1599 790 in
1646 748 1872 790 sensum
1921 730 2072 787 cadit

489 827 797 883 secundum
828 842 916 892 se,
948 842 1013 882 ac
1047 826 1279 883 seorsim
1313 827 1575 898 spectati,
1603 826 1915 899 symbolum
1948 838 2072 879 esse

489 917 678 972 aiebat
704 927 955 974 sanctam
982 918 1082 974 Dei
1116 918 1444 984 Ecclesiam,
1471 927 1534 975 ut
1559 934 1684 990 quae
1716 918 1920 974 canum
1949 915 2075 987 qui-

490 1009 651 1077 dem,
694 1010 945 1066 divinum
993 1011 1328 1079 sacrarium;
1378 1019 1589 1067 terram
1631 1019 1850 1076 autem,
1889 1006 2082 1079 templi

490 1100 752 1157 decorem
782 1101 1057 1158 obtineat.
1090 1101 1361 1159 Similiter
1391 1110 1580 1159 autem
1612 1102 1781 1159 etiam
1812 1098 2081 1156 mundum

489 1207 613 1246 esse
637 1192 962 1260 Ecclesium,
984 1184 1080 1265 qui
1102 1195 1307 1250 cmlum
1331 1195 1581 1266 quidem.
1600 1194 1843 1252 sacrario
1866 1192 2078 1259 simile,

493 1292 659 1340 terrae
687 1294 872 1341 autem
903 1295 1183 1355 ornatum,
1211 1288 1418 1358 templo
1444 1286 1663 1343 afﬁnem
1691 1285 1915 1343 habeat.

1006 1493 1175 1566 493
1208 1494 1437 1552 CAPUT
1470 1495 1560 1551 tv.

492 1564 867 1670 Quanto-deget
898 1564 1246 1670 qua‘rqtioue
1279 1589 1546 1670 hominem
1558 1587 1853 1670 symbolice
1882 1588 2080 1670 re[erat

559 1664 744 1729 sancta
768 1654 865 1729 Dei
889 1654 1150 1724 Ecclesia,
1172 1658 1451 1729 ipsamque
1472 1654 1701 1714 uicissim
1732 1666 1792 1712 ut
1814 1654 2080 1713 hominem

558 1725 713 1778 homo
740 1725 957 1795 referat.

559 1838 774 1895 Rursus
818 1838 987 1896 etiam
1034 1841 1343 1897 secundum
1385 1842 1652 1914 spiritalis
1697 1842 2077 1913 intelligentiae

402 1942 409 1947 '
490 1928 737 1994 modum,
774 1931 1056 1988 hominem
1090 1949 1216 1990 esse
1249 1934 1433 1991 aiebat
1462 1943 1711 1991 sanctam
1744 1934 1843 1989 Dei
1875 1934 2072 1990 Eccle-

488 2017 629 2075 siam
675 2038 690 2074 :
735 2037 860 2092 quae
902 2024 1144 2080 animam
1186 2026 1445 2098 quidem,
1483 2027 1791 2083 sacrarium
1837 2026 2072 2094 habeat,

488 2121 862 2185 mentemque,
891 2116 1143 2172 divinum
1183 2120 1382 2186 altare,
1411 2134 1477 2176 ac
1517 2135 1741 2189 corpus,
1772 2118 2070 2190 templum;

488 2213 552 2259 ut
588 2222 714 2276 qua:
758 2209 975 2266 scilicet
1010 2212 1136 2284 ejus
1178 2212 1359 2290 imago
1402 2225 1469 2268 ac
1502 2211 1836 2279 similitudo,
1871 2212 1967 2282 qui
2003 2211 2074 2267 ad

487 2297 785 2369 imaginem
816 2316 881 2356 ac
905 2289 1329 2359 similitudinem
1353 2289 1539 2360 factus
1563 2311 1650 2359 est
1676 2303 1943 2375 (hominis
1968 2301 2076 2358 sci-

486 2387 641 2459 licet)
670 2391 921 2447 exsistat.
947 2391 1080 2459 Quze
1106 2393 1370 2448 nimirum
1399 2409 1502 2465 per
1528 2394 1798 2465 templum
1824 2393 2070 2464 quidem,

486 2483 641 2536 velut
698 2499 800 2553 per
848 2501 1087 2556 corpus,
1136 2488 1405 2543 moralem
1460 2487 1769 2559 praetendat
1823 2487 2071 2558 philoso-

488 2577 708 2645 phiam;
767 2593 868 2649 per
913 2579 1216 2657 sacrarium
1271 2589 1487 2646 autem,
1533 2587 1597 2633 ut
1650 2594 1752 2649 per
1796 2578 2070 2645 animam,

485 2669 795 2724 naturalem
818 2671 1342 2742 contemplationem
1367 2671 1693 2742 spiritaliter
1715 2680 1983 2743 exponat;
2008 2686 2074 2726 ac

483 2759 709 2815 demum
742 2777 845 2835 per
873 2761 1129 2818 divinum
1163 2764 1360 2831 altare,
1389 2749 1649 2834 tanquam
1682 2779 1781 2835 per
1807 2770 2070 2830 mentem,

484 2852 773 2922 mysticam
800 2841 1150 2928 theologiam
1190 2856 1454 2927 proferat.
1484 2857 1854 2927 Vicissimque
1889 2856 2072 2912 homi-

484 2958 635 3009 nem,
662 2943 964 3001 Ecclesiam
995 2947 1302 3018 mysticam,
1329 2949 1427 3019 qui
1451 2949 1721 3024 nimirum
1746 2963 1846 3018 per
1871 2963 2075 3017 corpus

486 3041 747 3103 tanquam
800 3050 900 3105 per
949 3038 1248 3108 templum,
1297 3049 1508 3109 partem
1559 3038 1727 3093 animi
1787 3047 2070 3110 agentem,

485 3127 744 3182 mandata
802 3129 1119 3198 operando,
1173 3145 1273 3202 per
1333 3130 1601 3185 moralem
1662 3130 2072 3201 philOSOphiam

1652 347 1716 407 S.
1756 346 2046 408 ΜΑΧΙΜΙ
2084 344 2599 408 CONFESSORIS

3655 346 3771 411 672

2781 461 3032 518 ΚΕΦΔΛ.
3072 462 3147 517 Γ’;

2445 556 2639 627 μόνον
2653 555 2758 610 τοῦ
2785 555 3077 627 αίσθητρῦ
3102 558 3334 623 κόσμου
3364 554 3539 611 ἐστίν
3566 556 3767 621 δικὼν,

2498 626 2539 693 ἢ
2578 627 2715 696 ἁγία
2744 626 2851 681 τοῦ
2879 624 3029 681 Θεοῦ
3067 625 3422 692 Ἐκκλησία.

2247 739 2360 793 Καὶ
2388 732 2544 803 αὖθις
2576 739 2740 809 μόνου
2758 737 2853 792 τοῦ
2887 738 3151 809 αίσθητοῦ
3196 737 3407 807 κόσμου
3422 735 3546 790 καθ’
3567 736 3771 792 ἑαυτὸν

2178 830 2280 899 τὴν
2334 829 2495 899 ἀγίαν
2563 829 2658 884 τοῦ
2711 829 2848 884 Θεοῦ
2911 830 3237 900 Ἐκκλησίαν
3283 826 3424 882 εἶναι
3470 828 3774 898 σύμϐολον,

2177 920 2417 990 ἔφασκεν
2436 938 2450 953 '
2479 922 2556 987 ὼς
2593 922 2823 994 ούρανδν
2882 922 3002 992 μὲν,
3039 922 3103 976 τὸ
3134 922 3280 976 θεῖον
3308 923 3577 993 ἱερατεῖον
3609 920 3770 991 Exeu-

2179 556 2308 611 Ὅτι
2332 558 2433 611 καί

2134 1019 2143 1025 ‘
2178 1028 2279 1067 σαν
2300 1025 2318 1045 ⁸
2347 1014 2453 1085 γῆν
2486 1013 2568 1081 δὲ,
2591 1015 2691 1085 τὴν
2718 1014 3055 1086 εὐπρέπειαν
3091 1013 3188 1068 τοῦ
3216 1012 3347 1069 ναοῦ
3386 1013 3770 1085 κεκτημένην.

2191 1101 2465 1169 Ὡσαύτως
2497 1104 2559 1160 δὲ
2595 1106 2691 1159 καὶ
2719 1105 2813 1159 τὸν
2843 1105 3052 1177 κόσμον
3080 1105 3351 1177 ὑπάρχειν
3386 1103 3724 1177 Ἐκκλησίαν
3748 1123 3768 1138 ⁸

2180 1190 2435 1265 ῑερατείῳ
2485 1193 2586 1265 μὲν
2619 1194 2838 1248 ἐοικότα
2870 1194 2964 1248 τὸν
3012 1194 3243 1267 οὐρανὸν
3286 1194 3482 1267 ἔχοντα
3500 1210 3516 1226 ο
3549 1192 3666 1266 ναῷ
3683 1192 3776 1260 δι,

2178 1284 2281 1355 τὴν
2308 1283 2451 1339 κατά
2475 1287 2581 1357 γῆν
2608 1284 2995 1359 διακόσμησιν.

2783 1491 3038 1547 ΚΕΦΔΛ.
3081 1495 3153 1547 A'.

2177 1585 2311 1652 Πῶς
2356 1600 2422 1639 τε
2478 1583 2576 1637 καὶ
2626 1584 2788 1654 «alio
2819 1583 3018 1652 τρόπῳ
3064 1584 3447 1654 συμϐολικῶς
3488 1586 3766 1648 είκονίζὲι

2251 1656 2355 1709 τὸν
2400 1654 2733 1723 ἄνθρωπον,
2757 1653 2797 1720 ἠ
2847 1655 2985 1723 ἁγία
3038 1653 3156 1709 τοῦ
3209 1656 3358 1710 Θεοῦ
3409 1656 3768 1720 Ἐκκλησίαο

2245 1726 2345 1781 καί
2376 1722 2554 1808 αὐτὴ.
2580 1724 2662 1789 ὼς
2698 1722 3011 1793 ἅνθρωπος
3034 1726 3137 1779 ὑπ’
3172 1726 3358 1780 αὑτοῦ
3399 1724 3766 1788 sacriferas.

2244 1838 2353 1893 Καὶ
2382 1837 2545 1892 πάλιν
2587 1837 2708 1891 κατ’
2752 1836 2912 1892 ἀλλον
2946 1837 3147 1909 τρόπον
3175 1836 3407 1909 Θεωρίας
3426 1876 3442 1903 ,
3474 1837 3773 1909 ἄνθρωπον

2108 1895 2151 1951 Β
2174 1930 2317 1986 εἶναι
2363 1931 2464 2001 τὴν
2487 1930 2653 1999 ἁγίαν
2689 1928 2786 1983 τοῦ
2813 1928 2951 1983 Θεοῦ
2983 1895 3327 2001 ’Ἐκκλησίαν
3359 1895 3514 1999 ἔλεγε
3533 1947 3549 1961 ·
3580 1895 3771 2002 ¹ψυχὴν

2177 2019 2277 2092 μὲν
2321 2017 2553 2089 ἔχουσαν
2591 2018 2653 2071 τὸ
2688 2018 2954 2090 ίερατείον
2973 2034 2987 2050 ’
3019 2018 3115 2072 καὶ
3142 2017 3288 2084 νοῦν,
3325 2018 3387 2072 τὸ
3408 2018 3550 2072 θεῖον
3577 2018 3770 2073 θυσια-

2175 2113 2422 2184 στήριονο
2458 2110 2759 2182 καὶσῶμα,
2787 2110 2879 2164 τὸν
2909 2109 3039 2165 ναόν
3061 2125 3099 2185 ἰ
3125 2110 3203 2174 ὼς
3230 2111 3413 2164 είκόνα
3441 2110 3539 2164 καὶ
3564 2110 3771 2182 ὁμοίω-

2176 2221 2260 2258 σιν
2303 2203 2659 2277 ὑπάρχουσαν
2702 2202 2798 2258 τοῦ
2844 2202 2966 2257 κατ’
2997 2202 3183 2257 εἰκόνα
3218 2201 3357 2257 Θεοῦ
3391 2202 3487 2257 καὶ
3506 2203 3770 2275 ὁμοίωσιν

2173 2301 2467 2373 γενομένου
2555 2298 2846 2370 ἀνθρώπου
2864 2315 2878 2331 ⁸
2907 2298 3003 2354 καὶ
3039 2299 3127 2353 διὰ
3157 2300 3255 2371 μὲν
3274 2298 3368 2353 τοῦ
3397 2298 3549 2365 ναοῦ,
3575 2299 3652 2364 ὡς
3678 2299 3769 2355 διὰ

2175 2393 2452 2465 σώματος,
2508 2391 2609 2463 τὴν
2646 2391 2844 2462 ἠθικὴν
2899 2391 3221 2462 φιλοσοφίαν
3276 2392 3729 2464 προϐαλλομένην
3747 2405 3765 2424 ‘

2173 2485 2261 2540 διὰ
2319 2485 2377 2539 δὲ
2420 2484 2517 2539 τοῦ
2578 2484 2870 2556 ίερατείου,
2903 2483 2978 2549 ὡς
3031 2484 3121 2538 διὰ
3164 2484 3365 2556 ψυχῆς,
3393 2486 3494 2556 τὴν
3531 2484 3769 2557 φυσικὴν

2174 2577 2412 2649 Θεωρίαν
2438 2577 2827 2648 πνευματικῶς
2854 2576 3231 2650 ἐξηγουμένην
3254 2595 3268 2609 ’
3305 2578 3409 2633 καὶ
3429 2577 3507 2643 ὡς
3532 2578 3624 2633 διὰ
3650 2577 3771 2642 νοὸς

2174 2667 2269 2723 τοῦ
2293 2667 2439 2722 θείου
2468 2667 2882 2740 θυσιαστηρίου,
2908 2667 3014 2739 τὴν
3056 2667 3326 2741 μυστικὴν
3356 2666 3638 2737 θεολογίαν
3669 2669 3771 2741 ἑμ-

2175 2759 2492 2816 6αίνουσαν.
2540 2759 2653 2815 Καὶ
2697 2759 2952 2830 ἔμπαλιν,
3004 2760 3334 2831 Ἐκκλησίαν
3375 2762 3650 2833 μυστικὴν
3677 2760 3770 2816 τὸν

2175 2851 2481 2925 ἄνθρωπον,
2542 2853 2620 2917 ὡς
2650 2852 2739 2908 διά
2763 2852 2895 2908 ναοῦ
2945 2852 3046 2924 μὲν
3086 2855 3180 2907 τοῦ
3213 2853 3486 2925 σώματος,
3536 2854 3599 2908 τὸ
3629 2871 3772 2929 πρα-

2180 2944 2368 3000 κτικὸν
2389 2945 2496 3016 Δτῆς
2524 2944 2702 3016 ψυχῆς
2750 2946 2871 3008 ταῖς
2906 2944 3018 2999 τῶν
3048 2945 3280 2999 ἐντολῶν
3304 2944 3610 3016 ἐνεργείαις
3628 2945 3770 3000 κατά

2174 3037 2276 3108 τὴν
2328 3037 2528 3108 ἠθικὴν
2573 3036 2893 3107 φιλοσοφίαν
2945 3038 3220 3110 ὲναρέτως
3263 3037 3625 3109 φαιδρύνοντα
3649 3055 3665 3070 ο
3691 3037 3771 3101 ὡς

2174 3130 2242 3183 δι’
2271 3129 2541 3201 ἱερατείου
2600 3130 2659 3185 δὲ
2705 3131 2805 3201 τῆς
2858 3130 3037 3202 ψυχῆς
3070 3131 3199 3194 τοὺς
3228 3131 3351 3184 κατ’
3385 3129 3641 3202 αίσθησιν
3667 3129 3766 3196 ξυλό-

487 3218 756 3273 virtutum
791 3219 942 3275 cultu
976 3219 1246 3276 exhilaret
1275 3235 1340 3275 ac
1375 3230 1670 3291 perornet.
1698 3235 1797 3290 per
1835 3221 2074 3277 animam

2178 3237 2331 3289 γους,
2367 3220 2626 3293 καθαρῶς
2651 3222 2709 3275 ὲν
2722 3220 2997 3292 πνεύματι
3011 3223 3113 3292 τῆς
3140 3219 3274 3291 ὕλης
3299 3218 3766 3291 περιτμηθέντας.

485 3318 695 3376 autem,
724 3319 785 3365 ut
823 3311 1151 3378 sacrarium,
1178 3303 1293 3377 eas,
1325 3329 1448 3383 qua:
1484 3329 1553 3368 ex
1592 3329 1759 3370 sensu
1800 3312 2079 3369 ducuntur

487 3399 752 3464 rationes,
783 3416 920 3471 pure
949 3401 1007 3456 in
1036 3402 1259 3471 spiritu,
1291 3412 1578 3474 amputata
1610 3405 1680 3459 ab
1707 3405 1790 3461 eis
1824 3406 2076 3471 materia,

485 3492 721 3546 naturali
754 3494 1134 3563 speculatione
1164 3511 1264 3565 per
1292 3498 1566 3553 rationem
1596 3497 1710 3552 Deo
1742 3496 1939 3553 offerat
1968 3515 1982 3551 :
2015 3513 2080 3553 ac

488 3583 727 3654 denique
751 3601 853 3657 per
874 3574 1139 3651 mentem,
1166 3595 1228 3641 ut
1253 3587 1450 3654 altare,
1473 3587 1916 3644 laudatissimum
1941 3588 2078 3644 illud

486 3675 634 3745 quod
668 3676 725 3730 in
756 3677 1135 3747 penetralibus
1165 3687 1272 3747 est,
1300 3680 1525 3736 obscuri
1560 3680 1842 3751 ignotique
1867 3681 2075 3736 clamo-

487 3768 565 3823 ris
604 3767 885 3824 silentium
928 3771 1173 3838 deitatis,
1207 3787 1308 3843 per
1348 3771 1500 3828 aliud
1543 3772 1746 3844 loquax
1785 3773 2074 3829 vocalissi-

485 3875 749 3931 mumque
775 3862 1060 3919 silentium
1091 3864 1353 3932 aseiscat;
1390 3880 1474 3932 ac,
1499 3865 1684 3934 quoad
1712 3866 1834 3937 ejus
1863 3863 2074 3919 homini

485 3969 811 4009 concessum
844 3964 949 4021 est,
983 3972 1084 4027 per
1112 3958 1400 4029 mysticam
1440 3957 1776 4028 theologiam
1816 3956 1898 4011 illi
1940 3970 2078 4011 con-

487 4053 730 4109 suescat,
763 4046 999 4116 talisque
1043 4047 1158 4115 fiat,
1188 4048 1410 4119 qualem
1454 4063 1585 4104 eum
1621 4063 1746 4104 esse
1783 4054 2081 4103 consenta-

487 4152 652 4191 neum
677 4146 781 4203 cst,
800 4139 897 4208 qui
926 4140 1112 4195 divina
1138 4140 1248 4196 frui
1276 4142 1573 4212 praesentia
1596 4139 1828 4206 meruit,
1849 4140 2082 4212 ejusque

486 4229 648 4301 longe
676 4230 1003 4289 clarissimis
1029 4233 1339 4305 fulgoribus
1366 4234 1666 4305 insignitus
1691 4242 1794 4289 est.

1110 4418 1336 4476 CAPUT
1354 4396 1443 4476 'v.

486 4508 775 4575 Quomodo,
804 4526 866 4563 ac
895 4527 1134 4580 quanam
1166 4528 1348 4565 rursus
1373 4512 1604 4575 ratione,
1631 4510 1825 4564 anima:
1849 4509 2069 4580 seorsim

550 4588 837 4649 separatas,
856 4579 1032 4651 imago
1053 4583 1121 4635 sit
1147 4598 1210 4635 ac
1233 4591 1388 4653 typus
1409 4592 1593 4637 sancta
1615 4580 1714 4635 Dei
1733 4579 1992 4635 Ecclesia.

555 4756 744 4828 Neque
768 4773 901 4813 vero
930 4758 1098 4815 totius
1123 4759 1385 4827 hominis,
1415 4762 1509 4832 qui
1545 4775 1614 4817 ex
1648 4762 1832 4817 anima
1863 4768 1920 4816 et
1945 4775 2069 4816 cor-

485 4865 620 4920 pore
662 4852 1026 4906 constituitur
1060 4858 1189 4925 (qua
1227 4854 1443 4910 scilicet
1476 4856 1693 4910 ratione
1730 4854 2075 4925 compositus

483 4942 589 5013 est)
642 4946 805 5013 posSe
852 4942 1122 4999 duntaxat
1165 4960 1289 5001 esse
1336 4945 1633 5018 imaginem
1681 4954 1928 5002 sanctam
1956 4945 2073 5001 ‘Dei

486 5030 813 5099 Ecelesiam,
848 5035 1111 5104 docebat;
1155 5054 1348 5094 verum
1391 5040 1558 5095 etiam
1603 5038 1801 5095 anima:
1839 5038 2074 5094 seorsim

485 5142 587 5198 per
624 5128 898 5184 rationem
936 5129 1301 5188 considerata:
1343 5150 1358 5186 :
1393 5132 1601 5203 quippe
1633 5132 1728 5202 qui
1760 5146 1829 5188 ex
1862 5111 2071 5187 intelii-

487 5219 640 5301 genti
676 5227 734 5275 et
766 5220 992 5276 animali
1026 5220 1290 5278 facultate
1323 5222 1629 5278 universim
1660 5222 1901 5278 animam
1935 5235 2071 5277 con-

487 5320 636 5367 stare
661 5311 865 5377 aiebat,
894 5328 959 5368 ac
982 5314 1091 5368 vim
1116 5314 1344 5385 quidem
1370 5313 1768 5385 intelligentem
1799 5314 1977 5369 libere
1999 5328 2076 5367 ex

486 5403 772 5459 voluntate
795 5402 962 5476 499
983 5405 1221 5472 moveri;
1246 5402 1540 5460 animalem
1562 5413 1747 5460 autem
1770 5405 1852 5460 uti
1875 5414 2075 5460 natura

490 5494 568 5550 illi
594 5506 975 5566 comparatum
999 5506 1085 5552 est
1107 5498 1248 5553 citra
1275 5499 1442 5553 ullam
1464 5497 1815 5565 electionem,
1840 5505 2079 5553 motum-

489 5602 599 5654 que
629 5586 891 5652 liberum,
925 5588 999 5642 ita
1028 5603 1274 5643 manere.
1307 5587 1633 5656 Rursusque
1659 5587 1729 5642 ad
1761 5572 2076 5656 intelligen-

494 5685 603 5730 tem
628 5678 867 5766 quidem.
886 5678 1202 5734 facultatem
1227 5689 1499 5750 spectare,
1525 5689 1639 5734 tum
1666 5679 2074 5749 contemplandi

497 5767 627 5832 vim,
651 5777 766 5823 tum
797 5770 991 5838 agendi
1024 5787 1035 5823 :
1068 5780 1233 5841 atque
1259 5770 1367 5826 vim
1393 5771 1616 5840 quidem
1642 5770 2074 5841 contemplandi,

2096 4348 2167 4360 -υ

2177 3312 2319 3367 κατά
2347 3313 2446 3383 τὴν
2490 3311 2727 3384 φυσικὴν
2767 3312 2999 3383 θεωρίαν
3022 3313 3112 3367 διὰ
3141 3313 3302 3381 λόγου
3342 3312 3421 3383 τῷ
3448 3312 3568 3384 Θεῷ
3596 3328 3768 3385 προσ-

2173 3404 2513 3477 κομίζοντα·
2549 3406 2646 3459 καὶ
2682 3405 2760 3470 ῶς
2807 3404 2896 3460 διὰ
2935 3404 3328 3478 θυσιαστηρίου
3359 3405 3453 3460 τοῦ
3483 3398 3622 3472 νοὸς,
3668 3403 3769 3476 τὴν

2176 3499 2235 3552 ὲν
2273 3496 2487 3563 ἀδύτοις
2523 3497 2904 3569 πολυύμνητον
2943 3496 3044 3568 τῆς
3074 3497 3317 3567 ἀφανοῦς
3345 3497 3441 3551 καὶ
3487 3493 3771 3565 ἀγνώστου

2180 3589 2595 3662 μεγαλοφωνίας
2651 3589 2813 3661 σιγὴν
2851 3590 2951 3660 τῆς
2998 3589 3273 3661 θεότητος,
3305 3589 3375 3643 δι’
3409 3588 3576 3660 ἄλλης
3605 3588 3769 3643 λάλου

2176 3695 2239 3732 τε
2263 3678 2359 3732 καὶ
2394 3676 2777 3747 πολυφθόγγου
2808 3676 2971 3748 σιγῆς
3001 3676 3489 3750 προσκαλούμενον
3515 3694 3528 3708 ·
3566 3677 3661 3731 καὶ
3692 3675 3766 3740 ὡς

2181 3770 2407 3841 ἐφικτὸν
2462 3768 2760 3841 ἀνθρώπῳ,
2808 3769 2950 3824 κατά
3000 3769 3273 3842 μυστικὴν
3321 3769 3598 3839 θεολογίαν
3628 3770 3766 3841 αὐτῇ

2173 3860 2564 3933 συγγινόμενον
2585 3876 2600 3891 °
2646 3861 2742 3917 καὶ
2782 3861 3025 3916 τοιοῦτον
3075 3863 3384 3934 γινόμενον,
3441 3855 3555 3916 οἷον
3620 3861 3768 3926 εἰκὸς

2173 3949 2315 4009 εἶναι
2346 3954 2429 4008 δεῖ⁹
2470 3953 2563 4008 τὸν
2596 3952 2893 4025 ἐπιδημίας
2934 3950 3235 4021 ἀξιωθέντα
3289 3952 3462 4023 Θεοῦ,
3506 3950 3602 4009 καὶ
3645 3955 3768 4017 ταῖς

2176 4046 2342 4102 αὐτοῦ
2370 4047 2692 4119 παμφαέσιν
2722 4046 2934 4118 αίγλαις
2955 4046 3388 4118 ὲνσημανθέντα.

2741 4446 2746 4451 -
2785 4408 3040 4466 ΚΕΦᾹΛ.
3062 4409 3140 4465 E’.

2174 4502 2308 4571 Πῶς
2340 4503 2439 4559 καὶ
2472 4504 2621 4569 ποίῳ
2644 4503 2842 4572 τρόπῳ
2867 4501 3054 4572 πάλιν
3082 4492 3191 4569 τῆς
3209 4501 3416 4572 ψυχῆς
3453 4503 3583 4559 καθ’
3629 4502 3767 4557 ἐαυ-

2246 4574 2363 4642 thr
2385 4571 2754 4644 νοουμένης,
2793 4571 2971 4627 εἰκών
2984 4589 3047 4626 τε
3072 4574 3171 4627 καὶ
3212 4571 3401 4641 τύπος
3430 4574 3468 4644 ἠ
3492 4575 3631 4644 ἁγία
3663 4572 3768 4631 τοῦ

2105 4633 2153 4693 D
2252 4633 2401 4699 Θὲοῦ
2447 4633 2800 4712 ’Eazun'ét'a.

2240 4756 2353 4810 Καὶ
2373 4755 2469 4825 οὐχ
2493 4752 2615 4807 ὅλου
2643 4752 2741 4824 μὲν
2773 4749 2868 4805 τοῦ
2891 4748 3208 4823 ἀνθρώπου,
3230 4750 3355 4806 τοῦ
3377 4752 3442 4805 ὲκ
3464 4750 3650 4823 ψυχῆς
3675 4754 3768 4806 καὶ

2173 4847 2425 4919 σώματος
2477 4845 2623 4900 κατά
2682 4844 2935 4899 σύνθεσίν
2983 4860 3128 4916 φημι
3175 4844 3544 4913 συνεστῶτος,
3586 4847 3769 4900 εἰκόνα

2176 4941 2338 5013 μόνον
2397 4935 2536 4995 εἶναι
2585 4934 2847 4994 δύνασθαι
2887 4937 2985 5009 τὴν
3030 4937 3193 5006 ἀγίαν
3238 4936 3571 5010 Ἐκκλησίαν
3592 4940 3768 4994 ἐδίδα-

2177 5049 2347 5088 σκεν⁶
2398 5032 2537 5087 ἀλλά
2585 5033 2683 5085 καὶ
2725 5031 2895 5102 αὐτῆς
2935 5028 3038 5101 τῆς
3060 5031 3240 5103 ψυχῆς
3284 5026 3407 5085 καθ’
3457 5032 3659 5104 ἑαυτὴν
3693 5033 3770 5105 τῷ

2177 5126 2322 5196 λόγῳ
2365 5125 2768 5197 θεωρουμένης.
2853 5122 3074 5196 Ἐπειδὴ
3134 5125 3244 5196 γὰρ
3305 5126 3371 5179 ὲκ
3421 5128 3618 5198 νοερᾶς
3676 5125 3769 5180 καὶ

2179 5216 2418 5290 ζωτικῆς
2438 5218 2719 5289 δυνάμεως
2749 5217 3054 5282 καθολικῶς
3077 5216 3433 5271 συνίστασθαι
3459 5218 3559 5291 τὴν
3589 5218 3768 5290 ψυχὴν

2179 5310 2423 5379 ἔφασκ’
2480 5310 2576 5364 καὶ
2613 5309 2716 5380 τῆς
2762 5309 2860 5382 μὲν
2906 5310 3099 5380 νοερᾶς
3151 5308 3581 5375 ἐξουσιαστικῶς
3625 5309 3769 5365 κατά

2185 5402 2440 5473 βούλησιν
2490 5403 2838 5473 κινουμένης,
2897 5402 2994 5473 τῆς
3042 5402 3099 5456 δὲ
3146 5402 3384 5474 ζωτικῆς
3420 5401 3561 5455 κατά
3605 5402 3769 5472 φύσιν

2180 5498 2586 5571 ἀπροαιρέτως,
2632 5497 2708 5560 ὡς
2758 5496 2894 5567 ἔχει,
2927 5495 3218 5568 μενούσης.
3292 5495 3404 5551 Καὶ
3452 5496 3639 5563 πάλιν,
3668 5496 3767 5565 τῆς

2182 5592 2283 5663 μὲν
2334 5592 2527 5661 νοερᾶς
2580 5586 2721 5644 εἶναι
2774 5590 2835 5643 τό
2880 5607 2940 5642 τε
2980 5588 3336 5662 θεωρητικὸν,
3380 5590 3473 5645 καὶ
3509 5589 3571 5643 τδ
3621 5607 3764 5661 πρα-
3808 5624 3827 5637 κ

2179 5680 2366 5734 κτικόν
2387 5696 2402 5712 ·
2428 5679 2518 5733 καὶ
2538 5678 2597 5731 τὸ
2623 5679 2719 5749 μὲν
2750 5680 3102 5750 θεωρητικὸν,
3128 5679 3551 5734 καλεῖσθαινοῦν
3578 5680 3731 5747 ἔλεγε
3752 5693 3765 5708 ·

2177 5773 2234 5826 τδ
2264 5772 2321 5825 δὲ
2354 5771 2676 5842 πρακτικὸν,
2708 5772 2864 5840 λόγον
2883 5789 2897 5803 ’
2929 5771 3021 5826 καὶ
3048 5774 3143 5843 τῆς
3168 5773 3266 5843 μὲν
3283 5774 3471 5844 νοερᾶς
3484 5771 3769 5843 δυνάμεως
