4094 6404
358 391 475 456 ῦ73

1700 374 1706 385 ’
1748 391 2252 453 MYSTAGOGIA.

3532 399 3640 465 674

367 496 648 571 κινητικὸν
680 495 824 551 εῖναι
855 496 947 551 τὸν
984 496 1110 552 νοῦν
1135 515 1149 529 ο
1182 497 1283 569 τῆς
1313 482 1368 552 δὲ
1393 495 1632 577 ζωτικῆς
1672 518 1958 573 προνοητι-

2067 498 2307 557 mentem
2328 504 2548 560 dicebat
2570 507 2863 577 appellari;
2889 510 3083 581 agendi
3106 521 3291 570 autem
3308 514 3640 575 vim.vocari

370 590 469 644 κδν
522 588 799 659 ὑπάρχειν
826 587 922 641 τὸν
964 587 1156 656 λόγον’
1207 590 1303 642 καὶ
1336 572 1429 642 τδν
1479 590 1577 659 μὲν
1611 572 1751 644 εἷναί
1777 607 1838 643 τε
1868 592 1963 644 καὶ

372 679 667 734 καλεῖσθαι
696 678 929 749 σοφίαν⁶
978 680 1124 752 φημὶ
1173 680 1232 735 δὲ
1286 681 1379 734 τὸν
1430 682 1579 744 νοῦν,
1623 683 1751 736 ὅταν
1796 700 1965 736 παντ-

375 774 588 827 ἅπασιν
611 774 915 842 ἀτρέπτους
939 772 1135 826 ἑαυτοῦ
1157 773 1492 845 διαφυλάττῃ
1519 776 1563 807 ¹⁶
1582 774 1683 837 τὰς
1708 775 1842 845 πρὸς
1871 774 1962 827 τὸν

372 865 513 919 Θεὸν
541 867 785 934 κινήσεις
813 877 824 892 ·
855 864 946 917 τὸν
998 865 1054 917 δὲ
1090 864 1246 933 λόγον
1276 864 1537 927 ὡσαύτως
1576 867 1839 937 φρόνησιν
1870 867 1964 919 καὶ

376 951 521 1011 εἶναι
542 955 635 1009 καὶ
667 954 967 1019 καλεῖσθαι,
1026 957 1155 1008 ὅταν
1188 958 1486 1026 σωφρόνως
1539 958 1767 1027 τὴνηὺτιθ
1787 958 1961 1019 αὐτοῦ

378 1050 520 1104 κατὰ
559 1049 815 1120 πρόνοιαν
865 1049 1251 1122 διοικουμένην
1300 1050 1537 1124 ζωτικὴν
1578 1051 1809 1123 δύναμιν
1844 1055 1963 1116 ταῖς

379 1138 955 1210 ἐνεργείαιςσυνάψας
981 1139 1059 1209 τῷ
1096 1140 1192 1209 νῷ,
1231 1139 1457 1205 δείξειεν
1500 1142 1794 1214 ἀδιάφορον
1816 1161 1828 1175 ·
1861 1145 1962 1213 τὴν

373 1231 546 1299 αὐτὴν
573 1229 722 1299 αὐτῷ
745 1230 841 1282 καὶ
860 1231 1053 1300 ὁμοίαν
1074 1231 1141 1284 δι’
1172 1234 1372 1303 ἀρετῆς
1398 1233 1638 1304 ἔμφασιν
1667 1233 1760 1287 τοῦ
1802 1234 1961 1288 Θείου

373 1322 653 1392 φέρουσαν
686 1339 701 1354 ·
738 1308 806 1393 ἢν
835 1323 931 1374 καὶ
981 1324 1399 1396 ὲπιμερίζεσθαι
1448 1327 1525 1397 τῷ
1555 1344 1613 1380 τε
1647 1325 1723 1397 νῷ
1760 1328 1855 1380 καὶ
1887 1327 1963 1398 τῷ

375 1411 518 1481 λόγῳ
551 1411 798 1479 φυσικῶς
826 1412 1012 1480 ἔλεγεν
1036 1428 1048 1444 '
1083 1413 1158 1476 ὠς
1193 1410 1333 1468 εἶναι
1361 1416 1561 1486 μᾶλλον
1590 1416 1685 1468 καὶ
1715 1432 1965 1468 συνιστα-

378 1505 551 1573 μένην
584 1503 894 1558 δείκνυσθαι
935 1506 1363 1576 προηγουμένως
1389 1508 1488 1578 τὴν
1513 1507 1712 1577 ψυχὴν,
1755 1507 1818 1559 ἐκ
1867 1503 1961 1559 τοῦ

372 1595 469 1649 νοῦ
511 1597 605 1649 καὶ
657 1595 752 1650 τοῦ
797 1586 982 1665 λόγου,
1034 1598 1109 1660 ὼς
1139 1599 1335 1669 νοεράν
1373 1617 1431 1653 τε
1462 1601 1557 1654 καὶ
1575 1600 1803 1673 λογικήν
1829 1602 1962 1671 ’τῆς

368 1685 616 1758 ζωτικῆς
648 1689 739 1740 ἐπ’
784 1690 990 1760 ἀμφοῖν
1017 1689 1160 1743 κατὰ
1201 1692 1263 1744 τὸ
1303 1694 1427 1759 ᾆσον
1457 1692 1736 1764 δηλονότι,
1770 1692 1863 1746 νοῦ
1903 1710 1963 1747 τε

365 1778 468 1831 καὶ
484 1779 647 1847 λόγου
665 1797 740 1850 φη
749 1783 831 1850 μὶ,
856 1779 1239 1854 θεωρουμένης
1251 1781 1556 1854 δυνάμεως·
1579 1783 1688 1838 οὐδ’
1703 1783 1863 1838 ὁπότε
1872 1800 1963 1854 ρον

366 1870 481 1940 γὰρ
508 1869 715 1926 τούτων
732 1871 878 1942 ζωῆς
895 1873 1121 1943 ἄμοιρον
1145 1868 1287 1927 εἶναι
1302 1872 1463 1944 θέμις
1484 1877 1704 1936 ἐννοεῖν,
1741 1874 1836 1927 καὶ
1864 1874 1958 1927 ὑπ’

370 1963 578 2032 ἀμφοῖν
621 1963 1013 2035 διειλημμένης
1073 1965 1135 1997 ¹⁷·
1167 1965 1236 2019 δι’
1279 1961 1349 2039 ἦς
1399 1967 1428 2018 ό
1461 1966 1561 2036 μὲν
1593 1965 1737 2032 νοῦς,
1774 1966 1833 2019 ὃν
1870 1966 1965 2020 καὶ

373 2054 568 2122 σοφίαν
624 2053 837 2124 ἔφαμεν
879 2054 1186 2119 καλεῖσθαι,
1234 2058 1301 2126 τῇ
1350 2055 1660 2126 θεωρητικῇ
1700 2055 1811 2121 ἔξει
1843 2056 1964 2110 κατ’

372 2145 686 2218 ἀπόρρητον
721 2149 883 2218 σιγήν
914 2165 975 2201 τε
1010 2149 1105 2203 καὶ
1133 2148 1334 2217 γνῶσιν
1360 2147 1782 2218 ὲξαπλούμενος,
1827 2149 1964 2219 πρὸς

370 2236 476 2308 τὴν
516 2240 774 2308 ἀλήθειαν
819 2239 887 2293 δι’
916 2240 1148 2309 ἀλήστου
1177 2258 1237 2294 τε
1275 2241 1371 2294 καὶ
1401 2240 1780 2312 ἀκαταλήγτου
1822 2240 1965 2310 γνὼ-

371 2344 516 2392 σεως
533 2328 729 2397 ἄγεται
753 2346 767 2360 ·
812 2332 843 2385 ὁ
877 2331 934 2384 δὲ
963 2332 1139 2401 λόγος,
1173 2332 1232 2385 ὃν
1280 2332 1625 2404 ἐκαλέσαμεν
1672 2330 1956 2404 φρόνησιν,

360 2421 437 2491 ’τῇ
485 2424 758 2494 πρακτικῇ
812 2422 925 2488 ἕξει
963 2424 1292 2494 σωματικῶς
1338 2421 1462 2487 Δκατ’
1520 2423 1722 2494 ἀρετὴν
1783 2426 1862 2488 είς
1895 2425 1960 2478 τὸ

359 2509 576 2579 ἀγαθὸν
630 2512 721 2566 διὰ
764 2514 1000 2577 πίστεως
1048 2515 1392 2586 καταλήγει·
1427 2517 1485 2582 ἐξ
1527 2509 1601 2568 ὧν
1629 2518 1957 2587 ἀμφοτέρων

360 2603 405 2672 ἡ
432 2601 639 2674 αληθὴς
670 2604 780 2657 τῶν
810 2624 868 2659 τε
898 2592 1056 2661 θείων
1084 2609 1178 2660 καὶ
1203 2607 1314 2660 τῶν
1339 2607 1696 2679 ἀνθρωπίνων
1726 2609 1954 2680 ἐπιστή-

360 2710 450 2766 μη
474 2696 772 2768 συνέστηκε
802 2700 1143 2770 πραγμάτων
1167 2715 1182 2730 ο
1222 2702 1255 2772 ἠ
1285 2699 1455 2762 ὅντως
1486 2698 1788 2763 ἄπταιστος
1812 2700 1955 2770 γνῶ-

362 2802 479 2852 σις,
535 2791 632 2843 καὶ
679 2790 863 2858 πάσης
915 2791 1017 2860 τῆς
1055 2791 1199 2846 κατὰ
1260 2789 1627 2861 Χριστιανοὺς
1669 2790 1954 2864 θειοτάτης

362 2877 690 2949 φιλοσοφίας
720 2882 910 2953 πέρας.

2066 593 2356 646 rationem.
2381 595 2457 648 Ac
2482 596 2686 650 mentis
2711 597 2933 666 quidem
2961 602 3200 669 partium
3227 618 3370 669 esse,
3396 615 3456 660 ut
3483 607 3642 661 intel-

2063 683 2271 754 ligendi
2303 682 2618 741 facultatem
2651 698 2898 754 movcat;
2938 692 3169 747 rationis
3193 710 3347 757 vero,
3373 705 3432 750 ut
3465 696 3640 752 facul-

2066 775 2378 854 tativitali,
2409 792 2507 832 seu
2545 779 2771 833 animali
2812 782 3099 850 provideat
3142 802 3155 836 :
3197 793 3363 854 atque
3404 788 3636 842 alterum

2063 865 2290 935 quidem
2327 874 2441 921 tum
2470 883 2620 932 esse,
2653 876 2767 921 tum
2804 871 3068 940 appellari
3103 873 3425 942 sapientiam
3463 877 3633 943 (men-

2065 965 2176 1013 tem
2209 958 2439 1019 scilicet.
2469 967 2607 1024 tum,
2632 976 2758 1015 cum
2790 970 2973 1017 motus
3001 964 3205 1032 quibus
3237 965 3290 1018 in
3324 966 3493 1018 Deum
3527 966 3639 1019 fer-

2064 1059 2157 1105 tur
2182 1051 2496 1106 immobiles
2526 1053 2753 1107 omnino
2781 1055 3063 1125 servarit),
3092 1071 3157 1109 ac
3183 1056 3440 1109 similiter
3469 1058 3639 1134 ratio:

2065 1157 2190 1196 nem
2229 1151 2343 1195 tum
2381 1158 2522 1205 esse,
2554 1151 2670 1197 tum
2714 1145 2979 1214 appellari
3017 1146 3388 1214 prudentiam,
3419 1149 3641 1218 quando

2064 1234 2180 1287 vim
2200 1234 2511 1297 animalem,
2534 1250 2698 1303 quam
2723 1238 3081 1306 propensiore
3102 1238 3156 1291 in
3181 1253 3302 1291 eam
3324 1254 3458 1291 cura
3480 1239 3638 1307 regit,

2063 1325 2371 1395 prudenter
2408 1327 2824 1397 Operationibus
2861 1329 3146 1397 copulans,
3182 1330 3333 1383 nullo
3380 1346 3410 1384 a
3456 1341 3640 1384 mente

2067 1418 2389 1473 discriminc
2433 1419 2654 1489 abjungi
2704 1420 3043 1497 ostenderit,
3084 1421 3344 1475 nimirum
3388 1422 3638 1476 eamdem

2065 1526 2188 1565 cum
2220 1510 2335 1581 ipsa
2368 1527 2468 1581 per
2494 1512 2778 1579 virtutem,
2809 1513 3030 1568 deitatis
3056 1513 3318 1569 ferentem
3352 1516 3590 1585 speciem
3624 1533 3637 1568 :

2064 1617 2228 1672 quam
2266 1604 2433 1659 etiam
2463 1603 2532 1657 ad
2564 1612 2803 1659 mentem
2839 1604 3046 1674 pariter
3074 1621 3136 1660 ac
3170 1607 3439 1660 rationem
3474 1618 3635 1660 natu-

2065 1695 2255 1749 raliter
2292 1695 2513 1750 dicebat
2551 1705 2822 1765 spectare,
2859 1705 2920 1751 ut
2958 1698 3130 1767 magis
3171 1712 3314 1759 esse,
3350 1698 3640 1767 primoque

2067 1802 2133 1842 ex
2156 1796 2340 1842 mente
2369 1803 2432 1842 ac
2457 1788 2695 1854 ratione,
2723 1797 2982 1859 tanquam
3014 1789 3355 1860 intelligendi
3385 1805 3449 1844 ac
3475 1790 3641 1844 ratio-

2060 1876 2151 1933 nis
2195 1878 2250 1931 vi
2302 1877 2553 1947 praedita,
2588 1880 2770 1933 anima
2809 1881 3133 1935 ostendatur
3177 1880 3511 1948 consistere,
3564 1881 3638 1936 ita

2065 1965 2283 2023 scilicet
2310 1974 2371 2020 ut
2400 1966 2455 2020 in
2492 1975 2726 2037 utraque
2754 1984 2821 2022 ex
2852 1984 3012 2039 aequo
3049 1972 3253 2041 (mente
3283 1971 3544 2026 nimirum
3576 1987 3640 2026 ac

2063 2055 2299 2128 ratione)
2342 2059 2470 2113 vitae
2519 2058 2778 2123 facultas,
2816 2076 2913 2114 seu
2963 2060 3216 2116 animalis
3258 2061 3641 2116 consideretur

2065 2147 2244 2218 (nefas
2274 2148 2422 2203 enim
2454 2150 2730 2205 utrumvis
2759 2151 2956 2205 horum
2987 2152 3116 2207 vite
3144 2134 3342 2222 expers
3375 2152 3637 2223 cogitare)

2063 2255 2129 2296 ac
2160 2256 2332 2311 penes
2360 2250 2593 2311 utraque
2625 2242 2907 2296 dividatur
2935 2260 2949 2296 :
2984 2258 3084 2313 per
3111 2259 3299 2312 quam,
3327 2259 3485 2298 mens
3513 2244 3640 2314 qui-

2062 2329 2186 2384 dem
2213 2329 2398 2400 (quam
2425 2331 2666 2386 diximus
2696 2332 2884 2387 vocari
2915 2333 3263 2404 sapientiam)
3294 2334 3635 2403 contempla-

2061 2421 2231 2477 tionis
2260 2422 2474 2488 babitu,
2508 2424 2695 2478 arcani
2738 2441 2862 2479 cum
2899 2425 3129 2488 silentii,
3158 2433 3273 2479 tum
3307 2425 3554 2481 scientia:
3585 2425 3635 2478 vi

2060 2510 2414 2579 simplicitate
2448 2521 2734 2581 provecta,
2761 2527 2860 2582 per
2891 2513 3177 2568 scientiam
3210 2514 3360 2567 nulla
3397 2529 3636 2583 unquam

2059 2603 2338 2657 oblivione
2368 2602 2658 2657 delendam
2690 2613 2786 2657 aut
2814 2604 3309 2668 intermorituram,
3334 2603 3401 2658 ad
3429 2604 3632 2658 verita-

2060 2702 2169 2749 tem
2194 2693 2451 2759 ducitur;
2481 2694 2620 2748 ratio
2644 2702 2826 2748 autem
2853 2696 3037 2763 (quam
3071 2694 3416 2763 prudentiam
3445 2694 3634 2763 appel-

2059 2786 2324 2850 lavimus)
2370 2786 2604 2841 actionis
2645 2786 2873 2849 babitu,
2918 2786 3281 2856 corporaliter
3326 2785 3638 2856 przestando

2059 2877 2344 2940 virtutem,
2373 2876 2430 2929 in
2466 2876 2672 2930 bonum
2710 2875 2917 2931 desinit
2943 2893 3043 2947 per
3074 2875 3236 2931 fidem
3280 2894 3294 2930 :
3334 2893 3400 2931 ex
3434 2876 3638 2946 quibus

359 2973 642 3030 ambobus
681 2992 813 3031 vera
857 2992 985 3032 cum
1027 2976 1374 3042 divinarum,
1421 2986 1539 3032 tum
1585 2977 1952 3032 humanarum
1990 2987 2178 3029 rerum
2215 2972 2470 3026 consistit
2502 2970 2762 3038 scientia;
2830 2986 2962 3027 vera
3002 2972 3214 3027 scilicet
3246 2972 3359 3035 illa,
3420 2988 3483 3026 ac
3518 2971 3641 3027 sine

361 3079 566 3122 errore
588 3067 806 3135 notitia,
828 3083 1063 3139 quaeque
1085 3068 1442 3124 divinissimaa
1467 3067 1649 3123 omnis
1672 3065 2117 3123 Christianorum
2147 3062 2512 3132 philosophia:
2542 3063 2811 3119 terminus
2838 3062 3071 3134 ﬁnisque
3103 3065 3351 3119 exsistat.

446 3160 558 3214 Kal.
603 3161 937 3233 σαφέστερον
985 3162 1118 3234 περὶ
1152 3162 1359 3216 τούτων
1381 3164 1591 3215 εἰπεῖν’
1635 3165 1734 3233 τῆς
1756 3161 1955 3232 ψυχῆς,

2132 3158 2341 3231 Animae
2379 3159 2567 3228 prima:
2601 3158 2758 3221 vires,
2794 3166 2843 3211 et
2887 3161 3237 3228 operationes,
3276 3178 3338 3215 ac
3374 3164 3636 3219 secundm.

316 3292 325 3297 -
356 3253 433 3309 τὸ
474 3254 573 3325 μὲν
590 3254 742 3322 ἔλεγε
763 3250 903 3307 εἶναι
925 3254 1281 3327 θεωρητικὸν,
1305 3254 1488 3319 καθὼς
1521 3254 1737 3323 εἴρηται
1761 3271 1776 3285 ο
1797 3253 1859 3307 τὺ
1879 3251 1957 3317 δὲ,

360 3344 701 3418 πρακτικὸν,
762 3345 857 3398 καὶ
885 3344 946 3398 τὸ
983 3345 1081 3415 μὲν
1125 3345 1462 3416 θεωρητικὸν
1492 3346 1679 3401 ἐκάλει
1716 3344 1875 3399 νοῦν·
1897 3345 1960 3397 τὸ

358 3436 428 3490 δὲ
464 3436 787 3506 πρακτικὸν,
835 3435 993 3503 λόγον
1016 3453 1032 3466 ο
1065 3436 1142 3500 ὡς
1194 3438 1416 3507 πρώτας
1465 3436 1665 3508 δηλαδὴ
1701 3436 1958 3505 δυνάμεις

359 3528 471 3598 τῆς
504 3526 681 3597 ψυχῆς
702 3542 718 3557 '
775 3529 872 3581 καὶ
913 3527 1077 3581 πάλιν
1106 3529 1197 3582 τὸν
1232 3529 1362 3582 νοῦν
1387 3569 1403 3594 ,
1458 3530 1653 3598 σοφίαν
1677 3544 1691 3557 ·
1752 3528 1848 3580 τὸν
1898 3526 1958 3580 δὲ

364 3618 548 3686 λόγον,
594 3618 876 3689 φρόνησιν,
912 3618 988 3682 ὡς
1014 3618 1235 3690 πρώτας
1280 3620 1581 3691 ἐνεργείας.
1641 3616 1958 3683 Διεξοδικῶς

362 3709 430 3762 δὲ
463 3708 644 3773 πάλιν,
678 3708 779 3779 τῆς
821 3709 1003 3780 ψυχῆς
1053 3709 1295 3777 ἔφασκεν
1344 3706 1506 3775 εἶναι,
1552 3710 1697 3765 κατὰ
1754 3710 1853 3780 μὲν
1894 3710 1957 3762 τὸ

370 3799 578 3869 νοερὸν,
608 3800 700 3853 τὸν
727 3799 875 3863 νοῦν,
898 3799 999 3870 τὴν
1023 3799 1236 3869 σοφίαν,
1267 3801 1367 3871 τὴν
1411 3800 1665 3873 θεωρίαν,
1693 3800 1793 3872 τὴν
1811 3800 1957 3869 γνῶ-

371 3906 486 3951 σιν,
510 3890 605 3959 τὴν
663 3892 897 3957 ἄληστον
948 3889 1150 3957 γνῶσιν
1175 3906 1192 3925 ο
1252 3891 1459 3945 τούτων
1521 3891 1579 3945 δὲ
1634 3890 1787 3955 τέλος
1815 3887 1954 3945 εῖναι

360 3981 472 4050 τὴν
505 3979 763 4051 ἀλήθειαν
790 3997 805 4011 ·
854 3972 996 4034 κατὰ
1030 3980 1087 4033 δὲ
1125 3981 1189 4033 τὸ
1231 3981 1471 4051 λογικὸν,
1516 3982 1609 4035 τὸν
1639 3982 1818 4050 λόγον,
1854 3981 1955 4053 τὴν

361 4073 652 4144 φρόνησιν,
719 4071 817 4144 τὴν
868 4073 1092 4144 πρᾶξιν,
1146 4074 1246 4141 τὴν
1302 4073 1545 4145 ἀρετὴν,
1582 4075 1682 4145 τὴν
1726 4074 1953 4127 πίστινο

358 4161 575 4216 τούτων
610 4163 668 4217 δὲ
687 4162 840 4225 τέλος
861 4158 1000 4215 εἶναι
1025 4163 1086 4214 τὸ
1110 4162 1337 4230 ἀγαθόν.
1370 4163 1483 4232 Τὴν
1493 4162 1754 4233 ἀλήθειαν
1775 4163 1831 4215 δὲ
1858 4162 1952 4217 καὶ

359 4253 430 4306 τὸ
456 4252 680 4321 ἀγαθὸν,
707 4254 798 4306 τὸν
813 4254 944 4307 Θεὸν
982 4254 1133 4322 ἔλεγε
1161 4252 1387 4324 δηλοῦν·
1419 4252 1558 4306 ἀλλὰ
1582 4254 1684 4323 τὴν
1715 4254 1793 4323 μὴ
1821 4252 1955 4323 ἀλή-

359 4343 541 4409 θειαν,
564 4344 694 4396 ὅταν
719 4344 786 4396 ὲκ
803 4343 903 4414 τῆς
924 4344 1115 4406 οὐσίας·
1136 4344 1200 4397 τὸ
1228 4343 1384 4396 Θεῖον
1406 4343 1773 4413 σημαίνεσθαι
1788 4342 1942 4415 δοκῇ·

357 4434 574 4488 ἁπλοῦν
624 4433 753 4504 γὰρ,
809 4437 904 4488 καὶ
962 4436 1154 4506 μόνον,
1196 4436 1292 4488 καὶ
1347 4434 1426 4501 ἓν,
1471 4435 1569 4488 καὶ
1595 4435 1813 4501 ταυτὸν,
1855 4437 1953 4489 καὶ

2060 3249 2210 3305 θειω-
2244 3258 2462 3304 actuum
2503 3250 2697 3303 anima:
2737 3247 2881 3317 ﬁnis,
2911 3259 2970 3303 ut
3011 3266 3191 3305 verum
3239 3251 3462 3318 bonum;
3502 3256 3640 3308 vocis

2058 3341 2261 3410 ἀγαθόν
2302 3341 2692 3410 interpretatio.
2723 3371 2795 3380 —
2835 3340 3025 3411 Atque,
3055 3350 3115 3396 ut
3155 3344 3402 3412 apertius
3442 3345 3510 3399 de
3554 3344 3641 3399 his

2057 3433 2272 3502 loquar,
2296 3432 2494 3485 animae
2514 3439 2727 3501 partem
2752 3432 2981 3487 alteram
3008 3432 3227 3488 dicebat
3249 3448 3368 3490 esse
3393 3444 3640 3491 contem-

2057 3524 2243 3595 plandi
2266 3524 2401 3587 vim,
2429 3524 2570 3579 sicut
2599 3524 2808 3579 dictum
2841 3534 2955 3590 est;
2989 3525 3239 3589 alteram,
3262 3526 3373 3580 vim
3396 3526 3592 3596 agendi
3620 3545 3634 3579 :

2056 3629 2123 3670 ac
2179 3614 2402 3684 quidem
2461 3613 2870 3684 contemplandi
2926 3615 3072 3680 vim,
3124 3631 3222 3670 seu
3281 3616 3635 3685 speculandi,

2056 3704 2368 3774 appellabat
2401 3713 2671 3769 mentem;
2712 3706 2823 3757 vim
2863 3712 3050 3759 autem
3090 3704 3312 3775 agendi,
3338 3707 3632 3771 rationem,

2057 3801 2319 3863 tanquam
2363 3793 2576 3849 scilicet
2612 3793 2809 3849 animae
2846 3795 3054 3864 primas
3089 3780 3377 3851 facultates
3418 3814 3432 3850 :
3470 3806 3635 3867 atque

2056 3883 2257 3940 iterum
2302 3892 2565 3949 mentem,
2598 3885 2949 3955 sapientiam;
2994 3887 3266 3941 rationem
3307 3902 3462 3953 vero,
3497 3905 3632 3958 prn-

2055 3974 2332 4038 dentiam,
2372 3976 2527 4029 velut
2572 3976 2782 4046 primas
2825 3976 3197 4046 operationes.
3242 3979 3456 4035 Rursus
3496 3996 3635 4036 vero

2052 4067 2234 4123 fusius
2258 4067 2603 4137 explicando,
2627 4069 2693 4124 ad
2725 4069 2964 4124 animam
2990 4079 3241 4140 spectare
3264 4071 3503 4139 dicebat,
3524 4089 3633 4142 qua

2052 4169 2209 4230 parte
2258 4158 2421 4230 500
2473 4169 2557 4215 est
2606 4160 2941 4232 intelligens,
2978 4170 3245 4228 mentem,
3281 4164 3631 4246 sapientiam,

2052 4252 2602 4321 contemplationem,
2628 4253 2937 4319 scientiam,
2963 4254 3114 4309 nulla
3142 4254 3420 4310 oblivione
3444 4256 3634 4311 delen-

2052 4344 2177 4399 dam
2226 4345 2525 4415 jugemque
2575 4346 2896 4411 scientiam;
2946 4346 3151 4400 horum
3200 4355 3384 4400 autem
3433 4347 3628 4413 ﬁnem,

2050 4447 2174 4487 esse
2215 4434 2509 4487 veritatem
2558 4450 2571 4486 :
2615 4443 2921 4504 quaparte
2965 4445 3149 4490 autem
3190 4445 3275 4490 est
3313 4438 3627 4504 rationalis,

357 4528 596 4598 ἀμερὲς,
614 4530 709 4582 καὶ
738 4527 1024 4600 ἄτρεπτον,
1048 4529 1143 4582 καὶ
1165 4527 1375 4592 ἀπαθὲς
1402 4529 1548 4599 πρᾶγ
1559 4545 1635 4599 μα
1656 4530 1690 4599 ἡ
1723 4529 1950 4598 ἀλήθεια

2059 4523 2342 4586 rationem,
2378 4523 2749 4592 prudentiam,
2781 4525 3076 4589 actionem,
3106 4526 3397 4591 virtutem,
3434 4527 3626 4594 (idem;

356 4620 462 4673 καὶ
486 4619 778 4692 ἀλάθητον,
805 4620 899 4673 καὶ
942 4619 1220 4683 παντελῶς
1259 4619 1579 4675 ἀδιάστατον
1603 4636 1618 4650 °
1650 4620 1712 4674 τὸ
1733 4619 1793 4673 δὲ
1814 4622 1958 4689 ἁγα-

314 4756 317 4757 .
359 4708 481 4775 θὺν,
527 4711 664 4766 ὅταν
712 4713 780 4766 ἐκ
818 4712 918 4781 τῆς
979 4712 1281 4782 ἐνεργείας.
1339 4710 1703 4783 Εὗεργετικδν
1756 4712 1866 4783 γὰρ
1895 4712 1959 4766 τὸ

357 4800 570 4870 ἀγαθὸν
588 4844 604 4871 ,
648 4804 746 4857 καὶ
781 4803 1145 4872 προνοητικὸν
1194 4801 1304 4856 τῶν
1366 4802 1426 4868 ἐξ
1486 4801 1654 4856 αὑτοῦ
1713 4803 1956 4868 πάντων,

356 4894 461 4947 καὶ
504 4895 874 4966 φρουρητικόν
903 4912 917 4925 ·
968 4894 1078 4949 ἀπὸ
1128 4895 1223 4948 τοῦ
1271 4896 1427 4965 ἄγαν
1450 4896 1496 4929 ⁸⁸
1515 4891 1691 4959 εἶναι,
1723 4894 1959 4965 ἢτεθεῒ-

358 4987 525 5050 σθαι,
567 4987 601 5058 ἢ
654 4988 827 5043 θέσιν
847 4989 912 5051 ¹⁹,
967 4990 1108 5042 κατὰ
1161 4987 1259 5059 τὴν
1306 4987 1415 5040 τῶν
1475 4986 1948 5057 ὲτυμολογούντων

356 5077 542 5146 δόξαν.
577 5080 714 5134 πᾶσι
770 5082 887 5144 τοῖς
934 5077 1054 5134 οὖσι
1094 5078 1189 5133 τοῦ
1230 5074 1371 5132 εῖναι
1394 5078 1490 5132 καὶ
1527 5079 1807 5150 διαμένειν
1844 5078 1948 5165 .xa).

358 5170 632 5225 κινεῖσθαι
657 5172 974 5242 χαριστικόν
997 5171 1064 5226 ’⁸.

2053 4614 2253 4668 horum
2291 4628 2427 4668 vero
2465 4614 2693 4680 bonum,
2723 4630 2844 4671 esse
2888 4616 3073 4670 linem.
3107 4617 3281 4672 Porro
3317 4618 3629 4685 veritatem,

2052 4705 2402 4775 bonumque,
2447 4707 2621 4762 Deum
2671 4706 2856 4762 aiebat
2901 4706 3245 4779 signiﬁcare;
3292 4709 3399 4766 hoc
3446 4720 3631 4767 tamen

2053 4796 2394 4864 discrimine,
2420 4806 2483 4853 ut
2509 4808 2624 4852 tum
2650 4798 2875 4868 quidem
2900 4800 3110 4856 veritas
3132 4802 3307 4857 Deum
3334 4801 3629 4873 signiticet,

2055 4903 2181 4944 eum
2208 4889 2254 4944 is
2277 4903 2345 4944 ex
2373 4889 2611 4945 essentia
2635 4889 2914 4962 designari
2936 4891 3162 4948 videtur
3187 4895 3296 4968 (est
3317 4893 3465 4950 enim
3484 4893 3635 4949 veri-

2054 4988 2138 5035 tas
2178 4980 2310 5050 quid
2353 4981 2588 5050 simplex
2623 4997 2688 5036 ac
2727 4983 3028 5053 singulare,
3059 5000 3344 5055 unumque
3380 5001 3445 5041 ac
3486 4987 3631 5040 idem

2054 5075 2201 5143 quod
2240 5074 2609 5141 indivisibile,
2644 5076 3020 5143 immutabile,
3054 5064 3392 5147 impatibile,
3424 5078 3627 5133 indele-

2055 5165 2169 5245 bile
2201 5165 2293 5229 sit,
2321 5166 2596 5245 nullisque
2619 5166 2849 5220 omnino
2878 5167 3184 5223 intervallis
3212 5177 3306 5223 aut
3328 5168 3626 5224 dimensio-

359 5266 532 5324 nibus
560 5268 799 5340 disjungi
830 5268 1050 5340 possit),
1079 5268 1287 5322 bonum
1317 5274 1524 5327 autem,
1588 5279 1715 5320 eum
1784 5279 1853 5318 ex
1919 5263 2266 5332 operatione.
2329 5261 2541 5316 Bonum
2580 5263 2729 5316 enim
2765 5262 3034 5333 ejusmodi
3070 5272 3175 5330 est,
3202 5272 3263 5317 ut
3299 5263 3626 5328 benefaciat,

355 5372 531 5434 atque
561 5365 630 5420 iis
659 5381 781 5436 quae
803 5381 870 5420 ex
932 5365 1052 5434 ipso
1079 5373 1207 5418 sunt
1271 5360 1593 5432 prospiciat,
1619 5367 2022 5428 conservetque
2054 5372 2120 5413 ea
2159 5373 2222 5413 ac
2267 5365 2523 5423 tueatur;
2564 5358 2696 5413 hinc
2730 5357 2936 5414 Grecis
2974 5360 3183 5414 dictum
3222 5360 3445 5427 ἀγαθὸν,
3480 5364 3628 5432 quod

356 5464 450 5512 est
476 5457 614 5528 ἄγαν
661 5454 822 5523 εἶναι,
856 5457 891 5529 ἢ
922 5455 1216 5529 τεθεῖσθαι,
1249 5454 1283 5525 ἦ
1319 5453 1483 5507 θέειν·
1519 5466 1623 5507 nos
1665 5450 1947 5514 dicamus,

2059 5449 2141 5504 Ide
2178 5464 2323 5515 esse,
2355 5450 2443 5505 vel
2506 5449 2673 5504 ﬁxum
2745 5466 2889 5514 esse,
2921 5452 3010 5506 vel
3048 5465 3272 5507 currere
3313 5454 3395 5524 (ut
3428 5453 3465 5507 ii
3503 5455 3622 5526 opi-

1722 5563 1811 5619 VA
1822 5560 1958 5616 ΒΙΑΞ
1997 5561 2410 5618 LECTIONES.

438 5670 483 5702 ¹⁶
517 5664 946 5739 διαφυλάττοιο.
1107 5662 1161 5739 _”
1194 5660 1594 5739 atstmppévw;
1617 5674 1667 5713 c.
1700 5657 1768 5739 ᾼ,
1849 5657 2033 5739 *θ’-καὶ.
2064 5657 2144 5727 τῷ
2167 5659 2327 5739 ,ἄγαν
2358 5673 2389 5711 c
2413 5658 2477 5710 Α.
2524 5667 2580 5712 et
2623 5658 2712 5739 Fr.
2789 5658 2834 5739 ξς
2866 5656 3009 5739 θέειγ
3039 5672 3095 5712 ο.
3276 5657 3323 5689 ’⁸
3348 5657 3439 5739 Fr.
3471 5657 3628 5712 Ἔστι

355 5738 475 5810 γὰρ
496 5740 592 5791 καὶ
611 5726 674 5790 ἑῦ
706 5738 822 5810 ἐστι
854 5737 947 5788 καὶ
980 5733 1067 5810 ἀεί
1104 5735 1250 5810 ἐστιν
1300 5726 1641 5810 ὤν’-πάντων
1666 5731 1799 5781 πᾶσι
1832 5731 1945 5793 τοῖς
1975 5726 2129 5782 οὖσιν
2159 5728 2385 5798 ὑπάρχει
2409 5727 2747 5798 χαριστικόν.
2784 5726 2876 5782 Est
2900 5729 3060 5795 enim,
3087 5737 3162 5783 est
3190 5727 3318 5782 bene
3353 5734 3402 5781 et
3422 5744 3629 5799 semper

356 5801 464 5877 ἐστ,
501 5823 618 5879 qua:
646 5807 825 5862 omnia
855 5805 1056 5859 cunctis
1092 5802 1242 5855 rebus
1272 5801 1492 5872 praebet.
