4094 6394
503 365 612 429 675

1669 359 1729 418 S.
1773 354 2059 416 ΜΛΧΙΜΙ
2097 353 2608 414 CONFESSORIS

3663 356 3786 422 576

510 487 714 531 nantur
757 476 866 546 qui.
899 489 1084 529 veram
1164 471 1451 528 nominum
1501 471 1769 524 rationem
1815 465 2126 535 inquirunt,
2200 463 2282 517 sic
2329 480 2528 535 nempe
2573 475 2974 538 comparatum,
3011 476 3070 522 ut
3112 469 3280 524 rebus
3323 469 3582 526 omnibus
3621 486 3778 538 esse,

507 570 811 626 consistere
839 583 904 622 ac
929 567 1139 622 moveri
1172 565 1398 621 tribuat.

580 659 806 716 Animw.
837 657 1036 728 Deique
1067 655 1485 726 conjugationes.
1515 651 1683 706 Decus
1715 649 1936 720 mystica
1970 645 2080 714 spi-

2257 645 2369 708 Τὰς
2394 641 2487 699 οὖν
2518 648 2648 716 περὶ
2681 649 2780 718 τὴν
2805 647 2982 719 ψυχὴν
3003 650 3298 718 νοουμένας
3329 654 3488 706 πέντε
3509 652 3784 723 συζυγίας

431 815 444 821 _
511 752 683 808 ritalis
711 749 976 821 psalterii.
1003 747 1234 814 —Quas
1263 760 1395 815 ergo
1427 744 1481 798 in
1511 743 1695 798 anima
1725 738 2085 810 intelligimus

505 844 752 913 quinque
802 841 1242 912 conjugationes,
1287 837 1436 892 circa
1481 834 1697 889 unicam
1743 831 1923 895 illam,
1964 843 2086 917 qua:

509 936 681 989 Deum
717 933 1012 1004 signiﬁcat,
1039 930 1250 987 versari
1284 928 1493 984 ’aiebat.
1519 924 1950 996 Conjugationes
1983 938 2084 976 au-

403 1077 410 1082 .
510 1036 621 1081 tem
665 1027 720 1080 in
763 1025 1184 1094 praesentiarum
1223 1037 1382 1086 voco,
1419 1031 1660 1076 mentem
1698 1027 1754 1073 et
1792 1018 2084 1080 rationem,

498 1111 836 1184 sapientiam
899 1122 954 1168 et
1011 1112 1401 1182 prudentiam,
1454 1107 1975 1178 contemplationem
2031 1111 2088 1160 et

508 1207 804 1267 actionem,
841 1205 1127 1259 scientiam
1171 1212 1228 1258 et
1267 1203 1554 1266 virtutem,
1589 1199 1876 1256 scientiam
1921 1211 2087 1268 quam

509 1297 660 1350 nulla
727 1295 1113 1350 inobscurabit
1163 1293 1372 1347 oblivio
1432 1293 1728 1363 jugemque
1784 1299 1840 1345 et
1898 1288 2083 1344 ﬁdem.

506 1389 966 1459 Conjugationem
999 1395 1183 1441 autem
1210 1402 1332 1455 qum
1357 1386 1528 1439 Deum
1559 1383 1851 1454 signiﬁcet,
1879 1382 2086 1436 verita-

511 1490 620 1534 tem
651 1495 715 1534 ac
750 1480 986 1544 bonum;
1023 1477 1228 1547 quibus
1259 1477 1390 1531 dum
1423 1475 1604 1528 anima
1636 1490 1932 1545 progressu
1965 1491 2088 1530 mo-

513 1578 694 1635 vetur,
729 1571 1114 1627 universorum
1155 1571 1266 1624 Deo
1307 1568 1528 1632 unitur;
1571 1582 1693 1636 qua:
1731 1582 1830 1636 per
1870 1566 2088 1622 ﬁrmum

486 1662 754 1727 scilicet,
783 1678 847 1716 ac
891 1662 1178 1722 stabilem,
1224 1659 1674 1728 immobilemque
1720 1659 1776 1712 in
1829 1675 1896 1714 eo
1939 1659 2088 1728 quod

509 1754 805 1810 honestum
867 1755 971 1818 sit,
1027 1753 1215 1808 liberae
1272 1751 1573 1806 voluntatis
1630 1751 1916 1816 habitum,
1971 1753 2092 1822 ejus

506 1847 761 1901 essentia:
788 1862 853 1900 ac
880 1846 1222 1916 operationis
1255 1844 1760 1899 immutabilitatcm
1789 1861 1853 1900 ac
1877 1844 2090 1900 beneﬁ-

509 1938 746 1994 centiam
797 1939 1062 1992 imitetur.
1103 1938 1188 2002 Et,
1255 1947 1314 1991 ut
1355 1936 1551 1990 borum
1595 1937 1849 2007 exiguam
1894 1952 2090 2008 quam-

509 2029 658 2094 dam,
693 2027 1040 2082 commodam
1081 2035 1261 2081 tamen
1296 2026 1740 2083 observationem
1776 2028 2036 2083 misceam
2075 2046 2088 2082 :

510 2120 629 2175 haec
657 2115 888 2175 fortasse
917 2129 1009 2193 est.
1029 2119 1343 2180 divinarum
1375 2119 1708 2173 chordarum
1737 2111 2088 2191 decas,'ejus,

511 2211 662 2280 quod
688 2220 870 2264 mente
903 2211 1250 2280 intelligitur,
1275 2209 1523 2280 psalterii
1549 2210 1744 2264 animai
1767 2212 1793 2250 κ
1821 2211 2091 2266 rationem

512 2301 726 2356 habens
755 2301 975 2372 spiritui
1007 2301 1352 2356 insonantem
1379 2317 1478 2371 per
1503 2301 1664 2356 aliam
1695 2302 1910 2357 beatam
1939 2319 2096 2359 man-

511 2393 768 2449 datorum
812 2393 1107 2457 decadem,
1145 2393 1530 2464 perfectosque
1575 2405 1740 2464 atque
1788 2397 2092 2450 concinnos

511 2499 577 2536 ac
609 2498 935 2537 numerosos
967 2498 1152 2544 sonos,
1181 2483 1384 2552 quibus
1410 2485 1556 2539 Deus
1585 2485 1862 2551 laudatur,
1891 2487 2093 2542 intelli-

510 2572 662 2641 gibili
700 2579 972 2625 concentu
1009 2571 1208 2637 edens;
1248 2580 1307 2626 ut
1339 2571 1554 2626 scilicet
1583 2588 1707 2643 ego,
1735 2574 2094 2642 quaenam-sit

509 2665 632 2734 ejus
665 2663 889 2718 decadis
925 2661 1087 2727 ratio,
1123 2679 1247 2732 quae
1284 2663 1452 2728 canit,
1485 2671 1543 2716 et
1571 2680 1694 2734 qua:
1731 2666 1970 2729 canitur,
2005 2665 2091 2720 in-

511 2742 782 2826 telligam;
827 2764 994 2825 atque
1033 2763 1096 2810 ut
1131 2755 1298 2809 decas
1335 2755 1531 2809 decadi
1571 2757 1800 2828 mystice
1838 2758 1990 2812 unita
2029 2773 2093 2812 ac

508 2849 786 2917 copulata,
817 2847 1003 2903 Jesum
1045 2847 1270 2918 quidem
1304 2849 1478 2902 Deum
1516 2863 1700 2903 meum
1739 2864 1805 2903 ac
1841 2848 2086 2904 Salvato-

509 2953 649 3003 rem,
673 2954 772 3008 per
792 2953 884 3009 me
909 2937 1006 3008 qui
1032 2938 1224 2993 salutis
1252 2954 1454 2992 munus
1483 2953 1814 3008 consequar,
1843 2939 2091 3008 comple-

511 3040 652 3096 tum,
683 3029 752 3083 ad
788 3044 847 3084 se
881 3029 1132 3092 reducat,
1163 3045 1382 3100 semper
1414 3030 1817 3100 plenissimum,
1849 3045 1954 3085 nec
1986 3047 2091 3084 un-

511 3134 674 3189 quam
701 3120 973 3174 valentem
1009 3119 1164 3190 501
1193 3120 1492 3182 excedere;
1527 3137 1614 3176 me
1640 3137 1778 3176 vero
1809 3122 2092 3177 hominem

513 3211 842 3266 mirabiliter
873 3211 1232 3281 mihimetipsi
1265 3204 1554 3276 restituat;
1596 3211 1706 3266 imo
1739 3213 1923 3282 potius
1954 3213 2090 3280 Deo,

491 3275 603 3356 ⁶(ξυὶ
635 3301 686 3356 id
711 3301 858 3371 quod
887 3317 1009 3356 sum
1035 3275 1320 3370 acceptum
1346 3303 1481 3366 i‘ero,
1507 3275 1563 3356 et
1583 3303 1652 3356 ad
1677 3275 1840 3372 quem
1869 3275 2088 3370 festino,
2118 3331 2161 3389 ο

513 3401 576 3446 ιιι
608 3389 898 3446 beatitudo
933 3389 1063 3444 olim
1096 3390 1410 3446 desiderata
1441 3391 1663 3446 demum
1697 3405 2088 3464 consequatur.

511 3482 646 3538 Eam
677 3498 791 3537 rem
820 3483 908 3538 cui
937 3498 1102 3538 nosse
1127 3499 1451 3538 concessum
1485 3491 1592 3549 est,
1624 3501 1692 3540 eo
1721 3488 1867 3555 quod
1898 3503 2090 3542 eorum

512 3591 635 3645 quae
672 3575 934 3630 dicuntur
972 3575 1280 3646 periculum
1319 3573 1532 3638 iecerit,
1561 3575 1790 3630 omnino
1829 3577 2091 3648 ipsajam

511 3666 800 3738 perspicue
839 3667 1074 3722 edoctus
1111 3666 1471 3736 experientia,
1502 3680 1657 3720 suam
1699 3667 1874 3737 ipsius
1909 3668 2092 3739 digni-

514 3766 678 3812 tatem
714 3758 1002 3829 intelliget,
1026 3773 1134 3828 qua
1167 3757 1430 3812 nimirum
1469 3758 1703 3824 ratione,
1739 3759 1793 3812 id
1826 3761 1972 3829 quod
2007 3770 2092 3816 est

509 3849 580 3904 ad
613 3850 928 3921 imaginem,
962 3849 1181 3920 imagini
1217 3849 1508 3914 reddatur;
1542 3850 1821 3918 quomodo
1855 3851 2090 3922 principi

511 3940 703 3996 formae
735 3941 912 3995 honor
938 3941 1234 4004 habeatur;
1266 3952 1515 4009 quaenam
1545 3939 1616 3992 sit
1638 3939 1817 3994 virtus
1842 3943 2091 4010 mysterii

2189 735 2317 806 περὶ
2366 737 2463 808 τὴν
2512 737 2641 806 μίαν
2688 738 2790 810 τὴν
2845 739 2937 792 τοῦ
2969 739 3102 792 Θεοῦ
3136 741 3475 812 σημαντικὴν
3512 743 3783 814 συζυγίαν

2187 827 2343 896 ἔλεγε
2363 829 2810 897 καταγίγνεσθαι.
2841 831 3112 899 Συζυγίαν
3137 831 3194 885 δέ
3232 851 3373 904 φημι
3405 833 3501 889 νῦν
3525 836 3616 890 τὸν
3647 837 3782 892 νοῦν

2187 918 2400 972 καὶτὸν
2425 920 2617 988 λόγον·
2661 921 2760 993 τὴν
2796 922 2992 991 σοφίαν
3035 925 3132 977 καὶ
3180 925 3281 995 τὴν
3323 927 3624 998 φρόνησιν’
3672 927 3782 1000 τὴν

2190 1008 2424 1080 θεωρίαν
2465 1012 2561 1064 καὶ
2579 1012 2678 1082 τὴν
2703 1013 2920 1082 πρᾶξιν·
2943 1012 3042 1085 τὴν
3061 1014 3260 1082 γνῶσιν
3284 1017 3379 1069 καὶ
3410 1017 3510 1088 τὴν
3536 1017 3741 1090 ἀρετήν
3757 1034 3776 1051 ·

2187 1101 2288 1172 τὴν
2327 1103 2558 1174 ᾶληστον
2620 1105 2823 1173 γνῶσιν
2879 1105 2976 1159 καὶ
3028 1106 3126 1175 τὴν
3183 1107 3389 1162 πίστιν.
3444 1110 3555 1180 Τὴν
3599 1110 3655 1164 δέ
3676 1110 3780 1165 τοῦ

2190 1193 2336 1247 θείου
2387 1196 2754 1268 σημαντικὴν,
2796 1196 2896 1268 τὴν
2919 1197 3181 1268 ἀλήθειαν
3207 1201 3384 1254 καὶτὸ
3414 1202 3620 1269 ἀγαθόν
3645 1221 3660 1236 ο
3687 1197 3781 1268 αἷς

2189 1283 2332 1337 κατὰ
2356 1285 2584 1356 πρόοδον
2634 1288 2667 1356 ἡ
2695 1286 2844 1358 ψυχὴ
2884 1288 3198 1358 κινουμένη,
3239 1289 3317 1358 τῷ
3344 1289 3463 1360 Θεῷ
3492 1291 3602 1346 τῶν
3636 1293 3782 1350 ὅλων

2192 1373 2431 1434 ἑνοῦται,
2461 1376 2776 1447 μιμουμένη
2828 1377 2995 1430 αὑτοῦ
3018 1379 3117 1447 τῆς
3149 1379 3336 1444 οὐσίας
3364 1382 3458 1434 καὶ
3490 1383 3588 1452 τῆς
3616 1385 3780 1451 ἐνερ-

2189 1467 2348 1535 γείας
2381 1466 2442 1520 τὸ
2484 1467 2753 1537 ἄτρεπτον
2781 1469 3414 1540 κα“ιοεὺεργετικδν,.διὰ
3451 1470 3552 1540 τῆς
3598 1473 3655 1524 ἐν
3699 1469 3780 1541 τῷ

2191 1557 2344 1628 καλῷ
2397 1558 2602 1626 παγίας
2653 1559 2746 1612 καὶ
2787 1559 3122 1628 ἀμεταθέτου
3146 1562 3287 1614 κατὰ
3328 1561 3426 1633 τὴν
3459 1563 3780 1634 προαίρεσιν

2191 1648 2380 1716 ἕξεως.
2431 1651 2563 1714 Καὶ,
2596 1651 2682 1704 ἵνα
2713 1651 2916 1704 τούτων
2944 1652 2986 1682 ’ί
3018 1652 3215 1723 μικρόν
3232 1669 3282 1706 τι
3345 1654 3484 1724 μίξω
3511 1653 3782 1724 θεώρημα

2195 1741 2525 1814 πρόσφορον,
2545 1744 2686 1812 τάχα
2714 1742 2854 1812 αῦτη
2879 1742 3072 1812 ἐστὶνή
3097 1743 3215 1796 θεία
3247 1743 3415 1808 δεκὰς
3441 1744 3550 1797 τῶν
3569 1745 3782 1814 χορδῶν

2191 1833 2288 1886 τοῦ
2313 1835 2453 1888 κατὰ
2487 1835 2662 1906 ψυχὴν
2687 1833 2879 1904 νοητοῦ
2909 1833 3214 1906 ψαλτηρίου
3236 1853 3249 1866 ·
3279 1837 3312 1905 ή
3351 1836 3441 1890 τὸν
3479 1836 3638 1904 λόγον
3676 1838 3782 1888 ὐπ-

2199 1925 2436 1997 ηχοῦντα
2465 1925 2545 1995 τῷ
2563 1924 2858 1995 πνεύματι,
2881 1925 2972 1980 διὰ
2988 1927 3087 1995 τῆς
3112 1909 3278 1997 ἄλλης
3293 1927 3402 1980 τῶν
3421 1927 3654 1980 ἐντολῶν
3677 1944 3784 1996 μα-

2195 2017 2393 2087 καρίας
2421 2017 2643 2080 δεκάδος
2675 2016 2894 2088 ἔχουσα,
2921 2017 3015 2071 καὶ
3039 2019 3168 2080 τοὺς
3207 2018 3440 2080 ἐντελεῖς
3467 2035 3527 2070 τε
3555 2019 3651 2072 καὶ
3680 2019 3784 2090 ἀρ·-

2197 2108 2438 2178 μονίους,
2461 2107 2585 2172 τοὺς
2609 2106 2868 2178 ἐμμελεῖς
2895 2107 3104 2177 νοητῶς
3127 2107 3465 2161 ἀποτελοῦσα
3485 2107 3778 2178 φθόγγους,

2192 2202 2260 2255 δι’
2288 2195 2363 2256 ὧν
2392 2203 2642 2274 ὑμνεῖται
2668 2205 2696 2255 ό
2717 2201 2850 2264 Θεός
2869 2218 2882 2232 ·
2909 2201 2974 2254 ἶν’
3001 2199 3112 2270 ἐγὼ
3134 2201 3309 2271 μάθω,
3341 2200 3425 2264 τίς
3446 2201 3474 2253 ό
3496 2201 3597 2269 τῆς
3625 2201 3784 2270 ᾀδού-

2194 2311 2314 2366 σης,
2358 2294 2576 2364 καὶτῆς
2615 2295 2883 2365 ᾁδομένης
2933 2293 3155 2357 δεκάδος
3207 2295 3238 2346 ό
3278 2292 3460 2360 λόγος·
3525 2293 3618 2344 καὶ
3663 2293 3780 2354 πῶς

2191 2386 2375 2440 δεκάδι
2416 2386 2580 2450 δεκὰς
2625 2383 2904 2457 μυστικῶς
2954 2385 3218 2456 ἐνουμένη
3265 2403 3324 2438 τε
3371 2385 3466 2438 καὶ
3514 2401 3782 2437 συναπτο-

2196 2479 2354 2548 μένη,
2413 2478 2620 2548 Ἰησοῦν
2657 2479 2756 2548 μὲν
2797 2478 2890 2531 τὸν
2930 2477 3062 2546 ἐμὸν
3093 2477 3224 2531 Θεὸν
3267 2476 3362 2530 καὶ
3387 2475 3616 2546 Σωτῆρα
3641 2492 3780 2538 συμ-

2196 2570 2550 2641 πληρωθέντα
2569 2571 2638 2624 δι’
2665 2570 2804 2639 ἐμοῦ
2832 2569 3160 2639 σωζομένου,
3201 2552 3337 2640 πρὸς
3368 2570 3560 2623 ἑαυτὸν
3607 2570 3775 2622 ἐπαν-

2193 2661 2317 2730 άγει
2353 2661 2442 2714 τὸν
2477 2663 2560 2716 ἀεὶ
2586 2661 2981 2731 τεληρέστατον,
3037 2663 3132 2716 καὶ
3162 2661 3434 2732 μηδέποτε
3465 2661 3662 2716 ἑαυτοῦ
3680 2663 3773 2716 ὲκ·-

2195 2755 2386 2824 στῆναι
2421 2754 2752 2822 δυνάμενον·
2777 2753 2876 2824 ἐμὲ
2915 2755 2972 2808 δέ
3011 2754 3101 2807 τὸν
3126 2754 3414 2824 ἄνθρωπον
3454 2754 3780 2825 θαυμαστῶς

2193 2832 2374 2911 ἐαυτῷ
2393 2843 2826 2913 ἀποκαθίστησι·
2853 2843 3054 2914 μᾶλλον
3075 2844 3132 2897 δὲ
3165 2844 3304 2914 Θεῷ,
3335 2847 3462 2916 παρ’
3485 2839 3546 2898 οὗ
3571 2848 3630 2901 τὸ
3642 2830 3798 2903 εἶναι⁸

2192 2935 2374 2989 λαϐὼν
2406 2937 2533 3006 ἔχω,
2579 2937 2674 2989 καὶ
2700 2937 2838 3002 πρὸς
2879 2935 2940 2988 ὃν
2972 2936 3286 3006 ἐπείγομαι,
3323 2937 3606 3008 πόρρωθεν
3635 2937 3694 2992 τὸ
3719 2934 3778 2991 εὖ

2192 3023 2331 3082 εἶναι
2359 3026 2686 3099 προσλαϐεῖν
2711 3027 3016 3097 ἐφιέμενος.
3040 3027 3220 3097 Ὅπερ
3242 3029 3270 3080 ὁ
3287 3027 3490 3095 γνῶναι
3509 3027 3774 3098 δυνηθεὶς,

2193 3125 2258 3178 ἐκ
2283 3123 2390 3177 ,τοῦ
2425 3123 2620 3177 παθεῖν
2661 3123 2730 3176 τὰ
2762 3121 3052 3192 λεγόμενα,
3102 3123 3308 3175 εἵσεται
3342 3122 3558 3187 πάντως
3581 3126 3781 3195 γνωρί-

2195 3230 2292 3278 σας
2322 3213 2424 3284 ῆδη
2451 3213 2594 3268 κατὰ
2611 3213 2710 3284 τὴν
2732 3215 2926 3284 πεῖραν
2941 3213 3189 3283 ἐναργῶς
3207 3212 3268 3266 τὸ
3293 3214 3494 3267 οἰκεῖον
3523 3214 3742 3285 ἀξίωμα
3763 3233 3777 3246 ο

2194 3303 2312 3366 πῶς
2348 3302 2657 3356 ἀποδίδοται
2715 3304 2782 3373 τῇ
2838 3301 3010 3354 εικόνι
3063 3301 3126 3354 τὸ
3170 3301 3292 3355 κατ’
3337 3301 3524 3355 εἰκόνα
3551 3303 3594 3333 ’⁸
3621 3317 3636 3332 ’
3667 3303 3781 3366 πῶς

2193 3393 2418 3462 τιμᾶται
2457 3390 2518 3443 τὸ
2544 3391 2849 3460 ἀρχέτυπον
2869 3406 2883 3420 ·
2919 3389 3005 3452 τίς
3037 3389 3131 3443 τοῦ
3162 3391 3466 3462 μυστηρίου
3496 3391 3598 3460 τῆς
3627 3391 3782 3464 ήμῷν

2196 3483 2472 3556 σωτηρίας
2518 3481 2844 3554 ήῖδύναμις.
2886 3481 2979 3536 καὶ
3024 3482 3164 3554 ὑπὲρ
3208 3483 3352 3546 τίνος
3397 3483 3631 3554 Χριστὸς
3680 3483 3783 3536 ἀπ-

2195 3576 2356 3630 έθανε
2379 3590 2393 3604 °
2449 3573 2566 3636 πῶς
2601 3591 2660 3626 τε
2678 3573 2840 3627 πάλιν
2865 3575 2925 3626 ἐν
2948 3573 3097 3643 αὐτῷ
3129 3575 3313 3642 μεῖναι
3359 3573 3661 3645 δυνάμεθα,
3691 3575 3783 3627 καὶ

2195 3669 2361 3732 αὐτὸς
2390 3671 2448 3721 ἐν
2489 3669 2642 3738 ἡμῖν,
2691 3665 2873 3730 καθὼς
2913 3661 3068 3720 εἴπεο
3097 3667 3193 3720 καὶ
3229 3665 3345 3730 πῶς
3383 3666 3584 3720 Ἐστίν
3603 3667 3783 3732 εὐθὺς

2196 3762 2228 3813 ὁ
2265 3759 2447 3826 λόγος
2497 3757 2604 3810 τοῦ
2635 3759 2876 3824 Κιιρίου,
2925 3757 3023 3810 καί
3057 3756 3256 3810 πάντα
3287 3757 3360 3811 τὰ
3399 3757 3544 3827 ἔργα
3597 3757 3780 3812 αὐτοῦ

2194 3851 2265 3902 ἐν
2290 3850 2511 3904 πίστει.
2557 3847 2698 3900 Ἀλλ’
2743 3847 3109 3919 ἐπανάγωμεν
3146 3848 3284 3918 πρὸς
3327 3849 3419 3902 τὸν
3457 3847 3650 3920 εἱρμὸν
3686 3846 3780 3902 τοῦ

2197 3943 2356 4010 λόγου
2410 3940 2500 3994 τὸν
2530 3940 2708 4008 λόγον,
2759 3941 2970 4004 τούτοις
3015 3941 3374 4013 περὶτούτων
3399 3941 3776 4013 ἀρκεσθέντες,

513 4036 718 4083 nostra:
760 4027 983 4091 salutis,
1021 4042 1085 4080 ac
1129 4027 1290 4094 cujus
1327 4025 1502 4096 gratia
1541 4024 1822 4101 Christus.
1845 4038 2098 4085 mortuus
2134 4030 2208 4086 sit
2236 4048 2250 4084 :
2277 4045 2388 4100 quo
2415 4029 2544 4083 item
2570 4045 2763 4085 rursus
2787 4030 2952 4085 modo
2983 4031 3039 4084 iu
3101 4045 3170 4085 eo
3235 4046 3458 4086 manere
3484 4032 3782 4101 possimus,

513 4129 569 4174 et
604 4117 720 4188 ipse
767 4116 821 4170 in
862 4115 1024 4170 nobis
1061 4113 1130 4187 .1,
1202 4116 1665 4184 quemadmodum
1709 4117 1876 4184 dixit;
1923 4135 1987 4174 ac
2027 4122 2306 4192 quomodo
2351 4121 2569 4176 Rectum
2629 4122 2697 4175 sit
2743 4123 2960 4177 verbum
2997 4123 3242 4188 Domini,
3277 4131 3329 4176 et
3390 4124 3570 4178 omnia
3620 4139 3778 4196 opera

507 4211 628 4282 ’ejus
672 4211 730 4264 in
765 4208 870 4278 ﬁde
892 4218 952 4262 ιη.
986 4209 1191 4263 Verum
1237 4208 1306 4262 ad
1345 4209 1615 4264 orationis
1653 4209 1854 4264 seriem
1902 4214 2102 4284 stylum
2142 4214 2497 4278 reducamus,
2528 4221 2693 4282 atque
2719 4213 2836 4269 haec
2861 4213 3131 4268 hactenus
3155 4212 3302 4268 dicta
3346 4213 3479 4268 sint.

589 4302 816 4358 Dicebat
851 4301 1000 4356 enim
1032 4310 1274 4376 mentem
1306 4301 1578 4372 sapientia
1611 4310 1819 4356 motam
1851 4303 1919 4358 ad
1966 4321 2101 4360 con—

2273 4307 2375 4360 Τὸν
2405 4305 2512 4374 γὰρ
2544 4303 2670 4357 νοῦν
2714 4304 2802 4358 διὰ
2831 4304 2932 4374 τῆς
2965 4303 3157 4373 σοφίας
3184 4303 3391 4374 ἔφασκε
3433 4303 3774 4373 κινούμενον,

517 4395 932 4464 templationem
976 4383 1199 4459 venire;
1240 4392 1747 4462 ,contemplatione
1796 4395 2001 4461 media,
2031 4396 2092 4451 ad

2200 4397 2282 4462 εἰς
2315 4394 2548 4465 θεωρίαν
2591 4394 2727 4448 ίέναι
2749 4409 2763 4424 ·
2796 4394 2883 4449 διὰ
2926 4395 2982 4448 δὲ
3015 4393 3116 4463 τῆς
3146 4393 3402 4465 θεωρίας,
3435 4396 3515 4457 είς
3543 4395 3742 4461 γνῶσιν
3763 4411 3776 4425 ·

512 4487 800 4543 scientiam
826 4502 840 4549 ;
875 4485 973 4556 per
997 4484 1311 4548 scientiam,
1373 4485 1440 4538 ad
1463 4500 1584 4538 eam
1611 4487 1902 4540 scientiam
1936 4503 2092 4558 quam

2199 4492 2290 4546 διὰ
2316 4491 2372 4545 δὲ
2399 4491 2495 4560 τῆς
2525 4487 2800 4558 γνώσεως,
2843 4491 2925 4551 εἰς
2951 4489 3050 4560 τὴν
3078 4489 3313 4560 ᾶληστον
3343 4488 3544 4556 γνῶσιν
3567 4505 3581 4520 ·
3611 4487 3698 4542 διὰ
3723 4489 3778 4543 δὲ

510 4580 662 4633 nulla
695 4578 959 4634 obscuret
987 4579 1198 4634 oblivio
1228 4594 1292 4633 ac
1327 4579 1475 4648 Jugis
1501 4585 1861 4646 perseveret:
1905 4579 2092 4652 hujus-

2201 4583 2300 4654 τῆς
2328 4582 2564 4652 ἀλήστου
2595 4568 2872 4649 γνώσεως,
2911 4581 2992 4644 είς
3033 4581 3132 4650 τὴν
3162 4581 3420 4652 ἀλήθειαν
3440 4597 3452 4608 ·
3491 4581 3621 4650 περὶ
3663 4583 3728 4652 ἣν
3753 4583 3780 4634 ὁ

511 4671 840 4741 cemodique
873 4671 1120 4726 scientiae
1142 4686 1268 4741 ope,
1295 4670 1364 4724 ad
1381 4671 1693 4748 veritatem,
1728 4671 1782 4726 in
1807 4688 1914 4740 qua
1941 4688 2092 4728 mens

2203 4673 2328 4735 νοῦς
2385 4675 2508 4745 ὅρον
2567 4673 2668 4743 τῆς
2715 4675 2981 4744 κινήσεως,
3023 4672 3266 4742 δέχεται,
3297 4675 3780 4746 περιγραφομένης

513 4771 698 4816 motus
749 4760 1046 4815 terminum
1094 4761 1285 4824 habet,
1341 4761 1490 4815 illius
1533 4777 1658 4816 cum
1694 4764 1935 4818 essentia
1984 4773 2100 4818 tum

512 4852 786 4923 potentia,-
837 4852 1143 4921 habituque
1193 4867 1260 4908 ac
1323 4851 1788 4922 operatione'seu
1823 4862 1951 4908 actu
1996 4854 2108 4908 cir-

513 4941 884 5010 cumscriptis.

585 5032 756 5086 Motus
821 5033 965 5086 circa
1026 5031 1194 5087 Deum
1232 5035 1500 5104 perennis,
1563 5040 1613 5086 et
1675 5035 2006 5088 terminatus.
2035 5060 2106 5071 ——

445 5156 454 5200 ε
589 5123 816 5177 Dicebat
839 5123 988 5178 enim
1013 5124 1338 5194 sapientiam
1370 5139 1493 5178 esse
1516 5123 1718 5178 mentis
1749 5124 2092 5188 facultatem,

443 5216 452 5253 -’
517 5229 614 5268 seu
658 5214 985 5284 potentiam,
1039 5214 1327 5284 ipsamque
1372 5215 1512 5269 adeo
1553 5222 1795 5268 mentem
1837 5213 2092 5283 potentia

515 5306 842 5375 sapientiam
929 5318 1090 5374 e550;
1173 5306 1724 5377 contemplationem,
1796 5305 2096 5370 habitum;

518 5386 827 5464 scientiam,
864 5400 1280 5469 operationem;
1319 5399 1609 5453 scientiam
1648 5398 1795 5464 illam
1814 5397 2002 5468 jugem
2037 5413 2102 5452 ac

591 5557 615 5597 ³(
637 5556 780 5611 Psal.
804 5571 982 5621 cxuu,
1007 5557 1061 5612 9.
1146 5555 1162 5596 1
1187 5537 1347 5612 Joan.
1373 5572 1464 5620 xv,
1491 5555 1543 5610 4.
1622 5562 1661 5590 η’
1684 5554 1828 5610 Psal.
1853 5570 2019 5621 xxxu,
2043 5556 2102 5615 4.

2203 4765 2353 4836 αὐτῷ
2395 4767 2496 4835 τῆς
2541 4781 2600 4817 τε
2644 4765 2833 4827 οὐσίας
2884 4765 2981 4818 καὶ
3026 4764 3128 4834 τῆς
3179 4766 3486 4836 δυνάμεως,
3539 4768 3634 4820 καὶ
3684 4766 3780 4834 τῆς

2203 4858 2374 4925 ’ἐξεως
2407 4857 2631 4928 καὶτῆς
2669 4857 2972 4927 ἐνεργείας.

2273 5034 2386 5089 Νοῦ
2435 5034 2546 5106 γὰρ
2593 5033 2748 5104 ἔλεγε
2796 5033 3025 5104 δΰναμιν
3076 5029 3217 5088 εἶναι
3265 5035 3365 5106 τὴν
3411 5036 3635 5104 σοφίαν,
3691 5034 3782 5086 καὶ

2205 5125 2366 5178 αὐτὸν
2417 5121 2558 5177 εἶναι
2605 5123 2698 5177 τὸν
2748 5123 2872 5176 νοῦν
2916 5121 3146 5192 δυνάμει
3177 5123 3402 5191 σοφίαν’
3432 5121 3529 5191 τὴν
3562 5121 3618 5174 δὲ
3648 5119 3781 5174 θεω-

2209 5215 2352 5286 ρίαν,
2386 5214 2534 5280 ἓξιν·
2581 5214 2680 5282 τὴν
2725 5213 2784 5266 δὲ
2825 5211 3051 5281 γνῶσιν,
3093 5211 3402 5284 ἐνέργειαν’
3437 5211 3536 5282 τὴν
3565 5210 3622 5265 δέ
3653 5209 3782 5279 ἄλη-

2211 5323 2334 5358 στον
2361 5305 2584 5374 γνῶσιν,
2631 5305 2824 5374 σοφίας
2850 5321 2910 5356 τε
2955 5304 3050 5357 καὶ
3080 5301 3314 5374 θεωρίας
3351 5303 3446 5355 καὶ
3491 5299 3745 5369 γνώσεως
3768 5316 3779 5330 ·

2209 5397 2378 5468 ήγουν
2415 5397 2694 5467 δυνάμεως
2719 5397 2814 5450 καὶ
2843 5396 3008 5461 ἕξεως
3039 5397 3134 5448 καὶ
3165 5395 3446 5466 ἐνεργείας
3466 5411 3478 5422 ·
3513 5393 3610 5466 τὴν
3659 5391 3782 5464 περὶ

1811 5691 2049 5747 VAIHIE
2108 5687 2514 5746 LELTIONES.

525 5819 532 5829 ι
589 5789 633 5818 ’τ
658 5786 748 5842 Fr.
777 5786 1006 5850 τούτοις.
1085 5789 1130 5818 ’³
1154 5787 1247 5842 liae
1275 5787 1524 5858 Gregorii
1565 5804 1744 5844 voces.
