4094 6410
408 394 513 457 θ’ἵἿ

1800 398 2195 458 MYSTAGOG
2212 401 2303 458 [Α.

3578 405 3683 468 (778

398 499 460 547 τὸ
484 494 731 562 γνωστὸν
770 491 830 544 τὸ
863 492 1004 562 ὑπὲρ
1032 492 1212 546 πᾶσαν
1246 491 1341 562 τὴν
1369 492 1572 559 γνῶσιν
1604 490 1986 560 ἁκατὲιληκτον

2092 507 2253 557 quam
2294 490 2442 544 rutila
2472 490 2705 543 infuscat
2739 492 2969 558 oblivio,
2998 496 3303 564 sapientiae,
3340 500 3682 567 contempla-

401 587 499 640 καὶ
550 583 778 654 ἔκτικὴν
810 584 1154 655 ἀεικινησίαν
1177 601 1190 613 ·
1222 578 1289 655 ἦς
1326 583 1494 651 πέρας
1534 582 1700 643 ἐστὶν,
1734 581 1809 642 ὡς
1854 580 1988 633 ἁλά-

402 676 569 747 θητον
599 675 866 743 γνωστὸν,
908 676 940 744 ἡ
982 673 1244 744 ἀλήθεια·
1277 673 1305 725 ὃ
1336 673 1433 725 καὶ
1470 671 1773 741 θαυμάζειν
1802 671 1951 736 ἄξιον
1974 685 1989 700 ’

400 769 521 832 πῶς
549 769 611 821 τὸ
645 767 875 838 ἄληστον
905 767 1062 838 λήγει
1104 769 1582 838 περιγραφόμενον
1603 806 1617 829 ,
1673 766 1701 834 ἢ
1748 765 1991 836 δηλονότι

401 860 480 919 ὡς
507 858 629 929 Θεῷ
655 836 735 928 τῇΙ
751 836 981 929 ἀληθεία
1010 836 1451 929 περατούμενον;
1487 855 1619 919 Θεὸς
1651 857 1758 927 γὰρ
1792 858 1828 926 ὴ
1862 856 1994 925 ἀλή-

403 951 550 1015 θεια,
589 951 715 1020 περὶ
749 949 806 1001 ὃν
842 949 1245 1018 ἀκαταλήκτως
1289 966 1349 1001 τε
1391 951 1482 1001 καὶ
1514 949 1766 1017 ἀλήστως
1811 947 1996 1001 κινού·-

407 1058 573 1111 μενος
613 1041 641 1091 ὁ
676 1039 824 1104 νοῦς,
856 1039 1045 1110 λήγειν
1085 1040 1184 1093 οὐκ
1235 1040 1346 1111 ἔχει
1394 1041 1523 1093 ποτὲ
1557 1040 1657 1109 τῆς
1703 1040 1993 1110 κινήσεως,

406 1132 483 1203 μὴ
513 1133 784 1202 εὑρίσκων
817 1132 988 1200 πέρας
1020 1131 1148 1185 ἔνθα
1189 1132 1263 1205 μὴ
1306 1132 1422 1185 ἔστι
1457 1132 1754 1202 διάστημα.
1788 1131 1863 1183 Τὸ
1889 1132 1998 1201 γὰρ

413 1224 730 1293 θαυμαστὸν
780 1223 1011 1293 μέγεθος
1058 1223 1158 1291 τῆς
1189 1223 1342 1287 θείας
1374 1224 1652 1298 ἀπειρίας.
1703 1222 1905 1277 ἄποσόν
1944 1224 1998 1275 τί

399 1316 516 1366 ἐστι
544 1315 639 1366 καὶ⁸
670 1313 878 1383 ἀμερὲς
914 1315 1006 1366 καὶ
1052 1331 1159 1367 παν
1172 1313 1330 1376 εελὼς
1372 1314 1696 1367 ἀδιάστατον
1718 1330 1732 1343 °
1765 1314 1862 1365 καὶ¹
1893 1312 1993 1381 τὴν

398 1403 618 1456 οἱανοῦν
665 1405 800 1473 πρὸς
829 1404 891 1457 τὸ
919 1404 1252 1473 γνωσθῆναι,
1290 1405 1318 1456 ὃ
1345 1404 1398 1456 τί
1425 1405 1555 1457 ποτέ
1584 1406 1703 1457 ἐστι
1746 1405 1866 1456 κατ’
1900 1403 1990 1456 οὐ·

406 1495 554 1556 σίαν,
587 1495 897 1562 φθάνουσαν
926 1497 1088 1549 αὐτὸν
1130 1497 1230 1550 οὐκ
1279 1496 1402 1566 ἔχον
1450 1495 1784 1565 κατάληψιν.
1835 1496 1908 1547 Τὸ
1936 1494 1991 1547 δὲ

407 1588 484 1656 μὴ
515 1587 638 1656 ἔχον
662 1587 993 1658 διάστημαῆ
1027 1587 1334 1658 κατάληψιν
1365 1587 1490 1641 καθ’
1518 1586 1722 1650 ὁτιοῦν,
1753 1586 1851 1638 οὐκ
1874 1584 1990 1637 ἔστι

397 1681 506 1731 τενὶ
536 1681 795 1750 περατόν.

2093 581 2284 645 tionis,
2306 582 2585 646 scientire;
2616 583 2732 638 sive
2762 585 3048 653 potentiae,
3077 587 3300 641 habitus
3334 596 3604 658 actusque
3626 599 3683 643 ct

2090 673 2431 740 operationis
2457 674 2603 728 circa
2638 691 2751 729 rem
2774 677 3106 730 noscendum
3130 679 3280 731 omni
3309 679 3469 749 longe
3504 680 3684 734 scicn-

2094 765 2165 818 tia
2215 765 2583 833 superiorem,
2617 783 2740 836 qua:
2778 784 3061 837 nunquam
3087 768 3323 832 desinat,
3369 786 3436 824 ac
3479 771 3670 824 habitu

2093 856 2189 919 sit,
2221 858 2372 926 jugis
2407 865 2591 911 motus
2630 859 3009 928 agitationem,
3064 861 3224 930 cujus
3254 843 3548 922 terminus,
3585 878 3681 916 ve~

2096 947 2234 1001 ritas
2262 956 2368 1011 est,
2415 960 2678 1017 tanquam
2731 967 2853 1018 qua:
2886 962 3157 1020 perpetuo
3207 952 3433 1006 scienda
3463 953 3680 1020 objecta

2093 1037 2184 1090 sit.
2221 1036 2379 1103 Quod
2409 1046 2465 1091 et
2504 1039 2630 1107 jure
2653 1038 3082 1093 admirationem
3128 1039 3366 1101 habeat;
3401 1038 3680 1107 quomodo
3717 1095 3729 1105 θ

2092 1129 2240 1196 quod
2296 1130 2447 1183 nulla
2492 1130 2772 1184 oblivione
2817 1130 3081 1185 infuscari
3133 1140 3339 1200 potest,
3395 1146 3458 1185 ac
3483 1146 3679 1199 perpe-

2094 1231 2248 1273 tuum
2277 1229 2382 1283 est,
2429 1221 2912 1290 circumscriptum
2949 1222 3188 1276 desinat.
3218 1226 3299 1276 An
3329 1238 3442 1275 non
3476 1223 3673 1290 utique

2095 1312 2242 1375 ideo,
2301 1312 2450 1381 quod
2502 1313 2648 1367 Deus
2698 1314 2908 1368 veritas
2954 1313 3036 1366 illi
3092 1313 3365 1367 terminus
3406 1313 3679 1367 exsistat?

2091 1401 2308 1456 Veritas
2338 1418 2576 1472 namque
2610 1403 2755 1457 Deus
2784 1412 2891 1465 est,
2926 1404 3073 1477 circa
3105 1418 3271 1472 quem
3317 1418 3474 1457 mens
3504 1404 3679 1455 inces-

2090 1501 2276 1548 santer
2302 1495 2533 1564 jugique
2567 1503 2718 1550 motu
2757 1496 2981 1566 agitata,
3015 1511 3296 1564 nunquam
3333 1511 3552 1549 cessare
3577 1510 3678 1563 po-

2091 1593 2217 1649 test,
2253 1586 2466 1639 nullum
2496 1585 2785 1642 inveniens
2827 1596 3012 1643 motus
3044 1588 3367 1651 terminum,
3401 1587 3493 1641 ubi
3528 1586 3678 1639 nulla

2090 1674 2356 1729 distantia
2383 1691 2448 1729 ac
2488 1677 2728 1745 spatium
2769 1686 2876 1733 est.
2917 1679 3261 1734 Admiranda
3294 1679 3443 1734 enim
3476 1678 3679 1731 divina:

399 1771 697 1826 infinitatis
746 1771 1089 1843 magnitudo,
1121 1771 1281 1825 molis
1307 1785 1505 1840 expers
1533 1777 1637 1831 est,
1675 1783 1778 1823 nec
1846 1766 2023 1821 dividi
2060 1774 2263 1835 potest,
2298 1781 2362 1820 ac
2408 1767 2557 1820 omni
2593 1782 2825 1836 prorsus
2884 1769 3231 1824 dimensione
3256 1779 3427 1831 caret,
3455 1783 3560 1822 nec
3591 1768 3675 1821 ul-

400 1863 512 1917 lam
560 1864 1115 1932 comprehensionem
1162 1879 1339 1932 Ipsam
1393 1862 1754 1932 attingentem
1805 1861 1992 1923 habet,
2034 1868 2096 1912 ut
2126 1859 2469 1939 noverimus
2516 1861 2629 1914 ullo
2693 1862 2860 1914 modo
2905 1862 3040 1931 quid
3075 1862 3294 1916 tandem
3352 1867 3678 1930 per‘essen-

406 1954 537 2009 tiam
565 1963 670 2010 est.
710 1956 905 2022 Porro,
972 1955 1133 2026 502
1187 1958 1337 2026 quod
1404 1958 1611 2012 nullam
1660 1955 2066 2011 dimensionem
2107 1952 2296 2017 habet,
2350 1971 2454 2009 nec
2503 1956 2615 2009 ullo
2652 1957 2816 2011 modo
2851 1965 3032 2026 potest
3072 1955 3492 2025 comprehendi,
3540 1951 3668 2008 nulli

407 2043 740 2113 pe'rmeabile
769 2054 878 2100 est.

478 2136 583 2188 Τὸν
611 2136 669 2190 δὲ
712 2135 873 2205 λόγον
916 2137 1181 2203 ὡσαύτως
1209 2139 1296 2192 διὰ
1324 2140 1423 2209 τῆς
1455 2140 1769 2210 φρονήσεως
1804 2136 1985 2191 κινού-

2158 2133 2426 2189 Similiter
2463 2135 2734 2189 rationem
2759 2134 3053 2204 prudentia
3082 2145 3285 2189 motam
3307 2134 3375 2187 ad
3396 2134 3674 2188 actionem

410 2245 590 2297 μενον,
639 2229 719 2292 είς
749 2229 851 2299 τὴν
903 2230 1103 2301 πρᾶξιν
1138 2232 1307 2285 ἰέναι⁹
1337 2230 1425 2284 διὰ
1470 2231 1528 2284 δὲ
1572 2231 1672 2300 τῆς
1715 2230 1987 2300 πράξεως,

401 2317 488 2381 είς
521 2318 727 2390 ἀρετήν
747 2333 761 2347 ⁸
793 2318 884 2372 διὰ
914 2319 971 2373 δὲ
1019 2318 1118 2390 τῆς
1166 2321 1371 2391 ἀρετῆς
1407 2323 1486 2384 εἰς
1517 2321 1617 2389 τὴν
1659 2320 1864 2382 πίστιν,
1891 2319 1991 2387 τὴν

401 2407 578 2471 ὅντως
622 2407 848 2477 βεὸαίαν
900 2409 997 2463 καὶ
1040 2410 1293 2463 ἄπτωτον
1337 2409 1446 2463 τῶν
1503 2409 1664 2469 θείων
1715 2409 1991 2477 πληροφο-

396 2498 561 2568 ρίαν·
600 2499 677 2569 ἢν
715 2498 942 2569 πρώτην
977 2499 1115 2570 ἔχων
1155 2498 1386 2569 δυνάμει
1416 2499 1558 2552 κατὰ
1599 2499 1698 2569 τὴν
1726 2499 1989 2568 φρόνησιν

393 2591 429 2640 ὁ
456 2588 636 2657 λόγος,
669 2588 896 2660 ὕστερον
916 2576 1184 2661 ’ἐνεργείᾳ
1229 2591 1372 2644 κατὰ
1399 2590 1497 2663 τὴν
1533 2591 1737 2660 ἀρετὴν
1782 2589 1987 2642 ἐπιδεί-

401 2697 618 2747 κνυται,
672 2681 760 2736 διὰ
807 2681 909 2753 τὴν
944 2682 1030 2736 ἐπ’
1086 2682 1264 2752 ἔργων
1309 2683 1357 2715 ⁸³
1389 2682 1718 2753 φανέρωσιν.
1766 2681 1826 2734 Ἡ
1880 2682 1987 2750 γὰρ

392 2772 581 2841 χωρὶς
605 2772 795 2843 ἔργων
835 2774 1040 2834 πίστις
1078 2774 1299 2843 νεκρόν
1332 2775 1378 2806 ἰ
1423 2791 1499 2836 τι,
1558 2773 1738 2835 καθὼς
1782 2772 1987 2841 γέγρα-

388 2880 564 2919 πται·
600 2866 707 2919 πᾶν
740 2865 799 2920 δὲ
821 2866 1019 2936 νεκρὸν
1045 2865 1141 2918 καὶ
1185 2866 1569 2936 ἁνενέργητον,
1601 2866 1701 2919 οὐκ
1750 2865 1814 2919 ἄν
1856 2863 1987 2942 ποτὲ

391 2972 487 3019 τις
512 2952 570 3009 εὖ
607 2957 821 3027 φρονῶν
853 2960 966 3019 τοῖς
988 2957 1174 3020 καλοῖς
1203 2958 1249 2990 ’⁸
1278 2953 1420 3010 εἷναι
1450 2957 1775 3028 θαρσήσειεν
1809 2958 1985 3010 εἰπεῖν

389 3050 714 3121 ἐνάριθμον..
749 3049 848 3103 Διὰ
877 3050 932 3103 δὲ
967 3051 1069 3120 τῆς
1099 3050 1342 3114 πίστεως
1385 3052 1466 3114 εἰς
1496 3050 1557 3103 τὸ
1594 3049 1817 3118 ἀγαθὸν,
1856 3049 1987 3119 περὶ

390 3142 429 3208 ὃ
468 3141 683 3211 δέχεται
729 3141 902 3207 τέλος,
939 3143 1249 3211 παυόμενος
1287 3142 1398 3197 τῶν
1445 3140 1664 3195 οἰκείων
1692 3140 1985 3211 ἐνεργειῶν

389 3236 428 3286 ὁ
457 3234 635 3303 λόγος,
672 3235 1160 3307 περιγραφομὲνης
1184 3233 1350 3288 αὐτοῦ
1373 3235 1472 3305 τῆς
1500 3252 1560 3287 τε
1586 3233 1871 3304 δυνάμεως
1893 3234 1985 3288 καὶ

384 3325 500 3394 τῆς
528 3322 692 3388 ἕξεως
717 3326 813 3378 καὶ
840 3325 941 3394 τῆς
967 3325 1268 3396 ἐνεργείας.

386 3478 409 3490 _
469 3415 646 3484 Λόγου
697 3416 808 3487 γὰρ
866 3416 1106 3486 ἔφασκεν
1138 3419 1183 3449 ⁸⁸
1233 3414 1376 3472 εἶναι
1430 3416 1660 3488 δύναμιν
1698 3416 1796 3487 τὴν
1854 3416 1986 3487 φρό-

2089 2228 2316 2293 venire;
2372 2220 2493 2297 per'
2529 2228 2804 2282 actionem
2844 2227 2913 2281 ad
2952 2228 3238 2293 virtutem,
3284 2243 3383 2296 per
3417 2226 3675 2280 virtutem

2090 2317 2160 2372 ad
2186 2317 2375 2380 fidem,
2415 2318 2631 2372 firmam
2680 2319 2829 2372 illam
2859 2333 3050 2372 revera
3078 2333 3143 2371 ac
3181 2318 3505 2370 inoffensam
3536 2316 3677 2370 divi-
3760 2362 3769 2367 .

2088 2426 2288 2465 norum
2323 2411 2751 2465 ccrtitudinem:
2784 2427 2948 2479 qualn
2984 2410 3220 2480 primam
3255 2410 3395 2462 ratio
3422 2425 3519 2478 per
3546 2424 3677 2479 pru-
3719 2424 3723 2427 '

2089 2502 2331 2557 dentiam
2370 2502 2619 2572 potentia
2649 2501 2878 2565 habens,
2911 2511 3034 2555 actu
3063 2509 3253 2569 postea
3286 2516 3384 2569 per
3406 2500 3672 2553 virtutem

2088 2593 2353 2657 ostendit,
2381 2609 2489 2662 qua
2527 2592 2791 2662 operibus
2822 2593 3168 2647 manifestam
3195 2591 3343 2644 facit.
3373 2590 3508 2645 Nam
3539 2589 3672 2657 ﬁdes

2086 2701 2205 2755 qua!
2239 2686 2352 2739 sine
2381 2686 2623 2749 operibus
2649 2693 2747 2748 est,
2778 2685 2902 2754 quid
2940 2693 3211 2737 mortuum
3243 2693 3317 2737 est
3345 2693 3391 2747 ο,
3428 2683 3506 2736 uti
3539 2684 3674 2736 scri-

2086 2782 2242 2844 ptum
2267 2782 2373 2828 est.
2392 2773 2672 2843 Quidquid
2701 2782 2887 2828 autem
2908 2784 3185 2828 mortuum
3213 2789 3277 2827 ac
3296 2774 3536 2827 otiosum
3560 2781 3669 2838 est,

2087 2881 2251 2920 nemo
2288 2880 2539 2935 unquam
2575 2882 2723 2920 sanae
2764 2856 2967 2920 mentis
3016 2866 3164 2920 inter
3193 2881 3255 2919 ea
3282 2881 3405 2934 quae
3437 2865 3672 2919 honesta

2087 2965 2217 3012 sunt
2248 2956 2452 3012 dixerit
2498 2957 2903 3011 numerandum
2953 2973 3099 3012 esse.
3130 2957 3236 3011 Per
3289 2955 3450 3009 fidem
3482 2966 3669 3010 autem

2086 3047 2157 3119 ad
2190 3047 2421 3111 bonum,
2469 3048 2524 3101 in
2550 3065 2661 3117 quo
2685 3049 2825 3102 ratio
2864 3047 3027 3103 ﬁnem
3063 3048 3283 3118 accipit,
3316 3048 3606 3117 quiescens
3640 3064 3671 3102 a

2087 3139 2204 3194 suis
2232 3139 2673 3209 operationibus.
2714 3142 2838 3211 ejus
2874 3154 3071 3208 nempe
3105 3147 3221 3193 tum
3251 3137 3514 3193 facultate
3551 3147 3669 3193 tum

2088 3232 2285 3287 habitu
2318 3241 2546 3301 tumque
2573 3232 2895 3301 operatione
2929 3230 3388 3301 circumscriptis.

2158 3413 2412 3468 Rationis
2448 3411 2599 3467 enim
2648 3411 2968 3467 facultatem
3009 3409 3230 3463 diccbat
3260 3423 3381 3464 esse
3428 3407 3671 3478 pruden-

292 3554 299 3557 ,
386 3480 593 3576 ἰωηο-ιν·
621 3480 721 3562 καὶ*
742 3480 1068 3562 αι’δτὸνίεἷναι
1091 3509 1321 3578 δυνάμει
1354 3511 1447 3562 τὸν
1479 3480 1657 3577 λόγον,
1685 3480 1945 3580 φρόνησιν
1967 3526 1980 3539 ·

2088 3490 2254 3568 tiam;
2302 3504 2589 3573 ipsamque
2658 3501 2928 3556 rationem
2997 3501 3242 3571 potentia
3314 3501 3667 3571 prudentiam

394 3598 516 3663 ἕξιν
540 3596 622 3660 δὲ,
665 3600 766 3669 τὴν
792 3598 992 3670 πρᾶξιν
1011 3616 1027 3632 ο
1060 3600 1345 3670 ἐνέργειαν
1371 3599 1450 3663 δὲ,
1478 3600 1577 3670 τὴν
1603 3600 1807 3672 ἀρετήν
1826 3618 1841 3634 ο
1882 3602 1984 3673 τὴν

396 3689 459 3740 δὲ
488 3688 673 3743 πίστιν
708 3689 1026 3760 φρονήσεώς
1072 3707 1132 3743 τε
1183 3691 1278 3744 καὶ
1331 3692 1583 3762 πράξεως
1614 3693 1708 3746 καὶ⁹
1754 3694 1983 3765 ἀρετῆς,

402 3781 567 3851 ἡγουν
595 3780 1075 3851 δυνάμεως,ἒξεώς
1116 3775 1178 3835 τε
1223 3783 1320 3836 καὶ
1361 3783 1647 3853 ἐνεργείας
1677 3786 1984 3840 ἐνδιάθετον

406 3868 568 3939 πῆξιν
603 3871 696 3925 καὶ
734 3870 1101 3925 ἀναλλοίωτον
1124 3887 1138 3902 ·
1181 3866 1250 3943 ἦς
1295 3874 1471 3945 πέρας
1522 3874 1748 3947 ἔσχατόν
1775 3881 1894 3932 ἐστι
1922 3879 1985 3933 τὸ

398 3960 627 4029 ἀγαθόν,
675 3963 806 4032 περὶ
843 3962 873 4016 ὃ
915 3964 1243 4035 καταλήγων
1287 3969 1388 4036 τῆς
1431 3969 1703 4039 κινήσεως
1736 3971 1776 4045 _6
1828 3970 1986 4037 λόγος

397 4050 652 4106 παύεται.
682 4050 816 4115 Θεὸς
840 4052 952 4123 γάρ
984 4055 1102 4107 ἐστι
1134 4053 1196 4106 τὸ
1238 4054 1466 4122 ἀγαθόν,
1514 4051 1558 4124 ᾧ
1590 4058 1803 4126 πέφυκε
1835 4060 1986 4113 πᾶσα

397 4142 498 4195 καὶ
524 4144 726 4204 παντὸς
755 4143 915 4212 λόγου
968 4145 1336 4218 περατοῦσθαι
1364 4146 1617 4217 δύναμις.
1647 4149 1770 4214 Πῶς
1803 4151 1860 4204 δὲ
1891 4153 1987 4205 καὶ

388 4235 524 4287 τίνα
550 4237 752 4306 τρόπον
801 4233 1006 4288 τούτων
1051 4235 1285 4290 ἕκαστον
1331 4239 1714 4309 κατορθοῦται,
1774 4242 1871 4295 καὶ
1905 4243 1986 4306 είς

394 4326 685 4398 ἐνέργειαν
712 4329 909 4396 ἄγεται
928 4347 945 4362 ο
971 4332 1067 4384 καὶ
1091 4331 1217 4386 τίνα
1241 4331 1447 4387 τούτων
1473 4335 1690 4403 ἑκάστῳ
1716 4336 1985 4404 ἠναντίω-

393 4434 513 4483 ται,
545 4418 578 4490 ἢ
610 4420 1053 4490 προσῳκείωται,
1085 4423 1183 4477 καὶ
1212 4423 1305 4476 ἐπὶ
1334 4423 1523 4489 πόσον,
1553 4424 1782 4493 διαιρεῖν
1803 4444 1863 4480 τε
1889 4429 1984 4481 καὶ

392 4507 603 4569 λέγειν,
651 4510 714 4563 οὐ
762 4512 861 4582 τῆς
917 4514 1202 4585 παρούσης
1241 4516 1391 4569 ἐστὶν
1441 4515 1793 4581 ὑποθέσεως·
1844 4519 1984 4589 πλὴν

394 4601 517 4666 τοῦ,
550 4604 675 4656 ὅσον
714 4604 1064 4674 γιγνώσκειν,
1096 4608 1177 4661 ὅτι
1213 4610 1363 4662 πᾶσα
1397 4607 1544 4680 ψυχὴ
1572 4611 1737 4681 ἡνίκα
1769 4611 1859 4664 διὰ
1885 4613 1985 4682 τῆς

392 4696 621 4768 χάριτος
648 4696 743 4752 τοῦ
769 4698 928 4765 ἁγίου
963 4699 1299 4771 Πνεύματος,
1331 4700 1424 4755 καὶ
1466 4702 1565 4773 τῆς
1590 4702 1796 4765 οἰκείας
1830 4703 1982 4771 φιλο-

2086 3612 2246 3661 esse;
2274 3595 2548 3659 habitum,
2578 3595 2850 3649 actionem
2876 3611 2891 3659 ;
2936 3593 3338 3663 operationem,
3370 3593 3665 3656 virtutem;

2085 3690 2372 3752 virtutem,
2399 3686 2597 3753 fidem;
2633 3686 2798 3742 fidem
2841 3686 3103 3756 denique,
3139 3685 3469 3754 prudentia),
3498 3686 3672 3740 actio-

2086 3781 2196 3847 nis,
2216 3780 2468 3845 virtutis,
2502 3779 2620 3834 sive
2651 3777 2936 3849 potentiae,
2966 3777 3191 3832 habitus
3216 3792 3279 3831 ac
3302 3777 3666 3846 Operationis,

2090 3874 2304 3927 firmam
2335 3872 2541 3934 animo,
2573 3871 2848 3941 .nullaque
2881 3871 3151 3926 varietate
3182 3880 3468 3925 nutantem
3527 3885 3663 3924 con-

2084 3966 2368 4028 stantiam,
2404 3966 2562 4036 cujus
2593 3963 2824 4018 ultimus
2875 3962 3000 4016 finis
3048 3961 3253 4017 bonum
3300 3968 3429 4025 est;
3467 3960 3523 4013 in
3557 3976 3668 4029 quo

2086 4058 2272 4113 omnis
2316 4073 2382 4113 ac
2412 4057 2682 4126 cujusque
2710 4054 2943 4108 rationis
2967 4053 3051 4107 vis
3108 4060 3302 4122 suapte
3334 4061 3533 4106 natura
3560 4060 3671 4105 ter-

2087 4151 2300 4205 minum
2354 4148 2577 4218 accipit.
2626 4146 2917 4214 Quomodo
2963 4145 3171 4209 autem,
3203 4161 3268 4200 ac
3310 4160 3417 4214 qua
3456 4144 3670 4199 ratione

2085 4242 2287 4296 horum
2339 4241 2633 4312 quodlibet
2671 4249 2967 4309 praistetur
2996 4253 3169 4306 reque
3218 4239 3335 4306 ipSa
3360 4235 3663 4298 efﬁciatur;

2085 4350 2150 4389 ac
2187 4349 2443 4404 quamam
2483 4332 2685 4401 cuique
2736 4331 2938 4384 horum
2984 4330 3373 4392 adversentur,
3441 4328 3525 4381 vel
3556 4328 3669 4380 sint

2085 4425 2289 4491 aflinia,
2360 4432 2757 4496 quantumque,
2795 4437 2920 4477 cum
2960 4421 3229 4485 dividere,
3284 4428 3395 4474 tum
3427 4434 3670 4489 promtu.

2086 4521 2247 4585 tiare,
2275 4519 2424 4575 haud
2466 4518 2757 4588 praesentis
2791 4517 3030 4572 instituti
3059 4527 3166 4581 est,
3198 4524 3431 4585 excepto
3464 4515 3665 4570 dunta-

2084 4599 2179 4665 xat
2204 4619 2267 4665 ut
2293 4609 2617 4665 noverimus
2659 4608 2811 4672 fore,
2854 4616 2917 4661 ut
2942 4607 3126 4662 omnis
3154 4607 3359 4671 anima,
3396 4622 3520 4660 cum
3565 4623 3665 4676 per

2084 4705 2322 4775 gratiam
2364 4701 2540 4757 sancti
2566 4700 2832 4770 Spiritus,
2867 4714 3142 4769 suumque
3165 4701 3281 4769 ipsa
3319 4699 3563 4753 laborem
3603 4714 3668 4753 ac

392 4787 590 4850 πονίας
618 4789 714 4842 καὶ
757 4789 997 4860 σπουδῆς
1025 4790 1276 4861 ἀλλήλοις
1301 4789 1479 4845 ταῦτα
1510 4791 1745 4859 συνάψαι
1785 4810 1845 4845 τε
1888 4792 1984 4845 καὶ

2089 4792 2432 4863 diligentiam
2459 4792 2577 4846 hac
2596 4792 2702 4846 alia
2743 4790 2868 4846 aliis
2884 4792 3130 4863 iungere
3162 4792 3409 4861 potuerit
3432 4806 3496 4846 ac
3530 4806 3666 4846 con-

395 4879 765 4952 ἶστουργῆσαι
787 4880 990 4953 δυνηθῇ
1015 4898 1027 4912 ο
1072 4882 1164 4935 τὸν
1192 4881 1350 4950 λόγον
1380 4884 1525 4954 φημὶ
1549 4882 1628 4953 τῷ
1657 4883 1756 4953 νῷ,
1792 4884 1888 4938 καὶ
1913 4887 1980 4956 τῇ

2088 4899 2318 4949 serere;
2347 4883 2619 4938 rationem
2667 4883 2881 4937 scilicet
2915 4882 3089 4937 menti
3160 4892 3409 4947 nectere,
3447 4884 3668 4952 sapien-

397 4971 565 5043 σοφίᾳ
590 4973 689 5044 τὴν
723 4973 1006 5044 φρόνησιν,
1037 4975 1132 5027 καὶ⁸
1161 4976 1229 5045 τῇ
1264 4975 1469 5046 θεωρία
1498 4975 1597 5046 τὴν
1630 4976 1983 5047 πρᾶξιν,·καὶ

392 5066 465 5137 τῇ
497 5066 697 5134 γνώσει
726 5066 827 5138 τὴν
872 5065 1095 5137 ἀρετὴν,
1145 5069 1240 5120 καὶ
1282 5070 1349 5138 τῇ
1397 5068 1618 5139 ἁλήστῳ
1653 5067 1852 5135 γνώσει
1881 5069 1980 5140 τὴν

395 5158 604 5224 πίστιν,
625 5159 838 5223 οὐδενὸς
865 5159 1263 5230 ἐλαττουμένου
1297 5159 1434 5231 πρὸς
1459 5159 1520 5213 τὸ
1547 5160 1734 5232 ἕτερον
1767 5163 1798 5232 ἢ
1823 5161 1980 5215 πλεο-

395 5250 670 5316 νάζοντος,
695 5252 878 5321 πάσης
908 5253 1093 5316 αὐτοῖς
1123 5253 1519 5324 περικοπείσης
1548 5254 1857 5325 ὑπερϐολῆς
1885 5256 1978 5309 καὶ

390 5341 686 5416 ἐλλείψεως
705 5358 720 5373 °
760 5343 875 5407 καὶ,
907 5344 994 5397 ἵνα
1021 5343 1256 5398 συνελὼν
1284 5344 1443 5408 εἴπω,
1482 5344 1687 5414 μονάδα
1722 5346 1822 5416 τὴν
1852 5348 1979 5399 ἐαυ-

388 5433 497 5505 τῆς
542 5434 742 5489 δεκάδα
792 5436 1017 5506 ποιῆσαι
1045 5452 1057 5464 ’
1109 5435 1411 5506 τηνικαῦτα
1443 5436 1537 5487 καὶ
1565 5434 1704 5489 αὐτὶ·
1744 5436 1822 5506 τῷ
1856 5438 1977 5509 Θεῷ

465 5581 496 5612 ιι
512 5573 629 5661 Jac.
653 5591 713 5643 ιι,
730 5575 823 5631 ΞΟ.

2084 4978 2174 5032 tia:
2203 4976 2579 5047 prudentiam,
2605 4976 3061 5045 contemplationi
3087 4976 3383 5041 actionem,
3419 4976 3666 5029 scientia:

2084 5052 2373 5133 virtutem,
2414 5067 2535 5138 jugi
2600 5066 2680 5120 illi
2730 5081 2795 5120 ac
2853 5065 3139 5120 indelebili
3196 5064 3442 5119 scientia:
3501 5061 3663 5115 fidem

2083 5176 2407 5230 apponere;
2455 5159 2532 5214 ita
2577 5174 2710 5213 sane
2769 5166 2830 5211 ιιι
2878 5156 3017 5211 nihil
3076 5157 3278 5211 horum
3333 5170 3448 5224 pra:
3485 5154 3662 5207 altero

2086 5253 2341 5317 deficiat,
2389 5259 2487 5306 aut
2552 5250 2819 5315 abundet,
2868 5248 3023 5304 omni
3071 5261 3302 5302 excessu
3351 5253 3518 5313 atque
3560 5243 3660 5299 de—

2084 5347 2238 5402 fectu
2270 5346 2341 5400 ab
2370 5346 2454 5400 eis
2478 5351 2784 5415 amputato,
2824 5354 2899 5407 et,
2935 5350 2996 5396 ut
3017 5355 3234 5396 summa
3275 5340 3478 5393 dicam.
3499 5353 3660 5391 suam

2086 5441 2357 5496 unitatem
2392 5437 2657 5493 decadem
2691 5435 2924 5496 fecerit;
2966 5443 3100 5489 tunc
3141 5447 3362 5503 quoque
3402 5431 3520 5500 ipsa
3547 5429 3661 5485 Deo

1683 5688 1918 5745 VARUE
1954 5688 2359 5746 LECTIONES.
2392 5684 2395 5691 ’

477 5801 520 5836 ³³
545 5803 636 5860 Fr.
671 5806 757 5860 ἐπ’
789 5805 989 5878 ἔργοις.
1068 5809 1110 5841 ’⁵
1137 5808 1226 5863 Fr.
1280 5804 1468 5876 νεκρά.
1551 5808 1595 5838 ’⁵
1640 5806 1849 5879 Nempe
1889 5805 2050 5864 bonis
2074 5807 2337 5878 perfectis
2370 5814 2425 5860 et
2454 5804 2725 5859 absolute.
2804 5804 2850 5835 ¹⁶
2885 5803 2976 5859 Fr.
3009 5802 3213 5872 ἔφασκε
3245 5800 3496 5870 δύναμιν.
