4094 6376
491 357 601 422 679

1634 348 1693 409 S.
1729 347 2017 412 MAXIM!
2056 346 2566 409 CONFESSOIUS

3636 346 3751 410 680

432 520 437 523 .
492 481 630 522 vero
660 479 723 519 ac
746 462 917 528 bono,
950 461 1161 532 unique
1201 476 1266 517 ac
1294 460 1401 517 soli
1437 460 1681 524 uniatur,
1709 458 1941 528 pulchra
1967 472 2063 526 pa-

2173 437 2404 527 ἀληθιῖνῷ
2445 474 2508 509 τε
2546 452 2641 511 καὶ
2668 448 2880 529 ἀγαθῷ,
2927 458 3020 512 καὶ
3051 455 3131 511 ἐνὶ
3174 455 3263 511 καῖ
3299 456 3443 529 μόνῳ
3476 456 3752 529 ἑνωθήσε-

492 566 633 613 riter
679 571 744 610 ac
788 556 1101 626 magniﬁca,
1125 554 1498 626 praclareque
1537 552 1556 623 (
1585 551 1767 622 quoad
1800 551 1921 621 ejus
1952 548 2069 603 ﬁeri

491 648 712 720 potest)
768 647 848 702 illi
896 647 1119 709 similis,
1151 646 1495 716 generalium
1528 652 1769 713 quatuor
1796 642 2070 696 virtutum

491 739 906 807 complemento
934 737 1131 791 eﬂ‘ecta
1155 753 1168 789 :
1208 751 1332 805 qua
1357 735 1647 799 nimirum,
1685 732 1926 787 divinam
1950 746 2073 801 qua

493 829 551 883 in
576 829 762 882 anima
785 838 871 883 est
896 827 1161 882 decadem
1190 825 1524 896 signiﬁcent,
1559 824 1887 892 beatamque
1908 821 2069 876 aliam

496 918 886 972 mandatorum
910 916 1175 971 decadem
1195 916 1539 970 contineant.
1565 912 1870 979 Quaternio
1895 911 2068 976 enim,

498 1006 662 1060 decas
696 1014 782 1059 est
808 1005 1077 1075 potentia,
1114 1004 1183 1058 ab
1222 1003 1436 1057 unitate
1476 1000 1785 1056 secundum
1812 1013 2072 1068 progres-

495 1113 616 1152 sum
668 1100 813 1153 serie
857 1098 1093 1167 quadam
1150 1095 1310 1165 503
1374 1093 1703 1172 composita.
1749 1092 2071 1160 Rursusque

495 1189 709 1253 eadem,
738 1190 919 1243 unitas
951 1196 1057 1249 est,
1089 1203 1187 1257 per
1222 1187 1521 1241 coitionem
1546 1185 1749 1239 bonum
1781 1183 2071 1237 monadice

498 1282 589 1351 (id
618 1291 702 1337 est
725 1282 990 1352 singulari
1009 1296 1118 1335 una
1141 1279 1391 1349 ratione)
1426 1277 1737 1339 continens,
1762 1275 2072 1343 divinaque

496 1374 841 1443 operationis
897 1372 1310 1441 simplicitatem
1349 1385 1413 1423 ac
1458 1366 1960 1422 indivisibilitatem
2015 1365 2073 1419 in

498 1465 680 1535 seipsa
712 1466 950 1520 indivise
989 1464 1221 1519 divisam
1259 1461 1593 1526 ostendens;
1632 1460 1837 1530 quibus
1862 1458 2068 1522 anima,

497 1557 641 1627 quod
678 1558 963 1627 preprium
1021 1564 1126 1619 est,
1163 1564 1390 1611 strenue
1423 1569 1488 1608 ac
1517 1558 1840 1608 constanter
1862 1550 2073 1606 bonum

496 1649 746 1712 tutando,
784 1649 933 1718 quod
958 1647 1222 1711 alienum,
1256 1645 1478 1700 fortiter
1510 1650 1572 1698 ut
1602 1643 1808 1697 malum
1834 1639 2068 1710 rejecit;

494 1748 559 1793 ut
579 1755 698 1808 qua
721 1747 924 1803 mente,
957 1739 1130 1808 probe
1155 1753 1222 1792 ex
1250 1737 1465 1792 ratione
1484 1724 1809 1804 composita,
1831 1732 2069 1802 polleat;

494 1831 789 1901 sapientia,
824 1830 1120 1900 prudentia
1169 1838 1407 1894 ornata;
1456 1824 1945 1895 contemplatione,
1981 1838 2073 1879 ac-

497 1925 678 1991 tione;
709 1923 944 1981 scientia
977 1921 1171 1977 virtuti
1214 1922 1541 1989 conjuncta;
1583 1918 1918 1987 demumque
1949 1931 2075 1986 per-

495 2022 661 2085 petua
698 2015 798 2069 illa
835 2000 900 2069 ac
930 2013 1220 2068 indelebili
1257 2011 1577 2067 ﬁdelissima
1613 2009 1894 2078 simulque
1921 2009 2077 2062 inva-

496 2105 680 2160 riabili
708 2105 940 2161 scientia
967 2122 981 2171 ;
1013 2120 1078 2160 ac
1119 2104 1274 2159 velut
1312 2118 1437 2173 qua
1485 2102 1687 2164 causis,
1723 2099 1954 2166 eﬁ‘ecta;
1989 2097 2073 2153 fa-

495 2196 931 2266 cultatibusque,
956 2197 1306 2266 operationes
1328 2196 1562 2250 solerter
1587 2192 1932 2263 coniunctas,
1959 2191 2087 2246 Deo

497 2285 803 2353 obtulerit;
857 2286 1170 2356 horumque
1221 2286 1470 2357 pramio,
1518 2282 1890 2354 simplicitatis
1931 2282 2072 2338 eﬁ‘e-

498 2378 729 2433 ctricem
767 2370 1177 2433 dei’ﬁcationem
1223 2378 1497 2433 retulerit.

568 2468 663 2521 Est
693 2468 842 2522 enim
898 2468 1040 2523 ratio
1071 2468 1274 2523 mentis
1300 2469 1551 2538 operatio
1579 2482 1644 2522 ac
1674 2466 2069 2531 manifestatio,

494 2560 648 2614 velut
682 2561 895 2616 scilicet
918 2576 1098 2615 causa
1165 2561 1427 2625 eﬁ‘eetus,
1449 2558 1732 2630 sapientia
1755 2560 2069 2630 prudentia,

495 2654 983 2722 contemplationis
1029 2654 1197 2717 actio,
1262 2652 1509 2708 scientia
1569 2654 1769 2717 virtus,
1817 2653 2073 2723 jngisque

496 2744 646 2800 illius
695 2761 759 2800 ac
802 2746 1121 2801 indelebilis
1154 2745 1404 2800 scientia
1450 2745 1624 2811 ﬁdes;
1653 2761 1721 2799 ex
1746 2745 1952 2815 quibus
1982 2745 2073 2805 illa

494 2837 682 2891 animo
708 2839 949 2907 reposita
974 2839 1316 2908 interiorque
1347 2836 1415 2892 ad
1440 2838 1728 2892 veritatem
1754 2838 2074 2907 bonumque

497 2929 731 2998 (nempe
762 2927 979 2998 Deum)
1016 2937 1343 2999 procreatur
1364 2928 1621 2994 aﬂ’ectio;
1662 2943 1828 2998 quam
1848 2928 2074 2984 dicebat

494 3034 619 3074 esse
642 3020 883 3076 divinam
908 3020 1219 3086 scientiam,
1257 3021 1521 3089 omnique
1546 3035 1740 3075 errore
1784 3027 2074 3085 vacantem

2158 563 2263 619 "Eat
2288 563 2303 579 ο
2340 547 2477 617 καλή
2507 564 2568 601 τε
2597 549 2693 600 καὶ
2723 546 3163 618 μεγαλοπρεπὴς,
3195 548 3292 601 καὶ
3318 545 3467 617 αὐτῷ
3494 544 3661 618 [κατά
3689 546 3754 601 τὸ

2172 636 2417 709 ἐφικτὸν]
2470 637 2714 708 ἐμφερὴς
2764 638 3055 706 γενομένη,
3090 639 3159 708 τῇ
3207 636 3596 708 συμπληρώσει
3639 638 3752 692 τῶν

2172 728 2456 798 τεσσάρων
2481 729 2712 796 γενικῶν
2741 728 2950 800 ἀρετῶν
2970 744 2984 758 ·
3034 727 3143 782 τῶν
3175 728 3488 798 δηλωτικῶν
3521 727 3620 798 μὲν
3646 729 3748 798 τῆς

2173 819 2315 873 κατὰ
2366 819 2549 889 ψυχήν
2611 819 2761 884 θείας
2810 820 3054 884 δεκάδος,
3121 818 3487 889 περιεκτικῶν
3541 818 3600 872 δὲ
3648 818 3753 889 τῆς

2172 910 2339 980 άλλης
2369 911 2478 964 τῶν
2525 910 2754 964 ἐντολῶν
2807 911 3085 981 μακαρίας
3130 909 3371 973 δεκάδος.
3417 910 3592 973 Δεκάς
3640 910 3754 982 γὰρ

2171 1004 2397 1075 δυνάμει
2443 1003 2593 1057 ἐστὶν
2649 1005 2683 1074 ή
2729 1004 2945 1074 τετρὰς,
2992 1002 3100 1055 ἀπὸ
3148 1002 3247 1073 τῆς
3298 1002 3522 1072 μονάδος
3573 1000 3753 1073 εἰρμῷ

2173 1095 2314 1148 κατά
2347 1094 2573 1164 πρόοδον
2601 1094 2977 1164 συντιθεμένη.
3010 1094 3119 1146 Καὶ
3141 1094 3302 1147 πάλιν
3330 1093 3499 1162 μονὰς
3527 1095 3560 1164 ή
3587 1094 3749 1164 αὐτή,

2173 1186 2317 1239 κατά
2346 1184 2563 1238 σύνοδον
2601 1184 2663 1238 τὸ
2693 1185 2896 1253 ἀγαθὸν
2928 1183 3230 1255 μοναδικῶς
3258 1184 3606 1254 περιέχουσα,
3654 1184 3753 1237 καὶ

2171 1278 2233 1345 τὸ
2259 1277 2465 1331 ἁπλοῦν
2493 1279 2589 1332 καὶ
2633 1278 2840 1349 ἀμερὲς
2864 1278 2966 1348 τῆς
2993 1277 3142 1340 θείας
3176 1277 3480 1347 ἐνεργείας,
3512 1276 3594 1343 ἐφ’
3619 1278 3750 1330 ἐαυ-

2171 1370 2273 1438 τῆς
2330 1370 2591 1440 ἀτμήτως
2644 1369 3046 1441 μεμερισμένον
3105 1369 3458 1423 δεικνύουσα’
3519 1363 3641 1434 αἷς,
3687 1368 3751 1421 τὸ

2177 1463 2275 1533 μέν
2304 1464 2500 1515 οἰκεῖον
2533 1463 2763 1525 εὐτόνως
2809 1462 3270 1534 ἁπερεγχείρητον
3307 1464 3340 1533 ἡ
3390 1461 3536 1533 ψυχὴ
3569 1462 3750 1533 διετὴ-

2176 1570 2342 1626 ρησεν
2361 1571 2373 1584 ·
2410 1555 2472 1607 τὸ
2501 1554 2560 1607 δὲ
2592 1554 2870 1623 ἀλλότριον
2894 1553 3162 1626 ἀνδρικῶς
3202 1554 3278 1618 ὡς
3314 1554 3549 1624 πονηρὸν
3579 1556 3751 1626 ἀπερ-

2177 1649 2434 1719 ῥάπισενο
2466 1647 2538 1711 ὡς
2575 1648 2700 1701 νοῦν
2748 1647 2966 1717 εῦλογον
3017 1647 3236 1717 ἔχουσα,
3276 1647 3373 1701 καὶ
3403 1648 3597 1715 σοφίαν
3646 1646 3750 1717 ἐμ-

2174 1757 2365 1810 φρονα,
2409 1741 2505 1793 καὶ
2549 1740 2779 1810 θεωρίαν
2815 1740 3151 1811 ἔμπρακτον.
3191 1741 3287 1793 καὶ
3329 1739 3532 1808 γνῶσιν
3560 1739 3751 1812 ἐνιῑιρε⁴

2174 1847 2287 1897 τον,
2317 1832 2412 1884 καὶ
2436 1831 2535 1902 τὴν
2561 1831 2647 1885 ἐπ’
2679 1833 2870 1895 αὐταῖς
2893 1832 3123 1903 ἄληστον
3155 1832 3376 1899 γνῶσιν,
3414 1833 3749 1903 πιστοτάτην

2173 1921 2312 1993 ὁμοῦ
2345 1925 2443 1976 καὶ
2474 1923 2866 1994 ἀμετάπτωτον
2886 1940 2900 1954 ⁸
2930 1924 3024 1977 καί
3056 1923 3131 1986 ὡς
3158 1926 3275 1987 τοῖς
3317 1924 3513 1988 αἰτίοις
3556 1923 3626 1979 τά
3667 1925 3754 1978 αἰ-

2172 2012 2355 2081 τιατά,
2384 2015 2481 2069 καὶ
2521 2018 2643 2080 ταῖς
2690 2016 2952 2088 δυνάμεσι
2995 2016 3095 2081 τὰς
3128 2016 3406 2089 ἐνεργείας
3457 2017 3752 2088 σωφρόνως

2176 2107 2552 2178 συνημμένας,
2596 2105 2715 2178 Θεῷ
2752 2108 3205 2179 προσκομίσασαο
3252 2108 3348 2161 καὶ
3385 2107 3753 2163 ἀντιλαεοῦσα

2173 2197 2383 2251 τούτων
2431 2197 2533 2269 τὴν
2562 2199 2855 2268 ποιητικὴν
2881 2197 2983 2268 τῆς
3018 2198 3324 2268 ἁπλότητος
3355 2197 3572 2254 θέωσιν.

2173 2537 2194 2547 _
2258 2472 2541 2545 Ἐνέργεια
2566 2473 2675 2543 γάρ
2703 2473 2820 2525 ἐστι
2863 2471 2956 2525 καὶ
2987 2470 3292 2541 φανέρωσις
3315 2486 3328 2500 ·
3364 2468 3459 2522 τοῦ
3490 2467 3589 2539 μὲν
3631 2467 3748 2534 νοῦ,

2174 2568 2204 2619 ὁ
2232 2565 2410 2635 λόγος,
2445 2566 2521 2629 ὡς
2549 2566 2729 2628 αἰτίας
2758 2565 2999 2619 αἰτιατόν
3018 2581 3032 2594 ·
3066 2565 3159 2618 καὶ
3196 2562 3297 2632 τῆς
3324 2561 3519 2630 σοφίας
3555 2561 3589 2632 ή
3614 2561 3748 2632 φρό-

2174 2673 2353 2727 νησις,
2383 2656 2602 2726 καὶτῆς
2629 2655 2859 2723 θεωρίας
2891 2657 2925 2725 ή
2963 2655 3183 2725 πρᾶξις,
3216 2654 3311 2709 καὶ
3354 2653 3452 2724 τῆς
3494 2651 3751 2721 γνώσεως

2172 2749 2207 2819 ἠ
2244 2746 2434 2819 ἀρετὴ,
2464 2748 2562 2800 καὶ
2594 2747 2688 2816 τῆς
2717 2747 2953 2815 ἀλήστου
2978 2746 3234 2815 γνώσεως
3259 2747 3293 2816 ή
3329 2745 3540 2808 πίστις’
3576 2743 3636 2809 ἐξ
3675 2738 3749 2797 ῶν

2174 2838 2209 2908 ή
2260 2837 2562 2900 ἐνδιάθετος
2604 2837 2741 2908 πρός
2772 2854 2830 2891 τε
2860 2837 2961 2908 τὴν
2996 2836 3258 2907 ἀλήθειαν
3298 2836 3394 2889 καὶ
3435 2835 3497 2889 τὸ
3524 2834 3747 2903 ἀγαθὸν,

2175 2929 2319 3000 φημί
2345 2929 2403 2983 δὲ
2431 2929 2520 2982 τὸν
2550 2928 2702 2994 Θεὸν,
2732 2927 2917 2999 σχέσις
2944 2929 3360 3000 δημιουργεῖται
3380 2944 3394 2958 ·
3420 2928 3488 2999 ἢν
3515 2926 3750 2995 ἔφασκεν

2175 3016 2317 3075 εἶναι
2363 3021 2515 3077 θείαν
2556 3022 2885 3093 ἐπιστήμην,
2918 3016 3016 3075 καὶ
3063 3021 3264 3090 γνῶσιν
3298 3020 3614 3083 ἄπταιστον,
3654 3019 3752 3073 καὶ

495 3112 750 3166 notitiam
786 3121 843 3167 et
886 3112 1243 3168 dilectionem
1285 3120 1343 3168 et
1381 3126 1606 3181 pacem;
1653 3112 1710 3165 in
1751 3111 1977 3180 quibus,
2008 3126 2073 3166 ac

2178 3113 2401 3182 ἀγάπην
2425 3112 2521 3166 καὶ
2569 3113 2815 3183 εἰρήνην,
2850 3115 2910 3165 ἐν
2955 3105 3044 3175 αἷς
3094 3113 3190 3166 καὶ
3217 3110 3284 3165 δι’
3328 3104 3405 3166 ὧν
3448 3113 3482 3182 ἡ
3514 3111 3709 3175 θέωσις
3732 3125 3744 3144 ο

496 3217 598 3272 per
641 3218 778 3273 quas
826 3202 1109 3259 deiﬁcatio
1136 3212 1264 3259 est:
1293 3203 1582 3261 scientiam
1625 3201 1854 3273 quidem
1883 3201 2074 3257 Graec

240 3283 256 3295 °
336 3278 357 3285 “
390 3354 401 3363 γ
497 3296 830 3364 ἐπιστήμην,
855 3293 1007 3347 velut
1060 3293 1527 3363 complementum
1556 3293 1703 3377 ‘ejus
1725 3292 1909 3347 omnis
1930 3292 2076 3347 noti-

498 3384 610 3450 tia,
644 3398 809 3453 quam
847 3382 917 3437 de
947 3383 1061 3438 Deo
1087 3398 1153 3438 ac
1180 3381 1386 3438 divinis
1433 3381 1689 3444 homines
1726 3381 1947 3452 assequi
1974 3396 2074 3437 va-

498 3474 637 3536 lent,
701 3475 1082 3543 virtutumque
1152 3472 1530 3528 inviolabilem
1597 3473 2069 3543 complexionem:

499 3564 775 3625 notitiam,
805 3563 989 3620 Graec
1038 3566 1258 3634 γνῶσιν,
1300 3574 1362 3619 ιιι
1388 3580 1511 3634 qua
1542 3565 1831 3621 veritatem
1857 3566 2073 3621 sincere
2130 3566 2133 3571 ’

499 3656 851 3720 inscendens,
891 3658 1115 3713 deitatis
1156 3654 1599 3728 experimentum
1635 3669 1904 3729 quantum
1939 3661 2074 3716 satis

500 3749 592 3812 sit,
629 3750 908 3818 prabeat:
945 3750 1328 3816 dilectionem,
1367 3760 1428 3806 ut
1462 3768 1584 3823 qua
1615 3762 1728 3808 tota
1763 3754 2071 3809 secundum

500 3830 779 3909 affectum,
810 3844 1010 3899 divina
1044 3845 1217 3899 totius
1257 3845 1568 3901 dulcedinis
1606 3847 1888 3916 particeps
1924 3847 2072 3903 exsi-

501 3943 649 4005 stat;
683 3951 873 4005 pacem
909 3936 1171 4006 denique,
1205 3947 1265 3992 ut
1285 3939 1373 3992 cui
1401 3939 1592 3993 eadem
1620 3948 1787 4009 atque
1826 3940 1941 3995 Deo
1968 3956 2073 3995 usu

499 4024 744 4089 veniant,
777 4024 1088 4094 eiﬁeiatque
1138 4036 1200 4080 ut
1234 4035 1290 4081 et
1319 4027 1389 4081 iis
1427 4029 1522 4097 qui
1551 4030 1858 4084 secundum
1897 4030 2071 4101 ipsam

500 4116 811 4170 meruerint
856 4115 1017 4182 allici,
1071 4117 1263 4173 eadem
1298 4119 1416 4189 ipsa
1466 4120 1748 4176 eveniant.
1785 4121 2072 4191 Siquidem

501 4206 647 4261 enim
688 4207 868 4263 deitas
914 4210 1137 4277 penitus
1185 4211 1486 4267 immobilis
1534 4222 1640 4279 est,
1692 4222 1755 4269 ut
1807 4216 1897 4270 cui
1932 4216 2075 4270 nihil

425 4298 449 4314 ‘
503 4301 611 4354 ulla
658 4317 726 4356 ex
778 4312 934 4370 parte
982 4304 1293 4359 molestiam
1354 4305 1518 4360 faciat
1596 4306 1775 4376 (quid
1815 4308 1965 4363 enim
2004 4308 2075 4363 ad

502 4392 651 4446 illius
680 4393 958 4461 speculam
984 4403 1312 4465 septumque
1347 4396 1747 4468 evadat?),pax
1780 4406 1962 4454 autem
1987 4400 2074 4454 in-

2172 3204 2272 3276 τὴν
2307 3204 2408 3275 μὲν
2458 3203 2815 3276 [ἐπιστήμην]
2866 3204 2944 3269 ὡς
2990 3205 3385 3275 συμπλήρωσιν
3430 3203 3613 3273 πάσης
3649 3203 3749 3273 τῆς

2176 3294 2406 3365 ἐφικτῆς
2452 3293 2763 3367 ἀνθρώποις
2806 3294 2935 3367 περὶ
2982 3293 3118 3348 Θεοῦ
3165 3294 3394 3348 καὶτῶν
3423 3294 3581 3347 θείων
3610 3292 3749 3362 γνὼ-

2176 3403 2335 3451 σεως,
2366 3386 2464 3440 καὶ
2497 3384 2607 3438 τῶν
2651 3386 2863 3457 ἀρετῶν
2903 3385 3165 3457 περιοχὴν
3200 3385 3495 3440 ἄπταιστον
3516 3402 3530 3415 ο
3568 3385 3667 3454 τήν
3693 3385 3748 3436 δὲ

2175 3473 2468 3547 [γνώμην],
2523 3474 2599 3539 ὡς
2649 3474 2919 3529 ἐπιὸἄσαν
2960 3475 3198 3546 γνησίως
3239 3478 3304 3545 τῇ
3358 3474 3605 3544 ἀληθείᾳ,
3656 3474 3750 3528 καὶ

2176 3559 2487 3639 πεῖραν“τοῦ
2520 3566 2664 3620 θείου
2693 3566 2891 3637 διαρκῆ
2919 3566 3332 3638 παρεχομένηνο
3376 3565 3476 3637 τὴν
3507 3565 3563 3618 δὲ
3591 3566 3750 3637 [ἀγά-

2177 3658 2308 3731 πην]
2342 3659 2418 3723 ὼς
2458 3658 2587 3730 ὅλης
2618 3658 2713 3713 τοῦ
2760 3657 2897 3712 Θεοῦ
2947 3659 3090 3714 κατά
3127 3656 3388 3724 διάθεσιν,
3441 3657 3570 3729 ὅλην
3618 3676 3748 3729 μετ-

2174 3750 2412 3821 έχουσαν
2438 3750 2541 3821 τῆς
2575 3750 2939 3822 τερπνότητος
2958 3767 2974 3782 °
3021 3751 3121 3820 τὴν
3168 3750 3226 3806 δὲ
3254 3749 3546 3824 [εἰρήνην],
3574 3751 3650 3815 ὡς
3678 3750 3749 3805 τὰ

2174 3841 2317 3896 αὐτά
2364 3841 2443 3911 τῷ
2497 3841 2618 3912 Θεῷ
2667 3842 3002 3913 πάσχουσαν,
3035 3842 3129 3897 καὶ
3175 3841 3579 3913 πάσχειν-τοὺς
3626 3839 3752 3891 κατ’

2175 3935 2344 4006 αὐτὴν
2400 3934 2730 4001 ἀξιωθέντας
2790 3935 3046 4004 γενέσθαι
3087 3935 3634 4007 παρασκευάζουσαν.
3684 3935 3747 3990 Εἰ

2173 4027 2281 4101 γὰρ
2335 4026 2397 4081 τὸ
2444 4026 2588 4080 θεῖον
2637 4025 2915 4091 παντελῶς
2966 4027 3244 4098 ἀκίνητον,
3278 4028 3353 4091 ὡς
3400 4027 3461 4082 τὸ
3505 4028 3747 4098 διοχλοῦν

2174 4122 2298 4175 καθ’
2327 4119 2505 4174 ὁτιοῦν
2549 4121 2651 4173 οὐκ
2682 4119 2805 4191 ἐχον
2870 4118 2959 4186 (Τί
3001 4120 3110 4189 γάρ
3138 4121 3232 4174 καὶ
3277 4120 3341 4174 τὸ
3385 4119 3585 4189 φθάνον
3631 4119 3748 4173 ἐστὶ

2173 4210 2273 4282 τὴν
2301 4209 2510 4264 ἐκείνου
2564 4207 2987 4281 περιωπήν;)τή
3036 4207 3096 4262 δὲ
3144 4207 3369 4279 εἰρήνη,
3418 4206 3747 4278 σταθερότης

2176 4303 2326 4379 ἐστὶν
2361 4302 2654 4372 ἁκλόνητός
2683 4318 2744 4355 τε
2773 4302 2873 4355 καί⁸
2908 4300 3166 4371 ἀκίνητος
3187 4316 3203 4331 ο
3254 4299 3388 4368 πρὸς
3417 4298 3493 4364 δὲ,
3525 4298 3623 4351 καὶ
3654 4300 3747 4352 ἀν-

2177 4394 2460 4466 ενόχλητος
2482 4393 2789 4465 εὐφροσύνη
2811 4408 2826 4420 ⁸
2862 4388 2972 4462 ἆρα
3010 4392 3079 4446 τὰ
3104 4391 3222 4445 θεῖα
3253 4391 3313 4444 οὺ
3345 4391 3545 4460 πάσχει
3578 4391 3621 4421 ³⁷
3654 4389 3748 4443 καὶ

500 4498 767 4539 concussa
790 4495 895 4550 est,
923 4502 988 4541 ac
1010 4488 1311 4544 immobilis
1333 4488 1601 4545 ﬁrmitas:
1634 4491 1704 4546 ad
1724 4492 1846 4547 hac
1862 4507 1997 4548 vero
2019 4502 2074 4549 et

2177 4486 2329 4540 πᾶσα
2355 4484 2524 4556 ψυχὴ,
2577 4486 2611 4554 ή
2658 4482 2757 4554 τὴν
2797 4482 2950 4537 θείαν
2981 4481 3381 4546 καταξιωθεῖσα
3418 4479 3748 4550 κομίσασθαι

499 4573 710 4637 latitia,
759 4592 923 4645 quam
973 4579 1123 4633 nulla
1152 4579 1490 4636 interturbet
1530 4582 1816 4650 molestia;
1856 4599 1990 4639 num
2019 4593 2079 4639 et

500 4664 680 4720 cuivis
729 4667 928 4723 anima
971 4669 1162 4728 divina
1214 4686 1319 4725 usu
1351 4671 1615 4738 veniunt,
1659 4689 1782 4745 qua
1833 4674 2077 4730 divinam

500 4770 621 4809 eam
647 4772 835 4826 pacem
865 4761 1112 4816 nancisci
1142 4762 1450 4816 meruerit?
1478 4763 1683 4834 quippe
1713 4778 1839 4834 qua
1869 4765 2076 4820 nedum

501 4847 625 4901 vitii
653 4854 711 4902 et
746 4850 1091 4918 ignorantia,
1123 4852 1513 4924 mendaeiique
1551 4871 1617 4910 ac
1642 4856 1926 4926 nequitia,
1951 4872 2077 4926 qua

502 4937 644 4992 mala
678 4939 896 5003 virtuti,
919 4939 1186 5007 scientia,
1219 4943 1555 5015 veritatique
1582 4961 1647 5000 ac
1677 4946 1826 5003 bono
1855 4956 2077 5002 contra-

482 5028 605 5091 ria,
642 5028 1052 5087 innatnralibus
1065 5034 1267 5110 anima
1294 5036 1539 5119 motibus
1565 5052 1665 5094 ceu
1687 5038 1933 5094 stolones
1955 5038 2080 5107 qui-

418 5188 428 5207 ἴ
501 5120 627 5174 dam
648 5121 1067 5192 adnascuntur;
1110 5128 1207 5182 sed
1231 5130 1344 5196 jam
1398 5130 1573 5200 ipsius
1603 5145 1824 5201 quoque
1855 5131 2079 5187 virtutis

422 5212 431 5281 ξ
501 5226 566 5265 ac
597 5212 865 5276 scientia,
894 5214 1253 5286 veritatisque
1283 5232 1347 5271 ac
1369 5217 1656 5284 bonitatis,
1680 5235 1818 5289 quas
1843 5220 1947 5289 ipsi
1977 5236 2079 5275 no-

422 5311 427 5318 '
498 5304 700 5367 vimus,
734 5304 904 5374 (pace
933 5307 1089 5361 verbi
1123 5308 1398 5379 dixerim)
1450 5310 1587 5365 ﬁnes
1618 5321 1931 5382 trangressa
1975 5313 2067 5377 sit,

462 5412 465 5415 ·
497 5406 565 5448 ac
592 5410 756 5463 supra
794 5413 959 5466 quam
995 5399 1159 5471 504,
1195 5402 1506 5461 verissimo.
1551 5418 1927 5474 perquamque
1968 5419 2067 5471 op-

400 5492 403 5493 '
468 5484 637 5540 'timo
686 5488 784 5541 Dei
822 5490 1016 5555 cubili,
1069 5493 1225 5560 juxta
1257 5492 1406 5548 illius
1460 5496 1803 5549 verissimam
1832 5496 2071 5566 promis-

499 5574 735 5643 sionem,
760 5594 958 5633 arcana
983 5581 1218 5650 quadam
1239 5600 1302 5639 ac
1333 5585 1515 5656 ignota
1545 5586 1761 5642 ratione
1779 5586 2067 5642 insederit:

2172 4579 2437 4650 slpfprqv;
2484 4575 2562 4639 ὡς
2609 4577 2686 4645 μὴ
2722 4575 2885 4645 μόνον
2931 4574 3133 4637 κακίας
3161 4575 3257 4626 καὶ
3288 4573 3585 4640 ἀγνωσίας,
3613 4570 3747 4642 ψεύ-

2171 4670 2297 4733 δους
2323 4684 2383 4722 τε
2414 4668 2507 4721 καὶ
2540 4664 2826 4736 πονηρίας,
2864 4664 2974 4718 τῶν
3009 4667 3074 4735 τῇ
3107 4666 3276 4736 ἀρετῇ
3307 4667 3403 4718 καὶ
3437 4662 3655 4730 γνώσει,
3680 4662 3745 4734 τῇ

2173 4777 2235 4815 τε
2264 4758 2489 4830 ἀληθεία
2516 4757 2611 4812 καὶ
2641 4756 2722 4827 τῷ
2746 4755 2941 4826 ἀγαθῷ
2988 4756 3380 4827 ἀντικειμένων
3421 4754 3654 4817 κακιῶν,
3691 4753 3747 4808 αἱ

2172 4851 2295 4912 ταῖς
2320 4847 2474 4920 παρά
2493 4845 2654 4915 φύσιν
2682 4847 2780 4917 τῆς
2803 4845 2981 4916 ψυχῆς
2995 4847 3244 4917 κινήσεσι
3273 4846 3710 4916 παρυφίστανται
3728 4848 3745 4866 ⁸

2171 4939 2290 4994 ἀλλ’
2320 4939 2423 5010 ήδη
2463 4939 2559 4992 καὶ
2586 4937 2789 5009 ἀρετῆς
2835 4936 3015 5006 αὐτῆς⁵
3042 4938 3138 4991 καὶ
3183 4935 3460 5004 γνώσεως,
3489 4936 3748 5006 ἀληθείας

2172 5047 2235 5084 τε
2281 5026 2350 5085 αὖ
2380 5029 2476 5085 καί
2503 5026 2841 5098 άγαθότητος
2879 5025 2990 5081 τῶν
3017 5028 3149 5097 ήμϊν
3176 5025 3588 5096 διεγνωσμένων
3621 5025 3749 5088 τοὺς

2172 5127 2354 5198 ὅρους,
2389 5125 2440 5177 εἰ
2462 5123 2622 5193 θέμις
2651 5122 2844 5182 εἰπεῖν,
2877 5119 3184 5191 ὑπερϐᾶσα,
3218 5121 3311 5175 καὶ
3355 5122 3421 5190 τῇ
3472 5117 3750 5190 ὑπεραλη-

2176 5215 2411 5286 θεστάτῃ
2458 5214 2552 5268 καὶ
2601 5209 2932 5283 ὑπεραγάθῳ
2960 5209 3119 5281 κοίτῃ
3161 5208 3253 5262 τοῦ
3294 5205 3455 5269 Θεοῦ,
3485 5206 3629 5259 κατά
3653 5202 3750 5274 τὴν

2178 5306 2584 5377 ἀψευδεστάτην
2626 5303 2792 5359 αὑτοῦ
2842 5301 3195 5371 ἐπαγγελίαν,
3242 5302 3503 5372 ἀρρήτως
3547 5314 3607 5349 τε
3659 5295 3751 5349 καὶ

2178 5398 2474 5467 ἀγνώστως
2511 5396 2707 5468 ἑαυτὴν
2745 5395 3154 5450 κατευνάσασα·
3189 5393 3268 5457 ὡς
3305 5391 3474 5463 μηδὲν
3510 5379 3748 5442 τῶν’δι-

2177 5491 2355 5563 οχλεῖν
2398 5492 2534 5561 αὐτῇ
2572 5489 2892 5558 πεφυκότων
2920 5486 3106 5540 λοιπὸν
3130 5484 3327 5557 ἔχουσα
3358 5482 3557 5553 φθάνον
3578 5478 3747 5547 αὐτῆς

2176 5585 2276 5651 τὴν
2302 5587 2360 5637 ἐν
2386 5583 2505 5653 Θεῷ
2532 5582 2899 5654 κρυφιότητα·
2930 5579 3050 5634 καθ’
3085 5579 3150 5650 ἢν
3186 5576 3463 5650 μακαρίαν
3492 5573 3588 5629 καὶ
3614 5588 3751 5626 παν-

1791 5702 2027 5758 VARl/E
2057 5700 2458 5760 LECTIONES.

571 5758 615 5789 ²⁷
640 5758 732 5813 Fr.
760 5760 867 5832 ἄρα
892 5761 958 5816 τὰ
976 5761 1091 5817 θεῖα
1121 5766 1339 5837 πάσχει.
