4094 6384
391 359 494 425 631

1788 350 2297 410 MYSTAGOGIA.

3560 352 3669 414 682

389 471 556 541 αγίαν
602 469 817 539 κοίτην,
848 466 910 520 τὸ
958 463 1186 535 φρικτὸν
1220 462 1398 516 ἐκεῖνο
1426 461 1525 531 τῆς
1562 461 1702 531 ὑπὲρ
1734 459 1858 513 νοῦν
1890 461 1983 513 καὶ

2094 459 2169 513 sic
2202 460 2466 514 nimirum
2516 471 2852 530 comparata.
2910 472 2970 517 ut
3017 480 3211 519 eorum
3256 478 3377 535 qua:
3408 462 3520 518 sint
3546 478 3670 532 per-

387 563 546 632 λόγον
596 561 852 631 ἑνότητός
898 557 1196 628 μυστήριον
1246 554 1606 607 ἐπιτελεῖταιο
1656 552 1725 604 δι’
1760 546 1821 606 οὗ
1879 552 1979 622 μία

393 653 533 727 σὰρξ
562 653 656 707 καὶ
702 650 764 721 ἓν
816 648 1053 718 πνεῦμα,
1105 650 1133 700 ὅ
1172 664 1230 700 τε
1269 646 1401 709 Θεὸς
1441 642 1579 714 πρὸς
1613 642 1709 713 τὴν
1748 643 1979 711 Ἐκκλη-

398 747 541 811 σίαν,
572 744 673 813 τὴν
704 740 884 810 ψυχὴν
927 739 995 799 ⁸⁸,
1025 737 1120 791 καὶ
1163 740 1196 806 ἡ
1228 736 1376 806 ψυχὴ
1412 735 1551 804 πρὸς
1579 732 1673 786 τὸν
1722 732 1856 785 Θεὸν
1887 748 1980 800 γε-

396 836 623 905 νήσεται
643 851 655 863 ·
687 825 731 885 ὦ
758 830 878 892 πῶς
902 846 962 881 σε
993 828 1134 887 ¹⁹ο³⁰,
1167 825 1393 897 Χριστὲ,
1423 823 1691 892 θαυμάσω
1712 823 1811 891 τῆς
1837 822 1978 888 ἀγαο

401 926 645 995 θότητος,
670 923 733 975 ού
763 922 873 989 γὰρ
901 919 1213 989 ἀνυμνῆσαι
1252 917 1417 985 φάναι
1444 916 1718 984 τολμήσω,
1764 913 1793 964 6
1840 912 1977 982 μήτε

401 1017 537 1086 πρὸς
566 1015 625 1067 τὸ
653 1011 957 1083 θαυμάζειν
997 1009 1159 1074 ἀξίως
1211 1007 1490 1078 ἀρκοῦσαν
1518 1006 1657 1076 ἔχων
1686 1004 1785 1075 τὴν
1813 1003 1975 1055 δύνα-

327 1173 339 1182 .
403 1121 526 1181 μιν·
564 1109 851 1160 Ἔσονται
877 1104 986 1171 γὰρ
1018 1104 1074 1155 οἱ
1103 1100 1211 1154 δύο
1250 1102 1335 1164 είς
1366 1098 1565 1167 σάρκα
1595 1097 1776 1165 μίανο
1813 1095 1879 1148 τὸ
1913 1093 1981 1147 δὲ

393 1200 734 1273 μυστήριον
780 1196 958 1251 τοῦτο
992 1193 1147 1264 μέγα
1189 1193 1398 1247 ἐστιν·
1445 1190 1559 1261 ἐγὼ
1592 1190 1661 1243 δὲ
1696 1189 1855 1258 λέγω
1901 1190 1988 1253 εἷς

394 1294 659 1364 Χριστὸν
711 1290 808 1345 καὶ
844 1289 931 1354 είς
972 1288 1090 1357 τὴν
1143 1285 1537 1353 Ἐκκλησίαν,
1570 1283 1736 1354 φησὶν
1767 1282 1795 1332 6
1845 1279 1988 1344 θεῖος

409 1383 752 1444 Ἀπόστολος.
788 1382 899 1433 Καὶ
932 1378 1123 1433 πάλινο
1168 1377 1220 1428 Ὁ
1246 1376 1627 1444 κολλώμενος
1662 1372 1740 1438 τῷ
1770 1372 1986 1441 Κυρίῳ,

397 1476 472 1531 ἓν
500 1474 737 1543 πνεῦμὰ
769 1475 925 1527 ἐστι.

399 1570 699 1624 exs-istam:
738 1566 914 1621 Erunt
950 1564 1101 1618 enim
1162 1562 1264 1616 duo
1297 1563 1353 1616 in
1378 1575 1542 1616 carne
1581 1576 1712 1614 una.
1750 1556 2160 1616 Sacramentum
2189 1564 2285 1617 hoc
2316 1582 2571 1635 magnum
2602 1574 2718 1629 est;
2753 1581 2846 1633 ego
2891 1577 3070 1619 autem
3106 1568 3221 1621 dico
3281 1570 3337 1621 in
3360 1570 3588 1635 Christo,
3624 1581 3676 1624 et
3770 1626 3775 1629 ,

2085 549 2383 611 turbando,
2440 550 2764 621 possintque
2820 555 3128 609 molestiam
3183 555 3385 618 facere,
3434 554 3555 624 ejus
3612 553 3667 606 in

2085 641 2199 694 Deo
2250 648 2526 696 secretum
2571 642 2802 712 attingat
2850 645 3012 711 nihil,
3072 662 3136 700 ac
3166 657 3671 717 assequatur;quo

2087 731 2145 784 in
2175 731 2339 785 beato
2386 749 2451 788 ac
2487 735 2840 791 sanctissimo
2881 737 3051 791 cubili
3103 740 3455 794 tremendum
3507 739 3667 803 illud,

2082 824 2203 894 ejus
2236 825 2468 879 unitatis
2492 841 2614 895 qua:
2655 815 2858 882 mentis
2897 845 3119 884 omnem
3171 833 3470 901 cogitatum
3499 839 3671 890 ratio-

2084 930 2324 984 nemque
2356 925 2582 985 superat
2628 934 2690 972 ac
2731 935 3062 986 sermonem,
3101 925 3420 994 mysterium
3457 928 3673 996 peragi-

2091 1016 2217 1069 tur;
2252 1006 2410 1077 cujus
2430 1008 2625 1076 gratia,
2680 1024 2787 1062 una
2816 1026 2946 1065 caro
2975 1028 3231 1083 unusque
3264 1014 3670 1089 spiritus,.cum

2090 1095 2238 1152 Deus
2276 1112 2403 1151 cum
2450 1098 2699 1154 Ecclesia
2741 1101 2980 1171 (nempe
3033 1104 3258 1177 anima)
3322 1115 3440 1162 tum
3489 1110 3672 1165 anima

2087 1204 2215 1244 cum
2244 1188 2358 1243 Deo
2386 1188 2676 1246 eilicietur.
2706 1191 2751 1248 Ο
2778 1197 3059 1262 quomodo
3089 1206 3263 1264 tuam,
3297 1199 3540 1268 Christe,
3575 1203 3672 1258 bo-

2087 1284 2315 1340 nitatem
2348 1287 2666 1343 demirabor
2699 1304 2765 1344 ac
2797 1290 3127 1359 suspiciam!
3168 1291 3287 1346 Non
3316 1295 3462 1347 enim
3492 1297 3671 1351 ausim

2088 1377 2300 1444 dicere,
2330 1379 2602 1448 Laudabo,
2645 1381 2739 1451 qui
2768 1396 2948 1451 neque
2992 1383 3061 1437 ad
3088 1383 3252 1455 digne
3284 1385 3671 1442 admirandum
3766 1408 3773 1413 ο

2088 1470 2333 1540 satisque
2357 1473 2772 1542 suspiciendum
2797 1473 3102 1531 sufﬁciente
3134 1474 3440 1532 instructus
3472 1480 3676 1535 virtute

394 1664 453 1715 in
478 1660 743 1725 Ecclesia,
781 1658 962 1728 inquit
995 1657 1218 1711 divinus
1248 1654 1549 1724 Apostolus
1586 1660 1633 1705 ο.
1673 1653 1741 1706 Et
1780 1653 1979 1706 iterum
2017 1670 2029 1704 :
2074 1652 2176 1718 Qui
2199 1655 2434 1710 adliceret
2474 1656 2603 1722 Deo,
2643 1674 2780 1711 unus
2809 1660 3033 1726 spiritus
3060 1669 3134 1713 est
3158 1670 3204 1714 P.

470 1753 627 1809 Οὕτω
663 1751 794 1820 γοῦν
827 1749 1030 1817 ἑνοειδῆ
1083 1747 1386 1816 γενομένην
1437 1744 1650 1815 ψυχὴν,
1703 1745 1797 1798 καὶ
1856 1743 1991 1814 πρὸς

2166 1746 2271 1801 Ubi
2301 1747 2473 1818 igitur
2511 1749 2697 1803 anima
2736 1749 2817 1804 sic
2850 1749 3150 1805 uniformis
3196 1752 3460 1816 evaserit,
3494 1768 3559 1807 ac
3592 1769 3677 1807 se-

400 1844 603 1913 ἑαυτὴν
634 1844 729 1896 καὶ
754 1842 847 1895 τδν
897 1839 1034 1893 Θεὸν
1081 1838 1459 1910 συναχθεῖσαν,
1495 1838 1596 1891 οὐκ
1632 1837 1787 1890 ἔσται
1835 1838 1864 1889 ό
1905 1838 1986 1900 είς

404 1936 574 1990 πολλὰ
627 1935 750 1989 κατ’
809 1933 1053 1987 ἐπίνοιαν
1106 1933 1276 2001 αὐτὴν
1310 1930 1390 1983 ἔτι
1436 1929 1659 2000 διαιρῶν
1699 1928 1876 1996 λόγος,
1910 1927 1988 1998 τῷ

406 2028 606 2101 πρώτῳ
662 2026 760 2081 aa!
810 2025 956 2095 μόνῳ
1005 2025 1099 2077 καὶ
1146 2023 1227 2077 ἐνὶ
1264 2022 1425 2093 Λόγῳ
1472 2035 1531 2073 τε
1572 2020 1664 2073 καλ¹
1699 2018 1817 2089 Θεῷ
1853 2036 1986 2071 κατ-

407 2122 748 2193 εστεμμένην
778 2119 876 2188 τὴν
909 2116 1188 2186 κεφαλήν
1213 2117 1270 2168 ὲν
1291 2108 1495 2183 ᾧκατὰ
1534 2114 1662 2184 μίαν
1698 2112 1990 2182 ἀπερινόη-

405 2229 504 2265 τον
547 2210 823 2280 ἁπλότητα
859 2207 1061 2270 πάντες
1099 2208 1150 2258 οί
1202 2205 1311 2259 τῶν
1351 2204 1520 2259 ὄντων
1550 2203 1697 2270 λόγοι
1743 2201 1989 2264 ἑνοειδῶς

407 2303 506 2358 καὶ
535 2304 639 2355 εἰσὶ
671 2302 767 2355 καὶ
792 2300 1187 2371 ύςρεστήκασιν,
1223 2298 1300 2360 ὡς
1326 2292 1648 2366 δημιουργῷ
1677 2292 1785 2345 τῶν
1820 2291 1990 2345 ὄντων

405 2394 504 2450 καὶ
570 2394 802 2462 ποιητῇ’
861 2384 905 2457 ᾧ
970 2388 1386 2452 ὲνατενίζουσα,
1444 2385 1546 2438 οὑκ
1600 2381 1756 2445 ἐκτὸς
1817 2380 1992 2447 αὐτῆς

401 2487 555 2548 ὖντι,
618 2483 735 2539 ἀλλ’
797 2485 855 2536 ὲν
924 2482 1022 2555 ὅλῃ
1075 2480 1211 2551 ὅλῳ,
1262 2478 1405 2533 κατὰ
1449 2476 1626 2542 ἁπλῆν
1683 2471 1992 2544 προσϐολὴν

401 2580 611 2634 εἴσεται
659 2579 753 2632 καὶ
801 2577 939 2648 αὐτὴ
989 2577 1116 2639 τοὺς
1169 2575 1275 2627 τῶν
1308 2574 1479 2627 ὄντων
1525 2571 1716 2640 λόγους
1753 2569 1847 2623 καὶ
1894 2566 1993 2630 τὰς

401 2672 607 2737 αἰτίας,
636 2670 704 2724 δι’
734 2669 827 2733 οὓς
857 2669 1016 2739 τυχὸν
1048 2669 1177 2738 πρὶν
1204 2684 1265 2720 νυ
1275 2664 1581 2736 μφευθῆναι
1614 2661 1691 2733 τῷ
1717 2661 1875 2732 Λόγῳ
1902 2658 1993 2713 καὶ

401 2765 528 2834 Θεῷ
557 2767 677 2826 ταῖς
711 2763 1065 2833 διαιρετικαῖς
1108 2762 1351 2831 ὑπήγετο
1392 2758 1668 2829 μεθόδοις·
1711 2753 1993 2818 σωστικῶς

401 2874 467 2911 τε
513 2857 580 2909 δι’
618 2854 798 2909 αὐτῶν
833 2853 928 2906 καὶ
962 2850 1295 2921 ὲναρμονίως
1326 2849 1462 2921 πρὸς
1493 2846 1657 2901 αὐτὸν
1689 2844 1989 2915 φερομένη,
2032 2848 2039 2854 ”

404 2951 502 3004 τὸν
551 2949 753 3010 παντὸς
781 2946 942 3016 λόγου
975 2945 1068 3011 καὶ
1107 2945 1288 3014 πάσης
1334 2941 1512 3004 αἰτίας
1543 2936 1893 3010 περιεκτικόν
1931 2951 1991 2989 τε

404 3042 503 3095 καὶ
533 3041 782 3111 ποιητήν.

493 3219 712 3289 Ἐπειδὴ
756 3214 932 3272 ταῦτα
974 3216 1153 3271 τοίνυν
1195 3215 1296 3288 τῆς
1323 3213 1503 3285 ψυχῆς
1553 3212 1710 3277 εἰσὶν,
1746 3208 1822 3275 ὼς
1852 3210 1990 3281 ἐφα-

407 3332 536 3389 μεν,
576 3314 718 3367 κατὰ
750 3312 878 3366 νοῦν
911 3311 1011 3379 μὲν
1037 3310 1265 3380 ἐχούσης
1295 3308 1524 3378 δυνάμει
1551 3307 1648 3377 τὴν
1680 3305 1892 3373 σοφίαν,
1927 3304 1992 3357 ὲκ
2038 3340 2043 3343 -

404 3408 466 3460 δὲ
499 3410 596 3477 τῆς
628 3404 817 3473 σοφίας
850 3404 949 3473 τὴν
978 3400 1231 3472 θεωρίαν,
1288 3404 1353 3453 ἐκ
1395 3400 1453 3452 δὲ
1486 3399 1691 3467 ταύτης
1716 3397 1814 3466 τήν
1845 3396 1990 3463 γνῶ-

408 3517 527 3554 σιν⁸
560 3500 625 3552 ὲκ
655 3497 711 3551 δὲ
741 3499 841 3567 τῆς
865 3494 1122 3566 γνώσεως
1151 3493 1251 3566 τὴν
1277 3492 1510 3564 ἄληστον
1540 3490 1743 3559 γνῶσιν
1763 3502 1776 3517 ⁵
1825 3487 1893 3540 δι’
1923 3476 1993 3559 ἧς

408 3591 550 3664 πρὸς
601 3590 700 3661 τὴν
749 3589 1006 3662 ἀλήθειαν
1055 3587 1132 3651 ὼς
1161 3588 1333 3657 πέρας
1365 3586 1460 3639 καὶ
1487 3581 1644 3645 τέλος
1687 3577 1853 3635 οὖσαν
1884 3579 1992 3631 τῶν

408 3684 555 3738 κατὰ
582 3683 707 3736 νοῦν
737 3681 962 3751 ἀγαθῶν
1007 3681 1233 3748 ἄγεται·
1268 3677 1408 3732 κατὰ
1447 3677 1503 3729 δὲ
1528 3666 1805 3740 τὸνλόγον
1835 3669 1993 3742 ἐχού-

380 3790 517 3845 ’σης
546 3775 643 3846 τὴν
675 3773 958 3844 φρόνησιν,
1000 3773 1065 3824 ὲκ
1108 3770 1166 3823 δὲ
1212 3769 1413 3840 ταύτης
1440 3766 1538 3839 τὴν
1582 3765 1804 3837 πρᾶξιν,
1833 3765 1897 3816 ἐκ
1937 3760 1994 3814 δὲ

415 3867 519 3938 τῆς
555 3867 806 3939 πράξεως
842 3866 942 3937 τὴν
974 3863 1195 3936 ἀρετὴν,
1220 3864 1284 3915 ὲκ
1324 3861 1382 3915 δὲ
1419 3860 1623 3929 ταύτης
1649 3859 1749 3929 τὴν
1778 3855 1992 3920 πίστιν,

415 3959 543 4012 καθ’
572 3960 633 4029 ἥν
666 3959 746 4021 είς
790 3957 849 4009 τὸ
893 3955 1096 4024 ἀγαθὸν
1122 3954 1197 4017 ὡς
1224 3952 1380 4015 τέλος
1421 3952 1688 4019 μακάριον
1716 3947 1825 4002 τῶν
1851 3946 1996 4014 λογι-

409 4052 531 4107 κῶν
561 4048 825 4122 ὲνεργιῶν
867 4046 1169 4118 καταλήγει
1192 4063 1207 4077 ο
1257 4046 1325 4098 δι’
1358 4037 1433 4097 ὧν
1463 4042 1500 4114 ,ἡ
1549 4041 1659 4096 τῶν
1686 4041 1846 4095 θείων
1877 4041 1997 4093 ὲπιο

415 4144 623 4214 στήμη,
655 4142 797 4196 κατὰ
827 4139 1046 4195 σύνοδον
1084 4139 1184 4210 τῆς
1211 4138 1348 4209 πρὸς
1384 4134 1590 4207 ἄλληλα
1619 4134 1824 4189 τούτων
1866 4132 1997 4186 ἑνώ-

414 4252 578 4301 σεως,
611 4232 969 4302 συλλέγεταιο
1003 4230 1143 4302 πρὸς
1188 4228 1360 4285 ταῦτα
1388 4230 1566 4284 πάντα
1597 4227 1783 4296 σαφῶς
1822 4225 1999 4297 όιρμόε¹

412 4328 594 4391 ζεται,
631 4325 774 4378 κατὰ
804 4322 902 4395 τὴν
926 4323 1159 4396 θεωρίαν
1187 4319 1514 4392 εἰκαζομένη
1540 4323 1605 4391 τῇ
1630 4319 1775 4389 ψυχῇ
1805 4318 1837 4388 ή
1869 4316 2000 4385 ἁγία

411 4416 514 4470 τοῦ
566 4414 1070 4486 ΘεούἘκκλησία*
1108 4412 1175 4468 τὰ
1217 4414 1318 4486 μὲν
1347 4413 1488 4467 κατά
1538 4411 1665 4466 νοῦν
1697 4410 1877 4464 πάντα
1905 4409 2001 4462 καλ⁹

416 4513 488 4563 ἐκ
528 4509 620 4561 τοῦ
661 4509 753 4562 νοῦ
787 4508 930 4561 κατὰ
979 4507 1205 4578 πρόοδον
1251 4502 1391 4560 εἶναι
1433 4504 1736 4576 δειχθέντα,
1777 4502 1864 4556 διὰ
1908 4498 2003 4554 τοῦ

423 4604 696 4676 ἱερατείου
734 4600 1079 4672 σημαίνουσα
1099 4614 1112 4629 ο
1149 4599 1217 4653 τὰ
1255 4598 1311 4650 δὲ
1343 4595 1601 4667 κατὰῆτὸν
1628 4594 1784 4661 λόγον
1812 4593 1905 4646 καὶ
1943 4593 2008 4644 ὲκ

416 4698 518 4753 τοῦ
552 4697 714 4765 λόγου
748 4693 892 4748 κατὰ
924 4690 1221 4760 ,διαστολὴν
1263 4684 1402 4742 εῖναι
1434 4686 1766 4758 δηλωθέντα,
1797 4686 1884 4740 διὰ
1911 4684 2006 4738 τοῦ

418 4789 554 4845 ναοῦ
586 4786 988 4858 σαφηνίζουσα’
1043 4783 1136 4837 καὶ
1191 4780 1365 4835 πάντα
1414 4779 1724 4848 συνάγουσα
1771 4777 1908 4847 πρὸς
1949 4777 2010 4831 τὸ

416 4880 747 4951 τελούμενον
799 4877 893 4930 ἐπὶ
940 4874 1035 4928 τοῦ
1066 4873 1212 4927 θείου
1244 4871 1631 4942 θυσιαστηρίου
1668 4871 2000 4942 μυστήριον’

413 4978 560 5044 ὅπερ
586 4973 678 5027 διὰ
701 4972 810 5027 τῶν
851 4968 995 5025 κατὰ
1025 4968 1123 5039 τὴν
1165 4964 1494 5035 Ἐκκλησίαν
1519 4963 1955 5033 ἐπιτελουμένων
1979 4963 2007 5014 6

414 5064 675 5137 δυνηθεὶς
724 5061 1012 5132 ἐμφρόνως
1069 5057 1165 5111 καὶ
1214 5054 1393 5122 σοφῶς
1439 5053 1733 5125 μυηθῆναι,
1778 5052 2007 5121 Ἐκκλη-

419 5158 548 5212 σίαν
572 5159 743 5218 ὅντως
772 5153 933 5216 Θεοῦ,
967 5151 1063 5204 καὶ
1096 5148 1244 5201 θείαν
1271 5146 1371 5216 τὴν
1411 5144 1607 5198 ἑαυτοῦ
1653 5143 1834 5217 ψυχὴν
1880 5162 2010 5199 κατ-

420 5236 728 5314 εστήσατο’
780 5246 845 5299 δι’
894 5245 961 5315 ἢν
1013 5244 1163 5304 ἴσως,
1212 5239 1305 5291 καὶ
1334 5232 1401 5309 ἧς
1432 5240 1465 5309 ἠ
1501 5237 1881 5309 χειροποίητος
1918 5237 2008 5288 ἐκν

419 5339 627 5409 κλησία
656 5337 836 5406 σοφῶς
875 5335 966 5388 διὰ
1005 5333 1107 5403 τῆς
1136 5333 1196 5382 ὲν
1223 5330 1357 5401 αὐτῇ
1397 5328 1504 5383 τῶν
1534 5329 1693 5383 θείων
1733 5328 2008 5392 ποικιλίας

498 5502 527 5532 ο
549 5496 749 5565 Ephes.
776 5511 829 5556 ν,
854 5493 943 5547 52.
1026 5491 1093 5544 pl
1122 5488 1253 5544 Cor.
1274 5505 1349 5551 vt,
1374 5489 1461 5542 l7.

2092 1852 2218 1891 cum
2275 1838 2414 1907 ipsa,
2451 1846 2658 1892 etcum
2702 1839 2816 1893 Deo
2865 1840 3093 1895 collecta
3136 1840 3326 1907 fuerit,
3378 1842 3524 1896 haud
3559 1843 3673 1912 jam

2091 1929 2201 1982 erit
2238 1930 2400 1992 ratio,
2428 1945 2550 1999 quae
2579 1930 2772 1984 subtili
2809 1946 2926 1989 eam
2962 1932 3203 2003 cogitatu
3239 1933 3293 1986 in
3321 1934 3496 1988 multa
3528 1934 3678 1989 divi-

2093 2019 2217 2085 dat;
2254 2020 2459 2089 quippe
2484 2037 2608 2075 cum
2628 2022 2809 2088 prima
2834 2024 3061 2093 solaque
3096 2040 3159 2078 ac
3190 2024 3407 2079 unailla
3439 2028 3677 2087 ratione.

2092 2111 2316 2182 Deoque
2335 2120 2664 2195 coronatum
2686 2122 2853 2184 caput
2878 2110 3117 2180 haheat;
3147 2115 3201 2169 in
3227 2131 3361 2186 quo,
3394 2132 3493 2186 per
3513 2134 3682 2172 uuam

2092 2218 2215 2273 quae
2243 2203 2542 2276 cogitatum
2576 2222 2795 2260 omnem
2820 2216 3066 2277 superat,
3096 2208 3531 2279 simplicitatem,
3559 2226 3680 2265 om-

2094 2311 2194 2350 nes
2214 2311 2410 2357 rerum
2463 2298 2708 2353 rationes
2751 2299 3106 2356 uniformiter
3140 2310 3398 2372 tanquam
3445 2304 3500 2357 in
3533 2304 3681 2373 ipsa—

2092 2405 2217 2444 rum
2252 2396 2479 2445 auctorc
2520 2405 2585 2446 ac
2629 2390 2849 2461 opiﬁee,
2893 2393 3171 2448 exsistunt
3215 2393 3680 2463 consistuntque;

2095 2481 2151 2535 in
2180 2496 2368 2550 quem,
2410 2484 2505 2551 qui
2534 2498 2645 2536 non
2690 2495 2845 2538 extra
2900 2484 3095 2555 ipsam,
3159 2484 3256 2539 sed
3292 2485 3347 2538 in
3378 2493 3491 2539 tota
3534 2493 3683 2541 totus

2094 2577 2342 2641 exsistat,
2381 2576 2621 2647 simplici
2649 2586 2849 2633 conatu
2875 2594 2939 2633 ac
2966 2579 3173 2634 intuitu
3212 2578 3530 2644 intendens,
3562 2581 3681 2650 ipsa

2093 2652 2314 2737 quoque
2332 2683 2519 2721 rerum
2548 2669 2791 2724 rationes
2807 2684 3110 2740 causasque
3130 2670 3422 2740 intelliget,
3452 2670 3524 2725 ob
3542 2685 3683 2741 quas

2094 2760 2237 2815 forte
2284 2768 2582 2831 antequam
2618 2762 2795 2817 Verbo
2847 2779 2913 2818 ac
2942 2763 3057 2817 Deo
3090 2773 3246 2818 esset
3274 2764 3567 2832 desponsa,
3598 2763 3685 2817 di-

2094 2851 2326 2906 visionis
2369 2852 2457 2907 via
2505 2868 2571 2907 ac
2623 2853 2837 2909 ratione
2880 2853 3419 2924 pelliciebaturrac
3477 2853 3683 2923 quibus

2094 2961 2223 3001 cum
2268 2946 2466 3010 salute,
2508 2961 2915 3017 numeroseque
2953 2963 3017 3002 ac
3060 2947 3337 3002 concinne‘
3367 2946 3434 3001 ad
3472 2947 3680 3016 ipsum,

2097 3036 2193 3108 qui
2234 3052 2456 3092 omnem
2504 3038 2798 3103 rationem,
2852 3053 3187 3107 omnemque
3243 3053 3467 3093 causam
3500 3038 3683 3092 conti-

2097 3137 2212 3193 net,
2248 3138 2551 3199 auctorque
2581 3129 2778 3183 harum
2808 3128 3044 3194 exsistit,
3087 3128 3389 3184 ferebatur.

2162 3219 2301 3286 Quia
2326 3220 2517 3297 igitur.
2549 3220 2686 3281 haec.
2720 3229 2782 3275 ut
2825 3221 3088 3284 diximus,
3135 3220 3334 3281 animae
3380 3229 3530 3285 sunt,
3562 3236 3687 3290 quas

2095 3313 2148 3367 in
2180 3322 2363 3368 mente
2388 3314 2635 3383 potentia
2666 3314 2993 3382 sapientiam
3018 3312 3238 3379 habeat,
3267 3329 3445 3383 exque
3468 3317 3687 3383 sapien-

2094 3401 2171 3455 tia
2201 3402 2758 3470 contcmplationcm,
2792 3411 2959 3472 atque
3007 3418 3075 3457 ex
3108 3402 3199 3456 illa
3247 3402 3573 3466 scientiam;
3617 3415 3687 3457 ex

2094 3494 2331 3549 scientia
2377 3494 2619 3564 denique
2669 3494 3025 3550 iudelebilem
3066 3495 3215 3549 illam
3263 3510 3329 3550 ac
3358 3504 3685 3564 perpetuam

2094 3590 2403 3653 scientiam,
2444 3606 2551 3660 qua
2597 3591 2665 3645 ad
2713 3591 3003 3645 veritatem
3035 3590 3261 3645 ducitur
3306 3601 3365 3645 ut
3410 3591 3684 3647 bonorum

2095 3680 2262 3734 animi
2301 3682 2595 3735 terminum
2628 3699 2692 3737 ac
2729 3682 2927 3744 tinctu:
2981 3683 3147 3752 inque
3182 3684 3396 3739 ratione
3435 3685 3685 3754 pruden-

2099 3775 2252 3837 tiam,
2281 3784 2447 3843 atque
2477 3791 2544 3830 ex
2575 3775 2670 3828 illa
2712 3776 3011 3841 actionem,
3043 3792 3111 3831 ex
3141 3776 3362 3831 actione
3392 3778 3685 3834 virtutem.

2096 3882 2273 3935 exque
2306 3866 2397 3920 illa
2428 3866 2624 3931 (idem;
2659 3867 2819 3937 cujus
2853 3883 3082 3923 munere
3115 3868 3171 3922 in
3222 3868 3390 3933 bono,
3423 3877 3685 3938 tanquam

2098 3957 2262 4012 beato
2308 3957 2417 4013 ﬁne
2466 3959 2855 4028 operationum
2905 3959 3138 4015 rationis
3181 3959 3384 4014 desinit
3433 3975 3498 4015 ac
3547 3975 3686 4015 con-

2098 4049 2366 4121 quiescit;
2399 4065 2498 4120 per
2520 4067 2643 4119 qua:
2668 4050 2984 4108 divinorum
3018 4052 3110 4109 illa
3135 4053 3370 4109 scientia
3391 4068 3461 4107 ex
3488 4053 3687 4107 horum

2100 4142 2250 4196 inter
2278 4156 2337 4195 se
2366 4140 2592 4196 unionis
2623 4157 2901 4198 concursu
2929 4144 3213 4215 colligitur
3242 4159 3307 4199 ac
3337 4142 3498 4214 505
3522 4158 3687 4213 para-

2102 4245 2225 4300 tur;
2279 4233 2349 4287 ad
2404 4233 2522 4288 haec
2564 4234 2752 4288 omnia
2805 4242 2996 4304 aperte
3037 4235 3333 4304 quadrabit
3379 4234 3688 4290 secundum

2103 4326 2410 4396 spiritalem
2456 4326 2880 4398 intelligentiam
2916 4328 3114 4382 animae
3162 4328 3466 4383 assimilata
3499 4340 3690 4383 sancta

2035 4446 2080 4500 υ
2106 4417 2206 4473 Dei
2235 4417 2510 4484 Ecclesia;
2546 4434 2670 4488 qua
2698 4432 2765 4473 ea
2790 4433 2915 4488 quae
2960 4418 3016 4472 in
3050 4428 3258 4483 mente,
3287 4435 3467 4488 exque
3502 4430 3691 4475 mente

2107 4504 2411 4561 secundum
2459 4521 2783 4576 processum
2834 4507 3106 4563 exsistere
3175 4509 3433 4565 universa
3495 4519 3689 4567 osten-

2104 4595 2310 4678 dimus,
2356 4613 2456 4667 per
2502 4598 2811 4653 sacrarium
2863 4598 3196 4670 signiticet;
3226 4613 3351 4669 quae
3401 4610 3587 4656 autem
3633 4602 3692 4657 in

2106 4689 2342 4753 ratione,
2398 4704 2575 4760 exque
2631 4691 2847 4745 ratione
2912 4691 3217 4746 secundum
3274 4693 3694 4750 distractionem

2091 4794 2232 4850 esse
2277 4789 2583 4835 monstrata
2616 4790 2771 4846 sunt,
2808 4797 2904 4851 per
2940 4783 3209 4853 templum
3249 4782 3696 4865 declaret;icun-

2112 4879 2309 4941 ctaque
2348 4888 2519 4942 penes
2556 4876 2880 4946 mysterium
2909 4875 3057 4944 quod
3087 4875 3144 4930 in
3169 4876 3358 4932 divino
3384 4877 3543 4933 altari
3572 4894 3698 4948 per-

2112 4963 2314 5033 agitur,
2336 4965 2591 5036 colligat:
2621 4966 2769 5036 quod
2792 4967 3046 5037 quisquis
3079 4982 3147 5023 ex
3174 4967 3243 5023 iis
3268 4984 3390 5039 quae
3420 4970 3475 5024 in
3502 4969 3697 5026 Eccle-

2072 5083 2077 5088 -
2116 5054 2198 5138 sia
2222 5054 2585 5111 celebrantur
2614 5057 2852 5112 solerter
2876 5074 2941 5115 ac
2972 5059 3254 5129 sapienter
3280 5058 3473 5115 doceri
3492 5060 3695 5131 potuit,

2117 5144 2214 5199 Dei
2246 5161 2440 5201 revera
2466 5148 2794 5215 Eeclesiam,
2823 5150 3180 5220 divinamque
3204 5166 3360 5206 suam
3408 5152 3525 5223 ipse
3581 5153 3690 5208 ani-

2115 5254 2260 5292 mam
2322 5239 2600 5309 reddidit;
2652 5243 2708 5297 in
2762 5244 2919 5315 cujus
2949 5242 3089 5300 forte
3136 5246 3392 5315 gratiam,
3425 5261 3491 5302 ac
3542 5248 3697 5318 cujus

2115 5330 2417 5400 symbolice
2442 5335 2724 5404 exemplar
2755 5334 3068 5390 manufacta
3101 5336 3357 5404 ecclesia,
3384 5353 3483 5408 per
3503 5353 3693 5394 eorum

1710 5637 1946 5693 VARle
1987 5638 2391 5696 LECTIONES.

506 5769 551 5799 ’⁵
592 5767 683 5825 Fr.
731 5766 1025 5835 ἐκκλησίαν
1053 5764 1365 5833 ψυχήν.¹⁹³⁰
1409 5777 1575 5830 γραυ.
1609 5760 1702 5812 καὶ
1730 5758 1848 5812 σοῦ.

666 5864 940 5950 Parnm.t
975 5862 1092 5922 Gn.
1128 5860 1293 5920 XCI.

3302 5856 3387 5917 2'2.
