  <div class='ocr_page' id='page_1' title='image "/cluster/home/n/w/nwhite01/storage/ocr_20150623/91:no.2/coo.31924054869957/361.png"; bbox 0 0 4094 6360; ppageno 0'>
   <div class='ocr_carea' id='block_1_1' title="bbox 447 353 547 421">
    <p class='ocr_par' dir='ltr' id='par_1_1' title="bbox 447 353 547 421">
     <span class='ocr_line' id='line_1_1' title="bbox 447 353 547 421; baseline -0.06 0"><span class='ocrx_word' id='word_1_1' title='bbox 447 353 547 421; x_wconf 72' lang='grc'><strong>(83</strong></span> 
     </span>
    </p>
   </div>
   <div class='ocr_carea' id='block_1_2' title="bbox 1605 351 2540 414">
    <p class='ocr_par' dir='ltr' id='par_1_2' title="bbox 1605 351 2540 414">
     <span class='ocr_line' id='line_1_2' title="bbox 1605 351 2540 414; baseline 0.003 -3"><span class='ocrx_word' id='word_1_2' title='bbox 1605 354 1665 412; x_wconf 93' lang='lat' dir='ltr'><strong>S.</strong></span> <span class='ocrx_word' id='word_1_3' title='bbox 1708 351 1991 412; x_wconf 82' lang='lat' dir='ltr'><strong>MAXIMI</strong></span> <span class='ocrx_word' id='word_1_4' title='bbox 2030 351 2540 414; x_wconf 81' lang='lat' dir='ltr'><strong>CONFESSORIS</strong></span> 
     </span>
    </p>
   </div>
   <div class='ocr_carea' id='block_1_3' title="bbox 3596 359 3703 421">
    <p class='ocr_par' dir='ltr' id='par_1_3' title="bbox 3596 359 3703 421">
     <span class='ocr_line' id='line_1_3' title="bbox 3596 359 3703 421; baseline 0 -2"><span class='ocrx_word' id='word_1_5' title='bbox 3596 359 3703 421; x_wconf 69' lang='grc'><strong>684</strong></span> 
     </span>
    </p>
   </div>
   <div class='ocr_carea' id='block_1_4' title="bbox 441 458 2025 541">
    <p class='ocr_par' dir='ltr' id='par_1_4' title="bbox 441 458 2020 534">
     <span class='ocr_line' id='line_1_4' title="bbox 441 458 2020 534; baseline 0.003 -22"><span class='ocrx_word' id='word_1_6' title='bbox 441 474 564 528; x_wconf 67' lang='lat' dir='ltr'><strong>quae</strong></span> <span class='ocrx_word' id='word_1_7' title='bbox 591 458 646 513; x_wconf 90' lang='lat' dir='ltr'><strong>in</strong></span> <span class='ocrx_word' id='word_1_8' title='bbox 685 475 750 514; x_wconf 86' lang='lat' dir='ltr'><strong>ea</strong></span> <span class='ocrx_word' id='word_1_9' title='bbox 774 459 962 516; x_wconf 75' lang='lat' dir='ltr'><strong>divina</strong></span> <span class='ocrx_word' id='word_1_10' title='bbox 995 469 1354 534; x_wconf 68' lang='lat' dir='ltr'><strong>peraguntur,</strong></span> <span class='ocrx_word' id='word_1_11' title='bbox 1396 460 1743 530; x_wconf 77' lang='lat' dir='ltr'><strong>varietatem,</strong></span> <span class='ocrx_word' id='word_1_12' title='bbox 1800 461 2020 532; x_wconf 87' lang='lat' dir='ltr'><strong>sapien-</strong></span> 
     </span>
    </p>
   </div>
   <div class='ocr_carea' id='block_1_5' title="bbox 2127 458 3704 541">
    <p class='ocr_par' dir='ltr' id='par_1_5' title="bbox 2127 460 3704 541">
     <span class='ocr_line' id='line_1_5' title="bbox 2127 460 3704 541; baseline 0.004 -25"><span class='ocrx_word' id='word_1_13' title='bbox 2127 463 2261 517; x_wconf 82' lang='grc' dir='ltr'>κατὰ</span> <span class='ocrx_word' id='word_1_14' title='bbox 2294 464 2562 536; x_wconf 78' lang='grc' dir='ltr'>σύμϐολον</span> <span class='ocrx_word' id='word_1_15' title='bbox 2591 460 2725 519; x_wconf 83' lang='grc' dir='ltr'>οὖσα</span> <span class='ocrx_word' id='word_1_16' title='bbox 2759 466 3131 541; x_wconf 82' lang='grc' dir='ltr'>παράδειγμα,</span> <span class='ocrx_word' id='word_1_17' title='bbox 3170 471 3303 540; x_wconf 63' lang='grc' dir='ltr'>πρδς</span> <span class='ocrx_word' id='word_1_18' title='bbox 3346 470 3568 541; x_wconf 56' lang='grc' dir='ltr'>ὁόηθίίαν</span> <span class='ocrx_word' id='word_1_19' title='bbox 3606 471 3704 525; x_wconf 86' lang='grc' dir='ltr'>τοῦ</span> 
     </span>
    </p>
   </div>
   <div class='ocr_carea' id='block_1_6' title="bbox 443 552 2019 625">
    <p class='ocr_par' dir='ltr' id='par_1_6' title="bbox 443 552 2019 625">
     <span class='ocr_line' id='line_1_6' title="bbox 443 552 2019 625; baseline 0.003 -21"><span class='ocrx_word' id='word_1_20' title='bbox 443 561 528 604; x_wconf 71' lang='lat' dir='ltr'><strong>ter</strong></span> <span class='ocrx_word' id='word_1_21' title='bbox 556 552 736 619; x_wconf 77' lang='lat' dir='ltr'><strong>nobis,</strong></span> <span class='ocrx_word' id='word_1_22' title='bbox 775 563 835 609; x_wconf 87' lang='lat' dir='ltr'><strong>ut</strong></span> <span class='ocrx_word' id='word_1_23' title='bbox 864 555 930 608; x_wconf 85' lang='lat' dir='ltr'><strong>ad</strong></span> <span class='ocrx_word' id='word_1_24' title='bbox 965 556 1261 610; x_wconf 84' lang='lat' dir='ltr'><strong>honestum</strong></span> <span class='ocrx_word' id='word_1_25' title='bbox 1304 556 1586 625; x_wconf 80' lang='lat' dir='ltr'><strong>Deumque</strong></span> <span class='ocrx_word' id='word_1_26' title='bbox 1620 555 1873 621; x_wconf 85' lang='lat' dir='ltr'><strong>duceret,</strong></span> <span class='ocrx_word' id='word_1_27' title='bbox 1905 563 2019 609; x_wconf 83' lang='lat' dir='ltr'><strong>tra-</strong></span> 
     </span>
    </p>
   </div>
   <div class='ocr_carea' id='block_1_7' title="bbox 441 644 687 698">
    <p class='ocr_par' dir='ltr' id='par_1_7' title="bbox 441 644 687 698">
     <span class='ocr_line' id='line_1_7' title="bbox 441 644 687 698; baseline 0.008 -4"><span class='ocrx_word' id='word_1_28' title='bbox 441 644 553 697; x_wconf 80' lang='lat' dir='ltr'><strong>dita</strong></span> <span class='ocrx_word' id='word_1_29' title='bbox 584 654 687 698; x_wconf 86' lang='lat' dir='ltr'><strong>est.</strong></span> 
     </span>
    </p>
   </div>
   <div class='ocr_carea' id='block_1_8' title="bbox 1058 751 1409 811">
    <p class='ocr_par' dir='ltr' id='par_1_8' title="bbox 1058 751 1409 811">
     <span class='ocr_line' id='line_1_8' title="bbox 1058 751 1409 811; baseline -0.003 -2"><span class='ocrx_word' id='word_1_30' title='bbox 1058 751 1284 811; x_wconf 80' lang='lat' dir='ltr'><strong>CAPUT</strong></span> <span class='ocrx_word' id='word_1_31' title='bbox 1320 754 1409 810; x_wconf 76' lang='grc' dir='ltr'><strong>γι.</strong></span> 
     </span>
    </p>
   </div>
   <div class='ocr_carea' id='block_1_9' title="bbox 442 864 2027 944">
    <p class='ocr_par' dir='ltr' id='par_1_9' title="bbox 442 864 2027 944">
     <span class='ocr_line' id='line_1_9' title="bbox 442 864 2027 944; baseline 0.007 -26"><span class='ocrx_word' id='word_1_32' title='bbox 442 864 735 931; x_wconf 76' lang='lat' dir='ltr'><strong>Quomodo,</strong></span> <span class='ocrx_word' id='word_1_33' title='bbox 771 884 832 921; x_wconf 84' lang='lat' dir='ltr'><strong>ac</strong></span> <span class='ocrx_word' id='word_1_34' title='bbox 855 885 1088 944; x_wconf 76' lang='lat' dir='ltr'><strong>quanam</strong></span> <span class='ocrx_word' id='word_1_35' title='bbox 1120 872 1326 944; x_wconf 77' lang='lat' dir='ltr'><strong>ratione</strong></span> <span class='ocrx_word' id='word_1_36' title='bbox 1354 874 1515 925; x_wconf 79' lang='lat' dir='ltr'><strong>etiam</strong></span> <span class='ocrx_word' id='word_1_37' title='bbox 1546 888 1703 926; x_wconf 87' lang='lat' dir='ltr'><strong>sacra</strong></span> <span class='ocrx_word' id='word_1_38' title='bbox 1748 870 2027 944; x_wconf 74' lang='lat' dir='ltr'><strong>Scriptura</strong></span> 
     </span>
    </p>
   </div>
   <div class='ocr_carea' id='block_1_10' title="bbox 1027 940 1442 995">
    <p class='ocr_par' dir='ltr' id='par_1_10' title="bbox 1027 940 1442 995">
     <span class='ocr_line' id='line_1_10' title="bbox 1027 940 1442 995; baseline 0.007 -3"><span class='ocrx_word' id='word_1_39' title='bbox 1027 940 1181 992; x_wconf 82' lang='lat' dir='ltr'><strong>homo</strong></span> <span class='ocrx_word' id='word_1_40' title='bbox 1214 941 1442 995; x_wconf 78' lang='lat' dir='ltr'><strong>dicatur.</strong></span> 
     </span>
    </p>
   </div>
   <div class='ocr_carea' id='block_1_11' title="bbox 513 1048 2025 1123">
    <p class='ocr_par' dir='ltr' id='par_1_11' title="bbox 513 1048 2025 1123">
     <span class='ocr_line' id='line_1_11' title="bbox 513 1048 2025 1123; baseline 0.005 -19"><span class='ocrx_word' id='word_1_41' title='bbox 513 1048 796 1120; x_wconf 66' lang='lat' dir='ltr'><strong>Scriptura</strong></span> <span class='ocrx_word' id='word_1_42' title='bbox 870 1051 1024 1105; x_wconf 79' lang='lat' dir='ltr'><strong>homo</strong></span> <span class='ocrx_word' id='word_1_43' title='bbox 1106 1054 1377 1123; x_wconf 76' lang='lat' dir='ltr'><strong>mysticus.</strong></span> <span class='ocrx_word' id='word_1_44' title='bbox 1430 1084 1500 1096; x_wconf 88' lang='lat'><strong>——</strong></span> <span class='ocrx_word' id='word_1_45' title='bbox 1547 1054 2025 1121; x_wconf 86' lang='lat' dir='ltr'><strong>Quemadmodum</strong></span> 
     </span>
    </p>
   </div>
   <div class='ocr_carea' id='block_1_12' title="bbox 441 1126 2029 1214">
    <p class='ocr_par' dir='ltr' id='par_1_12' title="bbox 441 1126 2029 1214">
     <span class='ocr_line' id='line_1_12' title="bbox 441 1126 2029 1214; baseline 0.002 -16"><span class='ocrx_word' id='word_1_46' title='bbox 441 1153 625 1199; x_wconf 85' lang='lat' dir='ltr'><strong>autem</strong></span> <span class='ocrx_word' id='word_1_47' title='bbox 663 1144 979 1214; x_wconf 81' lang='lat' dir='ltr'><strong>auagogica,</strong></span> <span class='ocrx_word' id='word_1_48' title='bbox 1028 1126 1335 1214; x_wconf 77' lang='lat' dir='ltr'><strong>sensusque</strong></span> <span class='ocrx_word' id='word_1_49' title='bbox 1383 1146 1741 1202; x_wconf 86' lang='lat' dir='ltr'><strong>rcmotissimi</strong></span> <span class='ocrx_word' id='word_1_50' title='bbox 1780 1156 2029 1203; x_wconf 88' lang='lat' dir='ltr'><strong>contem-</strong></span> 
     </span>
    </p>
   </div>
   <div class='ocr_carea' id='block_1_13' title="bbox 441 1236 2028 1310">
    <p class='ocr_par' dir='ltr' id='par_1_13' title="bbox 441 1236 2028 1310">
     <span class='ocr_line' id='line_1_13' title="bbox 441 1236 2028 1310; baseline 0.002 -21"><span class='ocrx_word' id='word_1_51' title='bbox 441 1236 708 1305; x_wconf 87' lang='lat' dir='ltr'><strong>platione,</strong></span> <span class='ocrx_word' id='word_1_52' title='bbox 751 1236 1058 1290; x_wconf 85' lang='lat' dir='ltr'><strong>Ecclesiam</strong></span> <span class='ocrx_word' id='word_1_53' title='bbox 1126 1237 1348 1292; x_wconf 88' lang='lat' dir='ltr'><strong>diccbat</strong></span> <span class='ocrx_word' id='word_1_54' title='bbox 1403 1253 1525 1293; x_wconf 87' lang='lat' dir='ltr'><strong>esse</strong></span> <span class='ocrx_word' id='word_1_55' title='bbox 1577 1238 1858 1294; x_wconf 81' lang='lat' dir='ltr'><strong>hominem</strong></span> <span class='ocrx_word' id='word_1_56' title='bbox 1912 1238 2028 1310; x_wconf 87' lang='lat' dir='ltr'><strong>spi-</strong></span> 
     </span>
    </p>
   </div>
   <div class='ocr_carea' id='block_1_14' title="bbox 442 1327 2023 1401">
    <p class='ocr_par' dir='ltr' id='par_1_14' title="bbox 442 1327 2023 1401">
     <span class='ocr_line' id='line_1_14' title="bbox 442 1327 2023 1401; baseline 0.003 -21"><span class='ocrx_word' id='word_1_57' title='bbox 442 1328 695 1395; x_wconf 88' lang='lat' dir='ltr'><strong>ritalcm;</strong></span> <span class='ocrx_word' id='word_1_58' title='bbox 742 1327 1024 1383; x_wconf 85' lang='lat' dir='ltr'><strong>hominem</strong></span> <span class='ocrx_word' id='word_1_59' title='bbox 1081 1338 1290 1394; x_wconf 87' lang='lat' dir='ltr'><strong>autem,</strong></span> <span class='ocrx_word' id='word_1_60' title='bbox 1344 1329 1632 1401; x_wconf 76' lang='lat' dir='ltr'><strong>mysticam</strong></span> <span class='ocrx_word' id='word_1_61' title='bbox 1683 1330 2023 1397; x_wconf 84' lang='lat' dir='ltr'><strong>Ecclesiam;</strong></span> 
     </span>
    </p>
   </div>
   <div class='ocr_carea' id='block_1_15' title="bbox 424 1417 2028 1492">
    <p class='ocr_par' dir='ltr' id='par_1_15' title="bbox 424 1417 2028 1492">
     <span class='ocr_line' id='line_1_15' title="bbox 424 1417 2028 1492; baseline 0.003 -20"><span class='ocrx_word' id='word_1_62' title='bbox 424 1420 517 1472; x_wconf 65' lang='lat' dir='ltr'><strong>ita</strong></span> <span class='ocrx_word' id='word_1_63' title='bbox 581 1418 747 1471; x_wconf 85' lang='lat' dir='ltr'><strong>etiam</strong></span> <span class='ocrx_word' id='word_1_64' title='bbox 824 1417 1145 1474; x_wconf 86' lang='lat' dir='ltr'><strong>universam</strong></span> <span class='ocrx_word' id='word_1_65' title='bbox 1219 1433 1331 1472; x_wconf 91' lang='lat' dir='ltr'><strong>uno</strong></span> <span class='ocrx_word' id='word_1_66' title='bbox 1393 1419 1684 1490; x_wconf 79' lang='lat' dir='ltr'><strong>complexu</strong></span> <span class='ocrx_word' id='word_1_67' title='bbox 1748 1421 2028 1492; x_wconf 87' lang='lat' dir='ltr'><strong>simulque</strong></span> 
     </span>
    </p>
   </div>
   <div class='ocr_carea' id='block_1_16' title="bbox 441 1505 2021 1579">
    <p class='ocr_par' dir='ltr' id='par_1_16' title="bbox 441 1505 2021 1579">
     <span class='ocr_line' id='line_1_16' title="bbox 441 1505 2021 1579; baseline 0.005 -20"><span class='ocrx_word' id='word_1_68' title='bbox 441 1516 717 1577; x_wconf 81' lang='lat' dir='ltr'><strong>sumptam</strong></span> <span class='ocrx_word' id='word_1_69' title='bbox 787 1505 1168 1577; x_wconf 88' lang='lat' dir='ltr'><strong>Scripturam,</strong></span> <span class='ocrx_word' id='word_1_70' title='bbox 1244 1509 1528 1565; x_wconf 87' lang='lat' dir='ltr'><strong>hominem</strong></span> <span class='ocrx_word' id='word_1_71' title='bbox 1599 1526 1721 1567; x_wconf 89' lang='lat' dir='ltr'><strong>esse</strong></span> <span class='ocrx_word' id='word_1_72' title='bbox 1789 1512 2021 1579; x_wconf 83' lang='lat' dir='ltr'><strong>aiebat;</strong></span> 
     </span>
    </p>
   </div>
   <div class='ocr_carea' id='block_1_17' title="bbox 440 1588 2021 1671">
    <p class='ocr_par' dir='ltr' id='par_1_17' title="bbox 440 1588 2021 1671">
     <span class='ocr_line' id='line_1_17' title="bbox 440 1588 2021 1671; baseline 0.004 -23"><span class='ocrx_word' id='word_1_73' title='bbox 440 1611 562 1665; x_wconf 77' lang='lat' dir='ltr'><strong>qua:</strong></span> <span class='ocrx_word' id='word_1_74' title='bbox 618 1594 881 1650; x_wconf 88' lang='lat' dir='ltr'><strong>nimirum</strong></span> <span class='ocrx_word' id='word_1_75' title='bbox 945 1597 1117 1652; x_wconf 71' lang='lat' dir='ltr'><strong>Vetus</strong></span> <span class='ocrx_word' id='word_1_76' title='bbox 1170 1588 1608 1665; x_wconf 82' lang='lat' dir='ltr'><strong>Testamentum,</strong></span> <span class='ocrx_word' id='word_1_77' title='bbox 1652 1615 1857 1671; x_wconf 90' lang='lat' dir='ltr'><strong>corpus</strong></span> <span class='ocrx_word' id='word_1_78' title='bbox 1918 1599 2021 1655; x_wconf 85' lang='lat' dir='ltr'><strong>ha-</strong></span> 
     </span>
    </p>
   </div>
   <div class='ocr_carea' id='block_1_18' title="bbox 438 1688 2025 1761">
    <p class='ocr_par' dir='ltr' id='par_1_18' title="bbox 438 1688 2025 1761">
     <span class='ocr_line' id='line_1_18' title="bbox 438 1688 2025 1761; baseline 0.004 -20"><span class='ocrx_word' id='word_1_79' title='bbox 438 1688 597 1755; x_wconf 86' lang='lat' dir='ltr'><strong>heat;</strong></span> <span class='ocrx_word' id='word_1_80' title='bbox 638 1688 851 1742; x_wconf 80' lang='lat' dir='ltr'><strong>Novum</strong></span> <span class='ocrx_word' id='word_1_81' title='bbox 904 1698 1114 1753; x_wconf 81' lang='lat' dir='ltr'><strong>autem,</strong></span> <span class='ocrx_word' id='word_1_82' title='bbox 1147 1689 1410 1756; x_wconf 89' lang='lat' dir='ltr'><strong>animam,</strong></span> <span class='ocrx_word' id='word_1_83' title='bbox 1457 1690 1715 1761; x_wconf 87' lang='lat' dir='ltr'><strong>spiritum</strong></span> <span class='ocrx_word' id='word_1_84' title='bbox 1768 1701 1824 1748; x_wconf 88' lang='lat' dir='ltr'><strong>et</strong></span> <span class='ocrx_word' id='word_1_85' title='bbox 1864 1708 2025 1748; x_wconf 89' lang='lat' dir='ltr'><strong>men-</strong></span> 
     </span>
    </p>
   </div>
   <div class='ocr_carea' id='block_1_19' title="bbox 440 1780 2025 1852">
    <p class='ocr_par' dir='ltr' id='par_1_19' title="bbox 440 1780 2025 1852">
     <span class='ocr_line' id='line_1_19' title="bbox 440 1780 2025 1852; baseline 0.004 -20"><span class='ocrx_word' id='word_1_86' title='bbox 440 1791 572 1833; x_wconf 85' lang='lat' dir='ltr'><strong>tem.</strong></span> <span class='ocrx_word' id='word_1_87' title='bbox 633 1780 711 1834; x_wconf 82' lang='lat' dir='ltr'><strong>Ac</strong></span> <span class='ocrx_word' id='word_1_88' title='bbox 744 1796 961 1844; x_wconf 86' lang='lat' dir='ltr'><strong>rursus,</strong></span> <span class='ocrx_word' id='word_1_89' title='bbox 1000 1781 1172 1836; x_wconf 85' lang='lat' dir='ltr'><strong>totius</strong></span> <span class='ocrx_word' id='word_1_90' title='bbox 1222 1781 1528 1852; x_wconf 71' lang='lat' dir='ltr'><strong>Scriptura:</strong></span> <span class='ocrx_word' id='word_1_91' title='bbox 1556 1797 1749 1849; x_wconf 68' lang='lat' dir='ltr'><strong>sacrm,</strong></span> <span class='ocrx_word' id='word_1_92' title='bbox 1805 1783 2025 1840; x_wconf 77' lang='lat' dir='ltr'><strong>Veteris</strong></span> 
     </span>
    </p>
   </div>
   <div class='ocr_carea' id='block_1_20' title="bbox 436 1871 2024 1941">
    <p class='ocr_par' dir='ltr' id='par_1_20' title="bbox 436 1871 2024 1941">
     <span class='ocr_line' id='line_1_20' title="bbox 436 1871 2024 1941; baseline 0.006 -18"><span class='ocrx_word' id='word_1_93' title='bbox 436 1871 645 1941; x_wconf 81' lang='lat' dir='ltr'><strong>pariter</strong></span> <span class='ocrx_word' id='word_1_94' title='bbox 688 1886 750 1925; x_wconf 86' lang='lat' dir='ltr'><strong>ac</strong></span> <span class='ocrx_word' id='word_1_95' title='bbox 793 1871 931 1926; x_wconf 84' lang='lat' dir='ltr'><strong>Novi</strong></span> <span class='ocrx_word' id='word_1_96' title='bbox 976 1872 1315 1928; x_wconf 88' lang='lat' dir='ltr'><strong>Testamenti</strong></span> <span class='ocrx_word' id='word_1_97' title='bbox 1346 1874 1588 1930; x_wconf 89' lang='lat' dir='ltr'><strong>litteram</strong></span> <span class='ocrx_word' id='word_1_98' title='bbox 1620 1876 1690 1930; x_wconf 90' lang='lat' dir='ltr'><strong>ad</strong></span> <span class='ocrx_word' id='word_1_99' title='bbox 1731 1875 2024 1931; x_wconf 86' lang='lat' dir='ltr'><strong>historiam</strong></span> 
     </span>
    </p>
   </div>
   <div class='ocr_carea' id='block_1_21' title="bbox 331 1970 2025 2036">
    <p class='ocr_par' dir='ltr' id='par_1_21' title="bbox 331 1970 2025 2036">
     <span class='ocr_line' id='line_1_21' title="bbox 331 1970 2025 2036; baseline 0.004 -22"><span class='ocrx_word' id='word_1_100' title='bbox 331 1994 337 2000; x_wconf 84' lang='lat'><strong><em>~</em></strong></span> <span class='ocrx_word' id='word_1_101' title='bbox 437 1970 782 2031; x_wconf 79' lang='lat' dir='ltr'><strong>spectantem</strong></span> <span class='ocrx_word' id='word_1_102' title='bbox 818 1978 1024 2033; x_wconf 89' lang='lat' dir='ltr'><strong>corpus</strong></span> <span class='ocrx_word' id='word_1_103' title='bbox 1050 1979 1207 2031; x_wconf 89' lang='lat' dir='ltr'><strong>esse;</strong></span> <span class='ocrx_word' id='word_1_104' title='bbox 1243 1979 1468 2020; x_wconf 88' lang='lat' dir='ltr'><strong>sensum</strong></span> <span class='ocrx_word' id='word_1_105' title='bbox 1507 1982 1640 2021; x_wconf 69' lang='grc' dir='ltr'>νει-ο</span> <span class='ocrx_word' id='word_1_106' title='bbox 1673 1982 1867 2021; x_wconf 88' lang='lat' dir='ltr'><strong>eorum</strong></span> <span class='ocrx_word' id='word_1_107' title='bbox 1900 1982 2025 2036; x_wconf 77' lang='lat' dir='ltr'><strong>quae</strong></span> 
     </span>
    </p>
   </div>
   <div class='ocr_carea' id='block_1_22' title="bbox 436 2054 2044 2127">
    <p class='ocr_par' dir='ltr' id='par_1_22' title="bbox 436 2054 2044 2127">
     <span class='ocr_line' id='line_1_22' title="bbox 436 2054 2044 2127; baseline 0.004 -19"><span class='ocrx_word' id='word_1_108' title='bbox 436 2054 754 2124; x_wconf 82' lang='lat' dir='ltr'><strong>conscripta</strong></span> <span class='ocrx_word' id='word_1_109' title='bbox 785 2063 938 2121; x_wconf 84' lang='lat' dir='ltr'><strong>sunt,</strong></span> <span class='ocrx_word' id='word_1_110' title='bbox 971 2071 1034 2110; x_wconf 88' lang='lat' dir='ltr'><strong>ac</strong></span> <span class='ocrx_word' id='word_1_111' title='bbox 1067 2072 1295 2126; x_wconf 88' lang='lat' dir='ltr'><strong>scopum</strong></span> <span class='ocrx_word' id='word_1_112' title='bbox 1323 2057 1379 2111; x_wconf 88' lang='lat' dir='ltr'><strong>in</strong></span> <span class='ocrx_word' id='word_1_113' title='bbox 1424 2074 1587 2127; x_wconf 85' lang='lat' dir='ltr'><strong>quem</strong></span> <span class='ocrx_word' id='word_1_114' title='bbox 1613 2058 1707 2113; x_wconf 92' lang='lat' dir='ltr'><strong>ille</strong></span> <span class='ocrx_word' id='word_1_115' title='bbox 1733 2058 2044 2125; x_wconf 84' lang='lat' dir='ltr'><strong>collineat,-</strong></span> 
     </span>
    </p>
   </div>
   <div class='ocr_carea' id='block_1_23' title="bbox 438 2146 2021 2220">
    <p class='ocr_par' dir='ltr' id='par_1_23' title="bbox 438 2146 2021 2220">
     <span class='ocr_line' id='line_1_23' title="bbox 438 2146 2021 2220; baseline 0.004 -22"><span class='ocrx_word' id='word_1_116' title='bbox 438 2148 701 2201; x_wconf 88' lang='lat' dir='ltr'><strong>animam.</strong></span> <span class='ocrx_word' id='word_1_117' title='bbox 734 2146 831 2202; x_wconf 83' lang='lat' dir='ltr'><strong>llis</strong></span> <span class='ocrx_word' id='word_1_118' title='bbox 863 2161 966 2217; x_wconf 84' lang='lat' dir='ltr'><strong>ego</strong></span> <span class='ocrx_word' id='word_1_119' title='bbox 995 2147 1222 2214; x_wconf 87' lang='lat' dir='ltr'><strong>auditis,</strong></span> <span class='ocrx_word' id='word_1_120' title='bbox 1263 2149 1345 2202; x_wconf 89' lang='lat' dir='ltr'><strong>sic</strong></span> <span class='ocrx_word' id='word_1_121' title='bbox 1381 2156 1697 2203; x_wconf 86' lang='lat' dir='ltr'><strong>accuratam</strong></span> <span class='ocrx_word' id='word_1_122' title='bbox 1731 2164 2021 2220; x_wconf 91' lang='lat' dir='ltr'><strong>compara-</strong></span> 
     </span>
    </p>
   </div>
   <div class='ocr_carea' id='block_1_24' title="bbox 440 2238 2025 2311">
    <p class='ocr_par' dir='ltr' id='par_1_24' title="bbox 440 2238 2025 2311">
     <span class='ocr_line' id='line_1_24' title="bbox 440 2238 2025 2311; baseline 0.004 -21"><span class='ocrx_word' id='word_1_123' title='bbox 440 2238 647 2292; x_wconf 88' lang='lat' dir='ltr'><strong>tionem</strong></span> <span class='ocrx_word' id='word_1_124' title='bbox 684 2254 1037 2310; x_wconf 88' lang='lat' dir='ltr'><strong>summopere</strong></span> <span class='ocrx_word' id='word_1_125' title='bbox 1061 2239 1391 2306; x_wconf 88' lang='lat' dir='ltr'><strong>admiratus,</strong></span> <span class='ocrx_word' id='word_1_126' title='bbox 1430 2255 1560 2295; x_wconf 87' lang='lat' dir='ltr'><strong>eum</strong></span> <span class='ocrx_word' id='word_1_127' title='bbox 1584 2241 1677 2311; x_wconf 91' lang='lat' dir='ltr'><strong>qui</strong></span> <span class='ocrx_word' id='word_1_128' title='bbox 1704 2257 1807 2311; x_wconf 88' lang='lat' dir='ltr'><strong>pro</strong></span> <span class='ocrx_word' id='word_1_129' title='bbox 1841 2241 2025 2297; x_wconf 86' lang='lat' dir='ltr'><strong>meriti</strong></span> 
     </span>
    </p>
   </div>
   <div class='ocr_carea' id='block_1_25' title="bbox 439 2329 2026 2404">
    <p class='ocr_par' dir='ltr' id='par_1_25' title="bbox 439 2329 2026 2404">
     <span class='ocr_line' id='line_1_25' title="bbox 439 2329 2026 2404; baseline 0.003 -22"><span class='ocrx_word' id='word_1_130' title='bbox 439 2330 657 2385; x_wconf 85' lang='lat' dir='ltr'><strong>ratione</strong></span> <span class='ocrx_word' id='word_1_131' title='bbox 701 2332 905 2401; x_wconf 85' lang='lat' dir='ltr'><strong>cuique</strong></span> <span class='ocrx_word' id='word_1_132' title='bbox 964 2329 1111 2385; x_wconf 91' lang='lat' dir='ltr'><strong>dona</strong></span> <span class='ocrx_word' id='word_1_133' title='bbox 1158 2345 1401 2401; x_wconf 81' lang='lat' dir='ltr'><strong>congrue</strong></span> <span class='ocrx_word' id='word_1_134' title='bbox 1454 2333 1706 2402; x_wconf 86' lang='lat' dir='ltr'><strong>largitur,</strong></span> <span class='ocrx_word' id='word_1_135' title='bbox 1758 2342 2026 2404; x_wconf 89' lang='lat' dir='ltr'><strong>quantum</strong></span> 
     </span>
    </p>
   </div>
   <div class='ocr_carea' id='block_1_26' title="bbox 440 2420 2028 2491">
    <p class='ocr_par' dir='ltr' id='par_1_26' title="bbox 440 2420 2028 2491">
     <span class='ocr_line' id='line_1_26' title="bbox 440 2420 2028 2491; baseline 0.003 -17"><span class='ocrx_word' id='word_1_136' title='bbox 440 2420 605 2475; x_wconf 83' lang='lat' dir='ltr'><strong>licuit</strong></span> <span class='ocrx_word' id='word_1_137' title='bbox 658 2436 759 2491; x_wconf 88' lang='lat' dir='ltr'><strong>per</strong></span> <span class='ocrx_word' id='word_1_138' title='bbox 792 2422 1133 2488; x_wconf 84' lang='lat' dir='ltr'><strong>facultatem,</strong></span> <span class='ocrx_word' id='word_1_139' title='bbox 1164 2421 1405 2477; x_wconf 84' lang='lat' dir='ltr'><strong>laudavi.</strong></span> <span class='ocrx_word' id='word_1_140' title='bbox 1440 2422 1596 2479; x_wconf 78' lang='lat' dir='ltr'><strong>Sicut</strong></span> <span class='ocrx_word' id='word_1_141' title='bbox 1647 2425 1795 2479; x_wconf 87' lang='lat' dir='ltr'><strong>enim</strong></span> <span class='ocrx_word' id='word_1_142' title='bbox 1838 2433 2028 2479; x_wconf 89' lang='lat' dir='ltr'><strong>noster</strong></span> 
     </span>
    </p>
   </div>
   <div class='ocr_carea' id='block_1_27' title="bbox 440 2513 2026 2586">
    <p class='ocr_par' dir='ltr' id='par_1_27' title="bbox 440 2513 2026 2586">
     <span class='ocr_line' id='line_1_27' title="bbox 440 2513 2026 2586; baseline 0.003 -20"><span class='ocrx_word' id='word_1_143' title='bbox 440 2514 533 2568; x_wconf 87' lang='lat' dir='ltr'><strong>nic</strong></span> <span class='ocrx_word' id='word_1_144' title='bbox 583 2513 773 2580; x_wconf 88' lang='lat' dir='ltr'><strong>homo,</strong></span> <span class='ocrx_word' id='word_1_145' title='bbox 830 2514 951 2584; x_wconf 87' lang='lat' dir='ltr'><strong>ejus</strong></span> <span class='ocrx_word' id='word_1_146' title='bbox 989 2515 1202 2570; x_wconf 88' lang='lat' dir='ltr'><strong>ratione</strong></span> <span class='ocrx_word' id='word_1_147' title='bbox 1236 2514 1385 2585; x_wconf 86' lang='lat' dir='ltr'><strong>quod</strong></span> <span class='ocrx_word' id='word_1_148' title='bbox 1434 2516 1612 2570; x_wconf 91' lang='lat' dir='ltr'><strong>oculis</strong></span> <span class='ocrx_word' id='word_1_149' title='bbox 1662 2516 2026 2586; x_wconf 84' lang='lat' dir='ltr'><strong>conspicuum</strong></span> 
     </span>
    </p>
   </div>
   <div class='ocr_carea' id='block_1_28' title="bbox 437 2603 2027 2675">
    <p class='ocr_par' dir='ltr' id='par_1_28' title="bbox 437 2603 2027 2675">
     <span class='ocr_line' id='line_1_28' title="bbox 437 2603 2027 2675; baseline 0.001 -18"><span class='ocrx_word' id='word_1_150' title='bbox 437 2612 544 2669; x_wconf 89' lang='lat' dir='ltr'><strong>est,</strong></span> <span class='ocrx_word' id='word_1_151' title='bbox 580 2603 832 2658; x_wconf 87' lang='lat' dir='ltr'><strong>mortalis</strong></span> <span class='ocrx_word' id='word_1_152' title='bbox 861 2619 987 2657; x_wconf 87' lang='lat' dir='ltr'><strong>cum</strong></span> <span class='ocrx_word' id='word_1_153' title='bbox 1039 2604 1148 2671; x_wconf 87' lang='lat' dir='ltr'><strong>sit;</strong></span> <span class='ocrx_word' id='word_1_154' title='bbox 1186 2605 1307 2675; x_wconf 86' lang='lat' dir='ltr'><strong>ejus</strong></span> <span class='ocrx_word' id='word_1_155' title='bbox 1348 2603 1563 2660; x_wconf 89' lang='lat' dir='ltr'><strong>ratione</strong></span> <span class='ocrx_word' id='word_1_156' title='bbox 1594 2605 1741 2675; x_wconf 90' lang='lat' dir='ltr'><strong>quod</strong></span> <span class='ocrx_word' id='word_1_157' title='bbox 1778 2620 1889 2659; x_wconf 89' lang='lat' dir='ltr'><strong>non</strong></span> <span class='ocrx_word' id='word_1_158' title='bbox 1941 2613 2027 2660; x_wconf 89' lang='lat' dir='ltr'><strong>est</strong></span> 
     </span>
    </p>
   </div>
   <div class='ocr_carea' id='block_1_29' title="bbox 436 2692 2025 2763">
    <p class='ocr_par' dir='ltr' id='par_1_29' title="bbox 436 2692 2025 2763">
     <span class='ocr_line' id='line_1_29' title="bbox 436 2692 2025 2763; baseline 0.001 -17"><span class='ocrx_word' id='word_1_159' title='bbox 436 2692 826 2761; x_wconf 81' lang='lat' dir='ltr'><strong>conspicuum,</strong></span> <span class='ocrx_word' id='word_1_160' title='bbox 876 2692 1210 2747; x_wconf 79' lang='lat' dir='ltr'><strong>immortalis</strong></span> <span class='ocrx_word' id='word_1_161' title='bbox 1242 2692 1494 2758; x_wconf 74' lang='lat' dir='ltr'><strong>exsistit;</strong></span> <span class='ocrx_word' id='word_1_162' title='bbox 1550 2694 1631 2747; x_wconf 89' lang='lat' dir='ltr'><strong>sic</strong></span> <span class='ocrx_word' id='word_1_163' title='bbox 1669 2709 1892 2763; x_wconf 88' lang='lat' dir='ltr'><strong>quoque</strong></span> <span class='ocrx_word' id='word_1_164' title='bbox 1937 2693 2025 2748; x_wconf 91' lang='lat' dir='ltr'><strong>di-</strong></span> 
     </span>
    </p>
   </div>
   <div class='ocr_carea' id='block_1_30' title="bbox 438 2781 2026 2855">
    <p class='ocr_par' dir='ltr' id='par_1_30' title="bbox 438 2781 2026 2855">
     <span class='ocr_line' id='line_1_30' title="bbox 438 2781 2026 2855; baseline 0.005 -22"><span class='ocrx_word' id='word_1_165' title='bbox 438 2781 567 2834; x_wconf 86' lang='lat' dir='ltr'><strong>vina</strong></span> <span class='ocrx_word' id='word_1_166' title='bbox 615 2782 925 2851; x_wconf 80' lang='lat' dir='ltr'><strong>Scriptura,</strong></span> <span class='ocrx_word' id='word_1_167' title='bbox 976 2798 1099 2851; x_wconf 68' lang='lat' dir='ltr'><strong>quae</strong></span> <span class='ocrx_word' id='word_1_168' title='bbox 1150 2784 1395 2837; x_wconf 87' lang='lat' dir='ltr'><strong>litteram</strong></span> <span class='ocrx_word' id='word_1_169' title='bbox 1462 2784 1711 2854; x_wconf 84' lang='lat' dir='ltr'><strong>quidem,</strong></span> <span class='ocrx_word' id='word_1_170' title='bbox 1763 2801 1888 2855; x_wconf 63' lang='lat' dir='ltr'><strong>qua:</strong></span> <span class='ocrx_word' id='word_1_171' title='bbox 1940 2795 2026 2841; x_wconf 87' lang='lat' dir='ltr'><strong>est</strong></span> 
     </span>
    </p>
   </div>
   <div class='ocr_carea' id='block_1_31' title="bbox 2126 556 2935 632">
    <p class='ocr_par' dir='ltr' id='par_1_31' title="bbox 2126 556 2935 632">
     <span class='ocr_line' id='line_1_31' title="bbox 2126 556 2935 632; baseline 0.007 -23"><span class='ocrx_word' id='word_1_172' title='bbox 2126 556 2436 627; x_wconf 81' lang='grc' dir='ltr'>κρείττονος</span> <span class='ocrx_word' id='word_1_173' title='bbox 2481 559 2613 630; x_wconf 75' lang='grc' dir='ltr'>ἡμῖν</span> <span class='ocrx_word' id='word_1_174' title='bbox 2644 559 2935 632; x_wconf 76' lang='grc' dir='ltr'><strong>παρεδόθη.</strong></span> 
     </span>
    </p>
   </div>
   <div class='ocr_carea' id='block_1_32' title="bbox 2718 757 3102 827">
    <p class='ocr_par' dir='ltr' id='par_1_32' title="bbox 2718 757 3102 827">
     <span class='ocr_line' id='line_1_32' title="bbox 2718 757 3102 827; baseline 0.008 -15"><span class='ocrx_word' id='word_1_175' title='bbox 2718 758 2974 813; x_wconf 62' lang='lat' dir='ltr'><strong>smn.</strong></span> <span class='ocrx_word' id='word_1_176' title='bbox 3012 757 3102 827; x_wconf 73' lang='grc' dir='ltr'><strong>ς’.</strong></span> 
     </span>
    </p>
   </div>
   <div class='ocr_carea' id='block_1_33' title="bbox 2125 861 3699 945">
    <p class='ocr_par' dir='ltr' id='par_1_33' title="bbox 2125 861 3699 945">
     <span class='ocr_line' id='line_1_33' title="bbox 2125 861 3699 945; baseline 0.011 -31"><span class='ocrx_word' id='word_1_177' title='bbox 2125 861 2259 930; x_wconf 77' lang='grc' dir='ltr'>Πῶς</span> <span class='ocrx_word' id='word_1_178' title='bbox 2307 864 2405 917; x_wconf 78' lang='grc' dir='ltr'>καὶ</span> <span class='ocrx_word' id='word_1_179' title='bbox 2453 867 2604 931; x_wconf 82' lang='grc' dir='ltr'>ποίῳ</span> <span class='ocrx_word' id='word_1_180' title='bbox 2652 870 2849 945; x_wconf 49' lang='grc' dir='ltr'>τρόπῳ</span> <span class='ocrx_word' id='word_1_181' title='bbox 2885 871 3199 945; x_wconf 65' lang='grc' dir='ltr'>ᾅνθρωπος</span> <span class='ocrx_word' id='word_1_182' title='bbox 3228 875 3472 945; x_wconf 66' lang='grc' dir='ltr'><strong>Δ,λέγεται</strong></span> <span class='ocrx_word' id='word_1_183' title='bbox 3513 875 3615 931; x_wconf 72' lang='grc' dir='ltr'>καὶ</span> <span class='ocrx_word' id='word_1_184' title='bbox 3659 876 3699 943; x_wconf 73' lang='grc' dir='ltr'><strong><em>ἠ</em></strong></span> 
     </span>
    </p>
   </div>
   <div class='ocr_carea' id='block_1_34' title="bbox 2705 939 3683 1011">
    <p class='ocr_par' dir='ltr' id='par_1_34' title="bbox 2705 939 3683 1011">
     <span class='ocr_line' id='line_1_34' title="bbox 2705 939 3683 1011; baseline 0.004 -20"><span class='ocrx_word' id='word_1_185' title='bbox 2705 939 2847 1008; x_wconf 79' lang='grc' dir='ltr'>ἁγία</span> <span class='ocrx_word' id='word_1_186' title='bbox 2883 941 3116 1011; x_wconf 64' lang='grc' dir='ltr'><strong>ιζραφή.</strong></span> <span class='ocrx_word' id='word_1_187' title='bbox 3228 939 3233 943; x_wconf 75' lang='grc'><strong>’</strong></span> <span class='ocrx_word' id='word_1_188' title='bbox 3317 939 3329 945; x_wconf 81' lang='grc'><em>’</em></span> <span class='ocrx_word' id='word_1_189' title='bbox 3673 996 3683 1004; x_wconf 79' lang='grc'><strong>,</strong></span> 
     </span>
    </p>
   </div>
   <div class='ocr_carea' id='block_1_35' title="bbox 2197 1044 3703 1129">
    <p class='ocr_par' dir='ltr' id='par_1_35' title="bbox 2197 1044 3703 1129">
     <span class='ocr_line' id='line_1_35' title="bbox 2197 1044 3703 1129; baseline 0.011 -32"><span class='ocrx_word' id='word_1_190' title='bbox 2197 1044 2411 1118; x_wconf 80' lang='grc' dir='ltr'>Ὠσπερ</span> <span class='ocrx_word' id='word_1_191' title='bbox 2442 1048 2498 1102; x_wconf 82' lang='grc' dir='ltr'><strong>δὲ</strong></span> <span class='ocrx_word' id='word_1_192' title='bbox 2527 1052 2594 1122; x_wconf 74' lang='grc' dir='ltr'>τῇ</span> <span class='ocrx_word' id='word_1_193' title='bbox 2622 1053 2766 1106; x_wconf 82' lang='grc' dir='ltr'>κατὰ</span> <span class='ocrx_word' id='word_1_194' title='bbox 2800 1051 3096 1128; x_wconf 68' lang='grc' dir='ltr'>ἀναγωγὴν</span> <span class='ocrx_word' id='word_1_195' title='bbox 3120 1055 3323 1129; x_wconf 79' lang='grc' dir='ltr'>θεωρίᾳ</span> <span class='ocrx_word' id='word_1_196' title='bbox 3352 1056 3450 1129; x_wconf 81' lang='grc' dir='ltr'>τὴν</span> <span class='ocrx_word' id='word_1_197' title='bbox 3478 1056 3703 1129; x_wconf 83' lang='grc' dir='ltr'>Ἐκκλη-</span> 
     </span>
    </p>
   </div>
   <div class='ocr_carea' id='block_1_36' title="bbox 2125 1135 3699 1220">
    <p class='ocr_par' dir='ltr' id='par_1_36' title="bbox 2125 1135 3699 1220">
     <span class='ocr_line' id='line_1_36' title="bbox 2125 1135 3699 1220; baseline 0.009 -32"><span class='ocrx_word' id='word_1_198' title='bbox 2125 1135 2249 1190; x_wconf 86' lang='grc' dir='ltr'>σίαν</span> <span class='ocrx_word' id='word_1_199' title='bbox 2279 1138 2462 1205; x_wconf 79' lang='grc' dir='ltr'>ἔλεγεν</span> <span class='ocrx_word' id='word_1_200' title='bbox 2488 1140 2773 1211; x_wconf 81' lang='grc' dir='ltr'>ἄνθρωπον</span> <span class='ocrx_word' id='word_1_201' title='bbox 2803 1138 2944 1199; x_wconf 80' lang='grc' dir='ltr'>εἶναι</span> <span class='ocrx_word' id='word_1_202' title='bbox 2994 1148 3399 1217; x_wconf 84' lang='grc' dir='ltr'>πνευματικὸν,</span> <span class='ocrx_word' id='word_1_203' title='bbox 3429 1149 3699 1220; x_wconf 78' lang='grc' dir='ltr'>μυστικὴν</span> 
     </span>
    </p>
   </div>
   <div class='ocr_carea' id='block_1_37' title="bbox 2124 1224 3701 1309">
    <p class='ocr_par' dir='ltr' id='par_1_37' title="bbox 2124 1224 3701 1309">
     <span class='ocr_line' id='line_1_37' title="bbox 2124 1224 3701 1309; baseline 0.008 -32"><span class='ocrx_word' id='word_1_204' title='bbox 2124 1224 2181 1278; x_wconf 77' lang='grc' dir='ltr'><strong>δὲ</strong></span> <span class='ocrx_word' id='word_1_205' title='bbox 2207 1226 2534 1299; x_wconf 76' lang='grc' dir='ltr'><strong>Ἐκκλησίαν</strong></span> <span class='ocrx_word' id='word_1_206' title='bbox 2562 1230 2654 1283; x_wconf 81' lang='grc' dir='ltr'><strong>τὸν</strong></span> <span class='ocrx_word' id='word_1_207' title='bbox 2677 1232 2965 1304; x_wconf 73' lang='grc' dir='ltr'>ἄνθρωπον</span> <span class='ocrx_word' id='word_1_208' title='bbox 2986 1250 2999 1265; x_wconf 83' lang='grc'><em>’</em></span> <span class='ocrx_word' id='word_1_209' title='bbox 3021 1234 3164 1289; x_wconf 78' lang='grc' dir='ltr'>οὕτω</span> <span class='ocrx_word' id='word_1_210' title='bbox 3192 1237 3255 1307; x_wconf 82' lang='grc' dir='ltr'><strong>δὴ</strong></span> <span class='ocrx_word' id='word_1_211' title='bbox 3288 1240 3379 1291; x_wconf 76' lang='grc' dir='ltr'>καὶ</span> <span class='ocrx_word' id='word_1_212' title='bbox 3406 1238 3507 1309; x_wconf 77' lang='grc' dir='ltr'>τὴν</span> <span class='ocrx_word' id='word_1_213' title='bbox 3536 1240 3701 1307; x_wconf 82' lang='grc' dir='ltr'>ἁγίαν</span> 
     </span>
    </p>
   </div>
   <div class='ocr_carea' id='block_1_38' title="bbox 2126 1317 3701 1397">
    <p class='ocr_par' dir='ltr' id='par_1_38' title="bbox 2126 1317 3701 1397">
     <span class='ocr_line' id='line_1_38' title="bbox 2126 1317 3701 1397; baseline 0.008 -28"><span class='ocrx_word' id='word_1_214' title='bbox 2126 1317 2305 1372; x_wconf 79' lang='grc' dir='ltr'>πᾶσαν</span> <span class='ocrx_word' id='word_1_215' title='bbox 2341 1321 2481 1374; x_wconf 83' lang='grc' dir='ltr'>κατὰ</span> <span class='ocrx_word' id='word_1_216' title='bbox 2517 1322 2825 1394; x_wconf 83' lang='grc' dir='ltr'>συναίρεσιν</span> <span class='ocrx_word' id='word_1_217' title='bbox 2853 1323 3097 1396; x_wconf 77' lang='grc' dir='ltr'>Γραφὴν,</span> <span class='ocrx_word' id='word_1_218' title='bbox 3132 1326 3419 1397; x_wconf 79' lang='grc' dir='ltr'>ἄνθρωπον</span> <span class='ocrx_word' id='word_1_219' title='bbox 3457 1328 3701 1396; x_wconf 69' lang='grc' dir='ltr'>ἔφασκεν</span> 
     </span>
    </p>
   </div>
   <div class='ocr_carea' id='block_1_39' title="bbox 2127 1403 3697 1489">
    <p class='ocr_par' dir='ltr' id='par_1_39' title="bbox 2127 1403 3697 1489">
     <span class='ocr_line' id='line_1_39' title="bbox 2127 1403 3697 1489; baseline 0.008 -30"><span class='ocrx_word' id='word_1_220' title='bbox 2127 1403 2268 1461; x_wconf 74' lang='grc' dir='ltr'>εἶναι</span> <span class='ocrx_word' id='word_1_221' title='bbox 2291 1426 2305 1439; x_wconf 78' lang='grc'><em>’</em></span> <span class='ocrx_word' id='word_1_222' title='bbox 2349 1409 2448 1480; x_wconf 80' lang='grc' dir='ltr'><strong>τὴν</strong></span> <span class='ocrx_word' id='word_1_223' title='bbox 2481 1411 2581 1481; x_wconf 81' lang='grc' dir='ltr'><strong>μὲν</strong></span> <span class='ocrx_word' id='word_1_224' title='bbox 2626 1414 2865 1469; x_wconf 72' lang='grc' dir='ltr'>Παλαιὰν</span> <span class='ocrx_word' id='word_1_225' title='bbox 2893 1416 3192 1488; x_wconf 85' lang='grc' dir='ltr'>Διαθήκην,</span> <span class='ocrx_word' id='word_1_226' title='bbox 3239 1418 3471 1489; x_wconf 71' lang='grc' dir='ltr'>ἔχουσαν</span> <span class='ocrx_word' id='word_1_227' title='bbox 3503 1418 3697 1489; x_wconf 78' lang='grc' dir='ltr'>σῶμαο</span> 
     </span>
    </p>
   </div>
   <div class='ocr_carea' id='block_1_40' title="bbox 2124 1498 3702 1581">
    <p class='ocr_par' dir='ltr' id='par_1_40' title="bbox 2124 1498 3702 1581">
     <span class='ocr_line' id='line_1_40' title="bbox 2124 1498 3702 1581; baseline 0.008 -31"><span class='ocrx_word' id='word_1_228' title='bbox 2124 1498 2302 1571; x_wconf 73' lang='grc' dir='ltr'>ψυχὴν</span> <span class='ocrx_word' id='word_1_229' title='bbox 2337 1500 2393 1554; x_wconf 83' lang='grc' dir='ltr'><strong>δὲ</strong></span> <span class='ocrx_word' id='word_1_230' title='bbox 2440 1504 2535 1556; x_wconf 75' lang='grc' dir='ltr'>καὶ</span> <span class='ocrx_word' id='word_1_231' title='bbox 2579 1505 2797 1576; x_wconf 82' lang='grc' dir='ltr'>πνεῦμα</span> <span class='ocrx_word' id='word_1_232' title='bbox 2843 1508 2938 1560; x_wconf 72' lang='grc' dir='ltr'>καὶ</span> <span class='ocrx_word' id='word_1_233' title='bbox 2982 1508 3128 1573; x_wconf 76' lang='grc' dir='ltr'>νοῦν,</span> <span class='ocrx_word' id='word_1_234' title='bbox 3166 1508 3263 1580; x_wconf 79' lang='grc' dir='ltr'>τὴν</span> <span class='ocrx_word' id='word_1_235' title='bbox 3309 1511 3541 1581; x_wconf 82' lang='grc' dir='ltr'>Καινήν.</span> <span class='ocrx_word' id='word_1_236' title='bbox 3588 1510 3702 1564; x_wconf 75' lang='grc' dir='ltr'>Καὶ</span> 
     </span>
    </p>
   </div>
   <div class='ocr_carea' id='block_1_41' title="bbox 2128 1591 3701 1673">
    <p class='ocr_par' dir='ltr' id='par_1_41' title="bbox 2128 1591 3701 1673">
     <span class='ocr_line' id='line_1_41' title="bbox 2128 1591 3701 1673; baseline 0.007 -29"><span class='ocrx_word' id='word_1_237' title='bbox 2128 1591 2308 1656; x_wconf 85' lang='grc' dir='ltr'>πάλιν,</span> <span class='ocrx_word' id='word_1_238' title='bbox 2366 1592 2495 1663; x_wconf 80' lang='grc' dir='ltr'>ὅλης</span> <span class='ocrx_word' id='word_1_239' title='bbox 2531 1595 2629 1665; x_wconf 81' lang='grc' dir='ltr'>τῆς</span> <span class='ocrx_word' id='word_1_240' title='bbox 2681 1597 2841 1665; x_wconf 83' lang='grc' dir='ltr'><strong>ἁγίας</strong></span> <span class='ocrx_word' id='word_1_241' title='bbox 2886 1598 3130 1669; x_wconf 81' lang='grc' dir='ltr'>Γραφῆς,</span> <span class='ocrx_word' id='word_1_242' title='bbox 3169 1601 3413 1665; x_wconf 84' lang='grc' dir='ltr'>Παλαιᾶς</span> <span class='ocrx_word' id='word_1_243' title='bbox 3457 1603 3520 1656; x_wconf 80' lang='grc' dir='ltr'>τέ</span> <span class='ocrx_word' id='word_1_244' title='bbox 3559 1618 3701 1673; x_wconf 80' lang='grc' dir='ltr'>φημι</span> 
     </span>
    </p>
   </div>
   <div class='ocr_carea' id='block_1_42' title="bbox 2124 1686 3702 1766">
    <p class='ocr_par' dir='ltr' id='par_1_42' title="bbox 2124 1686 3702 1766">
     <span class='ocr_line' id='line_1_42' title="bbox 2124 1686 3702 1766; baseline 0.006 -28"><span class='ocrx_word' id='word_1_245' title='bbox 2124 1687 2219 1739; x_wconf 81' lang='grc' dir='ltr'>καὶ</span> <span class='ocrx_word' id='word_1_246' title='bbox 2245 1686 2393 1750; x_wconf 85' lang='grc' dir='ltr'><strong>Νέας</strong></span> <span class='ocrx_word' id='word_1_247' title='bbox 2421 1729 2435 1755; x_wconf 97' lang='grc'><strong>,</strong></span> <span class='ocrx_word' id='word_1_248' title='bbox 2470 1687 2530 1741; x_wconf 84' lang='grc' dir='ltr'>τὸ</span> <span class='ocrx_word' id='word_1_249' title='bbox 2572 1690 2693 1744; x_wconf 81' lang='grc' dir='ltr'>καθ’</span> <span class='ocrx_word' id='word_1_250' title='bbox 2728 1693 2967 1764; x_wconf 76' lang='grc' dir='ltr'>ἱστορίαν</span> <span class='ocrx_word' id='word_1_251' title='bbox 2998 1694 3250 1765; x_wconf 86' lang='grc' dir='ltr'>γράμμα,</span> <span class='ocrx_word' id='word_1_252' title='bbox 3284 1694 3471 1766; x_wconf 91' lang='grc' dir='ltr'>σῶμα·</span> <span class='ocrx_word' id='word_1_253' title='bbox 3513 1696 3603 1749; x_wconf 84' lang='grc' dir='ltr'>τὸν</span> <span class='ocrx_word' id='word_1_254' title='bbox 3640 1694 3702 1748; x_wconf 74' lang='grc' dir='ltr'><strong>δὲ</strong></span> 
     </span>
    </p>
   </div>
   <div class='ocr_carea' id='block_1_43' title="bbox 2123 1775 3702 1854">
    <p class='ocr_par' dir='ltr' id='par_1_43' title="bbox 2123 1775 3702 1854">
     <span class='ocr_line' id='line_1_43' title="bbox 2123 1775 3702 1854; baseline 0.007 -28"><span class='ocrx_word' id='word_1_255' title='bbox 2123 1775 2248 1827; x_wconf 81' lang='grc' dir='ltr'>νοῦν</span> <span class='ocrx_word' id='word_1_256' title='bbox 2279 1775 2385 1830; x_wconf 83' lang='grc' dir='ltr'><strong>τῶν</strong></span> <span class='ocrx_word' id='word_1_257' title='bbox 2421 1777 2848 1849; x_wconf 79' lang='grc' dir='ltr'><strong>γεγραμμένων,</strong></span> <span class='ocrx_word' id='word_1_258' title='bbox 2883 1782 2979 1834; x_wconf 65' lang='grc' dir='ltr'><strong>κα)⁸</strong></span> <span class='ocrx_word' id='word_1_259' title='bbox 3018 1782 3109 1834; x_wconf 85' lang='grc' dir='ltr'><strong>τὸν</strong></span> <span class='ocrx_word' id='word_1_260' title='bbox 3140 1783 3362 1849; x_wconf 83' lang='grc' dir='ltr'>σκοπὸν,</span> <span class='ocrx_word' id='word_1_261' title='bbox 3402 1783 3540 1854; x_wconf 78' lang='grc' dir='ltr'>πρὸς</span> <span class='ocrx_word' id='word_1_262' title='bbox 3574 1782 3634 1837; x_wconf 85' lang='grc' dir='ltr'>ὃν</span> <span class='ocrx_word' id='word_1_263' title='bbox 3671 1785 3702 1837; x_wconf 81' lang='grc' dir='ltr'><strong>ὁ</strong></span> 
     </span>
    </p>
   </div>
   <div class='ocr_carea' id='block_1_44' title="bbox 2123 1865 3701 1945">
    <p class='ocr_par' dir='ltr' id='par_1_44' title="bbox 2123 1865 3701 1945">
     <span class='ocr_line' id='line_1_44' title="bbox 2123 1865 3701 1945; baseline 0.005 -26"><span class='ocrx_word' id='word_1_264' title='bbox 2123 1865 2247 1930; x_wconf 79' lang='grc' dir='ltr'>νοῦς</span> <span class='ocrx_word' id='word_1_265' title='bbox 2291 1868 2681 1935; x_wconf 84' lang='grc' dir='ltr'>ἀποτέτακται,</span> <span class='ocrx_word' id='word_1_266' title='bbox 2716 1871 2917 1943; x_wconf 73' lang='grc' dir='ltr'>ψυχήν.</span> <span class='ocrx_word' id='word_1_267' title='bbox 2942 1874 3121 1945; x_wconf 83' lang='grc' dir='ltr'><strong>Ὅπερ</strong></span> <span class='ocrx_word' id='word_1_268' title='bbox 3150 1874 3387 1937; x_wconf 84' lang='grc' dir='ltr'>ἀκούσας</span> <span class='ocrx_word' id='word_1_269' title='bbox 3416 1872 3549 1943; x_wconf 78' lang='grc' dir='ltr'>ἐγὼ,</span> <span class='ocrx_word' id='word_1_270' title='bbox 3591 1872 3701 1945; x_wconf 83' lang='grc' dir='ltr'>μά-</span> 
     </span>
    </p>
   </div>
   <div class='ocr_carea' id='block_1_45' title="bbox 2123 1958 3701 2040">
    <p class='ocr_par' dir='ltr' id='par_1_45' title="bbox 2123 1958 3701 2040">
     <span class='ocr_line' id='line_1_45' title="bbox 2123 1958 3701 2040; baseline 0.005 -30"><span class='ocrx_word' id='word_1_271' title='bbox 2123 1958 2279 2011; x_wconf 88' lang='grc' dir='ltr'>λιστα</span> <span class='ocrx_word' id='word_1_272' title='bbox 2322 1960 2420 2031; x_wconf 79' lang='grc' dir='ltr'><strong>τῆς</strong></span> <span class='ocrx_word' id='word_1_273' title='bbox 2463 1962 2717 2027; x_wconf 78' lang='grc' dir='ltr'><strong>εἰκασίας</strong></span> <span class='ocrx_word' id='word_1_274' title='bbox 2762 1965 3011 2037; x_wconf 71' lang='grc' dir='ltr'>ἠγάσθην</span> <span class='ocrx_word' id='word_1_275' title='bbox 3053 1966 3115 2019; x_wconf 85' lang='grc' dir='ltr'><strong>τὸ</strong></span> <span class='ocrx_word' id='word_1_276' title='bbox 3162 1966 3423 2040; x_wconf 78' lang='grc' dir='ltr'>ἀκριϐὲς,</span> <span class='ocrx_word' id='word_1_277' title='bbox 3471 1967 3567 2020; x_wconf 75' lang='grc' dir='ltr'><strong>καὶ</strong></span> <span class='ocrx_word' id='word_1_278' title='bbox 3610 1967 3701 2018; x_wconf 77' lang='grc' dir='ltr'>τὸν</span> 
     </span>
    </p>
   </div>
   <div class='ocr_carea' id='block_1_46' title="bbox 2125 2051 3703 2129">
    <p class='ocr_par' dir='ltr' id='par_1_46' title="bbox 2125 2051 3703 2129">
     <span class='ocr_line' id='line_1_46' title="bbox 2125 2051 3703 2129; baseline 0.005 -26"><span class='ocrx_word' id='word_1_279' title='bbox 2125 2051 2245 2105; x_wconf 82' lang='grc' dir='ltr'>κατ’</span> <span class='ocrx_word' id='word_1_280' title='bbox 2271 2051 2429 2117; x_wconf 80' lang='grc' dir='ltr'>ἀξίαν</span> <span class='ocrx_word' id='word_1_281' title='bbox 2462 2053 2679 2125; x_wconf 79' lang='grc' dir='ltr'>ἑκάστῳ</span> <span class='ocrx_word' id='word_1_282' title='bbox 2722 2056 3050 2128; x_wconf 81' lang='grc' dir='ltr'>διανέμοντα</span> <span class='ocrx_word' id='word_1_283' title='bbox 3080 2059 3395 2129; x_wconf 88' lang='grc' dir='ltr'>χαρίσματα</span> <span class='ocrx_word' id='word_1_284' title='bbox 3418 2098 3432 2123; x_wconf 98' lang='grc'><strong>,</strong></span> <span class='ocrx_word' id='word_1_285' title='bbox 3470 2057 3703 2121; x_wconf 86' lang='grc' dir='ltr'>δεόντως</span> 
     </span>
    </p>
   </div>
   <div class='ocr_carea' id='block_1_47' title="bbox 2123 2142 3701 2221">
    <p class='ocr_par' dir='ltr' id='par_1_47' title="bbox 2123 2142 3701 2221">
     <span class='ocr_line' id='line_1_47' title="bbox 2123 2142 3701 2221; baseline 0.01 -26"><span class='ocrx_word' id='word_1_286' title='bbox 2123 2142 2412 2214; x_wconf 82' lang='grc' dir='ltr'>ἀνύμνησα</span> <span class='ocrx_word' id='word_1_287' title='bbox 2440 2146 2583 2200; x_wconf 87' lang='grc' dir='ltr'>κατά</span> <span class='ocrx_word' id='word_1_288' title='bbox 2603 2146 2857 2221; x_wconf 84' lang='grc' dir='ltr'>δύναμιν.</span> <span class='ocrx_word' id='word_1_289' title='bbox 2882 2150 2969 2214; x_wconf 79' lang='grc' dir='ltr'>Ὠς</span> <span class='ocrx_word' id='word_1_290' title='bbox 2996 2150 3105 2221; x_wconf 78' lang='grc' dir='ltr'>γὰρ</span> <span class='ocrx_word' id='word_1_291' title='bbox 3128 2149 3319 2220; x_wconf 84' lang='grc' dir='ltr'>θνητὸς</span> <span class='ocrx_word' id='word_1_292' title='bbox 3346 2152 3373 2204; x_wconf 87' lang='grc' dir='ltr'>ὁ</span> <span class='ocrx_word' id='word_1_293' title='bbox 3405 2149 3525 2203; x_wconf 85' lang='grc' dir='ltr'>καθ’</span> <span class='ocrx_word' id='word_1_294' title='bbox 3554 2150 3701 2221; x_wconf 72' lang='grc' dir='ltr'><strong>ἡμᾶς</strong></span> 
     </span>
    </p>
   </div>
   <div class='ocr_carea' id='block_1_48' title="bbox 2123 2233 3702 2312">
    <p class='ocr_par' dir='ltr' id='par_1_48' title="bbox 2123 2233 3702 2312">
     <span class='ocr_line' id='line_1_48' title="bbox 2123 2233 3702 2312; baseline 0.004 -25"><span class='ocrx_word' id='word_1_295' title='bbox 2123 2233 2434 2306; x_wconf 78' lang='grc' dir='ltr'>ἄνθρωπος,</span> <span class='ocrx_word' id='word_1_296' title='bbox 2460 2238 2605 2292; x_wconf 87' lang='grc' dir='ltr'>κατὰ</span> <span class='ocrx_word' id='word_1_297' title='bbox 2640 2240 2702 2292; x_wconf 86' lang='grc' dir='ltr'>τὺ</span> <span class='ocrx_word' id='word_1_298' title='bbox 2733 2240 3088 2312; x_wconf 84' lang='grc' dir='ltr'>φαινόμενον,</span> <span class='ocrx_word' id='word_1_299' title='bbox 3123 2243 3265 2309; x_wconf 80' lang='grc' dir='ltr'>κατὰ</span> <span class='ocrx_word' id='word_1_300' title='bbox 3289 2239 3344 2292; x_wconf 81' lang='grc' dir='ltr'><strong>δὲ</strong></span> <span class='ocrx_word' id='word_1_301' title='bbox 3378 2238 3440 2293; x_wconf 74' lang='grc' dir='ltr'><strong>τὸ</strong></span> <span class='ocrx_word' id='word_1_302' title='bbox 3472 2239 3545 2310; x_wconf 80' lang='grc' dir='ltr'>μὴ</span> <span class='ocrx_word' id='word_1_303' title='bbox 3569 2255 3702 2307; x_wconf 53' lang='lat' dir='ltr'><strong>out.-</strong></span> 
     </span>
    </p>
   </div>
   <div class='ocr_carea' id='block_1_49' title="bbox 2125 2327 3701 2404">
    <p class='ocr_par' dir='ltr' id='par_1_49' title="bbox 2125 2327 3701 2404">
     <span class='ocr_line' id='line_1_49' title="bbox 2125 2327 3701 2404; baseline 0.001 -24"><span class='ocrx_word' id='word_1_304' title='bbox 2125 2327 2368 2399; x_wconf 86' lang='grc' dir='ltr'>νόμενον,</span> <span class='ocrx_word' id='word_1_305' title='bbox 2406 2329 2705 2396; x_wconf 83' lang='grc' dir='ltr'>ἀθάνατος·</span> <span class='ocrx_word' id='word_1_306' title='bbox 2738 2332 2884 2385; x_wconf 74' lang='grc' dir='ltr'>οὕτω</span> <span class='ocrx_word' id='word_1_307' title='bbox 2927 2333 3023 2387; x_wconf 78' lang='grc' dir='ltr'><strong>καὶ</strong></span> <span class='ocrx_word' id='word_1_308' title='bbox 3052 2333 3085 2401; x_wconf 77' lang='grc' dir='ltr'>ἡ</span> <span class='ocrx_word' id='word_1_309' title='bbox 3115 2332 3244 2401; x_wconf 75' lang='grc' dir='ltr'>ἁγία</span> <span class='ocrx_word' id='word_1_310' title='bbox 3273 2331 3485 2404; x_wconf 73' lang='grc' dir='ltr'>Γραφὴ,</span> <span class='ocrx_word' id='word_1_311' title='bbox 3513 2330 3572 2383; x_wconf 83' lang='grc' dir='ltr'><strong>τὸ</strong></span> <span class='ocrx_word' id='word_1_312' title='bbox 3601 2330 3701 2401; x_wconf 73' lang='grc' dir='ltr'>μὲν</span> 
     </span>
    </p>
   </div>
   <div class='ocr_carea' id='block_1_50' title="bbox 2125 2419 3701 2496">
    <p class='ocr_par' dir='ltr' id='par_1_50' title="bbox 2125 2419 3701 2496">
     <span class='ocr_line' id='line_1_50' title="bbox 2125 2419 3701 2496; baseline -0.001 -23"><span class='ocrx_word' id='word_1_313' title='bbox 2125 2421 2449 2490; x_wconf 84' lang='grc' dir='ltr'>φαινόμενον</span> <span class='ocrx_word' id='word_1_314' title='bbox 2474 2424 2710 2494; x_wconf 87' lang='grc' dir='ltr'>γράμμα</span> <span class='ocrx_word' id='word_1_315' title='bbox 2728 2461 2742 2487; x_wconf 88' lang='grc'><strong>,</strong></span> <span class='ocrx_word' id='word_1_316' title='bbox 2780 2425 3194 2496; x_wconf 82' lang='grc' dir='ltr'>παρερχόμενον</span> <span class='ocrx_word' id='word_1_317' title='bbox 3211 2423 3255 2455; x_wconf 80' lang='grc'>⁸¹</span> <span class='ocrx_word' id='word_1_318' title='bbox 3282 2423 3483 2493; x_wconf 73' lang='grc' dir='ltr'>ἔχουσα</span> <span class='ocrx_word' id='word_1_319' title='bbox 3501 2437 3516 2451; x_wconf 91' lang='grc'><strong>·</strong></span> <span class='ocrx_word' id='word_1_320' title='bbox 3544 2419 3606 2473; x_wconf 81' lang='grc' dir='ltr'><strong>τὸ</strong></span> <span class='ocrx_word' id='word_1_321' title='bbox 3642 2420 3701 2473; x_wconf 83' lang='grc' dir='ltr'><strong>δὲ</strong></span> 
     </span>
    </p>
   </div>
   <div class='ocr_carea' id='block_1_51' title="bbox 2125 2509 3697 2586">
    <p class='ocr_par' dir='ltr' id='par_1_51' title="bbox 2125 2509 3697 2586">
     <span class='ocr_line' id='line_1_51' title="bbox 2125 2509 3697 2586; baseline -0.001 -22"><span class='ocrx_word' id='word_1_322' title='bbox 2125 2513 2500 2583; x_wconf 84' lang='grc' dir='ltr'>κρυπτόμενον</span> <span class='ocrx_word' id='word_1_323' title='bbox 2542 2514 2621 2585; x_wconf 84' lang='grc' dir='ltr'>τῷ</span> <span class='ocrx_word' id='word_1_324' title='bbox 2669 2516 2955 2586; x_wconf 84' lang='grc' dir='ltr'>γράμματι</span> <span class='ocrx_word' id='word_1_325' title='bbox 3003 2516 3257 2586; x_wconf 78' lang='grc' dir='ltr'>πνεῦμα,</span> <span class='ocrx_word' id='word_1_326' title='bbox 3297 2514 3565 2585; x_wconf 82' lang='grc' dir='ltr'>μηδέποτε</span> <span class='ocrx_word' id='word_1_327' title='bbox 3604 2509 3697 2566; x_wconf 71' lang='grc' dir='ltr'>τοῦ</span> 
     </span>
    </p>
   </div>
   <div class='ocr_carea' id='block_1_52' title="bbox 2125 2597 3700 2677">
    <p class='ocr_par' dir='ltr' id='par_1_52' title="bbox 2125 2597 3700 2677">
     <span class='ocr_line' id='line_1_52' title="bbox 2125 2597 3700 2677; baseline -0.001 -22"><span class='ocrx_word' id='word_1_328' title='bbox 2125 2597 2265 2656; x_wconf 78' lang='grc' dir='ltr'>εἶναι</span> <span class='ocrx_word' id='word_1_329' title='bbox 2306 2604 2632 2676; x_wconf 86' lang='grc' dir='ltr'>παυόμενον,</span> <span class='ocrx_word' id='word_1_330' title='bbox 2664 2607 2838 2677; x_wconf 77' lang='grc' dir='ltr'>άληθῆ</span> <span class='ocrx_word' id='word_1_331' title='bbox 2871 2607 2962 2660; x_wconf 87' lang='grc' dir='ltr'><strong>τὸν</strong></span> <span class='ocrx_word' id='word_1_332' title='bbox 2990 2606 3149 2675; x_wconf 87' lang='grc' dir='ltr'>λόγον</span> <span class='ocrx_word' id='word_1_333' title='bbox 3182 2608 3279 2675; x_wconf 78' lang='grc' dir='ltr'>τῆς</span> <span class='ocrx_word' id='word_1_334' title='bbox 3309 2603 3539 2675; x_wconf 82' lang='grc' dir='ltr'>θεωρία;</span> <span class='ocrx_word' id='word_1_335' title='bbox 3572 2618 3700 2655; x_wconf 84' lang='grc' dir='ltr'>συν-</span> 
     </span>
    </p>
   </div>
   <div class='ocr_carea' id='block_1_53' title="bbox 2128 2692 3697 2769">
    <p class='ocr_par' dir='ltr' id='par_1_53' title="bbox 2128 2692 3697 2769">
     <span class='ocr_line' id='line_1_53' title="bbox 2128 2692 3697 2769; baseline 0.006 -22"><span class='ocrx_word' id='word_1_336' title='bbox 2128 2693 2325 2765; x_wconf 83' lang='grc' dir='ltr'>ίστησι.</span> <span class='ocrx_word' id='word_1_337' title='bbox 2357 2696 2467 2750; x_wconf 78' lang='grc' dir='ltr'><strong>Καὶ</strong></span> <span class='ocrx_word' id='word_1_338' title='bbox 2512 2696 2702 2769; x_wconf 82' lang='grc' dir='ltr'>ὥσπερ</span> <span class='ocrx_word' id='word_1_339' title='bbox 2734 2692 2891 2763; x_wconf 75' lang='grc' dir='ltr'>οὗτος</span> <span class='ocrx_word' id='word_1_340' title='bbox 2944 2700 2972 2752; x_wconf 84' lang='grc' dir='ltr'>ὁ</span> <span class='ocrx_word' id='word_1_341' title='bbox 3021 2696 3143 2751; x_wconf 86' lang='grc' dir='ltr'>καθ’</span> <span class='ocrx_word' id='word_1_342' title='bbox 3180 2698 3327 2767; x_wconf 74' lang='grc' dir='ltr'>ἡμᾶς</span> <span class='ocrx_word' id='word_1_343' title='bbox 3374 2694 3697 2765; x_wconf 81' lang='grc' dir='ltr'>ἄνθρωπος.</span> 
     </span>
    </p>
   </div>
   <div class='ocr_carea' id='block_1_54' title="bbox 2125 2786 3702 2861">
    <p class='ocr_par' dir='ltr' id='par_1_54' title="bbox 2125 2786 3702 2861">
     <span class='ocr_line' id='line_1_54' title="bbox 2125 2786 3702 2861; baseline -0.001 -21"><span class='ocrx_word' id='word_1_344' title='bbox 2125 2786 2415 2860; x_wconf 54' lang='grc' dir='ltr'>φιλοσορίᾳ</span> <span class='ocrx_word' id='word_1_345' title='bbox 2443 2791 2664 2861; x_wconf 85' lang='grc' dir='ltr'>κρατῶν</span> <span class='ocrx_word' id='word_1_346' title='bbox 2689 2790 2788 2861; x_wconf 83' lang='grc' dir='ltr'>τῆς</span> <span class='ocrx_word' id='word_1_347' title='bbox 2826 2789 3107 2861; x_wconf 79' lang='grc' dir='ltr'>ὲμπαθοῦς</span> <span class='ocrx_word' id='word_1_348' title='bbox 3129 2788 3362 2861; x_wconf 78' lang='grc' dir='ltr'>όρέξεώς</span> <span class='ocrx_word' id='word_1_349' title='bbox 3390 2804 3451 2841; x_wconf 82' lang='grc' dir='ltr'><strong>τε</strong></span> <span class='ocrx_word' id='word_1_350' title='bbox 3488 2787 3583 2840; x_wconf 80' lang='grc' dir='ltr'><strong>καὶ</strong></span> <span class='ocrx_word' id='word_1_351' title='bbox 3607 2788 3702 2857; x_wconf 82' lang='grc' dir='ltr'><strong>ὀρ-</strong></span> 
     </span>
    </p>
   </div>
   <div class='ocr_carea' id='block_1_55' title="bbox 437 2872 2025 2963">
    <p class='ocr_par' dir='ltr' id='par_1_55' title="bbox 437 2872 2020 2953">
     <span class='ocr_line' id='line_1_55' title="bbox 437 2872 2020 2953; baseline 0.004 -26"><span class='ocrx_word' id='word_1_352' title='bbox 437 2872 764 2942; x_wconf 81' lang='lat' dir='ltr'><strong>oouSpicua,</strong></span> <span class='ocrx_word' id='word_1_353' title='bbox 796 2883 1174 2953; x_wconf 73' lang='lat' dir='ltr'><strong>transeuntem</strong></span> <span class='ocrx_word' id='word_1_354' title='bbox 1228 2875 1453 2941; x_wconf 82' lang='lat' dir='ltr'><strong>habeat,</strong></span> <span class='ocrx_word' id='word_1_355' title='bbox 1499 2876 1767 2932; x_wconf 87' lang='lat' dir='ltr'><strong>latentem</strong></span> <span class='ocrx_word' id='word_1_356' title='bbox 1797 2893 1927 2933; x_wconf 83' lang='lat' dir='ltr'><strong>vero</strong></span> <span class='ocrx_word' id='word_1_357' title='bbox 1962 2878 2020 2933; x_wconf 88' lang='lat' dir='ltr'><strong>in</strong></span> 
     </span>
    </p>
   </div>
   <div class='ocr_carea' id='block_1_56' title="bbox 2127 2872 3697 2963">
    <p class='ocr_par' dir='ltr' id='par_1_56' title="bbox 2128 2876 3697 2951">
     <span class='ocr_line' id='line_1_56' title="bbox 2128 2876 3697 2951; baseline -0.002 -20"><span class='ocrx_word' id='word_1_358' title='bbox 2128 2879 2255 2949; x_wconf 81' lang='grc' dir='ltr'>μῆς,</span> <span class='ocrx_word' id='word_1_359' title='bbox 2290 2880 2544 2951; x_wconf 79' lang='grc' dir='ltr'>μαραίνει</span> <span class='ocrx_word' id='word_1_360' title='bbox 2573 2882 2671 2951; x_wconf 82' lang='grc' dir='ltr'>τὴν</span> <span class='ocrx_word' id='word_1_361' title='bbox 2706 2882 2914 2951; x_wconf 84' lang='grc' dir='ltr'>σάρκα·</span> <span class='ocrx_word' id='word_1_362' title='bbox 2948 2880 3091 2934; x_wconf 78' lang='grc' dir='ltr'>οὕτω</span> <span class='ocrx_word' id='word_1_363' title='bbox 3121 2882 3215 2934; x_wconf 77' lang='grc' dir='ltr'>καὶ</span> <span class='ocrx_word' id='word_1_364' title='bbox 3260 2881 3293 2949; x_wconf 78' lang='grc' dir='ltr'><strong>ἡ</strong></span> <span class='ocrx_word' id='word_1_365' title='bbox 3336 2878 3470 2947; x_wconf 84' lang='grc' dir='ltr'>ἁγία</span> <span class='ocrx_word' id='word_1_366' title='bbox 3508 2876 3697 2948; x_wconf 70' lang='grc' dir='ltr'>Γραφὴ</span> 
     </span>
    </p>
   </div>
   <div class='ocr_carea' id='block_1_57' title="bbox 437 2964 2025 3046">
    <p class='ocr_par' dir='ltr' id='par_1_57' title="bbox 437 2964 2019 3041">
     <span class='ocr_line' id='line_1_57' title="bbox 437 2964 2019 3041; baseline 0.003 -24"><span class='ocrx_word' id='word_1_367' title='bbox 437 2964 625 3019; x_wconf 77' lang='lat' dir='ltr'><strong>littera</strong></span> <span class='ocrx_word' id='word_1_368' title='bbox 653 2965 913 3041; x_wconf 74' lang='lat' dir='ltr'><strong>Spiritum</strong></span> <span class='ocrx_word' id='word_1_369' title='bbox 946 2966 1042 3035; x_wconf 81' lang='lat' dir='ltr'><strong>qui</strong></span> <span class='ocrx_word' id='word_1_370' title='bbox 1073 2981 1360 3036; x_wconf 85' lang='lat' dir='ltr'><strong>nunquam</strong></span> <span class='ocrx_word' id='word_1_371' title='bbox 1383 2981 1507 3021; x_wconf 88' lang='lat' dir='ltr'><strong>esse</strong></span> <span class='ocrx_word' id='word_1_372' title='bbox 1550 2968 1791 3033; x_wconf 88' lang='lat' dir='ltr'><strong>desinat,</strong></span> <span class='ocrx_word' id='word_1_373' title='bbox 1830 2983 2019 3023; x_wconf 83' lang='lat' dir='ltr'><strong>veram</strong></span> 
     </span>
    </p>
   </div>
   <div class='ocr_carea' id='block_1_58' title="bbox 2127 2964 3699 3046">
    <p class='ocr_par' dir='ltr' id='par_1_58' title="bbox 2127 2970 3699 3046">
     <span class='ocr_line' id='line_1_58' title="bbox 2127 2970 3699 3046; baseline -0.003 -21"><span class='ocrx_word' id='word_1_374' title='bbox 2127 2973 2391 3043; x_wconf 83' lang='grc' dir='ltr'>νοουμένη</span> <span class='ocrx_word' id='word_1_375' title='bbox 2447 2975 2853 3044; x_wconf 81' lang='grc' dir='ltr'>πνευματικῶς,</span> <span class='ocrx_word' id='word_1_376' title='bbox 2899 2976 2960 3028; x_wconf 79' lang='grc' dir='ltr'><strong>τὸ</strong></span> <span class='ocrx_word' id='word_1_377' title='bbox 2999 2975 3235 3046; x_wconf 87' lang='grc' dir='ltr'>γράμμα</span> <span class='ocrx_word' id='word_1_378' title='bbox 3288 2970 3488 3041; x_wconf 80' lang='grc' dir='ltr'>ἑαυτῆς</span> <span class='ocrx_word' id='word_1_379' title='bbox 3545 2985 3699 3039; x_wconf 86' lang='grc' dir='ltr'>περι-</span> 
     </span>
    </p>
   </div>
   <div class='ocr_carea' id='block_1_59' title="bbox 438 3059 2021 3128">
    <p class='ocr_par' dir='ltr' id='par_1_59' title="bbox 438 3059 2021 3128">
     <span class='ocr_line' id='line_1_59' title="bbox 438 3059 2021 3128; baseline 0.003 -17"><span class='ocrx_word' id='word_1_380' title='bbox 438 3075 560 3113; x_wconf 75' lang='lat' dir='ltr'><strong>esse</strong></span> <span class='ocrx_word' id='word_1_381' title='bbox 586 3059 855 3128; x_wconf 83' lang='lat' dir='ltr'><strong>spiritalis</strong></span> <span class='ocrx_word' id='word_1_382' title='bbox 882 3060 1029 3114; x_wconf 89' lang='lat' dir='ltr'><strong>illius</strong></span> <span class='ocrx_word' id='word_1_383' title='bbox 1056 3075 1255 3115; x_wconf 85' lang='lat' dir='ltr'><strong>sensus</strong></span> <span class='ocrx_word' id='word_1_384' title='bbox 1308 3062 1583 3115; x_wconf 85' lang='lat' dir='ltr'><strong>rationem</strong></span> <span class='ocrx_word' id='word_1_385' title='bbox 1635 3059 1900 3115; x_wconf 86' lang='lat' dir='ltr'><strong>ostendit.</strong></span> <span class='ocrx_word' id='word_1_386' title='bbox 1942 3060 2021 3115; x_wconf 86' lang='lat' dir='ltr'><strong>Ac</strong></span> 
     </span>
    </p>
   </div>
   <div class='ocr_carea' id='block_1_60' title="bbox 439 3150 2022 3223">
    <p class='ocr_par' dir='ltr' id='par_1_60' title="bbox 439 3150 2022 3223">
     <span class='ocr_line' id='line_1_60' title="bbox 439 3150 2022 3223; baseline 0.001 -18"><span class='ocrx_word' id='word_1_387' title='bbox 439 3150 586 3206; x_wconf 79' lang='lat' dir='ltr'><strong>sicut</strong></span> <span class='ocrx_word' id='word_1_388' title='bbox 616 3151 707 3206; x_wconf 88' lang='lat' dir='ltr'><strong>hic</strong></span> <span class='ocrx_word' id='word_1_389' title='bbox 728 3160 922 3207; x_wconf 84' lang='lat' dir='ltr'><strong>noster</strong></span> <span class='ocrx_word' id='word_1_390' title='bbox 947 3153 1135 3217; x_wconf 80' lang='lat' dir='ltr'><strong>homo,</strong></span> <span class='ocrx_word' id='word_1_391' title='bbox 1181 3152 1531 3223; x_wconf 84' lang='lat' dir='ltr'><strong>philosophia</strong></span> <span class='ocrx_word' id='word_1_392' title='bbox 1580 3151 1720 3206; x_wconf 90' lang='lat' dir='ltr'><strong>duce</strong></span> <span class='ocrx_word' id='word_1_393' title='bbox 1772 3150 2022 3207; x_wconf 88' lang='lat' dir='ltr'><strong>libidinis</strong></span> 
     </span>
    </p>
   </div>
   <div class='ocr_carea' id='block_1_61' title="bbox 440 3242 2019 3314">
    <p class='ocr_par' dir='ltr' id='par_1_61' title="bbox 440 3242 2019 3314">
     <span class='ocr_line' id='line_1_61' title="bbox 440 3242 2019 3314; baseline 0.001 -18"><span class='ocrx_word' id='word_1_394' title='bbox 440 3243 806 3314; x_wconf 82' lang='lat' dir='ltr'><strong>cupiditatem</strong></span> <span class='ocrx_word' id='word_1_395' title='bbox 858 3259 927 3299; x_wconf 86' lang='lat' dir='ltr'><strong>ac</strong></span> <span class='ocrx_word' id='word_1_396' title='bbox 979 3244 1285 3314; x_wconf 85' lang='lat' dir='ltr'><strong>appetitum</strong></span> <span class='ocrx_word' id='word_1_397' title='bbox 1335 3243 1438 3298; x_wconf 88' lang='lat' dir='ltr'><strong>sub</strong></span> <span class='ocrx_word' id='word_1_398' title='bbox 1500 3242 1738 3312; x_wconf 90' lang='lat' dir='ltr'><strong>imperio</strong></span> <span class='ocrx_word' id='word_1_399' title='bbox 1800 3251 2019 3309; x_wconf 89' lang='lat' dir='ltr'><strong>tenens,</strong></span> 
     </span>
    </p>
   </div>
   <div class='ocr_carea' id='block_1_62' title="bbox 440 3334 2021 3406">
    <p class='ocr_par' dir='ltr' id='par_1_62' title="bbox 440 3334 2021 3406">
     <span class='ocr_line' id='line_1_62' title="bbox 440 3334 2021 3406; baseline 0.001 -19"><span class='ocrx_word' id='word_1_400' title='bbox 440 3347 663 3391; x_wconf 85' lang='lat' dir='ltr'><strong>carnem</strong></span> <span class='ocrx_word' id='word_1_401' title='bbox 694 3345 933 3390; x_wconf 87' lang='lat' dir='ltr'><strong>macerat</strong></span> <span class='ocrx_word' id='word_1_402' title='bbox 956 3344 1012 3390; x_wconf 87' lang='lat' dir='ltr'><strong>et</strong></span> <span class='ocrx_word' id='word_1_403' title='bbox 1044 3337 1395 3406; x_wconf 81' lang='lat' dir='ltr'><strong>elanguidam</strong></span> <span class='ocrx_word' id='word_1_404' title='bbox 1423 3335 1591 3401; x_wconf 81' lang='lat' dir='ltr'><strong>facit;</strong></span> <span class='ocrx_word' id='word_1_405' title='bbox 1647 3335 1726 3389; x_wconf 83' lang='lat' dir='ltr'><strong>sic</strong></span> <span class='ocrx_word' id='word_1_406' title='bbox 1760 3343 1817 3389; x_wconf 90' lang='lat' dir='ltr'><strong>et</strong></span> <span class='ocrx_word' id='word_1_407' title='bbox 1875 3334 2021 3389; x_wconf 85' lang='lat' dir='ltr'><strong>Scri-</strong></span> 
     </span>
    </p>
   </div>
   <div class='ocr_carea' id='block_1_63' title="bbox 440 3426 2022 3498">
    <p class='ocr_par' dir='ltr' id='par_1_63' title="bbox 440 3426 2022 3498">
     <span class='ocr_line' id='line_1_63' title="bbox 440 3426 2022 3498; baseline -0.001 -17"><span class='ocrx_word' id='word_1_408' title='bbox 440 3436 606 3498; x_wconf 85' lang='lat' dir='ltr'><strong>ptura</strong></span> <span class='ocrx_word' id='word_1_409' title='bbox 642 3442 799 3483; x_wconf 90' lang='lat' dir='ltr'><strong>sacra</strong></span> <span class='ocrx_word' id='word_1_410' title='bbox 840 3428 1168 3497; x_wconf 83' lang='lat' dir='ltr'><strong>spiritaliter</strong></span> <span class='ocrx_word' id='word_1_411' title='bbox 1197 3426 1363 3498; x_wconf 73' lang='lat'><strong>506</strong></span> <span class='ocrx_word' id='word_1_412' title='bbox 1388 3426 1697 3492; x_wconf 82' lang='lat' dir='ltr'><strong>intellecta,</strong></span> <span class='ocrx_word' id='word_1_413' title='bbox 1734 3441 1762 3480; x_wconf 89' lang='lat' dir='ltr'><strong>a</strong></span> <span class='ocrx_word' id='word_1_414' title='bbox 1795 3426 2022 3480; x_wconf 89' lang='lat' dir='ltr'><strong>selitte-</strong></span> 
     </span>
    </p>
   </div>
   <div class='ocr_carea' id='block_1_64' title="bbox 2126 3059 3699 3139">
    <p class='ocr_par' dir='ltr' id='par_1_64' title="bbox 2126 3059 3699 3139">
     <span class='ocr_line' id='line_1_64' title="bbox 2126 3059 3699 3139; baseline -0.004 -21"><span class='ocrx_word' id='word_1_415' title='bbox 2126 3064 2336 3135; x_wconf 80' lang='grc' dir='ltr'>τέμνει.</span> <span class='ocrx_word' id='word_1_416' title='bbox 2367 3066 2508 3135; x_wconf 75' lang='grc' dir='ltr'><strong>Φησὶ</strong></span> <span class='ocrx_word' id='word_1_417' title='bbox 2540 3068 2648 3139; x_wconf 85' lang='grc' dir='ltr'><strong>γὰρ</strong></span> <span class='ocrx_word' id='word_1_418' title='bbox 2677 3069 2706 3120; x_wconf 85' lang='grc' dir='ltr'>ὁ</span> <span class='ocrx_word' id='word_1_419' title='bbox 2738 3067 2878 3130; x_wconf 82' lang='grc' dir='ltr'>θεῖος</span> <span class='ocrx_word' id='word_1_420' title='bbox 2923 3066 3269 3130; x_wconf 82' lang='grc' dir='ltr'>Ἀπόστολος,</span> <span class='ocrx_word' id='word_1_421' title='bbox 3302 3063 3495 3117; x_wconf 82' lang='grc' dir='ltr'>Ὅσον</span> <span class='ocrx_word' id='word_1_422' title='bbox 3526 3063 3557 3115; x_wconf 76' lang='grc' dir='ltr'><em>ὁ</em></span> <span class='ocrx_word' id='word_1_423' title='bbox 3583 3059 3699 3125; x_wconf 75' lang='grc' dir='ltr'><strong>ἔξω</strong></span> 
     </span>
    </p>
   </div>
   <div class='ocr_carea' id='block_1_65' title="bbox 2129 3151 3699 3228">
    <p class='ocr_par' dir='ltr' id='par_1_65' title="bbox 2129 3151 3699 3228">
     <span class='ocr_line' id='line_1_65' title="bbox 2129 3151 3699 3228; baseline -0.004 -18"><span class='ocrx_word' id='word_1_424' title='bbox 2129 3155 2299 3225; x_wconf 71' lang='grc' dir='ltr'>ἡμῶν</span> <span class='ocrx_word' id='word_1_425' title='bbox 2330 3156 2643 3225; x_wconf 79' lang='grc' dir='ltr'>ἄνθρωπος</span> <span class='ocrx_word' id='word_1_426' title='bbox 2693 3157 3093 3228; x_wconf 66' lang='grc' dir='ltr'>διαφθείρεται</span> <span class='ocrx_word' id='word_1_427' title='bbox 3117 3198 3131 3223; x_wconf 97' lang='grc'><strong>,</strong></span> <span class='ocrx_word' id='word_1_428' title='bbox 3182 3153 3480 3210; x_wconf 79' lang='grc' dir='ltr'>τοσοῦτον</span> <span class='ocrx_word' id='word_1_429' title='bbox 3517 3151 3699 3206; x_wconf 52' lang='lat' dir='ltr'><strong>diam</strong></span> 
     </span>
    </p>
   </div>
   <div class='ocr_carea' id='block_1_66' title="bbox 2127 3243 3700 3320">
    <p class='ocr_par' dir='ltr' id='par_1_66' title="bbox 2127 3243 3700 3320">
     <span class='ocr_line' id='line_1_66' title="bbox 2127 3243 3700 3320; baseline -0.006 -17"><span class='ocrx_word' id='word_1_430' title='bbox 2127 3249 2555 3303; x_wconf 80' lang='grc' dir='ltr'>ἀνακαινοῦται</span> <span class='ocrx_word' id='word_1_431' title='bbox 2583 3250 2775 3319; x_wconf 73' lang='grc' dir='ltr'>ἡμέρᾳ</span> <span class='ocrx_word' id='word_1_432' title='bbox 2808 3252 2908 3305; x_wconf 78' lang='grc' dir='ltr'>καὶ</span> <span class='ocrx_word' id='word_1_433' title='bbox 2931 3251 3142 3320; x_wconf 75' lang='grc' dir='ltr'>ἡμέρᾳ.</span> <span class='ocrx_word' id='word_1_434' title='bbox 3163 3249 3335 3303; x_wconf 79' lang='grc' dir='ltr'>Τοῦτο</span> <span class='ocrx_word' id='word_1_435' title='bbox 3354 3244 3582 3300; x_wconf 82' lang='grc' dir='ltr'>νοείσθω</span> <span class='ocrx_word' id='word_1_436' title='bbox 3608 3243 3700 3296; x_wconf 85' lang='grc' dir='ltr'><strong>καὶ</strong></span> 
     </span>
    </p>
   </div>
   <div class='ocr_carea' id='block_1_67' title="bbox 2128 3337 3698 3412">
    <p class='ocr_par' dir='ltr' id='par_1_67' title="bbox 2128 3337 3698 3412">
     <span class='ocr_line' id='line_1_67' title="bbox 2128 3337 3698 3412; baseline -0.003 -20"><span class='ocrx_word' id='word_1_437' title='bbox 2128 3338 2372 3408; x_wconf 82' lang='grc' dir='ltr'>λεγέσθω</span> <span class='ocrx_word' id='word_1_438' title='bbox 2405 3340 2499 3394; x_wconf 69' lang='grc' dir='ltr'><strong>καὶ</strong></span> <span class='ocrx_word' id='word_1_439' title='bbox 2535 3342 2627 3393; x_wconf 69' lang='grc' dir='ltr'><strong>ἐπὶ</strong></span> <span class='ocrx_word' id='word_1_440' title='bbox 2652 3344 2751 3412; x_wconf 82' lang='grc' dir='ltr'>τῆς</span> <span class='ocrx_word' id='word_1_441' title='bbox 2780 3342 2941 3411; x_wconf 85' lang='grc' dir='ltr'>ἁγίας</span> <span class='ocrx_word' id='word_1_442' title='bbox 2971 3340 3217 3412; x_wconf 82' lang='grc' dir='ltr'>Γραφῆς,</span> <span class='ocrx_word' id='word_1_443' title='bbox 3250 3337 3542 3409; x_wconf 78' lang='grc' dir='ltr'>ἀνθρώπου</span> <span class='ocrx_word' id='word_1_444' title='bbox 3571 3351 3698 3406; x_wconf 77' lang='grc' dir='ltr'>τρο-</span> 
     </span>
    </p>
   </div>
   <div class='ocr_carea' id='block_1_68' title="bbox 2129 3426 3701 3503">
    <p class='ocr_par' dir='ltr' id='par_1_68' title="bbox 2129 3426 3701 3503">
     <span class='ocr_line' id='line_1_68' title="bbox 2129 3426 3701 3503; baseline -0.003 -21"><span class='ocrx_word' id='word_1_445' title='bbox 2129 3430 2306 3493; x_wconf 89' lang='grc' dir='ltr'>πικῶς</span> <span class='ocrx_word' id='word_1_446' title='bbox 2338 3430 2655 3503; x_wconf 80' lang='grc' dir='ltr'>νοουμένης.</span> <span class='ocrx_word' id='word_1_447' title='bbox 2686 3433 2851 3486; x_wconf 80' lang='grc' dir='ltr'>Ὅσον</span> <span class='ocrx_word' id='word_1_448' title='bbox 2879 3432 2986 3503; x_wconf 85' lang='grc' dir='ltr'>γὰρ</span> <span class='ocrx_word' id='word_1_449' title='bbox 3020 3430 3191 3500; x_wconf 81' lang='grc' dir='ltr'>αὐτῆς</span> <span class='ocrx_word' id='word_1_450' title='bbox 3215 3427 3279 3482; x_wconf 75' lang='grc' dir='ltr'>τὸ</span> <span class='ocrx_word' id='word_1_451' title='bbox 3304 3427 3540 3498; x_wconf 78' lang='grc' dir='ltr'>γράμμα</span> <span class='ocrx_word' id='word_1_452' title='bbox 3566 3426 3701 3479; x_wconf 77' lang='grc' dir='ltr'>ὑπσ-</span> 
     </span>
    </p>
   </div>
   <div class='ocr_carea' id='block_1_69' title="bbox 438 3513 2025 3594">
    <p class='ocr_par' dir='ltr' id='par_1_69' title="bbox 438 3520 2025 3591">
     <span class='ocr_line' id='line_1_69' title="bbox 438 3520 2025 3591; baseline 0 -17"><span class='ocrx_word' id='word_1_453' title='bbox 438 3534 558 3575; x_wconf 84' lang='lat' dir='ltr'><strong>ram</strong></span> <span class='ocrx_word' id='word_1_454' title='bbox 608 3529 860 3591; x_wconf 86' lang='lat' dir='ltr'><strong>amputat</strong></span> <span class='ocrx_word' id='word_1_455' title='bbox 902 3537 966 3576; x_wconf 88' lang='lat' dir='ltr'><strong>ac</strong></span> <span class='ocrx_word' id='word_1_456' title='bbox 1013 3521 1386 3576; x_wconf 88' lang='lat' dir='ltr'><strong>circumcidit.</strong></span> <span class='ocrx_word' id='word_1_457' title='bbox 1440 3521 1535 3575; x_wconf 88' lang='lat' dir='ltr'><strong>Ait</strong></span> <span class='ocrx_word' id='word_1_458' title='bbox 1587 3520 1736 3574; x_wconf 91' lang='lat' dir='ltr'><strong>enim</strong></span> <span class='ocrx_word' id='word_1_459' title='bbox 1793 3534 2025 3590; x_wconf 78' lang='lat' dir='ltr'><strong>magnus</strong></span> 
     </span>
    </p>
   </div>
   <div class='ocr_carea' id='block_1_70' title="bbox 2127 3513 3700 3594">
    <p class='ocr_par' dir='ltr' id='par_1_70' title="bbox 2127 3513 3700 3594">
     <span class='ocr_line' id='line_1_70' title="bbox 2127 3513 3700 3594; baseline -0.003 -21"><span class='ocrx_word' id='word_1_460' title='bbox 2127 3525 2318 3593; x_wconf 85' lang='grc' dir='ltr'>χωρεῖ,</span> <span class='ocrx_word' id='word_1_461' title='bbox 2343 3524 2597 3577; x_wconf 80' lang='grc' dir='ltr'>τοσοῦτον</span> <span class='ocrx_word' id='word_1_462' title='bbox 2636 3522 2698 3577; x_wconf 86' lang='grc' dir='ltr'><strong>τὸ</strong></span> <span class='ocrx_word' id='word_1_463' title='bbox 2734 3522 2950 3594; x_wconf 86' lang='grc' dir='ltr'>πνεῦμα</span> <span class='ocrx_word' id='word_1_464' title='bbox 2976 3521 3321 3575; x_wconf 81' lang='grc' dir='ltr'>πλεονεκτεϊ’</span> <span class='ocrx_word' id='word_1_465' title='bbox 3357 3518 3453 3574; x_wconf 73' lang='grc' dir='ltr'><strong>καὶ</strong></span> <span class='ocrx_word' id='word_1_466' title='bbox 3482 3519 3608 3573; x_wconf 85' lang='grc' dir='ltr'>ὅσον</span> <span class='ocrx_word' id='word_1_467' title='bbox 3643 3513 3700 3569; x_wconf 70' lang='grc' dir='ltr'>αἱ</span> 
     </span>
    </p>
   </div>
   <div class='ocr_carea' id='block_1_71' title="bbox 438 3611 2023 3681">
    <p class='ocr_par' dir='ltr' id='par_1_71' title="bbox 438 3611 2023 3681">
     <span class='ocr_line' id='line_1_71' title="bbox 438 3611 2023 3681; baseline -0.001 -17"><span class='ocrx_word' id='word_1_468' title='bbox 438 3611 772 3680; x_wconf 79' lang='lat' dir='ltr'><strong>Apostolus:</strong></span> <span class='ocrx_word' id='word_1_469' title='bbox 805 3611 1076 3677; x_wconf 82' lang='lat' dir='ltr'><strong>Quantum</strong></span> <span class='ocrx_word' id='word_1_470' title='bbox 1102 3620 1279 3665; x_wconf 85' lang='lat' dir='ltr'><strong>noster</strong></span> <span class='ocrx_word' id='word_1_471' title='bbox 1302 3613 1476 3676; x_wconf 84' lang='lat' dir='ltr'><strong>homo,</strong></span> <span class='ocrx_word' id='word_1_472' title='bbox 1506 3612 1595 3681; x_wconf 87' lang='lat' dir='ltr'><strong>qui</strong></span> <span class='ocrx_word' id='word_1_473' title='bbox 1622 3611 1751 3680; x_wconf 81' lang='lat' dir='ltr'><strong>foris</strong></span> <span class='ocrx_word' id='word_1_474' title='bbox 1783 3619 1882 3676; x_wconf 85' lang='lat' dir='ltr'><strong>est,</strong></span> <span class='ocrx_word' id='word_1_475' title='bbox 1902 3625 2023 3663; x_wconf 85' lang='lat' dir='ltr'><strong>cor—</strong></span> 
     </span>
    </p>
   </div>
   <div class='ocr_carea' id='block_1_72' title="bbox 436 3697 2025 3771">
    <p class='ocr_par' dir='ltr' id='par_1_72' title="bbox 436 3697 2025 3771">
     <span class='ocr_line' id='line_1_72' title="bbox 436 3697 2025 3771; baseline -0.003 -16"><span class='ocrx_word' id='word_1_476' title='bbox 436 3702 742 3771; x_wconf 78' lang='lat' dir='ltr'><strong>rumpitur;</strong></span> <span class='ocrx_word' id='word_1_477' title='bbox 773 3709 983 3755; x_wconf 79' lang='lat' dir='ltr'><strong>tantum</strong></span> <span class='ocrx_word' id='word_1_478' title='bbox 1010 3702 1078 3766; x_wconf 92' lang='lat' dir='ltr'><strong>is,</strong></span> <span class='ocrx_word' id='word_1_479' title='bbox 1109 3701 1199 3771; x_wconf 77' lang='lat' dir='ltr'><strong>qui</strong></span> <span class='ocrx_word' id='word_1_480' title='bbox 1221 3700 1366 3754; x_wconf 82' lang='lat' dir='ltr'><strong>intus</strong></span> <span class='ocrx_word' id='word_1_481' title='bbox 1393 3707 1490 3765; x_wconf 78' lang='lat' dir='ltr'><strong>est,</strong></span> <span class='ocrx_word' id='word_1_482' title='bbox 1533 3706 1821 3753; x_wconf 81' lang='lat' dir='ltr'><strong>renouatur</strong></span> <span class='ocrx_word' id='word_1_483' title='bbox 1856 3697 1920 3751; x_wconf 89' lang='lat' dir='ltr'><strong>de</strong></span> <span class='ocrx_word' id='word_1_484' title='bbox 1940 3698 2025 3751; x_wconf 86' lang='lat' dir='ltr'><strong>die</strong></span> 
     </span>
    </p>
   </div>
   <div class='ocr_carea' id='block_1_73' title="bbox 437 3792 2027 3863">
    <p class='ocr_par' dir='ltr' id='par_1_73' title="bbox 437 3792 2027 3863">
     <span class='ocr_line' id='line_1_73' title="bbox 437 3792 2027 3863; baseline -0.001 -18"><span class='ocrx_word' id='word_1_485' title='bbox 437 3793 493 3845; x_wconf 84' lang='lat' dir='ltr'><strong>iu</strong></span> <span class='ocrx_word' id='word_1_486' title='bbox 515 3793 652 3847; x_wconf 73' lang='lat' dir='ltr'><strong>diem</strong></span> <span class='ocrx_word' id='word_1_487' title='bbox 678 3795 747 3846; x_wconf 65' lang='grc' dir='ltr'><strong>ν’.</strong></span> <span class='ocrx_word' id='word_1_488' title='bbox 782 3792 842 3848; x_wconf 92' lang='lat' dir='ltr'><strong>ld</strong></span> <span class='ocrx_word' id='word_1_489' title='bbox 865 3807 1088 3863; x_wconf 86' lang='lat' dir='ltr'><strong>quoque</strong></span> <span class='ocrx_word' id='word_1_490' title='bbox 1121 3792 1190 3847; x_wconf 89' lang='lat' dir='ltr'><strong>de</strong></span> <span class='ocrx_word' id='word_1_491' title='bbox 1225 3792 1514 3862; x_wconf 87' lang='lat' dir='ltr'><strong>Scriptura</strong></span> <span class='ocrx_word' id='word_1_492' title='bbox 1564 3807 1720 3847; x_wconf 88' lang='lat' dir='ltr'><strong>sacra</strong></span> <span class='ocrx_word' id='word_1_493' title='bbox 1750 3792 2027 3861; x_wconf 77' lang='lat' dir='ltr'><strong>intelliga-</strong></span> 
     </span>
    </p>
   </div>
   <div class='ocr_carea' id='block_1_74' title="bbox 439 3882 2022 3954">
    <p class='ocr_par' dir='ltr' id='par_1_74' title="bbox 439 3882 2022 3954">
     <span class='ocr_line' id='line_1_74' title="bbox 439 3882 2022 3954; baseline 0 -18"><span class='ocrx_word' id='word_1_494' title='bbox 439 3893 554 3947; x_wconf 89' lang='lat' dir='ltr'><strong>tur,</strong></span> <span class='ocrx_word' id='word_1_495' title='bbox 583 3899 648 3938; x_wconf 88' lang='lat' dir='ltr'><strong>ac</strong></span> <span class='ocrx_word' id='word_1_496' title='bbox 670 3882 910 3949; x_wconf 87' lang='lat' dir='ltr'><strong>dicatur,</strong></span> <span class='ocrx_word' id='word_1_497' title='bbox 938 3900 1061 3954; x_wconf 78' lang='lat' dir='ltr'><strong>qua:</strong></span> <span class='ocrx_word' id='word_1_498' title='bbox 1094 3885 1381 3938; x_wconf 87' lang='lat' dir='ltr'><strong>moraliter</strong></span> <span class='ocrx_word' id='word_1_499' title='bbox 1421 3885 1587 3937; x_wconf 90' lang='lat' dir='ltr'><strong>homo</strong></span> <span class='ocrx_word' id='word_1_500' title='bbox 1606 3883 2022 3938; x_wconf 82' lang='lat' dir='ltr'><strong>consideratur.</strong></span> 
     </span>
    </p>
   </div>
   <div class='ocr_carea' id='block_1_75' title="bbox 440 3976 2026 4046">
    <p class='ocr_par' dir='ltr' id='par_1_75' title="bbox 440 3976 2026 4046">
     <span class='ocr_line' id='line_1_75' title="bbox 440 3976 2026 4046; baseline 0 -17"><span class='ocrx_word' id='word_1_501' title='bbox 440 3976 559 4041; x_wconf 85' lang='lat' dir='ltr'><strong>Quo</strong></span> <span class='ocrx_word' id='word_1_502' title='bbox 581 3977 732 4030; x_wconf 84' lang='lat' dir='ltr'><strong>enim</strong></span> <span class='ocrx_word' id='word_1_503' title='bbox 754 3977 928 4046; x_wconf 75' lang='lat' dir='ltr'><strong>magis</strong></span> <span class='ocrx_word' id='word_1_504' title='bbox 954 3978 1139 4031; x_wconf 85' lang='lat' dir='ltr'><strong>littera</strong></span> <span class='ocrx_word' id='word_1_505' title='bbox 1167 3977 1237 4030; x_wconf 89' lang='lat' dir='ltr'><strong>ab</strong></span> <span class='ocrx_word' id='word_1_506' title='bbox 1260 3992 1324 4031; x_wconf 87' lang='lat' dir='ltr'><strong>ea</strong></span> <span class='ocrx_word' id='word_1_507' title='bbox 1349 3976 1705 4042; x_wconf 86' lang='lat' dir='ltr'><strong>subducitur,</strong></span> <span class='ocrx_word' id='word_1_508' title='bbox 1742 3991 1810 4032; x_wconf 86' lang='lat' dir='ltr'><strong>eo</strong></span> <span class='ocrx_word' id='word_1_509' title='bbox 1844 3976 2026 4029; x_wconf 88' lang='lat' dir='ltr'><strong>abun-</strong></span> 
     </span>
    </p>
   </div>
   <div class='ocr_carea' id='block_1_76' title="bbox 443 4069 2028 4138">
    <p class='ocr_par' dir='ltr' id='par_1_76' title="bbox 443 4069 2028 4138">
     <span class='ocr_line' id='line_1_76' title="bbox 443 4069 2028 4138; baseline 0.001 -16"><span class='ocrx_word' id='word_1_510' title='bbox 443 4069 537 4123; x_wconf 82' lang='lat' dir='ltr'><strong>dat</strong></span> <span class='ocrx_word' id='word_1_511' title='bbox 567 4069 843 4138; x_wconf 86' lang='lat' dir='ltr'><strong>spiritus;</strong></span> <span class='ocrx_word' id='word_1_512' title='bbox 878 4085 943 4125; x_wconf 87' lang='lat' dir='ltr'><strong>ac</strong></span> <span class='ocrx_word' id='word_1_513' title='bbox 990 4078 1263 4138; x_wconf 88' lang='lat' dir='ltr'><strong>quantum</strong></span> <span class='ocrx_word' id='word_1_514' title='bbox 1305 4070 1649 4138; x_wconf 85' lang='lat' dir='ltr'><strong>temporanei</strong></span> <span class='ocrx_word' id='word_1_515' title='bbox 1681 4069 1868 4124; x_wconf 88' lang='lat' dir='ltr'><strong>cultus</strong></span> <span class='ocrx_word' id='word_1_516' title='bbox 1905 4084 2028 4123; x_wconf 87' lang='lat' dir='ltr'><strong>um-</strong></span> 
     </span>
    </p>
   </div>
   <div class='ocr_carea' id='block_1_77' title="bbox 442 4160 2026 4231">
    <p class='ocr_par' dir='ltr' id='par_1_77' title="bbox 442 4160 2026 4231">
     <span class='ocr_line' id='line_1_77' title="bbox 442 4160 2026 4231; baseline 0.001 -17"><span class='ocrx_word' id='word_1_517' title='bbox 442 4161 558 4216; x_wconf 83' lang='lat' dir='ltr'><strong>brae</strong></span> <span class='ocrx_word' id='word_1_518' title='bbox 590 4168 903 4225; x_wconf 81' lang='lat' dir='ltr'><strong>trauseunt,</strong></span> <span class='ocrx_word' id='word_1_519' title='bbox 932 4170 1144 4216; x_wconf 85' lang='lat' dir='ltr'><strong>tantum</strong></span> <span class='ocrx_word' id='word_1_520' title='bbox 1170 4160 1615 4231; x_wconf 88' lang='lat' dir='ltr'><strong>splendidissima</strong></span> <span class='ocrx_word' id='word_1_521' title='bbox 1652 4161 2026 4216; x_wconf 84' lang='lat' dir='ltr'><strong>lucidissima-</strong></span> 
     </span>
    </p>
   </div>
   <div class='ocr_carea' id='block_1_78' title="bbox 2133 3607 3703 3686">
    <p class='ocr_par' dir='ltr' id='par_1_78' title="bbox 2133 3607 3703 3686">
     <span class='ocr_line' id='line_1_78' title="bbox 2133 3607 3703 3686; baseline -0.001 -20"><span class='ocrx_word' id='word_1_522' title='bbox 2133 3616 2285 3667; x_wconf 75' lang='grc' dir='ltr'>σκιαὶ</span> <span class='ocrx_word' id='word_1_523' title='bbox 2310 3615 2409 3686; x_wconf 82' lang='grc' dir='ltr'><strong>τῆς</strong></span> <span class='ocrx_word' id='word_1_524' title='bbox 2432 3616 2769 3686; x_wconf 80' lang='grc' dir='ltr'>προσκαίρου</span> <span class='ocrx_word' id='word_1_525' title='bbox 2791 3614 3044 3686; x_wconf 86' lang='grc' dir='ltr'>λατρείας</span> <span class='ocrx_word' id='word_1_526' title='bbox 3070 3612 3501 3684; x_wconf 84' lang='grc' dir='ltr'>παρατρέχουσι,</span> <span class='ocrx_word' id='word_1_527' title='bbox 3518 3607 3703 3664; x_wconf 77' lang='grc' dir='ltr'>τοσοῦ·-</span> 
     </span>
    </p>
   </div>
   <div class='ocr_carea' id='block_1_79' title="bbox 2128 3700 3702 3778">
    <p class='ocr_par' dir='ltr' id='par_1_79' title="bbox 2128 3700 3702 3778">
     <span class='ocr_line' id='line_1_79' title="bbox 2128 3700 3702 3778; baseline -0.003 -20"><span class='ocrx_word' id='word_1_528' title='bbox 2128 3708 2278 3776; x_wconf 87' lang='grc' dir='ltr'>τονή</span> <span class='ocrx_word' id='word_1_529' title='bbox 2317 3706 2541 3778; x_wconf 75' lang='grc' dir='ltr'>ἀλήθεια</span> <span class='ocrx_word' id='word_1_530' title='bbox 2585 3709 2683 3778; x_wconf 81' lang='grc' dir='ltr'><strong>τῆς</strong></span> <span class='ocrx_word' id='word_1_531' title='bbox 2714 3705 2946 3771; x_wconf 85' lang='grc' dir='ltr'>πίστεως</span> <span class='ocrx_word' id='word_1_532' title='bbox 2980 3707 3013 3776; x_wconf 75' lang='grc' dir='ltr'><strong>ἠ</strong></span> <span class='ocrx_word' id='word_1_533' title='bbox 3045 3706 3312 3776; x_wconf 75' lang='grc' dir='ltr'>παμφαὴς</span> <span class='ocrx_word' id='word_1_534' title='bbox 3356 3720 3416 3757; x_wconf 85' lang='grc' dir='ltr'><strong>τε</strong></span> <span class='ocrx_word' id='word_1_535' title='bbox 3461 3704 3556 3757; x_wconf 78' lang='grc' dir='ltr'><strong>καὶ</strong></span> <span class='ocrx_word' id='word_1_536' title='bbox 3586 3700 3702 3754; x_wconf 82' lang='grc' dir='ltr'>ὁλο-</span> 
     </span>
    </p>
   </div>
   <div class='ocr_carea' id='block_1_80' title="bbox 2131 3791 3703 3870">
    <p class='ocr_par' dir='ltr' id='par_1_80' title="bbox 2131 3791 3703 3870">
     <span class='ocr_line' id='line_1_80' title="bbox 2131 3791 3703 3870; baseline -0.003 -20"><span class='ocrx_word' id='word_1_537' title='bbox 2131 3797 2352 3868; x_wconf 80' lang='grc' dir='ltr'>λαμπὴς</span> <span class='ocrx_word' id='word_1_538' title='bbox 2383 3799 2477 3851; x_wconf 74' lang='grc' dir='ltr'><strong>καὶ</strong></span> <span class='ocrx_word' id='word_1_539' title='bbox 2504 3798 2693 3861; x_wconf 79' lang='grc' dir='ltr'>άσκιος</span> <span class='ocrx_word' id='word_1_540' title='bbox 2722 3797 3132 3870; x_wconf 74' lang='grc' dir='ltr'>ἐπεισέρχεται·</span> <span class='ocrx_word' id='word_1_541' title='bbox 3161 3796 3285 3850; x_wconf 84' lang='grc' dir='ltr'>καθ’</span> <span class='ocrx_word' id='word_1_542' title='bbox 3302 3795 3368 3867; x_wconf 75' lang='grc' dir='ltr'>ἢν</span> <span class='ocrx_word' id='word_1_543' title='bbox 3389 3795 3484 3849; x_wconf 72' lang='grc' dir='ltr'><strong>καὶ</strong></span> <span class='ocrx_word' id='word_1_544' title='bbox 3511 3794 3576 3848; x_wconf 85' lang='grc' dir='ltr'><strong>δι’</strong></span> <span class='ocrx_word' id='word_1_545' title='bbox 3626 3791 3703 3863; x_wconf 70' lang='grc' dir='ltr'><strong>»ἣν</strong></span> 
     </span>
    </p>
   </div>
   <div class='ocr_carea' id='block_1_81' title="bbox 2131 3882 3705 3960">
    <p class='ocr_par' dir='ltr' id='par_1_81' title="bbox 2131 3882 3705 3960">
     <span class='ocr_line' id='line_1_81' title="bbox 2131 3882 3705 3960; baseline -0.002 -20"><span class='ocrx_word' id='word_1_546' title='bbox 2131 3889 2560 3960; x_wconf 82' lang='grc' dir='ltr'>προηγουμένως</span> <span class='ocrx_word' id='word_1_547' title='bbox 2591 3889 2687 3943; x_wconf 73' lang='grc' dir='ltr'>καὶ</span> <span class='ocrx_word' id='word_1_548' title='bbox 2730 3888 2847 3941; x_wconf 74' lang='grc' dir='ltr'>ἐστι</span> <span class='ocrx_word' id='word_1_549' title='bbox 2876 3890 2969 3941; x_wconf 66' lang='grc' dir='ltr'><strong>καὶ¹</strong></span> <span class='ocrx_word' id='word_1_550' title='bbox 3008 3888 3351 3960; x_wconf 81' lang='grc' dir='ltr'>γέγραπται,</span> <span class='ocrx_word' id='word_1_551' title='bbox 3383 3885 3477 3939; x_wconf 74' lang='grc' dir='ltr'><strong>καὶ</strong></span> <span class='ocrx_word' id='word_1_552' title='bbox 3512 3882 3705 3957; x_wconf 60' lang='grc' dir='ltr'>Γραῆςὴ</span> 
     </span>
    </p>
   </div>
   <div class='ocr_carea' id='block_1_82' title="bbox 2130 3979 3705 4052">
    <p class='ocr_par' dir='ltr' id='par_1_82' title="bbox 2130 3979 3705 4052">
     <span class='ocr_line' id='line_1_82' title="bbox 2130 3979 3705 4052; baseline -0.004 -19"><span class='ocrx_word' id='word_1_553' title='bbox 2130 3980 2380 4050; x_wconf 82' lang='grc' dir='ltr'>λέγεται,</span> <span class='ocrx_word' id='word_1_554' title='bbox 2411 3980 2489 4051; x_wconf 83' lang='grc' dir='ltr'>τῷ</span> <span class='ocrx_word' id='word_1_555' title='bbox 2512 3980 2586 4051; x_wconf 84' lang='grc' dir='ltr'>νῷ</span> <span class='ocrx_word' id='word_1_556' title='bbox 2609 3979 2696 4033; x_wconf 82' lang='grc' dir='ltr'><strong>διὰ</strong></span> <span class='ocrx_word' id='word_1_557' title='bbox 2723 3981 2943 4052; x_wconf 84' lang='grc' dir='ltr'>χάριτος</span> <span class='ocrx_word' id='word_1_558' title='bbox 2967 3980 3342 4049; x_wconf 82' lang='grc' dir='ltr'>πνευματικῆς</span> <span class='ocrx_word' id='word_1_559' title='bbox 3376 3981 3705 4047; x_wconf 76' lang='grc' dir='ltr'>ἐγχαραττο-</span> 
     </span>
    </p>
   </div>
   <div class='ocr_carea' id='block_1_83' title="bbox 2135 4066 3705 4145">
    <p class='ocr_par' dir='ltr' id='par_1_83' title="bbox 2135 4066 3705 4145">
     <span class='ocr_line' id='line_1_83' title="bbox 2135 4066 3705 4145; baseline -0.004 -18"><span class='ocrx_word' id='word_1_560' title='bbox 2135 4073 2303 4145; x_wconf 69' lang='grc' dir='ltr'>μένην</span> <span class='ocrx_word' id='word_1_561' title='bbox 2338 4071 2531 4145; x_wconf 70' lang='grc' dir='ltr'>ῶσπερ</span> <span class='ocrx_word' id='word_1_562' title='bbox 2579 4072 2675 4126; x_wconf 76' lang='grc' dir='ltr'><strong>καὶ</strong></span> <span class='ocrx_word' id='word_1_563' title='bbox 2712 4074 2741 4127; x_wconf 85' lang='grc' dir='ltr'><strong>ὁ</strong></span> <span class='ocrx_word' id='word_1_564' title='bbox 2786 4071 2911 4126; x_wconf 86' lang='grc' dir='ltr'>καθ’</span> <span class='ocrx_word' id='word_1_565' title='bbox 2942 4073 3090 4142; x_wconf 78' lang='grc' dir='ltr'>ἡμᾶς</span> <span class='ocrx_word' id='word_1_566' title='bbox 3131 4070 3437 4140; x_wconf 82' lang='grc' dir='ltr'>ἄνθρωπος,</span> <span class='ocrx_word' id='word_1_567' title='bbox 3480 4067 3570 4122; x_wconf 85' lang='grc' dir='ltr'><strong>διὰ</strong></span> <span class='ocrx_word' id='word_1_568' title='bbox 3608 4066 3705 4137; x_wconf 77' lang='grc' dir='ltr'>τὴν</span> 
     </span>
    </p>
   </div>
   <div class='ocr_carea' id='block_1_84' title="bbox 2130 4161 3705 4238">
    <p class='ocr_par' dir='ltr' id='par_1_84' title="bbox 2130 4161 3705 4238">
     <span class='ocr_line' id='line_1_84' title="bbox 2130 4161 3705 4238; baseline -0.003 -20"><span class='ocrx_word' id='word_1_569' title='bbox 2130 4165 2308 4238; x_wconf 74' lang='grc' dir='ltr'>ψυχὴν</span> <span class='ocrx_word' id='word_1_570' title='bbox 2355 4164 2455 4236; x_wconf 78' lang='grc' dir='ltr'>τὴν</span> <span class='ocrx_word' id='word_1_571' title='bbox 2502 4164 2728 4236; x_wconf 85' lang='grc' dir='ltr'>λογικήν</span> <span class='ocrx_word' id='word_1_572' title='bbox 2774 4179 2833 4218; x_wconf 83' lang='grc' dir='ltr'><strong>τε</strong></span> <span class='ocrx_word' id='word_1_573' title='bbox 2879 4164 2974 4218; x_wconf 71' lang='grc' dir='ltr'>καὶ</span> <span class='ocrx_word' id='word_1_574' title='bbox 3014 4162 3227 4235; x_wconf 83' lang='grc' dir='ltr'>νοερὰν,</span> <span class='ocrx_word' id='word_1_575' title='bbox 3278 4161 3705 4233; x_wconf 76' lang='grc' dir='ltr'>προηγουμένως</span> 
     </span>
    </p>
   </div>
   <div class='ocr_carea' id='block_1_85' title="bbox 441 4250 2025 4327">
    <p class='ocr_par' dir='ltr' id='par_1_85' title="bbox 441 4251 2025 4324">
     <span class='ocr_line' id='line_1_85' title="bbox 441 4251 2025 4324; baseline -0.002 -16"><span class='ocrx_word' id='word_1_576' title='bbox 441 4268 551 4324; x_wconf 85' lang='lat' dir='ltr'><strong>que</strong></span> <span class='ocrx_word' id='word_1_577' title='bbox 586 4269 652 4308; x_wconf 86' lang='lat' dir='ltr'><strong>ac</strong></span> <span class='ocrx_word' id='word_1_578' title='bbox 697 4269 819 4324; x_wconf 66' lang='lat' dir='ltr'><strong>qua:</strong></span> <span class='ocrx_word' id='word_1_579' title='bbox 859 4254 1059 4309; x_wconf 78' lang='lat' dir='ltr'><strong>umbra</strong></span> <span class='ocrx_word' id='word_1_580' title='bbox 1103 4262 1312 4317; x_wconf 85' lang='lat' dir='ltr'><strong>careat,</strong></span> <span class='ocrx_word' id='word_1_581' title='bbox 1356 4253 1486 4309; x_wconf 83' lang='lat' dir='ltr'><strong>ﬁdei</strong></span> <span class='ocrx_word' id='word_1_582' title='bbox 1523 4252 1732 4308; x_wconf 83' lang='lat' dir='ltr'><strong>veritas</strong></span> <span class='ocrx_word' id='word_1_583' title='bbox 1776 4251 2025 4319; x_wconf 86' lang='lat' dir='ltr'><strong>invadit;</strong></span> 
     </span>
    </p>
   </div>
   <div class='ocr_carea' id='block_1_86' title="bbox 2127 4250 3704 4327">
    <p class='ocr_par' dir='ltr' id='par_1_86' title="bbox 2132 4250 3704 4327">
     <span class='ocr_line' id='line_1_86' title="bbox 2132 4250 3704 4327; baseline -0.005 -18"><span class='ocrx_word' id='word_1_584' title='bbox 2132 4256 2418 4327; x_wconf 82' lang='grc' dir='ltr'>ἄνθρωπος</span> <span class='ocrx_word' id='word_1_585' title='bbox 2474 4255 2709 4325; x_wconf 82' lang='grc' dir='ltr'>μάλιστα</span> <span class='ocrx_word' id='word_1_586' title='bbox 2740 4254 2835 4307; x_wconf 73' lang='grc' dir='ltr'><strong>καὶ</strong></span> <span class='ocrx_word' id='word_1_587' title='bbox 2883 4252 2999 4307; x_wconf 72' lang='grc' dir='ltr'>ἔστι</span> <span class='ocrx_word' id='word_1_588' title='bbox 3034 4254 3132 4306; x_wconf 78' lang='grc' dir='ltr'>καὶ</span> <span class='ocrx_word' id='word_1_589' title='bbox 3179 4251 3431 4322; x_wconf 73' lang='grc' dir='ltr'>λέγεται*</span> <span class='ocrx_word' id='word_1_590' title='bbox 3482 4251 3608 4304; x_wconf 87' lang='grc' dir='ltr'>καθ’</span> <span class='ocrx_word' id='word_1_591' title='bbox 3636 4250 3704 4321; x_wconf 82' lang='grc' dir='ltr'>ἢν</span> 
     </span>
    </p>
   </div>
   <div class='ocr_carea' id='block_1_87' title="bbox 441 4339 2028 4413">
    <p class='ocr_par' dir='ltr' id='par_1_87' title="bbox 441 4339 2028 4413">
     <span class='ocr_line' id='line_1_87' title="bbox 441 4339 2028 4413; baseline -0.002 -15"><span class='ocrx_word' id='word_1_592' title='bbox 441 4342 750 4398; x_wconf 85' lang='lat' dir='ltr'><strong>secundum</strong></span> <span class='ocrx_word' id='word_1_593' title='bbox 780 4357 971 4413; x_wconf 78' lang='lat' dir='ltr'><strong>quam,</strong></span> <span class='ocrx_word' id='word_1_594' title='bbox 1004 4356 1071 4397; x_wconf 90' lang='lat' dir='ltr'><strong>ac</strong></span> <span class='ocrx_word' id='word_1_595' title='bbox 1098 4343 1154 4396; x_wconf 85' lang='lat' dir='ltr'><strong>in</strong></span> <span class='ocrx_word' id='word_1_596' title='bbox 1179 4343 1339 4413; x_wconf 84' lang='lat' dir='ltr'><strong>cujus</strong></span> <span class='ocrx_word' id='word_1_597' title='bbox 1363 4341 1597 4412; x_wconf 72' lang='lat' dir='ltr'><strong>gratiam</strong></span> <span class='ocrx_word' id='word_1_598' title='bbox 1641 4339 2028 4411; x_wconf 86' lang='lat' dir='ltr'><strong>principaliter</strong></span> 
     </span>
    </p>
   </div>
   <div class='ocr_carea' id='block_1_88' title="bbox 444 4432 2026 4505">
    <p class='ocr_par' dir='ltr' id='par_1_88' title="bbox 444 4432 2026 4505">
     <span class='ocr_line' id='line_1_88' title="bbox 444 4432 2026 4505; baseline 0.001 -17"><span class='ocrx_word' id='word_1_599' title='bbox 444 4442 561 4490; x_wconf 88' lang='lat' dir='ltr'><strong>tum</strong></span> <span class='ocrx_word' id='word_1_600' title='bbox 612 4443 719 4499; x_wconf 83' lang='lat' dir='ltr'><strong>est,</strong></span> <span class='ocrx_word' id='word_1_601' title='bbox 763 4441 879 4489; x_wconf 85' lang='lat' dir='ltr'><strong>tum</strong></span> <span class='ocrx_word' id='word_1_602' title='bbox 930 4433 1133 4504; x_wconf 81' lang='lat' dir='ltr'><strong>scriptu</strong></span> <span class='ocrx_word' id='word_1_603' title='bbox 1181 4441 1289 4500; x_wconf 85' lang='lat' dir='ltr'><strong>est,</strong></span> <span class='ocrx_word' id='word_1_604' title='bbox 1330 4439 1677 4505; x_wconf 78' lang='lat' dir='ltr'><strong>vocaturque</strong></span> <span class='ocrx_word' id='word_1_605' title='bbox 1718 4432 2026 4505; x_wconf 85' lang='lat' dir='ltr'><strong>Scriptura,</strong></span> 
     </span>
    </p>
   </div>
   <div class='ocr_carea' id='block_1_89' title="bbox 441 4525 2031 4597">
    <p class='ocr_par' dir='ltr' id='par_1_89' title="bbox 441 4525 2031 4597">
     <span class='ocr_line' id='line_1_89' title="bbox 441 4525 2031 4597; baseline 0.001 -16"><span class='ocrx_word' id='word_1_606' title='bbox 441 4526 711 4596; x_wconf 66' lang='lat' dir='ltr'><strong>spiritalis</strong></span> <span class='ocrx_word' id='word_1_607' title='bbox 733 4527 927 4597; x_wconf 62' lang='lat' dir='ltr'><strong>gratiae</strong></span> <span class='ocrx_word' id='word_1_608' title='bbox 957 4538 1188 4582; x_wconf 80' lang='lat' dir='ltr'><strong>munere</strong></span> <span class='ocrx_word' id='word_1_609' title='bbox 1214 4527 1385 4582; x_wconf 80' lang='lat' dir='ltr'><strong>menti</strong></span> <span class='ocrx_word' id='word_1_610' title='bbox 1434 4526 1733 4596; x_wconf 81' lang='lat' dir='ltr'><strong>impressa:</strong></span> <span class='ocrx_word' id='word_1_611' title='bbox 1764 4525 2031 4597; x_wconf 83' lang='lat' dir='ltr'><strong>quemad-</strong></span> 
     </span>
    </p>
   </div>
   <div class='ocr_carea' id='block_1_90' title="bbox 444 4619 2028 4690">
    <p class='ocr_par' dir='ltr' id='par_1_90' title="bbox 444 4619 2028 4690">
     <span class='ocr_line' id='line_1_90' title="bbox 444 4619 2028 4690; baseline 0 -16"><span class='ocrx_word' id='word_1_612' title='bbox 444 4619 669 4677; x_wconf 82' lang='lat' dir='ltr'><strong>modum</strong></span> <span class='ocrx_word' id='word_1_613' title='bbox 719 4621 893 4676; x_wconf 77' lang='lat' dir='ltr'><strong>etiam</strong></span> <span class='ocrx_word' id='word_1_614' title='bbox 934 4620 1032 4690; x_wconf 91' lang='lat' dir='ltr'><strong>qui</strong></span> <span class='ocrx_word' id='word_1_615' title='bbox 1086 4620 1144 4674; x_wconf 75' lang='lat' dir='ltr'><strong>in</strong></span> <span class='ocrx_word' id='word_1_616' title='bbox 1189 4619 1355 4675; x_wconf 81' lang='lat' dir='ltr'><strong>nobis</strong></span> <span class='ocrx_word' id='word_1_617' title='bbox 1414 4628 1502 4674; x_wconf 87' lang='lat' dir='ltr'><strong>est</strong></span> <span class='ocrx_word' id='word_1_618' title='bbox 1553 4619 1745 4683; x_wconf 72' lang='lat' dir='ltr'><strong>horno,</strong></span> <span class='ocrx_word' id='word_1_619' title='bbox 1798 4629 2028 4690; x_wconf 87' lang='lat' dir='ltr'><strong>pr0pter</strong></span> 
     </span>
    </p>
   </div>
   <div class='ocr_carea' id='block_1_91' title="bbox 2134 4339 3702 4417">
    <p class='ocr_par' dir='ltr' id='par_1_91' title="bbox 2134 4339 3702 4417">
     <span class='ocr_line' id='line_1_91' title="bbox 2134 4339 3702 4417; baseline -0.005 -16"><span class='ocrx_word' id='word_1_620' title='bbox 2134 4349 2230 4403; x_wconf 80' lang='grc' dir='ltr'><strong>καὶ</strong></span> <span class='ocrx_word' id='word_1_621' title='bbox 2262 4345 2330 4400; x_wconf 74' lang='grc' dir='ltr'><strong>δι’</strong></span> <span class='ocrx_word' id='word_1_622' title='bbox 2374 4347 2441 4417; x_wconf 77' lang='grc' dir='ltr'>ἢν</span> <span class='ocrx_word' id='word_1_623' title='bbox 2471 4344 2635 4399; x_wconf 79' lang='grc' dir='ltr'>εἰκών</span> <span class='ocrx_word' id='word_1_624' title='bbox 2680 4361 2739 4399; x_wconf 79' lang='grc' dir='ltr'><strong>τε</strong></span> <span class='ocrx_word' id='word_1_625' title='bbox 2784 4345 2880 4399; x_wconf 76' lang='grc' dir='ltr'>καὶ</span> <span class='ocrx_word' id='word_1_626' title='bbox 2924 4342 3183 4415; x_wconf 80' lang='grc' dir='ltr'>ὁμοίωσις</span> <span class='ocrx_word' id='word_1_627' title='bbox 3236 4345 3352 4396; x_wconf 80' lang='grc' dir='ltr'>ἐστι</span> <span class='ocrx_word' id='word_1_628' title='bbox 3400 4340 3575 4405; x_wconf 81' lang='grc' dir='ltr'>Θεοῦ,</span> <span class='ocrx_word' id='word_1_629' title='bbox 3609 4339 3702 4394; x_wconf 75' lang='grc' dir='ltr'>τοῦ</span> 
     </span>
    </p>
   </div>
   <div class='ocr_carea' id='block_1_92' title="bbox 2135 4429 3705 4507">
    <p class='ocr_par' dir='ltr' id='par_1_92' title="bbox 2135 4429 3705 4507">
     <span class='ocr_line' id='line_1_92' title="bbox 2135 4429 3705 4507; baseline -0.004 -18"><span class='ocrx_word' id='word_1_630' title='bbox 2135 4436 2463 4507; x_wconf 79' lang='grc' dir='ltr'>ποιήσαντος</span> <span class='ocrx_word' id='word_1_631' title='bbox 2513 4434 2704 4488; x_wconf 81' lang='grc' dir='ltr'>αὐτόν·</span> <span class='ocrx_word' id='word_1_632' title='bbox 2754 4435 2849 4487; x_wconf 60' lang='grc' dir='ltr'><strong>καῖ⁵</strong></span> <span class='ocrx_word' id='word_1_633' title='bbox 2880 4433 2989 4487; x_wconf 88' lang='grc' dir='ltr'><strong>τῶν</strong></span> <span class='ocrx_word' id='word_1_634' title='bbox 3021 4432 3224 4487; x_wconf 86' lang='grc' dir='ltr'>λοιπῶν</span> <span class='ocrx_word' id='word_1_635' title='bbox 3258 4432 3413 4497; x_wconf 78' lang='grc' dir='ltr'><strong>ζώων</strong></span> <span class='ocrx_word' id='word_1_636' title='bbox 3461 4429 3705 4498; x_wconf 73' lang='grc' dir='ltr'>φυσικῶς</span> 
     </span>
    </p>
   </div>
   <div class='ocr_carea' id='block_1_93' title="bbox 2132 4518 3705 4597">
    <p class='ocr_par' dir='ltr' id='par_1_93' title="bbox 2132 4518 3705 4597">
     <span class='ocr_line' id='line_1_93' title="bbox 2132 4518 3705 4597; baseline -0.006 -15"><span class='ocrx_word' id='word_1_637' title='bbox 2132 4525 2526 4597; x_wconf 84' lang='grc' dir='ltr'>ἀποδιώρισται</span> <span class='ocrx_word' id='word_1_638' title='bbox 2550 4566 2564 4590; x_wconf 90' lang='grc'><strong>,</strong></span> <span class='ocrx_word' id='word_1_639' title='bbox 2607 4523 2876 4594; x_wconf 81' lang='grc' dir='ltr'>μηδεμίαν</span> <span class='ocrx_word' id='word_1_640' title='bbox 2904 4522 3041 4595; x_wconf 76' lang='grc' dir='ltr'>πρὸς</span> <span class='ocrx_word' id='word_1_641' title='bbox 3080 4522 3220 4576; x_wconf 75' lang='grc' dir='ltr'>αὐτὰ</span> <span class='ocrx_word' id='word_1_642' title='bbox 3251 4521 3507 4592; x_wconf 64' lang='grc' dir='ltr'>σχετικῖκ</span> <span class='ocrx_word' id='word_1_643' title='bbox 3548 4518 3705 4574; x_wconf 78' lang='grc' dir='ltr'>δυνά-</span> 
     </span>
    </p>
   </div>
   <div class='ocr_carea' id='block_1_94' title="bbox 2135 4613 3106 4690">
    <p class='ocr_par' dir='ltr' id='par_1_94' title="bbox 2135 4613 3106 4690">
     <span class='ocr_line' id='line_1_94' title="bbox 2135 4613 3106 4690; baseline -0.003 -19"><span class='ocrx_word' id='word_1_644' title='bbox 2135 4635 2279 4690; x_wconf 81' lang='grc' dir='ltr'>μεως</span> <span class='ocrx_word' id='word_1_645' title='bbox 2302 4616 2400 4686; x_wconf 80' lang='grc' dir='ltr'><strong>τὴν</strong></span> <span class='ocrx_word' id='word_1_646' title='bbox 2432 4614 2649 4670; x_wconf 78' lang='grc' dir='ltr'>οἱανοῦν</span> <span class='ocrx_word' id='word_1_647' title='bbox 2674 4614 2912 4685; x_wconf 77' lang='grc' dir='ltr'>ἔμφασιν</span> <span class='ocrx_word' id='word_1_648' title='bbox 2948 4613 3106 4686; x_wconf 73' lang='grc' dir='ltr'>ἔχων.</span> 
     </span>
    </p>
   </div>
   <div class='ocr_carea' id='block_1_95' title="bbox 443 4703 3702 4780">
    <p class='ocr_par' dir='ltr' id='par_1_95' title="bbox 443 4703 3702 4780">
     <span class='ocr_line' id='line_1_95' title="bbox 443 4703 3702 4780; baseline -0.003 -16"><span class='ocrx_word' id='word_1_649' title='bbox 443 4712 685 4765; x_wconf 82' lang='lat' dir='ltr'><strong>animam</strong></span> <span class='ocrx_word' id='word_1_650' title='bbox 705 4712 921 4766; x_wconf 76' lang='lat' dir='ltr'><strong>ratione</strong></span> <span class='ocrx_word' id='word_1_651' title='bbox 953 4725 1017 4764; x_wconf 83' lang='lat' dir='ltr'><strong>ac</strong></span> <span class='ocrx_word' id='word_1_652' title='bbox 1064 4719 1250 4765; x_wconf 77' lang='lat' dir='ltr'><strong>mente</strong></span> <span class='ocrx_word' id='word_1_653' title='bbox 1286 4709 1609 4779; x_wconf 62' lang='lat' dir='ltr'><strong>praeditam,</strong></span> <span class='ocrx_word' id='word_1_654' title='bbox 1641 4709 1821 4780; x_wconf 86' lang='lat' dir='ltr'><strong>primo</strong></span> <span class='ocrx_word' id='word_1_655' title='bbox 1884 4710 2123 4768; x_wconf 80' lang='lat' dir='ltr'><strong>maxime</strong></span> <span class='ocrx_word' id='word_1_656' title='bbox 2155 4710 2323 4764; x_wconf 89' lang='lat' dir='ltr'><strong>homo</strong></span> <span class='ocrx_word' id='word_1_657' title='bbox 2381 4713 2488 4773; x_wconf 86' lang='lat' dir='ltr'><strong>est,</strong></span> <span class='ocrx_word' id='word_1_658' title='bbox 2524 4720 2589 4761; x_wconf 88' lang='lat' dir='ltr'><strong>ac</strong></span> <span class='ocrx_word' id='word_1_659' title='bbox 2649 4705 2994 4777; x_wconf 88' lang='lat' dir='ltr'><strong>appellatur;</strong></span> <span class='ocrx_word' id='word_1_660' title='bbox 3045 4719 3144 4777; x_wconf 89' lang='lat' dir='ltr'><strong>per</strong></span> <span class='ocrx_word' id='word_1_661' title='bbox 3206 4719 3393 4775; x_wconf 90' lang='lat' dir='ltr'><strong>quam,</strong></span> <span class='ocrx_word' id='word_1_662' title='bbox 3433 4718 3498 4758; x_wconf 89' lang='lat' dir='ltr'><strong>ac</strong></span> <span class='ocrx_word' id='word_1_663' title='bbox 3544 4703 3702 4774; x_wconf 86' lang='lat' dir='ltr'><strong>cujus</strong></span> 
     </span>
    </p>
   </div>
   <div class='ocr_carea' id='block_1_96' title="bbox 444 4794 3705 4875">
    <p class='ocr_par' dir='ltr' id='par_1_96' title="bbox 444 4794 3705 4875">
     <span class='ocr_line' id='line_1_96' title="bbox 444 4794 3705 4875; baseline -0.003 -18"><span class='ocrx_word' id='word_1_664' title='bbox 444 4817 611 4858; x_wconf 78' lang='lat' dir='ltr'><strong>causa</strong></span> <span class='ocrx_word' id='word_1_665' title='bbox 662 4804 843 4875; x_wconf 70' lang='lat' dir='ltr'><strong>irnago</strong></span> <span class='ocrx_word' id='word_1_666' title='bbox 889 4813 995 4869; x_wconf 84' lang='lat' dir='ltr'><strong>est,</strong></span> <span class='ocrx_word' id='word_1_667' title='bbox 1060 4819 1125 4859; x_wconf 88' lang='lat' dir='ltr'><strong>ac</strong></span> <span class='ocrx_word' id='word_1_668' title='bbox 1175 4802 1484 4859; x_wconf 85' lang='lat' dir='ltr'><strong>similitudo</strong></span> <span class='ocrx_word' id='word_1_669' title='bbox 1539 4803 1659 4869; x_wconf 86' lang='lat' dir='ltr'><strong>Dei,</strong></span> <span class='ocrx_word' id='word_1_670' title='bbox 1697 4802 1793 4874; x_wconf 87' lang='lat' dir='ltr'><strong>qui</strong></span> <span class='ocrx_word' id='word_1_671' title='bbox 1840 4803 2023 4875; x_wconf 88' lang='lat' dir='ltr'><strong>ipsum</strong></span> <span class='ocrx_word' id='word_1_672' title='bbox 2058 4802 2290 4867; x_wconf 90' lang='lat' dir='ltr'><strong>creavit,</strong></span> <span class='ocrx_word' id='word_1_673' title='bbox 2347 4797 2824 4870; x_wconf 88' lang='lat' dir='ltr'><strong>atqueareliquis</strong></span> <span class='ocrx_word' id='word_1_674' title='bbox 2881 4805 3079 4852; x_wconf 87' lang='lat' dir='ltr'><strong>natura</strong></span> <span class='ocrx_word' id='word_1_675' title='bbox 3103 4795 3478 4852; x_wconf 88' lang='lat' dir='ltr'><strong>animantibus</strong></span> <span class='ocrx_word' id='word_1_676' title='bbox 3500 4794 3705 4850; x_wconf 84' lang='lat' dir='ltr'><strong>discre-</strong></span> 
     </span>
    </p>
   </div>
   <div class='ocr_carea' id='block_1_97' title="bbox 445 4888 3354 4967">
    <p class='ocr_par' dir='ltr' id='par_1_97' title="bbox 445 4888 3354 4967">
     <span class='ocr_line' id='line_1_97' title="bbox 445 4888 3354 4967; baseline -0.003 -14"><span class='ocrx_word' id='word_1_677' title='bbox 445 4907 536 4953; x_wconf 86' lang='lat' dir='ltr'><strong>tus</strong></span> <span class='ocrx_word' id='word_1_678' title='bbox 561 4904 667 4962; x_wconf 80' lang='lat' dir='ltr'><strong>est,</strong></span> <span class='ocrx_word' id='word_1_679' title='bbox 692 4896 903 4950; x_wconf 68' lang='lat' dir='ltr'><strong>nullam</strong></span> <span class='ocrx_word' id='word_1_680' title='bbox 931 4896 1016 4950; x_wconf 83' lang='lat' dir='ltr'><strong>eis</strong></span> <span class='ocrx_word' id='word_1_681' title='bbox 1052 4892 1269 4951; x_wconf 64' lang='lat' dir='ltr'><strong>omnem</strong></span> <span class='ocrx_word' id='word_1_682' title='bbox 1304 4896 1589 4951; x_wconf 78' lang='lat' dir='ltr'><strong>relationis</strong></span> <span class='ocrx_word' id='word_1_683' title='bbox 1610 4896 1747 4961; x_wconf 86' lang='lat' dir='ltr'><strong>vim,</strong></span> <span class='ocrx_word' id='word_1_684' title='bbox 1780 4910 1845 4951; x_wconf 80' lang='lat' dir='ltr'><strong>ac</strong></span> <span class='ocrx_word' id='word_1_685' title='bbox 1896 4911 2022 4951; x_wconf 88' lang='lat' dir='ltr'><strong>cum</strong></span> <span class='ocrx_word' id='word_1_686' title='bbox 2060 4897 2144 4952; x_wconf 87' lang='lat' dir='ltr'><strong>eis</strong></span> <span class='ocrx_word' id='word_1_687' title='bbox 2173 4893 2470 4967; x_wconf 79' lang='lat' dir='ltr'><strong>genuinam</strong></span> <span class='ocrx_word' id='word_1_688' title='bbox 2504 4892 2640 4946; x_wconf 88' lang='lat' dir='ltr'><strong>satis</strong></span> <span class='ocrx_word' id='word_1_689' title='bbox 2673 4890 3094 4947; x_wconf 88' lang='lat' dir='ltr'><strong>similitudinem</strong></span> <span class='ocrx_word' id='word_1_690' title='bbox 3123 4888 3354 4944; x_wconf 89' lang='lat' dir='ltr'><strong>habens.</strong></span> 
     </span>
    </p>
   </div>
   <div class='ocr_carea' id='block_1_98' title="bbox 1050 4983 1431 5074">
    <p class='ocr_par' dir='ltr' id='par_1_98' title="bbox 1050 4983 1431 5074">
     <span class='ocr_line' id='line_1_98' title="bbox 1050 4983 1431 5074; baseline -0.005 -1"><span class='ocrx_word' id='word_1_691' title='bbox 1050 5014 1278 5074; x_wconf 77' lang='lat' dir='ltr'><strong>CAPUT</strong></span> <span class='ocrx_word' id='word_1_692' title='bbox 1320 4983 1431 5074; x_wconf 78' lang='lat' dir='ltr'><strong>vn.</strong></span> 
     </span>
    </p>
   </div>
   <div class='ocr_carea' id='block_1_99' title="bbox 447 5133 2035 5204">
    <p class='ocr_par' dir='ltr' id='par_1_99' title="bbox 447 5133 2035 5204">
     <span class='ocr_line' id='line_1_99' title="bbox 447 5133 2035 5204; baseline 0 -19"><span class='ocrx_word' id='word_1_693' title='bbox 447 5134 718 5198; x_wconf 79' lang='lat' dir='ltr'><strong>Quomodo</strong></span> <span class='ocrx_word' id='word_1_694' title='bbox 758 5135 919 5187; x_wconf 70' lang='lat' dir='ltr'><strong>homo</strong></span> <span class='ocrx_word' id='word_1_695' title='bbox 966 5133 1193 5187; x_wconf 84' lang='lat' dir='ltr'><strong>mundus</strong></span> <span class='ocrx_word' id='word_1_696' title='bbox 1243 5133 1476 5196; x_wconf 78' lang='lat' dir='ltr'><strong>dicatur,</strong></span> <span class='ocrx_word' id='word_1_697' title='bbox 1518 5134 1606 5187; x_wconf 82' lang='lat' dir='ltr'><strong>ac</strong></span> <span class='ocrx_word' id='word_1_698' title='bbox 1660 5150 1768 5204; x_wconf 85' lang='lat' dir='ltr'><strong>qua</strong></span> <span class='ocrx_word' id='word_1_699' title='bbox 1827 5134 2035 5187; x_wconf 73' lang='lat' dir='ltr'><strong>ratione</strong></span> 
     </span>
    </p>
   </div>
   <div class='ocr_carea' id='block_1_100' title="bbox 918 5204 1561 5257">
    <p class='ocr_par' dir='ltr' id='par_1_100' title="bbox 918 5204 1561 5257">
     <span class='ocr_line' id='line_1_100' title="bbox 918 5204 1561 5257; baseline 0.002 -3"><span class='ocrx_word' id='word_1_700' title='bbox 918 5207 1079 5257; x_wconf 81' lang='lat' dir='ltr'><strong>etiam</strong></span> <span class='ocrx_word' id='word_1_701' title='bbox 1115 5205 1268 5257; x_wconf 82' lang='lat' dir='ltr'><strong>homo</strong></span> <span class='ocrx_word' id='word_1_702' title='bbox 1312 5204 1561 5256; x_wconf 74' lang='lat' dir='ltr'><strong>mundus.</strong></span> 
     </span>
    </p>
   </div>
   <div class='ocr_carea' id='block_1_101' title="bbox 516 5294 2035 5364">
    <p class='ocr_par' dir='ltr' id='par_1_101' title="bbox 516 5294 2035 5364">
     <span class='ocr_line' id='line_1_101' title="bbox 516 5294 2035 5364; baseline -0.001 -15"><span class='ocrx_word' id='word_1_703' title='bbox 516 5294 744 5349; x_wconf 76' lang='lat' dir='ltr'><strong>Mundus</strong></span> <span class='ocrx_word' id='word_1_704' title='bbox 774 5295 927 5347; x_wconf 77' lang='lat' dir='ltr'><strong>homo</strong></span> <span class='ocrx_word' id='word_1_705' title='bbox 969 5295 1200 5364; x_wconf 85' lang='lat' dir='ltr'><strong>mystice,</strong></span> <span class='ocrx_word' id='word_1_706' title='bbox 1232 5302 1281 5347; x_wconf 81' lang='lat' dir='ltr'><strong>et</strong></span> <span class='ocrx_word' id='word_1_707' title='bbox 1312 5294 1467 5347; x_wconf 86' lang='lat' dir='ltr'><strong>homo</strong></span> <span class='ocrx_word' id='word_1_708' title='bbox 1508 5295 1753 5348; x_wconf 84' lang='lat' dir='ltr'><strong>mundus.</strong></span> <span class='ocrx_word' id='word_1_709' title='bbox 1787 5322 1853 5334; x_wconf 83' lang='lat'><strong>-—</strong></span> <span class='ocrx_word' id='word_1_710' title='bbox 1881 5294 2035 5348; x_wconf 79' lang='lat' dir='ltr'><strong>Mun-</strong></span> 
     </span>
    </p>
   </div>
   <div class='ocr_carea' id='block_1_102' title="bbox 447 5385 2033 5455">
    <p class='ocr_par' dir='ltr' id='par_1_102' title="bbox 447 5385 2033 5455">
     <span class='ocr_line' id='line_1_102' title="bbox 447 5385 2033 5455; baseline -0.002 -13"><span class='ocrx_word' id='word_1_711' title='bbox 447 5390 544 5443; x_wconf 84' lang='lat' dir='ltr'><strong>dus</strong></span> <span class='ocrx_word' id='word_1_712' title='bbox 607 5387 825 5442; x_wconf 75' lang='lat' dir='ltr'><strong>visibilis</strong></span> <span class='ocrx_word' id='word_1_713' title='bbox 892 5389 1182 5440; x_wconf 78' lang='lat' dir='ltr'><strong>moriturus</strong></span> <span class='ocrx_word' id='word_1_714' title='bbox 1258 5397 1476 5455; x_wconf 83' lang='lat' dir='ltr'><strong>tumque</strong></span> <span class='ocrx_word' id='word_1_715' title='bbox 1549 5385 1910 5439; x_wconf 80' lang='lat' dir='ltr'><strong>suscitandas.</strong></span> <span class='ocrx_word' id='word_1_716' title='bbox 1963 5413 2033 5425; x_wconf 90' lang='lat'>—</span> 
     </span>
    </p>
   </div>
   <div class='ocr_carea' id='block_1_103' title="bbox 524 5522 1007 5586">
    <p class='ocr_par' dir='ltr' id='par_1_103' title="bbox 524 5522 1007 5586">
     <span class='ocr_line' id='line_1_103' title="bbox 524 5522 1007 5586; baseline 0.002 -10"><span class='ocrx_word' id='word_1_717' title='bbox 524 5528 568 5576; x_wconf 72' lang='grc' dir='ltr'><strong>Ρ·</strong></span> <span class='ocrx_word' id='word_1_718' title='bbox 591 5523 636 5577; x_wconf 87' lang='lat' dir='ltr'><strong>ll</strong></span> <span class='ocrx_word' id='word_1_719' title='bbox 665 5522 795 5579; x_wconf 89' lang='lat' dir='ltr'><strong>Cor.</strong></span> <span class='ocrx_word' id='word_1_720' title='bbox 820 5538 891 5586; x_wconf 81' lang='lat' dir='ltr'><strong>tv,</strong></span> <span class='ocrx_word' id='word_1_721' title='bbox 924 5522 1007 5577; x_wconf 90' lang='lat' dir='ltr'><strong>l6.</strong></span> 
     </span>
    </p>
   </div>
   <div class='ocr_carea' id='block_1_104' title="bbox 522 5707 1115 5780">
    <p class='ocr_par' dir='ltr' id='par_1_104' title="bbox 522 5707 1115 5780">
     <span class='ocr_line' id='line_1_104' title="bbox 522 5707 1115 5780; baseline -0.005 -18"><span class='ocrx_word' id='word_1_722' title='bbox 522 5709 562 5740; x_wconf 69' lang='lat'>“</span> <span class='ocrx_word' id='word_1_723' title='bbox 591 5708 951 5780; x_wconf 70' lang='grc' dir='ltr'>παρεχόμενοι</span> <span class='ocrx_word' id='word_1_724' title='bbox 986 5722 1033 5761; x_wconf 92' lang='lat' dir='ltr'><strong>c.</strong></span> <span class='ocrx_word' id='word_1_725' title='bbox 1052 5707 1115 5760; x_wconf 83' lang='lat' dir='ltr'><strong>A.</strong></span> 
     </span>
    </p>
   </div>
   <div class='ocr_carea' id='block_1_105' title="bbox 2734 5009 3101 5066">
    <p class='ocr_par' dir='ltr' id='par_1_105' title="bbox 2734 5009 3101 5066">
     <span class='ocr_line' id='line_1_105' title="bbox 2734 5009 3101 5066; baseline -0.005 0"><span class='ocrx_word' id='word_1_726' title='bbox 2734 5011 2987 5066; x_wconf 74' lang='grc' dir='ltr'><strong>ΚΕΦΑΛ.</strong></span> <span class='ocrx_word' id='word_1_727' title='bbox 3026 5009 3101 5065; x_wconf 91' lang='lat' dir='ltr'><strong>Z&#39;.</strong></span> 
     </span>
    </p>
   </div>
   <div class='ocr_carea' id='block_1_106' title="bbox 2132 5123 3704 5198">
    <p class='ocr_par' dir='ltr' id='par_1_106' title="bbox 2132 5123 3704 5198">
     <span class='ocr_line' id='line_1_106' title="bbox 2132 5123 3704 5198; baseline -0.005 -14"><span class='ocrx_word' id='word_1_728' title='bbox 2132 5128 2264 5191; x_wconf 79' lang='grc' dir='ltr'>Πῶς</span> <span class='ocrx_word' id='word_1_729' title='bbox 2337 5132 2369 5184; x_wconf 82' lang='grc' dir='ltr'><strong>ό</strong></span> <span class='ocrx_word' id='word_1_730' title='bbox 2429 5128 2656 5198; x_wconf 70' lang='grc' dir='ltr'>κόσμος</span> <span class='ocrx_word' id='word_1_731' title='bbox 2704 5126 3013 5198; x_wconf 68' lang='grc' dir='ltr'>ᾆνᾶρωπος</span> <span class='ocrx_word' id='word_1_732' title='bbox 3074 5126 3338 5198; x_wconf 50' lang='lat' dir='ltr'><strong>ﬁmus“</strong></span> <span class='ocrx_word' id='word_1_733' title='bbox 3398 5124 3497 5179; x_wconf 68' lang='grc' dir='ltr'>καὶ</span> <span class='ocrx_word' id='word_1_734' title='bbox 3556 5123 3704 5187; x_wconf 71' lang='grc' dir='ltr'>ποίῳ</span> 
     </span>
    </p>
   </div>
   <div class='ocr_carea' id='block_1_107' title="bbox 2415 5195 3425 5266">
    <p class='ocr_par' dir='ltr' id='par_1_107' title="bbox 2415 5195 3425 5266">
     <span class='ocr_line' id='line_1_107' title="bbox 2415 5195 3425 5266; baseline -0.002 -16"><span class='ocrx_word' id='word_1_735' title='bbox 2415 5195 2611 5266; x_wconf 61' lang='lat' dir='ltr'><strong>mum</strong></span> <span class='ocrx_word' id='word_1_736' title='bbox 2635 5197 2733 5250; x_wconf 70' lang='grc' dir='ltr'>καὶ</span> <span class='ocrx_word' id='word_1_737' title='bbox 2755 5200 2789 5250; x_wconf 81' lang='grc' dir='ltr'><strong>ό</strong></span> <span class='ocrx_word' id='word_1_738' title='bbox 2817 5195 3425 5265; x_wconf 31' lang='grc' dir='ltr'>ἄνθρωπος-,νκόσμοᾳ</span> 
     </span>
    </p>
   </div>
   <div class='ocr_carea' id='block_1_108' title="bbox 2203 5286 3701 5360">
    <p class='ocr_par' dir='ltr' id='par_1_108' title="bbox 2203 5286 3701 5360">
     <span class='ocr_line' id='line_1_108' title="bbox 2203 5286 3701 5360; baseline -0.005 -14"><span class='ocrx_word' id='word_1_739' title='bbox 2203 5292 2356 5346; x_wconf 78' lang='grc' dir='ltr'>Κατὰ</span> <span class='ocrx_word' id='word_1_740' title='bbox 2385 5289 2592 5360; x_wconf 76' lang='grc' dir='ltr'>ταύτην</span> <span class='ocrx_word' id='word_1_741' title='bbox 2620 5291 2677 5345; x_wconf 77' lang='grc' dir='ltr'><strong>δὲ</strong></span> <span class='ocrx_word' id='word_1_742' title='bbox 2711 5289 2874 5343; x_wconf 87' lang='grc' dir='ltr'>πάλιν</span> <span class='ocrx_word' id='word_1_743' title='bbox 2902 5290 3225 5360; x_wconf 85' lang='grc' dir='ltr'>εὐμιμήτως</span> <span class='ocrx_word' id='word_1_744' title='bbox 3251 5291 3350 5359; x_wconf 85' lang='grc' dir='ltr'>τὴν</span> <span class='ocrx_word' id='word_1_745' title='bbox 3376 5286 3584 5352; x_wconf 74' lang='grc' dir='ltr'>εἰκόνα,</span> <span class='ocrx_word' id='word_1_746' title='bbox 3608 5286 3701 5339; x_wconf 82' lang='grc' dir='ltr'>καὶ</span> 
     </span>
    </p>
   </div>
   <div class='ocr_carea' id='block_1_109' title="bbox 2131 5378 3705 5453">
    <p class='ocr_par' dir='ltr' id='par_1_109' title="bbox 2131 5378 3705 5453">
     <span class='ocr_line' id='line_1_109' title="bbox 2131 5378 3705 5453; baseline -0.003 -16"><span class='ocrx_word' id='word_1_747' title='bbox 2131 5383 2224 5437; x_wconf 77' lang='grc' dir='ltr'><strong>τὸν</strong></span> <span class='ocrx_word' id='word_1_748' title='bbox 2252 5384 2458 5453; x_wconf 72' lang='grc' dir='ltr'>κόσμον</span> <span class='ocrx_word' id='word_1_749' title='bbox 2483 5382 2602 5436; x_wconf 82' lang='grc' dir='ltr'>ὅλον</span> <span class='ocrx_word' id='word_1_750' title='bbox 2630 5381 2721 5436; x_wconf 80' lang='grc' dir='ltr'><strong>τὸν</strong></span> <span class='ocrx_word' id='word_1_751' title='bbox 2750 5380 2807 5447; x_wconf 72' lang='grc' dir='ltr'><strong>ἐξ</strong></span> <span class='ocrx_word' id='word_1_752' title='bbox 2836 5381 3048 5453; x_wconf 84' lang='grc' dir='ltr'>ὁρατῶν</span> <span class='ocrx_word' id='word_1_753' title='bbox 3069 5382 3165 5435; x_wconf 77' lang='grc' dir='ltr'>καὶ</span> <span class='ocrx_word' id='word_1_754' title='bbox 3184 5381 3432 5453; x_wconf 80' lang='grc' dir='ltr'>ἀοράτων</span> <span class='ocrx_word' id='word_1_755' title='bbox 3456 5378 3705 5435; x_wconf 76' lang='grc' dir='ltr'>συνιστά·</span> 
     </span>
    </p>
   </div>
   <div class='ocr_carea' id='block_1_110' title="bbox 1742 5603 2406 5664">
    <p class='ocr_par' dir='ltr' id='par_1_110' title="bbox 1742 5603 2406 5664">
     <span class='ocr_line' id='line_1_110' title="bbox 1742 5603 2406 5664; baseline -0.003 -1"><span class='ocrx_word' id='word_1_756' title='bbox 1742 5605 1973 5664; x_wconf 69' lang='grc' dir='ltr'>νΑΙιιΑε</span> <span class='ocrx_word' id='word_1_757' title='bbox 2004 5603 2297 5661; x_wconf 81' lang='lat' dir='ltr'><strong>LECTION</strong></span> <span class='ocrx_word' id='word_1_758' title='bbox 2306 5606 2406 5661; x_wconf 83' lang='lat' dir='ltr'><strong>ES.</strong></span> 
     </span>
    </p>
   </div>
  </div>
