4094 6360
431 330 540 397 685

1816 322 2315 385 MYSTAGOGIA.

3583 318 3696 383 686

434 454 621 512 μενον,
666 435 955 507 ἄνθρωπον
982 431 1286 503 ὑπέϐαλλεν
1321 428 1494 485 εἶναι⁹
1540 431 1632 485 καὶ
1675 431 1879 501 κόσμον
1908 432 2008 485 αὖ-

2126 431 2273 489 luxta
2316 431 2569 490 eamdem
2604 446 2800 488 rursus
2857 432 2993 488 scita
3024 432 3331 489 imitatione
3371 430 3695 487 similitudi-

431 530 540 594 θις,
570 526 665 580 τὸν
713 527 778 579 ἐκ
824 523 1003 594 ψυχῆς
1054 522 1148 576 καὶ
1180 522 1431 592 σώματος
1480 521 1794 592 ἄνθρωπον·
1838 523 2014 593 ψυχῆς

433 623 542 693 γὰρ
572 620 733 688 λόγον
784 617 1003 686 ἐπέχειν
1048 614 1199 682 ἔλεγε
1226 655 1240 681 ,
1285 613 1356 667 τὰ
1404 615 1602 685 νοητάο
1637 614 1825 688 ῶσπερ
1854 616 1948 668 καὶ
1978 616 2012 685 ἡ

437 714 587 786 ψυχὴ
614 753 629 778 ,
660 709 772 764 τῶν
817 709 1053 778 νοητῶν*
1110 709 1207 762 καὶ
1257 708 1507 779 σώματος
1536 706 1704 763 τύπον
1724 709 1768 741 ³¹
1798 710 2016 780 ἐπέχειν

442 806 515 860 τὰ
565 802 823 873 αἱσθητά’
875 799 1065 870 ὥσπερ
1095 801 1204 853 ’καὶ
1248 800 1357 852 τῶν
1403 798 1676 871 αἰσθητῶν
1720 800 1779 854 τὸ
1832 801 2013 872 σῶμα.

446 897 561 951 Καὶ
584 894 758 966 ψυχὴν
792 893 890 963 μὲν
913 886 1049 945 εἶναι
1073 891 1181 943 τῶν
1206 890 1503 961 αἰσθητῶν,
1533 891 1601 944 τὰ
1625 892 1793 960 νοητά
1812 931 1829 958 ,
1858 892 2019 962 σῶμα

441 989 502 1043 δὲ
544 986 652 1040 τῶν
678 983 908 1055 νοητῶν,
950 981 1021 1035 τὰ
1044 982 1299 1053 αἰσθητά.
1334 984 1447 1038 Καὶ
1473 982 1550 1046 ῶς
1576 982 1753 1054 ψυχὴν
1792 982 2017 1038 ἐνοῦσαν

450 1076 697 1147 σώματι,
750 1073 826 1147 τῷ
872 1073 1120 1146 αἰσθητῷ
1154 1074 1346 1145 κόσμῳ
1372 1073 1466 1129 τὸν
1496 1074 1685 1146 νοητὸν
1718 1071 1891 1132 εἶναι’
1925 1078 2019 1131 καὶ

437 1169 519 1240 τῷ
552 1167 731 1240 νοητῷ
766 1160 858 1220 τὸν
890 1165 1168 1237 αἰσθητὸν,
1212 1166 1288 1230 ὡς
1321 1165 1480 1235 σῶμα
1507 1168 1574 1237 τῇ
1607 1165 1753 1239 ψυχῇ
1786 1184 2020 1238 συγκρο-

434 1259 735 1329 τούμενον’
766 1256 862 1310 καὶ
904 1255 1002 1308 ἕνα
1045 1254 1105 1320 ἐξ
1150 1257 1354 1327 ἀμφοῖν
1384 1253 1524 1311 εἶναι
1575 1256 1797 1329 κόσμον.
1827 1257 2018 1330 ὥσπερ

440 1350 543 1405 καὶ
579 1352 644 1405 ἐκ
664 1348 843 1419 ψυχῆς
869 1347 964 1400 καὶ
1002 1344 1247 1443 σώματος
1277 1347 1563 1419 ἄνθρωπον
1587 1347 1703 1412 ἕνα,
1742 1349 1865 1420 μηδ’
1897 1349 2017 1402 ἐτέ-

440 1459 540 1512 ρου
576 1440 781 1493 τούτων
801 1478 815 1502 ,
845 1436 955 1490 τῶν
988 1436 1241 1508 ἀλλήλοις
1280 1437 1402 1491 καθ’
1444 1439 1635 1493 ἕνωσιν
1667 1439 2020 1509 συμπεφυκό-

438 1548 575 1595 των,
607 1529 833 1598 θάτερον
859 1528 1197 1599 ἀρνουμένου
1225 1530 1318 1583 καὶ
1352 1530 1535 1583 ἀποπέ
1545 1547 1801 1601 μποντος,
1819 1531 1904 1584 διὰ
1928 1531 2018 1584 τὸν

436 1620 537 1673 τοῦ
567 1619 931 1691 συνδήσαντος
965 1619 1131 1689 νόμον
1150 1634 1163 1648 ·
1195 1617 1320 1672 καθ’
1345 1618 1403 1671 ὃν
1444 1620 1543 1688 τῆς
1587 1620 1837 1675 ἑνοποιοῦ
1863 1621 2020 1675 δυνά-

444 1729 594 1781 μεως
616 1713 645 1764 ό
672 1711 830 1779 λόγος
856 1710 1187 1781 ἐνέσπαρται
1204 1708 1270 1775 ³³,
1326 1712 1402 1782 μὴ
1432 1713 1731 1783 συγχωρῶν
1755 1696 1853 1786 τὴν
1895 1713 2018 1767 καθ’

2116 540 2265 590 nem,
2290 540 2418 580 cum
2446 524 2776 581 universum
2818 521 3111 589 mundum,
3165 524 3236 579 iis
3261 538 3329 579 et
3379 522 3548 580 rebus
3572 535 3696 592 quae

2118 619 2175 673 in
2202 625 2489 689 aspectum
2523 617 2752 682 eadunt,
2780 622 2839 672 et
2858 629 2981 685 quae
3011 630 3120 671 non
3162 614 3391 680 cadunt,
3416 615 3693 671 constitu-

2117 721 2257 778 tum,
2321 711 2605 766 hominem
2660 723 2784 765 esse
2854 707 3262 779 subiungebat;
3314 716 3430 762 tum
3500 720 3697 762 rursus

2116 803 2399 860 hominem
2432 816 2500 857 ex
2520 801 2704 856 anima
2744 815 2809 856 ac
2852 814 3086 869 corpore
3128 804 3499 854 constantem.
3538 812 3698 851 mun-

2116 894 2270 949 dum.
2298 892 2648 949 lntellectilia
2669 891 2843 955 enim,
2869 890 3068 945 animae
3095 887 3368 943 rationem
3398 886 3694 957 praeferre;

2117 984 2201 1040 uti
2233 992 2290 1041 et
2333 984 2598 1045 animam,
2654 980 3096 1037 intellectilium:
3157 987 3324 1049 atque
3367 992 3433 1033 ea
3479 991 3603 1046 quae
3637 977 3697 1031 in

2118 1091 2345 1135 sensum
2402 1074 2632 1139 cadunt,
2688 1070 2945 1141 corporis
2985 1068 3249 1141 praeferre
3302 1074 3621 1139 typumnit
3642 1074 3701 1120 et

2118 1180 2344 1235 corpus,
2403 1178 2600 1219 eorum
2665 1177 2789 1232 qua:
2849 1164 2905 1214 in
2958 1173 3181 1216 sensum
3241 1157 3469 1212 cadunt.
3520 1155 3702 1224 Atque

2118 1254 2462 1313 intellectilia
2499 1252 2726 1324 quidem
2756 1264 2879 1307 esse
2927 1247 3217 1307 sensilium
3245 1246 3515 1311 animam;
3569 1260 3699 1301 sen-

2118 1347 2243 1405 silia
2279 1361 2433 1411 vero,
2455 1358 2661 1413 corpus
2680 1339 3115 1396 intellectilium.
3149 1336 3401 1406 Denique
3430 1334 3698 1391 mundum

2119 1436 2528 1509 intelligibilem
2559 1434 2768 1491 mundo
2806 1432 2940 1488 huic
2981 1430 3174 1488 sensili
3202 1430 3284 1486 sic
3314 1430 3517 1493 inesse,
3550 1428 3704 1483 velut

2119 1530 2301 1585 anima
2359 1537 2445 1584 est
2499 1528 2555 1582 in
2603 1539 2875 1596 corpore;
2928 1522 3300 1591 sensilemque
3339 1517 3700 1589 intelligibili,

2120 1627 2377 1689 tanquam
2406 1633 2612 1688 corpus
2665 1617 3003 1672 instructum
3056 1614 3275 1670 anima:
3308 1626 3594 1680 unumque
3635 1625 3705 1665 ex

2118 1711 2389 1768 ambobus
2418 1720 2640 1765 exstare
2668 1709 2963 1771 mundum,
3007 1708 3156 1763 sicut
3197 1705 3367 1761 etiam
3396 1718 3465 1758 ex
3515 1701 3705 1767 anima

441 1803 748 1856 ὑπόστασιν
793 1803 885 1855 ἐπὶ
914 1805 980 1873 τῇ
1016 1800 1208 1856 ένῶσει
1240 1803 1547 1873 ταυτότητα
1580 1803 1787 1858 τούτων
1815 1806 2014 1877 ἀγνοη-

2126 1810 2178 1858 et
2206 1818 2441 1872 corpore
2468 1818 2612 1859 unus
2635 1800 2853 1857 exsistit
2879 1800 3068 1864 homo,
3108 1807 3311 1854 neutro
3343 1812 3412 1852 ex
3438 1794 3547 1859 bis,
3580 1808 3706 1863 quae

443 1893 622 1964 θῆναι,
653 1893 743 1948 διὰ
769 1894 868 1964 τὴν
897 1893 1130 1963 φυσικὴν
1161 1893 1460 1965 ἑτερότητα
1479 1911 1494 1927 ο
1532 1895 1654 1965 μηδ’
1694 1890 1834 1949 εἶναι
1857 1896 2019 1950 δυνα-

444 1985 685 2055 τωτέραν
714 1983 854 2063 πρὸς
892 1984 1173 2038 διάστασίν
1212 2002 1270 2037 τε
1317 1985 1415 2037 καὶ
1457 1986 1725 2057 μερισμὸν
1757 1986 1858 2058 τὴν
1890 1988 2021 2042 ἕκα-

450 2093 574 2147 στον
612 2075 814 2130 τούτων
867 2074 1043 2146 ἑαυτῷ
1099 2076 1550 2149 περιγράφουσαν
1612 2076 1869 2148 ἰδιότητα,
1922 2080 2021 2149 τῆς

450 2166 727 2237 μυστικῶς
779 2164 902 2220 καθ’
952 2167 1148 2221 ἕνωσιν
1200 2166 1383 2231 αὐτοῖς
1439 2169 1751 2239 ἐντεθείσης
1802 2168 2023 2240 φιλικῆς

446 2258 808 2326 συγγενείας,
834 2258 1216 2329 ἀποφανθῆναι
1236 2277 1250 2290 ·
1286 2258 1409 2314 καθ’
1436 2258 1526 2330 ἢν,
1552 2260 1581 2311 ὁ
1612 2259 1734 2313 καθ’
1764 2261 1887 2313 ὅλου
1928 2261 2025 2314 καὶ

441 2344 528 2413 εἷς
559 2350 760 2422 τρόπος
784 2350 889 2420 τῆς
918 2352 976 2407 ἐν
1009 2350 1153 2415 ὅλοις
1184 2351 1424 2421 ἀφανοῦς
1454 2352 1547 2405 καὶ
1576 2349 1856 2419 ἀγνώστου
1884 2370 2025 2423 παρ-

437 2440 634 2504 ουσίας
680 2440 781 2511 τῆς
823 2441 932 2494 τῶν
969 2441 1140 2495 ὄντων
1172 2443 1501 2512 συνεκτικῆς
1549 2442 1733 2506 αἰτίας
1765 2444 2025 2507 ποικίλως

440 2526 613 2581 πᾶσιν
637 2527 986 2599 ἐνυπάρχων,
1015 2531 1111 2583 καὶ
1145 2529 1269 2584 καθ’
1287 2532 1457 2584 ἑαυτά
1491 2532 1587 2584 καὶ
1609 2533 1667 2584 ἐν
1686 2530 1935 2601 ἀλλήλοις
1957 2531 2025 2587 τὰ

438 2618 543 2673 ὅλα
576 2618 891 2691 συνίστησιν
922 2619 1143 2692 ἀφυρτα
1171 2610 1267 2676 καὶ
1296 2622 1607 2694 ἁδιαίρετα’
1643 2624 1738 2678 καὶ
1781 2624 2027 2694 ἀλλήλων

442 2711 674 2782 μᾶλλον,
718 2711 752 2781 ἢ
800 2710 1008 2766 ἑαυτῶν
1048 2714 1187 2767 κατά
1217 2714 1316 2784 τὴν
1360 2714 1604 2767 ἑνοποιὸν
1638 2715 1842 2784 σχέσιν,
1874 2713 2024 2778 ὄντα,

438 2803 746 2874 παρίστησι
765 2818 780 2833 ·
800 2803 995 2873 μέχρις
1023 2798 1087 2857 οὗ
1111 2803 1272 2857 λῦσαι
1296 2807 1547 2875 παραστῇ
1577 2804 1654 2877 τῷ
1681 2807 2025 2878 συνδήσαντι,

442 2895 699 2968 μείζονος
723 2895 888 2948 ἕνεκα
916 2897 1012 2948 καὶ
1050 2895 1465 2966 μυστικωτέρας
1492 2897 1808 2967 οἰκονομίας
1829 2938 1844 2962 ,
1886 2897 2028 2952 κατὰ

437 2987 540 3040 τὸν
580 2987 774 3058 καιρὸν
801 2987 903 3057 τῆς
945 2985 1306 3057 ἐλπιζομένης
1349 2986 1644 3056 καθολικῆς
1676 2987 2024 3051 συντελείαςο

440 3078 573 3135 καθ’
615 3079 683 3148 ἢν
720 3078 815 3131 καὶ
846 3079 876 3130 ὁ
906 3077 1135 3147 κόσμος,
1170 3077 1248 3141 ῶς
1288 3077 1593 3149 ἄνθρωπος,
1627 3077 1735 3131 τῶν
1761 3078 2026 3148 φαινομέ-

441 3257 860 3328 γεγηρακότος,
900 3258 1042 3311 κατά
1070 3257 1171 3327 τὴν
1207 3258 1544 3329 παραυτίκα,
1573 3259 2033 3330 προσδοκωμένην

441 3349 763 3403 ἀνάστασινο
799 3348 964 3417 ἡνίκα
992 3348 1088 3400 καὶ
1115 3348 1143 3399 ὁ
1178 3346 1298 3401 καθ’
1325 3348 1473 3417 ἡμᾶς
1497 3346 1803 3418 ἄνθρωπος,
1824 3348 1899 3410 ὡς
1935 3348 2055 3416 μέί

448 3454 547 3510 ρος
567 3438 643 3509 τῷ
662 3438 768 3508 ὅλῳ
781 3480 797 3503 ,
813 3439 909 3493 καὶ
933 3437 1128 3509 μικρὸς
1146 3440 1190 3472 ³⁸
1204 3438 1284 3507 τῷ
1307 3438 1550 3509 μεγάλῳ,
1570 3442 2034 3510 συναναστήσεται

444 3530 664 3601 κόσμῳ,
680 3529 779 3600 τὴν
800 3530 940 3600 πρὸς
960 3530 1022 3582 τὸ
1044 3530 1248 3601 μηκέτι
1264 3529 1527 3585 δύνασθαι
1548 3530 1868 3601 φθείρεσθαι
1886 3548 2036 3602 κομι-

445 3621 686 3691 σάμενος
706 3620 956 3690 δύναμιν·
989 3621 1119 3674 ὅταν
1160 3621 1379 3692 ἐμφερῆ
1403 3623 1469 3691 τῇ
1497 3638 1556 3674 τε
1576 3620 1720 3693 ψυχῇ
1751 3622 1813 3675 τὸ
1843 3622 2025 3692 σῶμα,

446 3713 550 3767 καὶ
584 3712 697 3775 τοῖς
734 3714 945 3783 νοητοῖς
982 3711 1051 3765 τὰ
1088 3710 1355 3781 αἰσθητὰ,
1401 3713 1521 3766 κατ’
1564 3713 1900 3784 εὐπρέπειαν
1938 3714 2031 3766 καὶ

454 3801 610 3867 δόξαν
633 3803 921 3871 γενήσεται
947 3838 962 3865 ,
1000 3802 1131 3870 μιᾶς
1171 3801 1313 3864 ὅλοις
1338 3802 1460 3856 κατ’
1487 3802 1694 3873 ἐναργῆ
1724 3820 1783 3856 τε
1818 3804 1911 3857 καὶ
1942 3800 2035 3855 ἐνέ

456 3894 619 3965 εργδν
635 3896 679 3928 ³⁸
712 3895 1048 3966 παρουσίαν,
1079 3893 1362 3962 ἀναλόγως
1390 3895 1608 3965 ἑκάστῳ
1638 3894 1787 3959 θείας
1817 3897 2036 3963 ἐπιφαι-

449 3985 685 4056 νομένης
709 3986 996 4055 δυνάμεως
1014 4025 1028 4049 ,
1070 3986 1165 4039 καὶ
1195 3985 1261 4038 δι’
1289 3987 1488 4056 ἑαυτῆς
1527 3986 1620 4039 τὸν
1653 3987 1755 4056 τῆς
1786 3986 2034 4048 ἐνὼσεως

447 4076 648 4129 ἄλυτον
667 4062 748 4140 εἰς
765 4077 891 4140 τοὺς
908 4077 1174 4146 ἀπείρους
1197 4076 1402 4139 αἰῶνας
1420 4078 1795 4148 συντηρούσης
1811 4076 2030 4147 δεσμόν.

2122 1911 2221 1965 per
2264 1895 2574 1950 unitionem
2617 1895 2854 1949 alterum
2898 1891 3057 1947 alteri
3113 1891 3411 1961 conjuncta
3466 1894 3598 1943 sunt
3640 1900 3707 1940 ac

2122 1986 2473 2050 coaluerunt,
2525 1985 2761 2040 alterum
2804 1982 3089 2037 inﬁciante
3126 1996 3191 2035 ac
3243 1977 3598 2049 repudiante,
3631 1977 3706 2031 ob

2125 2074 2417 2145 illius'qui
2464 2074 2737 2139 devinxit,
2783 2074 3003 2143 legem;
3062 2086 3192 2142 qua,
3236 2070 3464 2124 virtutis
3493 2067 3710 2123 uniiicae

2123 2167 2375 2235 inspersa
2431 2166 2570 2221 ratio
2609 2173 2716 2231 est,
2768 2180 2883 2219 non
2914 2164 3127 2226 sinens,
3166 2170 3228 2216 ut
3285 2160 3487 2215 borum
3530 2158 3712 2214 subsi-

2125 2254 2309 2308 stendi
2338 2255 2555 2309 ratione
2610 2254 2667 2308 in
2689 2253 2942 2308 unitione
2992 2251 3258 2317 identitas
3306 2249 3362 2304 in
3412 2249 3709 2307 obscurum

2125 2356 2217 2401 eat
2246 2347 2318 2402 ob
2366 2346 2789 2401 distinctionem
2836 2343 3189 2409 naturalem;
3236 2356 3419 2411 neque
3473 2348 3535 2394 ut
3584 2354 3715 2409 pro-

2126 2438 2357 2507 prietas,
2402 2438 2563 2509 507
2613 2437 2814 2490 horum
2864 2435 3126 2504 quodque
3172 2432 3278 2488 sibi
3330 2431 3511 2501 ipsum
3571 2427 3713 2484 detio

2126 2528 2309 2594 niens,
2355 2530 2480 2598 plus
2534 2526 2721 2581 valere
2772 2525 2842 2581 ad
2903 2525 3239 2579 divisionem
3293 2520 3462 2590 inque
3524 2527 3714 2590 partes

2129 2618 2456 2672 scissionem
2493 2614 2789 2681 atlirmans,
2810 2630 2976 2685 quam
3003 2614 3180 2668 amica
3213 2612 3443 2682 mystice
3491 2610 3573 2665 eis
3611 2625 3713 2680 per

2128 2710 2443 2766 unitionem
2484 2707 2662 2763 indita
2692 2706 2950 2778 cognatio
3002 2719 3067 2760 ac
3093 2702 3364 2767 atlinitas;
3399 2717 3528 2772 qua,
3585 2701 3714 2755 uni-

2128 2800 2361 2855 versalis
2406 2815 2659 2869 unusque
2704 2798 2957 2853 obscura:
3016 2804 3184 2866 atque
3238 2795 3439 2864 ignota:
3472 2794 3528 2847 in
3588 2793 3716 2847 uni-

2126 2892 2305 2947 versis
2327 2892 2635 2962 pralsentiae
2662 2890 2865 2946 modus
2896 2904 3075 2944 causm
3128 2901 3312 2943 rerum
3340 2885 3715 2941 conservatri-

2129 2983 2210 3037 cis
2238 2982 2391 3037 varie
2427 2981 2483 3036 in
2514 2982 2779 3037 omnibus
2836 2981 3134 3043 exsistens,
3184 2993 3311 3034 cum
3362 2979 3477 3047 ipsa
3506 2992 3606 3047 per
3652 2992 3715 3031 se

2090 3084 2093 3087 '
2133 3084 2269 3142 tota,
2307 3086 2426 3131 tum
2464 3074 2996 3131 interseinconi'usa
3022 3072 3369 3141 indivisaque
3396 3069 3714 3135 constituit;

440 3168 615 3224 von“
665 3169 1020 3238 τεθνήξεται,
1066 3168 1160 3220 καὶ
1206 3168 1368 3221 πάλιν
1412 3162 1777 3238 ἀναστήσεται
1815 3168 1934 3232 νέος
1964 3171 2028 3223 ἐκ
2053 3151 2097 3207 C

2130 3169 2413 3238 magisque
2438 3167 2675 3222 aliorum
2700 3166 2961 3231 invicem,
2990 3179 3153 3235 quam
3187 3179 3283 3218 sua
3335 3163 3579 3232 ipsorum
3619 3174 3721 3231 per

2129 3260 2387 3315 uniticam
2421 3260 2568 3314 illam
2611 3258 2999 3327 habitudinem
3050 3271 3173 3311 esse
3227 3254 3503 3319 ostendil’;
3542 3253 3721 3308 donec

2131 3350 2207 3404 illi
2238 3351 2344 3421 ipsi
2379 3350 2475 3420 qui
2515 3350 2790 3413 devinxit,
2833 3348 3051 3403 solvere
3081 3346 3264 3400 visum
3300 3344 3490 3409 fuerit,
3542 3346 3720 3415 majo-

2132 3451 2210 3504 ris
2243 3449 2719 3519 abstrusiorisque
2754 3447 3122 3518 providentia:
3150 3461 3215 3501 ac
3263 3445 3483 3501 consilii
3518 3446 3718 3515 gratia,

2133 3552 2245 3605 quo
2293 3545 2544 3606 tempore
2601 3535 2938 3597 universalis
2989 3533 3082 3587 illa
3138 3532 3548 3587 consummatio
3601 3532 3721 3586 fore

2135 3632 2526 3693 exspectatur;
2563 3621 2791 3693 quando
2814 3630 2896 3697 [et
2925 3617 3170 3673 mundus
3210 3618 3303 3674 hic
3335 3633 3521 3673 rerum
3559 3634 3721 3689 aspe-

2135 3713 2424 3767 ctabilium
2444 3728 2596 3767 more
2619 3712 2864 3767 hominis
2890 3710 3184 3771 morietur,
3212 3724 3519 3779 rursusque
3541 3724 3722 3764 novus

2133 3820 2202 3859 ex
2225 3813 2476 3859 veterato
2510 3811 2788 3873 resurget,
2824 3801 2881 3856 in
2912 3798 3322 3856 resurrectione
3372 3815 3540 3869 quam
3594 3814 3722 3854 mox

2134 3894 2400 3964 deinceps
2453 3895 2697 3973 futuram
2733 3907 3057 3964 speramus:
3099 3891 3324 3963 quando
3369 3891 3502 3945 item
3532 3900 3725 3947 noster

2135 3986 2322 4051 homo,
2359 3988 2511 4042 velut
2551 4001 2681 4055 pars
2712 4001 2836 4042 cum
2869 3992 3008 4050 toto,
3055 3999 3265 4055 parvus
3309 3984 3552 4039 mundus
3595 4000 3722 4040 cum

2133 4093 2335 4149 magno
2367 4078 2750 4142 suscitabitur,
2782 4076 2837 4130 id
2890 4084 3248 4142 consecutus,
3289 4084 3352 4130 ut
3395 4074 3535 4130 nihil
3565 4066 3718 4130 dei‘n-

446 4181 584 4237 eeps
644 4167 898 4240 interimi
958 4181 1226 4236 nexaeque
1287 4169 1667 4239 corruptionis
1695 4171 1929 4225 exsistat
1968 4168 2282 4236 obnoxius;
2334 4169 2559 4240 quando
2612 4178 2732 4223 tum
2789 4182 2997 4238 corpus
3052 4168 3280 4231 animae,
3328 4177 3448 4224 tum
3499 4167 3724 4223 sensilia

447 4257 895 4324 intellectiiibus,
924 4258 1144 4314 decoris
1167 4258 1421 4329 partibus
1444 4275 1509 4316 ac
1546 4260 1818 4318 claritatis
1870 4277 2035 4333 quam
2076 4261 2358 4316 simillima
2383 4259 2719 4323 eﬂicientur,
2775 4274 2886 4313 una
2947 4259 3001 4314 in
3040 4259 3317 4335 universis
3362 4276 3463 4331 per
3496 4261 3727 4317 eviden-

447 4358 568 4405 tem
604 4363 669 4405 ac
694 4347 971 4405 elﬁcaoem
996 4351 1370 4420 praesentiam,
1393 4368 1497 4424 pro
1524 4355 1796 4425 cujusque
1851 4354 2080 4410 modulo
2114 4367 2181 4407 ac
2242 4360 2429 4422 captu,
2473 4351 2730 4406 elucente
2763 4349 2951 4405 divina
2987 4350 3255 4423 potentia,
3289 4366 3498 4422 suaque
3549 4351 3723 4421 ipsius

446 4445 511 4500 vi
558 4443 860 4500 insolubile
914 4444 1183 4501 unitionis
1232 4447 1520 4503 vinculum
1567 4458 1935 4505 eonservante
1984 4450 2041 4505 in
2076 4448 2277 4504 saecula
2308 4445 2545 4501 inﬁnita.

510 4536 599 4590 ἘΞ
621 4553 706 4600 τις
727 4530 824 4589 οὖν
850 4534 1100 4606 βούλεται
1126 4538 1221 4592 καὶ
1254 4537 1367 4608 βίον
1388 4540 1485 4593 καὶ
1507 4539 1666 4609 λόγον
1690 4540 1913 4612 θεοφιλῆ
1943 4544 2027 4597 καὶ

2186 4538 2423 4609 Siquis
2472 4538 2641 4609 igitur
2688 4537 2852 4592 trium
2882 4575 2896 4601 ,
2943 4551 3084 4607 quos
3127 4536 3387 4601 diximus,
3435 4538 3722 4595 hominum

452 4627 750 4700 θεάρεστον
802 4626 967 4699 ἔχειν,
1000 4628 1112 4682 τῶν
1141 4630 1309 4701 τριῶν
1344 4632 1549 4686 τούτων
1578 4632 1912 4705 ἀνθρώπων·
1946 4635 2027 4687 τοῐ

2143 4630 2358 4699 (mundi
2388 4629 2624 4693 scilicet,
2650 4627 2954 4697 Scriptura!
3002 4643 3193 4695 sacrae,
3238 4630 3528 4699 nostrique
3556 4631 3724 4703 hujus

453 4720 666 4790 κόσμου
691 4718 753 4772 τέ
789 4728 936 4791 φημι
960 4760 975 4785 ,
1019 4720 1114 4775 καὶ
1161 4722 1261 4793 τῆς
1302 4723 1467 4793 ἁγίας
1511 4724 1767 4795 Γραφῆς,
1814 4726 1909 4779 καὶ
1946 4726 2039 4780 τοῦ

454 4810 584 4865 καθ’
609 4811 778 4880 ἡμᾶς,
811 4811 881 4864 τὰ
923 4813 1160 4883 κρείττω
1192 4816 1322 4886 περὶ
1350 4815 1547 4870 πολλοῦ
1575 4817 1798 4870 ποιείτω
1827 4819 1921 4871 καὶ
1957 4835 2041 4870 τι-

462 4898 730 4971 μιώτερα.
759 4900 955 4972 Ψυχῆς
983 4904 1103 4974 μὲν,
1132 4905 1232 4976 ὅση
1268 4905 1499 4977 δύναμις
1534 4908 1908 4979 ἐπιμελείσθω
1946 4911 2041 4978 τῆς

456 4990 727 5046 ἀθανάτου
746 4995 841 5046 καὶ
867 4993 1016 5056 θείας
1043 4996 1143 5049 καὶ
1166 4995 1705 5071 θεοποιηθησομένης
1722 5000 1780 5065 ἐξ
1804 5001 2033 5071 ἀρετῶν·

457 5082 557 5136 καὶ
604 5087 805 5157 σαρκὸς
849 5090 1262 5161 καταφρονείτω
1294 5090 1392 5159 τῆς
1440 5090 1810 5162 ὑποκειμένης
1863 5090 2041 5162 φθορᾷ

2141 4722 2405 4791 hominis)
2429 4723 2598 4776 vitam
2633 4736 2697 4776 ac
2731 4720 3002 4777 rationem
3033 4721 3142 4791 piis
3196 4722 3506 4779 institutam
3556 4726 3727 4780 mori-

2142 4816 2268 4882 b’us,
2303 4831 2368 4870 ac
2398 4816 2512 4870 Deo
2540 4822 2753 4885 gratam
2779 4813 2986 4868 habere
3017 4813 3173 4880 velit,
3193 4829 3316 4884 qua:
3355 4825 3486 4871 sunt
3507 4816 3724 4889 potiora

2143 4924 2207 4963 ac
2236 4907 2510 4962 nobiliora
2543 4905 2772 4975 plurimi
2802 4904 2989 4960 faciat.
3022 4906 3234 4961 Anima}
3277 4906 3525 4977 quidem,
3554 4925 3727 4981 quan-

2146 5010 2264 5055 tum
2294 5015 2393 5070 per
2432 4998 2749 5052 facultatem
2780 4996 3028 5062 licuerit,
3080 5013 3271 5053 curam
3294 5005 3438 5070 agat,
3462 5015 3585 5069 quae
3618 5000 3725 5055 im-

2146 5093 2395 5148 mortalis
2436 5100 2601 5161 atque
2662 5090 2873 5156 divina,
2920 5091 3300 5161 virtutumque
3367 5106 3473 5161 ope
3520 5091 3726 5147 deitate

457 5172 556 5228 καὶ
581 5175 817 5249 θανάτῳ,
849 5180 945 5234 καὶ
976 5180 1036 5233 τὸ
1063 5180 1162 5251 τῆς
1191 5179 1371 5251 ψυχῆς
1392 5181 1764 5252 ἀμελούμενον
1789 5182 2027 5252 ρυπῶσαι

2146 5182 2404 5238 donanda
2438 5181 2544 5246 sit;
2568 5196 2792 5236 carnem
2828 5190 3014 5236 autem
3064 5187 3319 5251 spernat,
3343 5196 3467 5250 quae
3486 5181 3560 5236 sit
3583 5182 3726 5237 inte-

810 5310 815 5313 ·
1559 5266 1563 5270 ’
1760 5296 1993 5351 vitam
2053 5294 2464 5352 LECTIONES.
3123 5290 3129 5294 '

535 5407 776 5498 33:6on
802 5410 955 5498 ,Δῖ
1002 5420 1060 5467 et
1111 5411 1203 5498 Fr‘.
1226 5484 1249 5497 η
1279 5412 1325 5444 ³³
1370 5413 1639 5498 ξσπαρται
1670 5432 1734 5495 c.~
1859 5407 2151 5498 ἰξΤζΠερὶ.
2178 5415 2547 5498 ᾧποστάησεως.
2576 5414 2751 5498 δόγμα
2782 5415 3158 5498 ἁξιοτῂρητον,
3205 5419 3301 5473 καὶ
3335 5423 3461 5498 περὶ
3501 5423 3599 5493 τῆς
3632 5425 3728 5479 τοῦ

459 5475 669 5555 κόσμου
704 5481 1019 5555 συντελείας
1048 5522 1062 5546 ,
1100 5484 1195 5555 καὶ
1223 5484 1306 5555 ὅτι
1347 5484 1447 5552 τῆς
1489 5475 1736 5539 ἐνοποιοῧ
1766 5475 2102 5555 δυνάμεωςό
2138 5486 2295 5552 λόγος
2331 5475 2886 5555 πᾶσινήὲνέσπαρται.

2934 5486 3103 5557 Digna
3147 5507 3255 5560 qua
3300 5486 3621 5557 observetur,
3665 5498 3731 5551 de

458 5546 1108 5635 Ity-postgsi‘seuyersona
1140 5546 1501 5635 ιζοεενίηςι-ξςε
1537 5555 1599 5608 de
1631 5556 1812 5610 mundi
1838 5546 2320 5635 consummatione;
2346 5554 2583 5635 quodque
2611 5546 2808 5635 uniﬁ'caa
2837 5546 3046 5635 virtutis
3081 5546 3220 5612 ratio
3252 5564 3451 5615 cunctis
3490 5546 3729 5635 impcrsri

459 5622 559 5701 est.
635 5618 902 5701 ".135:qu
940 5623 1311 5701 φαινομένῳ...
1349 5624 1393 5655 ³⁸
1422 5624 1597 5680 Homo
1637 5641 1840 5695 parvus
1877 5625 2137 5693 mundus,
2165 5618 2412 5681 necpi'si
2451 5618 2638 5679 errore
2670 5618 2725 5677 in
2749 5623 3015 5695 Gregorio
3052 5639 3109 5683 et
3152 5618 3732 5701 interpretibusfrne;

460 5699 621 5751 anus.
689 5688 735 5718 ³⁸
763 5689 852 5744 Fr.
875 5688 1138 5761 ἐνεργῆτε
1169 5688 1263 5745 κάι
1287 5691 1458 5763 ἔργοι.
