4094 6376
452 364 559 432 689

1829 367 2334 430 MYSTAGOGIA.

3600 364 3708 429 690

451 484 530 544 είς
558 476 860 545 ἐπίγνωσιν
905 476 1038 531 Θεοῦ
1086 475 1422 549 ἐπιστροφήν
1478 477 1588 533 τῶν
1626 478 1895 542 ἀπίστων,
1937 479 2024 531 καὶ

2137 486 2541 551 convertuntur
2563 476 2869 547 ;-quodque
2903 476 3091 531 ﬁdeles
3143 490 3175 530 a
3222 474 3496 545 pravitate
3530 489 3594 529 ac
3623 473 3712 529 in-

449 573 548 644 τήν
574 570 685 625 ἀπὸ
719 568 921 632 κακίας
950 570 1044 623 καὶ
1077 570 1352 639 ἀγνωσίας
1382 572 1462 634 είς
1496 568 1701 642 ἀρετὴν
1739 569 1835 624 καὶ
1887 570 2029 638 γνῶ-

457 683 560 727 σιν,
607 663 901 735 μετάθεσιν
953 662 1064 716 τῶν
1108 662 1318 717 πιστῶν
1353 662 1664 734 σημαίνειν,
1699 665 1727 716 ὁ
1759 661 2029 734 μακάριος

458 756 610 823 ἔλεγε
662 755 860 824 γέρων.
909 756 985 807 Οὐ
1024 755 1135 824 γὰρ
1171 755 1332 826 μόνον
1375 757 1474 826 τὴν
1514 755 1606 808 ἐπὶ
1633 756 1724 808 τὸν
1773 754 2029 823 ἀληθινὸν

458 848 590 901 Θεὸν
626 847 961 918 ἐπιστροφὴν
1004 846 1114 899 τῶν
1159 845 1404 899 ἀπίστων
1433 847 1466 915 ἡ
1497 847 1576 909 είς
1604 845 1703 916 τὴν
1730 844 2029 915 ἐκκλησίαν

460 939 656 1002 εἴσοδος
693 937 1024 1010 παραδηλοίο
1057 937 1193 991 ἀλλά
1237 939 1329 992 καὶ
1352 938 1585 991 ἑκάστου
1622 938 1777 1011 ἡμῶν
1805 936 1913 990 τῶν
1941 954 2028 990 πιο

460 1027 750 1082 στευόντων
775 1025 893 1097 μὲν,
916 1025 1250 1080 ἀθετοῦντων
1281 1025 1338 1079 δέ
1356 1026 1452 1090 τὰς
1466 1026 1684 1089 ἐντολὰς
1702 1025 1795 1079 τοῦ
1823 1027 2027 1098 Κυρίου

452 1120 515 1173 δι’
545 1120 767 1188 ἀγωγῆς
782 1118 1079 1172 ἀκολάστου
1095 1119 1186 1171 καὶ
1213 1118 1523 1189 ἀσχήμονος
1546 1117 1683 1188 βίου,
1700 1117 1799 1188 τήν
1822 1118 1910 1171 διὰ
1932 1134 2029 1188 με·

448 1207 666 1272 τανοίας
681 1206 985 1277 διόρθωσιν.
999 1207 1111 1270 Πᾶς
1126 1206 1231 1278 γὰρ
1245 1206 1340 1261 ἀνθ
1349 1222 1550 1277 ρωπος,
1563 1204 1668 1257 εἴτε
1686 1205 1899 1273 φονεὺς,
1917 1203 2028 1256 εἴτε

450 1299 662 1370 μοιχὸς,
697 1300 810 1352 εἴτε
832 1297 1094 1369 κλέπτης,
1113 1299 1224 1351 εἴτε
1257 1297 1628 1367 ὑπερήφανος,
1661 1296 1770 1348 εἴτε
1788 1291 2024 1359 ἀλαζὼν,

446 1386 482 1457 ἢ
514 1385 807 1457 ὑδριστής,
849 1387 882 1456 ἢ
916 1386 1279 1455 πλεονέκτης,
1309 1385 1342 1455 ἦ
1385 1384 1742 1453 φιλάργυρος,
1769 1381 1801 1451 ἢ
1856 1381 2027 1434 κατά-

446 1477 694 1547 λαλος,ἢ
750 1478 1108 1548 μνησίκακος,
1172 1476 1205 1546 ἢ
1262 1475 1406 1546 ⁴πρὸς
1472 1475 1644 1543 θυμὸν
1705 1473 1801 1526 καὶ
1856 1471 2029 1544 ὀργὴν

446 1569 749 1639 εὐάγωγος,
782 1569 815 1642 ἢ
857 1569 1115 1641 λοίδορος,
1145 1568 1178 1640 ἢ
1213 1568 1577 1637 συκοφάντης,
1625 1566 1659 1634 ἢ
1707 1563 1958 1634 ψίθυρος,
1993 1562 2026 1632 ἢ

446 1661 633 1731 φθόνῳ
680 1661 1029 1733 εὐχείρωτος,
1063 1660 1096 1730 ἢ
1157 1658 1392 1730 μέθυσος
1414 1673 1427 1687 °
1455 1658 1549 1711 καὶ
1580 1656 1791 1723 ἁπλῶς,
1829 1656 1918 1709 ἵνα
1950 1655 2026 1725 μὴ

2135 569 2294 623 scitia
2323 570 2392 624 ad
2419 569 2683 623 virtutem
2708 581 2775 621 ac
2803 567 3088 621 scientiam
3116 565 3500 632 traducuntur,
3517 564 3715 620 beatus

2136 658 2227 713 ille
2253 673 2424 713 senex
2469 658 2781 730 signiﬁcare
2809 657 3016 712 aiebat.
3060 658 3275 713 Nedum
3333 659 3482 714 enim
3512 656 3710 712 inﬁde-

2134 747 2271 801 lium
2315 747 2385 801 ad
2432 763 2626 803 verum
2689 748 2979 816 solumque
3032 749 3228 813 Deum,
3294 748 3710 804 conversionem

2136 836 2411 906 signiﬁcat
2434 835 2525 891 ille
2563 837 2619 889 in
2677 837 2968 891 ecclesiam
3016 827 3332 908 ingressus;
3381 837 3478 892 sed
3509 846 3565 890 et
3609 852 3712 890 no-

2136 935 2315 981 strum
2368 927 2656 997 cujusque,
2696 926 2792 995 qui
2847 926 3128 1004 credimus
3178 926 3427 997 quidem,
3473 927 3713 996 alboque

2136 1017 2380 1072 ﬁdelium
2414 1033 2617 1072 nomen
2640 1017 2917 1092 dedimus,
2947 1019 3045 1073 sed
3084 1034 3303 1074 morum
3352 1019 3577 1075 lascivia
3600 1027 3715 1073 tur-

2134 1109 2303 1178 pique
2340 1107 2452 1162 vita
2482 1108 2766 1163 Dominica
2794 1108 3065 1164 violamus
3091 1110 3456 1178 mandata,'ac
3481 1110 3715 1166 facimus

2136 1197 2316 1262 irrita,
2346 1197 2688 1267 poenitentiae
2713 1199 3003 1255 laboribus
3031 1200 3344 1256 institutam
3366 1202 3712 1258 emendatio-

2134 1306 2283 1345 nem.
2307 1288 2500 1345 Omnis
2527 1290 2675 1344 enim
2707 1290 2825 1345 sive
2859 1291 3159 1357 homicida,
3180 1292 3296 1347 sive
3337 1293 3580 1359 adulter,
3598 1294 3715 1349 sive

2136 1381 2243 1446 fur,
2278 1381 2392 1435 sive
2420 1379 2711 1450 superbus,
2738 1380 2854 1435 sive
2898 1396 3183 1451 arrogans,
3222 1388 3318 1436 aut
3353 1383 3717 1437 contumelio-

2136 1487 2250 1536 sus,
2289 1480 2385 1525 aut
2411 1471 2579 1526 alieni
2604 1472 2902 1542 appetitor,
2926 1481 3019 1526 aut
3037 1488 3259 1540 avarus,
3285 1484 3382 1529 aut
3404 1473 3707 1540 detractor,

2135 1572 2231 1619 aut
2266 1564 2595 1635 injuriarum
2622 1581 2854 1632 memor,
2894 1575 2991 1620 aut
3020 1566 3344 1633 iracundus,
3396 1577 3495 1623 aut
3518 1568 3715 1623 convi-

2134 1654 2321 1721 tiator,
2379 1664 2476 1709 aut
2533 1656 2922 1723 calumniator,
2970 1664 3065 1710 aut
3118 1673 3369 1729 susurro,
3422 1669 3518 1713 aut
3547 1674 3715 1728 quem

448 1754 631 1808 πάντα
673 1753 741 1807 τά
770 1754 868 1823 τῆς
910 1751 1111 1814 κακίας
1134 1751 1250 1822 εἴδη
1277 1749 1760 1821 ἀπαριθμούμενος
1800 1746 2024 1818 μηκύνω

2137 1747 2345 1802 invidia
2375 1747 2538 1803 facile
2570 1756 2816 1817 superet,
2848 1759 2943 1804 aut
2978 1749 3231 1805 ebriosus
3257 1767 3272 1817 ;
3300 1752 3411 1816 vel,
3452 1758 3514 1805 ut
3543 1752 3714 1807 semel

446 1846 539 1899 τδν
570 1846 750 1915 λόγον,
781 1847 930 1907 ὅστις
952 1846 1050 1914 ὑφ’
1090 1844 1416 1914 οἱασδήποτε
1457 1842 1657 1904 κακίας
1680 1840 2023 1911 ἐνεχόμενος,

2131 1838 2310 1894 dicam
2338 1841 2429 1909 (ne
2462 1848 2662 1895 cuncta
2683 1841 2945 1895 vitiorum
2976 1858 3180 1913 genera
3211 1859 3544 1899 enumerans
3586 1858 3717 1913 pro-

452 1939 584 1992 ἐπὸν
612 1939 705 1992 τοῦ
735 1937 1007 2001 ἑκουσίως
1041 1939 1162 1991 κατ’
1192 1935 1539 2006 ἐπιτήδευσιν
1590 1932 1872 2003 ἐνέχεσθαι
1929 1930 2024 1985 καὶ

2129 1931 2291 1988 lixior
2315 1929 2466 2003 sim),
2500 1932 2754 2001 quisquis
2778 1927 3050 1987 ullo'vitio
3074 1934 3392 1998 tenebatur,
3418 1943 3711 2004 postquam

453 2031 695 2100 ἐνεργεῖν
716 2029 859 2083 κατά
882 2029 1141 2098 πρόθεσιν
1174 2027 1457 2090 παύσοιτο,
1487 2026 1583 2078 καὶ
1609 2024 1906 2094 μεταϐαλοῖ
1938 2023 2024 2077 τὸν

2129 2031 2325 2091 sponte
2353 2036 2451 2076 sua
2475 2022 2731 2077 consulto
2760 2022 2849 2077 his
2885 2023 3122 2092 amplius
3164 2025 3363 2090 teneri,
3412 2040 3478 2079 ac
3512 2025 3713 2078 volun-

458 2116 575 2186 βίον
596 2117 684 2170 ἐπὶ
715 2117 777 2170 τὸ
808 2118 1078 2187 κρεῖττον,
1107 2117 1207 2187 τῆς
1240 2115 1439 2179 κακίας
1462 2116 1562 2186 τὴν
1601 2115 1806 2184 ἀρετὴν
1835 2112 2024 2167 ἀνθαι-

2129 2121 2238 2168 tate
2267 2112 2488 2183 operari
2516 2112 2770 2177 desierit,
2804 2111 3037 2183 Vitiique
3081 2114 3205 2168 loco
3235 2114 3500 2169 virtutem
3532 2129 3713 2183 praeo-

453 2208 715 2281 ρούμενος
736 2225 749 2239 ·
778 2210 807 2262 ὁ
827 2209 1071 2273 τοιοῦτος
1092 2208 1302 2278 κυρίως
1338 2223 1398 2260 τε
1435 2208 1529 2260 καὶ
1558 2204 1776 2275 άληθῶς
1800 2201 2024 2275 Χριστῷ

2129 2212 2287 2275 ptans
2318 2205 2538 2259 meliori
2571 2204 2730 2275 fruge
2768 2205 2939 2259 vitam
2984 2207 3319 2272 mutaverit;
3380 2206 3427 2260 is
3488 2205 3716 2276 proprie

447 2300 531 2369 τῷ
567 2299 687 2369 Θεῷ
717 2300 812 2355 καὶ
844 2301 1094 2370 ἀρχιερεῖ
1125 2297 1353 2353 νοείσθω
1377 2314 1438 2351 τε
1486 2297 1578 2351 καὶ
1623 2295 1869 2366 λεγέσθω
1900 2312 2024 2349 συν-

2129 2314 2194 2353 ac
2225 2313 2354 2354 vere
2391 2314 2514 2353 cum
2541 2297 2764 2353 Christo
2794 2299 2908 2353 Deo
2942 2314 3006 2353 ac
3040 2299 3321 2369 pontiﬁce,
3352 2300 3407 2353 in
3428 2297 3713 2364 virtutem,

447 2391 677 2444 εισιέναι
737 2392 817 2456 είς
883 2391 986 2462 τὴν
1046 2391 1247 2462 ἀρετὴν
1277 2431 1293 2457 ,
1360 2387 1687 2460 Ἐκκλησίαν
1748 2387 2024 2459 τροπικῶς

2129 2404 2253 2458 quae
2282 2388 2479 2444 morali
2510 2389 2879 2459 intelligentia
2910 2390 3155 2446 Ecclesia
3182 2388 3289 2457 est,
3347 2392 3509 2447 simul
3544 2390 3716 2447 intro-

445 2497 569 2535 νοου
578 2483 769 2554 μένην.

2131 2478 2241 2534 isse
2266 2479 2611 2550 intelligatur
2640 2489 2808 2550 atque
2837 2481 3077 2537 dicatur.

412 2612 451 2622 ν
954 2640 979 2659 ,,
1050 2593 1305 2647 ΚΕΦΑΛ.
1361 2595 1422 2649 ι’.

2746 2591 2974 2649 CAPUT
3010 2593 3079 2647 X.

523 2704 712 2766 Tii'wr
735 2706 855 2762 εῑσὶ
892 2707 1203 2777 σύμϐολον
1242 2707 1314 2761 τὰ
1344 2705 1471 2761 θεῖα
1497 2703 1955 2776 ἀναγνώσματιι.

2269 2703 2637 2770 Quorumnam
2664 2704 2855 2759 divina:
2891 2706 3136 2761 lectiones
3167 2707 3273 2760 sint
3305 2706 3568 2778 symbola.

516 2821 629 2884 Τάς
664 2820 721 2873 δὲ
767 2818 922 2881 θείας
958 2816 1066 2871 τῶν
1111 2817 1389 2887 πανιέρων
1425 2815 1622 2886 βίϐλων
1669 2814 2024 2884 ἀναγνώσεις,

2197 2816 2422 2871 Divinas
2442 2826 2623 2871 autem
2653 2816 3155 2871 sacratissimorum
3197 2808 3469 2872 librorum
3516 2818 3713 2873 lectio-

453 2914 556 2979 τὰς
584 2912 736 2976 θείας
770 2913 866 2965 καὶ
903 2912 1181 2981 μακαρίας
1215 2910 1309 2963 τοῦ
1344 2903 1612 2977 παναγίου
1646 2906 1782 2961 Θεοῦ
1833 2905 2024 2978 βουλή-

2129 2922 2246 2973 nes,
2280 2906 2498 2961 divinas
2542 2907 2839 2976 beatasque
2867 2908 3204 2964 sanctissimi
3245 2908 3342 2962 Dei
3394 2909 3712 2964 voluntates
3780 2940 3783 2941 ν

450 3020 567 3068 σεις
591 3005 634 3038 ³⁸
662 3020 720 3057 τε
746 3002 842 3057 καὶ
875 3000 1069 3072 βουλὰς
1094 3001 1195 3054 ὑπε
1206 2998 1478 3069 μφαίνειν,
1503 2998 1689 3067 ἔλεγεν
1718 3000 1747 3051 ὁ
1766 2997 2024 3050 διδάσκα-

2133 3012 2197 3052 ac
2227 2996 2457 3051 consilia
2479 2995 2843 3061 subinnuere,
2863 2998 3046 3053 aiebat
3070 2998 3363 3068 magister;
3396 3014 3462 3052 ex
3505 3000 3710 3068 quibus

446 3096 572 3159 λος⁸
601 3094 669 3149 δι’
698 3088 773 3148 ὧν
801 3097 899 3157 τὰς
933 3093 1216 3164 ὑποθήκας
1255 3091 1366 3144 τῶν
1397 3090 1710 3160 πρακτέων,
1744 3088 2024 3157 ἀναλόγως

2129 3089 2464 3159 agendorum
2499 3087 2831 3143 documenta
2862 3105 2925 3144 ac
2962 3098 3265 3160 praecepta,
3303 3106 3403 3160 pro
3427 3106 3527 3144 suo
3560 3090 3712 3160 quis-

444 3179 678 3252 ἕκαστος
709 3186 890 3258 ἡμῶν,
923 3185 1065 3240 κατά
1111 3186 1213 3256 τὴν
1258 3183 1503 3237 ὑποῦσαν
1564 3181 1714 3253 αὐτῷ
1771 3181 2022 3251 δύναμιν,

2129 3196 2234 3251 que
2278 3187 2466 3249 captu,
2511 3194 2576 3234 ac
2613 3180 2735 3251 ejus
2778 3196 2902 3250 qua:
2944 3181 3088 3237 inest
3145 3181 3424 3238 facultatis
3458 3182 3535 3246 vi,
3568 3185 3713 3237 acci-

443 3277 840 3349 ).οιμ6άνομεν⁹
885 3278 978 3331 καὶ
1037 3277 1167 3339 τοὺς
1218 3275 1330 3330 τῶν
1365 3275 1527 3329 θείων
1571 3274 1667 3328 καλ⁵
1737 3273 2024 3345 μακαρίων

2129 3272 2344 3343 pimus;
2409 3270 2843 3341 divinorumque
2892 3288 2958 3327 ac
3008 3273 3300 3329 beatorum
3345 3274 3709 3329 certaminum

445 3371 674 3438 ἀγώνων
718 3370 917 3441 νόμους
989 3368 1332 3439 μανθάνομεν
1363 3384 1379 3399 ο
1431 3365 1556 3420 καθ’
1613 3363 1708 3428 οὓς
1780 3364 2024 3434 νομίμως

2129 3366 2275 3435 leges
2301 3364 2587 3429 discimus,
2618 3381 2720 3435 pro
2746 3381 2983 3435 quarum
3039 3366 3256 3421 ratione
3307 3366 3554 3436 legitime
3591 3380 3711 3418 cer-

354 3484 365 3494 ·
445 3461 761 3526 ἀθλοῦντες,
813 3461 924 3515 τῶν
977 3459 1266 3528 ἀξιονίκων
1309 3460 1410 3533 τῆς
1457 3456 1698 3532 Χριστοῦ
1749 3456 2024 3528 βασιλείας

2129 3465 2328 3522 tantes,
2358 3455 2664 3528 condignas
2714 3456 2924 3514 Christi
2966 3472 3139 3529 regno
3184 3458 3445 3514 victrices
3475 3471 3711 3512 coronas

446 3554 755 3627 ἀξιούμεθα
783 3555 1085 3625 στεφάνων.

2129 3546 2540 3620 consequimur.
2658 3542 2662 3546 “

1021 3669 1274 3724 ΚΕΦΑΛ.
1329 3670 1434 3723 IA'.

581 3782 745 3847 Τίνος
770 3780 909 3834 ἐστὶ
943 3781 1253 3849 σύμϐολον
1287 3780 1331 3812 ⁸⁹
1373 3779 1446 3835 τὰ
1482 3777 1610 3833 θεῖα
1639 3776 1900 3848 ᾅσματα.

2642 3610 2806 3734 5'10
2840 3664 3067 3743 CAPUT
3105 3665 3201 3720 x1.

2327 3776 2567 3844 Quorum
2588 3776 2885 3849 symbolum
2913 3777 3021 3832 sint
3051 3778 3231 3832 divina
3255 3779 3486 3834 cantica.

525 3893 629 3963 Τὴν
659 3893 715 3945 δὲ
748 3890 1127 3962 πνευματικὴν
1162 3891 1271 3943 τῶν
1307 3890 1467 3944 θείων
1506 3890 1764 3964 ᾀσμάτων
1795 3886 2024 3959 τερπνό-

2197 3890 2513 3961 Spiritalem
2552 3897 2736 3944 autem
2773 3887 3087 3943 divinorum
3144 3889 3485 3944 canticorum
3521 3892 3708 3946 suavi-

444 4000 618 4052 τητα,
656 3983 755 4054 τὴν
802 3981 1144 4051 ἐμφαντικὴν
1201 3980 1395 4050 δηλοῦν
1435 3979 1663 4048 ἔφασκε,
1706 3977 1815 4031 τῶν
1863 3976 2023 4029 θείων

2129 3989 2294 4039 tatem
2330 3980 2641 4052 signiﬁcare
2672 3981 2876 4047 aiebat,
2904 3980 3247 4050 voluptatem
3275 3981 3549 4036 bonorum
3569 3981 3712 4037 divi-

446 4074 640 4145 ἡδονὴν
695 4073 953 4143 ἀγαθῶν·
1013 4072 1111 4141 τὴν
1171 4072 1272 4134 τὰς
1317 4070 1499 4140 ψυχὰς
1561 4068 1698 4139 πρὸς
1771 4067 1870 4138 μὲν
1928 4066 2022 4119 τὸν

2129 4087 2329 4128 norum
2360 4086 2607 4137 sensum,
2641 4071 2867 4140 vimque
2907 4071 3469 4143 exprimentenuquae
3492 4075 3710 4129 animos

440 4169 722 4237 ἀκήρατον
791 4164 886 4220 τοῦ
957 4162 1093 4217 Θεοῦ
1158 4163 1255 4217 καὶ
1320 4163 1593 4233 μακάριον
1655 4157 2023 4213 ἀνακινοῦσαν

2129 4162 2354 4232 quidem
2385 4162 2452 4216 ad
2480 4162 2786 4231 perfectum
2816 4163 3148 4234 beatumque
3172 4163 3269 4218 Dei
3286 4180 3533 4221 amorem
3556 4181 3709 4221 com-

441 4256 624 4326 ἔρωτα
648 4274 662 4287 ·
695 4257 832 4328 πρὸς
852 4257 911 4311 δὲ
940 4256 1017 4309 τὺη
1041 4259 1197 4329 μῖσος
1238 4254 1336 4326 τῆς
1361 4252 1639 4325 ἁμαρτίας
1682 4250 1845 4305 πλέον
1876 4248 2024 4319 ἐγεί-

2129 4259 2369 4319 moveat,
2402 4252 2573 4321 inque
2598 4252 2788 4308 odium
2817 4256 3029 4323 peccati
3050 4256 3222 4324 magis
3249 4258 3475 4312 excitet.

442 4362 667 4417 ρουσαν.

2729 4450 2956 4508 CAPUT
2988 4451 3105 4507 ΧΠ.

2367 4564 2508 4631 Quid
2535 4563 2833 4635 signiﬁcent
2866 4566 3010 4636 pacis
3041 4565 3469 4620 acclamationes.

1031 4459 1281 4513 ΚΕΦΑΛ.
1326 4456 1425 4514 lB'.
2051 4462 2100 4517 Β

445 4569 511 4627 Τί
551 4569 960 4638 σημαίνουσιν
991 4571 1051 4623 al
1081 4569 1195 4638 τῆς
1240 4570 1489 4638 simia-nc
1530 4566 2019 4637 προσφωνήσας.

513 4680 609 4733 Διά
654 4680 855 4733 δέίτῶν
895 4681 1200 4752 γινομένων
1244 4680 1454 4734 ἔνδοθεν
1495 4683 1559 4734 ἐκ
1610 4681 1705 4734 τοῦ
1750 4681 2019 4751 ίερατείου

433 4768 688 4822 κελεύσει
723 4770 818 4823 τοῦ
848 4771 1175 4841 ἀρχιερέως,
1224 4771 1312 4840 ἐφ’
1356 4771 1577 4843 ἑκάστῳ
1629 4770 2017 4841 ἀναγνώσματι

432 4862 541 4932 τῆς
613 4864 839 4934 εἰρήνης
895 4864 1336 4935 ὑποφωνήσεωνο
1394 4864 1494 4926 τὰς
1554 4863 1643 4917 διά
1688 4863 1798 4917 τῶν
1848 4864 2021 4929 ἁγίων

2194 4683 2302 4739 Per
2332 4680 2488 4752 pacis
2513 4688 2695 4734 autem
2728 4680 3177 4741 acclamationes,
3218 4696 3341 4751 qua:
3391 4682 3541 4735 intus
3560 4696 3591 4734 e
3618 4695 3705 4736 εα-

2124 4772 2304 4829 crario
2328 4772 2384 4826 in
2406 4787 2734 4841 unaquaque
2762 4771 3001 4827 lectione
3036 4772 3299 4826 antistitis
3337 4774 3494 4844 jussu
3530 4771 3704 4840 .ﬁunt,

2120 4882 2215 4923 eas
2261 4882 2385 4935 qum
2429 4880 2529 4935 per
2559 4873 2779 4920 sanctos
2824 4865 3049 4935 angelos
3119 4865 3448 4921 deferuntur
3488 4865 3704 4921 divinas

436 4952 691 5020 ἀγγέλων
719 4953 1182 5024 διακομιζομένας
1210 4954 1359 5018 θείας
1383 4952 1656 5023 άποδοχάς
1701 4952 2017 5023 δηλοῦσθαι,

434 5045 468 5097 ὁ
491 5044 653 5113 σοφὸς
674 5045 982 5114 διωρίζετο·
1022 5046 1090 5098 δι’
1116 5039 1190 5099 ὧν
1209 5047 1237 5098 ὁ
1265 5045 1398 5109 Θεὸς
1424 5043 1597 5116 ὁρίζει
1635 5045 1745 5098 τῶν
1770 5046 2019 5116 νομίμως

437 5134 581 5206 ὑπὲρ
611 5135 716 5204 τῆς
740 5137 1001 5206 ἀληθείας
1027 5137 1163 5210 πρὸς
1196 5137 1295 5199 τὰς
1341 5137 1727 5207 ἀντικειμένας
1759 5138 2021 5207 δυνάμεις

433 5222 751 5279 ἀθλούντων
795 5227 923 5290 τοὺς
977 5226 1217 5295 ἀγῶνας,
1262 5226 1362 5290 τὰς
1393 5227 1661 5299 ἀοράτους
1700 5226 2021 5297 συμπλοκὰς

2117 4958 2333 5022 laudes,
2358 4958 2687 5025 favoresque
2714 4956 3036 5025 signiﬁcari,
3068 4958 3155 5013 vir
3205 4960 3296 5015 ille
3337 4959 3557 5030 sapiens
3588 4969 3701 5014 sta-

2118 5048 2340 5113 tuebat;
2369 5046 2574 5117 quibus
2602 5047 2751 5101 Deus
2780 5063 2971 5102 eorum
3001 5049 3096 5118 qui
3127 5050 3372 5120 legitime
3402 5067 3503 5120 pro
3551 5048 3698 5103 veri-

2116 5147 2229 5192 tate
2251 5148 2445 5194 contra
2466 5138 2813 5195 adversarias
2836 5148 3138 5210 potestates
3184 5143 3335 5197 lucta
3387 5141 3692 5211 defungun-

2114 5238 2225 5295 tur,
2251 5230 2554 5284 certamina
2582 5228 2724 5296 ﬁnit,
2772 5231 3078 5287 invisibiles
3132 5233 3554 5303 congressiones
3586 5229 3697 5286 dis-

1699 5401 1934 5460 VARIZE
1967 5400 2373 5460 LECTIO‘NES.

615 5538 728 5615 “[5
753 5553 930 5615 marg.
958 5521 1229 5615 ‘BO‘tEX'QO'ljc
1252 5538 1398 5615 ἐστιν
1428 5539 1610 5615 ῥρεξις
1638 5542 1977 5615 φανταστικὴ
2007 5542 2114 5615 τῷν
2154 5544 2417 5615 ἐφῗίήμῖν,
2444 5544 2540 5597 καὶ
2561 5545 2661 5597 οὐκ
2691 5545 2773 5612 ἐφ’
2794 5545 2938 5615 νήμῖν
2965 5558 2976 5571 ·
3011 5544 3043 5615 ἧ
3069 5540 3199 5597 ποία
3221 5542 3426 5615 φυσικὴ
3452 5541 3693 5615 θέλησς,

434 5606 528 5685 Ἐπ’,
556 5608 730 5685 βοῦλὴ
754 5606 920 5685 ἤγουν
954 5606 1239 5685 βούλευσίς
1255 5610 1414 5685 Δἐστιν
1430 5606 1611 5679 ὄρεξις
1642 5606 1910 5685 ζητητικὴ
1938 5606 2153 5685 περίτι
2179 5606 2411 5685 ears?"
2429 5616 2560 5684 ἡμῖν
2593 5606 2857 5685 πρακτῶν
2884 5606 3285 5685 γινομένη..Τά
3304 5613 3360 5665 δὲ
3398 5606 3490 5664 τοῦ
3519 5606 3691 5677 Θεοῦ,

434 5677 707 5755 καξῦπέρ
732 5677 913 5755 ταῦτα,
932 5677 1107 5755 πάντα
1138 5696 1152 5709 ·
1183 5679 1279 5755 καὶ
1299 5677 1558 5755 ﬁculna};
1592 5677 1940 5755 καὶθέλησίς
1999 5677 2094 5737 καὶ
2135 5684 2297 5754 βουλή
2320 5702 2332 5715 ·
2353 5677 2364 5683 ’
2396 5677 2492 5737 καὶ
2545 5677 2649 5738 ὅσα
2706 5683 2839 5738 ἀλλα
2897 5677 3023 5737 ⁷ἐπὶ’
3053 5677 3190 5738 Θεοῦ
3233 5684 3685 5753 κκτσφάσκεται.

434 5748 483 5783 ³³
518 5748 691 5801 Τίνων
724 5749 831 5802 εἰσὶ
854 5748 1097 5821 σύμϐολα
1119 5764 1168 5805 c.
1203 5748 1268 5803 A.
1298 5748 1473 5804 Τίνων
1502 5750 1639 5806 ἐστί.
1668 5751 1761 5804 Fr.
