4094 6362
509 340 612 408 691

1678 363 1739 424 S.
1782 366 2065 429 ΜΑΧΙΜΙ
2105 370 2610 437 CONFESSORIS

3653 384 3748 450 692

430 500 435 505 ι
512 460 762 530 solvens,
793 479 1103 538 pacemque
1133 471 1388 528 tribuens
1417 473 1473 528 in
1496 474 1874 535 destructione
1895 496 2076 552 corpo-

2189 485 2423 541 διαλύων
2446 526 2461 551 ,
2494 490 2586 547 καὶ
2631 491 2856 562 εἰρήνην
2888 491 3064 556 διδοὺς
3093 494 3150 546 ἐν
3197 495 3261 564 τῇ
3303 495 3633 565 καταργήσει
3659 500 3746 553 τοῦ

510 551 591 607 ris
611 555 821 624 peccati
854 565 914 624 x;
949 574 1015 615 ac
1039 560 1293 616 laborum
1341 564 1573 621 virtutis
1605 582 1769 623 causa
1807 551 2087 642 suscepto-

510 653 637 693 rum
690 643 941 711 praemio,
984 646 1506 718 imperturbationis
1552 669 1888 726 summaeque
1940 667 2089 713 tran-

511 731 803 799 quillitatis
836 751 1040 792 munus
1067 742 1274 796 sanctis
1321 742 1687 813 impartiens;
1727 763 1841 816 quo
1871 750 2087 806 scilicet

511 820 899 881 dimissionem
922 842 953 882 a
983 843 1182 900 pugnae
1203 831 1297 887 illo
1325 847 1495 889 onere
1527 839 1835 905 consecuti,
1882 841 1948 895 ad
1973 843 2088 912 spi-

509 911 727 969 ritalem
776 916 1051 974 culturam
1097 922 1386 992 (virtutum
1416 925 1630 982 scilicet
1678 932 2079 1007 operationem)

508 1003 677 1060 animi
706 1007 854 1064 vires
878 1010 1213 1068 transferant
1237 1031 1251 1081 ;
1276 1030 1510 1085 quarum
1549 1018 1602 1073 vi
1637 1035 1704 1076 ac
1742 1033 1944 1079 conatu
1979 1003 2080 1080 nel

507 1287 565 1328 se
588 1272 745 1330 facile
764 1278 1042 1347 expediat,
1071 1280 1379 1352 dissipante
1411 1284 1616 1341 diaboli
1644 1289 1945 1347 machinas.

1079 1389 1309 1448 CAPUT
1345 1393 1492 1450 XIII.

505 1472 873 1560 Cnﬁtsnamjn
898 1495 1210 1560 _uno_quoque
1260 1490 1473 1557 proprie
1518 1491 1729 1560 signum
1772 1494 1861 1556 sit,
1906 1498 2078 1551 sancti

573 1618 730 1669 alica.

569 1726 726 1785 Unde
760 1733 947 1789 statim
980 1734 1051 1790 iis
1080 1738 1337 1808 expletis,
1378 1740 1623 1797 divinam
1674 1746 1852 1801 sancti
1902 1747 2083 1803 Evam

498 1821 626 1892 gelii
656 1820 950 1883 lectionem
998 1844 1155 1886 sacra
1198 1841 1405 1889 sanctae
1448 1834 1712 1894 Ecclesiae
1752 1841 2082 1899 constitutio

498 1911 620 1967 ﬁeri
647 1916 883 1984 statuit;
910 1933 1035 1989 quae
1065 1922 1293 1993 proprie
1331 1924 1689 1985 desudandos
1721 1931 1880 1987 verbi
1913 1948 2082 1991 causa

498 2018 565 2061 ac
590 2007 1005 2075 praedicationis
1052 2012 1295 2084 labores,
1366 2032 1755 2093 acrumnasque
1797 2023 2077 2093 ferendas,

499 2097 782 2155 studiosos
819 2101 1082 2159 informet
1112 2122 1127 2160 :
1162 2115 1456 2178 postquam
1499 2111 1763 2181 sapientis
1802 2114 1896 2171 ille
1943 2132 2080 2173 con-

500 2189 881 2259 templationis
928 2191 1120 2250 Sermo
1177 2196 1330 2251 velut
1376 2198 1632 2256 Pontifex
1689 2202 1799 2258 illis
1857 2220 1889 2260 e
1938 2207 2078 2262 caelo

496 2278 800 2336 adveniens
828 2323 843 2350 ,
898 2285 1082 2341 carnis
1128 2286 1231 2355 eis,
1267 2289 1421 2344 velut
1479 2292 1745 2348 mundum
1783 2296 2077 2365 quemdam

494 2369 591 2440 qui
625 2386 792 2427 sensu
825 2374 1194 2444 percipiatur,
1251 2394 1474 2435 sensum
1511 2384 1791 2439 contrahit
1826 2400 1892 2442 ac
1914 2386 2072 2459 511

493 2462 879 2532 prudentiam;
928 2469 1301 2538 cogitationes
1338 2472 1522 2528 adhuc
1567 2474 1723 2531 humi
1755 2489 2074 2549 vergentes,

490 2555 964 2628 proclivioresque
1009 2558 1370 2629 submovens,
1414 2578 1479 2618 ac
1524 2564 1655 2620 inde
1695 2566 1768 2622 ad
1806 2567 2075 2641 intelligi-

489 2646 688 2711 bilium
745 2649 1026 2705 rationum
1075 2653 1289 2722 pariter
1350 2670 1651 2727 rerumque
1691 2669 2072 2729 conspectum,

489 2746 778 2808 portarum
826 2742 1149 2797 occlusione
1185 2758 1251 2799 ac
1310 2755 1632 2802 sanctorum
1679 2749 2074 2820 mysteriorum

488 2831 743 2903 ingressu
774 2832 901 2889 illos
929 2835 1267 2905 provehens,
1296 2839 1391 2908 qui
1414 2840 1527 2911 jam
1549 2839 1754 2897 clausis
1788 2842 2072 2911 sensibus,

624 1546 854 1628 pangelii
890 1546 1076 1618 lectio,
1121 1546 1171 1606 et
1194 1546 1311 1625 quo:
1349 1546 1467 1611 eam
1521 1546 1921 1632 consequuntur
2108 1618 2148 1674 Β

627 1633 730 1669 ica.

2190 576 2441 647 σώματος
2499 583 2601 651 τῆς
2659 582 2975 654 ἁμαρτίας,
3032 584 3128 638 καὶ
3193 583 3304 638 τῶν
3361 586 3500 657 ὑπὲρ
3558 589 3749 659 ἀρετῆς

2186 669 2366 723 πόνων
2392 671 2491 741 τῆς
2522 672 2793 737 ἀπαθείας
2844 674 2941 746 τὴν
2994 674 3157 746 χάριν
3190 678 3306 740 τοῖς
3344 677 3521 745 ἁγίοις
3558 680 3747 734 ἀντιδι-

2182 756 2342 819 δούς·
2377 759 2463 813 ἵνα
2514 760 2609 816 τοῦ
2658 764 2919 834 πολεμεῖν
2969 764 3256 834 ἀφέμενοι,
3304 765 3442 837 πρὸς
3478 756 3745 837 γεωργίαν

2181 853 2597 924 πνευματικὴν,
2655 855 2832 909 είτουν
2880 856 3091 927 ἀρετῶν
3148 857 3428 928 ἐργασίαν,
3487 858 3583 924 τὰς
3640 862 3736 933 τῆς

2175 937 2352 1010 ψυχῆς
2407 948 2858 1012 μετασκευάσωσι
2895 947 3153 1018 δυνάμεις
3177 966 3191 981 ο
3230 949 3298 1003 δι’
3346 943 3421 1004 ὧν
3459 951 3525 1005 τὰ
3586 952 3743 1023 στίφη

2176 1029 2284 1082 τῶν
2318 1034 2574 1106 πονηρῶν
2602 1040 2930 1110 πνευμάτων
2990 1039 3263 1104 διέλυσαν,
3318 1040 3744 1112 στρατηγοῦντος

2177 1121 2361 1188 αὐτοῖς
2418 1128 2513 1182 τοῦ
2552 1128 2689 1184 Θεοῦ
2738 1132 2835 1185 καὶ
2888 1131 3098 1201 Λόγου,
3152 1133 3247 1188 καὶ
3304 1132 3374 1187 τά
3426 1135 3600 1205 πικρὰ
3655 1136 3745 1190 τοῦ

2176 1211 2424 1271 διαϐόλου
2488 1223 2583 1275 καὶ
2632 1223 2914 1295 δόσερυκτα
2943 1224 2988 1258 ⁸³
3042 1226 3411 1297 μηχανήματα
3466 1226 3745 1285 διασκεδά-

2112 1356 2121 1365 ,
2177 1304 2382 1374 ζοντος.

2778 1430 3031 1488 ΚΕΦΛΛ.
3053 1436 3153 1492 Il".

2185 1512 2354 1592 Τίνος
2403 1515 2603 1592 ὶδικῷς
2623 1588 2632 1592 _
2652 1521 2752 1576 ἐπὶ
2795 1523 2901 1578 τοῦ
2958 1528 3086 1579 καθ’
3130 1526 3393 1580 ἕκαστον
3448 1525 3747 1592 σύμϐολόν

2245 1582 2418 1667 ἐστιν
2521 1582 2862 1667 ἀνάγνωσις
2891 1594 2997 1648 τοῦ
3022 1595 3195 1665 ἁγίου
3223 1582 3615 1667 Εὐαγγελίόυ,
3651 1594 3744 1649 καί

2252 1653 2323 1706 τὰ
2344 1653 2483 1722 μετ*
2500 1653 2696 1729 αὺτῆν
2712 1653 3002 1731 μυστικά.

2256 1766 2418 1823 Ὅθεν
2447 1769 2608 1836 εὐθὺς
2641 1774 2782 1845 μετὰ
2809 1775 3014 1841 ταύτας
3039 1818 3054 1845 ,
3106 1776 3205 1848 τὴν
3258 1777 3413 1832 θείαν
3462 1777 3558 1832 τοῦ
3597 1778 3742 1847 ἁγίου

2182 1858 2516 1932 Εὑαγγελίου
2537 1865 2863 1935 ἀνάγνωσιν,
2893 1871 2926 1940 ἡ
2961 1868 3059 1941 τῆς
3091 1870 3255 1939 ἁγίας
3290 1870 3614 1941 Ἐκκλησίας
3633 1871 3746 1941 ἱερὰ

2180 1950 2426 2019 διάταξις
2478 1954 2840 2028 ἐνομοθέτησε
2874 1957 3193 2027 γίγνεσθαι·
3229 1958 3416 2024 ίδικῶς
3433 1960 3478 1991 ⁸¹
3528 1958 3622 2030 μέν
3656 1958 3746 2030 τὴν

2182 2043 2322 2114 ὑπὲρ
2346 2045 2441 2097 τοῦ
2480 2044 2640 2116 λόγου
2685 2050 2800 2112 τοῖς
2851 2049 3164 2114 σπουδαίοις
3218 2050 3599 2105 κακοπάθειαν
3637 2050 3745 2103 είσ-
3797 2046 3803 2053 ’
3841 2121 3845 2124 γ

2181 2136 2489 2209 ηγουμένην
2512 2154 2526 2168 °
2555 2138 2759 2211 μεθ’ἢν
2781 2140 2809 2192 ό
2836 2139 2937 2210 τῆς
2966 2140 3278 2210 γνωστικῆς
3304 2140 3540 2213 θεωρίας
3564 2139 3745 2211 ῶσπερ

2191 2226 2507 2299 Ἀρχιερεὺς
2549 2228 2844 2298 οὖρανόθεν
2878 2230 3162 2303 ἐπιδημῶν
3188 2231 3391 2294 αὐτοῖς
3428 2232 3621 2315 Λόγος,
3650 2230 3745 2301 τῆς

2180 2320 2381 2389 σαρκὸς
2408 2319 2591 2385 αὐτοῖς
2611 2320 2803 2392 ὥσπερ
2831 2323 2955 2376 τινὰ
2993 2323 3200 2394 κόσμον
3246 2321 3510 2394 αἰσθητὸν
3542 2321 3743 2376 συστέλ-

2178 2409 2260 2464 λει
2308 2410 2369 2464 τὸ
2418 2412 2697 2484 φρόνημα*
2728 2414 2857 2478 τοὺς
2907 2412 2987 2467 ἐτι
3048 2415 3185 2486 πρὸς
3215 2415 3318 2485 γῆν
3349 2412 3744 2477 κατανεύοντας

2175 2501 2472 2574 λογισμοὺς
2516 2503 2925 2575 ἀπωθούμενος,
2956 2504 3052 2559 καὶ
3083 2506 3221 2574 πρὸς
3261 2506 3361 2575 τὴν
3408 2505 3522 2560 τῶν
3553 2505 3746 2576 νοητῶν

2176 2591 2407 2661 ἐποψίαν
2440 2592 2694 2645 ἐντεῦθεν
2715 2593 2804 2646 διὰ
2829 2594 2933 2663 τῆς
2970 2593 3080 2647 τῶν
3126 2593 3307 2665 θυβῦν
3344 2592 3628 2659 κλείσεως,
3660 2593 3747 2646 καὶ

2175 2682 2277 2753 τῆς
2302 2682 2510 2749 εἰσόδου
2525 2683 2635 2737 τῶν
2656 2684 2832 2753 ἁγίων
2859 2685 3197 2756 μυστηρίων,
3220 2684 3422 2748 αὐτοὺς
3448 2682 3746 2754 ἀγαγὼνη,

2174 2776 2349 2846 λόγων
2376 2794 2436 2830 τε
2462 2776 2556 2832 καὶ
2589 2777 2959 2848 πραγμάτων,
2989 2775 3267 2847 μύσαντας
3297 2777 3400 2848 ἥδη
3437 2776 3537 2840 τὰς
3563 2773 3744 2846 αἰσθή-

2177 2884 2318 2931 σεις’
2364 2868 2459 2922 καὶ
2495 2868 2601 2937 ἔξω
2629 2869 2833 2939 σαρκὸς
2866 2869 2960 2921 καὶ
2981 2868 3187 2939 κόσμου
3216 2868 3622 2937 γεγενημένους
3645 2905 3661 2929 ,
3683 2864 3745 2919 τὰ

487 2939 653 3007 carne
682 2925 1003 2996 mundoque
1033 2929 1396 2996 excesserint,
1427 2945 1626 2987 arcana
1654 2932 1853 3000 docet;
1879 2935 2070 2991 osculo

2178 2925 2460 3033 ἀπόρρητα
2472 2925 2689 3016 διδάσκε
2728 2977 2743 2993 ο
2763 2925 3126 3031 συναχθέντας
3138 2925 3241 3032 ηδτᾷ
3255 2925 3342 3014 δίὰ
3354 2925 3454 3013 τόδ
3467 2925 3744 3030 ἀσπασμοῦ

483 3015 621 3086 jam,
658 3030 785 3072 cum
832 3016 984 3088 ipsos
1021 3034 1229 3083 secum
1257 3061 1272 3087 ,
1318 3030 1434 3077 tum
1481 3039 1607 3079 cum
1655 3039 1725 3080 eo
1786 3026 2068 3094 collectos,

488 3121 765 3178 unamque
796 3124 897 3179 pro
932 3110 1118 3166 multis
1145 3112 1201 3166 in
1223 3127 1321 3168 eos
1347 3114 1561 3171 collatis
1588 3115 1879 3172 beneﬁciis
1892 3118 2071 3173 vicem

487 3197 809 3267 offerentes,
834 3201 1140 3271 gratiarum
1157 3204 1394 3260 actionis
1416 3221 1519 3276 pro
1551 3206 1733 3263 salute
1759 3224 1880 3275 sua,
1899 3209 2073 3264 animi

486 3289 750 3357 candore,
773 3291 1218 3362 confessionem;
1248 3296 1405 3366 cujus
1446 3296 1698 3353 divinum
1752 3298 1880 3355 ﬁdei
1920 3299 2077 3372 Sym-

485 3382 677 3437 bolum
738 3384 1080 3441 subobscure
1128 3386 1382 3458 signum,
1435 3403 1502 3443 ac
1547 3389 1705 3459 quasi
1757 3391 2072 3462 aenigmate,

485 3474 722 3531 exsistit.
757 3475 897 3531 Tum
912 3478 1172 3549 angelicis
1218 3478 1455 3534 coetibus
1483 3494 1586 3549 per
1614 3481 2074 3553 Trisagium'can—

488 3566 658 3622 ticum
696 3578 1006 3635 consertus,
1034 3570 1343 3643 eademque
1375 3562 1549 3626 ac’illi
1596 3573 1831 3629 scientia
1872 3578 2075 3632 sancti-

491 3657 711 3714 ﬁcantis
736 3658 1032 3731 theologize
1074 3660 1332 3727 donatos,
1389 3661 1503 3717 Deo
1536 3676 1601 3717 ac
1621 3662 1773 3719 Patri
1807 3664 2072 3734 adducit;

489 3745 700 3816 Spiritu
730 3746 1087 3818 adoptionem
1126 3748 1358 3819 adeptos
1392 3754 1494 3820 per
1516 3751 1924 3820 precationem,
1962 3769 2075 3824 qua

489 3838 664 3894 Deum
700 3840 920 3896 Patrem
950 3854 1156 3896 vocare
1201 3840 1353 3912 digni
1395 3841 1580 3897 babiti-
1625 3851 1777 3898 sunt.
1828 3844 2075 3916 Indeque

487 3943 704 3995 rursus,
740 3937 1003 4000 tanquam
1028 3930 1141 4002 jam
1175 3932 1454 3999 omnibus,
1486 3950 1610 4004 quae
1643 3935 1702 3991 in
1721 3936 1891 3992 rebus
1921 3946 2071 4007 sunt,

469 4019 803 4099 ‘rationibus
825 4021 1074 4077 scientiae
1098 4038 1328 4079 munere
1369 4025 1666 4095 superatis,
1699 4026 1769 4082 ad
1828 4027 2074 4098 ignotam

491 4109 680 4183 ignota
738 4111 977 4179 ratione,
1026 4128 1127 4185 per
1165 4113 1345 4170 illud:
1411 4117 1552 4173 Unus
1575 4126 1815 4185 sanctus,
1865 4126 2076 4190 etquae

494 4211 829 4273 sequuntur,
856 4204 1131 4263 unitatem
1162 4207 1337 4276 ducit,
1380 4209 1570 4281 gratia:
1602 4211 1790 4267 unitos
1817 4227 2072 4279 munere,

2174 3053 2312 3122 πρὸς
2338 3050 2565 3116 ἑαυτούς
2587 3069 2647 3106 τε
2678 3052 2772 3106 καὶ
2800 3052 2985 3115 αὑτὸν,
3020 3053 3116 3106 καὶ
3145 3052 3311 3122 μόνην
3332 3051 3746 3118 ἀντεισάγοντας

2175 3145 2322 3215 αὑτῷ
2343 3145 2438 3216 τῆς
2466 3145 2597 3215 περὶ
2624 3145 2821 3208 αὐτοὺς
2846 3144 3051 3215 πολλῆς
3079 3144 3400 3215 εὐεργεσίας
3424 3184 3443 3210 ,
3478 3139 3745 3210 εὐγνωμό-

2174 3251 2301 3301 νως,
2326 3233 2424 3304 τὴν
2458 3233 2598 3304 ὑπὲρ
2625 3234 2725 3303 τῆς
2775 3232 2982 3288 ἑαυτῶν
3022 3232 3299 3302 σωτηρίας
3334 3233 3744 3303 εὐχαριστήριον

2173 3322 2466 3393 ὁμολογίαν
2484 3338 2498 3352 ο
2530 3323 2598 3392 ἣν
2624 3320 2684 3374 τὸ
2710 3320 2853 3375 θεῖον
2885 3320 2989 3390 τῆς
3016 3320 3253 3383 πίστεως
3278 3320 3583 3374 αἰνίττεται
3614 3317 3744 3388 σύμ-

2176 3413 2349 3467 ϐολον.
2379 3407 2515 3467 Εἶτα
2556 3415 2670 3476 τοῖς
2706 3413 2964 3480 ἀγγέλοις
3005 3410 3355 3483 ἐναριθμίους
3402 3413 3604 3474 αὐτοὺς
3651 3425 3744 3462 κα-

2176 3505 2451 3574 ταστήσας
2469 3503 2559 3557 διὰ
2596 3503 2689 3556 τοῦ
2718 3503 3036 3574 Τρισαγίου,
3070 3502 3165 3557 καὶ
3188 3502 3288 3574 τὴν
3315 3502 3491 3573 αὐτὴν
3521 3502 3743 3562 ἐκείνοις

2176 3595 2489 3665 ἐπιστήμην
2515 3594 2613 3664 τῆς
2643 3594 2970 3662 ἁγιαστικῆς
3008 3592 3286 3659 θεολογίας
3310 3591 3499 3655 αὐτοῖς
3523 3589 3744 3661 χαρισά-

2181 3704 2363 3758 μενος,
2385 3685 2464 3756 τῷ
2497 3685 2615 3755 Θεῷ
2645 3687 2741 3740 καὶ
2785 3686 2960 3755 Πατρὶ
2993 3685 3260 3755 προσάγει
3288 3723 3304 3747 ,
3336 3683 3745 3753 υίοθετηθέντας

2173 3774 2252 3846 τῷ
2289 3776 2567 3845 Πνεύματι
2587 3775 2675 3829 διὰ
2700 3777 2799 3846 τῆς
2826 3776 3154 3847 προσευχῆς,
3195 3774 3261 3828 δι’
3288 3768 3357 3847 ἦς
3392 3775 3622 3844 Πατέρα
3651 3790 3743 3825 κα-

2173 3866 2286 3920 λετν
2329 3866 2419 3921 τὸν
2447 3866 2580 3920 Θεὸν
2605 3864 2938 3936 ἠξιώθησαν.
2988 3864 3303 3919 Κάντεῦθεν
3344 3865 3512 3920 πάλιν
3563 3863 3745 3931 ὥσπερ

2175 3958 2560 4030 ἐπιστημόνως
2599 3958 2702 4030 ἤδη
2731 3957 2862 4020 τοὺς
2907 3959 2964 4011 ἐν
3005 3959 3119 4021 τοῖς
3150 3954 3269 4010 οὖσι
3313 3955 3530 4019 πάντας
3556 3954 3745 4022 λόγους

2176 4051 2546 4122 περάσαντας,
2583 4050 2721 4122 πρὸς
2749 4050 2849 4121 τὴν
2882 4049 3159 4118 ἄγνωστον
3195 4046 3494 4117 ἀγνώστως
3515 4045 3604 4101 διὰ
3632 4042 3744 4107 τοῦ,

2176 4140 2283 4210 Εἷς
2301 4144 2486 4214 ἅγιος.
2530 4143 2765 4197 καὶτῶν
2791 4143 2938 4213 ἑξῆς,
2991 4142 3114 4211 άγει
3172 4140 3406 4211 μονάδα,
3447 4142 3514 4211 τῇ
3566 4137 3746 4209 χάριτι

2178 4235 2482 4298 ἐνωθέντας
2496 4234 2564 4302 ⁸³,
2611 4233 2708 4287 καὶ
2735 4232 2881 4287 κατὰ
2914 4231 3141 4302 ’μέθεξιν
3171 4229 3307 4301 πρὸς
3335 4229 3508 4299 αὐτὴν
3553 4229 3746 4298 ὁμοιω-

494 4300 724 4371 εἱυείιυθ
753 4301 1091 4357 οοωῐηθτοίο
1111 4343 1126 4368 ν
1165 4302 1403 4359 ίηάίνίεθ
1451 4304 1656 4375 (quoad
1707 4304 2067 4378 ἥθτίοροῖθεί)
2100 4303 2147 4360 D
2176 4327 2371 4393 θέντας
2404 4329 2471 4399 τῇ
2498 4300 2643 4380 κατὰ
2671 4324 2904 4394 δύναμιν
2924 4300 3238 4393 *ἀδιαιρέτῳ
3262 4319 3577 4389 ταυτότητι.

495 4392 806 4461 identitate,
842 4394 894 4450 ei
939 4394 1149 4451 similes
1176 4394 1430 4451 elfectos.

1070 4486 1298 4567 οΑΡΰΤ
1338 4509 1478 4566 xxv.

2768 4503 3021 4557 ΚΕΦΑΑ.
3050 4497 3147 4555 ΙΔ⁹.

491 4618 784 4691 Cujmnam
809 4619 1046 4691 generali
1070 4618 1477 4691 signiﬁcatione,
1504 4621 1681 4676 divina
1702 4620 1875 4676 sancti
1897 4619 2076 4676 Evan-

911 4690 1040 4761 gelii
1075 4689 1225 4744 lectio
1245 4691 1313 4743 sit
1329 4689 1644 4760 symbolum.

2178 4622 2344 4685 Τίνος
2398 4619 2530 4673 ἐστὶ
2581 4618 2914 4688 σύμϐολον,
2966 4614 3063 4668 καὶ
3113 4613 3181 4667 τὸ
3233 4610 3486 4680 γενικῶς
3538 4624 3747 4679 σημαι-

2242 4691 2519 4758 νόμενον,
2580 4690 2619 4757 ii
2652 4688 2781 4745 θεία
2808 4686 2915 4741 τοῦ
2956 4685 3130 4755 ἁγίου
3169 4682 3553 4751 Εὑαγγελίου
3607 4677 3747 4734 ἀνάο

2241 4772 2481 4830 γνωσις.

487 4868 689 4940 Ejectio
718 4870 1230 4936 catechumenorum,
1262 4886 1324 4922 ac
1356 4868 1676 4942 reliquorum
1704 4869 2068 4940 profanorum.

2241 4868 2478 4931 Γενικῶς
2528 4868 2584 4921 δέ
2637 4868 2736 4938 τὴν
2777 4865 2871 4920 τοῦ
2920 4868 3127 4937 κόσμου
3187 4864 3378 4919 τούτου
3406 4862 3750 4918 ’συντέλειαν

490 4960 908 5018 -—-Generaliter
928 4970 1114 5017 autem
1144 4959 1336 5016 mundi
1352 4960 1516 5032 hujus
1535 4960 2067 5017 consummationem

2179 4962 2354 5033 ὑποση
2365 4961 2677 5031 μαίνουσαν.
2694 4960 2847 5013 Μετὰ
2876 4958 2984 5030 γὰρ
3008 4958 3106 5029 τὴν
3121 4955 3273 5011 θείαν
3287 4957 3383 5011 τοῦ
3400 4955 3752 5055 ἁγίουξῖυαγ-

491 5053 838 5111 subobscure
894 5051 1188 5126 signiﬁcat.
1216 5052 1351 5108 Post
1399 5052 1641 5108 divinam
1695 5053 1842 5107 enim
1895 5051 2073 5106 sancti

2178 5050 2356 5121 γελίου
2384 5050 2713 5117 ἀνάγνωσιν,
2742 5050 2769 5103 ὅ
2799 5066 2857 5103 τε
2898 5048 3189 5119 ἀρχιερεὺς
3243 5047 3455 5101 κάτεισι
3496 5043 3592 5154 τοῦ
3625 5041 3750 5143 θρό-

493 5146 779 5219 Evangclii
809 5146 1136 5213 lectionem,
1167 5155 1285 5201 tum
1311 5145 1561 5216 pontifex
1588 5144 1658 5201 de
1691 5143 1822 5200 sede
1838 5143 2071 5200 descen-

2178 5159 2263 5196 νου
2284 5160 2297 5173 ο
2349 5141 2443 5196 καὶ
2475 5143 2509 5212 ἡ
2541 5141 2649 5195 τῶν
2697 5139 3143 5213 κατηχουμένων,
3190 5138 3285 5193 καὶ
3312 5140 3345 5209 ἡ
3399 5137 3510 5191 τῶν
3544 5135 3749 5189 λοιπῶν

567 5283 947 5351 ‘Rom'u'e'
1483 5360 1494 5370 '
1764 5375 2002 5432 vanum
2042 5373 2446 5432 LECTIONES.

563 5494 611 5527 "
638 5493 731 5549 Fr.
751 5493 1027 5566 δυσίλυτα.
1061 5553 1085 5566 _,
1106 5492 1148 5524 “
1178 5491 1272 5566 Fr.
1301 5505 1478 5566 marg.
1506 5489 1580 5543 Τὸ
1606 5486 1816 5566 ὶδικ-ῷις·
1836 5490 1957 5566 μὲν,
1983 5479 2229 5566 πρδςτδ,
2254 5486 2501 5566 γενικῶς
2532 5488 2588 5543 δέ
2610 5505 2623 5517 ⁸
2655 5488 2723 5566 τὰ
2747 5487 2802 5540 δέ
2843 5486 2977 5541 ἄλλα
3004 5484 3093 5566 διὰ
3134 5483 3298 5566 μέσοις
3329 5479 3613 5566 λεχθέντα,

517 5564 636 5619 ιετὰ
675 5564 735 5617 τὺ
770 5553 1104 5631 Εὑαγγέλιόν
1145 5563 1249 5616 είσι
1297 5549 1669 5649 θεωρξίγματα..
1712 5549 1873 5643 Illud,
1927 5549 2188 5649 proprie;
2216 5549 2310 5649 ’,ῥά
2346 5549 2490 5649 illud:
2517 5549 3163 5649 relectugzl‘getienr‘adlite‘r';

495 5583 636 5637 μετα
675 5583 735 5617 το
772 5583 1104 5631 ιειυαγγεΛιον
1145 5583 1249 5616 εισι
1297 5583 1669 5642 σεωρῃματα..
1712 5583 1873 5643 ιμῑια,
1928 5583 2149 5630 ρῐζυμιΊε
2172 5601 2188 5623 ν
2241 5583 2310 5613 αα
2346 5583 2483 5642 ututi
2517 5583 2767 5629 Τειιςνιῑιϊ,
2798 5583 3117 5626 κυιιυινᾶιιιιῦι
3149 5596 3163 5621 ,
3200 5583 3405 5641 lfutluu
3464 5583 3749 5669 subolzoyu:

493 5632 940 5693 considerationes
997 5642 1118 5686 sunt
1167 5647 1347 5686 eorum
1404 5637 1605 5685 rituum
1651 5646 1743 5701 qut
1805 5640 2097 5701 sequuntur
2119 5630 2182 5685 ab
2222 5628 2533 5699 Evangelia.
2608 5628 2654 5659 ’δ’
2703 5626 2886 5682 Schol.
2921 5624 3045 5707 cod.
3078 5622 3166 5689 A.,
3201 5640 3276 5685 ως
3306 5634 3749 5719 κατηχουιξονουε

495 5703 675 5740 "ﬁn-{Im
741 5702 882 5740 uolut
919 5717 1097 5740 oni-um
1121 5703 1528 5740 vntprhnmonnu
1597 5699 1662 5740 nd
1717 5715 1951 5740 nnnrnm
1989 5700 2200 5740 cnilinpt
2231 5701 2555 5740 niptolinnnni
2594 5699 2739 5740 Im‘ln
2775 5695 3072 5740 Evangelia
3099 5693 3216 5740 haec
3238 5696 3511 5740 snectant.
3662 5685 3742 5740 Fr.

494 5703 675 5758 αὐτῶν
699 5744 712 5767 ,
741 5702 882 5756 velut
919 5717 1099 5755 eorum
1121 5703 1528 5756 ~catechumenos
1549 5741 1563 5769 ,
1597 5693 1675 5754 ad'
1717 5693 1951 5769 quorum
1988 5700 2202 5757 scilicet
2231 5693 2556 5770 ejectionem
2594 5699 2739 5753 lecto
2774 5695 3072 5765 Evangelio
3099 5693 3216 5747 huic
3238 5696 3511 5762 spectant.
3588 5693 3633 5719 "
3662 5693 3742 5740 Fr.

498 5772 803 5835 θεωθέντας
