4094 6424
476 335 586 401 693

1851 325 2351 389 MYSTAGOGIA.

3639 329 3746 393 694

476 446 586 522 τῶν
615 439 854 506 ἀναξίων
881 437 982 509 τῆς
1029 405 1180 500 θείας
1217 434 1324 489 τῶν
1377 436 1814 509 δειχθήσομένων
1848 455 2055 511 μυστη-

2173 438 2262 503 lit,
2291 446 2408 493 tum
2432 436 2984 521 catechumenorum,
3040 456 3105 494 ac
3140 439 3506 509 reliquorum,
3532 441 3627 510 qui
3661 441 3749 496 in-

480 536 613 606 ρίων
643 529 902 603 θεωρίας,
929 526 1193 592 ἀπόλυσίς
1221 543 1282 581 τε
1301 526 1398 582 καὶ
1418 525 1619 598 ἐκϐολὴ
1669 527 1759 583 διὰ
1808 527 1917 581 τῶν
1946 528 2059 581 λει-

478 624 726 698 τουργῶν
748 622 1025 691 γίγνεται’
1078 619 1423 691 σημαίνουσα
1451 620 1546 674 καὶ
1600 618 1960 690 προτυποῦσα
1988 618 2057 672 δι’

484 717 681 787 ἑαυτῆς
725 713 825 782 τὴν
855 711 1135 783 ἀλήθειαν,
1153 705 1223 782 ἦς
1246 709 1408 765 εἰκὼν
1455 710 1691 781 ὑπάρχει
1740 711 1836 765 καὶ
1867 710 2059 776 τύπος,

487 809 584 865 καὶ
613 801 724 863 οἷον
748 807 805 859 ὲν
831 802 1047 865 τούτοις
1078 801 1279 871 βοῶσα,
1313 803 1397 856 ὅτι
1454 804 1594 872 μετὰ
1623 801 1685 855 τδ
1714 800 2061 873 κηρυχθῆναι

488 901 553 955 τὸ
584 895 940 966 Εὐαγγέλιον,
968 891 1155 956 καθὼς
1183 891 1525 964 γέγραπται,
1560 892 1664 963 τῆς
1692 892 1974 964 βασιλείας
2003 894 2063 946 έν

490 991 587 1063 ὅλῃ
618 991 683 1059 τῇ
727 984 1045 1056 οἰκουμένῃ,
1076 985 1158 1049 είς
1193 981 1493 1054 μαρτύριον
1530 984 1667 1037 πᾶσι.
1701 985 1815 1046 τοῖς
1861 981 2062 1045 ἔθνεσι,

487 1081 608 1136 τότε
628 1078 748 1150 ἥξει
769 1075 835 1132 τὸ
871 1075 1025 1139 τέλος
1057 1092 1072 1108 ⁸
1115 1075 1557 1146 παραγινομένου
1585 1073 1728 1128 κατὰ
1750 1073 1849 1145 τὴν
1884 1074 2066 1128 δευτέ-

488 1190 590 1244 ραν
655 1169 823 1223 αὐτοῦ
871 1165 1214 1237 παρουσίαν,
1269 1167 1329 1231 ἐξ
1382 1164 1627 1238 οὐρανῶν
1669 1165 1888 1236 δηλαδὴ,
1927 1165 2068 1234 μετὰ

484 1263 642 1333 δὸξης
672 1260 877 1330 πολλῆς
920 1257 1017 1312 τοῦ
1048 1257 1287 1328 μεγάλου
1332 1257 1470 1311 Θεοῦ
1504 1257 1600 1311 καὶ
1629 1257 1885 1327 Σωτῆρος
1912 1256 2070 1326 ήμῶν

498 1353 675 1426 Ἰησοῦ
721 1350 961 1423 Χριστοῦ
993 1368 1009 1384 ο
1049 1348 1245 1416 Αὐτὸς
1297 1348 1406 1419 γὰρ
1446 1350 1479 1403 ὁ
1523 1349 1742 1416 Κύριος
1789 1349 1860 1402 ἐν
1897 1345 2070 1417 φωνῇ

482 1444 866 1517 ἀρχαγγέλου
896 1441 996 1498 καὶ
1042 1441 1113 1495 ἐν
1162 1440 1453 1510 σάλπιγγι
1489 1441 1638 1495 Θεοῦ
1667 1440 2071 1506 καταϐήσεται

487 1537 593 1594 ἀπ’
620 1533 910 1605 οὐρανοῦ,
940 1532 1105 1602 φησὶν
1129 1533 1157 1585 ὀ
1185 1532 1327 1594 θεῖος
1366 1530 1690 1591 Ἀπόστολος
1706 1546 1718 1559 ·
1739 1532 1834 1585 καὶ
1851 1530 2069 1586 ποιοῦν-

486 1645 580 1692 τος
614 1624 894 1695 ἐκδίκησιν
928 1624 988 1678 ὲν
1030 1624 1144 1685 τοῖς
1178 1622 1542 1688 ὑπεναντίοις,
1580 1621 1673 1674 καὶ
1702 1620 2064 1693 ἀφορίζοντος

485 1717 584 1774 διὰ
614 1717 725 1772 τῶν
753 1716 928 1785 ἁγίων
957 1713 1211 1784 ἀγγέλων
1256 1714 1385 1777 τοὺς
1416 1713 1639 1775 πιστοὺς
1673 1711 1781 1766 ἀπὸ
1809 1712 1919 1766 τῶν
1946 1714 2074 1768 ἀπί-

2160 530 2314 602 digni
2346 530 2461 592 sint
2490 518 2550 585 ut
2581 529 2777 585 divino
2805 531 3195 602 mysteriorum
3230 531 3286 585 in
3326 540 3581 603 apertum
3611 548 3747 602 pro-

2160 623 2542 679 ducendorum
2571 630 2795 693 aspectu
2828 621 3106 686 fruantur,
3151 623 3404 679 dimissio
3449 623 3510 678 lit
3541 639 3605 680 ac
3636 627 3752 695 eje-

2160 715 2274 771 ctio
2301 728 2401 785 per
2433 714 2746 781 ministros;
2766 729 2890 784 quae
2922 729 3032 778 res,
3065 722 3261 784 suopte
3284 713 3402 783 ipsa
3426 714 3750 785 genio,ejus

2162 806 2415 878 deéignat
2468 808 2874 878 praesignatque
2921 806 3213 860 veritatem
3255 806 3416 875 cujus
3468 805 3651 877 imago
3686 821 3751 861 ac

2165 898 2338 970 ﬁgura
2370 900 2623 965 exsistit;
2650 899 2853 969 vixque
2886 913 2998 953 non
3026 897 3249 962 clamat,
3284 896 3373 950 his
3396 911 3519 966 quae
3545 911 3751 967 gerun-

2164 998 2256 1051 tur
2284 1007 2298 1043 :
2328 990 2444 1044 fore
2477 990 2764 1056 nimirum,
2790 999 2854 1045 ut
2884 997 3175 1059 postquam
3196 986 3560 1059 [medicatum
3581 987 3751 1042 fuerit

2165 1079 2527 1153 Evangélium
2553 1082 2709 1153 regni
2733 1082 2790 1137 in
2814 1081 3077 1137 universo
3095 1080 3256 1144 orbe,
3288 1080 3344 1133 in
3368 1078 3751 1138 testimonium
3810 1120 3814 1125 »

2166 1175 2384 1230 cunctis
2415 1174 2694 1245 gentibus,
2736 1174 2881 1229 sicut
2914 1173 3186 1244 scriptum
3241 1180 3349 1237 est,
3378 1177 3512 1225 tunc
3566 1170 3756 1224 veniat

2169 1266 2293 1322 ﬁnis
2312 1276 2377 1334 I;
2409 1265 2739 1322 adveniente
2760 1266 2973 1321 scilicet
3011 1264 3069 1319 in
3085 1263 3335 1320 secundo
3359 1263 3604 1318 adventu
3627 1277 3751 1329 suo,

2168 1374 2200 1413 e
2239 1358 2397 1414 cmlis
2420 1373 2549 1413 cum
2572 1358 2827 1414 claritate
2854 1373 3076 1428 magna,
3114 1370 3315 1428 magno
3345 1356 3462 1411 Deo
3484 1370 3549 1411 ac
3570 1354 3757 1410 Salva-

2172 1455 2292 1502 tore
2324 1454 2521 1505 nostro
2542 1448 2673 1504 Iesu
2697 1447 2922 1503 Christo
2947 1458 3007 1502 τι
3036 1447 3157 1518 Ipse
3178 1447 3319 1501 enim
3363 1444 3641 1510 Dominus,
3671 1446 3757 1499 in—

2170 1540 2291 1610 quit
2336 1539 2558 1595 divinus
2596 1539 2917 1610 Apostolus,
2960 1540 3017 1594 in
3063 1554 3186 1593 voce
3233 1537 3565 1610 archangeli,
3610 1546 3660 1591 et
3701 1539 3757 1591 in

2173 1626 2417 1685 tuba‘Dci
2440 1631 2711 1686 descendet
2726 1632 2789 1686 de
2814 1630 2941 1686 coelo
2963 1644 3022 1699 Il;
3048 1631 3216 1702 inque
3243 1629 3576 1686 adversariis
3594 1629 3756 1701 512

2172 1720 2418 1777 faciente
2460 1723 2787 1789 vindictam,
2841 1738 2909 1778 ac
2951 1739 3052 1793 per
3098 1731 3334 1779 sanctos
3370 1723 3597 1793 angelos
3626 1737 3759 1778 suos

492 1828 659 1875 στων,
714 1810 811 1863 καὶ
850 1807 959 1861 ἀπὺ
998 1804 1108 1860 τῶν
1147 1804 1371 1859 δικαίων
1404 1805 1530 1867 τοὺς
1560 1803 1935 1877 ἀδίκουςηκαὶ
1958 1805 2068 1858 τῶν

2174 1821 2498 1883 segregante
2522 1813 2715 1869 ﬁdeles
2735 1815 2804 1869 ab
2824 1814 3166 1881 inﬁdelibus,
3199 1822 3255 1870 et
3274 1831 3304 1869 a
3326 1815 3492 1887 justis
3510 1814 3754 1885 iniquos,

493 1902 666 1971 ἁγίων
694 1900 821 1964 τοὺς
856 1900 1075 1966 ἐναγεῖς
1097 1914 1110 1928 ο
1144 1898 1238 1951 καὶ
1274 1897 1483 1963 ἁπλῶς,
1517 1896 1604 1951 ἵνα
1640 1896 1876 1950 συνελὼν
1902 1898 2066 1961 εἴπω,

402 1996 407 1999 λ
493 1993 603 2048 τῶν
634 1990 916 2060 Πνεύματι
943 1986 1084 2042 Θεοῦ
1113 1987 1545 2058 στοιχησάντων,
1568 1986 1697 2049 τοὺς
1722 1985 1901 2039 ὀπίσω
1934 2003 2070 2056 σαρ-

400 2112 407 2119 -
500 2080 597 2143 κὸς
648 2076 1017 2151 πορευθέντας
1044 2090 1058 2104 ·
1117 2076 1211 2129 καὶ
1245 2074 1333 2128 ἐπ’
1382 2073 1547 2127 αίῶσι
1592 2072 1845 2143 ἀπείροις
1884 2091 1943 2127 τε
1978 2072 2075 2128 καὶ

494 2169 896 2240 ἁτελευτήτοις,
925 2166 1001 2231 ὡς
1032 2167 1066 2236 ἡ
1096 2164 1204 2218 τῶν
1246 2164 1406 2219 θείων
1430 2162 1629 2230 λογίων
1658 2163 1890 2234 ἀλήθειά
1918 2180 2072 2233 φησι,

495 2264 619 2319 κατ’
648 2260 805 2327 ἀξίαν
833 2259 943 2313 τῶν
977 2256 1327 2328 βεϐιωμένων
1390 2254 1607 2325 ἑκάστῳ
1644 2254 1859 2310 δικαίαν
1885 2256 2076 2310 ἁποδιυ

491 2354 677 2417 δόντος
697 2351 797 2422 τὴν
828 2348 1100 2421 ἀμοιϐήν,-

1082 2460 1337 2517 ΚΕΦΔΛ.
1377 2455 1458 2512 ΙΕ⁴
1478 2483 1494 2499 ι

499 2580 674 2644 Τίνος
717 2576 1032 2645 σύμϐολόν
1062 2574 1197 2645 ἐστι
1242 2572 1280 2641 ἡ
1316 2571 1549 2645 cateiae;-
1583 2567 1936 2645 td'w_0_vp&'nf
1962 2568 2079 2645 ﬁtﬁt:

568 2638 741 2719 ἁγίας
777 2638 1136 2785 ﬁduciae,
1168 2644 1207 2711 ἠ
1234 2638 1386 2713 μετὰ
1399 2643 1464 2696 τὸ
1490 2640 1663 2710 ἄτιον
1704 2638 2077 2710 Εὑαγγέλιον

568 2734 774 2789 τιγγομ
895 2756 908 2769 .

577 2832 644 2886 Ἡ
680 2830 740 2886 δὲ
764 2829 902 2902 μετὰ
932 2827 1030 2899 τὴν
1061 2825 1213 2898 ἱερὰν
1242 2824 1549 2892 ἀνάγνωσιν
1579 2821 1672 2876 τοῦ
1704 2821 1863 2892 ἁγίου
1898 2820 2080 2890 Εὐαγ-
2125 2813 2130 2819 ’

2175 1912 2349 1972 atque
2371 1918 2402 1958 a
2435 1905 2643 1960 sanctis
2662 1906 2962 1961 sceleratos
3001 1915 3058 1961 et
3101 1905 3185 1977 (ut
3219 1907 3389 1962 semel
3416 1904 3655 1977 dicam):
3687 1905 3757 1962 ab

2178 1992 2249 2048 iis
2291 1994 2388 2064 qui
2445 1992 2659 2065 Spiritu
2702 1996 2801 2051 Dei
2852 1996 3307 2062 ambulaverunt,
3360 2012 3457 2052 eos
3500 1997 3595 2067 qui
3634 2002 3759 2066 post

2179 2096 2403 2136 carnem
2435 2083 2736 2150 abierunt;
2767 2100 2976 2155 perque
3024 2087 3222 2141 saecula
3255 2085 3492 2151 inﬁnita,
3525 2080 3595 2141 ac'
3616 2101 3761 2140 nun-

2180 2187 2346 2242 quam
2402 2171 2667 2238 ﬁnienda,
2699 2184 2762 2229 ut
2807 2190 2937 2230 vere
2972 2175 3161 2231 divino
3208 2175 3492 2247 proditum
3534 2176 3782 2237 oraculo,

2180 2270 2285 2327 est,
2314 2261 2518 2332 justam
2547 2263 2780 2335 singulis
2802 2260 2903 2334 pro
2915 2266 3184 2339 cujusque
3201 2265 3527 2322 meritorum
3548 2266 3761 2321 ratione

2179 2348 2604 2409 retributionem
2624 2354 2912 2411 reddente.

2770 2457 2999 2525 CAPUT
3034 2469 3146 2525 XV.

2175 2578 2474 2653 Cujusnam
2499 2580 2913 2653 symbolumsit,
2943 2582 3082 2653 quod
3120 2590 3323 2653 sancta
3351 2582 3582 2637 ecclesia:
3621 2585 3760 2652 {ores

2272 2649 2620 2715 claudunt—ur,
2646 2659 2761 2722 post
2796 2649 2989 2706 lectum
3008 2661 3251 2707 sanctum
3279 2649 3655 2724 Evangelitmi.

2252 2827 2409 2896 Quod
2431 2837 2617 2884 autem
2648 2838 2773 2899 post
2824 2830 3029 2884 lectum
3052 2835 3057 2839 '
3081 2837 3335 2886 sanctum
3378 2827 3764 2899 Evangelium,

495 2922 710 2994 γελίου,
758 2922 854 2974 καὶ
889 2918 991 2989 τήν
1043 2916 1276 2989 ἐκϐολὴν
1328 2914 1437 2972 τῶν
1466 2914 1892 2986 κατηχουμένων
1936 2930 2074 2982 γινο-

2185 2922 2499 2994 cjectosque
2549 2920 2979 2976 catechumenos
3003 2962 3018 2988 ,
3069 2927 3273 2977 sancta:
3322 2919 3572 2976 ecclesiae
3619 2919 3764 2974 fores

498 3014 641 3086 μένη
671 3012 876 3075 κλείσις
906 3011 1015 3065 τῶν
1071 3006 1252 3079 θυρῶν
1292 3006 1393 3077 τῆς
1442 3005 1605 3075 ἁγίας
1654 3004 1749 3059 τοῦ
1795 3003 1933 3058 Θεοῦ
1990 3006 2084 3057 έκ-

493 3104 750 3177 κλησίας,
782 3104 884 3174 τήν
923 3118 984 3155 τε
1003 3100 1112 3155 τῶν
1134 3097 1331 3154 ὐλικῶν
1351 3099 1507 3169 δηλοῖ
1530 3097 1764 3169 πάροδον
1788 3137 1804 3161 ,
1837 3097 1934 3149 καὶ
1980 3095 2079 3167 τὴν

495 3193 874 3266 γενησομένην
942 3193 1079 3264 μετὰ
1123 3191 1216 3245 τὸν
1264 3188 1495 3262 φοϐερὸν
1540 3191 1747 3243 ἐκεῖνον
1779 3187 2082 3260 ἀφορισμδν

498 3288 598 3343 καὶ
624 3287 723 3359 τὴν
758 3285 1142 3358 φοϐερωτέραν
1178 3282 1379 3353 ψῆφον,
1409 3282 1488 3344 είς
1519 3280 1609 3335 τὸν
1631 3279 1819 3351 νοητὸν
1857 3278 2083 3350 κόσμον,

501 3378 625 3449 ἦτοι
661 3376 757 3431 τὸν
782 3375 1050 3445 νυμφῶνα
1074 3373 1169 3427 τοῦ
1208 3372 1477 3444 Χριστοῦ,
1509 3371 1616 3424 τῶν
1638 3369 1807 3437 ἀξίων
1837 3370 2040 3425 εἴσοδον
2065 3387 2080 3403 ο

503 3469 602 3523 καὶ
629 3468 728 3539 τήν
787 3469 848 3522 ὲν
887 3470 1009 3530 ταῖς
1040 3464 1327 3536 αἰσθήσεσι
1380 3465 1481 3536 τῆς
1529 3464 1670 3517 κατὰ
1721 3464 1823 3535 τήν
1869 3464 2085 3535 ἀπάτην

501 3560 783 3633 ἐνεργείας
814 3558 1026 3612 τελείαν
1059 3555 1358 3628 ἀποϐολήν.

1066 3671 1323 3729 ΚΕΦΑΛ.
1394 3668 1521 3738 ις’.

554 3792 613 3861 Tt
646 3789 929 3859 σημαίνει
960 3788 1000 3857 ἠ
1028 3785 1147 3842 τῶν
1177 3784 1360 3857 ἁγίων
1392 3782 1746 3854 μυστηρίων
1786 3783 2047 3850 εἴσοδος.

591 3902 655 3956 Ἦ
692 3901 749 3955 δὲ
770 3901 880 3983 τῶν
917 3899 1090 3968 ἁγίων
1114 3898 1210 3952 καὶ
1241 3897 1454 3951 σεπτῶν
1512 3895 1830 3968 μυστηρίων
1861 3894 2082 3961 εἴσοδος,
2115 3884 2118 3887 ’

505 3995 650 4067 ἁρχὴ
701 3994 799 4048 καὶ
846 3991 1134 4064 προοίμιόν
1186 3991 1334 4044 ἐστιν
1381 3988 1499 4061 (ὡς
1566 3991 1595 4044 ὁ
1659 3989 1833 4061 μέγας
1877 3989 2087 4052 ἐκεῖνος

2188 3014 2560 3079 claudundur,
2593 3005 2891 3085 signiﬁcat,
2925 3022 3039 3067 tum
3087 3011 3419 3067 transituras
3459 3027 3547 3066 res
3589 3019 3765 3065 terre-

2184 3121 2304 3168 nas,
2332 3115 2449 3160 tum
2479 3105 2619 3172 fore,
2655 3114 2718 3160 ut
2743 3111 2871 3175 post
2903 3103 3207 3160 terribilem
3243 3103 3393 3158 illam
3427 3102 3766 3174 segregatio-

2180 3207 2332 3259 nem,
2367 3209 2433 3248 ac
2464 3193 2858 3249 terribiliorem
2889 3193 3244 3257 sententiam,
3272 3201 3335 3246 ut
3359 3188 3767 3262 intelligibilem

2183 3285 2445 3356 deinceps
2465 3285 2756 3352 mundum,
2787 3285 2842 3340 id
2869 3292 2974 3352 est,
2999 3283 3207 3341 Christi
3235 3283 3558 3349 thalamum,
3578 3282 3767 3354 ingre-

2185 3375 2432 3444 diantur,
2455 3378 2554 3449 qui
2602 3378 2756 3450 digni
2787 3385 2994 3444 erunt;
3046 3384 3191 3433 etut
3222 3375 3476 3447 operatio
3534 3375 3764 3439 erroris,

2186 3484 2308 3541 quae
2336 3469 2393 3525 in
2428 3469 2686 3526 sensibus
2722 3469 2946 3534 accidit,
2972 3467 3220 3540 perfecte
3235 3467 3552 3539 abjiciatur.

2666 3636 2675 3645 ’
2770 3667 2996 3726 CAPUT
3028 3668 3170 3725 XVI.

2222 3785 2360 3851 Quid
2392 3792 2703 3840 sanctorum
2738 3785 3111 3857 mysteriorum
3151 3784 3401 3836 introitus
3447 3782 3729 3852 signiﬁcet.

2255 3896 2583 3953 Sanctorum
2612 3905 2799 3952 autem
2827 3912 2892 3952 ac
2927 3895 3334 3951 venerabilium
3378 3895 3767 3967 mysteriorum

2185 3987 2469 4067 introitus,
2497 3986 2718 4042 initium
2758 3996 2845 4042 est
2872 3985 3237 4043 acexordium
3263 3985 3367 4056 (uti
3415 3999 3648 4055 magnus
3677 3984 3769 4038 illc

511 4080 720 4156 ἔφασκε
749 4084 957 4156 γέρων)
993 4084 1093 4155 τῆς
1124 4081 1496 4155 γενησομένης
1529 4083 1585 4135 ὲν
1616 4082 1865 4152 οὐρανοῖς
1884 4080 2074 4151 ’καινῆς

2186 4095 2355 4137 senex
2382 4077 2625 4152 dicebat)
2641 4078 2848 4137 fatum
2878 4078 2935 4133 in
2957 4078 3113 4133 ctelis
3155 4092 3312 4132 novae
3361 4075 3633 4132 doctrinae
3667 4074 3769 4129 Dei

501 4177 853 4240 διδασκαλίας
909 4176 1039 4247 περὶ
1088 4178 1188 4247 τῆς
1219 4173 1534 4245 οίκονομίας
1561 4173 1655 4227 τοῦ
1684 4172 1819 4227 Θεοῦ
1872 4173 1971 4245 τῆς
2013 4173 2074 4236 είς

2188 4174 2245 4227 in
2273 4188 2398 4237 nos,
2424 4171 2752 4244 impensiori
2797 4170 3055 4236 consilio,
3101 4170 3498 4240 providentiae,
3535 4179 3768 4225 nostra:-

503 4271 693 4340 ἡμᾶς,
739 4268 835 4323 καὶ
880 4266 1221 4336 ἀποκάλυψις
1257 4264 1353 4320 τοῦ
1410 4267 1466 4319 ἐν
1513 4266 1727 4330 ἀδύτοις
1778 4268 1878 4336 τῆς
1943 4265 2074 4325 θείας

2187 4278 2317 4334 que,
2348 4262 2404 4317 in
2438 4262 2614 4318 divini
2637 4261 2844 4318 secreti
2866 4261 3046 4332 adytis
3077 4259 3304 4326 occulti,
3329 4260 3529 4315 salutis
3562 4268 3771 4332 myste-

506 4358 870 4432 κρυφιότητος
920 4359 1074 4423 ὄντος
1112 4358 1416 4428 μυστηρίου
1447 4357 1547 4427 τῆς
1592 4357 1748 4429 ήμῶν
1788 4356 2074 4427 σωτηρίας⁴

2191 4354 2261 4408 rii
2301 4353 2696 4409 manifestatio.
2753 4351 2847 4407 Ait
2888 4365 3128 4421 namque
3167 4351 3311 4405 Deus
3330 4365 3395 4405 ac
3420 4349 3668 4406 Verbum
3701 4350 3769 4403 ad

510 4455 594 4508 Οὐ
641 4452 750 4523 γὰρ
805 4452 891 4523 μὴ
930 4451 1208 4522 πίω,φησὶ
1263 4450 1402 4522 πρὸς
1457 4450 1585 4522 τοὺς
1617 4448 1811 4504 ἑαυτοῦ
1844 4448 2074 4521 μαθητὰς

2189 4445 2495 4523 discipulos
2512 4460 2689 4500 suos:
2729 4444 2848 4498 Non
2903 4443 3079 4497 bibam
3122 4442 3315 4497 amodo
3371 4441 3436 4495 de
3485 4443 3580 4496 hoc
3626 4443 3773 4512 geni-

506 4545 538 4597 ὁ
560 4544 693 4609 Θεδς
735 4545 829 4598 καὶ
880 4544 1075 4613 Λόγος,
1115 4544 1216 4598 ἀπ’
1258 4542 1391 4611 ἄρτι
1434 4542 1504 4596 ἐκ
1554 4542 1664 4597 τοῦ
1719 4543 2074 4612 γεννήματος

2188 4534 2332 4590 mine
2362 4536 2504 4602 vitis,
2523 4551 2692 4606 usque
2712 4537 2771 4589 in
2794 4534 2937 4588 diem
2962 4533 3139 4599 illum,
3158 4550 3279 4587 cum
3309 4531 3447 4587 illud
3476 4532 3650 4586 bibam
3682 4547 3773 4586 υο-

474 4694 477 4695 ν
504 4633 620 4703 τῆς
636 4635 931 4705 ἀμπέλου,
962 4635 1070 4701 ἕως
1090 4633 1202 4703 τῆς
1227 4632 1450 4703 ἡμέρας
1468 4633 1702 4700 ἐκείνης
1727 4674 1741 4698 ,
1774 4631 1921 4701 ὅταν
1944 4630 2074 4685 αὐτὶ

2189 4629 2384 4683 biscum
2410 4644 2602 4683 novum
2621 4629 2677 4681 in
2706 4642 2869 4698 regno
2896 4626 3077 4680 Patris
3101 4627 3204 4680 mei
3219 4626 3269 4679 δ.

506 4724 662 4778 πίνω
680 4724 807 4795 μεθ’
827 4723 993 4795 ὑμῶν
1004 4724 1218 4778 καινὸν
1243 4723 1314 4777 ἐν
1328 4720 1403 4792 τῇ
1424 4723 1714 4789 βασιλείᾳ
1736 4722 1843 4776 τοῦ
1861 4720 2092 4790 Πατρός

505 4815 656 4885 ἐμοῦ
677 4815 743 4872 ⁸⁵.
1506 4814 1514 4821 ’

1082 4934 1333 4989 ΚΕΦΑΔ.
1404 4937 1505 4990 IZ'.

620 5046 788 5113 Τίνος
821 5047 951 5102 ἐστὶ
996 5049 1308 5120 σύμϐολον
1345 5051 1378 5104 ὀ
1420 5048 1581 5115 θεῖος
1629 5048 1978 5119 ἀσπασμός.

2768 4929 2994 4997 CAPUT
3022 4914 3188 4985 XVII.

2191 5049 2488 5122 Cujusnam
2522 5050 2734 5121 signum
2771 5048 2839 5102 sit
2878 5048 3115 5103 divinum
3138 5044 3376 5103 osculum
3394 5060 3461 5099 ac
3483 5037 3766 5097 salutatio.

593 5156 652 5210 '0
666 5156 725 5211 δὲ
759 5158 895 5212 πᾶσι
932 5158 1423 5231 προσφωνοῦμενος
1443 5160 1811 5230 πνευματικὸς
1840 5161 1886 5192 ⁸³
1906 5161 2074 5214 ἀσπα-

2263 5160 2395 5227 Quae
2425 5169 2612 5216 autem
2638 5160 2897 5217 omnibus
2920 5160 3258 5215 acclamatur
3299 5154 3570 5228 spiritalis
3592 5151 3766 5208 osculi

512 5248 668 5319 σμὸς,
682 5249 783 5320 τὴν
799 5251 1066 5323 ἐσομένην
1078 5250 1299 5308 πάντων
1319 5252 1458 5324 πρὸς
1466 5252 1732 5325 ἀλλήλους
1742 5254 1802 5306 έν
1819 5252 1897 5325 τῷ
1909 5254 2074 5323 mpii

2194 5251 2477 5318 salutatio,
2502 5251 2745 5308 futuram
2777 5251 3094 5323 prmﬁgurat
3116 5265 3180 5306 ac
3206 5244 3767 5320 prarsignatpmnium

584 5401 1080 5471 IMatth.an,M.
1160 5405 1511 5474 'Tit.n,15.
1590 5404 2085 5472 IIThess.tv,15.
2163 5365 2404 5462 bMatth.
2445 5407 2702 5470 xxvr,29.

1803 5560 2038 5618 VABIE
2070 5561 2473 5619 LECTIONES.

589 5707 639 5743 ""
673 5709 781 5765 τῶν
812 5710 1056 5801 οὐρανῶν
1078 5728 1127 5768 c.
1157 5711 1223 5770 Α.
1300 5713 1344 5747 ⁵⁸
1377 5716 1516 5779 θεῖος
1543 5717 1835 5790 ἀσπασμὸς
1864 5717 1958 5771 καὶ
1986 5716 2352 5787 πνευματικός
2377 5734 2422 5771 c.
2447 5719 2507 5771 Α.
