4094 6402
418 283 527 358 £95

1589 313 1649 372 S.
1692 314 1977 376 MAXIMI
2017 318 2526 380 CONFESSOBIS

3576 323 3697 390 696

590 411 672 464 se,
713 415 826 470 quo
865 411 1113 478 tempore
1130 424 1330 466 arcana
1359 412 1452 468 illa
1479 415 1624 470 bona
1649 417 1980 490 detegentur

2107 423 2208 494 τῆς
2243 425 2352 480 τῶν
2385 425 2687 496 μελλόντων
2721 427 2979 498 ἀρρήτων
3009 427 3230 496 ἀγαθῶν
3253 429 3692 504 ἀποκαλύψεως,

418 488 581 561 513
597 507 698 562 per
729 492 894 550 ﬁdem
947 513 1013 554 ac
1049 499 1428 572 dilectionem,
1477 488 1858 578 concordiam,
1891 513 2004 568 ani-

418 596 750 654 morumque
780 591 1228 660 consensionem,
1265 610 1332 650 ae
1369 612 1513 664 eam,
1543 615 1667 669 qua:
1696 601 1754 655 in
1779 603 2002 659 ratione

416 673 700 745 verboque
735 686 841 742 est,
869 679 1248 751 identitatem;
1267 700 1336 740 ex
1368 702 1477 757 qua
1501 688 1652 760 digni
1672 705 1798 746 cum
1819 692 2002 748 Verbo

414 779 480 820 ac
508 766 624 822 Deo
653 770 1054 828 nanciseuntur
1067 777 1542 836 necessitudinem
1567 797 1631 838 ac
1651 784 2001 854 conjunctio-

414 871 563 912 nem.
589 858 664 915 Os
697 863 848 917 enim
873 867 1031 922 verbi
1063 869 1376 940 symbolum
1406 882 1493 928 est
1520 889 1586 930 ac
1608 877 1862 943 rationis,
1885 893 1998 948 quo

415 949 652 1007 maxime
682 969 881 1012 omnes
915 961 1178 1018 omnibus
1220 965 1505 1021 sociantur
1527 969 1649 1038 ejus
1668 967 1994 1039 participes,

412 1047 678 1110 tanquam
709 1061 774 1102 ea
808 1048 861 1103 vi
889 1051 1128 1120 praediti,
1165 1055 1458 1128 primoque
1493 1074 1556 1114 ac
1589 1060 1690 1114 soli
1715 1061 1899 1116 Verbo
1933 1075 1999 1116 ac

412 1132 635 1202 rationi,
673 1141 966 1212 omnisque
997 1145 1154 1201 verbi
1192 1162 1258 1202 ac
1286 1149 1522 1205 rationis
1546 1151 1782 1206 auctori.

981 1277 1210 1338 CAPUT
1249 1282 1439 1341 XVIII.

595 1410 736 1477 Quid
761 1417 1020 1486 signiﬁcet
1046 1420 1280 1476 divinum
1326 1423 1455 1493 ﬁdei
1487 1423 1816 1496 Symbolum.

478 1526 652 1592 Quam
689 1539 872 1586 autem
905 1547 1098 1590 omnes
1129 1535 1303 1592 divini
1340 1537 1464 1593 ﬁdei
1503 1538 1748 1610 Symboli
1779 1539 1997 1596 confes-

2107 515 2248 570 κατὰ
2283 516 2468 570 πίστιν
2497 532 2558 568 τε
2603 515 2702 570 καὶ
2735 516 2976 587 ἀγάπην,
3028 517 3281 587 ὁμόνοιάν
3308 535 3370 572 τε
3419 519 3514 574 καὶ
3559 523 3707 592 ὁμο-

2105 608 2485 680 γνωμοσύνην,
2513 609 2606 663 καὶ
2624 609 2929 680 ταυτότητα
2949 608 3176 681 λογικήν
3194 629 3208 642 ο
3239 609 3310 663 δι’
3331 611 3398 681 ἠν
3418 611 3520 682 τὴν
3551 614 3714 684 πρῆς

2103 701 2196 754 τὸν
2254 701 2428 770 Λόγον
2483 703 2583 756 καὶ
2624 703 2756 756 Θεὸν
2805 702 3081 756 οἱκείωσιν
3126 702 3178 754 οἱ
3237 700 3378 768 ἄξιοι
3415 701 3702 773 δέχονται,

2104 795 2378 865 προτυποτ
2401 795 2496 848 πιια)⁸
2524 794 2942 866 προδιαγράφει.
2974 793 3154 861 Λόγου
3184 793 3298 864 γὰρ
3327 793 3600 864 σύμϐολον
3623 796 3697 851 τὸ

2107 887 2300 957 στόμα,
2351 885 2477 940 καθ’
2527 887 2586 940 ὃν
2639 887 2874 956 μάλιστα
2913 887 3074 940 πᾶσιν
3120 885 3362 951 ἅπαντες
3421 888 3472 940 oi
3525 887 3694 958 λόγου

2109 977 2515 1050 μετειληφότες,
2545 977 2620 1041 ὡς
2662 976 2891 1046 λογικοὶ,
2931 979 3025 1031 καὶ
3075 975 3155 1048 τῷ
3191 975 3396 1048 πρώτῳ
3415 979 3512 1033 καὶ
3540 979 3693 1052 μόνῳ

2105 1069 2283 1140 Λόγῳ,
2318 1069 2413 1124 καὶ
2441 1068 2640 1132 παντὸς
2666 1069 2823 1140 αἰτίῳ
2853 1069 3014 1138 λόγου
3055 1067 3418 1140 συμφύονται.

2695 1292 2953 1348 ΚΕΦΔΛ.
2989 1293 3097 1349 IH'.

2105 1424 2166 1477 Τί
2202 1425 2485 1494 σημαίνει
2541 1425 2607 1477 τὸ
2653 1423 2816 1479 θεῖον
2870 1423 2984 1494 τῆς
3033 1423 3297 1489 πίστεως
3345 1423 3688 1494 Σύμϐολον.

2176 1535 2243 1587 Ἥ
2282 1535 2340 1589 δέ
2379 1533 2476 1588 τοῦ
2517 1534 2667 1588 θείου
2700 1535 2972 1606 συμϐόλου
3011 1535 3112 1605 τῆς
3153 1534 3396 1599 πίστεως
3420 1537 3689 1608 γινομένη

409 1617 619 1674 sionem
653 1633 934 1690 promunt,
968 1641 1118 1694 eam,
1156 1645 1279 1698 quae
1331 1631 1404 1686 ob
1459 1633 1882 1702 sapientissime
1939 1634 1980 1688 ir

2097 1624 2248 1696 παρά
2285 1627 2504 1681 πάντων
2541 1625 2824 1696 ὁμολογία,
2871 1625 2972 1697 τὴν
3003 1624 3090 1694 ἐφ’
3127 1619 3210 1689 οἷς
3249 1623 3536 1696 ἐσώθημεν
3577 1644 3694 1682 πα-

408 1721 508 1762 nos
537 1709 635 1764 Dei
685 1713 1048 1782 providentiae
1079 1717 1439 1777 admirabiles
1478 1699 1674 1778 modos
1703 1739 1768 1780 ac
1827 1725 1980 1780 ratio-

2111 1715 2352 1788 ραδόξοις
2383 1717 2562 1786 λόγοις
2604 1734 2663 1770 τε
2703 1717 2798 1770 καὶ
2829 1717 3054 1788 τρόποις
3097 1715 3198 1786 τῆς
3241 1715 3525 1785 πανσόφου
3553 1717 3692 1786 περὶ

406 1813 525 1862 nes,
557 1801 761 1869 quibus
786 1819 978 1864 sumus
1005 1809 1237 1866 salutem
1269 1815 1574 1881 consecuti,
1599 1817 1652 1870 in
1685 1815 1874 1872 futuro
1901 1831 1980 1872 sae

2105 1811 2251 1880 ἡμᾶς
2279 1808 2374 1862 τοῦ
2403 1807 2538 1862 Θεοῦ
2583 1808 2844 1879 προνοίας
2863 1806 3237 1877 γενησομένην
3287 1807 3556 1876 μυστικὴν
3593 1807 3689 1860 εὖ.

403 1889 873 1954 culo.exhibenda
903 1908 1010 1969 est,
1041 1905 1330 1974 mysticam
1365 1906 1663 1978 praesignat
1691 1909 1980 1978 gratiarum

2097 1902 2408 1974 χαριστίαν,
2443 1897 2586 1954 κατά
2614 1899 2706 1952 τὸν
2731 1899 2904 1953 αἰῶνα
2940 1898 3032 1951 τὸν
3065 1897 3349 1969 μέλλοντα,
3371 1895 3688 1968 προσημαί-

400 1981 696 2059 actionem;
730 2003 840 2058 qua
864 1991 1040 2062 digni,
1075 2005 1292 2064 gratum
1323 2012 1508 2064 suum,
1531 2013 1634 2068 pro
1658 1997 1856 2052 divinae
1895 1997 1980 2053 be-

2094 2008 2195 2046 νει·
2250 1991 2318 2044 δι’
2354 1985 2422 2062 ἧς
2456 1988 2810 2060 εὐγνώμονας
2849 1987 2940 2040 ἐπὶ
2973 1989 3040 2058 τῇ
3073 1985 3194 2058 θείᾳ
3231 1985 3524 2056 εὐεργεσίᾳ
3551 1986 3688 2039 ἐαυ-

400 2071 714 2132 neﬁccntize
783 2079 1044 2150 largitate
1113 2087 1506 2141 commendant
1555 2088 1840 2153 animum;
1897 2090 1980 2158 qui

2092 2085 2220 2146 τοὺς
2248 2080 2571 2136 συνιστῶσιν
2599 2081 2648 2132 οἱ
2683 2077 2846 2143 ἄξιοιο
2875 2076 3016 2148 πλὴν
3043 2075 3248 2146 ταύτης
3283 2075 3396 2128 τῶν
3422 2074 3551 2145 περὶ
3583 2074 3692 2128 αύ-

400 2171 604 2230 ρηοιοι*
639 2165 818 2236 illum,
852 2173 992 2228 nihil
1014 2191 1242 2245 prorsus
1273 2179 1424 2234 aliud
1478 2193 1579 2248 pro
1643 2177 1876 2235 inﬁnitis
1936 2180 1980 2233 in

2095 2163 2216 2237 τοὺς
2258 2173 2504 2242 ἀπείρων
2557 2169 2717 2223 θείων
2751 2163 2975 2236 ἀγαθῶν
3006 2168 3426 2236 ἀντεισαγαγεῖν
3467 2165 3595 2220 ἄλλο
3625 2181 3688 2220 τι

399 2269 496 2309 eos
535 2257 748 2316 collatis
773 2261 978 2320 divinis
1013 2265 1178 2323 bonis
1205 2269 1510 2338 rependere
1557 2270 1816 2327 habeant.

2103 2267 2226 2322 καθ’
2256 2265 2436 2330 ὁτιοῦν
2465 2263 2566 2317 οὐκ
2605 2261 2846 2332 ἔχοντες.

947 2441 951 2446 .
980 2399 1206 2458 CAPUT
1245 2403 1389 2460 XIX.

2272 2455 2275 2459 ,
2693 2399 2944 2453 ΚΕΦΑΛ.
2983 2398 3064 2453 18'
3071 2439 3085 2454 .

543 2531 682 2614 Quid
706 2533 968 2605 signiﬁcet
993 2539 1177 2608 hymni
1232 2539 1459 2614 Trisagii
1499 2541 1840 2613 gloriﬁcatio.

467 2645 638 2700 Trina
667 2657 851 2703 autem
883 2665 1009 2720 quae.
1035 2651 1097 2706 ﬁt
1127 2654 1578 2710 sanctiﬁcationis
1625 2657 1828 2712 divina:
1861 2657 1984 2712 laua

394 2736 500 2802 dis,
533 2738 704 2794 totius
728 2741 917 2810 populi
967 2742 1148 2799 ﬁdelis
1179 2759 1296 2810 ore,
1323 2748 1674 2813 exclamatio,
1709 2749 1982 2806 exhiben-

392 2829 516 2884 dam
556 2846 675 2886 aavo
726 2833 822 2888 illo
855 2833 1046 2890 futuro
1090 2851 1216 2892 cum
1261 2837 1608 2910 incorporeis
1655 2857 1720 2896 ac
1785 2842 1984 2897 intelli-

391 2923 652 2990 gentibus
675 2925 1051 2999 Potestatibus
1081 2930 1344 2988 unionem
1378 2932 1716 3004 honorisque
1750 2935 1981 3005 aequali-

2206 2535 2270 2589 Τί
2316 2535 2601 2603 σημαίνει
2646 2533 2686 2601 ἡ
2719 2531 2825 2586 τοῦ
2873 2531 3192 2604 Τρισατίου
3220 2531 3566 2604 δοξολοτία.

2177 2651 2240 2704 Ἦ
2295 2649 2353 2702 δὲ
2404 2648 2666 2719 γινομένη
2703 2646 2902 2720 τρισσὴ
2937 2645 3034 2700 τοῦ
3069 2645 3345 2718 ἀγιασμοῦ
3376 2647 3479 2719 τῆς
3525 2623 3684 2713 θείας

2093 2743 2423 2814 ὐμνολογίας
2454 2741 2711 2814 ἐκσόησις
2752 2739 2906 2812 παρά
2935 2739 3137 2804 παντὸς
3171 2739 3266 2794 τοῦ
3294 2739 3493 2794 πιστοῦ
3519 2739 3680 2806 λαοῦ,

2091 2837 2189 2910 τὴν
2223 2837 2360 2910 πρὸς
2402 2835 2503 2900 τὰς
2539 2833 2866 2904 ἀσωμάτους
2900 2831 2994 2886 καὶ
3023 2831 3217 2902 νοεράς
3247 2830 3508 2903 δυνάμεις
3533 2832 3683 2886 κατά

2088 2932 2149 2986 τὸ
2177 2931 2370 3003 μέλλον
2404 2925 2790 3000 φανησομένην
2819 2924 3015 2979 ἐνωσίν
3045 2939 3104 2978 τε
3126 2925 3222 2978 καὶ
3261 2923 3536 2994 ἰσοτιμίαν
3571 2940 3678 2978 πα-

393 3024 560 3070 tatcm
591 3018 856 3086 ostendit;
887 3036 997 3090 qua
1031 3037 1140 3077 uno
1169 3038 1296 3078 cum
1325 3027 1583 3096 supernis
1609 3027 1980 3097 potestatibus

2091 3023 2333 3096 ραδηλοῖο
2367 3023 2492 3076 καθ’
2531 3021 2598 3093 ἣν
2629 3017 2940 3090 συμφώνως
2967 3019 3088 3081 ταῖς
3119 3017 3232 3072 ἄνω
3272 3015 3558 3086 δυνάμεσι,
3584 3015 3679 3070 διά

390 3123 668 3164 consensu
703 3121 1087 3184 concentuque
1121 3114 1470 3186 ob;eamdem
1505 3119 1804 3174 immobilis
1835 3120 1980 3174 circa

2089 3116 2400 3188 ταυτότητα
2424 3114 2525 3184 τῆς
2549 3113 2820 3184 ἀτρέπτου
2847 3110 2974 3182 περὶ
2999 3109 3132 3164 Θεὸν
3155 3108 3521 3181 ἀεικινησίας,
3553 3125 3676 3179 τριε

391 3199 562 3254 Deum
580 3200 838 3272 iugisque
859 3213 1043 3260 motus
1059 3206 1436 3276 agitationem,
1468 3210 1646 3266 tribus
1675 3210 1986 3267 sanctiﬁca-

390 3289 633 3348 tionibus
660 3291 886 3348 laudare
914 3310 980 3350 ac
1005 3297 1354 3356 sanctiﬁcare
1401 3300 1544 3356 trine
1593 3300 1984 3356 subsistentem

391 3400 554 3441 unam
588 3371 880 3455 Deitatem,
931 3389 1172 3447 humana
1227 3402 1424 3450 natura
1465 3395 1772 3451 docebitur.

995 3523 1221 3582 CAPUT
1254 3526 1371 3582 XX.

389 3654 551 3728 Cujus
579 3658 878 3729 symbolum
906 3661 975 3714 sit
997 3671 1190 3715 sancta
1217 3663 1476 3732 precatio,
1524 3682 1543 3716 ι
1571 3663 1738 3718 Pater
1777 3672 1977 3730 noster,

921 3733 1104 3801 quies
1151 3733 1207 3786 in
1253 3732 1448 3787 caelis.»

457 3841 818 3898 Sanctissima
853 3839 1062 3910 autem,
1109 3853 1276 3916 atque
1308 3847 1367 3900 in
1405 3846 1604 3916 primis
1661 3849 1979 3904 veneranda

382 3929 567 4000 magni
599 3946 663 3985 ac
695 3931 843 3987 beati
872 3933 970 3988 Dei
993 3934 1280 4004 Patrisque
1305 3934 1803 4004 invocatio,dandae
1832 3952 1978 3992 verae

383 4020 556 4087 illius,
583 4037 649 4075 ac
677 4037 802 4091 quae
829 4039 963 4080 vere
985 4035 1092 4088 est,
1138 4041 1238 4095 per
1277 4025 1518 4096 Spiritus
1547 4027 1721 4084 sancti
1745 4028 1975 4098 gratiam

381 4113 722 4184 donumque,
769 4115 1086 4187 adoptionis
1131 4119 1440 4190 symbolum
1481 4120 1646 4194 515
1689 4130 1775 4178 est
1810 4139 1824 4176 :
1876 4137 1977 4192 per

2093 3208 2179 3261 σὶν
2227 3207 2527 3279 ἀγιασμοῖς
2559 3205 2751 3275 ὑμνεῖν
2781 3219 2840 3256 τε
2871 3201 2964 3256 καὶ
2991 3201 3243 3269 ἁγιάζειν
3270 3197 3372 3270 τὴν
3405 3200 3676 3270 τρισυπό-

2095 3315 2292 3352 στατον
2332 3298 2462 3368 μίαν
2502 3295 2735 3349 θεότητα
2756 3293 3140 3365 διδαχθήσεται
3174 3291 3283 3346 τῶν
3309 3289 3614 3362 ἀνθρώπων
3637 3290 3676 3361 ἠ

2094 3391 2279 3463 φύσις.

2691 3521 2946 3574 ΚΕΦΑΛ.
2986 3523 3073 3576 Κ’.

2090 3663 2257 3728 Τίνος
2313 3659 2446 3738 ἐστὶ
2494 3660 2905 3738 σύμϐαλον-ἠ
2959 3659 3100 3738 ἁγία
3153 3659 3470 3738 προσευχὴ
3525 3659 3668 3727 τοῦθ

2293 3751 2310 3784 ι
2344 3730 2536 3800 Πάτερ
2557 3728 2729 3800 ἡμῶν
2759 3731 2793 3782 ὁ
2817 3728 2888 3782 ἐν
2931 3728 3056 3794 τοῖς
3102 3728 3403 3797 οὐρανοῖς.
3443 3749 3462 3780 ι

2167 3845 2231 3898 Ἦ
2263 3845 2320 3898 δέ
2359 3843 2599 3912 παναγία
2626 3859 2685 3895 τε
2717 3843 2811 3895 καὶ
2841 3841 3015 3914 σεπτὴ
3045 3839 3138 3895 τοῦ
3171 3841 3411 3912 μεγάλου
3433 3842 3528 3896 καὶ
3561 3858 3668 3912 μα-

2086 3938 2280 4010 καρίου
2319 3935 2453 3990 Θεοῦ
2501 3937 2594 3991 καὶ
2631 3935 2846 4005 Πατρδς
2884 3932 3191 4004 ἐπίκλησις,
3222 3934 3324 4004 τῆς
3361 3933 3670 4004 δοθησομέ-

2083 4043 2182 4098 νης
2225 4025 2592 4080 ἐνυποστάτου
2633 4041 2694 4076 τε
2742 4023 2837 4078 καὶ
2876 4024 3220 4094 ἐνυπάρκτου
3268 4021 3410 4076 κατά
3459 4021 3668 4092 δωρεὰν

2083 4118 2179 4172 καὶ
2227 4118 2389 4189 χάριν
2445 4115 2542 4169 τοῦ
2591 4113 2750 4184 ἁγίου
2801 4115 3162 4186 Πνεύματος,
3219 4113 3496 4178 υἱοθεσίας
3549 4111 3668 4166 ἐστὶ

381 4221 547 4276 quam
605 4221 772 4278 supra
800 4224 966 4278 quam
1017 4210 1164 4266 victa
1215 4220 1384 4283 atque
1445 4212 1686 4280 obtecta,
1731 4213 1974 4269 humana

2085 4209 2376 4278 σύμϐολον·
2405 4207 2528 4263 καθ’
2564 4209 2632 4280 ἢν
2663 4207 2846 4280 πάσης
2875 4207 3335 4280 ῦπερνικωμένης
3363 4222 3422 4258 τε
3453 4205 3548 4258 καὶ
3567 4219 3668 4256 κα·-

379 4299 720 4369 proprietate
773 4316 841 4357 ex
879 4301 1121 4360 adventu
1168 4305 1377 4376 gratiae,
1411 4306 1587 4362 sancti
1637 4321 1834 4362 omnes
1870 4306 1972 4362 ﬁlii

378 4386 480 4443 Dei
517 4391 886 4459 vocabuntur,
925 4403 1242 4468 eruntque;
1311 4405 1585 4467 quotquot
1637 4396 1836 4452 amodo
1853 4397 1968 4468 jam

377 4483 650 4539 virtutum
690 4485 842 4542 cultu
887 4487 1080 4544 divino
1129 4487 1394 4544 bonitatis
1437 4489 1639 4546 decore
1684 4491 1971 4562 splendide

381 4575 656 4632 fulserunt
691 4594 757 4662 ac
784 4579 1046 4650 gloriose.

964 4765 1192 4852 CAPUT
1229 4792 1369 4850 xxn.

379 4927 520 4993 Quid
553 4928 768 4982 illorum
790 4913 1288 4999 canticorum,quw
1311 4929 1449 4982 inter
1466 4945 1579 4999 rem
1601 4944 1832 4999 sacramp
1850 4945 1965 4999 my-

446 5001 576 5053 stice
619 4999 986 5069 peragendam
1035 4997 1434 5062 exclamantur,
1497 4997 1620 5067 ﬁnis
1661 4997 1919 5069 signiﬁcet
1949 5018 1969 5052 :

448 5067 638 5140 nempe
669 5085 687 5122 :
724 5067 924 5125 (Unus
949 5067 1198 5136 Sanctus,
1233 5086 1370 5123 unus
1404 5070 1685 5134 Dominus,
1710 5067 1742 5119 Vr
1771 5077 1820 5122 et
1851 5083 1970 5139 quae

443 5149 764 5210 sequuntur.

441 5255 575 5322 Qua:
602 5263 788 5311 autem
819 5255 875 5310 in
907 5255 986 5311 rei
1011 5271 1183 5312 sacra:
1208 5256 1434 5328 mystice
1456 5255 1780 5328 peragendae
1795 5255 1902 5310 ﬁne
1941 5271 1972 5310 a

375 5355 490 5424 tota
523 5347 683 5420 plebe
710 5347 988 5405 confessio
1022 5350 1230 5414 editur,
1264 5349 1377 5405 illis
1403 5349 1626 5404 verbis:
1657 5348 1802 5404 Unus
1826 5347 1967 5404 San-

368 5431 523 5502 ctus,’
540 5447 598 5494 et
619 5455 745 5510 quae
776 5449 1109 5512 sequuntur,
1135 5441 1382 5497 futuram
1419 5456 1675 5498 sermone
1712 5441 1862 5496 omni
1898 5457 1964 5498 ac

373 5531 614 5603 c0gitatu
643 5535 990 5605 superiorem
1019 5549 1145 5590 cum
1175 5550 1296 5589 uno
1320 5535 1416 5590 illo
1446 5533 1647 5588 divina:
1689 5535 1960 5606 simplici-

373 5623 503 5678 tatis
531 5639 756 5690 arcano,
783 5641 976 5682 eorum
1014 5627 1110 5696 qui
1143 5627 1375 5698 mystice
1409 5643 1474 5682 ac
1508 5628 1790 5696 sapienter
1817 5628 1961 5683 divi-

375 5715 459 5769 tiis
485 5723 612 5770 sunt
643 5716 866 5787 initiati,
921 5719 1302 5774 Colicctioncm
1338 5720 1755 5791 unitionemquc
1786 5721 1956 5790 signi-

2079 4301 2426 4374 λυπτομένης
2478 4301 2829 4374 ἀνθρωπίνης
2881 4300 3166 4370 ἰδιότητος,
3209 4301 3276 4370 τῇ
3317 4297 3667 4368 ἐπιφοιτήσει

2078 4396 2178 4466 τῆς
2209 4395 2454 4466 χάριτος,
2483 4393 2590 4446 υἱοὶ
2619 4392 2756 4446 Θεοῦ
2792 4391 3198 4464 χρηματίσουσί
3229 4407 3290 4444 τε
3322 4391 3418 4443 καὶ⁵
3449 4388 3666 4442 ἔσονται

2079 4488 2283 4551 πάντες
2331 4489 2382 4540 oi
2431 4486 2600 4556 ἆγιοι,
2639 4467 2754 4548 ὅσοι
2793 4484 2860 4538 δι’
2891 4483 3104 4554 ἀρετῶν
3144 4482 3240 4536 ἀπ’
3279 4481 3532 4534 ἐντεῦθεν
3561 4479 3663 4551 ἤδη

2079 4579 2158 4650 τῷ
2209 4579 2338 4650 θείῳ
2385 4580 2486 4650 τῆς
2537 4577 2870 4648 ἀγαθότητος
2901 4575 3089 4631 κάλλει
3137 4575 3366 4654 ἑαυτοὺς
3393 4571 3665 4646 λαμπρῶς

2077 4687 2136 4726 τε
2176 4672 2270 4726 καὶ
2296 4668 2560 4736 ἐπιδόξως
2597 4669 2949 4741 ἐφαίδρυναν.

2654 4799 2906 4858 ΚΕΦΔΛ.
2939 4796 3074 4852 KA'.

2078 4935 2140 4991 Τί
2173 4937 2456 5004 σημαίνει
2499 4935 2574 4989 τὸ
2620 4933 2796 5000 τέλος
2845 4933 2959 5004 τῆς
2990 4932 3298 5004 μυστικῆς
3324 4935 3662 5004 ἱερουργίας

2143 5003 2265 5058 τῶν
2317 5005 2792 5075 ἐκφῳνουμένων
2840 5003 3068 5075 ὕμνων¹
3105 5003 3446 5075 τουτέστιν,
3505 5023 3524 5056 ι
3558 5003 3660 5069 Εἷς

2145 5071 2494 5146 Ἀγιος,ἐῖς
2522 5071 2762 5144 Κύριος,
2801 5093 2820 5126 ι
2865 5071 2966 5128 καὶ
3001 5071 3077 5126 τὰ
3104 5071 3272 5140 ἑξῆς.

2157 5257 2224 5312 Ἦ
2279 5259 2337 5312 δὲ
2387 5255 2530 5310 κατά
2575 5254 2638 5308 τὸ
2694 5251 2850 5317 τέλος
2901 5251 3006 5323 τῆς
3041 5251 3313 5324 μυστικῆς
3340 5251 3659 5324 ἱερουργίας

2073 5353 2228 5423 παρά
2279 5350 2480 5414 παντὸς
2524 5347 2617 5402 τοῦ
2658 5344 2788 5400 λαοῦ
2829 5345 3092 5418 γινομένη
3137 5344 3254 5411 τοῦ,
3287 5340 3394 5412 Εἷς
3428 5345 3656 5416 Ἄγιος,

2068 5442 2164 5495 καὶ
2197 5441 2305 5496 τῶν
2359 5439 2508 5512 ἐξῆς,
2565 5437 2846 5509 ὁμολογία,
2900 5435 3002 5508 τὴν
3045 5435 3188 5507 ὑπὲρ
3217 5434 3375 5504 λόγον
3403 5434 3500 5489 καὶ
3531 5435 3658 5489 νοῦν

2031 5563 2040 5569 -
2068 5535 2208 5606 πρὸς
2241 5534 2304 5589 τὸ
2336 5533 2397 5586 ἓν
2430 5531 2533 5602 τῆς
2567 5531 2721 5595 θείας
2747 5529 3055 5600 ἁπλότητος
3082 5526 3318 5598 κρύφιον
3343 5527 3654 5598 γενησομέ-

2065 5627 2286 5700 νηντῶν
2313 5623 2595 5699 μυστικῶς
2636 5641 2698 5678 τε
2738 5623 2836 5677 καὶ
2875 5621 3054 5690 σοφῶς
3095 5621 3237 5674 κατά
3264 5619 3399 5674 Θεὸν
3439 5619 3653 5672 τετελε-

2062 5721 2294 5790 σμένων,
2360 5718 2690 5790 συναγωγήν
2751 5733 2810 5770 τε
2866 5716 2962 5770 καὶ
3013 5714 3212 5770 ἕνωσιν
3260 5711 3434 5793 δηλοῖ,
3488 5711 3545 5763 ἐν
3579 5709 3658 5782 τῷ
