4094 6390
319 326 427 391 697

1679 342 1734 400 M
1744 344 2067 403 YS'I‘AGOG
2080 346 2103 403 I
2112 348 2175 405 Α.

3484 352 3593 417 6ξὸ

318 439 591 510 ἀφθάρτῳ
639 438 750 493 τῶν
799 440 1005 511 νοητῶν
1052 441 1232 495 αίῶνγ
1280 444 1400 497 καθ’
1428 446 1487 499 ὃν
1529 447 1626 517 τῆς
1662 449 1903 516 ἀφανοῦς

2010 451 2146 516 ficat,
2196 454 2601 508 intellectilium
2632 469 2748 508 aevo
2795 456 2889 509 illo
2934 458 3003 510 ab
3030 459 3181 513 omni
3228 463 3595 530 corruptione

321 532 422 584 καὶ
449 532 840 603 ὕπεραρρήτου
858 529 1018 600 δόξης
1034 532 1093 585 τὸ
1112 533 1227 602 φῶς
1251 536 1654 602 ὲνοπτεύοντες,
1681 540 1783 610 τῆς
1802 559 1904 610 μα..

324 625 549 694 καρίας,
581 621 720 693 μετὰ
739 622 845 675 τῶν
874 624 988 677 ἄνω
1013 623 1319 695 δυνάμεων,
1355 629 1448 681 καὶ
1476 631 1631 683 αὐτοὶ
1663 631 1906 686 δεκτικοὶ

325 720 575 786 γίνονται
602 716 1000 788 καθαρότητος·
1025 719 1142 789 μεθ’
1172 720 1260 790 ἢν,
1294 722 1369 784 ὡς
1410 723 1562 786 τέλος
1598 728 1834 791 πάντων,
1871 731 1904 797 ἡ

325 810 424 863 τοῦ
459 808 754 879 μυστηρίου
787 810 1073 878 μετάδοσις
1102 812 1333 878 γίνεται*
1373 816 1745 885 μεταποιοῦςα
1771 819 1908 889 πρὸς

327 900 550 968 ἑαυτὴν,
585 899 679 951 καὶ
706 897 924 966 ὁμοίους
948 898 1028 969 τῷ
1053 902 1174 953 κατ’
1208 902 1390 956 αἰτίαν
1415 905 1605 976 ἀγαθῷ
1635 909 1776 961 κατὰ
1805 910 1905 979 χά-

330 1008 416 1063 ριν
432 992 523 1044 καὶ
549 988 767 1060 μέθεξιν
798 990 1176 1059 ἀποφαίνουσα
1205 994 1332 1058 τοὺς
1356 995 1523 1061 ἀξίως
1548 999 1907 1069 μεταλαμϐά-

324 1099 534 1145 νοντας,
565 1082 624 1133 ὲν
650 1082 841 1152 μηδενὶ
858 1083 1025 1136 αὑτοῦ
1047 1084 1425 1156 λειπομένους,
1451 1092 1591 1143 κατὰ
1606 1092 1666 1144 τὸ
1688 1095 1908 1161 ἐφικτὸν

321 1170 631 1244 ἀνθρώποις
653 1174 746 1226 καὶ
757 1173 1127 1244 ἐνδεχόμενον.
1140 1176 1297 1230 Ὥστε
1315 1178 1408 1231 καὶ
1425 1181 1624 1244 αὐτοὺς
1648 1182 1907 1240 δύνασθαι

318 1260 462 1318 εἷναί
480 1280 541 1348 τε
569 1264 666 1317 καί
689 1263 972 1318 καλεῖσθαι
993 1264 1142 1319 θέσει
1160 1268 1301 1321 κατὰ
1320 1270 1419 1339 τὴν
1439 1271 1602 1342 χάριν
1615 1272 1792 1341 θεοὺς,
1818 1276 1907 1330 διὰ

314 1355 411 1437 τὸν
436 1355 639 1418 αὐτοὺς
661 1356 801 1418 ὅλως
826 1355 872 1387 ’⁸⁸
895 1355 1262 1427 πληρώσαντα
1289 1360 1409 1415 ὅλον
1443 1364 1600 1428 Θεὸν,
1622 1366 1717 1418 καὶ
1736 1368 1901 1437 μηδὲν

315 1446 505 1500 αὐτῶν
546 1445 649 1517 τῆς
683 1446 848 1500 αὐτοῦ
882 1448 1187 1519 παρουσίας
1209 1451 1365 1508 κενὸν
1398 1456 1819 1525 καταλείψαντα.

893 1579 1148 1636 ΚΕΦΑΛ.
1199 1582 1328 1638 KB'.

315 1671 503 1765 Πῷςξ
521 1687 623 1765 καὶ
665 1689 784 1742 τίνι
820 1691 1037 1765 τρόπῳ,
1068 1693 1166 1765 καὶ
1214 1696 1253 1765 (ἡ
1300 1694 1413 1762 τῆς
1456 1697 1668 1765 ψυχῆς
1706 1703 1837 1755 καθ’
1871 1703 1915 1733 ιτ

392 1758 622 1838 ῥαιίτὴν
650 1760 986 1838 ποουοιιένηςς
1013 1761 1110 1814 ἐπὶ
1136 1758 1250 1838 τοῦ
1266 1758 1399 1838 aut?”
1420 1758 1685 1838 siue-ibi»
1711 1771 1913 1838 ὶδικῶς

394 1829 710 1908 sudatoria?)
744 1830 840 1882 καὶ
866 1832 1253 1908 ,τελειοποιός
1293 1833 1391 1888 διὰ
1436 1835 1554 1890 τῶν
1589 1829 1915 1908 εἰρημένωῦ-

400 1899 695 1965 θεωρεῐται
728 1898 1123 1967 κατάστασις.

403 2008 573 2079 Δεῦρο
598 1988 661 2081 δῖ,
701 2004 939 2095 οῠνηδιά
977 2013 1087 2068 τῶν
1128 2015 1309 2069 αὐτῶν
1338 2017 1441 2088 ὁδῷ
1480 2019 1576 2072 καὶ
1605 2021 1753 2085 τάξει
1785 2022 1905 2092 βαί-

330 2118 538 2165 νοντες,
574 2102 730 2156 πάλιν
775 2103 845 2157 τά
890 2104 1030 2158 αὐτὰ
1069 2108 1164 2160 καὶ
1199 2109 1330 2178 περὶ
1376 2108 1556 2181 ψυχῆς
1597 2115 1905 2184 γνωστικῆς

329 2191 719 2263 θεωρήσωμενο
746 2195 841 2247 καὶ
865 2199 1233 2269 συναναόῆναι
1263 2202 1460 2271 μικρὸν
1496 2203 1640 2256 κατὰ
1670 2204 1904 2274 δύναμιν

325 2283 409 2352 τῷ
437 2283 579 2353 λόγῳ
616 2284 735 2354 μετ’
766 2285 1056 2351 εὐλαϐείας
1091 2289 1229 2363 πρὸς
1259 2291 1600 2364 ὑψηλοτέραν
1646 2295 1900 2366 θεωρίαν,

323 2371 602 2440 σκοπῆσαί
628 2388 690 2424 τε
726 2373 821 2425 καὶ
868 2377 1203 2442 κατανοῆσαι
1231 2380 1347 2443 πῶς
1386 2383 1435 2433 οἱ
1462 2380 1596 2435 θεῖοι
1621 2384 1719 2453 τῆς
1749 2384 1910 2452 ἁγίας

332 2462 668 2532 Ἐκκλησίας
700 2463 892 2535 θεσμοὶ
945 2467 1044 2538 τὴν
1090 2468 1268 2540 ψυχὴν
1318 2472 1412 2524 ἐπὶ
1460 2473 1559 2544 τὴν
1593 2475 1795 2544 ἑαυτῆς
1824 2493 1910 2529 τε-

316 2549 582 2620 λειότητα
604 2551 674 2605 δι*
701 2553 939 2624 ἀληθοῦς
988 2558 1082 2611 καὶ
1119 2559 1376 2629 ἐνεργοῦς
1407 2562 1661 2631 γνώσεως
1692 2563 1906 2633 ἄγουσι,

320 2643 601 2698 ποθοῦντα
633 2646 724 2699 τὸν
759 2646 881 2701 νοῦν
935 2649 1030 2701 καὶ
1064 2650 1416 2722 βουλόμενον,
1452 2654 1586 2708 Θεοῦ
1636 2673 1909 2729 χειραγω-

319 2734 551 2803 γοῦντος
577 2736 648 2809 (εί
682 2737 851 2810 δοκεῖ)
890 2741 965 2811 μὴ
1001 2740 1359 2814 κωλύσωμεν.

906 3076 1160 3133 ΚΕΦΑΛ.
1208 3078 1337 3134 Kl".

319 3186 460 3241 Ὀτι
516 3186 986 3260 σύμϐολον-,τῶν
1031 3188 1186 3260 κατὰ
1224 3190 1440 3259 ψυχὴν
1469 3190 1697 3260 ἀρετῶν
1740 3192 1911 3247 ἐστιν

505 3258 544 3337 ᾐ
583 3256 780 3327 πρώτη
807 3257 1047 3324 εἶσοδος
1084 3258 1196 3327 τῆς
1222 3256 1394 3329 ἁγίας
1413 3256 1749 3329 συκάξεως.

397 3370 595 3441 Ἀθρει
627 3368 937 3441 τοιγαροῦν,
973 3372 1121 3434 ὅστις
1157 3371 1261 3443 τῆς
1309 3376 1587 3448 μακαρίας
1632 3376 1746 3430 τοῦ·
1782 3379 1912 3448 Χρι-

322 3462 456 3516 στοῦ
522 3463 717 3532 σοφίας
764 3464 987 3533 γνήσιος
1038 3464 1386 3536 καθέστηκας
1445 3469 1728 3541 ἐραστὴς,
1792 3471 1909 3533 νοὸς

318 3554 646 3625 ὀφθαλμοῖς,
677 3556 820 3608 κατὰ
852 3555 951 3627 τὴν
980 3555 1207 3628 πρώτην
1239 3558 1444 3613 εἴσοδον
1465 3560 1565 3630 τῆς
1585 3562 1749 3630 ἁγίας
1782 3578 1910 3614 συν-

322 3649 503 3712 άξεως
536 3648 643 3701 ἀπὸ
696 3648 796 3719 τῆς
828 3649 1027 3714 ἔξωθεν
1073 3651 1180 3705 τῶν
1215 3653 1418 3707 ὑλικῶν
1449 3649 1661 3726 πλάνης
1689 3657 1784 3710 καὶ
1812 3674 1911 3709 τα-

329 3739 526 3808 ραχῆς,
557 3739 699 3793 κατὰ
746 3740 808 3793 τὸ
846 3745 1267 3813 γεγραμμένον,
1329 3745 1627 3812 Γυναῖκες
1668 3748 1911 3817 ἐρχόμε-

326 3846 435 3882 ναι
475 3831 588 3883 ἀπὸ
634 3829 793 3898 θέας,
831 3834 1032 3887 δεῦτε·
1078 3834 1178 3904 τῆς
1230 3838 1289 3888 ὲν
1336 3837 1466 3891 εἴδει
1515 3839 1612 3891 καὶ
1641 3842 1905 3910 σχήματι,

293 3923 479 3991 .φημὶ
504 3922 642 3976 κατὰ
679 3924 778 3994 τὴν
811 3925 1077 3995 πρόσοψιν
1109 3926 1219 3979 τῶν
1255 3926 1530 3997 αἰσθητῶν
1560 3932 1906 4001 περιπλανή-

324 4032 501 4079 σεωςο
534 4019 594 4068 οὐ
638 4016 747 4087 γὰρ
796 4016 1029 4088 θεωρίαν
1089 4020 1265 4073 εἰπεῖν
1331 4019 1552 4091 ἀληθὲς,
1593 4022 1738 4075 κατὰ
1780 4023 1907 4086 τοὺς

319 4107 566 4175 ἀσόφους
597 4107 706 4160 τῶν
748 4109 878 4179 παρ’
906 4109 1135 4179 Ἕλλησι
1168 4110 1482 4181 λεγομένων
1536 4112 1716 4182 σοφῶν
1749 4113 1908 4183 (μηδὲ

300 4201 436 4268 ’γὰρ
469 4201 625 4269 σοφοὶ
670 4199 922 4270 κληθεῖἐν
962 4218 1096 4254 ποτε
1147 4202 1284 4273 πρὸς
1322 4202 1506 4272 ἡμῶν,
1547 4205 1598 4255 οἱ
1647 4203 1738 4256 τὸν
1775 4203 1907 4257 Θεὸν

319 4292 533 4359 γνῶναι
561 4290 653 4343 διὰ
684 4289 795 4343 τῶν
834 4290 1002 4345 αὐτοῦ
1035 4292 1360 4362 ποιημάτων
1399 4292 1473 4362 μὴ
1506 4292 1845 4364 δυνηθέντες,
1874 4293 1907 4364 ἢ

328 4380 405 4451 μὴ
435 4373 810 4451 βουληθέντες)
848 4382 957 4435 τῶν
991 4381 1036 4414 ’⁸⁸
1066 4382 1341 4453 αἰσθητῶν
1381 4383 1527 4451 λέγω
1563 4383 1662 4453 τὴν
1705 4386 1908 4453 ἐπιφά-

322 4489 501 4535 νειαν,
531 4472 653 4525 καθ’
678 4473 746 4544 ἣν
766 4475 794 4526 ὀ
816 4472 1070 4544 διηνεκὴς
1098 4474 1210 4527 τῶν
1238 4474 1513 4544 αἰσθητῶν
1541 4475 1680 4545 πρὸς
1704 4475 1909 4546 ἄλληλα

321 4562 630 4631 συνέστηκε
673 4562 947 4631 πόλεμος,
996 4564 1132 4616 πᾶσι
1170 4563 1269 4634 τὴν
1309 4564 1376 4616 δι’
1416 4563 1661 4634 ἀλλήλων
1701 4565 1908 4635 φθορὰν

302 4651 591 4724 -ὲνεργῶν,
624 4652 844 4706 πάντων
868 4652 1202 4723 φθειρόντων
1228 4654 1434 4726 ἄλληλα
1462 4656 1556 4709 καὶ
1579 4658 1635 4710 ὲν
1661 4657 1911 4727 ἀλλήλοις

324 4745 728 4815 φθειρομένων·
765 4747 861 4799 καὶ
904 4744 1062 4798 τοῦτο
1115 4745 1274 4815 μόνον
1333 4748 1531 4814 πάγιον
1586 4748 1797 4818 ἔχοντα,
1848 4749 1911 4802 τὸ

322 4839 582 4892 ἀστατεῖν
623 4837 720 4890 καὶ
763 4836 1102 4908 φθείρεσθαι,
1138 4837 1233 4890 καὶ
1279 4838 1550 4908 μηδέποτε
1589 4841 1913 4911 συμϐαίνειν

322 4927 580 4995 ἀλλήλοις
607 4927 749 4980 κατὰ
786 4925 1047 4996 διαμονὴν
1081 4925 1293 4995 ἄμαχον
1321 4926 1581 4981 δύνασθαι
1612 4931 1704 4981 καὶ
1745 4930 1913 4982 ἀστα-

326 5019 570 5072 σίαστον·
604 5020 909 5089 ἐρχομένην
940 5035 1000 5070 τε
1037 5018 1139 5088 τὴν
1166 5017 1364 5090 ψυχὴν,
1397 5020 1491 5072 καὶ
1525 5022 1912 5093 προτροπάδην

327 5111 665 5179 φεύγουσαν,
707 5112 801 5164 καὶ
850 5109 1039 5181 ὥσπερ
1067 5112 1149 5173 είς
1183 5110 1513 5181 Ἐκκλησίαν
1562 5115 1657 5167 καὶ
1707 5115 1908 5170 ἄσυλον

326 5205 557 5275 εἰρήνης
606 5204 931 5275 ἀνάκτορον,
960 5203 1059 5274 τὴν
1103 5204 1162 5256 ὲν
1200 5202 1472 5273 πνεύματι
1503 5206 1746 5277 φυσικὴν
1776 5205 1912 5260 θεω-

328 5296 480 5367 ρίαν,
511 5293 610 5365 τὴν
652 5295 869 5365 ἄμαχον
918 5295 1012 5346 καὶ
1065 5293 1247 5363 πάσης
1300 5292 1593 5365 ἐλευθέραν
1640 5297 1909 5367 ταραχῆς,

331 5386 478 5457 μετὰ
507 5387 679 5454 Λόγου
714 5403 775 5440 τε
807 5386 902 5440 καὶ
928 5385 1035 5438 ὑπὸ
1074 5384 1166 5439 τοῦ
1203 5385 1378 5455 Λόγου
1423 5384 1520 5439 τοῦ
1553 5386 1790 5457 μεγάλου
1819 5388 1917 5440 καὶ

375 5621 378 5625 φ
410 5560 431 5585 ε
459 5547 562 5602 Isa.
587 5564 749 5614 xxvn,
778 5550 860 5604 ll.

2004 545 2275 611 immuni;
2321 545 2376 598 in
2411 560 2522 614 quo
2552 545 2867 612 inaspecue,
2898 560 2963 599 ac
3011 562 3173 616 supra
3240 549 3465 604 modum
3505 567 3592 607 ar-

2005 652 2154 692 cana
2191 638 2376 708 gloria:
2415 637 2594 691 lucem
2642 636 3032 705 inspectantes,
3075 638 3177 706 ipsi
3210 656 3431 711 quoque
3462 658 3589 698 cum

2008 728 2264 797 supernis
2338 725 2750 791 Potestatibus,
2803 724 2978 779 beatae
3036 742 3265 794 capaces
3331 733 3590 799 puritatis

2007 818 2342 882 eﬁiciuntur;
2375 826 2664 885 postquam
2729 823 2797 869 ut-
2850 816 3095 870 omnium
3130 817 3272 884 ﬁnis,
3303 819 3362 873 ﬁt
3390 832 3591 892 myste-

2007 913 2070 967 rii
2103 912 2552 978 communicatio,
2603 926 2726 980 quae
2763 912 2819 963 in
2862 912 3098 981 seipsam
3133 921 3482 979 lransmutet,
3514 918 3592 971 si-

2006 1007 2273 1075 milesque
2331 1004 2457 1058 boni
2501 1020 2600 1073 per
2652 1004 2949 1082 essentiam
2996 1005 3185 1073 gratia:
3240 1021 3468 1062 munere
3527 1024 3592 1063 ac

2004 1098 2423 1167 participatione
2451 1096 2613 1165 digne
2649 1103 2932 1149 sumentes
2964 1095 3196 1150 efﬁciat:
3226 1098 3429 1166 quibus
3452 1098 3592 1152 nihil

2003 1189 2166 1251 desit,
2196 1186 2375 1257 quoad
2404 1201 2726 1239 concessum
2752 1183 3072 1238 hominibus
3095 1185 3356 1255 licetque,
3385 1186 3520 1257 quin
3538 1196 3594 1241 et

2006 1278 2110 1348 ipsi
2143 1277 2441 1345 adoptione
2472 1291 2572 1344 per
2594 1274 2826 1345 gratiam
2855 1273 2933 1326 dii
2958 1288 3079 1327 esse
3106 1289 3169 1327 ac
3197 1276 3463 1344 appellari
3493 1291 3591 1331 va-

2008 1371 2178 1433 leant,
2194 1376 2419 1438 propter
2441 1382 2588 1428 cum,
2604 1366 2699 1435 qui
2726 1374 2874 1419 totus
2896 1365 3042 1419 Deus
3070 1373 3333 1421 totosreos
3348 1368 3594 1438 comple-

2005 1462 2214 1530 vit,nec
2238 1474 2430 1513 eorum
2448 1457 2655 1526 aliquid
2675 1472 2774 1511 sua
2786 1472 3020 1511 vacuum
3041 1458 3329 1526 praesentia
3345 1448 3591 1529 reliquit.

2578 1588 2803 1645 CAPUT
2854 1587 3019 1643 XXII.

2014 1704 2306 1771 Quomodo,
2347 1722 2408 1758 ac
2455 1719 2559 1773 qua
2602 1704 2831 1773 ratione,
2886 1703 3080 1755 animi:
3104 1719 3309 1764 quoque
3349 1719 3591 1756 seorsum

2086 1795 2146 1830 ac
2174 1772 2474 1829 secundum,
2501 1790 2555 1826 se
2598 1772 2971 1842 consideratis,
3007 1773 3061 1824 in
3095 1774 3315 1842 singulis
3355 1774 3590 1842 proprie,

2083 1863 2178 1917 per
2219 1863 2278 1897 na
2311 1861 2427 1912 qua:
2483 1844 2621 1917 dictu
2648 1851 2808 1917 sunt,
2857 1840 3069 1917 dei/iens
3116 1840 3427 1912 donatisque
3455 1840 3591 1912 ρει*-

2080 1909 2302 1982 Ϊεειὶοηε
2323 1909 2493 1967 Status
2525 1911 2846 1983 Spit-italiter
2879 1909 3234 1980 intelligatur.

2079 2031 2359 2086 Adesdum
2387 2029 2577 2098 igitur,
2636 2027 2830 2080 iisdem
2876 2026 3034 2094 ipsis,
3095 2026 3184 2080 via
3244 2025 3478 2093 quadam
3532 2040 3596 2081 ac

2008 2123 2221 2178 ratione
2252 2120 2585 2191 gradientes,
2614 2118 2731 2172 lucc
2756 2117 2871 2185 ipsa
2903 2117 3100 2170 iterum
3152 2116 3317 2168 etiam
3363 2113 3430 2168 de
3481 2113 3597 2168 aui-

2007 2230 2117 2279 ma,
2148 2229 2271 2282 qua:
2301 2211 2550 2267 scientiae
2578 2209 2763 2264 studet
2802 2218 3072 2276 auctaque
3097 2206 3463 2276 intelligentia
3488 2212 3594 2269 est,

2008 2303 2243 2375 spiritali
2281 2318 2451 2358 sensu
2479 2300 2938 2364 consideremus;
2974 2313 3077 2353 nec
3116 2313 3224 2352 una
3277 2297 3595 2366 cupientem

2009 2398 2256 2451 animum
2305 2410 2368 2450 ac
2418 2395 2712 2456 valentem,
2777 2399 2978 2459 quanta
3032 2390 3265 2445 facultas
3312 2389 3501 2453 fuerit,
3526 2388 3595 2442 ad

2009 2478 2388 2541 sublimiorem
2430 2484 2731 2552 spiritalem
2758 2481 3176 2550 intelligentiam
3200 2480 3468 2534 modestia
3497 2494 3595 2548 pa-

2010 2592 2237 2645 rumper
2272 2587 2584 2643 assurgere,
2626 2571 3061 2641 diligentiusque
3095 2570 3210 2625 Deo
3241 2568 3468 2638 auspice
3490 2568 3597 2622 du-

2009 2682 2182 2736 ceque
2200 2663 2553 2720 considerare
2572 2677 2636 2715 ac
2661 2662 3000 2731 perspicere,
3024 2659 3300 2729 quomodo
3327 2657 3489 2727 515
3516 2656 3605 2715 di-.

2015 2757 2130 2812 vini
2172 2762 2374 2810 sanctaa
2406 2752 2668 2807 Ecclesia:
2698 2751 2836 2805 ritus
2865 2766 2929 2805 ac
2955 2751 3320 2811 caeremoniae,
3352 2748 3593 2802 animam

2016 2848 2083 2906 ad
2116 2846 2202 2903 sui
2228 2846 2405 2914 ipsius
2442 2842 2838 2914 perfectionem
2878 2857 2975 2910 per
3013 2857 3198 2896 veram
3222 2856 3287 2894 ac
3319 2839 3596 2893 efﬁcacem

2011 2937 2304 2996 scientiam
2329 2935 2534 2990 ducant
2570 2933 2651 2997 (si
2700 2932 2982 2987 videbitur
3020 2932 3039 3004 )
3074 2931 3487 3002 prohibeamus.

2586 3072 2816 3130 CAPUT
2859 3072 3053 3128 XXIII.

2015 3196 2161 3262 Quas
2189 3195 2394 3265 primas
2417 3194 2611 3265 animm
2642 3192 2870 3265 virtut_es_
2890 3189 3324 3265 printus‘sanclre
3339 3201 3598 3257 synaxeos

2378 3262 2627 3314 introitus
2665 3256 2903 3329 symbolo
2941 3256 3223 3327 signiﬁcet.

2083 3377 2218 3433 Vide
2268 3374 2457 3445 igitur,
2520 3371 2775 3442 quisquis
2822 3372 2999 3425 beatae
3054 3368 3260 3424 Christi
3313 3369 3598 3439 sapientia:

2013 3485 2179 3524 verus
2211 3464 2549 3527 es'amator,
2596 3463 2912 3531 mentisque
2961 3461 3141 3515 oculis
3196 3460 3490 3515 considera
3541 3459 3598 3513 in

2012 3564 2192 3632 primo
2232 3575 2403 3614 sacrte
2432 3571 2703 3628 synaxeos
2739 3556 3015 3626 ingressu,
3052 3555 3120 3607 ab
3155 3562 3387 3607 externo
3416 3563 3594 3607 terre-

2012 3667 2212 3707 norum
2244 3666 2436 3704 errore
2466 3664 2529 3702 ac
2572 3647 2914 3710 turbatione,
2952 3647 3108 3715 juxta
3145 3644 3291 3714 quod
3326 3643 3596 3713 scriptum

2009 3756 2095 3799 est
2132 3763 2145 3797 :
2171 3743 2418 3797 Mulieres
2444 3742 2705 3794 venientes
2734 3758 2765 3793 α
2786 3737 3105 3809 spectaculo,
3130 3739 3297 3791 videte
3323 3748 3344 3774 ο
3367 3754 3382 3802 ;
3433 3736 3503 3790 ab
3531 3753 3597 3791 ea

2011 3837 2243 3899 scilicet,
2269 3850 2392 3904 qua:
2421 3835 2477 3887 in
2511 3834 2686 3888 forma
2727 3848 2792 3886 ac
2830 3831 3000 3899 ﬁgura
3031 3847 3129 3899 per
3162 3845 3353 3883 carum
3387 3844 3596 3893 rerum,

2011 3945 2135 3999 quae
2172 3928 2228 3981 in
2274 3940 2498 3980 sensum
2549 3924 2776 3987 cadunt,
2828 3921 3256 3984 contuitioncm,
3315 3903 3631 3974 oberratio'

2011 4018 2233 4077 creatur
2253 4038 2270 4086 ;
2291 4019 2476 4088 neque
2501 4017 2651 4071 enim
2677 4030 2806 4070 vere
2837 4013 3252 4082 contemplatio,
3282 4028 3377 4066 seu
3406 4026 3603 4080 specu-

2009 4113 2144 4168 latio
2180 4112 2400 4167 dicatur
2438 4106 2908 4178 quemadmodum
2940 4102 3347 4173 insipientibus
3376 4100 3601 4156 Graeco-

2011 4220 2134 4258 rum
2168 4197 2712 4270 sapientibusplacet
2753 4194 3094 4262 (absitenim
3131 4210 3158 4245 υ
3196 4192 3378 4254 nobis,
3414 4198 3476 4243 ut
3503 4204 3603 4244 eos

2012 4294 2292 4363 sapientes
2318 4289 2587 4352 dicamus,
2613 4287 2707 4356 qui
2736 4302 2803 4339 ex
2826 4285 2894 4339 iis
2916 4300 3041 4353 quae
3071 4284 3212 4336 facta
3243 4298 3273 4335 a
3313 4282 3425 4335 Deo
3449 4288 3599 4346 sunt,

2013 4387 2192 4456 ipsum
2220 4396 2384 4438 nosse
2413 4398 2526 4436 non
2554 4385 2858 4449 potuerunt
2890 4385 2987 4430 aut
3008 4373 3392 4445 noluerunt);a
3425 4372 3602 4428 sensi-

2013 4479 2172 4542 lium,
2208 4476 2456 4544 inquam,
2488 4488 2555 4526 ca
2581 4486 2702 4541 qua?
2736 4465 2930 4524 oculos
2973 4468 3121 4531 ferit,
3168 4465 3494 4536 superﬁcie,
3533 4480 3601 4518 ex

2015 4571 2175 4639 cujus
2212 4566 2427 4621 ratione
2451 4563 2676 4618 sensilia
2701 4563 2830 4632 juge
2854 4561 3002 4615 inter
3039 4576 3098 4614 se
3124 4559 3331 4613 bellum
3366 4559 3597 4628 agitant,

1987 4662 2253 4722 aliorum
2278 4658 2403 4712 nisu
2441 4657 2563 4710 aliis
2582 4654 2791 4709 vicaria
2826 4652 2984 4708 clade
3019 4652 3301 4706 interitum
3330 4651 3599 4715 creantia,

2017 4749 2236 4807 cunctis
2264 4749 2389 4804 aliis
2446 4746 2554 4801 alia
2594 4745 3106 4815 corrumpentibus,
3145 4760 3209 4799 ac
3251 4761 3374 4814 qua:
3403 4745 3511 4798 alia
3546 4744 3603 4798 in

2020 4839 2145 4894 aliis
2169 4842 2620 4906 corrumpantur,
2655 4834 2869 4901 hocque
2891 4848 3062 4886 unum
3092 4831 3308 4885 ﬁrmum
3338 4832 3601 4895 habeant,

2020 4943 2084 4982 ac
2105 4934 2366 4981 constans
2391 4924 2538 4994 quod
2574 4921 2940 4978 inconstantia
2964 4931 3198 4994 agantur
3213 4937 3277 4977 ac
3307 4922 3600 4987 intereant,

2020 5033 2123 5072 nec
2152 5031 2399 5086 unquam
2437 5014 2582 5069 inter
2616 5028 2674 5067 se
2717 5013 3014 5068 convenire
3064 5022 3125 5067 ut
3161 5013 3456 5081 tranquilla
3502 5026 3602 5081 pe-

2020 5110 2298 5164 rennitate
2333 5107 2610 5171 fruantur,
2644 5121 2748 5160 nec
2774 5104 2830 5159 in
2857 5115 3106 5160 mutuam
3137 5105 3441 5159 incitentur
3478 5118 3604 5173 per-

2020 5201 2245 5266 niciem,
2299 5200 2556 5265 valeant;
2592 5199 2909 5254 venientem
2955 5198 3216 5262 animam,
3267 5210 3331 5250 ac
3361 5210 3601 5264 propere
3636 5239 3641 5245 .

2019 5294 2347 5364 fugientem,
2382 5293 2648 5361 velutque
2686 5291 2741 5344 in
2793 5290 3095 5344 Ecclesium
3133 5304 3198 5343 ac
3236 5286 3389 5357 pacis
3420 5282 3603 5339 invio-

2020 5386 2189 5442 labile
2214 5386 2501 5455 templum,
2534 5385 2589 5438 in
2613 5382 2924 5438 naturalem
2950 5381 3006 5435 in
3033 5380 3238 5451 spiritu
3261 5378 3604 5448 contempla—

1615 5620 1848 5677 VARIAS
1897 5616 2306 5675 LECTIONES.

404 5755 451 5785 ³⁸
487 5754 613 5827 ὅλης
636 5774 683 5811 c.
720 5757 781 5811 A.
856 5756 899 5788 ‘7
930 5755 1073 5827 ψυχὴ
1105 5757 1136 5827 ἡ
1173 5757 1272 5828 τῆς
1308 5774 1361 5811 κ.
1395 5757 1517 5812 cod.
1563 5757 1728 5830 Μαι-ε.

1806 5759 1851 5791 ³⁸
1908 5755 2262 5829 βουληθέντες
2327 5756 2443 5825 μὲν,
2482 5753 2587 5808 τῶν
2611 5768 2660 5807 c.
2692 5753 2756 5807 A.
