4094 6358
550 313 673 399 ‘099

1745 316 1805 375 s.
1848 316 2135 399 maxum
2177 265 2687 379 CONFESSORIS

3739 325 3846 388 700

567 432 778 485 tionem
795 427 1169 499 (tranquillam
1196 428 1344 483 illam
1366 442 1431 483 ac
1459 427 1527 483 ab
1556 427 1707 483 omni
1744 427 2062 484 turbatione
2090 429 2144 484 li-

2264 430 2503 502 ἀληθοῦς
2553 431 2713 502 ἡμῶν
2752 429 2887 484 Θεοῦ
2927 431 3024 485 καὶ
3066 431 3370 504 ἀρχιερέως
3411 435 3839 512 εἰσερχομένην·

566 522 783 589 beram)
811 521 925 575 una"
955 536 1083 576 cum
1121 520 1335 584 Verbo,
1366 519 1658 590 Verboque
1684 519 1806 591 ipso
1849 536 2052 591 magno
2090 536 2156 576 ac

566 631 699 677 vero
719 615 834 670 Deo
850 624 1042 669 nostro
1065 629 1132 670 ac
1163 612 1425 684 pontiﬁce
1448 613 1700 676 ductore,
1719 614 2152 684 ingredientem;

565 724 801 779 quaaque
835 719 898 766 ut
918 724 1020 779 per
1043 709 1290 780 symbola
1316 724 1505 763 rerum
1535 723 1817 765 sacrarum
1841 708 2153 779 :enigmata,

561 814 667 868 per
698 815 794 856 eas
816 816 940 870 quae
970 800 1246 854 habentur
1277 798 1493 853 divinas
1523 799 1814 865 lectiones,
1851 815 2041 855 rerum
2074 814 2158 854 ra-

568 890 748 947 tiones
771 892 1067 957 doceatur,
1099 891 1546 962 stupcndumque
1586 908 1651 948 ac
1679 907 1961 959 magnum,
2007 892 2150 961 ejus,

458 1058 463 1061 _
563 1000 688 1052 qua:
730 985 785 1039 in
817 985 936 1056 lege
972 993 1029 1040 et
1071 985 1361 1056 prophetis
1410 985 1750 1052 declaratur,
1782 985 2154 1055 providentia:

564 1076 775 1132 divina}
797 1077 1154 1149 mysterium;
1192 1078 1359 1148 inque
1394 1078 1662 1148 singulis,
1698 1078 1949 1148 pulchrae
1982 1078 2038 1133 in
2067 1078 2157 1133 his

468 1171 478 1181 '
563 1169 874 1238 disciplinae
899 1185 964 1225 ac
996 1169 1299 1239 diligentiae
1334 1171 1587 1240 praemio,
1619 1170 1894 1225 divinitus
1933 1181 2155 1226 sancta-

561 1275 686 1314 rum
722 1261 1063 1316 Potestatum
1109 1277 1301 1331 opera,
1339 1262 1771 1333 intelligentium
1814 1277 1969 1317 more
2004 1262 2158 1318 intus

561 1352 753 1406 animo
794 1352 1236 1423 alloquentium,
1291 1355 1444 1424 pacis
1506 1370 1753 1410 munera
1799 1354 2157 1425 designantes

560 1443 763 1500 laudes
795 1444 1085 1516 faustaque
1118 1454 1247 1501 vota
1272 1446 1533 1515 accipiat,
1567 1462 1677 1501 una
1701 1461 1827 1501 cum
1856 1444 2034 1501 divini
2060 1461 2157 1501 ac-

2252 522 2349 575 καὶ
2381 523 2459 585 ὡς
2492 522 2581 576 διὰ
2613 522 2900 594 συμϐόλων
2926 522 3035 577 τῶν
3060 524 3367 595 γινομένων
3405 525 3566 582 θείων
3591 529 3840 598 ἀναγνω-

2255 614 2501 684 σμάτων,
2531 616 2660 679 τοὺς
2699 614 2810 669 τῶν
2843 614 3014 669 ὄντων
3059 615 3461 687 διδασκομένήν
3498 618 3718 687 λόγους,
3745 620 3842 675 καὶ

2251 706 2311 759 τὸ
2342 706 2655 777 θαυμαστὸν
2692 708 2790 761 καὶ
2831 708 2977 779 μέγα
3006 708 3106 778 τῆς
3142 708 3201 761 ὲν
3220 708 3375 779 νόμῳ
3402 707 3500 762 καὶ
3529 712 3839 779 προφήταις

2250 798 2589 871 δηλουμένης
2631 799 2783 863 θείας
2819 800 3076 870 προνοίας
3114 800 3434 870 μυστήριον⁸
3461 799 3586 853 καθ’
3609 800 3839 857 ἕκαστόν

2259 910 2318 947 τε
2346 892 2671 966 δεξαμένην,
2705 895 2846 966 ὑπὲρ
2876 896 2974 964 τῆς
3003 895 3063 947 ὲν
3087 893 3302 957 τούτοις
3331 893 3506 965 καλῆς
3532 895 3838 966 μαθητείας

2261 983 2446 1041 θεόθεν
2472 986 2558 1040 διὰ
2595 987 2704 1041 τῶν
2755 987 2927 1056 ἁγίων
2977 986 3299 1059 δυνάμεων,
3322 984 3526 1058 νοερῶς
3560 987 3703 1041 κατά
3731 988 3838 1042 διά-

2254 1094 2407 1132 νοιαν
2435 1078 2574 1149 αὐτῇ
2597 1078 3016 1150 διαλεγομένων,
3045 1078 3149 1141 τὰς
3174 1076 3571 1149 εἰρηνοδὼρους
3598 1077 3836 1147 σημειώ-

2256 1186 2392 1235 σεις,
2421 1170 2560 1239 μετὰ
2578 1173 2679 1242 τῆς
2710 1171 2984 1241 ρωστικῆς
3010 1172 3106 1223 καὶ
3141 1169 3549 1241 συντηρητικῆς
3579 1168 3833 1233 θέλξεως,

2254 1262 2352 1332 τῆς
2386 1261 2540 1326 θείας
2569 1264 2664 1316 καί⁸
2687 1263 2955 1335 διαπύρου
2990 1263 3133 1317 κατά
3161 1262 3296 1315 Θεὸν
3322 1263 3584 1331 ἐφέσεως,
3620 1261 3708 1313 διὰ
3738 1260 3835 1329 τῆς

2258 1354 2540 1425 μυστικῶς
2563 1356 2909 1428 ὐπᾳδομένης
2936 1357 3073 1426 αὐτῇ
3106 1354 3314 1427 νοητῶς
3332 1355 3441 1409 τῶν
3461 1355 3624 1409 θείων
3656 1351 3835 1425 ᾀσμά-

2257 1462 2366 1499 των
2393 1446 2610 1517 ἡδονῆς.

560 1538 826 1608 censique
865 1538 1028 1610 516
1054 1538 1231 1594 divini
1263 1537 1529 1593 desiderii
1568 1537 1868 1592 roborante
1915 1551 1981 1592 ac
2044 1546 2411 1594 conservante
2471 1538 2754 1603 illecebra,
2786 1553 2888 1607 per
2911 1552 3056 1603 eam,
3085 1553 3207 1608 qua
3270 1537 3500 1609 mystice
3534 1538 3611 1592 illi
3650 1537 3832 1592 animo

558 1631 888 1697 succinitur,
912 1631 1231 1687 divinorum
1264 1632 1610 1687 canticorum
1643 1632 2004 1702 voluptatem.

626 1724 880 1795 Tumque
909 1724 1113 1780 iterum
1156 1740 1225 1780 ex
1256 1725 1345 1780 his
1381 1731 1788 1790 transeuntem,
1828 1724 1997 1793 inque
2037 1736 2144 1801 uno

2322 1716 2496 1772 Πάλιν
2545 1719 2611 1772 ὲκ
2664 1716 2873 1772 τούτων
2914 1717 3368 1789 μεταϐαίνουσαν,
3404 1720 3509 1775 καὶ·
3533 1724 3832 1794 συναγομέ⁶

552 1832 620 1872 ac
649 1818 789 1881 solo,
824 1817 1039 1886 hosque
1075 1816 1232 1872 unite
1278 1831 1341 1871 ac
1381 1816 1741 1887 singulariter
1777 1813 2147 1884 comprehen-

551 1909 721 1964 dente
753 1924 1063 1975 sermones,
1093 1924 1157 1964 ac
1184 1908 1435 1963 rationes
1462 1908 1695 1971 vertice,
1727 1921 1848 1962 sese
1878 1905 2146 1976 colligen-

552 2010 696 2066 tim;
750 2017 953 2071 nempe
1004 2008 1198 2057 sancto
1229 1999 1528 2071 Evangelio
1559 1998 1615 2053 in
1641 2013 1751 2068 quo
1782 2013 1975 2053 omnes
2018 2012 2144 2051 cum

552 2092 939 2163 providentiae,
971 2101 1086 2148 tum
1130 2108 1338 2156 rerum,
1374 2091 1537 2146 unius
1562 2090 1885 2160 complexus
1908 2089 1986 2153 vi,
2014 2087 2146 2143 uni-

551 2185 810 2242 formiter
842 2185 1234 2257 praaexsistunt
1259 2184 1524 2239 rationes.
1549 2182 1671 2249 Quo
1700 2182 1967 2252 perlecto,
2005 2180 2148 2235 divi-

552 2291 627 2331 no
669 2290 864 2331 rursus
898 2290 1063 2329 sensu
1087 2273 1279 2328 videre
1314 2273 1502 2337 liccat,
1544 2270 2145 2341 religiosisinturbatis

552 2370 758 2423 mentis
790 2366 987 2431 oculis,
1020 2366 1199 2435 ipsum
1235 2365 1477 2419 Verbum
1521 2379 1586 2418 ac
1629 2364 1805 2417 Deum
1838 2362 2065 2418 coalitus
2088 2362 2142 2417 ei

550 2459 981 2524 advenientem,
1014 2459 1093 2513 uti
1136 2457 1350 2513 scilicet
1378 2456 1661 2527 pontiﬁcis
1722 2471 1755 2511 e
1810 2454 2144 2510 sacerdotali

550 2550 686 2606 sede
706 2548 1249 2613 descensusindicat,
1266 2563 1332 2603 ac
1348 2547 1591 2617 perfecte
1610 2548 1731 2617 ejus
1751 2546 2141 2617 cogitationes,

542 2656 676 2711 qua:
697 2641 881 2697 adhuc
906 2655 1152 2705 sensum,
1177 2655 1241 2695 ac
1273 2655 1396 2710 quae
1432 2654 1532 2709 pro
1568 2639 1690 2709 ejus
1731 2638 1950 2693 ratione
2003 2636 2147 2693 divi-

548 2733 662 2789 dua
693 2741 860 2798 sunt,
917 2731 1202 2803 conceptis
1232 2730 1569 2801 imaginibus
1622 2729 1809 2785 animo
1849 2728 2141 2799 eﬁingunt,

438 2816 439 2819 “
547 2824 1078 2883 catechumenorum
1122 2824 1237 2891 ritu
1288 2829 1702 2893 segregantem;
1744 2821 1987 2892 indeque
2014 2838 2143 2876 rur-

549 2933 709 2986 sum,
755 2918 925 2974 rebus
978 2918 1038 2973 in
1102 2932 1327 2973 sensum
1365 2915 1699 2972 cadentibus
1757 2915 2140 2983 excedentem,

548 3026 660 3081 qua
705 3011 920 3066 ratione
955 3018 1162 3066 sancta:
1220 3009 1319 3065 Dei
1373 3007 1639 3064 Ecclesiae
1690 3007 1841 3062 fores
1882 3007 2139 3073 occlusae,

549 3102 973 3173 intelligendum
1000 3102 1322 3165 admonent,
1352 3100 1421 3155 ad
1446 3115 1589 3166 eam,
1631 3115 1753 3169 quae
1777 3114 1876 3169 per
1904 3113 2141 3154 arcano-

547 3208 673 3247 rum
706 3193 1099 3264 mysteriorum
1148 3191 1438 3245 introitum
1489 3188 1860 3260 signiﬁcatur,
1908 3187 2141 3243 materia

548 3294 854 3350 carentem,
904 3283 1249 3352 simplicem,
1308 3280 1728 3344 invariabilem,
1784 3279 2139 3344 deiformem,

545 3375 814 3445 omnique
845 3373 1155 3429 absolutam
1187 3371 1364 3426 forma
1391 3385 1458 3425 ac
1506 3368 1710 3440 ﬁgura,
1745 3382 1941 3423 eorum
1963 3407 1978 3432 ,
2016 3382 2141 3436 qua:

546 3466 666 3521 sola
695 3473 882 3520 mente
915 3458 1326 3534 percipiuntur,
1350 3459 1639 3515 scientiam
1660 3458 1956 3514 ducentem
1984 3461 2141 3527 (qua,

548 3558 605 3612 in
650 3557 833 3626 seipsa
890 3569 1019 3610 suas
1057 3555 1176 3624 ipsa
1205 3552 1375 3617 vires,
1431 3566 1600 3622 seque
1652 3551 1825 3622 ipsam
1858 3552 1916 3607 in
1956 3551 2141 3608 Verbo

546 3648 835 3719 colligens,
895 3646 1211 3715 mentisque
1261 3643 1471 3710 osculo,
1504 3642 1698 3708 unitis,
1750 3658 1873 3714 qua:
1910 3643 1979 3698 ad
2019 3644 2141 3714 ejus

548 3745 806 3807 spectant
850 3736 1086 3790 salutem
1125 3731 1436 3788 rationibus
1479 3732 1691 3801 pariter
1726 3748 1792 3788 ac
1824 3733 2031 3803 modis)
2068 3732 2137 3788 ad

548 3828 731 3897 ipsum
765 3826 975 3891 evadit,
1022 3842 1123 3896 per
1165 3825 1294 3881 ﬁdei
1342 3824 1665 3897 Symbolum
1700 3833 1859 3897 grato
1890 3836 1947 3882 et
1986 3825 2139 3881 ﬁdeli

547 3923 740 3977 animo
766 3920 1020 3977 conﬁteri
1046 3920 1358 3977 docentem.

617 4012 750 4067 Post
782 4012 900 4066 haec
922 4021 1109 4067 autem
1134 4028 1331 4067 rursus
1360 4022 1423 4067 ut
1451 4028 1573 4083 qum
1601 4014 1713 4084 jam
1749 4012 2012 4082 deinceps
2042 4027 2142 4084 per

546 4104 858 4175 potentiam
901 4104 1237 4176 simplicem,
1271 4104 1731 4175 individuamque
1782 4104 2052 4160 doctrinae
2086 4106 2140 4161 vi
2186 4131 2193 4137 ο

546 4205 921 4268 comparatam
954 4198 1264 4262 scientiam,
1299 4208 1416 4253 tum
1454 4212 1639 4252 rerum
1676 4212 1800 4266 quae
1824 4198 1882 4252 in
1912 4212 2135 4252 sensum

545 4291 795 4351 cadunt,
848 4300 966 4347 tum
1003 4306 1127 4360 quae
1179 4298 1365 4344 mente
1413 4288 1827 4359 intelliguntur,
1891 4290 2138 4344 rationes

2248 1830 2349 1885 νην
2369 1814 2462 1867 ἐπὶ
2486 1813 2585 1885 τὴν
2616 1813 2749 1884 μίαν
2768 1814 2863 1868 καὶ
2895 1814 3065 1886 μόνην
3092 1814 3190 1868 καὶ
3213 1814 3426 1878 ἑνιαίως
3456 1815 3679 1881 τούτους
3710 1819 3830 1872 συλ-

2248 1903 2639 1975 λαμϐάνουσαν
2683 1906 2810 1968 τοὺς
2854 1905 3050 1974 λόγους
3098 1907 3388 1977 κορυφήν*
3436 1905 3581 1977 λέγω
3639 1908 3717 1974 δὲ,
3769 1910 3829 1964 τὸ

2250 1996 2409 2065 ἅγιον
2443 1996 2799 2066 Εὑαγγέλιον,
2840 1997 2900 2051 ὲν
2927 1990 2971 2064 ᾧ
2997 1998 3197 2062 πάντες
3237 1997 3336 2069 τῆς
3363 2016 3423 2052 τε
3452 2001 3712 2070 προνοίας
3738 2003 3828 2056 καὶ

2247 2089 2357 2142 τῶν
2413 2089 2585 2142 ὄντων
2635 2090 2685 2142 οἰ
2731 2088 2882 2157 λόγοι
2911 2088 3053 2142 κατά
3104 2089 3234 2159 μίαν
3288 2091 3551 2162 περιοχῆς
3596 2091 3827 2163 δύναμιν

2248 2181 2497 2245 ἑνοειδῶς
2528 2183 3003 2252 προῦφεστήκασι.
3033 2182 3171 2235 Μεθ’
3191 2181 3220 2235 ὃ
3248 2184 3370 2236 κατ’
3393 2184 3652 2253 αἴσθησιν
3680 2186 3827 2240 θείαν

2248 2272 2412 2326 αὐτὸν
2468 2272 2602 2344 όρᾷν
2653 2271 2832 2326 ἔνεστι
2878 2271 3042 2325 πάλιν
3097 2271 3320 2341 θεμιτὸν
3368 2274 3483 2337 τοῖς
3536 2274 3823 2344 φιλοθέοις,

2246 2362 2583 2433 ἀταρϐήτοις
2632 2364 2752 2428 νοὸς
2802 2362 3016 2434 ὄμμασι
3054 2364 3493 2435 παραγινόμενον
3535 2366 3827 2437 οὐρανόθεν

2246 2454 2386 2525 αὐτῇ
2423 2453 2516 2508 τὸν
2558 2453 2736 2522 Λόγον
2769 2454 2865 2508 καὶ
2902 2453 3055 2519 Θεὸν,
3083 2454 3161 2518 ὡς
3205 2456 3239 2526 ή
3270 2454 3365 2508 τοῦ
3390 2456 3692 2526 ἀρχιερέως
3722 2459 3828 2512 ἀπὸ

2246 2543 2339 2598 τοῦ
2372 2543 2565 2615 θρόνου
2616 2542 2713 2599 τοῦ
2763 2544 3041 2615 ἱερατικοῦ
3078 2545 3338 2615 σημαίνει
3370 2546 3696 2611 κατάόασιςο
3732 2550 3825 2603 καὶ

2245 2635 2452 2691 τέλειον
2480 2637 2651 2708 αὐτῆς
2671 2637 3018 2709 διακρίνοντα
3046 2637 3472 2709 κατηχουμένων
3501 2640 3659 2711 δίκην
3702 2641 3827 2705 τοὺς

2248 2728 2328 2782 ἔτι
2368 2729 2469 2799 τὴν
2494 2727 2773 2801 αἴσθησιν,
2806 2730 2905 2784 καὶ
2950 2729 3012 2783 τὸ
3049 2729 3171 2784 κατ’
3200 2713 3377 2802 αὐτὴν
3411 2732 3667 2803 μεριστὸν
3694 2750 3826 2801 φαν-

2244 2820 2641 2892 τασιουμένους
2690 2820 3009 2892 λογισμούς.
3056 2823 3370 2878 Κάντεῦθεν
3401 2824 3564 2879 πάλιν
3592 2823 3700 2891 ἔξω
3732 2842 3826 2894 γε-

2247 2913 2480 2984 νομένην
2523 2912 2634 2966 τῶν
2669 2912 2968 2983 αἰσθητῶν,
3009 2913 3086 2977 ὼς
3115 2916 3147 2984 ή
3175 2912 3286 2967 τῶν
3331 2914 3512 2983 θυρῶν
3540 2915 3641 2986 τῆς
3662 2916 3824 2985 ἁγίας

2246 3004 2341 3057 τοῦ
2378 3003 2515 3057 Θεοῦ
2567 3003 2866 3075 ἐκκλησίας
2916 3007 3058 3057 νοεῖν
3103 3005 3419 3059 ὑποτίθεται
3463 3005 3690 3070 κλεῖσις’
3733 3009 3824 3061 ἐπὶ

2167 3064 2211 3121 C
2243 3096 2342 3165 τὴν
2369 3064 2860 3167 δηλουμένηίδιά-
2892 3099 2994 3167 τῆς
3046 3096 3254 3150 εἰσόδου
3305 3097 3413 3150 τῶν
3451 3064 3705 3170 ἀρρήτων
3733 3118 3825 3171 μυ-

2244 3188 2506 3259 στηρίων,
2560 3186 2724 3241 ἇῦλον
2782 3187 2879 3241 καὶ
2937 3186 3116 3258 ἁπλῆν
3159 3187 3256 3241 καὶ
3319 3189 3678 3244 ἀναλλοίωτον
3730 3191 3822 3245 καὶ

2243 3280 2473 3351 θεοειδῆ,
2506 3279 2603 3334 καὶ
2648 3279 2849 3342 παντὸς
2884 3279 3177 3349 ἐλευθέραν
3206 3278 3382 3343 εἴδους
3411 3280 3503 3333 καὶ
3536 3281 3813 3350 σχήματος

2242 3371 2558 3441 ἐπιστήμην
2598 3370 2708 3423 τῶν
2738 3370 2947 3439 νοητῶν
2977 3369 3202 3439 ἄγοντα·
3238 3370 3359 3423 καθ’
3390 3372 3457 3441 ἦν
3486 3370 3819 3439 συναγαγοῦ-

2244 3473 2344 3509 σαν
2367 3458 2506 3528 πρὸς
2542 3456 2641 3527 μὲν
2688 3457 2890 3526 ἑαυτῆς
2919 3455 3020 3520 τὰς
3050 3456 3261 3520 οἰκείας
3287 3457 3568 3527 δυνάμειςο
3598 3457 3736 3527 πρὸς
3766 3456 3823 3510 δὲ

2239 3547 2334 3602 τὸν
2408 3549 2606 3617 Λόγον,
2691 3548 2893 3619 ἑαυτὴν
2951 3550 3192 3620 καταντᾷ
3216 3588 3234 3613 ,
3305 3548 3394 3603 διὰ
3471 3548 3569 3603 τοῦ
3635 3548 3822 3621 νοεροῦ

2239 3640 2539 3711 ἀσπασμοῦ
2574 3638 2859 3698 ἑνώσασαν
2877 3642 3005 3705 τοὺς
3038 3642 3169 3713 αιίερ)⁸
3196 3641 3399 3712 ἑαυτὴν
3427 3642 3703 3713 ἀρρήτους
3726 3643 3822 3711 τῆς

2242 3732 2520 3812 σωτηρίας
2546 3732 2640 3785 καὶ
2666 3731 2861 3801 λόγους
2889 3732 2984 3786 καὶ
3011 3734 3272 3804 τρόπους,
3308 3732 3397 3786 διὰ
3426 3732 3519 3786 τοῦ
3553 3731 3820 3802 συμϐόλου

2240 3823 2340 3895 τῆς
2373 3824 2614 3888 πίστεως
2655 3823 2998 3895 εὐχαρίστως
3026 3824 3310 3895 ὁμολογεῖν
3349 3823 3754 3887 ἐκδιδάσκοντα.

2325 4002 2448 4056 Ἐπὶ
2483 4000 2698 4064 τούτοις
2737 4001 2795 4055 δὲ
2836 4000 3023 4067 πάλιν,
3072 4002 3149 4067 ὡς
3206 4002 3307 4074 ἤδη
3345 4002 3533 4057 λοιπὸν
3564 4004 3709 4058 κατὰ
3733 4003 3817 4057 δύο

2238 4111 2404 4166 ναμιν
2442 4094 2489 4127 "
2523 4094 2702 4165 ἁπλῆν
2736 4093 2832 4148 καὶ
2865 4094 3175 4164 ἀδιαίρετον
3204 4093 3295 4148 διὰ
3322 4094 3645 4164 μαθητείας,
3676 4094 3819 4165 γνὼ-

2240 4203 2345 4251 σει,
2377 4185 2781 4256 περιλαϐοῦσαν
2812 4186 2942 4250 τούς
2981 4203 3046 4239 τε
3086 4185 3199 4240 τῶν
3251 4184 3529 4256 αἰσθητῶν
3572 4186 3669 4239 καὶ
3712 4186 3824 4239 τῶν

2238 4278 2445 4357 νοητῶν
2478 4277 2695 4347 λόγους,
2733 4278 2827 4332 ἐπὶ
2868 4278 2969 4349 τὴν
2995 4278 3201 4347 γνῶσιν
3226 4278 3327 4348 τῆς
3357 4278 3628 4348 ἐκφανοῦς
3644 4278 3823 4349 αὐτὴν

545 4382 830 4451 complexa
865 4381 969 4447 sit,
994 4380 1061 4435 ad
1084 4381 1249 4435 clara:
1276 4395 1340 4434 ac
1368 4378 1674 4435 manifestae
1693 4394 1815 4434 eam
1847 4379 2137 4451 theologia

2243 4372 2442 4441 ἄγοντα
2476 4370 2773 4440 θεολογίας,
2810 4370 2949 4441 μετὰ
2997 4369 3095 4441 τὴν
3139 4370 3360 4424 πάντων
3411 4369 3685 4438 διάϐασιν,
3724 4372 3824 4424 καὶ

545 4473 861 4536 scientiam,
890 4481 1018 4541 post
1039 4471 1225 4526 omnia
1251 4479 1509 4541 superata
1526 4472 1945 4542 provehentem,
1971 4480 2138 4543 atque

545 4579 738 4635 parem
768 4564 1003 4635 angelis,
1035 4561 1219 4633 quoad
1253 4562 1472 4632 assequi
1500 4563 1665 4629 licet,
1714 4563 2136 4635 intelligentiam

545 4655 917 4727 praebentem,
964 4671 1142 4726 eaque
1190 4655 1339 4709 illam
1384 4656 1680 4727 sagacitate
1712 4656 2035 4723 docentem,
2070 4666 2138 4713 ut

547 4758 722 4798 unum
753 4744 927 4800 Deum
951 4745 1112 4810 sciat,
1143 4759 1311 4799 unam
1349 4746 1671 4811 essentiam,
1703 4755 1818 4801 tres
1844 4762 2134 4817 personas,

545 4836 804 4893 essentiae
844 4838 1113 4894 unitatem
1142 4838 1291 4893 trine
1327 4837 1744 4905 subsistentem,
1796 4855 1862 4894 ac
1889 4840 2134 4895 consub-

547 4928 863 4984 stantialem
910 4944 1274 4999 personarum
1334 4928 1641 4993 trinitatem
1695 4949 1709 4984 :
1757 4931 2028 4987 unitatem
2081 4930 2136 4986 in

548 5019 819 5087 trinitate,
859 5031 916 5077 et
951 5022 1255 5077 trinitatem
1288 5022 1345 5076 in
1383 5024 1624 5088 unitate;
1659 5033 1771 5077 non
1802 5023 1965 5078 aliam
1990 5064 2005 5091 ,
2052 5033 2138 5078 at-

548 5126 660 5180 que
681 5111 886 5179 aliam;
927 5128 1110 5183 neque
1158 5113 1325 5168 aliam
1369 5123 1573 5185 praeter
1611 5114 1798 5174 aliam.
1838 5123 1935 5169 aut
1970 5115 2135 5170 aliam

544 5217 649 5271 per
671 5201 856 5267 aliam,
903 5204 1020 5259 sive
1039 5220 1140 5275 per
1176 5205 1337 5260 aliam
1377 5206 1566 5270 aliam,
1596 5213 1691 5260 aut
1724 5206 1888 5261 aliam
1922 5207 1975 5261 in
2003 5207 2133 5274 alia,

543 5290 632 5343 vel
684 5304 751 5344 ex
799 5291 907 5346 alia
939 5292 1139 5359 aliam;
1170 5292 1268 5348 sed
1318 5294 1571 5348 eamdem
1612 5294 1668 5349 in
1711 5295 1913 5365 seipsa,
1941 5304 1998 5351 et
2035 5312 2133 5366 per

543 5380 805 5451 seipsam,
847 5398 1017 5455 penes
1061 5384 1413 5453 semetipsam
1438 5384 1542 5439 sibi
1570 5385 1672 5455 ipsi
1710 5386 1959 5441 eamdem
2005 5403 2131 5443 cum

548 5472 860 5540 unitatem,
916 5484 1031 5529 tum
1095 5476 1420 5541 trinitatem,
1472 5477 1622 5531 omni
1673 5487 1788 5532 tum
1844 5490 2130 5536 vacantem

2241 4463 2343 4536 τὴν
2382 4464 2505 4534 ἰσην
2531 4465 2646 4526 τοῖς
2684 4463 2937 4532 ἀγγέλοις
2971 4462 3114 4516 κατὰ
3149 4461 3210 4516 τὸ
3254 4462 3475 4531 ἐφικτὸν
3506 4463 3643 4534 αὐτῇ
3677 4479 3823 4533 παρ-

2243 4554 2507 4625 εχόμενον
2537 4553 2747 4624 νόησιν·
2776 4553 2870 4606 καὶ
2896 4552 3151 4606 τοσοῦτον
3174 4553 3497 4607 διδάσκοντα
3527 4554 3823 4624 σωφρόνως

2240 4644 2432 4716 αὐτὴν,
2468 4644 2593 4697 ὅσον
2637 4641 2838 4697 εἰδέναι
2868 4642 3002 4697 Θεὸν
3028 4642 3147 4709 ἕνα,
3189 4642 3319 4714 μίαν
3341 4642 3551 4708 οὐσίαν,
3584 4642 3824 4697 ὑποστάο

2242 4754 2358 4800 σεις
2383 4737 2554 4807 τρεῖς·
2586 4733 2792 4805 μονάδα
2826 4734 3016 4799 οὐσίας
3059 4734 3514 4806 τρισυπόστατον,
3546 4736 3641 4788 καὶ
3664 4734 3828 4807 Τριά-

2239 4828 2308 4884 δα
2352 4827 2705 4881 ὑποστάσεων
2760 4827 3070 4894 ὁμοούσιον·
3130 4826 3333 4897 μονάδα
3382 4826 3443 4879 ὲν
3483 4826 3685 4898 τριάδι,
3727 4827 3827 4881 καὶ

2235 4920 2431 4990 τριάδα
2474 4920 2532 4973 ἐν
2570 4919 2758 4989 μονάδι
2788 4919 2857 4952 ⁸⁰⁶
2886 4920 2989 4974 οὐκ
3029 4920 3199 4990 ἄλλην
3234 4922 3328 4974 καὶ
3369 4920 3559 4991 ἄλλην,
3598 4921 3710 4974 οὐδ’
3736 4921 3828 4975 ἄλο

2234 5012 2334 5083 λην
2370 5010 2503 5082 παρ’
2532 5010 2719 5080 ἄλλην,
2751 5011 2872 5066 οὐδὲ
2902 5011 2968 5064 δι’
2997 5011 3165 5081 ἄλλης
3186 5011 3355 5082 ἄλλην
3374 5052 3388 5075 ,
3424 5012 3533 5067 οὐδ’
3567 5011 3738 5082 ἀλλην
3766 5011 3829 5063 ὲν

2233 5104 2390 5176 ἄλλῃ,
2411 5103 2535 5157 οὐδὲ
2570 5103 2633 5169 ἐξ
2655 5103 2822 5173 ἄλλης
2847 5103 3034 5172 ἀλλην·
3067 5102 3207 5157 ἀλλὰ
3224 5103 3323 5174 τὴν
3348 5102 3520 5171 αὐτὴν
3545 5103 3607 5156 ιν
3629 5103 3823 5172 ἑαυτῇ,

2234 5199 2331 5252 καὶ
2348 5198 2472 5253 καθ’
2499 5198 2701 5269 ἑαυνην
2731 5197 2818 5267 ἐφ’
2839 5195 3059 5268 ἑαυτὴν,
3090 5198 3255 5267 ἑαυτῇ
3285 5196 3491 5265 ταὺτὴν
3522 5195 3567 5228 ⁸⁸
3604 5197 3701 5248 καὶ
3727 5212 3829 5264 μο-

2238 5289 2370 5345 νάδα
2402 5290 2503 5342 καὶ
2529 5288 2725 5360 τριάδα
2770 5288 3078 5359 ἀσύγχυτόν
3108 5304 3167 5341 τε
3208 5289 3306 5342 καὶ
3353 5285 3682 5359 ἀσυγχύτως
3724 5284 3829 5357 τὴν

2236 5380 2434 5434 ἕνωσιν
2446 5382 2490 5413 ⁵¹
2513 5380 2765 5451 ἔχουσαν,
2786 5380 2882 5434 καὶ
2900 5379 2998 5451 τὴν
3017 5378 3289 5451 διάκρισιν
3315 5377 3623 5449 ἀδιαίρετόν
3641 5393 3700 5430 τε
3730 5375 3832 5428 καὶ

2238 5476 2539 5547 ἀμέριστον
2562 5492 2576 5506 ⁸
2612 5475 2819 5546 μονάδα
2857 5473 2957 5544 μὲν
2998 5471 3140 5532 κατὰ
3176 5472 3270 5525 τὸν
3308 5470 3406 5541 τῆς
3445 5470 3654 5534 οὐσίας,
3702 5468 3827 5537 ἤτοι

1856 5591 2094 5648 VARUE
2130 5591 2539 5649 LECTIONES.

625 5700 670 5779 ’ξ
700 5701 844 5779 κατά
868 5702 993 5779 νοῦν
1016 5718 1077 5779 _c.
1255 5704 1300 5736 '°
1316 5704 1520 5779 Eadem
1549 5708 1603 5761 in
1628 5707 1780 5763 Orat.
1813 5708 2176 5774 Dominicam,
2209 5709 2305 5764 [Illi
2338 5710 2502 5764 etiam
2531 5709 2873 5779 singulorum
2916 5706 3162 5761 rationes
3190 5702 3452 5772 assignat.
3531 5699 3575 5731 "
3606 5697 3826 5751 Ταυτδν

560 5780 611 5822 c.
643 5771 707 5824 Δ.
787 5772 831 5802 ¹¹
871 5772 1166 5826 ἁσύνθετόν
1206 5791 1264 5827 τε
1300 5776 1389 5828 καὶ
1423 5776 1731 5849 ἀσύγχυτον
1762 5779 1862 5850 τὴν
1894 5780 2088 5834 ἕνωσιν
2129 5771 2177 5836 c.
2217 5780 2280 5834 A.
2318 5789 2371 5835 et
2404 5780 2492 5833 Fr.
