4094 6366
374 359 478 428 701

1738 361 1980 422 MYS'I‘A
1988 361 2240 422 GOGIA.

3527 360 3637 423 702

372 473 469 529 τὸν
488 469 585 526 τοῦ
622 463 761 525 εἶναι
812 467 990 537 λόγον’
1032 467 1147 527 ἀλλ’
1194 468 1255 522 οὐ
1296 468 1439 524 κο.τά
1476 469 1790 543 σύνθεσινῆ
1831 490 1956 525 συν-

2068 475 2501 545 eompositione,
2562 480 2675 525 tum
2711 470 3058 526 inconfusam
3125 470 3286 542 517
3336 470 3637 526 habentem

377 562 670 639 αἰρεσιν,ἧ
710 561 812 633 τὴν
858 558 1071 616 οίανοῦν
1112 559 1394 631 σύγχυσιν·
1444 563 1641 634 τριάδα
1695 564 1774 627 δὲ,
1817 564 1958 618 κατὰ

379 659 474 712 τὸν
490 653 586 710 τοῦ
618 653 736 718 πῶς
763 654 1033 724 ὑπάρχειν
1062 654 1158 706 καὶ
1205 654 1506 723 ὑφεστάναι
1538 655 1716 725 λόγον·
1750 655 1863 710 ἀλλ’
1895 654 1957 708 οὐ

382 747 525 803 κατά
566 745 828 818 διαίρεσιν
863 745 897 815 ἢ
933 744 1309 816 ἀλλοτρίωσιν,
1348 746 1381 818 ἢ
1423 748 1517 800 τὸν
1548 745 1757 800 οἱονοῦν
1805 763 1961 817 μερι-

388 841 545 910 σμόν.
579 840 653 893 Οὐ
681 839 789 909 γὰρ
822 837 1156 910 μεμέρισται
1204 840 1327 902 ταῖς
1372 840 1737 893 ὑποστάσεσιν
1775 842 1808 910 ἡ
1860 857 1959 909 μο-

386 932 504 996 νὰς,
540 929 660 983 οὐδὲ
693 928 960 999 σχετικῶς
993 927 1169 982 ἔνεστι
1191 928 1289 982 καὶ
1319 929 1710 1000 ὲπιθεωρεῖται
1743 931 1956 993 αὑταῖς·

383 1022 505 1077 οὐδὲ
533 1020 904 1074 συντέθεινται
938 1020 1018 1081 είς
1042 1017 1265 1073 Μονάδα
1304 1020 1359 1073 αἱ
1382 1018 1739 1084 ὑποστάσεις,
1779 1019 1813 1090 ἥ
1837 1035 1962 1071 συν-

382 1113 590 1185 αιρέσει
627 1111 798 1183 αὐτὴν
838 1108 1227 1181 ἐκπληροῦσιν·
1271 1110 1410 1165 ἀλλά
1448 1111 1547 1183 τὴν
1577 1112 1750 1181 αὐτὴν
1793 1113 1960 1182 ἑαυτῇ

377 1202 593 1266 ταύτὸν,
630 1201 812 1265 ἄλλως
866 1200 1054 1272 μέντοι
1089 1200 1186 1253 καὶ
1239 1199 1441 1265 ἄλλως·
1493 1201 1659 1274 μονὰς
1706 1201 1815 1273 γάρ
1844 1202 1962 1253 ἔστι

377 1290 689 1362 ἀσύγχυτος
721 1292 785 1362 τῇ
819 1289 1000 1363 οὐσίᾳ,
1026 1289 1123 1344 καὶ
1158 1288 1235 1360 τῷ
1262 1290 1386 1344 κατ’
1417 1292 1589 1363 αὐτὴν
1620 1290 1780 1363 ἀτιλῴ
1818 1290 1964 1361 λόγῳ

376 1387 417 1455 ἡ
449 1384 584 1453 ἀγία
606 1384 767 1454 τριὰς
790 1383 901 1438 τῶν
943 1384 1330 1438 ὑποστάσεωψ
1371 1383 1466 1437 καὶ
1497 1383 1656 1456 τριάς
1687 1386 1806 1437 ἐστι
1845 1385 1964 1452 ταῖς

380 1472 717 1528 ὑποστάσεσι
749 1473 846 1527 καὶ
888 1470 968 1543 τῷ
999 1472 1192 1543 τρόπῳ
1247 1471 1345 1542 τῆς
1394 1470 1687 1542 ὑπάρξεως
1737 1472 1771 1540 ἡ
1826 1471 1963 1538 ἁγία

381 1567 578 1638 μονάς·
641 1565 739 1637 τὴν
775 1563 950 1637 αὐτὴν
985 1564 1115 1635 ὅλην
1165 1562 1329 1618 τοῦτο
1379 1565 1601 1619 κάκεῖνο
1645 1564 1963 1634 διαφόρως,

377 1658 503 1713 κατ’
537 1658 698 1714 ἀλλον
737 1658 832 1712 καὶ
855 1657 1036 1723 ἀλλον,
1072 1657 1149 1720 ὡς
1177 1658 1413 1728 εἴρηται,
1448 1657 1607 1726 λόγον
1638 1658 1963 1727 νοουμένηνσ

2060 567 2339 633 unionem,
2370 560 2775 633 indivisamque
2823 577 2887 616 ac
2919 562 3086 617 nullis
3111 562 3333 615 scissam
3364 563 3634 632 partibus,
3707 607 3713 613 .

2059 657 2447 713 discretionem
2475 674 2488 709 :
2519 654 2785 710 unitatem
2819 654 3040 722 quidem
3089 652 3393 707 secundum
3442 668 3638 707 essen-

2061 751 2152 804 tia:
2183 749 2420 819 (essendi
2472 746 2704 819 scilicet)
2754 746 3024 800 rationem
3046 785 3060 809 ,
3097 753 3153 798 at
3184 759 3295 798 non
3331 744 3637 805 secundum

2062 840 2520 909 compositionem
2553 846 2646 892 aut
2671 836 3128 900 contractionem,
3159 835 3274 889 sive
3303 835 3470 889 uilam
3500 850 3636 888 con-

2062 932 2369 997 fusionem;
2412 931 2721 985 trinitatem
2758 944 2892 984 vero
2929 927 3238 983 secundum
3283 927 3449 982 talem
3497 928 3643 980 exsi-

2063 1022 2242 1078 stendi
2286 1037 2349 1077 ac
2387 1021 2724 1077 subsistendi
2777 1020 3081 1085 rationem;
3111 1034 3225 1072 non
3256 1028 3390 1072 vero
3440 1032 3642 1071 secun-

2062 1115 2194 1170 dum
2224 1113 2553 1168 divisionem
2594 1123 2691 1168 aut
2738 1112 3139 1176 diversitatem,
3184 1110 3419 1164 uilamve
3474 1108 3645 1178 parti-

2064 1206 2291 1261 tionem.
2344 1206 2468 1262 Non
2526 1205 2675 1260 enim
2724 1203 2909 1259 unitas
2960 1204 3218 1273 personis
3287 1202 3461 1256 divisa
3526 1208 3642 1265 est,

2062 1313 2244 1368 neque
2275 1297 2332 1351 in
2371 1298 2455 1352 eis
2499 1297 2808 1353 secundum
2854 1295 3238 1350 habitudinem
3282 1295 3447 1357 inest,
3475 1293 3645 1362 inque

2064 1390 2176 1445 illis
2201 1388 2582 1445 consideratur
2608 1407 2621 1442 :
2645 1403 2824 1458 neque
2854 1402 3106 1457 personae
3137 1386 3193 1439 in
3224 1384 3493 1438 unitatem
3516 1396 3644 1436 coa-

2063 1476 2281 1535 lescunt
2327 1478 2754 1548 compositione,
2805 1483 2902 1530 aut
2965 1490 3087 1530 eam
3139 1474 3364 1542 explent
3419 1478 3648 1526 eontra—

2066 1572 2283 1637 ctione,
2347 1570 2443 1625 sed
2498 1569 2749 1624 eamdem
2800 1567 2905 1623 sibi
2947 1566 3052 1637 ipsi
3104 1564 3270 1630 idem,
3308 1563 3414 1617 alia
3463 1570 3648 1615 tamen

2066 1672 2230 1733 atque
2267 1661 2374 1716 alia
2428 1661 2665 1716 ratione.
2705 1660 2802 1714 Est
2844 1658 2994 1713 enim
3048 1666 3236 1712 sancta
3284 1667 3647 1723 personarum

382 1751 513 1822 μίαν
544 1752 641 1805 καλ⁸
690 1751 880 1821 μόνην,
929 1750 1239 1822 ἀδιαίρετόν
1266 1767 1326 1802 τε
1375 1751 1470 1803 καὶ
1503 1742 1966 1820 ἀσύγχυτονῗκαὶ

2068 1751 2288 1805 trinitas
2324 1750 2628 1805 secundum
2671 1749 2988 1811 essentiam,
3028 1755 3084 1800 et
3127 1744 3363 1813 simplici
3408 1758 3507 1796 sua
3563 1755 3652 1795 ra-
3685 1740 3699 1751 '

382 1819 560 1917 ἀπλῆν
605 1819 702 1897 καῖ
745 1819 1018 1915 ἀμείωτον
1069 1819 1163 1897 καὶ
1222 1843 1649 1915 ἀπαράλλακτον
1705 1841 1962 1911 θεότητα’

2070 1844 2240 1907 tione,
2260 1844 2453 1896 unitas
2478 1840 2765 1894 inconfusa
2789 1856 2804 1904 ;
2838 1845 3137 1905 sanctaque
3162 1835 3350 1889 unitas
3372 1832 3648 1902 personis,

392 1938 591 2009 μονάδα
648 1936 793 1991 κατά
843 1937 949 2008 τὴν
1013 1935 1206 1990 οὐσίαν
1249 1936 1377 2006 ὅλην
1436 1935 1822 2005 ὑπάρχουσαν,
1872 1931 1967 1984 καὶ

385 2033 517 2103 ὅλην
541 2031 730 2103 τριάδα
774 2031 874 2103 τὴν
920 2030 1092 2102 αὐτὴν
1127 2030 1249 2094 ταῖς
1284 2028 1618 2084 ὑποστάσεσι
1646 2066 1661 2092 ,
1702 2026 1800 2079 καὶ
1837 2015 1966 2095 μίαν

386 2123 508 2188 ἑνὸς
530 2121 894 2195 τρισσοφαοῦς
936 2123 1137 2176 ἀκτῖνα
1180 2120 1358 2190 φωτὸς
1389 2118 1679 2191 μονοειδῶς
1716 2116 1959 2186 ἐπιλάμ-

380 2231 611 2268 πουσαν·
648 2213 735 2283 ἐφ’
759 2206 805 2282 ᾧ
847 2212 943 2267 καὶ
980 2212 1080 2283 τὴν
1103 2211 1304 2291 ψυχὴν,
1340 2209 1620 2281 όμοτίμως
1642 2210 1757 2272 τοῖς
1788 2206 1968 2276 ἁγίοις

376 2305 636 2373 ἀγγέλοις
666 2306 792 2368 τοὺς
828 2304 1086 2373 ἐκφανεῖς
1117 2303 1213 2355 καὶ
1251 2302 1508 2371 ὲφικτοὺς
1540 2302 1606 2373 τῇ
1633 2301 1810 2355 κτίσει
1840 2298 1968 2370 περὶ

374 2397 637 2468 θεότητος
685 2396 989 2468 δεξαμένην
1035 2394 1250 2463 λόγους,
1300 2395 1397 2448 καὶ
1436 2392 1745 2464 συμφώνως
1779 2390 1967 2453 αὐτοῖς

376 2489 662 2559 ἀσιγήτως
708 2489 971 2559 ἀνυμνεῖν
1019 2486 1301 2557 μαθοῦσαν
1354 2484 1649 2557 τριαδικῶς
1701 2483 1799 2554 τὴν
1836 2480 1965 2552 μίαν

377 2577 634 2650 θεότητα,
674 2578 770 2631 ἐπὶ
806 2578 906 2650 τὴν
934 2577 1075 2630 κατὰ
1103 2577 1267 2645 χάριν
1311 2574 1377 2627 δι’
1403 2573 1729 2644 ὁμοιότητος
1786 2574 1969 2639 ἐμφε-

378 2666 513 2739 ροῦς
572 2666 847 2720 υἱοθεσίαν
905 2664 1162 2736 ἀχθῆναι*
1202 2663 1269 2717 δι’
1305 2659 1373 2735 ἧς
1422 2662 1541 2732 μετ’
1578 2662 1626 2694 ⁸³
1665 2661 1832 2732 εὺχάς
1876 2662 1968 2715 τὸν

373 2758 515 2811 Θεὸν
552 2757 795 2830 Πατέρα,
829 2755 1089 2827 μυστικόν
1117 2772 1176 2808 τε
1210 2755 1393 2827 χάριτι
1424 2754 1517 2807 καὶ
1551 2753 1712 2823 μόνον
1743 2753 1965 2824 ἔχουσα,

374 2848 523 2920 πρὸς
561 2848 623 2902 τὸ
660 2848 721 2901 ἓν
774 2847 876 2916 τῆς
920 2845 1088 2901 αὐτοῦ
1133 2845 1501 2916 κρυφιότητος
1552 2842 1675 2896 κατ’
1711 2841 1968 2897 ἔκστασιν

376 2938 608 2993 πάντων
649 2937 1070 3008 συναχθήσεται·
1115 2936 1209 2990 καὶ
1252 2934 1505 2989 τοσοῦτον
1545 2933 1793 2987 πείσεται
1833 2933 1970 3001 μᾶλ-

376 3032 501 3096 λον,
527 3030 562 3103 ἢ
603 3029 874 3099 γνώσεται
901 3029 970 3083 τὰ
1001 3030 1141 3082 θεῖα·
1172 3029 1296 3081 ὅσον
1341 3027 1416 3098 μὴ
1450 3027 1651 3096 ἑαυτῆς
1681 3021 1822 3078 εἶναι
1855 3023 1971 3095 βού-

2069 1951 2133 1990 ac
2166 1932 2336 1987 modo
2365 1930 2691 1995 exsistendi,
2722 1929 2963 1983 trinitas.
3005 1927 3136 1993 Quae
3162 1925 3357 1979 eadem
3392 1933 3504 1978 tota
3543 1923 3653 1976 hoc

2067 2034 2125 2080 et
2162 2023 2301 2077 illud
2323 2022 2616 2088 distincte,
2638 2020 2746 2074 alia
2773 2028 2937 2087 atque
2967 2017 3072 2071 alia
3096 2017 3332 2083 ratione,
3356 2020 3417 2067 ut
3442 2013 3652 2067 dictum

2067 2123 2171 2182 est,
2204 2114 2577 2185 intelligatur,
2609 2127 2719 2166 una
2755 2118 2811 2164 et
2837 2108 3128 2179 singularis
3164 2106 3557 2174 individuaque
3598 2110 3683 2159 et.

2068 2207 2378 2271 ineonfusa,
2406 2204 2661 2274 simplex,
2693 2202 2911 2271 integra
2936 2207 2993 2254 et
3025 2196 3497 2253 incommutabilis
3524 2195 3654 2248 Dei-

2068 2312 2153 2357 tas
2177 2319 2189 2355 :
2221 2316 2345 2371 quae
2372 2298 2678 2354 secundum
2701 2295 3018 2351 'essentiam
3046 2302 3158 2347 tota
3196 2291 3379 2345 unitas
3398 2291 3651 2352 exsistat,

2068 2402 2296 2464 totaque
2344 2392 2536 2447 eadem
2568 2388 2822 2460 personis
2867 2389 2941 2441 sit
2997 2386 3246 2447 trinitas,
3290 2391 3453 2452 atque
3483 2369 3652 2435 unum

2069 2486 2399 2541 uniustrine
2436 2483 2673 2539 lucentis
2710 2480 2937 2536 luminis
2972 2478 3187 2532 radium
3217 2470 3506 2545 eﬂ‘ulgeat,
3544 2488 3655 2541 quo

2068 2587 2125 2634 et
2159 2578 2363 2642 anima,
2395 2576 2513 2647 pari
2543 2590 2668 2630 eum
2708 2572 2911 2627 sanctis
2947 2569 3156 2641 angelis
3204 2567 3491 2638 dignitate,
3544 2565 3656 2619 cia-

2068 2685 2177 2733 ras,
2205 2684 2269 2723 ac
2299 2682 2439 2737 quas
2465 2673 2720 2721 creatura
2755 2660 2974 2730 assequi
3005 2666 3205 2729 potest,
3233 2656 3455 2711 deitatis
3488 2653 3657 2708 ratio-

2068 2776 2168 2815 nes
2203 2759 2537 2828 suscipiens,
2561 2756 2792 2827 parique
2823 2755 2931 2808 illis
2962 2765 3234 2808 consensu
3270 2748 3420 2802 nullo
3447 2745 3656 2800 indicto

2070 2850 2291 2905 silentio
2342 2857 2437 2903 aut
2485 2845 2677 2916 requie
2741 2860 2908 2899 unam
2957 2842 3100 2897 trine
3157 2839 3423 2895 deitatem
3492 2835 3655 2889 docta

2070 2942 2318 3005 laudare,
2368 2939 2437 2995 ad
2470 2937 2850 3010 adoptionem,
2885 2950 3008 3004 quae
3038 2942 3124 2988 est
3163 2930 3357 3002 gratia,
3384 2941 3657 2997 expressa:

2070 3035 2124 3090 vi
2171 3032 2556 3090 similitudinis
2617 3034 2973 3101 promoveat;
3033 3024 3191 3095 cujus
3237 3021 3455 3075 ratione
3510 3018 3659 3071 inter

375 3120 597 3186 λσσθαι,
652 3120 788 3193 μηδὲ
843 3120 904 3185 ἐξ
934 3119 1138 3185 ἑαυτῆς
1185 3118 1278 3188 ὑφ’
1309 3117 1509 3189 ἑαυτῆς
1559 3116 1592 3188 ἢ
1628 3115 1791 3170 ἄλλου
1823 3116 1967 3179 τινὸς

2070 3126 2413 3198 precandum
2444 3126 2618 3179 Deum
2657 3123 2877 3177 Patrem
2905 3117 3197 3189 mysticum
3233 3122 3399 3183 atque
3430 3110 3658 3165 unicum

372 3212 691 3284 γνωσθῆναι
736 3212 1030 3276 δύνασθαι,
1071 3212 1106 3282 ἢ
1159 3210 1321 3280 μόνου
1359 3208 1457 3262 τοῦ
1499 3208 1631 3279 ὃλην
1666 3207 1972 3278 ἀγαθοπρε-

374 3301 510 3365 πῶς
542 3300 716 3371 αὐτὴν
752 3300 1109 3371 ἀνειληφότος
1151 3299 1275 3354 ὅλου
1330 3298 1493 3364 Θεοῦ,
1534 3300 1631 3353 καί⁵
1665 3299 1786 3353 ὅλον
1831 3300 1968 3371 αὐτῇ

376 3393 711 3466 θεοπρεπῶς
765 3393 866 3469 ὅλῃ
911 3393 1053 3466 [ὅλον
1112 3393 1249 3464 αὐτῇ
1300 3390 1625 3464 θεοπρεπῶς
1673 3391 1836 3464 ὅλως]
1877 3394 1973 3445 καὶ

377 3487 617 3551 ἀπαθῶς
665 3487 861 3542 ἑαυτὸν
912 3487 1170 3552 ὲνιέντος,
1213 3485 1307 3540 καὶ
1346 3485 1474 3557 ὅλην
1529 3484 1969 3557 θεοποιήσαντος·

2073 3204 2427 3291 pergratiam
2476 3216 2691 3270 habens
2713 3255 2726 3279 ,
2760 3213 2818 3266 in
2850 3210 3080 3266 oecultae
3114 3208 3236 3278 ejus
3270 3202 3493 3259 deitatis
3524 3214 3656 3263 uno,

2075 3310 2325 3364 omnium
2389 3322 2574 3362 rerum
2628 3319 2863 3360 excessu
2891 3343 2905 3366 ,
2953 3299 3245 3369 colligetur
3284 3301 3659 3360 :tantumque

2077 3402 2264 3456 divina
2287 3400 2461 3470 magis
2487 3399 2756 3470 patietur,
2776 3410 2943 3465 quam
2974 3409 3038 3447 ea
3069 3391 3305 3453 sciet,ut
3336 3402 3405 3440 ne
3434 3383 3660 3453 quidem

2078 3493 2164 3547 sui
2209 3493 2325 3563 ipsa
2354 3505 2476 3547 esse
2514 3490 2668 3555 velit,
2710 3502 2892 3557 neque
2928 3501 2997 3539 ex
3027 3498 3086 3538 se
3128 3498 3157 3536 a
3201 3480 3403 3549 seipsa,
3432 3476 3518 3530 vel
3544 3473 3660 3528 ullo

374 3580 464 3644 ὡς
511 3575 674 3646 εἶναι,
723 3578 912 3643 καθώς
959 3595 1126 3649 φησιν
1170 3580 1202 3631 ό
1251 3579 1518 3647 πανάγιος
1569 3576 1967 3648 ’Δρεοπαγίτης

2076 3584 2185 3639 alio
2216 3583 2469 3654 cognosci
2501 3582 2698 3653 possit,
2727 3589 3095 3651 prieterquam
3122 3592 3189 3630 ex
3221 3574 3340 3643 ipso
3370 3570 3657 3631 duntaxat,

383 3670 663 3733 Διονύσιος
686 3710 703 3735 ,
749 3668 935 3724 εἰκόνα
969 3670 1066 3723 καὶ
1099 3670 1409 3740 φανέρωσιν
1446 3669 1542 3723 τοῦ
1577 3667 1818 3737 ἀφανοῦς
1859 3685 1969 3737 φω-

387 3762 483 3826 τδς
502 3803 517 3828 ,
544 3762 808 3833 ἔσοπτρον
850 3760 1179 3832 ἀκραιφνὲς,
1206 3760 1571 3814 διειδέστατον
1590 3800 1605 3823 ,
1664 3758 1966 3828 ἀλώὸητον,

387 3857 674 3925 ἄχραντον,
701 3852 1060 3921 ἀκηλίδωτον,
1106 3852 1479 3923 είσδεχόμενον
1521 3852 1671 3922 ὅλην,
1716 3853 1765 3905 εἰ
1810 3851 1970 3921 θέμις

381 3947 597 4010 εἰπεῖν,
645 3945 748 4017 τὴν
806 3944 1117 4017 ὡραιότητα
1175 3942 1271 3997 τοῦ
1345 3942 1732 4013 ἀγαθοτύπου,
1799 3940 1973 3995 θεοει-

379 4040 496 4105 δῶς
525 4040 622 4095 καὶ⁴
672 4038 960 4111 ἀμειώτως
993 4037 1305 4108 ὲπιλάμπον
1360 4038 1420 4091 ἐν
1482 4034 1682 4107 ἑαυτῷ,
1719 4034 1973 4104 καθάπερ

378 4125 500 4186 οἶόν
552 4130 614 4185 τέ
658 4133 798 4196 ἔστι,
849 4129 947 4203 τὴν
990 4129 1306 4199 ἀγαθότητα
1354 4127 1456 4199 τῆς
1506 4129 1564 4182 ἐν
1608 4125 1826 4190 ἀδύτοις
1892 4141 1974 4177 σι-

379 4221 512 4292 γῆς.

2072 3676 2167 3746 qui
2227 3684 2396 3730 totam
2422 3676 2598 3745 ipsam
2645 3673 2884 3742 benigne
2910 3683 3088 3737 exque
3139 3665 3271 3719 boni
3315 3660 3651 3723 rationibus,

2074 3770 2220 3824 Deus
2245 3777 2396 3823 totus
2434 3766 2699 3835 suscepit,
2726 3773 3015 3831 totumque
3041 3775 3101 3815 se
3132 3759 3217 3835 illi
3245 3756 3367 3821 toti,
3398 3763 3457 3808 ut
3488 3754 3660 3806 Deum

2077 3861 2262 3923 decet,
2293 3862 2433 3915 citra
2464 3834 2632 3913 ullam
2668 3858 3003 3928 passionem,
3038 3834 3261 3915 indidit,
3284 3863 3347 3902 ac
3372 3857 3539 3901 totam
3573 3845 3661 3909 di;-

2072 3953 2304 4008 vinitate
2354 3952 2589 4016 imbuit,
2647 3950 2786 4004 adeo
2827 3956 2906 4012 ut,
2953 3947 3098 4001 sicut
3143 3944 3231 3997 vir
3280 3937 3663 3996 sanctissimus

2075 4044 2367 4115 Dionysius
2394 4041 2723 4113 AreOpagita
2755 4041 2853 4105 ait,
2887 4038 3070 4107 imago
3092 4035 3166 4091 sit
3198 4048 3261 4090 ac
3291 4029 3662 4086 manifestatio

2075 4137 2494 4208 inaspectabilis
2559 4135 2829 4200 luminis;
2897 4130 3254 4187 verissimum
3328 4123 3659 4194 speculum,

2081 4228 2600 4298 pelliicidissimum,
2634 4227 2907 4295 integrum
2930 4264 2944 4288 ,
2979 4220 3359 4291 impollutum,
3392 4214 3541 4269 nulla
3573 4212 3663 4265 fu-

379 4323 603 4371 scatum
624 4316 862 4382 macula,
894 4313 1043 4386 quod
1076 4321 1249 4368 totam
1288 4311 1346 4366 in
1385 4325 1466 4377 se,
1533 4294 1595 4366 ut
1659 4312 1738 4367 ita
1766 4313 1932 4369 liceat
1962 4317 1967 4369 ἶ

2068 4294 2139 4385 iii,
2171 4319 2506 4389 exemplaris
2564 4317 2695 4372 boni
2751 4294 3224 4386 pulchritudinem
3271 4305 3472 4374 capiat,
3539 4300 3662 4356 dei-

378 4407 667 4475 formiter,
728 4416 786 4465 et
837 4417 899 4463 ut
942 4406 1085 4463 nihil
1108 4404 1274 4471 desit,
1325 4405 1383 4459 in
1424 4403 1639 4475 seipso,
1673 4421 1777 4476 pro
1812 4423 1880 4464 eo
1912 4425 1978 4466 ac
2013 4425 2341 4471 concessum
2372 4419 2478 4476 est,
2508 4412 2628 4482 ejus
2652 4407 2862 4464 silentii
2897 4404 3044 4476 quod
3104 4402 3158 4466 in
3216 4398 3397 4469 adytis
3429 4402 3533 4459 est,
3563 4393 3663 4447 bo-

384 4497 627 4555 nitatem
654 4498 949 4570 eﬂ‘ulgens.

956 4611 1210 4667 ΚΕΦΛΛ.
1241 4611 1370 4666 KA'.

391 4732 588 4789 Τίνων
611 4728 786 4785 ἐστίν
815 4726 1170 4797 ἐνερτητική
1200 4741 1265 4779 τε
1294 4723 1395 4797 καί
1419 4724 1993 4797 ἀποτελεστικὴμυι·

466 4798 751 4868 amplior,
800 4797 900 4852 διὰ
911 4793 1048 4868 febr-
1065 4794 1455 4868 τελουμένων
1478 4796 1629 4868 κατὰ
1661 4793 1778 4868 τὴν
1802 4793 1983 4868 ἁγίαν

467 4863 1000 4936 σύνταξινθεσμῶν
1051 4867 1123 4920 ἐν
1169 4863 1293 4936 τοῖς
1339 4864 1576 4936 πιστοῖς
1624 4866 1723 4936 καὶ
1753 4863 1983 4932 πιστῶς

465 4933 925 5009 συναγομένοις,
950 4937 990 5006 ἠ
1016 4933 1445 5005 παραμένουσα
1470 4935 1576 4989 τοῦ
1601 4934 1775 5005 ἁγίου
1796 4936 1983 4989 11νεύ-

462 5007 651 5079 μστοὸ
680 5007 868 5079 idem.

468 5120 773 5196 Τοιγαροῦν
803 5122 940 5193 ᾤετο
964 5121 1078 5175 δεῖν
1103 5119 1134 5170 ὁ
1162 5118 1432 5189 μακάριος
1453 5115 1655 5188 γέρων,
1679 5114 1775 5169 καὶ
1799 5130 1979 5185 παρα-

390 5214 588 5273 καλεῖν
619 5217 721 5271 οὐκ
749 5213 989 5269 ἐπαύετο
1017 5212 1197 5266 πάντα
1223 5200 1589 5281 Χριστιανὸν,
1623 5209 1691 5279 τῇ
1715 5207 1850 5278 ἁγίᾳ
1881 5206 1976 5260 τοῦ

2535 4613 2702 4687 513
2734 4609 2964 4668 CAPUT
3007 4606 3198 4664 XXIV.

2079 4729 2320 4795 Quorum
2353 4729 2631 4799 operati-ia:
2673 4733 2835 4799 atque
2885 4721 3116 4799 θήσειν-ἐκ
3147 4717 3539 4799 mysteriorum,
3571 4730 3665 4783 per

2148 4816 2234 4854 eos
2272 4786 2403 4853 ritus
2437 4816 2499 4852 ac
2517 4786 2858 4852 cwrcmohias
2891 4786 3073 4863 (ﬁta’in
3092 4786 3280 4863 sancta
3304 4786 3497 4858 synaxt’
3517 4800 3667 4863 perao

2151 4877 2373 4941 guntur,
2402 4869 2479 4941 in;
2516 4866 2783 4941 ﬁdelibus,
2815 4860 2975 4941 ac
3008 4860 3662 4941 quiﬁdefongrcgantur,

2150 4931 2267 5011 qua:
2301 4931 2768 5009 assistit,Spiritus
2794 4934 2965 4989 sancti
2988 4932 3167 5004 gratia
3199 4931 3289 4983 sit.

2147 5114 2510 5170 Existimabat
2532 5112 2703 5185 igitur
2718 5111 2919 5166 beatus
2948 5108 3039 5163 ille
3068 5119 3257 5168 senex,
3282 5117 3388 5157 nec
3417 5100 3665 5170 singulos

2074 5219 2327 5275 quosque
2355 5202 2704 5260 Christianos
2728 5199 2939 5257 hortari
2966 5194 3223 5253 cessabat
3245 5200 3308 5247 ut
3341 5191 3665 5259 frequentes

386 5308 537 5362 Θεοῦ
571 5306 876 5378 Ἐκκλησία
904 5303 1217 5375 σχολάζειν,
1267 5301 1364 5354 καὶ
1396 5299 1470 5372 μὴ
1498 5298 1967 5383 ἀπολιμπάνεσθαι

2074 5304 2262 5351 essent
2311 5295 2369 5350 in
2413 5303 2603 5351 sancta
2634 5294 2732 5350 Dei
2772 5290 3032 5354 ecclesia,
3092 5301 3198 5341 nec
3230 5296 3475 5353 unquam
3518 5296 3549 5334 a
3603 5295 3666 5335 re

393 5409 534 5449 me
562 5393 664 5464 τῆς
691 5373 913 5464 ὲν-αὐτῃ
936 5373 1267 5463 τελουμένης
1299 5388 1460 5458 ἁγίας
1492 5384 1784 5452 συνάξεως,
1809 5376 1899 5440 διά
1919 5402 1967 5440 τε

2076 5402 2274 5454 saera,
2332 5402 2459 5459 qua;
2491 5388 2548 5442 in
2598 5401 2664 5441 ea
2725 5383 3048 5455 peragitur,
3108 5373 3485 5434 decederent,
3546 5377 3664 5423 tum

391 5485 530 5550 τοὺς
559 5485 978 5560 παραμένοντας
1006 5485 1143 5555 αὐτῇ
1174 5482 1364 5552 ἀγίους
1391 5479 1684 5550 ἀγγέλους,
1714 5480 1811 5533 καὶ
1838 5479 1977 5533 ἀπο-

2072 5488 2305 5550 propter
2334 5481 2661 5536 assistentes
2693 5474 2940 5546 angelos,
2971 5487 3036 5527 ac
3059 5466 3309 5540 quotidie
3335 5478 3433 5519 eos
3464 5462 3561 5534 qui
3581 5460 3667 5517 in-

1729 5634 1959 5693 VARIAE
1991 5635 2396 5695 LECTIONES.

483 5752 532 5787 ⁵³
554 5751 671 5809 κατ’
707 5767 755 5807 c.
784 5751 849 5807 Δ.
874 5758 930 5805 et
962 5750 1052 5807 Fr.
