4094 6356
551 338 658 410 1'03

1702 424 1708 428 _
1757 343 1818 403 s.
1859 342 2148 404 MAXIMI
2185 341 2692 403 CONFESSORIS

3709 347 3820 412 704

549 461 696 508 trant
739 452 795 506 in
841 451 1027 507 album
1069 451 1394 515 referentes,
1426 451 1644 520 Deoque
1677 449 2120 513 manil‘estantes1

2239 448 2622 534 γραφομένους
2674 448 2934 503 ἑκάστοτε
2986 450 3113 515 τοὺς
3155 451 3424 516 εἰσιόντας
3455 454 3551 508 καί
3581 455 3814 528 ἐμφανί-

548 558 614 598 ac
640 557 743 612 pro
771 542 854 597 eis
900 557 1092 612 preces
1116 548 1354 609 votaque
1397 539 1699 604 facientes;
1747 548 1864 594 tum
1905 549 2134 609 propter

546 633 789 702 Spiritus
842 633 1018 687 sancti
1065 648 1286 702 semper
1317 629 1544 701 quidem
1601 631 1985 700 inaspectabili
2043 647 2133 686 ra-

545 723 694 778 tione
723 731 1048 793 praesentem
1077 723 1332 794 gratiam,
1366 722 1722 792 peculiariter
1751 734 1937 777 autem
1953 722 2132 776 maxi-

542 830 632 870 me
690 829 804 885 quo
853 824 1103 885 tempore
1159 830 1250 870 res
1290 829 1448 869 sacra
1507 814 1826 884 peragitur,
1881 813 2132 883 singulos

542 920 796 974 quosque
830 905 926 974 qui
973 904 1338 960 inveniuntur
1373 912 1834 959 transmutantem
1865 905 2132 974 velutque

545 997 1056 1062 transformantem,
1109 1010 1173 1050 ac
1199 1011 1331 1050 vere
1379 995 1437 1050 in
1472 995 1527 1054 id
1557 995 1706 1066 quod
1735 995 1978 1051 divinius
2021 1005 2127 1063 est,

542 1101 645 1155 pro
683 1086 928 1155 ipsorum
955 1094 1119 1156 captu
1152 1101 1216 1141 ac
1238 1087 1401 1141 modo
1441 1087 1822 1142 traducentem
1872 1094 2036 1158 atque
2059 1081 2136 1143 ad

541 1179 624 1242 id,
651 1179 799 1248 quod
833 1177 1092 1250 mysteria
1138 1195 1261 1249 qua:
1288 1187 1630 1249 peraguntur
1665 1181 2005 1250 signiﬁcant,
2032 1180 2132 1236 de-

539 1270 835 1326 ducentem
888 1272 1014 1344 (etsi
1071 1272 1119 1326 is
1143 1271 1234 1326 cui
1279 1272 1406 1326 talia
1453 1272 1717 1327 accidunt
1759 1273 1908 1327 haud
1959 1288 2126 1328 sensu

537 1362 832 1432 percipiat,
869 1363 912 1417 si
947 1362 1112 1417 modo
1149 1378 1217 1418 ex
1248 1363 1356 1417 illis
1381 1371 1489 1428 est,
1529 1363 1625 1432 qui
1653 1364 1710 1416 in
1743 1361 1967 1417 Christo
2003 1377 2130 1432 par-

538 1453 656 1507 vuli
686 1461 838 1517 sunt,
873 1469 974 1508 nec
1009 1455 1065 1507 in
1093 1468 1288 1508 eorum
1329 1440 1626 1522 quaa'ﬁunt
1674 1452 2014 1522 profundum
2042 1453 2130 1507 in-

538 1543 686 1599 tueri
712 1542 1100 1615 valent),quam
1125 1543 1365 1614 denique
1388 1543 1604 1614 singula
1629 1543 1700 1598 iis
1729 1543 1932 1599 ritibus
1961 1543 2128 1598 insti-

539 1641 674 1697 tuta,
695 1634 883 1689 divina
903 1635 1099 1690 salutis
1115 1633 1384 1706 symbola,
1405 1634 1687 1700 utferunt,
1705 1634 1963 1704 gratiam,
1981 1635 2128 1690 serie

532 1726 769 1795 quadam
803 1741 866 1782 ac
897 1726 1115 1792 ordine,
1144 1727 1212 1782 ab
1240 1727 1308 1782 iis
1334 1743 1457 1798 quae
1486 1727 1739 1797 proxima
1773 1734 1904 1781 sunt
1919 1729 2124 1785 abom-

533 1815 684 1870 nium
705 1833 878 1888 usque
903 1818 1088 1884 finem,
1118 1819 1174 1872 in
1191 1818 1276 1873 eis
1297 1826 1650 1888 praestantem
1681 1835 1746 1874 ac
1762 1793 2200 1874 eiIicientem.-B

600 1905 782 1977 Atque
821 1909 880 1963 in
927 1909 1109 1980 primo
1173 1909 1402 1980 quidem
1470 1909 1707 1966 introitu
1771 1909 2120 1966 inﬁdelitatis

529 1997 886 2067 ejectionem,
938 2001 1066 2056 tidei
1091 1993 1470 2073 augmentum,
1499 2002 1620 2056 vitii
1649 2002 2116 2068 extenuationem,

481 2091 485 2095 ’
529 2086 754 2141 virtutis
773 2089 1169 2153 accretionem,
1198 2089 1522 2159 ignorantia:
1539 2089 1918 2153 abolitionem,
1941 2091 2121 2144 scien-

531 2173 622 2229 tiae
647 2175 1046 2231 accessionem.
1071 2178 1176 2231 P-er
1209 2177 1528 2234 divinorum
1551 2186 1738 2233 autem
1771 2177 2119 2247 eloquiorum

531 2266 895 2332 auditionem,
945 2269 1146 2324 horum
1201 2286 1324 2340 quae
1355 2269 1504 2325 dicta
1539 2278 1671 2325 sunt
1701 2269 1851 2342 (fidei
1883 2269 2116 2337 scilicet,

528 2358 754 2412 virtutis
789 2374 855 2413 ac
883 2359 1156 2431 scientiae)
1208 2360 1400 2416 firmos
1426 2368 1760 2431 tenacesque
1796 2361 2022 2416 habitus
2057 2377 2122 2418 ac

528 2447 943 2516 dispositiones.
968 2450 1158 2504 Per'ea
1178 2459 1364 2506 autem
1388 2467 1510 2520 qua
1535 2451 1653 2506 haac
1669 2459 2116 2520 consequuntur,

526 2535 714 2590 divina
741 2541 977 2604 cantica,
1007 2549 1374 2608 spontaneum
1401 2541 1600 2619 anima:
1634 2542 1690 2596 in
1711 2542 1949 2598 virtutes
1984 2557 2120 2596 eon-

525 2644 772 2695 sensum,
815 2646 878 2685 ac
907 2647 1074 2702 quam
1129 2648 1194 2687 ea
1228 2649 1296 2686 ex
1321 2633 1430 2687 illis
1464 2633 1773 2704 spiritalem
1821 2641 2120 2704 menteque

527 2727 686 2775 tenus
713 2721 1050 2791 voluptatem
1093 2724 1266 2778 sumit
1301 2732 1359 2778 et
1385 2725 1819 2795 jucunditatem.
1867 2727 1974 2782 Per
2025 2743 2119 2782 sa-

523 2827 673 2867 cram
685 2829 818 2868 vero
837 2817 1012 2870 sancti
1031 2816 1315 2888 Evangelii
1330 2817 1650 2885 lectionem,
1673 2819 1882 2874 terreni
1899 2835 2117 2885 sensus,

524 2913 785 2975 tanquam
821 2907 940 2978 ejus
967 2909 1159 2962 mundi
1186 2909 1282 2980 qui
1309 2925 1476 2967 sensu
1498 2911 1828 2980 percipitur,
1855 2926 2120 2967 consum-

523 2997 845 3052 mationem.
876 3000 980 3054 Per
1009 3010 1298 3071 portarum
1324 3013 1511 3058 autem
1545 3003 1810 3074 deinceps
1843 3004 2121 3059 occlusio-

523 3103 842 3154 nem,cum,
862 3090 957 3158 qui
980 3090 1287 3145 secundum
1315 3092 1574 3148 affectum
1599 3104 1708 3160 est,
1731 3110 1761 3148 a
1787 3094 1994 3149 mundo
2013 3095 2119 3150 hoc

523 3179 897 3249 corruptibili,
913 3180 980 3235 ad
997 3183 1265 3238 mundum
1285 3184 1710 3256 intelligibilem,
1725 3186 1922 3241 anima:
1943 3193 2138 3242 trans--

527 3271 669 3324 itum
715 3287 780 3326 ac
827 3271 992 3342 519
1052 3274 1496 3343 traductionem;
1546 3277 1601 3332 vi
1645 3278 1804 3347 cujus
1854 3289 2117 3347 tanquam

523 3362 674 3416 fores
697 3377 896 3417 sensus
922 3364 1243 3429 occludens.
1294 3383 1325 3421 a
1355 3369 1568 3437 peccati
1601 3368 1913 3423 simulacris
1954 3384 2118 3422 mun-

523 3455 626 3508 dos
659 3471 755 3509 eos
789 3455 989 3509 reddit.
1021 3456 1126 3511 Per
1160 3469 1480 3514 sanctorum
1501 3468 1685 3516 autem
1717 3462 2113 3532 mysteriorum

523 3544 866 3615 ingressum,
911 3544 1300 3614 perfectiorem
1339 3549 1858 3620 abstrusioremque
1901 3566 1966 3605 ac
2013 3565 2118 3605 no-

521 3653 646 3691 vam
686 3637 780 3691 Dci
837 3637 893 3692 in
934 3647 1187 3694 nostrum
1223 3657 1385 3695 usum
1424 3642 1858 3711 dispensationis
1903 3641 2124 3698 doctri--

524 3745 649 3783 nam
681 3746 745 3784 ac
767 3729 1077 3785 scientiam.
1106 3733 1212 3786 Per
1248 3733 1498 3788 divinum
1529 3736 1781 3790 osculum
1817 3752 1881 3790 ac
1905 3737 2114 3791 saluta-

527 3821 755 3887 tionem,
786 3823 1034 3878 omnium
1079 3840 1207 3879 cum
1237 3825 1518 3890 omnibus,
1551 3841 1614 3880 ac
1657 3827 1812 3895 prius
1845 3828 2116 3897 cujusque

525 3927 716 3965 secum
745 3927 810 3966 ac
837 3927 962 3967 cum
1002 3915 1116 3968 Deo
1139 3913 1486 3979 concordiae,
1533 3931 1951 3986 consensusque
1995 3917 2116 3971 ani-

525 4017 742 4056 morum
791 4018 856 4057 ac
909 4003 1230 4058 dilectionis
1267 4005 1518 4060 eamdem
1556 4007 1668 4062 vim
1712 4025 1777 4064 ac
1818 4011 2111 4066 rationem.

525 4094 629 4148 Per
658 4093 904 4163 Symboli
943 4093 1069 4149 fidei
1100 4097 1530 4163 confessionem,
1569 4114 1866 4168 congruam
1909 4101 2116 4171 gratia-

526 4201 648 4238 rum
679 4185 954 4239 actionem
997 4185 1070 4240 ob
1100 4186 1380 4241 inauditos
1413 4203 1478 4242 ac
1521 4190 1807 4245 mirabiles
1849 4191 2114 4258 parandae

524 4284 726 4330 nostra:
777 4276 974 4330 salutis
1017 4277 1229 4331 modos.
1278 4278 1384 4333 Per
1438 4277 1748 4350 Trisagium
1808 4281 2110 4354 hymnum,

526 4366 786 4420 unionem
834 4381 960 4420 cum
995 4367 1204 4422 sanctis
1235 4368 1466 4438 angelis,
1503 4385 1805 4440 paremque
1839 4386 1965 4425 cum
2005 4370 2115 4426 illis

2235 541 2431 604 ζοντας
2450 541 2528 610 τῷ
2547 540 2686 610 Θεῷ,
2717 542 2814 595 καὶ
2835 541 2937 606 τάς
2963 543 3104 614 ὑπὲρ
3129 545 3309 599 αὐτῶν
3327 545 3543 618 δεήσεις
3563 551 3819 622 ποιουμέ-

2235 647 2358 692 νους
2381 646 2396 660 ο
2459 631 2556 684 καὶ
2602 631 2691 684 διὰ
2735 631 2835 702 τὴν
2874 633 3122 703 ἀοράτως
3153 634 3243 688 ἀεὶ
3275 635 3374 706 μὲν
3405 637 3689 708 παροῦσαν
3715 642 3816 698 τοῦ

2235 721 2394 789 ἁγίου
2453 719 2774 790 Πνεύματος
2829 722 2993 792 χάριν
3021 762 3038 790 ,
3103 723 3424 795 ἰδιρτρόπως
3468 725 3526 780 δὲ
3579 727 3814 797 μάλιστα

2233 813 2380 867 κατὰ
2417 812 2511 866 τὸν
2549 813 2742 884 καιρὸν
2775 813 2876 884 τῆς
2901 814 3065 883 ἁγίας
3091 815 3369 882 συνάξεως
3393 857 3410 882 ,
3463 818 3558 872 καὶ
3584 819 3815 876 ἕκαστον

2231 905 2342 959 τῶν
2369 905 2784 977 εὑρισκομένων
2817 907 3224 975 μεταποιοῦσὰν
3251 926 3311 963 τε
3351 911 3446 964 καὶ
3477 912 3818 982 μετασκευά-

2232 999 2432 1066 ζουσαν
2455 1041 2471 1065 ,
2521 1000 2616 1054 καὶ
2648 999 2849 1071 ἀληθὲς
2864 998 2912 1032 ⁸⁸
2947 1001 3432 1070 μεταπλάττουσαν
3464 1005 3560 1057 επὶ
3587 1005 3648 1058 τὸ
3673 1005 3816 1059 θειό-

2229 1105 2390 1160 τερον
2441 1088 2725 1157 ἀναλόγως
2772 1087 2953 1158 ἑαυτῷ
2977 1129 2993 1154 ,
3059 1090 3154 1144 καὶ
3199 1089 3337 1161 πρὸς
3383 1091 3446 1144 τὸ
3483 1091 3816 1163 δηλούμενον

2229 1179 2321 1234 διὰ
2347 1179 2456 1234 τῶν
2485 1179 2827 1252 τελουμένων
2859 1181 3176 1250 μυστηρίων
3199 1181 3442 1250 άγουσαν
3467 1199 3482 1214 ο
3519 1182 3624 1237 κᾶν
3651 1184 3818 1249 αὐτὸς

2231 1270 2308 1344 μὴ
2339 1271 2684 1342 αἰσθάνηται,
2738 1271 2898 1343 εἰπερ
2925 1270 3038 1326 τῶν
3065 1271 3146 1326 ἔτι
3177 1273 3322 1328 κατὰ
3343 1274 3580 1346 Χριστὸν
3605 1275 3818 1346 νηπίων

2229 1363 2367 1417 ἐστί·
2403 1364 2500 1417 καὶ
2527 1363 2700 1427 εἰςρτὸ
2730 1361 2896 1433 βάθος
2922 1363 3032 1417 τῶν
3055 1364 3357 1434 γινομένων
3382 1366 3517 1436 όρᾷν
3539 1367 3816 1433 ἀδυνατεῖ,

2229 1453 2326 1507 καὶ
2375 1453 2476 1524 τὴν
2519 1453 2858 1525 δηλουμένην
2923 1454 2991 1507 δι’
3029 1455 3263 1508 ἑκάστου
3318 1455 3427 1509 τῶν
3473 1457 3820 1527 τελουμένων

2230 1544 2392 1600 θείων
2442 1545 2730 1616 συμϐόλων
2783 1546 2882 1617 τῆς
2923 1547 3204 1618 σωτηρίας
3251 1547 3310 1599 ὲν
3351 1546 3501 1618 αὐτῷ
3538 1547 3700 1619 χάριν
3729 1550 3817 1601 ὲν-

2227 1634 2536 1706 εργοῦσαν,
2571 1635 2696 1691 καθ’
2717 1637 2910 1708 είρμὸν
2953 1637 3050 1691 καὶ
3079 1637 3230 1702 τάξιν
3260 1639 3369 1693 ἀπὸ
3393 1639 3504 1694 τῶν
3529 1639 3818 1712 προσεχῶν

2231 1727 2395 1800 μέχρι
2425 1726 2520 1781 τοῦ
2556 1726 2774 1782 πάντων
2801 1726 2992 1793 τέλους
3022 1728 3338 1785 όδεύουσαν.

2290 1900 2454 1958 Κατὰ
2486 1901 2590 1972 μὲν
2616 1899 2842 1974 πρώτην
2863 1903 3365 1969 -είσοδον-ἁπιστίας
3392 1904 3688 1976 ἀποϐολὴν,
3721 1904 3816 1958 πί-

2222 2008 2393 2055 στεως
2437 1991 2697 2064 αὔξησιν,
2757 1992 2958 2057 κακίας
3003 1995 3258 2064 μείωσιν,
3313 1995 3518 2066 ἀρετῆς
3546 1996 3811 2059 ἐπίδοσιν,

2219 2083 2444 2154 ἀγνοίας
2489 2083 2837 2154 ἀφανισμὸν,
2909 2085 3167 2153 γνώσεως
3209 2086 3548 2158 προσθήκην.
3606 2087 3706 2140 Διά
3757 2087 3814 2140 δὲ

2217 2177 2320 2247 τῆς
2351 2176 2675 2248 ἀκροάσεως
2701 2175 2810 2229 τῶν
2836 2175 3000 2229 θείων
3025 2175 3224 2244 λογίων
3247 2218 3262 2243 ,
3319 2177 3420 2240 τὰς
3446 2178 3556 2231 τῶν
3581 2179 3813 2250 εἰρημέ-

2221 2283 2330 2320 νων
2355 2265 2582 2330 τοΰτων,
2619 2265 2858 2329 πίστεώς
2887 2283 3034 2336 φημι
3064 2265 3160 2320 καὶ
3183 2267 3388 2338 ἀρετῆς
3413 2268 3508 2322 καὶ
3531 2271 3810 2337 γνώσεως,

2222 2357 2432 2426 παγίας
2462 2359 2558 2411 καὶ
2584 2357 2958 2428 ἀμεταθέτους
2983 2357 3126 2438 ἥξεις
3145 2375 3206 2412 τε
3232 2361 3327 2413 καὶ
3347 2359 3632 2422 διαθέσεις.
3648 2360 3812 2415 Διὰδὶ

2220 2448 2329 2502 τῶν
2357 2449 2451 2502 ἐπὶ
2477 2448 2687 2512 τούτοις
2719 2448 2878 2502 θείων
2907 2448 3192 2520 ᾀσμάτων,
3213 2450 3311 2520 τὴν
3338 2450 3474 2521 πρὸς
3495 2451 3592 2514 τάς
3608 2449 3812 2520 ἀρετὰς

2221 2542 2318 2610 τῆς
2343 2540 2526 2612 ψυχῆς
2551 2541 2800 2594 ἑκούσιον
2829 2539 3252 2609 συγκατάθεσιν,
3273 2541 3368 2595 καὶ
3392 2539 3494 2612 τὴν
3513 2539 3810 2604 ὲπάὐταῖς

2221 2632 2582 2703 ὲγγινομένην
2635 2631 2772 2704 αὐτῇ
2826 2630 3020 2702 νοερὰν
3071 2631 3266 2702 ἡδονὴν
3317 2633 3412 2686 καὶ
3443 2631 3805 2702 τερπνότηταέ

2220 2722 2321 2776 Διὰ
2349 2722 2406 2776 δὲ
2450 2722 2547 2792 τῆς
2578 2722 2730 2792 ἱερᾶς
2758 2721 3120 2790 ἀναγνώσεως
3146 2721 3240 2776 τοῦ
3264 2721 3423 2790 ἁγίου
3448 2721 3808 2791 Εὑαγγελίου,

2219 2815 2321 2886 τὴν
2349 2815 2442 2869 τοῦ
2471 2813 2658 2885 χοϊκοῦ
2683 2801 3052 2885 φρονήματος,
3083 2813 3276 2886 ῶσπερ
3295 2813 3557 2884 αίσθητοῦ
3577 2815 3809 2885 κόσμου,

2223 2907 2556 2962 συντέλειαν.
2607 2906 2708 2960 Διά
2736 2906 2796 2960 δὲ
2832 2906 2933 2977 τῆς
2961 2905 3100 2977 μετὰ
3123 2906 3298 2961 ταῦτα
3323 2907 3434 2960 τῶν
3459 2906 3639 2978 θυρῶν
3661 2906 3810 2960 κλεί-

2223 3017 2362 3064 σεως
2388 3041 2404 3067 ,
2460 2997 2568 3070 τὴν
2609 2998 2752 3053 κατὰ
2791 2998 3033 3052 διάθεσιν
3083 3000 3192 3053 ἀπὸ
3218 2984 3536 3053 τούτου’τοῦ
3567 2998 3810 3072 φθαρτοῦ

2147 3125 2192 3187 C
2223 3093 2428 3164 κόσμου
2458 3091 2595 3187 πρὸς
2619 3091 2712 3145 τὸν
2734 3091 2924 3187 νοητὸν
2951 3091 3156 3187 κόσμον
3177 3091 3486 3187 μετάϐασιν
3509 3093 3610 3187 τῇς
3627 3091 3812 3187 ςιμχῆς

2223 3181 2318 3235 καὶ
2367 3180 2694 3257 μετάθεσιν·
2749 3178 2818 3232 δι’
2837 3171 2908 3249 ἦς
2947 3179 3048 3242 τὰς
3077 3180 3382 3250 αἰσθήσεις,
3418 3179 3604 3249 θυρῶν
3628 3179 3810 3248 δίκην,

2224 3271 2460 3344 μύσασα,
2483 3271 2590 3325 τῶν
2611 3270 3018 3341 καθ’ἁμαρτίαν
3041 3271 3278 3325 εἰδώλων
3301 3271 3547 3342 καθαρὰς
3565 3271 3812 3340 ἀπεργάο

2221 3363 2395 3429 ζεται.
2458 3363 2558 3417 Διὰ
2601 3363 2659 3416 δὲ
2709 3363 2810 3434 τῆς
2853 3363 3061 3416 εἰσόδου
3111 3363 3220 3417 τῶν
3267 3363 3438 3431 ἁγίων
3471 3363 3808 3434 μυστηρίων.

2219 3453 2316 3528 τὴν
2345 3455 2707 3524 τελειωτέραν
2743 3455 2840 3508 καὶ¹
2871 3455 3287 3525 μυστικωτέραν
3323 3454 3418 3507 καλ⁸
3441 3452 3636 3520 καινὴν
3680 3454 3811 3524 περὶ

2217 3549 2318 3618 τὴν
2372 3549 2452 3610 εἰς
2497 3547 2648 3617 ἡμᾶς
2695 3546 3007 3616 οἰκονομίαν
3037 3545 3130 3600 τοῦ
3161 3544 3296 3616 Θεοῦ
3327 3545 3677 3600 διδασκαλίαν
3713 3546 3811 3600 καὶ

2217 3639 2438 3708 γνῶσιν.
2498 3640 2598 3693 Διὰ
2639 3639 2697 3692 δὲ
2745 3637 2841 3690 τοῦ
2889 3637 3035 3690 θείου
3072 3636 3404 3708 ἀσπασμοῦ,
3460 3637 3560 3706 τὴν
3587 3636 3829 3691 πάντων·

2219 3732 2358 3804 πρὸς
2407 3732 2618 3794 πάντας
2675 3730 2773 3784 καὶ
2827 3729 2962 3800 πρὸς
3013 3729 3206 3782 ἑαυτὸν
3261 3729 3494 3782 ἑκάστου
3543 3728 3810 3798 πρότερον

2219 3825 2314 3877 καὶ
2340 3823 2434 3876 τὸν
2464 3823 2618 3886 Θεὸν,
2653 3821 2908 3893 ὁμονοίας
2941 3821 3038 3874 καὶ
3064 3819 3649 3890 ὁμογνωμοσόνηςκαὶ
3668 3819 3810 3887 ἁγά-

2219 3931 2329 3984 πης
2353 3914 2680 3986 ταυτότητα.
2714 3913 2813 3967 Διὰ
2829 3912 2885 3965 δὲ
2910 3911 3012 3982 τῆς
3037 3911 3131 3965 τοῦ
3159 3911 3431 3982 συμϐόλου
3454 3912 3551 3980 τῆς
3574 3911 3810 3975 πίστεως

2217 4006 2528 4076 ὁμολογίας,
2575 4005 2676 4075 τὴν
2707 4003 2798 4057 ἐπὶ
2826 4005 2941 4066 τοῖς
2967 4002 3297 4074 παραδόξοις
3320 4001 3546 4074 τρόποις
3571 4005 3672 4073 τῆς
3701 4017 3810 4056 σω⁴

2215 4100 2412 4168 τηρίας
2456 4097 2612 4168 ἡμῶν
2658 4097 2972 4168 πρόσφορον
3019 4095 3395 4166 εὐχαριστίαν.
3455 4095 3567 4148 Atii.
3597 4093 3658 4147 δὲ
3711 4093 3808 4148 τοῦ

2217 4187 2534 4259 Τρισαγίου,
2565 4188 2667 4256 τὴν
2700 4185 2837 4258 πρὸς
2867 4185 2996 4250 τοὺς
3022 4187 3211 4253 ἁγίους
3237 4185 3502 4254 ἀγγέλους
3529 4183 3725 4238 ⁶ἐνωσίν
3747 4201 3808 4238 τε

2216 4279 2312 4330 καὶ
2361 4277 2670 4348 ἰσοτιμίαν,
2727 4278 2826 4330 καὶ
2873 4279 2975 4347 τὴν
3021 4279 3300 4331 ἄπαυστον
3344 4277 3442 4346 τῆς
3481 4276 3810 4346 άγιαστικῆς

2215 4369 2527 4439 δοξολογίας
2559 4367 2654 4422 τοῦ
2683 4367 2831 4421 Θεοῦ¹
2855 4367 3444 4438 σύμφωνονῇεὑτονίαν.
3497 4367 3597 4420 Διὰ
3626 4366 3684 4420 δὲ
3708 4366 3812 4437 τῆς

523 4457 878 4529 dignitatem,
921 4473 1026 4512 nec
1065 4458 1227 4513 finem
1259 4475 1504 4528 unquam
1538 4461 1852 4516 habituram
1905 4460 2110 4516 divinae

2219 4451 2548 4531 προσευχῆς,
2569 4457 2636 4511 δι’
2653 4451 2722 4528 ἧς
2750 4456 2972 4526 Πατέρα
2997 4457 3182 4510 καλεῖν
3210 4455 3304 4510 τὸν
3327 4457 3460 4510 Θεὸν
3485 4454 3808 4526 ἀξιούμεθα,

523 4549 946 4620 gloriﬁcationis
992 4549 1332 4605 modulatam
1360 4553 1799 4608 consonantiam.
1839 4553 1946 4610 Per
1980 4569 2109 4607 ora-

524 4640 754 4706 tionem,
785 4657 894 4710 qua
926 4642 1102 4695 Deum
1129 4641 1347 4696 Patrem
1381 4657 1583 4698 vocare
1609 4643 1956 4706 conceditur,
1983 4659 2109 4713 quae

523 4735 580 4789 in
608 4735 808 4804 spiritu
837 4743 952 4800 est,
983 4735 1332 4791 verissimam
1363 4737 1748 4806 adeptionem.
1797 4737 1903 4790 Per
1941 4735 2104 4802 illud,

527 4825 672 4881 Unus
726 4824 994 4892 Shnctus,
1030 4837 1088 4882 et
1121 4844 1243 4896 qua:
1296 4837 1626 4897 sequuntur,
1674 4827 1936 4882 uniﬁcam
1983 4842 2109 4882 cum

521 4920 637 4974 Deo
675 4917 934 4972 unionem
958 4935 1024 4973 ac
1055 4918 1549 4974 necessitudinem.
1594 4919 1699 4973 Per
1729 4933 1966 4981 sacram,
1999 4933 2109 4986 qua

524 5010 827 5080 impollutis
851 5027 916 5066 ac
946 5011 1184 5066 viviticis
1215 5010 1498 5082 mysteriis
1534 5010 1906 5080 impartimur,
1953 5025 2106 5065 com-

525 5105 865 5168 munionem,
899 5105 1048 5159 illam
1068 5119 1196 5158 cum
1221 5105 1362 5174 ipso,
1382 5112 1592 5173 quanta
1612 5103 1944 5159 mortalibus
1968 5115 2106 5158 con-

522 5212 674 5252 cessa
693 5206 797 5260 est,
817 5211 887 5252 ex
911 5195 1276 5252 similitudine
1295 5197 1614 5251 societatem
1641 5211 1705 5250 ac
1725 5195 2105 5260 identitatem;

524 5304 626 5358 per
657 5303 823 5358 quam
854 5287 1022 5342 homo
1058 5287 1165 5342 hoc
1187 5287 1567 5357 consequitur,
1604 5296 1665 5342 ut
1690 5303 1760 5342 ex
1796 5287 2024 5342 homine
2049 5287 2106 5340 in

525 5377 698 5431 Deum
741 5375 1125 5432 transferatur.
1179 5376 1312 5442 Qua;
1352 5377 1502 5432 enim
1550 5377 1663 5440 hic,
1709 5393 1774 5432 ac
1817 5376 2108 5432 mortalem

527 5476 752 5538 agentes
773 5467 968 5530 vitam,
998 5482 1099 5536 per
1136 5467 1368 5537 gratiam
1401 5483 1525 5537 qua:
1570 5468 1624 5522 in
1655 5466 1761 5524 fide
1789 5475 1894 5531 est,
1926 5465 2109 5536 perci-

532 5571 798 5634 perenos
837 5555 1012 5612 sancti
1045 5555 1286 5626 Spiritus
1319 5557 1464 5611 dona
1487 5557 1801 5622 credimus;
1831 5555 1950 5610 haec
1980 5569 2112 5609 vere

533 5649 588 5702 in
617 5647 809 5704 futuro
854 5649 1077 5717 saeculo,
1128 5659 1185 5706 et
1221 5659 1279 5704 ut
1331 5651 1509 5720 reipsa
1547 5650 1621 5704 ita
1664 5648 1764 5713 sit,
1805 5647 2114 5704 secundum

611 5762 657 5795 “
691 5763 903 5834 ἀληθῶς
930 5784 978 5822 c.
1009 5767 1073 5823 Α.
1101 5767 1166 5822 Β.
1207 5767 1420 5858 ἀληθῶς
1450 5770 1643 5821 εἰπεῖν.

2210 4549 2309 4620 τὴν
2361 4551 2420 4602 ἐν
2468 4549 2654 4620 χάριτι
2707 4545 2798 4600 τοῦ
2847 4547 3008 4615 ἁγίου
3053 4547 3375 4620 Πνεύματος
3428 4533 3811 4617 ἀληθεστάτην

2213 4640 2510 4696 υἱοθεσίαν.
2569 4639 2667 4693 Διὰ
2707 4639 2764 4692 δὲ
2810 4638 2926 4701 τοῦ,
2977 4633 3080 4704 Εἷς
3113 4639 3336 4706 Ἄγιος,
3385 4637 3479 4690 καὶ
3517 4639 3626 4690 τῶν
3659 4635 3810 4706 ἑξῆς,

2211 4731 2312 4800 τὴν
2361 4729 2496 4800 πρὸς
2538 4729 2702 4783 αὐτὸν
2737 4729 2828 4781 τὸν
2859 4728 2992 4782 Θεὸν
3027 4729 3274 4782 ἑνοποιὸν
3298 4729 3460 4800 χάριν
3495 4728 3812 4782 καὶόίκειό-

2211 4841 2371 4894 τητα.
2426 4822 2525 4876 Διά
2561 4823 2620 4876 δὲ
2662 4824 2762 4892 τῆς
2799 4823 2963 4890 ἁγίας
2995 4822 3355 4894 μεταλήψεως
3385 4821 3496 4875 τῶν
3527 4821 3813 4891 ἁχράντων

2212 4916 2307 4968 καὶ
2339 4912 2646 4980 .ζωοποιῶν
2702 4914 3016 4984 μυστηρίων
3042 4953 3056 4975 ,
3121 4913 3220 4982 τὴν
3276 4912 3415 4984 πρὸς
3456 4912 3620 4966 αὐτὸν
3669 4911 3812 4968 κατὰ

2217 5005 2432 5078 μέθεξιν
2499 5005 2856 5076 ἐνδεχομένην
2931 5004 2996 5057 δι’
3047 5005 3365 5074 ὁμοιότητος
3423 5004 3711 5058 κοινωνίαν
3754 5019 3810 5058 τε

2217 5096 2312 5150 καὶ
2359 5095 2668 5164 ταυτότητά
2693 5110 2712 5127 ο
2767 5093 2834 5146 δι’
2871 5087 2940 5164 ἦς
2988 5093 3244 5161 γενέσθαι
3275 5093 3399 5156 θεὸς
3431 5091 3492 5158 ἐξ
3521 5091 3808 5162 ἀνθρώπου
3873 5115 3880 5120 ·

2215 5186 2569 5252 καταξιοῦται
2609 5187 2638 5239 ὁ
2663 5185 2972 5256 ἄνθρωπος.
3006 5177 3110 5239 Ὧν
3136 5185 3246 5256 γὰρ
3275 5185 3514 5240 ἐνταῦθα
3545 5185 3687 5240 κατὰ
3713 5187 3810 5256 τὴν

2215 5277 2496 5350 παροῦσαν
2522 5275 2690 5348 ζωὴν,
2725 5275 2818 5330 διὰ
2845 5277 2948 5347 τῆς
2982 5279 3040 5329 ὲν
3069 5277 3253 5330 πίστει
3283 5278 3530 5347 χάριτος,
3555 5275 3811 5330 πιστεύο-

2217 5388 2317 5442 μεν
2390 5369 2775 5440 μετειληφέναι
2825 5369 3056 5439 δωρεῶν-
3113 5367 3208 5422 τοῦ
3256 5369 3412 5436 ἁγίου
3460 5369 3812 5440 Πνεῦματος,

2215 5459 2420 5513 τούτων
2471 5460 2529 5512 ὲν
2575 5459 2656 5529 τῷ
2706 5459 2956 5528 μέλλοντι
3007 5459 3167 5512 αἰῶνι
3224 5460 3370 5513 κατὰ
3413 5460 3678 5530 ἀλήθειαν
3725 5459 3814 5514 ὲν-

2217 5550 2536 5614 υποστάτως
2584 5551 2734 5622 αὑτῷ
2762 5550 2841 5622 τῷ
2870 5552 3166 5623 πράγματι
3193 5590 3210 5616 ,
3266 5551 3408 5606 κατὰ
3437 5551 3536 5624 τὴν
3563 5553 3814 5606 ἄπτωτον

2217 5644 2412 5696 ἐλπίδα
2432 5643 2544 5714 ,τῆς
2571 5644 2808 5709 πίστεως
2839 5643 3019 5715 ἡμῶν,
3049 5645 3144 5698 καὶ
3171 5642 3270 5714 τὴν
3301 5644 3395 5698 τοῦ
3420 5643 3823 5716 ὲπαγγειλομέ-

1866 5755 2100 5811 ΥΛΙὶΙίΕ
2132 5753 2534 5814 [ΙῗΟΤΙυΜὲδ.
