  <div class='ocr_page' id='page_1' title='image "/cluster/home/n/w/nwhite01/storage/ocr_20150623/91:no.2/coo.31924054869957/372.png"; bbox 0 0 4094 6358; ppageno 0'>
   <div class='ocr_carea' id='block_1_1' title="bbox 343 329 450 393">
    <p class='ocr_par' dir='ltr' id='par_1_1' title="bbox 343 329 450 393">
     <span class='ocr_line' id='line_1_1' title="bbox 343 329 450 393; baseline 0.019 -2"><span class='ocrx_word' id='word_1_1' title='bbox 343 329 450 393; x_wconf 83' lang='lat'><strong>705</strong></span> 
     </span>
    </p>
   </div>
   <div class='ocr_carea' id='block_1_2' title="bbox 2214 254 2241 269">
    <p class='ocr_par' dir='ltr' id='par_1_2' title="bbox 2214 254 2241 269">
     <span class='ocr_line' id='line_1_2' title="bbox 2214 254 2241 269; baseline 0 -2"><span class='ocrx_word' id='word_1_2' title='bbox 2214 254 2241 269; x_wconf 64' lang='grc' dir='ltr'><em>ο</em></span> 
     </span>
    </p>
   </div>
   <div class='ocr_carea' id='block_1_3' title="bbox 1693 280 3624 393">
    <p class='ocr_par' dir='ltr' id='par_1_3' title="bbox 1693 280 3624 393">
     <span class='ocr_line' id='line_1_3' title="bbox 1693 280 3624 393; baseline 0.002 -12"><span class='ocrx_word' id='word_1_3' title='bbox 1693 320 2198 382; x_wconf 68' lang='grc' dir='ltr'><strong>ΜΥΞΤΑΟΟΟῘΑ.</strong></span> <span class='ocrx_word' id='word_1_4' title='bbox 2432 280 2435 283; x_wconf 56' lang='grc'><em>’</em></span> <span class='ocrx_word' id='word_1_5' title='bbox 3114 382 3125 393; x_wconf 82' lang='grc'><strong>,</strong></span> <span class='ocrx_word' id='word_1_6' title='bbox 3517 322 3624 385; x_wconf 83' lang='lat'><strong>706</strong></span> 
     </span>
    </p>
   </div>
   <div class='ocr_carea' id='block_1_4' title="bbox 339 431 1926 511">
    <p class='ocr_par' dir='ltr' id='par_1_4' title="bbox 339 434 1926 511">
     <span class='ocr_line' id='line_1_4' title="bbox 339 434 1926 511; baseline -0.005 -16"><span class='ocrx_word' id='word_1_7' title='bbox 339 460 433 496; x_wconf 84' lang='grc' dir='ltr'><strong>νου</strong></span> <span class='ocrx_word' id='word_1_8' title='bbox 465 439 692 511; x_wconf 87' lang='grc' dir='ltr'>βεϐαίαν</span> <span class='ocrx_word' id='word_1_9' title='bbox 737 439 835 492; x_wconf 76' lang='grc' dir='ltr'>καὶ</span> <span class='ocrx_word' id='word_1_10' title='bbox 862 438 1217 508; x_wconf 80' lang='grc' dir='ltr'>ἀπαράϐατον</span> <span class='ocrx_word' id='word_1_11' title='bbox 1245 437 1564 508; x_wconf 74' lang='grc' dir='ltr'><strong>ὑπόσχεσιν,</strong></span> <span class='ocrx_word' id='word_1_12' title='bbox 1600 434 1926 504; x_wconf 75' lang='grc' dir='ltr'><strong>φυλάξαντες</strong></span> 
     </span>
    </p>
   </div>
   <div class='ocr_carea' id='block_1_5' title="bbox 2025 431 3628 511">
    <p class='ocr_par' dir='ltr' id='par_1_5' title="bbox 2040 431 3628 505">
     <span class='ocr_line' id='line_1_5' title="bbox 2040 431 3628 505; baseline 0.003 -18"><span class='ocrx_word' id='word_1_13' title='bbox 2040 448 2193 502; x_wconf 89' lang='lat' dir='ltr'><strong>spem</strong></span> <span class='ocrx_word' id='word_1_14' title='bbox 2223 432 2436 486; x_wconf 87' lang='lat' dir='ltr'><strong>ﬁrmam</strong></span> <span class='ocrx_word' id='word_1_15' title='bbox 2469 440 2674 485; x_wconf 69' lang='lat' dir='ltr'><strong>nostra)</strong></span> <span class='ocrx_word' id='word_1_16' title='bbox 2704 431 2853 494; x_wconf 91' lang='lat' dir='ltr'><strong>ﬁdei,</strong></span> <span class='ocrx_word' id='word_1_17' title='bbox 2883 448 2948 486; x_wconf 88' lang='lat' dir='ltr'><strong>ac</strong></span> <span class='ocrx_word' id='word_1_18' title='bbox 2970 433 3090 503; x_wconf 84' lang='lat' dir='ltr'><strong>ejus</strong></span> <span class='ocrx_word' id='word_1_19' title='bbox 3126 431 3217 504; x_wconf 90' lang='lat' dir='ltr'><strong>qui</strong></span> <span class='ocrx_word' id='word_1_20' title='bbox 3245 434 3526 505; x_wconf 69' lang='lat' dir='ltr'><strong>[uilicitus</strong></span> <span class='ocrx_word' id='word_1_21' title='bbox 3542 450 3628 491; x_wconf 86' lang='lat' dir='ltr'><strong>est</strong></span> 
     </span>
    </p>
   </div>
   <div class='ocr_carea' id='block_1_6' title="bbox 341 526 1933 601">
    <p class='ocr_par' dir='ltr' id='par_1_6' title="bbox 341 526 1933 601">
     <span class='ocr_line' id='line_1_6' title="bbox 341 526 1933 601; baseline -0.006 -14"><span class='ocrx_word' id='word_1_22' title='bbox 341 534 486 587; x_wconf 82' lang='grc' dir='ltr'>κατὰ</span> <span class='ocrx_word' id='word_1_23' title='bbox 538 532 774 601; x_wconf 83' lang='grc' dir='ltr'>δύναμιν</span> <span class='ocrx_word' id='word_1_24' title='bbox 826 531 931 593; x_wconf 81' lang='grc' dir='ltr'>τὰς</span> <span class='ocrx_word' id='word_1_25' title='bbox 975 530 1196 595; x_wconf 72' lang='grc' dir='ltr'>ἐντολὰς</span> <span class='ocrx_word' id='word_1_26' title='bbox 1222 570 1238 594; x_wconf 91' lang='grc'><strong>,</strong></span> <span class='ocrx_word' id='word_1_27' title='bbox 1314 529 1642 598; x_wconf 79' lang='grc' dir='ltr'>πιστεύομεν</span> <span class='ocrx_word' id='word_1_28' title='bbox 1691 526 1933 596; x_wconf 84' lang='grc' dir='ltr'>καταλή-</span> 
     </span>
    </p>
   </div>
   <div class='ocr_carea' id='block_1_7' title="bbox 341 621 1932 696">
    <p class='ocr_par' dir='ltr' id='par_1_7' title="bbox 341 621 1932 696">
     <span class='ocr_line' id='line_1_7' title="bbox 341 621 1932 696; baseline -0.006 -17"><span class='ocrx_word' id='word_1_29' title='bbox 341 626 546 696; x_wconf 72' lang='grc' dir='ltr'>ψεσθαι</span> <span class='ocrx_word' id='word_1_30' title='bbox 571 627 636 689; x_wconf 83' lang='grc'><strong>⁵⁵,</strong></span> <span class='ocrx_word' id='word_1_31' title='bbox 688 623 1106 694; x_wconf 86' lang='grc' dir='ltr'>μεταϐαίνοντες</span> <span class='ocrx_word' id='word_1_32' title='bbox 1135 623 1244 677; x_wconf 83' lang='grc' dir='ltr'>ἀπὸ</span> <span class='ocrx_word' id='word_1_33' title='bbox 1269 624 1367 693; x_wconf 83' lang='grc' dir='ltr'>τῆς</span> <span class='ocrx_word' id='word_1_34' title='bbox 1394 623 1452 674; x_wconf 81' lang='grc' dir='ltr'>ὲν</span> <span class='ocrx_word' id='word_1_35' title='bbox 1479 621 1658 674; x_wconf 86' lang='grc' dir='ltr'>πίστει</span> <span class='ocrx_word' id='word_1_36' title='bbox 1688 621 1932 689; x_wconf 83' lang='grc' dir='ltr'>χάριτος,</span> 
     </span>
    </p>
   </div>
   <div class='ocr_carea' id='block_1_8' title="bbox 344 709 1933 787">
    <p class='ocr_par' dir='ltr' id='par_1_8' title="bbox 344 709 1933 787">
     <span class='ocr_line' id='line_1_8' title="bbox 344 709 1933 787; baseline -0.005 -18"><span class='ocrx_word' id='word_1_37' title='bbox 344 720 426 779; x_wconf 84' lang='grc' dir='ltr'><strong>είς</strong></span> <span class='ocrx_word' id='word_1_38' title='bbox 455 720 557 787; x_wconf 65' lang='grc' dir='ltr'>τὴν</span> <span class='ocrx_word' id='word_1_39' title='bbox 602 716 720 768; x_wconf 86' lang='grc' dir='ltr'>κατ’</span> <span class='ocrx_word' id='word_1_40' title='bbox 741 712 881 778; x_wconf 77' lang='grc' dir='ltr'>εἶδος</span> <span class='ocrx_word' id='word_1_41' title='bbox 907 716 1068 785; x_wconf 74' lang='grc' dir='ltr'>χάριν</span> <span class='ocrx_word' id='word_1_42' title='bbox 1095 731 1109 745; x_wconf 87' lang='grc'><strong>·</strong></span> <span class='ocrx_word' id='word_1_43' title='bbox 1170 712 1594 786; x_wconf 86' lang='grc' dir='ltr'>μεταποιοῦντος</span> <span class='ocrx_word' id='word_1_44' title='bbox 1618 712 1764 780; x_wconf 82' lang='grc' dir='ltr'>ἡμᾶς</span> <span class='ocrx_word' id='word_1_45' title='bbox 1794 709 1933 779; x_wconf 80' lang='grc' dir='ltr'>πρὸς</span> 
     </span>
    </p>
   </div>
   <div class='ocr_carea' id='block_1_9' title="bbox 343 800 1929 875">
    <p class='ocr_par' dir='ltr' id='par_1_9' title="bbox 343 800 1929 875">
     <span class='ocr_line' id='line_1_9' title="bbox 343 800 1929 875; baseline -0.004 -16"><span class='ocrx_word' id='word_1_46' title='bbox 343 808 542 860; x_wconf 77' lang='grc' dir='ltr'>ἑαυτὸν</span> <span class='ocrx_word' id='word_1_47' title='bbox 588 805 788 875; x_wconf 83' lang='grc' dir='ltr'>δηλαδὴ</span> <span class='ocrx_word' id='word_1_48' title='bbox 836 806 931 857; x_wconf 84' lang='grc' dir='ltr'><strong>τοῦ</strong></span> <span class='ocrx_word' id='word_1_49' title='bbox 965 804 1103 857; x_wconf 82' lang='grc' dir='ltr'>Θεοῦ</span> <span class='ocrx_word' id='word_1_50' title='bbox 1151 806 1245 857; x_wconf 70' lang='grc' dir='ltr'><strong>καὶ</strong></span> <span class='ocrx_word' id='word_1_51' title='bbox 1284 805 1539 873; x_wconf 73' lang='grc' dir='ltr'>Σωτῆρος</span> <span class='ocrx_word' id='word_1_52' title='bbox 1568 802 1728 873; x_wconf 77' lang='grc' dir='ltr'>ἡμῶν</span> <span class='ocrx_word' id='word_1_53' title='bbox 1756 800 1929 869; x_wconf 83' lang='grc' dir='ltr'>Ἰησοῦ</span> 
     </span>
    </p>
   </div>
   <div class='ocr_carea' id='block_1_10' title="bbox 342 895 1931 968">
    <p class='ocr_par' dir='ltr' id='par_1_10' title="bbox 342 895 1931 968">
     <span class='ocr_line' id='line_1_10' title="bbox 342 895 1931 968; baseline -0.004 -16"><span class='ocrx_word' id='word_1_54' title='bbox 342 898 584 967; x_wconf 79' lang='grc' dir='ltr'>Χριστοῦ</span> <span class='ocrx_word' id='word_1_55' title='bbox 609 914 621 926; x_wconf 94' lang='grc'>·</span> <span class='ocrx_word' id='word_1_56' title='bbox 679 900 743 968; x_wconf 80' lang='grc' dir='ltr'>τῇ</span> <span class='ocrx_word' id='word_1_57' title='bbox 794 897 1134 968; x_wconf 81' lang='grc' dir='ltr'>περιαιρέσει</span> <span class='ocrx_word' id='word_1_58' title='bbox 1188 898 1297 949; x_wconf 85' lang='grc' dir='ltr'><strong>τῶν</strong></span> <span class='ocrx_word' id='word_1_59' title='bbox 1339 899 1397 949; x_wconf 82' lang='grc' dir='ltr'>ὲν</span> <span class='ocrx_word' id='word_1_60' title='bbox 1434 899 1565 967; x_wconf 80' lang='grc' dir='ltr'>ἡμῖν</span> <span class='ocrx_word' id='word_1_61' title='bbox 1599 897 1699 966; x_wconf 79' lang='grc' dir='ltr'>τῆς</span> <span class='ocrx_word' id='word_1_62' title='bbox 1726 895 1931 964; x_wconf 75' lang='grc' dir='ltr'>φθορᾶς</span> 
     </span>
    </p>
   </div>
   <div class='ocr_carea' id='block_1_11' title="bbox 343 983 1929 1057">
    <p class='ocr_par' dir='ltr' id='par_1_11' title="bbox 343 983 1929 1057">
     <span class='ocr_line' id='line_1_11' title="bbox 343 983 1929 1057; baseline -0.001 -20"><span class='ocrx_word' id='word_1_63' title='bbox 343 987 764 1057; x_wconf 70' lang='grc' dir='ltr'><strong>γνωρισμάτων,</strong></span> <span class='ocrx_word' id='word_1_64' title='bbox 790 986 884 1038; x_wconf 66' lang='grc' dir='ltr'><strong>καὶ</strong></span> <span class='ocrx_word' id='word_1_65' title='bbox 906 986 973 1037; x_wconf 76' lang='grc' dir='ltr'>τὰ</span> <span class='ocrx_word' id='word_1_66' title='bbox 997 986 1433 1056; x_wconf 74' lang='grc' dir='ltr'>παραδειχθέντα</span> <span class='ocrx_word' id='word_1_67' title='bbox 1453 986 1544 1038; x_wconf 76' lang='grc' dir='ltr'>διὰ</span> <span class='ocrx_word' id='word_1_68' title='bbox 1565 984 1674 1037; x_wconf 86' lang='grc' dir='ltr'><strong>τῶν</strong></span> <span class='ocrx_word' id='word_1_69' title='bbox 1697 983 1929 1036; x_wconf 74' lang='grc' dir='ltr'>ἐνταῦθα</span> 
     </span>
    </p>
   </div>
   <div class='ocr_carea' id='block_1_12' title="bbox 340 1077 1928 1149">
    <p class='ocr_par' dir='ltr' id='par_1_12' title="bbox 340 1077 1928 1149">
     <span class='ocr_line' id='line_1_12' title="bbox 340 1077 1928 1149; baseline -0.003 -16"><span class='ocrx_word' id='word_1_70' title='bbox 340 1079 616 1148; x_wconf 75' lang='grc' dir='ltr'><strong>αἰσθητῶν</strong></span> <span class='ocrx_word' id='word_1_71' title='bbox 681 1079 968 1149; x_wconf 85' lang='grc' dir='ltr'>συμϐόλων</span> <span class='ocrx_word' id='word_1_72' title='bbox 1027 1081 1160 1149; x_wconf 75' lang='grc' dir='ltr'>ἡμῖν</span> <span class='ocrx_word' id='word_1_73' title='bbox 1220 1079 1507 1148; x_wconf 80' lang='grc' dir='ltr'><strong>ἀρχέτυπα</strong></span> <span class='ocrx_word' id='word_1_74' title='bbox 1565 1077 1928 1149; x_wconf 74' lang='grc' dir='ltr'>χαριζομένου</span> 
     </span>
    </p>
   </div>
   <div class='ocr_carea' id='block_1_13' title="bbox 340 1172 641 1242">
    <p class='ocr_par' dir='ltr' id='par_1_13' title="bbox 340 1172 641 1242">
     <span class='ocr_line' id='line_1_13' title="bbox 340 1172 641 1242; baseline 0.003 -20"><span class='ocrx_word' id='word_1_75' title='bbox 340 1172 641 1242; x_wconf 83' lang='grc' dir='ltr'>μυστήρια.</span> 
     </span>
    </p>
   </div>
   <div class='ocr_carea' id='block_1_14' title="bbox 401 1421 1927 1495">
    <p class='ocr_par' dir='ltr' id='par_1_14' title="bbox 401 1421 1927 1495">
     <span class='ocr_line' id='line_1_14' title="bbox 401 1421 1927 1495; baseline 0.001 -21"><span class='ocrx_word' id='word_1_76' title='bbox 401 1422 503 1475; x_wconf 80' lang='grc' dir='ltr'>Διὰ</span> <span class='ocrx_word' id='word_1_77' title='bbox 552 1421 611 1475; x_wconf 76' lang='grc' dir='ltr'>δὲ</span> <span class='ocrx_word' id='word_1_78' title='bbox 638 1422 700 1474; x_wconf 74' lang='grc' dir='ltr'><strong>τὸ</strong></span> <span class='ocrx_word' id='word_1_79' title='bbox 751 1422 1216 1493; x_wconf 80' lang='grc' dir='ltr'>εὐμνημόνευτον,</span> <span class='ocrx_word' id='word_1_80' title='bbox 1270 1425 1318 1476; x_wconf 84' lang='grc' dir='ltr'>εἱ</span> <span class='ocrx_word' id='word_1_81' title='bbox 1362 1423 1529 1486; x_wconf 79' lang='grc' dir='ltr'>δοκεῖ,</span> <span class='ocrx_word' id='word_1_82' title='bbox 1583 1423 1683 1495; x_wconf 80' lang='grc' dir='ltr'>τὴν</span> <span class='ocrx_word' id='word_1_83' title='bbox 1717 1423 1825 1476; x_wconf 83' lang='grc' dir='ltr'><strong>τῶν</strong></span> <span class='ocrx_word' id='word_1_84' title='bbox 1852 1425 1927 1475; x_wconf 67' lang='grc' dir='ltr'>είς</span> 
     </span>
    </p>
   </div>
   <div class='ocr_carea' id='block_1_15' title="bbox 330 1512 1926 1585">
    <p class='ocr_par' dir='ltr' id='par_1_15' title="bbox 330 1512 1926 1585">
     <span class='ocr_line' id='line_1_15' title="bbox 330 1512 1926 1585; baseline -0.001 -19"><span class='ocrx_word' id='word_1_85' title='bbox 330 1514 595 1584; x_wconf 82' lang='grc' dir='ltr'>ρημένων</span> <span class='ocrx_word' id='word_1_86' title='bbox 625 1515 858 1584; x_wconf 83' lang='grc' dir='ltr'>δύναμιν</span> <span class='ocrx_word' id='word_1_87' title='bbox 886 1514 1008 1567; x_wconf 84' lang='grc' dir='ltr'>κατ’</span> <span class='ocrx_word' id='word_1_88' title='bbox 1030 1514 1298 1585; x_wconf 81' lang='grc' dir='ltr'>ἐπιτομὴν</span> <span class='ocrx_word' id='word_1_89' title='bbox 1327 1514 1753 1584; x_wconf 75' lang='grc' dir='ltr'>ἐπιδραμόντες,</span> <span class='ocrx_word' id='word_1_90' title='bbox 1784 1512 1926 1566; x_wconf 74' lang='grc' dir='ltr'>οὕτω</span> 
     </span>
    </p>
   </div>
   <div class='ocr_carea' id='block_1_16' title="bbox 326 1607 1926 1681">
    <p class='ocr_par' dir='ltr' id='par_1_16' title="bbox 326 1607 1926 1681">
     <span class='ocr_line' id='line_1_16' title="bbox 326 1607 1926 1681; baseline 0 -18"><span class='ocrx_word' id='word_1_91' title='bbox 326 1610 825 1679; x_wconf 82' lang='grc' dir='ltr'>κεφαλαιὼσωμεν.</span> <span class='ocrx_word' id='word_1_92' title='bbox 854 1612 1010 1663; x_wconf 87' lang='grc' dir='ltr'>Ἐστι</span> <span class='ocrx_word' id='word_1_93' title='bbox 1044 1613 1145 1681; x_wconf 83' lang='grc' dir='ltr'><strong>μὲν</strong></span> <span class='ocrx_word' id='word_1_94' title='bbox 1170 1607 1264 1665; x_wconf 84' lang='grc' dir='ltr'><strong>οῦν</strong></span> <span class='ocrx_word' id='word_1_95' title='bbox 1284 1614 1322 1681; x_wconf 72' lang='grc' dir='ltr'><strong>ἡ</strong></span> <span class='ocrx_word' id='word_1_96' title='bbox 1352 1611 1484 1679; x_wconf 83' lang='grc' dir='ltr'>ἁγία</span> <span class='ocrx_word' id='word_1_97' title='bbox 1506 1610 1808 1679; x_wconf 75' lang='grc' dir='ltr'><strong>Ἐκκλησία</strong></span> <span class='ocrx_word' id='word_1_98' title='bbox 1832 1610 1926 1663; x_wconf 77' lang='grc' dir='ltr'>τύ·</span> 
     </span>
    </p>
   </div>
   <div class='ocr_carea' id='block_1_17' title="bbox 327 1701 1925 1773">
    <p class='ocr_par' dir='ltr' id='par_1_17' title="bbox 327 1701 1925 1773">
     <span class='ocr_line' id='line_1_17' title="bbox 327 1701 1925 1773; baseline -0.003 -15"><span class='ocrx_word' id='word_1_99' title='bbox 327 1722 432 1766; x_wconf 88' lang='grc' dir='ltr'><strong>πος</strong></span> <span class='ocrx_word' id='word_1_100' title='bbox 458 1743 474 1767; x_wconf 92' lang='grc'><strong>,</strong></span> <span class='ocrx_word' id='word_1_101' title='bbox 529 1702 606 1765; x_wconf 83' lang='grc' dir='ltr'>ὡς</span> <span class='ocrx_word' id='word_1_102' title='bbox 655 1704 905 1773; x_wconf 81' lang='grc' dir='ltr'>εἴρηται,</span> <span class='ocrx_word' id='word_1_103' title='bbox 954 1705 1050 1757; x_wconf 77' lang='grc' dir='ltr'><strong>καὶ</strong></span> <span class='ocrx_word' id='word_1_104' title='bbox 1077 1702 1263 1767; x_wconf 87' lang='grc' dir='ltr'>εἰκὼν,</span> <span class='ocrx_word' id='word_1_105' title='bbox 1300 1703 1392 1755; x_wconf 90' lang='grc' dir='ltr'><strong>τοῦ</strong></span> <span class='ocrx_word' id='word_1_106' title='bbox 1431 1704 1529 1772; x_wconf 85' lang='grc' dir='ltr'>μὲν</span> <span class='ocrx_word' id='word_1_107' title='bbox 1554 1701 1690 1754; x_wconf 84' lang='grc' dir='ltr'>Θεοῦ</span> <span class='ocrx_word' id='word_1_108' title='bbox 1715 1718 1728 1731; x_wconf 94' lang='grc'><strong>·</strong></span> <span class='ocrx_word' id='word_1_109' title='bbox 1789 1702 1925 1755; x_wconf 87' lang='grc' dir='ltr'>διότι</span> 
     </span>
    </p>
   </div>
   <div class='ocr_carea' id='block_1_18' title="bbox 2039 524 3623 595">
    <p class='ocr_par' dir='ltr' id='par_1_18' title="bbox 2039 524 3623 595">
     <span class='ocr_line' id='line_1_18' title="bbox 2039 524 3623 595; baseline 0.003 -17"><span class='ocrx_word' id='word_1_110' title='bbox 2039 524 2550 578; x_wconf 88' lang='lat' dir='ltr'><strong>incommutabilem</strong></span> <span class='ocrx_word' id='word_1_111' title='bbox 2572 531 2893 594; x_wconf 75' lang='lat' dir='ltr'><strong>certamque</strong></span> <span class='ocrx_word' id='word_1_112' title='bbox 2919 527 3145 580; x_wconf 84' lang='lat' dir='ltr'><strong>omnino</strong></span> <span class='ocrx_word' id='word_1_113' title='bbox 3175 529 3623 595; x_wconf 87' lang='lat' dir='ltr'><strong>promissionem,</strong></span> 
     </span>
    </p>
   </div>
   <div class='ocr_carea' id='block_1_19' title="bbox 2037 617 3631 685">
    <p class='ocr_par' dir='ltr' id='par_1_19' title="bbox 2037 617 3631 685">
     <span class='ocr_line' id='line_1_19' title="bbox 2037 617 3631 685; baseline 0.002 -15"><span class='ocrx_word' id='word_1_114' title='bbox 2037 617 2131 670; x_wconf 89' lang='lat' dir='ltr'><strong>ubi</strong></span> <span class='ocrx_word' id='word_1_115' title='bbox 2168 632 2268 685; x_wconf 88' lang='lat' dir='ltr'><strong>pro</strong></span> <span class='ocrx_word' id='word_1_116' title='bbox 2292 618 2441 670; x_wconf 79' lang='lat' dir='ltr'><strong>virili</strong></span> <span class='ocrx_word' id='word_1_117' title='bbox 2481 626 2673 671; x_wconf 84' lang='lat' dir='ltr'><strong>nostra</strong></span> <span class='ocrx_word' id='word_1_118' title='bbox 2712 617 2974 674; x_wconf 86' lang='lat' dir='ltr'><strong>facultate</strong></span> <span class='ocrx_word' id='word_1_119' title='bbox 3018 622 3274 674; x_wconf 85' lang='lat' dir='ltr'><strong>mandata</strong></span> <span class='ocrx_word' id='word_1_120' title='bbox 3319 624 3631 676; x_wconf 83' lang='lat' dir='ltr'><strong>servaveri-</strong></span> 
     </span>
    </p>
   </div>
   <div class='ocr_carea' id='block_1_20' title="bbox 2036 711 3625 782">
    <p class='ocr_par' dir='ltr' id='par_1_20' title="bbox 2036 711 3625 782">
     <span class='ocr_line' id='line_1_20' title="bbox 2036 711 3625 782; baseline 0.003 -21"><span class='ocrx_word' id='word_1_121' title='bbox 2036 725 2181 771; x_wconf 86' lang='lat' dir='ltr'><strong>mus,</strong></span> <span class='ocrx_word' id='word_1_122' title='bbox 2222 718 2586 779; x_wconf 83' lang='lat' dir='ltr'><strong>percepturos</strong></span> <span class='ocrx_word' id='word_1_123' title='bbox 2631 726 2732 763; x_wconf 91' lang='lat' dir='ltr'><strong>nos</strong></span> <span class='ocrx_word' id='word_1_124' title='bbox 2762 711 3063 773; x_wconf 89' lang='lat' dir='ltr'><strong>credimus,</strong></span> <span class='ocrx_word' id='word_1_125' title='bbox 3092 712 3183 779; x_wconf 85' lang='lat' dir='ltr'><strong>qui</strong></span> <span class='ocrx_word' id='word_1_126' title='bbox 3216 728 3245 765; x_wconf 88' lang='lat' dir='ltr'><strong>a</strong></span> <span class='ocrx_word' id='word_1_127' title='bbox 3294 714 3467 781; x_wconf 86' lang='lat' dir='ltr'><strong>gratia</strong></span> <span class='ocrx_word' id='word_1_128' title='bbox 3501 729 3625 782; x_wconf 64' lang='lat' dir='ltr'><strong>quae</strong></span> 
     </span>
    </p>
   </div>
   <div class='ocr_carea' id='block_1_21' title="bbox 2035 801 3634 879">
    <p class='ocr_par' dir='ltr' id='par_1_21' title="bbox 2035 801 3634 879">
     <span class='ocr_line' id='line_1_21' title="bbox 2035 801 3634 879; baseline 0.002 -25"><span class='ocrx_word' id='word_1_129' title='bbox 2035 801 2089 854; x_wconf 93' lang='lat' dir='ltr'><strong>in</strong></span> <span class='ocrx_word' id='word_1_130' title='bbox 2136 801 2242 854; x_wconf 88' lang='lat' dir='ltr'><strong>ﬁde</strong></span> <span class='ocrx_word' id='word_1_131' title='bbox 2271 810 2378 863; x_wconf 88' lang='lat' dir='ltr'><strong>est,</strong></span> <span class='ocrx_word' id='word_1_132' title='bbox 2403 802 2469 854; x_wconf 89' lang='lat' dir='ltr'><strong>ad</strong></span> <span class='ocrx_word' id='word_1_133' title='bbox 2511 803 2744 870; x_wconf 86' lang='lat' dir='ltr'><strong>gratiam</strong></span> <span class='ocrx_word' id='word_1_134' title='bbox 2769 818 2891 870; x_wconf 72' lang='lat' dir='ltr'><strong>qum</strong></span> <span class='ocrx_word' id='word_1_135' title='bbox 2923 811 3005 856; x_wconf 86' lang='lat' dir='ltr'><strong>est</strong></span> <span class='ocrx_word' id='word_1_136' title='bbox 3032 803 3338 856; x_wconf 83' lang='lat' dir='ltr'><strong>secundum</strong></span> <span class='ocrx_word' id='word_1_137' title='bbox 3380 805 3634 879; x_wconf 78' lang='lat' dir='ltr'><strong>speciem</strong></span> 
     </span>
    </p>
   </div>
   <div class='ocr_carea' id='block_1_22' title="bbox 2036 894 3626 960">
    <p class='ocr_par' dir='ltr' id='par_1_22' title="bbox 2036 894 3626 960">
     <span class='ocr_line' id='line_1_22' title="bbox 2036 894 3626 960; baseline 0.001 -14"><span class='ocrx_word' id='word_1_138' title='bbox 2036 894 2323 946; x_wconf 86' lang='lat' dir='ltr'><strong>transituri</strong></span> <span class='ocrx_word' id='word_1_139' title='bbox 2344 895 2554 960; x_wconf 82' lang='lat' dir='ltr'><strong>simus;</strong></span> <span class='ocrx_word' id='word_1_140' title='bbox 2600 895 2715 947; x_wconf 91' lang='lat' dir='ltr'><strong>Deo</strong></span> <span class='ocrx_word' id='word_1_141' title='bbox 2749 895 2965 947; x_wconf 83' lang='lat' dir='ltr'><strong>scilicet</strong></span> <span class='ocrx_word' id='word_1_142' title='bbox 3009 910 3076 947; x_wconf 84' lang='lat' dir='ltr'><strong>ac</strong></span> <span class='ocrx_word' id='word_1_143' title='bbox 3107 894 3403 949; x_wconf 84' lang='lat' dir='ltr'><strong>Servatore</strong></span> <span class='ocrx_word' id='word_1_144' title='bbox 3432 904 3626 948; x_wconf 88' lang='lat' dir='ltr'><strong>nostro</strong></span> 
     </span>
    </p>
   </div>
   <div class='ocr_carea' id='block_1_23' title="bbox 2031 984 3627 1049">
    <p class='ocr_par' dir='ltr' id='par_1_23' title="bbox 2031 984 3627 1049">
     <span class='ocr_line' id='line_1_23' title="bbox 2031 984 3627 1049; baseline 0 -11"><span class='ocrx_word' id='word_1_145' title='bbox 2031 984 2159 1038; x_wconf 87' lang='lat' dir='ltr'><strong>Jesu</strong></span> <span class='ocrx_word' id='word_1_146' title='bbox 2195 984 2421 1039; x_wconf 82' lang='lat' dir='ltr'><strong>Christo</strong></span> <span class='ocrx_word' id='word_1_147' title='bbox 2448 1001 2551 1039; x_wconf 91' lang='lat' dir='ltr'><strong>nos</strong></span> <span class='ocrx_word' id='word_1_148' title='bbox 2576 985 2631 1037; x_wconf 93' lang='lat' dir='ltr'><strong>in</strong></span> <span class='ocrx_word' id='word_1_149' title='bbox 2655 1001 2713 1038; x_wconf 91' lang='lat' dir='ltr'><strong>se</strong></span> <span class='ocrx_word' id='word_1_150' title='bbox 2742 993 3171 1049; x_wconf 90' lang='lat' dir='ltr'><strong>transmutante,</strong></span> <span class='ocrx_word' id='word_1_151' title='bbox 3215 1001 3435 1039; x_wconf 84' lang='lat' dir='ltr'><strong>necnon</strong></span> <span class='ocrx_word' id='word_1_152' title='bbox 3497 1001 3627 1040; x_wconf 84' lang='lat' dir='ltr'><strong>cor-</strong></span> 
     </span>
    </p>
   </div>
   <div class='ocr_carea' id='block_1_24' title="bbox 2032 1076 3625 1145">
    <p class='ocr_par' dir='ltr' id='par_1_24' title="bbox 2032 1076 3625 1145">
     <span class='ocr_line' id='line_1_24' title="bbox 2032 1076 3625 1145; baseline 0.001 -16"><span class='ocrx_word' id='word_1_153' title='bbox 2032 1076 2311 1145; x_wconf 86' lang='lat' dir='ltr'><strong>ruptionis</strong></span> <span class='ocrx_word' id='word_1_154' title='bbox 2349 1076 2711 1145; x_wconf 79' lang='lat' dir='ltr'><strong>mortalisque</strong></span> <span class='ocrx_word' id='word_1_155' title='bbox 2749 1077 2805 1130; x_wconf 91' lang='lat' dir='ltr'><strong>in</strong></span> <span class='ocrx_word' id='word_1_156' title='bbox 2837 1078 3001 1133; x_wconf 91' lang='lat' dir='ltr'><strong>nobis</strong></span> <span class='ocrx_word' id='word_1_157' title='bbox 3029 1078 3156 1132; x_wconf 70' lang='lat' dir='ltr'><strong>vitro</strong></span> <span class='ocrx_word' id='word_1_158' title='bbox 3197 1088 3359 1131; x_wconf 80' lang='lat' dir='ltr'><strong>notas</strong></span> <span class='ocrx_word' id='word_1_159' title='bbox 3391 1078 3625 1131; x_wconf 58' lang='lat' dir='ltr'><strong>aboleno</strong></span> 
     </span>
    </p>
   </div>
   <div class='ocr_carea' id='block_1_25' title="bbox 2032 1167 3628 1237">
    <p class='ocr_par' dir='ltr' id='par_1_25' title="bbox 2032 1167 3628 1237">
     <span class='ocr_line' id='line_1_25' title="bbox 2032 1167 3628 1237; baseline 0.001 -16"><span class='ocrx_word' id='word_1_160' title='bbox 2032 1167 2125 1230; x_wconf 91' lang='lat' dir='ltr'><strong>do,</strong></span> <span class='ocrx_word' id='word_1_161' title='bbox 2179 1183 2280 1236; x_wconf 92' lang='lat' dir='ltr'><strong>per</strong></span> <span class='ocrx_word' id='word_1_162' title='bbox 2314 1183 2378 1220; x_wconf 91' lang='lat' dir='ltr'><strong>ea</strong></span> <span class='ocrx_word' id='word_1_163' title='bbox 2406 1167 2653 1237; x_wconf 81' lang='lat' dir='ltr'><strong>symbola</strong></span> <span class='ocrx_word' id='word_1_164' title='bbox 2703 1184 2827 1236; x_wconf 63' lang='lat' dir='ltr'><strong>qua:</strong></span> <span class='ocrx_word' id='word_1_165' title='bbox 2864 1169 2920 1222; x_wconf 92' lang='lat' dir='ltr'><strong>in</strong></span> <span class='ocrx_word' id='word_1_166' title='bbox 2966 1184 3192 1223; x_wconf 88' lang='lat' dir='ltr'><strong>sensum</strong></span> <span class='ocrx_word' id='word_1_167' title='bbox 3254 1169 3484 1233; x_wconf 90' lang='lat' dir='ltr'><strong>cadunt,</strong></span> <span class='ocrx_word' id='word_1_168' title='bbox 3533 1168 3628 1223; x_wconf 89' lang='lat' dir='ltr'><strong>hic</strong></span> 
     </span>
    </p>
   </div>
   <div class='ocr_carea' id='block_1_26' title="bbox 2030 1259 3625 1331">
    <p class='ocr_par' dir='ltr' id='par_1_26' title="bbox 2030 1259 3625 1331">
     <span class='ocr_line' id='line_1_26' title="bbox 2030 1259 3625 1331; baseline 0.001 -19"><span class='ocrx_word' id='word_1_169' title='bbox 2030 1259 2196 1312; x_wconf 78' lang='lat' dir='ltr'><strong>nobis</strong></span> <span class='ocrx_word' id='word_1_170' title='bbox 2229 1260 2502 1328; x_wconf 89' lang='lat' dir='ltr'><strong>tantisper</strong></span> <span class='ocrx_word' id='word_1_171' title='bbox 2546 1267 2875 1325; x_wconf 87' lang='lat' dir='ltr'><strong>monstrata,</strong></span> <span class='ocrx_word' id='word_1_172' title='bbox 2914 1260 3200 1329; x_wconf 81' lang='lat' dir='ltr'><strong>primitiva</strong></span> <span class='ocrx_word' id='word_1_173' title='bbox 3238 1261 3498 1331; x_wconf 79' lang='lat' dir='ltr'><strong>mysteria</strong></span> <span class='ocrx_word' id='word_1_174' title='bbox 3525 1259 3625 1314; x_wconf 77' lang='lat' dir='ltr'><strong>lar~</strong></span> 
     </span>
    </p>
   </div>
   <div class='ocr_carea' id='block_1_27' title="bbox 2027 1351 2231 1420">
    <p class='ocr_par' dir='ltr' id='par_1_27' title="bbox 2027 1351 2231 1420">
     <span class='ocr_line' id='line_1_27' title="bbox 2027 1351 2231 1420; baseline 0 -17"><span class='ocrx_word' id='word_1_175' title='bbox 2027 1351 2231 1420; x_wconf 82' lang='lat' dir='ltr'><strong>giente.</strong></span> 
     </span>
    </p>
   </div>
   <div class='ocr_carea' id='block_1_28' title="bbox 2102 1441 3621 1515">
    <p class='ocr_par' dir='ltr' id='par_1_28' title="bbox 2102 1441 3621 1515">
     <span class='ocr_line' id='line_1_28' title="bbox 2102 1441 3621 1515; baseline 0.005 -21"><span class='ocrx_word' id='word_1_176' title='bbox 2102 1441 2324 1496; x_wconf 78' lang='lat' dir='ltr'><strong>Summa</strong></span> <span class='ocrx_word' id='word_1_177' title='bbox 2380 1442 2640 1497; x_wconf 72' lang='lat' dir='ltr'><strong>dictorum</strong></span> <span class='ocrx_word' id='word_1_178' title='bbox 2679 1463 2741 1499; x_wconf 88' lang='lat' dir='ltr'><strong>ac</strong></span> <span class='ocrx_word' id='word_1_179' title='bbox 2794 1446 3190 1515; x_wconf 75' lang='lat' dir='ltr'><strong>recapitulatio.</strong></span> <span class='ocrx_word' id='word_1_180' title='bbox 3220 1476 3291 1487; x_wconf 96' lang='lat'><strong>—</strong></span> <span class='ocrx_word' id='word_1_181' title='bbox 3330 1447 3401 1503; x_wconf 91' lang='lat' dir='ltr'><strong>Ut</strong></span> <span class='ocrx_word' id='word_1_182' title='bbox 3434 1456 3621 1501; x_wconf 81' lang='lat' dir='ltr'><strong>autem</strong></span> 
     </span>
    </p>
   </div>
   <div class='ocr_carea' id='block_1_29' title="bbox 2030 1536 3623 1609">
    <p class='ocr_par' dir='ltr' id='par_1_29' title="bbox 2030 1536 3623 1609">
     <span class='ocr_line' id='line_1_29' title="bbox 2030 1536 3623 1609; baseline 0.004 -22"><span class='ocrx_word' id='word_1_183' title='bbox 2030 1536 2312 1588; x_wconf 68' lang='lat' dir='ltr'><strong>memoria:</strong></span> <span class='ocrx_word' id='word_1_184' title='bbox 2372 1537 2739 1602; x_wconf 88' lang='lat' dir='ltr'><strong>consulatur,</strong></span> <span class='ocrx_word' id='word_1_185' title='bbox 2797 1538 3039 1603; x_wconf 81' lang='lat' dir='ltr'><strong>silibet,</strong></span> <span class='ocrx_word' id='word_1_186' title='bbox 3078 1555 3271 1595; x_wconf 87' lang='lat' dir='ltr'><strong>eorum</strong></span> <span class='ocrx_word' id='word_1_187' title='bbox 3325 1556 3447 1609; x_wconf 74' lang='lat' dir='ltr'><strong>qua:</strong></span> <span class='ocrx_word' id='word_1_188' title='bbox 3493 1541 3623 1595; x_wconf 90' lang='lat' dir='ltr'><strong>data</strong></span> 
     </span>
    </p>
   </div>
   <div class='ocr_carea' id='block_1_30' title="bbox 2029 1626 3622 1697">
    <p class='ocr_par' dir='ltr' id='par_1_30' title="bbox 2029 1626 3622 1697">
     <span class='ocr_line' id='line_1_30' title="bbox 2029 1626 3622 1697; baseline 0.004 -17"><span class='ocrx_word' id='word_1_189' title='bbox 2029 1635 2160 1680; x_wconf 87' lang='lat' dir='ltr'><strong>sunt</strong></span> <span class='ocrx_word' id='word_1_190' title='bbox 2210 1626 2321 1678; x_wconf 90' lang='lat' dir='ltr'><strong>vim</strong></span> <span class='ocrx_word' id='word_1_191' title='bbox 2352 1626 2600 1681; x_wconf 77' lang='lat' dir='ltr'><strong>breviter</strong></span> <span class='ocrx_word' id='word_1_192' title='bbox 2648 1639 3069 1697; x_wconf 85' lang='lat' dir='ltr'><strong>percurrentes,</strong></span> <span class='ocrx_word' id='word_1_193' title='bbox 3114 1632 3192 1685; x_wconf 89' lang='lat' dir='ltr'><strong>ita</strong></span> <span class='ocrx_word' id='word_1_194' title='bbox 3241 1632 3295 1684; x_wconf 92' lang='lat' dir='ltr'><strong>in</strong></span> <span class='ocrx_word' id='word_1_195' title='bbox 3348 1647 3622 1686; x_wconf 83' lang='lat' dir='ltr'><strong>summam</strong></span> 
     </span>
    </p>
   </div>
   <div class='ocr_carea' id='block_1_31' title="bbox 2029 1716 3620 1786">
    <p class='ocr_par' dir='ltr' id='par_1_31' title="bbox 2029 1716 3620 1786">
     <span class='ocr_line' id='line_1_31' title="bbox 2029 1716 3620 1786; baseline 0.004 -19"><span class='ocrx_word' id='word_1_196' title='bbox 2029 1716 2366 1783; x_wconf 87' lang='lat' dir='ltr'><strong>redigamus.</strong></span> <span class='ocrx_word' id='word_1_197' title='bbox 2402 1716 2500 1770; x_wconf 85' lang='lat' dir='ltr'><strong>Est</strong></span> <span class='ocrx_word' id='word_1_198' title='bbox 2539 1716 2710 1786; x_wconf 80' lang='lat' dir='ltr'><strong>igitur</strong></span> <span class='ocrx_word' id='word_1_199' title='bbox 2757 1726 2948 1772; x_wconf 88' lang='lat' dir='ltr'><strong>sancta</strong></span> <span class='ocrx_word' id='word_1_200' title='bbox 2990 1720 3259 1785; x_wconf 88' lang='lat' dir='ltr'><strong>Ecclesia,</strong></span> <span class='ocrx_word' id='word_1_201' title='bbox 3303 1721 3383 1773; x_wconf 89' lang='lat' dir='ltr'><strong>uti</strong></span> <span class='ocrx_word' id='word_1_202' title='bbox 3406 1720 3620 1775; x_wconf 90' lang='lat' dir='ltr'><strong>dictum</strong></span> 
     </span>
    </p>
   </div>
   <div class='ocr_carea' id='block_1_32' title="bbox 328 1796 1926 1882">
    <p class='ocr_par' dir='ltr' id='par_1_32' title="bbox 328 1796 1926 1867">
     <span class='ocr_line' id='line_1_32' title="bbox 328 1796 1926 1867; baseline -0.001 -19"><span class='ocrx_word' id='word_1_203' title='bbox 328 1799 400 1867; x_wconf 69' lang='grc' dir='ltr'>ἢν</span> <span class='ocrx_word' id='word_1_204' title='bbox 433 1796 723 1867; x_wconf 77' lang='grc' dir='ltr'>ἐργάζεται</span> <span class='ocrx_word' id='word_1_205' title='bbox 774 1797 916 1850; x_wconf 78' lang='grc' dir='ltr'>κατὰ</span> <span class='ocrx_word' id='word_1_206' title='bbox 963 1796 1064 1867; x_wconf 81' lang='grc' dir='ltr'><strong>τὴν</strong></span> <span class='ocrx_word' id='word_1_207' title='bbox 1104 1798 1332 1867; x_wconf 81' lang='grc' dir='ltr'>ἄπειρον</span> <span class='ocrx_word' id='word_1_208' title='bbox 1364 1796 1532 1850; x_wconf 80' lang='grc' dir='ltr'>αὑτοῦ</span> <span class='ocrx_word' id='word_1_209' title='bbox 1560 1796 1792 1866; x_wconf 78' lang='grc' dir='ltr'>δύναμιν</span> <span class='ocrx_word' id='word_1_210' title='bbox 1832 1796 1926 1848; x_wconf 73' lang='grc' dir='ltr'><strong>καὶ</strong></span> 
     </span>
    </p>
   </div>
   <div class='ocr_carea' id='block_1_33' title="bbox 2025 1796 3621 1882">
    <p class='ocr_par' dir='ltr' id='par_1_33' title="bbox 2028 1808 3621 1882">
     <span class='ocr_line' id='line_1_33' title="bbox 2028 1808 3621 1882; baseline 0.004 -22"><span class='ocrx_word' id='word_1_211' title='bbox 2028 1818 2134 1871; x_wconf 88' lang='lat' dir='ltr'><strong>est,</strong></span> <span class='ocrx_word' id='word_1_212' title='bbox 2163 1808 2258 1861; x_wconf 90' lang='lat' dir='ltr'><strong>Dei</strong></span> <span class='ocrx_word' id='word_1_213' title='bbox 2295 1809 2520 1877; x_wconf 79' lang='lat' dir='ltr'><strong>quidem</strong></span> <span class='ocrx_word' id='word_1_214' title='bbox 2574 1809 2750 1879; x_wconf 84' lang='lat' dir='ltr'><strong>ﬁgura</strong></span> <span class='ocrx_word' id='word_1_215' title='bbox 2806 1826 2872 1865; x_wconf 90' lang='lat' dir='ltr'><strong>ac</strong></span> <span class='ocrx_word' id='word_1_216' title='bbox 2912 1812 3123 1882; x_wconf 76' lang='lat' dir='ltr'><strong>imago;</strong></span> <span class='ocrx_word' id='word_1_217' title='bbox 3171 1813 3318 1882; x_wconf 89' lang='lat' dir='ltr'><strong>quod</strong></span> <span class='ocrx_word' id='word_1_218' title='bbox 3350 1814 3621 1868; x_wconf 83' lang='lat' dir='ltr'><strong>nimirum</strong></span> 
     </span>
    </p>
   </div>
   <div class='ocr_carea' id='block_1_34' title="bbox 333 1888 1923 1960">
    <p class='ocr_par' dir='ltr' id='par_1_34' title="bbox 333 1888 1923 1960">
     <span class='ocr_line' id='line_1_34' title="bbox 333 1888 1923 1960; baseline -0.002 -18"><span class='ocrx_word' id='word_1_219' title='bbox 333 1888 555 1958; x_wconf 78' lang='grc' dir='ltr'>σοφίαν,</span> <span class='ocrx_word' id='word_1_220' title='bbox 592 1890 718 1957; x_wconf 70' lang='grc' dir='ltr'>περὶ</span> <span class='ocrx_word' id='word_1_221' title='bbox 747 1890 849 1952; x_wconf 81' lang='grc' dir='ltr'>τὰς</span> <span class='ocrx_word' id='word_1_222' title='bbox 874 1891 1167 1960; x_wconf 75' lang='grc' dir='ltr'>διαφόρους</span> <span class='ocrx_word' id='word_1_223' title='bbox 1199 1890 1308 1943; x_wconf 89' lang='grc' dir='ltr'><strong>τῶν</strong></span> <span class='ocrx_word' id='word_1_224' title='bbox 1335 1890 1504 1943; x_wconf 81' lang='grc' dir='ltr'>ὄντων</span> <span class='ocrx_word' id='word_1_225' title='bbox 1530 1889 1721 1951; x_wconf 73' lang='grc' dir='ltr'>οὐσίας</span> <span class='ocrx_word' id='word_1_226' title='bbox 1752 1888 1923 1955; x_wconf 83' lang='grc' dir='ltr'>ἀσύγ-</span> 
     </span>
    </p>
   </div>
   <div class='ocr_carea' id='block_1_35' title="bbox 334 1979 1927 2065">
    <p class='ocr_par' dir='ltr' id='par_1_35' title="bbox 334 1979 1927 2065">
     <span class='ocr_line' id='line_1_35' title="bbox 334 1979 1927 2065; baseline -0.001 -31"><span class='ocrx_word' id='word_1_227' title='bbox 334 1998 504 2053; x_wconf 83' lang='grc' dir='ltr'>χυτον</span> <span class='ocrx_word' id='word_1_228' title='bbox 554 1982 746 2035; x_wconf 70' lang='grc' dir='ltr'>ἕνωσιν</span> <span class='ocrx_word' id='word_1_229' title='bbox 770 2023 785 2047; x_wconf 95' lang='grc'><strong>,</strong></span> <span class='ocrx_word' id='word_1_230' title='bbox 848 1982 928 2045; x_wconf 82' lang='grc' dir='ltr'><strong>ὡς</strong></span> <span class='ocrx_word' id='word_1_231' title='bbox 982 1982 1316 2053; x_wconf 80' lang='grc' dir='ltr'>δημιουργὸς</span> <span class='ocrx_word' id='word_1_232' title='bbox 1369 1983 1493 2065; x_wconf 54' lang='grc' dir='ltr'>κατ’</span> <span class='ocrx_word' id='word_1_233' title='bbox 1522 1981 1691 2053; x_wconf 82' lang='grc' dir='ltr'>ἄκρον</span> <span class='ocrx_word' id='word_1_234' title='bbox 1749 1979 1927 2050; x_wconf 78' lang='grc' dir='ltr'>ἑαυτῷ</span> 
     </span>
    </p>
   </div>
   <div class='ocr_carea' id='block_1_36' title="bbox 334 2074 1927 2146">
    <p class='ocr_par' dir='ltr' id='par_1_36' title="bbox 334 2074 1927 2146">
     <span class='ocr_line' id='line_1_36' title="bbox 334 2074 1927 2146; baseline -0.001 -19"><span class='ocrx_word' id='word_1_235' title='bbox 334 2075 581 2145; x_wconf 87' lang='grc' dir='ltr'>συνέχων</span> <span class='ocrx_word' id='word_1_236' title='bbox 603 2091 617 2104; x_wconf 90' lang='grc'><strong>·</strong></span> <span class='ocrx_word' id='word_1_237' title='bbox 653 2075 748 2128; x_wconf 79' lang='grc' dir='ltr'><strong>καὶ</strong></span> <span class='ocrx_word' id='word_1_238' title='bbox 779 2075 923 2128; x_wconf 71' lang='grc' dir='ltr'>κατὰ</span> <span class='ocrx_word' id='word_1_239' title='bbox 951 2076 1081 2146; x_wconf 87' lang='grc' dir='ltr'>μίαν</span> <span class='ocrx_word' id='word_1_240' title='bbox 1110 2076 1211 2146; x_wconf 86' lang='grc' dir='ltr'>τῆς</span> <span class='ocrx_word' id='word_1_241' title='bbox 1240 2076 1481 2137; x_wconf 83' lang='grc' dir='ltr'>πίστεως</span> <span class='ocrx_word' id='word_1_242' title='bbox 1514 2074 1610 2129; x_wconf 71' lang='grc' dir='ltr'><strong>καὶ</strong></span> <span class='ocrx_word' id='word_1_243' title='bbox 1640 2074 1802 2145; x_wconf 87' lang='grc' dir='ltr'>χάριν</span> <span class='ocrx_word' id='word_1_244' title='bbox 1830 2074 1927 2126; x_wconf 73' lang='grc' dir='ltr'>καὶ</span> 
     </span>
    </p>
   </div>
   <div class='ocr_carea' id='block_1_37' title="bbox 338 2167 1923 2238">
    <p class='ocr_par' dir='ltr' id='par_1_37' title="bbox 338 2167 1923 2238">
     <span class='ocr_line' id='line_1_37' title="bbox 338 2167 1923 2238; baseline -0.001 -16"><span class='ocrx_word' id='word_1_245' title='bbox 338 2167 536 2237; x_wconf 70' lang='grc' dir='ltr'>κλῆσιν</span> <span class='ocrx_word' id='word_1_246' title='bbox 566 2169 694 2230; x_wconf 81' lang='grc' dir='ltr'>τοὺς</span> <span class='ocrx_word' id='word_1_247' title='bbox 714 2169 957 2231; x_wconf 77' lang='grc' dir='ltr'>,πιστοὺς</span> <span class='ocrx_word' id='word_1_248' title='bbox 983 2168 1238 2238; x_wconf 83' lang='grc' dir='ltr'>ἀλλήλοις</span> <span class='ocrx_word' id='word_1_249' title='bbox 1262 2170 1511 2233; x_wconf 82' lang='grc' dir='ltr'>ὲνοειδῶς</span> <span class='ocrx_word' id='word_1_250' title='bbox 1534 2169 1886 2221; x_wconf 86' lang='grc' dir='ltr'>συνάπτουσα</span> <span class='ocrx_word' id='word_1_251' title='bbox 1908 2183 1923 2196; x_wconf 90' lang='grc'><strong>·</strong></span> 
     </span>
    </p>
   </div>
   <div class='ocr_carea' id='block_1_38' title="bbox 330 2260 1929 2334">
    <p class='ocr_par' dir='ltr' id='par_1_38' title="bbox 330 2260 1929 2334">
     <span class='ocr_line' id='line_1_38' title="bbox 330 2260 1929 2334; baseline 0.001 -21"><span class='ocrx_word' id='word_1_252' title='bbox 330 2260 462 2323; x_wconf 77' lang='grc' dir='ltr'>τοὺς</span> <span class='ocrx_word' id='word_1_253' title='bbox 501 2260 558 2313; x_wconf 80' lang='grc' dir='ltr'>δὲ</span> <span class='ocrx_word' id='word_1_254' title='bbox 602 2263 946 2331; x_wconf 83' lang='grc' dir='ltr'>πρακτικοὺς</span> <span class='ocrx_word' id='word_1_255' title='bbox 987 2262 1086 2315; x_wconf 74' lang='grc' dir='ltr'>καὶ</span> <span class='ocrx_word' id='word_1_256' title='bbox 1115 2263 1426 2334; x_wconf 75' lang='grc' dir='ltr'>ἐναρέτους,</span> <span class='ocrx_word' id='word_1_257' title='bbox 1458 2262 1604 2317; x_wconf 86' lang='grc' dir='ltr'>κατὰ</span> <span class='ocrx_word' id='word_1_258' title='bbox 1634 2263 1764 2333; x_wconf 89' lang='grc' dir='ltr'>μίαν</span> <span class='ocrx_word' id='word_1_259' title='bbox 1791 2260 1929 2329; x_wconf 81' lang='grc' dir='ltr'>γνώ-</span> 
     </span>
    </p>
   </div>
   <div class='ocr_carea' id='block_1_39' title="bbox 331 2354 1928 2426">
    <p class='ocr_par' dir='ltr' id='par_1_39' title="bbox 331 2354 1928 2426">
     <span class='ocr_line' id='line_1_39' title="bbox 331 2354 1928 2426; baseline 0.003 -21"><span class='ocrx_word' id='word_1_260' title='bbox 331 2369 446 2424; x_wconf 85' lang='grc' dir='ltr'><strong>μης</strong></span> <span class='ocrx_word' id='word_1_261' title='bbox 470 2354 797 2423; x_wconf 87' lang='grc' dir='ltr'>ταυτότητα·</span> <span class='ocrx_word' id='word_1_262' title='bbox 829 2354 959 2417; x_wconf 78' lang='grc' dir='ltr'>τοὺς</span> <span class='ocrx_word' id='word_1_263' title='bbox 981 2354 1040 2407; x_wconf 78' lang='grc' dir='ltr'>δὲ</span> <span class='ocrx_word' id='word_1_264' title='bbox 1068 2354 1442 2426; x_wconf 85' lang='grc' dir='ltr'>θεωρητικοὺς</span> <span class='ocrx_word' id='word_1_265' title='bbox 1471 2359 1566 2409; x_wconf 81' lang='grc' dir='ltr'><strong>καὶ</strong></span> <span class='ocrx_word' id='word_1_266' title='bbox 1590 2356 1928 2424; x_wconf 80' lang='grc' dir='ltr'>γνωστικοὺς</span> 
     </span>
    </p>
   </div>
   <div class='ocr_carea' id='block_1_40' title="bbox 325 2449 1928 2523">
    <p class='ocr_par' dir='ltr' id='par_1_40' title="bbox 325 2449 1928 2523">
     <span class='ocr_line' id='line_1_40' title="bbox 325 2449 1928 2523; baseline 0 -20"><span class='ocrx_word' id='word_1_267' title='bbox 325 2450 471 2520; x_wconf 80' lang='grc' dir='ltr'>πρὸς</span> <span class='ocrx_word' id='word_1_268' title='bbox 519 2450 732 2510; x_wconf 84' lang='grc' dir='ltr'>τούτοις</span> <span class='ocrx_word' id='word_1_269' title='bbox 788 2449 885 2503; x_wconf 79' lang='grc' dir='ltr'><strong>καὶ</strong></span> <span class='ocrx_word' id='word_1_270' title='bbox 937 2451 1063 2506; x_wconf 84' lang='grc' dir='ltr'>καθ’</span> <span class='ocrx_word' id='word_1_271' title='bbox 1086 2453 1342 2523; x_wconf 82' lang='grc' dir='ltr'>ὁμόνοιαν</span> <span class='ocrx_word' id='word_1_272' title='bbox 1373 2452 1598 2523; x_wconf 77' lang='grc' dir='ltr'>ἀρραγῆ</span> <span class='ocrx_word' id='word_1_273' title='bbox 1634 2454 1729 2506; x_wconf 76' lang='grc' dir='ltr'><strong>καὶ</strong></span> <span class='ocrx_word' id='word_1_274' title='bbox 1757 2451 1928 2507; x_wconf 76' lang='grc' dir='ltr'>ἀδιαί-</span> 
     </span>
    </p>
   </div>
   <div class='ocr_carea' id='block_1_41' title="bbox 328 2557 512 2611">
    <p class='ocr_par' dir='ltr' id='par_1_41' title="bbox 328 2557 512 2611">
     <span class='ocr_line' id='line_1_41' title="bbox 328 2557 512 2611; baseline -0.005 -16"><span class='ocrx_word' id='word_1_275' title='bbox 328 2557 512 2611; x_wconf 77' lang='grc' dir='ltr'>ριτον.</span> 
     </span>
    </p>
   </div>
   <div class='ocr_carea' id='block_1_42' title="bbox 329 2636 1980 2706">
    <p class='ocr_par' dir='ltr' id='par_1_42' title="bbox 329 2636 1980 2706">
     <span class='ocr_line' id='line_1_42' title="bbox 329 2636 1980 2706; baseline -0.001 -16"><span class='ocrx_word' id='word_1_276' title='bbox 329 2650 436 2706; x_wconf 83' lang='lat' dir='ltr'><strong>per</strong></span> <span class='ocrx_word' id='word_1_277' title='bbox 466 2650 633 2688; x_wconf 89' lang='lat' dir='ltr'><strong>unam</strong></span> <span class='ocrx_word' id='word_1_278' title='bbox 674 2636 975 2691; x_wconf 80' lang='lat' dir='ltr'><strong>voluntatis</strong></span> <span class='ocrx_word' id='word_1_279' title='bbox 1031 2636 1457 2706; x_wconf 86' lang='lat' dir='ltr'><strong>animorumque</strong></span> <span class='ocrx_word' id='word_1_280' title='bbox 1506 2636 1980 2700; x_wconf 86' lang='lat' dir='ltr'><strong>consensionem;</strong></span> 
     </span>
    </p>
   </div>
   <div class='ocr_carea' id='block_1_43' title="bbox 2032 1900 3622 1975">
    <p class='ocr_par' dir='ltr' id='par_1_43' title="bbox 2032 1900 3622 1975">
     <span class='ocr_line' id='line_1_43' title="bbox 2032 1900 3622 1975; baseline 0.005 -23"><span class='ocrx_word' id='word_1_281' title='bbox 2032 1916 2212 1968; x_wconf 50' lang='lat' dir='ltr'><strong>quam.</strong></span> <span class='ocrx_word' id='word_1_282' title='bbox 2254 1901 2343 1954; x_wconf 90' lang='lat' dir='ltr'><strong>ille</strong></span> <span class='ocrx_word' id='word_1_283' title='bbox 2378 1900 2593 1955; x_wconf 88' lang='lat' dir='ltr'><strong>inﬁnita</strong></span> <span class='ocrx_word' id='word_1_284' title='bbox 2645 1904 2891 1970; x_wconf 86' lang='lat' dir='ltr'><strong>potentia</strong></span> <span class='ocrx_word' id='word_1_285' title='bbox 2940 1920 3038 1958; x_wconf 89' lang='lat' dir='ltr'><strong>sua</strong></span> <span class='ocrx_word' id='word_1_286' title='bbox 3083 1922 3147 1959; x_wconf 87' lang='lat' dir='ltr'><strong>ac</strong></span> <span class='ocrx_word' id='word_1_287' title='bbox 3176 1906 3449 1975; x_wconf 87' lang='lat' dir='ltr'><strong>sapientia</strong></span> <span class='ocrx_word' id='word_1_288' title='bbox 3488 1922 3622 1975; x_wconf 82' lang='lat' dir='ltr'><strong>erga</strong></span> 
     </span>
    </p>
   </div>
   <div class='ocr_carea' id='block_1_44' title="bbox 2031 1991 3621 2051">
    <p class='ocr_par' dir='ltr' id='par_1_44' title="bbox 2031 1991 3621 2051">
     <span class='ocr_line' id='line_1_44' title="bbox 2031 1991 3621 2051; baseline 0.003 -6"><span class='ocrx_word' id='word_1_289' title='bbox 2031 1991 2328 2045; x_wconf 85' lang='lat' dir='ltr'><strong>distinctas</strong></span> <span class='ocrx_word' id='word_1_290' title='bbox 2366 2008 2555 2045; x_wconf 87' lang='lat' dir='ltr'><strong>rerum</strong></span> <span class='ocrx_word' id='word_1_291' title='bbox 2592 1994 2867 2047; x_wconf 86' lang='lat' dir='ltr'><strong>essentias</strong></span> <span class='ocrx_word' id='word_1_292' title='bbox 2906 1995 3258 2049; x_wconf 88' lang='lat' dir='ltr'><strong>inconfusam</strong></span> <span class='ocrx_word' id='word_1_293' title='bbox 3307 1996 3621 2051; x_wconf 89' lang='lat' dir='ltr'><strong>unitioncm</strong></span> 
     </span>
    </p>
   </div>
   <div class='ocr_carea' id='block_1_45' title="bbox 2029 2084 3623 2159">
    <p class='ocr_par' dir='ltr' id='par_1_45' title="bbox 2029 2084 3623 2159">
     <span class='ocr_line' id='line_1_45' title="bbox 2029 2084 3623 2159; baseline 0.003 -20"><span class='ocrx_word' id='word_1_294' title='bbox 2029 2084 2184 2145; x_wconf 83' lang='lat' dir='ltr'><strong>facit.</strong></span> <span class='ocrx_word' id='word_1_295' title='bbox 2224 2092 2483 2153; x_wconf 84' lang='lat' dir='ltr'><strong>tanquam</strong></span> <span class='ocrx_word' id='word_1_296' title='bbox 2534 2086 2720 2156; x_wconf 76' lang='lat' dir='ltr'><strong>opifex</strong></span> <span class='ocrx_word' id='word_1_297' title='bbox 2754 2103 2818 2141; x_wconf 92' lang='lat' dir='ltr'><strong>ac</strong></span> <span class='ocrx_word' id='word_1_298' title='bbox 2866 2088 3178 2143; x_wconf 87' lang='lat' dir='ltr'><strong>conditoris</strong></span> <span class='ocrx_word' id='word_1_299' title='bbox 3222 2088 3349 2159; x_wconf 87' lang='lat' dir='ltr'><strong>jure</strong></span> <span class='ocrx_word' id='word_1_300' title='bbox 3407 2104 3623 2144; x_wconf 83' lang='lat' dir='ltr'><strong>summa</strong></span> 
     </span>
    </p>
   </div>
   <div class='ocr_carea' id='block_1_46' title="bbox 2030 2175 3622 2249">
    <p class='ocr_par' dir='ltr' id='par_1_46' title="bbox 2030 2175 3622 2249">
     <span class='ocr_line' id='line_1_46' title="bbox 2030 2175 3622 2249; baseline 0.003 -20"><span class='ocrx_word' id='word_1_301' title='bbox 2030 2175 2193 2246; x_wconf 79' lang='lat'><strong>520</strong></span> <span class='ocrx_word' id='word_1_302' title='bbox 2241 2177 2481 2246; x_wconf 87' lang='lat' dir='ltr'><strong>quadam</strong></span> <span class='ocrx_word' id='word_1_303' title='bbox 2538 2180 2961 2237; x_wconf 86' lang='lat' dir='ltr'><strong>necessitudine</strong></span> <span class='ocrx_word' id='word_1_304' title='bbox 3021 2180 3205 2249; x_wconf 87' lang='lat' dir='ltr'><strong>seipso</strong></span> <span class='ocrx_word' id='word_1_305' title='bbox 3241 2190 3622 2245; x_wconf 87' lang='lat' dir='ltr'><strong>connectens;</strong></span> 
     </span>
    </p>
   </div>
   <div class='ocr_carea' id='block_1_47' title="bbox 2028 2270 3625 2347">
    <p class='ocr_par' dir='ltr' id='par_1_47' title="bbox 2028 2270 3625 2347">
     <span class='ocr_line' id='line_1_47' title="bbox 2028 2270 3625 2347; baseline 0.004 -26"><span class='ocrx_word' id='word_1_306' title='bbox 2028 2282 2400 2347; x_wconf 32' lang='lat' dir='ltr'><strong>eam-quoque</strong></span> <span class='ocrx_word' id='word_1_307' title='bbox 2432 2270 2522 2322; x_wconf 92' lang='lat' dir='ltr'><strong>illa</strong></span> <span class='ocrx_word' id='word_1_308' title='bbox 2553 2286 2652 2338; x_wconf 92' lang='lat' dir='ltr'><strong>per</strong></span> <span class='ocrx_word' id='word_1_309' title='bbox 2694 2271 2821 2325; x_wconf 89' lang='lat' dir='ltr'><strong>ﬁdei</strong></span> <span class='ocrx_word' id='word_1_310' title='bbox 2853 2272 3082 2341; x_wconf 84' lang='lat' dir='ltr'><strong>gratiam</strong></span> <span class='ocrx_word' id='word_1_311' title='bbox 3126 2272 3182 2325; x_wconf 93' lang='lat' dir='ltr'><strong>in</strong></span> <span class='ocrx_word' id='word_1_312' title='bbox 3215 2272 3474 2328; x_wconf 88' lang='lat' dir='ltr'><strong>ﬁdelibus</strong></span> <span class='ocrx_word' id='word_1_313' title='bbox 3489 2288 3625 2343; x_wconf 88' lang='lat' dir='ltr'><strong>ope-</strong></span> 
     </span>
    </p>
   </div>
   <div class='ocr_carea' id='block_1_48' title="bbox 2029 2360 3625 2432">
    <p class='ocr_par' dir='ltr' id='par_1_48' title="bbox 2029 2360 3625 2432">
     <span class='ocr_line' id='line_1_48' title="bbox 2029 2360 3625 2432; baseline 0.004 -20"><span class='ocrx_word' id='word_1_314' title='bbox 2029 2368 2206 2423; x_wconf 90' lang='lat' dir='ltr'><strong>retur,</strong></span> <span class='ocrx_word' id='word_1_315' title='bbox 2234 2374 2430 2413; x_wconf 91' lang='lat' dir='ltr'><strong>omnes</strong></span> <span class='ocrx_word' id='word_1_316' title='bbox 2460 2360 2690 2429; x_wconf 87' lang='lat' dir='ltr'><strong>quidem</strong></span> <span class='ocrx_word' id='word_1_317' title='bbox 2718 2361 2912 2416; x_wconf 87' lang='lat' dir='ltr'><strong>ﬁdeles</strong></span> <span class='ocrx_word' id='word_1_318' title='bbox 2937 2378 3123 2416; x_wconf 85' lang='lat' dir='ltr'><strong>secum</strong></span> <span class='ocrx_word' id='word_1_319' title='bbox 3156 2363 3307 2432; x_wconf 91' lang='lat' dir='ltr'><strong>ipsos</strong></span> <span class='ocrx_word' id='word_1_320' title='bbox 3330 2364 3625 2419; x_wconf 86' lang='lat' dir='ltr'><strong>uniformi-</strong></span> 
     </span>
    </p>
   </div>
   <div class='ocr_carea' id='block_1_49' title="bbox 2028 2451 3625 2529">
    <p class='ocr_par' dir='ltr' id='par_1_49' title="bbox 2028 2451 3625 2529">
     <span class='ocr_line' id='line_1_49' title="bbox 2028 2451 3625 2529; baseline 0.003 -24"><span class='ocrx_word' id='word_1_321' title='bbox 2028 2458 2116 2505; x_wconf 85' lang='lat' dir='ltr'><strong>ter</strong></span> <span class='ocrx_word' id='word_1_322' title='bbox 2154 2466 2254 2520; x_wconf 89' lang='lat' dir='ltr'><strong>per</strong></span> <span class='ocrx_word' id='word_1_323' title='bbox 2282 2451 2406 2505; x_wconf 87' lang='lat' dir='ltr'><strong>ﬁdei</strong></span> <span class='ocrx_word' id='word_1_324' title='bbox 2439 2468 2604 2505; x_wconf 87' lang='lat' dir='ltr'><strong>unam</strong></span> <span class='ocrx_word' id='word_1_325' title='bbox 2631 2453 2864 2522; x_wconf 81' lang='lat' dir='ltr'><strong>gratiam</strong></span> <span class='ocrx_word' id='word_1_326' title='bbox 2915 2469 2980 2508; x_wconf 89' lang='lat' dir='ltr'><strong>ac</strong></span> <span class='ocrx_word' id='word_1_327' title='bbox 3004 2455 3358 2511; x_wconf 83' lang='lat' dir='ltr'><strong>vocationem</strong></span> <span class='ocrx_word' id='word_1_328' title='bbox 3387 2458 3625 2529; x_wconf 87' lang='lat' dir='ltr'><strong>conjun-</strong></span> 
     </span>
    </p>
   </div>
   <div class='ocr_carea' id='block_1_50' title="bbox 2028 2543 3620 2612">
    <p class='ocr_par' dir='ltr' id='par_1_50' title="bbox 2028 2543 3620 2612">
     <span class='ocr_line' id='line_1_50' title="bbox 2028 2543 3620 2612; baseline 0.004 -17"><span class='ocrx_word' id='word_1_329' title='bbox 2028 2557 2194 2612; x_wconf 86' lang='lat' dir='ltr'><strong>gens;</strong></span> <span class='ocrx_word' id='word_1_330' title='bbox 2231 2557 2328 2597; x_wconf 86' lang='lat' dir='ltr'><strong>eos</strong></span> <span class='ocrx_word' id='word_1_331' title='bbox 2361 2552 2547 2597; x_wconf 86' lang='lat' dir='ltr'><strong>autem</strong></span> <span class='ocrx_word' id='word_1_332' title='bbox 2570 2543 2667 2612; x_wconf 91' lang='lat' dir='ltr'><strong>qui</strong></span> <span class='ocrx_word' id='word_1_333' title='bbox 2699 2543 2973 2598; x_wconf 86' lang='lat' dir='ltr'><strong>actionem</strong></span> <span class='ocrx_word' id='word_1_334' title='bbox 3010 2560 3075 2598; x_wconf 90' lang='lat' dir='ltr'><strong>ac</strong></span> <span class='ocrx_word' id='word_1_335' title='bbox 3109 2546 3373 2601; x_wconf 86' lang='lat' dir='ltr'><strong>virtutem</strong></span> <span class='ocrx_word' id='word_1_336' title='bbox 3405 2547 3620 2612; x_wconf 90' lang='lat' dir='ltr'><strong>colunt,</strong></span> 
     </span>
    </p>
   </div>
   <div class='ocr_carea' id='block_1_51' title="bbox 2026 2633 3621 2706">
    <p class='ocr_par' dir='ltr' id='par_1_51' title="bbox 2026 2633 3621 2706">
     <span class='ocr_line' id='line_1_51' title="bbox 2026 2633 3621 2706; baseline 0.005 -19"><span class='ocrx_word' id='word_1_337' title='bbox 2026 2633 2094 2688; x_wconf 88' lang='lat' dir='ltr'><strong>ad</strong></span> <span class='ocrx_word' id='word_1_338' title='bbox 2143 2633 2262 2688; x_wconf 71' lang='lat' dir='ltr'><strong>lucc</strong></span> <span class='ocrx_word' id='word_1_339' title='bbox 2293 2650 2425 2688; x_wconf 89' lang='lat' dir='ltr'><strong>vero</strong></span> <span class='ocrx_word' id='word_1_340' title='bbox 2474 2635 2646 2691; x_wconf 90' lang='lat' dir='ltr'><strong>etiam</strong></span> <span class='ocrx_word' id='word_1_341' title='bbox 2694 2652 2793 2692; x_wconf 88' lang='lat' dir='ltr'><strong>eos</strong></span> <span class='ocrx_word' id='word_1_342' title='bbox 2829 2636 2924 2705; x_wconf 91' lang='lat' dir='ltr'><strong>qui</strong></span> <span class='ocrx_word' id='word_1_343' title='bbox 2970 2637 3498 2706; x_wconf 87' lang='lat' dir='ltr'><strong>contemplationem</strong></span> <span class='ocrx_word' id='word_1_344' title='bbox 3553 2655 3621 2695; x_wconf 88' lang='lat' dir='ltr'><strong>ac</strong></span> 
     </span>
    </p>
   </div>
   <div class='ocr_carea' id='block_1_52' title="bbox 324 2725 3258 2798">
    <p class='ocr_par' dir='ltr' id='par_1_52' title="bbox 324 2725 3258 2798">
     <span class='ocr_line' id='line_1_52' title="bbox 324 2725 3258 2798; baseline -0.001 -16"><span class='ocrx_word' id='word_1_345' title='bbox 324 2727 643 2791; x_wconf 81' lang='lat' dir='ltr'><strong>scientiam,</strong></span> <span class='ocrx_word' id='word_1_346' title='bbox 679 2743 780 2797; x_wconf 89' lang='lat' dir='ltr'><strong>per</strong></span> <span class='ocrx_word' id='word_1_347' title='bbox 828 2725 1232 2794; x_wconf 81' lang='lat' dir='ltr'><strong>ﬁrmissimam,</strong></span> <span class='ocrx_word' id='word_1_348' title='bbox 1282 2744 1615 2798; x_wconf 89' lang='lat' dir='ltr'><strong>omnemque</strong></span> <span class='ocrx_word' id='word_1_349' title='bbox 1651 2727 1946 2782; x_wconf 85' lang='lat' dir='ltr'><strong>divisionis</strong></span> <span class='ocrx_word' id='word_1_350' title='bbox 1981 2741 2047 2780; x_wconf 92' lang='lat' dir='ltr'><strong>ac</strong></span> <span class='ocrx_word' id='word_1_351' title='bbox 2070 2725 2224 2780; x_wconf 69' lang='lat' dir='ltr'><strong>rima:</strong></span> <span class='ocrx_word' id='word_1_352' title='bbox 2260 2741 2461 2781; x_wconf 77' lang='lat' dir='ltr'><strong>noxam</strong></span> <span class='ocrx_word' id='word_1_353' title='bbox 2495 2736 2873 2796; x_wconf 88' lang='lat' dir='ltr'><strong>respuentem,</strong></span> <span class='ocrx_word' id='word_1_354' title='bbox 2899 2727 3258 2782; x_wconf 86' lang='lat' dir='ltr'><strong>concordiam</strong></span> 
     </span>
    </p>
   </div>
   <div class='ocr_carea' id='block_1_53' title="bbox 401 2819 1917 2893">
    <p class='ocr_par' dir='ltr' id='par_1_53' title="bbox 401 2819 1917 2893">
     <span class='ocr_line' id='line_1_53' title="bbox 401 2819 1917 2893; baseline 0.002 -21"><span class='ocrx_word' id='word_1_355' title='bbox 401 2819 512 2874; x_wconf 89' lang='grc' dir='ltr'>Τοῦ</span> <span class='ocrx_word' id='word_1_356' title='bbox 551 2821 610 2873; x_wconf 82' lang='grc' dir='ltr'>δὲ</span> <span class='ocrx_word' id='word_1_357' title='bbox 655 2820 865 2890; x_wconf 83' lang='grc' dir='ltr'>κόσμου</span> <span class='ocrx_word' id='word_1_358' title='bbox 892 2859 906 2881; x_wconf 90' lang='grc'><strong>,</strong></span> <span class='ocrx_word' id='word_1_359' title='bbox 964 2821 1059 2873; x_wconf 90' lang='grc' dir='ltr'><strong>τοῦ</strong></span> <span class='ocrx_word' id='word_1_360' title='bbox 1090 2839 1151 2875; x_wconf 89' lang='grc' dir='ltr'><strong>τε</strong></span> <span class='ocrx_word' id='word_1_361' title='bbox 1183 2821 1378 2893; x_wconf 77' lang='grc' dir='ltr'>νοητοῦ</span> <span class='ocrx_word' id='word_1_362' title='bbox 1408 2824 1504 2876; x_wconf 85' lang='grc' dir='ltr'>καὶ</span> <span class='ocrx_word' id='word_1_363' title='bbox 1531 2821 1625 2875; x_wconf 90' lang='grc' dir='ltr'><strong>τοῦ</strong></span> <span class='ocrx_word' id='word_1_364' title='bbox 1654 2821 1917 2892; x_wconf 82' lang='grc' dir='ltr'>αἰσθητοῦ</span> 
     </span>
    </p>
   </div>
   <div class='ocr_carea' id='block_1_54' title="bbox 322 2909 1919 2986">
    <p class='ocr_par' dir='ltr' id='par_1_54' title="bbox 322 2909 1919 2986">
     <span class='ocr_line' id='line_1_54' title="bbox 322 2909 1919 2986; baseline 0.003 -23"><span class='ocrx_word' id='word_1_365' title='bbox 322 2909 503 2975; x_wconf 76' lang='grc' dir='ltr'>τύπος</span> <span class='ocrx_word' id='word_1_366' title='bbox 532 2913 699 2965; x_wconf 80' lang='grc' dir='ltr'>ἐστίν·</span> <span class='ocrx_word' id='word_1_367' title='bbox 725 2911 801 2974; x_wconf 86' lang='grc' dir='ltr'>ὼς</span> <span class='ocrx_word' id='word_1_368' title='bbox 825 2912 920 2965; x_wconf 86' lang='grc' dir='ltr'><strong>τοῦ</strong></span> <span class='ocrx_word' id='word_1_369' title='bbox 948 2913 1143 2983; x_wconf 80' lang='grc' dir='ltr'>νοητοῦ</span> <span class='ocrx_word' id='word_1_370' title='bbox 1170 2915 1377 2985; x_wconf 82' lang='grc' dir='ltr'>κόσμου</span> <span class='ocrx_word' id='word_1_371' title='bbox 1404 2915 1465 2968; x_wconf 86' lang='grc' dir='ltr'><strong>τὸ</strong></span> <span class='ocrx_word' id='word_1_372' title='bbox 1493 2917 1757 2986; x_wconf 75' lang='grc' dir='ltr'>ἱερατείον</span> <span class='ocrx_word' id='word_1_373' title='bbox 1779 2914 1919 2985; x_wconf 81' lang='grc' dir='ltr'>σύμ-</span> 
     </span>
    </p>
   </div>
   <div class='ocr_carea' id='block_1_55' title="bbox 315 3003 1568 3076">
    <p class='ocr_par' dir='ltr' id='par_1_55' title="bbox 315 3003 1568 3076">
     <span class='ocr_line' id='line_1_55' title="bbox 315 3003 1568 3076; baseline 0.003 -19"><span class='ocrx_word' id='word_1_374' title='bbox 315 3005 491 3059; x_wconf 67' lang='grc' dir='ltr'>ϐολον</span> <span class='ocrx_word' id='word_1_375' title='bbox 519 3005 739 3075; x_wconf 74' lang='grc' dir='ltr'>ἐχουσαο</span> <span class='ocrx_word' id='word_1_376' title='bbox 774 3003 871 3058; x_wconf 86' lang='grc' dir='ltr'><strong>τοῦ</strong></span> <span class='ocrx_word' id='word_1_377' title='bbox 903 3004 1164 3076; x_wconf 81' lang='grc' dir='ltr'>αἰσθητοῦ</span> <span class='ocrx_word' id='word_1_378' title='bbox 1191 3006 1270 3072; x_wconf 83' lang='grc' dir='ltr'><strong>δὲ,</strong></span> <span class='ocrx_word' id='word_1_379' title='bbox 1305 3007 1398 3059; x_wconf 81' lang='grc' dir='ltr'>τὸν</span> <span class='ocrx_word' id='word_1_380' title='bbox 1421 3006 1568 3061; x_wconf 82' lang='grc' dir='ltr'>ναόν.</span> 
     </span>
    </p>
   </div>
   <div class='ocr_carea' id='block_1_56' title="bbox 414 3180 1920 3255">
    <p class='ocr_par' dir='ltr' id='par_1_56' title="bbox 414 3180 1920 3255">
     <span class='ocr_line' id='line_1_56' title="bbox 414 3180 1920 3255; baseline 0.002 -21"><span class='ocrx_word' id='word_1_381' title='bbox 414 3180 733 3251; x_wconf 78' lang='grc' dir='ltr'>Ἀνθρώπου</span> <span class='ocrx_word' id='word_1_382' title='bbox 770 3182 827 3235; x_wconf 80' lang='grc' dir='ltr'>δὲ</span> <span class='ocrx_word' id='word_1_383' title='bbox 881 3183 1046 3237; x_wconf 83' lang='grc' dir='ltr'>πάλιν</span> <span class='ocrx_word' id='word_1_384' title='bbox 1079 3183 1243 3237; x_wconf 85' lang='grc' dir='ltr'>είκών</span> <span class='ocrx_word' id='word_1_385' title='bbox 1272 3186 1449 3249; x_wconf 83' lang='grc' dir='ltr'>ἐστιν,</span> <span class='ocrx_word' id='word_1_386' title='bbox 1503 3185 1579 3248; x_wconf 87' lang='grc' dir='ltr'>ὡς</span> <span class='ocrx_word' id='word_1_387' title='bbox 1612 3184 1712 3255; x_wconf 77' lang='grc' dir='ltr'>τὴν</span> <span class='ocrx_word' id='word_1_388' title='bbox 1740 3183 1920 3254; x_wconf 76' lang='grc' dir='ltr'>ψυχὴν</span> 
     </span>
    </p>
   </div>
   <div class='ocr_carea' id='block_1_57' title="bbox 320 3274 1918 3348">
    <p class='ocr_par' dir='ltr' id='par_1_57' title="bbox 320 3274 1918 3348">
     <span class='ocr_line' id='line_1_57' title="bbox 320 3274 1918 3348; baseline 0.001 -21"><span class='ocrx_word' id='word_1_389' title='bbox 320 3274 422 3328; x_wconf 69' lang='grc' dir='ltr'>διὰ</span> <span class='ocrx_word' id='word_1_390' title='bbox 464 3275 560 3327; x_wconf 88' lang='grc' dir='ltr'><strong>τοῦ</strong></span> <span class='ocrx_word' id='word_1_391' title='bbox 607 3274 874 3345; x_wconf 86' lang='grc' dir='ltr'>ἱερατείου</span> <span class='ocrx_word' id='word_1_392' title='bbox 907 3277 1222 3345; x_wconf 86' lang='grc' dir='ltr'>μιμουμένη</span> <span class='ocrx_word' id='word_1_393' title='bbox 1242 3294 1257 3307; x_wconf 79' lang='grc' dir='ltr'><strong>ο</strong></span> <span class='ocrx_word' id='word_1_394' title='bbox 1317 3276 1377 3329; x_wconf 86' lang='grc' dir='ltr'>τὺ</span> <span class='ocrx_word' id='word_1_395' title='bbox 1402 3278 1460 3330; x_wconf 83' lang='grc' dir='ltr'>δὲ</span> <span class='ocrx_word' id='word_1_396' title='bbox 1494 3278 1675 3348; x_wconf 82' lang='grc' dir='ltr'>σῶμα,</span> <span class='ocrx_word' id='word_1_397' title='bbox 1708 3278 1795 3331; x_wconf 76' lang='grc' dir='ltr'><strong>διὰ</strong></span> <span class='ocrx_word' id='word_1_398' title='bbox 1823 3277 1918 3330; x_wconf 88' lang='grc' dir='ltr'><strong>τοῦ</strong></span> 
     </span>
    </p>
   </div>
   <div class='ocr_carea' id='block_1_58' title="bbox 321 3366 1920 3441">
    <p class='ocr_par' dir='ltr' id='par_1_58' title="bbox 321 3366 1920 3441">
     <span class='ocr_line' id='line_1_58' title="bbox 321 3366 1920 3441; baseline 0.001 -21"><span class='ocrx_word' id='word_1_399' title='bbox 321 3366 466 3421; x_wconf 83' lang='grc' dir='ltr'>ναοῦ</span> <span class='ocrx_word' id='word_1_400' title='bbox 496 3366 936 3438; x_wconf 81' lang='grc' dir='ltr'>προϐαλλομένη.</span> <span class='ocrx_word' id='word_1_401' title='bbox 971 3367 1153 3438; x_wconf 78' lang='grc' dir='ltr'>Αὐτῆς</span> <span class='ocrx_word' id='word_1_402' title='bbox 1171 3368 1228 3421; x_wconf 84' lang='grc' dir='ltr'>δὲ</span> <span class='ocrx_word' id='word_1_403' title='bbox 1253 3370 1353 3439; x_wconf 84' lang='grc' dir='ltr'><strong>τῆς</strong></span> <span class='ocrx_word' id='word_1_404' title='bbox 1375 3370 1555 3441; x_wconf 82' lang='grc' dir='ltr'>ψυχῆς</span> <span class='ocrx_word' id='word_1_405' title='bbox 1580 3371 1705 3423; x_wconf 87' lang='grc' dir='ltr'>καθ’</span> <span class='ocrx_word' id='word_1_406' title='bbox 1721 3370 1920 3441; x_wconf 79' lang='grc' dir='ltr'>ἑαυτὴν</span> 
     </span>
    </p>
   </div>
   <div class='ocr_carea' id='block_1_59' title="bbox 324 3446 1919 3534">
    <p class='ocr_par' dir='ltr' id='par_1_59' title="bbox 324 3446 1919 3534">
     <span class='ocr_line' id='line_1_59' title="bbox 324 3446 1919 3534; baseline 0.001 -22"><span class='ocrx_word' id='word_1_407' title='bbox 324 3458 634 3529; x_wconf 82' lang='grc' dir='ltr'>νοουμένης</span> <span class='ocrx_word' id='word_1_408' title='bbox 662 3458 832 3523; x_wconf 88' lang='grc' dir='ltr'>τύπος</span> <span class='ocrx_word' id='word_1_409' title='bbox 860 3460 978 3513; x_wconf 76' lang='grc' dir='ltr'>ἐστὶ</span> <span class='ocrx_word' id='word_1_410' title='bbox 1013 3461 1107 3514; x_wconf 64' lang='grc' dir='ltr'><strong>καὶ⁵</strong></span> <span class='ocrx_word' id='word_1_411' title='bbox 1132 3461 1317 3525; x_wconf 63' lang='grc' dir='ltr'>εἰκὼν,</span> <span class='ocrx_word' id='word_1_412' title='bbox 1355 3461 1430 3524; x_wconf 81' lang='grc' dir='ltr'>ὡς</span> <span class='ocrx_word' id='word_1_413' title='bbox 1458 3462 1553 3516; x_wconf 89' lang='grc' dir='ltr'><strong>τοῦ</strong></span> <span class='ocrx_word' id='word_1_414' title='bbox 1579 3446 1919 3534; x_wconf 81' lang='grc' dir='ltr'>θεωρητικοῦ</span> 
     </span>
    </p>
   </div>
   <div class='ocr_carea' id='block_1_60' title="bbox 323 3549 1920 3626">
    <p class='ocr_par' dir='ltr' id='par_1_60' title="bbox 323 3549 1920 3626">
     <span class='ocr_line' id='line_1_60' title="bbox 323 3549 1920 3626; baseline 0.003 -22"><span class='ocrx_word' id='word_1_415' title='bbox 323 3551 424 3604; x_wconf 78' lang='grc' dir='ltr'>διὰ</span> <span class='ocrx_word' id='word_1_416' title='bbox 454 3549 547 3603; x_wconf 87' lang='grc' dir='ltr'><strong>τοῦ</strong></span> <span class='ocrx_word' id='word_1_417' title='bbox 580 3550 854 3621; x_wconf 81' lang='grc' dir='ltr'>ίερατείου</span> <span class='ocrx_word' id='word_1_418' title='bbox 885 3551 1127 3624; x_wconf 79' lang='grc' dir='ltr'>φέρουσα</span> <span class='ocrx_word' id='word_1_419' title='bbox 1156 3552 1217 3605; x_wconf 79' lang='grc' dir='ltr'><strong>τὸ</strong></span> <span class='ocrx_word' id='word_1_420' title='bbox 1241 3553 1488 3618; x_wconf 75' lang='grc' dir='ltr'>ἐπίδοξον</span> <span class='ocrx_word' id='word_1_421' title='bbox 1510 3571 1525 3587; x_wconf 77' lang='grc' dir='ltr'><strong><em>ο</em></strong></span> <span class='ocrx_word' id='word_1_422' title='bbox 1562 3554 1659 3607; x_wconf 87' lang='grc' dir='ltr'><strong>τοῦ</strong></span> <span class='ocrx_word' id='word_1_423' title='bbox 1685 3555 1745 3609; x_wconf 84' lang='grc' dir='ltr'>δὲ</span> <span class='ocrx_word' id='word_1_424' title='bbox 1775 3572 1920 3626; x_wconf 88' lang='grc' dir='ltr'>πρα-</span> 
     </span>
    </p>
   </div>
   <div class='ocr_carea' id='block_1_61' title="bbox 328 3641 1527 3717">
    <p class='ocr_par' dir='ltr' id='par_1_61' title="bbox 328 3641 1527 3717">
     <span class='ocr_line' id='line_1_61' title="bbox 328 3641 1527 3717; baseline 0.003 -20"><span class='ocrx_word' id='word_1_425' title='bbox 328 3641 530 3697; x_wconf 81' lang='grc' dir='ltr'>κτικοῦ</span> <span class='ocrx_word' id='word_1_426' title='bbox 558 3643 647 3697; x_wconf 86' lang='grc' dir='ltr'>διὰ</span> <span class='ocrx_word' id='word_1_427' title='bbox 672 3642 767 3697; x_wconf 84' lang='grc' dir='ltr'><strong>τοῦ</strong></span> <span class='ocrx_word' id='word_1_428' title='bbox 792 3643 923 3698; x_wconf 86' lang='grc' dir='ltr'>ναοῦ</span> <span class='ocrx_word' id='word_1_429' title='bbox 957 3643 1018 3698; x_wconf 89' lang='grc' dir='ltr'><strong>τὸ</strong></span> <span class='ocrx_word' id='word_1_430' title='bbox 1047 3645 1280 3716; x_wconf 84' lang='grc' dir='ltr'>κόσμιον</span> <span class='ocrx_word' id='word_1_431' title='bbox 1308 3645 1527 3717; x_wconf 77' lang='grc' dir='ltr'>ἔχουσα.</span> 
     </span>
    </p>
   </div>
   <div class='ocr_carea' id='block_1_62' title="bbox 411 3904 1921 3981">
    <p class='ocr_par' dir='ltr' id='par_1_62' title="bbox 411 3904 1921 3981">
     <span class='ocr_line' id='line_1_62' title="bbox 411 3904 1921 3981; baseline 0.006 -25"><span class='ocrx_word' id='word_1_432' title='bbox 411 3904 524 3975; x_wconf 85' lang='grc' dir='ltr'><strong>Τῆς</strong></span> <span class='ocrx_word' id='word_1_433' title='bbox 551 3905 605 3959; x_wconf 82' lang='grc' dir='ltr'>δὲ</span> <span class='ocrx_word' id='word_1_434' title='bbox 633 3905 968 3978; x_wconf 85' lang='grc' dir='ltr'>τελουμένης</span> <span class='ocrx_word' id='word_1_435' title='bbox 999 3908 1060 3961; x_wconf 82' lang='grc' dir='ltr'>ὲν</span> <span class='ocrx_word' id='word_1_436' title='bbox 1090 3907 1229 3979; x_wconf 81' lang='grc' dir='ltr'>αὐτῇ</span> <span class='ocrx_word' id='word_1_437' title='bbox 1258 3909 1416 3977; x_wconf 84' lang='grc' dir='ltr'>ἁγίας</span> <span class='ocrx_word' id='word_1_438' title='bbox 1443 3910 1736 3975; x_wconf 81' lang='grc' dir='ltr'>συνάξεως,</span> <span class='ocrx_word' id='word_1_439' title='bbox 1762 3912 1794 3981; x_wconf 82' lang='grc' dir='ltr'>ἡ</span> <span class='ocrx_word' id='word_1_440' title='bbox 1822 3912 1921 3981; x_wconf 84' lang='grc' dir='ltr'>μὲν</span> 
     </span>
    </p>
   </div>
   <div class='ocr_carea' id='block_1_63' title="bbox 335 3995 1919 4070">
    <p class='ocr_par' dir='ltr' id='par_1_63' title="bbox 335 3995 1919 4070">
     <span class='ocr_line' id='line_1_63' title="bbox 335 3995 1919 4070; baseline 0.001 -21"><span class='ocrx_word' id='word_1_441' title='bbox 335 3995 533 4066; x_wconf 82' lang='grc' dir='ltr'>πρώτη</span> <span class='ocrx_word' id='word_1_442' title='bbox 578 3995 782 4059; x_wconf 82' lang='grc' dir='ltr'>εἴσοδος</span> <span class='ocrx_word' id='word_1_443' title='bbox 831 3995 1068 4065; x_wconf 84' lang='grc' dir='ltr'>γενικῶς</span> <span class='ocrx_word' id='word_1_444' title='bbox 1112 3998 1209 4066; x_wconf 85' lang='grc' dir='ltr'>μὲν</span> <span class='ocrx_word' id='word_1_445' title='bbox 1256 3998 1407 4068; x_wconf 85' lang='grc' dir='ltr'>δηλοῖ</span> <span class='ocrx_word' id='word_1_446' title='bbox 1437 3999 1536 4069; x_wconf 79' lang='grc' dir='ltr'>τὴν</span> <span class='ocrx_word' id='word_1_447' title='bbox 1567 3998 1792 4070; x_wconf 85' lang='grc' dir='ltr'>πρώτην</span> <span class='ocrx_word' id='word_1_448' title='bbox 1824 3999 1919 4052; x_wconf 87' lang='grc' dir='ltr'><strong>τοῦ</strong></span> 
     </span>
    </p>
   </div>
   <div class='ocr_carea' id='block_1_64' title="bbox 331 4079 1924 4158">
    <p class='ocr_par' dir='ltr' id='par_1_64' title="bbox 331 4079 1924 4158">
     <span class='ocr_line' id='line_1_64' title="bbox 331 4079 1924 4158; baseline 0.004 -23"><span class='ocrx_word' id='word_1_449' title='bbox 331 4079 475 4135; x_wconf 85' lang='grc' dir='ltr'>Θεοῦ</span> <span class='ocrx_word' id='word_1_450' title='bbox 506 4082 661 4152; x_wconf 82' lang='grc' dir='ltr'>ήμῶν</span> <span class='ocrx_word' id='word_1_451' title='bbox 690 4083 995 4153; x_wconf 82' lang='grc' dir='ltr'>παρουσίαν</span> <span class='ocrx_word' id='word_1_452' title='bbox 1015 4100 1030 4117; x_wconf 81' lang='grc' dir='ltr'><strong>ο</strong></span> <span class='ocrx_word' id='word_1_453' title='bbox 1095 4084 1275 4149; x_wconf 86' lang='grc' dir='ltr'>ίδικῶς</span> <span class='ocrx_word' id='word_1_454' title='bbox 1298 4085 1377 4151; x_wconf 79' lang='grc' dir='ltr'>δὲ,</span> <span class='ocrx_word' id='word_1_455' title='bbox 1413 4087 1512 4158; x_wconf 83' lang='grc' dir='ltr'>τὴν</span> <span class='ocrx_word' id='word_1_456' title='bbox 1538 4087 1603 4141; x_wconf 86' lang='grc' dir='ltr'>δι’</span> <span class='ocrx_word' id='word_1_457' title='bbox 1629 4087 1796 4141; x_wconf 85' lang='grc' dir='ltr'>αὑτοῦ</span> <span class='ocrx_word' id='word_1_458' title='bbox 1826 4089 1924 4142; x_wconf 74' lang='grc' dir='ltr'>καὶ</span> 
     </span>
    </p>
   </div>
   <div class='ocr_carea' id='block_1_65' title="bbox 331 4174 1921 4245">
    <p class='ocr_par' dir='ltr' id='par_1_65' title="bbox 331 4174 1921 4245">
     <span class='ocr_line' id='line_1_65' title="bbox 331 4174 1921 4245; baseline 0.004 -18"><span class='ocrx_word' id='word_1_459' title='bbox 331 4175 436 4228; x_wconf 74' lang='grc' dir='ltr'><strong>σὺν</strong></span> <span class='ocrx_word' id='word_1_460' title='bbox 459 4174 611 4244; x_wconf 83' lang='grc' dir='ltr'>αὐτῷ</span> <span class='ocrx_word' id='word_1_461' title='bbox 641 4176 750 4228; x_wconf 88' lang='grc' dir='ltr'><strong>τῶν</strong></span> <span class='ocrx_word' id='word_1_462' title='bbox 777 4174 837 4239; x_wconf 75' lang='grc' dir='ltr'><strong>ἐξ</strong></span> <span class='ocrx_word' id='word_1_463' title='bbox 857 4177 1121 4241; x_wconf 74' lang='grc' dir='ltr'>ἀπιστίας</span> <span class='ocrx_word' id='word_1_464' title='bbox 1147 4180 1226 4241; x_wconf 86' lang='grc' dir='ltr'>εἰς</span> <span class='ocrx_word' id='word_1_465' title='bbox 1250 4178 1455 4242; x_wconf 90' lang='grc' dir='ltr'>πίστιν,</span> <span class='ocrx_word' id='word_1_466' title='bbox 1475 4180 1569 4232; x_wconf 82' lang='grc' dir='ltr'><strong>καὶ</strong></span> <span class='ocrx_word' id='word_1_467' title='bbox 1589 4181 1699 4233; x_wconf 79' lang='grc' dir='ltr'><strong>ἀπὸ</strong></span> <span class='ocrx_word' id='word_1_468' title='bbox 1719 4182 1921 4245; x_wconf 88' lang='grc' dir='ltr'>κακίας</span> 
     </span>
    </p>
   </div>
   <div class='ocr_carea' id='block_1_66' title="bbox 323 4265 1921 4341">
    <p class='ocr_par' dir='ltr' id='par_1_66' title="bbox 323 4265 1921 4341">
     <span class='ocr_line' id='line_1_66' title="bbox 323 4265 1921 4341; baseline 0.006 -24"><span class='ocrx_word' id='word_1_469' title='bbox 323 4266 414 4329; x_wconf 88' lang='grc' dir='ltr'>εἰς</span> <span class='ocrx_word' id='word_1_470' title='bbox 443 4265 669 4336; x_wconf 80' lang='grc' dir='ltr'>ἀρετὴν,</span> <span class='ocrx_word' id='word_1_471' title='bbox 705 4267 800 4320; x_wconf 77' lang='grc' dir='ltr'>καὶ</span> <span class='ocrx_word' id='word_1_472' title='bbox 831 4268 940 4321; x_wconf 78' lang='grc' dir='ltr'><strong>ἀπὸ</strong></span> <span class='ocrx_word' id='word_1_473' title='bbox 970 4269 1249 4336; x_wconf 82' lang='grc' dir='ltr'>ἀγνωσίας</span> <span class='ocrx_word' id='word_1_474' title='bbox 1279 4270 1362 4333; x_wconf 82' lang='grc' dir='ltr'><strong>είς</strong></span> <span class='ocrx_word' id='word_1_475' title='bbox 1390 4270 1592 4336; x_wconf 82' lang='grc' dir='ltr'>γνῶσιν</span> <span class='ocrx_word' id='word_1_476' title='bbox 1623 4273 1921 4341; x_wconf 76' lang='grc' dir='ltr'>εἰσαγομέ-</span> 
     </span>
    </p>
   </div>
   <div class='ocr_carea' id='block_1_67' title="bbox 323 4360 824 4430">
    <p class='ocr_par' dir='ltr' id='par_1_67' title="bbox 323 4360 824 4430">
     <span class='ocr_line' id='line_1_67' title="bbox 323 4360 824 4430; baseline 0 -18"><span class='ocrx_word' id='word_1_477' title='bbox 323 4375 440 4413; x_wconf 86' lang='grc' dir='ltr'><strong>νων</strong></span> <span class='ocrx_word' id='word_1_478' title='bbox 465 4360 824 4430; x_wconf 74' lang='grc' dir='ltr'>ἐπιστροφήν.</span> 
     </span>
    </p>
   </div>
   <div class='ocr_carea' id='block_1_68' title="bbox 404 4538 1917 4617">
    <p class='ocr_par' dir='ltr' id='par_1_68' title="bbox 404 4538 1917 4617">
     <span class='ocr_line' id='line_1_68' title="bbox 404 4538 1917 4617; baseline 0.002 -25"><span class='ocrx_word' id='word_1_479' title='bbox 404 4538 487 4617; x_wconf 72' lang='grc' dir='ltr'><strong>Τὰ</strong></span> <span class='ocrx_word' id='word_1_480' title='bbox 511 4539 568 4592; x_wconf 75' lang='grc' dir='ltr'>δὲ</span> <span class='ocrx_word' id='word_1_481' title='bbox 600 4540 862 4609; x_wconf 77' lang='grc' dir='ltr'>γινόμενα</span> <span class='ocrx_word' id='word_1_482' title='bbox 898 4541 1019 4610; x_wconf 84' lang='grc' dir='ltr'>μετ’</span> <span class='ocrx_word' id='word_1_483' title='bbox 1035 4541 1206 4612; x_wconf 80' lang='grc' dir='ltr'>αὐτὴν</span> <span class='ocrx_word' id='word_1_484' title='bbox 1232 4542 1659 4613; x_wconf 86' lang='grc' dir='ltr'>ἀναγνώσματα,</span> <span class='ocrx_word' id='word_1_485' title='bbox 1685 4541 1917 4611; x_wconf 84' lang='grc' dir='ltr'>γενικῶς</span> 
     </span>
    </p>
   </div>
   <div class='ocr_carea' id='block_1_69' title="bbox 326 4631 1922 4705">
    <p class='ocr_par' dir='ltr' id='par_1_69' title="bbox 326 4631 1922 4705">
     <span class='ocr_line' id='line_1_69' title="bbox 326 4631 1922 4705; baseline 0.001 -21"><span class='ocrx_word' id='word_1_486' title='bbox 326 4631 459 4702; x_wconf 79' lang='grc' dir='ltr'>μὲν,</span> <span class='ocrx_word' id='word_1_487' title='bbox 515 4631 586 4685; x_wconf 80' lang='grc' dir='ltr'>τὰ</span> <span class='ocrx_word' id='word_1_488' title='bbox 633 4632 753 4685; x_wconf 83' lang='grc' dir='ltr'>θεῖα</span> <span class='ocrx_word' id='word_1_489' title='bbox 800 4632 1083 4702; x_wconf 84' lang='grc' dir='ltr'>θελήματά</span> <span class='ocrx_word' id='word_1_490' title='bbox 1123 4650 1187 4687; x_wconf 88' lang='grc' dir='ltr'><strong>τε</strong></span> <span class='ocrx_word' id='word_1_491' title='bbox 1243 4634 1337 4687; x_wconf 82' lang='grc' dir='ltr'><strong>καὶ</strong></span> <span class='ocrx_word' id='word_1_492' title='bbox 1372 4634 1710 4705; x_wconf 85' lang='grc' dir='ltr'>βουλήματα,</span> <span class='ocrx_word' id='word_1_493' title='bbox 1743 4633 1922 4687; x_wconf 74' lang='grc' dir='ltr'>καθ’ἂ</span> 
     </span>
    </p>
   </div>
   <div class='ocr_carea' id='block_1_70' title="bbox 324 4723 1917 4792">
    <p class='ocr_par' dir='ltr' id='par_1_70' title="bbox 324 4723 1917 4792">
     <span class='ocr_line' id='line_1_70' title="bbox 324 4723 1917 4792; baseline 0.003 -17"><span class='ocrx_word' id='word_1_494' title='bbox 324 4723 441 4792; x_wconf 82' lang='grc' dir='ltr'><strong>χρὴ</strong></span> <span class='ocrx_word' id='word_1_495' title='bbox 494 4724 625 4786; x_wconf 83' lang='grc' dir='ltr'>τοὺς</span> <span class='ocrx_word' id='word_1_496' title='bbox 663 4724 873 4788; x_wconf 83' lang='grc' dir='ltr'>πάντας</span> <span class='ocrx_word' id='word_1_497' title='bbox 905 4725 1261 4778; x_wconf 79' lang='grc' dir='ltr'>παιδεύεσθαί</span> <span class='ocrx_word' id='word_1_498' title='bbox 1295 4743 1355 4779; x_wconf 78' lang='grc' dir='ltr'><strong>τε</strong></span> <span class='ocrx_word' id='word_1_499' title='bbox 1398 4727 1492 4779; x_wconf 82' lang='grc' dir='ltr'><strong>καὶ</strong></span> <span class='ocrx_word' id='word_1_500' title='bbox 1518 4726 1917 4791; x_wconf 86' lang='grc' dir='ltr'>πολιτεύεσθαι,</span> 
     </span>
    </p>
   </div>
   <div class='ocr_carea' id='block_1_71' title="bbox 329 4815 1939 4887">
    <p class='ocr_par' dir='ltr' id='par_1_71' title="bbox 329 4815 1939 4887">
     <span class='ocr_line' id='line_1_71' title="bbox 329 4815 1939 4887; baseline 0.003 -21"><span class='ocrx_word' id='word_1_501' title='bbox 329 4815 556 4884; x_wconf 81' lang='grc' dir='ltr'>μηνύει-</span> <span class='ocrx_word' id='word_1_502' title='bbox 599 4815 784 4879; x_wconf 86' lang='grc' dir='ltr'>ἰδικῶς</span> <span class='ocrx_word' id='word_1_503' title='bbox 806 4815 886 4883; x_wconf 84' lang='grc' dir='ltr'><strong>δὲ,</strong></span> <span class='ocrx_word' id='word_1_504' title='bbox 920 4816 1019 4887; x_wconf 78' lang='grc' dir='ltr'><strong>τὴν</strong></span> <span class='ocrx_word' id='word_1_505' title='bbox 1049 4817 1194 4871; x_wconf 84' lang='grc' dir='ltr'>κατὰ</span> <span class='ocrx_word' id='word_1_506' title='bbox 1224 4818 1326 4887; x_wconf 82' lang='grc' dir='ltr'><strong>τὴν</strong></span> <span class='ocrx_word' id='word_1_507' title='bbox 1352 4817 1536 4871; x_wconf 89' lang='grc' dir='ltr'>πίστιν</span> <span class='ocrx_word' id='word_1_508' title='bbox 1564 4818 1939 4873; x_wconf 78' lang='grc' dir='ltr'>διδασκαλίαν.</span> 
     </span>
    </p>
   </div>
   <div class='ocr_carea' id='block_1_72' title="bbox 326 4906 1919 4982">
    <p class='ocr_par' dir='ltr' id='par_1_72' title="bbox 326 4906 1919 4982">
     <span class='ocr_line' id='line_1_72' title="bbox 326 4906 1919 4982; baseline 0.004 -24"><span class='ocrx_word' id='word_1_509' title='bbox 326 4906 432 4958; x_wconf 81' lang='grc' dir='ltr'>καὶ</span> <span class='ocrx_word' id='word_1_510' title='bbox 483 4907 768 4978; x_wconf 78' lang='grc' dir='ltr'>προκοπὴν</span> <span class='ocrx_word' id='word_1_511' title='bbox 820 4909 931 4964; x_wconf 89' lang='grc' dir='ltr'><strong>τῶν</strong></span> <span class='ocrx_word' id='word_1_512' title='bbox 986 4912 1392 4963; x_wconf 83' lang='grc' dir='ltr'>πιστευσάντων</span> <span class='ocrx_word' id='word_1_513' title='bbox 1417 4927 1431 4940; x_wconf 91' lang='grc'><strong>·</strong></span> <span class='ocrx_word' id='word_1_514' title='bbox 1491 4912 1587 4964; x_wconf 81' lang='grc' dir='ltr'>καὶ</span> <span class='ocrx_word' id='word_1_515' title='bbox 1637 4911 1746 4963; x_wconf 88' lang='grc' dir='ltr'><strong>τῶν</strong></span> <span class='ocrx_word' id='word_1_516' title='bbox 1777 4928 1919 4982; x_wconf 84' lang='grc' dir='ltr'>πρα-</span> 
     </span>
    </p>
   </div>
   <div class='ocr_carea' id='block_1_73' title="bbox 326 5000 1920 5075">
    <p class='ocr_par' dir='ltr' id='par_1_73' title="bbox 326 5000 1920 5075">
     <span class='ocr_line' id='line_1_73' title="bbox 326 5000 1920 5075; baseline 0.003 -21"><span class='ocrx_word' id='word_1_517' title='bbox 326 5000 540 5054; x_wconf 87' lang='grc' dir='ltr'>κτικῶν</span> <span class='ocrx_word' id='word_1_518' title='bbox 591 5003 691 5070; x_wconf 69' lang='grc' dir='ltr'>τὴν</span> <span class='ocrx_word' id='word_1_519' title='bbox 736 5002 857 5055; x_wconf 87' lang='grc' dir='ltr'>κατ’</span> <span class='ocrx_word' id='word_1_520' title='bbox 887 5003 1091 5074; x_wconf 82' lang='grc' dir='ltr'>ἀρετὴν</span> <span class='ocrx_word' id='word_1_521' title='bbox 1118 5003 1325 5071; x_wconf 84' lang='grc' dir='ltr'>παγίαν</span> <span class='ocrx_word' id='word_1_522' title='bbox 1362 5003 1604 5058; x_wconf 84' lang='grc' dir='ltr'>διάθεσιν</span> <span class='ocrx_word' id='word_1_523' title='bbox 1624 5019 1641 5037; x_wconf 87' lang='grc'><strong>·</strong></span> <span class='ocrx_word' id='word_1_524' title='bbox 1698 5003 1822 5058; x_wconf 82' lang='grc' dir='ltr'>καθ’</span> <span class='ocrx_word' id='word_1_525' title='bbox 1853 5006 1920 5075; x_wconf 79' lang='grc' dir='ltr'>ἢν</span> 
     </span>
    </p>
   </div>
   <div class='ocr_carea' id='block_1_74' title="bbox 322 5092 1979 5166">
    <p class='ocr_par' dir='ltr' id='par_1_74' title="bbox 322 5092 1979 5166">
     <span class='ocr_line' id='line_1_74' title="bbox 322 5092 1979 5166; baseline 0.004 -22"><span class='ocrx_word' id='word_1_526' title='bbox 322 5092 411 5161; x_wconf 79' lang='grc' dir='ltr'>τῷ</span> <span class='ocrx_word' id='word_1_527' title='bbox 437 5093 566 5163; x_wconf 82' lang='grc' dir='ltr'>θείῳ</span> <span class='ocrx_word' id='word_1_528' title='bbox 591 5095 744 5164; x_wconf 86' lang='grc' dir='ltr'>νόμῳ</span> <span class='ocrx_word' id='word_1_529' title='bbox 772 5094 1115 5164; x_wconf 89' lang='grc' dir='ltr'>στοιχοῦντες</span> <span class='ocrx_word' id='word_1_530' title='bbox 1162 5094 1272 5148; x_wconf 89' lang='grc' dir='ltr'><strong>τῶν</strong></span> <span class='ocrx_word' id='word_1_531' title='bbox 1305 5096 1535 5150; x_wconf 69' lang='grc' dir='ltr'>ἐντολῶν</span> <span class='ocrx_word' id='word_1_532' title='bbox 1563 5096 1834 5166; x_wconf 83' lang='grc' dir='ltr'>ἀνδρικῶς</span> <span class='ocrx_word' id='word_1_533' title='bbox 1858 5115 1917 5151; x_wconf 89' lang='grc' dir='ltr'><strong>τε</strong></span> <span class='ocrx_word' id='word_1_534' title='bbox 1976 5102 1979 5105; x_wconf 85' lang='grc'><em>’</em></span> 
     </span>
    </p>
   </div>
   <div class='ocr_carea' id='block_1_75' title="bbox 328 5175 1915 5258">
    <p class='ocr_par' dir='ltr' id='par_1_75' title="bbox 328 5175 1915 5258">
     <span class='ocr_line' id='line_1_75' title="bbox 328 5175 1915 5258; baseline 0.004 -22"><span class='ocrx_word' id='word_1_535' title='bbox 328 5183 431 5236; x_wconf 71' lang='grc' dir='ltr'>καὶ</span> <span class='ocrx_word' id='word_1_536' title='bbox 476 5184 1080 5256; x_wconf 65' lang='grc' dir='ltr'>ἀκλονήτωςίστανται</span> <span class='ocrx_word' id='word_1_537' title='bbox 1109 5175 1284 5257; x_wconf 78' lang='grc' dir='ltr'>’πρὸς</span> <span class='ocrx_word' id='word_1_538' title='bbox 1334 5188 1435 5252; x_wconf 85' lang='grc' dir='ltr'><strong>τὰς</strong></span> <span class='ocrx_word' id='word_1_539' title='bbox 1488 5187 1769 5258; x_wconf 87' lang='grc' dir='ltr'>μεθοδείας</span> <span class='ocrx_word' id='word_1_540' title='bbox 1819 5189 1915 5242; x_wconf 88' lang='grc' dir='ltr'><strong>τοῦ</strong></span> 
     </span>
    </p>
   </div>
   <div class='ocr_carea' id='block_1_76' title="bbox 322 5276 1915 5350">
    <p class='ocr_par' dir='ltr' id='par_1_76' title="bbox 322 5276 1915 5350">
     <span class='ocr_line' id='line_1_76' title="bbox 322 5276 1915 5350; baseline 0.004 -21"><span class='ocrx_word' id='word_1_541' title='bbox 322 5276 579 5331; x_wconf 82' lang='grc' dir='ltr'>διαϐόλου</span> <span class='ocrx_word' id='word_1_542' title='bbox 600 5319 615 5341; x_wconf 92' lang='grc'><strong>,</strong></span> <span class='ocrx_word' id='word_1_543' title='bbox 666 5280 761 5332; x_wconf 75' lang='grc' dir='ltr'><strong>καὶ</strong></span> <span class='ocrx_word' id='word_1_544' title='bbox 789 5279 890 5343; x_wconf 77' lang='grc' dir='ltr'>τὰς</span> <span class='ocrx_word' id='word_1_545' title='bbox 917 5281 1302 5350; x_wconf 83' lang='grc' dir='ltr'>ἀντικειμένας</span> <span class='ocrx_word' id='word_1_546' title='bbox 1331 5281 1614 5349; x_wconf 75' lang='grc' dir='ltr'>ἐνεργείας</span> <span class='ocrx_word' id='word_1_547' title='bbox 1640 5281 1915 5350; x_wconf 74' lang='grc' dir='ltr'>διαδιδῤά-</span> 
     </span>
    </p>
   </div>
   <div class='ocr_carea' id='block_1_77' title="bbox 322 5371 1907 5445">
    <p class='ocr_par' dir='ltr' id='par_1_77' title="bbox 322 5371 1907 5445">
     <span class='ocr_line' id='line_1_77' title="bbox 322 5371 1907 5445; baseline 0.004 -25"><span class='ocrx_word' id='word_1_548' title='bbox 322 5381 546 5421; x_wconf 80' lang='grc' dir='ltr'>οκουσι·</span> <span class='ocrx_word' id='word_1_549' title='bbox 603 5371 698 5423; x_wconf 77' lang='grc' dir='ltr'><strong>καὶ</strong></span> <span class='ocrx_word' id='word_1_550' title='bbox 723 5371 832 5425; x_wconf 87' lang='grc' dir='ltr'><strong>τῶν</strong></span> <span class='ocrx_word' id='word_1_551' title='bbox 855 5372 1175 5439; x_wconf 79' lang='grc' dir='ltr'>γνωστικῶν</span> <span class='ocrx_word' id='word_1_552' title='bbox 1204 5373 1301 5444; x_wconf 80' lang='grc' dir='ltr'>τὴν</span> <span class='ocrx_word' id='word_1_553' title='bbox 1332 5372 1476 5428; x_wconf 84' lang='grc' dir='ltr'>κατὰ</span> <span class='ocrx_word' id='word_1_554' title='bbox 1501 5372 1738 5445; x_wconf 83' lang='grc' dir='ltr'>θεωρίαν</span> <span class='ocrx_word' id='word_1_555' title='bbox 1765 5374 1878 5438; x_wconf 78' lang='grc' dir='ltr'>ἒξιν</span> <span class='ocrx_word' id='word_1_556' title='bbox 1895 5391 1907 5403; x_wconf 90' lang='grc'><strong>·</strong></span> 
     </span>
    </p>
   </div>
   <div class='ocr_carea' id='block_1_78' title="bbox 327 5457 1913 5536">
    <p class='ocr_par' dir='ltr' id='par_1_78' title="bbox 327 5457 1913 5536">
     <span class='ocr_line' id='line_1_78' title="bbox 327 5457 1913 5536; baseline 0.003 -23"><span class='ocrx_word' id='word_1_557' title='bbox 327 5457 452 5513; x_wconf 80' lang='grc' dir='ltr'>καθ’</span> <span class='ocrx_word' id='word_1_558' title='bbox 472 5460 541 5532; x_wconf 78' lang='grc' dir='ltr'>ἥν</span> <span class='ocrx_word' id='word_1_559' title='bbox 586 5461 716 5525; x_wconf 78' lang='grc' dir='ltr'>τοὺς</span> <span class='ocrx_word' id='word_1_560' title='bbox 760 5462 871 5515; x_wconf 89' lang='grc' dir='ltr'><strong>τῶν</strong></span> <span class='ocrx_word' id='word_1_561' title='bbox 909 5462 1185 5517; x_wconf 65' lang='grc' dir='ltr'>αἰσθητῶν</span> <span class='ocrx_word' id='word_1_562' title='bbox 1226 5465 1319 5518; x_wconf 74' lang='grc' dir='ltr'><strong>καὶ</strong></span> <span class='ocrx_word' id='word_1_563' title='bbox 1347 5464 1446 5534; x_wconf 78' lang='grc' dir='ltr'>τῆς</span> <span class='ocrx_word' id='word_1_564' title='bbox 1471 5464 1755 5527; x_wconf 81' lang='grc' dir='ltr'>ὲπάὐτοίς</span> <span class='ocrx_word' id='word_1_565' title='bbox 1779 5482 1913 5536; x_wconf 88' lang='grc' dir='ltr'>προ-</span> 
     </span>
    </p>
   </div>
   <div class='ocr_carea' id='block_1_79' title="bbox 2099 2820 3619 2892">
    <p class='ocr_par' dir='ltr' id='par_1_79' title="bbox 2099 2820 3619 2892">
     <span class='ocr_line' id='line_1_79' title="bbox 2099 2820 3619 2892; baseline 0 -18"><span class='ocrx_word' id='word_1_566' title='bbox 2099 2820 2290 2875; x_wconf 85' lang='lat' dir='ltr'><strong>Mundi</strong></span> <span class='ocrx_word' id='word_1_567' title='bbox 2325 2829 2534 2885; x_wconf 88' lang='lat' dir='ltr'><strong>autem,</strong></span> <span class='ocrx_word' id='word_1_568' title='bbox 2569 2830 2685 2875; x_wconf 91' lang='lat' dir='ltr'><strong>tum</strong></span> <span class='ocrx_word' id='word_1_569' title='bbox 2716 2822 2838 2892; x_wconf 89' lang='lat' dir='ltr'><strong>ejus</strong></span> <span class='ocrx_word' id='word_1_570' title='bbox 2864 2822 2957 2891; x_wconf 91' lang='lat' dir='ltr'><strong>qui</strong></span> <span class='ocrx_word' id='word_1_571' title='bbox 2999 2831 3183 2875; x_wconf 85' lang='lat' dir='ltr'><strong>mente</strong></span> <span class='ocrx_word' id='word_1_572' title='bbox 3215 2822 3350 2887; x_wconf 87' lang='lat' dir='ltr'><strong>sola,</strong></span> <span class='ocrx_word' id='word_1_573' title='bbox 3380 2829 3495 2875; x_wconf 92' lang='lat' dir='ltr'><strong>tum</strong></span> <span class='ocrx_word' id='word_1_574' title='bbox 3520 2820 3619 2890; x_wconf 87' lang='lat' dir='ltr'><strong>qui</strong></span> 
     </span>
    </p>
   </div>
   <div class='ocr_carea' id='block_1_80' title="bbox 2024 2910 3617 2981">
    <p class='ocr_par' dir='ltr' id='par_1_80' title="bbox 2024 2910 3617 2981">
     <span class='ocr_line' id='line_1_80' title="bbox 2024 2910 3617 2981; baseline -0.001 -16"><span class='ocrx_word' id='word_1_575' title='bbox 2024 2925 2191 2966; x_wconf 90' lang='lat' dir='ltr'><strong>sensu</strong></span> <span class='ocrx_word' id='word_1_576' title='bbox 2216 2910 2545 2980; x_wconf 87' lang='lat' dir='ltr'><strong>percipitur,</strong></span> <span class='ocrx_word' id='word_1_577' title='bbox 2587 2910 2761 2981; x_wconf 84' lang='lat' dir='ltr'><strong>ﬁgura</strong></span> <span class='ocrx_word' id='word_1_578' title='bbox 2789 2919 2908 2977; x_wconf 88' lang='lat' dir='ltr'><strong>est;</strong></span> <span class='ocrx_word' id='word_1_579' title='bbox 2947 2920 3008 2965; x_wconf 92' lang='lat' dir='ltr'><strong>ut</strong></span> <span class='ocrx_word' id='word_1_580' title='bbox 3034 2927 3157 2979; x_wconf 73' lang='lat' dir='ltr'><strong>qua:</strong></span> <span class='ocrx_word' id='word_1_581' title='bbox 3187 2912 3378 2966; x_wconf 90' lang='lat' dir='ltr'><strong>mundi</strong></span> <span class='ocrx_word' id='word_1_582' title='bbox 3408 2911 3617 2965; x_wconf 86' lang='lat' dir='ltr'><strong>intelli-</strong></span> 
     </span>
    </p>
   </div>
   <div class='ocr_carea' id='block_1_81' title="bbox 2023 3003 3615 3079">
    <p class='ocr_par' dir='ltr' id='par_1_81' title="bbox 2023 3003 3615 3079">
     <span class='ocr_line' id='line_1_81' title="bbox 2023 3003 3615 3079; baseline 0 -23"><span class='ocrx_word' id='word_1_583' title='bbox 2023 3003 2209 3079; x_wconf 83' lang='lat' dir='ltr'><strong>gibilis</strong></span> <span class='ocrx_word' id='word_1_584' title='bbox 2240 3003 2547 3057; x_wconf 86' lang='lat' dir='ltr'><strong>sacrarium</strong></span> <span class='ocrx_word' id='word_1_585' title='bbox 2588 3003 2900 3073; x_wconf 85' lang='lat' dir='ltr'><strong>symbolum</strong></span> <span class='ocrx_word' id='word_1_586' title='bbox 2941 3003 3179 3068; x_wconf 85' lang='lat' dir='ltr'><strong>habeat;</strong></span> <span class='ocrx_word' id='word_1_587' title='bbox 3226 3003 3393 3074; x_wconf 86' lang='lat' dir='ltr'><strong>hujus</strong></span> <span class='ocrx_word' id='word_1_588' title='bbox 3426 3011 3615 3057; x_wconf 90' lang='lat' dir='ltr'><strong>autem</strong></span> 
     </span>
    </p>
   </div>
   <div class='ocr_carea' id='block_1_82' title="bbox 2022 3095 2975 3166">
    <p class='ocr_par' dir='ltr' id='par_1_82' title="bbox 2022 3095 2975 3166">
     <span class='ocr_line' id='line_1_82' title="bbox 2022 3095 2975 3166; baseline -0.001 -16"><span class='ocrx_word' id='word_1_589' title='bbox 2022 3097 2119 3166; x_wconf 91' lang='lat' dir='ltr'><strong>qui</strong></span> <span class='ocrx_word' id='word_1_590' title='bbox 2146 3096 2203 3151; x_wconf 88' lang='lat' dir='ltr'><strong>in</strong></span> <span class='ocrx_word' id='word_1_591' title='bbox 2236 3111 2457 3151; x_wconf 88' lang='lat' dir='ltr'><strong>sensum</strong></span> <span class='ocrx_word' id='word_1_592' title='bbox 2491 3095 2661 3158; x_wconf 88' lang='lat' dir='ltr'><strong>cadit,</strong></span> <span class='ocrx_word' id='word_1_593' title='bbox 2688 3096 2975 3165; x_wconf 87' lang='lat' dir='ltr'><strong>templum.</strong></span> 
     </span>
    </p>
   </div>
   <div class='ocr_carea' id='block_1_83' title="bbox 2095 3187 3616 3257">
    <p class='ocr_par' dir='ltr' id='par_1_83' title="bbox 2095 3187 3616 3257">
     <span class='ocr_line' id='line_1_83' title="bbox 2095 3187 3616 3257; baseline 0.002 -16"><span class='ocrx_word' id='word_1_594' title='bbox 2095 3190 2314 3243; x_wconf 83' lang='lat' dir='ltr'><strong>Rursus</strong></span> <span class='ocrx_word' id='word_1_595' title='bbox 2340 3203 2474 3241; x_wconf 87' lang='lat' dir='ltr'><strong>vero</strong></span> <span class='ocrx_word' id='word_1_596' title='bbox 2520 3189 2702 3257; x_wconf 80' lang='lat' dir='ltr'><strong>imago</strong></span> <span class='ocrx_word' id='word_1_597' title='bbox 2746 3196 2831 3241; x_wconf 88' lang='lat' dir='ltr'><strong>est</strong></span> <span class='ocrx_word' id='word_1_598' title='bbox 2878 3187 3141 3249; x_wconf 88' lang='lat' dir='ltr'><strong>hominis,</strong></span> <span class='ocrx_word' id='word_1_599' title='bbox 3166 3196 3229 3241; x_wconf 91' lang='lat' dir='ltr'><strong>ut</strong></span> <span class='ocrx_word' id='word_1_600' title='bbox 3261 3204 3383 3257; x_wconf 70' lang='lat' dir='ltr'><strong>qua:</strong></span> <span class='ocrx_word' id='word_1_601' title='bbox 3418 3187 3616 3244; x_wconf 73' lang='lat' dir='ltr'><strong>animae</strong></span> 
     </span>
    </p>
   </div>
   <div class='ocr_carea' id='block_1_84' title="bbox 2022 3280 3614 3351">
    <p class='ocr_par' dir='ltr' id='par_1_84' title="bbox 2022 3280 3614 3351">
     <span class='ocr_line' id='line_1_84' title="bbox 2022 3280 3614 3351; baseline 0 -15"><span class='ocrx_word' id='word_1_602' title='bbox 2022 3297 2123 3351; x_wconf 88' lang='lat' dir='ltr'><strong>per</strong></span> <span class='ocrx_word' id='word_1_603' title='bbox 2163 3281 2468 3336; x_wconf 85' lang='lat' dir='ltr'><strong>sacrarium</strong></span> <span class='ocrx_word' id='word_1_604' title='bbox 2511 3281 2753 3350; x_wconf 91' lang='lat' dir='ltr'><strong>speciem</strong></span> <span class='ocrx_word' id='word_1_605' title='bbox 2782 3280 3026 3346; x_wconf 82' lang='lat' dir='ltr'><strong>referat;</strong></span> <span class='ocrx_word' id='word_1_606' title='bbox 3080 3296 3180 3349; x_wconf 82' lang='lat' dir='ltr'><strong>per</strong></span> <span class='ocrx_word' id='word_1_607' title='bbox 3206 3282 3472 3349; x_wconf 89' lang='lat' dir='ltr'><strong>templum</strong></span> <span class='ocrx_word' id='word_1_608' title='bbox 3516 3297 3614 3336; x_wconf 90' lang='lat' dir='ltr'><strong>au-</strong></span> 
     </span>
    </p>
   </div>
   <div class='ocr_carea' id='block_1_85' title="bbox 2024 3369 3614 3441">
    <p class='ocr_par' dir='ltr' id='par_1_85' title="bbox 2024 3369 3614 3441">
     <span class='ocr_line' id='line_1_85' title="bbox 2024 3369 3614 3441; baseline 0.003 -18"><span class='ocrx_word' id='word_1_609' title='bbox 2024 3377 2135 3423; x_wconf 88' lang='lat' dir='ltr'><strong>tem</strong></span> <span class='ocrx_word' id='word_1_610' title='bbox 2172 3384 2379 3439; x_wconf 89' lang='lat' dir='ltr'><strong>corpus</strong></span> <span class='ocrx_word' id='word_1_611' title='bbox 2406 3370 2682 3438; x_wconf 81' lang='lat' dir='ltr'><strong>praeferat.</strong></span> <span class='ocrx_word' id='word_1_612' title='bbox 2730 3369 2911 3439; x_wconf 89' lang='lat' dir='ltr'><strong>Ipsius</strong></span> <span class='ocrx_word' id='word_1_613' title='bbox 2944 3377 3128 3424; x_wconf 88' lang='lat' dir='ltr'><strong>autem</strong></span> <span class='ocrx_word' id='word_1_614' title='bbox 3155 3370 3354 3425; x_wconf 65' lang='lat' dir='ltr'><strong>animae</strong></span> <span class='ocrx_word' id='word_1_615' title='bbox 3392 3379 3452 3424; x_wconf 90' lang='lat' dir='ltr'><strong>ut</strong></span> <span class='ocrx_word' id='word_1_616' title='bbox 3494 3371 3614 3441; x_wconf 77' lang='lat' dir='ltr'><strong>ipsa</strong></span> 
     </span>
    </p>
   </div>
   <div class='ocr_carea' id='block_1_86' title="bbox 2022 3461 3613 3535">
    <p class='ocr_par' dir='ltr' id='par_1_86' title="bbox 2022 3461 3613 3535">
     <span class='ocr_line' id='line_1_86' title="bbox 2022 3461 3613 3535; baseline 0.001 -19"><span class='ocrx_word' id='word_1_617' title='bbox 2022 3463 2334 3517; x_wconf 90' lang='lat' dir='ltr'><strong>secundum</strong></span> <span class='ocrx_word' id='word_1_618' title='bbox 2363 3477 2422 3516; x_wconf 91' lang='lat' dir='ltr'><strong>se</strong></span> <span class='ocrx_word' id='word_1_619' title='bbox 2450 3476 2516 3516; x_wconf 91' lang='lat' dir='ltr'><strong>ac</strong></span> <span class='ocrx_word' id='word_1_620' title='bbox 2564 3476 2815 3516; x_wconf 85' lang='lat' dir='ltr'><strong>seorsum</strong></span> <span class='ocrx_word' id='word_1_621' title='bbox 2866 3461 3282 3535; x_wconf 81' lang='lat' dir='ltr'><strong>consideratur,</strong></span> <span class='ocrx_word' id='word_1_622' title='bbox 3324 3461 3498 3532; x_wconf 84' lang='lat' dir='ltr'><strong>ﬁgura</strong></span> <span class='ocrx_word' id='word_1_623' title='bbox 3527 3473 3613 3518; x_wconf 88' lang='lat' dir='ltr'><strong>est</strong></span> 
     </span>
    </p>
   </div>
   <div class='ocr_carea' id='block_1_87' title="bbox 2022 3554 3611 3623">
    <p class='ocr_par' dir='ltr' id='par_1_87' title="bbox 2022 3554 3611 3623">
     <span class='ocr_line' id='line_1_87' title="bbox 2022 3554 3611 3623; baseline 0 -14"><span class='ocrx_word' id='word_1_624' title='bbox 2022 3570 2089 3610; x_wconf 91' lang='lat' dir='ltr'><strong>ac</strong></span> <span class='ocrx_word' id='word_1_625' title='bbox 2129 3554 2340 3623; x_wconf 85' lang='lat' dir='ltr'><strong>imago,</strong></span> <span class='ocrx_word' id='word_1_626' title='bbox 2387 3561 2450 3607; x_wconf 88' lang='lat' dir='ltr'><strong>ut</strong></span> <span class='ocrx_word' id='word_1_627' title='bbox 2474 3569 2598 3623; x_wconf 81' lang='lat' dir='ltr'><strong>quae</strong></span> <span class='ocrx_word' id='word_1_628' title='bbox 2630 3568 2731 3622; x_wconf 90' lang='lat' dir='ltr'><strong>per</strong></span> <span class='ocrx_word' id='word_1_629' title='bbox 2779 3554 3088 3607; x_wconf 91' lang='lat' dir='ltr'><strong>sacrarium</strong></span> <span class='ocrx_word' id='word_1_630' title='bbox 3120 3554 3243 3622; x_wconf 90' lang='lat' dir='ltr'><strong>ejus</strong></span> <span class='ocrx_word' id='word_1_631' title='bbox 3279 3558 3456 3623; x_wconf 87' lang='lat' dir='ltr'><strong>partis</strong></span> <span class='ocrx_word' id='word_1_632' title='bbox 3487 3570 3611 3623; x_wconf 70' lang='lat' dir='ltr'><strong>qua:</strong></span> 
     </span>
    </p>
   </div>
   <div class='ocr_carea' id='block_1_88' title="bbox 2022 3641 3610 3713">
    <p class='ocr_par' dir='ltr' id='par_1_88' title="bbox 2022 3641 3610 3713">
     <span class='ocr_line' id='line_1_88' title="bbox 2022 3641 3610 3713; baseline 0.001 -17"><span class='ocrx_word' id='word_1_633' title='bbox 2022 3642 2480 3711; x_wconf 87' lang='lat' dir='ltr'><strong>contemplationi</strong></span> <span class='ocrx_word' id='word_1_634' title='bbox 2532 3641 2720 3697; x_wconf 90' lang='lat' dir='ltr'><strong>studet</strong></span> <span class='ocrx_word' id='word_1_635' title='bbox 2761 3642 3073 3697; x_wconf 82' lang='lat' dir='ltr'><strong>claritatem</strong></span> <span class='ocrx_word' id='word_1_636' title='bbox 3114 3642 3286 3708; x_wconf 86' lang='lat' dir='ltr'><strong>ferat;</strong></span> <span class='ocrx_word' id='word_1_637' title='bbox 3337 3659 3439 3713; x_wconf 90' lang='lat' dir='ltr'><strong>per</strong></span> <span class='ocrx_word' id='word_1_638' title='bbox 3472 3653 3610 3700; x_wconf 90' lang='lat' dir='ltr'><strong>tem-</strong></span> 
     </span>
    </p>
   </div>
   <div class='ocr_carea' id='block_1_89' title="bbox 2021 3732 3609 3805">
    <p class='ocr_par' dir='ltr' id='par_1_89' title="bbox 2021 3732 3609 3805">
     <span class='ocr_line' id='line_1_89' title="bbox 2021 3732 3609 3805; baseline 0.001 -16"><span class='ocrx_word' id='word_1_639' title='bbox 2021 3736 2173 3804; x_wconf 89' lang='lat' dir='ltr'><strong>plum</strong></span> <span class='ocrx_word' id='word_1_640' title='bbox 2224 3742 2411 3789; x_wconf 84' lang='lat' dir='ltr'><strong>autem</strong></span> <span class='ocrx_word' id='word_1_641' title='bbox 2452 3736 2575 3805; x_wconf 89' lang='lat' dir='ltr'><strong>ejus</strong></span> <span class='ocrx_word' id='word_1_642' title='bbox 2598 3750 2722 3804; x_wconf 73' lang='lat' dir='ltr'><strong>quae</strong></span> <span class='ocrx_word' id='word_1_643' title='bbox 2755 3732 2961 3789; x_wconf 68' lang='grc' dir='ltr'>ειειίοηί</span> <span class='ocrx_word' id='word_1_644' title='bbox 2983 3775 2998 3801; x_wconf 95' lang='grc'><strong>,</strong></span> <span class='ocrx_word' id='word_1_645' title='bbox 3033 3744 3293 3790; x_wconf 86' lang='lat' dir='ltr'><strong>ornatum</strong></span> <span class='ocrx_word' id='word_1_646' title='bbox 3324 3736 3609 3791; x_wconf 86' lang='lat' dir='ltr'><strong>decorem-</strong></span> 
     </span>
    </p>
   </div>
   <div class='ocr_carea' id='block_1_90' title="bbox 2018 3825 2434 3896">
    <p class='ocr_par' dir='ltr' id='par_1_90' title="bbox 2018 3825 2434 3896">
     <span class='ocr_line' id='line_1_90' title="bbox 2018 3825 2434 3896; baseline 0 -17"><span class='ocrx_word' id='word_1_647' title='bbox 2018 3842 2129 3896; x_wconf 87' lang='lat' dir='ltr'><strong>que</strong></span> <span class='ocrx_word' id='word_1_648' title='bbox 2163 3825 2434 3880; x_wconf 88' lang='lat' dir='ltr'><strong>obtineat.</strong></span> 
     </span>
    </p>
   </div>
   <div class='ocr_carea' id='block_1_91' title="bbox 2017 3917 3607 3989">
    <p class='ocr_par' dir='ltr' id='par_1_91' title="bbox 2017 3917 3607 3989">
     <span class='ocr_line' id='line_1_91' title="bbox 2017 3917 3607 3989; baseline 0.001 -18"><span class='ocrx_word' id='word_1_649' title='bbox 2017 3931 2025 3940; x_wconf 90' lang='grc'><strong>·</strong></span> <span class='ocrx_word' id='word_1_650' title='bbox 2094 3918 2232 3987; x_wconf 91' lang='lat' dir='ltr'><strong>Ejus</strong></span> <span class='ocrx_word' id='word_1_651' title='bbox 2253 3926 2437 3971; x_wconf 89' lang='lat' dir='ltr'><strong>autem</strong></span> <span class='ocrx_word' id='word_1_652' title='bbox 2460 3917 2654 3985; x_wconf 67' lang='lat' dir='ltr'><strong>quaein</strong></span> <span class='ocrx_word' id='word_1_653' title='bbox 2682 3932 2747 3971; x_wconf 88' lang='lat' dir='ltr'><strong>ea</strong></span> <span class='ocrx_word' id='word_1_654' title='bbox 2778 3920 3064 3987; x_wconf 83' lang='lat' dir='ltr'><strong>peragitur</strong></span> <span class='ocrx_word' id='word_1_655' title='bbox 3098 3932 3269 3972; x_wconf 74' lang='lat' dir='ltr'><strong>sacra:</strong></span> <span class='ocrx_word' id='word_1_656' title='bbox 3298 3932 3607 3989; x_wconf 81' lang='lat' dir='ltr'><strong>synaxeos;</strong></span> 
     </span>
    </p>
   </div>
   <div class='ocr_carea' id='block_1_92' title="bbox 2018 4009 3608 4081">
    <p class='ocr_par' dir='ltr' id='par_1_92' title="bbox 2018 4009 3608 4081">
     <span class='ocr_line' id='line_1_92' title="bbox 2018 4009 3608 4081; baseline 0.001 -18"><span class='ocrx_word' id='word_1_657' title='bbox 2018 4009 2233 4079; x_wconf 89' lang='lat' dir='ltr'><strong>primus</strong></span> <span class='ocrx_word' id='word_1_658' title='bbox 2266 4009 2491 4079; x_wconf 88' lang='lat' dir='ltr'><strong>quidem</strong></span> <span class='ocrx_word' id='word_1_659' title='bbox 2531 4010 2795 4064; x_wconf 87' lang='lat' dir='ltr'><strong>introitus</strong></span> <span class='ocrx_word' id='word_1_660' title='bbox 2841 4011 3180 4079; x_wconf 83' lang='lat' dir='ltr'><strong>generaliter</strong></span> <span class='ocrx_word' id='word_1_661' title='bbox 3205 4010 3433 4079; x_wconf 70' lang='lat' dir='ltr'><strong>quidem</strong></span> <span class='ocrx_word' id='word_1_662' title='bbox 3487 4012 3608 4081; x_wconf 89' lang='lat' dir='ltr'><strong>pri-</strong></span> 
     </span>
    </p>
   </div>
   <div class='ocr_carea' id='block_1_93' title="bbox 2021 4099 3613 4172">
    <p class='ocr_par' dir='ltr' id='par_1_93' title="bbox 2021 4099 3613 4172">
     <span class='ocr_line' id='line_1_93' title="bbox 2021 4099 3613 4172; baseline 0.003 -19"><span class='ocrx_word' id='word_1_663' title='bbox 2021 4115 2173 4154; x_wconf 91' lang='lat' dir='ltr'><strong>mum</strong></span> <span class='ocrx_word' id='word_1_664' title='bbox 2206 4099 2412 4155; x_wconf 85' lang='lat' dir='ltr'><strong>Christi</strong></span> <span class='ocrx_word' id='word_1_665' title='bbox 2443 4100 2542 4155; x_wconf 89' lang='lat' dir='ltr'><strong>Dei</strong></span> <span class='ocrx_word' id='word_1_666' title='bbox 2589 4102 2769 4156; x_wconf 88' lang='lat' dir='ltr'><strong>nostri</strong></span> <span class='ocrx_word' id='word_1_667' title='bbox 2817 4101 3118 4157; x_wconf 79' lang='lat' dir='ltr'><strong>adventum</strong></span> <span class='ocrx_word' id='word_1_668' title='bbox 3146 4102 3449 4171; x_wconf 86' lang='lat' dir='ltr'><strong>signiﬁcat;</strong></span> <span class='ocrx_word' id='word_1_669' title='bbox 3481 4117 3613 4172; x_wconf 90' lang='lat' dir='ltr'><strong>pro-</strong></span> 
     </span>
    </p>
   </div>
   <div class='ocr_carea' id='block_1_94' title="bbox 2020 4192 3611 4263">
    <p class='ocr_par' dir='ltr' id='par_1_94' title="bbox 2020 4192 3611 4263">
     <span class='ocr_line' id='line_1_94' title="bbox 2020 4192 3611 4263; baseline 0.003 -18"><span class='ocrx_word' id='word_1_670' title='bbox 2020 4192 2140 4262; x_wconf 89' lang='lat' dir='ltr'><strong>prie</strong></span> <span class='ocrx_word' id='word_1_671' title='bbox 2169 4206 2323 4257; x_wconf 89' lang='lat' dir='ltr'><strong>vero,</strong></span> <span class='ocrx_word' id='word_1_672' title='bbox 2369 4207 2510 4256; x_wconf 87' lang='lat' dir='ltr'><strong>eam,</strong></span> <span class='ocrx_word' id='word_1_673' title='bbox 2537 4208 2660 4261; x_wconf 65' lang='lat' dir='ltr'><strong>quae</strong></span> <span class='ocrx_word' id='word_1_674' title='bbox 2704 4208 2805 4262; x_wconf 90' lang='lat' dir='ltr'><strong>per</strong></span> <span class='ocrx_word' id='word_1_675' title='bbox 2839 4193 3020 4262; x_wconf 87' lang='lat' dir='ltr'><strong>ipsum</strong></span> <span class='ocrx_word' id='word_1_676' title='bbox 3050 4234 3065 4256; x_wconf 97' lang='lat'><strong>,</strong></span> <span class='ocrx_word' id='word_1_677' title='bbox 3101 4195 3333 4263; x_wconf 88' lang='lat' dir='ltr'><strong>ipsoque</strong></span> <span class='ocrx_word' id='word_1_678' title='bbox 3383 4195 3611 4263; x_wconf 83' lang='lat' dir='ltr'><strong>auspice</strong></span> 
     </span>
    </p>
   </div>
   <div class='ocr_carea' id='block_1_95' title="bbox 2020 4282 3610 4351">
    <p class='ocr_par' dir='ltr' id='par_1_95' title="bbox 2020 4282 3610 4351">
     <span class='ocr_line' id='line_1_95' title="bbox 2020 4282 3610 4351; baseline 0.001 -15"><span class='ocrx_word' id='word_1_679' title='bbox 2020 4290 2127 4347; x_wconf 90' lang='lat' dir='ltr'><strong>est,</strong></span> <span class='ocrx_word' id='word_1_680' title='bbox 2163 4297 2360 4336; x_wconf 89' lang='lat' dir='ltr'><strong>eorum</strong></span> <span class='ocrx_word' id='word_1_681' title='bbox 2402 4282 2501 4351; x_wconf 93' lang='lat' dir='ltr'><strong>qui</strong></span> <span class='ocrx_word' id='word_1_682' title='bbox 2548 4283 2618 4336; x_wconf 91' lang='lat' dir='ltr'><strong>ab</strong></span> <span class='ocrx_word' id='word_1_683' title='bbox 2656 4282 2989 4338; x_wconf 81' lang='lat' dir='ltr'><strong>inﬁdelitate</strong></span> <span class='ocrx_word' id='word_1_684' title='bbox 3020 4283 3089 4337; x_wconf 86' lang='lat' dir='ltr'><strong>ad</strong></span> <span class='ocrx_word' id='word_1_685' title='bbox 3122 4284 3382 4347; x_wconf 85' lang='lat' dir='ltr'><strong>ﬁdem,et</strong></span> <span class='ocrx_word' id='word_1_686' title='bbox 3407 4299 3438 4337; x_wconf 91' lang='lat' dir='ltr'><strong>a</strong></span> <span class='ocrx_word' id='word_1_687' title='bbox 3472 4284 3610 4338; x_wconf 87' lang='lat' dir='ltr'><strong>vitio</strong></span> 
     </span>
    </p>
   </div>
   <div class='ocr_carea' id='block_1_96' title="bbox 2022 4374 3610 4448">
    <p class='ocr_par' dir='ltr' id='par_1_96' title="bbox 2022 4374 3610 4448">
     <span class='ocr_line' id='line_1_96' title="bbox 2022 4374 3610 4448; baseline 0.001 -21"><span class='ocrx_word' id='word_1_688' title='bbox 2022 4374 2091 4427; x_wconf 90' lang='lat' dir='ltr'><strong>ad</strong></span> <span class='ocrx_word' id='word_1_689' title='bbox 2136 4374 2425 4439; x_wconf 84' lang='lat' dir='ltr'><strong>virtutem,</strong></span> <span class='ocrx_word' id='word_1_690' title='bbox 2461 4385 2628 4448; x_wconf 69' lang='lat' dir='ltr'><strong>atque</strong></span> <span class='ocrx_word' id='word_1_691' title='bbox 2651 4374 2720 4428; x_wconf 91' lang='lat' dir='ltr'><strong>ab</strong></span> <span class='ocrx_word' id='word_1_692' title='bbox 2743 4374 3053 4444; x_wconf 83' lang='lat' dir='ltr'><strong>ignorantia</strong></span> <span class='ocrx_word' id='word_1_693' title='bbox 3077 4374 3145 4428; x_wconf 89' lang='lat' dir='ltr'><strong>ad</strong></span> <span class='ocrx_word' id='word_1_694' title='bbox 3179 4375 3469 4428; x_wconf 85' lang='lat' dir='ltr'><strong>scientiam</strong></span> <span class='ocrx_word' id='word_1_695' title='bbox 3522 4374 3610 4428; x_wconf 43' lang='lat' dir='ltr'><strong>in.</strong></span> 
     </span>
    </p>
   </div>
   <div class='ocr_carea' id='block_1_97' title="bbox 1948 4463 2790 4550">
    <p class='ocr_par' dir='ltr' id='par_1_97' title="bbox 1948 4463 2790 4550">
     <span class='ocr_line' id='line_1_97' title="bbox 1948 4463 2790 4550; baseline -0.002 -33"><span class='ocrx_word' id='word_1_696' title='bbox 1948 4495 1994 4550; x_wconf 67' lang='grc' dir='ltr'><strong>Β</strong></span> <span class='ocrx_word' id='word_1_697' title='bbox 2024 4463 2312 4518; x_wconf 90' lang='lat' dir='ltr'><strong>ducuntur</strong></span> <span class='ocrx_word' id='word_1_698' title='bbox 2337 4465 2790 4519; x_wconf 87' lang='lat' dir='ltr'><strong>conversionem.</strong></span> 
     </span>
    </p>
   </div>
   <div class='ocr_carea' id='block_1_98' title="bbox 2093 4542 3612 4625">
    <p class='ocr_par' dir='ltr' id='par_1_98' title="bbox 2093 4542 3612 4625">
     <span class='ocr_line' id='line_1_98' title="bbox 2093 4542 3612 4625; baseline -0.001 -16"><span class='ocrx_word' id='word_1_699' title='bbox 2093 4555 2226 4621; x_wconf 66' lang='lat' dir='ltr'><strong>Quae</strong></span> <span class='ocrx_word' id='word_1_700' title='bbox 2254 4564 2437 4610; x_wconf 87' lang='lat' dir='ltr'><strong>autem</strong></span> <span class='ocrx_word' id='word_1_701' title='bbox 2467 4556 2537 4611; x_wconf 85' lang='lat' dir='ltr'><strong>ab</strong></span> <span class='ocrx_word' id='word_1_702' title='bbox 2576 4571 2645 4611; x_wconf 92' lang='lat' dir='ltr'><strong>eo</strong></span> <span class='ocrx_word' id='word_1_703' title='bbox 2673 4562 2986 4625; x_wconf 87' lang='lat' dir='ltr'><strong>sequuntur</strong></span> <span class='ocrx_word' id='word_1_704' title='bbox 3022 4554 3312 4619; x_wconf 89' lang='lat' dir='ltr'><strong>lectiones,</strong></span> <span class='ocrx_word' id='word_1_705' title='bbox 3337 4542 3612 4625; x_wconf 42' lang='lat' dir='ltr'><strong>generalia</strong></span> 
     </span>
    </p>
   </div>
   <div class='ocr_carea' id='block_1_99' title="bbox 2018 4643 3607 4714">
    <p class='ocr_par' dir='ltr' id='par_1_99' title="bbox 2018 4643 3607 4714">
     <span class='ocr_line' id='line_1_99' title="bbox 2018 4643 3607 4714; baseline 0.001 -15"><span class='ocrx_word' id='word_1_706' title='bbox 2018 4654 2106 4699; x_wconf 84' lang='lat' dir='ltr'><strong>ter</strong></span> <span class='ocrx_word' id='word_1_707' title='bbox 2135 4645 2360 4714; x_wconf 87' lang='lat' dir='ltr'><strong>quidem</strong></span> <span class='ocrx_word' id='word_1_708' title='bbox 2378 4644 2597 4700; x_wconf 90' lang='lat' dir='ltr'><strong>divinas</strong></span> <span class='ocrx_word' id='word_1_709' title='bbox 2612 4646 2928 4700; x_wconf 86' lang='lat' dir='ltr'><strong>voluntates</strong></span> <span class='ocrx_word' id='word_1_710' title='bbox 2956 4655 3014 4700; x_wconf 88' lang='lat' dir='ltr'><strong>et</strong></span> <span class='ocrx_word' id='word_1_711' title='bbox 3040 4643 3268 4699; x_wconf 90' lang='lat' dir='ltr'><strong>consilia</strong></span> <span class='ocrx_word' id='word_1_712' title='bbox 3293 4644 3607 4714; x_wconf 88' lang='lat' dir='ltr'><strong>designant,</strong></span> 
     </span>
    </p>
   </div>
   <div class='ocr_carea' id='block_1_100' title="bbox 2015 4738 3608 4807">
    <p class='ocr_par' dir='ltr' id='par_1_100' title="bbox 2015 4738 3608 4807">
     <span class='ocr_line' id='line_1_100' title="bbox 2015 4738 3608 4807; baseline 0 -15"><span class='ocrx_word' id='word_1_713' title='bbox 2015 4753 2085 4792; x_wconf 81' lang='lat' dir='ltr'><strong>ex</strong></span> <span class='ocrx_word' id='word_1_714' title='bbox 2120 4752 2358 4807; x_wconf 90' lang='lat' dir='ltr'><strong>quorum</strong></span> <span class='ocrx_word' id='word_1_715' title='bbox 2389 4738 2606 4793; x_wconf 88' lang='lat' dir='ltr'><strong>ratione</strong></span> <span class='ocrx_word' id='word_1_716' title='bbox 2629 4753 2857 4794; x_wconf 87' lang='lat' dir='ltr'><strong>necesse</strong></span> <span class='ocrx_word' id='word_1_717' title='bbox 2891 4747 2999 4803; x_wconf 87' lang='lat' dir='ltr'><strong>est,</strong></span> <span class='ocrx_word' id='word_1_718' title='bbox 3031 4750 3095 4795; x_wconf 88' lang='lat' dir='ltr'><strong>ut</strong></span> <span class='ocrx_word' id='word_1_719' title='bbox 3124 4754 3321 4794; x_wconf 88' lang='lat' dir='ltr'><strong>omnes</strong></span> <span class='ocrx_word' id='word_1_720' title='bbox 3342 4738 3608 4793; x_wconf 81' lang='lat' dir='ltr'><strong>erudian-</strong></span> 
     </span>
    </p>
   </div>
   <div class='ocr_carea' id='block_1_101' title="bbox 2016 4828 3607 4900">
    <p class='ocr_par' dir='ltr' id='par_1_101' title="bbox 2016 4828 3607 4900">
     <span class='ocr_line' id='line_1_101' title="bbox 2016 4828 3607 4900; baseline 0.001 -17"><span class='ocrx_word' id='word_1_721' title='bbox 2016 4838 2110 4883; x_wconf 83' lang='lat' dir='ltr'><strong>tur</strong></span> <span class='ocrx_word' id='word_1_722' title='bbox 2138 4829 2420 4898; x_wconf 86' lang='lat' dir='ltr'><strong>vitamque</strong></span> <span class='ocrx_word' id='word_1_723' title='bbox 2444 4828 2774 4893; x_wconf 88' lang='lat' dir='ltr'><strong>instituant;</strong></span> <span class='ocrx_word' id='word_1_724' title='bbox 2807 4831 3032 4900; x_wconf 89' lang='lat' dir='ltr'><strong>proprie</strong></span> <span class='ocrx_word' id='word_1_725' title='bbox 3060 4839 3268 4893; x_wconf 89' lang='lat' dir='ltr'><strong>autem,</strong></span> <span class='ocrx_word' id='word_1_726' title='bbox 3295 4845 3488 4885; x_wconf 89' lang='lat' dir='ltr'><strong>eorum</strong></span> <span class='ocrx_word' id='word_1_727' title='bbox 3511 4829 3607 4899; x_wconf 88' lang='lat' dir='ltr'><strong>qui</strong></span> 
     </span>
    </p>
   </div>
   <div class='ocr_carea' id='block_1_102' title="bbox 2018 4921 3605 4993">
    <p class='ocr_par' dir='ltr' id='par_1_102' title="bbox 2018 4921 3605 4993">
     <span class='ocr_line' id='line_1_102' title="bbox 2018 4921 3605 4993; baseline -0.001 -17"><span class='ocrx_word' id='word_1_728' title='bbox 2018 4921 2380 4976; x_wconf 88' lang='lat' dir='ltr'><strong>crediderunt</strong></span> <span class='ocrx_word' id='word_1_729' title='bbox 2406 4921 2534 4976; x_wconf 88' lang='lat' dir='ltr'><strong>ﬁdei</strong></span> <span class='ocrx_word' id='word_1_730' title='bbox 2563 4922 2873 4977; x_wconf 82' lang='lat' dir='ltr'><strong>doctrinam</strong></span> <span class='ocrx_word' id='word_1_731' title='bbox 2902 4931 3074 4993; x_wconf 90' lang='lat' dir='ltr'><strong>atque</strong></span> <span class='ocrx_word' id='word_1_732' title='bbox 3116 4921 3461 4992; x_wconf 86' lang='lat' dir='ltr'><strong>profectum;</strong></span> <span class='ocrx_word' id='word_1_733' title='bbox 3489 4928 3605 4975; x_wconf 90' lang='lat' dir='ltr'><strong>tum</strong></span> 
     </span>
    </p>
   </div>
   <div class='ocr_carea' id='block_1_103' title="bbox 2018 5012 3608 5084">
    <p class='ocr_par' dir='ltr' id='par_1_103' title="bbox 2018 5012 3608 5084">
     <span class='ocr_line' id='line_1_103' title="bbox 2018 5012 3608 5084; baseline 0 -17"><span class='ocrx_word' id='word_1_734' title='bbox 2018 5013 2231 5068; x_wconf 88' lang='lat' dir='ltr'><strong>scilicet</strong></span> <span class='ocrx_word' id='word_1_735' title='bbox 2257 5029 2472 5078; x_wconf 90' lang='lat' dir='ltr'><strong>eorum,</strong></span> <span class='ocrx_word' id='word_1_736' title='bbox 2503 5014 2600 5084; x_wconf 91' lang='lat' dir='ltr'><strong>qui</strong></span> <span class='ocrx_word' id='word_1_737' title='bbox 2629 5015 2907 5071; x_wconf 89' lang='lat' dir='ltr'><strong>actionem</strong></span> <span class='ocrx_word' id='word_1_738' title='bbox 2938 5015 3150 5079; x_wconf 90' lang='lat' dir='ltr'><strong>colunt,</strong></span> <span class='ocrx_word' id='word_1_739' title='bbox 3196 5013 3409 5069; x_wconf 87' lang='lat' dir='ltr'><strong>ﬁrmam</strong></span> <span class='ocrx_word' id='word_1_740' title='bbox 3431 5012 3608 5067; x_wconf 82' lang='lat' dir='ltr'><strong>virtu-</strong></span> 
     </span>
    </p>
   </div>
   <div class='ocr_carea' id='block_1_104' title="bbox 2018 5101 3603 5174">
    <p class='ocr_par' dir='ltr' id='par_1_104' title="bbox 2018 5101 3603 5174">
     <span class='ocr_line' id='line_1_104' title="bbox 2018 5101 3603 5174; baseline 0.003 -20"><span class='ocrx_word' id='word_1_741' title='bbox 2018 5102 2089 5157; x_wconf 91' lang='lat' dir='ltr'><strong>tis</strong></span> <span class='ocrx_word' id='word_1_742' title='bbox 2111 5101 2561 5173; x_wconf 89' lang='lat' dir='ltr'><strong>dispositionem;</strong></span> <span class='ocrx_word' id='word_1_743' title='bbox 2594 5120 2728 5174; x_wconf 91' lang='lat' dir='ltr'><strong>qua,</strong></span> <span class='ocrx_word' id='word_1_744' title='bbox 2745 5105 2988 5159; x_wconf 89' lang='lat' dir='ltr'><strong>divinam</strong></span> <span class='ocrx_word' id='word_1_745' title='bbox 3015 5107 3409 5160; x_wconf 81' lang='lat' dir='ltr'><strong>mandatorum</strong></span> <span class='ocrx_word' id='word_1_746' title='bbox 3429 5103 3603 5171; x_wconf 85' lang='lat' dir='ltr'><strong>legem</strong></span> 
     </span>
    </p>
   </div>
   <div class='ocr_carea' id='block_1_105' title="bbox 2015 5192 3603 5264">
    <p class='ocr_par' dir='ltr' id='par_1_105' title="bbox 2015 5192 3603 5264">
     <span class='ocr_line' id='line_1_105' title="bbox 2015 5192 3603 5264; baseline -0.001 -19"><span class='ocrx_word' id='word_1_747' title='bbox 2015 5199 2309 5256; x_wconf 89' lang='lat' dir='ltr'><strong>sectantes,</strong></span> <span class='ocrx_word' id='word_1_748' title='bbox 2333 5194 2481 5247; x_wconf 85' lang='lat' dir='ltr'><strong>virili</strong></span> <span class='ocrx_word' id='word_1_749' title='bbox 2507 5194 2854 5264; x_wconf 88' lang='lat' dir='ltr'><strong>infractaque</strong></span> <span class='ocrx_word' id='word_1_750' title='bbox 2872 5194 3182 5249; x_wconf 86' lang='lat' dir='ltr'><strong>constantia</strong></span> <span class='ocrx_word' id='word_1_751' title='bbox 3197 5193 3460 5248; x_wconf 87' lang='lat' dir='ltr'><strong>adversus</strong></span> <span class='ocrx_word' id='word_1_752' title='bbox 3483 5192 3603 5246; x_wconf 89' lang='lat' dir='ltr'><strong>dia-</strong></span> 
     </span>
    </p>
   </div>
   <div class='ocr_carea' id='block_1_106' title="bbox 2015 5280 3605 5356">
    <p class='ocr_par' dir='ltr' id='par_1_106' title="bbox 2015 5280 3605 5356">
     <span class='ocr_line' id='line_1_106' title="bbox 2015 5280 3605 5356; baseline 0.002 -21"><span class='ocrx_word' id='word_1_753' title='bbox 2015 5280 2127 5335; x_wconf 87' lang='lat' dir='ltr'><strong>boli</strong></span> <span class='ocrx_word' id='word_1_754' title='bbox 2164 5283 2395 5339; x_wconf 89' lang='lat' dir='ltr'><strong>insidias</strong></span> <span class='ocrx_word' id='word_1_755' title='bbox 2424 5286 2757 5349; x_wconf 88' lang='lat' dir='ltr'><strong>consistunt,</strong></span> <span class='ocrx_word' id='word_1_756' title='bbox 2788 5301 3095 5356; x_wconf 88' lang='lat' dir='ltr'><strong>eorumque</strong></span> <span class='ocrx_word' id='word_1_757' title='bbox 3118 5285 3389 5341; x_wconf 86' lang='lat' dir='ltr'><strong>occultam</strong></span> <span class='ocrx_word' id='word_1_758' title='bbox 3412 5283 3522 5337; x_wconf 83' lang='lat' dir='ltr'><strong>vim</strong></span> <span class='ocrx_word' id='word_1_759' title='bbox 3539 5298 3605 5338; x_wconf 84' lang='lat' dir='ltr'><strong>ao</strong></span> 
     </span>
    </p>
   </div>
   <div class='ocr_carea' id='block_1_107' title="bbox 2020 5373 3604 5447">
    <p class='ocr_par' dir='ltr' id='par_1_107' title="bbox 2020 5373 3604 5447">
     <span class='ocr_line' id='line_1_107' title="bbox 2020 5373 3604 5447; baseline -0.001 -19"><span class='ocrx_word' id='word_1_760' title='bbox 2020 5375 2340 5432; x_wconf 89' lang='lat' dir='ltr'><strong>molitiones</strong></span> <span class='ocrx_word' id='word_1_761' title='bbox 2350 5382 2549 5433; x_wconf 89' lang='lat' dir='ltr'><strong>cavent</strong></span> <span class='ocrx_word' id='word_1_762' title='bbox 2564 5385 2730 5447; x_wconf 90' lang='lat' dir='ltr'><strong>atque</strong></span> <span class='ocrx_word' id='word_1_763' title='bbox 2747 5376 2997 5447; x_wconf 85' lang='lat' dir='ltr'><strong>fugiunt;</strong></span> <span class='ocrx_word' id='word_1_764' title='bbox 3017 5385 3132 5431; x_wconf 90' lang='lat' dir='ltr'><strong>tum</strong></span> <span class='ocrx_word' id='word_1_765' title='bbox 3150 5391 3283 5431; x_wconf 88' lang='lat' dir='ltr'><strong>vero</strong></span> <span class='ocrx_word' id='word_1_766' title='bbox 3300 5375 3395 5445; x_wconf 89' lang='lat' dir='ltr'><strong>qui</strong></span> <span class='ocrx_word' id='word_1_767' title='bbox 3420 5373 3604 5429; x_wconf 86' lang='lat' dir='ltr'><strong>scien-</strong></span> 
     </span>
    </p>
   </div>
   <div class='ocr_carea' id='block_1_108' title="bbox 2022 5451 3606 5538">
    <p class='ocr_par' dir='ltr' id='par_1_108' title="bbox 2022 5451 3606 5538">
     <span class='ocr_line' id='line_1_108' title="bbox 2022 5451 3606 5538; baseline -0.002 -19"><span class='ocrx_word' id='word_1_768' title='bbox 2022 5466 2156 5521; x_wconf 88' lang='lat' dir='ltr'><strong>tiam</strong></span> <span class='ocrx_word' id='word_1_769' title='bbox 2193 5467 2387 5523; x_wconf 86' lang='lat' dir='ltr'><strong>colunt</strong></span> <span class='ocrx_word' id='word_1_770' title='bbox 2424 5468 2760 5538; x_wconf 86' lang='lat' dir='ltr'><strong>studentque</strong></span> <span class='ocrx_word' id='word_1_771' title='bbox 2817 5466 3145 5538; x_wconf 63' lang='lat' dir='ltr'><strong>sapientiae,</strong></span> <span class='ocrx_word' id='word_1_772' title='bbox 3186 5451 3606 5535; x_wconf 51' lang='lat' dir='ltr'><strong>contemplatio.</strong></span> 
     </span>
    </p>
   </div>
   <div class='ocr_carea' id='block_1_109' title="bbox 1567 5615 2238 5675">
    <p class='ocr_par' dir='ltr' id='par_1_109' title="bbox 1567 5615 2238 5675">
     <span class='ocr_line' id='line_1_109' title="bbox 1567 5615 2238 5675; baseline 0.003 -2"><span class='ocrx_word' id='word_1_773' title='bbox 1567 5615 1800 5673; x_wconf 69' lang='lat' dir='ltr'><strong>VARIIE</strong></span> <span class='ocrx_word' id='word_1_774' title='bbox 1838 5616 2238 5675; x_wconf 84' lang='lat' dir='ltr'><strong>LECTIONES.</strong></span> 
     </span>
    </p>
   </div>
   <div class='ocr_carea' id='block_1_110' title="bbox 393 5727 1141 5801">
    <p class='ocr_par' dir='ltr' id='par_1_110' title="bbox 393 5727 1141 5801">
     <span class='ocr_line' id='line_1_110' title="bbox 393 5727 1141 5801; baseline 0.008 -22"><span class='ocrx_word' id='word_1_775' title='bbox 393 5727 446 5761; x_wconf 77' lang='grc' dir='ltr'><strong>ιι</strong></span> <span class='ocrx_word' id='word_1_776' title='bbox 482 5728 754 5801; x_wconf 77' lang='grc' dir='ltr'>μεταλήψ.</span> <span class='ocrx_word' id='word_1_777' title='bbox 787 5745 837 5786; x_wconf 93' lang='lat' dir='ltr'><strong>c.</strong></span> <span class='ocrx_word' id='word_1_778' title='bbox 872 5731 938 5785; x_wconf 85' lang='lat' dir='ltr'><strong>A.</strong></span> <span class='ocrx_word' id='word_1_779' title='bbox 970 5740 1027 5786; x_wconf 89' lang='lat' dir='ltr'><strong>et</strong></span> <span class='ocrx_word' id='word_1_780' title='bbox 1050 5731 1141 5786; x_wconf 86' lang='lat' dir='ltr'><strong>Fr.</strong></span> 
     </span>
    </p>
   </div>
  </div>
