4094 6368
522 327 625 388 707

1718 317 1778 375 S.
1824 316 2113 377 ΜΑΧΙΜΙ
2151 317 2661 379 CONFESSORIS

3692 323 3814 390 708

523 438 609 490 nis
636 430 921 495 habitum;
949 429 1108 499 cujus
1147 430 1404 491 munere,
1438 441 1624 482 rerum
1671 426 1727 480 in
1754 440 1978 480 sensum
2012 441 2108 481 ca-

2223 430 2361 491 νοίας
2405 432 2810 495 πνευματικοὺς
2860 432 3000 485 κατὰ
3039 431 3268 502 δύναμιν
3310 433 3693 506 συλλεγόμενοι
3717 436 3816 491 λό-

522 524 773 580 dentium
806 519 1184 591 spiritalisque
1220 518 1277 571 in
1321 516 1425 572 eis.
1449 515 1813 586 providentia:
1859 516 2108 569 rationes

523 617 866 687 colligentes,
898 614 1110 683 absque
1145 625 1340 667 errore
1375 609 1443 665 ad
1472 595 1763 664 veritatem
1788 615 2047 663 currunt.

591 708 800 762 Divinas
816 713 1003 761 autem
1031 704 1376 759 canticorum
1403 700 1835 764 modulationes,
1858 699 2109 754 divinam

519 799 923 873 iucunditatem
955 812 1020 851 ac
1056 797 1398 865 voluptatem
1433 794 1678 849 omnium
1709 791 1909 846 animis
1945 791 2110 844 inna-

525 902 767 947 scentem
784 908 799 956 ;
819 906 927 959 qua
945 889 1169 961 mystice
1193 886 1457 950 roborati,
1477 884 1826 954 superiorum
1855 881 2111 937 omnium

525 983 685 1054 521
717 982 942 1036 virtutis
970 981 1122 1035 cultu
1150 979 1400 1033 laborum
1423 976 1760 1031 oblivionem
1796 982 2111 1043 sumentes,

525 1077 595 1129 ad
628 1089 819 1130 eorum
846 1088 968 1142 quae
999 1073 1209 1141 reliqua
1240 1080 1391 1134 sunt,
1420 1069 1737 1124 divinorum
1771 1064 2112 1133 incorrupti-

527 1168 832 1235 biliumque
867 1167 1138 1219 bonorum
1189 1164 1490 1217 vehemens
1546 1168 1987 1227 contentumque
2016 1171 2115 1211 ve-

524 1260 636 1330 geti
672 1274 734 1312 ac
754 1260 967 1311 alacres
994 1255 1378 1311 accenduntur
1410 1251 1772 1308 desiderium.

598 1351 856 1406 Sanctum
897 1359 1082 1402 autem
1113 1347 1489 1416 Evangelium.
1522 1343 1853 1414 generaliter
1884 1340 2117 1411 quidem

525 1444 689 1513 hujus
731 1442 917 1497 sreculi
965 1439 1455 1495 consummationis
1484 1446 1569 1491 est
1598 1436 1939 1507 symbolum;
1980 1449 2115 1504 pro-

521 1535 641 1603 prie
670 1549 821 1596 vero,
850 1548 1045 1586 eorum
1068 1532 1163 1601 qui
1186 1530 1562 1591 crediderunt,
1588 1527 1827 1598 perfecte
1849 1525 2116 1595 omnique

518 1643 589 1682 ex
616 1635 768 1695 parte
793 1625 1005 1694 antiqui
1033 1624 1238 1677 erroris
1267 1620 1623 1677 abolitionem
1655 1619 1935 1689 designat;
1970 1627 2120 1671 tum-

518 1733 625 1788 que
675 1732 865 1771 eorum
907 1716 1004 1785 qui
1047 1715 1323 1770 actionem
1361 1714 1573 1778 colunt,
1606 1710 2116 1775 mortiﬁcationem,

517 1807 761 1878 legisque
793 1824 857 1862 ac
887 1823 1083 1863 sensus
1113 1807 1322 1873 carnis,
1355 1821 1452 1861 seu
1494 1805 1613 1875 ejus
1639 1802 1949 1874 prudentiae
1976 1817 2116 1857 con-

518 1900 973 1964 summationem;
1007 1908 1123 1954 tum
1161 1914 1357 1953 eorum
1390 1898 1486 1967 qui
1525 1896 1851 1967 sapientiam
1881 1910 1947 1950 ac
1979 1909 2118 1950 con-

521 1993 958 2061 templationem,
989 1992 1233 2061 plurium
1265 2005 1330 2045 ac
1370 1990 1716 2061 diversarum
1746 1987 2023 2042 rationum
2062 1986 2121 2040 in

521 2082 915 2151 amplissfmam
950 2097 1114 2135 unam
1162 2079 1495 2148 maximique
1526 2077 1771 2133 ambitus
1817 2077 2118 2142 rationem,

523 2174 916 2227 coercitionem
968 2188 1034 2227 ac
1081 2171 1441 2237 relationem;
1493 2185 1693 2239 nempe
1738 2176 2121 2224 consummata

2212 540 2362 591 γους.
2400 523 2656 588 ἀπλανῶς
2690 525 2828 595 πρὸς
2857 525 2955 595 τὴν
2982 525 3239 594 ἀλήθειαν
3268 526 3543 597 φέρονται.

2285 700 2367 754 Τά
2413 701 2471 755 δὲ
2527 701 2650 755 θεῖα
2703 701 2812 755 τῶν
2851 703 3113 773 ᾀσμάτων
3142 701 3473 774 μελίσματα,
3516 703 3621 775 τὴν
3645 703 3815 773 ἔγγι-

2216 790 2454 862 νομένην
2503 795 2627 856 ταῖς
2669 793 2928 847 ἀπάντων
2945 793 2991 824 ⁵⁸
3041 791 3243 862 ψυχαῖς
3290 792 3441 846 θείαν
3473 792 3671 865 ἡδονὴν
3712 793 3816 847 καὶ

2217 884 2582 955 τερπνὸτηταο
2619 884 2742 937 καθ’
2766 884 2833 956 ἣν
2864 885 3144 955 μυστικῶς
3176 884 3541 955 ρωννύμεναι,
3563 883 3676 938 τῶν
3707 883 3816 954 μὲν

2216 974 2610 1046 παρελθόντων
2660 976 2759 1046 τῆς
2820 976 3021 1048 ἀρετῆς
3070 976 3521 1031 ἐπιλανθάνονται
3574 978 3761 1029 πόνων
3793 992 3810 1005 ·

2217 1070 2355 1140 πρὸς
2401 1068 2459 1122 δὲ
2510 1068 2609 1140 τὴν
2656 1069 2768 1123 τῶν
2806 1069 3145 1139 λειπομένων
3179 1070 3340 1126 θείων
3384 1072 3479 1127 καὶ
3506 1072 3816 1144 ἀκηράτων

2218 1160 2463 1231 ἀγαθῶν,
2501 1162 2755 1227 νεάζουσι
2785 1162 3000 1216 εὔτονον
3032 1163 3236 1232 ἔφεσιν.

2289 1340 2363 1393 Τὸ
2418 1340 2475 1393 δὲ
2534 1340 2686 1409 ἅγιον
2740 1341 3095 1409 Εὐαγγέλιον.
3136 1343 3369 1411 γενικῶς
3398 1345 3494 1414 μὲν
3533 1344 3816 1415 σύμὸολόν

2219 1431 2333 1482 ἐστι
2379 1429 2477 1499 τῆς
2531 1430 2842 1494 συντελείας
2888 1431 2983 1484 τοῦ
3011 1430 3208 1491 αἰῶνος
3238 1433 3429 1486 τούτου
3460 1449 3475 1463 ’
3511 1433 3699 1499 ίδικῶς
3722 1435 3813 1506 δὲ,

2219 1522 2328 1576 τῶν
2381 1522 2481 1593 μὲν
2540 1523 2955 1576 πιστευσάντων
3001 1524 3155 1593 δηλοῖ
3181 1525 3272 1578 τὸν
3300 1526 3542 1597 παντελῆ
3572 1527 3674 1599 τῆς
3712 1529 3818 1600 ἀρ-

2219 1612 2381 1681 χαίας
2418 1612 2626 1682 πλάνης
2653 1613 2960 1684 ἀφανισμόν
2992 1630 3007 1648 ·
3042 1615 3151 1668 τῶν
3190 1616 3247 1669 δὲ
3308 1617 3652 1687 πρακτικῶν,
3710 1619 3816 1690 τὴν

2221 1705 2487 1774 νέκρωσιν
2538 1706 2633 1759 καὶ
2684 1707 3000 1762 συντέλειαν
3028 1709 3126 1762 τοῦ
3172 1708 3316 1763 κατά
3339 1710 3520 1781 σάρκα
3546 1710 3717 1781 νόμου
3751 1729 3817 1764 τε

2219 1799 2313 1851 καὶ
2347 1800 2694 1869 φρονήματος
2728 1816 2743 1831 ·
2776 1800 2888 1853 τῶν
2909 1799 2969 1853 δὲ
2997 1800 3338 1870 γνωστικῶν,
3367 1803 3467 1873 τὴν
3525 1803 3664 1873 πρὸς
3719 1803 3818 1857 τὴν

2221 1891 2689 1944 συνεκτικώτατον
2741 1892 2899 1961 λόγον
2954 1891 3065 1947 τῶν
3122 1892 3337 1946 πολλῶν
3388 1893 3483 1947 καὶ
3531 1892 3817 1964 διαφόρων

2219 1980 2393 2050 λόγων
2447 1981 2774 2052 συναγωγήν
2805 2000 2866 2036 τε
2894 1983 2989 2038 καὶ
3014 1984 3319 2054 ἀναφορὰν,
3361 1983 3821 2055 συντελεσθείσης

2221 2078 2402 2141 αὐτοῖς
2458 2077 2554 2130 καί⁷
2606 2077 3023 2150 περατωθείσης
3075 2078 3177 2149 ’τῆς
3226 2074 3670 2148 διεξοδικωτέρας
3719 2079 3820 2131 καὶ

2223 2169 2615 2241 ποικιλωτέρας
2647 2173 2883 2242 φυσικῆς
2907 2171 3161 2243 θεωρίας.

523 2266 634 2321 illis
663 2278 930 2336 nactaque
966 2269 1286 2335 terminum,
1312 2279 1434 2335 quae
1478 2264 1654 2319 fusior
1680 2263 2013 2333 expatiatur,
2046 2277 2115 2318 ac
2149 2266 2320 2337 magis
2386 2267 2537 2323 varia
2598 2276 2704 2333 est,
2744 2267 2982 2323 naturali
3010 2267 3473 2337 contemplatione
3505 2282 3571 2322 ac
3612 2281 3820 2336 specu-

522 2363 747 2417 latione.

590 2455 872 2509 Pontiﬁcis
918 2462 1103 2509 autem
1134 2469 1164 2507 e
1198 2453 1329 2507 sede
1377 2452 1712 2517 descensus,
1752 2468 1816 2507 ac
1856 2451 2122 2507 catechu-

520 2562 809 2600 menorum
835 2546 1052 2616 cjcctio,
1084 2545 1419 2614 generaliter
1447 2543 1672 2613 quidem
1704 2543 1998 2614 signiﬁcat,
2029 2557 2123 2597 se-

519 2637 761 2691 cundum
794 2638 974 2707 magni
1011 2637 1105 2690 Dei
1138 2652 1201 2691 ac
1227 2636 1526 2691 Salvatoris
1552 2635 1728 2692 nostri
1753 2635 1880 2690 .lesu
1905 2635 2122 2691 Christi

484 2782 491 2788 ,
518 2742 549 2780 e
574 2729 731 2782 cmlis
755 2727 1078 2791 adventum,
1112 2742 1175 2781 ac
1199 2735 1554 2795 peccatorum
1585 2742 1617 2779 a
1640 2726 1845 2780 sanctis
1869 2740 2124 2796 segrega-

520 2820 750 2884 tionem,
800 2820 1117 2889 jnstamque
1167 2833 1266 2887 pro
1311 2819 1579 2889 cujusque
1628 2817 1840 2872 meritis
1872 2818 2124 2872 retribu-

521 2910 757 2975 tionem;
792 2909 1010 2979 proprie
1047 2918 1253 2973 autem,
1289 2909 1591 2976 perfectam
1640 2923 1835 2963 eorum
1865 2909 1961 2977 qui
1993 2923 2123 2963 cre-

520 3001 780 3055 diderunt
803 3001 859 3054 in
896 3002 1001 3055 ﬁde
1028 2999 1441 3064 ccrtitudinem,
1471 3015 1639 3069 quam
1684 2999 1816 3054 facit
1863 3001 2011 3055 Deus
2057 3013 2124 3053 ac

2307 2450 2371 2504 Ἠ
2399 2451 2456 2504 δὲ
2483 2452 2576 2506 τοῦ
2607 2452 2912 2523 ἀρχιερέως
2942 2452 3050 2505 ἀπὸ
3105 2452 3199 2505 τοῦ
3247 2451 3439 2523 θρόνου
3479 2453 3813 2519 κατάϐασις,
3838 2477 3847 2484 τ

2226 2544 2319 2596 καὶ
2366 2546 2400 2611 ἡ
2451 2544 2559 2598 τῶν
2586 2543 3017 2615 κατηχουμένων
3060 2543 3280 2613 ἐκϐολὴ,
3309 2543 3544 2611 γενικῶς
3574 2546 3675 2614 μὲν
3711 2563 3815 2614 σηο

2227 2634 2411 2702 μαίνει
2445 2635 2542 2705 τὴν
2570 2635 2664 2688 ἀπ’
2695 2633 2929 2707 οὐρανοῦ
2953 2634 3225 2705 δευτέραν
3261 2634 3356 2688 τοῦ
3390 2635 3630 2706 μεγάλου
3672 2636 3814 2690 Θεοῦ

2225 2729 2319 2781 καὶ
2347 2728 2598 2799 Σωτῆρος
2624 2726 2784 2797 ἡμῶν
2844 2726 3021 2796 Ἰησοῦ
3060 2726 3298 2798 Χριστοῦ
3345 2727 3671 2797 παρουσίαν,
3720 2729 3815 2781 καὶ

2222 2818 2313 2872 τὸν
2356 2817 2463 2872 ἀπὸ
2492 2818 2600 2872 τῶν
2631 2818 2805 2886 ἀγίων
2832 2817 3139 2889 ἀφορισμὺν
3162 2816 3271 2871 τῶν
3301 2816 3648 2888 ἁμαρτωλῶν
3674 2833 3689 2848 ·
3718 2819 3815 2871 καὶ

2221 2909 2322 2978 τὴν
2352 2908 2742 2981 δικαίαννπρδς
2789 2909 2889 2979 τὴν
2920 2909 3154 2963 ἑκάστου
3189 2907 3348 2972 ἀξίαν
3375 2908 3612 2980 ἀμοιϐήν
3646 2924 3660 2939 ο
3718 2908 3816 2962 l8:-

2224 2997 2333 3060 κῶς
2357 2998 2435 3059 δὲ,
2462 2996 2560 3068 τὴν
2591 2996 2808 3050 τελείαν
2843 2999 2902 3049 ὲν
2947 2996 3130 3050 πίστει
3160 2995 3272 3050 τῶν
3310 2996 3723 3051 πιστευσάντων
3763 2996 3813 3028 ⁵⁷

520 3092 762 3145 Verbum
811 3091 1076 3145 invisibili
1124 3092 1336 3145 ratione
1383 3090 1714 3155 adveniens;
1766 3106 1866 3159 per
1909 3103 2117 3159 quam,

2223 3087 2619 3160 πληροφορίαν,
2682 3089 2748 3158 ἣν
2808 3091 2956 3140 ποιεῖ
3000 3088 3438 3158 παραγινόμενος
3485 3087 3736 3159 ἀοράτως
3780 3089 3815 3141 6

520 3184 701 3238 omnis
737 3183 848 3235 ullo
893 3182 1058 3236 modo
1106 3180 1425 3236 claudicans
1459 3181 1517 3235 in
1562 3181 1671 3235 ﬁde
1725 3182 1923 3252 (instar
1961 3189 2120 3235 cale-

521 3273 804 3341 chumeni)
832 3273 1092 3343 cogitatio
1136 3285 1303 3342 atque
1349 3273 1489 3327 ratio
1532 3273 1603 3328 ab
1634 3273 1717 3327 eis
1762 3272 2061 3341 expellitur
2101 3288 2119 3326 ι

520 3381 712 3421 eorum
755 3375 936 3421 autem
986 3367 1083 3436 qui
1116 3366 1305 3420 colunt
1339 3366 1636 3431 actionem,
1667 3364 1966 3434 perfectam
2010 3365 2121 3419 im-

523 3458 833 3527 perturbati
864 3458 1037 3512 animi
1084 3456 1560 3527 tranquillitatem,
1590 3472 1689 3526 per
1718 3450 1880 3526 quam
1926 3454 2121 3511 libidi-

524 3566 657 3604 nosa
706 3551 908 3614 omnis,
966 3567 1069 3605 nec
1126 3550 1532 3605 illuminatione
1572 3549 1772 3604 donata
1831 3549 2119 3619 cogitatio,

522 3644 591 3698 ab
632 3644 813 3699 anima
856 3643 1112 3708 decedit;
1145 3658 1343 3697 eorum
1383 3658 1515 3697 vero
1545 3642 1640 3711 qui
1687 3640 2017 3711 sapientiam
2056 3653 2124 3693 ac

523 3736 1066 3806 contemplationem,
1097 3726 1352 3789 altiorem
1401 3733 1622 3804 cognita
1654 3732 1941 3801 complexu
1986 3745 2124 3786 con-

525 3826 791 3878 tinentem
829 3825 1139 3887 scientiam,
1177 3824 1337 3892 cujus
1361 3837 1592 3877 munere
1622 3837 1686 3876 ac
1712 3823 1835 3876 luce
1870 3829 2126 3875 terreno-

525 3929 645 3967 rum
679 3914 977 3969 simulacra
1001 3914 1187 3968 omnia
1210 3915 1279 3968 ab
1309 3915 1490 3968 anima
1517 3913 1828 3983 diffugiant.

593 4004 756 4070 Quod
812 4013 997 4059 autem
1061 4005 1395 4059 clauduntur
1458 4004 1628 4068 fores,
1692 4011 2126 4071 sanctorumque

523 4096 911 4165 mysterion
950 4097 1252 4166 ingressus,
1289 4111 1505 4150 necnon
1560 4094 1811 4148 divinum
1843 4094 2121 4157 osculum,

522 4201 587 4241 ac
631 4186 876 4256 Symboli
923 4187 1053 4242 ﬁdei
1101 4186 1464 4252 exclamatio,
1519 4185 1850 4256 generaliter
1891 4184 2125 4255 quidem

521 4276 850 4347 signiﬁcant,
876 4278 1157 4347 praeterire
1192 4293 1316 4348 qua:
1345 4278 1402 4332 in
1432 4292 1655 4333 sensum
1685 4275 1909 4343 cadunt,
1939 4289 2125 4346 eaque

520 4369 921 4425 manifestanda
943 4386 1064 4442 qua:
1090 4380 1276 4426 mente
1311 4370 1731 4441 intelliguntur;
1757 4384 1956 4424 novam
1981 4370 2121 4424 item

2222 3178 2355 3243 Θεὸς
2399 3180 2493 3233 καὶ
2530 3179 2704 3247 Λόγος
2735 3195 2751 3210 ·
2786 3178 2855 3232 δι’
2888 3174 2956 3251 ἧς
2986 3181 3095 3242 πᾶς
3128 3178 3210 3232 ἔτι
3233 3178 3357 3234 καθ’
3385 3178 3566 3233 ὁτιοῦν
3593 3180 3815 3244 σκάζων

2224 3271 2367 3326 κατά
2391 3271 2490 3340 τὴν
2511 3271 2698 3326 πίστιν
2730 3270 2991 3343 λογισμὸς
3021 3270 3437 3343 κατηχουμένου
3462 3271 3689 3342 τρόπον,
3716 3273 3816 3326 αὐ·

2223 3364 2333 3419 τῶν
2370 3366 2740 3420 ἀπελαύνεται
2772 3380 2787 3396 ο
2820 3364 2930 3419 τῶν
2954 3363 3010 3417 δὲ
3056 3365 3401 3436 πρακτικῶν,
3453 3364 3554 3435 τὴν
3597 3363 3816 3419 τελείαν

2223 3456 2514 3518 ἀπάθειαν,
2548 3456 2616 3509 δι’
2651 3450 2718 3527 ἦς
2746 3456 2855 3518 πᾶς
2892 3454 3147 3525 ἐμπαθὴς
3192 3455 3289 3509 καὶ
3319 3452 3629 3524 ἀφώτιστος
3676 3453 3819 3521 λογι-

2226 3550 2361 3619 σμὸς
2385 3549 2485 3617 τῆς
2525 3548 2704 3619 ψυχῆς
2735 3548 3058 3617 ἀπογίνεται
3086 3564 3100 3578 ·
3125 3547 3235 3601 τῶν
3259 3547 3317 3601 δὲ
3345 3547 3691 3616 γνωστικῶν,
3714 3548 3817 3617 τὴν

2226 3642 2548 3710 συνεκτικὴν
2605 3641 2920 3712 ἐπιστήμην
2965 3638 3077 3692 τῶν
3116 3639 3550 3709 ἐπεγνωσμένων
3603 3637 3653 3670 ⁸⁸
3682 3655 3701 3672 ο
3747 3637 3817 3693 δι’

2223 3725 2291 3803 ἧς
2341 3735 2513 3786 πᾶσαι
2557 3732 2665 3786 τῶν
2717 3731 2918 3786 ὑλικῶν
2946 3734 3004 3787 αἱ
3050 3731 3260 3795 είκόνες
3283 3732 3383 3802 τῆς
3406 3731 3586 3802 ψυχῆς
3622 3729 3818 3785 ἐκδιώ-

2222 3841 2449 3879 κοντα.-

2310 3998 2374 4051 Ἦ
2406 3999 2463 4052 δὲ
2497 3997 2702 4062 κλεῖσις
2730 3999 2838 4053 τῶν
2877 3998 3082 4070 θυρῶν,
3123 3999 3218 4052 καὶ
3266 4001 3299 4069 ἡ
3339 3999 3447 4053 τῶν
3487 4000 3664 4069 ἁγίων
3710 4019 3814 4073 μυ-

2228 4091 2468 4161 στηρίων
2488 4089 2712 4157 εἴσοδος,
2742 4091 2838 4143 καὶ
2866 4092 2895 4146 6
2923 4089 3067 4153 θεῖος
3116 4090 3429 4162 ἀσπασμὸς,
3485 4094 3581 4146 καὶ
3630 4096 3666 4164 ἡ
3721 4093 3816 4148 τοῦ

2230 4186 2503 4256 συμϐόλου
2545 4185 2646 4256 τῆς
2693 4186 2930 4249 πίστεως
2960 4183 3292 4255 ὲκφώνησις,
3325 4178 3564 4254 γενικῶς
3595 4187 3697 4257 μὲν
3725 4188 3820 4259 δη-

2228 4275 2313 4330 λοῖ
2350 4279 2448 4349 τὴν
2477 4278 2583 4331 τῶν
2611 4276 2890 4349 αίσθητῶν
2915 4276 3169 4348 πάροδον,
3213 4277 3307 4331 καὶ
3337 4279 3438 4349 τὴν
3464 4278 3576 4333 τῶν
3610 4281 3819 4351 νοητῶν

2231 4369 2556 4438 φανέρωσιν,
2596 4367 2692 4421 καὶ
2743 4368 2843 4439 τὴν
2897 4367 3090 4436 καινὴν
3140 4367 3236 4421 τοῦ
3292 4369 3422 4439 περὶ
3471 4371 3624 4441 ἡμᾶς
3670 4372 3819 4427 θείου

519 4460 690 4515 divini
742 4477 869 4533 erga
920 4478 1022 4517 nos
1064 4463 1311 4534 mysterii
1359 4462 1702 4528 doctrinam;
1751 4463 2120 4531 omniumque

2232 4460 2536 4531 μυστηρίου
2569 4458 2816 4529 διδαχὴν,
2872 4459 2968 4512 καὶ
3014 4457 3111 4528 τὴν
3163 4459 3301 4527 πρὸς
3342 4458 3553 4526 πάντας
3596 4463 3821 4517 πάντων

517 4567 643 4631 cum
670 4553 950 4620 omnibus,
979 4553 1179 4624 seipsis
1211 4553 1420 4624 pariter
1442 4570 1508 4610 ac
1534 4556 1671 4617 Deo,
1707 4553 1948 4610 futuram
1982 4569 2126 4610 con-

519 4646 721 4700 cordiae
749 4661 814 4700 ac
857 4646 1241 4702 consensionis
1288 4661 1353 4700 ac
1396 4646 1714 4702 dilectionis
1751 4647 1861 4700 vim
1912 4660 2121 4710 unam;

519 4737 747 4805 ejusque
776 4737 970 4790 salutis
1001 4752 1149 4807 ergo,
1184 4751 1351 4807 quam
1394 4736 1462 4792 iis
1496 4736 1678 4791 modis
1706 4738 1990 4793 consecuti
2025 4750 2127 4792 sn-

521 4840 664 4887 mus,
695 4827 1002 4896 gratiarum
1034 4828 1330 4883 actionem.
1367 4828 1597 4897 Proprie
1627 4836 1835 4893 autem,
1870 4829 2126 4884 ﬁdelium

518 4918 742 4987 quidem
793 4934 822 4973 a
877 4919 1112 4990 simplici
1167 4920 1273 4975 ﬁde
1319 4920 1387 4975 ad
1433 4921 1754 4992 dogmatum
1805 4921 2125 4977 doctrinam

516 5018 574 5064 et
604 5011 989 5066 initiationem
1031 5027 1473 5082 consensumque
1504 5013 1667 5083 522
1709 5026 1786 5066 ac
1813 5014 2126 5082 gratiarum

516 5103 815 5168 actionem,
850 5104 1160 5173 profectum
1192 5104 1342 5177 (nam
1373 5106 1614 5175 primum
1662 5103 1938 5173 signiﬁcat
1968 5099 2128 5174 quod

517 5190 854 5246 clauduntur
887 5191 1064 5260 fores;
1093 5194 1356 5256 alterum,
1383 5203 1699 5248 sanctorum
1724 5192 2126 5261 mysteriorum

517 5283 813 5351 introitus;
846 5286 1091 5351 tertium,
1120 5286 1374 5341 osculum
1414 5286 1532 5340 sive
1562 5282 1848 5352 amplexus
1878 5293 1935 5338 et
1963 5284 2123 5338 salu--

518 5377 687 5442 tatio;
715 5385 997 5447 quartum,
1030 5378 1262 5449 symboli
1289 5375 1635 5445 exclamatio)
1666 5391 1680 5428 :
1706 5390 1898 5430 eorum
1930 5382 2122 5429 autem

518 5450 614 5533 qui
636 5466 826 5520 colunt
846 5468 1143 5534 actionem,
1169 5468 1238 5522 ab
1259 5466 1476 5522 actione
1497 5468 1564 5522 ad
1588 5466 2120 5535 contemplationem

2224 4551 2454 4614 ἑαυτούς
2505 4568 2563 4605 τε
2609 4552 2704 4604 καὶ
2733 4551 2825 4604 τὸν
2857 4551 2993 4605 Θεὸν
3029 4537 3406 4622 γενησομένην
3433 4553 3692 4622 ὁμονοίας
3726 4556 3822 4610 καὶ

2222 4644 2687 4714 ὀμογνωμοσύνης
2726 4646 2821 4699 καὶ
2863 4646 3087 4715 ἀγάπης
3115 4644 3442 4714 ταυτότητα,
3473 4645 3572 4700 καὶ
3605 4648 3706 4717 τὴν
3733 4636 3821 4717 ἐφἱ

2204 4727 2309 4799 ,οἷς
2338 4734 2626 4805 ἐσώθημεν
2653 4735 2878 4806 τρόποις
2908 4734 3266 4807 εὐχαριστίαν
3291 4751 3306 4765 ·
3340 4736 3527 4801 ίδικῶς
3574 4738 3655 4802 δὲ,
3709 4739 3822 4793 τῶν

2231 4824 2333 4891 μὲν
2367 4823 2578 4878 πιστῶν
2605 4824 2706 4895 τὴν
2740 4825 2850 4879 ἀπὸ
2874 4829 2974 4898 τῆς
3007 4827 3186 4899 ἁπλῆς
3229 4827 3468 4892 πίστεως
3504 4830 3586 4893 εἰς
3624 4830 3726 4902 τὴν
3765 4833 3822 4886 ἐν

2227 4912 2466 4984 δόγμασι
2510 4914 2732 4987 διδαχὴν
2779 4917 2877 4971 καὶ
2933 4919 3160 4990 μύησιν,
3209 4922 3306 4974 καὶ
3365 4920 3683 4991 ὁμοφωνίαν
3728 4922 3822 4975 καὶ

2230 5005 2538 5070 εὐσέϐειαν,
2574 5009 2860 5079 προκοπήν
2888 5024 2904 5042 ⁸
2924 5010 2988 5063 τὸ
3016 5011 3126 5080 γὰρ
3152 5010 3392 5082 πρῶτον,
3425 5014 3458 5083 η
3488 5012 3602 5066 τῶν
3639 5011 3824 5082 θυρῶν

2154 5087 2167 5098 ’
2229 5092 2383 5165 δηλοί
2419 5096 2644 5162 κλεῖσις.
2675 5100 2748 5152 Τὸ
2776 5100 3030 5171 δεύτερον
3050 5101 3127 5164 δὲ,
3161 5103 3195 5172 ἡ
3228 5101 3337 5155 τῶν
3382 5102 3559 5173 ἀγίων
3584 5103 3821 5167 εἴσοδος

2227 5187 2295 5240 τὸ
2326 5188 2383 5241 δὲ
2409 5190 2613 5259 τρίτον,
2636 5192 2665 5245 6
2687 5192 2978 5261 ἀσπασμός
3008 5206 3024 5222 °
3049 5193 3147 5246 καὶ
3177 5192 3240 5247 τὺ
3266 5193 3551 5266 malam,
3584 5196 3618 5264 ὴ
3638 5195 3825 5263 ὲκφὼ-

2233 5294 2391 5348 νησις
2418 5278 2513 5342 τοῦ
2542 5280 2768 5334 σοόόλου
2792 5298 2807 5313 ο
2837 5282 2945 5336 τῶν
2969 5272 3026 5336 δὲ
3050 5286 3392 5354 πρακτικῶν,
3422 5287 3522 5357 τὴν
3546 5286 3659 5340 ἀπὸ
3683 5285 3819 5356 πρά·

2235 5371 2373 5436 ξεως
2410 5374 2492 5441 εἰς
2537 5372 2773 5444 θεωρίαν
2820 5374 3107 5445 μυσάντων
3139 5374 3240 5438 τὰς
3275 5376 3562 5446 αἰσθήσεις
3592 5378 3690 5432 καὶ
3721 5375 3826 5442 ἔξω

2233 5466 2441 5536 σαρκὸς
2468 5464 2564 5518 καὶ
2595 5465 2799 5536 κόσμου
2821 5466 3135 5536 γενομένων
3155 5467 3243 5522 διὰ
3279 5468 3378 5538 τῆς
3404 5468 3686 5541 ἀποϐολῆς
3718 5466 3827 5523 τῶν

1812 5623 2044 5680 VARle
2086 5618 2504 5677 LECTIONES.

600 5737 647 5768 Μ
672 5736 763 5791 Fr.
805 5739 1044 5794 πάντων.
1120 5741 1162 5774 ⁸⁷
1200 5736 1570 5795 πιστευόντων
1601 5739 1664 5796 C.
1712 5738 1777 5794 Α.
1811 5747 1867 5795 et
1898 5739 1986 5793 Fr.

2090 5734 2135 5767 ⁸³
2169 5709 2532 5810 ἐγνωσμένων
2562 5736 2623 5792 C.
2656 5737 2720 5790 Α.
2758 5746 2814 5792 et
2835 5736 2926 5791 Ft’.
