4094 6362
304 345 408 414 709

1689 326 2193 389 MYSTAGOGIA.

3477 311 3585 378 710

225 514 235 522 ,
304 460 427 516 κατ’
448 453 620 516 αὐτὰς
639 449 953 523 ἐνεργειῶν,
999 445 1310 518 μετάθεσιν,
1370 442 1463 496 καὶ
1507 441 1605 513 τὴν
1654 439 1762 493 ἀπὸ
1801 438 1896 491 τοῦ

2031 436 2121 489 ubi
2151 450 2343 490 sensus
2391 432 2748 498 occluserint,
2784 446 2995 486 necnon
3051 446 3236 498 carne,
3269 430 3588 499 mundoque

301 551 508 618 τρόπου
537 545 648 598 τῶν
678 540 916 595 ἐντολῶν
953 541 1033 602 είς
1066 538 1158 592 τὸν
1186 536 1345 603 λόγον
1374 531 1553 585 αὐτῶν
1586 530 1867 618 ἀνάϐασιν
1887 545 1900 558 ·
1930 574 1935 579 ,

307 616 403 694 καὶ
450 639 549 707 τὴν
592 631 777 689 αὐτῶν
818 631 929 684 τῶν
956 625 1188 683 ἐντολῶν
1212 623 1355 678 κατὰ
1377 621 1507 685 τούς
1539 618 1774 681 οἰκείους
1811 616 1904 671 λό-

307 747 442 799 γους
499 722 736 794 συγγενῆ
789 720 928 791 πρὸς
956 718 1055 781 τὰς
1084 716 1343 786 δυνάμεις
1366 713 1466 783 τῆς
1496 710 1678 799 ψυχῆς
1707 708 1907 799 οίκειό·

310 798 454 889 τητά
479 833 536 870 τε
571 814 669 867 καὶ
698 812 917 869 ἕνωσιν,
949 808 1045 861 καὶ
1086 806 1188 876 τὴν
1225 803 1363 874 πρὸς
1396 798 1712 870 θεολογικὴν
1739 798 1905 867 εὐχα-

316 910 531 982 ριστίαν
560 904 865 976 ἐπιτήδειον
885 901 1002 966 ἕξιν
1035 917 1050 929 ·
1071 897 1182 951 τῶν
1203 896 1259 949 δὲ
1294 893 1633 963 γνωστικῶν,
1670 890 1767 962 τὴν
1794 889 1903 942 ἀπὸ

313 1002 417 1071 τῆς
446 999 678 1070 φυσικῆς
703 995 940 1065 θεωρίας
989 994 1072 1054 είς
1100 992 1202 1061 τὴν
1228 987 1335 1042 τῶν
1363 984 1570 1056 νοητῶν
1595 983 1772 1053 άπλῆν
1800 998 1903 1034 και

312 1092 569 1162 τανόησιν
603 1105 618 1120 ·
653 1088 777 1141 καθ’
808 1086 874 1156 ἢν
906 1082 1158 1159 οὐδαμῶς
1185 1080 1254 1134 δι’
1303 1078 1611 1148 αἰσθήσεως
1663 1074 1698 1143 ἦ
1758 1090 1900 1136 τινος

310 1183 424 1236 τῶν
455 1180 803 1251 φαινομένων
827 1177 908 1229 ἔτι
932 1176 1025 1228 τὸν
1055 1174 1198 1226 θεῖον
1230 1172 1325 1225 καὶ
1361 1170 1601 1241 ἄρρητον
1645 1163 1908 1235 μεταδιώ-

310 1291 471 1328 κουσι
530 1271 692 1342 λόγον
721 1286 736 1300 ο
790 1270 883 1323 καὶ
932 1267 1032 1338 τὴν
1089 1266 1227 1336 πρὸς
1267 1264 1367 1336 τὴν
1395 1260 1573 1332 ψυχὴν
1596 1259 1706 1312 τῶν
1735 1259 1908 1328 αὐτῆς

306 1365 600 1435 δυνάμεων
642 1363 860 1425 ἕνωσιν,
918 1360 1014 1413 καὶ
1063 1357 1164 1427 τὴν
1191 1355 1332 1409 κατὰ
1355 1352 1481 1406 νοῦν
1508 1350 1755 1412 ὲνοειδῶς
1784 1349 1910 1401 συλδ

309 1458 708 1528 λαμϐάνουσαν
740 1452 832 1506 τὸν
860 1452 958 1521 τῆς
1001 1447 1260 1520 προνοίας
1285 1446 1442 1515 λόγον
1474 1442 1776 1511 ἁπλότητα.

2003 543 2197 583 eorum
2242 527 2471 598 abjeetis
2501 524 2918 596 operationibus
2955 523 3312 597 excesserint)
3349 536 3588 579 transla-

2004 621 2247 684 tionem;
2278 632 2681 687 ascensumque
2710 632 2741 670 a
2767 616 3150 672 mandatorum
3181 618 3366 682 modo,
3399 616 3466 671 ad
3496 632 3592 671 eo-

2004 727 2127 765 rum
2156 714 2463 777 rationem;
2488 724 2706 765 necnon
2755 692 2999 779 ipsorum
3030 708 3413 762 mandatorum
3433 710 3589 779 juxta

2004 802 2259 871 proprias
2307 803 2549 856 rationes
2598 800 2814 855 ailinem
2861 816 2986 855 eum
3018 800 3216 855 anima:
3248 799 3462 853 viribus
3490 815 3590 852 nc-

2006 892 2404 947 cessitudinem
2442 907 2506 946 ac
2550 892 2888 958 unitionem;
2919 900 3218 961 aptumque
3245 890 3490 943 habitum
3524 888 3592 941 ad

2010 1000 2153 1049 eam,
2199 1001 2322 1055 quae
2364 1001 2431 1040 ex
2470 985 2755 1056 theologize
2788 986 3000 1039 ratione
3030 993 3134 1049 est,
3163 985 3459 1054 gratiarum
3500 997 3595 1036 ac-

2012 1076 2220 1131 tionem
2248 1094 2261 1129 :
2286 1092 2480 1131 eorum
2504 1092 2637 1131 vero
2658 1077 2766 1146 .qui
2803 1077 3124 1146 sapientiam
3164 1092 3228 1130 ac
3257 1074 3597 1144 contempla-

2018 1167 2245 1231 tionem,
2280 1183 2312 1222 a
2346 1169 2584 1223 naturali
2632 1169 3008 1237 speculatione
3053 1167 3123 1222 ad
3170 1163 3600 1237 intelligibilium

2016 1258 2322 1328 simplicem
2358 1260 2560 1314 mentis
2602 1259 3135 1325 considerationem;
3182 1274 3291 1327 qua
3335 1273 3445 1312 non
3482 1271 3601 1311 am-

2017 1350 2164 1420 plius
2197 1365 2459 1405 sensuum
2508 1366 2711 1420 opera,
2765 1351 2999 1405 ulliusve
3049 1365 3241 1403 eorum
3291 1363 3427 1417 ope,
3479 1363 3604 1416 quae

2020 1450 2149 1497 sunt
2177 1442 2356 1497 oculis
2384 1442 2706 1512 conspicua,
2742 1442 2984 1498 divinam
3035 1454 3399 1509 areanamque
3429 1438 3604 1492 ratio-

308 1566 446 1605 nem
496 1552 944 1618 persequuntur;
993 1541 1188 1595 anima:
1232 1538 1364 1592 item
1410 1535 1736 1590 facultatum
1784 1545 1909 1586 cum
1946 1529 2066 1601 ipsa
2094 1532 2431 1600 unitionem;
2497 1549 2620 1589 eam
2684 1533 2922 1603 denique
2952 1548 3074 1602 qua:
3107 1532 3291 1586 animo
3317 1529 3606 1586 uniformi-

307 1650 404 1699 ter
428 1638 797 1712 providentia:
842 1635 1114 1690 rationem
1145 1627 1546 1700 complectitur,
1589 1622 2020 1694 simplicitatem.

401 1732 470 1786 Ἦ
499 1730 559 1785 δὲ
585 1729 684 1783 τοῦ
711 1724 1011 1798 Τρισαγίου
1033 1723 1311 1784 ἄπαυστος
1331 1719 1441 1772 τῶν
1466 1716 1635 1785 ἁγίων
1666 1713 1917 1783 ἀγγέλων

2091 1715 2316 1786 Trisagii
2359 1714 3106 1785 exclamatio.—Irrequieta
3158 1722 3341 1770 autem
3391 1726 3608 1770 sancto—

315 1819 627 1893 άγιαστικὴ
656 1816 962 1886 δοξολογία,
997 1811 1234 1882 γενικῶς
1263 1811 1363 1881 μὲν
1392 1807 1648 1879 σημαίνει
1673 1804 1772 1876 τὴν
1794 1803 1911 1874 άμα

314 1934 384 1971 τε
416 1915 509 1971 καὶ
537 1916 595 1967 ὲν
610 1910 794 1982 ταύτῷ
812 1894 1191 1979 γενησομένην
1211 1904 1352 1957 κατὰ
1370 1902 1461 1955 τὸν
1480 1901 1652 1953 αίῶνα
1669 1899 1761 1951 τὸν
1785 1898 1914 1967 μέλ-

316 2010 488 2063 λοντα
511 2006 620 2059 τῶν
642 2002 915 2073 οὐρανίων
938 1999 1033 2053 καὶ
1057 1993 1317 2063 ἐπιγείων
1344 1992 1629 2060 δυνάμεων
1658 1988 1779 2055 ῐσην
1821 1988 1915 2040 καὶ

324 2097 605 2155 πολιτείαν
661 2095 756 2149 καὶ
815 2089 1042 2161 ἀγωγὴν
1090 2087 1187 2140 καὶ
1235 2082 1555 2155 συμφωνίαν
1609 2080 1710 2147 τῆς
1767 2076 1915 2139 Θείας

320 2189 652 2260 δοξολογίας,
692 2180 1143 2242 άθανατισθέντος
1187 2178 1300 2240 τοῖς
1336 2171 1646 2244 ἀνθρώποις
1674 2166 1916 2260 τοῦ-σῶ-

325 2258 500 2355 ματος
536 2279 629 2334 διά
671 2276 773 2347 τῆς
825 2270 1197 2333 ἀναστάσεως,
1253 2268 1347 2321 καὶ
1393 2262 1592 2335 μηκέτι
1626 2258 1918 2355 βαροῦντος

300 2352 427 2446 ..ἢν
453 2372 721 2443 ψυχὴν-τῇ
747 2367 945 2437 φθορᾷ,
982 2364 1077 2417 καὶ
1125 2359 1457 2433 βαρουμένου
1484 2372 1498 2389 ο
1531 2354 1666 2409 ἀλλὰ
1703 2352 1792 2407 διὰ
1818 2352 1920 2446 τῆς

320 2443 410 2529 εἰς
441 2458 749 2533 ἀφθαρσίαν
803 2456 1044 2524 ἀλλαγῆς
1105 2452 1243 2523 πρὸς
1288 2446 1555 2519 ὑποδοχὴν
1616 2443 1921 2516 παρουσίας

318 2555 467 2612 Θεοῦ
516 2552 774 2614 λαϐόντος
805 2550 899 2602 καὶ
929 2548 1161 2615 δύναμιν
1188 2542 1284 2597 καὶ
1315 2539 1731 2611 ἐπιτηδειότητα
1764 2553 1779 2566 ·
1821 2534 1922 2588 ιδι-

324 2648 449 2711 κῶς
487 2646 564 2711 δὲ,
623 2643 734 2697 τῶν
791 2640 891 2712 μὲν
921 2637 1130 2715 πιστῶν
1158 2636 1259 2706 τὴν
1306 2632 1445 2704 πρὸς
1488 2630 1752 2700 ἀγγέλους
1779 2626 1925 2681 κατὰ

326 2738 431 2809 τὴν
477 2736 661 2790 πίστιν
692 2730 1008 2801 θεολογικὴν
1031 2727 1264 2797 ἅμιλλαν
1297 2742 1311 2756 ο
1346 2724 1454 2777 τῶν
1486 2723 1543 2776 δὲ
1578 2717 1921 2790 πρακτικῶν,

325 2830 433 2902 τὴν
467 2826 776 2897 ίσάγγελον,
801 2824 877 2888 ὡς
905 2820 1125 2892 ἐφικτὸν
1155 2818 1486 2890 ἀνθρώποις,
1523 2814 1666 2869 κατὰ
1689 2815 1781 2868 τὸν
1813 2813 1927 2883 βίον

326 2920 719 2991 λαμπρότητα,
756 2916 850 2968 καὶ
885 2914 984 2985 τὴν
1010 2910 1256 2966 εὐτονίαν
1282 2910 1381 2978 τῆς
1413 2906 1734 2975 θεολογικῆς
1765 2905 1930 2974 ὐμνο-

326 3012 523 3081 λογίας
552 3027 574 3042 ι
635 3009 745 3064 τῶν
791 3008 849 3061 δὲ
903 3002 1246 3075 γνωστικῶν,
1283 3001 1380 3063 τὰς
1437 2996 1758 3067 ίσαγγέλους
1786 2995 1928 3049 κατὰ

2019 1823 2141 1861 rum
2206 1809 2528 1878 angelorum
2588 1808 2938 1863 sanetiﬁcans
2974 1808 3207 1878 Trisagii
3259 1808 3605 1879 gloriﬁealio,

2020 1898 2351 1969 generaliter
2384 1898 2609 1967 quidem
2660 1897 2951 1968 signiﬁcat,
2990 1897 3151 1951 simul
3182 1898 3496 1968 pariterque
3524 1898 3611 1952 fu-

2024 2001 2207 2046 turam
2233 1992 2288 2045 in
2321 1991 2522 2046 saeculo
2542 1998 2800 2055 venturo,
2824 1991 3136 2045 erelestium
3167 1994 3235 2045 ac
3266 1991 3610 2045 terrestrium

2022 2083 2313 2147 virtutum,
2343 2098 2533 2152 parem
2558 2082 2686 2137 vita;
2715 2082 2984 2138 rationem
3010 2097 3074 2137 ac
3102 2082 3504 2137 institutionem
3529 2082 3613 2135 di-

2022 2174 2275 2244 vinaeque
2299 2173 2713 2245 gloriﬁcationis
2733 2182 3031 2229 consonam
3052 2189 3274 2239 vocem;
3295 2174 3615 2229 hominibus

2025 2281 2127 2337 per
2157 2265 2624 2321 resurrectionem
2658 2266 2957 2321 immortali
2987 2280 3220 2337 corpore
3240 2266 3487 2333 donatis;
3523 2268 3614 2321 taii

2026 2356 2260 2420 scilicet,
2295 2365 2357 2411 ut
2382 2372 2492 2411 non
2523 2357 2781 2427 amplius,
2814 2374 2923 2427 qua
2952 2358 3134 2428 ipsum
3163 2358 3431 2429 gravitate
3462 2358 3617 2412 labo-

2028 2456 2134 2515 rat,
2184 2458 2374 2520 gravet
2426 2451 2664 2505 animam
2708 2451 3086 2521 corruptione,
3143 2449 3238 2505 sed
3282 2458 3617 2505 commutata

2028 2542 2468 2612 incorruptione,
2498 2543 2566 2597 ad
2597 2543 2689 2598 Dei
2722 2543 3131 2612 suscipiendum
3174 2542 3469 2597 adventum
3505 2544 3618 2596 vim

2030 2632 2509 2703 aptitudinemque
2545 2633 2793 2688 obtineat
2821 2652 2835 2687 ι
2867 2635 3087 2704 proprie
3131 2644 3338 2698 autem,
3373 2633 3619 2688 ﬁdelium

2032 2724 2255 2793 quidem
2290 2740 2415 2779 cum
2463 2726 2672 2796 angelis
2706 2726 3072 2797 theologicum
3129 2726 3255 2780 ﬂdei
3305 2733 3619 2791 certamen;

2032 2828 2226 2869 eorum
2256 2824 2440 2870 autem
2471 2816 2566 2886 qui
2597 2817 2787 2871 colunt
2832 2817 3126 2883 actionem,
3172 2832 3487 2888 comparem
3528 2834 3627 2871 an-

2035 2906 2192 2977 gelis,
2220 2907 2402 2977 quoad
2435 2908 2646 2961 homini
2692 2923 3017 2964 concessum
3061 2919 3165 2974 est,
3204 2911 3326 2964 vita:
3369 2908 3626 2978 splende-

2037 3013 2153 3052 rem
2181 3006 2615 3069 eontentumque
2636 2999 2859 3055 deitatis
2882 3000 3170 3056 laudandae
3193 3000 3438 3055 studium
3461 3008 3626 3069 atque

324 3075 664 3158 «evomam-by
715 3098 1026 3171 ἀνθρώποις
1064 3096 1194 3167 περὶ
1226 3092 1482 3164 θεότητος
1503 3090 1715 3160 νοήσεις
1740 3104 1801 3140 τε
1836 3086 1929 3141 καὶ¹

2033 3089 2318 3156 ardorem;
2354 3105 2548 3145 eorum
2595 3106 2727 3147 vero
2771 3092 2866 3161 qui
2903 3093 3229 3163 sapientiam
3276 3109 3341 3148 ac
3384 3102 3629 3148 eontem-

328 3194 606 3266 ὑμνήσεις
640 3191 734 3245 καὶ
775 3186 1142 3259 ἀεικινησίας.

422 3477 491 3531 Ἦ
521 3476 578 3530 δὲ
605 3472 853 3545 μακαρία
882 3469 976 3524 τοῦ
1007 3467 1245 3539 μεγάλου
1264 3463 1401 3519 Θεοῦ
1433 3463 1528 3517 καὶ
1558 3460 1774 3531 [ἰατρὸς
1806 3460 1933 3513 ἐπί-

328 3570 557 3640 κλησις,
600 3565 697 3618 καὶ
720 3566 755 3635 ή
786 3560 906 3627 τοῦ,
936 3556 1039 3626 Εἷς
1076 3559 1265 3629 ἅγιος,
1305 3555 1399 3609 καὶ
1432 3554 1541 3608 τῶν
1583 3552 1711 3621 ἑξῆς
1748 3550 1932 3622 ὲκφώ-

334 3674 503 3729 νησις
531 3673 549 3689 ο
598 3656 697 3708 καὶ
738 3655 772 3723 η
819 3651 930 3705 τῶν
973 3650 1147 3731 ἁγίων
1176 3649 1270 3701 καὶ
1311 3643 1591 3711 ζωοποιῶν
1621 3641 1937 3714 μυστηρίων

345 3748 676 3820 μετάληψις,
703 3746 803 3817 τὴν
835 3744 928 3797 ἐπὶ
957 3742 1092 3796 πᾶσι
1124 3741 1222 3794 καὶ
1249 3739 1344 3792 ἐπὶ
1372 3731 1590 3791 πάντων
1618 3734 1727 3789 τῶν
1771 3733 1938 3799 ἀξίων

342 3839 618 3909 ἐσομένην
660 3836 751 3890 διὰ
790 3835 887 3905 τὴν
933 3832 1251 3902 άγαθότητα
1283 3829 1377 3882 τοῦ
1410 3828 1545 3882 Θεοῦ
1573 3827 1734 3898 ἡμῶν
1760 3825 1939 3880 υἱοθε-

349 3930 518 3991 σίαν,
573 3926 765 3981 ἕνωσίν
832 3941 892 3978 τε
948 3924 1043 3977 καὶ
1094 3920 1438 3991 οἰκειότητα,
1497 3919 1592 3971 καὶ
1648 3917 1940 3987 ὁμοιότητα

349 4020 509 4073 θείαν
533 4020 623 4074 καὶ
660 4019 857 4072 θέωσιν
884 4015 1069 4085 δηλοῖ·
1099 4013 1167 4067 δι’
1192 4008 1259 4084 ἦς
1299 4011 1479 4067 πάντα
1516 4013 1575 4063 ὲν
1603 4010 1767 4063 πᾶσιν
1788 4008 1942 4061 ἔσται

348 4113 488 4175 τοῖς,
512 4107 844 4180 σωζομένοις
884 4105 1046 4168 αὐτὸς
1080 4106 1109 4157 ὁ
1162 4102 1317 4169 Θεὸς,
1351 4101 1554 4172 ὁμοίως
1578 4118 1593 4132 ο
1634 4100 1711 4164 ὡς
1747 4098 1945 4164 κάλλος

343 4200 666 4274 ἀρχέτυπον
698 4198 823 4254 κατ’
858 4198 1037 4252 αἰτίαν
1077 4194 1379 4266 ἐμπρέπων
1403 4195 1516 4253 τοῖς
1543 4190 1693 4261 αὐτῷ
1719 4190 1786 4244 δι’
1811 4191 1944 4261 άρεο

340 4293 457 4364 τῆς
478 4294 576 4347 καὶ
602 4291 857 4360 γνώσεως
891 4288 1031 4343 κατὰ
1049 4287 1209 4359 χάριν
1237 4284 1435 4355 ὁμοίως
1467 4282 1871 4353 συμπρέπουσι.

455 4469 477 4500 ⁸
503 4466 738 4529 Πιστούς
760 4465 815 4518 δὲ
838 4465 934 4518 καὶ
957 4462 1248 4534 ἐναρέτους
1272 4462 1366 4515 καὶ
1383 4459 1719 4529 γνωπικούς
1743 4458 1946 4521 ὲκάλει,

343 4558 485 4621 τούς
540 4555 934 4627 εἰσαγομένους
991 4554 1088 4607 καὶ
1115 4551 1244 4616 τούς
1264 4550 1675 4622 προκόπτοντας
1702 4547 1797 4601 καὶ
1826 4546 1954 4610 τούς

2034 3180 2356 3249 plationem,
2409 3196 2568 3251 pares
2626 3180 2857 3252 angelis,
2899 3192 3167 3253 quantum
3228 3183 3336 3237 fert
3389 3182 3629 3237 humana

2035 3268 2303 3334 conditio,
2329 3268 2396 3324 de
2427 3269 2634 3325 deitate
2668 3270 3033 3342 cogitationes
3057 3288 3120 3327 ac
3141 3273 3374 3339 cantica,
3399 3287 3463 3326 ac
3484 3272 3631 3342 jugis

2036 3366 2220 3413 motus
2247 3359 2596 3429 agitationes.

2107 3450 2271 3505 Beata
2300 3460 2485 3506 autem
2506 3453 2691 3524 magni
2713 3454 2812 3509 Dei
2830 3468 2895 3510 ac
2914 3454 3095 3510 Patris
3121 3454 3430 3521 invocatio;
3459 3453 3633 3510 illius-

2036 3556 2166 3611 que,
2203 3541 2347 3596 Unus
2386 3553 2623 3609 sanctus,
2656 3549 2714 3598 et
2748 3560 2872 3614 qua:
2912 3552 3243 3615 sequuntur,
3275 3544 3631 3611 exclamatio;

2038 3640 2471 3704 sanctorumque
2505 3649 2571 3689 ac
2619 3634 2966 3690 viviﬁcorum
3009 3634 3396 3705 mysteriorum
3442 3650 3635 3703 perce-

2038 3724 2178 3793 ptio,
2203 3733 2327 3794 post
2352 3725 2557 3789 omnia,
2598 3725 2763 3796 inque
2798 3725 3060 3781 omnibus
3091 3725 3291 3796 dignis,
3324 3725 3419 3779 Dei
3455 3726 3633 3780 nostri

2040 3816 2380 3887 benignitate
2431 3817 2672 3871 futuram
2715 3818 3086 3888 adoptionem,
3121 3817 3539 3888 unitionemque
3571 3834 3636 3873 ac

2042 3908 2510 3978 coniunctionem,
2546 3907 2901 3978 divinamque
2928 3908 3346 3964 similitudinem
3382 3925 3446 3964 ac
3474 3910 3636 3965 dem-

2044 4001 2319 4056 eationeu')
2358 3999 2517 4071 523
2549 4000 2860 4069 declarant;
2884 4002 2940 4057 vi
2975 4004 3134 4075 cujus
3181 4003 3299 4073 ipse
3334 4004 3481 4059 Deus
3521 4021 3639 4059 om-

1985 4154 1991 4158 _
2044 4092 2137 4147 nia
2165 4092 2221 4145 in
2249 4091 2509 4146 omnibus
2538 4092 2815 4148 similibus
2848 4093 3025 4149 salute
3056 4093 3328 4150 donandis
3368 4096 3497 4163 erit,
3535 4112 3637 4152 ceu

2045 4182 2390 4253 primitivum
2419 4183 2589 4239 decus
2619 4182 2927 4239 secundum
2957 4199 3138 4241 causa:
3178 4186 3447 4241 rationem
3475 4187 3531 4242 in
3559 4189 3641 4244 eis

2047 4288 2149 4346 per
2192 4275 2454 4330 virtutem
2498 4291 2564 4330 ac
2610 4277 2896 4332 scientiam
2930 4286 3220 4348 praestans,
3250 4278 3344 4348 qui
3385 4279 3642 4335 similiter

2051 4380 2177 4420 cum
2210 4381 2279 4421 eo
2304 4373 2629 4436 praestantes
2659 4376 2823 4422 erunt
2851 4383 2951 4437 per
2980 4370 3232 4438 gratiam.

2125 4455 2298 4510 Porro
2329 4454 2541 4522 ﬁdeles,
2568 4458 2759 4511 virtuti
2799 4457 3015 4512 deditos
3046 4474 3109 4513 ac
3138 4458 3424 4514 scientiam
3458 4462 3642 4518 colen-

2055 4557 2157 4614 tes,
2189 4548 2444 4613 vocabat,
2494 4549 2587 4618 qui
2635 4548 2973 4605 inducuntur
3011 4552 3269 4621 velutque
3306 4552 3645 4609 rudimenta-

332 4645 636 4710 τελείους,
661 4645 835 4716 ἧγουν
870 4641 1087 4705 δούλους
1126 4641 1221 4694 καὶ
1255 4638 1504 4711 μισθίους
1532 4637 1627 4691 καὶ⁸
1652 4636 1822 4699 υἱούς·
1856 4635 1927 4689 τὰ

2052 4640 2187 4703 rios,
2234 4639 2587 4711 proﬁcientes
2636 4648 2799 4711 atque
2848 4642 3157 4712 perfectos;
3206 4644 3259 4697 id
3298 4653 3401 4709 est,
3433 4661 3642 4713 servos,

350 4740 510 4810 τρεῖς
534 4736 717 4801 τάξεις
737 4735 845 4789 τῶν
872 4734 1219 4803 σωζομένων.
1251 4729 1436 4784 Δοῦλοι
1457 4730 1566 4798 γάρ
1595 4728 1723 4793 εἰσι,
1752 4727 1957 4792 πιστοὶ,

354 4830 412 4883 οἱ
452 4828 602 4900 φόϐῳ
630 4827 736 4881 τῶν
761 4825 1145 4897 ὴπειλημένων
1182 4822 1586 4893 ἐκπληροῦντες
1626 4819 1719 4873 τοῦ
1763 4818 1956 4871 δεσπό-

356 4937 461 4975 του
485 4921 579 4983 τὰς
600 4919 838 4981 ἐντολὰς,
864 4918 1088 4979 καὶτοῖς
1109 4915 1477 4969 πιπευθεῖσιν
1501 4909 1760 4967 εὐνοϊκῶς
1782 4911 1948 4980 ἐπερ-

357 5013 663 5083 γαζόμενοι
687 5029 701 5044 ο
746 5013 950 5081 μίσθιοι
1004 5012 1081 5073 δὲ,
1130 5011 1179 5063 oi
1214 5008 1364 5079 πόθῳ
1391 5007 1501 5061 τῶν
1530 5004 1954 5075 ἐπηγγελμένων

360 5104 591 5174 ἀγαθῶν
627 5102 990 5176 βαστάζοντες
1037 5102 1155 5173 μεθ’
1210 5099 1491 5171 ὑπομονῆς
1536 5097 1599 5151 τὸ
1655 5096 1819 5167 βάρος
1857 5096 1956 5166 τῆς
1996 5093 2005 5101 ’

363 5197 587 5268 ἡμέρας
628 5197 724 5251 καὶ
766 5197 856 5250 τδν
912 5194 1171 5248 καύσονα·
1240 5192 1511 5256 τουτέστι,
1559 5190 1661 5263 τὴν
1715 5189 1957 5260 ἔμφυτον

365 5288 472 5342 καὶ
495 5285 932 5357 συνεζευγμένην
960 5288 1025 5357 τῇ
1058 5283 1309 5357 πἀρούσῃ
1333 5284 1444 5353 ζωῇ
1494 5284 1559 5336 ὲκ
1606 5285 1705 5351 τῆς
1742 5298 1955 5354 προπα-

360 5377 601 5449 τορικῆς
639 5378 937 5446 καταδίκης
970 5377 1169 5443 θὶίψιν,
1222 5377 1315 5428 καὶ
1360 5377 1488 5435 τοὺς
1530 5372 1616 5426 ἐπ’
1644 5373 1780 5442 αὐτῇ
1815 5371 1957 5441 ὑπὲρ

2056 4730 2461 4796 mercenarios,
2516 4729 2690 4797 ﬁlios;
2750 4739 2862 4788 tres
2909 4748 3107 4802 nempe
3152 4734 3378 4790 ordines
3420 4751 3643 4801 eorum,

2058 4822 2153 4891 qui
2184 4823 2362 4877 salute
2409 4816 2706 4876 don‘antur.
2754 4821 2911 4878 Servi
2954 4825 3100 4879 enim
3146 4835 3275 4882 sunt
3310 4825 3520 4895 ﬁdeles,
3552 4830 3646 4900 qui

2061 4910 2335 4965 minarum
2367 4921 2539 4973 metu,
2571 4911 2786 4966 Domini
2827 4915 3085 4970 mandata
3118 4916 3369 4987 implent,
3398 4927 3452 4972 et
3481 4920 3651 4974 bene-

2062 5005 2184 5060 vole
2226 5021 2289 5060 ae
2330 5004 2571 5060 candore
2602 5006 2771 5061 animi
2820 5008 2875 5063 in
2922 5009 2991 5064 iis
3031 5026 3153 5081 qua:
3188 5011 3415 5067 fuerunt
3439 5013 3650 5068 credita

2060 5103 2377 5151 versantur.
2409 5096 2734 5152 Mercenarii
2764 5108 2969 5166 autem,
2996 5101 3091 5170 qui
3120 5102 3391 5156 bonorum
3419 5103 3653 5171 promis-

2063 5201 2252 5240 sorum
2278 5185 2584 5256 cupiditate
2624 5188 2813 5254 illecti,
2845 5204 2969 5243 cum
3001 5190 3266 5259 patientia
3292 5191 3505 5261 pondus
3541 5191 3650 5246 diei

2061 5286 2119 5332 et
2142 5287 2337 5333 aestum
2375 5288 2625 5349 portant;
2660 5296 2780 5334 eam
2810 5281 3020 5335 scilicet
3046 5297 3167 5352 qua:
3197 5292 3455 5338 concreta
3484 5295 3566 5338 est
3591 5299 3656 5338 ac

2065 5370 2297 5425 inolevit
2341 5371 2416 5436 ei,
2471 5388 2633 5441 quam
2682 5373 2893 5442 agimus
2935 5373 3082 5437 vitae,
3129 5375 3360 5444 exprimi
3409 5376 3660 5445 parentis

1662 5505 1896 5562 VARUE
1937 5504 2341 5561 LECTIONES.

453 5610 503 5642 ⁸⁹
537 5607 626 5661 Fr.
666 5605 863 5659 Πιστοὶ
890 5606 1137 5673 ἐνάρετοι
1163 5621 1177 5633 ·
1206 5602 1524 5671 γνωστικοί.
1557 5602 1924 5670 Εἰσαγόμενοι
1958 5616 1973 5632 ο
2007 5600 2425 5673 ⁸προκόπτοντες
2459 5618 2474 5631 ·
2504 5602 2731 5673 τέλειοι,
2792 5599 2977 5652 Δοῦλοι
3009 5617 3022 5631 ο
3074 5601 3279 5673 μίσθιοι
3312 5618 3326 5630 ο

3388 5602 3514 5655 υίοί.
3566 5601 3660 5657 Fi-

367 5679 544 5739 deles,
573 5678 780 5731 virtutis
803 5669 1090 5740 studentes,
1132 5669 1399 5744 sapientia
1433 5683 1681 5728 vacantes
1712 5669 1775 5725 ret
1800 5669 2113 5743 spiritales;
2158 5669 2553 5734 rudimentarii,
2596 5670 2947 5741 proﬁcientes,
2982 5669 3218 5742 perfecti,
3257 5673 3411 5735 servi,
3460 5689 3659 5727 merce-

373 5751 528 5805 narii
555 5747 680 5817 ﬁlii.
