4094 6376
503 323 604 390 7H

1660 325 1722 386 S.
1761 331 2049 388 ΜΛΧΙΜΙ
2089 327 2597 390 CONFESSORIS

3656 341 3773 402 ἨΞ

507 441 682 496 reatu,
707 429 1088 490 alﬂictionem,
1123 445 1187 486 ac
1213 446 1333 500 Qlue
1365 431 1491 488 inde
1521 433 1742 487 virtutis
1774 451 1935 489 causa
1969 443 2080 489 ten-

2189 437 2286 504 τῆς
2341 437 2545 505 ἀρετῆς
2603 439 2939 508 πειρασμούς
2973 455 2985 470 ·
3040 440 3140 494 καὶ
3191 439 3336 513 ζωῆς
3389 441 3532 513 ζωὴν
3586 448 3767 514 σοφῶς

505 523 740 577 tationes
793 523 1133 598 obyeniunt;
1181 523 1385 592 quique
1439 524 1605 578 vitam
1648 525 1781 588 vita,
1828 527 2086 594 prmsenti

501 613 768 679 futuram,
805 630 903 684 per
926 614 1164 670 liberum
1198 615 1367 668 animi
1413 619 1775 686 propositum,
1809 617 2084 686 sapienter

503 713 858 759 commutant.
923 706 1045 759 Filii
1107 706 1366 776 denique,
1419 708 1513 776 qui
1573 724 1754 776 neque
1809 709 2084 762 minarum

502 811 673 860 metu.
709 817 812 855 nec
857 801 1250 871 promissorum
1293 803 1622 872 cupiditate,
1653 804 1750 858 sed
1797 803 1958 857 modo
1992 803 2086 856 illo

499 908 565 946 ac
600 893 812 958 habitu,
858 909 968 962 quo
1010 895 1066 948 in
1113 895 1318 948 bonum
1360 894 1764 964 honestumque
1814 911 2084 964 propensa

499 983 670 1036 animi
700 984 980 1038 voluntate
1021 984 1274 1051 tendunt,
1302 1001 1331 1038 a
1361 985 1474 1038 Deo
1506 1002 1786 1056 nunquam
1827 1003 2086 1056 separan-

503 1083 612 1140 tur,
642 1077 794 1130 velut
831 1076 974 1136 filius
1009 1076 1120 1139 ille,
1148 1076 1216 1130 ad
1255 1093 1419 1147 quem
1463 1078 1670 1131 dictum
1717 1087 1838 1133 est:
1868 1078 1989 1140 Fili,
2026 1089 2084 1133 tu

497 1182 705 1234 semper
739 1184 937 1221 mecum
975 1185 1048 1230 es,
1076 1175 1123 1220 et
1153 1171 1332 1223 omnia
1369 1186 1488 1223 mea
1544 1177 1636 1222 tua
1677 1178 1802 1222 sunt
1831 1170 1889 1234 ἀς
1922 1191 1940 1222 ι
1977 1171 2084 1227 hoc

499 1259 677 1328 ipsum
719 1276 816 1328 per
839 1259 1187 1330 adoptionem
1221 1260 1676 1333 [deiﬁcationem],
1705 1278 1826 1332 quas
1853 1270 1936 1317 est
1961 1277 2084 1332 gra-

499 1350 592 1415 tia,
642 1351 990 1418 exsistentes,
1043 1354 1224 1421 quoad
1259 1355 1380 1423 ejus
1413 1369 1732 1408 concessum
1781 1364 1882 1418 est,
1933 1353 2082 1422 quod

497 1441 642 1495 Deus
672 1458 770 1510 per
796 1452 1048 1496 naturam
1082 1451 1138 1497 et
1166 1460 1344 1498 causae
1387 1444 1654 1498 rationem
1695 1454 1808 1498 tum
1841 1454 1936 1499 est
1965 1455 2078 1500 tum

497 1532 743 1585 creditur
776 1548 914 1588 esse.

567 1621 976 1693 Frequentanrla
1025 1625 1457 1680 ecclesia.—-Ne
1504 1625 1638 1696 ergo
1688 1642 1718 1681 a
1761 1636 1947 1682 sancta
1983 1627 2080 1680 Dei

2189 527 2306 578 κατ’
2361 529 2680 597 αὐθαίρετον
2733 531 2956 602 γνώμην
2977 534 3456 602 ἁνταλλάσσοντες,
3488 541 3589 607 τῆς
3624 555 3759 610 παρ.

2185 616 2354 686 ούσης
2405 618 2502 688 τὴν
2560 620 2880 690 μέλλουσαν.
2931 624 3052 677 Υἱοὶ
3091 624 3169 690 δὲ,
3223 627 3274 678 οἱ
3303 628 3440 698 μήτε
3478 621 3768 700 φό6ῳ’τῶν

2189 708 2594 780 ὴπειλημένων,
2629 713 2764 781 μήτε
2797 713 2946 784 πόθῳ
2990 715 3100 767 τῶν
3124 717 3546 788 ἐπηγγελμένων
3579 757 3595 780 ,
3631 719 3769 773 ἀλλὰ

2185 800 2373 868 τρόπῳ
2401 803 2494 854 καὶ
2525 800 2639 866 ἔξει
2667 806 2768 876 τῆς
2799 805 2936 877 πρὸς
2963 806 3024 858 τὸ
3049 807 3214 861 καλὸν
3245 809 3386 862 κατὰ
3413 809 3640 880 γνώμην
3665 813 3768 881 τῆς

2184 891 2362 962 ψυχῆς
2397 895 2571 962 ῥοπῆς
2601 911 2662 946 τε
2696 896 2789 948 καὶ
2820 895 3139 962 διαθέσεως,
3179 900 3450 968 μηδέποτε
3495 901 3590 954 τοῦ
3625 901 3766 955 Θεοῦ

2185 984 2540 1054 χωριζόμενοι
2567 1003 2579 1015 ·
2611 987 2730 1039 κατ’
2759 988 2966 1041 ἐκεῖνον
2991 989 3081 1042 τὸν
3112 991 3246 1053 υἱὸν,
3277 991 3414 1061 πρὸς
3447 991 3506 1044 ὃν
3526 993 3761 1064 εἴρηται,

2191 1073 2431 1136 Τέκνον,
2477 1074 2558 1127 σὺ
2595 1075 2853 1128 πάντοτε
2893 1076 3020 1144 μετ’
3065 1076 3216 1146 ἐμοῦ
3257 1073 3332 1141 εἴ,
3383 1077 3483 1131 καὶ
3529 1078 3604 1132 τὰ
3649 1079 3766 1147 ἐμὰ

2189 1162 2385 1217 πάντα
2419 1163 2504 1216 σά
2529 1164 2661 1218 ἐστι
2692 1183 2704 1196 ·
2739 1163 2899 1219 τοῦτο
2926 1167 3065 1220 κατὰ
3091 1167 3191 1236 τὴν
3234 1169 3292 1220 ἐν
3320 1168 3506 1238 χάριτι
3543 1167 3691 1221 θέσιν
3715 1169 3762 1200 ⁸⁸

2184 1253 2544 1324 ἐνδεχομένως
2581 1256 2936 1328 ὑπάρχοντες,
2969 1260 3105 1328 ὅπερ
3135 1261 3164 1312 ὁ
3191 1259 3322 1321 Θεὸς
3351 1259 3490 1314 κατὰ
3520 1259 3620 1330 τὴν
3654 1257 3752 1330 φύ-

2186 1362 2270 1397 σιν
2284 1347 2381 1398 ,καὶ
2407 1345 2586 1400 αἰτίαν
2614 1347 2709 1402 καὶ
2741 1346 2856 1400 ἔστι
2889 1350 2984 1402 καὶ
3014 1349 3348 1416 πιστεύεται.

2248 1615 2339 1685 Μὴ
2365 1615 2542 1680 τοίνυν
2571 1615 2988 1686 ἀπολειφθῶμεν
3011 1618 3111 1685 τῆς
3145 1614 3306 1684 ἁγίας
3339 1613 3430 1668 τοῦ
3459 1610 3594 1667 Θεοῦ
3658 1603 3770 1660 Ἐφ’

495 1713 737 1768 Ecclesia
780 1715 972 1769 abesse
1022 1715 1075 1770 in
1110 1717 1354 1771 animum
1388 1719 1735 1782 inducamus,
1765 1733 1888 1788 qua:
1931 1727 2078 1774 tanta

2184 1706 2434 1776 κλησίας,
2468 1704 2708 1758 τοσαῦτα
2733 1706 2873 1759 κατὰ
2901 1706 3002 1776 τὴν
3049 1705 3158 1759 τῶν
3207 1705 3546 1774 τελουμένων
3595 1703 3758 1758 θείων

495 1802 551 1856 in
597 1803 910 1858 divinorum
963 1807 1362 1877 symbolorum,
1409 1824 1531 1878 quae
1573 1809 1946 1874 celebrantur,
1999 1810 2076 1863 ri-

2187 1797 2470 1868 συμϐόλων
2498 1796 2657 1866 ἁγίαν
2689 1797 2931 1862 διάταξιν
2976 1799 3076 1868 τῆς
3121 1797 3394 1867 σωτηρίας
3441 1798 3474 1866 ἡ
3485 1795 3602 1866 μῶν
3659 1812 3758 1848 πε-

496 1904 761 1965 tuumque
790 1906 976 1951 sancta
1006 1897 1372 1964 ordinatione,
1406 1900 1600 1954 salutis
1629 1909 1832 1956 nostra;
1874 1912 2078 1973 myste-

494 1987 573 2039 ria
598 1987 1012 2055 complectitur;
1037 1989 1239 2058 quibus
1269 1983 1488 2061 egregie
1513 2008 1788 2062 quemque
1824 2003 2074 2058 nostrum

493 2078 589 2146 qui
619 2080 789 2132 vitam
833 2081 1037 2136 virtute
1084 2081 1346 2147 instituit,
1389 2099 1493 2153 pro
1536 2099 1602 2139 eo
1640 2100 1704 2140 ac
1733 2086 1913 2154 capit,
1947 2102 2079 2141 con-

495 2175 755 2222 sentanea
783 2167 1005 2225 Christo
1036 2172 1248 2227 ratione
1277 2172 1575 2240 fabricans,
1609 2176 1757 2245 quod
1803 2191 1904 2246 per
1947 2193 2077 2232 san-

495 2267 641 2312 ctum
669 2258 936 2328 baptisma
961 2261 1015 2314 in
1050 2260 1258 2332 Spiritu
1288 2273 1478 2319 sancto
1505 2265 1800 2321 datum-est
1829 2267 2080 2338 adoptio-

495 2350 582 2404 nis
611 2367 832 2413 munus,
860 2351 1188 2408 Christianis
1217 2355 1467 2413 moribus
1497 2357 1552 2410 in
1581 2359 1756 2427 palam
1782 2361 2072 2429 producit:

495 2439 588 2494 sed
621 2449 823 2509 quanta
855 2441 1106 2510 facultas,
1136 2447 1397 2516 omnique
1425 2447 1726 2518 diligentia,
1753 2450 1948 2522 dignos
1975 2467 2078 2508 nos

494 2531 697 2586 divinis
721 2535 1044 2591 muneribus
1067 2537 1446 2603 exhibeamus,
1471 2555 1570 2608 per
1592 2541 1738 2596 bona
1764 2557 1931 2612 Opera
1955 2544 2076 2616 pla-

493 2631 678 2677 centes
725 2623 871 2687 Deo;
923 2640 1034 2679 non
1091 2637 1483 2682 conversantes
1529 2630 1665 2683 sicut
1711 2639 1910 2701 gentes,
1959 2649 2079 2702 quae

493 2711 662 2766 Deum
703 2715 974 2784 ignorant,
1004 2717 1060 2770 in
1089 2719 1332 2788 passione
1371 2719 1616 2774 desiderii
1649 2732 1672 2760 ο
1717 2737 1783 2776 ac
1809 2723 2074 2790 libidine;

493 2803 590 2858 sed
618 2805 764 2861 sicut
793 2806 870 2861 ait
897 2819 1120 2863 sanctus
1145 2809 1438 2878 Apostolus
1462 2829 1476 2864 :
1509 2811 1886 2880 Mortiﬁcantes
1915 2831 2079 2869 mem-

492 2897 588 2953 bra
624 2914 740 2968 quae
779 2908 901 2952 sunt
940 2916 1098 2970 super
1137 2909 1356 2967 terram,
1393 2900 1816 2973 fornicationem,
1849 2907 2079 2959 immun-

494 2989 701 3056 ditiam,
733 2991 1021 3058 libidinem,
1050 2995 1530 3064 concupiscentiam
1558 2995 1782 3060 malam,
1812 3004 1861 3050 et
1897 3001 2078 3054 avari-

497 3083 648 3146 tiam,
691 3098 807 3153 qua:
855 3090 932 3136 est
969 3083 1380 3139 simulacrorum
1409 3088 1666 3153 servitus;
1704 3097 1918 3158 propter
1961 3103 2079 3158 qua:
2105 3120 2148 3177 ο

497 3175 636 3226 venit
663 3175 746 3226 ira
780 3173 877 3227 Dei
909 3175 975 3227 in-
1003 3173 1142 3242 ﬁlios
1169 3186 1539 3242 contumaces;
1575 3177 1738 3248 524
1769 3195 2080 3250 omnemque

498 3263 635 3316 iram
667 3271 714 3315 et
748 3263 1165 3334 indignationem
1194 3274 1244 3317 et
1274 3273 1484 3336 turpem
1512 3283 1806 3320 sermonem
1845 3275 1895 3320 et
1931 3283 2078 3321 men-

496 3355 708 3410 dacium
738 3354 756 3394 ί
789 3372 803 3408 :
829 3365 906 3418 et,
936 3363 996 3408 ut
1021 3355 1190 3410 semel
1218 3356 1419 3420 dicam,
1455 3366 1628 3412 totum
1655 3368 1882 3412 veterem
1912 3360 2081 3413 homi-

497 3461 637 3506 nem,
661 3445 750 3515 qui
789 3446 1148 3516 corrumpitur
1185 3445 1472 3499 secundum
1513 3445 1772 3500 desideria
1805 3448 1998 3501 erroris
2029 3448 2074 3512 ε,

495 3536 806 3606 deponentes
857 3552 978 3589 cum
1029 3537 1229 3590 actibus
1251 3537 1358 3590 suis
1403 3537 1428 3576 ιι
1477 3545 1526 3590 et
1572 3537 1874 3604 desideriis,
1921 3539 2079 3610 digne

495 3624 604 3678 Deo
650 3625 1006 3692 ambulemus,
1052 3629 1142 3698 qui
1188 3629 1388 3682 vocavit
1430 3645 1523 3683 nos
1562 3629 1615 3682 in
1651 3646 1809 3684 suum
1861 3645 2078 3699 regnum

495 3727 545 3770 et
569 3716 797 3788 gloriam
838 3715 894 3783 i;
945 3719 1224 3773 induentes
1265 3736 1358 3773 nos
1425 3722 1627 3775 viscera
1681 3713 2074 3782 misericordia',

494 3811 886 3881 benignitatem,
922 3811 1340 3877 submissionem,
1382 3813 1856 3877 mansuetudinem,
1887 3811 2076 3884 longa-

494 3903 826 3966 nimitatem;
865 3910 1239 3976 suppqrtantes
1279 3905 1497 3957 inuicem
1543 3905 1599 3958 in
1645 3905 1903 3960 charitate
1947 3917 1995 3972 ι,
2027 3913 2076 3960 et

493 3993 748 4046 donantes
783 3993 1188 4064 nobismetipsis,
1217 3997 1263 4048 si
1291 3998 1406 4065 quis
1438 3996 1687 4050 adversus
1719 3997 1951 4066 aliquem
1980 3999 2078 4052 Ita-

493 4085 576 4137 bet
607 4083 900 4154 querelam,
922 4086 1055 4139 sicut
1089 4096 1136 4140 et
1167 4087 1422 4142 Dominus
1463 4089 1678 4144 donavit
1711 4090 1876 4144 nobis.
1907 4089 2077 4160 Super

493 4179 694 4240 omnia,
746 4176 1013 4232 vinculum
1072 4177 1210 4232 illud
1255 4179 1610 4250 perfectionis,
1660 4182 1976 4236 charitatem
2026 4192 2076 4236 et

493 4283 700 4343 pacem,
731 4270 786 4321 in
821 4285 989 4339 quam.
1017 4276 1066 4323 et
1096 4272 1266 4324 vocati
1306 4287 1484 4324 sumus
1521 4271 1577 4324 in
1614 4288 1720 4326 uno
1753 4289 1970 4344 corpore
2002 4275 2028 4314 ιι
2057 4292 2071 4327 :

493 4366 576 4427 et,
602 4368 660 4414 ut
687 4376 900 4415 summa
926 4360 1128 4438 dicam,
1154 4378 1346 4416 novum
1367 4364 1650 4430 hominem,
1675 4365 1764 4434 qui
1790 4372 2075 4418 renovatur

2180 1888 2467 1960 ριεχούσης
2527 1889 2822 1960 μυστήρια,
2869 1888 2935 1942 δι’
2970 1882 3046 1943 ὧν
3097 1887 3329 1943 ’ἑκαστον
3384 1885 3540 1958 ἡμῶν
3581 1887 3761 1950 καλῶς

2182 1979 2416 2051 μάλιστα
2457 1979 2872 2049 πολιτευόμενον
2905 1978 3184 2048 ἀναλόγως
3220 1977 3398 2048 ἐαυτῷ
3445 1977 3586 2032 κατά
3627 1978 3762 2050 Χρι-

2181 2073 2304 2126 στὸν
2361 2071 2792 2142 δημιουργοῦσα,
2839 2071 2901 2125 τὸ
2957 2071 3111 2126 δοθὲν
3141 2072 3230 2126 διὰ
3261 2069 3355 2124 τοῦ
3378 2071 3534 2140 ἁγίου
3563 2069 3758 2140 βαπτίσ-

2181 2181 2384 2236 σματος
2413 2167 2470 2218 ἐν
2495 2164 2769 2233 Πνεύματι
2805 2163 2944 2234 ἁγίῳ
2968 2163 3214 2235 χάρισμα
3233 2164 3331 2232 τῆς
3359 2160 3649 2226 υἱοθεσίας,
3681 2161 3760 2224 εἰς

2180 2255 2489 2328 φανέρωσιν
2531 2253 2656 2324 ἄγει
2698 2255 2839 2308 κατὰ
2863 2253 3103 2326 Χριστὸν
3131 2252 3547 2324 πολιτευόμενον
3575 2267 3593 2283 ·
3624 2249 3762 2305 ἀλλὰ

2179 2348 2332 2420 πάσῃ
2368 2347 2596 2418 δυνάμει
2623 2363 2683 2400 τε
2711 2346 2806 2400 καὶ
2828 2346 3032 2418 σπουδῇ
3069 2345 3514 2416 παραστήσωμεν
3533 2342 3762 2405 ἑαυτοὺς

2177 2439 2360 2505 ἀξίους
2391 2437 2501 2492 τῶν
2539 2437 2700 2492 θείων
2754 2437 3128 2509 χαρισμάτων,
3185 2436 3252 2490 δι’
3302 2435 3481 2506 ἔργων
3535 2435 3761 2505 ἀγαθῶν

2179 2528 2608 2600 εὐαρεστοῦντας
2635 2528 2714 2598 τῷ
2741 2527 2862 2599 Θεῷ
2892 2543 2906 2556 ·
2961 2528 3038 2598 μὴ
3095 2525 3561 2597 ἀναστρεφόμενοι
3611 2524 3764 2579 κατὰ

2178 2623 2250 2678 τὰ
2288 2623 2458 2690 ἔθνη,
2493 2623 2565 2678 τὰ
2578 2621 2664 2692 μὴ
2693 2621 2898 2676 εἰδότα
2936 2620 3106 2685 Θεὸν,
3127 2621 3198 2676 ἐν
3226 2621 3398 2674 πάθει
3421 2621 3756 2689 ἐπιθυμίας·

2178 2716 2336 2780 ἀλλὰ,
2368 2715 2554 2776 καθώς
2587 2730 2752 2784 φησιν
2775 2713 2804 2765 ὁ
2837 2714 2994 2780 ἅγιος
3034 2710 3376 2778 Ἀ’πόστολος,
3407 2709 3762 2779 Νεκρώσαν-

2177 2825 2278 2874 τες
2329 2809 2402 2862 τὰ
2445 2806 2601 2877 μέλη
2641 2805 2714 2860 τὰ
2741 2806 2842 2859 ἐπὶ
2867 2804 2980 2874 τῆς
3007 2803 3138 2875 τῆς,
3169 2805 3474 2874 πορνείαν,
3505 2805 3763 2871 ἀκαθαρ-

2178 2902 2343 2965 σίαν,
2379 2899 2591 2966 πάθος,
2613 2900 2937 2968 ἐπιθυμίαν
2964 2897 3186 2966 κακὴν,
3247 2897 3347 2951 καὶ
3393 2897 3509 2964 τὴν
3545 2900 3762 2951 πλεον-

2177 2994 2368 3058 εξίαν,
2400 2991 2534 3060 ἣτις
2565 2990 2740 3044 ἐστίν
2787 2987 3249 3056 είδωλολατρεία
3277 3001 3290 3017 ·
3337 2988 3412 3042 δι’
3451 2985 3492 3041 d
3531 2988 3762 3056 ἔρχεται

2180 3086 2218 3153 η
2245 3082 2391 3153 ὀργὴ
2417 3083 2514 3136 ἐπὶ
2536 3081 2680 3147 τοὺς
2703 3081 2874 3148 υἱοὺς
2908 3080 3020 3149 τῆς
3069 3081 3373 3147 ἀπειθείας
3399 3096 3414 3110 ο
3461 3078 3649 3150 ὀργήν
3700 3095 3764 3133 τε

2185 3171 2414 3238 πᾶσαν,
2472 3173 2568 3225 καὶ
2601 3171 2792 3241 θυμὸν
2814 3171 2912 3226 καί
2933 3171 3368 3241 αἰσχρολογίαν
3390 3170 3488 3224 καί
3514 3169 3759 3238 ψεῦδος·

2187 3264 2302 3330 καὶ,
2342 3263 2624 3334 συντόμως
2659 3264 2854 3327 εἰπεῖν,
2908 3263 3085 3316 πάντα
3118 3261 3226 3316 τὸν
3257 3261 3517 3316 παλαιὸν
3545 3261 3764 3330 ἄνθρω-

2185 3365 2324 3420 πον,
2359 3353 2466 3407 τὸν
2483 3353 2875 3422 φθειρόμενον
2915 3352 3068 3406 κατὰ
3124 3353 3234 3416 τὰς
3282 3351 3601 3422 ἐπιθυμίας
3653 3349 3765 3417 τῆς

2185 3443 2440 3511 ἀπάτης,
2467 3443 2824 3512 ἀποθέμενοι
2848 3443 2972 3497 σὺν
2995 3443 3124 3510 ταῖς
3144 3443 3442 3512 πράξεσιν
3459 3443 3645 3499 αὐτοῦ
3661 3443 3761 3497 καὶ

2188 3537 2316 3603 ταῖς
2337 3537 2698 3606 ἐπιθυμίαις,
2727 3536 2912 3602 ἀξίως
2933 3535 3040 3589 τοῦ
3067 3535 3217 3589 Θεοῦ
3242 3533 3760 3603 περιπατήσωμεν,

2185 3627 2294 3684 τοῦ
2341 3628 2721 3694 καλέσαντος
2759 3625 2918 3696 ἡμᾶς
2945 3629 3034 3694 είς
3065 3627 3180 3697 τὴν
3206 3625 3410 3682 αὐτοῦ
3434 3626 3764 3692 ,ϐασιλείαν

2185 3721 2284 3776 καὶ
2323 3720 2512 3785 δόξαν
2541 3735 2555 3748 ·
2601 3717 3003 3787 ἐνδυσάμενοι
3041 3717 3373 3788 σπλάγχνα
3423 3717 3722 3786 οἰκτιρμοῦ
3743 3757 3760 3780 ,
3805 3732 3808 3733 ⁷

2185 3812 2583 3880 χρηστότητα,
2606 3809 3192 3878 ταπεινοφροσύνην,
3215 3809 3526 3876 πραΰτητα
3553 3807 3621 3872 ⁸⁸,
3648 3821 3763 3876 μα-

2184 3901 2512 3971 κροθυμίαν
2535 3917 2550 3931 ⁸
2579 3901 2932 3970 ἀνεχόμενοι
2955 3898 3244 3961 ἀλλήλων
3277 3897 3348 3951 ἐν
3389 3897 3614 3966 ἀγάπῃ,
3663 3895 3760 3950 καί

2183 3990 2555 4062 χαριζόμενοι
2603 3989 2842 4056 ἑαυτοῖς
2891 3989 3002 4044 ἐάν
3032 4006 3124 4055 τις
3148 3990 3298 4058 πρός
3323 4005 3456 4042 τινα
3475 3989 3586 4057 ἔχῃ
3614 4005 3763 4058 μομυ

2182 4083 2330 4153 ξοην,
2361 4082 2556 4149 καθὼς
2583 4082 2682 4136 καί
2709 4085 2742 4136 ό
2768 4084 2984 4150 Κύριος
3006 4082 3052 4114 ⁸⁸
3095 4080 3420 4150 ἐχαρίσατο
3452 4079 3618 4150 ἡμῖν,
3661 4080 3760 4138 ἐπὶ

2183 4175 2342 4244 πᾶσι¹
2362 4192 2428 4230 τε
2455 4175 2563 4230 τὸν
2588 4174 2940 4244 σύνδεσμον
2966 4175 3356 4241 τελειότητος,
3392 4173 3506 4240 τὴν
3520 4173 3763 4242 ἀγάπην

2181 4268 2281 4322 καί
2313 4267 2430 4336 τὴν
2456 4266 2726 4336 ειρήνην,
2755 4257 2843 4332 εὶς
2885 4263 2966 4333 ἢν
3015 4265 3116 4319 καὶ
3155 4264 3505 4333 ἐκλήθημεν
3555 4263 3626 4318 ἐν
3670 4263 3763 4317 ἐνὶ

2181 4357 2407 4429 σώματι
2430 4374 2446 4389 ’
2481 4359 2598 4422 καὶ,
2633 4357 2722 4410 ἵνα
2749 4354 2986 4410 συνελὼν
3013 4353 3314 4420 εἴπω,-τὸν
3356 4353 3500 4409 νέον
3543 4353 3764 4422 ἅνθρω-

493 4453 551 4504 in
579 4451 918 4520 agnitionem,
952 4451 1240 4506 secundum
1281 4454 1569 4523 imaginem
1599 4455 1732 4523 ejus,
1762 4456 1852 4526 qui
1877 4456 2075 4509 creauit

2182 4449 2956 4516 πον,τὸνάνακαινούμενον
2969 4448 3058 4514 εις
3071 4447 3399 4516 ἐπίγνωσιν
3418 4444 3545 4498 κατ’
3560 4445 3764 4498 sincera

491 4545 644 4597 illum
684 4541 726 4595 ι.
753 4543 894 4597 Dum
936 4543 1085 4599 enim
1118 4543 1198 4598 sic
1222 4544 1346 4598 vita:
1377 4544 1620 4599 rationes
1661 4561 2076 4616 componamus,

493 4632 794 4689 ueterimus
822 4635 1014 4704 utique
1037 4635 1092 4688 in
1123 4635 1287 4689 linem
1311 4635 1624 4690 divinarum
1649 4637 2078 4706 promissionum

493 4726 637 4776 bona
663 4738 760 4791 spe
785 4722 906 4778 fulti
935 4724 1149 4790 venire,
1178 4732 1227 4777 et
1260 4723 1472 4796 impleri
1495 4729 1763 4797 agnitione
1792 4727 2082 4812 vol/untatis

491 4814 628 4880 ejus,
660 4815 716 4866 in
735 4815 880 4867 omni
907 4815 1170 4884 sapientia
1200 4820 1250 4870 et
1281 4817 1552 4871 intellectu
1585 4817 1837 4888 spiritali,
1862 4818 2084 4896 fructi/ig

491 4911 670 4958 cantes
697 4912 748 4957 et
785 4913 1070 4960 crescentes
1104 4907 1160 4960 in
1189 4909 1410 4962 scientia
1448 4908 1694 4976 Domini;
1720 4912 1775 4964 in
1801 4914 1944 4966 omni
1973 4913 2080 4964 vir-

495 5005 605 5052 tute
635 4997 936 5068 conﬁrmati
984 5001 1272 5054 secundum
1319 5005 1610 5064 potentiam
1639 5001 1903 5058 claritatis
1943 5003 2082 5074 ejus,

491 5093 546 5143 in
579 5090 723 5142 omni
749 5091 1005 5160 patientia
1031 5098 1080 5144 et
1119 5091 1523 5163 longanimitate
1561 5109 1676 5146 cum
1705 5096 1920 5164 gaudio,
1953 5111 2084 5166 gra-

495 5181 595 5236 tias
637 5189 852 5254 agentes
901 5181 1074 5248 Patri,
1125 5184 1220 5253 qui
1259 5183 1471 5236 idoneos
1518 5199 1612 5237 nos
1645 5183 1764 5254 fecit
1795 5187 1849 5238 in
1877 5193 2085 5256 partem

491 5275 648 5328 sortis
678 5284 983 5328 sanctorum
1013 5275 1068 5327 in
1094 5273 1290 5328 lumine
1317 5283 1379 5329 ω.

561 5475 589 5518 α
621 5477 736 5532 Luc
757 5494 845 5540 xv,
881 5478 971 5532 5i.
1053 5489 1076 5516 ο
1109 5479 1128 5531 Ι
1158 5479 1351 5532 Thess.
1385 5493 1460 5542 IV,
1511 5478 1562 5531 5.

1683 5477 1702 5516 ί
1727 5477 1943 5534 Coloss.
1982 5493 2060 5539 ιιι,
2123 5471 2191 5530 5-
2207 5477 2262 5532 9.

2178 4537 2283 4594 τοῦ
2309 4539 2637 4605 κτίσαντος
2671 4539 2879 4592 αὐτόν.
2909 4536 3065 4590 Οὕτω
3093 4535 3203 4607 γὰρ
3223 4533 3290 4589 ἂν
3311 4531 3576 4604 βιοῦντες,
3600 4533 3764 4602 δυνη-

2180 4632 2409 4702 θείημεν
2439 4631 2576 4701 πρὸς
2599 4631 2662 4682 τὸ
2695 4629 2849 4692 τέλος
2877 4627 3052 4680 ἐλθεῖν
3080 4628 3190 4680 τῶν
3214 4625 3376 4681 θείων
3399 4623 3762 4694 ἐπαγγελιῶν,

2186 4721 2304 4792 μετ’
2339 4721 2554 4783 ἐλπίδος
2578 4719 2790 4790 ἀγαθῆς
2863 4717 3219 4790 πληρωθῆναί
3255 4733 3316 4770 τε
3342 4717 3439 4785 τὴν
3469 4715 3766 4784 ἐπίγνωσιν

2181 4811 2277 4866 τοῦ
2308 4811 2610 4882 θελήματος
2637 4808 2827 4875 αὐτοῦ,
2879 4810 2974 4865 καὶ
3003 4810 3154 4882 πάσῃ
3199 4804 3364 4880 σοφίᾳ
3406 4807 3501 4862 καὶ
3555 4804 3766 4861 συνέσει

2187 4905 2536 4973 πνευματικῇ
2601 4900 3100 4973 καρποφοροῦντες,
3157 4899 3254 4954 καὶ
3301 4897 3656 4969 αὐξανόμενοι
3698 4897 3764 4966 τῇ

2185 4994 2480 5063 ἐπιγνώσει
2510 4993 2718 5065 Κυρίου
2747 5009 2761 5023 ·
2805 4995 2864 5048 ἐν
2913 4993 3064 5064 πάσῃ
3103 4993 3332 5062 δυνάμει
3368 4987 3767 5062 δυναμούμενοι

2185 5087 2326 5142 κατὰ
2373 5086 2434 5140 τὸ
2460 5087 2663 5157 κράτος
2692 5087 2792 5157 τῆς
2836 5085 2994 5156 δόξης
3029 5083 3217 5151 αὑτοῦ,
3241 5085 3320 5147 είς
3349 5084 3528 5137 πᾶσαν
3559 5079 3764 5134 οἰκοδο-

2186 5179 2294 5250 μὴν
2324 5177 2370 5210 ⁸³
2391 5179 2483 5232 καὶ
2511 5177 2893 5248 μακροθυμίαν
2922 5176 3060 5246 μετὰ
3091 5177 3285 5246 χαρᾶς,
3315 5169 3766 5244 εὐχαριστοῦντες

2180 5271 2260 5341 τῷ
2280 5270 2482 5340 Πατρὶ,
2507 5269 2585 5338 τῷ
2619 5267 2946 5322 ἱκανώσαντι
2979 5269 3126 5338 ἡμᾶς
3158 5267 3238 5330 είς
3281 5265 3380 5336 τὴν
3434 5261 3630 5335 μερίδα
3667 5259 3764 5314 τοῦ

2181 5363 2387 5432 κλήρου
2417 5361 2528 5414 τῶν
2557 5359 2726 5429 ἁγίων
2755 5361 2811 5415 ἐν
2835 5359 2913 5431 τῷ
2934 5359 3092 5429 φωτί.
3570 5356 3572 5359 ’

2377 5479 2402 5518 8
2433 5476 2632 5547 Ephes.
2674 5492 2747 5538 ιν,
2781 5473 2968 5547 22η)
3003 5474 3217 5530 Coloss.
3252 5488 3330 5539 ιιι,
3358 5472 3412 5528 9.
3480 5467 3762 5526 ‘lThess.

495 5565 552 5615 ιι,
579 5549 666 5607 12.
720 5546 736 5597 1'
783 5548 985 5616 Ephes.
1013 5563 1086 5614 ιν,
1110 5549 1164 5601 2.
1245 5547 1502 5602 l‘Coloss.
1532 5563 1609 5612 ιιι,
1646 5547 1853 5613 {2,-15.
1940 5547 1955 5586 ι
1990 5547 2080 5601 ibi;

2182 5553 2206 5606 9
2257 5545 2346 5601 10.
2423 5545 2705 5603 ω’(ὶοιοδε.
2739 5561 2776 5610 ι,
2803 5545 2959 5598 9-12.

1768 5663 2006 5720 VARIIE
2048 5663 2452 5722 LEtZTlONES.

571 5753 616 5786 ‘°
636 5755 832 5809 θέωσιν
862 5758 923 5810 Δ.
960 5755 1022 5810 C.
1055 5766 1111 5811 et
1145 5759 1231 5814 Fr.

1312 5760 1354 5791 ⁶¹
1394 5759 1484 5814 Fr.
1523 5760 1824 5828 πραότητα.
1903 5761 1948 5792 ⁵⁸
2002 5759 2080 5823 Χρ

2182 5761 2256 5823 ἐς.
2293 5759 2355 5814 C.
2417 5763 2477 5814 Α.
2558 5759 2603 5790 ⁸³
2636 5756 2823 5810 Graeca
2877 5751 3081 5806 habent
3142 5748 3440 5822 ὑπομονήν.
