4094 6358
310 344 420 413 713

316 556 453 627 πρὸς
482 555 544 607 τὸ
571 555 835 621 συγγενὲς
864 554 931 607 δι’
959 554 1171 617 εὐνοίας
1222 554 1470 616 ἑκούσιος
1515 553 1854 616 συνδιάθεσις
1890 571 1903 584 ·

318 644 387 721 ἦς
409 647 571 718 ἔργον
603 646 779 710 ἐστὶν,
808 646 882 709 ὡς
916 646 1091 709 Θεὸν,·
1116 645 1448 699 οἰκειοῦσθαι
1502 645 1642 697 κατά
1681 644 1912 713 δύναμιν

318 741 410 795 τὸν
440 738 560 792 καθ’
608 737 789 791 ὁτιοῦν
827 738 925 806 τῆς
960 738 1117 807 ἡμῶν
1157 738 1480 807 ἐπικουρίας
1514 738 1767 806 δεόμενον
1818 738 1911 789 ἆν-

321 832 562 905 θρωπον·
581 832 676 885 καὶ
700 834 775 901 μὴ
804 832 899 901 ὲᾷν
923 830 1266 899 ἀτημέλητον
1293 830 1387 881 καὶ
1408 829 1760 899 ἀπρονόητον·
1780 827 1912 879 ἀλλά

328 918 533 996 σπουδῇ
584 925 649 993 τῇ
703 921 990 992 πρεπούσῃ
1041 921 1162 974 κατ’
1216 920 1498 988 ἐνέργειαν
1540 919 1912 973 ἐνδείκνυσθαι

248 1029 256 1035 ‘
327 1015 506 1081 ζῶσαν
527 1013 626 1085 τὴν
647 1015 707 1065 ὲν
735 1015 866 1083 ἡμῖν
891 1013 1024 1081 πρός
1061 1030 1122 1065 τε
1144 1014 1233 1067 τὸν
1262 1013 1393 1065 Θεὸν
1424 1014 1519 1066 καὶ
1548 1012 1635 1065 τὸν
1685 1011 1912 1080 πλησίον

326 1106 585 1164 διάθεσιν.
635 1106 838 1174 Ἔργον
883 1106 993 1175 γὰρ
1033 1105 1312 1171 ἀπόδειξις
1372 1105 1686 1166 διαθέσεως.
1743 1104 1910 1157 Οὐδὲν

327 1199 434 1269 γὰρ
492 1195 618 1250 οὔτε
681 1197 820 1267 πρὸς
881 1196 1230 1265 δικαιοσύνην
1282 1196 1425 1249 οὓτω
1497 1196 1674 1267 ῥᾴδιόν
1739 1197 1907 1258 ἐστιν,

324 1288 446 1341 οὔτε
488 1288 626 1355 πρὸς
677 1287 874 1340 θέωσιν
922 1288 1014 1355 (ἵν’
1068 1287 1242 1350 οὕτως
1278 1287 1439 1350 εἴπω)
1491 1289 1583 1339 καὶ
1627 1286 1724 1355 τὴν
1780 1287 1911 1355 πρὸς

322 1379 459 1434 Θεὸν
484 1379 765 1450 ἐγγύτητα
793 1381 1129 1451 καθέστηκεν
1165 1384 1489 1452 ἐπιτήδειον,
1525 1382 1599 1443 ὡς
1657 1382 1803 1443 ἕλεος
1849 1384 1911 1433 ἐκ

321 1470 501 1541 ψυχῆς
519 1472 598 1533 είς
617 1471 743 1533 τοὺς
765 1472 1050 1541 δεομένους
1081 1463 1196 1541 μεθ’
1219 1473 1409 1543 ἡδονῆς
1438 1476 1530 1525 καὶ
1552 1475 1722 1544 χαρᾶς
1750 1490 1912 1541 προσ-

329 1561 653 1631 φερόμενος.
715 1564 776 1615 El
809 1564 917 1635 γὰρ
948 1564 1080 1616 Θεὸν
1108 1566 1136 1616 ό
1163 1566 1333 1633 Λόγος
1376 1566 1465 1617 τὸν
1502 1562 1558 1617 εὖ
1587 1566 1775 1617 παθέἰν
1807 1566 1912 1617 636-

328 1671 493 1725 μενον
540 1654 764 1719 ἔδειξεν.
831 1657 957 1724 Ἐφ’
1000 1656 1153 1709 ὅσον
1184 1656 1293 1727 γὰρ
1342 1656 1686 1722 ἐποιήσατε,
1724 1657 1908 1725 φησιν,

324 1744 418 1799 ἐνί
474 1746 703 1799 τούτων
758 1748 880 1801 τῶν
939 1747 1320 1816 ἐλαχίστων,
1372 1750 1499 1817 ἐμοὶ
1543 1752 1908 1819 ἐποιήσατεο

326 1836 461 1899 Θεὸς
481 1836 539 1890 δὲ
570 1840 599 1891 ὁ
630 1835 822 1903 εἰπὼν,
852 1837 1032 1907 πολλῴ
1067 1838 1265 1908 μᾶλλον
1291 1841 1382 1893 τὸν
1429 1837 1488 1893 εὖ
1535 1845 1708 1894 ποιεῖν
1764 1844 1915 1898 δυνά·
1948 1822 1988 1875 Β

332 1946 496 2000 μενον
523 1930 617 1984 καὶ
643 1931 917 1996 ποιοῦντα,
961 1931 1124 1996 δείξει
1172 1932 1388 2002 ἀληθῶς
1434 1936 1575 1986 κατά
1620 1935 1780 2005 χάριν
1824 1939 1915 1989 καὶ

337 2020 553 2092 μέθεξιν
577 2021 708 2076 ὄντα
736 2023 890 2085 Θεὸν,
929 2020 1005 2085 ὡς
1033 2023 1131 2093 τὴν
1155 2023 1318 2077 αὐτοῦ
1343 2025 1443 2093 τῆς
1470 2027 1792 2097 εὐεργεσίας
1822 2028 1913 2079 es-

336 2112 590 2183 μιμήτως
635 2112 1035 2183 ἀνειλημμένον
1082 2115 1363 2185 ἐνέργειαν
1406 2132 1464 2167 τε
1504 2119 1600 2168 καὶ
1653 2118 1911 2185 ἰδιότητα.

330 2204 443 2258 Καὶ
468 2204 517 2257 εί
547 2204 679 2268 Θεὸς
707 2207 735 2258 ὁ
758 2206 991 2276 πτωχὸς,
1026 2204 1115 2258 διὰ
1140 2206 1239 2277 τὴν
1263 2208 1357 2260 τοῦ
1392 2206 1457 2261 δι’
1490 2210 1635 2278 ἡμᾶς
1666 2210 1914 2280 πτωχεύ-

329 2313 524 2362 σαντος
546 2298 682 2351 Θεοῦ
716 2299 1148 2367 συγκατάϐασιν,
1179 2299 1275 2351 καὶ
1298 2301 1377 2361 είς
1428 2301 1622 2354 ἑαυτὸν
1677 2303 1910 2355 ἑκάστου

326 2387 635 2457 συμπαθῶς
666 2387 1067 2458 ἀναδεχομένου
1104 2388 1273 2459 πάθη.
1308 2376 1403 2442 καί
1441 2390 1601 2459 μέχρι
1645 2392 1746 2461 τῆς
1791 2410 1915 2448 συν-

322 2480 542 2542 τελείας
569 2479 665 2533 τοῦ
688 2480 905 2543 αἰῶνος,
938 2480 1078 2533 κατά
1100 2482 1198 2551 τὴν
1234 2482 1525 2549 ἀναλογίαν
1555 2482 1651 2536 τοῦ
1688 2486 1748 2540 ὲν
1786 2487 1914 2541 ἑκά-

318 2585 442 2643 στῳ
472 2570 699 2634 πάθους,
729 2571 817 2624 ἀεὶ
838 2570 906 2624 δι’
928 2570 1244 2641 ἀγαθότητα
1269 2572 1569 2641 πάσχοντος
1598 2578 1875 2644 μυστικῶς
1897 2594 1911 2610 ·

325 2659 496 2715 πλέον
522 2660 769 2730 δηλονότι
805 2660 852 2693 ⁸⁸
889 2661 1032 2714 κατὰ
1067 2661 1157 2713 τὸν
1184 2661 1369 2715 εἰκότα
1394 2662 1549 2730 λόγον
1579 2663 1728 2717 ἔσται
1760 2666 1912 2730 Θεὸς,

322 2754 354 2808 ὁ
393 2754 535 2807 κατὰ
576 2752 809 2823 μίμησιν
834 2752 929 2806 τοῦ
965 2752 1102 2821 Θεοῦ
1136 2753 1224 2807 διὰ
1267 2754 1679 2825 φιλανθρωπίαν
1709 2760 1774 2810 τα
1808 2759 1916 2811 τῶν

324 2845 613 2902 παθόντων
645 2843 794 2913 πάθη
823 2844 893 2898 δι’
944 2845 1138 2897 ἑαυτοῦ
1186 2844 1506 2915 θεοπρεπῶς
1564 2848 1859 2919 ἐξιώμενος
1901 2867 1913 2882 ·

322 2939 423 2993 καὶ
452 2938 551 3008 τὴν
579 2936 746 3008 αὐτὴν
772 2937 849 3007 τῷ
872 2937 1009 3007 Θεῷ,
1041 2938 1183 2989 κατά
1204 2939 1497 3007 ἀναλογίαν
1522 2944 1622 3012 τῆς
1646 2947 1917 3015 σωστικῆς

323 3034 609 3103 προνοίας,
655 3031 801 3086 κατά
832 3031 1076 3085 διάθεσιν
1114 3031 1253 3099 έχων
1283 3032 1633 3102 δεικνύμενος
1662 3034 1912 3105 δύναμιν.

1685 344 1741 406 Μ
1758 345 2084 407 YSTAGOG
2098 348 2168 406 ΙΛ
2181 395 2193 407 .

388 461 578 532 Σαφὴς
601 461 659 515 δὲ
690 462 789 532 τῆς
827 462 1052 532 χάριτος
1100 461 1301 531 ταύτης
1350 462 1495 514 ἐστὶν
1534 460 1830 525 ἀπόδειξις,
1873 463 1906 528 ὴ
1938 468 1977 521 Α

3498 355 3605 435 714

2080 464 2305 533 Affectus
2342 482 2494 536 opere
2520 468 2845 537 probandus.-
2875 469 3242 538 Bcncﬁcentfa:
3268 473 3362 530 vis,
3392 481 3447 524 ut
3481 473 3604 526 deos

2018 551 2482 625 faciat—Hujus
2525 570 2709 612 autem
2761 560 2949 628 gratia:
3001 562 3145 614 clara
3194 562 3444 630 probatio
3488 574 3603 625 est,

2020 652 2319 712 spontanea
2353 648 2539 702 animo
2572 649 2711 704 bene
2753 651 2959 703 volenti
3003 666 3127 720 erga
3162 655 3381 721 generis
3415 670 3602 707 ncces-

2018 738 2260 792 situdine
2291 739 2450 794 nobis
2475 742 2820 811 conjunetos,
2844 743 3094 815 affectio;
3125 725 3282 813 cujus
3306 745 3411 798 hoc
3442 760 3603 812 opus.

2020 831 2125 885 hoc
2154 832 2387 898 facinus,
2422 845 2481 888 ut
2512 835 2762 904 quisquis
2787 835 3071 888 hominum
3111 837 3220 889 ulla
3250 837 3303 889 in
3333 852 3390 889 re
3418 846 3605 890 nostra

2018 938 2121 991 ope
2157 933 2332 992 egeat,
2370 925 2515 977 haud
2566 940 2729 979 secus
2774 940 2838 979 ac
2870 925 3041 979 Deum
3078 941 3178 993 pro
3205 925 3347 978 virili
3395 935 3603 984 nostra,

2019 1014 2295 1068 demereri
2329 1016 2679 1078 Studeamus,
2712 1031 2814 1069 nec
2850 1017 3161 1086 neglectum
3212 1031 3275 1069 ac
3323 1016 3441 1069 sine
3476 1032 3607 1068 cura

2020 1107 2303 1175 praeterire
2331 1124 2431 1161 nos
2462 1124 2587 1162 cum
2632 1110 2877 1163 sinamus
2901 1148 2914 1171 ,
2945 1109 3062 1173 sed,
3094 1125 3200 1177 qua
3240 1125 3338 1177 par
3364 1118 3447 1161 est
3477 1108 3606 1161 dili-

2019 1200 2222 1269 gentia,
2264 1201 2441 1270 reipsa
2479 1200 2532 1255 in
2567 1201 2728 1255 nobis
2762 1201 2945 1254 vivere
2972 1216 3035 1253 ac
3063 1200 3268 1270 vigere,
3295 1216 3405 1268 quo
3435 1200 3606 1252 Deum

2018 1291 2443 1362 proximumque
2484 1293 2889 1362 prosequimur,
2923 1291 3180 1345 affectum
3224 1290 3604 1343 ostendamus.

1984 1432 1987 1435 .
2018 1382 2263 1437 Affectus
2297 1384 2443 1437 enim
2476 1384 2730 1453 probatio
2784 1392 2870 1437 est
2908 1384 3091 1453 operis
3127 1382 3416 1436 exhibitio.
3460 1381 3608 1435 Nihil

2021 1473 2223 1542 quippe
2256 1473 2321 1526 ad
2357 1473 2623 1543 justitiam
2664 1472 2801 1527 adeo
2833 1472 3012 1537 facile,
3043 1471 3230 1541 sicque
3259 1486 3607 1540 consequen-

2020 1562 2145 1615 dam
2174 1562 2433 1615 deitatem
2468 1565 2550 1631 (ut
2582 1563 2661 1616 sic
2683 1562 2898 1632 loquar)
2934 1562 3274 1631 expeditum,
3308 1570 3363 1616 et
3392 1570 3451 1615 ut
3478 1576 3606 1623 sum

2020 1653 2132 1707 Deo
2153 1653 2557 1707 necessitudine
2577 1655 2891 1723 jungamur,
2919 1668 2982 1707 ac
3018 1652 3416 1716 misericordia,
3441 1668 3606 1721 quam

2020 1761 2085 1797 ex
2116 1744 2299 1799 animo
2330 1760 2455 1799 cum
2492 1747 2769 1814 voluptate
2813 1751 2868 1799 et
2913 1745 3113 1813 gaudio
3158 1744 3510 1798 conferamus
3551 1744 3605 1798 in

2019 1853 2135 1901 eos,
2169 1838 2261 1906 qui
2296 1837 2562 1907 indigent.
2613 1837 2895 1907 Siquidem
2938 1838 3084 1891 enim
3131 1836 3436 1905 Scriptura,
3479 1851 3608 1889 eum

2022 1931 2115 2001 qui
2162 1930 2284 1999 opis
2328 1938 2452 1999 eget
2499 1937 2555 1983 et
2603 1938 2664 1983 ut
2715 1928 2983 1982 beneficio
3036 1928 3411 1997 impartiatur,
3442 1927 3609 1980 deum

2021 2022 2284 2076 ostendit.
2318 2020 2565 2086 Quandiu
2588 2022 2756 2085 enim,
2781 2020 2978 2089 inquit,
3012 2021 3103 2072 uni
3135 2035 3197 2071 ea:
3224 2019 3456 2071 minimis
3481 2020 3609 2071 meis

2019 2111 2133 2165 istis
2160 2112 2375 2181 fecistis,
2403 2113 2529 2165 mihi
2558 2112 2747 2181 fecistis
2778 2120 2807 2147 ιι
2840 2128 2853 2164 ι
2889 2112 3060 2164 Porro
3091 2111 3235 2163 Deus
3266 2117 3361 2163 ’cst
3394 2110 3487 2178 qui
3532 2109 3613 2161 lo-

2021 2208 2252 2277 quitur;
2285 2206 2491 2276 potiori
2541 2207 2702 2275 longe
2748 2204 2984 2269 ratione,
3031 2219 3194 2266 eum,
3249 2202 3338 2256 cui
3389 2202 3613 2256 benefa-

2021 2299 2201 2354 ciendi
2248 2280 2610 2362 facultaslest,
2661 2311 2838 2365 exque
2890 2296 2982 2349 illa
3033 2294 3326 2358 henefacit,
3358 2294 3615 2348 ostendet

2020 2406 2208 2445 revera
2235 2406 2335 2459 per
2356 2390 2584 2459 gratiam
2606 2389 2812 2457 Deique
2835 2387 3256 2458 participatione
3280 2387 3442 2439 deum
3467 2401 3610 2450 esse,

2018 2484 2109 2553 qui
2141 2474 2261 2552 ejus
2301 2481 2701 2543 henelicentim,
2753 2480 3011 2549 prmclare
3052 2477 3339 2541 imitando,
3388 2477 3500 2530 vim
3549 2493 3613 2532 ac

2020 2573 2412 2642 proprietatem
2457 2571 2662 2624 inierit.
2688 2569 3309 2647 Ac-siquidengpauper
3338 2568 3477 2623 deus
3504 2578 3611 2631 est,

2022 2666 2231 2721 ideirco
2262 2665 2391 2734 quia
2421 2665 2567 2718 Deus
2592 2662 2750 2733 525
2781 2678 2888 2732 qua
2920 2678 2976 2717 se
3008 2662 3170 2716 nobis
3197 2661 3420 2716 demisit
3446 2677 3510 2716 ac
3530 2662 3615 2714 in-

2022 2755 2267 2821 clinavit,
2317 2770 2523 2825 egenus
2573 2754 2750 2809 factus
2795 2761 2879 2807 est
2913 2762 2962 2818 ο,
3012 2754 3179 2823 inque
3229 2755 3469 2823 seipsum
3516 2768 3616 2821 per

2021 2863 2291 2904 summam
2339 2845 2748 2900 miserationem
2787 2846 3053 2915 cujusque
3098 2846 3309 2914 recepit
3342 2845 3504 2907 mala,
3550 2859 3615 2898 ac

2021 2956 2197 3013 usque
2230 2939 2299 2993 ad
2346 2936 2531 2992 saeculi
2568 2937 3099 2991 consummationem
3136 2951 3235 3005 pro
3274 2951 3339 2989 eo
3375 2952 3439 2990 ac
3462 2936 3616 3005 quie-

2023 3050 2132 3106 que
2160 3031 2320 3086 malis
2353 3029 2609 3091 afficitur,
2662 3043 2882 3097 semper
2912 3029 3141 3099 mystice
3174 3029 3441 3082 bonitatis
3476 3037 3613 3080 nutu

325 3124 563 3195 patitur;
607 3125 781 3195 magis
823 3124 1036 3195 utique.
1072 3125 1270 3178 merito
1313 3124 1451 3178 deus
1497 3124 1624 3187 erit,
1674 3127 1766 3195 qui
1818 3129 1914 3184 Dei
1959 3127 2264 3186 imitatione
2296 3120 2655 3176 humanitatis
2687 3118 2872 3173 studio
2936 3134 3000 3173 ac
3064 3118 3423 3189 benignitate,
3460 3117 3615 3172 labos

321 3221 565 3275 rantium
611 3221 754 3275 mala
798 3235 863 3275 ac
902 3220 1281 3290 aegritudines,
1350 3236 1448 3289 per
1492 3235 1551 3275 se
1598 3222 1715 3290 ipse
1763 3224 1949 3282 divine
1988 3226 2325 3286 medicatur;
2391 3207 2756 3285 eamdemque
2798 3230 2922 3269 cum
2953 3215 3066 3269 Deo
3104 3230 3205 3285 pro
3239 3224 3355 3269 rata
3398 3230 3497 3269 sua
3531 3230 3625 3267 ra-

322 3317 477 3372 tione
506 3317 743 3371 salubris
769 3316 1129 3385 providentia:
1159 3316 1267 3369 vim
1297 3317 1601 3370 secundum
1633 3318 1914 3389 affectum,
1956 3324 2161 3378 habere
2190 3325 2546 3371 monstratur.

392 3406 493 3468 Τίς
514 3404 608 3459 οὖν
640 3406 750 3477 ἄρα
792 3406 929 3476 πρὸς
977 3406 1180 3476 ἀρετὴν
1228 3404 1372 3458 οὓτω
1420 3407 1622 3477 βραδύς
1662 3411 1779 3462 ἐστι
1818 3413 1911 3463 καὶ
1941 3421 1984 3477 C

318 3496 663 3568 δυσκίνητος.
694 3497 838 3550 ὥστε
872 3497 945 3569 μὴ
983 3498 1232 3568 ἐφίεσθαι
1267 3497 1545 3567 θεότητος,
1607 3500 1781 3565 οὕτως
1824 3504 1914 3555 εὐ-

321 3590 470 3645 ώνου
492 3607 550 3642 τε
577 3590 674 3643 καὶ
714 3589 1041 3660 εὐπορίστου
1078 3590 1170 3642 καὶ
1205 3590 1394 3661 ῥᾳδίας
1427 3588 1594 3659 οὔσης
1628 3595 1725 3661 τῆς
1766 3596 1906 3664 xvi;-

326 3698 464 3744 σεως
488 3698 503 3745 ς
548 3682 605 3732 Ἀ
618 3680 826 3750 ςφαλὴς
852 3680 909 3733 δὲ
940 3680 1147 3734 τούτων
1173 3682 1289 3733 ἐστὶ
1326 3681 1420 3735 καὶ
1449 3682 1645 3746 ἄσυλος
1673 3684 1911 3756 φυλακὴ,

327 3773 427 3826 καὶ
452 3773 697 3843 εὐμαρὴς
743 3773 880 3843 πρὸς
923 3773 1197 3843 σωτηρίαν
1219 3774 1336 3837 ὁδός
1358 3789 1371 3802 °
1408 3770 1497 3846 ἧς,
1534 3772 1711 3844 οἶμαι,
1746 3780 1915 3849 χωρὶς

327 3863 453 3917 κατ’
477 3862 732 3933 ἀλήθειαν
768 3862 921 3916 οὐδὲν
951 3862 1104 3915 ἔσται
1141 3863 1250 3915 τῶν
1295 3863 1515 3930 ἀγαθῶν
1562 3866 1812 3930 ἀϐλαϐῶς
1839 3867 1916 3937 τῷ

326 3955 509 4026 ἔχοντι
559 3954 1030 4025 συντηρούμενον·
1083 3957 1115 4023 ἡ
1153 3955 1522 4025 αύτοπραγία,
1573 3958 1749 4009 είτουν
1792 3958 1915 4011 ἰδιο-

328 4046 563 4119 πραγία,
588 4047 655 4100 δι’
678 4042 747 4117 ἧς
789 4046 1011 4099 τὰ⁴κοιθ⁹
1041 4047 1270 4109 ἑαυτοὺς
1315 4050 1539 4099 σκοπεῖν
1570 4064 1630 4100 τε
1667 4049 1761 4101 καὶ
1803 4050 1915 4102 6:1-

327 4138 670 4191 σκέπτεσθαι
718 4138 914 4207 μόνους
983 4138 1370 4207 μανθάνοντες,
1405 4140 1500 4193 τοῦ
1567 4143 1696 4211 παρ’
1740 4143 1915 4195 ἄλλων

320 4228 585 4299 διακενῆς
631 4229 838 4299 βλάῦην
875 4228 1021 4299 ἔχειν
1070 4229 1527 4300 ἐλευθερούμεθιι.
1561 4232 1623 4285 ΕΞ
1657 4233 1764 4302 γὰρ
1793 4228 1915 4285 ἑαυι

322 4321 452 4383 τοὺς
508 4320 706 4390 μόνους
765 4322 898 4392 ὁρᾷν
935 4337 995 4374 τε
1042 4322 1136 4373 καὶ
1178 4320 1394 4385 ἐτάζειν
1446 4322 1734 4393 μάθοιμεν,
1768 4323 1912 4376 οὐδέ-

324 4428 458 4467 ποτε
483 4414 600 4475 τοῖς
626 4413 736 4466 τῶν
750 4412 947 4476 ἄλλων,
981 4413 1056 4475 ὼς
1094 4411 1140 4465 δ’
1165 4414 1232 4466 ἂν
1267 4412 1461 4482 ἔχοντα
1488 4412 1753 4481 τύχωσιν,
1790 4416 1917 4466 ἐπι-

328 4501 644 4575 θησόμεθαο
677 4503 1042 4571 γινώσκοντες
1074 4503 1172 4555 ἕνα
1216 4504 1378 4572 μόνον
1420 4504 1615 4575 κριτὴν
1666 4506 1828 4571 σοφόν
1856 4523 1912 4559 τε

325 4596 427 4650 καὶ
475 4594 689 4661 δίκαιον
731 4595 825 4647 τὸν
877 4594 1031 4658 Θεὸν,
1080 4595 1173 4647 τὸν
1222 4595 1403 4662 σοφῶς
1442 4613 1501 4648 τε
1545 4597 1640 4649 καὶ
1692 4597 1916 4660 δικαίως

326 4688 509 4742 πάντα
551 4687 619 4740 τὰ
667 4687 931 4757 γινόμενα
991 4686 1288 4757 κρίνοντα*
1342 4685 1468 4740 καθ’
1513 4686 1572 4738 ὃν
1620 4688 1915 4758 γεγένηται

2101 3407 2460 3478 Ὶδιοπραγία,
2494 3421 2575 3468 ac,
2611 3404 2749 3475 quod
2800 3421 2915 3473 qms
2953 3420 3051 3458 sua
3088 3410 3232 3456 curet
3267 3409 3495 3471 agatque
3524 3400 3624 3452 do-

2016 3522 2207 3559 norum
2247 3503 2342 3556 Dei
2379 3508 2494 3554 tuta
2535 3501 2593 3553 in
2629 3499 2775 3553 nobis
2805 3496 3309 3563 custodia.—Quis
3329 3497 3408 3550 sic
3444 3497 3616 3565 igitur

2015 3598 2082 3651 ad
2110 3597 2370 3649 virtutem
2405 3593 2615 3655 tardus,
2648 3591 2837 3660 sicque
2868 3599 3016 3645 motu
3046 3589 3228 3658 segnis
3258 3604 3322 3641 ac
3349 3586 3609 3649 dillieilis,

2015 3698 2075 3742 ut
2110 3687 2331 3741 deitatis
2376 3684 2653 3739 desiderio
2684 3698 2795 3736 non
2827 3691 3041 3752 agatur,
3075 3696 3237 3750 quam
3282 3679 3427 3732 facili
3472 3678 3612 3731 adeo

2014 3782 2193 3852 pretio
2220 3794 2473 3833 coemere
2502 3793 2564 3831 ac
2591 3791 2910 3845 comparare
2943 3774 3140 3843 queat?
3171 3773 3311 3826 Tuta
3354 3786 3508 3833 vero,
3544 3786 3610 3825 ac

2017 3871 2353 3926 inviolabilis
2395 3871 2591 3924 horum
2624 3867 2874 3922 custodia
2908 3874 3017 3925 est.
3046 3866 3333 3933 facilisque
3360 3862 3426 3917 ad
3458 3863 3607 3916 salu-

2021 3970 2127 4017 tem
2146 3963 2255 4026 via,
2277 3961 2393 4016 sine
2414 3975 2519 4029 qua
2540 3959 2621 4029 (ιιι
2643 3975 2744 4029 ego
2762 3957 2986 4028 quidem
3006 3954 3281 4025 existimo)
3302 3969 3464 4007 nemo
3478 3969 3609 4006 vere

2016 4072 2077 4110 ea
2103 4071 2225 4125 qua:
2249 4054 2463 4108 ohtinet
2488 4053 2653 4117 bona,
2682 4052 2848 4106 ill-.esa
2882 4048 3204 4111 servaverit,
3234 4055 3290 4101 et
3336 4054 3394 4100 ut
3425 4046 3611 4100 damni

2017 4146 2154 4200 nihil
2188 4145 2443 4215 accipiat,
2476 4143 2561 4198 sui
2594 4142 2684 4196 illa
2713 4141 2926 4211 privata
2955 4148 3059 4203 est,
3089 4155 3152 4193 ae
3178 4154 3357 4193 rerum
3385 4154 3608 4191 suarum

2017 4237 2353 4307 agendarum
2399 4250 2566 4299 cura;
2613 4220 2742 4303 qua,
2790 4241 2979 4286 nostra
3027 4223 3293 4285 duntaxat
3334 4228 3610 4298 dispicere

2016 4328 2163 4381 docti
2215 4343 2279 4382 ac
2326 4326 2700 4389 considerare,
2733 4324 2788 4379 id
2836 4323 3250 4393 consequimur,
3286 4330 3347 4376 ut
3388 4323 3457 4376 ab
3486 4322 3610 4376 aliis

2016 4418 2406 4473 nihiLfrustra
2450 4416 2636 4471 damni
2674 4415 3029 4484 accipiamus.
3061 4414 3117 4468 Si
3151 4414 3300 4469 enim
3333 4428 3435 4467 nos
3464 4414 3609 4482 ipsos

1991 4513 2193 4565 -solum
2240 4510 2440 4581 intueri
2477 4524 2541 4563 ac
2585 4508 2902 4563 examinare
2937 4507 3275 4571 noverimus,
3324 4506 3608 4575 nunquam

2018 4600 2074 4653 in
2124 4600 2212 4653 illa
2256 4614 2377 4669 qure
2419 4607 2546 4653 sunt
2580 4598 2838 4661 aliorum,
2871 4598 3251 4666 cujuscunque
3293 4596 3440 4650 modi
3474 4596 3607 4657 sint,

2017 4691 2252 4761 grassari
2300 4691 2458 4745 nobis
2492 4688 2932 4758 indulgchimus;
2966 4688 3059 4757 qui
3090 4686 3354 4741 nimirum
3381 4687 3611 4741 unicum

324 4776 507 4848 λόγον,
558 4778 674 4831 ἀλλ’
749 4778 811 4831 οὐ
862 4778 983 4832 καθ’
1029 4776 1088 4829 ὃν
1155 4780 1539 4849 πεφανέρωται
1578 4780 1812 4849 τρόπον’
1857 4780 1915 4832 ὃν

2017 4782 2257 4853 judicem
2305 4797 2429 4836 cum
2463 4781 2768 4851 sapientem
2812 4788 2927 4833 tum
2972 4780 3203 4850 justum,
3247 4788 3447 4834 cuncta
3489 4796 3612 4849 qua:

328 4871 465 4932 ἶσως
495 4868 561 4937 διν
588 4869 837 4923 δύναιντο
866 4869 961 4923 καὶ
1000 4868 1278 4939 ἅνθρωποι
1300 4870 1525 4939 κρίνειν,
1551 4872 1806 4941 ἀμυδρῶς
1832 4876 1912 4935 εἰς

323 4961 391 5015 τὸ
416 4963 746 5030 φαινόμενον
793 4962 1111 5031 βλέποντες·
1146 4963 1275 5033 περὶ
1303 4962 1332 5015 ὃ
1364 4965 1423 5015 οὐ
1458 4963 1672 5027 πάντως
1704 4965 1850 5017 ἐστὶν
1880 4966 1912 5037 ὴ

325 5057 582 5128 ἀλήθεια,
605 5056 733 5110 οὐδὲ
764 5057 874 5109 τῶν
908 5056 1212 5125 γινομένων
1233 5056 1261 5106 ὁ
1288 5055 1465 5123 λόγος.
1509 5055 1567 5109 ’0
1595 5056 1649 5108 δὲ
1674 5056 1826 5119 Θεὸς,
1853 5058 1913 5109 τὸ

323 5150 535 5217 ἀφανές
562 5167 622 5201 τε
646 5148 852 5217 κίνημα
879 5148 976 5218 τῆς
996 5146 1197 5216 ψυχῆς,
1217 5147 1313 5199 καὶ
1338 5149 1437 5218 τὴν
1465 5148 1693 5220 ἀόρατον
1714 5148 1910 5219 ὁρμὴν,

328 5244 424 5295 καὶ
456 5245 549 5294 τὸν
588 5242 744 5310 λόγον
777 5242 962 5302 αὐτὸν,
1014 5240 1137 5293 καθ’
1166 5240 1225 5292 ὃν
1252 5240 1507 5310 ὥρμηται
1543 5244 1574 5311 ἡ
1611 5241 1779 5311 ψυχὴ,
1819 5243 1914 5294 καὶ

325 5334 417 5386 τὸν
453 5332 549 5385 τοῦ
595 5333 780 5399 λόγου,
817 5331 1021 5385 σκοπόν
1045 5348 1057 5360 ·
1086 5331 1358 5394 τουτέστι,
1393 5332 1450 5384 τὸ
1500 5333 1699 5396 παντὸς
1736 5335 1914 5402 πράγ-

329 5443 501 5496 ματος
545 5425 1107 5496 προεπινοούμενονεδ
1139 5424 1295 5487 τέλος
1332 5424 1568 5494 βλέπων,
1609 5425 1785 5494 κρίνει
1835 5427 1914 5478 δι-

397 5568 427 5618 F
453 5559 647 5616 Matth.
677 5575 804 5625 xxv,
832 5560 925 5618 40.
1006 5565 1031 5593 ο
1066 5559 1111 5613 ll
1138 5557 1269 5614 Cor.
1297 5574 1420 5625 vui,
1449 5559 1503 5614 9.

2021 4875 2160 4928 fiunt
2215 4874 2494 4944 sapienter
2536 4873 2792 4942 justeque
2836 4872 3174 4942 judicantem
3244 4872 3451 4936 Deum,
3500 4889 3612 4927 non

2020 4965 2366 5036 ignoremus;
2396 4980 2613 5033 nempe,
2645 4978 2753 5032 qua
2784 4965 2999 5017 ratione
3027 4964 3117 5017 illa
3149 4963 3288 5018 facta
3326 4973 3475 5025 sunt,
3500 4979 3610 5016 non

2018 5075 2086 5115 eo
2121 5059 2283 5113 modo
2314 5074 2425 5129 quo
2464 5058 2715 5128 prodita;
2748 5072 2860 5126 quo
2885 5057 3050 5112 etiam
3087 5057 3228 5111 forte
3254 5056 3506 5115 homines
3529 5057 3614 5124 ju-

2021 5151 2208 5206 dicare
2257 5152 2493 5221 possint,
2539 5152 2807 5219 tantispcr
2852 5149 3088 5204 ohseure
3136 5149 3242 5202 hoc
3284 5156 3614 5202 contuentes

2022 5244 2168 5313 quod
2205 5254 2289 5298 est
2332 5245 2713 5313 conspicuum,
2746 5260 2808 5297 ac
2846 5244 3022 5298 oculis
3057 5250 3245 5311 paret;
3279 5241 3332 5293 in
3361 5255 3470 5309 quo
3501 5255 3609 5293 non

2020 5336 2247 5390 omnino
2289 5337 2391 5390 sita
2417 5337 2641 5398 veritas,
2676 5344 2768 5389 aut
2793 5351 2983 5389 eorum
3012 5350 3134 5402 qua:
3169 5332 3307 5386 fiunt
3337 5331 3478 5385 ratio
3508 5348 3610 5401 po-

2021 5435 2124 5485 sita
2168 5436 2272 5485 est.
2302 5430 2451 5485 Deus
2489 5437 2696 5495 autem,
2727 5428 3025 5482 obscurum
3077 5426 3256 5496 ipsum
3288 5425 3459 5505 animi
3494 5430 3614 5479 mo-

1634 5670 1721 5724 VA
1734 5672 1871 5727 RLE
1914 5674 2319 5732 LECTlONES.

396 5765 444 5799 ⁸⁷⁵
482 5765 538 5819 δὲ
567 5764 725 5836 δῆλον
746 5765 826 5818 ὅτι
857 5763 919 5819 C.
961 5764 1000 5817 Α
1104 5764 1147 5794 ⁸⁸⁸
1202 5762 1688 5833 προεπιδοουμὲνου
1721 5763 1780 5819 C.
1824 5766 1889 5819 A.

736 5859 1001 5921 PATnoL.
1048 5859 1163 5920 Ge.
1205 5858 1359 5921 XCI.
