4094 6364
501 309 604 378 ιιι

1659 315 1721 376 S.
1761 319 2049 380 ΜΑΧΙΜΙ
2089 318 2596 380 CONFESSORIS

3655 337 3770 397 ’1⁵12

505 427 681 483 reatu,
706 416 1086 479 alnictionem,
1123 433 1186 474 ac
1211 435 1332 489 ηυδε
1364 421 1490 476 inde
1521 422 1742 477 virtutis
1773 440 1933 479 causa
1969 433 2074 479 ten-

2188 429 2286 494 τῆς
2340 427 2544 496 ἀρετῆς
2601 433 2938 501 πειρασμούς
2972 448 2984 462 ⁸
3038 433 3140 488 καὶ
3190 433 3335 506 ζωῆς
3389 435 3531 507 ζωὴν
3585 442 3766 508 σοςρῶς

504 509 740 564 tationes
791 509 1131 586 obyeniunt;
1181 512 1384 580 quique
1438 513 1603 567 vitam
1646 515 1780 578 vita,
1827 517 2085 584 praesenti

499 600 766 666 futuram,
803 617 902 670 per
924 601 1162 657 liberum
1197 604 1366 658 animi
1411 609 1773 674 propositum,
1807 607 2084 676 sapienter

501 700 856 746 commutant.
921 693 1043 748 Filii
1105 695 1364 764 denique,
1418 697 1511 766 qui
1571 713 1752 766 neque
1808 699 2081 752 minarum

500 798 670 848 metu.
707 804 810 842 nec
855 789 1248 857 promissorum
1291 791 1619 860 cupiditate,
1651 793 1748 847 sed
1795 793 1957 847 modo
1989 793 2083 847 illo

497 894 563 932 ac
597 879 809 946 habitu,
856 897 966 949 quo
1009 883 1064 935 in
1111 882 1315 936 bonum
1358 883 1762 953 honestumque
1811 901 2082 955 propensa

497 969 668 1024 animi
698 971 977 1024 voluntate
1021 973 1272 1039 tendunt,
1299 989 1328 1026 a
1358 975 1471 1028 Deo
1503 991 1782 1046 nunquam
1825 993 2083 1046 separan—

500 1069 610 1127 tur,
640 1063 792 1116 velut
828 1063 972 1124 illitis
1007 1063 1118 1127 ille,
1145 1065 1212 1118 ad
1253 1082 1416 1135 quem
1460 1067 1668 1120 dictum
1713 1077 1834 1122 est:
1865 1068 1986 1129 Fili,
2024 1079 2080 1123 tu

490 1169 702 1220 semper
736 1171 934 1209 mecum
973 1172 1046 1218 es,
1073 1163 1120 1208 et
1151 1159 1330 1211 omnia
1366 1175 1485 1212 mea
1541 1167 1632 1212 tua
1674 1168 1798 1212 sunt
1829 1160 1886 1224 d;
1919 1180 1936 1212 ι
1975 1161 2081 1217 hoc

495 1245 674 1314 ipsum
715 1263 813 1316 per
835 1247 1184 1317 adoptionem
1219 1248 1672 1322 [deiﬁcationem],
1701 1269 1822 1322 qua:
1850 1261 1933 1307 est
1958 1269 2080 1323 gra-

496 1337 590 1402 tia,
639 1339 988 1405 exsistentes,
1040 1342 1220 1409 quoad
1256 1343 1376 1410 ejus
1411 1357 1728 1396 concessum
1777 1353 1879 1407 est,
1929 1344 2078 1412 quod

494 1428 640 1482 Deus
669 1445 766 1497 per
793 1439 1044 1484 naturam
1078 1439 1134 1485 et
1163 1448 1340 1487 causae
1382 1433 1651 1486 rationein
1691 1443 1804 1488 tum
1837 1444 1932 1489 est
1961 1444 2076 1490 tum

495 1519 740 1572 creditur
772 1536 911 1575 esse.

563 1608 972 1680 Frequentanda
1021 1613 1453 1670 ecclesia.-——Ne
1499 1613 1634 1686 ergo
1684 1631 1716 1671 a
1757 1626 1943 1672 sancta
1980 1617 2076 1671 Dei

2187 517 2304 568 κατ’
2360 519 2679 588 αὐθαίρετον
2732 523 2955 595 γνώμην
2975 527 3454 594 ἀνταλλάσσοντες,
3488 535 3588 602 τῆς
3624 549 3758 604 παρ-

2185 607 2352 678 ούσης
2403 609 2501 678 τὴν
2558 612 2878 682 μέλλουσαν.
2930 616 3051 670 Υἱολ⁸
3089 617 3168 683 δὲ,
3222 619 3272 672 οἱ
3301 621 3438 690 μήτε
3476 615 3766 694 φόόῳ’τῶν

2187 699 2592 771 ὴπειλημένων,
2627 705 2763 773 μήτε
2796 705 2945 776 πόθῳ
2988 707 3098 760 τῶν
3123 710 3544 782 ἐπηγγελμένων
3578 751 3593 774 ,
3629 714 3768 768 ἀλλὰ

2183 790 2372 860 τρόπῳ
2399 795 2492 845 καὶ
2523 793 2637 858 ἕξει
2664 799 2766 866 τῆς
2797 797 2935 869 πρὸς
2961 797 3022 850 τὸ
3047 799 3212 870 καλου
3243 803 3385 855 κατὰ
3411 803 3638 874 γνώμην
3663 807 3768 876 τῆς

2181 883 2360 954 ψυχῆς
2395 887 2569 955 ῥοπῆς
2599 903 2660 938 τε
2693 888 2787 940 καὶ
2819 888 3137 954 διαθέσεως,
3177 893 3449 962 μηδέποτε
3493 895 3588 948 τοῦ
3623 895 3764 950 Θεοῦ

2182 975 2538 1045 χωριζόμενοι
2564 994 2577 1007 ο
2609 979 2728 1031 κατ’
2757 981 2963 1033 ἐκεῖνον
2989 981 3079 1034 τὸν
3110 983 3244 1046 υἱὸν,
3275 985 3412 1054 πρὸς
3444 985 3503 1038 όν
3523 987 3759 1058 εῖρηται,

2188 1063 2428 1127 Τέκνον,
2475 1065 2556 1119 σὺ
2591 1066 2851 1121 πάντοτε
2891 1069 3018 1136 μετ’
3063 1069 3213 1139 ἐμοῦ
3255 1066 3330 1134 εἴ,
3381 1071 3481 1125 καί
3525 1071 3601 1125 τὰ
3647 1073 3764 1141 ἐμὰ

2185 1152 2383 1208 πάντα
2416 1154 2500 1208 σά
2526 1155 2659 1210 ἐστι
2688 1173 2702 1188 ο
2735 1155 2896 1212 τοῦτο
2923 1160 3062 1214 κατὰ
3089 1161 3188 1230 τὴν
3231 1161 3288 1214 ὲν
3317 1161 3504 1232 χάριτι
3541 1161 3688 1216 θέσιν
3713 1163 3760 1194 ⁸⁸

2181 1245 2542 1314 ἐνδεχομένως
2577 1247 2933 1320 ὑπάρχοντες,
2966 1252 3102 1321 ὅπερ
3133 1253 3161 1304 ὁ
3188 1252 3319 1315 Θεὸς
3348 1253 3488 1307 κατὰ
3517 1253 3618 1324 τὴν
3651 1251 3749 1324 φῦ-

2183 1353 2266 1388 σιν
2280 1337 2378 1388 καὶ
2403 1337 2583 1390 αἰτίαν
2611 1339 2706 1394 καὶ
2737 1338 2852 1393 ἔστι
2886 1342 2980 1394 καὶ
3011 1341 3346 1410 πιστεύεται.

2245 1606 2335 1677 Μὴ
2361 1606 2538 1671 τοίνυν
2567 1607 2984 1678 ἀπολειφθῶμεν
3007 1611 3108 1678 τῆς
3141 1607 3303 1677 ἁγίας
3335 1607 3427 1662 τοῦ
3455 1605 3590 1661 Θεοῦ
3654 1597 3766 1654 Ἐο²

491 1699 734 1755 Ecclesia
777 1703 969 1756 abesse
1018 1704 1072 1758 in
1106 1705 1350 1760 animum
1383 1707 1730 1772 inducamus,
1761 1723 1886 1778 quae
1925 1717 2074 1764 tanta

2179 1697 2430 1766 κλησίας,
2464 1697 2704 1750 τοσαῦτα
2728 1698 2869 1751 κατὰ
2897 1699 2998 1769 τὴν
3045 1697 3153 1752 τῶν
3203 1698 3542 1768 τελουμένων
3592 1697 3754 1752 θείων

491 1789 548 1843 in
593 1791 906 1845 divinorum
959 1794 1358 1867 symbolorum,
1405 1813 1528 1866 qua:
1569 1799 1940 1864 celebrantur,
1993 1801 2073 1854 ri-

2183 1789 2466 1859 συμϐόλων
2494 1787 2652 1858 ἁγίαν
2684 1789 2926 1856 διάταξιν
2971 1793 3071 1861 τῆς
3117 1789 3390 1860 σωτηρίας
3437 1789 3597 1860 ἡμῶν
3655 1806 3754 1842 πε-

492 1891 756 1952 tuumque
785 1894 972 1938 sancta
1001 1884 1368 1952 ordinatione,
1403 1889 1596 1944 salutis
1623 1899 1828 1946 nostrae
1870 1902 2073 1962 myste-

489 1973 569 2025 ria
593 1975 1008 2042 complectitur;
1031 1977 1234 2046 quibus
1265 1971 1484 2050 egregie
1509 1997 1782 2052 quemque
1819 1994 2070 2048 nostrum

489 2065 584 2132 qui
615 2067 784 2119 vitam
828 2069 1032 2124 virtute
1079 2069 1340 2136 instituit,
1385 2088 1488 2141 pro
1531 2089 1598 2128 eo
1635 2090 1700 2130 ac
1728 2076 1907 2144 capit,
1942 2092 2074 2131 eon-

491 2162 750 2209 scntanca
778 2155 1000 2213 Christo
1030 2161 1242 2214 ratione
1271 2161 1570 2228 fabricans,
1605 2166 1751 2235 quod
1799 2181 1898 2236 per
1941 2183 2071 2222 san-

490 2254 636 2300 ctum
663 2245 931 2314 baptisma
955 2249 1010 2302 in
1045 2248 1253 2320 Spiritu
1283 2263 1472 2308 sancto
1499 2255 1794 2310 datum'est
1824 2257 2074 2328 adoptio-

489 2337 576 2390 nis
607 2353 826 2403 munus,
854 2339 1182 2397 Christianis
1211 2343 1461 2402 moribus
1491 2346 1546 2400 in
1577 2348 1751 2416 palam
1776 2350 2066 2419 producit:

489 2425 583 2480 sed
615 2436 817 2496 quanta
850 2429 1100 2498 facultas,
1130 2435 1392 2505 omnique
1419 2435 1720 2508 diligentia,
1747 2439 1942 2510 dignos
1969 2458 2071 2497 nos

488 2517 690 2573 divinis
715 2522 1038 2578 muneribus
1061 2525 1440 2591 exhibeamus,
1464 2544 1564 2596 per
1585 2529 1731 2585 bona
1758 2547 1924 2602 opera
1947 2534 2070 2604 pla-

485 2617 672 2664 centes
720 2610 864 2674 Deo;
916 2627 1027 2667 non
1085 2625 1476 2672 conversantes
1523 2619 1658 2672 sicut
1704 2629 1903 2690 gentes,
1953 2639 2072 2693 gate

486 2697 654 2752 Deum
696 2701 966 2770 ignorant,
996 2705 1054 2757 in
1082 2707 1324 2775 passione
1365 2707 1610 2764 desiderii
1643 2722 1666 2750 ο
1711 2727 1776 2766 ac
1803 2713 2066 2782 libidine;

486 2789 583 2845 sed
611 2792 757 2848 sicut
785 2793 863 2848 ait
890 2807 1114 2850 sanctus
1139 2796 1470 2867 Apostolus:
1501 2799 1880 2870 Mortiﬁcantes
1907 2821 2072 2859 mem-

485 2884 581 2940 bra
617 2901 734 2956 quae
771 2896 895 2940 sunt
933 2904 1092 2958 super
1129 2897 1349 2955 terram,
1387 2889 1810 2960 fornicationem,
1843 2895 2072 2949 immun-

487 2977 694 3042 ditiam,
725 2977 1013 3046 libidinem,
1049 2983 1524 3052 concupiscentiam
1551 2985 1775 3050 malam,
1805 2994 1854 3039 et
1890 2990 2070 3044 auari-

489 3071 640 3133 tiam,
682 3085 799 3140 qua:
847 3078 924 3124 est
962 3070 1372 3127 simulacrorum
1402 3077 1660 3142 servitus;
1697 3087 1911 3148 propter
1955 3093 2072 3148 qua:
2099 3111 2141 3168 ο

488 3161 628 3213 venit
654 3161 740 3214 ira
773 3159 869 3214 Dei
902 3163 968 3215 in-
995 3161 1134 3230 ﬁlios
1161 3175 1532 3230 contumaces;
1567 3166 1730 3238 524
1762 3184 2072 3240 omnemque

489 3250 626 3303 iram
658 3258 707 3303 et
740 3250 1156 3321 indignationem
1186 3261 1234 3306 et
1265 3262 1476 3325 turpem
1504 3271 1798 3310 sermonem
1837 3265 1887 3310 et
1922 3273 2071 3311 men-

487 3342 699 3396 dacium
730 3341 749 3380 ί
781 3359 795 3396 :
821 3351 898 3406 et,
928 3351 988 3396 ut
1013 3344 1182 3398 semel
1208 3345 1411 3409 dicam,
1446 3355 1620 3401 totum
1647 3358 1875 3402 veterem
1903 3349 2072 3402 homi-

489 3449 629 3493 nem,
652 3433 742 3502 qui
781 3434 1140 3504 corrumpitur
1177 3434 1464 3488 secundum
1505 3435 1764 3490 desideria
1796 3438 1990 3491 erroris
2020 3439 2066 3502 Β,

487 3522 798 3592 deponentes
849 3541 969 3576 cum
1021 3525 1220 3578 actibus
1242 3527 1349 3579 suis
1394 3527 1420 3565 Ιι
1468 3534 1517 3580 et
1564 3527 1866 3593 desideriis,
1913 3529 2070 3600 digne

486 3610 596 3664 Deo
642 3612 998 3679 ambulemus,
1043 3616 1134 3685 qui
1180 3617 1379 3670 vocavit
1421 3633 1515 3672 nos
1553 3619 1606 3672 in
1643 3636 1800 3673 suum
1852 3635 2068 3689 regnum

487 3713 536 3756 et
561 3703 788 3775 gloriam
830 3703 886 3771 1',
936 3706 1216 3762 induentes
1256 3724 1349 3761 nos
1415 3711 1618 3763 viscera
1671 3711 2065 3772 misericordiam

485 3797 878 3868 benignitatem,
913 3799 1330 3864 submissionem,
1373 3803 1846 3866 mansuetudinem,
1877 3801 2067 3874 longa-

485 3890 817 3954 nimitatem;
857 3897 1230 3964 suppqrtantes
1269 3893 1488 3946 invicem
1533 3895 1589 3947 in
1635 3895 1893 3949 charitate
1937 3907 1985 3962 l,
2017 3903 2068 3950 et

483 3979 739 4032 donantes
775 3980 1178 4052 nobismetipsis,
1207 3985 1254 4037 si
1281 3987 1396 4054 quis
1427 3985 1677 4040 adversus
1709 3987 1942 4056 aliquem
1970 3989 2068 4041 ha-

483 4071 566 4124 bet
597 4071 891 4141 querelam,
912 4074 1045 4128 sicut
1079 4085 1126 4128 et
1155 4075 1412 4131 Dominus
1453 4079 1668 4133 donavit
1700 4080 1866 4134 nobis.
1897 4079 2067 4150 Super

483 4165 684 4228 omnia,
735 4165 1002 4220 vinculum
1061 4167 1198 4221 illud
1245 4169 1600 4240 perfectionis,
1649 4171 1966 4226 charitatem
2015 4182 2065 4227 et

483 4271 688 4330 pacem,
720 4258 775 4309 in
810 4273 978 4327 quam.
1005 4265 1055 4312 et
1085 4261 1254 4313 vocati
1294 4277 1474 4314 sumus
1510 4261 1566 4313 in
1604 4277 1710 4314 uno
1743 4278 1960 4333 corpore
1991 4265 2018 4304 ¹ί
2046 4281 2060 4318 :

483 4353 565 4414 et,
591 4355 649 4401 ut
676 4364 889 4403 summa
915 4349 1116 4426 dicam,
1143 4367 1335 4405 novum
1357 4353 1640 4418 hominem,
1665 4355 1754 4422 qui
1779 4363 2064 4408 renovatur

2175 1879 2462 1951 ριεχούσης
2521 1881 2818 1952 μυστήρια,
2864 1881 2930 1934 δι’
2965 1875 3040 1936 ὧν
3092 1881 3324 1936 ἕκαστον
3379 1879 3536 1952 ήμῶν
3576 1881 3756 1945 καλῶς

2177 1969 2410 2042 μάλιστα
2451 1971 2867 2041 πολιτευόμενον
2900 1971 3178 2042 ἀναλόγως
3215 1971 3392 2042 ὲαυτῷ
3441 1972 3582 2026 κατὰ
3622 1973 3758 2044 Χρι-

2175 2065 2298 2116 στὸν
2357 2063 2786 2134 δημιουργοῦσα,
2834 2064 2896 2118 τὸ
2951 2064 3105 2118 δοθὲν
3137 2065 3224 2119 διὰ
3255 2063 3350 2118 τοῦ
3373 2065 3528 2134 ἁγίου
3557 2063 3754 2134 βαπτί-

2175 2173 2378 2227 σματος
2408 2159 2465 2209 ὲν
2491 2156 2764 2225 Πνεύματι
2799 2155 2939 2226 ἁγίῳ
2962 2156 3208 2228 χάρισμα
3229 2157 3326 2226 τῆς
3353 2154 3642 2220 υἱοθεσίας,
3675 2155 3756 2218 εἰς

2175 2247 2482 2319 φανέρωσιν
2526 2245 2650 2316 ἄγει
2692 2247 2833 2300 κατὰ
2857 2247 3098 2318 Χριστὸν,
3126 2245 3542 2317 πολιτευόμενον
3570 2260 3586 2277 ·
3619 2244 3757 2299 ἀλλὰ

2173 2339 2327 2411 πάσῃ
2361 2337 2590 2409 δυνάμει
2617 2355 2676 2392 τε
2706 2339 2801 2392 καὶ
2823 2339 3026 2410 σπουδῇ
3063 2339 3508 2409 παραστήσωμεν
3527 2337 3757 2400 ἑαυτοὺς

2171 2429 2355 2496 ἀξίους
2385 2429 2495 2484 τῶν
2533 2429 2695 2484 θείων
2749 2430 3121 2502 χαρισμάτων,
3179 2429 3246 2484 δι’
3296 2429 3475 2500 ἔργων
3528 2429 3756 2499 ἀγαθῶν

2173 2519 2601 2590 εὐαρεστοῦντας
2629 2519 2708 2590 τῷ
2735 2519 2855 2591 Θεῷ
2886 2535 2900 2548 ⁸
2954 2520 3032 2591 μὴ
3088 2519 3554 2591 ἀναστρεφόμενοι
3603 2519 3758 2574 κατὰ

2172 2614 2244 2669 τὰ
2281 2614 2452 2682 ἔθνη,
2485 2615 2558 2669 τὰ
2572 2613 2658 2683 μὴ
2687 2613 2892 2668 εἰδότα
2929 2613 3100 2678 Θεὸν,
3121 2613 3192 2669 ἐν
3219 2614 3392 2668 πάθει
3415 2614 3751 2684 ἐπιθυμίας*

2172 2707 2330 2771 ἀλλὰ,
2361 2705 2548 2768 καθώς
2580 2722 2745 2775 φησιν
2769 2705 2798 2757 ό
2831 2706 2988 2773 ἆγιος
3027 2703 3368 2772 Ἀ’πόστολος,
3399 2703 3756 2774 Νεκρώσαν-

2170 2816 2272 2866 τες
2323 2799 2396 2854 τὰ
2437 2797 2594 2868 μέλη
2634 2797 2708 2852 τὰ
2734 2798 2834 2852 ἐπὶ
2861 2795 2973 2867 τῆς
3000 2795 3131 2868 γῆς,
3161 2799 3467 2867 πορνείαν,
3497 2799 3756 2866 ἀκαθαρ-

2171 2893 2336 2956 σίαν,
2373 2890 2584 2957 πάθος,
2606 2891 2930 2960 ἐπιθυμίαν
2957 2891 3178 2960 κακὴν,
3239 2891 3339 2944 καί
3386 2891 3502 2959 τὴν
3539 2894 3755 2945 ,πλεον-

2171 2985 2361 3049 εξίαν,
2393 2982 2527 3050 ἥτις
2558 2981 2733 3036 ἐστίν
2779 2980 3242 3049 εἰδωλολατρεία
3269 2995 3284 3010 °
3329 2981 3404 3036 δι’
3444 2979 3483 3034 d
3522 2982 3756 3050 ἔρχεται

2173 3077 2212 3144 η
2237 3073 2384 3144 ὀργή
2409 3074 2507 3128 ἐπὶ
2529 3072 2672 3139 τοὺς
2696 3073 2867 3140 υίοὺς
2901 3073 3013 3142 τῆς
3061 3073 3366 3140 ἀπειθείας
3391 3090 3406 3104 ·
3453 3073 3640 3144 ὀργήν
3691 3089 3756 3128 τε

2178 3162 2406 3229 πᾶσαν,
2464 3164 2560 3217 καὶ
2593 3163 2784 3233 θυμὸν
2806 3162 2904 3218 καί
2926 3165 3360 3234 αἰσχρολογίαν
3382 3164 3480 3218 καί
3506 3163 3751 3232 ψεῦδος·

2179 3255 2294 3320 καὶ,
2334 3255 2616 3326 συντόμως
2651 3255 2847 3320 εἰπεῖν,
2899 3255 3078 3310 πάντα
3110 3255 3218 3309 τὸν
3249 3255 3509 3310 παλαιὸν
3537 3255 3756 3324 ἅνθρω-

2178 3357 2316 3410 ator,
2350 3345 2458 3398 τὸν
2475 3345 2867 3414 φθειρόμενον
2907 3345 3061 3399 κατὰ
3116 3346 3226 3410 τὰς
3273 3345 3592 3416 ἐπιθυμίας
3645 3344 3758 3412 τῆς

2177 3433 2432 3502 ἀπάτης,
2458 3435 2816 3504 ἀποθέμενοι
2840 3435 2964 3490 σὺν
2987 3437 3116 3503 ταῖς
3136 3435 3434 3505 πράξεσιν
3451 3437 3636 3492 αὐτοῦ
3653 3438 3753 3492 καί

2179 3528 2306 3594 ταῖς
2328 3528 2689 3596 ἐπιθυμίαις,
2719 3527 2904 3594 ἀξίως
2925 3527 3030 3582 τοῦ
3059 3527 3208 3582 Θεοῦ
3233 3526 3752 3598 περιπατήσωμεν,

2176 3619 2284 3675 τοῦ
2332 3619 2712 3685 καλέσαντος
2750 3618 2908 3688 ἡμᾶς
2936 3621 3026 3686 εἰς
3056 3619 3170 3690 τὴν
3198 3619 3400 3674 ἀὑτοῦ
3425 3620 3754 3685 ,ϐασιλείαν

2175 3711 2275 3766 καὶ
2313 3711 2503 3776 δόξαν
2531 3727 2545 3740 ’
2591 3710 2994 3779 ἐνδυσάμενοι
3032 3710 3363 3781 σπλάγχνα
3413 3711 3712 3780 οἰκτιρμοῦ
3734 3751 3750 3776 ,

2175 3803 2573 3871 χρηστότητα,
2597 3802 3182 3870 ταπεινοφροσύνην,
3205 3802 3516 3870 πραΰτητα
3544 3801 3612 3865 ⁶¹,
3638 3816 3753 3870 μα·-

2175 3892 2502 3962 κροθυμίαν
2525 3908 2540 3922 ·
2569 3892 2922 3961 ἀνεχόμενοι
2945 3891 3234 3954 ἀλλήλων
3267 3891 3338 3944 ἐν
3379 3891 3604 3960 ἀγάπῃ,
3653 3889 3750 3944 καί

2172 3981 2544 4052 χαριζόμενοι
2593 3981 2832 4048 ἑαυτοῖς
2881 3981 2993 4036 ἐάν
3022 3998 3114 4048 τις
3137 3983 3288 4052 πρός
3313 3999 3446 4036 τινα
3465 3982 3576 4051 ἔχῃ
3604 3999 3753 4052 μομ-

2171 4073 2319 4144 φὴν,
2351 4073 2545 4140 καθὼς
2572 4073 2672 4128 καί
2699 4076 2733 4128 ό
2758 4077 2974 4143 Κύριος
2996 4074 3042 4108 ⁸⁸
3085 4073 3410 4143 ἐχαρίσατο
3441 4073 3608 4144 ἡμῖν,
3651 4075 3750 4133 ἐπὶ

2171 4165 2332 4235 πᾶσι,
2351 4183 2418 4220 τε
2445 4165 2552 4221 τὸν
2577 4166 2930 4236 σύνδεσμον
2955 4168 3346 4234 τελειότητος,
3381 4167 3495 4233 τὴν
3509 4167 3754 4236 ἀγάπην

2170 4258 2270 4313 καί
2303 4258 2420 4327 τὴν
2445 4257 2716 4327 εἰρήνην,
2745 4250 2832 4324 εἰς
2874 4256 2956 4326 ἢν
3005 4257 3106 4312 καί
3145 4257 3494 4326 ἐκλήθημεν
3543 4257 3614 4312 ὲν
3659 4257 3752 4312 ἐνί

2169 4347 2396 4420 σώματι
2419 4365 2434 4380 ο
2470 4349 2586 4413 καὶ,
2621 4349 2710 4402 ἵνα
2738 4346 2975 4401 συνελὼν
3001 4346 3302 4412 εἴπω,-τόν
3345 4347 3488 4426 νέον
3531 4347 3754 4416 ἄνθρω-

482 4439 540 4491 in
568 4439 908 4508 agnitionem,
941 4441 1228 4494 secundum
1270 4442 1558 4511 imaginem
1587 4443 1722 4512 ejus,
1751 4445 1841 4514 qui
1866 4446 2064 4499 creavit

2176 4441 2944 4508 πον,τὸνὰνακαινούμενον
2957 4441 3046 4506 εἰς
3059 4439 3388 4508 ἐπίγνωσιν
3407 4437 3533 4492 κατ’
3549 4439 3754 4492 εἰκόνα

479 4532 633 4584 illum
673 4528 715 4582 ι.
743 4530 883 4585 Dum
925 4531 1075 4586 enim
1107 4531 1188 4586 sic
1211 4531 1336 4586 vitae
1365 4533 1609 4588 rationes
1650 4550 2065 4605 componamus,

2176 4528 2272 4584 τοῦ
2298 4531 2626 4596 κτίσαντος
2659 4531 2868 4584 αὐτόν.
2897 4528 3053 4582 Οὕτω
3081 4527 3191 4600 γὰρ
3212 4526 3278 4582 ἂν
3300 4525 3564 4597 βιοῦντες,
3588 4527 3752 4596 δυνη-

482 4620 782 4676 poterimus
811 4622 1004 4691 utique
1026 4623 1082 4676 in
1113 4623 1276 4677 tinem
1301 4623 1612 4678 divinarum
1637 4627 2066 4695 promissionum

2176 4622 2397 4694 θείημεν
2427 4623 2564 4692 πρδς
2587 4621 2650 4674 τὸ
2683 4619 2837 4684 τέλος
2864 4619 3040 4674 ἐλθεῖν
3068 4621 3178 4672 τῶν
3202 4618 3364 4674 θείων
3387 4616 3750 4688 ἐπαγγελιῶν,

481 4712 625 4764 bona
651 4725 748 4778 spe
773 4709 896 4765 fulti
924 4711 1138 4778 venire,
1167 4720 1216 4766 et
1249 4712 1460 4784 impleri
1483 4717 1750 4786 agnitione
1780 4717 2070 4795 voluntatis

2176 4711 2292 4782 μετ’
2327 4711 2542 4774 ἐλπίδος
2565 4710 2778 4781 ἀγαθῆς
2851 4709 3206 4782 πληρωθῆναι
3239 4727 3304 4798 τε
3329 4711 3426 4778 τὴν
3457 4709 3754 4778 ἐπίγνωσιν

479 4801 616 4866 eius,
648 4801 705 4853 in
723 4803 868 4854 omni
895 4803 1159 4872 sapientia
1189 4812 1238 4857 et
1269 4804 1540 4859 intellectu
1572 4807 1825 4877 spiritali,
1849 4808 2072 4878 fructiﬁ-

2176 4802 2264 4856 τοῦ
2295 4801 2598 4873 θελήματος
2625 4800 2814 4868 αὐτοῦ,
2867 4803 2962 4855 καὶ
2991 4802 3140 4874 πάσῃ
3187 4802 3352 4873 σοφίᾳ
3393 4801 3488 4854 καὶ
3541 4799 3754 4854 συνέσει

479 4897 659 4944 cantes
685 4899 736 4944 et
773 4900 1058 4947 crescentes
1093 4895 1148 4948 in
1177 4896 1398 4950 scientia
1435 4897 1682 4965 Domini;
1708 4901 1763 4953 in
1789 4903 1932 4954 omni
1961 4903 2068 4954 vir-

2176 4895 2523 4963 πνευματικῇ
2587 4892 3087 4965 καρποφοροῦντες,
3145 4892 3241 4946 καὶ
3288 4891 3644 4962 αὐξανόμενοι
3685 4891 3751 4960 τῇ

482 4991 593 5038 tute
623 4984 923 5056 conﬁrmati
972 4988 1260 5041 secundum
1307 4993 1597 5052 potentiam
1627 4990 1890 5046 claritatis
1931 4993 2070 5063 ejus,

2176 4985 2468 5053 ἐπιγνώσει
2499 4984 2705 5056 Κυρίου
2735 5001 2748 5015 ο
2791 4987 2851 5040 ἐν
2900 4987 3052 5056 πάσῃ
3091 4985 3318 5056 δυνάμει
3355 4981 3754 5056 δυναμούμενοι

478 5079 534 5128 in
567 5077 711 5130 omni
737 5079 992 5146 patientia
1018 5086 1082 5131 et-
1107 5078 1510 5150 longanimitate
1549 5098 1664 5136 cum
1692 5084 1906 5154 gaudio,
1941 5101 2071 5154 gra-

2176 5077 2314 5131 κατὰ
2359 5077 2421 5130 τὸ
2447 5077 2649 5148 κράτος
2679 5079 2778 5149 τῆς
2823 5077 2981 5148 δόξης
3015 5077 3204 5144 αὐτοῦ,
3228 5078 3306 5140 είς
3335 5077 3514 5130 πᾶσαν
3545 5074 3751 5128 οἰκοδο-

482 5167 582 5222 tias
625 5175 840 5240 agentes
888 5169 1061 5236 Patri,
1112 5171 1208 5241 qui
1246 5171 1458 5224 idoneos
1504 5187 1598 5226 nos
1633 5173 1751 5242 fecit
1782 5175 1836 5228 in
1863 5183 2072 5244 partem

2176 5169 2281 5240 μὴν
2311 5168 2356 5200 ⁸³
2377 5169 2470 5222 καὶ
2497 5169 2880 5240 μακροθυμίαν
2909 5169 3047 5240 μετὰ
3077 5169 3272 5240 χαρᾶς,
3302 5163 3753 5238 εὐχαριστοῦντες

479 5261 636 5314 sortis
665 5271 969 5315 sanctorum
999 5263 1054 5315 in
1081 5261 1276 5316 lumine
1305 5271 1366 5317 ω.
1927 5325 1936 5332 ,

2176 5261 2246 5331 τῷ
2267 5260 2468 5332 Πατρὶ.
2493 5259 2572 5330 τῷ
2605 5259 2932 5314 ἱκανώσαντι
2967 5261 3113 5331 ἡμᾶς
3144 5261 3225 5323 εἰς
3267 5259 3366 5329 τὴν
3420 5255 3616 5329 μερίδα
3653 5254 3749 5308 τοῦ

2167 5353 2374 5423 κλήρου
2404 5352 2514 5405 τῶν
2544 5351 2712 5420 ἁγίων
2741 5353 2798 5407 ὲν
2821 5352 2899 5424 τῷ
2920 5352 3078 5422 φωτί.
3555 5350 3558 5354 ί

1039 5477 1062 5504 θ
1095 5465 1338 5538 lThess.
1359 5481 1446 5538 iv,
1497 5466 1549 5520 5.
1642 5467 1687 5538 7f
1714 5467 1935 5538 coless.
1969 5483 2046 5538 In,

2176 5467 2248 5523 ‘9.
2289 5537 2299 5538 ί
2363 5470 2389 5510 Β
2419 5467 2618 5538 Ephes.
2660 5483 2734 5530 ιν,
2766 5465 2876 5538 22,
2900 5469 2954 5538 7h
2989 5467 3202 5523 Coloss.
3238 5481 3316 5532 ιιι,
3345 5465 3398 5520 9.
3465 5463 3484 5502 ¹
3512 5461 3748 5520 lThess.

1230 5535 1488 5590 "Coloss.
1518 5551 1594 5601 ιη,
1631 5537 1838 5602 ιεριδ.
1926 5536 1940 5576 ¹
1977 5537 2192 5598 ibid.-9
2245 5537 2332 5592 10,
2409 5535 2692 5594 nnColoss.
2725 5553 2762 5602 ι,
2789 5537 2944 5590 9-12.

1754 5652 1992 5709 νΑῘὶΙᾹΞ
2033 5653 2438 5712 ιευτιοΝεε.

1299 5748 1339 5778 ⁶¹
1379 5746 1469 5802 Fr.
1509 5749 1810 5817 πραότητα.
1888 5752 1934 5783 ⁵⁸
1987 5749 2070 5812 Χρ

2176 5751 2242 5813 ες.
2279 5750 2340 5805 C.
2403 5753 2463 5804 Α.
2543 5751 2589 5782 ⁸³
2622 5748 2809 5801 Gmca
2862 5743 3066 5798 habent
3127 5741 3424 5814 ὑπομονήν.

546 5461 575 5504 εἰ
607 5463 722 5519 Luc
744 5481 832 5528 xv,
867 5465 957 5518 54.

482 5551 538 5602 ιι,
564 5535 652 5593 12,
706 5533 722 5584 i
769 5535 971 5603 Ephes.
999 5551 1075 5601 Iv,
1096 5536 1151 5588 ‘2.

556 5739 602 5772 ⁸ο
623 5740 818 5796 θέωσιν
847 5745 909 5797 Α.
945 5743 1008 5798 C.
1041 5753 1096 5799 et
1131 5745 1217 5800 Fr.
