4094 6358
283 340 392 408 ’113

1657 341 1714 403 id
1729 342 2056 404 YSTAGOG
2070 345 2092 404 Ι
2101 347 2140 404 Α
2152 393 2166 406 .

3470 354 3578 432 7M

359 457 550 529 Σαφὴς
573 457 630 512 δὲ
661 459 760 528 τῆς
799 459 1024 528 χάριτος
1072 457 1273 528 ταύτης
1322 459 1468 511 ἐστὶν
1505 457 1802 522 ἀπόδειξις,
1845 460 1877 526 ὴ

2051 461 2276 530 Affectus
2313 480 2467 534 opere
2492 466 2817 536 probandus.-
2849 468 3214 536 Bcneﬁcenlia'
3239 471 3334 528 vis.
3365 479 3419 524 ut
3453 471 3576 525 deus

288 553 428 624 πρὸς
454 550 516 604 τὸ
543 551 808 618 συγγενὲς
835 550 904 604 δι’
931 551 1144 614 εὐνοίας
1194 551 1442 613 ἑκούσιος
1487 549 1826 614 συνδιάθεσις
1861 567 1876 581 ·

289 640 358 717 ἦς
379 643 544 714 ἔργον
575 642 750 707 ἐστὶν,
779 642 854 706 ὡς
887 642 1063 706 Θεὸν,·
1087 641 1419 696 οἰκειοῦσθαι
1473 642 1614 694 κατὰ
1653 640 1883 710 δύναμιν

288 737 380 790 τὸν
409 734 532 788 καθ’
579 733 760 788 ὁτιοῦν
798 734 897 802 τῆς
931 733 1089 804 ἡμῶν
1129 734 1452 804 ἐπικουρίας
1486 734 1738 804 δεόμενον
1789 735 1883 786 ἀν-

291 828 532 902 θρωπον·
551 827 646 882 καὶ
671 829 747 898 μὴ
775 827 872 898 ὲᾷν
893 827 1237 896 ἀτημέλητον
1263 826 1359 877 καὶ
1379 825 1732 896 ἀπρονόητον·
1751 825 1884 876 ἀλλὰ

299 913 506 992 σπουδῇ
554 921 620 988 τῇ
674 917 962 990 πρεπούσῃ
1013 918 1134 971 κατ’
1188 917 1470 985 ἐνέργειαν
1511 915 1884 970 ἐνδείκνυσθαι

223 1026 231 1031 ·
297 1012 478 1078 ζῶσαν
500 1009 597 1082 τὴν
618 1010 679 1062 ὲν
706 1011 837 1079 ἡμῖν
861 1009 996 1077 πρός
1033 1025 1094 1062 τε
1116 1009 1205 1063 τὸν
1233 1009 1364 1062 Θεὸν
1395 1010 1491 1063 καὶ
1520 1009 1608 1062 τὸν
1656 1007 1884 1078 πλησίον

297 1102 557 1160 διάθεσιν.
606 1101 810 1170 Ἔργον
854 1102 964 1172 γὰρ
1003 1101 1284 1168 ἀπόδειξις
1343 1102 1658 1164 διαθέσεως.
1714 1101 1882 1154 Οὐδὲν

297 1194 406 1266 γὰρ
464 1191 590 1246 οὔτε
653 1192 791 1264 πρὸς
851 1192 1201 1262 δικαιοσύνην
1253 1192 1396 1246 οὕτω
1467 1193 1645 1264 ῥᾴδιόν
1711 1193 1880 1256 ἐστιν,

295 1285 418 1338 οὔτε
461 1283 597 1352 πρὸς
649 1283 845 1337 θέωσιν
894 1285 986 1352 (ἵν’
1039 1283 1214 1346 οὕτως
1249 1284 1410 1346 εἴπω)
1462 1285 1554 1336 καὶ
1599 1283 1696 1353 τὴν
1751 1285 1882 1352 πρὸς

294 1375 431 1430 Θεὸν
455 1375 737 1446 ἐγγύτητα
765 1377 1101 1448 καθέστηκεν
1137 1380 1461 1448 ἐπιτήδειον,
1496 1378 1570 1441 ὡς
1629 1379 1774 1440 ἔλεος
1820 1380 1883 1430 ἐκ

294 1465 473 1538 ψοχῆς
491 1468 570 1530 είς
589 1468 714 1530 τοὺς
736 1468 1022 1538 δεομένους
1052 1459 1168 1538 μεθ’
1189 1470 1380 1540 ἡδονῆς
1409 1472 1502 1522 καὶ
1523 1473 1694 1541 χαρᾶς
1721 1487 1883 1539 προσ-

301 1558 624 1627 φερόμενος.
686 1560 748 1612 Ei
779 1561 888 1631 γὰρ
918 1561 1050 1613 Θεὸν
1079 1562 1107 1613 ό
1134 1563 1304 1630 Λόγος
1347 1562 1438 1614 τὸν
1473 1559 1529 1615 εὖ
1559 1563 1747 1614 παθεῖν
1778 1562 1884 1614 8315-

299 1666 464 1721 μενον
511 1650 734 1716 ἔδειξεν.
802 1653 928 1721 Ἐφ’
971 1652 1124 1706 ὅσον
1154 1653 1264 1724 γὰρ
1312 1653 1658 1719 ἐποιήσατε,
1695 1654 1879 1722 φησιν,

295 1739 389 1795 ἐνί
445 1742 675 1796 τούτων
729 1743 851 1797 τῶν
910 1743 1291 1812 ἐλαχίστων,
1343 1747 1470 1815 ἐμοὶ
1514 1748 1879 1817 ἐποιήσιιτε’

297 1831 431 1896 Θεὸς
451 1832 511 1887 δὲ
541 1835 570 1887 ὀ
602 1831 793 1900 εἰπὼν,
823 1833 1003 1904 πολλῷ
1037 1835 1236 1904 μᾶλλον
1262 1837 1354 1890 τὸν
1400 1833 1460 1890 εὖ
1506 1841 1679 1891 ποιεῖν
1734 1841 1886 1894 δυνά·
1919 1819 1958 1872 Β

301 1941 466 1996 μενον
494 1926 589 1980 καὶ
614 1927 889 1992 ποιοῦντα,
931 1927 1095 1992 δείξει
1141 1929 1360 1999 ἀληθῶς
1405 1932 1547 1983 κατά
1591 1932 1750 2002 χάριν
1795 1935 1886 1987 καὶ

306 2017 525 2088 μέθεξιν
547 2017 680 2073 ὅντα
705 2019 862 2082 Θεὸν,
899 2017 975 2082 ὡς
1003 2019 1102 2090 τὴν
1125 2020 1289 2074 αὐτοῦ
1314 2021 1414 2090 τῆς
1440 2023 1763 2094 εὐεργεσίας
1792 2025 1885 2076 εύ⁴

307 2108 562 2180 μιμήτως
605 2108 1006 2179 ἀνειλημμένον
1052 2111 1334 2182 ὲνέργειάν
1376 2129 1436 2164 τε
1475 2115 1571 2166 καὶ
1624 2115 1882 2182 ἰδιότητα.

303 2200 416 2254 Καὶ
439 2201 489 2254 εί
519 2201 649 2264 Θεὸς
677 2203 706 2255 ὁ
729 2202 962 2272 πτωχὸς,
997 2201 1086 2254 διὰ
1111 2203 1209 2274 τὴν
1233 2204 1328 2257 τοῦ
1362 2203 1428 2258 δι’
1461 2207 1604 2275 ἡμᾶς
1637 2207 1885 2277 πτωχεύ-

301 2309 496 2358 σαντος
517 2294 652 2347 Θεοῦ
686 2295 1118 2362 συγκατάϐασιν,
1150 2295 1246 2348 καὶ⁵
1268 2297 1349 2358 είς
1397 2298 1592 2351 ἑαυτὸν
1647 2300 1881 2353 ἑκάστου

297 2383 605 2454 συμπαθῶς
635 2381 1038 2455 ἀναδεχομένου
1074 2384 1244 2456 πάθη.
1278 2373 1374 2440 καί
1411 2387 1571 2456 μέχρι
1615 2389 1715 2458 τῆς
1760 2407 1885 2444 συν-

293 2475 513 2538 τελείας
539 2475 634 2530 τοῦ
657 2475 875 2540 αἰῶνος,
908 2477 1048 2530 κατὰ
1070 2478 1169 2548 τὴν
1203 2479 1496 2547 ἀναλογίαν
1525 2478 1621 2534 τοῦ
1658 2483 1718 2538 ὲν
1756 2484 1884 2539 ἐκάη

289 2581 412 2639 στῳ
441 2565 668 2630 πάθους,
699 2567 786 2620 ἀεὶ
808 2566 876 2620 δι’
897 2567 1214 2637 ἀγαθότητα
1239 2569 1540 2638 πάσχοντος
1567 2575 1850 2642 μυστικῶς⁴
1867 2591 1881 2607 ·

295 2654 466 2710 πλέον
492 2656 740 2727 δηλονότι
774 2656 822 2690 ⁸⁸
858 2657 1002 2711 κατὰ
1037 2657 1128 2710 τὸν
1154 2657 1340 2712 εἰκότα
1364 2659 1520 2726 λόγον
1548 2659 1699 2714 ἔσται
1730 2663 1882 2728 Θεὸς,

292 2750 325 2805 ὁ
363 2749 506 2803 κατά
545 2748 780 2820 μίμησιν
803 2748 899 2802 τοῦ
935 2748 1073 2818 Θεοῦ
1106 2749 1195 2804 διὰ
1237 2750 1650 2822 φιλανθρωπίαν
1679 2757 1744 2808 vi
1778 2755 1886 2809 τῶν

293 2841 583 2899 παθόντων
615 2840 764 2908 πάθη
793 2841 863 2894 δι’
914 2842 1108 2894 ἑαυτοῦ
1155 2841 1476 2913 θεοπρεπῶς
1533 2845 1829 2916 ἐξιώμενος
1871 2864 1884 2879 ·

293 2933 393 2989 καὶ
421 2934 522 3005 τὴν
548 2932 715 3005 αὐτὴν
741 2934 819 3003 τῷ
842 2933 980 3004 Θεῷ,
1011 2934 1153 2987 κατὰ
1174 2935 1467 3004 ἀναλογίαν
1491 2941 1592 3009 τῆς
1616 2944 1895 3013 σωστικῆς.

293 3031 578 3100 προνοίας,
625 3028 771 3082 κατὰ
801 3027 1046 3082 διάθεσιν
1085 3027 1223 3096 ἔχων
1253 3028 1604 3100 δεικνύμενος
1632 3030 1882 3103 δύναμιν.

1989 547 2454 622 faciat—Hujus
2496 567 2680 610 autem
2733 557 2922 626 gratiae
2973 559 3117 612 clara
3164 560 3416 629 probatio
3460 572 3576 625 est,

1991 649 2291 710 spontanca
2325 646 2510 700 animo
2543 647 2683 702 bene
2724 649 2931 702 volenti
2975 664 3099 718 erga
3133 653 3353 720 generis
3387 667 3574 706 ncces-

1989 735 2231 790 siludine
2262 737 2421 792 nobis
2446 740 2791 809 conjunetos,
2815 740 3066 814 alfeetio;
3096 724 3255 812 cujus
3279 743 3383 797 hoc
3414 759 3575 811 opus.

1991 829 2097 882 hoc
2125 828 2358 896 facinus,
2394 842 2452 886 ut
2483 833 2734 902 quisquis
2758 833 3043 887 hominum
3083 835 3192 887 ulla
3223 835 3274 888 in
3305 850 3362 888 re
3389 845 3577 888 nostra

1990 935 2093 988 0pc
2128 931 2304 990 egeat,
2341 922 2487 976 haud
2538 938 2700 978 secus
2745 938 2809 978 ac
2840 923 3013 978 Deum
3049 939 3150 992 pro
3177 923 3320 976 virili
3366 935 3574 983 nostra,

1990 1011 2266 1067 demereri
2300 1013 2650 1076 studeamus,
2683 1029 2786 1068 nec
2822 1015 3133 1084 neglectum
3183 1029 3246 1068 ac
3295 1013 3413 1067 sine
3447 1030 3578 1067 cura

1992 1104 2274 1173 praeterire
2302 1121 2404 1159 nos
2433 1121 2559 1160 eum
2603 1107 2848 1161 sinamus
2872 1145 2886 1169 ,
2915 1106 3034 1171 sed,
3065 1123 3172 1176 qua
3211 1123 3310 1176 par
3335 1117 3419 1160 est
3448 1107 3576 1159 dili-

1990 1197 2193 1267 gentia,
2233 1197 2413 1268 reipsa
2450 1199 2503 1253 in
2537 1199 2700 1253 nobis
2733 1199 2916 1252 vivere
2943 1214 3006 1252 ac
3033 1198 3240 1268 vigere,
3266 1214 3376 1266 quo
3407 1198 3576 1251 Deum

1989 1289 2414 1360 proximumque
2455 1290 2860 1360 prosequimur,
2893 1289 3152 1343 affectum
3195 1288 3575 1342 ostendamus.

1955 1429 1960 1433 _
1990 1379 2234 1436 Affectus
2269 1381 2414 1435 enim
2448 1381 2701 1452 probatio
2755 1390 2842 1435 est
2878 1381 3062 1450 operis
3098 1380 3388 1434 cxhibitio.
3431 1379 3580 1434 Nihil

1991 1471 2193 1540 quippe
2227 1471 2292 1524 ad
2327 1471 2594 1540 justitiam
2635 1470 2772 1524 adeo
2804 1470 2984 1534 facile,
3013 1469 3201 1540 sicque
3229 1485 3578 1538 consequen-

1991 1559 2116 1612 dam
2146 1559 2404 1614 deitatem
2439 1561 2522 1629 (ut
2553 1561 2632 1614 sic
2654 1560 2870 1631 loquar)
2905 1560 3245 1630 expeditum,
3279 1567 3334 1614 et
3363 1569 3422 1613 ut
3447 1574 3577 1624 gum

1991 1650 2104 1704 Deo
2123 1650 2528 1706 necessitudine
2547 1652 2862 1722 jungamur,
2889 1666 2952 1706 ac
2989 1651 3387 1714 misericordia,
3412 1666 3576 1720 quam

1991 1758 2056 1796 ex
2087 1741 2270 1796 animo
2301 1758 2426 1796 cum
2463 1745 2740 1812 voluptate
2784 1749 2840 1796 et
2883 1743 3084 1812 gaudio
3129 1743 3481 1797 conferamus
3522 1742 3576 1796 in

1989 1851 2106 1898 eos,
2140 1835 2232 1904 qui
2267 1834 2533 1905 indigent.
2584 1835 2866 1905 Siquidem
2909 1836 3056 1889 enim
3102 1835 3407 1904 Scriptura,
3449 1849 3578 1888 eum

1991 1928 2087 1998 qui
2133 1927 2256 1997 opis
2299 1935 2423 1996 eget
2469 1935 2526 1981 et
2573 1935 2636 1981 ut
2686 1926 2954 1980 beneficio
3006 1926 3382 1995 impartiatur,
3413 1924 3579 1979 deum

1991 2019 2254 2074 ostendit.
2287 2017 2536 2084 Quandiu
2558 2019 2726 2083 enim,
2751 2018 2948 2087 inquit,
2982 2018 3074 2070 uni
3105 2033 3168 2070 ea:
3194 2017 3427 2070 minimis
3451 2019 3580 2070 meis

1990 2107 2104 2163 istis
2130 2109 2346 2178 fecistis,
2373 2111 2498 2164 mihi
2528 2109 2718 2178 fecistis
2749 2117 2778 2146 ιι
2811 2126 2824 2162 :
2859 2109 3031 2162 Porro
3061 2109 3206 2162 Deus
3237 2115 3332 2162 ’est
3363 2108 3458 2176 qui
3502 2108 3583 2160 lo-

1991 2205 2222 2274 quitur;
2255 2204 2461 2274 potiori
2511 2204 2672 2273 longc
2719 2201 2954 2268 ratione,
3002 2217 3165 2265 eum,
3219 2201 3308 2255 cui
3359 2200 3584 2254 benefa-

1991 2295 2171 2351 ciendi
2217 2278 2580 2360 facultas'est,
2631 2309 2808 2364 exque
2859 2293 2952 2348 illa
3003 2292 3297 2356 benefacit,
3329 2293 3586 2346 ostendet

1989 2404 2178 2443 revera
2205 2404 2305 2456 per
2325 2387 2554 2457 gratiam
2576 2387 2782 2456 Deique
2805 2385 3226 2456 participatione
3250 2386 3413 2438 deum
3437 2399 3580 2449 esse,

1987 2481 2080 2551 qui
2111 2471 2232 2550 ejus
2271 2478 2671 2541 beneficentim,
2723 2479 2981 2547 przeclare
3022 2475 3310 2540 imitando,
3358 2475 3471 2529 vim
3518 2492 3583 2530 ac

1991 2571 2382 2640 proprietatem
2427 2569 2632 2622 inierit.
2659 2567 3279 2645 Ac-siquidengpauper
3309 2567 3448 2622 deus
3475 2577 3580 2630 est,

1992 2663 2202 2718 ideirco
2232 2662 2361 2732 quia
2390 2662 2537 2716 Deus
2561 2661 2720 2731 525
2751 2676 2858 2730 qua
2889 2677 2947 2716 se
2979 2660 3140 2714 nobis
3167 2659 3390 2715 demisit
3416 2675 3480 2714 ac
3501 2659 3585 2713 in-

1991 2753 2238 2820 clinavit,
2286 2767 2494 2823 egenus
2543 2752 2720 2807 factus
2765 2759 2850 2806 est
2884 2760 2932 2816 ε’,
2982 2751 3149 2822 inque
3199 2753 3440 2821 seipsum
3485 2766 3586 2821 per

1990 2861 2262 2902 summam
2308 2843 2719 2898 miserationem
2757 2844 3024 2914 cujusque
3069 2844 3278 2913 recepit
3311 2843 3474 2906 mala,
3520 2858 3585 2896 ae

1991 2953 2168 3011 usque
2201 2936 2271 2991 ad
2315 2934 2500 2990 saeculi
2538 2935 3069 2989 consummationem
3105 2949 3204 3004 pro
3243 2949 3310 2988 eo
3341 2950 3409 2988 ac
3432 2934 3586 3004 quis-

1993 3048 2102 3104 que
2130 3029 2290 3084 malis
2323 3026 2578 3090 afﬁcitur,
2632 3041 2853 3096 semper
2882 3027 3112 3098 mystice
3144 3027 3410 3081 bonitatis
3445 3034 3582 3080 nutu

296 3119 533 3192 patitur;
576 3121 751 3192 magis
793 3120 1006 3192 utique.
1041 3121 1240 3175 merito
1283 3121 1422 3176 deus
1467 3121 1594 3185 erit,
1643 3124 1736 3192 qui
1788 3114 1888 3182 Dei
1927 3125 2234 3184 imitatione
2265 3117 2626 3174 humanitatis
2657 3117 2843 3172 studio
2907 3133 2970 3172 ac
3035 3117 3392 3188 benignitate,
3430 3116 3584 3170 labo-

291 3216 535 3271 rantium
581 3217 724 3270 mala
767 3231 832 3272 ac
871 3216 1251 3287 aegritudines,
1319 3233 1418 3286 per
1461 3232 1520 3272 se
1568 3219 1684 3288 ipse
1731 3221 1918 3280 divine
1957 3223 2295 3284 medicatur;
2361 3205 2726 3283 eamdemque
2768 3229 2894 3268 cum
2923 3213 3036 3269 Deo
3073 3229 3175 3284 pro
3209 3222 3325 3268 rata
3369 3228 3467 3268 sua
3501 3229 3596 3266 ra-

292 3312 446 3368 tione
476 3313 712 3367 salubris
738 3311 1098 3382 providentia:
1129 3312 1236 3367 vim
1266 3313 1571 3367 secundum
1602 3315 1883 3386 allectum,
1925 3321 2130 3376 habere
2158 3323 2516 3369 monstratur.

363 3401 463 3465 Τίς
483 3400 578 3456 οὖν
610 3402 719 3473 ἀρα
761 3403 898 3473 πρὸς
945 3403 1150 3473 ἀρετὴν
1198 3401 1342 3455 οὕτω
1389 3403 1590 3474 βραδύς
1631 3409 1747 3459 ἐστι
1787 3409 1880 3460 καὶ
1910 3418 1954 3475 C

287 3492 634 3564 δυσκίνητος.
663 3493 807 3546 ὥστε
841 3493 914 3565 μὴ
952 3495 1201 3565 ἐφίεσθαι
1237 3494 1514 3564 θεότητος,
1576 3497 1750 3562 οὕτως
1793 3497 1882 3552 εύ-

291 3585 439 3641 ώνου
461 3603 520 3639 τε
548 3585 644 3639 καὶ
683 3585 1011 3656 εὖπορίστου
1047 3587 1140 3639 καὶ
1173 3586 1362 3658 ῥᾳδίας
1397 3585 1564 3656 οῦσης
1597 3592 1694 3658 τῆς
1735 3593 1875 3662 κτή-

297 3694 434 3740 σεως
457 3695 472 3742 ;
518 3678 574 3729 'A
587 3677 794 3746 σφαλὴς
821 3676 878 3730 δὲ
908 3676 1116 3730 τούτων
1141 3678 1258 3731 ἐστὶ
1294 3678 1390 3732 καὶ
1418 3678 1614 3744 ἄσυλος
1641 3681 1880 3754 φυλακὴ,

297 3769 395 3822 καὶ
421 3769 666 3839 εὐμαρὴς
712 3769 849 3840 πρὸς
892 3769 1166 3840 σωτηρίαν
1188 3770 1305 3833 ὁδός
1327 3786 1340 3799 ·
1377 3767 1466 3842 ἧς.
1503 3769 1680 3842 οἶμαι,
1715 3777 1884 3846 χωρὶς

296 3859 421 3913 κατ’
445 3858 701 3930 ἀλήθειαν
736 3859 890 3912 οὐδὲν
920 3858 1073 3912 ἔσται
1110 3859 1218 3912 τῶν
1263 3860 1484 3928 ἀγαθῶν
1530 3863 1782 3928 ἀϐλαϐῶς
1807 3864 1884 3935 τῷ

294 3950 476 4023 ἔχοντι
527 3950 999 4022 συντηρούμενον·
1051 3953 1084 4020 ὴ
1121 3952 1491 4022 αὐτοπραγία,
1542 3955 1718 4007 εῐτουν
1761 3955 1884 4008 ἰδιο-

294 4043 531 4114 πραγία,
557 4043 624 4096 δι’
648 4037 716 4114 ἧς
758 4042 826 4096 τὰ
841 4042 980 4095 ’καθ’
1009 4043 1240 4106 ἑαυτοὺς
1283 4046 1508 4096 σκοπεῖν
1539 4061 1598 4097 τε
1635 4046 1730 4099 καὶ
1771 4047 1885 4100 διαο

296 4133 639 4188 σκέπτεσθαι
686 4135 882 4204 μόνους
951 4134 1338 4204 μανθάνοντες,
1373 4136 1470 4190 τοῦ
1536 4139 1664 4209 παρ’
1709 4139 1884 4193 ἄλλων

291 4223 554 4296 διακενῆς
599 4225 806 4295 βλὰδην
843 4225 990 4296 ἔχειν
1038 4225 1496 4297 ἐλευθερούμεθι.
1530 4229 1592 4282 Ei
1626 4230 1734 4300 γὰρ
1762 4227 1884 4282 ἑαυ·

293 4316 421 4378 τοὺς
477 4316 674 4386 μόνους
732 4319 866 4388 όρᾷν
903 4334 963 4370 τε
1009 4319 1104 4370 καὶ
1147 4317 1362 4382 ἑτάζειν
1415 4319 1702 4390 μάθοιμεν,
1737 4321 1880 4374 ούδέ-

295 4423 428 4462 ποτε
452 4410 568 4472 τοῖς
594 4408 704 4462 τῶν
719 4409 914 4472 ἄλλων,
949 4409 1024 4472 ὡς
1061 4407 1109 4462 δ’
1133 4410 1200 4462 ἃν
1235 4408 1430 4479 ἔχοντα
1455 4409 1521 4461 τύ
1532 4427 1722 4478 λίωσιν,
1759 4414 1885 4464 ἐπι-

299 4496 612 4570 θησόμεθα·
645 4499 1010 4566 γινώσκοντες
1042 4499 1139 4552 ἕνα
1183 4501 1346 4570 μόνον
1389 4500 1584 4572 κριτὴν
1634 4503 1796 4569 σοφόν
1824 4520 1881 4556 τε

294 4592 396 4646 καὶ
444 4591 658 4656 δίκαιον
699 4590 793 4644 τὸν
845 4591 1000 4656 Θεὸν,
1048 4591 1141 4644 τὸν
1190 4591 1372 4659 σοφῶς
1410 4609 1470 4644 τε
1513 4594 1608 4646 καὶ
1661 4593 1884 4658 δικαίως

295 4683 477 4738 πάντα
520 4683 588 4736 τὰ
635 4683 899 4753 γινόμενα
959 4682 1256 4754 κρίνονταο
1311 4682 1436 4737 καθ’
1481 4683 1541 4736 δν
1589 4686 1882 4756 γεγένηται

2070 3405 2430 3476 Ὶδεοπραγία,
2463 3419 2545 3466 ac,
2580 3402 2718 3474 quod
2770 3419 2884 3472 quis
2922 3417 3021 3456 sua
3057 3408 3201 3454 curet
3236 3408 3464 3470 agatque
3493 3399 3593 3451 do-

1985 3520 2176 3557 norum
2216 3501 2311 3554 Dei
2348 3505 2463 3552 tuta
2505 3499 2563 3552 in
2598 3497 2744 3551 nobis
2774 3495 3278 3561 custodia.—Quis
3299 3495 3378 3550 sic
3414 3495 3585 3564 igitur

1983 3595 2051 3649 ad
2079 3595 2340 3648 virtutem
2373 3591 2585 3653 tardus,
2617 3589 2807 3658 sicque
2837 3598 2986 3643 motu
3015 3587 3198 3657 segnis
3227 3602 3292 3640 ac
3318 3585 3578 3648 diﬂicilis,

1984 3695 2044 3740 ut
2078 3683 2301 3739 deitatis
2345 3681 2622 3737 desiderio
2653 3696 2764 3734 non
2796 3688 3010 3750 agatur,
3044 3694 3206 3748 quam
3251 3677 3396 3731 facili
3441 3677 3581 3730 adeo

1984 3779 2162 3849 pretio
2189 3791 2442 3831 coemere
2470 3791 2533 3829 ac
2560 3788 2879 3843 comparare
2912 3772 3110 3842 queat?
3140 3771 3280 3824 Tuta
3322 3785 3477 3832 vero,
3513 3785 3578 3824 ac

1986 3868 2322 3924 inviolabilis
2363 3868 2560 3922 horum
2593 3865 2844 3920 custodia
2877 3873 2987 3926 est,
3015 3863 3302 3932 facilisque
3328 3861 3395 3916 ad
3427 3862 3576 3915 salu-

1990 3968 2096 4016 tem
2115 3960 2224 4023 via,
2245 3959 2362 4014 sine
2383 3972 2488 4027 qua
2508 3957 2590 4026 (ut
2612 3972 2712 4027 ego
2731 3955 2956 4026 quidem
2975 3952 3250 4024 existimo)
3271 3967 3433 4006 nemo
3446 3967 3578 4005 vere

1984 4069 2046 4108 ea
2072 4069 2194 4122 qua:
2217 4051 2430 4106 obtinet
2457 4050 2622 4115 bona,
2651 4049 2817 4103 illaesa
2851 4046 3173 4109 servaverit,
3203 4053 3259 4100 et
3304 4053 3363 4099 ut
3393 4045 3580 4099 damni

1985 4144 2123 4197 nihil
2156 4142 2412 4212 accipiat,
2445 4141 2529 4195 sui
2552 4140 2652 4201 illa
2681 4139 2895 4209 privata
2923 4145 3028 4202 est,
3058 4153 3121 4192 ac
3145 4153 3326 4191 rerum
3353 4153 3576 4190 suarum

1985 4234 2322 4304 agendarum
2367 4247 2535 4296 cura;
2581 4246 2711 4301 qua,
2757 4238 2948 4284 nostra
2995 4221 3261 4283 duntaxat
3303 4227 3579 4296 dispicere

1985 4325 2131 4379 docti
2183 4341 2248 4380 ac
2294 4323 2670 4387 considerare,
2701 4322 2757 4377 id
2805 4321 3219 4392 consequimur,
3254 4329 3315 4375 ut
3355 4322 3426 4375 ab
3454 4321 3580 4375 aliis

1985 4415 2374 4480 nihil-frustra
2419 4413 2605 4470 damni
2642 4413 2997 4484 accipiamus.
3029 4413 3085 4467 Si
3120 4413 3268 4468 enim
3301 4427 3404 4467 nos
3432 4413 3577 4482 ipsos

1959 4509 2162 4563 -solum
2209 4507 2409 4579 intueri
2445 4523 2510 4562 ac
2554 4507 2871 4562 examinare
2905 4505 3244 4571 noverimus,
3292 4520 3577 4574 nunquam

1986 4597 2042 4650 in
2092 4597 2180 4650 illa
2225 4612 2346 4667 quae
2388 4605 2515 4652 sunt
2549 4597 2807 4660 aliorum,
2839 4597 3220 4666 cujuscunque
3262 4595 3408 4669 modi
3443 4596 3576 4657 sint,

1985 4689 2221 4758 grassari
2269 4688 2427 4742 nobis
2461 4687 2900 4758 indulgebimus;
2933 4687 3027 4756 qui
3059 4685 3322 4740 nimirum
3349 4686 3579 4742 unicum

293 4771 475 4844 λόγον,
526 4773 643 4828 ἀλλ’
717 4774 780 4828 οὐ
830 4774 952 4828 καθ’
997 4772 1056 4826 ὃν
1123 4777 1507 4847 πεφανέρωται
1546 4777 1780 4846 τρόπον’
1825 4777 1884 4830 ὃν

1987 4778 2226 4850 judicem
2273 4795 2397 4834 cum
2431 4779 2737 4849 sapientem
2782 4787 2896 4832 tum
2940 4779 3172 4849 justum,
3215 4788 3415 4834 cuneta
3457 4795 3582 4849 qu:e

297 4867 433 4928 ἴσως
463 4865 529 4948 ᾷν
555 4864 806 4918 δύναιντο
833 4866 930 4920 καὶ
967 4865 1247 4936 ἄνθρωποι
1268 4866 1492 4936 κρίνειν,
1519 4868 1775 4938 ἀμυδρῶς
1800 4873 1880 4932 εἰς

293 4956 360 5010 τὸ
384 4959 714 5026 φαινόμενον
761 4959 1080 5028 βλέποντες·
1115 4960 1243 5030 περὶ
1271 4959 1300 5012 ὃ
1331 4961 1392 5012 οὐ
1426 4960 1642 5025 πάντως
1672 4962 1818 5015 ἐστὶν
1847 4963 1880 5034 ἡ

295 5053 550 5124 ἀλήθεια,
571 5052 701 5106 οὐδὲ
732 5052 842 5106 τῶν
875 5052 1180 5121 γινομένων
1201 5053 1229 5103 ὁ
1256 5052 1434 5120 λόγος.
1477 5051 1535 5106 '0
1563 5053 1618 5105 δὲ
1642 5053 1794 5116 Θεὸς,
1821 5055 1882 5106 τὸ

292 5145 502 5213 ἀφανές
529 5163 590 5198 τε
613 5145 820 5214 κίνημα
847 5144 944 5214 τῆς
964 5143 1166 5213 ψυχῆς,
1185 5144 1281 5196 καὶ
1306 5146 1405 5215 τὴν
1433 5145 1662 5216 ἀόρατον
1682 5145 1878 5216 ὁρμὴν,

297 5240 391 5292 καὶ
423 5241 517 5290 τὸν
555 5238 712 5306 λόγον
745 5239 930 5299 αὐτὸν,
982 5237 1105 5290 καθ’
1134 5236 1194 5290 ὃν
1220 5237 1475 5307 ὥρμηται
1511 5240 1543 5309 ἡ
1579 5238 1747 5308 ψυχὴ,
1786 5239 1882 5292 καὶ

293 5330 385 5382 τὸν
420 5328 516 5382 τοῦ
563 5328 747 5396 λόγου,
785 5327 989 5382 σκοπόν
1013 5345 1025 5356 ·
1054 5327 1326 5390 τουτέστι,
1360 5329 1418 5381 τὸ
1468 5330 1667 5393 παντὸς
1703 5331 1882 5400 πράγ-

296 5439 468 5492 ματος
511 5421 1075 5493 προεπινοούμενονθδ
1107 5421 1262 5484 τέλος
1299 5421 1535 5492 βλέπων,
1577 5423 1753 5492 κρίνει
1802 5423 1882 5476 δι-

365 5564 395 5614 F
421 5555 615 5612 Matth.
645 5571 772 5622 xxv,
799 5557 894 5615 40.
973 5562 998 5590 ο
1034 5555 1079 5610 ll
1106 5554 1237 5611 Cor.
1263 5570 1388 5622 νιιι,
1416 5556 1471 5611 9.

1989 4872 2129 4926 fiunt
2183 4871 2462 4942 sapienter
2504 4871 2761 4940 justeque
2804 4870 3142 4941 judicantem
3213 4872 3420 4936 Deum,
3468 4888 3580 4927 non

1989 4962 2334 5033 ignoremus;
2363 4977 2582 5030 nempe,
2613 4977 2722 5030 qua
2752 4963 2967 5016 ratione
2994 4963 3084 5016 illa
3117 4962 3256 5016 facta
3293 4972 3442 5025 sunt,
3467 4979 3578 5016 non

1987 5072 2054 5111 eo
2088 5057 2252 5111 modo
2282 5072 2392 5126 quo
2432 5055 2682 5126 prodita;
2716 5070 2828 5124 quo
2853 5055 3018 5110 etiam
3054 5055 3195 5110 forte
3221 5055 3474 5114 homines
3495 5055 3582 5122 ju-

1988 5148 2176 5203 dicare
2225 5149 2460 5218 possint,
2506 5150 2775 5218 tantisper
2818 5147 3056 5203 obscure
3103 5148 3208 5200 hoc
3251 5155 3582 5201 contuentes

1989 5241 2136 5310 quod
2172 5251 2257 5296 est
2299 5242 2681 5311 conspicuum,
2714 5258 2776 5296 ac
2813 5242 2990 5297 oculis
3025 5248 3212 5310 paret;
3246 5239 3300 5292 in
3329 5254 3438 5308 quo
3469 5254 3577 5292 non

1988 5333 2214 5387 omnino
2255 5334 2358 5388 sita
2385 5334 2609 5396 veritas,
2643 5343 2736 5388 aut
2761 5349 2951 5388 eorum
2980 5349 3102 5401 qua:
3137 5331 3274 5385 fiunt
3304 5330 3446 5384 ratio
3476 5347 3578 5400 po-

1989 5431 2092 5482 sita
2135 5433 2240 5482 est.
2270 5427 2418 5482 Deus
2457 5435 2664 5494 autem,
2695 5427 2993 5482 obscurum
3044 5425 3223 5495 ipsum
3255 5423 3427 5505 animi
3462 5429 3582 5478 mo-

1601 5667 1839 5726 VARH’.
1881 5671 2288 5730 LECTIONES.

365 5760 414 5794 “
449 5761 506 5816 δὲ
535 5760 693 5833 δῆλον
713 5761 793 5814 ὅτι
824 5759 887 5816 C.
929 5760 968 5814 A
1071 5761 1116 5792 "
1169 5758 1655 5830 προεπιδοουμὲνου
1689 5760 1748 5816 C.
1791 5763 1857 5817 Α.

703 5855 969 5917 Parnm.
1015 5856 1131 5917 Gn.
1173 5854 1327 5918 XCI.
