4094 6356
473 309 580 378 ’ἶίῦ

1636 309 1697 370 S.
1740 309 2032 369 MAXIMI
2072 308 2586 371 CONFESSORIS

3651 310 3762 382 ’716

475 432 626 490 tum,
671 419 1234 493 inaspectabilcmque
1298 418 1730 489 appetitionem,
1783 435 1846 473 ac
1892 419 2066 488 ipsam

2178 424 2366 487 καίως,
2408 423 2484 486 ὡς
2529 423 2692 492 ἔφην,
2732 423 2911 477 πάντα
2957 421 3028 476 τὰ
3077 439 3229 494 παρα
3294 423 3403 478 τῶν
3455 423 3764 500 ἀνθρώπων

476 515 744 570 rationem
797 530 904 584 qua
957 513 1228 585 impulsus
1275 521 1360 567 est
1409 511 1654 576 aniums,
1722 511 2065 582 rationisque

473 621 700 678 scopum
735 621 800 660 ac
844 605 1161 662 institutum
1193 603 1405 667 videns,
1443 603 1496 657 id
1525 613 1629 666 est,
1655 603 1858 674 negotii
1897 603 2068 672 totius

473 699 887 770 prmcogitatum
937 697 1122 760 linem,
1169 698 1318 768 justc
1353 696 1452 766 (uti
1501 695 1775 765 dicebam)
1808 709 1930 764 quae
1964 693 2068 747 ho-

474 792 686 846 minum
733 790 936 846 studiis
981 797 1252 860 aguntur,
1307 787 1492 842 omnia
1535 787 1766 858 judicat.
1819 785 1974 852 Quod
2023 785 2069 840 si

474 891 736 954 prwstare
782 881 1183 946 studuerimus,
1230 895 1442 952 nosque
1485 880 1648 934 nobis
1682 880 1816 950 ipsis
1843 865 2073 934 deﬁnio;

473 978 670 1040 rimus,
709 976 794 1030 his
827 991 949 1045 qua:
991 983 1122 1029 sunt
1155 983 1309 1028 extra
1341 989 1450 1028 non
1493 973 1824 1037 insilientes,
1853 988 1957 1028 nec
1986 973 2070 1028 vi-

475 1071 628 1134 dere,
667 1084 768 1124 nec
808 1068 1023 1132 audire,
1063 1083 1164 1132 nec
1198 1066 1374 1137 loqui,
1413 1066 1658 1129 oculum,
1706 1082 1919 1132 aurem,
1968 1065 2076 1120 lin-

473 1181 658 1235 guam,
700 1180 822 1234 qua:
866 1171 998 1217 sunt
1045 1162 1305 1224 aliorum,
1353 1160 1632 1224 sinamus;
1688 1169 1747 1213 ut
1799 1158 2072 1228 siquidem

477 1257 819 1328 ﬁcri-possit,
847 1256 935 1309 his
972 1254 1196 1326 penitus
1240 1268 1563 1317 arceamus;
1592 1252 1678 1307 sin
1722 1261 1929 1316 autem,
1967 1251 2074 1304 mi-

475 1350 715 1404 serantis
759 1348 946 1420 potius
1003 1347 1204 1401 aﬂ‘cctu
1251 1361 1416 1418 quam
1465 1345 1729 1410 libidine,
1787 1344 1842 1398 in
1889 1352 2074 1398 actum

473 1440 682 1504 exseri,
714 1455 777 1494 ac
803 1437 951 1508 quod
985 1451 1016 1492 e
1047 1436 1253 1491 nostris
1287 1435 1600 1490 rationibus
1623 1435 1696 1489 sit
1720 1433 1931 1500 videre,
1975 1451 2076 1489 au-

475 1528 618 1592 dire,
667 1529 821 1600 loqui
871 1527 1195 1600 jubcamus;
1245 1525 1412 1597 idque
1466 1525 1757 1590 hactenus,
1793 1523 1924 1578 dum
1960 1539 2078 1578 mo-

472 1600 718 1675 deratrix
765 1619 906 1674 ratio
957 1603 1300 1689 probaverit.
1347 1615 1516 1689 526
1553 1615 1702 1695 Nihil
1745 1614 1894 1670 enim
1924 1615 2080 1670 hisee

473 1712 692 1782 organis
722 1710 788 1766 ad
823 1720 1112 1782 peccatum
1159 1705 1441 1764 lubricum
1476 1708 1674 1780 magis,
1717 1707 1826 1764 nisi
1861 1708 2078 1764 ratione

2175 515 2563 586 πραττόμενα·
2597 516 2736 587 ὅπερ
2761 518 2812 568 εί
2855 515 3206 588 κατορθῶσαι
3231 515 3636 588 σπουδάσομεν,
3666 520 3767 578 καὶ

2173 611 2384 674 ἑαυτοῖς
2425 611 2654 674 ἑαυτοὺς
2683 611 3093 690 κπεριορίσομεν
3137 615 3250 673 τοῖς
3301 611 3462 676 ἐκτὸς
3509 612 3612 666 οὑκ
3640 613 3768 666 ἐπι·

2174 705 2460 776 φυόμενοι,
2494 705 2621 760 οὔτε
2663 707 2822 779 ὁρᾷν,
2848 707 2972 760 οὔτε
3000 708 3244 773 ἀκούειν,
3277 705 3404 762 οὔτε
3436 707 3640 774 λαλεῖν,
3671 707 3769 766 τὸν

2173 793 2472 868 ὀφθαλμὸν,
2516 799 2548 869 ἢ
2591 799 2652 852 τὸ
2691 797 2804 864 οὖς.
2851 801 2883 871 ἢ
2937 801 3039 871 τὴν
3078 801 3332 871 γλῶσσαν
3357 801 3428 854 τὰ
3453 801 3562 856 τῶν
3591 799 3770 860 ἄλλων

2175 885 2486 955 ἀφήσομεν,
2542 888 2592 939 εί
2637 887 2734 956 μὲν
2791 883 2904 941 οἷόν
2953 888 3011 942 τέ
3055 891 3194 952 ἐστι,
3247 890 3568 955 παντελῶςσ
3615 893 3667 945 εἰ
3713 891 3772 945 δὲ

2180 979 2346 1048 μήγε,
2388 979 2696 1049 συμπαθῶς
2733 981 2956 1052 μᾶλλον,
3011 981 3128 1036 ἀλλ’
3177 983 3236 1036 οὐ
3286 985 3362 1054 μὴ
3439 985 3705 1054 ἐμπαθῶς
3725 984 3772 1016 ⁸⁸

2175 1069 2388 1132 τούτοις
2432 1071 2696 1141 ἐνεργεῖν,
2740 1073 2834 1124 καὶ
2871 1073 2952 1136 είς
3001 1073 3196 1142 κέρδος
3226 1076 3498 1145 ἡμέτερον
3521 1077 3656 1146 ὁρᾷν
3686 1092 3771 1142 τε,

2177 1161 2273 1214 καὶ
2290 1162 2536 1229 ἀκούειν,
2581 1165 2677 1215 καὶ
2715 1163 2898 1218 λαλεῖν
2937 1167 3330 1236 ἐπιτρέποντες
3350 1187 3362 1200 ο
3391 1168 3488 1222 καὶ
3512 1167 3773 1224 τοσοῦτον

2179 1252 2366 1320 μόνον.
2405 1253 2531 1306 ὅσον
2570 1253 2648 1324 τῷ
2685 1257 2999 1326 ἡνιοχοῦντι
3029 1258 3206 1312 ταῦτα
3237 1259 3371 1330 θείῳ
3411 1259 3557 1330 λόγῳ
3592 1261 3768 1316 δοκεῖ.

2179 1345 2344 1398 Οὐδὲν
2372 1345 2482 1416 γὰρ
2503 1347 2711 1400 τούτων
2734 1347 2844 1402 τῶν
2877 1350 3126 1421 ὀργάνων
3147 1351 3285 1423 πρὸς
3311 1351 3593 1422 ἁμαρτίαν
3623 1353 3774 1408 ἐστὶν

2179 1435 2617 1506 εὑολισοότερον,
2654 1437 2730 1509 μὴ
2769 1438 2916 1510 λόγῳ
2954 1440 3498 1512 παιδαγωγουμένων
3518 1458 3533 1473 ⁸
3564 1443 3654 1496 καὶ
3677 1443 3774 1496 οὑ-

2178 1527 2269 1580 δὲν
2300 1526 2465 1580 πάλιν
2502 1527 2640 1598 πρὸς
2671 1531 2950 1601 σωτηρίαν
2986 1532 3174 1586 αὑτῶν
3225 1535 3597 1606 ἑτοιμότερον,
3633 1535 3772 1590 τάσ-

2183 1636 2369 1683 σοντος
2398 1619 2541 1673 αὑτὰ
2573 1619 2670 1673 τοῦ
2707 1620 2892 1690 λόγου,
2939 1623 3037 1678 καὶ
3073 1623 3435 1696 ῥυθμίζοντος
3484 1626 3582 1682 καὶ
3621 1626 3710 1698 ἐφ’
3737 1626 3774 1684 ἃ

2179 1708 2263 1762 δεῖ
2291 1711 2385 1763 καὶ
2409 1709 2665 1779 βούλεται
2692 1710 2942 1778 ἄγοντος.

470 1823 664 1863 eorum
695 1807 998 1878 castigetur
1028 1821 1197 1872 usus;
1223 1804 1474 1876 nihilque
1508 1820 1705 1860 rursus
1729 1805 1798 1860 ad
1831 1804 2069 1860 salutem
2109 1804 2180 1862 iis
2199 1805 2536 1877 expeditius,
2589 1805 2883 1864 ordinante
2922 1822 2992 1863 ea
3032 1808 3269 1877 ratione,
3291 1826 3357 1868 ac
3380 1817 3771 1884 componente,

469 1914 649 1968 eoque
696 1897 937 1952 ducente
1000 1912 1114 1966 quo
1183 1910 1366 1966 Opera:
1411 1895 1653 1967 pretium
1693 1895 1768 1950 sit
1827 1909 1893 1950 ac
1942 1903 2081 1950 nutu
2117 1896 2268 1950 velit.

540 1990 620 2046 Ne
669 2005 800 2060 ergo
831 2004 931 2060 pro
965 1988 1110 2042 virili
1159 1996 1347 2046 nostra
1395 1988 1509 2043 Deo
1552 1989 1784 2058 obsequi
1834 1989 2074 2058 negliga-

2249 1990 2341 2062 Μὴ
2374 1991 2563 2045 τοίνυν
2601 1991 2976 2064 ἀμελήσωμεν
3005 1992 3148 2049 κατὰ
3183 1993 3418 2066 δύναμιν
3455 1995 3554 2051 τοῦ
3589 1995 3774 2053 πείθε-

469 2099 616 2150 mus,
651 2083 746 2154 qui
781 2081 850 2136 ad
889 2092 1152 2138 aeternam
1188 2098 1290 2138 nos
1319 2081 1489 2136 vitam
1535 2098 1598 2137 ac
1629 2082 1854 2137 beatum
1882 2082 2072 2149 linem,

471 2175 790 2232 divinorum
833 2189 899 2230 ac
930 2175 1256 2230 salutarium
1291 2174 1678 2230 mandatorum
1710 2189 1940 2230 suorum
1979 2189 2077 2231 ex-

471 2269 758 2324 secutione
794 2277 978 2333 vocet,
1016 2282 1128 2337 quo
1162 2267 1431 2322 nimirum
1464 2266 1904 2322 misericordiam
1932 2266 2076 2322 acci-

471 2362 710 2432 piamus,
745 2374 810 2414 ac
841 2359 1073 2430 gratiam
1126 2359 1475 2414 inveniamus
1519 2358 1575 2412 in
1617 2358 1826 2413 auxilio
1866 2374 2072 2429 oppor-

473 2462 628 2506 tuno.
669 2450 859 2508 Gratia
905 2449 1078 2516 enim,
1114 2450 1293 2520 inquit
1336 2449 1559 2504 divinus
1589 2448 1909 2518 Apostolus,
1951 2465 2074 2504 cum

469 2543 712 2600 omnibus
749 2545 838 2614 qui
872 2543 1102 2630 diligupt
1126 2543 1414 2598 Dominum
1445 2551 1687 2598 nostrum
1717 2542 1900 2598 Iesum
1923 2541 2077 2599 Chri-

469 2650 611 2694 stum
643 2639 700 2693 in
731 2639 1127 2708 incorruptione
1161 2648 1218 2703 r;
1251 2637 1356 2694 hoc
1395 2645 1502 2701 est,
1547 2635 1639 2706 qui
1681 2651 1809 2690 cum
1851 2633 2077 2692 virtutis

471 2729 908 2800 incorruptione,
957 2727 1194 2797 vitaeque
1242 2743 1412 2796 pune,
1460 2743 1562 2780 nec
1595 2725 1865 2779 simulatae
1903 2725 2071 2794 quid-

470 2839 636 2896 quam
684 2822 890 2894 spcciei
940 2820 1218 2883 habentis,
1256 2821 1567 2884 honestate,
1602 2818 1896 2874 Dominum
1945 2817 2074 2872 dili-

471 2927 630 2986 gunt,
664 2913 920 2976 faciendo
949 2911 1071 2984 ejus
1116 2911 1450 2975 voluntates,
1495 2910 1824 2980 nihilque-c
1871 2908 2076 2965 divinis

474 3007 627 3062 illius
659 3004 936 3060 mandatis
964 3011 1353 3072 corrumpunt.

545 3097 787 3169 Dionysii
828 3093 1162 3164 AreOpagitw
1205 3093 1400 3163 elogia.
1439 3092 1641 3156 Viduw,
1675 3093 1890 3164 ejusque
1937 3093 2072 3145 duo-

474 3209 594 3246 rum
620 3192 945 3245 minutorum
971 3185 1250 3258 multiplex
1294 3185 1578 3257 allegoria.
1602 3217 1672 3226 —
1693 3187 1821 3241 llmc
1846 3186 2072 3255 quidem

474 3298 578 3356 ego
625 3283 733 3338 hoc
770 3287 1096 3352 argumento
1141 3288 1360 3348 sperata
1411 3279 1743 3333 obcdicntia:
1817 3278 2072 3333 mercede

2185 2082 2310 2136 σθαι
2347 2083 2425 2152 τῷ
2469 2083 2610 2154 Θεῷ,
2659 2083 2914 2139 καλοῦντι
2950 2087 3102 2157 ἡμᾶς
3138 2088 3217 2152 είς
3247 2087 3398 2161 ζωὴν
3425 2086 3646 2144 αἰώνιον
3678 2089 3780 2145 καὶ

2186 2177 2461 2246 μακάριον
2509 2175 2686 2240 τέλος,
2715 2176 2805 2232 διὰ
2834 2178 2934 2248 τῆς
2973 2179 3239 2249 ἐργασίας
3278 2180 3389 2236 τῶν
3414 2181 3583 2237 αὑτοῦ
3611 2181 3781 2239 θείων

2182 2281 2242 2319 τε
2277 2267 2371 2320 καλ⁵
2407 2267 2696 2337 σωτηρίων
2729 2266 2992 2324 ἐντολῶν·
3042 2267 3130 2322 ἴνα
3171 2267 3430 2340 λάϐωμεν
3475 2269 3646 2335 ἔλεος,
3677 2271 3776 2326 καὶ

2182 2356 2346 2427 χάριν
2377 2355 2632 2428 εὕρωμεν
2669 2360 2752 2422 εἰς
2795 2357 3053 2430 εὔκαιρον
3094 2359 3371 2432 βοήθειαν·
3417 2361 3478 2417 Ἡ
3519 2361 3628 2433 γὰρ
3659 2359 3774 2431 χὰ-

2174 2465 2292 2518 ρις,
2330 2450 2498 2520 φησὶν
2537 2452 2566 2504 ὁ
2614 2450 2758 2515 θεῖος
2793 2452 3150 2519 ’Λπόστολος,
3173 2454 3329 2523 μετὰ
3376 2451 3624 2508 πάντων
3651 2451 3776 2510 τῶν

2179 2539 2550 2606 ἀγαπώντων
2598 2543 2706 2597 τὸν
2752 2545 2974 2614 Κύριον
3019 2543 3193 2614 ἡμῶν
3238 2545 3478 2613 Ἰησοῦν
3512 2543 3777 2614 Χριστὸν

2179 2632 2252 2686 ἐν
2288 2633 2596 2704 ἀφθαρσίᾳ
2615 2653 2627 2666 ·
2653 2637 2924 2704 τουτέστι,
2969 2638 3076 2692 τῶν
3113 2637 3253 2710 μετὰ
3281 2639 3380 2709 τῆς
3408 2639 3532 2692 κατ’
3566 2637 3776 2709 ἀρετὴν

2181 2725 2516 2795 ἀιρθαρσίοις,
2546 2728 2644 2781 καὶ
2673 2727 2772 2798 τῆς
2819 2728 2963 2783 κατὰ
3005 2729 3098 2804 τὸν
3149 2729 3266 2800 βίον
3301 2729 3552 2800 καθαρᾶς
3582 2746 3642 2784 τε
3679 2731 3774 2784 καὶ

2179 2817 2548 2889 ἀνυποκρίτου
2583 2821 2914 2892 σεμνότητος
2949 2820 3288 2889 ἀγαπώντων
3317 2819 3410 2875 τὸν
3443 2820 3674 2892 Κύριον,
3715 2820 3773 2874 ἐν

2179 2906 2258 2980 τῷ
2304 2913 2478 2963 ποιεῖν
2522 2911 2689 2964 αὑτοῦ
2727 2911 2797 2966 τὰ
2838 2911 3126 2983 θελήματα
3151 2929 3164 2942 ·
3195 2913 3291 2966 καὶ
3343 2913 3419 2984 μὴ
3463 2911 3776 2983 παραςθει-

2181 2999 2387 3072 ρόντων
2420 3019 2472 3054 τι
2510 3004 2621 3057 τῶν
2652 3003 2811 3057 θείων
2831 3005 2997 3058 αὑτοῦ
3025 3006 3488 3077 προσταγμάτων.

2253 3093 2438 3147 Ταῦτα
2471 3095 2570 3164 μὲν
2604 3093 2720 3162 ἐγὼ
2750 3096 2881 3167 περὶ
2905 3096 3112 3155 τούτων
3142 3097 3232 3152 διὰ
3256 3097 3348 3152 τὸν
3387 3097 3486 3167 τῆς
3521 3094 3772 3166 ὑπακοῆς

2184 3185 2398 3256 μισθὸν,
2431 3186 2574 3240 κατὰ
2601 3187 2855 3258 δύναμιν,
2885 3189 2964 3254 ὼς
3003 3189 3310 3262 ἐδιδάχθην,
3339 3190 3633 3262 ἐξεθέμην,
3664 3189 3774 3244 τῶν

2186 3283 2610 3354 μυστικωτέρων
2658 3301 2718 3336 τε
2755 3285 2851 3338 καὶ
2889 3284 3240 3357 ὑψηλοτέρων
3273 3286 3518 3358 ἅψασθαι
3551 3287 3626 3358 μὴ
3655 3284 3774 3339 τολ-

479 3377 762 3439 inductus,
797 3387 900 3443 pro
927 3369 1071 3426 virili
1099 3385 1241 3434 nica,
1277 3370 1351 3425 ita
1385 3380 1444 3424 ut
1477 3369 1675 3424 doctus
1711 3385 1886 3434 eram,
1912 3384 2074 3439 expo-

2187 3377 2401 3447 μήσας⁹
2437 3379 2586 3447 ἅπερ
2615 3380 2664 3432 εἰ
2713 3380 2870 3434 ποθεῖ
2909 3397 2993 3444 τις
3023 3381 3228 3450 γνῶναι
3273 3381 3384 3436 τῶν
3428 3379 3770 3452 φιλομαθῶν,

478 3470 588 3534 sui,
613 3484 722 3522 non
747 3482 916 3523 ausus
955 3467 1012 3522 in
1038 3482 1103 3521 ea
1134 3482 1358 3520 manum
1403 3464 1646 3543 mittere,
1689 3477 1814 3534 qua:
1853 3461 2076 3516 abstru-

477 3559 624 3615 siora
660 3567 790 3612 sunt
831 3574 897 3612 ac
922 3559 1267 3614 sublimiora.
1301 3556 1426 3611 llmc
1456 3556 1500 3610 si
1551 3554 1680 3624 quis
1719 3553 1906 3608 studio
1946 3553 2074 3608 dili-

477 3654 696 3723 gentior
738 3667 902 3706 uosse
946 3651 1113 3718 velit,
1159 3650 1306 3720 legat
1347 3665 1470 3720 quae
1513 3655 1741 3704 sanctus
1783 3646 2078 3719 Dionysius

478 3744 804 3814 Areopagita
834 3743 924 3800 his
948 3743 1016 3799 de
1042 3743 1210 3800 rebus
1235 3741 1420 3797 divine
1446 3740 1774 3806 elaboravit,
1803 3755 1868 3794 ac
1894 3739 2076 3810 rcipsa

478 3835 751 3907 patefacta
795 3849 994 3889 arcana
1053 3834 1319 3906 mysteria
1361 3833 1626 3898 oﬂ‘cudet,
1677 3817 1974 3903 prmstaute
2018 3830 2074 3885 id

479 3929 618 3984 tanti
645 3927 900 3982 muneris
929 3926 1174 3998 humano
1213 3926 1425 3998 generi,
1455 3925 1646 3979 divino
1691 3923 1893 3979 mentis
1931 3925 2074 3994 ejus,

479 4035 546 4074 ac
571 4019 774 4090 lingua:
797 4018 1190 4083 instrumento,
1218 4025 1433 4089 propter
1451 4033 1568 4097 .eos,
1593 4017 1685 4084 qui
1711 4017 2076 4071 hazreditatem

479 4112 690 4183 capient
717 4107 908 4165 salutis
948 4120 997 4164 ει.
1023 4109 1101 4166 Ᾱς
1145 4099 1421 4180 siquidem
1467 4109 1615 4164 haud
1645 4107 1843 4180 procul
1869 4123 1901 4162 a
1933 4108 2078 4164 desi-

481 4204 638 4260 derio
666 4213 849 4259 vestro
876 4203 1024 4259 dicta
1051 4202 1428 4268 desciverunt,
1462 4201 1688 4257 Christo
1735 4200 1940 4272 gratias
1978 4200 2078 4256 bo-

481 4312 680 4352 norum
714 4295 982 4366 largitori,
1014 4295 1305 4366 vobisque,
1332 4294 1425 4365 qui
1476 4301 1536 4349 ut
1564 4292 1828 4366 dicerem,
1855 4293 1964 4347 vim
1999 4292 2079 4348 fe-

482 4388 656 4446 cistis.
687 4385 784 4442 Sin
803 4397 988 4442 autent
1014 4387 1176 4457 longe
1199 4386 1545 4456 multumque
1570 4384 1641 4439 ab
1664 4399 1760 4454 spe
1785 4383 2073 4450 deﬁciunt,

481 4479 762 4552 quomodo
789 4478 996 4534 aﬂiciar
1021 4476 1223 4547 quidve
1253 4492 1431 4547 agam,
1467 4476 1563 4547 qui
1609 4475 1912 4531 humanum
1941 4475 2077 4546 quid

480 4573 719 4629 dicendo
753 4585 970 4642 passus,
1017 4567 1462 4638 imbecilliorque
1507 4567 1854 4623 exstiterim?
1895 4567 2076 4622 Imbe-

481 4664 687 4719 cillitas
731 4661 882 4717 enim
935 4675 1047 4714 non
1093 4673 1337 4730 poenam,
1381 4657 1476 4713 sed
1525 4659 1742 4714 veniam
1778 4666 2071 4729 provocat;

2177 3472 2292 3531 τοῖς
2335 3469 2700 3538 περὶτούτων
2747 3471 2825 3540 τῷ
2875 3473 3017 3544 ἁγίῳ
3064 3475 3328 3545 Διονυσίῳ
3369 3473 3449 3546 τῷ
3506 3475 3774 3544 Ἀρεοπα-

2177 3561 2305 3629 γίτῃ
2341 3559 2543 3622 ἐνθέως
2581 3561 2898 3632 πονηθεῖσιν
2945 3561 3182 3633 ἐντύχοι,
3225 3563 3321 3617 καὶ
3369 3563 3604 3635 εὑρήσει
3650 3562 3774 3620 κατ’

2177 3651 2438 3720 ἀλήθειαν
2473 3653 2794 3723 μυστηρίων
2832 3655 3088 3726 ἀρρήτων
3135 3655 3504 3724 ἀποκάλυψιν,
3539 3655 3628 3710 διὰ
3655 3655 3775 3726 ιιι-ἧς’

2179 3738 2334 3803 θείας
2365 3739 2533 3793 αὑτοῦ
2580 3743 2676 3794 καὶ
2713 3741 2956 3808 διανοίας
2988 3745 3085 3798 καὶ
3119 3743 3370 3815 γλώττης
3416 3745 3774 3818 χαρισθεῖσαν

2128 3915 2132 3918 _
2177 3831 2256 3902 τῷ
2279 3830 2388 3883 τῶν
2423 3830 2730 3902 ἀνθρώπων
2751 3835 2920 3904 γένει,
2959 3835 3048 3890 διὰ
3069 3837 3196 3900 τοὺς
3231 3835 3527 3906 μέλλοντας
3567 3836 3769 3908 κληρο-

2177 3924 2375 4002 νομεῖν,
2407 3923 2709 3995 σωτηρίαν.
2735 3925 2846 3979 Καὶ
2877 3926 2926 3978 εί
2953 3927 3052 3996 μὲν
3097 3926 3233 3982 πολὺ
3259 3926 3361 3996 τῆς
3393 3926 3550 3998 ὑμῶν
3580 3927 3770 3980 ἐπιθυ-

2182 4020 2313 4089 μίας
2337 4019 2438 4072 οὑκ
2471 4018 2868 4079 ἁποπέπτωκε,
2905 4017 2982 4090 τῷ
3005 4016 3230 4090 Χριστῷ
3251 4019 3422 4090 χάρις
3444 4017 3523 4090 τῷ
3548 4017 3775 4092 χορηγῷ

2176 4111 2288 4164 τῶν
2331 4111 2531 4176 καλῶν,
2565 4111 2662 4164 καὶ
2704 4111 2834 4181 ὑμῖν
2863 4114 2975 4175 τοῖς
3004 4110 3262 4182 λεχθῆναι
3289 4109 3465 4166 ταῦτα
3501 4111 3769 4183 βιασαμέ-

2179 4218 2312 4266 νοις.
2351 4202 2504 4257 Είιδὲ
2546 4201 2768 4272 μακράν
2810 4217 2915 4254 που
2947 4201 3042 4254 κοιλ⁸
3079 4197 3216 4255 πολὺ
3247 4200 3350 4272 τῆς
3383 4201 3601 4268 ἐλπίδος
3633 4204 3770 4260 ἀπσ-

2177 4293 2456 4349 λείπεται’
2519 4295 2574 4348 τί
2629 4293 2810 4358 πάθω,
2864 4294 2898 4364 ἢ
2950 4293 3002 4347 τί
3066 4293 3274 4364 δράσω,
3311 4295 3442 4368 περὶ
3491 4296 3552 4350 τὸ
3587 4295 3772 4364 λέγειν

2178 4386 2486 4457 ἀσθενήσας
2511 4403 2526 4454 ;
2561 4385 2918 4454 Συγγνωστὸν
2951 4385 3080 4456 γὰρ,
3110 4387 3170 4440 οὑ
3201 4385 3532 4458 τιμωρητδν,
3551 4389 3585 4458 ἡ
3614 4385 3774 4444 ἀσθᾶο

2179 4493 2326 4531 νεια·
2375 4475 2469 4530 καὶ
2513 4475 2816 4532 ἀποδεκτδν
2879 4475 3101 4547 μᾶλλον,
3147 4476 3262 4533 ἀλλ’
3296 4478 3361 4531 οὑ
3407 4479 3662 4550 μεμπτὸν
3709 4479 3772 4533 τὺ

2179 4564 2461 4638 ἐγχωροῦν
2505 4567 2602 4620 καὶ
2639 4564 3022 4636 ἐνδεχόμενον·
3069 4566 3164 4622 καὶ
3215 4567 3434 4638 μάλισθ’
3469 4569 3620 4639 ὑμῖν,
3657 4571 3776 4633 τοῖς

2177 4657 2402 4727 ἀγαπᾷν
2423 4655 2512 4708 διὰ
2545 4655 2635 4709 τὸν
2663 4654 2798 4708 Θεὸν
2823 4654 3208 4726 προθεμένοις.
3240 4657 3349 4712 Καὶ
3386 4656 3506 4728 Θεῷ
3531 4657 3589 4710 δέ
3618 4657 3774 4725 φίλον

484 4757 766 4828 magisque
791 4753 1070 4819 laudetur,
1097 4768 1263 4823 quam
1299 4752 1526 4824 dignum
1552 4751 1830 4823 vituperio
1872 4751 2074 4808 habea-

2179 4749 2240 4803 τὸ
2279 4747 2422 4802 κατὰ
2467 4745 2700 4816 δύναμιν
2731 4745 2880 4800 ἅπαν
2905 4747 3147 4816 γνησίως
3176 4749 3240 4803 ἐκ
3269 4746 3451 4818 ψυχῆς
3491 4751 3772 4820 προσαγό-

484 4858 594 4914 tur,
627 4846 777 4918 quod
817 4857 904 4902 est
933 4860 1036 4916 pro
1064 4844 1346 4910 facultate,
1379 4861 1442 4899 ac
1471 4857 1734 4916 prmstare
1765 4851 1947 4914 potest
1977 4843 2074 4913 qui

483 4957 597 4996 rem
629 4939 897 5010 suscipit;
925 4953 1049 4993 cum
1079 4935 1275 5008 primis
1297 4945 1480 4992 autem
1503 4937 1680 5003 vobis,
1711 4937 1916 5006 quibus
1941 4949 2076 4990 con-

483 5035 739 5090 stitutum
771 5032 842 5088 sit
874 5040 936 5085 ut
965 5037 1190 5100 propter
1223 5031 1395 5086 Deum
1427 5029 1687 5100 diligatis.
1715 5028 1851 5083 Nam
1876 5038 1934 5082 et
1961 5026 2074 5080 Deo

483 5129 714 5183 charum
755 5133 1155 5195 acceptumque
1179 5113 1288 5186 est:
1311 5121 1579 5192 quidquid
1621 5123 1839 5175 sincere
1871 5133 1972 5189 pro
1998 5116 2076 5172 fa-

482 5222 686 5276 cultate
712 5235 779 5274 ex
801 5218 987 5273 animo
1028 5216 1283 5278 offertur,
1319 5213 1535 5268 tametsi
1569 5212 1757 5267 habita
1803 5211 2074 5282 majorum

484 5313 697 5368 ratione
735 5313 877 5366 exiie
921 5309 1054 5365 illud
1107 5307 1408 5363 videbitur.
1456 5307 1506 5362 Is
1557 5319 1796 5375 namque
1828 5303 2074 5366 viduam,

486 5420 606 5478 qua:
634 5405 746 5460 duo
775 5403 987 5458 minuta
1021 5401 1318 5466 obtulerat,
1346 5399 1574 5454 minime
1609 5398 1816 5470 repulit
1850 5407 1897 5464 ι’,
1929 5411 2079 5468 (μιξε-

2187 4856 2368 4911 μενον,
2394 4836 2501 4892 κᾶν
2530 4837 2730 4908 μικρὸν
2761 4839 3052 4910 συγκρίσει
3080 4839 3338 4908 μεγάλων
3381 4841 3640 4910 ὑπάρχον
3669 4856 3774 4910 φα-

2190 4933 2419 5000 νήσεται
2441 4945 2456 4960 ·
2482 4930 2542 4996 ὃς
2573 4930 2694 4984 οὑδέ
2727 4929 2826 5002 τὴν
2860 4913 3062 5002 χήραν,
3095 4931 3164 4986 τὰ
3191 4931 3286 4985 δύο
3312 4932 3485 4988 λεπτὰ
3531 4949 3777 5004 προσκο-

2188 5021 2447 5091 μίσασαν,
2481 5019 2774 5075 ἀπεώσατο
2797 5039 2810 5052 ο
2837 5023 2962 5093 ἣτις
3007 5021 3140 5074 ποτέ
3173 5017 3240 5094 ἦν
3263 5023 3296 5094 ἡ
3321 5023 3467 5094 χήρα
3491 5023 3652 5094 αὕτη,
3680 5022 3778 5078 καὶ

2182 5115 2252 5168 τὰ
2287 5113 2383 5168 δύο
2420 5112 2598 5170 λεπτά
2625 5128 2642 5145 ο
2675 5115 2786 5167 εἴτε
2825 5115 2975 5185 ψυχὴ
3036 5115 3239 5180 κακίας
3301 5117 3640 5188 χηρεύουσα,
3683 5117 3778 5171 καὶ

2183 5209 2377 5279 ὥσπερ
2425 5209 2598 5281 ἄνδρα
2638 5209 2732 5263 τὸν
2776 5211 3006 5266 παλαιὸν
3034 5211 3135 5280 μὲν
3165 5211 3552 5283 ἁποόαλομένη
3585 5212 3776 5282 νόμον,

2185 5302 2344 5358 οὑτιω
2380 5303 2438 5358 δὲ
2472 5304 2572 5374 τῆς
2607 5303 2746 5374 πρὸς
2799 5303 2891 5356 τὸν
2914 5303 3090 5372 Λόγον
3132 5303 3226 5358 καὶ
3255 5303 3387 5356 Θεὸν
3423 5303 3602 5373 ἄκρας
3644 5320 3774 5356 συν·-

2187 5396 2382 5466 αφείας
2418 5395 2545 5462 ἀξία
2565 5409 2578 5423 ⁸
2617 5393 2972 5465 προτάγουσα
3015 5394 3072 5446 δὲ
3097 5393 3244 5466 ὅμως
3271 5391 3422 5463 αὑτῷ
3452 5391 3775 5465 appaream

559 5555 588 5593 Ρ
623 5545 822 5615 Ιείριιθε.
856 5559 929 5609 vr,
1119 5552 1147 5592 ει
1189 5541 1354 5596 llebr.
1384 5557 1421 5607 ι,
1477 5541 1564 5598 Η.
1647 5551 1668 5579 ι·
1711 5541 1860 5598 Marc
1887 5536 2047 5605 xu,“
2063 5552 2220 5608 seqq.
2247 5557 2263 5605 ;
2294 5539 2428 5593 Luc.
2465 5553 2576 5604 xvi,
2611 5539 2648 5593 2
2685 5552 2834 5606 seqq.

1810 5652 2050 5710 νΑιιι.-Ε
2092 5651 2499 5717 ι.ΙΞ(ΣΊἸ,οΝίίῒέ.

504 5765 508 5769 ’
558 5755 605 5787 ⁸⁵
658 5753 999 5824 ἁσυμπαθῶς
1062 5752 1125 5808 C.
1163 5750 1226 5809 Α.
