4094 6354
395 328 491 394 ἨἿ

1773 330 2278 392 MYSTAGOGIA.

3553 333 3663 398 718
3702 296 3707 299 ’

387 448 530 517 λόγῳ
557 445 749 515 ὥσπερ
795 442 989 508 λεπτὰ,
1024 443 1115 496 τὸν
1153 443 1292 505 τέως
1334 444 1646 515 σύμμετρον
1677 444 1837 513 λόγον
1879 448 1976 500 καὶ

2080 465 2298 519 cunque
2348 458 2560 504 tantum
2606 449 2769 504 vidua
2818 449 2954 513 inec,
3004 450 3234 520 ejusque
3294 447 3406 504 duo
3451 449 3666 503 minuta

392 533 595 607 βίονσῆ
630 533 812 585 πίστιν
859 532 956 585 καὶ
1000 530 1210 602 ἀγαθὴν
1251 532 1588 602 συνείδησινι
1631 534 1663 604 ἢ
1704 535 1801 605 τὴν
1842 539 1970 606 περὶ

386 630 493 682 τῶν
553 625 796 679 καλῶν⁶⁷
854 625 969 689 ἕξιν
1015 624 1109 678 καὶ
1161 625 1478 696 ὲνέργειαν’
1534 627 1566 697 ἢ
1618 629 1716 697 τὴν
1761 628 1972 692 τούτοις

389 719 699 790 πρόσφορον
731 715 971 787 θεωρίαν
1015 717 1111 769 καὶ
1154 718 1355 786 πρᾶξιν
1381 735 1393 745 ο
1453 718 1487 789 ἢ
1548 720 1652 789 τὴν
1702 721 1971 788 ἀνάλογον

391 802 590 881 γνῶσιν
630 810 726 862 καὶ
764 809 1000 878 ἀρετήν’
1052 808 1086 879 ῆ
1128 810 1258 871 τούς
1309 812 1508 879 μικρὸν
1577 810 1719 881 ὑπὲρ
1773 811 1971 876 ταῦτα,

396 903 537 972 φημὶ
578 901 633 953 δὲ
672 902 806 963 τοὺς
843 901 901 952 ὲν
943 900 1021 970 τῷ
1056 900 1279 971 φυσικῷ
1325 904 1420 954 καὶ
1450 901 1529 971 τῷ
1561 903 1794 974 γραπτῴ
1824 904 1974 975 νόμῳ

395 995 599 1062 ΛὸΥΟυῖ,
631 991 725 1055 οὓς
766 994 798 1063 ἡ
840 992 987 1063 ψυχὴ
1016 992 1352 1063 κεκτημένη,
1385 992 1506 1045 κατ’
1553 993 1812 1049 ἔκστασιν
1846 996 1971 1049 τού-

393 1104 496 1139 των
536 1086 631 1138 καὶ
659 1085 853 1153 ἄφεσιν
891 1086 966 1149 ὡς
993 1087 1117 1139 ὅλου
1161 1085 1280 1156 βίου
1326 1086 1417 1139 καὶ
1454 1086 1569 1156 ζωῆ
1584 1105 1625 1153 ς,
1672 1087 1820 1158 μόνῳ
1851 1106 1974 1142 συν-

392 1178 624 1248 αφθῆναι
647 1179 723 1247 τῷ
742 1178 915 1248 Λόγῳ,
931 1178 1027 1231 καὶ
1046 1176 1166 1246 Θεῷ
1190 1179 1514 1249 βουλομένη,
1552 1179 1820 1250 προσάγει
1836 1197 1849 1211 °
1881 1182 1975 1235 καὶ

388 1268 496 1324 τῶν
532 1270 677 1322 κατὰ
724 1269 883 1338 φύσιν
932 1269 1029 1322 καὶ
1063 1269 1228 1339 νόμον
1279 1269 1473 1339 βιαίων
1526 1270 1743 1338 τρόπων
1772 1287 1831 1322 τε
1880 1274 1974 1324 καὶ

389 1360 609 1429 θεσμῶν
640 1360 735 1412 καὶ
764 1358 922 1420 ὲθῶν,
950 1358 1142 1430 ὥσπερ
1176 1359 1387 1430 ἀνδρῶν
1422 1359 1681 1430 χηρεύειν
1724 1360 1968 1430 δέχεται’

391 1452 503 1504 εἴτε
543 1470 597 1504 τι
643 1451 773 1505 ἄλλο
815 1451 1023 1505 τούτων
1062 1451 1606 1524 πνευματικώτερον,
1651 1454 1745 1506 καὶ
1791 1455 1974 1525 μόνοις

391 1544 664 1614 θεωρητὸν
715 1546 826 1607 τοῖς
880 1544 1137 1615 καθαροῖς
1171 1538 1565 1616 τῆν’διόινοιαν,
1595 1544 1684 1598 διὰ
1726 1545 1821 1598 τοῦ
1852 1547 1972 1600 καθ’

393 1636 637 1706 ἱστορίαν
672 1634 1057 1705 πληρωθέντος
1094 1637 1422 1707 γράμματος
1472 1638 1500 1688 ό
1539 1635 1698 1704 λόγος
1732 1632 1972 1690 αἰνίττε-

389 1742 496 1778 ται.
532 1726 720 1778 Πάντα
761 1726 873 1797 γὰρ
909 1726 988 1793 τῷ
1034 1727 1177 1780 κατὰ
1215 1727 1495 1794 θεολογίαν
1525 1728 1808 1798 ἐποπτικῴ
1842 1746 1973 1796 συγ-

2074 538 2321 605 fuerint;
2350 539 2466 593 sive
2509 539 2691 593 anima
2721 539 2860 592 vitio
2888 537 3052 591 vidua
3098 553 3163 592 ac
3189 553 3312 608 quas
3354 536 3461 591 viri
3491 536 3669 591 instar

2074 633 2251 687 veteri
2285 633 2487 687 amissa
2518 633 2658 701 lege,
2689 630 2937 685 nondum
2963 645 3177 685 summa
3210 630 3301 685 illa
3335 645 3401 685 ac
3422 626 3665 699 perfecta

2075 740 2197 777 (‘lllll
2234 724 2412 778 Verbo
2454 739 2517 778 ac
2561 725 2673 778 Deo
2706 721 3098 792 conjunctione
3145 720 3309 792 digna
3351 728 3533 787 esset;
3575 719 3665 774 cui

2077 826 2263 871 tamen
2305 815 2636 870 arrhabonis
2686 816 2809 869 loco
2862 814 3018 868 velut
3057 812 3167 867 duo
3212 811 3373 882 527
3423 812 3669 870 minuta.

2075 916 2544 976 contemperatam
2589 906 2863 960 rationem
2905 919 2971 959 ac
3020 903 3190 957 vitam
3238 901 3500 967 oﬂ'erret;
3552 901 3670 955 sive

2076 997 2239 1051 ﬁdem
2263 1014 2329 1051 ac
2373 997 2571 1052 bonam
2596 997 3013 1060 conscientiam,
3048 996 3166 1050 sive
3206 994 3353 1049 circa
3374 993 3669 1047 honestum

2075 1098 2388 1144 versantem
2417 1090 2668 1144 habitum
2718 1098 2777 1145 ct
2821 1092 3032 1153 actum,
3076 1088 3193 1142 sive
3236 1085 3324 1140 his
3366 1100 3668 1157 congruam

2076 1181 2595 1251 contemplationem
2627 1190 2684 1237 et
2712 1182 3017 1245 actionem,
3048 1179 3164 1234 sive
3216 1193 3339 1249 quas
3369 1176 3480 1232 illis
3519 1184 3670 1232 certa

2074 1273 2311 1341 quadam
2339 1273 2554 1328 ratione
2590 1272 2946 1342 respondent,
2974 1270 3264 1327 scientiam
3308 1277 3475 1338 atque
3498 1267 3672 1322 virtu—

2076 1372 2227 1430 tem;
2263 1364 2380 1419 sive
2425 1380 2547 1434 quae
2580 1365 2744 1434 paulo
2777 1364 2882 1418 hoc
2922 1369 3207 1433 superant,
3235 1360 3293 1415 in
3333 1359 3573 1414 naturali
3607 1374 3674 1414 ac

2075 1455 2282 1523 scripta
2322 1456 2442 1525 lege
2481 1457 2691 1526 positas
2733 1456 3009 1522 rationes,
3054 1468 3213 1524 quas,
3263 1468 3386 1522 quae
3427 1450 3675 1523 possidet

2076 1546 2279 1611 anima,
2324 1548 2390 1601 iis
2429 1548 2768 1614 excedenda,
2794 1547 3058 1621 velutque
3101 1543 3469 1601 substantiam
3495 1550 3671 1597 totam

2077 1654 2140 1691 ac
2184 1639 2390 1693 victum
2445 1639 2843 1709 relinquendo,
2900 1638 3001 1694 soli
3039 1637 3224 1693 Verbo
3262 1651 3326 1691 ac
3347 1635 3464 1691 Deo
3504 1649 3676 1706 copu-

2078 1730 2180 1783 lari
2224 1731 2496 1795 ambiens,
2537 1732 2735 1792 offert,
2770 1731 3060 1800 libensque
3104 1729 3292 1792 habet,
3324 1726 3473 1798 quod
3511 1734 3677 1783 natu—

391 1817 692 1886 κρινόμενα
750 1817 916 1889 λόγῳ,
969 1820 1036 1872 τὰ
1073 1819 1133 1870 ὲν
1182 1816 1494 1889 ἀνθρώποις
1533 1817 1796 1872 δοκοῦντα
1851 1824 1974 1872 κατ’

2082 1821 2291 1876 ralibus
2325 1838 2387 1877 ac
2425 1823 2695 1894 legalibus
2738 1822 2999 1877 violentis
3044 1819 3246 1883 modis,
3276 1817 3455 1881 scitis,
3499 1816 3675 1871 mori-

393 1910 594 1980 ἀρετὴν
626 1908 766 1964 εἶναι
799 1910 1037 1980 μεγάλα,
1070 1911 1244 1981 μικρὰ
1284 1910 1573 1979 τυγχάνει.
1617 1910 1767 1980 Πλήν
1797 1927 1861 1978 γε
1891 1911 1974 1983 ὅτι

395 2000 496 2055 κᾶν
542 2002 737 2073 μικρὰ,
778 2002 875 2056 καὶ
916 2003 974 2069 ἐξ
1026 2002 1158 2073 ὕλης
1205 2001 1459 2063 εὐτελοῦς
1495 2002 1591 2055 καὶ
1621 2002 1684 2055 οὐ
1727 2003 1861 2057 πολὺ
1891 2021 1977 2056 τι-

400 2094 557 2165 μίας·
607 2093 724 2148 ἀλλ’
767 2089 862 2149 οὖν
904 2097 1017 2158 τοῖς
1063 2097 1128 2147 ἐκ
1159 2093 1382 2165 ,χρυσοῦ
1437 2091 1739 2164 νομίσμασι
1786 2094 1887 2165 τῆς
1919 2097 1976 2149 ὲν

399 2185 546 2250 ὕλαις
582 2185 939 2258 τιμιωτέρας,
983 2184 1021 2240 ἃ
1067 2184 1476 2257 προσφέρουσιν
1504 2184 1554 2237 oi
1585 2183 1980 2258 εὐπορώτεροι,

2082 1914 2206 1981 bus,
2237 1915 2676 1991 tanqttanrviris.
2702 1913 2870 1968 vidua
2899 1920 3015 1977 est;
3051 1912 3166 1967 sive
3196 1908 3347 1965 aliud
3371 1907 3675 1979 quidquam

2084 2007 2172 2062 his
2214 2008 2541 2077 spiritalius,
2574 2023 2642 2061 ac
2669 2006 2826 2077 cujus
2856 2006 2960 2078 soli
3004 2003 3213 2059 mundo
3249 2003 3423 2058 corde
3465 2000 3675 2058 intelli-

2083 2097 2323 2166 gentiam
2364 2105 2749 2167 assequantur,
2781 2110 2881 2165 per
2914 2095 3158 2149 litteram
3188 2092 3370 2164 reipsa
3409 2090 3676 2146 historice

2085 2187 2391 2256 impletam,
2421 2187 2709 2258 Scriptura
2747 2187 3021 2244 occultius
3062 2186 3286 2242 i'ndicat.
3321 2183 3679 2255 Quaecunque

394 2280 531 2333 κατᾶ
561 2280 624 2332 τὸ
653 2280 764 2333 ἴσον
789 2279 880 2334 τὸν
916 2277 1193 2349 βασιλικὸν
1218 2277 1543 2349 χαρακτῆρα
1567 2277 1823 2347 φέροντα,
1841 2278 1980 2332 κατὰ

2080 2279 2234 2333 enim
2261 2279 2525 2345 humana,
2553 2280 2660 2335 etsi
2686 2280 2894 2335 virtute
2913 2295 3109 2351 magna
3138 2278 3455 2345 videantur,
3474 2276 3680 2348 exigua

393 2371 511 2442 (καὶ
548 2368 633 2442 τὸ]
674 2370 839 2424 πλέον
889 2371 1022 2435 ἴσως
1078 2368 1272 2441 ἔχοντα
1310 2368 1409 2439 τῆς
1448 2366 1836 2440 προσαγούσης
1885 2369 1980 2438 τὴν

2086 2380 2237 2434 sunt,
2283 2361 2330 2425 si
2374 2386 2502 2426 cum
2551 2371 2740 2426 divina
2765 2373 2876 2443 jam
2921 2370 3255 2442 inspectrice
3285 2368 3500 2424 ratione
3542 2381 3675 2425 con—

393 2462 453 2528 ὲξ
480 2461 609 2532 ὅλης
644 2461 938 2525 διαθέσεως
965 2460 1246 2532 πρόθεσιν.

2085 2460 2356 2517 ferantur.
2393 2463 2599 2518 Verum
2648 2464 2780 2519 licet
2810 2464 3029 2534 exigua,
3070 2477 3249 2532 exque
3287 2460 3383 2517 vili
3415 2475 3523 2517 nec
3551 2474 3680 2531 pre-

395 2554 532 2609 tiosa
596 2555 893 2610 admodum
926 2556 1177 2622 materia,
1240 2570 1397 2625 aeque
1442 2562 1625 2609 tamen
1690 2568 1755 2609 ac
1788 2568 1951 2610 aurea
1988 2559 2323 2614 numismata
2386 2558 2517 2630 (qua
2580 2559 2878 2628 pretiosior
2938 2558 3091 2613 nulla
3149 2555 3399 2628 materia)
3447 2568 3512 2610 ac
3554 2568 3681 2623 qua

395 2647 771 2718 opulentiores
797 2647 1064 2711 oll’erunt,
1089 2663 1213 2702 cum
1242 2647 1584 2719 obsignatam
1610 2645 1816 2717 regiam
1845 2646 2076 2717 ﬁgurant
2110 2650 2338 2717 habent,
2386 2660 2502 2706 tum
2550 2651 2693 2707 forte
2727 2651 2893 2706 etiam
2960 2649 3248 2706 oll‘erentis
3304 2664 3375 2705 ex
3438 2657 3557 2708 toto
3594 2648 3678 2705 af-

392 2740 538 2795 fectu
569 2739 853 2809 proposito
881 2747 1164 2810 praestant.
2062 2738 2075 2751 ‘

346 2908 355 2917 Δ
463 2836 683 2906 Ταύτην
713 2833 1252 2905 κάγὼιμιμούμενος
1278 2832 1380 2905 τὴν
1417 2834 1613 2905 χήραν,
1639 2830 1758 2905 Θεῷ
1791 2849 1851 2886 τε
1882 2833 1976 2887 καὶ

2155 2834 2379 2890 Maximi
2429 2834 2691 2890 modestia
2747 2826 2974 2889 scribere
3017 2832 3386 2888 detractantis.
3421 2862 3489 2872 —
3525 2830 3682 2890 Hanc

395 2929 546 2996 ὑμῖν,
571 2925 945 2997 ἠγαπημένοι,
986 2924 1055 2977 τὰ
1087 2924 1261 2995 μικρὰ
1301 2924 1474 2976 ταῦτα
1520 2924 1614 2978 καὶ
1639 2923 1852 2994 εὐτελῆ,
1887 2926 1980 2978 καὶ

2084 2944 2307 2999 quoque
2332 2928 2556 2982 viduam
2581 2943 2685 2998 ego
2714 2927 2985 2992 imitatus,
3002 2941 3173 2997 parva
3194 2925 3313 2981 haec
3338 2932 3505 2996 atque
3524 2924 3679 2993 vilia,

394 3020 454 3085 ἐξ
509 3017 762 3081 εὐτελοῦς
820 3018 917 3070 καὶ
967 3016 1194 3086 πτωχῆς
1265 3015 1510 3078 διανοίας
1564 3016 1661 3068 καὶ
1722 3016 1980 3086 γλώσσης

394 3111 844 3187 προενηνεγμένα
874 3110 1127 3181 νοήματα
1154 3125 1213 3162 τε
1252 3110 1349 3162 καὶ
1411 3110 1633 3179 ῥήματα
1662 3108 1854 3180 ὥσπερ
1885 3109 1977 3161 λε-

2085 3035 2265 3095 exque
2301 3020 2399 3074 vili
2425 3034 2710 3091 egenaque
2739 3029 2927 3074 mente
2954 3033 3023 3073 ac
3050 3017 3238 3089 lingua
3269 3015 3516 3087 profecta
3545 3031 3681 3087 pro-

2084 3114 2309 3185 lataque
2338 3128 2499 3170 sensa
2529 3129 2596 3169 ac
2617 3120 2808 3176 verba,
2843 3112 3000 3168 velut
3033 3110 3271 3177 minuta,
3304 3108 3374 3165 iis
3418 3108 3488 3165 de
3512 3110 3683 3166 rebus

395 3205 527 3269 πτὰ,
563 3204 692 3273 περὶ
717 3196 793 3255 ὧν
819 3201 1169 3267 ἐκελεύσατε,
1209 3201 1584 3272 προσενήνοχα
1606 3216 1620 3231 ·
1642 3201 1978 3269 παρακαλῶν

2085 3205 2155 3260 de
2183 3178 2389 3275 quibus
2439 3204 2751 3276 jusseratis,
2806 3204 2922 3258 Deo
2965 3218 3032 3259 ae
3071 3202 3252 3267 vobis,
3306 3199 3680 3268 dilectissimi,

392 3295 495 3365 τὴν
546 3292 925 3363 εὐλογημένην
964 3294 1117 3363 ὑμῶν
1155 3293 1252 3346 καὶ
1299 3291 1460 3360 ἁγίαν
1511 3292 1727 3364 ψυχήνο
1764 3295 1980 3362 πρῶτον

400 3387 519 3456 μὲν,
560 3384 789 3456 μηδενὸς
827 3384 908 3437 ἔτι
939 3383 1050 3436 τῶν
1080 3383 1212 3453 παρ’
1260 3382 1396 3453 ἐμοῦ
1444 3383 1757 3464 λεγομένων
1787 3385 1985 3456 ἔγγρα-

396 3493 496 3541 φον
524 3474 759 3544 ζητῆσαι
792 3473 1114 3543 σημείωσιν,
1139 3471 1286 3524 δυοῖν
1323 3470 1542 3524 ἕνεκεν·
1581 3473 1699 3536 ἑνὸς
1742 3474 1863 3543 μὲν,
1900 3474 1982 3527 ὅτι

399 3565 629 3637 μηδέπω
672 3565 763 3618 τὸν
810 3565 975 3633 φοϐον
1014 3564 1338 3633 ἐκτησάμην
1364 3565 1457 3617 τοῦ
1507 3563 1644 3617 Θεοῦ
1684 3565 1776 3618 τὸν
1821 3566 1984 3634 ἁγνὸν

401 3660 493 3712 καὶ
519 3658 868 3726 διαμένοντα,
899 3656 1007 3708 οὐδ’
1037 3655 1239 3726 ἀρετῆς
1262 3653 1377 3719 ἕξιν
1420 3656 1738 3725 στερέμνιον
1784 3657 1879 3710 καὶ
1912 3656 1986 3710 δι-

405 3748 696 3818 καιοσύνης
738 3748 971 3818 ἀληθοῦς
1025 3748 1192 3816 πῆξιν
1233 3745 1505 3817 σταθερὰν
1535 3748 1630 3799 καὶ
1653 3746 1981 3814 ἀσάλευτον,

404 3841 471 3895 τὰ
515 3843 900 3914 μαρτυροῦντα
943 3841 1181 3912 μάλιστα
1226 3844 1341 3903 τοῖς
1380 3839 1563 3908 λόγοις
1614 3840 1675 3892 τὸ
1726 3838 1980 3909 βέδαιονο

404 3938 589 4007 ἑτέρου
629 3938 711 4002 δὲ,
754 3939 839 3991 ὅτι
872 3937 1054 4006 πολλῷ
1090 3936 1320 3990 κλύδωνι
1349 3937 1540 3990 παθῶν
1571 3936 1654 3989 ἔτι
1683 3937 1843 4007 δίκην
1877 3936 1978 3992 θα-

400 4030 606 4098 λάσσης
640 4033 838 4103 ἀγρίας
882 4030 1360 4101 περιδονούμενος,
1405 4031 1499 4082 καὶ
1544 4029 1678 4083 πολύ
1717 4030 1810 4083 τοῦ
1839 4030 1984 4083 θείου

399 4124 672 4186 ἀπαθείας
688 4124 911 4193 ἀπέχων
934 4111 1176 4192 λιμένος,
1211 4121 1307 4175 καὶ
1331 4120 1524 4191 ἄδηλον
1558 4120 1700 4190 ἔχων
1738 4119 1834 4174 τοῦ
1867 4120 1984 4190 βίου

400 4216 459 4269 τὸ
492 4214 690 4285 πέρας,
721 4214 782 4267 οὐ
819 4213 1084 4286 βούλομαι
1123 4213 1262 4281 πρὸς
1286 4216 1400 4275 τοῖς
1444 4211 1626 4283 ἔργοις
1657 4212 1752 4265 καί⁵
1796 4213 1888 4264 τὸν
1929 4214 1987 4264 ἐν

367 4309 696 4377 ’γράμμασι
744 4307 901 4375 λόγον
954 4307 1100 4376 ἔχειν
1157 4305 1487 4377 κατήγορον.
1522 4306 1755 4358 Ἔπειτα
1798 4304 1854 4358 δὲ
1886 4304 1987 4375 τῆς

401 4384 715 4463 εὐπειθείας
743 4400 925 4469 χάριν,
961 4401 1010 4452 εἰ
1036 4398 1155 4451 δέον
1184 4398 1355 4461 ἐστὶν,
1392 4394 1812 4466 ἀποδεξάμενοι,
1848 4396 1987 4466 Χρι-

2085 3297 2305 3365 obtuli;
2363 3296 2671 3353 obsecrans
2716 3294 3050 3365 enixiusque
3092 3304 3296 3364 rogans
3327 3291 3683 3349 benedictam

2084 3398 2328 3444 vestram
2362 3404 2428 3443 ac
2457 3398 2703 3443 sanctam
2740 3388 3021 3454 animam;
3059 3386 3303 3458 primum
3336 3385 3587 3456 quidem,
3610 3400 3685 3441 ne

2086 3479 2324 3548 amplius
2354 3496 2479 3549 quae
2512 3496 2542 3534 a
2572 3495 2658 3535 me
2687 3479 2949 3535 dicentur
2987 3478 3204 3546 scripto
3230 3491 3320 3532 me
3349 3477 3684 3547 consignare

2021 3632 2031 3640 ,
2085 3573 2369 3641 quaeratis,
2407 3571 2618 3641 duplici
2655 3586 2723 3627 ex
2768 3583 2939 3626 causa
2980 3584 2996 3624 :
3043 3569 3219 3626 altera
3253 3568 3504 3640 quidem,
3531 3566 3685 3639 quod

2085 3664 2326 3719 necdum
2386 3663 2485 3718 Dei
2555 3663 2814 3718 timorem
2865 3671 3082 3718 castum
3140 3676 3207 3718 ac
3262 3668 3683 3732 permanentem

2086 3754 2322 3824 adeptus
2375 3754 2479 3809 sim
2508 3766 2555 3819 ε,
2622 3770 2726 3810 nec
2783 3754 3012 3809 virtutis
3068 3753 3362 3810 robustum
3404 3752 3681 3820 habitum.

2086 3861 2343 3917 veraeque
2366 3847 2599 3918 iustitia:
2622 3847 2946 3903 ﬁrmitatem
2982 3863 3049 3903 ac
3072 3845 3460 3902 inconcussam
3508 3845 3683 3901 stabi—

2087 3935 2323 4002 litatem,
2382 3952 2506 4007 qua:
2552 3935 2791 3991 maxime
2839 3934 2927 3991 his
2966 3951 3090 4006 quae
3140 3934 3463 3990 scribuntur
3495 3945 3561 3989 ac
3581 3934 3681 3990 do-

2087 4031 2302 4095 ctrinae,
2336 4031 2724 4087 austeritatem
2755 4031 3094 4096 conciliant;
3131 4029 3308 4085 altera
3338 4042 3496 4095 vero,
3529 4026 3681 4099 quod

2089 4136 2217 4177 cum
2242 4123 2428 4179 adhuc
2451 4123 2717 4178 vitiorum
2741 4139 2807 4189 ac
2825 4122 3336 4193 perturbationum,
3357 4122 3535 4177 instar
3550 4120 3683 4178 sevi

2091 4214 2278 4280 maris,
2326 4216 2517 4271 multis
2564 4214 2827 4270 fluctibus
2880 4214 3085 4285 agiter,
3134 4228 3202 4268 ac
3233 4226 3398 4283 quam
3425 4211 3683 4282 procul:

2090 4304 2285 4359 divino
2332 4306 2757 4376 tranquillitatis
2799 4304 2992 4369 animi,
3044 4319 3110 4359 ac
3166 4300 3686 4374 imperturbationis

2091 4405 2259 4465 portu
2317 4406 2566 4451 remotus
2613 4396 2738 4460 sim,
2791 4396 3181 4465 incertumque
3213 4395 3343 4449 vita;
3380 4393 3549 4448 ﬁnem
3577 4392 3682 4448 ha-

406 4492 515 4558 στῴ
551 4507 617 4560 με
643 4489 711 4544 δι’
740 4488 917 4559 εὐχῶν
948 4488 1286 4559 παράθεσθε,
1327 4485 1404 4557 τῷ
1447 4485 1670 4557 μεγάλῳ
1703 4485 1799 4539 καὶ
1841 4484 1980 4554 μόνῳ

2090 4488 2274 4552 beam,
2300 4489 2474 4542 nolim
2498 4496 2560 4541 ut
2589 4487 2656 4542 ad
2685 4488 2875 4558 opera,
2907 4488 3077 4541 etiam
3121 4486 3330 4557 scripto
3352 4484 3685 4555 consignata

403 4582 524 4653 θεῷ
552 4584 647 4636 καὶ
673 4582 886 4654 Σωτῆρι
916 4580 1025 4634 τῶν
1047 4580 1334 4651 ἡμετέρων
1353 4578 1541 4649 ψυχῶν
1562 4595 1575 4609 ⁸
1605 4572 1649 4645 ᾧ
1679 4580 1710 4648 ἡ
1741 4575 1867 4641 δόξα
1889 4576 1985 4630 καὶ

405 4675 465 4726 τὸ
501 4676 719 4744 κράτος,
766 4676 865 4727 σὺν
900 4672 979 4742 τῷ
1029 4674 1205 4743 Πατρὶ
1236 4672 1329 4727 καὶ
1368 4671 1444 4742 τῷ
1496 4670 1636 4739 ἁγίῳ
1678 4669 1983 4739 Πνεύματι,

410 4766 486 4829 εἰς
523 4767 650 4829 τοὺς
680 4765 919 4828 αἰῶνας.-
946 4765 1142 4834 Ἀμήν.

2070 4580 2349 4647 ,ᾶοοινίηα
2379 4580 2434 4633 in
2464 4580 2670 4635 actoris
2695 4589 2910 4649 partem
2970 4578 3217 4634 accedat.
3258 4575 3469 4633 Deinde
3492 4588 3560 4630 eo
3582 4587 3686 4630 no-

2096 4670 2244 4724 mine
2293 4670 2620 4740 probantes,
2684 4667 2960 4740 siquidem
2997 4668 3055 4723 id
3103 4682 3323 4739 aequum
3374 4675 3483 4732 est,
3532 4663 3684 4736 quod

2097 4760 2627 4830 obtemperaverim,
2677 4761 2903 4817 Christo
2941 4776 3028 4816 me
3081 4760 3347 4831 precibus
3397 4772 3683 4815 commen-

400 4863 790 4939 dante,magno
820 4876 886 4915 ac
913 4860 1015 4914 soli
1045 4860 1180 4923 Deo,
1217 4867 1653 4927 nostrarumque
1686 4856 1998 4911 animarum
2036 4853 2331 4922 Salvatori,
2363 4857 2452 4910 cui
2482 4857 2656 4927 gloria
2719 4867 2776 4913 et
2836 4866 3105 4929 potestas,
3131 4872 3256 4912 cum
3299 4852 3686 4924 Patre-etSpi-

412 4954 519 5005 ritu
547 4962 763 5016 sancto,
793 4952 849 5004 in
873 4951 1094 5006 saecula.
1127 4948 1324 5005 Amen.

484 5113 504 5140 "
545 5112 686 5167 Psal.
746 5080 897 5177 xv‘nt,
942 5109 1029 5165 10.
1130 5126 1135 5129 ‘
1196 5080 1202 5086 I

485 5295 529 5326 ε’
584 5296 644 5349 τὸ
704 5296 868 5350 καλὸν
916 5294 976 5348 C.
1010 5294 1101 5348 -A.
1155 5300 1211 5348 et
1260 5292 1350 5347 Fr.

1520 5350 1557 5363 -ν

1695 5202 1934 5257 VARle
1981 5201 2391 5260 LECTIONES.
