4094 6358
413 289 518 360 ³119
682 360 696 368 _
1014 295 1022 303 ’
1586 299 1647 360 S.
1689 301 1980 363 MAXIMI
2019 308 2030 360 t

2090 303 2163 366 )N
2173 301 2540 365 FESSORIS
2821 371 2830 382 ,
3588 314 3707 380 79.0

415 487 3707 542 Ἦ

1787 706 2376 820 MONITUM

1199 945 1304 1006 AD
1347 946 1620 1008 SANCTI
1661 947 1946 1008 MAXIMI
1982 946 2390 1010 SERMONES
2431 949 2585 1010 PER
2629 952 2915 1016 ELECTA

1296 1111 1398 1169 Ex
1434 1111 1632 1172 sacris
1669 1108 2086 1193 profanisque
2129 1112 2494 1174 auctoribus
2545 1116 2823 1179 collecta.

485 1459 787 1523 Produxit
835 1462 1150 1524 Gesnerus
1201 1459 1484 1524 medicus
1515 1464 1709 1525 semel
1750 1471 1810 1527 et
1847 1464 2080 1526 iterum
2128 1484 2270 1527 cum
2326 1470 2599 1532 Antonio
2643 1471 2920 1550 Melissa;
2973 1482 3377 1565 secundaque
3426 1490 3706 1557 editione

409 1560 594 1622 etiam
641 1579 781 1624 eum
831 1564 1072 1624 Joanne
1122 1562 1396 1634 Stolimo,
1433 1565 1542 1643 qui
1587 1565 1999 1646 eodem-ipso
2035 1567 2396 1647 scriptionis
2433 1587 2688 1648 genere,
2728 1575 2794 1637 in
2837 1594 2915 1638 eo
2963 1560 3513 1662 locupletissimus,
3558 1613 3708 1658 usus

405 1670 592 1724 esset.
643 1667 712 1725 In
760 1663 950 1744 priori
987 1663 1286 1737 editione,
1331 1681 1549 1744 parum
1599 1673 1769 1728 certe
1819 1667 2095 1741 medice;
2129 1669 2310 1746 quasi
2344 1668 2596 1734 lectoris
2649 1674 2926 1738 laborem
2964 1678 3300 1762 levaturus,
3362 1695 3708 1760 sententias

402 1764 674 1840 Maximi,
712 1781 855 1844 quae
891 1764 1128 1826 etedcm
1181 1771 1389 1826 essent
1437 1772 1630 1845 atque
1674 1767 2005 1828 sententia
2058 1768 2319 1830 Melissae
2351 1770 2467 1832 sub
2513 1772 2734 1835 iisdem
2769 1776 2981 1855 titulis,
3021 1800 3242 1848 omnes
3273 1788 3552 1854 obelisco
3582 1813 3708 1857 no-

402 1867 561 1927 tasse
589 1865 696 1941 ait,
733 1883 848 1928 seu
898 1864 1315 1945 expunxisse;
1361 1867 1532 1946 quod
1570 1872 1740 1928 certe
1776 1865 1982 1947 plagio
2015 1868 2166 1930 mihi
2207 1871 2441 1942 simile;
2479 1891 2620 1935 cum
2674 1881 3020 1954 praesertim
3073 1886 3378 1951 Maximus
3428 1895 3708 1958 Antonio

399 1967 635 2042 senior,
671 1975 731 2030 et
767 1967 877 2046 qui
907 1967 998 2029 illi
1029 1967 1344 2048 prativerit
1374 1986 1385 2027 :
1421 1984 1494 2030 ac
1527 1968 1730 2048 palam
1763 1977 1877 2038 est,
1913 1971 2084 2050 quod
2114 1971 2166 2033 is
2189 1974 2375 2034 Joan.
2411 1974 2890 2055 Damascenum,
2925 1982 3218 2048 Photium
3255 1993 3705 2073 patriarcham,

399 2066 972 2148 The0phylactum,
1015 2067 1307 2130 homines
1357 2067 1444 2130 sic
1503 2079 1810 2144 recentes,
1867 2070 2104 2132 affatim
2163 2072 2344 2148 citat;
2405 2092 2675 2155 quorum
2717 2079 2868 2141 nihil
2905 2066 3515 2178 Maximus—Debuit
3551 2066 3706 2178 ergo

399 2173 672 2235 Maximo
710 2173 808 2235 sui
847 2171 1079 2236 laboris
1108 2171 1242 2234 laus
1269 2173 1461 2252 plena
1499 2180 1808 2247 constare,
1845 2191 1986 2238 non
2007 2177 2142 2256 ejus
2173 2193 2399 2254 magna
2432 2195 2597 2258 pars,
2641 2198 2754 2260 per
2785 2200 3094 2249 summam
3128 2176 3422 2271 injuriam
3458 2198 3522 2260 in
3558 2171 3705 2264 eum

399 2275 750 2351 transferri,
789 2277 900 2356 qui
929 2275 1095 2337 illius
1132 2275 1312 2338 furtis
1342 2274 1740 2356 profecisset.
1774 2277 1907 2343 Alia
1929 2285 2100 2341 certe
2138 2279 2418 2343 ineunda
2455 2281 2553 2344 via
2582 2285 2718 2364 ejus
2766 2285 3018 2351 levandi
3061 2291 3319 2371 laboris,
3362 2306 3432 2362 ut
3462 2303 3704 2370 scnlicet

397 2377 730 2438 amborum
769 2393 1142 2438 communes
1185 2375 1528 2438 sententias
1557 2393 1694 2438 esse
1723 2383 1871 2438 nota
1901 2376 2114 2457 aliqua
2143 2378 2532 2443 indicaretur
2569 2400 2582 2442 :
2616 2383 2712 2444 vel
2743 2384 2794 2446 si
2826 2388 3004 2468 cujus
3039 2399 3504 2477 expungendaa,
3538 2402 3710 2468 illius

397 2475 614 2558 potius
651 2474 1117 2556 expungendte,
1157 2475 1268 2554 qui
1317 2475 1486 2539 nulla
1531 2475 1647 2539 alia
1699 2494 1812 2539 sua
1858 2477 2164 2542 industria
2213 2488 2518 2561 parasset,
2573 2485 2686 2547 sed
2731 2503 2810 2550 ex
2843 2493 3162 2572 superiori
3211 2474 3499 2580 digesta,
3534 2508 3708 2571 nulla

395 2576 566 2641 illius
602 2576 813 2650 laude,
853 2577 1322 2658 exscripsisset;
1359 2577 1532 2656 quod
1577 2579 1810 2640 Grmcis
1853 2580 2039 2642 nimis
2088 2580 2422 2645 familiare.
2466 2587 2705 2657 Quanta
2757 2607 2908 2653 vero
2949 2592 3102 2658 hinc
3155 2576 3426 2664 Maximo
3467 2576 3704 2679 ablata.

397 2679 536 2760 ipse
570 2680 844 2760 primum
883 2695 1092 2742 nonus
1130 2696 1338 2740 sermo
1369 2685 1698 2752 monstrat,
1731 2697 1766 2742 a
1797 2697 1925 2760 quo
1976 2681 2206 2764 incipit
2250 2702 2366 2746 ms.
2408 2686 2664 2748 Maximi
2713 2692 2939 2767 codex,
2987 2695 3144 2758 mihi
3189 2698 3642 2772 humanissime
3669 2719 3708 2766 α

396 2781 477 2842 cl.
514 2781 582 2841 ν.
613 2779 889 2860 ipsoque
921 2778 1173 2840 erudito
1215 2778 1286 2838 D.
1319 2777 1397 2839 de
1430 2777 1796 2840 Ballesdens
1835 2781 2166 2843 sacerdote
2207 2783 2668 2863 suppeditatus,
2716 2791 2766 2850 si
2798 2793 2958 2872 quid
2997 2793 3146 2859 inde
3195 2799 3264 2863 in
3295 2821 3427 2866 rem
3466 2805 3706 2873 littera-

395 2883 552 2946 riam
601 2899 635 2944 a
675 2897 776 2943 me
809 2886 1024 2962 posset
1071 2877 1360 2959 produci,
1415 2896 1554 2940 cum
1608 2878 1981 2942 oblitteratis
2032 2881 2214 2945 initio
2271 2884 2523 2966 [ineque
2572 2886 2737 2963 libri,
2783 2900 3011 2956 neuter
3062 2909 3270 2962 certus
3325 2915 3516 2984 esset,
3567 2928 3706 2977 eam

394 2985 647 3058 Maximi
678 2981 1182 3046 lucubrationem
1214 2980 1326 3044 illo
1356 2981 1694 3044 contineri.
1723 2983 1980 3044 Factum
2011 2983 2120 3046 illo
2147 2985 2377 3064 partim
2409 2987 2558 3049 satis
2588 2990 2744 3052 meis
2772 2993 2953 3069 votis,
2993 3014 3074 3059 ne
3105 3017 3228 3063 una
3250 2980 3520 3070 Gesneri
3555 3012 3680 3074 ﬁde

396 3081 841 3156 sic-sublesta,
891 3079 1139 3142 Maximi
1199 3095 1360 3158 opus
1407 3077 1531 3141 hoc
1584 3077 1931 3156 vulgarem,
1992 3079 2073 3142 ad
2111 3074 2285 3161 quod
2321 3083 2491 3148 aliud
2546 3087 2702 3150 nihil
2742 3093 3014 3156 subsidii
3073 3107 3264 3176 esset,
3311 3121 3384 3168 ac
3433 3126 3564 3188 quo
3593 3079 3706 3178 sui;

395 3185 664 3249 Maximo
705 3200 1108 3264 reponerem.
1146 3183 1298 3244 Nam
1331 3183 1650 3244 Gesnerus
1687 3181 1886 3244 altera
1924 3199 2041 3246 sua
2073 3185 2375 3262 editione,
2411 3196 2472 3251 et
2509 3208 2633 3270 qua
2669 3210 2704 3255 e
2737 3195 3000 3274 regione
3029 3199 3246 3266 Graeca
3290 3181 3524 3273 Latinis
3555 3231 3705 3279 con-

385 3291 610 3369 juncta
642 3287 708 3348 in
755 3285 1009 3348 Stoban
1041 3289 1476 3364 repraesentat,
1510 3283 1601 3346 sic
1632 3283 1855 3390 miscet
1883 3285 2122 3360 omnia,
2156 3293 2224 3348 ut
2271 3288 2424 3368 quid
2481 3294 2795 3376 cujusque
2851 3297 2953 3374 sit,
3003 3291 3255 3367 Maximi
3303 3325 3385 3372 an
3418 3315 3700 3390 Antonii,

395 3402 588 3449 nemo
619 3383 808 3465 plane
833 3382 1164 3461 intelligat.
1200 3381 1443 3456 Ribitti,
1477 3398 1671 3461 quam
1709 3379 1943 3455 laudat,
1971 3386 2200 3460 versio,
2227 3387 2361 3468 ipsa
2394 3389 2691 3454 distincte
2725 3395 2986 3476 habens,
3012 3419 3156 3481 qua:
3184 3419 3395 3473 essent
3425 3379 3733 3494 Maximi;-

394 3504 504 3549 sua
544 3484 926 3551 obscuritate
960 3482 1049 3545 sic
1099 3489 1264 3564 pene
1296 3481 1568 3556 evanuit,
1601 3489 1670 3544 ut
1709 3499 1834 3546 nec
1869 3484 2146 3547 nancisci
2182 3486 2454 3552 licuerit.
2493 3493 2644 3556 Mihi
2689 3505 2862 3561 certe
2896 3515 2968 3563 ea
3009 3510 3186 3582 parte
3224 3509 3507 3576 Theseus
3549 3481 3702 3596 (non

394 3607 520 3669 qua
551 3587 668 3650 sibi
703 3585 981 3648 venditat
1009 3584 1350 3662 Gesnerus)
1385 3593 1454 3647 ut
1482 3585 1560 3648 ab
1593 3585 1727 3665 ejus
1763 3586 1969 3667 ipsius
2013 3591 2410 3656 confusionis
2442 3595 2806 3678 labyrintho
2842 3620 2943 3666 me
2972 3607 3112 3688 ipse
3142 3584 3701 3697 expedirem,‘non

392 3697 461 3755 ut
490 3705 786 3768 magnum
819 3687 1064 3768 aliquid
1094 3705 1173 3752 ex
1210 3689 1344 3770 ejus
1374 3691 1666 3754 versione
1704 3693 2052 3756 reddendis
2077 3696 2330 3759 Maximi
2379 3705 2712 3768 sententiis
2729 3708 3008 3787 juvarer.
3053 3687 3351 3784 Causatur
3378 3687 3698 3792 Gesnerus

395 3812 510 3858 nec
548 3810 726 3856 suam
773 3810 888 3854 nec
928 3791 1145 3856 Ribitti
1185 3794 1541 3857 versionem
1581 3795 1923 3860 admodum
1956 3797 2274 3876 elegantes
2313 3820 2473 3878 esse,
2511 3808 2681 3887 quod
2722 3810 2858 3876 fere
2904 3819 3224 3896 pendente
3253 3825 3435 3904 prelo
3476 3830 3698 3892 reddi-

393 3903 578 3974 derit,
607 3899 911 3980 quodque
933 3897 1054 3979 ipsi
1075 3907 1364 3962 auctores
1393 3899 1558 3963 haud
1581 3919 1724 3964 raro
1755 3919 1884 3966 non
1904 3903 2172 3967 multum
2201 3907 2522 3986 elegantes
2548 3911 2694 3976 sint.
2728 3917 2904 3994 Mihi,
2938 3897 3350 4004 quidquid-sit
3367 3929 3445 3993 de
3477 3943 3697 3998 aucto-

337 4010 342 4014 ’
399 4022 537 4068 rum
565 4005 876 4083 elegantia
902 4003 1116 4084 (quam
1144 4003 1236 4066 sic
1254 4005 1530 4086 antiquis
1560 4005 1901 4088 theologis,
1933 4008 2364 4092 philosophis,
2384 4017 2765 4096 oratoribus,
2793 4021 3241 4106 litteratorum,
3271 4041 3333 4096 et
3351 4042 3700 4112 λογιωτάτων

391 4115 604 4187 ἀνδρῶν
634 4106 812 4169 omni
837 4105 1080 4181 censui,
1115 4106 1329 4168 nescio
1370 4124 1500 4188 quo
1544 4116 1732 4187 gustu
1787 4108 2058 4186 abdicet,
2101 4117 2164 4174 et
2201 4130 2281 4174 an
2325 4132 2481 4179 sano
2521 4119 2672 4182 satis
2704 4122 2935 4202 capite,
2987 4128 3145 4190 nihil
3188 4129 3330 4212 ipse
3361 4105 3699 4219 theologus

375 4223 847 4286 'summumque
877 4207 1326 4284 grammaticus
1344 4208 1695 4271 Germanus
1720 4218 2032 4290 ἐτερόδοξος
2061 4213 2368 4296 medicus)
2393 4220 2596 4297 magis
2627 4225 3003 4290 arcessenda
3035 4207 3382 4314 fides—quae
3401 4242 3526 4298 una
3550 4207 3700 4320 pro-

394 4307 546 4370 bum
587 4309 1000 4388 interpretem
1029 4309 1352 4387 insigniat,
1377 4309 1473 4371 vel
1506 4311 1557 4372 si
1583 4311 1816 4374 minori
1845 4312 2213 4394 eloquentia
2238 4322 2564 4383 nectantis
2586 4321 2930 4388 luminibus
2967 4328 3112 4391 aliis
3139 4301 3307 4396 dicta
3329 4301 3698 4418 scriptaque
3736 4301 3751 4314 .

398 4407 660 4471 reddere
689 4407 911 4470 valeat.
943 4407 1130 4472 Tituli
1161 4415 1620 4488 auc-torumque
1654 4411 1934 4486 nomina,
1965 4412 2141 4490 quod
2192 4414 2387 4478 minio
2437 4419 2670 4498 scripta
2700 4431 2905 4498 erant,
2936 4427 3270 4508 complura
3299 4430 3426 4510 legi
3461 4407 3694 4515 nequi-

392 4517 639 4580 verunt,
675 4527 823 4572 cum
858 4508 1185 4572 sententiae
1213 4509 1369 4589 ipsae
1395 4517 1744 4574 atramento
1777 4511 2052 4592 scripta),
2099 4531 2324 4594 parum
2369 4527 2479 4580 aut
2524 4519 2684 4581 nihil
2722 4520 3108 4602 laborarent,
3138 4529 3205 4592 in
3233 4508 3512 4607 laudato,
3553 4508 3696 4614 ipso

394 4611 654 4690 antiquo
682 4609 1056 4690 eruditaque
1081 4628 1273 4673 manu
1299 4620 1553 4676 exarato
1581 4613 1841 4686 codice;
1878 4631 1956 4676 ex
1987 4615 2164 4694 cujus
2193 4633 2361 4695 pene
2397 4635 2642 4695 norma,
2676 4623 2742 4686 in
2773 4624 3001 4706 primis
3030 4647 3288 4712 quoque
3319 4641 3464 4698 octo
3492 4609 3698 4700 titulis

394 4731 465 4775 ac
499 4709 837 4791 capitibus,
877 4727 1078 4791 pauca
1107 4711 1506 4804 quaedamex
1545 4713 1791 4776 Melissa
1830 4713 2011 4777 libuit
2058 4722 2374 4796 repetere,
2407 4728 2470 4784 et
2513 4739 2658 4800 quae
2695 4725 2896 4804 magis
2941 4729 3076 4790 visa
3105 4709 3256 4795 sunt
3305 4749 3382 4794 ex
3436 4736 3694 4800 Maximi

395 4830 577 4887 vena,
610 4829 690 4875 ne
723 4814 862 4893 ipse
889 4799 1130 4889 in‘illis,
1163 4801 1482 4896 explicato
1511 4816 1643 4896 jam
1673 4815 1842 4879 furto
1873 4833 1990 4878 seu
2027 4817 2265 4898 plagio,
2298 4820 2583 4902 jejunior
2629 4825 2856 4890 abiret.
2894 4830 3006 4903 Qui
3043 4831 3246 4908 locos,
3298 4833 3404 4896 sin
3445 4852 3689 4912 omnes,

395 4920 458 4975 at
479 4913 653 4974 bene
684 4910 938 4987 multos,
978 4911 1045 4974 in
1089 4913 1298 4977 fontes
1329 4915 1680 4990 reduceret,
1714 4916 1768 4977 is
1801 4933 1952 4978 Vero
1982 4934 2249 4997 magnus
2279 4929 2467 4998 esset,
2505 4941 2934 5007 magnumque
2965 4929 3206 5012 aliquid
3246 4933 3312 4996 in
3351 4951 3486 4997 rem
3519 4937 3689 5001 litte-

397 5013 622 5076 rariam
660 5012 998 5077 conferret.
1036 5017 1191 5080 Eam
1236 5026 1447 5080 tamen
1479 5018 1618 5098 ipse
1654 5018 2051 5098 provinciam
2083 5022 2235 5086 mihi
2270 5041 2401 5088 non
2429 5025 2723 5108 impono;
2759 5029 2862 5093 cui
2893 5033 3109 5095 nescio
3156 5051 3238 5096 an
3267 5036 3344 5096 R.
3379 5037 3447 5096 Ρ.
3477 5038 3560 5099 M.
3590 5039 3693 5100 Fr.

396 5115 635 5178 Nicolai
680 5118 881 5180 nostri
927 5117 1176 5180 humeri
1222 5117 1604 5192 sufﬁcerent,
1639 5122 1748 5198 qui
1783 5126 1996 5182 tantus
2045 5139 2122 5185 eo
2160 5141 2393 5202 genere
2434 5129 2500 5190 in
2537 5137 2756 5195 sancto
2793 5130 3036 5196 Thoma
3087 5134 3284 5198 videri
3340 5135 3571 5213 voluit;
3612 5121 3690 5202 vin

393 5231 524 5294 quo
557 5216 769 5279 tamen
807 5233 906 5278 res
939 5209 1296 5296 expeditior
1327 5215 1466 5290 fuit,
1503 5233 1618 5280 nec
1653 5217 1792 5296 ipsa
1825 5228 2082 5298 prorsus
2115 5232 2174 5285 ὲν
2206 5233 2512 5304 ἀδυνάτοις,
2553 5246 2699 5292 cum
2743 5229 2880 5294 fere
2921 5240 3170 5327 exstept
3219 5243 3281 5298 et
3324 5237 3402 5299 ad
3432 5255 3687 5301 manum

394 5315 541 5389 sint,
574 5331 738 5394 quos
778 5323 1069 5379 auctores
1104 5316 1312 5378 citavit
1341 5323 1596 5379 sanctus
1621 5317 1920 5402 Thomas,
1953 5329 2016 5383 et
2043 5340 2318 5414 quorum
2351 5345 2502 5393 usus
2535 5329 2892 5409 laboribus;
2924 5315 3218 5421 magnam
3253 5355 3404 5413 vero
3440 5346 3686 5422 partem

397 5414 858 5495 desiderentur,
890 5435 1162 5499 quorum
1193 5419 1536 5483 sententias
1565 5423 1878 5504 excerpsit
1905 5426 2233 5492 Maximus.
