  <div class='ocr_page' id='page_1' title='image "/cluster/home/n/w/nwhite01/storage/ocr_20150623/91:no.2/coo.31924054869957/383.png"; bbox 0 0 4094 6362; ppageno 0'>
   <div class='ocr_carea' id='block_1_1' title="bbox 405 392 2010 466">
    <p class='ocr_par' dir='ltr' id='par_1_1' title="bbox 405 392 2010 461">
     <span class='ocr_line' id='line_1_1' title="bbox 405 392 2010 461; baseline -0.001 -7"><span class='ocrx_word' id='word_1_1' title='bbox 405 392 510 458; x_wconf 67' lang='grc'><strong>723</strong></span> <span class='ocrx_word' id='word_1_2' title='bbox 603 434 606 440; x_wconf 71' lang='grc' dir='ltr'>ι</span> <span class='ocrx_word' id='word_1_3' title='bbox 1560 399 1622 460; x_wconf 92' lang='lat' dir='ltr'><strong>S.</strong></span> <span class='ocrx_word' id='word_1_4' title='bbox 1668 397 1958 461; x_wconf 74' lang='lat' dir='ltr'><strong>MAXUII</strong></span> <span class='ocrx_word' id='word_1_5' title='bbox 2000 403 2010 453; x_wconf 87' lang='lat' dir='ltr'><strong>l</strong></span> 
     </span>
    </p>
   </div>
   <div class='ocr_carea' id='block_1_2' title="bbox 2114 392 3718 466">
    <p class='ocr_par' dir='ltr' id='par_1_2' title="bbox 2114 400 3718 466">
     <span class='ocr_line' id='line_1_2' title="bbox 2114 400 3718 466; baseline 0.001 -7"><span class='ocrx_word' id='word_1_6' title='bbox 2114 400 2513 466; x_wconf 62' lang='lat' dir='ltr'><strong>N’FESSURIS</strong></span> <span class='ocrx_word' id='word_1_7' title='bbox 3605 400 3718 464; x_wconf 59' lang='lat'><strong>7%</strong></span> 
     </span>
    </p>
   </div>
   <div class='ocr_carea' id='block_1_3' title="bbox 477 504 2010 586">
    <p class='ocr_par' dir='ltr' id='par_1_3' title="bbox 477 504 2005 578">
     <span class='ocr_line' id='line_1_3' title="bbox 477 504 2005 578; baseline 0.001 -17"><span class='ocrx_word' id='word_1_8' title='bbox 477 505 634 561; x_wconf 82' lang='lat' dir='ltr'><strong><em>Prov.</em></strong></span> <span class='ocrx_word' id='word_1_9' title='bbox 664 521 702 570; x_wconf 84' lang='lat' dir='ltr'><strong>r,</strong></span> <span class='ocrx_word' id='word_1_10' title='bbox 732 504 819 570; x_wconf 82' lang='lat' dir='ltr'><strong>lo,</strong></span> <span class='ocrx_word' id='word_1_11' title='bbox 857 505 942 571; x_wconf 79' lang='lat' dir='ltr'><strong>l5,</strong></span> <span class='ocrx_word' id='word_1_12' title='bbox 969 505 1057 560; x_wconf 76' lang='lat' dir='ltr'><strong>l6.</strong></span> <span class='ocrx_word' id='word_1_13' title='bbox 1084 506 1250 561; x_wconf 79' lang='lat' dir='ltr'><strong>—Ne</strong></span> <span class='ocrx_word' id='word_1_14' title='bbox 1281 515 1331 562; x_wconf 93' lang='lat' dir='ltr'><strong>te</strong></span> <span class='ocrx_word' id='word_1_15' title='bbox 1367 507 1640 562; x_wconf 91' lang='lat' dir='ltr'><strong>seducant</strong></span> <span class='ocrx_word' id='word_1_16' title='bbox 1687 507 1795 562; x_wconf 86' lang='lat' dir='ltr'><strong>viri</strong></span> <span class='ocrx_word' id='word_1_17' title='bbox 1824 509 2005 578; x_wconf 87' lang='lat' dir='ltr'><strong>impii,</strong></span> 
     </span>
    </p>
   </div>
   <div class='ocr_carea' id='block_1_4' title="bbox 2114 504 3713 586">
    <p class='ocr_par' dir='ltr' id='par_1_4' title="bbox 2191 512 3713 586">
     <span class='ocr_line' id='line_1_4' title="bbox 2191 512 3713 586; baseline -0.002 -18"><span class='ocrx_word' id='word_1_18' title='bbox 2191 515 2304 570; x_wconf 88' lang='grc' dir='ltr'><strong>Τοῦ</strong></span> <span class='ocrx_word' id='word_1_19' title='bbox 2326 519 2534 571; x_wconf 75' lang='grc' dir='ltr'><strong>αὐτοῦ.</strong></span> <span class='ocrx_word' id='word_1_20' title='bbox 2555 548 2622 559; x_wconf 91' lang='lat'><strong>-—</strong></span> <span class='ocrx_word' id='word_1_21' title='bbox 2638 517 2728 585; x_wconf 82' lang='grc' dir='ltr'><strong>Μή</strong></span> <span class='ocrx_word' id='word_1_22' title='bbox 2773 533 2831 570; x_wconf 89' lang='grc' dir='ltr'><strong>σε</strong></span> <span class='ocrx_word' id='word_1_23' title='bbox 2870 512 3220 586; x_wconf 83' lang='grc' dir='ltr'>πλανήσωσιν</span> <span class='ocrx_word' id='word_1_24' title='bbox 3243 513 3438 585; x_wconf 78' lang='grc' dir='ltr'>ἄνδρες</span> <span class='ocrx_word' id='word_1_25' title='bbox 3465 513 3713 577; x_wconf 77' lang='grc' dir='ltr'>ἀσεϐεῖς,</span> 
     </span>
    </p>
   </div>
   <div class='ocr_carea' id='block_1_5' title="bbox 403 598 2010 681">
    <p class='ocr_par' dir='ltr' id='par_1_5' title="bbox 403 598 2008 670">
     <span class='ocr_line' id='line_1_5' title="bbox 403 598 2008 670; baseline 0.001 -15"><span class='ocrx_word' id='word_1_26' title='bbox 403 615 588 670; x_wconf 85' lang='lat' dir='ltr'><strong>neque</strong></span> <span class='ocrx_word' id='word_1_27' title='bbox 637 599 894 654; x_wconf 85' lang='lat' dir='ltr'><strong>ambules</strong></span> <span class='ocrx_word' id='word_1_28' title='bbox 949 598 1006 653; x_wconf 91' lang='lat' dir='ltr'><strong>in</strong></span> <span class='ocrx_word' id='word_1_29' title='bbox 1054 599 1146 653; x_wconf 93' lang='lat' dir='ltr'><strong>via</strong></span> <span class='ocrx_word' id='word_1_30' title='bbox 1203 615 1331 654; x_wconf 92' lang='lat' dir='ltr'><strong>cum</strong></span> <span class='ocrx_word' id='word_1_31' title='bbox 1382 601 1508 666; x_wconf 91' lang='lat' dir='ltr'><strong>eis;</strong></span> <span class='ocrx_word' id='word_1_32' title='bbox 1567 601 1786 657; x_wconf 80' lang='lat' dir='ltr'><strong>declina</strong></span> <span class='ocrx_word' id='word_1_33' title='bbox 1818 611 2008 656; x_wconf 89' lang='lat' dir='ltr'><strong>autem</strong></span> 
     </span>
    </p>
   </div>
   <div class='ocr_carea' id='block_1_6' title="bbox 2114 598 3714 681">
    <p class='ocr_par' dir='ltr' id='par_1_6' title="bbox 2116 605 3714 681">
     <span class='ocr_line' id='line_1_6' title="bbox 2116 605 3714 681; baseline -0.003 -19"><span class='ocrx_word' id='word_1_34' title='bbox 2116 609 2251 679; x_wconf 84' lang='grc' dir='ltr'>μηδὲ</span> <span class='ocrx_word' id='word_1_35' title='bbox 2278 610 2553 681; x_wconf 77' lang='grc' dir='ltr'>πορευϐῇς</span> <span class='ocrx_word' id='word_1_36' title='bbox 2577 611 2635 664; x_wconf 80' lang='grc' dir='ltr'>ἐν</span> <span class='ocrx_word' id='word_1_37' title='bbox 2672 610 2777 679; x_wconf 77' lang='grc' dir='ltr'><strong>ὁδῷ</strong></span> <span class='ocrx_word' id='word_1_38' title='bbox 2817 609 2936 680; x_wconf 84' lang='grc' dir='ltr'>μετ’</span> <span class='ocrx_word' id='word_1_39' title='bbox 2971 607 3185 662; x_wconf 82' lang='grc' dir='ltr'>αὐτῶν·</span> <span class='ocrx_word' id='word_1_40' title='bbox 3225 606 3474 661; x_wconf 76' lang='grc' dir='ltr'>ἔκκλινον</span> <span class='ocrx_word' id='word_1_41' title='bbox 3513 605 3572 660; x_wconf 78' lang='grc' dir='ltr'><strong>δὲ</strong></span> <span class='ocrx_word' id='word_1_42' title='bbox 3617 605 3714 658; x_wconf 68' lang='grc' dir='ltr'>τὸν</span> 
     </span>
    </p>
   </div>
   <div class='ocr_carea' id='block_1_7' title="bbox 402 691 2010 772">
    <p class='ocr_par' dir='ltr' id='par_1_7' title="bbox 402 691 2008 764">
     <span class='ocr_line' id='line_1_7' title="bbox 402 691 2008 764; baseline 0.001 -17"><span class='ocrx_word' id='word_1_43' title='bbox 402 691 604 762; x_wconf 86' lang='lat' dir='ltr'><strong>pedem</strong></span> <span class='ocrx_word' id='word_1_44' title='bbox 631 700 787 747; x_wconf 90' lang='lat' dir='ltr'><strong>tuum</strong></span> <span class='ocrx_word' id='word_1_45' title='bbox 816 707 848 746; x_wconf 91' lang='lat' dir='ltr'><strong>a</strong></span> <span class='ocrx_word' id='word_1_46' title='bbox 879 692 1098 748; x_wconf 75' lang='lat' dir='ltr'><strong>semitis</strong></span> <span class='ocrx_word' id='word_1_47' title='bbox 1122 708 1319 748; x_wconf 89' lang='lat' dir='ltr'><strong>eorum</strong></span> <span class='ocrx_word' id='word_1_48' title='bbox 1352 712 1364 747; x_wconf 93' lang='lat'><strong>:</strong></span> <span class='ocrx_word' id='word_1_49' title='bbox 1396 694 1568 764; x_wconf 88' lang='lat' dir='ltr'><strong>pedes</strong></span> <span class='ocrx_word' id='word_1_50' title='bbox 1599 697 1752 750; x_wconf 88' lang='lat' dir='ltr'><strong>enim</strong></span> <span class='ocrx_word' id='word_1_51' title='bbox 1782 697 2008 750; x_wconf 90' lang='lat' dir='ltr'><strong>illorum</strong></span> 
     </span>
    </p>
   </div>
   <div class='ocr_carea' id='block_1_8' title="bbox 2114 691 3713 772">
    <p class='ocr_par' dir='ltr' id='par_1_8' title="bbox 2114 698 3713 772">
     <span class='ocr_line' id='line_1_8' title="bbox 2114 698 3713 772; baseline -0.002 -18"><span class='ocrx_word' id='word_1_52' title='bbox 2114 702 2248 756; x_wconf 79' lang='grc' dir='ltr'>πόδα</span> <span class='ocrx_word' id='word_1_53' title='bbox 2308 721 2404 756; x_wconf 87' lang='grc' dir='ltr'>σου</span> <span class='ocrx_word' id='word_1_54' title='bbox 2459 704 2568 756; x_wconf 82' lang='grc' dir='ltr'>ἀπὸ</span> <span class='ocrx_word' id='word_1_55' title='bbox 2614 703 2722 756; x_wconf 81' lang='grc' dir='ltr'><strong>τῶν</strong></span> <span class='ocrx_word' id='word_1_56' title='bbox 2785 702 2990 772; x_wconf 82' lang='grc' dir='ltr'>τρίϐων</span> <span class='ocrx_word' id='word_1_57' title='bbox 3025 699 3237 754; x_wconf 84' lang='grc' dir='ltr'>αὐτῶν·</span> <span class='ocrx_word' id='word_1_58' title='bbox 3310 699 3360 752; x_wconf 80' lang='grc' dir='ltr'>οἱ</span> <span class='ocrx_word' id='word_1_59' title='bbox 3396 699 3507 769; x_wconf 78' lang='grc' dir='ltr'><strong>γὰρ</strong></span> <span class='ocrx_word' id='word_1_60' title='bbox 3548 698 3713 760; x_wconf 84' lang='grc' dir='ltr'><strong>πόδες</strong></span> 
     </span>
    </p>
   </div>
   <div class='ocr_carea' id='block_1_9' title="bbox 403 782 2010 866">
    <p class='ocr_par' dir='ltr' id='par_1_9' title="bbox 403 782 994 838">
     <span class='ocr_line' id='line_1_9' title="bbox 403 782 994 838; baseline 0 -2"><span class='ocrx_word' id='word_1_61' title='bbox 403 782 462 837; x_wconf 87' lang='lat' dir='ltr'><strong>in</strong></span> <span class='ocrx_word' id='word_1_62' title='bbox 487 783 698 838; x_wconf 88' lang='lat' dir='ltr'><strong>malum</strong></span> <span class='ocrx_word' id='word_1_63' title='bbox 729 791 994 838; x_wconf 87' lang='lat' dir='ltr'><strong>currunt.</strong></span> 
     </span>
    </p>
   </div>
   <div class='ocr_carea' id='block_1_10' title="bbox 2114 782 3059 866">
    <p class='ocr_par' dir='ltr' id='par_1_10' title="bbox 2114 795 3059 866">
     <span class='ocr_line' id='line_1_10' title="bbox 2114 795 3059 866; baseline -0.003 -17"><span class='ocrx_word' id='word_1_64' title='bbox 2114 795 2292 849; x_wconf 77' lang='grc' dir='ltr'>αὐτῶν</span> <span class='ocrx_word' id='word_1_65' title='bbox 2319 795 2394 865; x_wconf 84' lang='lat' dir='ltr'><strong>(b)</strong></span> <span class='ocrx_word' id='word_1_66' title='bbox 2416 796 2496 857; x_wconf 76' lang='grc' dir='ltr'>εἰς</span> <span class='ocrx_word' id='word_1_67' title='bbox 2520 795 2718 848; x_wconf 69' lang='grc' dir='ltr'>κακίαν</span> <span class='ocrx_word' id='word_1_68' title='bbox 2752 795 3059 866; x_wconf 78' lang='grc' dir='ltr'><strong>τρέχουσιν.</strong></span> 
     </span>
    </p>
   </div>
   <div class='ocr_carea' id='block_1_11' title="bbox 473 872 2010 958">
    <p class='ocr_par' dir='ltr' id='par_1_11' title="bbox 473 872 2005 950">
     <span class='ocr_line' id='line_1_11' title="bbox 473 872 2005 950; baseline 0.006 -24"><span class='ocrx_word' id='word_1_69' title='bbox 473 872 637 928; x_wconf 78' lang='lat' dir='ltr'><strong><em>Prov.</em></strong></span> <span class='ocrx_word' id='word_1_70' title='bbox 677 890 796 940; x_wconf 81' lang='lat' dir='ltr'><strong>xm,</strong></span> <span class='ocrx_word' id='word_1_71' title='bbox 835 875 1143 942; x_wconf 73' lang='lat' dir='ltr'><strong>13.-—Qui</strong></span> <span class='ocrx_word' id='word_1_72' title='bbox 1167 877 1480 936; x_wconf 74' lang='lat' dir='ltr'><strong>contemnit</strong></span> <span class='ocrx_word' id='word_1_73' title='bbox 1516 879 1828 950; x_wconf 80' lang='lat' dir='ltr'><strong>negotium,</strong></span> <span class='ocrx_word' id='word_1_74' title='bbox 1867 896 2005 936; x_wconf 89' lang='lat' dir='ltr'><strong>con-</strong></span> 
     </span>
    </p>
   </div>
   <div class='ocr_carea' id='block_1_12' title="bbox 2114 872 3710 958">
    <p class='ocr_par' dir='ltr' id='par_1_12' title="bbox 2185 885 3710 958">
     <span class='ocr_line' id='line_1_12' title="bbox 2185 885 3710 958; baseline -0.005 -16"><span class='ocrx_word' id='word_1_75' title='bbox 2185 887 2296 942; x_wconf 81' lang='grc' dir='ltr'><em>Τοῦ</em></span> <span class='ocrx_word' id='word_1_76' title='bbox 2330 887 2542 942; x_wconf 80' lang='grc' dir='ltr'>αὐτοῦ.</span> <span class='ocrx_word' id='word_1_77' title='bbox 2570 918 2642 927; x_wconf 92' lang='grc'><strong>-</strong></span> <span class='ocrx_word' id='word_1_78' title='bbox 2675 889 2770 951; x_wconf 82' lang='grc' dir='ltr'><strong>Ὃς</strong></span> <span class='ocrx_word' id='word_1_79' title='bbox 2801 885 3140 958; x_wconf 82' lang='grc' dir='ltr'>καταφρονεῖ</span> <span class='ocrx_word' id='word_1_80' title='bbox 3162 886 3512 958; x_wconf 81' lang='grc' dir='ltr'>πράγματος,</span> <span class='ocrx_word' id='word_1_81' title='bbox 3536 900 3710 936; x_wconf 86' lang='grc' dir='ltr'>κατα-</span> 
     </span>
    </p>
   </div>
   <div class='ocr_carea' id='block_1_13' title="bbox 403 967 2010 1052">
    <p class='ocr_par' dir='ltr' id='par_1_13' title="bbox 403 967 907 1022">
     <span class='ocr_line' id='line_1_13' title="bbox 403 967 907 1022; baseline 0.008 -3"><span class='ocrx_word' id='word_1_82' title='bbox 403 973 690 1020; x_wconf 90' lang='lat' dir='ltr'><strong>temnetur</strong></span> <span class='ocrx_word' id='word_1_83' title='bbox 712 967 784 1022; x_wconf 92' lang='lat' dir='ltr'><strong>ab</strong></span> <span class='ocrx_word' id='word_1_84' title='bbox 817 983 907 1022; x_wconf 92' lang='lat' dir='ltr'><strong>eo.</strong></span> 
     </span>
    </p>
   </div>
   <div class='ocr_carea' id='block_1_14' title="bbox 2114 967 3738 1052">
    <p class='ocr_par' dir='ltr' id='par_1_14' title="bbox 2114 979 3738 1052">
     <span class='ocr_line' id='line_1_14' title="bbox 2114 979 3738 1052; baseline 0.001 -18"><span class='ocrx_word' id='word_1_85' title='bbox 2114 981 2516 1052; x_wconf 76' lang='grc' dir='ltr'>φρονηθήσεται</span> <span class='ocrx_word' id='word_1_86' title='bbox 2539 981 2610 1052; x_wconf 80' lang='grc' dir='ltr'>(ε)</span> <span class='ocrx_word' id='word_1_87' title='bbox 2650 981 2744 1034; x_wconf 83' lang='grc' dir='ltr'><strong>ὑπ’</strong></span> <span class='ocrx_word' id='word_1_88' title='bbox 2772 979 2962 1034; x_wconf 78' lang='grc' dir='ltr'>αὐτοῦ.</span> <span class='ocrx_word' id='word_1_89' title='bbox 3731 1015 3738 1026; x_wconf 70' lang='grc' dir='ltr'><strong>ε</strong></span> 
     </span>
    </p>
   </div>
   <div class='ocr_carea' id='block_1_15' title="bbox 476 1055 2010 1144">
    <p class='ocr_par' dir='ltr' id='par_1_15' title="bbox 476 1055 2004 1126">
     <span class='ocr_line' id='line_1_15' title="bbox 476 1055 2004 1126; baseline 0.006 -16"><span class='ocrx_word' id='word_1_90' title='bbox 476 1055 638 1114; x_wconf 76' lang='lat' dir='ltr'><strong>Prov.</strong></span> <span class='ocrx_word' id='word_1_91' title='bbox 672 1075 726 1123; x_wconf 76' lang='grc' dir='ltr'><strong>ι,</strong></span> <span class='ocrx_word' id='word_1_92' title='bbox 762 1059 852 1114; x_wconf 79' lang='grc'><strong>26.</strong></span> <span class='ocrx_word' id='word_1_93' title='bbox 889 1090 960 1100; x_wconf 93' lang='grc'><strong><em>-</em></strong></span> <span class='ocrx_word' id='word_1_94' title='bbox 999 1059 1160 1116; x_wconf 90' lang='lat' dir='ltr'><strong>Sicut</strong></span> <span class='ocrx_word' id='word_1_95' title='bbox 1180 1077 1287 1116; x_wconf 91' lang='lat' dir='ltr'><strong>uva</strong></span> <span class='ocrx_word' id='word_1_96' title='bbox 1309 1061 1510 1117; x_wconf 89' lang='lat' dir='ltr'><strong>acerba</strong></span> <span class='ocrx_word' id='word_1_97' title='bbox 1546 1063 1810 1126; x_wconf 80' lang='lat' dir='ltr'><strong>dentibus</strong></span> <span class='ocrx_word' id='word_1_98' title='bbox 1841 1065 2004 1120; x_wconf 81' lang='lat' dir='ltr'><strong>noxia</strong></span> 
     </span>
    </p>
   </div>
   <div class='ocr_carea' id='block_1_16' title="bbox 2114 1055 3742 1144">
    <p class='ocr_par' dir='ltr' id='par_1_16' title="bbox 2181 1067 3742 1144">
     <span class='ocr_line' id='line_1_16' title="bbox 2181 1067 3742 1144; baseline -0.008 -12"><span class='ocrx_word' id='word_1_99' title='bbox 2181 1074 2295 1132; x_wconf 82' lang='grc' dir='ltr'><strong>Τοῦ</strong></span> <span class='ocrx_word' id='word_1_100' title='bbox 2319 1073 2526 1128; x_wconf 80' lang='grc' dir='ltr'>αὐτοῦ.</span> <span class='ocrx_word' id='word_1_101' title='bbox 2568 1103 2638 1114; x_wconf 90' lang='lat'><strong>--</strong></span> <span class='ocrx_word' id='word_1_102' title='bbox 2664 1073 2876 1144; x_wconf 82' lang='grc' dir='ltr'>Ὥσπερ</span> <span class='ocrx_word' id='word_1_103' title='bbox 2897 1071 3080 1140; x_wconf 52' lang='lat' dir='ltr'><strong>sum:</strong></span> <span class='ocrx_word' id='word_1_104' title='bbox 3101 1069 3281 1124; x_wconf 81' lang='grc' dir='ltr'><strong>ὀδοῦσι</strong></span> <span class='ocrx_word' id='word_1_105' title='bbox 3313 1067 3578 1140; x_wconf 76' lang='grc' dir='ltr'>βλαϐερὸν</span> <span class='ocrx_word' id='word_1_106' title='bbox 3608 1067 3706 1120; x_wconf 76' lang='grc' dir='ltr'>καὶ</span> <span class='ocrx_word' id='word_1_107' title='bbox 3731 1077 3742 1086; x_wconf 84' lang='grc'><strong>’</strong></span> 
     </span>
    </p>
   </div>
   <div class='ocr_carea' id='block_1_17' title="bbox 405 1149 2010 1235">
    <p class='ocr_par' dir='ltr' id='par_1_17' title="bbox 405 1149 2004 1229">
     <span class='ocr_line' id='line_1_17' title="bbox 405 1149 2004 1229; baseline 0.006 -24"><span class='ocrx_word' id='word_1_108' title='bbox 405 1159 515 1216; x_wconf 90' lang='lat' dir='ltr'><strong>est,</strong></span> <span class='ocrx_word' id='word_1_109' title='bbox 543 1161 602 1206; x_wconf 90' lang='lat' dir='ltr'><strong>et</strong></span> <span class='ocrx_word' id='word_1_110' title='bbox 631 1149 820 1210; x_wconf 82' lang='lat' dir='ltr'><strong>fumus</strong></span> <span class='ocrx_word' id='word_1_111' title='bbox 861 1154 1072 1223; x_wconf 88' lang='lat' dir='ltr'><strong>oculis;</strong></span> <span class='ocrx_word' id='word_1_112' title='bbox 1139 1156 1223 1212; x_wconf 91' lang='lat' dir='ltr'><strong>sic</strong></span> <span class='ocrx_word' id='word_1_113' title='bbox 1273 1156 1624 1227; x_wconf 76' lang='lat' dir='ltr'><strong>improbitas,</strong></span> <span class='ocrx_word' id='word_1_114' title='bbox 1662 1159 1773 1224; x_wconf 90' lang='lat' dir='ltr'><strong>his,</strong></span> <span class='ocrx_word' id='word_1_115' title='bbox 1816 1159 1913 1229; x_wconf 89' lang='lat' dir='ltr'><strong>qui</strong></span> <span class='ocrx_word' id='word_1_116' title='bbox 1939 1175 2004 1214; x_wconf 91' lang='lat' dir='ltr'><strong>ea</strong></span> 
     </span>
    </p>
   </div>
   <div class='ocr_carea' id='block_1_18' title="bbox 2114 1149 3706 1235">
    <p class='ocr_par' dir='ltr' id='par_1_18' title="bbox 2114 1154 3706 1235">
     <span class='ocr_line' id='line_1_18' title="bbox 2114 1154 3706 1235; baseline -0.007 -15"><span class='ocrx_word' id='word_1_117' title='bbox 2114 1163 2314 1229; x_wconf 79' lang='grc' dir='ltr'>καπνὸς</span> <span class='ocrx_word' id='word_1_118' title='bbox 2363 1163 2632 1234; x_wconf 78' lang='grc' dir='ltr'>ὄμμασιν,</span> <span class='ocrx_word' id='word_1_119' title='bbox 2699 1161 2843 1216; x_wconf 79' lang='grc' dir='ltr'>οὕτω</span> <span class='ocrx_word' id='word_1_120' title='bbox 2875 1161 3190 1235; x_wconf 81' lang='grc' dir='ltr'>παρανομία</span> <span class='ocrx_word' id='word_1_121' title='bbox 3239 1163 3353 1224; x_wconf 83' lang='grc' dir='ltr'>τοῖς</span> <span class='ocrx_word' id='word_1_122' title='bbox 3395 1154 3706 1230; x_wconf 71' lang='grc' dir='ltr'><strong>χρωμένοις</strong></span> 
     </span>
    </p>
   </div>
   <div class='ocr_carea' id='block_1_19' title="bbox 405 1251 663 1301">
    <p class='ocr_par' dir='ltr' id='par_1_19' title="bbox 405 1251 663 1301">
     <span class='ocr_line' id='line_1_19' title="bbox 405 1251 663 1301; baseline 0.019 -5"><span class='ocrx_word' id='word_1_123' title='bbox 405 1251 663 1301; x_wconf 91' lang='lat' dir='ltr'><strong>utuntur.</strong></span> 
     </span>
    </p>
   </div>
   <div class='ocr_carea' id='block_1_20' title="bbox 477 1336 1998 1418">
    <p class='ocr_par' dir='ltr' id='par_1_20' title="bbox 477 1336 1998 1418">
     <span class='ocr_line' id='line_1_20' title="bbox 477 1336 1998 1418; baseline 0.005 -26"><span class='ocrx_word' id='word_1_124' title='bbox 477 1336 648 1392; x_wconf 78' lang='lat' dir='ltr'><strong>Ecclt&#39;.</strong></span> <span class='ocrx_word' id='word_1_125' title='bbox 709 1355 880 1406; x_wconf 76' lang='lat' dir='ltr'><strong>xxvii,</strong></span> <span class='ocrx_word' id='word_1_126' title='bbox 903 1339 996 1396; x_wconf 76' lang='lat'><strong>&#39;50.</strong></span> <span class='ocrx_word' id='word_1_127' title='bbox 1033 1369 1104 1381; x_wconf 85' lang='lat'><strong>--</strong></span> <span class='ocrx_word' id='word_1_128' title='bbox 1128 1339 1233 1408; x_wconf 87' lang='lat' dir='ltr'><strong>Qui</strong></span> <span class='ocrx_word' id='word_1_129' title='bbox 1288 1341 1424 1396; x_wconf 82' lang='lat' dir='ltr'><strong>facit</strong></span> <span class='ocrx_word' id='word_1_130' title='bbox 1480 1343 1644 1418; x_wconf 83' lang='lat' dir='ltr'><strong>mala,</strong></span> <span class='ocrx_word' id='word_1_131' title='bbox 1673 1358 1842 1416; x_wconf 83' lang='lat' dir='ltr'><strong>super</strong></span> <span class='ocrx_word' id='word_1_132' title='bbox 1871 1359 1998 1400; x_wconf 87' lang='lat' dir='ltr'><strong>eum</strong></span> 
     </span>
    </p>
   </div>
   <div class='ocr_carea' id='block_1_21' title="bbox 403 1431 2002 1504">
    <p class='ocr_par' dir='ltr' id='par_1_21' title="bbox 403 1431 2002 1504">
     <span class='ocr_line' id='line_1_21' title="bbox 403 1431 2002 1504; baseline 0.004 -20"><span class='ocrx_word' id='word_1_133' title='bbox 403 1431 742 1499; x_wconf 82' lang='lat' dir='ltr'><strong>volventur;</strong></span> <span class='ocrx_word' id='word_1_134' title='bbox 814 1443 872 1489; x_wconf 93' lang='lat' dir='ltr'><strong>et</strong></span> <span class='ocrx_word' id='word_1_135' title='bbox 935 1449 1050 1489; x_wconf 90' lang='lat' dir='ltr'><strong>non</strong></span> <span class='ocrx_word' id='word_1_136' title='bbox 1113 1443 1418 1504; x_wconf 77' lang='lat' dir='ltr'><strong>cognoscet</strong></span> <span class='ocrx_word' id='word_1_137' title='bbox 1483 1436 1631 1490; x_wconf 91' lang='lat' dir='ltr'><strong>unde</strong></span> <span class='ocrx_word' id='word_1_138' title='bbox 1701 1435 2002 1491; x_wconf 87' lang='lat' dir='ltr'><strong>adveniant</strong></span> 
     </span>
    </p>
   </div>
   <div class='ocr_carea' id='block_1_22' title="bbox 405 1524 538 1582">
    <p class='ocr_par' dir='ltr' id='par_1_22' title="bbox 405 1524 538 1582">
     <span class='ocr_line' id='line_1_22' title="bbox 405 1524 538 1582; baseline -0.015 0"><span class='ocrx_word' id='word_1_139' title='bbox 405 1524 538 1582; x_wconf 82' lang='lat' dir='ltr'><strong>sibi.</strong></span> 
     </span>
    </p>
   </div>
   <div class='ocr_carea' id='block_1_23' title="bbox 474 1616 1999 1690">
    <p class='ocr_par' dir='ltr' id='par_1_23' title="bbox 474 1616 1999 1690">
     <span class='ocr_line' id='line_1_23' title="bbox 474 1616 1999 1690; baseline 0.002 -19"><span class='ocrx_word' id='word_1_140' title='bbox 474 1616 684 1673; x_wconf 73' lang='lat' dir='ltr'><strong>Basilii.</strong></span> <span class='ocrx_word' id='word_1_141' title='bbox 703 1618 947 1674; x_wconf 89' lang='lat' dir='ltr'><strong>—Inter</strong></span> <span class='ocrx_word' id='word_1_142' title='bbox 979 1633 1044 1676; x_wconf 87' lang='lat' dir='ltr'><strong>ea</strong></span> <span class='ocrx_word' id='word_1_143' title='bbox 1075 1635 1200 1690; x_wconf 73' lang='lat' dir='ltr'><strong>quae</strong></span> <span class='ocrx_word' id='word_1_144' title='bbox 1229 1618 1534 1686; x_wconf 85' lang='lat' dir='ltr'><strong>habentur,</strong></span> <span class='ocrx_word' id='word_1_145' title='bbox 1559 1617 1678 1675; x_wconf 89' lang='lat' dir='ltr'><strong>sola</strong></span> <span class='ocrx_word' id='word_1_146' title='bbox 1701 1621 1884 1675; x_wconf 85' lang='lat' dir='ltr'><strong>virtus</strong></span> <span class='ocrx_word' id='word_1_147' title='bbox 1913 1630 1999 1676; x_wconf 88' lang='lat' dir='ltr'><strong>est</strong></span> 
     </span>
    </p>
   </div>
   <div class='ocr_carea' id='block_1_24' title="bbox 405 1711 1492 1783">
    <p class='ocr_par' dir='ltr' id='par_1_24' title="bbox 405 1711 1492 1783">
     <span class='ocr_line' id='line_1_24' title="bbox 405 1711 1492 1783; baseline 0 -17"><span class='ocrx_word' id='word_1_148' title='bbox 405 1711 565 1781; x_wconf 86' lang='lat' dir='ltr'><strong>cujus</strong></span> <span class='ocrx_word' id='word_1_149' title='bbox 591 1711 800 1767; x_wconf 82' lang='lat' dir='ltr'><strong>auferri</strong></span> <span class='ocrx_word' id='word_1_150' title='bbox 832 1714 1115 1782; x_wconf 88' lang='lat' dir='ltr'><strong>possessio</strong></span> <span class='ocrx_word' id='word_1_151' title='bbox 1142 1727 1256 1768; x_wconf 91' lang='lat' dir='ltr'><strong>non</strong></span> <span class='ocrx_word' id='word_1_152' title='bbox 1292 1712 1492 1783; x_wconf 88' lang='lat' dir='ltr'><strong>possit.</strong></span> 
     </span>
    </p>
   </div>
   <div class='ocr_carea' id='block_1_25' title="bbox 472 1802 2076 1888">
    <p class='ocr_par' dir='ltr' id='par_1_25' title="bbox 472 1802 2076 1888">
     <span class='ocr_line' id='line_1_25' title="bbox 472 1802 2076 1888; baseline -0.001 -29"><span class='ocrx_word' id='word_1_153' title='bbox 472 1802 712 1859; x_wconf 79' lang='lat' dir='ltr'><strong>Virtutis</strong></span> <span class='ocrx_word' id='word_1_154' title='bbox 736 1805 944 1870; x_wconf 90' lang='lat' dir='ltr'><strong>cultus,</strong></span> <span class='ocrx_word' id='word_1_155' title='bbox 1001 1805 1269 1875; x_wconf 71' lang='lat' dir='ltr'><strong>praeclara</strong></span> <span class='ocrx_word' id='word_1_156' title='bbox 1317 1804 1546 1876; x_wconf 85' lang='lat' dir='ltr'><strong>quidem</strong></span> <span class='ocrx_word' id='word_1_157' title='bbox 1593 1803 1823 1860; x_wconf 88' lang='lat' dir='ltr'><strong>habenti</strong></span> <span class='ocrx_word' id='word_1_158' title='bbox 1862 1821 1993 1874; x_wconf 85' lang='lat' dir='ltr'><strong>pos-</strong></span> <span class='ocrx_word' id='word_1_159' title='bbox 2037 1834 2076 1888; x_wconf 73' lang='grc' dir='ltr'><strong><em>Β</em></strong></span> 
     </span>
    </p>
   </div>
   <div class='ocr_carea' id='block_1_26' title="bbox 405 1895 2002 1968">
    <p class='ocr_par' dir='ltr' id='par_1_26' title="bbox 405 1895 2002 1968">
     <span class='ocr_line' id='line_1_26' title="bbox 405 1895 2002 1968; baseline 0.002 -19"><span class='ocrx_word' id='word_1_160' title='bbox 405 1895 615 1962; x_wconf 81' lang='lat' dir='ltr'><strong>sessio;</strong></span> <span class='ocrx_word' id='word_1_161' title='bbox 638 1895 737 1952; x_wconf 91' lang='lat' dir='ltr'><strong>sed</strong></span> <span class='ocrx_word' id='word_1_162' title='bbox 765 1911 891 1967; x_wconf 65' lang='lat' dir='ltr'><strong>quae</strong></span> <span class='ocrx_word' id='word_1_163' title='bbox 920 1896 1064 1968; x_wconf 87' lang='lat' dir='ltr'><strong>ipsa,</strong></span> <span class='ocrx_word' id='word_1_164' title='bbox 1103 1898 1159 1952; x_wconf 91' lang='lat' dir='ltr'><strong>in</strong></span> <span class='ocrx_word' id='word_1_165' title='bbox 1189 1911 1320 1952; x_wconf 90' lang='lat' dir='ltr'><strong>eum</strong></span> <span class='ocrx_word' id='word_1_166' title='bbox 1369 1896 1772 1962; x_wconf 87' lang='lat' dir='ltr'><strong>incidentibus,</strong></span> <span class='ocrx_word' id='word_1_167' title='bbox 1793 1899 2002 1968; x_wconf 86' lang='lat' dir='ltr'><strong>jucun-</strong></span> 
     </span>
    </p>
   </div>
   <div class='ocr_carea' id='block_1_27' title="bbox 405 1984 1424 2058">
    <p class='ocr_par' dir='ltr' id='par_1_27' title="bbox 405 1984 1424 2058">
     <span class='ocr_line' id='line_1_27' title="bbox 405 1984 1424 2058; baseline 0.001 -17"><span class='ocrx_word' id='word_1_168' title='bbox 405 1984 700 2042; x_wconf 81' lang='lat' dir='ltr'><strong>dissimum</strong></span> <span class='ocrx_word' id='word_1_169' title='bbox 735 1988 1116 2058; x_wconf 72' lang='lat' dir='ltr'><strong>spectaculum</strong></span> <span class='ocrx_word' id='word_1_170' title='bbox 1153 1987 1424 2058; x_wconf 68' lang='lat' dir='ltr'><strong>praebeat.</strong></span> 
     </span>
    </p>
   </div>
   <div class='ocr_carea' id='block_1_28' title="bbox 475 2076 2006 2150">
    <p class='ocr_par' dir='ltr' id='par_1_28' title="bbox 475 2076 2006 2150">
     <span class='ocr_line' id='line_1_28' title="bbox 475 2076 2006 2150; baseline 0 -18"><span class='ocrx_word' id='word_1_171' title='bbox 475 2076 960 2144; x_wconf 84' lang='lat' dir='ltr'><strong>Quemadmodum</strong></span> <span class='ocrx_word' id='word_1_172' title='bbox 1021 2078 1174 2135; x_wconf 89' lang='lat' dir='ltr'><strong>enim</strong></span> <span class='ocrx_word' id='word_1_173' title='bbox 1239 2077 1355 2150; x_wconf 82' lang='lat' dir='ltr'><strong>igni</strong></span> <span class='ocrx_word' id='word_1_174' title='bbox 1408 2078 1562 2133; x_wconf 88' lang='lat' dir='ltr'><strong>ultro</strong></span> <span class='ocrx_word' id='word_1_175' title='bbox 1611 2093 1802 2134; x_wconf 87' lang='lat' dir='ltr'><strong>comes</strong></span> <span class='ocrx_word' id='word_1_176' title='bbox 1837 2086 2006 2134; x_wconf 88' lang='lat' dir='ltr'><strong>estut</strong></span> 
     </span>
    </p>
   </div>
   <div class='ocr_carea' id='block_1_29' title="bbox 407 2168 2003 2242">
    <p class='ocr_par' dir='ltr' id='par_1_29' title="bbox 407 2168 2003 2242">
     <span class='ocr_line' id='line_1_29' title="bbox 407 2168 2003 2242; baseline 0 -18"><span class='ocrx_word' id='word_1_177' title='bbox 407 2168 715 2236; x_wconf 88' lang='lat' dir='ltr'><strong>illuminet,</strong></span> <span class='ocrx_word' id='word_1_178' title='bbox 747 2178 806 2226; x_wconf 89' lang='lat' dir='ltr'><strong>et</strong></span> <span class='ocrx_word' id='word_1_179' title='bbox 832 2179 1123 2242; x_wconf 86' lang='lat' dir='ltr'><strong>unguento</strong></span> <span class='ocrx_word' id='word_1_180' title='bbox 1147 2179 1212 2226; x_wconf 90' lang='lat' dir='ltr'><strong>ut</strong></span> <span class='ocrx_word' id='word_1_181' title='bbox 1231 2169 1422 2226; x_wconf 90' lang='lat' dir='ltr'><strong>odoris</strong></span> <span class='ocrx_word' id='word_1_182' title='bbox 1450 2169 1812 2242; x_wconf 80' lang='lat' dir='ltr'><strong>lragrantiam</strong></span> <span class='ocrx_word' id='word_1_183' title='bbox 1844 2187 2003 2240; x_wconf 87' lang='lat' dir='ltr'><strong>spar-</strong></span> 
     </span>
    </p>
   </div>
   <div class='ocr_carea' id='block_1_30' title="bbox 407 2263 2008 2338">
    <p class='ocr_par' dir='ltr' id='par_1_30' title="bbox 407 2263 2008 2338">
     <span class='ocr_line' id='line_1_30' title="bbox 407 2263 2008 2338; baseline 0.001 -19"><span class='ocrx_word' id='word_1_184' title='bbox 407 2272 538 2338; x_wconf 83' lang='lat' dir='ltr'><strong>gat;</strong></span> <span class='ocrx_word' id='word_1_185' title='bbox 564 2263 647 2320; x_wconf 90' lang='lat' dir='ltr'><strong>sic</strong></span> <span class='ocrx_word' id='word_1_186' title='bbox 677 2265 846 2321; x_wconf 87' lang='lat' dir='ltr'><strong>bonis</strong></span> <span class='ocrx_word' id='word_1_187' title='bbox 873 2267 1097 2322; x_wconf 87' lang='lat' dir='ltr'><strong>actibus</strong></span> <span class='ocrx_word' id='word_1_188' title='bbox 1118 2265 1441 2322; x_wconf 89' lang='lat' dir='ltr'><strong>necessario</strong></span> <span class='ocrx_word' id='word_1_189' title='bbox 1468 2266 1648 2322; x_wconf 63' lang='lat' dir='ltr'><strong>haeret</strong></span> <span class='ocrx_word' id='word_1_190' title='bbox 1677 2275 1739 2322; x_wconf 92' lang='lat' dir='ltr'><strong>ut</strong></span> <span class='ocrx_word' id='word_1_191' title='bbox 1759 2281 2008 2321; x_wconf 88' lang='lat' dir='ltr'><strong>commo-</strong></span> 
     </span>
    </p>
   </div>
   <div class='ocr_carea' id='block_1_31' title="bbox 408 2357 836 2414">
    <p class='ocr_par' dir='ltr' id='par_1_31' title="bbox 408 2357 836 2414">
     <span class='ocr_line' id='line_1_31' title="bbox 408 2357 836 2414; baseline -0.002 0"><span class='ocrx_word' id='word_1_192' title='bbox 408 2358 544 2414; x_wconf 88' lang='lat' dir='ltr'><strong>dum</strong></span> <span class='ocrx_word' id='word_1_193' title='bbox 575 2357 836 2414; x_wconf 67' lang='lat' dir='ltr'><strong>aderant.</strong></span> 
     </span>
    </p>
   </div>
   <div class='ocr_carea' id='block_1_32' title="bbox 480 2447 2006 2520">
    <p class='ocr_par' dir='ltr' id='par_1_32' title="bbox 480 2447 2006 2520">
     <span class='ocr_line' id='line_1_32' title="bbox 480 2447 2006 2520; baseline 0.001 -16"><span class='ocrx_word' id='word_1_194' title='bbox 480 2449 558 2504; x_wconf 86' lang='lat' dir='ltr'><strong>Ea</strong></span> <span class='ocrx_word' id='word_1_195' title='bbox 588 2465 712 2520; x_wconf 68' lang='lat' dir='ltr'><strong>qua:</strong></span> <span class='ocrx_word' id='word_1_196' title='bbox 741 2447 909 2504; x_wconf 83' lang='lat' dir='ltr'><strong>ollicii</strong></span> <span class='ocrx_word' id='word_1_197' title='bbox 946 2457 1080 2504; x_wconf 91' lang='lat' dir='ltr'><strong>sunt</strong></span> <span class='ocrx_word' id='word_1_198' title='bbox 1112 2449 1442 2519; x_wconf 82' lang='lat' dir='ltr'><strong>capessendi</strong></span> <span class='ocrx_word' id='word_1_199' title='bbox 1477 2448 1700 2507; x_wconf 86' lang='lat' dir='ltr'><strong>initium</strong></span> <span class='ocrx_word' id='word_1_200' title='bbox 1748 2458 1856 2517; x_wconf 90' lang='lat' dir='ltr'><strong>cst,</strong></span> <span class='ocrx_word' id='word_1_201' title='bbox 1887 2458 1944 2505; x_wconf 90' lang='lat' dir='ltr'><strong>ut</strong></span> <span class='ocrx_word' id='word_1_202' title='bbox 1975 2465 2006 2506; x_wconf 85' lang='lat' dir='ltr'><strong>a</strong></span> 
     </span>
    </p>
   </div>
   <div class='ocr_carea' id='block_1_33' title="bbox 410 2539 2005 2614">
    <p class='ocr_par' dir='ltr' id='par_1_33' title="bbox 410 2539 2005 2614">
     <span class='ocr_line' id='line_1_33' title="bbox 410 2539 2005 2614; baseline 0.001 -18"><span class='ocrx_word' id='word_1_203' title='bbox 410 2539 573 2596; x_wconf 87' lang='lat' dir='ltr'><strong>malis</strong></span> <span class='ocrx_word' id='word_1_204' title='bbox 624 2539 876 2596; x_wconf 85' lang='lat' dir='ltr'><strong>recedas.</strong></span> <span class='ocrx_word' id='word_1_205' title='bbox 925 2539 1020 2596; x_wconf 85' lang='lat' dir='ltr'><strong>Ait</strong></span> <span class='ocrx_word' id='word_1_206' title='bbox 1067 2541 1260 2597; x_wconf 90' lang='lat' dir='ltr'><strong>enim:</strong></span> <span class='ocrx_word' id='word_1_207' title='bbox 1304 2541 1532 2598; x_wconf 78' lang='lat' dir='ltr'><strong>Declina</strong></span> <span class='ocrx_word' id='word_1_208' title='bbox 1582 2559 1618 2596; x_wconf 80' lang='grc' dir='ltr'><strong>α</strong></span> <span class='ocrx_word' id='word_1_209' title='bbox 1646 2542 1812 2610; x_wconf 79' lang='lat' dir='ltr'><strong>malo,</strong></span> <span class='ocrx_word' id='word_1_210' title='bbox 1845 2552 1898 2596; x_wconf 78' lang='lat' dir='ltr'><strong>et</strong></span> <span class='ocrx_word' id='word_1_211' title='bbox 1921 2545 2005 2614; x_wconf 79' lang='lat' dir='ltr'><strong>[ac</strong></span> 
     </span>
    </p>
   </div>
   <div class='ocr_carea' id='block_1_34' title="bbox 411 2628 1564 2705">
    <p class='ocr_par' dir='ltr' id='par_1_34' title="bbox 411 2628 1564 2705">
     <span class='ocr_line' id='line_1_34' title="bbox 411 2628 1564 2705; baseline 0.004 -19"><span class='ocrx_word' id='word_1_212' title='bbox 411 2631 607 2688; x_wconf 81' lang='lat' dir='ltr'><strong>bonum</strong></span> <span class='ocrx_word' id='word_1_213' title='bbox 630 2631 801 2704; x_wconf 89' lang='lat' dir='ltr'><strong>(Psal.</strong></span> <span class='ocrx_word' id='word_1_214' title='bbox 829 2648 1016 2700; x_wconf 77' lang='lat' dir='ltr'><strong>xxxvi,</strong></span> <span class='ocrx_word' id='word_1_215' title='bbox 1050 2633 1167 2705; x_wconf 75' lang='grc'><strong>27).</strong></span> <span class='ocrx_word' id='word_1_216' title='bbox 1554 2628 1564 2638; x_wconf 84' lang='grc'><em>’</em></span> 
     </span>
    </p>
   </div>
   <div class='ocr_carea' id='block_1_35' title="bbox 483 2725 2006 2798">
    <p class='ocr_par' dir='ltr' id='par_1_35' title="bbox 483 2725 2006 2798">
     <span class='ocr_line' id='line_1_35' title="bbox 483 2725 2006 2798; baseline 0 -15"><span class='ocrx_word' id='word_1_217' title='bbox 483 2725 668 2783; x_wconf 80' lang='lat' dir='ltr'><strong>Theol.</strong></span> <span class='ocrx_word' id='word_1_218' title='bbox 695 2737 838 2782; x_wconf 80' lang='lat' dir='ltr'><strong>orat.</strong></span> <span class='ocrx_word' id='word_1_219' title='bbox 869 2743 910 2794; x_wconf 84' lang='grc' dir='ltr'><strong>ι,</strong></span> <span class='ocrx_word' id='word_1_220' title='bbox 935 2744 990 2798; x_wconf 85' lang='lat' dir='ltr'><strong>p.</strong></span> <span class='ocrx_word' id='word_1_221' title='bbox 1019 2727 1074 2790; x_wconf 87' lang='lat'><strong>6,</strong></span> <span class='ocrx_word' id='word_1_222' title='bbox 1101 2735 1152 2780; x_wconf 80' lang='lat' dir='ltr'><strong>et</strong></span> <span class='ocrx_word' id='word_1_223' title='bbox 1178 2743 1288 2792; x_wconf 74' lang='lat' dir='ltr'><strong>xxv,</strong></span> <span class='ocrx_word' id='word_1_224' title='bbox 1329 2744 1385 2798; x_wconf 82' lang='grc' dir='ltr'>ρ.</span> <span class='ocrx_word' id='word_1_225' title='bbox 1419 2727 1549 2782; x_wconf 69' lang='grc'><strong>217.</strong></span> <span class='ocrx_word' id='word_1_226' title='bbox 1571 2758 1650 2770; x_wconf 90' lang='grc'><strong><em>--</em></strong></span> <span class='ocrx_word' id='word_1_227' title='bbox 1671 2727 1780 2782; x_wconf 86' lang='lat' dir='ltr'><strong>Res</strong></span> <span class='ocrx_word' id='word_1_228' title='bbox 1805 2735 2006 2784; x_wconf 87' lang='lat' dir='ltr'><strong>natura</strong></span> 
     </span>
    </p>
   </div>
   <div class='ocr_carea' id='block_1_36' title="bbox 411 2819 2003 2892">
    <p class='ocr_par' dir='ltr' id='par_1_36' title="bbox 411 2819 2003 2892">
     <span class='ocr_line' id='line_1_36' title="bbox 411 2819 2003 2892; baseline 0 -16"><span class='ocrx_word' id='word_1_229' title='bbox 411 2819 680 2892; x_wconf 80' lang='lat' dir='ltr'><strong>proclivis</strong></span> <span class='ocrx_word' id='word_1_230' title='bbox 707 2820 933 2886; x_wconf 80' lang='lat' dir='ltr'><strong>vitium,</strong></span> <span class='ocrx_word' id='word_1_231' title='bbox 979 2819 1378 2891; x_wconf 88' lang='lat' dir='ltr'><strong>incitatiorque</strong></span> <span class='ocrx_word' id='word_1_232' title='bbox 1424 2821 1481 2874; x_wconf 89' lang='lat' dir='ltr'><strong>in</strong></span> <span class='ocrx_word' id='word_1_233' title='bbox 1514 2820 1762 2876; x_wconf 88' lang='lat' dir='ltr'><strong>deterius</strong></span> <span class='ocrx_word' id='word_1_234' title='bbox 1786 2835 2003 2887; x_wconf 89' lang='lat' dir='ltr'><strong>cursus,</strong></span> 
     </span>
    </p>
   </div>
   <div class='ocr_carea' id='block_1_37' title="bbox 414 2913 2007 2984">
    <p class='ocr_par' dir='ltr' id='par_1_37' title="bbox 414 2913 2007 2984">
     <span class='ocr_line' id='line_1_37' title="bbox 414 2913 2007 2984; baseline 0.001 -16"><span class='ocrx_word' id='word_1_235' title='bbox 414 2929 582 2984; x_wconf 86' lang='lat' dir='ltr'><strong>quam</strong></span> <span class='ocrx_word' id='word_1_236' title='bbox 611 2913 664 2970; x_wconf 89' lang='lat' dir='ltr'><strong>si</strong></span> <span class='ocrx_word' id='word_1_237' title='bbox 696 2923 921 2969; x_wconf 78' lang='lat' dir='ltr'><strong>torrens</strong></span> <span class='ocrx_word' id='word_1_238' title='bbox 939 2929 1042 2984; x_wconf 87' lang='lat' dir='ltr'><strong>per</strong></span> <span class='ocrx_word' id='word_1_239' title='bbox 1063 2929 1238 2984; x_wconf 83' lang='lat' dir='ltr'><strong>prona</strong></span> <span class='ocrx_word' id='word_1_240' title='bbox 1263 2922 1410 2978; x_wconf 83' lang='lat' dir='ltr'><strong>ruat,</strong></span> <span class='ocrx_word' id='word_1_241' title='bbox 1434 2913 1522 2968; x_wconf 85' lang='lat' dir='ltr'><strong>vel</strong></span> <span class='ocrx_word' id='word_1_242' title='bbox 1554 2914 1760 2984; x_wconf 80' lang='lat' dir='ltr'><strong>stipula</strong></span> <span class='ocrx_word' id='word_1_243' title='bbox 1785 2913 2007 2970; x_wconf 82' lang='lat' dir='ltr'><strong>admota</strong></span> 
     </span>
    </p>
   </div>
   <div class='ocr_carea' id='block_1_38' title="bbox 414 3005 2010 3078">
    <p class='ocr_par' dir='ltr' id='par_1_38' title="bbox 414 3005 2010 3078">
     <span class='ocr_line' id='line_1_38' title="bbox 414 3005 2010 3078; baseline 0.001 -16"><span class='ocrx_word' id='word_1_244' title='bbox 414 3005 677 3062; x_wconf 64' lang='lat' dir='ltr'><strong>scintillae</strong></span> <span class='ocrx_word' id='word_1_245' title='bbox 716 3007 982 3077; x_wconf 86' lang='lat' dir='ltr'><strong>ventique</strong></span> <span class='ocrx_word' id='word_1_246' title='bbox 1036 3005 1171 3062; x_wconf 84' lang='lat' dir='ltr'><strong>ﬂatu</strong></span> <span class='ocrx_word' id='word_1_247' title='bbox 1219 3006 1384 3062; x_wconf 83' lang='lat' dir='ltr'><strong>facile</strong></span> <span class='ocrx_word' id='word_1_248' title='bbox 1429 3007 1770 3063; x_wconf 83' lang='lat' dir='ltr'><strong>accendatur</strong></span> <span class='ocrx_word' id='word_1_249' title='bbox 1837 3007 2010 3078; x_wconf 83' lang='lat' dir='ltr'><strong>inque</strong></span> 
     </span>
    </p>
   </div>
   <div class='ocr_carea' id='block_1_39' title="bbox 414 3097 2010 3171">
    <p class='ocr_par' dir='ltr' id='par_1_39' title="bbox 414 3097 2010 3171">
     <span class='ocr_line' id='line_1_39' title="bbox 414 3097 2010 3171; baseline 0.001 -19"><span class='ocrx_word' id='word_1_250' title='bbox 414 3097 697 3153; x_wconf 79' lang='lat' dir='ltr'><strong>ﬂammam</strong></span> <span class='ocrx_word' id='word_1_251' title='bbox 749 3105 1028 3169; x_wconf 89' lang='lat' dir='ltr'><strong>erumpat,</strong></span> <span class='ocrx_word' id='word_1_252' title='bbox 1099 3115 1324 3169; x_wconf 88' lang='lat' dir='ltr'><strong>unaque</strong></span> <span class='ocrx_word' id='word_1_253' title='bbox 1373 3115 1502 3155; x_wconf 90' lang='lat' dir='ltr'><strong>cum</strong></span> <span class='ocrx_word' id='word_1_254' title='bbox 1564 3115 1664 3155; x_wconf 88' lang='lat' dir='ltr'><strong>sua</strong></span> <span class='ocrx_word' id='word_1_255' title='bbox 1689 3101 1846 3171; x_wconf 89' lang='lat' dir='ltr'><strong>prole</strong></span> <span class='ocrx_word' id='word_1_256' title='bbox 1876 3117 2010 3155; x_wconf 79' lang='lat' dir='ltr'><strong>con-</strong></span> 
     </span>
    </p>
   </div>
   <div class='ocr_carea' id='block_1_40' title="bbox 414 3191 921 3260">
    <p class='ocr_par' dir='ltr' id='par_1_40' title="bbox 414 3191 921 3260">
     <span class='ocr_line' id='line_1_40' title="bbox 414 3191 921 3260; baseline 0 -14"><span class='ocrx_word' id='word_1_257' title='bbox 414 3199 638 3260; x_wconf 81' lang='lat' dir='ltr'><strong>sumpta</strong></span> <span class='ocrx_word' id='word_1_258' title='bbox 662 3191 921 3248; x_wconf 89' lang='lat' dir='ltr'><strong>intereat.</strong></span> 
     </span>
    </p>
   </div>
   <div class='ocr_carea' id='block_1_41' title="bbox 485 3285 2006 3358">
    <p class='ocr_par' dir='ltr' id='par_1_41' title="bbox 485 3285 2006 3358">
     <span class='ocr_line' id='line_1_41' title="bbox 485 3285 2006 3358; baseline -0.002 -14"><span class='ocrx_word' id='word_1_259' title='bbox 485 3285 647 3347; x_wconf 73' lang='lat' dir='ltr'><strong>Haud</strong></span> <span class='ocrx_word' id='word_1_260' title='bbox 675 3286 840 3345; x_wconf 82' lang='lat' dir='ltr'><strong>facile</strong></span> <span class='ocrx_word' id='word_1_261' title='bbox 863 3287 1212 3353; x_wconf 76' lang='lat' dir='ltr'><strong>inveniatur,</strong></span> <span class='ocrx_word' id='word_1_262' title='bbox 1241 3290 1366 3358; x_wconf 83' lang='lat' dir='ltr'><strong>quae</strong></span> <span class='ocrx_word' id='word_1_263' title='bbox 1409 3287 1588 3344; x_wconf 78' lang='lat' dir='ltr'><strong>virtus</strong></span> <span class='ocrx_word' id='word_1_264' title='bbox 1624 3287 1854 3358; x_wconf 78' lang='lat' dir='ltr'><strong>reliquis</strong></span> <span class='ocrx_word' id='word_1_265' title='bbox 1887 3301 2006 3342; x_wconf 84' lang='lat' dir='ltr'><strong>om-</strong></span> 
     </span>
    </p>
   </div>
   <div class='ocr_carea' id='block_1_42' title="bbox 415 3376 2004 3450">
    <p class='ocr_par' dir='ltr' id='par_1_42' title="bbox 415 3376 2004 3450">
     <span class='ocr_line' id='line_1_42' title="bbox 415 3376 2004 3450; baseline -0.001 -16"><span class='ocrx_word' id='word_1_266' title='bbox 415 3376 584 3434; x_wconf 90' lang='lat' dir='ltr'><strong>nibus</strong></span> <span class='ocrx_word' id='word_1_267' title='bbox 605 3384 854 3448; x_wconf 63' lang='lat' dir='ltr'><strong>praestet,</strong></span> <span class='ocrx_word' id='word_1_268' title='bbox 893 3386 952 3433; x_wconf 90' lang='lat' dir='ltr'><strong>et</strong></span> <span class='ocrx_word' id='word_1_269' title='bbox 985 3377 1076 3434; x_wconf 91' lang='lat' dir='ltr'><strong>cui</strong></span> <span class='ocrx_word' id='word_1_270' title='bbox 1116 3379 1326 3450; x_wconf 83' lang='lat' dir='ltr'><strong>primas</strong></span> <span class='ocrx_word' id='word_1_271' title='bbox 1376 3393 1442 3434; x_wconf 86' lang='lat' dir='ltr'><strong>ac</strong></span> <span class='ocrx_word' id='word_1_272' title='bbox 1475 3378 1728 3434; x_wconf 78' lang='lat' dir='ltr'><strong>victoriae</strong></span> <span class='ocrx_word' id='word_1_273' title='bbox 1778 3379 2004 3450; x_wconf 67' lang='lat' dir='ltr'><strong>prremia</strong></span> 
     </span>
    </p>
   </div>
   <div class='ocr_carea' id='block_1_43' title="bbox 411 3469 2010 3542">
    <p class='ocr_par' dir='ltr' id='par_1_43' title="bbox 411 3469 2010 3542">
     <span class='ocr_line' id='line_1_43' title="bbox 411 3469 2010 3542; baseline -0.003 -14"><span class='ocrx_word' id='word_1_274' title='bbox 411 3469 539 3542; x_wconf 74' lang='lat' dir='ltr'><strong>iure</strong></span> <span class='ocrx_word' id='word_1_275' title='bbox 568 3469 855 3537; x_wconf 86' lang='lat' dir='ltr'><strong>ascribas;</strong></span> <span class='ocrx_word' id='word_1_276' title='bbox 888 3469 1365 3540; x_wconf 85' lang='lat' dir='ltr'><strong>quemadmodum</strong></span> <span class='ocrx_word' id='word_1_277' title='bbox 1393 3485 1502 3526; x_wconf 87' lang='lat' dir='ltr'><strong>nec</strong></span> <span class='ocrx_word' id='word_1_278' title='bbox 1535 3471 1591 3525; x_wconf 83' lang='lat' dir='ltr'><strong>in</strong></span> <span class='ocrx_word' id='word_1_279' title='bbox 1629 3479 1810 3541; x_wconf 88' lang='lat' dir='ltr'><strong>prato,</strong></span> <span class='ocrx_word' id='word_1_280' title='bbox 1849 3471 2010 3526; x_wconf 82' lang='lat' dir='ltr'><strong>vario</strong></span> 
     </span>
    </p>
   </div>
   <div class='ocr_carea' id='block_1_44' title="bbox 415 3558 2001 3632">
    <p class='ocr_par' dir='ltr' id='par_1_44' title="bbox 415 3558 2001 3632">
     <span class='ocr_line' id='line_1_44' title="bbox 415 3558 2001 3632; baseline 0.001 -17"><span class='ocrx_word' id='word_1_281' title='bbox 415 3558 619 3615; x_wconf 75' lang='lat' dir='ltr'><strong>florum</strong></span> <span class='ocrx_word' id='word_1_282' title='bbox 639 3567 842 3616; x_wconf 91' lang='lat' dir='ltr'><strong>ornatu</strong></span> <span class='ocrx_word' id='word_1_283' title='bbox 857 3561 1192 3627; x_wconf 85' lang='lat' dir='ltr'><strong>convestito,</strong></span> <span class='ocrx_word' id='word_1_284' title='bbox 1221 3575 1400 3631; x_wconf 81' lang='lat' dir='ltr'><strong>eoque</strong></span> <span class='ocrx_word' id='word_1_285' title='bbox 1436 3561 1663 3617; x_wconf 89' lang='lat' dir='ltr'><strong>suavius</strong></span> <span class='ocrx_word' id='word_1_286' title='bbox 1698 3561 2001 3632; x_wconf 80' lang='lat' dir='ltr'><strong>fragrante,</strong></span> 
     </span>
    </p>
   </div>
   <div class='ocr_carea' id='block_1_45' title="bbox 416 3645 2005 3728">
    <p class='ocr_par' dir='ltr' id='par_1_45' title="bbox 416 3645 2005 3728">
     <span class='ocr_line' id='line_1_45' title="bbox 416 3645 2005 3728; baseline -0.001 -18"><span class='ocrx_word' id='word_1_287' title='bbox 416 3653 864 3728; x_wconf 77' lang='lat' dir='ltr'><strong>pulcherrimum</strong></span> <span class='ocrx_word' id='word_1_288' title='bbox 911 3654 1481 3726; x_wconf 81' lang='lat' dir='ltr'><strong>odoratissimumque</strong></span> <span class='ocrx_word' id='word_1_289' title='bbox 1509 3655 1704 3711; x_wconf 82' lang='lat' dir='ltr'><strong>ﬂorem</strong></span> <span class='ocrx_word' id='word_1_290' title='bbox 1734 3645 2005 3727; x_wconf 82' lang='lat' dir='ltr'><strong>reperias,</strong></span> 
     </span>
    </p>
   </div>
   <div class='ocr_carea' id='block_1_46' title="bbox 417 3745 2004 3818">
    <p class='ocr_par' dir='ltr' id='par_1_46' title="bbox 417 3745 2004 3818">
     <span class='ocr_line' id='line_1_46' title="bbox 417 3745 2004 3818; baseline -0.001 -16"><span class='ocrx_word' id='word_1_291' title='bbox 417 3745 550 3802; x_wconf 90' lang='lat' dir='ltr'><strong>dum</strong></span> <span class='ocrx_word' id='word_1_292' title='bbox 583 3746 726 3802; x_wconf 88' lang='lat' dir='ltr'><strong>alius</strong></span> <span class='ocrx_word' id='word_1_293' title='bbox 747 3745 862 3802; x_wconf 91' lang='lat' dir='ltr'><strong>alio</strong></span> <span class='ocrx_word' id='word_1_294' title='bbox 887 3745 960 3802; x_wconf 87' lang='lat' dir='ltr'><strong>ad</strong></span> <span class='ocrx_word' id='word_1_295' title='bbox 1002 3761 1062 3802; x_wconf 88' lang='lat' dir='ltr'><strong>se</strong></span> <span class='ocrx_word' id='word_1_296' title='bbox 1083 3745 1347 3802; x_wconf 83' lang='lat' dir='ltr'><strong>olfactum</strong></span> <span class='ocrx_word' id='word_1_297' title='bbox 1379 3757 1781 3818; x_wconf 89' lang='lat' dir='ltr'><strong>aspectumque</strong></span> <span class='ocrx_word' id='word_1_298' title='bbox 1813 3746 2004 3812; x_wconf 83' lang='lat' dir='ltr'><strong>trahit,</strong></span> 
     </span>
    </p>
   </div>
   <div class='ocr_carea' id='block_1_47' title="bbox 417 3837 1758 3910">
    <p class='ocr_par' dir='ltr' id='par_1_47' title="bbox 417 3837 1758 3910">
     <span class='ocr_line' id='line_1_47' title="bbox 417 3837 1758 3910; baseline 0 -16"><span class='ocrx_word' id='word_1_299' title='bbox 417 3837 728 3908; x_wconf 78' lang='lat' dir='ltr'><strong>suadetque</strong></span> <span class='ocrx_word' id='word_1_300' title='bbox 755 3847 819 3894; x_wconf 94' lang='lat' dir='ltr'><strong>ut</strong></span> <span class='ocrx_word' id='word_1_301' title='bbox 841 3839 1092 3894; x_wconf 86' lang='lat' dir='ltr'><strong>omnium</strong></span> <span class='ocrx_word' id='word_1_302' title='bbox 1127 3839 1344 3910; x_wconf 80' lang='lat' dir='ltr'><strong>primus</strong></span> <span class='ocrx_word' id='word_1_303' title='bbox 1371 3839 1490 3910; x_wconf 87' lang='lat' dir='ltr'><strong>ipse</strong></span> <span class='ocrx_word' id='word_1_304' title='bbox 1519 3840 1758 3910; x_wconf 79' lang='lat' dir='ltr'><strong>legatur.</strong></span> 
     </span>
    </p>
   </div>
   <div class='ocr_carea' id='block_1_48' title="bbox 489 3929 2008 4006">
    <p class='ocr_par' dir='ltr' id='par_1_48' title="bbox 489 3929 2008 4006">
     <span class='ocr_line' id='line_1_48' title="bbox 489 3929 2008 4006; baseline 0.004 -19"><span class='ocrx_word' id='word_1_305' title='bbox 489 3929 760 4003; x_wconf 79' lang='lat' dir='ltr'><strong>Chrysost.</strong></span> <span class='ocrx_word' id='word_1_306' title='bbox 793 3963 863 3972; x_wconf 98' lang='lat'><strong>—</strong></span> <span class='ocrx_word' id='word_1_307' title='bbox 909 3933 1056 3988; x_wconf 82' lang='lat' dir='ltr'><strong>Rara</strong></span> <span class='ocrx_word' id='word_1_308' title='bbox 1105 3933 1396 4003; x_wconf 85' lang='lat' dir='ltr'><strong>arduaque</strong></span> <span class='ocrx_word' id='word_1_309' title='bbox 1426 3943 1515 3990; x_wconf 90' lang='lat' dir='ltr'><strong>est</strong></span> <span class='ocrx_word' id='word_1_310' title='bbox 1561 3936 1697 3990; x_wconf 90' lang='lat' dir='ltr'><strong>boni</strong></span> <span class='ocrx_word' id='word_1_311' title='bbox 1761 3936 2008 4006; x_wconf 88' lang='lat' dir='ltr'><strong>adeptio,</strong></span> 
     </span>
    </p>
   </div>
   <div class='ocr_carea' id='block_1_49' title="bbox 418 4021 2012 4100">
    <p class='ocr_par' dir='ltr' id='par_1_49' title="bbox 418 4021 2012 4100">
     <span class='ocr_line' id='line_1_49' title="bbox 418 4021 2012 4100; baseline 0.004 -20"><span class='ocrx_word' id='word_1_312' title='bbox 418 4021 524 4080; x_wconf 81' lang='lat' dir='ltr'><strong>etsi</strong></span> <span class='ocrx_word' id='word_1_313' title='bbox 551 4022 715 4095; x_wconf 74' lang='lat'><strong>530</strong></span> <span class='ocrx_word' id='word_1_314' title='bbox 764 4040 878 4080; x_wconf 87' lang='lat' dir='ltr'><strong>non</strong></span> <span class='ocrx_word' id='word_1_315' title='bbox 903 4025 1061 4080; x_wconf 88' lang='lat' dir='ltr'><strong>deest</strong></span> <span class='ocrx_word' id='word_1_316' title='bbox 1100 4025 1252 4096; x_wconf 84' lang='lat' dir='ltr'><strong>quod</strong></span> <span class='ocrx_word' id='word_1_317' title='bbox 1287 4025 1344 4080; x_wconf 88' lang='lat' dir='ltr'><strong>in</strong></span> <span class='ocrx_word' id='word_1_318' title='bbox 1393 4027 1532 4082; x_wconf 86' lang='lat' dir='ltr'><strong>illud</strong></span> <span class='ocrx_word' id='word_1_319' title='bbox 1575 4029 1728 4098; x_wconf 80' lang='lat' dir='ltr'><strong>gravi</strong></span> <span class='ocrx_word' id='word_1_320' title='bbox 1762 4029 2012 4100; x_wconf 88' lang='lat' dir='ltr'><strong>pondere</strong></span> 
     </span>
    </p>
   </div>
   <div class='ocr_carea' id='block_1_50' title="bbox 423 4115 1020 4186">
    <p class='ocr_par' dir='ltr' id='par_1_50' title="bbox 423 4115 1020 4186">
     <span class='ocr_line' id='line_1_50' title="bbox 423 4115 1020 4186; baseline 0.005 -16"><span class='ocrx_word' id='word_1_321' title='bbox 423 4115 610 4171; x_wconf 88' lang='lat' dir='ltr'><strong>trahat</strong></span> <span class='ocrx_word' id='word_1_322' title='bbox 635 4131 702 4172; x_wconf 86' lang='lat' dir='ltr'><strong>ac</strong></span> <span class='ocrx_word' id='word_1_323' title='bbox 736 4125 1020 4186; x_wconf 87' lang='lat' dir='ltr'><strong>provocet.</strong></span> 
     </span>
    </p>
   </div>
   <div class='ocr_carea' id='block_1_51' title="bbox 491 4207 2014 4283">
    <p class='ocr_par' dir='ltr' id='par_1_51' title="bbox 491 4207 2014 4283">
     <span class='ocr_line' id='line_1_51' title="bbox 491 4207 2014 4283; baseline 0.006 -21"><span class='ocrx_word' id='word_1_324' title='bbox 491 4207 686 4264; x_wconf 78' lang='lat' dir='ltr'><strong>Virtus</strong></span> <span class='ocrx_word' id='word_1_325' title='bbox 733 4207 995 4264; x_wconf 78' lang='lat' dir='ltr'><strong>mercede</strong></span> <span class='ocrx_word' id='word_1_326' title='bbox 1034 4227 1149 4268; x_wconf 79' lang='lat' dir='ltr'><strong>non</strong></span> <span class='ocrx_word' id='word_1_327' title='bbox 1197 4213 1405 4283; x_wconf 83' lang='lat' dir='ltr'><strong>agitur,</strong></span> <span class='ocrx_word' id='word_1_328' title='bbox 1451 4220 1513 4267; x_wconf 83' lang='lat' dir='ltr'><strong>ut</strong></span> <span class='ocrx_word' id='word_1_329' title='bbox 1553 4221 1612 4268; x_wconf 89' lang='lat' dir='ltr'><strong>et</strong></span> <span class='ocrx_word' id='word_1_330' title='bbox 1659 4213 1840 4269; x_wconf 88' lang='lat' dir='ltr'><strong>virtus</strong></span> <span class='ocrx_word' id='word_1_331' title='bbox 1887 4230 2014 4271; x_wconf 88' lang='lat' dir='ltr'><strong>esse</strong></span> 
     </span>
    </p>
   </div>
   <div class='ocr_carea' id='block_1_52' title="bbox 425 4301 1688 4376">
    <p class='ocr_par' dir='ltr' id='par_1_52' title="bbox 425 4301 1688 4376">
     <span class='ocr_line' id='line_1_52' title="bbox 425 4301 1688 4376; baseline 0.003 -20"><span class='ocrx_word' id='word_1_332' title='bbox 425 4308 636 4374; x_wconf 78' lang='lat' dir='ltr'><strong>pergat,</strong></span> <span class='ocrx_word' id='word_1_333' title='bbox 659 4316 784 4372; x_wconf 68' lang='lat' dir='ltr'><strong>quae</strong></span> <span class='ocrx_word' id='word_1_334' title='bbox 809 4301 985 4358; x_wconf 89' lang='lat' dir='ltr'><strong>solam</strong></span> <span class='ocrx_word' id='word_1_335' title='bbox 1019 4301 1369 4360; x_wconf 85' lang='lat' dir='ltr'><strong>honestatem</strong></span> <span class='ocrx_word' id='word_1_336' title='bbox 1405 4306 1688 4376; x_wconf 84' lang='lat' dir='ltr'><strong>respiciat.</strong></span> 
     </span>
    </p>
   </div>
   <div class='ocr_carea' id='block_1_53' title="bbox 489 4392 2013 4468">
    <p class='ocr_par' dir='ltr' id='par_1_53' title="bbox 489 4392 2013 4468">
     <span class='ocr_line' id='line_1_53' title="bbox 489 4392 2013 4468; baseline 0.005 -20"><span class='ocrx_word' id='word_1_337' title='bbox 489 4392 744 4449; x_wconf 84' lang='lat' dir='ltr'><strong>Nominis</strong></span> <span class='ocrx_word' id='word_1_338' title='bbox 760 4393 1072 4457; x_wconf 79' lang='lat' dir='ltr'><strong>claritatem</strong></span> <span class='ocrx_word' id='word_1_339' title='bbox 1093 4397 1239 4466; x_wconf 89' lang='lat' dir='ltr'><strong>parit</strong></span> <span class='ocrx_word' id='word_1_340' title='bbox 1255 4397 1460 4453; x_wconf 87' lang='lat' dir='ltr'><strong>nedum</strong></span> <span class='ocrx_word' id='word_1_341' title='bbox 1483 4398 1764 4468; x_wconf 84' lang='lat' dir='ltr'><strong>egregium</strong></span> <span class='ocrx_word' id='word_1_342' title='bbox 1789 4398 2013 4456; x_wconf 87' lang='lat' dir='ltr'><strong>virtutis</strong></span> 
     </span>
    </p>
   </div>
   <div class='ocr_carea' id='block_1_54' title="bbox 423 4483 2012 4562">
    <p class='ocr_par' dir='ltr' id='par_1_54' title="bbox 423 4483 2012 4562">
     <span class='ocr_line' id='line_1_54' title="bbox 423 4483 2012 4562; baseline 0.004 -21"><span class='ocrx_word' id='word_1_343' title='bbox 423 4483 664 4554; x_wconf 76' lang='lat' dir='ltr'><strong>facinus,</strong></span> <span class='ocrx_word' id='word_1_344' title='bbox 698 4502 896 4544; x_wconf 85' lang='lat' dir='ltr'><strong>verum</strong></span> <span class='ocrx_word' id='word_1_345' title='bbox 921 4487 1092 4546; x_wconf 87' lang='lat' dir='ltr'><strong>etiam</strong></span> <span class='ocrx_word' id='word_1_346' title='bbox 1120 4489 1410 4546; x_wconf 83' lang='lat' dir='ltr'><strong>excellens</strong></span> <span class='ocrx_word' id='word_1_347' title='bbox 1441 4490 1654 4545; x_wconf 85' lang='lat' dir='ltr'><strong>malitia</strong></span> <span class='ocrx_word' id='word_1_348' title='bbox 1699 4491 2012 4562; x_wconf 81' lang='lat' dir='ltr'><strong>improbam</strong></span> 
     </span>
    </p>
   </div>
   <div class='ocr_carea' id='block_1_55' title="bbox 422 4577 1740 4638">
    <p class='ocr_par' dir='ltr' id='par_1_55' title="bbox 422 4577 1740 4638">
     <span class='ocr_line' id='line_1_55' title="bbox 422 4577 1740 4638; baseline 0.002 -4"><span class='ocrx_word' id='word_1_349' title='bbox 422 4577 534 4634; x_wconf 83' lang='lat' dir='ltr'><strong>sibi</strong></span> <span class='ocrx_word' id='word_1_350' title='bbox 569 4577 776 4638; x_wconf 73' lang='lat' dir='ltr'><strong>tamam</strong></span> <span class='ocrx_word' id='word_1_351' title='bbox 801 4579 1044 4637; x_wconf 79' lang='lat' dir='ltr'><strong>celebris</strong></span> <span class='ocrx_word' id='word_1_352' title='bbox 1075 4579 1205 4637; x_wconf 84' lang='lat' dir='ltr'><strong>fuco</strong></span> <span class='ocrx_word' id='word_1_353' title='bbox 1234 4581 1416 4637; x_wconf 84' lang='lat' dir='ltr'><strong>laudis</strong></span> <span class='ocrx_word' id='word_1_354' title='bbox 1439 4583 1740 4638; x_wconf 81' lang='lat' dir='ltr'><strong>contrahit.</strong></span> 
     </span>
    </p>
   </div>
   <div class='ocr_carea' id='block_1_56' title="bbox 494 4667 2014 4744">
    <p class='ocr_par' dir='ltr' id='par_1_56' title="bbox 494 4667 2014 4744">
     <span class='ocr_line' id='line_1_56' title="bbox 494 4667 2014 4744; baseline 0.005 -21"><span class='ocrx_word' id='word_1_355' title='bbox 494 4667 641 4726; x_wconf 83' lang='lat' dir='ltr'><strong>Fieri</strong></span> <span class='ocrx_word' id='word_1_356' title='bbox 662 4686 776 4726; x_wconf 91' lang='lat' dir='ltr'><strong>non</strong></span> <span class='ocrx_word' id='word_1_357' title='bbox 807 4680 994 4742; x_wconf 87' lang='lat' dir='ltr'><strong>potest</strong></span> <span class='ocrx_word' id='word_1_358' title='bbox 1018 4668 1198 4742; x_wconf 59' lang='lat' dir='ltr'><strong>ut&#39;qui</strong></span> <span class='ocrx_word' id='word_1_359' title='bbox 1230 4673 1424 4728; x_wconf 87' lang='lat' dir='ltr'><strong>virtuti</strong></span> <span class='ocrx_word' id='word_1_360' title='bbox 1459 4673 1803 4744; x_wconf 85' lang='lat' dir='ltr'><strong>diligentiam</strong></span> <span class='ocrx_word' id='word_1_361' title='bbox 1823 4676 2014 4743; x_wconf 81' lang='lat' dir='ltr'><strong>habet,</strong></span> 
     </span>
    </p>
   </div>
   <div class='ocr_carea' id='block_1_57' title="bbox 423 4761 2013 4823">
    <p class='ocr_par' dir='ltr' id='par_1_57' title="bbox 423 4761 2013 4823">
     <span class='ocr_line' id='line_1_57' title="bbox 423 4761 2013 4823; baseline 0.006 -10"><span class='ocrx_word' id='word_1_362' title='bbox 423 4775 536 4814; x_wconf 88' lang='lat' dir='ltr'><strong>non</strong></span> <span class='ocrx_word' id='word_1_363' title='bbox 569 4761 776 4817; x_wconf 88' lang='lat' dir='ltr'><strong>multos</strong></span> <span class='ocrx_word' id='word_1_364' title='bbox 800 4762 1162 4818; x_wconf 88' lang='lat' dir='ltr'><strong>adversantes</strong></span> <span class='ocrx_word' id='word_1_365' title='bbox 1189 4764 1412 4819; x_wconf 90' lang='lat' dir='ltr'><strong>habeat.</strong></span> <span class='ocrx_word' id='word_1_366' title='bbox 1459 4765 1606 4820; x_wconf 83' lang='lat' dir='ltr'><strong>Nihil</strong></span> <span class='ocrx_word' id='word_1_367' title='bbox 1641 4775 1823 4822; x_wconf 87' lang='lat' dir='ltr'><strong>tamen</strong></span> <span class='ocrx_word' id='word_1_368' title='bbox 1855 4767 1910 4823; x_wconf 91' lang='lat' dir='ltr'><strong>id</strong></span> <span class='ocrx_word' id='word_1_369' title='bbox 1944 4767 2013 4822; x_wconf 87' lang='lat' dir='ltr'><strong>ad</strong></span> 
     </span>
    </p>
   </div>
   <div class='ocr_carea' id='block_1_58' title="bbox 423 4835 2016 4936">
    <p class='ocr_par' dir='ltr' id='par_1_58' title="bbox 423 4835 2016 4936">
     <span class='ocr_line' id='line_1_58' title="bbox 423 4835 2016 4936; baseline 0.007 -32"><span class='ocrx_word' id='word_1_370' title='bbox 423 4851 650 4909; x_wconf 84' lang='lat' dir='ltr'><strong>virtutis</strong></span> <span class='ocrx_word' id='word_1_371' title='bbox 674 4853 972 4920; x_wconf 89' lang='lat' dir='ltr'><strong>cultorem,</strong></span> <span class='ocrx_word' id='word_1_372' title='bbox 1016 4855 1112 4926; x_wconf 90' lang='lat' dir='ltr'><strong>qui</strong></span> <span class='ocrx_word' id='word_1_373' title='bbox 1141 4835 1231 4912; x_wconf 82' lang='lat' dir='ltr'><strong>his</strong></span> <span class='ocrx_word' id='word_1_374' title='bbox 1267 4857 1430 4926; x_wconf 86' lang='lat' dir='ltr'><strong>longe</strong></span> <span class='ocrx_word' id='word_1_375' title='bbox 1480 4857 1709 4936; x_wconf 29' lang='lat' dir='ltr'><strong>clarior‘</strong></span> <span class='ocrx_word' id='word_1_376' title='bbox 1741 4874 2016 4936; x_wconf 70' lang='lat' dir='ltr'><strong>evasurus</strong></span> 
     </span>
    </p>
   </div>
   <div class='ocr_carea' id='block_1_59' title="bbox 424 4933 1713 5000">
    <p class='ocr_par' dir='ltr' id='par_1_59' title="bbox 424 4933 1713 5000">
     <span class='ocr_line' id='line_1_59' title="bbox 424 4933 1713 5000; baseline 0.014 -2"><span class='ocrx_word' id='word_1_377' title='bbox 424 4945 518 5000; x_wconf 88' lang='lat' dir='ltr'><strong>sit.</strong></span> <span class='ocrx_word' id='word_1_378' title='bbox 1691 4933 1713 4950; x_wconf 33' lang='grc' dir='ltr'>θ</span> 
     </span>
    </p>
   </div>
   <div class='ocr_carea' id='block_1_60' title="bbox 494 5034 2006 5110">
    <p class='ocr_par' dir='ltr' id='par_1_60' title="bbox 494 5034 2006 5110">
     <span class='ocr_line' id='line_1_60' title="bbox 494 5034 2006 5110; baseline 0.008 -22"><span class='ocrx_word' id='word_1_379' title='bbox 494 5034 650 5090; x_wconf 82' lang='lat' dir='ltr'><strong>Multi</strong></span> <span class='ocrx_word' id='word_1_380' title='bbox 704 5036 854 5092; x_wconf 88' lang='lat' dir='ltr'><strong>haud</strong></span> <span class='ocrx_word' id='word_1_381' title='bbox 913 5052 1038 5094; x_wconf 89' lang='lat' dir='ltr'><strong>raro</strong></span> <span class='ocrx_word' id='word_1_382' title='bbox 1090 5037 1344 5094; x_wconf 88' lang='lat' dir='ltr'><strong>laborum</strong></span> <span class='ocrx_word' id='word_1_383' title='bbox 1381 5039 1544 5095; x_wconf 79' lang='lat' dir='ltr'><strong>taedio</strong></span> <span class='ocrx_word' id='word_1_384' title='bbox 1574 5041 1724 5110; x_wconf 83' lang='lat' dir='ltr'><strong>ipsas</strong></span> <span class='ocrx_word' id='word_1_385' title='bbox 1757 5057 1884 5098; x_wconf 84' lang='lat' dir='ltr'><strong>eum</strong></span> <span class='ocrx_word' id='word_1_386' title='bbox 1919 5061 2006 5100; x_wconf 89' lang='lat' dir='ltr'><strong>re-</strong></span> 
     </span>
    </p>
   </div>
   <div class='ocr_carea' id='block_1_61' title="bbox 2144 1261 2266 1316">
    <p class='ocr_par' dir='ltr' id='par_1_61' title="bbox 2144 1261 2266 1316">
     <span class='ocr_line' id='line_1_61' title="bbox 2144 1261 2266 1316; baseline 0.033 -3"><span class='ocrx_word' id='word_1_387' title='bbox 2144 1261 2266 1316; x_wconf 66' lang='lat' dir='ltr'><strong>1319i.</strong></span> 
     </span>
    </p>
   </div>
   <div class='ocr_carea' id='block_1_62' title="bbox 2105 1263 3708 1426">
    <p class='ocr_par' dir='ltr' id='par_1_62' title="bbox 2105 1263 3708 1426">
     <span class='ocr_line' id='line_1_62' title="bbox 2105 1263 2266 1316; baseline 0.012 -2"><span class='ocrx_word' id='word_1_388' title='bbox 2105 1263 2205 1314; x_wconf 77' lang='grc' dir='ltr'>αὐτ</span> <span class='ocrx_word' id='word_1_389' title='bbox 2253 1301 2266 1316; x_wconf 93' lang='grc'><strong><em>.</em></strong></span> 
     </span>
     <span class='ocr_line' id='line_1_63' title="bbox 2139 1263 3708 1426; baseline -0.006 -22"><span class='ocrx_word' id='word_1_390' title='bbox 2139 1263 2374 1426; x_wconf 57' lang='grc' dir='ltr'><strong>Σιέὰχνι,</strong></span> <span class='ocrx_word' id='word_1_391' title='bbox 2399 1381 2456 1392; x_wconf 88' lang='lat'><strong>-—</strong></span> <span class='ocrx_word' id='word_1_392' title='bbox 2471 1351 2536 1404; x_wconf 89' lang='lat'><strong>&#39;0</strong></span> <span class='ocrx_word' id='word_1_393' title='bbox 2563 1349 2736 1405; x_wconf 80' lang='grc' dir='ltr'>ποιῶν</span> <span class='ocrx_word' id='word_1_394' title='bbox 2761 1348 3002 1420; x_wconf 76' lang='grc' dir='ltr'>πονηρὰ.</span> <span class='ocrx_word' id='word_1_395' title='bbox 3021 1349 3101 1409; x_wconf 69' lang='grc' dir='ltr'>εἰς</span> <span class='ocrx_word' id='word_1_396' title='bbox 3119 1346 3290 1401; x_wconf 79' lang='grc' dir='ltr'>αὐτὸν</span> <span class='ocrx_word' id='word_1_397' title='bbox 3313 1344 3708 1416; x_wconf 78' lang='grc' dir='ltr'>κυλισοήσεται</span> 
     </span>
    </p>
   </div>
   <div class='ocr_carea' id='block_1_63' title="bbox 2105 1433 3337 1516">
    <p class='ocr_par' dir='ltr' id='par_1_63' title="bbox 2105 1433 3337 1516">
     <span class='ocr_line' id='line_1_64' title="bbox 2105 1433 3337 1516; baseline -0.004 -18"><span class='ocrx_word' id='word_1_398' title='bbox 2105 1443 2207 1516; x_wconf 87' lang='lat' dir='ltr'><strong>(d),</strong></span> <span class='ocrx_word' id='word_1_399' title='bbox 2237 1444 2333 1498; x_wconf 74' lang='grc' dir='ltr'>καὶ</span> <span class='ocrx_word' id='word_1_400' title='bbox 2369 1444 2432 1496; x_wconf 78' lang='grc' dir='ltr'>οὐ</span> <span class='ocrx_word' id='word_1_401' title='bbox 2465 1443 2540 1514; x_wconf 83' lang='grc' dir='ltr'>μὴ</span> <span class='ocrx_word' id='word_1_402' title='bbox 2572 1433 2780 1514; x_wconf 77' lang='grc' dir='ltr'>ἐπιγνῷ</span> <span class='ocrx_word' id='word_1_403' title='bbox 2812 1441 2973 1496; x_wconf 82' lang='grc' dir='ltr'>πόθεν</span> <span class='ocrx_word' id='word_1_404' title='bbox 2999 1441 3128 1513; x_wconf 80' lang='grc' dir='ltr'>ἥκει</span> <span class='ocrx_word' id='word_1_405' title='bbox 3165 1439 3337 1510; x_wconf 80' lang='grc' dir='ltr'>αὐτῷ.</span> 
     </span>
    </p>
   </div>
   <div class='ocr_carea' id='block_1_64' title="bbox 2170 1619 3709 1696">
    <p class='ocr_par' dir='ltr' id='par_1_64' title="bbox 2170 1619 3709 1696">
     <span class='ocr_line' id='line_1_65' title="bbox 2170 1619 3709 1696; baseline -0.007 -15"><span class='ocrx_word' id='word_1_406' title='bbox 2170 1626 2518 1681; x_wconf 72' lang='grc' dir='ltr'>Βασιλείου.</span> <span class='ocrx_word' id='word_1_407' title='bbox 2547 1655 2616 1674; x_wconf 78' lang='grc' dir='ltr'><strong>-ν-</strong></span> <span class='ocrx_word' id='word_1_408' title='bbox 2641 1625 2793 1694; x_wconf 82' lang='grc' dir='ltr'><strong>Μόνη</strong></span> <span class='ocrx_word' id='word_1_409' title='bbox 2825 1621 3126 1696; x_wconf 77' lang='grc' dir='ltr'><strong>κτημάτων</strong></span> <span class='ocrx_word' id='word_1_410' title='bbox 3167 1623 3200 1692; x_wconf 75' lang='grc' dir='ltr'>ἡ</span> <span class='ocrx_word' id='word_1_411' title='bbox 3241 1620 3412 1692; x_wconf 81' lang='grc' dir='ltr'>ἀρετὴ</span> <span class='ocrx_word' id='word_1_412' title='bbox 3469 1619 3709 1690; x_wconf 68' lang='grc' dir='ltr'>ἀναφαί-</span> 
     </span>
    </p>
   </div>
   <div class='ocr_carea' id='block_1_65' title="bbox 2135 1740 2276 1777">
    <p class='ocr_par' dir='ltr' id='par_1_65' title="bbox 2135 1740 2276 1777">
     <span class='ocr_line' id='line_1_66' title="bbox 2135 1740 2276 1777; baseline 0.007 -1"><span class='ocrx_word' id='word_1_413' title='bbox 2135 1740 2276 1777; x_wconf 89' lang='grc' dir='ltr'>ετον.</span> 
     </span>
    </p>
   </div>
   <div class='ocr_carea' id='block_1_66' title="bbox 2103 1740 3700 1885">
    <p class='ocr_par' dir='ltr' id='par_1_66' title="bbox 2103 1740 3700 1885">
     <span class='ocr_line' id='line_1_67' title="bbox 2135 1740 2276 1777; baseline 0.007 -1"><span class='ocrx_word' id='word_1_414' title='bbox 2135 1740 2276 1777; x_wconf 91' lang='grc' dir='ltr'>ετον.</span> 
     </span>
     <span class='ocr_line' id='line_1_68' title="bbox 2103 1740 3700 1885; baseline -0.008 -17"><span class='ocrx_word' id='word_1_415' title='bbox 2103 1740 2133 1793; x_wconf 76' lang='grc' dir='ltr'>ρ</span> <span class='ocrx_word' id='word_1_416' title='bbox 2185 1813 2418 1885; x_wconf 76' lang='grc' dir='ltr'>Ἀρετῆς</span> <span class='ocrx_word' id='word_1_417' title='bbox 2465 1813 2719 1882; x_wconf 84' lang='grc' dir='ltr'>ἄσκησις,</span> <span class='ocrx_word' id='word_1_418' title='bbox 2761 1809 2944 1880; x_wconf 81' lang='grc' dir='ltr'>τίμιον</span> <span class='ocrx_word' id='word_1_419' title='bbox 2994 1807 3092 1878; x_wconf 83' lang='grc' dir='ltr'>μὲν</span> <span class='ocrx_word' id='word_1_420' title='bbox 3139 1806 3326 1876; x_wconf 86' lang='grc' dir='ltr'>κτῆμα</span> <span class='ocrx_word' id='word_1_421' title='bbox 3367 1805 3445 1875; x_wconf 85' lang='grc' dir='ltr'>τῷ</span> <span class='ocrx_word' id='word_1_422' title='bbox 3477 1805 3700 1876; x_wconf 79' lang='grc' dir='ltr'>ἔχοντι·</span> 
     </span>
    </p>
   </div>
   <div class='ocr_carea' id='block_1_67' title="bbox 2105 1897 3282 1984">
    <p class='ocr_par' dir='ltr' id='par_1_67' title="bbox 2105 1897 3282 1984">
     <span class='ocr_line' id='line_1_69' title="bbox 2105 1897 3282 1984; baseline -0.005 -24"><span class='ocrx_word' id='word_1_423' title='bbox 2105 1902 2329 1975; x_wconf 75' lang='grc' dir='ltr'>ἣδιστον</span> <span class='ocrx_word' id='word_1_424' title='bbox 2439 1903 2618 1974; x_wconf 82' lang='grc' dir='ltr'>Θέαμα</span> <span class='ocrx_word' id='word_1_425' title='bbox 2641 1905 2753 1965; x_wconf 82' lang='grc' dir='ltr'>τοῖς</span> <span class='ocrx_word' id='word_1_426' title='bbox 2777 1901 3222 1972; x_wconf 79' lang='grc' dir='ltr'>ἐντυγχάνουσιν.</span> <span class='ocrx_word' id='word_1_427' title='bbox 3271 1897 3282 1908; x_wconf 67' lang='grc'><strong><em>⁸</em></strong></span> 
     </span>
    </p>
   </div>
   <div class='ocr_carea' id='block_1_68' title="bbox 2182 2079 3703 2160">
    <p class='ocr_par' dir='ltr' id='par_1_68' title="bbox 2182 2079 3703 2160">
     <span class='ocr_line' id='line_1_70' title="bbox 2182 2079 3703 2160; baseline -0.005 -18"><span class='ocrx_word' id='word_1_428' title='bbox 2182 2091 2398 2160; x_wconf 81' lang='grc' dir='ltr'>Ὥσπερ</span> <span class='ocrx_word' id='word_1_429' title='bbox 2445 2087 2556 2158; x_wconf 72' lang='grc' dir='ltr'>γὰρ</span> <span class='ocrx_word' id='word_1_430' title='bbox 2580 2085 2656 2156; x_wconf 81' lang='grc' dir='ltr'><strong>τῷ</strong></span> <span class='ocrx_word' id='word_1_431' title='bbox 2683 2085 2814 2158; x_wconf 71' lang='grc' dir='ltr'>πυρὶ</span> <span class='ocrx_word' id='word_1_432' title='bbox 2843 2086 3169 2155; x_wconf 75' lang='grc' dir='ltr'><strong>αὐτομάτως</strong></span> <span class='ocrx_word' id='word_1_433' title='bbox 3193 2083 3389 2136; x_wconf 72' lang='grc' dir='ltr'>ἕπεται</span> <span class='ocrx_word' id='word_1_434' title='bbox 3421 2081 3483 2135; x_wconf 70' lang='grc' dir='ltr'>τὸ</span> <span class='ocrx_word' id='word_1_435' title='bbox 3530 2079 3703 2149; x_wconf 74' lang='grc' dir='ltr'>φωτε-</span> 
     </span>
    </p>
   </div>
   <div class='ocr_carea' id='block_1_69' title="bbox 2112 2173 3704 2248">
    <p class='ocr_par' dir='ltr' id='par_1_69' title="bbox 2112 2173 3704 2248">
     <span class='ocr_line' id='line_1_71' title="bbox 2112 2173 3704 2248; baseline -0.007 -13"><span class='ocrx_word' id='word_1_436' title='bbox 2112 2183 2248 2246; x_wconf 76' lang='grc' dir='ltr'>ζειν,</span> <span class='ocrx_word' id='word_1_437' title='bbox 2287 2181 2382 2234; x_wconf 73' lang='grc' dir='ltr'>καὶ</span> <span class='ocrx_word' id='word_1_438' title='bbox 2409 2177 2486 2248; x_wconf 82' lang='grc' dir='ltr'><strong>τῷ</strong></span> <span class='ocrx_word' id='word_1_439' title='bbox 2515 2177 2672 2248; x_wconf 81' lang='grc' dir='ltr'>μύρῳ</span> <span class='ocrx_word' id='word_1_440' title='bbox 2706 2177 2768 2230; x_wconf 80' lang='grc' dir='ltr'><strong>τὸ</strong></span> <span class='ocrx_word' id='word_1_441' title='bbox 2801 2176 3021 2230; x_wconf 75' lang='grc' dir='ltr'>εὖωδεῖν</span> <span class='ocrx_word' id='word_1_442' title='bbox 3045 2191 3058 2204; x_wconf 91' lang='grc'>·</span> <span class='ocrx_word' id='word_1_443' title='bbox 3094 2174 3237 2228; x_wconf 74' lang='grc' dir='ltr'>οὕτω</span> <span class='ocrx_word' id='word_1_444' title='bbox 3266 2173 3363 2228; x_wconf 75' lang='grc' dir='ltr'><strong>καὶ</strong></span> <span class='ocrx_word' id='word_1_445' title='bbox 3419 2175 3542 2234; x_wconf 82' lang='grc' dir='ltr'>ταῖς</span> <span class='ocrx_word' id='word_1_446' title='bbox 3567 2173 3704 2240; x_wconf 86' lang='grc' dir='ltr'>ἀγα-</span> 
     </span>
    </p>
   </div>
   <div class='ocr_carea' id='block_1_70' title="bbox 2113 2265 3600 2352">
    <p class='ocr_par' dir='ltr' id='par_1_70' title="bbox 2113 2265 3600 2352">
     <span class='ocr_line' id='line_1_72' title="bbox 2113 2265 3600 2352; baseline -0.007 -24"><span class='ocrx_word' id='word_1_447' title='bbox 2113 2274 2232 2352; x_wconf 70' lang='grc' dir='ltr'>θαῖς</span> <span class='ocrx_word' id='word_1_448' title='bbox 2256 2271 2522 2344; x_wconf 75' lang='grc' dir='ltr'><strong>πράξεσιν</strong></span> <span class='ocrx_word' id='word_1_449' title='bbox 2545 2270 2862 2340; x_wconf 77' lang='grc' dir='ltr'>ἀναγκαίως</span> <span class='ocrx_word' id='word_1_450' title='bbox 2886 2267 3173 2325; x_wconf 85' lang='grc' dir='ltr'>ἀκολουθεῖ</span> <span class='ocrx_word' id='word_1_451' title='bbox 3210 2267 3272 2320; x_wconf 68' lang='grc' dir='ltr'>τι</span> <span class='ocrx_word' id='word_1_452' title='bbox 3299 2265 3600 2336; x_wconf 73' lang='grc' dir='ltr'>ὠφέλιμον.</span> 
     </span>
    </p>
   </div>
   <div class='ocr_carea' id='block_1_71' title="bbox 2195 2465 3704 2552">
    <p class='ocr_par' dir='ltr' id='par_1_71' title="bbox 2195 2465 3704 2552">
     <span class='ocr_line' id='line_1_73' title="bbox 2195 2465 3704 2552; baseline -0.038 15"><span class='ocrx_word' id='word_1_453' title='bbox 2195 2479 2364 2552; x_wconf 61' lang='grc' dir='ltr'><strong>Ἀρχὴ</strong></span> <span class='ocrx_word' id='word_1_454' title='bbox 2393 2477 2532 2546; x_wconf 68' lang='grc' dir='ltr'><strong>πρὸς</strong></span> <span class='ocrx_word' id='word_1_455' title='bbox 2559 2475 2657 2548; x_wconf 72' lang='grc' dir='ltr'><strong>τὴν</strong></span> <span class='ocrx_word' id='word_1_456' title='bbox 2695 2470 2962 2541; x_wconf 71' lang='grc' dir='ltr'>ἀνάληψιν</span> <span class='ocrx_word' id='word_1_457' title='bbox 2988 2469 3096 2524; x_wconf 80' lang='grc' dir='ltr'>τῶν</span> <span class='ocrx_word' id='word_1_458' title='bbox 3135 2466 3318 2522; x_wconf 81' lang='grc' dir='ltr'>καλῶν</span> <span class='ocrx_word' id='word_1_459' title='bbox 3341 2467 3374 2537; x_wconf 79' lang='grc' dir='ltr'><strong>ἡ</strong></span> <span class='ocrx_word' id='word_1_460' title='bbox 3415 2465 3704 2535; x_wconf 78' lang='grc' dir='ltr'>ἀναχώρη-</span> 
     </span>
    </p>
   </div>
   <div class='ocr_carea' id='block_1_72' title="bbox 2113 2554 3700 2637">
    <p class='ocr_par' dir='ltr' id='par_1_72' title="bbox 2113 2554 3700 2637">
     <span class='ocr_line' id='line_1_74' title="bbox 2113 2554 3700 2637; baseline -0.012 -9"><span class='ocrx_word' id='word_1_461' title='bbox 2113 2591 2198 2637; x_wconf 79' lang='grc' dir='ltr'>σις</span> <span class='ocrx_word' id='word_1_462' title='bbox 2218 2574 2326 2627; x_wconf 85' lang='grc' dir='ltr'>τῶν</span> <span class='ocrx_word' id='word_1_463' title='bbox 2358 2570 2568 2626; x_wconf 82' lang='grc' dir='ltr'>κακῶν.</span> <span class='ocrx_word' id='word_1_464' title='bbox 2607 2560 2930 2622; x_wconf 65' lang='grc' dir='ltr'>Ἕκκζιινον</span> <span class='ocrx_word' id='word_1_465' title='bbox 2959 2562 3090 2636; x_wconf 84' lang='grc' dir='ltr'>γὰρ,</span> <span class='ocrx_word' id='word_1_466' title='bbox 3125 2561 3312 2632; x_wconf 62' lang='grc' dir='ltr'>φησιν,</span> <span class='ocrx_word' id='word_1_467' title='bbox 3340 2556 3460 2613; x_wconf 80' lang='grc' dir='ltr'>ἀπὸ</span> <span class='ocrx_word' id='word_1_468' title='bbox 3489 2554 3700 2620; x_wconf 79' lang='grc' dir='ltr'>κακοῦ,</span> 
     </span>
    </p>
   </div>
   <div class='ocr_carea' id='block_1_73' title="bbox 2112 2662 2770 2732">
    <p class='ocr_par' dir='ltr' id='par_1_73' title="bbox 2112 2662 2770 2732">
     <span class='ocr_line' id='line_1_75' title="bbox 2112 2662 2770 2732; baseline -0.011 -11"><span class='ocrx_word' id='word_1_469' title='bbox 2112 2666 2212 2721; x_wconf 77' lang='grc' dir='ltr'>καὶ</span> <span class='ocrx_word' id='word_1_470' title='bbox 2237 2664 2503 2732; x_wconf 78' lang='grc' dir='ltr'>ποίησον</span> <span class='ocrx_word' id='word_1_471' title='bbox 2523 2662 2770 2730; x_wconf 73' lang='grc' dir='ltr'>ἀγαθόν.</span> 
     </span>
    </p>
   </div>
   <div class='ocr_carea' id='block_1_74' title="bbox 2185 2735 3704 2824">
    <p class='ocr_par' dir='ltr' id='par_1_74' title="bbox 2185 2735 3704 2824">
     <span class='ocr_line' id='line_1_76' title="bbox 2185 2735 3704 2824; baseline -0.016 -12"><span class='ocrx_word' id='word_1_472' title='bbox 2185 2756 2502 2824; x_wconf 79' lang='grc' dir='ltr'>Θεολόγου.</span> <span class='ocrx_word' id='word_1_473' title='bbox 2533 2781 2604 2792; x_wconf 90' lang='lat'><strong>—-</strong></span> <span class='ocrx_word' id='word_1_474' title='bbox 2629 2749 2794 2804; x_wconf 79' lang='grc' dir='ltr'>Φύσει</span> <span class='ocrx_word' id='word_1_475' title='bbox 2820 2747 3111 2818; x_wconf 84' lang='grc' dir='ltr'>πρόχειρον</span> <span class='ocrx_word' id='word_1_476' title='bbox 3135 2744 3168 2814; x_wconf 86' lang='grc' dir='ltr'><strong>ἡ</strong></span> <span class='ocrx_word' id='word_1_477' title='bbox 3200 2740 3389 2806; x_wconf 81' lang='grc' dir='ltr'>κακία,</span> <span class='ocrx_word' id='word_1_478' title='bbox 3417 2739 3512 2792; x_wconf 78' lang='grc' dir='ltr'>καὶ</span> <span class='ocrx_word' id='word_1_479' title='bbox 3537 2735 3704 2800; x_wconf 79' lang='grc' dir='ltr'>πολὺς</span> 
     </span>
    </p>
   </div>
   <div class='ocr_carea' id='block_1_75' title="bbox 2113 2827 3796 2920">
    <p class='ocr_par' dir='ltr' id='par_1_75' title="bbox 2113 2827 3796 2920">
     <span class='ocr_line' id='line_1_77' title="bbox 2113 2827 3796 2920; baseline -0.015 -18"><span class='ocrx_word' id='word_1_480' title='bbox 2113 2850 2213 2906; x_wconf 64' lang='grc' dir='ltr'><strong>ἐπὶ</strong></span> <span class='ocrx_word' id='word_1_481' title='bbox 2243 2848 2304 2904; x_wconf 80' lang='grc' dir='ltr'><strong>τὸ</strong></span> <span class='ocrx_word' id='word_1_482' title='bbox 2368 2849 2550 2920; x_wconf 84' lang='grc' dir='ltr'>χεῖρον</span> <span class='ocrx_word' id='word_1_483' title='bbox 2605 2845 2634 2898; x_wconf 87' lang='grc' dir='ltr'>ὁ</span> <span class='ocrx_word' id='word_1_484' title='bbox 2679 2843 2901 2914; x_wconf 83' lang='grc' dir='ltr'>δρόμος,</span> <span class='ocrx_word' id='word_1_485' title='bbox 2947 2838 2981 2910; x_wconf 82' lang='grc' dir='ltr'>ἦ</span> <span class='ocrx_word' id='word_1_486' title='bbox 3017 2835 3144 2908; x_wconf 77' lang='grc' dir='ltr'>ῥοῦς</span> <span class='ocrx_word' id='word_1_487' title='bbox 3187 2834 3257 2904; x_wconf 88' lang='lat' dir='ltr'><strong>(e)</strong></span> <span class='ocrx_word' id='word_1_488' title='bbox 3291 2833 3430 2887; x_wconf 84' lang='grc' dir='ltr'><strong>κατά</strong></span> <span class='ocrx_word' id='word_1_489' title='bbox 3461 2827 3702 2901; x_wconf 77' lang='grc' dir='ltr'>πρανοῦς</span> <span class='ocrx_word' id='word_1_490' title='bbox 3785 2867 3796 2875; x_wconf 93' lang='grc'>.</span> 
     </span>
    </p>
   </div>
   <div class='ocr_carea' id='block_1_76' title="bbox 2116 2920 3699 3010">
    <p class='ocr_par' dir='ltr' id='par_1_76' title="bbox 2116 2920 3699 3010">
     <span class='ocr_line' id='line_1_78' title="bbox 2116 2920 3699 3010; baseline -0.016 -17"><span class='ocrx_word' id='word_1_491' title='bbox 2116 2940 2274 3008; x_wconf 76' lang='grc' dir='ltr'>ῥέων,</span> <span class='ocrx_word' id='word_1_492' title='bbox 2325 2937 2360 3010; x_wconf 81' lang='grc' dir='ltr'><strong>ἢ</strong></span> <span class='ocrx_word' id='word_1_493' title='bbox 2387 2935 2610 3004; x_wconf 82' lang='grc' dir='ltr'>καλάμη</span> <span class='ocrx_word' id='word_1_494' title='bbox 2639 2949 2722 2996; x_wconf 83' lang='grc' dir='ltr'><strong>τις</strong></span> <span class='ocrx_word' id='word_1_495' title='bbox 2760 2931 2898 3002; x_wconf 70' lang='grc' dir='ltr'>πρὸς</span> <span class='ocrx_word' id='word_1_496' title='bbox 2929 2925 3206 2996; x_wconf 75' lang='grc' dir='ltr'><strong>σπινθῆρα</strong></span> <span class='ocrx_word' id='word_1_497' title='bbox 3245 2923 3340 2978; x_wconf 69' lang='grc' dir='ltr'>καὶ</span> <span class='ocrx_word' id='word_1_498' title='bbox 3369 2921 3569 2990; x_wconf 69' lang='grc' dir='ltr'>ὢνεμον</span> <span class='ocrx_word' id='word_1_499' title='bbox 3601 2920 3699 2989; x_wconf 73' lang='grc' dir='ltr'>ρα-</span> 
     </span>
    </p>
   </div>
   <div class='ocr_carea' id='block_1_77' title="bbox 2113 3012 3702 3099">
    <p class='ocr_par' dir='ltr' id='par_1_77' title="bbox 2113 3012 3702 3099">
     <span class='ocr_line' id='line_1_79' title="bbox 2113 3012 3702 3099; baseline -0.014 -14"><span class='ocrx_word' id='word_1_500' title='bbox 2113 3032 2242 3096; x_wconf 80' lang='grc' dir='ltr'><strong>δίως</strong></span> <span class='ocrx_word' id='word_1_501' title='bbox 2276 3028 2620 3099; x_wconf 80' lang='grc' dir='ltr'>ἑξαπτομένη</span> <span class='ocrx_word' id='word_1_502' title='bbox 2649 3025 2744 3079; x_wconf 69' lang='grc' dir='ltr'>καὶ</span> <span class='ocrx_word' id='word_1_503' title='bbox 2773 3021 3034 3093; x_wconf 82' lang='grc' dir='ltr'><strong>γινομένη</strong></span> <span class='ocrx_word' id='word_1_504' title='bbox 3071 3018 3225 3090; x_wconf 77' lang='grc' dir='ltr'><strong>φλὸξ,</strong></span> <span class='ocrx_word' id='word_1_505' title='bbox 3291 3014 3384 3069; x_wconf 73' lang='grc' dir='ltr'>καὶ</span> <span class='ocrx_word' id='word_1_506' title='bbox 3431 3012 3702 3067; x_wconf 82' lang='grc' dir='ltr'>συνδαπα-</span> 
     </span>
    </p>
   </div>
   <div class='ocr_carea' id='block_1_78' title="bbox 2114 3116 3009 3196">
    <p class='ocr_par' dir='ltr' id='par_1_78' title="bbox 2114 3116 3009 3196">
     <span class='ocr_line' id='line_1_80' title="bbox 2114 3116 3009 3196; baseline -0.008 -17"><span class='ocrx_word' id='word_1_507' title='bbox 2114 3126 2335 3196; x_wconf 77' lang='grc' dir='ltr'>νωμένη</span> <span class='ocrx_word' id='word_1_508' title='bbox 2357 3122 2438 3192; x_wconf 78' lang='grc' dir='ltr'>τῷ</span> <span class='ocrx_word' id='word_1_509' title='bbox 2467 3121 2654 3191; x_wconf 78' lang='grc' dir='ltr'>οἰκείῳ</span> <span class='ocrx_word' id='word_1_510' title='bbox 2689 3116 3009 3188; x_wconf 84' lang='grc' dir='ltr'>γεννήματι.</span> 
     </span>
    </p>
   </div>
   <div class='ocr_carea' id='block_1_79' title="bbox 2093 3286 3700 3374">
    <p class='ocr_par' dir='ltr' id='par_1_79' title="bbox 2093 3286 3700 3374">
     <span class='ocr_line' id='line_1_81' title="bbox 2093 3286 3700 3374; baseline -0.016 -12"><span class='ocrx_word' id='word_1_511' title='bbox 2093 3323 2096 3326; x_wconf 75' lang='grc'><strong>’</strong></span> <span class='ocrx_word' id='word_1_512' title='bbox 2177 3307 2257 3360; x_wconf 76' lang='grc' dir='ltr'><strong>Οὐ</strong></span> <span class='ocrx_word' id='word_1_513' title='bbox 2283 3305 2424 3360; x_wconf 82' lang='grc' dir='ltr'>πάνυ</span> <span class='ocrx_word' id='word_1_514' title='bbox 2451 3320 2500 3356; x_wconf 83' lang='grc' dir='ltr'>τι</span> <span class='ocrx_word' id='word_1_515' title='bbox 2545 3300 2726 3374; x_wconf 73' lang='grc' dir='ltr'>ῥᾴδιόν</span> <span class='ocrx_word' id='word_1_516' title='bbox 2747 3301 2866 3352; x_wconf 75' lang='grc' dir='ltr'>ἐστι</span> <span class='ocrx_word' id='word_1_517' title='bbox 2901 3297 3012 3352; x_wconf 78' lang='grc' dir='ltr'>τῶν</span> <span class='ocrx_word' id='word_1_518' title='bbox 3065 3292 3278 3367; x_wconf 78' lang='grc' dir='ltr'>ἀρετῶν</span> <span class='ocrx_word' id='word_1_519' title='bbox 3325 3289 3424 3362; x_wconf 80' lang='grc' dir='ltr'><strong>τὴν</strong></span> <span class='ocrx_word' id='word_1_520' title='bbox 3461 3286 3700 3342; x_wconf 77' lang='grc' dir='ltr'>νικῶσαν</span> 
     </span>
    </p>
   </div>
   <div class='ocr_carea' id='block_1_80' title="bbox 2105 3381 3700 3471">
    <p class='ocr_par' dir='ltr' id='par_1_80' title="bbox 2105 3381 3700 3471">
     <span class='ocr_line' id='line_1_82' title="bbox 2105 3381 3700 3471; baseline -0.014 -18"><span class='ocrx_word' id='word_1_521' title='bbox 2105 3401 2310 3471; x_wconf 80' lang='grc' dir='ltr'>εὑρεῖν.</span> <span class='ocrx_word' id='word_1_522' title='bbox 2348 3395 2641 3466; x_wconf 74' lang='grc' dir='ltr'>καὶταύτῃ</span> <span class='ocrx_word' id='word_1_523' title='bbox 2665 3393 2851 3448; x_wconf 80' lang='grc' dir='ltr'>δοῦναι</span> <span class='ocrx_word' id='word_1_524' title='bbox 2894 3391 2964 3446; x_wconf 85' lang='grc' dir='ltr'>τὰ</span> <span class='ocrx_word' id='word_1_525' title='bbox 2997 3387 3266 3463; x_wconf 81' lang='grc' dir='ltr'>πρεσϐεῖα</span> <span class='ocrx_word' id='word_1_526' title='bbox 3311 3383 3409 3438; x_wconf 73' lang='grc' dir='ltr'>καὶ</span> <span class='ocrx_word' id='word_1_527' title='bbox 3449 3381 3519 3435; x_wconf 81' lang='grc' dir='ltr'>τὰ</span> <span class='ocrx_word' id='word_1_528' title='bbox 3549 3394 3700 3448; x_wconf 67' lang='grc' dir='ltr'><strong>νιπιιιιι⁴</strong></span> 
     </span>
    </p>
   </div>
   <div class='ocr_carea' id='block_1_81' title="bbox 2105 3471 3701 3567">
    <p class='ocr_par' dir='ltr' id='par_1_81' title="bbox 2105 3471 3701 3567">
     <span class='ocr_line' id='line_1_83' title="bbox 2105 3471 3701 3567; baseline -0.019 -17"><span class='ocrx_word' id='word_1_529' title='bbox 2105 3495 2274 3567; x_wconf 72' lang='grc' dir='ltr'>τήρια</span> <span class='ocrx_word' id='word_1_530' title='bbox 2305 3511 2320 3525; x_wconf 69' lang='grc' dir='ltr'><strong><em>υ</em></strong></span> <span class='ocrx_word' id='word_1_531' title='bbox 2355 3490 2546 3561; x_wconf 79' lang='grc' dir='ltr'>ὥσπερ</span> <span class='ocrx_word' id='word_1_532' title='bbox 2571 3488 2694 3544; x_wconf 78' lang='grc' dir='ltr'><strong>οὐδὲ</strong></span> <span class='ocrx_word' id='word_1_533' title='bbox 2720 3491 2783 3544; x_wconf 82' lang='grc' dir='ltr'>ὲν</span> <span class='ocrx_word' id='word_1_534' title='bbox 2802 3485 3030 3556; x_wconf 75' lang='grc' dir='ltr'>λειμῶνι</span> <span class='ocrx_word' id='word_1_535' title='bbox 3061 3480 3359 3538; x_wconf 82' lang='grc' dir='ltr'>πολυανθεϊ</span> <span class='ocrx_word' id='word_1_536' title='bbox 3399 3476 3494 3532; x_wconf 77' lang='grc' dir='ltr'>καὶ</span> 
     </span>
    </p>
   </div>
   <div class='ocr_carea' id='block_1_82' title="bbox 2106 3563 3699 3642">
    <p class='ocr_par' dir='ltr' id='par_1_82' title="bbox 2106 3563 3699 3642">
     <span class='ocr_line' id='line_1_84' title="bbox 2106 3563 3699 3642; baseline -0.018 1"><span class='ocrx_word' id='word_1_537' title='bbox 2258 3585 2464 3640; x_wconf 81' lang='grc' dir='ltr'><strong>ἀνθέων</strong></span> <span class='ocrx_word' id='word_1_538' title='bbox 2511 3583 2574 3637; x_wconf 87' lang='grc' dir='ltr'><strong>τδ</strong></span> <span class='ocrx_word' id='word_1_539' title='bbox 2624 3580 2914 3636; x_wconf 76' lang='grc' dir='ltr'>κάλλιστον</span> <span class='ocrx_word' id='word_1_540' title='bbox 2967 3575 3064 3632; x_wconf 78' lang='grc' dir='ltr'>καὶ</span> <span class='ocrx_word' id='word_1_541' title='bbox 3092 3573 3479 3633; x_wconf 82' lang='grc' dir='ltr'><strong>εὐωδέστατον,</strong></span> <span class='ocrx_word' id='word_1_542' title='bbox 3513 3563 3699 3620; x_wconf 76' lang='grc' dir='ltr'>ἄλλοτε</span> 
     </span>
    </p>
   </div>
   <div class='ocr_carea' id='block_1_83' title="bbox 2107 3653 3696 3749">
    <p class='ocr_par' dir='ltr' id='par_1_83' title="bbox 2107 3653 3696 3749">
     <span class='ocr_line' id='line_1_85' title="bbox 2107 3653 3696 3749; baseline -0.018 -15"><span class='ocrx_word' id='word_1_543' title='bbox 2107 3679 2269 3736; x_wconf 75' lang='grc' dir='ltr'>ἄλλοι)</span> <span class='ocrx_word' id='word_1_544' title='bbox 2300 3678 2399 3749; x_wconf 81' lang='grc' dir='ltr'>τὴν</span> <span class='ocrx_word' id='word_1_545' title='bbox 2425 3677 2694 3747; x_wconf 76' lang='grc' dir='ltr'>ὄσφρησιν</span> <span class='ocrx_word' id='word_1_546' title='bbox 2710 3673 2808 3726; x_wconf 73' lang='grc' dir='ltr'>καὶ</span> <span class='ocrx_word' id='word_1_547' title='bbox 2826 3669 2928 3741; x_wconf 83' lang='grc' dir='ltr'><strong>τὴν</strong></span> <span class='ocrx_word' id='word_1_548' title='bbox 2951 3667 3077 3738; x_wconf 71' lang='grc' dir='ltr'>ιψιν</span> <span class='ocrx_word' id='word_1_549' title='bbox 3113 3664 3252 3736; x_wconf 74' lang='grc' dir='ltr'>πρὸς</span> <span class='ocrx_word' id='word_1_550' title='bbox 3281 3659 3445 3749; x_wconf 77' lang='grc' dir='ltr'>ὲαυτδ</span> <span class='ocrx_word' id='word_1_551' title='bbox 3509 3653 3696 3730; x_wconf 74' lang='grc' dir='ltr'>μεθέλ-</span> 
     </span>
    </p>
   </div>
   <div class='ocr_carea' id='block_1_84' title="bbox 2108 3747 3418 3840">
    <p class='ocr_par' dir='ltr' id='par_1_84' title="bbox 2108 3747 3418 3840">
     <span class='ocr_line' id='line_1_86' title="bbox 2108 3747 3418 3840; baseline -0.014 -13"><span class='ocrx_word' id='word_1_552' title='bbox 2108 3789 2320 3835; x_wconf 81' lang='grc' dir='ltr'>κοντος,</span> <span class='ocrx_word' id='word_1_553' title='bbox 2346 3747 2440 3824; x_wconf 75' lang='grc' dir='ltr'>καὶ</span> <span class='ocrx_word' id='word_1_554' title='bbox 2461 3767 2680 3840; x_wconf 82' lang='grc' dir='ltr'>πρῶτον</span> <span class='ocrx_word' id='word_1_555' title='bbox 2712 3761 3010 3836; x_wconf 75' lang='grc' dir='ltr'>δρέπεσθαι</span> <span class='ocrx_word' id='word_1_556' title='bbox 3037 3758 3338 3820; x_wconf 76' lang='grc' dir='ltr'>πείθοντος.</span> <span class='ocrx_word' id='word_1_557' title='bbox 3410 3747 3418 3752; x_wconf 73' lang='grc'><em>’</em></span> 
     </span>
    </p>
   </div>
   <div class='ocr_carea' id='block_1_85' title="bbox 2183 3932 3700 4022">
    <p class='ocr_par' dir='ltr' id='par_1_85' title="bbox 2183 3932 3700 4022">
     <span class='ocr_line' id='line_1_87' title="bbox 2183 3932 3700 4022; baseline -0.014 -16"><span class='ocrx_word' id='word_1_558' title='bbox 2183 3957 2578 4022; x_wconf 79' lang='grc' dir='ltr'>Χρυσοστ.-</span> <span class='ocrx_word' id='word_1_559' title='bbox 2623 3948 2857 4003; x_wconf 85' lang='grc' dir='ltr'>Σπάνιον</span> <span class='ocrx_word' id='word_1_560' title='bbox 2905 3947 2939 4016; x_wconf 77' lang='grc' dir='ltr'>ἡ</span> <span class='ocrx_word' id='word_1_561' title='bbox 2986 3943 3082 3997; x_wconf 82' lang='grc' dir='ltr'><strong>τοῦ</strong></span> <span class='ocrx_word' id='word_1_562' title='bbox 3132 3939 3342 4010; x_wconf 78' lang='grc' dir='ltr'>ἀγαθοῦ</span> <span class='ocrx_word' id='word_1_563' title='bbox 3383 3936 3580 4007; x_wconf 76' lang='grc' dir='ltr'>κτῆσις</span> <span class='ocrx_word' id='word_1_564' title='bbox 3606 3932 3700 3985; x_wconf 70' lang='grc' dir='ltr'><strong>καὶ</strong></span> 
     </span>
    </p>
   </div>
   <div class='ocr_carea' id='block_1_86' title="bbox 2112 4031 3699 4117">
    <p class='ocr_par' dir='ltr' id='par_1_86' title="bbox 2112 4031 3699 4117">
     <span class='ocr_line' id='line_1_88' title="bbox 2112 4031 3699 4117; baseline -0.013 -18"><span class='ocrx_word' id='word_1_565' title='bbox 2112 4045 2436 4117; x_wconf 71' lang='grc' dir='ltr'>πρόσαντες,</span> <span class='ocrx_word' id='word_1_566' title='bbox 2480 4041 2585 4098; x_wconf 77' lang='grc' dir='ltr'>κᾶν</span> <span class='ocrx_word' id='word_1_567' title='bbox 2617 4043 2666 4095; x_wconf 76' lang='grc' dir='ltr'>εἰ</span> <span class='ocrx_word' id='word_1_568' title='bbox 2695 4039 2830 4093; x_wconf 81' lang='grc' dir='ltr'>πολὺ</span> <span class='ocrx_word' id='word_1_569' title='bbox 2855 4039 2917 4092; x_wconf 79' lang='grc' dir='ltr'>τὸ</span> <span class='ocrx_word' id='word_1_570' title='bbox 2943 4035 3202 4110; x_wconf 78' lang='grc' dir='ltr'>μεθέλκον</span> <span class='ocrx_word' id='word_1_571' title='bbox 3235 4031 3324 4103; x_wconf 77' lang='grc' dir='ltr'><strong>εἴη</strong></span> <span class='ocrx_word' id='word_1_572' title='bbox 3353 4031 3450 4097; x_wconf 75' lang='grc' dir='ltr'>καὶ</span> <span class='ocrx_word' id='word_1_573' title='bbox 3493 4043 3699 4096; x_wconf 84' lang='grc' dir='ltr'>προκα-</span> 
     </span>
    </p>
   </div>
   <div class='ocr_carea' id='block_1_87' title="bbox 1996 4137 2394 4206">
    <p class='ocr_par' dir='ltr' id='par_1_87' title="bbox 1996 4137 2394 4206">
     <span class='ocr_line' id='line_1_89' title="bbox 1996 4137 2394 4206; baseline -0.005 -14"><span class='ocrx_word' id='word_1_574' title='bbox 1996 4167 2006 4192; x_wconf 84' lang='grc' dir='ltr'><strong>ι</strong></span> <span class='ocrx_word' id='word_1_575' title='bbox 2084 4152 2090 4156; x_wconf 89' lang='grc'><strong>·</strong></span> <span class='ocrx_word' id='word_1_576' title='bbox 2111 4137 2204 4192; x_wconf 84' lang='grc' dir='ltr'>λού</span> <span class='ocrx_word' id='word_1_577' title='bbox 2215 4153 2394 4206; x_wconf 84' lang='grc' dir='ltr'>μενον.</span> 
     </span>
    </p>
   </div>
   <div class='ocr_carea' id='block_1_88' title="bbox 2155 4205 3702 4300">
    <p class='ocr_par' dir='ltr' id='par_1_88' title="bbox 2155 4205 3702 4300">
     <span class='ocr_line' id='line_1_90' title="bbox 2155 4205 3702 4300; baseline -0.016 -16"><span class='ocrx_word' id='word_1_578' title='bbox 2155 4205 2449 4300; x_wconf 38' lang='grc' dir='ltr'>,Ἇμισθος</span> <span class='ocrx_word' id='word_1_579' title='bbox 2493 4229 2526 4298; x_wconf 84' lang='grc' dir='ltr'>ἠ</span> <span class='ocrx_word' id='word_1_580' title='bbox 2568 4225 2762 4298; x_wconf 81' lang='grc' dir='ltr'>ἀρετὴ,</span> <span class='ocrx_word' id='word_1_581' title='bbox 2807 4223 2895 4278; x_wconf 83' lang='grc' dir='ltr'>ἵνα</span> <span class='ocrx_word' id='word_1_582' title='bbox 2935 4221 3032 4275; x_wconf 81' lang='grc' dir='ltr'>καὶ</span> <span class='ocrx_word' id='word_1_583' title='bbox 3073 4215 3248 4291; x_wconf 76' lang='grc' dir='ltr'>ἀρετὴ</span> <span class='ocrx_word' id='word_1_584' title='bbox 3273 4214 3455 4286; x_wconf 66' lang='grc' dir='ltr'>μείνῃ,</span> <span class='ocrx_word' id='word_1_585' title='bbox 3481 4208 3616 4281; x_wconf 65' lang='grc' dir='ltr'>προς</span> <span class='ocrx_word' id='word_1_586' title='bbox 3642 4205 3702 4260; x_wconf 75' lang='grc' dir='ltr'>τὸ</span> 
     </span>
    </p>
   </div>
   <div class='ocr_carea' id='block_1_89' title="bbox 2113 4319 2795 4392">
    <p class='ocr_par' dir='ltr' id='par_1_89' title="bbox 2113 4319 2795 4392">
     <span class='ocr_line' id='line_1_91' title="bbox 2113 4319 2795 4392; baseline -0.007 -16"><span class='ocrx_word' id='word_1_587' title='bbox 2113 4322 2278 4376; x_wconf 84' lang='grc' dir='ltr'>καλὸν</span> <span class='ocrx_word' id='word_1_588' title='bbox 2311 4321 2470 4392; x_wconf 86' lang='grc' dir='ltr'>μόνον</span> <span class='ocrx_word' id='word_1_589' title='bbox 2498 4319 2795 4390; x_wconf 81' lang='grc' dir='ltr'>βλέπουσα.</span> 
     </span>
    </p>
   </div>
   <div class='ocr_carea' id='block_1_90' title="bbox 2184 4395 3702 4482">
    <p class='ocr_par' dir='ltr' id='par_1_90' title="bbox 2184 4395 3702 4482">
     <span class='ocr_line' id='line_1_92' title="bbox 2184 4395 3702 4482; baseline -0.012 -15"><span class='ocrx_word' id='word_1_590' title='bbox 2184 4407 2337 4467; x_wconf 75' lang='grc' dir='ltr'>Ποὶεῖ</span> <span class='ocrx_word' id='word_1_591' title='bbox 2358 4410 2718 4482; x_wconf 74' lang='grc' dir='ltr'>περιϐοήτους</span> <span class='ocrx_word' id='word_1_592' title='bbox 2745 4409 2808 4462; x_wconf 80' lang='grc' dir='ltr'>οὐ</span> <span class='ocrx_word' id='word_1_593' title='bbox 2834 4405 2989 4472; x_wconf 79' lang='grc' dir='ltr'>δεξιὰ</span> <span class='ocrx_word' id='word_1_594' title='bbox 3014 4403 3214 4476; x_wconf 77' lang='grc' dir='ltr'>πρᾶξις</span> <span class='ocrx_word' id='word_1_595' title='bbox 3235 4401 3420 4474; x_wconf 80' lang='grc' dir='ltr'>μόνον,</span> <span class='ocrx_word' id='word_1_596' title='bbox 3451 4397 3586 4454; x_wconf 70' lang='grc' dir='ltr'>ἀι).λά</span> <span class='ocrx_word' id='word_1_597' title='bbox 3608 4395 3702 4449; x_wconf 73' lang='grc' dir='ltr'>καὶ</span> 
     </span>
    </p>
   </div>
   <div class='ocr_carea' id='block_1_91' title="bbox 2115 4497 3180 4571">
    <p class='ocr_par' dir='ltr' id='par_1_91' title="bbox 2115 4497 3180 4571">
     <span class='ocr_line' id='line_1_93' title="bbox 2115 4497 3180 4571; baseline -0.008 -13"><span class='ocrx_word' id='word_1_598' title='bbox 2115 4503 2287 4558; x_wconf 80' lang='grc' dir='ltr'>κακία</span> <span class='ocrx_word' id='word_1_599' title='bbox 2307 4501 2512 4556; x_wconf 81' lang='grc' dir='ltr'>νικῶσα</span> <span class='ocrx_word' id='word_1_600' title='bbox 2537 4499 2780 4571; x_wconf 75' lang='grc' dir='ltr'>πονηρὰν</span> <span class='ocrx_word' id='word_1_601' title='bbox 2809 4497 3180 4570; x_wconf 75' lang='grc' dir='ltr'>εὐδοκίμησιν.</span> 
     </span>
    </p>
   </div>
   <div class='ocr_carea' id='block_1_92' title="bbox 2045 4565 2088 4650">
    <p class='ocr_par' dir='ltr' id='par_1_92' title="bbox 2045 4565 2088 4650">
     <span class='ocr_line' id='line_1_94' title="bbox 2045 4565 2088 4650; baseline 0 0"><span class='ocrx_word' id='word_1_602' title='bbox 2045 4565 2088 4650; x_wconf 71' lang='grc' dir='ltr'><strong><em>υ</em></strong></span> 
     </span>
    </p>
   </div>
   <div class='ocr_carea' id='block_1_93' title="bbox 2187 4665 3703 4748">
    <p class='ocr_par' dir='ltr' id='par_1_93' title="bbox 2187 4665 3703 4748">
     <span class='ocr_line' id='line_1_95' title="bbox 2187 4665 3703 4748; baseline -0.013 -12"><span class='ocrx_word' id='word_1_603' title='bbox 2187 4683 2300 4736; x_wconf 73' lang='grc' dir='ltr'><strong>Οὐκ</strong></span> <span class='ocrx_word' id='word_1_604' title='bbox 2343 4679 2458 4734; x_wconf 81' lang='grc' dir='ltr'>ἔστι</span> <span class='ocrx_word' id='word_1_605' title='bbox 2501 4678 2592 4732; x_wconf 79' lang='grc' dir='ltr'>τὸν</span> <span class='ocrx_word' id='word_1_606' title='bbox 2619 4676 2824 4748; x_wconf 81' lang='grc' dir='ltr'>ἀρετῆς</span> <span class='ocrx_word' id='word_1_607' title='bbox 2857 4673 3306 4745; x_wconf 73' lang='grc' dir='ltr'>ἐπιμελούμενον,</span> <span class='ocrx_word' id='word_1_608' title='bbox 3363 4668 3438 4740; x_wconf 79' lang='grc' dir='ltr'>μὴ</span> <span class='ocrx_word' id='word_1_609' title='bbox 3475 4665 3703 4728; x_wconf 80' lang='grc' dir='ltr'>πολλοὺς</span> 
     </span>
    </p>
   </div>
   <div class='ocr_carea' id='block_1_94' title="bbox 2115 4759 3712 4844">
    <p class='ocr_par' dir='ltr' id='par_1_94' title="bbox 2115 4759 3712 4844">
     <span class='ocr_line' id='line_1_96' title="bbox 2115 4759 3712 4844; baseline -0.011 -19"><span class='ocrx_word' id='word_1_610' title='bbox 2115 4773 2260 4844; x_wconf 79' lang='grc' dir='ltr'>ἔχειν</span> <span class='ocrx_word' id='word_1_611' title='bbox 2283 4769 2511 4842; x_wconf 75' lang='grc' dir='ltr'><strong>ἐχθρούς</strong></span> <span class='ocrx_word' id='word_1_612' title='bbox 2533 4785 2548 4800; x_wconf 73' lang='grc' dir='ltr'><strong><em>ο</em></strong></span> <span class='ocrx_word' id='word_1_613' title='bbox 2578 4767 2707 4822; x_wconf 87' lang='grc' dir='ltr'>ἀλλ’</span> <span class='ocrx_word' id='word_1_614' title='bbox 2741 4766 2897 4822; x_wconf 83' lang='grc' dir='ltr'>οὐδὲν</span> <span class='ocrx_word' id='word_1_615' title='bbox 2937 4765 3097 4820; x_wconf 78' lang='grc' dir='ltr'>τοῦτο</span> <span class='ocrx_word' id='word_1_616' title='bbox 3133 4763 3273 4836; x_wconf 81' lang='grc' dir='ltr'>πρὸς</span> <span class='ocrx_word' id='word_1_617' title='bbox 3301 4761 3391 4816; x_wconf 78' lang='grc' dir='ltr'><strong>τὸν</strong></span> <span class='ocrx_word' id='word_1_618' title='bbox 3412 4759 3712 4828; x_wconf 77' lang='grc' dir='ltr'>ἐνάρετονο.</span> 
     </span>
    </p>
   </div>
   <div class='ocr_carea' id='block_1_95' title="bbox 2113 4849 3698 4932">
    <p class='ocr_par' dir='ltr' id='par_1_95' title="bbox 2113 4849 3698 4932">
     <span class='ocr_line' id='line_1_97' title="bbox 2113 4849 3698 4932; baseline -0.01 -15"><span class='ocrx_word' id='word_1_619' title='bbox 2113 4863 2201 4918; x_wconf 74' lang='grc' dir='ltr'>διὰ</span> <span class='ocrx_word' id='word_1_620' title='bbox 2232 4863 2340 4932; x_wconf 83' lang='grc' dir='ltr'><strong>γὰρ</strong></span> <span class='ocrx_word' id='word_1_621' title='bbox 2370 4861 2478 4915; x_wconf 88' lang='grc' dir='ltr'><strong>τῶν</strong></span> <span class='ocrx_word' id='word_1_622' title='bbox 2526 4857 2783 4914; x_wconf 80' lang='grc' dir='ltr'>τοιούτων</span> <span class='ocrx_word' id='word_1_623' title='bbox 2813 4857 3194 4928; x_wconf 78' lang='grc' dir='ltr'>λαμπρότερος</span> <span class='ocrx_word' id='word_1_624' title='bbox 3231 4855 3383 4907; x_wconf 75' lang='grc' dir='ltr'>ἔσται</span> <span class='ocrx_word' id='word_1_625' title='bbox 3419 4849 3698 4923; x_wconf 78' lang='grc' dir='ltr'>μειζόνως.</span> 
     </span>
    </p>
   </div>
   <div class='ocr_carea' id='block_1_96' title="bbox 2185 5033 3706 5109">
    <p class='ocr_par' dir='ltr' id='par_1_96' title="bbox 2185 5033 3706 5109">
     <span class='ocr_line' id='line_1_98' title="bbox 2185 5033 3706 5109; baseline -0.009 -12"><span class='ocrx_word' id='word_1_626' title='bbox 2185 5044 2380 5097; x_wconf 78' lang='grc' dir='ltr'>Πολλοὶ</span> <span class='ocrx_word' id='word_1_627' title='bbox 2452 5040 2714 5104; x_wconf 75' lang='grc' dir='ltr'>πολλάκις</span> <span class='ocrx_word' id='word_1_628' title='bbox 2757 5039 2949 5102; x_wconf 71' lang='grc' dir='ltr'>ἀὑτὰς</span> <span class='ocrx_word' id='word_1_629' title='bbox 3005 5038 3105 5102; x_wconf 75' lang='grc' dir='ltr'><strong>τὰς</strong></span> <span class='ocrx_word' id='word_1_630' title='bbox 3165 5036 3372 5109; x_wconf 70' lang='grc' dir='ltr'>ἀρετὰς</span> <span class='ocrx_word' id='word_1_631' title='bbox 3433 5033 3522 5088; x_wconf 73' lang='grc' dir='ltr'>διὰ</span> <span class='ocrx_word' id='word_1_632' title='bbox 3578 5034 3706 5094; x_wconf 70' lang='grc' dir='ltr'>τοὺς</span> 
     </span>
    </p>
   </div>
   <div class='ocr_carea' id='block_1_97' title="bbox 1927 5183 2160 5238">
    <p class='ocr_par' dir='ltr' id='par_1_97' title="bbox 1927 5183 2160 5238">
     <span class='ocr_line' id='line_1_99' title="bbox 1927 5183 2160 5238; baseline 0.004 -1"><span class='ocrx_word' id='word_1_633' title='bbox 1927 5183 2160 5238; x_wconf 65' lang='lat' dir='ltr'><strong>NOTAE.</strong></span> 
     </span>
    </p>
   </div>
   <div class='ocr_carea' id='block_1_98' title="bbox 494 5272 2010 5352">
    <p class='ocr_par' dir='ltr' id='par_1_98' title="bbox 494 5272 2010 5352">
     <span class='ocr_line' id='line_1_100' title="bbox 494 5272 2010 5352; baseline 0.006 -28"><span class='ocrx_word' id='word_1_634' title='bbox 494 5272 564 5352; x_wconf 64' lang='lat' dir='ltr'><strong>(li)</strong></span> <span class='ocrx_word' id='word_1_635' title='bbox 600 5275 666 5352; x_wconf 75' lang='lat' dir='ltr'><strong>_Ot</strong></span> <span class='ocrx_word' id='word_1_636' title='bbox 695 5273 816 5352; x_wconf 37' lang='grc' dir='ltr'>’γὰρ</span> <span class='ocrx_word' id='word_1_637' title='bbox 863 5275 1047 5352; x_wconf 53' lang='lat' dir='ltr'><strong>ardeae</strong></span> <span class='ocrx_word' id='word_1_638' title='bbox 1079 5275 1296 5352; x_wconf 58' lang='grc' dir='ltr'><strong>αὺζῶγ.</strong></span> <span class='ocrx_word' id='word_1_639' title='bbox 1337 5274 1434 5352; x_wconf 86' lang='lat' dir='ltr'><strong>_Sic</strong></span> <span class='ocrx_word' id='word_1_640' title='bbox 1477 5285 1534 5331; x_wconf 89' lang='lat' dir='ltr'><strong>et</strong></span> <span class='ocrx_word' id='word_1_641' title='bbox 1574 5276 1734 5348; x_wconf 80' lang='lat' dir='ltr'><strong>Vulg.</strong></span> <span class='ocrx_word' id='word_1_642' title='bbox 1784 5278 2010 5348; x_wconf 86' lang='lat' dir='ltr'><strong>aliique,</strong></span> 
     </span>
    </p>
   </div>
   <div class='ocr_carea' id='block_1_99' title="bbox 424 5340 1470 5400">
    <p class='ocr_par' dir='ltr' id='par_1_99' title="bbox 424 5340 1470 5400">
     <span class='ocr_line' id='line_1_101' title="bbox 424 5340 1470 5400; baseline 0.002 -3"><span class='ocrx_word' id='word_1_643' title='bbox 424 5340 561 5397; x_wconf 73' lang='lat' dir='ltr'><strong>Sitit.</strong></span> <span class='ocrx_word' id='word_1_644' title='bbox 593 5340 910 5400; x_wconf 82' lang='lat' dir='ltr'><strong>desiderant</strong></span> <span class='ocrx_word' id='word_1_645' title='bbox 945 5347 1091 5400; x_wconf 90' lang='lat' dir='ltr'><strong>hunc</strong></span> <span class='ocrx_word' id='word_1_646' title='bbox 1115 5340 1470 5400; x_wconf 84' lang='lat' dir='ltr'><strong>versiculum.</strong></span> 
     </span>
    </p>
   </div>
   <div class='ocr_carea' id='block_1_100' title="bbox 495 5414 2006 5490">
    <p class='ocr_par' dir='ltr' id='par_1_100' title="bbox 495 5414 2006 5490">
     <span class='ocr_line' id='line_1_102' title="bbox 495 5414 2006 5490; baseline 0.003 -24"><span class='ocrx_word' id='word_1_647' title='bbox 495 5414 564 5482; x_wconf 74' lang='grc' dir='ltr'><strong>(ε)</strong></span> <span class='ocrx_word' id='word_1_648' title='bbox 599 5416 1248 5490; x_wconf 35' lang='grc' dir='ltr'><strong>Καταφρονηξὶίζισε-τιιιτ,</strong></span> <span class='ocrx_word' id='word_1_649' title='bbox 1275 5415 1462 5470; x_wconf 85' lang='lat' dir='ltr'><strong>Schol.</strong></span> <span class='ocrx_word' id='word_1_650' title='bbox 1497 5415 2006 5490; x_wconf 79' lang='grc' dir='ltr'>καταφθαρήσεται·</span> 
     </span>
    </p>
   </div>
   <div class='ocr_carea' id='block_1_101' title="bbox 423 5485 1300 5554">
    <p class='ocr_par' dir='ltr' id='par_1_101' title="bbox 423 5485 1300 5554">
     <span class='ocr_line' id='line_1_103' title="bbox 423 5485 1300 5554; baseline 0.001 -17"><span class='ocrx_word' id='word_1_651' title='bbox 423 5493 808 5554; x_wconf 67' lang='lat' dir='ltr'><strong>corrumpetur,</strong></span> <span class='ocrx_word' id='word_1_652' title='bbox 847 5486 1035 5554; x_wconf 77' lang='lat' dir='ltr'><strong>peribit</strong></span> <span class='ocrx_word' id='word_1_653' title='bbox 1071 5487 1138 5540; x_wconf 90' lang='lat' dir='ltr'><strong>ab</strong></span> <span class='ocrx_word' id='word_1_654' title='bbox 1175 5485 1300 5540; x_wconf 87' lang='lat' dir='ltr'><strong>illis.</strong></span> 
     </span>
    </p>
   </div>
   <div class='ocr_carea' id='block_1_102' title="bbox 497 5552 2012 5624">
    <p class='ocr_par' dir='ltr' id='par_1_102' title="bbox 497 5552 2012 5624">
     <span class='ocr_line' id='line_1_104' title="bbox 497 5552 2012 5624; baseline 0.004 -16"><span class='ocrx_word' id='word_1_655' title='bbox 497 5552 572 5624; x_wconf 82' lang='lat' dir='ltr'><strong>(d)</strong></span> <span class='ocrx_word' id='word_1_656' title='bbox 623 5552 726 5620; x_wconf 74' lang='grc' dir='ltr'><strong>Εἰς</strong></span> <span class='ocrx_word' id='word_1_657' title='bbox 766 5552 957 5608; x_wconf 63' lang='grc' dir='ltr'>αὑτὸν</span> <span class='ocrx_word' id='word_1_658' title='bbox 996 5555 1457 5622; x_wconf 67' lang='grc' dir='ltr'>κιιλισθοήσεται.</span> <span class='ocrx_word' id='word_1_659' title='bbox 1501 5555 1592 5612; x_wconf 89' lang='lat' dir='ltr'><strong>Sic</strong></span> <span class='ocrx_word' id='word_1_660' title='bbox 1639 5557 1821 5612; x_wconf 82' lang='lat' dir='ltr'><strong>omnia</strong></span> <span class='ocrx_word' id='word_1_661' title='bbox 1871 5558 2012 5614; x_wconf 87' lang='lat' dir='ltr'><strong>Bibi.</strong></span> 
     </span>
    </p>
   </div>
   <div class='ocr_carea' id='block_1_103' title="bbox 425 5624 2010 5698">
    <p class='ocr_par' dir='ltr' id='par_1_103' title="bbox 425 5624 2010 5698">
     <span class='ocr_line' id='line_1_105' title="bbox 425 5624 2010 5698; baseline 0.004 -21"><span class='ocrx_word' id='word_1_662' title='bbox 425 5637 528 5698; x_wconf 84' lang='lat' dir='ltr'><strong>nec</strong></span> <span class='ocrx_word' id='word_1_663' title='bbox 563 5625 730 5698; x_wconf 74' lang='lat' dir='ltr'><strong>aliter</strong></span> <span class='ocrx_word' id='word_1_664' title='bbox 759 5624 953 5694; x_wconf 83' lang='lat' dir='ltr'><strong>legerit</strong></span> <span class='ocrx_word' id='word_1_665' title='bbox 991 5625 1151 5689; x_wconf 65' lang='grc' dir='ltr'>Μαι..</span> <span class='ocrx_word' id='word_1_666' title='bbox 1189 5625 1292 5679; x_wconf 85' lang='lat' dir='ltr'><strong>nisi</strong></span> <span class='ocrx_word' id='word_1_667' title='bbox 1327 5625 1694 5698; x_wconf 31' lang='lat' dir='ltr'><strong>etiaquuod</strong></span> <span class='ocrx_word' id='word_1_668' title='bbox 1728 5637 1784 5682; x_wconf 89' lang='lat' dir='ltr'><strong>et</strong></span> <span class='ocrx_word' id='word_1_669' title='bbox 1808 5629 2010 5698; x_wconf 86' lang='lat' dir='ltr'><strong>aptius,</strong></span> 
     </span>
    </p>
   </div>
   <div class='ocr_carea' id='block_1_104' title="bbox 426 5693 2013 5765">
    <p class='ocr_par' dir='ltr' id='par_1_104' title="bbox 426 5693 2013 5765">
     <span class='ocr_line' id='line_1_106' title="bbox 426 5693 2013 5765; baseline 0.009 -26"><span class='ocrx_word' id='word_1_670' title='bbox 426 5693 899 5765; x_wconf 57' lang='grc' dir='ltr'>ἐγκυλισοήσεται,</span> <span class='ocrx_word' id='word_1_671' title='bbox 929 5709 1031 5765; x_wconf 90' lang='lat' dir='ltr'><strong>pro</strong></span> <span class='ocrx_word' id='word_1_672' title='bbox 1057 5711 1166 5764; x_wconf 89' lang='lat' dir='ltr'><strong>quo</strong></span> <span class='ocrx_word' id='word_1_673' title='bbox 1195 5711 1388 5755; x_wconf 88' lang='lat' dir='ltr'><strong>errore</strong></span> <span class='ocrx_word' id='word_1_674' title='bbox 1430 5693 1898 5765; x_wconf 73' lang='grc' dir='ltr'>ἐγκλεισθήσεται,</span> <span class='ocrx_word' id='word_1_675' title='bbox 1925 5701 2013 5752; x_wconf 90' lang='lat' dir='ltr'><strong>ni-</strong></span> 
     </span>
    </p>
   </div>
   <div class='ocr_carea' id='block_1_105' title="bbox 428 5762 2010 5837">
    <p class='ocr_par' dir='ltr' id='par_1_105' title="bbox 428 5762 2010 5837">
     <span class='ocr_line' id='line_1_107' title="bbox 428 5762 2010 5837; baseline 0.007 -25"><span class='ocrx_word' id='word_1_676' title='bbox 428 5762 508 5836; x_wconf 79' lang='lat' dir='ltr'><strong>hil</strong></span> <span class='ocrx_word' id='word_1_677' title='bbox 535 5773 658 5837; x_wconf 66' lang='lat' dir='ltr'><strong>apta</strong></span> <span class='ocrx_word' id='word_1_678' title='bbox 696 5762 852 5837; x_wconf 62' lang='lat' dir='ltr'><strong>voce</strong></span> <span class='ocrx_word' id='word_1_679' title='bbox 880 5762 975 5837; x_wconf 36' lang='lat' dir='ltr'><strong>ad,</strong></span> <span class='ocrx_word' id='word_1_680' title='bbox 999 5762 1396 5837; x_wconf 74' lang='lat' dir='ltr'><strong>metaphoram,</strong></span> <span class='ocrx_word' id='word_1_681' title='bbox 1431 5762 1534 5821; x_wconf 81' lang='lat' dir='ltr'><strong>etsi</strong></span> <span class='ocrx_word' id='word_1_682' title='bbox 1583 5762 1749 5821; x_wconf 81' lang='lat' dir='ltr'><strong>Gesn.</strong></span> <span class='ocrx_word' id='word_1_683' title='bbox 1793 5769 2010 5837; x_wconf 73' lang='lat' dir='ltr'><strong>glutiit;</strong></span> 
     </span>
    </p>
   </div>
   <div class='ocr_carea' id='block_1_106' title="bbox 431 5833 2008 5910">
    <p class='ocr_par' dir='ltr' id='par_1_106' title="bbox 431 5833 2008 5910">
     <span class='ocr_line' id='line_1_108' title="bbox 431 5833 2008 5910; baseline 0.008 -28"><span class='ocrx_word' id='word_1_684' title='bbox 431 5833 543 5884; x_wconf 78' lang='lat' dir='ltr'><strong>sive</strong></span> <span class='ocrx_word' id='word_1_685' title='bbox 569 5833 688 5901; x_wconf 78' lang='lat' dir='ltr'><strong>ejus</strong></span> <span class='ocrx_word' id='word_1_686' title='bbox 719 5833 934 5886; x_wconf 71' lang='lat' dir='ltr'><strong>Maximi</strong></span> <span class='ocrx_word' id='word_1_687' title='bbox 964 5833 1192 5905; x_wconf 75' lang='lat' dir='ltr'><strong>interpr.</strong></span> <span class='ocrx_word' id='word_1_688' title='bbox 1221 5836 1506 5905; x_wconf 77' lang='lat' dir='ltr'><strong>Ribittius,</strong></span> <span class='ocrx_word' id='word_1_689' title='bbox 1540 5839 1696 5908; x_wconf 81' lang='lat' dir='ltr'><strong>cujus</strong></span> <span class='ocrx_word' id='word_1_690' title='bbox 1723 5833 2008 5910; x_wconf 77' lang='lat' dir='ltr'><strong>religione,</strong></span> 
     </span>
    </p>
   </div>
   <div class='ocr_carea' id='block_1_107' title="bbox 2116 5270 3702 5347">
    <p class='ocr_par' dir='ltr' id='par_1_107' title="bbox 2116 5270 3702 5347">
     <span class='ocr_line' id='line_1_109' title="bbox 2116 5270 3702 5347; baseline -0.006 -15"><span class='ocrx_word' id='word_1_691' title='bbox 2116 5278 2253 5333; x_wconf 87' lang='lat' dir='ltr'><strong>nihil</strong></span> <span class='ocrx_word' id='word_1_692' title='bbox 2291 5279 2344 5332; x_wconf 92' lang='lat' dir='ltr'><strong>in</strong></span> <span class='ocrx_word' id='word_1_693' title='bbox 2380 5293 2444 5332; x_wconf 88' lang='lat' dir='ltr'><strong>ea</strong></span> <span class='ocrx_word' id='word_1_694' title='bbox 2489 5277 2664 5347; x_wconf 83' lang='lat' dir='ltr'><strong>ipsius</strong></span> <span class='ocrx_word' id='word_1_695' title='bbox 2705 5277 2962 5330; x_wconf 77' lang='lat' dir='ltr'><strong>versione</strong></span> <span class='ocrx_word' id='word_1_696' title='bbox 2992 5283 3293 5347; x_wconf 76' lang='lat' dir='ltr'><strong>_mu_tasse,_</strong></span> <span class='ocrx_word' id='word_1_697' title='bbox 3318 5270 3598 5342; x_wconf 67' lang='lat' dir='ltr'><strong>prmfando</strong></span> <span class='ocrx_word' id='word_1_698' title='bbox 3627 5270 3702 5347; x_wconf 69' lang='lat' dir='ltr'><strong>ad</strong></span> 
     </span>
    </p>
   </div>
   <div class='ocr_carea' id='block_1_108' title="bbox 2113 5341 3703 5417">
    <p class='ocr_par' dir='ltr' id='par_1_108' title="bbox 2113 5341 3703 5417">
     <span class='ocr_line' id='line_1_110' title="bbox 2113 5341 3703 5417; baseline -0.007 -15"><span class='ocrx_word' id='word_1_699' title='bbox 2113 5348 2387 5404; x_wconf 81' lang='lat' dir='ltr'><strong>Melissam</strong></span> <span class='ocrx_word' id='word_1_700' title='bbox 2421 5341 2584 5417; x_wconf 78' lang='lat' dir='ltr'><strong>atque</strong></span> <span class='ocrx_word' id='word_1_701' title='bbox 2617 5348 2910 5417; x_wconf 82' lang='lat' dir='ltr'><strong>Maximum</strong></span> <span class='ocrx_word' id='word_1_702' title='bbox 2955 5345 3050 5398; x_wconf 90' lang='lat' dir='ltr'><strong>ait.</strong></span> <span class='ocrx_word' id='word_1_703' title='bbox 3097 5341 3416 5417; x_wconf 83' lang='lat' dir='ltr'><strong>Metaphora</strong></span> <span class='ocrx_word' id='word_1_704' title='bbox 3446 5351 3592 5417; x_wconf 86' lang='lat' dir='ltr'><strong>est_a</strong></span> <span class='ocrx_word' id='word_1_705' title='bbox 3625 5341 3703 5393; x_wconf 84' lang='lat' dir='ltr'><strong>la-</strong></span> 
     </span>
    </p>
   </div>
   <div class='ocr_carea' id='block_1_109' title="bbox 2114 5411 3700 5488">
    <p class='ocr_par' dir='ltr' id='par_1_109' title="bbox 2114 5411 3700 5488">
     <span class='ocr_line' id='line_1_111' title="bbox 2114 5411 3700 5488; baseline -0.008 -15"><span class='ocrx_word' id='word_1_706' title='bbox 2114 5419 2262 5488; x_wconf 90' lang='lat' dir='ltr'><strong>pide,</strong></span> <span class='ocrx_word' id='word_1_707' title='bbox 2294 5420 2386 5488; x_wconf 92' lang='lat' dir='ltr'><strong>qui</strong></span> <span class='ocrx_word' id='word_1_708' title='bbox 2427 5411 2558 5472; x_wconf 52' lang='lat' dir='ltr'><strong>du&#39;m</strong></span> <span class='ocrx_word' id='word_1_709' title='bbox 2596 5425 2873 5482; x_wconf 85' lang='lat' dir='ltr'><strong>movetur,</strong></span> <span class='ocrx_word' id='word_1_710' title='bbox 2899 5415 2956 5470; x_wconf 89' lang='lat' dir='ltr'><strong>in</strong></span> <span class='ocrx_word' id='word_1_711' title='bbox 2984 5430 3110 5470; x_wconf 84' lang='lat' dir='ltr'><strong>eum</strong></span> <span class='ocrx_word' id='word_1_712' title='bbox 3141 5411 3428 5469; x_wconf 84' lang='lat' dir='ltr'><strong>evolvatur</strong></span> <span class='ocrx_word' id='word_1_713' title='bbox 3457 5411 3550 5481; x_wconf 86' lang='lat' dir='ltr'><strong>qui</strong></span> <span class='ocrx_word' id='word_1_714' title='bbox 3584 5427 3700 5462; x_wconf 79' lang='lat' dir='ltr'><strong>iuo-</strong></span> 
     </span>
    </p>
   </div>
   <div class='ocr_carea' id='block_1_110' title="bbox 2114 5489 2780 5559">
    <p class='ocr_par' dir='ltr' id='par_1_110' title="bbox 2114 5489 2780 5559">
     <span class='ocr_line' id='line_1_112' title="bbox 2114 5489 2780 5559; baseline 0 -17"><span class='ocrx_word' id='word_1_715' title='bbox 2114 5499 2238 5553; x_wconf 84' lang='lat' dir='ltr'><strong>vet,</strong></span> <span class='ocrx_word' id='word_1_716' title='bbox 2272 5489 2568 5559; x_wconf 87' lang='lat' dir='ltr'><strong>ipsumque</strong></span> <span class='ocrx_word' id='word_1_717' title='bbox 2592 5489 2780 5542; x_wconf 88' lang='lat' dir='ltr'><strong>elidat.</strong></span> 
     </span>
    </p>
   </div>
   <div class='ocr_carea' id='block_1_111' title="bbox 2187 5549 3702 5630">
    <p class='ocr_par' dir='ltr' id='par_1_111' title="bbox 2187 5549 3702 5630">
     <span class='ocr_line' id='line_1_113' title="bbox 2187 5549 3702 5630; baseline -0.01 -17"><span class='ocrx_word' id='word_1_718' title='bbox 2187 5549 2255 5630; x_wconf 69' lang='grc' dir='ltr'><strong>(ε)</strong></span> <span class='ocrx_word' id='word_1_719' title='bbox 2290 5549 2395 5630; x_wconf 69' lang='lat' dir='ltr'><strong>kat</strong></span> <span class='ocrx_word' id='word_1_720' title='bbox 2427 5549 2622 5630; x_wconf 68' lang='grc' dir='ltr'>πολὺς</span> <span class='ocrx_word' id='word_1_721' title='bbox 2663 5559 2701 5625; x_wconf 78' lang='grc' dir='ltr'>ἢ</span> <span class='ocrx_word' id='word_1_722' title='bbox 2726 5556 2898 5630; x_wconf 66' lang='grc' dir='ltr'><em>ῥοῦς.</em></span> <span class='ocrx_word' id='word_1_723' title='bbox 2925 5551 3369 5630; x_wconf 70' lang='lat' dir='ltr'><strong>comparationis</strong></span> <span class='ocrx_word' id='word_1_724' title='bbox 3396 5551 3506 5605; x_wconf 85' lang='lat' dir='ltr'><strong>vim</strong></span> <span class='ocrx_word' id='word_1_725' title='bbox 3537 5549 3702 5606; x_wconf 70' lang='lat' dir='ltr'><strong>habet</strong></span> 
     </span>
    </p>
   </div>
   <div class='ocr_carea' id='block_1_112' title="bbox 2113 5621 3701 5692">
    <p class='ocr_par' dir='ltr' id='par_1_112' title="bbox 2113 5621 3701 5692">
     <span class='ocr_line' id='line_1_114' title="bbox 2113 5621 3701 5692; baseline -0.008 -9"><span class='ocrx_word' id='word_1_726' title='bbox 2113 5621 2218 5683; x_wconf 60' lang='lat' dir='ltr'><strong>vos</strong></span> <span class='ocrx_word' id='word_1_727' title='bbox 2238 5621 2247 5630; x_wconf 87' lang='grc'><strong>’</strong></span> <span class='ocrx_word' id='word_1_728' title='bbox 2267 5629 2458 5692; x_wconf 75' lang='grc' dir='ltr'>πολύς,</span> <span class='ocrx_word' id='word_1_729' title='bbox 2491 5621 2643 5682; x_wconf 85' lang='lat' dir='ltr'><strong>velut</strong></span> <span class='ocrx_word' id='word_1_730' title='bbox 2685 5621 2867 5682; x_wconf 77' lang='lat' dir='ltr'><strong>etiam</strong></span> <span class='ocrx_word' id='word_1_731' title='bbox 2887 5625 3049 5680; x_wconf 80' lang='lat' dir='ltr'><strong>nobis</strong></span> <span class='ocrx_word' id='word_1_732' title='bbox 3067 5621 3362 5685; x_wconf 65' lang='lat' dir='ltr'><strong>excellens,</strong></span> <span class='ocrx_word' id='word_1_733' title='bbox 3395 5629 3652 5692; x_wconf 64' lang='lat' dir='ltr'><strong>prﬂfstalls</strong></span> <span class='ocrx_word' id='word_1_734' title='bbox 3683 5633 3701 5670; x_wconf 66' lang='lat'><strong>.-</strong></span> 
     </span>
    </p>
   </div>
   <div class='ocr_carea' id='block_1_113' title="bbox 2114 5690 3699 5772">
    <p class='ocr_par' dir='ltr' id='par_1_113' title="bbox 2114 5690 3699 5772">
     <span class='ocr_line' id='line_1_115' title="bbox 2114 5690 3699 5772; baseline -0.008 -19"><span class='ocrx_word' id='word_1_735' title='bbox 2114 5700 2362 5772; x_wconf 79' lang='lat' dir='ltr'><strong>nihilque</strong></span> <span class='ocrx_word' id='word_1_736' title='bbox 2388 5690 2510 5769; x_wconf 79' lang='lat' dir='ltr'><strong>apta</strong></span> <span class='ocrx_word' id='word_1_737' title='bbox 2537 5698 2702 5772; x_wconf 78' lang='lat' dir='ltr'><strong>Gesn.</strong></span> <span class='ocrx_word' id='word_1_738' title='bbox 2731 5699 3068 5772; x_wconf 60' lang='lat' dir='ltr'><strong>conjectura,</strong></span> <span class='ocrx_word' id='word_1_739' title='bbox 3087 5703 3159 5772; x_wconf 87' lang='lat' dir='ltr'><strong>_ut</strong></span> <span class='ocrx_word' id='word_1_740' title='bbox 3177 5709 3292 5772; x_wconf 76' lang='lat' dir='ltr'><strong>pro</strong></span> <span class='ocrx_word' id='word_1_741' title='bbox 3323 5693 3378 5761; x_wconf 77' lang='grc' dir='ltr'>ἢ,</span> <span class='ocrx_word' id='word_1_742' title='bbox 3396 5690 3699 5772; x_wconf 69' lang='lat' dir='ltr'><strong>legendum</strong></span> 
     </span>
    </p>
   </div>
   <div class='ocr_carea' id='block_1_114' title="bbox 2115 5762 3696 5835">
    <p class='ocr_par' dir='ltr' id='par_1_114' title="bbox 2115 5762 3696 5835">
     <span class='ocr_line' id='line_1_116' title="bbox 2115 5762 3696 5835; baseline -0.006 -12"><span class='ocrx_word' id='word_1_743' title='bbox 2115 5771 2183 5824; x_wconf 80' lang='lat' dir='ltr'><strong>sit</strong></span> <span class='ocrx_word' id='word_1_744' title='bbox 2209 5762 2304 5832; x_wconf 69' lang='grc' dir='ltr'><strong>ὠξ.</strong></span> <span class='ocrx_word' id='word_1_745' title='bbox 2339 5762 2696 5835; x_wconf 71' lang='lat' dir='ltr'><strong>Prosequitur</strong></span> <span class='ocrx_word' id='word_1_746' title='bbox 2737 5762 2853 5822; x_wconf 65' lang='lat' dir='ltr'><strong>hate</strong></span> <span class='ocrx_word' id='word_1_747' title='bbox 2884 5767 3044 5835; x_wconf 81' lang='lat' dir='ltr'><strong>Greg.</strong></span> <span class='ocrx_word' id='word_1_748' title='bbox 3085 5765 3220 5820; x_wconf 83' lang='lat' dir='ltr'><strong>locis</strong></span> <span class='ocrx_word' id='word_1_749' title='bbox 3257 5762 3488 5834; x_wconf 78' lang='lat' dir='ltr'><strong>margini</strong></span> <span class='ocrx_word' id='word_1_750' title='bbox 3525 5762 3696 5816; x_wconf 78' lang='lat' dir='ltr'><strong>ascri-</strong></span> 
     </span>
    </p>
   </div>
   <div class='ocr_carea' id='block_1_115' title="bbox 2113 5836 2966 5912">
    <p class='ocr_par' dir='ltr' id='par_1_115' title="bbox 2113 5836 2966 5912">
     <span class='ocr_line' id='line_1_117' title="bbox 2113 5836 2966 5912; baseline -0.001 -20"><span class='ocrx_word' id='word_1_751' title='bbox 2113 5843 2242 5912; x_wconf 83' lang='lat' dir='ltr'><strong>ptis,</strong></span> <span class='ocrx_word' id='word_1_752' title='bbox 2282 5841 2383 5896; x_wconf 75' lang='grc' dir='ltr'>ριεὶ</span> <span class='ocrx_word' id='word_1_753' title='bbox 2414 5836 2575 5910; x_wconf 80' lang='lat' dir='ltr'><strong>paulo</strong></span> <span class='ocrx_word' id='word_1_754' title='bbox 2609 5840 2730 5894; x_wconf 78' lang='lat' dir='ltr'><strong>aliis</strong></span> <span class='ocrx_word' id='word_1_755' title='bbox 2764 5836 2966 5894; x_wconf 81' lang='lat' dir='ltr'><strong>verbis.</strong></span> 
     </span>
    </p>
   </div>
  </div>
