4094 6368
378 402 487 468 725

1683 408 1854 470 LOCI
1898 409 2338 470 COMMUNES.

3560 407 3667 470 7:6

375 513 578 574 πόνους
599 509 914 581 φεῦγοντες,
937 509 1027 564 διά
1056 510 1156 582 τὴν
1181 511 1239 579 ἐξ
1261 509 1440 566 αὐτῶν
1465 511 1742 584 εὐφημίαν
1755 515 1971 589 αίροῢν-

2088 527 2282 592 spuant
2306 517 2572 581 virtutes,
2596 513 2840 570 nominis
2872 514 3150 580 claritate,
3189 530 3354 586 quam
3383 527 3665 585 prrestant,

376 621 469 658 ται
495 605 692 658 ποιεῖν.

454 697 666 765 Ὥσπερ
696 693 756 748 τὸ
799 692 900 763 τῆς
930 693 1076 763 ζωῆς
1104 693 1256 758 τέλος
1297 695 1442 781 άρχὴ
1502 695 1734 751 θανάτου
1785 699 1934 752 ἐστὶν
1960 739 1975 763 ,

381 788 556 852 οὕτως
603 787 698 840 καὶ
743 784 837 838 τοῦ
869 785 989 838 κατ’
1019 787 1222 857 ἀρετὴν
1264 788 1465 858 δρόμου
1511 789 1545 860 ἡ
1581 789 1790 856 στάσιῆ
1833 791 1977 862 ἀρχὴ

384 880 483 934 τοῦ
509 879 648 934 κατά
674 876 878 932 κακίαν
898 877 1110 946 γίνεται
1141 878 1367 949 δρόμου.

462 971 886 1025 Δυσεπίτευκτον
948 969 1050 1040 μὲν
1117 965 1256 1024 εἶναι
1307 972 1406 1041 τὴν
1457 971 1698 1044 ἀρετὴν,
1767 971 1980 1042 μυρίοις

394 1063 578 1136 ἱδρῶσι
632 1063 728 1117 καὶ
756 1061 1178 1134 πόνοις,σπουδῇ
1227 1063 1323 1116 καὶ
1361 1064 1598 1135 καμάτῳ
1641 1065 1804 1134 μόγις
1845 1081 1980 1118 κατ-

389 1153 762 1228 ορθουμένην,
811 1153 963 1224 παρά
993 1155 1092 1224 τῆς
1148 1154 1302 1220 θείας
1339 1156 1560 1227 Γραφῆς
1602 1156 1982 1227 ἐδιδάχθημεν.

459 1337 764 1403 Χρυσοστ.
808 1333 968 1388 -Εί
1012 1333 1122 1406 γάρ
1167 1335 1280 1388 τῶν
1320 1335 1416 1390 ἐπὶ
1461 1336 1565 1406 γῆς
1615 1334 1917 1409 ἀνθρώπων
1959 1336 1988 1388 ό

390 1425 750 1498 παραϐαίνων
767 1427 891 1490 τοὺς
909 1426 1129 1496 νόμους,
1161 1428 1538 1498 ἀπαραίτητον
1562 1428 1855 1496 ὑφίσταται
1885 1428 1987 1496 τὴν

391 1521 656 1576 κόλασιν·
693 1521 856 1592 πόσῳ
909 1521 1114 1592 μᾶλλον
1157 1522 1452 1593 ἀφορήτοις
1495 1521 1847 1593 ὲκδοθήσεται
1896 1521 1989 1592 βα-

392 1613 606 1678 σάνοις,
677 1617 706 1668 ὁ
764 1613 860 1668 τοῦ
917 1615 1246 1687 ἐπουρανίου
1301 1613 1575 1668 Δεσπότου
1654 1615 1864 1668 ἀθετῶν
1921 1613 1989 1668 τά

391 1707 796 1780 προστάγματα
814 1723 830 1774 ;

467 1799 682 1869 Ὠσπερ
751 1799 844 1852 ἐπὶ
891 1799 991 1869 τῆς
1029 1797 1264 1870 κιθάρας
1318 1797 1417 1851 οὒκ
1470 1799 1649 1872 ἀρκεῖ,
1685 1798 1845 1866 μόνον
1897 1795 1992 1848 ἐπὶ

2079 611 2147 666 ad
2180 625 2276 664 eas
2319 607 2584 662 colendas
2607 606 2853 660 animum
2879 607 3321 660 accommodant.

2149 700 2628 769 Quemadmodum
2674 703 2804 755 vitae
2839 699 2984 764 ﬁnis,
3034 699 3233 755 mortis
3297 700 3514 754 initium
3544 711 3668 766 est;

2082 797 2164 852 sic
2199 805 2256 852 et
2289 795 2516 850 virtutis
2546 811 2713 850 cursu
2745 794 2972 849 inducta
3019 793 3200 864 quies,
3231 793 3352 849 vitii
3383 809 3582 849 cursus
3609 811 3674 850 ac

2083 889 2382 960 pravitatis
2420 887 2711 943 inchoatio
2741 897 2847 942 est.

2157 982 2431 1038 Virtutem
2471 997 2588 1036 rem
2643 989 2840 1052 paratu
2909 978 3189 1036 dillicilcm
3241 994 3309 1034 ex
3369 978 3678 1048 Scripturis

2086 1075 2257 1130 sacris
2281 1075 2618 1139 didicimus,
2674 1089 2838 1144 quam
2895 1073 3210 1127 innumeris
3273 1071 3580 1126 sudoribus
3617 1087 3678 1123 ac

2085 1168 2374 1223 laboribus
2403 1209 2418 1230 ,
2472 1165 2875 1237 diligentiaque
2924 1180 2988 1221 ac
3043 1164 3443 1234 defatigatione
3473 1204 3487 1228 ,
3527 1163 3678 1216 omni

2086 1249 2555 1330 denique‘conatu
2593 1257 2898 1312 obnitendo
2929 1272 3074 1328 aegre
3109 1257 3362 1326 impleas.

2159 1351 2428 1422 Chrysost.
2450 1381 2522 1390 —
2545 1350 2602 1406 Si
2635 1349 2761 1420 quis
2801 1359 3152 1404 terrenarum
3205 1347 3496 1403 hominum
3531 1346 3682 1417 leges

2091 1445 2518 1516 transgreditur,
2545 1459 2658 1498 non
2693 1442 2924 1513 effugiet
2949 1443 3083 1512 quin
3129 1455 3348 1511 pinnam
3383 1439 3678 1501 sustineat;

2089 1545 2301 1604 quanto
2337 1535 2514 1605 magis
2538 1534 2992 1588 intolerabilibus
3043 1531 3349 1588 tradendus
3389 1529 3680 1600 suppliciis

2091 1639 2197 1694 est,
2227 1629 2321 1698 qui
2353 1629 2624 1682 cwlorum
2655 1627 2878 1682 Domini
2910 1635 3185 1698 prmccpta
3223 1623 3550 1679 violaverit?

2167 1807 2414 1862 Velut’in
2445 1807 2678 1873 cithara,
2702 1805 2850 1862 haud
2891 1805 3028 1860 satis
3055 1813 3142 1859 est
3171 1811 3232 1858 ut
3260 1803 3314 1856 in
3357 1815 3464 1855 una
3501 1799 3680 1854 solum

401 1893 531 1962 μιᾶς
561 1892 762 1962 νευρᾶς
794 1891 896 1961 τὴν
927 1890 1194 1962 μελῳδίαν
1223 1889 1575 1962 ἐργάζεσθαι,
1631 1889 1768 1944 ἀλλὰ
1811 1889 1992 1951 πάσας

2097 1901 2308 1956 chorda
2340 1907 2675 1956 concentum
2704 1899 2856 1960 edas,
2893 1899 2988 1953 sed
3040 1911 3234 1952 omnes
3281 1907 3575 1948 numerose
3601 1897 3683 1942 at-

400 1985 612 2038 ὲπιέναι
637 1983 720 2036 δεῖ
753 1983 890 2054 μετὰ
927 1982 1134 2054 ῥυθμοῦ
1155 1982 1248 2036 τοῦ
1284 1982 1678 2051 προσήκοντος,
1721 1981 1866 2036 οὕτω
1897 1981 1992 2034 καὶ

404 2077 499 2130 ἐπὶ
551 2075 647 2145 τῆς
709 2075 852 2129 κατὰ
905 2075 1003 2146 τὴν
1050 2074 1228 2145 ψυχὴν
1257 2075 1480 2145 ἀρετῆς,
1534 2077 1632 2129 οὐκ
1667 2076 1826 2146 ἀρκεῖ
1859 2077 1991 2146 ἡμῖν

403 2167 566 2238 νόμος
599 2167 679 2230 είς
702 2167 977 2236 σωτηρίαν
1006 2161 1106 2233 εἷς,
1137 2166 1274 2222 ἀλλὰ
1304 2166 1382 2219 δεῖ
1405 2166 1612 2230 πάντας
1642 2165 1839 2229 αὐτοὺς
1856 2165 1994 2236 μετὰ

399 2258 687 2330 ἀκριϐείας
719 2257 1033 2327 φυλάττειν.

472 2351 568 2422 Μὴ
598 2351 780 2404 τοίνυν
837 2349 1112 2422 λέγωμεν,
1139 2352 1220 2405 ὅτι
1247 2353 1274 2404 ὁ
1304 2351 1456 2405 δεῖνα
1491 2349 1650 2420 φύσει
1681 2349 1871 2413 κακὸς.
1901 2349 1996 2402 καὶ

394 2447 429 2500 ὁ
449 2445 598 2499 δεῖνα
621 2444 778 2514 φύσει
805 2444 989 2508 καλός.
1037 2445 1098 2498 Ei
1130 2425 1240 2514 γάρ
1262 2443 1442 2513 ,φύσει
1472 2441 1698 2511 ἀγαθὸς,
1734 2441 1995 2495 οὐδέποτε

394 2537 691 2608 δυνήσεται
746 2537 1000 2606 γενέσθαι
1051 2537 1222 2600 κακός
1267 2551 1280 2566 ·
1339 2535 1434 2588 καὶ
1493 2535 1542 2587 εί
1591 2534 1750 2603 φύσει
1803 2534 1993 2598 κακὸς,

398 2628 658 2682 οὐδέποτε
687 2629 976 2698 γενήσεται
1006 2627 1228 2696 ἀγαθός.

477 2722 592 2792 οὐχ
619 2721 880 2790 ὑπομένει
913 2721 974 2774 τὸ
997 2721 1190 2784 σκότος
1216 2719 1316 2790 τὴν
1335 2717 1428 2772 τοῦ
1459 2717 1638 2788 φωτὸς
1657 2716 1963 2788 παρουσίαν
1980 2732 1993 2746 ’

399 2815 466 2868 οὐ
495 2814 648 2877 νόσος
674 2814 860 2882 ὑγείας
891 2811 1262 2883 ἐπιλαΰούσης
1291 2813 1509 2866 ἵσταται
1534 2827 1547 2840 ·
1573 2809 1674 2864 οὐκ
1697 2809 1910 2882 ἐνεργεί
1931 2808 1998 2860 τά

401 2907 556 2978 πάθη
589 2907 688 2976 τῆς
715 2905 986 2969 ἀπαθείας
1013 2904 1318 2977 παρούσης.

490 3086 810 3158 Ἐλευθέραν
869 3081 1008 3140 εἷναι
1070 3086 1338 3156 προσήκει
1396 3084 1598 3148 παντὸς
1683 3084 1850 3153 φόϐου
1900 3083 1998 3154 τὴν

397 3179 628 3252 ἀρετήν.
673 3179 993 3232 Ἀδέσποτον
1017 3179 1126 3249 γάρ
1159 3179 1331 3249 ἀρετὴ
1359 3177 1454 3231 καὶ
1495 3176 1762 3242 ἑκούσιον,
1793 3175 1997 3240 παντὸς

399 3274 578 3346 φόϐου
609 3274 704 3327 καὶ
735 3271 988 3342 ἀνάγκης
1020 3269 1328 3342 ἐλεύθερον.

477 3369 594 3422 Οὐκ
619 3367 766 3420 ἔστιν
790 3363 958 3438 ἄλλην
991 3365 1194 3429 κακίας
1221 3363 1480 3436 γέννησιν
1511 3360 1838 3436 ἐννοῆσαι,ἢ
1871 3362 2000 3431 ἁρε-

397 3462 508 3532 τῆς
535 3459 826 3515 ἀπουσίαν.

475 3551 855 3616 Φίλωνσς.-
893 3547 1001 3604 Τοῦ
1033 3547 1247 3618 φαύλου·
1286 3545 1452 3618 ἕτερα
1494 3545 1594 3616 μὲν
1633 3544 1710 3598 τά·
1746 3543 1998 3615 ὲνθύμια,

398 3646 574 3716 ⁴ἔντερα
601 3639 660 3700 δὲ
701 3644 768 3702 τὰ
796 3645 1039 3719 ῥήματα,
1073 3641 1230 3696 ἄλλαι
1260 3641 1316 3696 δὲ
1363 3639 1421 3694 αι
1467 3639 1697 3712 πράξεις
1721 3656 1735 3670 ·
1767 3637 2002 3710 διάφορα

407 3739 470 3794 δὲ
491 3740 669 3795 πάντα
698 3738 794 3792 καὶ
825 3737 1134 3809 μαχόμενα.

487 3831 697 3894 Κακίας
731 3829 912 3896 ἔξοδος
957 3827 1162 3900 ἀρετῆς
1195 3827 1406 3882 εἴσοδον
1435 3825 1730 3898 ἐργάζεται
1763 3841 1778 3854 ·
1800 3825 1876 3890 ὡς
1906 3823 2004 3878 καὶ

411 3925 744 3988 τούναντίον,
775 3921 1152 3985 ὑπεκστάντος
1178 3917 1388 3990 ἀγαθοῦ
1414 3919 1474 3974 τὸ
1511 3917 1803 3990 ἐφεδρεῦον
1834 3915 2004 3972 κακὸν

408 4016 814 4088 ἐπεισέρχεται.
913 4043 921 4050 -

479 4110 846 4178 Κλήμεντος.
893 4137 960 4150 —-
999 4102 1066 4160 Ἥ
1111 4103 1222 4158 τῶν
1257 4101 1448 4157 κακῶν
1481 4101 1774 4174 ἀπαλλαγὴ
1825 4118 2004 4173 σωτη-

405 4201 538 4274 ρίας
569 4201 718 4254 ἐστὶν
743 4199 884 4272 ά-ρχή
896 4239 910 4254 .
1443 4190 1450 4198 ’

495 4296 594 4360 Ὦς·
635 4293 832 4359 ἔοικεν,
891 4295 924 4364 ἡ
976 4293 1294 4364 δικαιοσύνη
1325 4291 1672 4364 τετράγωνός
1702 4291 1870 4354 ἐστιν,
1912 4287 2004 4358 ῐση

402 4387 512 4442 καὶ
554 4385 718 4458 ὁμοία
753 4387 810 4439 ὲν
862 4385 1027 4457 λόγῳ,
1071 4388 1130 4440 ἐν
1187 4387 1356 4460 ἔργῳ,
1399 4389 1458 4439 ὲν
1483 4386 1662 4455 ἀποχῇ
1698 4381 1905 4442 κακῶν,
1945 4381 2003 4432 ἐν

403 4477 656 4549 εὐποιία,
702 4478 760 4530 ἐν
785 4475 1082 4547 τελειότητι
1127 4480 1404 4548 γνωστικῇ
1439 4493 1452 4508 ο
1501 4473 1715 4544 οὐδαμῆ
1751 4467 2003 4540 οὐδαμῶς

405 4569 756 4642 χωλεύουσα.
781 4569 869 4624 ἵνα
889 4551 978 4642 ’μὴ
1003 4569 1188 4634 ἄδικος
1217 4569 1314 4624 καὶ
1343 4570 1524 4632 ἄνισος
1565 4567 1728 4638 φανῇ.

481 4751 760 4820 Διδύμου.
799 4781 866 4791 —-
892 4747 1240 4821 Σχηματίξου
1290 4746 1391 4818 τὴν
1449 4745 1675 4818 ἀρετὴν,
1715 4745 1815 4815 οὐχ
1860 4745 2010 4806 ὅπως
2068 4745 2074 4755 ’

409 4843 728 4914 ἅπατήσῃς,
760 4839 878 4894 ἀλλ’
906 4842 1057 4904 ὅπως
1079 4839 1392 4910 ὠφελήσῃς.

489 4934 777 4993 Βασιλείαν
799 4932 936 4987 Θεοῦ
966 4932 1188 4986 λεκτέον
1217 4931 1316 5002 τὴν
1343 4930 1682 4984 κατάστασιν
1723 4927 1835 4982 τῶν
1869 4917 2012 4982 κατά

409 5030 542 5095 τοὺς
579 5027 756 5092 θείους
777 5027 977 5099 νόμους
999 5021 1662 5094 τεταγμένωςᾼιούντων.

482 5211 644 5268 Πᾶσα
682 5203 969 5282 πρακτικὴ
998 5205 1169 5278 ἀρετὴ
1193 5206 1250 5260 ἐν
1284 5202 1365 5276 τῷ
1393 5200 1666 5274 γίνεσθαι,
1700 5199 1796 5255 καὶ
1832 5199 1932 5252 οὐκ
1955 5199 2014 5250 ὲν
2081 5209 2087 5215 ·

411 5307 497 5380 τῷ
515 5307 820 5377 γεγονέναι,
859 5303 921 5356 τὸ
947 5298 1088 5356 εἶναι
1111 5300 1244 5372 ἔχει.

491 5402 732 5455 Νείλου.
764 5427 834 5438 ——
871 5396 1043 5466 Χαῖρε
1101 5394 1200 5464 τὴν
1239 5391 1441 5464 ἀρετὴν
1485 5390 1647 5463 ἡνίκα
1709 5389 1972 5460 πράττεις
1998 5403 2011 5417 ·

412 5495 558 5549 ἀλλὰ
588 5493 662 5565 μὴ
687 5489 941 5562 simi-pou,
977 5488 1050 5557 μή
1083 5503 1211 5540 ποτε
1242 5486 1302 5539 τὸ
1333 5485 1596 5553 ναυάγιον
1627 5485 1684 5538 ἐν
1727 5481 1806 5552 τῷ
1835 5479 2016 5548 λιμένι

415 5587 669 5658 γένηται.
1527 5615 1539 5623 .

493 5679 819 5746 Κυρίλλου.
851 5706 920 5714 —
947 5674 1067 5746 Χρὴ
1099 5672 1198 5744 τὴν
1255 5670 1459 5740 ἀρετὴν
1495 5667 1570 5740 μὴ
1609 5664 1868 5738 χωλεὺειν
1890 5663 2014 5717 καθ’

420 5771 704 5840 ἑκάτερον,
741 5769 856 5823 ἀλλ’
881 5767 1028 5840 ἔργῳ
1057 5765 1165 5820 καὶ.
1179 5765 1322 5835 λόγῳ
1344 5761 1510 5836 ὀρθὴν
1539 5761 1632 5815 καὶ
1668 5749 2017 5832 ἀπηρτισμέ-

423 5868 524 5936 νην
553 5864 673 5918 κατ’
709 5862 999 5935 ἀμφότερα
1039 5855 1201 5916 εἶναι.

2093 2009 2201 2062 quc
2238 1992 2508 2047 decenter
2540 1989 2937 2060 percurrendge
2969 1997 3136 2043 sunt:
3190 1987 3269 2040 sic
3305 1994 3362 2038 et
3414 1983 3480 2038 ad
3513 1979 3684 2035 animi

2092 2085 2377 2151 virtutem,
2414 2095 2476 2142 ut
2529 2085 2766 2140 salutem
2825 2097 3256 2152 consequamur,
3285 2094 3394 2133 non
3432 2091 3540 2130 una
3599 2074 3687 2126 lex

2094 2177 2319 2240 suflicit,
2341 2177 2439 2232 sed
2478 2191 2710 2232 necesse
2757 2181 2845 2230 est
2895 2181 2956 2227 ut
3007 2189 3102 2230 eas
3135 2187 3330 2226 omnes
3363 2174 3553 2223 exacte
3585 2163 3686 2216 ob-

2095 2287 2401 2326 SCI‘YCIHUS.

2166 2363 2244 2418 Ne
2274 2363 2444 2434 igitur
2471 2362 2756 2418 dicamus:
2789 2360 2949 2416 llunc
2993 2365 3193 2414 natura
3229 2358 3462 2419 bonum,
3505 2359 3690 2414 illum-

2095 2451 2688 2526 quelnatu'ra,malum.
2711 2454 2768 2508 Si
2799 2453 2950 2512 enim
2975 2461 3172 2505 natura
3202 2449 3385 2504 bonus
3417 2457 3524 2516 est,
3544 2450 3690 2504 nim-'-

2096 2565 2260 2619 quam
2319 2550 2498 2603 malus
2537 2547 2654 2602 fieri
2700 2545 2954 2618 poterit;
3003 2549 3080 2609 et,
3121 2542 3168 2596 si
3232 2551 3430 2596 natura
3485 2544 3685 2605 malus,

2096 2654 2382 2708 nunquam
2413 2637 2507 2692 fiet
2535 2637 2737 2692 bonus.

2167 2731 2288 2786 Non
2319 2730 2599 2785 sustinent
2646 2727 2892 2783 tenebrae
2927 2727 3070 2782 lucis
3123 2724 3520 2796 praesentiam;
3578 2739 3686 2776 nota.

2099 2823 2330 2880 morbus
2357 2820 2635 2885 consistit,
2665 2820 2761 2874 ubi
2793 2819 3002 2874 sanitas
3032 2817 3257 2872 advenit
3300 2833 3312 2870 :
3359 2831 3470 2869 non
3501 2815 3691 2884 vigent
3767 2826 3776 2834 '

2098 2915 2333 2972 aflectus
2354 2931 2421 2970 ac
2447 2913 2924 2986 perturbationes,
2957 2926 3083 2965 cum
3121 2910 3234 2964 illis
3275 2907 3506 2970 sedatis,
3542 2915 3692 2960 trau-

2099 3009 2255 3080 quilli
2281 3009 2408 3077 quis
2437 3007 2610 3062 animi
2639 3005 2892 3060 habitum
2921 3011 3122 3057 nactus
3155 3010 3264 3056 est.

2168 3102 2446 3156 Virtutem
2475 3098 2732 3183 abomni
2765 3105 2918 3152 metu
2939 3095 3176 3149 liberam
3227 3107 3352 3148 esse
3405 3090 3687 3146 convenit.

2025 3232 2076 3289 G
2102 3194 2200 3249 Est
2222 3193 2372 3249 enim
2406 3192 2584 3247 virtus
2609 3191 2726 3260 ipsa
2761 3187 3090 3244 servitutem
3127 3200 3400 3256 respuens
3426 3200 3491 3240 ac
3523 3199 3693 3254 spon»

2002 3283 2005 3286 ’
2030 3277 2070 3289 “’
2105 3297 2289 3346 lanea.
2317 3285 2387 3340 ab
2416 3284 2681 3353 omnique
2711 3289 2860 3337 metu
2898 3287 2956 3336 et
2991 3278 3321 3335 necessitate
3349 3277 3550 3332 soluta.

2171 3378 2334 3433 Nulla
2393 3377 2501 3432 alia
2530 3376 2654 3430 vitii
2705 3375 2864 3446 origo
2911 3371 3213 3444 excogitari
3255 3377 3462 3442 potest,
3525 3385 3692 3441 quam

2101 3470 2328 3537 virtutis
2351 3468 2656 3524 absentia.‘

2174 3559 2436 3615 Philonis.
2463 3590 2532 3599 --
2554 3556 2796 3629 lmprobi
2853 3554 3099 3610 hominis
3137 3569 3202 3608 ac
3233 3553 3362 3608 mali
3409 3553 3532 3608 alia:
3565 3563 3696 3608 sunt

2101 3653 2492 3724 cogitationes,
2539 3651 2761 3720 aliaque
2804 3649 2998 3713 verba,
3031 3655 3197 3719 atque
3245 3646 3372 3701 aliae
3404 3645 3692 3702 actiones:

2103 3743 2324 3799 diversa
2348 3742 2534 3798 omnia
2565 3757 2631 3797 ac
2655 3739 2979 3812 pugnantia.

2175 3832 2508 3890 Facessente
2545 3832 2704 3896 vitio,
2729 3829 2930 3886 virtuti
2977 3830 3263 3902 ingressus
3291 3827 3447 3900 531
3469 3835 3697 3898 praesta-

2107 3936 2228 3994 tur;
2264 3925 2627 3996 vicissimque
2657 3925 2804 3978 bono
2841 3922 3173 3986 excedente,
3221 3919 3509 3975 insidianti
3548 3920 3692 3974 malo

2035 4019 2042 4025 ’
2105 4019 2356 4091 pervium
2390 4016 2451 4071 fit
2481 4025 2544 4071 ut
2567 4015 2936 4087 ingrediatur.
2965 4031 2972 4042 ί

2177 4109 2560 4168 Clementis.—
2583 4107 2624 4164 A
2661 4108 2824 4162 malis
2852 4105 3107 4171 liberari,
3151 4103 3378 4158 initium
3411 4111 3498 4170 est
3539 4103 3691 4158 salu-

2104 4202 2200 4258 tis.
2893 4191 2904 4202 ’

2172 4292 2399 4350 Iustitia
2426 4333 2440 4358 ,
2473 4298 2532 4346 ut
2575 4289 2796 4346 videtur
2819 4329 2834 4352 ,
2875 4287 3257 4358 quadrangulo
3305 4294 3414 4351 est,
3454 4301 3554 4355 par
3587 4284 3698 4339 sci-

2104 4387 2240 4442 licet
2263 4393 2430 4452 atque
2463 4383 2664 4438 similis
2691 4381 2746 4434 in
2771 4395 3052 4444 sermone,
3086 4394 3276 4448 opere,
3307 4375 3644 4432 abstinentia
3669 4393 3700 4430 a

2107 4477 2290 4541 malis,
2346 4476 2405 4530 in
2449 4471 2844 4536 beneficentia,
2908 4472 2962 4526 in
3028 4470 3278 4525 SClCllliiB
3332 4467 3697 4540 perfectione,

2039 4567 2266 4627 Dnulla
2296 4579 2532 4635 usquam
2595 4561 2812 4618 ratione
2867 4558 3228 4626 claudicans,
3284 4571 3356 4612 ne
3390 4556 3596 4626 injusta
3643 4563 3700 4606 ct

2113 4655 2402 4725 inaequalis
2435 4653 2712 4708 videatur.

2181 4748 2416 4821 Didymi.
2437 4777 2508 4788 ——
2531 4745 2810 4801 Virtutem
2843 4743 3129 4808 simulato,
3162 4757 3273 4798 non
3313 4748 3374 4796 ut
3409 4737 3701 4803 fallds,scd

2111 4851 2172 4898 ut
2196 4841 2398 4912 prosis.
3651 4825 3664 4830 ’

2183 4935 2435 5005 Regnum
2479 4930 2772 4993 caelorum,
2797 4941 2994 4982 eorum
3041 4932 3249 4980 statum
3295 4925 3471 4988 dicas,
3507 4925 3600 4994 qui
3637 4940 3700 4977 ev

2113 5017 2449 5091 divinorum
2490 5023 2677 5096 legum
2724 5019 3042 5076 rationibus
3072 5019 3384 5089 composite
3424 5018 3594 5073 vitam
3623 5017 3705 5070 in-

2113 5121 2376 5177 stituunt.

2183 5210 2317 5276 Quae
2351 5209 2406 5263 in
2440 5205 2658 5262 actione
2697 5202 2976 5266 consistit,
2999 5201 3180 5256 virtus
3211 5185 3393 5254 omnis
3421 5197 3474 5250 in
3509 5211 3577 5251 eo
3597 5207 3702 5259 est,

2115 5317 2180 5356 ac
2207 5315 2331 5356 esse
2367 5298 2558 5361 habet,
2590 5295 2740 5366 quod
2768 5293 2884 5359 fiat,
2915 5307 3026 5346 non
3057 5289 3208 5361 quod
3240 5288 3383 5342 facta
3411 5295 3517 5340 est.

2190 5391 2317 5447 Nili.
2341 5387 2618 5444 ——Gaude
2646 5385 2870 5440 interim
2897 5381 3028 5436 dum
3070 5381 3334 5434 virtutem
3375 5377 3545 5442 colis;
3573 5392 3706 5430 cave

2118 5492 2306 5539 tamen
2337 5479 2526 5536 animo
2573 5475 2902 5538 extollaris,
2959 5489 3028 5527 ne
3061 5471 3205 5526 forte
3249 5467 3599 5538 naufragium
3651 5470 3707 5522 in

2117 5573 2546 5648 portui‘eceris.

2189 5665 2399 5737 Cyrilli.
2423 5663 2700 5732 —-—Opcrae
2735 5657 2975 5730 pretium
3014 5657 3279 5712 virtutem
3312 5653 3367 5708 in
3414 5663 3711 5720 utramque

2118 5767 2334 5830 partem
2385 5770 2494 5810 non
2561 5749 2917 5813 claudicare,
2976 5746 3076 5803 sed
3137 5762 3307 5818 opere
3339 5761 3402 5800 ac
3451 5758 3711 5801 sermone

2121 5854 2354 5912 rectam,
2384 5854 2550 5915 atque
2586 5840 2848 5909 utrinque
2875 5835 3182 5908 perfectam
3216 5850 3338 5892 esse
3358 5877 3374 5896 .
