4094 6358
497 323 606 387 727

1631 361 1638 364 -
1671 335 1732 394 S.
1775 335 2064 396 MAXIMI
2105 335 2616 406 CONFESSORIS

3429 409 3454 422 κ
3683 355 3798 418 728

571 437 763 492 Virtus
791 453 988 508 aspera
1025 453 1132 504 est,
1181 440 1471 512 arduaque
1522 443 1592 498 ad
1647 461 1770 501 eam
1805 447 1931 514 via;
1986 463 2087 502 nec

2267 454 2508 526 Τραχεῐα
2548 459 2580 528 ἡ
2605 458 2798 530 ἀρετὴ,
2831 460 2924 513 καὶ
2945 459 3122 531 ὀρθῶς
3147 457 3302 534 οῐμος
3326 465 3415 518 ἐπ’
3436 467 3608 540 αὐτήν
3635 485 3650 500 ⁸
3690 473 3793 525 καὶ

499 526 606 582 ιιἱεί
635 527 800 598 longo
825 527 1015 584 labore
1045 529 1149 584 sibi
1179 546 1301 585 eam
1335 532 1478 588 ullus
1509 538 1805 604 paraverit.

573 619 656 674 Ex
679 619 952 676 Patribus.
973 623 1311 690 —Quatuor
1333 626 1501 682 rebus
1533 629 1810 698 polluitur
1833 632 2054 688 animus
2077 649 2090 686 :

500 711 916 770 obambulando
984 729 1086 784 per
1139 715 1424 771 civitatem
1465 761 1478 784 ,
1533 735 1637 774 nec
1669 721 1862 778 oculos
1906 733 2094 778 custo-

500 801 738 867 diendo;
781 819 904 858 cum
944 804 1276 860 mulieribus
1324 807 1438 863 ullo
1487 824 1716 878 prorsus
1764 811 1929 866 modo
1957 830 2092 867 con-

501 896 850 964 sucscendo;
882 898 1154 952 nobilium
1189 898 1244 952 in
1275 900 1479 956 saeculo
1507 903 1810 957 amicitiam
1834 905 2089 972 colendo;

501 1003 564 1042 ac
597 987 821 1042 demum
849 990 1104 1046 carnales
1135 1006 1473 1062 congressus
1521 1011 1772 1066 vanaque
1817 997 2092 1066 colloquia

499 1079 803 1149 diligendo.

497 1211 516 1222 .
575 1175 1184 1248 Plutarchi.—~lgnut:e
1219 1180 1463 1246 virtutis,
1501 1181 1646 1236 haud
1676 1199 1839 1238 secus
1869 1199 1932 1238 ac
1969 1185 2088 1239 auri

497 1266 705 1322 defessi
745 1269 1012 1339 splendor
1047 1287 1159 1326 non
1185 1273 1432 1328 videtur.

569 1445 661 1501 Uti
697 1447 766 1500 iis
799 1447 892 1518 qui
921 1448 1213 1505 laboribus
1242 1465 1447 1520 corpus
1481 1462 1763 1518 exercent,
1791 1454 1950 1509 cibus
1974 1473 1988 1522 ;
2009 1462 2089 1512 sic

494 1547 551 1594 et
579 1539 760 1593 virtus
812 1539 929 1605 his,
965 1541 1060 1610 qui
1092 1541 1202 1596 sint
1231 1542 1462 1607 eruditi,
1491 1556 1720 1614 apparet
1751 1548 1958 1602 suavis.

565 1633 708 1697 Vita,
750 1633 900 1689 haud
935 1650 1098 1689 secus
1125 1651 1190 1690 ac
1221 1653 1506 1702 nummus,
1543 1639 1704 1693 initio
1743 1641 2084 1712 vituperium

493 1725 726 1782 habens.
757 1727 964 1798 ubique
992 1729 1240 1798 gentium
1271 1730 1507 1800 reproba
1537 1730 1796 1788 edicitur.

561 1819 773 1876 Cuncta
809 1831 861 1876 te
883 1823 1142 1877 existima
1175 1823 1383 1888 facere,
1421 1833 1484 1878 ut
1535 1827 1630 1896 qui
1683 1828 1962 1884 neminem
2001 1829 2085 1884 la-
2122 1810 2164 1865 Β

495 1927 630 1967 leas.
674 1914 811 1968 Nam
841 1913 948 1970 etsi
981 1913 1046 1970 ad
1075 1929 1322 1985 prtesens
1359 1915 1657 1983 celaveris,
1706 1931 1899 1990 postea
1925 1921 2088 1976 inno-

493 2012 694 2062 ῑοεορε.

563 2099 702 2154 Cum
735 2117 862 2156 eum
891 2102 1119 2172 quidam
1153 2103 1358 2173 injuria
1383 2106 1682 2172 alfecisset,
1743 2123 1915 2176 seque
1959 2107 2087 2179 fuga

493 2192 834 2261 proripiens,
874 2193 928 2247 in
960 2211 1252 2250 occursum
1288 2199 1411 2268 ejus
1454 2199 1642 2254 venire
1674 2215 1782 2254 non
1813 2201 2082 2269 auderet;

493 2283 794 2352 aliquando
827 2286 1048 2340 tandem
1109 2287 1164 2342 in
1213 2305 1340 2344 eum
1397 2291 1650 2348 incidens
1703 2311 1717 2348 :
1759 2294 1879 2348 Non
1910 2304 1972 2349 ut
2002 2303 2084 2359 tu,

462 2376 702 2446 .inquit,
739 2393 824 2432 me
857 2379 1058 2449 lugias,
1085 2379 1267 2449 decet,
1293 2383 1390 2438 sed
1425 2392 1484 2438 ut
1511 2399 1614 2455 ego
1647 2395 1722 2451 te,
1750 2386 1952 2458 quippe
1987 2389 2085 2458 qui

492 2468 782 2538 improbus
813 2471 908 2525 sis.

563 2561 659 2617 Vir
691 2564 922 2633 ignavus
945 2574 1002 2620 et
1037 2565 1306 2627 imbellis,
1344 2584 1451 2624 nec
1501 2586 1627 2625 cum
1650 2587 1788 2628 cane
1813 2589 1922 2629 nec
1955 2590 2082 2629 cum

490 2655 649 2708 asino
678 2665 764 2710 cst
789 2659 1228 2729 comparandus,
1259 2660 1470 2718 divitiis
1508 2663 1723 2719 scilicet
1763 2681 1828 2722 ac
1867 2667 2084 2724 deliciis

489 2747 765 2802 difﬂuens.

556 2841 651 2898 Sic
677 2843 864 2898 vivere
899 2844 1146 2908 studeas,
1165 2855 1226 2901 ut
1251 2863 1432 2918 neque
1452 2865 1481 2904 a
1508 2852 1922 2920 potentioribus
1948 2869 2084 2910 con-

489 2937 778 3004 tcmnaris,
807 2952 914 2992 nec
950 2937 1316 2995 inferioribus
1349 2943 1617 2999 terribilis
1641 2945 1738 3000 sis.

2198 544 2298 597 οὐκ
2329 544 2393 598 ἀν
2423 563 2504 610 τις
2531 547 2702 602 ἕλοιτο
2725 549 2930 622 ταύτην
2957 551 3080 622 δίχα
3109 555 3270 608 πόνου
3305 558 3538 628 μακροῦ.

2281 637 2383 690 Ἕκ
2413 637 2532 690 τῶν
2560 639 2856 707 Πατέρων.
2879 671 2950 683 -
2988 644 3085 698 Διά
3116 647 3398 718 τεσσάρων
3442 655 3789 724 πραγμάτων

2195 729 2400 798 ἡψυχὴ
2435 731 2744 799 μιαίνεται·
2794 732 2871 804 τῷ
2901 741 3225 805 περιπατεῖν
3270 742 3329 794 ἐν
3363 742 3515 798 πόλει
3557 749 3654 801 καὶ
3705 749 3785 821 μὴ

2196 821 2493 889 φυλάσσειν
2509 825 2634 888 τοὺς
2655 826 2990 896 ὀφθαλμοὺς,
3021 831 3118 884 καὶ
3143 831 3222 902 τῷ
3242 833 3378 898 ὅλως
3403 835 3546 906 ἔχειν
3577 841 3785 905 γνῶσιν

2198 915 2336 984 μετά
2397 919 2693 984 γυναικῶν,
2747 923 2840 974 καὶ
2868 921 2947 992 τῷ
2981 922 3359 998 ἔχειψφιλίαν
3388 931 3526 1000 μετά
3555 934 3664 986 τῶν
3704 939 3786 990 ὲν-

2192 1008 2361 1074 διεξων
2387 1009 2480 1062 τοῦ
2511 1011 2738 1080 κόσμου,
2775 1014 2866 1066 καὶ
2907 1014 2986 1084 τῷ
3041 1017 3327 1090 ἀγαπῆσαι
3361 1021 3460 1086 τὰς
3509 1027 3780 1096 σσρκικάς

2193 1102 2409 1173 ὁμιλίας
2437 1103 2531 1157 καὶ
2565 1106 2972 1175 ματαιολογίας.
3051 1112 3058 1123 ¹

2266 1193 2760 1264 Πλυυτάρχου.-
2788 1197 2900 1269 Τῆς
2933 1201 3306 1273 ἀγνοουμένης
3339 1205 3541 1276 ἀρετῆς
3588 1206 3784 1282 ὥσπερ

2193 1285 2285 1339 τοῦ
2316 1287 2810 1358 κατορωρυγμένου
2851 1290 3080 1361 χρυσίου
3121 1294 3154 1364 ὴ
3189 1293 3514 1369 λαμπρότης
3561 1301 3622 1353 οὐ
3656 1302 3785 1370 52¢.-

2191 1396 2376 1434 πεται.

2273 1473 2340 1530 Ἡ
2363 1474 2463 1544 μὲν
2493 1477 2668 1548 τροφὴ
2687 1478 2797 1541 τοῖς
2823 1479 3298 1551 γυμναζομένοις,
3322 1483 3354 1553 ἡ
3381 1482 3436 1536 δὲ
3469 1484 3639 1558 ἀρετὴ
3669 1491 3786 1549 τοῖς

2191 1569 2649 1640 πεπαιδευμένοις
2670 1571 2822 1642 ἡδεῖα
2861 1575 3132 1640 φαίνεται.

2273 1662 2331 1715 Ὀ
2351 1661 2465 1733 βίος
2495 1661 2750 1734 καθάπερ
2776 1664 3018 1734 νόμισμα
3039 1667 3354 1738 διαϐληθεὶς
3377 1669 3432 1721 ἐν
3453 1669 3670 1742 ἀρχαῖς,
3703 1673 3787 1736 είς

2194 1757 2374 1810 πάντα
2397 1756 2490 1809 τὸν
2520 1755 2726 1823 κόσμον
2758 1756 3017 1828 ἀδόκιμος
3045 1760 3275 1828 γίνεται.

2264 1847 2517 1902 Ἀπαντά
2572 1847 2719 1904 δόκει
2767 1854 2962 1911 ποιεῖν,
3011 1849 3086 1914 ὡς
3132 1851 3342 1920 μηδένα
3381 1852 3584 1913 λήσων.

2190 1941 2299 2013 γὰρ
2327 1941 2393 1996 ἀν
2422 1945 2738 2016 παραυτίκα
2768 1945 3003 2017 κρύψῃς,
3036 1944 3262 2017 ὕστερον
3300 1946 3537 2020 agema.

3669 1855 3785 1908 Καὶ

2249 2126 2282 2157 ’⁹
2329 2125 2643 2198 Ἀνθρώπου
2676 2127 2818 2192 τινὸς
2877 2128 3040 2182 αὐτὸν
3068 2120 3448 2200 ἀδικήσαντος,
3491 2131 3586 2184 καὶ
3619 2148 3782 2202 περι-

2189 2221 2486 2290 φεύγοντος
2551 2223 2647 2274 καὶ
2708 2223 2956 2292 ἀπαντᾷν
3017 2225 3432 2292 αἰσχυνομένου,
3497 2225 3781 2295 συντυχὼν

2187 2314 2334 2380 ἅπαξ
2381 2309 2554 2368 εἶπενο
2605 2316 2680 2368 Οὐ
2715 2314 2773 2368 σὲ
2808 2315 2914 2388 χρὴ
2954 2316 3054 2388 ἐμὲ
3103 2318 3348 2385 φεύγειν,
3381 2316 3496 2371 ἀλλ’
3535 2318 3636 2390 ἐμὲ
3693 2319 3778 2388 σὲ,

2187 2405 2392 2473 φαῦλον
2413 2405 2562 2462 ὄντα.

2256 2587 2371 2640 Οὐκ
2408 2586 2523 2641 ἔστι
2553 2587 2712 2650 κυνὸς
2737 2587 2986 2654 ἀντάξιος
3018 2588 3128 2642 οὐδ’
3155 2588 3278 2644 ὄνου
3322 2589 3496 2654 δειλὸς
3521 2591 3657 2664 ἀνὴρ
3679 2591 3778 2646 καὶ

2184 2678 2432 2742 ἄναλκις,
2493 2681 2598 2733 ὑπὸ
2645 2679 2881 2734 πλούτου
2931 2682 3026 2736 καὶ
3081 2682 3355 2753 μαλακίας
3409 2684 3774 2756 διερρυηκώς.

2253 2857 2442 2922 Οὕτως
2493 2858 2593 2928 ζῇν
2649 2857 2936 2930 πιιοαιροῦ,
2986 2860 3063 2924 ὡς
3089 2864 3229 2942 μήτε
3249 2862 3362 2917 τῶν
3388 2864 3774 2938 δυνατωτέρων

2183 2949 2668 3020 καταφρονεῖσθαι,
2725 2951 2866 3022 μήτε
2911 2953 3024 3016 τοῖς
3076 2953 3490 3025 ὑποδεεστέροις
3545 2955 3776 3030 φοϐερὸς

2183 3037 2344 3098 εἶναι.

557 3109 720 3180 532
745 3110 1016 3167 Demosth.
1036 3145 1108 3154 —
1129 3115 1614 3182 Quemadmodum
1664 3120 1885 3188 domus,
1921 3133 2076 3192 puto,

2255 3137 2517 3203 Δημοσθ.
2557 3163 2629 3176 --
2651 3134 2866 3206 Ὠσπερ
2892 3134 3091 3202 σίκίας,
3119 3131 3295 3208 οἶμαι,
3332 3138 3427 3192 καὶ
3469 3137 3655 3192 πλοίου
3679 3137 3774 3194 καὶ

486 3217 543 3260 et
569 3204 778 3276 navigii
808 3214 865 3260 et
898 3215 1228 3262 cancrorum
1275 3211 1480 3266 talium-
1519 3213 1681 3269 bases
1732 3215 2076 3273 ﬁrmissimas

485 3309 606 3350 esse
630 3295 894 3350 convenit
923 3313 938 3350 :
971 3295 1053 3351 sic
1079 3298 1364 3354 actionum
1417 3301 1728 3370 primordia
1775 3315 1832 3361 et
1878 3305 2078 3362 funda»

486 3392 672 3439 menta
703 3387 1118 3457 verajustaque
1148 3403 1274 3443 esse
1307 3389 1488 3445 decet.

559 3473 838 3532 Clitore/ii.
861 3508 930 3517 —
953 3478 1074 3534 Non
1113 3481 1314 3548 quovis
1359 3483 1527 3537 modo
1576 3485 1838 3541 virtutem
1868 3487 2075 3543 habere

483 3567 690 3622 bonum
727 3570 1024 3636 existima;
1060 3571 1158 3626 sed
1192 3574 1684 3644 quemadmodum,
1725 3593 1790 3634 ac
1818 3594 1922 3650 pro
1946 3580 2074 3650 qui-

480 3662 587 3718 bus
611 3663 772 3720 decet
799 3664 892 3719 illa
926 3664 1124 3721 fultum
1157 3682 1301 3722 esse.

549 3756 827 3811 Virtutem
859 3755 904 3810 si
938 3757 1133 3824 habes,
1185 3761 1372 3816 omnia
1409 3762 1583 3819 habes
1611 3783 1622 3818 :
1649 3774 1706 3821 at
1756 3767 1804 3822 si
1851 3769 2072 3836 vitium,

478 3864 551 3903 ne
579 3851 823 3920 teipsum
863 3851 1110 3920 quidem.

552 3936 823 3996 Socrates.
865 3942 1098 3998 —Cum
1151 3946 1450 4015 quemdam
1498 3966 1565 4003 ex
1622 3950 1916 4021 discipulis
1959 3954 2078 4008 suis

479 4033 972 4089 animadvertisset
1005 4035 1120 4106 agri
1145 4037 1370 4106 quidem
1399 4041 1816 4108 studiosiorem,
1839 4046 2078 4101 actionis

479 4141 617 4181 vero
635 4126 1056 4196 negligentem:
1091 4129 1242 4185 Heus
1271 4137 1353 4195 tu,
1408 4131 1620 4202 inquit,
1665 4135 1794 4190 vide
1835 4153 1904 4192 ne
1938 4137 2073 4192 dum

480 4233 685 4287 agrum.
735 4219 991 4274 cicurare
1038 4221 1164 4287 vis,
1229 4222 1478 4278 animum
1533 4233 1689 4280 tuum
1745 4227 1896 4285 sinas
1943 4230 2077 4286 etl‘e-

482 4323 617 4364 rari.

552 4401 692 4459 Cum
750 4406 899 4462 idem
949 4409 1318 4464 intellexisset
1345 4410 1642 4480 quemdam
1678 4429 1746 4467 ex
1779 4413 2072 4471 familiari-

2182 3229 2290 3283 τῶν
2321 3229 2498 3284 ἄλλων
2546 3229 2654 3283 τῶν
2717 3231 3000 3296 τοιούτων,
3033 3231 3104 3284 τά
3150 3231 3400 3286 κάτωθεν
3453 3234 3774 3305 ίσχυρότερα

2177 3318 2320 3376 εἶναι
2353 3323 2435 3376 δεῖ
2457 3339 2472 3354 ’
2509 3322 2654 3376 οὕτω
2685 3325 2780 3377 καὶ
2802 3323 2909 3377 τῶν
2937 3324 3192 3396 πράξεων
3223 3324 3323 3390 τὰς
3353 3326 3530 3396 ἀρχὰς
3563 3325 3772 3390 καὶτὰς

2179 3415 2491 3478 ὑποθέσεις,
2520 3414 2740 3488 ἀληθεῖς
2774 3405 2870 3470 ’καὶ
2901 3415 3140 3479 δικαίας.
3521 3487 3527 3493 ⁸

2248 3505 2640 3576 Κλειτάρχου.
2663 3536 2734 3546 -
2755 3505 2847 3576 Μὴ
2879 3506 2938 3560 τὸ
2969 3505 3114 3577 ἔχειν
3139 3505 3344 3584 ἀρετὴν
3372 3507 3537 3562 καλὸν
3562 3507 3770 3584 νόμιζε,

2177 3595 2314 3652 ἀλλά
2347 3597 2406 3650 τδ
2433 3597 2620 3662 agas:
2643 3597 2738 3651 και
2767 3596 2908 3668 ὑπὲρ
2937 3591 3011 3652 ὧν
3037 3598 3138 3652 δεῖ.
3315 3580 3321 3592 '

2261 3779 2490 3851 Ἀρετὴν
2541 3779 2642 3849 μὲν
2683 3779 2840 3852 ἔχων,
2894 3779 3072 3835 πάντα
3104 3779 3278 3846 Egere“
3309 3782 3511 3837 κακίαν
3541 3783 3618 3850 δὲ,
3639 3782 3768 3842 ,οὐδὲ

2179 3871 2429 3928 σεαυτόν.

2247 3965 2592 4035 Σωκράτης.
2638 3999 2707 4008 —
2753 3967 3106 4038 Θεασάμενός
3153 3987 3276 4024 τινα
3345 3970 3460 4024 τῶν
3511 3970 3767 4042 μαθητῶν

2177 4057 2364 4120 αὐτοῦ,
2405 4057 2500 4111 τοῦ
2543 4058 2642 4128 μὲν
2691 4058 2863 4130 ἀγροῦ
2912 4060 3364 4132 ἐπιμελούμενον,
3389 4063 3490 4132 τῆς
3520 4061 3768 4135 πράξεως

2175 4149 2232 4202 δὲ
2283 4149 2610 4219 ἀμελοῦντασ
2673 4152 2834 4222 Ὅρα,
2885 4145 2930 4204 ὦ
2971 4147 3146 4216 οὗτος,
3189 4153 3316 4224 ἔφη,
3359 4155 3434 4224 μὴ
3481 4155 3574 4210 τὸν
3602 4153 3765 4226 ἀγρὸν
3820 4138 3835 4155 “

2177 4244 2528 4318 ἐξημερῶσαι
2555 4245 2898 4318 βουλόμενος,
2928 4247 3027 4320 τὴν
3049 4247 3226 4320 ψυχὴν
3255 4249 3557 4322 ἀγριώσῃς.

2250 4412 2605 4491 Καταμαθὼν
2642 4421 2698 4474 δέ
2753 4439 2874 4474 τινα
2919 4421 3028 4475 τῶν
3056 4421 3352 4493 γνωρίμων
3396 4422 3762 4476 ἐσπουδακότα

475 4495 601 4560 bus,
631 4498 824 4553 sedulo
855 4499 1158 4554 admodum
1211 4500 1578 4572 etlingendam
1637 4504 1932 4576 imaginem
1962 4509 2066 4563 sibi

2184 4513 2324 4576 ὅπως
2362 4511 2511 4582 αὐτῷ
2533 4513 2567 4581 ἡ
2596 4511 2760 4585 είκὼν
2785 4513 2943 4584 ὁμοία
2965 4514 3214 4586 γένηται,
3267 4515 3404 4586 πρὸς
3425 4517 3590 4568 αὐτὸν
3615 4516 3760 4578 εἶπε.

479 4589 718 4644 similem
745 4605 963 4656 curare,
1025 4593 1262 4648 actionis
1316 4609 1450 4648 vero
1498 4596 1708 4678 cultum
1743 4599 2067 4678 negligere:

479 4679 826 4752 Tu,.inquit,
859 4682 1041 4754 ell'ingi
1073 4683 1174 4738 tibi
1221 4684 1464 4754 lapidem
1499 4669 1738 4743 similem
1772 4669 2071 4762 diligenter

479 4773 714 4838 curasti,
745 4790 850 4830 nec
879 4777 990 4830 ulla
1025 4777 1127 4832 tibi
1154 4779 1300 4833 ratio
1323 4785 1430 4846 est,
1459 4795 1530 4834 ne
1557 4781 1678 4850 ipse
1714 4781 1887 4848 lapidi
1918 4783 2072 4838 simi-

479 4865 549 4920 lis
588 4864 871 4920 ctliciaris.
1341 4886 1344 4889 ·

549 4957 868 5012 Demonact.
894 4958 1111 5016 -rlllos
1158 4961 1385 5032 probris
1434 4962 1774 5029 incessebat,
1805 4967 1910 5036 qui
1950 4983 2074 5022 cor-
2107 4985 2116 4993 ·

477 5065 681 5118 porum
731 5065 920 5105 curam
979 5061 1226 5121 agentes,
1281 5053 1385 5124 ipsi
1435 5055 1650 5125 seipsos
1689 5057 2071 5127 negligerent;

477 5143 686 5212 quippe
743 5144 838 5214 qui
901 5137 1162 5198 domibus
1207 5145 1557 5216 diligentiam
1607 5147 1869 5213 habeant,
1900 5150 2072 5204 nihil-

477 5247 585 5302 que
615 5232 940 5289 domesticis
973 5251 1123 5290 ειη-ιε
1153 5236 1499 5306 impendant.

551 5324 838 5380 Democrit.
863 5325 1161 5382 —-—Lineas
1199 5328 1472 5384 certiores
1535 5345 1658 5385 esse
1689 5339 1948 5400 oportet;
1985 5329 2077 5386 ac-
2119 5343 2124 5346 '

480 5415 664 5472 tiones
690 5419 1164 5490 praeclarissimas.

551 5531 572 5562 '
598 5529 764 5588 Forte
799 5533 1042 5588 Socratis
1067 5534 1173 5589 hoc
1197 5535 1436 5590 dictum.

2181 4607 2252 4660 Σὺ
2279 4608 2430 4671 ὅπως
2465 4607 2567 4678 μέν
2604 4624 2685 4659 σοι
2715 4605 2743 4656 ὁ
2771 4605 2918 4669 λίθος
2942 4607 3129 4678 ὅμοιος
3157 4607 3384 4678 γένηται
3405 4609 3757 4672 ἐσπούδακας·

2179 4699 2326 4764 ὅπως
2371 4697 2428 4751 δὲ
2462 4699 2538 4770 μὴ
2568 4697 2731 4762 αὐτὸς
2783 4697 2918 4766 λίθῳ
2947 4698 3135 4768 ὅμοιος
3160 4699 3316 4772 γένῃ,
3345 4700 3406 4753 ού
3434 4700 3756 4771 φροντίζεις.

2253 4968 2598 5039 Δημώνακτ.
2629 5000 2697 5010 -
2727 4967 2868 5040 Τοὺς
2911 4967 3018 5020 τῶν
3079 4967 3350 5038 σωμάτων
3401 4969 3762 5040 ἐπιμελουμέ-

2179 5083 2324 5130 νους,
2379 5063 2590 5116 έαυτῶν
2615 5061 2672 5116 δὲ
2702 5039 3044 5132 ἀμελοῦντας
3073 5061 3368 5126 ὠνείδιζεν,
3413 5039 3630 5124 ὡςτῶν
3669 5063 3762 5133 μὲν

2173 5157 2339 5212 οἴκων
2395 5153 2878 5226 ἐπιμελουμένους,
2905 5153 3014 5207 τῶν
3047 5153 3102 5207 δὲ
3135 5152 3360 5206 ἐνοίκων
3405 5152 3759 5222 ἀμελοῦντας.

2245 5337 2560 5405 Δημόκριτ.
2593 5364 2662 5374 -
2689 5335 2802 5398 Τὰς
2833 5334 3214 5406 μὲνγραμμὰς
3233 5335 3644 5408 ἀσφαλεστέρας
3672 5334 3760 5404 (Ῑ),

2172 5429 2270 5493 τὰς
2296 5429 2353 5482 δὲ
2386 5427 2616 5500 πράξεις
2650 5427 3042 5498 λαμπροτέρας
3070 5427 3214 5497 ἔχειν
3242 5426 3340 5482 δεῖ.

2003 5609 2240 5671 NOTAE.

551 5755 654 5828 (Ῑ)
698 5757 806 5822 Τὰς
853 5759 969 5828 μὲν
1015 5761 1284 5832 γραμμὰς
1330 5762 1810 5835 ἀσφαλεστέρας.
1866 5766 2063 5827 Lincas

2184 5771 2259 5838 :it,
2284 5787 2404 5843 qua:
2439 5781 2570 5830 sunt
2625 5769 2897 5844 principia
2940 5771 3495 5847 demonstrationum,
3519 5770 3754 5833 maxime
