4094 6372
420 310 527 426 7:39

417 571 707 643 πράττειν.

491 666 655 731 Βίας.
682 694 754 704 —-
775 663 933 718 Οὕτω
954 666 1130 738 πειρῶ
1142 666 1261 739 ζῇν,
1289 668 1363 733 ὡς
1387 670 1482 724 καὶ
1506 669 1689 741 ὀλίγον
1716 674 1809 727 καὶ
1837 673 2005 729 πολὺν

421 758 609 829 χρόνον
641 753 995 824 βιωσόμενος.

495 848 722 904 Λάκων.
760 878 833 888 -
872 850 1070 903 Λάκων
1109 851 1442 920 ἐρωτηθεὶς,
1496 853 1638 908 διατι
1698 857 2004 927 ἀτείχιστός

424 943 629 1011 ὲστινή
662 940 911 1012 Σπάρτη·
1102 942 1322 1012 ψεύδου,
1368 944 1494 1017 ἔφη·
1535 947 1866 1018 τετείχισται
1895 950 2003 1021 γὰρ

423 1038 543 1098 ταῖς
562 1033 670 1086 τῶν
686 1034 982 1088 οἰκούντων
1012 1038 1255 1104 ἀρεταῖς.

489 1147 794 1219 Διογένης.
834 1180 904 1190 -
945 1151 1338 1216 Ὀνειδίσαντος
1388 1150 1536 1223 αὐτῷ
1586 1156 1753 1219 τινος,
1812 1155 1889 1216 ὡς
1921 1157 2003 1219 είς

416 1240 769 1309 ἀκαθάρτους
796 1240 996 1303 τόπους
1028 1241 1360 1311 εἰσέρχεται,
1390 1240 1517 1312 ἔφη·
1579 1242 1692 1296 Καὶ
1738 1245 1767 1296 ὀ
1826 1244 1998 1315 ἥλιος,

412 1330 532 1385 ἀλλ’
563 1333 624 1384 οὐ
655 1330 949 1400 μιαίνεται.

487 1447 751 1503 Λινδίου.
785 1478 854 1489 -
901 1448 1198 1502 Εὐσέϐειαν
1236 1448 1316 1502 δεῖ
1366 1449 1659 1519 φυλάσσειν
1684 1469 1698 1482 ·
1759 1452 2002 1516 πολίταις

412 1541 484 1594 τὰ
535 1540 787 1611 βέλτιστα
836 1539 1260 1611 συμϐουλεύειν·
1329 1542 1527 1612 ήδονῆς
1575 1546 1852 1613 ·κρατεῖν·
1909 1543 2000 1615 βίᾳ

412 1631 584 1702 μηδὲν
636 1631 899 1703 πράττειν
937 1647 950 1660 ·
982 1632 1075 1685 τὸν
1126 1632 1219 1684 τοῦ
1268 1633 1441 1703 δήμου
1496 1633 1689 1704 ἐχθρὸν
1744 1635 2000 1705 πολέμιον

408 1723 657 1794 νομίζειν
684 1740 697 1753 ·
731 1723 947 1787 οἰκέτας
982 1723 1282 1795 μεθύοντας
1314 1725 1389 1795 μὴ
1434 1725 1683 1790 κολάζειν
1709 1729 1790 1780 ἐἰ
1818 1727 1874 1780 δὲ
1902 1726 2007 1798 pi},-

408 1818 589 1885 δόξεις
612 1820 915 1884 παροινεῖν.

484 1909 860 1999 Λυκούργου.
890 1959 963 1973 -
997 1931 1314 2002 Λυκοῦργος
1362 1932 1390 1985 ὁ
1444 1930 1770 2003 νομοθέτης,
1806 1932 1869 1985 τὸ
1898 1931 1995 2002 μὲν

414 2023 711 2095 ἀξιόχρεων
752 2023 861 2077 τῶν
892 2023 1197 2093 ἀνθρώπων
1246 2022 1349 2107 ἔφη
1384 2025 1442 2076 ἐν
1468 2027 1535 2095 τῇ
1551 2024 1713 2095 οὐσίᾳ
1744 2024 1993 2078 κεῖσθαι·

415 2118 479 2170 τὺ
503 2117 558 2169 δὲ
583 2116 917 2183 ἀξιόπιστον,
951 2119 1008 2171 ὲν
1034 2121 1144 2183 τοῖς
1172 2119 1417 2189 τρόποις.

470 2239 857 2306 Πυθαγόρου.
885 2265 952 2274 -
976 2236 1281 2308 Φιλήδονον,
1300 2234 1699 2306 φιλοσώματον,
1735 2235 1997 2307 φιλοχρή-

416 2347 585 2401 ματον
622 2330 719 2383 καὶ
768 2327 1014 2397 φιλόθεον
1042 2327 1132 2380 τὸν
1181 2326 1364 2391 αὑτὸν,
1402 2327 1668 2382 ἀδύνατον
1722 2322 1880 2399 εἶναι.
1938 2326 1997 2380 '0

408 2424 521 2494 γὰρ
544 2421 822 2492 φιλήδονος
842 2420 1057 2483 πάντως
1111 2419 1208 2473 καὶ
1241 2419 1617 2492 φιλοσώματος
1639 2436 1654 2450 ο
1693 2420 1722 2471 ὁ
1748 2418 1803 2471 δὲ
1848 2418 1995 2486 φιλο-

412 2511 693 2583 σώματος,
731 2511 951 2573 πάντως
998 2511 1093 2564 καὶ
1140 2509 1576 2580 φιλοχρήματος·
1608 2509 1711 2562 δδὲ
1736 2510 1997 2581 φιλοχρή-

415 2623 608 2676 ματος,
640 2604 701 2670 ὲξ
728 2603 976 2673 ἀνάγκης
1014 2603 1109 2656 καὶ
1139 2603 1325 2667 ἄδικος
1351 2621 1366 2637 ο
1409 2605 1436 2656 ὁ
1462 2603 1520 2657 δὲ
1554 2602 1758 2668 ἄδικος,
1792 2606 1872 2667 είς
1899 2604 1997 2675 μὲν

411 2698 550 2752 Θεὸν
578 2695 814 2762 ἀνόσιος,
838 2698 923 2760 εἰς
949 2695 1007 2748 δὲ
1045 2694 1332 2766 ἄνθρωπον
1367 2697 1702 2768 παράνομος.

483 2868 587 2930 Ὧν
628 2872 723 2925 τοῦ
766 2871 1017 2941 σώματος
1046 2870 1382 2938 ἀπαλλαγεὶς
1411 2872 1471 2932 0:3
1507 2871 1673 2944 δεήσῃ
1702 2913 1717 2936 ,
1767 2874 1997 2929 ἐκείνων

406 2964 745 3035 καταφρόνει
772 2964 990 3015 πάντων
1010 2979 1023 2993 ·
1050 2963 1144 3015 καὶ
1175 2956 1250 3016 ὧν
1275 2963 1613 3032 ἀπαλλαγεὶς
1641 2966 1839 3037 δεήσῃ,
1860 2966 1996 3036 πρὶς

402 3059 589 3116 ταῦτά
614 3075 696 3112 σοι
725 3058 1049 3129 ἀσκουμένῳ
1077 3058 1209 3111 Θεὸν
1255 3059 1565 3128 παρακάλει
1598 3060 1845 3128 γίνεσθαι
1872 3061 1996 3114 συλ-

402 3148 679 3225 λήπτορα.

480 3242 1080 3310 Διοδώρου.--Πάντες
1108 3242 1383 3314 ἅνθρωποι
1409 3244 1496 3297 διὰ
1523 3243 1624 3314 τὴν
1645 3247 1744 3314 τῆς
1772 3244 1989 3311 φύσεως

396 3337 717 3399 ἀσθένειαν,
755 3334 929 3405 βιοῦσι
955 3335 1051 3403 μὲν
1081 3334 1369 3405 ἀκαριαῖόν
1387 3352 1438 3387 τι
1472 3337 1637 3408 μέρος
1668 3336 1762 3390 τοῦ
1792 3338 1992 3402 παντὸς

397 3429 636 3492 αἰῶνος·
689 3413 1113 3495 τετελευτήκασι
1155 3425 1210 3479 δὲ
1263 3428 1372 3480 πᾶν
1410 3427 1500 3480 τὸν
1528 3427 1753 3500 ὕστερον
1779 3430 1988 3500 χρόνον.

396 3522 521 3575 Καὶ
551 3522 662 3582 τοῖς
700 3517 799 3588 μὲν
847 3519 905 3569 ὲν
934 3516 1009 3587 τῷ
1053 3516 1153 3588 ζῇν
1187 3516 1354 3587 μηδὲν
1397 3516 1674 3586 ἀξιόλογον
1726 3517 1987 3590 πράξασι,

396 3612 525 3683 ἅμα
575 3612 695 3672 ταῖς
740 3604 848 3660 τῶν
899 3608 1168 3678 σωμάτων
1218 3608 1504 3669 τελευταῖς
1555 3611 1990 3681 συναποθνήσκει

397 3704 497 3758 καὶ
522 3702 590 3755 τὰ
623 3701 761 3755 ἄλλα
789 3700 967 3754 πάντα
1004 3699 1147 3753 κατὰ
1174 3700 1266 3754 τὸν
1295 3700 1434 3770 βίον·
1464 3704 1577 3764 τοῖς
1604 3702 1659 3754 δὲ
1689 3702 1758 3755 δι’
1789 3704 1990 3774 ἀρετὴν

404 3793 927 3863 περιποιησαμένοις
979 3790 1164 3856 δόξαν,
1221 3794 1277 3845 αἱ
1342 3793 1570 3863 πράξεις
1628 3796 1838 3849 ᾶπαντα
1896 3796 1990 3873 τὸν

402 3887 578 3941 αἰῶνα
611 3885 1070 3962 μνημονεύονται,
1102 3884 1464 3955 διαϐοώμεναι
1493 3885 1570 3956 τῷ
1601 3886 1862 3956 θειοτάτῳ
1893 3888 1990 3957 τῆς

405 3980 644 4049 ἱστορίας
674 3979 904 4049 στόματι
926 3979 967 4033 ³.

490 4071 823 4139 Ὑπερίδου.
858 4098 929 4111 -α
956 4073 1047 4124 Δεῖ
1084 4071 1174 4125 τὸν
1211 4072 1415 4141 ἀγαθὸν
1461 4074 1889 4141 ἐπιδείκνυσθαι,
1931 4078 1988 4130 ἐν

399 4163 507 4237 μὲν
544 4166 656 4227 τοῖς
698 4164 878 4233 λόγοις
906 4204 920 4228 ,
971 4162 1007 4217 ἃ
1056 4167 1281 4235 φρονεῖ·
1331 4167 1388 4218 ὲν
1430 4165 1484 4218 δὲ
1527 4169 1641 4231 τοῖς
1694 4168 1913 4238 ἔργοις,
1954 4169 1991 4224 ἃ.

392 4260 569 4311 ποιεῖ.

486 4348 758 4419 Ἰττὰχου
781 4353 1070 4421 φιλοσόφ.
1100 4383 1169 4393 -
1205 4353 1343 4417 Τοὺς
1370 4354 1607 4424 ἀγαθοὺς
1638 4357 1748 4411 τῶν
1775 4357 1987 4431 ἀνθρώ.

388 4457 546 4505 πων,
582 4442 717 4495 Θεοῦ
747 4459 800 4495 τι
833 4443 997 4512 μέρος
1025 4444 1190 4514 ἔχειν.

1733 379 1903 440 LOCI
1942 380 2264 449 COMMUN
2272 388 2383 453 ES.

490 479 628 533 Θεοῦ
659 478 811 546 ἄξιόν
866 497 927 534 σε
988 484 1225 555 ποιήσει,
1254 484 1315 537 τὸ
1373 487 1540 557 μηδὲν
1595 490 1815 556 ἀνάξιον
1846 494 1993 548 αὒτοὶ

2195 500 2431 572 Dignum
2477 516 2527 563 te
2567 509 2680 566 Deo
2717 511 2941 581 efficies,

3590 416 3693 479 730

2978 516 3074 573 ubi
3108 521 3251 578 nihil
3301 539 3370 582 eo
3402 528 3694 604 indignum

2108 590 2329 650 feceris.
3370 632 3371 635 η

2179 682 2327 741 Bias.
2348 689 2520 746 —Sic
2548 694 2710 751 stude
2741 697 2951 766 vivere,
2987 710 3050 756 ut
3099 713 3156 760 et
3216 723 3422 777 paucos
3465 713 3606 782 dies,
3637 725 3694 773 et

2107 779 2304 849 longos
2341 797 2519 839 annos
2548 786 2827 846 victurus.

2175 873 2662 934 Lucam—Lacon
2726 881 3122 955 interrogatus,
3166 904 3268 945 cur
3306 891 3504 962 Sparta
3551 901 3703 955 mte-'

2104 964 2273 1020 nibus
2304 967 2488 1023 cincta
2529 986 2638 1026 non
2665 983 2815 1027 esset
2845 992 2858 1027 :
2894 976 3145 1043 Falleris,
3182 980 3388 1051 inquit;
3422 987 3691 1043 montium

2106 1058 2231 1114 loco
2259 1061 2465 1116 civium
2498 1065 2804 1124 virtutibus
2833 1070 3015 1126 cincta
3051 1082 3155 1128 est.

2177 1169 2461 1242 Diogenes.
2496 1205 2567 1215 --
2597 1176 2737 1232 Cum
2794 1181 3023 1251 quidam
3074 1186 3123 1239 ei
3159 1188 3368 1256 probro
3422 1202 3689 1262 verteret,

2105 1264 2256 1332 quod
2303 1266 2356 1319 in
2397 1266 2517 1323 loca
2579 1270 2875 1326 inhonesta
2913 1275 3193 1333 intraret:
3229 1281 3298 1335 Et
3333 1284 3439 1349 sol,
3483 1284 3688 1356 inquit,

2105 1354 2300 1419 intrat,
2337 1374 2440 1414 nec
2476 1368 2659 1416 tamen
2699 1367 3136 1425 contaminatur.

2181 1472 2372 1526 Lindii.
2396 1504 2466 1514 —
2491 1475 2773 1533 Servanda
2808 1481 2986 1550 pietas
3018 1494 3131 1551 est;
3187 1489 3526 1546 consulenda
3553 1492 3691 1550 civi-

2104 1561 2210 1617 bus
2236 1580 2359 1633 qua:
2391 1568 2600 1636 optima
2632 1571 2745 1623 sint
2772 1588 2787 1636 ;
2818 1573 3073 1644 voluptas
3109 1577 3423 1647 domanda;
3456 1599 3553 1652 per
3574 1585 3689 1640 vim

2102 1656 2240 1710 nihil
2269 1662 2542 1729 agendum
2569 1680 2583 1729 ;
2612 1663 2790 1720 hostis
2821 1665 3113 1725 habendus
3141 1675 3236 1741 qui
3280 1677 3471 1745 populi
3505 1679 3691 1733 inimi-

2105 1761 2205 1802 cus
2244 1749 2348 1810 sit;
2385 1767 2494 1806 non
2530 1755 2809 1837 plectendi
2863 1761 3008 1815 servi
3058 1762 3239 1831 ebrii;
3287 1767 3493 1837 alioqui
3541 1770 3690 1827 desi-

2029 1828 2073 1886 B
2104 1855 2242 1909 pere
2274 1840 2392 1910 ipse
2414 1835 2677 1900 videaris.

2171 1951 2421 2023 Lycurgi.
2487 1986 2557 1995 —
2607 1956 2891 2029 Lycurgus
2946 1962 3231 2033 legislator
3291 1968 3557 2025 honorem
3623 1989 3689 2028 ac

2101 2042 2428 2113 dignitatem
2482 2046 2628 2115 apud
2670 2047 2938 2106 homines
2993 2052 3050 2107 in
3104 2056 3303 2123 opibus
3353 2060 3512 2115 sitam
3563 2078 3687 2120 es:e

2101 2136 2317 2203 aiebat;
2374 2136 2630 2193 ﬁduciam
2663 2148 2848 2195 autem
2882 2144 2936 2197 in
2976 2146 3246 2204 moribus.

2168 2250 2636 2323 Pythagor.—Ut
2664 2254 2813 2310 idem
2862 2258 3169 2327 voluptatis
3215 2270 3383 2333 atque
3435 2267 3689 2336 corporis

2100 2358 2165 2398 ac
2188 2346 2437 2413 pecunia:
2462 2346 2669 2418 Deique
2696 2359 2911 2405 amator
2938 2352 3031 2417 sit,
3061 2354 3216 2410 nullo
3250 2358 3414 2412 modo
3440 2357 3561 2413 ﬁeri
3582 2376 3686 2429 po-

2102 2444 2227 2491 test.
2255 2437 2391 2493 Nam
2429 2439 2734 2509 voluptatis
2772 2457 2988 2509 amans,
3031 2445 3177 2501 idem
3229 2456 3286 2503 et
3314 2464 3517 2520 corpus
3539 2460 3688 2507 amet

2099 2542 2328 2583 necesse
2364 2539 2486 2596 est;
2542 2540 2599 2585 et
2658 2533 2754 2603 qui
2790 2550 2999 2604 corpus
3031 2547 3199 2603 amat,
3232 2538 3381 2594 idem
3417 2543 3687 2598 continuo

2097 2626 2155 2672 et
2188 2620 2481 2697 pecuniam
2521 2639 2533 2674 :
2573 2622 2668 2692 qui
2699 2634 2882 2678 autem
2934 2629 3250 2696 pecuniam,
3311 2630 3456 2685 idem
3490 2648 3684 2689 neces-

2098 2709 2245 2764 sario
2262 2718 2319 2765 et
2344 2710 2583 2780 injustus
2606 2721 2690 2767 est
2712 2731 2725 2777 ;
2753 2713 2994 2785 injustus
3015 2727 3224 2783 autem,
3251 2718 3409 2790 533
3430 2723 3482 2775 in
3510 2721 3685 2777 Deum

2097 2800 2323 2871 quidem
2354 2802 2580 2872 impius,
2608 2803 2664 2857 in
2696 2805 2954 2860 homines
2995 2815 3180 2861 autem
3213 2807 3439 2879 iniquus
3472 2819 3575 2867 est.

2167 2891 2383 2958 Quibus
2450 2909 2688 2964 corpore
2759 2886 2975 2951 solutus
3042 2914 3153 2951 non
3235 2899 3684 2971 indigebis,‘ea

2096 2992 2296 3037 cuncta
2323 2991 2650 3038 contemne:
2674 2985 2876 3054 quibus
2899 2996 3083 3042 autem
3117 2995 3249 3043 tunc
3274 2992 3539 3060 temporis
3561 3008 3688 3063 ege-

2095 3075 2202 3141 bis,
2248 3076 2450 3131 horum
2496 3077 2597 3131 tibi
2644 3078 2797 3132 cultu
2834 3079 3127 3146 laboranti,
3175 3081 3347 3137 Deum
3373 3083 3685 3154 adjutorem

1944 3200 1955 3222 ι
2023 3167 2067 3228 C
2099 3175 2297 3237 praesto
2340 3167 2458 3222 fore
2507 3183 2657 3237 roga.

2165 3258 2501 3313 Diodori.-—
2533 3259 2843 3344 Mortalium
2892 3272 3066 3330 genus
3115 3274 3278 3317 omne
3339 3261 3411 3317 ob
3475 3256 3687 3319 natura:

2096 3350 2557 3416 imbecillitatem,
2608 3351 2869 3422 exiguum
2903 3351 3183 3429 quoddam
3225 3363 3566 3409 momentum
3600 3364 3685 3409 to-

2097 3442 2204 3498 tius
2238 3444 2341 3498 aevi
2385 3443 2441 3497 in
2473 3443 2582 3497 vita
2613 3443 2845 3510 durant;
2877 3444 3159 3514 reliquum
3190 3461 3323 3500 vero
3352 3454 3525 3501 totum
3556 3463 3684 3517 spa-

2095 3536 2233 3590 tium
2279 3545 2456 3591 morte
2489 3538 2738 3607 occupati
2770 3537 2978 3607 jacent.
3014 3538 3082 3591 Et
3108 3538 3219 3592 illis
3253 3553 3404 3604 sane,
3432 3540 3524 3609 qui
3549 3540 3682 3594 dum

2092 3630 2348 3684 viverent
2373 3629 2523 3683 nihil
2551 3628 2801 3701 praeclari
2834 3638 3146 3698 gesserunt,
3171 3630 3365 3684 eodem
3398 3646 3524 3685 cum
3555 3648 3684 3686 eor-

2092 3738 2226 3792 pore
2289 3721 2444 3776 obitu
2506 3721 2690 3775 omnia
2734 3736 2954 3791 pessum
3006 3730 3159 3776 eunt.
3209 3721 3312 3788 Qui
3359 3739 3514 3788 vero,
3573 3740 3685 3794 qua
3745 3784 3751 3790 ,

2091 3811 2263 3867 functi
2309 3812 2517 3865 virtute
2548 3818 2696 3875 sunt,
2730 3810 2961 3880 gloriam
3001 3810 3108 3865 sibi
3154 3820 3573 3881 compararunt,
3612 3813 3682 3868 il-

2092 3907 2275 3960 lorum
2323 3904 2572 3958 actiones
2612 3918 2713 3972 per
2752 3917 2916 3957 omne
2961 3918 3163 3966 avum,
3206 3903 3559 3959 divinissimo
3598 3905 3683 3960 hi-

2093 3997 2278 4052 storiae
2333 4011 2429 4050 ore
2484 3995 2825 4060 celebrante,
2883 3996 3487 4050 commemorabuntur.

2166 4088 2469 4159 Hyperidis.
2492 4086 2773 4142 ——Virum
2826 4087 3055 4152 bonum,
3095 4103 3218 4157 qua:
3242 4087 3429 4154 sentit,
3467 4087 3680 4154 verbis;

2092 4198 2213 4251 qua:
2253 4196 2389 4236 vero
2440 4180 2591 4246 facit,
2625 4194 2793 4250 opere
2824 4180 3120 4235 ostendere
3145 4183 3323 4235 decet.

2162 4362 2400 4415 Hittacln'
2432 4359 2748 4431 philosOphi.
2772 4389 2833 4401 -—
2850 4360 3033 4416 Bonos
3058 4361 3231 4427 viros,
3260 4358 3358 4414 Dei
3385 4357 3682 4429 quamdam

2095 4464 2305 4520 partem
2352 4450 2555 4503 habere
2588 4449 2770 4503 decet.

488 4511 851 4601 Ἀριστοτέλ.
881 4511 952 4574 ~4—
979 4511 1114 4589 Θεοῦ
1147 4538 1246 4606 μέν
1273 4540 1390 4592 ἐστι
1422 4540 1683 4610 πράττειν
1726 4540 1763 4595 ἃ
1802 4542 1989 4612 βούλε-

2098 4511 2112 4520 ’
2166 4541 2636 4596 Aristotel.—Dei
2684 4548 2790 4606 est,
2840 4557 2962 4610 qua:
3010 4540 3146 4597 velit
3188 4556 3349 4611 agere
3389 4538 3675 4594 :hominis

394 4642 531 4679 ται·
559 4625 852 4696 ἀνθρώπου
884 4626 962 4691 δὲ,
995 4628 1062 4681 τὰ
1096 4629 1284 4683 δέοντα
1319 4631 1715 4703 προθυμεῖσθαι
1747 4633 1843 4704 (g).

422 4732 427 4737 '
488 4719 1152 4787 ’Arzrsadrovc.—"Otav
1189 4723 1439 4791 εύπορῶν
1469 4743 1552 4789 τις
1582 4728 1783 4798 αἰσχρὰ
1818 4730 1990 4798 πράτς

393 4827 471 4881 τῃ
503 4812 826 4883 πράγματα,
856 4814 907 4866 τί
931 4814 1136 4869 τούτων
1161 4816 1523 4888 ἀπορήσαντα
1554 4820 1789 4890 πράξειν
1819 4840 1989 4892 προσ-

392 4901 566 4970 δοκᾷς
595 4923 612 4968 ς
1424 4922 1430 4928 '

475 5060 498 5094 ³
541 5060 758 5134 Frigida
811 5064 928 5119 haec
989 5079 1200 5120 merces
1237 5067 1545 5138 saepiusque
1587 5069 1920 5130 frustranea.

2092 4643 2277 4689 autem
2322 4649 2443 4703 quae
2489 4631 2654 4686 ollicii
2702 4647 2768 4686 ac
2818 4632 3049 4687 honesta
3103 4643 3253 4697 sunt,
3295 4631 3605 4702 providere.

2164 4725 2542 4796 Antiplmn.—
2570 4723 2626 4778 Si
2659 4725 2783 4793 quis
2824 4725 2880 4778 in
2937 4741 3122 4779 rerum
3159 4723 3495 4778 abundantia
3524 4732 3680 4791 turpe

2093 4818 2301 4888 aliquid
2345 4815 2608 4879 admittit,
2636 4815 2770 4884 quid
2807 4816 2861 4870 in
2907 4817 3139 4901 penuria
3184 4817 3464 4871 viventem
3517 4828 3671 4869 com-

2096 4915 2395 4970 missurum
2445 4910 2769 4982 putaveris?

1987 5208 2197 5264 NOTAE

392 5342 917 5427 gemunt-marum,“
935 5358 1059 5427 qua:
1100 5343 1369 5397 certiores
1414 5353 1560 5427 sunt.
1592 5347 1724 5427 Nam
1757 5356 1816 5427 et
1842 5350 1988 5406 linea

394 5412 584 5488 ipsum
607 5420 692 5468 est
714 5413 861 5482 quod
891 5412 1100 5488 βαλϐὶς,
1124 5429 1379 5479 carceres,
1407 5415 1552 5472 unde
1576 5418 1780 5488 auriga:
1803 5420 1859 5475 in
1884 5429 1994 5477 sta-

445 5484 498 5537 io
526 5499 748 5538 cursum
779 5482 1158 5552 auspicantur.

484 5556 556 5623 (gl
592 5556 667 5608 Τὰ
705 5552 915 5606 δέοντα
962 5552 1411 5619 προθυμεῖσθαι.
1447 5554 1612 5620 Quasi
1646 5558 1786 5613 velle
1811 5568 1867 5614 et
1902 5561 1990 5616 in-

396 5624 606 5679 choare
626 5640 693 5677 ex
716 5624 876 5677 nobis
897 5623 1003 5688 sit;
1026 5623 1288 5691 operibus
1308 5639 1439 5677 vero
1460 5628 1762 5694 prtestatio,
1783 5646 1813 5684 a
1838 5631 1948 5686 Deo
1976 5649 1989 5685 :

398 5695 555 5762 quml
604 5695 779 5763 ipsum
831 5693 1118 5747 hauserint
1143 5693 1567 5762 Pelagiani,seu
1606 5698 1824 5753 illorum
1860 5702 1991 5755 reli—

399 5766 572 5833 quiae,
603 5781 668 5839 ex
710 5763 950 5818 emuusis
994 5763 1447 5839 philosophorum
1495 5767 1762 5839 fontibus,
1793 5772 1995 5839 quibus

403 5851 519 5891 non
550 5835 681 5892 satis
710 5843 997 5906 pcr'lpecta
1015 5834 1201 5905 gratia:
1220 5834 1425 5891 Christi
1444 5838 1701 5907 mysteria
1726 5834 1830 5911 qua
1857 5858 1993 5911 pra)-

2105 5361 2333 5423 paratur
2362 5344 2639 5416 voluntas,
2663 5360 2723 5405 ut
2746 5352 2826 5407 sic
2854 5353 3057 5422 cogitet
3078 5352 3146 5405 τὰ
3170 5351 3376 5417 δέοντα,
3407 5364 3529 5422 qute
3552 5370 3679 5409 vere

2102 5425 2334 5478 honesta
2368 5425 2482 5478 sint
2507 5432 2563 5478 et
2595 5423 2662 5475 ad
2697 5424 2929 5478 salutem
2963 5423 3296 5485 conducant,
3322 5423 3472 5477 nulla
3501 5424 3551 5477 in
3582 5425 3681 5478 no;

2094 5493 2204 5556 bis,
2230 5495 2386 5563 quasi
2422 5509 2495 5548 ex
2528 5492 2707 5553 nobis,
2743 5508 2935 5546 eorum
2983 5492 3261 5563 facultate,
3293 5499 3352 5545 ut
3392 5494 3683 5562 proﬁtetur

2096 5578 2330 5633 magnus
2365 5563 2552 5632 gratia;
2587 5570 2843 5633 asserturi
2868 5563 3091 5616 Paulus.
3134 5562 3329 5632 Jejune
3371 5563 3534 5617 Gesn.
3566 5582 3683 5630 quae

2097 5631 2228 5703 opus
2258 5631 2401 5687 sunt.
2440 5631 2765 5701 Exponendi
2820 5631 3321 5703 Patres._quorum
3371 5633 3545 5687 amnis
3599 5636 3679 5690 l0-

2097 5701 2304 5766 q'uentli
2340 5703 2554 5764 modus,
2587 5710 2644 5755 ut
2670 5716 2795 5754 cum
2826 5702 3021 5771 gratia,
3055 5701 3255 5770 illaque
3281 5704 3554 5759 excitante
3590 5722 3681 5760 ve-

2099 5773 2262 5827 limus
2288 5790 2301 5825 :
2331 5789 2437 5841 qua
2483 5772 2766 5847 voluntate
2797 5772 2865 5847 ad
2917 5775 3123 5847 majora
3167 5772 3263 5827 Dei
3309 5789 3557 5841 munera,
3597 5775 3676 5847 ip-

2098 5859 2324 5913 samque
2359 5843 2590 5914 gratiam
2622 5841 2852 5912 perfecti
2884 5841 3072 5914 operis
3098 5859 3486 5915 praeparemur.
