4094 6370
217 362 402 426 ’737

371 472 592 546 Νεκρός
623 473 682 527 οὑ
717 470 1103 542 στεφανοῦται.
1135 468 1324 534 Οὐδεὶς
1351 467 1558 531 δίκαιος
1588 466 1656 520 δι’
1692 465 1890 518 ἁδυνα-
1921 463 1966 519 Α

296 570 434 640 μίαν
443 563 659 625 αακοῦ.

371 663 465 716 Δεῖ
509 656 603 714 οὖν
671 658 764 711 τὸν
807 657 931 712 νοῦν
974 656 1164 724 ὥσπερ
1212 654 1335 708 τινὰ
1386 653 1728 724 κυϐερνήτην
1781 649 1894 704 ἄνω

293 756 611 826 καθήμενον
645 751 758 804 τῶν
788 750 1000 813 παθών,
1031 750 1127 803 καὶ
1153 747 1316 802 οίονεὶ
1356 746 1530 816 πλοίῳ
1559 745 1659 814 τῆς
1691 745 1895 814 σαρκὸς

296 848 600 903 ἐπιϐάντα·
629 846 726 898 καὶ
767 843 1049 914 ἐμπείρως
1075 843 1203 906 τοὺς
1230 841 1524 912 λογισμοὺς
1555 837 1746 906 ὥσπερ
1779 836 1895 888 οίά-

297 959 408 1006 κας
449 939 925 1010 περιστρέφοντα,
971 938 1310 988 καταπατεῖν
1362 933 1625 1003 γενναίως
1679 931 1748 984 τὰ
1805 927 1896 981 κὺ-

305 1046 492 1102 ματα·
531 1027 869 1098 ὑψηλότερον
913 1025 970 1078 δὲ
1021 1024 1347 1094 διαμένοντα
1395 1023 1489 1076 καὶ
1533 1021 1894 1088 δυσπρόσιτον

299 1118 432 1172 ὖντα
461 1118 572 1179 τοῖς
600 1114 852 1187 πάθεσιν,
885 1111 1140 1184 μηδαμοῦ
1180 1113 1276 1182 τῆς
1307 1113 1402 1165 ἀπ’
1434 1110 1614 1165 αὑτῶν
1645 1108 1890 1178 πικρίας,

297 1208 493 1278 ὥσπερ
526 1207 713 1278 ἅλμης
741 1204 912 1269 τινὸς,
951 1203 1431 1273 ἀναπίμπλασθαι.

381 1491 708 1562 Θεολόῃυυ.
747 1518 814 1530 -
856 1489 1110 1542 Σύνοικον
1158 1485 1317 1557 αἱροῦ
1369 1485 1491 1556 μηδ’
1526 1483 1756 1553 ἀδελφὺν
1796 1485 1896 1554 ῥᾳ-

292 1584 454 1649 δίως.
522 1653 532 1661 .

383 1677 761 1746 ’Υπέκκαυμα
783 1673 892 1744 γὰρ
916 1672 1018 1741 τῆς
1055 1672 1212 1724 νόσου
1248 1670 1298 1722 τί
1328 1669 1412 1722 δεῖ
1436 1669 1681 1738 βλέπειν;

373 1855 649 1928 Κρεῖσσον
683 1851 927 1923 κατηφὲς
955 1846 1109 1922 ἦθος,
1136 1849 1169 1920 ἢ
1204 1848 1602 1919 τεθρυμμένον.

377 2031 567 2102 Μύρον
600 2030 806 2100 δοχεῖον
842 2027 1049 2097 σαπρὸν
1079 2027 1140 2080 ού
1178 2025 1514 2079 πιστεύεται.

382 2123 521 2178 Οὔτε
547 2121 676 2191 φλὸξ
704 2123 856 2191 μένει
882 2120 980 2190 τῆς
1005 2118 1136 2188 ’ὑλης
1160 2117 1572 2187 δαπανηθείσης
1591 2157 1605 2180 ,
1655 2113 1790 2168 ἀλλὰ
1825 2111 1903 2183 τῷ

303 2214 602 2270 ἀνάπτοντι
651 2204 1092 2282 συναπέρχεταιέ
1147 2209 1272 2263 οὔτε
1323 2209 1584 2278 λογισμὸς
1647 2203 1902 2276 ἐμπαθὴς

303 2307 600 2378 ὑφίσταται
632 2304 1036 2376 μαραινομένου
1075 2303 1168 2355 τοῦ
1203 2300 1652 2372 ὑπεκκαύματος.

388 2481 703 2554 Ὀφθαλμδς
747 2479 1027 2550 πορνεύων
1061 2480 1122 2532 οὑ
1155 2479 1422 2548 φυλάσσει
1453 2477 1552 2548 τὴν
1582 2466 1912 2548 παρθενίαν.’

297 2575 534 2628 Γλώσσα
587 2572 932 2642 πορνεύουσα
989 2569 1067 2640 τῷ
1105 2568 1328 2640 πονηρῷ
1395 2569 1675 2638 μίγνυται.
1739 2565 1907 2628 Πόδες

302 2667 524 2722 ἄτακτα
574 2666 852 2736 βαίνοντες
899 2663 1258 2719 ἐκκαλοῦνται
1292 2661 1448 2714 νόσον
1480 2661 1512 2732 ἢ
1547 2659 1797 2712 κίνδυνον
1828 2657 1907 2726 τῷ

301 2757 409 2828 νῷ.
444 2756 838 2828 Παρθενευέτω
867 2755 964 2809 καὶ
1010 2757 1044 2828 ἡ
1090 2755 1327 2808 διάνοια’
1365 2753 1440 2824 μὴ
1473 2749 1761 2822 ρεμὸἐσθω
1811 2750 1908 2802 καὶ

301 2849 631 2905 πλανάσθω.
687 2847 779 2919 Μὴ
831 2847 1034 2910 τύπους
1075 2848 1132 2899 ὲν
1185 2847 1354 2915 ἑαυτῇ
1387 2844 1601 2913 φερέτω
1649 2839 1905 2912 πονηρῶν

304 2943 682 3015 πραγμάτων.
723 2941 831 2993 Καὶ
864 2942 892 2993 ὁ
924 2939 1114 3003 τύπος,
1151 2939 1318 3008 μέρος
1354 2938 1612 3008 πορνείας
1644 2935 1781 2989 ἐστί.
1812 2934 1904 3006 Μὴ

302 3033 729 3089 είδωλοποιείτω
766 3034 832 3102 τῇ
862 3033 1011 3102 ψυχῇ
1042 3029 1109 3084 τὰ
1143 3030 1470 3101 μισούμενα.

385 3212 688 3282 Χρυσοσέ.
729 3243 796 3253 -—
829 3210 1034 3281 Χλεύη,
1062 3209 1132 3262 τὰ
1181 3207 1282 3278 μὲν
1307 3211 1404 3280 τῆς
1435 3207 1782 3270 παιδοποιίας
1813 3207 1904 3277 ὅρ-

295 3321 456 3376 γανα
481 3307 668 3376 τηρεῖν
699 3302 968 3372 παρθένα,
1008 3302 1104 3374 τὴν
1129 3301 1185 3354 δὲ
1226 3301 1480 3369 γλῶσσαν
1513 3301 1588 3372 μὴ
1613 3304 1801 3372 τηρεῖν
1820 3315 1834 3329 ·
1867 3298 1901 3370 ἢ

293 3397 408 3468 τὴν
439 3395 693 3464 γλῶσσαν
732 3395 830 3464 μὲν
858 3397 1067 3463 τηρεῖν,
1099 3393 1200 3464 τὴν
1227 3393 1289 3446 δὲ
1315 3393 1508 3464 ὅρασιν
1543 3393 1576 3464 ἢ
1603 3393 1702 3462 τὴν
1731 3391 1903 3464 ἀκοὴν

293 3489 340 3559 ἢ
376 3489 478 3552 τὰς
509 3488 697 3558 χεῖρας
726 3471 802 3556 [ii]
826 3489 1014 3555 τηρεῖν
1035 3502 1050 3517 ⁸
1082 3485 1115 3554 ἢ
1151 3484 1324 3538 ταῦτα
1359 3485 1456 3555 μὲν
1488 3483 1632 3554 ἔχειν
1683 3485 1776 3537 καὶ
1807 3499 1904 3553 τη-

295 3582 428 3654 ρεῖν
465 3578 732 3649 παρθένα,
761 3579 858 3650 τὴν
887 3577 944 3631 δὲ
985 3578 1214 3649 καρδίαν
1248 3579 1322 3648 μὴ
1357 3580 1564 3649 τηρεῖν,
1593 3577 1710 3631 ἀλλ’
1750 3579 1901 3632 ἐται-

300 3665 558 3738 ρίζεσθαι
589 3667 746 3737 τύφῳ
783 3667 875 3720 καὶ
902 3666 1080 3738 θυμῷ.

379 3849 474 3920 Μὴ
525 3849 1037 3920 καταμαλάττωμεν
1069 3852 1229 3922 ἡμῶν
1283 3853 1380 3923 τὴν
1411 3852 1590 3922 ἰσχὺν,
1643 3853 1777 3923 μηδὲ
1812 3854 1904 3907 ἐκ·

293 3943 605 4012 κόπτωμεν
633 3942 704 3996 τὰ
735 3942 905 4013 νεῦρα
933 3945 1056 4006 ταῖς
1083 3944 1322 4013 ὁμιλίαις
1358 3946 1603 4008 ταᾷ-ταις.
1656 3947 1764 3998 Καὶ
1791 3945 1901 4014 γὰρ

297 4033 523 4099 ἅφατος
551 4032 647 4086 καὶ
679 4031 848 4104 πολλὴ
878 4039 997 4096 ταῖς
1033 4034 1233 4104 ψυχαῖς
1261 4037 1418 4106 ἡμῶν
1449 4036 1699 4090 ἐντεῦθεν
1731 4039 1904 4108 εἰσρεῖ

297 4123 504 4178 κακία.
549 4123 613 4176 Τί
643 4125 772 4195 γὰρ,
824 4127 874 4176 εἰ
923 4127 1016 4178 καὶ
1067 4127 1145 4197 μὴ
1194 4125 1603 4196 αίσθανώμεθα,
1633 4130 1698 4199 τῇ
1747 4129 1902 4198 φιλίᾳ

298 4215 606 4287 μεθύοντες
629 4232 644 4279 ;
669 4215 842 4270 Τοῦτο
873 4219 981 4288 γὰρ
1013 4218 1146 4271 αὑτὸ
1178 4219 1398 4272 πάντων
1429 4220 1544 4272 ἐστὶ
1574 4219 1898 4284 δεινότατον,

289 4310 391 4363 ὅτι
422 4309 546 4362 οὑδὲ
583 4309 740 4378 ἴσμεν
777 4311 926 4373 ὃπως
957 4312 1402 4382 ἐκνευριζόμεθα,
1440 4312 1534 4364 καὶ
1561 4312 1734 4382 κηροῦ
1767 4329 1898 4365 παν-

291 4400 398 4463 τὸς
429 4399 697 4470 γινόμεθα
719 4399 1119 4472 μαλακώτεροι.
1152 4403 1418 4472 Καθάπερ
1459 4403 1566 4473 γάρ
1600 4420 1684 4464 τις
1713 4401 1901 4455 λέοντα

1622 353 1793 416 LOCI
1832 344 2274 409 COMMUNES.
2497 346 2522 358 "

3479 341 3593 406 733

2067 458 2324 513 Mortuus
2355 472 2559 512 corona
2609 472 2720 511 non
2760 455 3023 510 donatur.
3076 455 3250 510 .\'emo
3297 454 3481 527 justus
3520 469 3594 527 eo

1996 549 2220 604 nomine
2269 549 2418 619 quod
2455 549 2661 604 malum
2691 547 2874 602 facere
2910 563 3022 601 non
3068 554 3271 616 potest.

2067 641 2307 696 Mentem
2353 639 2534 711 igitur
2581 639 2765 703 decet,
2797 637 2950 692 velut
2980 635 3278 707 quemdam
3313 635 3592 707 guberna-

1997 741 2198 796 torem,
2241 733 2353 786 alte
2407 730 2579 785 animi
2635 727 3153 800 perturbationibus
3189 742 3255 780 ac
3302 726 3593 780 aﬂ'eclibus

1995 824 2368 894 superiorem,
2411 823 2677 892 vclutque
2731 821 3012 888 navigium
3061 833 3285 874 carnem
3324 832 3593 872 conscen-

1996 918 2243 982 dentem,
2291 915 2770 987 cogitationesque
2817 930 2882 969 ac
2925 926 3172 968 rationes
3196 911 3352 965 velut
3391 909 3595 979 guber-

1996 1012 2194 1065 nacula
2228 1009 2436 1064 dextre
2467 1008 2874 1070 moderantem,
2925 1005 3126 1060 ﬂuctus
3181 1016 3450 1073 generose
3484 999 3598 1055 cal-

1997 1117 2158 1169 care;
2197 1101 2507 1170 altioreque
2539 1100 2670 1154 sede
2694 1097 3084 1163 constitutam,
3117 1095 3400 1163 nullisque
3433 1091 3597 1147 facile

1996 1193 2519 1266 perturbationibus
2566 1207 2868 1256 accessam,
2911 1190 3063 1244 nulla
3107 1181 3302 1243 ab'eis
3333 1185 3598 1240 amaritu-

1997 1287 2149 1350 dine,
2190 1294 2454 1354 tanquam
2513 1282 2810 1354 salsuginis
2857 1281 3094 1352 quadam
3146 1277 3350 1348 repleri
3401 1291 3598 1346 asper-

1998 1380 2145 1450 gine.
2190 1372 2195 1378 ’
3465 1429 3470 1436 ,

2075 1471 2340 1542 Theologi.
2373 1499 2440 1509 -—
2464 1467 2940 1524 Contubernalem
2977 1464 3075 1549 tibi
3109 1479 3178 1518 ne
3225 1460 3452 1533 quidem
3489 1458 3600 1514 fra-

1937 1566 1940 1570 ’
2000 1575 2141 1620 trem
2177 1563 2337 1617 facile
2384 1562 2616 1630 deligas.

1993 1682 1997 1686 -
2071 1656 2350 1722 Quorsum
2407 1653 2556 1708 enim
2619 1649 2970 1722 mgritudinis
3034 1648 3343 1702 fetulentum
3403 1643 3596 1699 videre

2001 1751 2242 1806 attinet?

2073 1841 2271 1895 Melius
2334 1849 2419 1894 est
2480 1826 3147 1908 ingenium'morosum,
3204 1845 3369 1901 quam
3424 1828 3598 1883 fracta

2005 1935 2290 1990 mollities.
2369 1967 2386 1980 .

2078 2024 2237 2094 537
2265 2022 2496 2077 Putrido
2535 2021 2652 2076 vasi
2686 2036 2796 2074 non
2824 2017 3194 2074 committitur
3229 2024 3594 2085 unguentum.

2077 2097 2270 2185 Neque
2301 2115 2520 2168 ﬂamma
2560 2121 2850 2184 permanet
2889 2119 3169 2179 assumpta
3188 2109 3464 2174 materia;
3503 2107 3600 2160 sed

2005 2226 2132 2266 cum
2169 2226 2236 2264 eo
2270 2207 2519 2262 abscedit
2563 2205 2712 2276 quod
2757 2202 3130 2266 accendebat;
3174 2216 3277 2255 nec
3302 2199 3598 2254 libidinosa

2005 2302 2259 2358 consistit
2287 2299 2570 2370 cogitatio,
2595 2304 3012 2353 emarcescente
3031 2305 3198 2364 atque
3219 2294 3446 2356 extrito,
3466 2291 3601 2361 quid

2007 2391 2088 2446 illi
2119 2393 2364 2444 fomento
2397 2397 2538 2459 erat.

2077 2478 2178 2545 Qui
2207 2478 2584 2532 exfornicatur
2608 2476 2822 2537 oculus,
2843 2474 3224 2545 virginitatem
3250 2489 3362 2527 non
3393 2480 3599 2528 servat.

2006 2570 2139 2638 Quae
2167 2578 2562 2638 constupratur
2593 2569 2810 2638 lingua,
2855 2583 2980 2621 cum
3013 2567 3160 2621 malo
3184 2565 3467 2620 miscetur.
3512 2562 3602 2616 ιιι-

2006 2661 2353 2731 compositus
2379 2661 2580 2730 pedum
2617 2661 2888 2723 incessus,
2915 2658 3170 2712 morbum
3195 2655 3383 2710 animo
3417 2669 3604 2709 arces-

2008 2750 2082 2805 sit
2125 2761 2221 2804 aut
2253 2750 2583 2819 periculum.
2645 2748 2806 2802 Casta
2849 2749 2932 2802 sit
2961 2762 3025 2800 ac
3075 2747 3230 2815 virgo
3275 2745 3392 2814 ipsa
3427 2743 3601 2798 animi

2008 2837 2272 2907 Cogitatio
2304 2853 2316 2888 :
2358 2828 2471 2890 non
2530 2837 2601 2890 sit
2655 2853 2789 2905 vaga
2821 2851 2886 2890 ac
2929 2835 3267 2890 errabunda.
3304 2834 3382 2888 Ne
3410 2850 3600 2891 rerum

2009 2932 2280 2983 malarum
2307 2929 2513 2982 formas
2563 2928 2619 2982 in
2647 2945 2704 2982 se
2733 2937 3018 2996 congerat.
3076 2927 3172 2982 Est
3203 2935 3260 2982 ct
3291 2926 3465 2980 forma
3498 2923 3602 2979 ob-

2003 3026 2260 3097 iectaque
2314 3023 2550 3092 species,
2605 3023 2962 3078 scortationis
3030 3039 3174 3092 pars.
3248 3023 3326 3076 Ne
3384 3035 3602 3086 eorum,

1935 3140 1979 3196 ο
2011 3134 2136 3187 qum
2181 3116 2313 3171 odio
2346 3116 2649 3178 habentur,
2697 3117 3026 3185 elliugantur
3059 3113 3246 3169 animo
3285 3114 3602 3168 simulacra.

2087 3208 2356 3279 Clirysost.
2417 3239 2485 3247 —
2539 3209 2854 3261 Ridiculum
2908 3216 2994 3261 est
3065 3209 3337 3278 genitales
3379 3208 3604 3278 quidem

2013 3301 2266 3372 corporis
2297 3310 2484 3369 partes
2514 3309 2692 3354 castas
2721 3315 2965 3364 scrvare,
2992 3299 3236 3370 linguam
3267 3316 3401 3355 vero
3427 3296 3605 3370 neglf-
3694 3335 3702 3341 -

2013 3409 2180 3464 gere:
2210 3404 2305 3448 aut
2335 3394 2578 3464 linguam
2627 3393 2852 3462 quidem
2909 3408 3134 3448 servare
3167 3409 3386 3462 puram,
3427 3394 3607 3448 visum

2012 3503 2147 3542 vero
2180 3486 2265 3539 vel
2299 3484 2550 3539 auditum
2581 3492 2676 3538 aut
2702 3493 2895 3538 manus
2926 3500 3035 3537 non
3081 3499 3334 3547 scrvare;
3359 3491 3457 3538 aut
3490 3484 3609 3539 haec

2011 3580 2239 3650 quidem
2292 3578 2496 3632 habere
2541 3592 2606 3631 ac
2643 3592 2868 3630 scrvare
2911 3592 3069 3646 pura,
3109 3591 3205 3630 cor
3255 3584 3439 3630 autem
3491 3591 3604 3630 non

2013 3683 2258 3736 scrvare,
2279 3669 2374 3724 sed
2399 3683 2570 3740 prope
2593 3669 2919 3722 scortationi
2947 3679 3074 3738 typo
3097 3668 3372 3738 superbia:
3397 3669 3606 3739 iraeque

2015 3753 2327 3833 indulgere.

2083 3855 2163 3910 Ne
2200 3854 2370 3924 igitur
2393 3853 2543 3907 vires
2569 3861 2792 3906 nostras
2813 3851 3338 3917 emolliamus,neve
3357 3853 3445 3908 bis
3475 3869 3608 3908 con-

2010 3946 2294 4016 gressibus
2345 3960 2445 3998 nos
2479 3945 2630 4014 ipsos
2672 3957 3026 3997 enervemus.
3072 3942 3303 3998 Multum
3341 3943 3512 4008 enim,
3547 3951 3606 3997 et

2009 4044 2275 4106 quantum
2291 4035 2378 4088 vix
2397 4032 2583 4088 verbis
2597 4031 2827 4100 exprimi
2844 4030 3390 4099 potest,bincauimis
3403 4031 3608 4087 nostris

2009 4127 2127 4182 vitii
2147 4127 2326 4181 inﬂuit
2341 4143 2406 4179 ac
2420 4125 2730 4196 pravitatis.
2749 4122 2890 4189 Quid
2905 4126 3077 4188 enim,
3097 4123 3200 4178 etsi
3213 4139 3324 4178 non
3337 4124 3608 4177 sentimus

2009 4237 2120 4292 prae
2134 4219 2376 4275 amicitia
2390 4219 2530 4272 ebrii
2549 4217 2571 4270 ?
2588 4207 2702 4271 ll-oc
2718 4217 2866 4270 enim
2887 4215 3066 4284 ipsum
3085 4215 3244 4285 longe
3263 4214 3606 4284 estgravissio

2009 4304 2182 4374 mum,
2205 4313 2350 4382 quod
2376 4328 2477 4365 nec
2493 4311 2700 4365 scimus
2713 4310 2938 4380 quidem
2961 4307 3428 4378 quemadmodum
3449 4322 3606 4360 ener-

2007 4420 2222 4469 vemur,
2271 4403 2534 4473 omnique
2569 4419 2694 4458 mra
2730 4401 3011 4456 molliores
3049 4400 3366 4455 reddamur.
3395 4399 3606 4464 Quem-

294 4491 517 4561 γαῦρον
567 4493 663 4545 καὶ
719 4491 981 4562 βλοσυρὸν
1035 4491 1237 4558 λαϐὼν,
1295 4492 1412 4548 εἶτα
1445 4495 1752 4566 ἀποκείρας
1800 4488 1903 4564 μὲν

2005 4496 2301 4551 admodum
2325 4495 2472 4548 enim
2493 4495 2536 4550 si
2565 4493 2691 4563 quis
2717 4491 3018 4562 superbum
3049 4489 3601 4561 trucemqueleoncm

294 4584 410 4652 τὴν
465 4584 666 4652 κόμην,
703 4582 908 4638 ἀνελὼν
956 4585 1014 4637 δὲ
1044 4586 1170 4648 τοὺς
1202 4585 1440 4650 ὀδόντας,
1491 4586 1585 4639 καὶ
1635 4585 1902 4659 περιελὼν

295 4673 440 4736 τοὺς
467 4672 688 4744 ὄνυχας,
734 4673 962 4746 αἰσχρὸν
1008 4678 1154 4728 ποιεῖ
1195 4677 1290 4729 καὶ
1339 4678 1768 4744 καταγέλαστον,
1807 4679 1903 4732 καὶ

297 4765 545 4829 παιδίοις
577 4766 1073 4836 εὐκαταγώνιστον,
1105 4768 1196 4822 τὸν
1221 4771 1452 4840 φοϐερὸν
1480 4772 1570 4824 καὶ
1605 4772 1900 4842 ἀφόρητον,

297 4857 411 4912 καὶ
446 4857 555 4911 ἀπὸ
605 4859 768 4929 μόνου
802 4857 897 4912 τοῦ
948 4860 1300 4932 βρυχήματος
1336 4861 1406 4914 τὰ
1436 4861 1614 4916 πάντα
1662 4861 1899 4916 σείοντα·

299 4947 457 5002 οὕτω
495 4948 559 5020 δὴ
592 4951 689 5004 καὶ
721 4944 903 5016 αὗται,
953 4951 1161 5010 πάντας
1191 4951 1350 5018 ὅσους
1387 4953 1481 5006 ἐὰν
1513 4953 1774 5018 λάϐωσιν,
1807 4955 1898 5007 εὑ-

299 5038 610 5111 χειρὼτους
642 5039 720 5112 τῷ
749 5041 984 5112 διαϐόλῳ
1013 5040 1229 5095 ποιοῦσι
1253 5060 1266 5073 '
1303 5043 1746 5115 μαλακωτέρους,
1775 5045 1901 5115 θερ-

307 5133 600 5204 μοτέρους,
630 5133 1042 5204 ἀναισχύντους,
1077 5135 1359 5207 ἀνοήτους,
1389 5137 1737 5208 ἀκροχόλους,
1765 5137 1899 5208 θρα-

211 5230 218 5237 ’
304 5228 450 5289 σείς,
504 5227 791 5299 ἀκαίρους,
841 5229 1127 5296 ἀγεννεῖς,
1179 5230 1432 5298 ἀπηνεῖς,
1482 5229 1896 5301 δουλοπρεπεῖς,

301 5318 722 5388 ἀνελευθέρους,
757 5319 1006 5389 ἰταμοὺς,
1041 5319 1345 5390 φλυάρους·
1385 5321 1477 5374 καὶ
1509 5321 1696 5385 ἁπλῶς
1722 5323 1903 5378 πάντα

299 5411 380 5466 τὰ
415 5414 702 5480 γυναικεῖα
745 5411 893 5483 πάθη
943 5411 1012 5466 τὰ
1063 5411 1440 5485 διεφθαρμένα
1475 5413 1763 5485 φέρουσαι,
1821 5417 1902 5478 εἰς

299 5505 410 5576 τὴν
447 5506 657 5560 τούτων
705 5505 1403 5576 ἐναπομάττονταιψυχήν.
1447 5507 1758 5577 Ἀμήχανον
1791 5507 1900 5578 γὰρ
1944 5527 1950 5531 ·

303 5598 406 5652 τδν
434 5599 656 5666 γυναικὶ
677 5599 1031 5652 συνοικοῦντα
1063 5599 1204 5668 μετὰ
1231 5597 1576 5668 συμπαθείας
1603 5600 1896 5670 τοσαύτης,

300 5688 412 5744 καὶ
441 5692 564 5756 ταῖς
595 5692 822 5744 ἐκείνων
855 5692 1286 5763 ὲνστρεφόμενον
1315 5693 1576 5763 ὁμιλίαις,
1613 5694 1688 5763 μὴ
1730 5695 1902 5766 ἀγύρο

295 5801 411 5858 την
443 5787 565 5841 τινὰ
613 5783 776 5851 εἶναι,
821 5789 916 5841 καὶ
947 5789 1207 5857 ἀγοραῖον
1253 5787 1347 5842 καὶ
1389 5786 1732 5860 συρφετώδη.
1780 5788 1900 5842 Κᾶν

2013 4583 2246 4660 ceperit,
2277 4600 2510 4656 tumque
2541 4586 2772 4640 detonsa
2802 4585 2958 4656 juba,
3001 4583 3052 4638 ei
3085 4582 3280 4637 dentes
3295 4582 3606 4636 excusserit

2013 4696 2334 4753 unguesque
2352 4679 2637 4744 evulserit,
2661 4677 2967 4733 deformem
2981 4691 3107 4730 eum
3126 4691 3191 4730 ac
3206 4673 3602 4736 deridiculum,

2011 4773 2259 4844 ipsisque
2286 4769 2476 4840 pueris
2506 4770 2670 4824 facile
2695 4767 3122 4839 expugnabilem
3143 4765 3346 4829 reddit,
3371 4765 3464 4835 qui
3497 4774 3608 4819 ter-

2010 4862 2193 4918 ribilis
2223 4877 2287 4917 ac
2317 4860 2684 4916 intolerabilis
2711 4867 2879 4924 esset,
2911 4860 3143 4930 soloque
3186 4858 3371 4929 rugitu
3407 4865 3607 4914 cuncta

2009 4963 2286 5026 quateret.
2319 4953 2411 5010 Sic
2432 4963 2490 5010 et
2516 4953 2655 5017 istae,
2681 4968 3048 5024 quoscunque
3077 4952 3351 5021 ceperint,
3381 4949 3607 5004 diabolo

2013 5046 2304 5101 dedititios
2353 5044 2570 5100 faciunt
2599 5061 2664 5100 ac
2693 5045 2996 5110 obnoxios;
3017 5045 3317 5108 molliores,
3337 5045 3605 5099 calentia-

2014 5154 2125 5203 res,
2145 5137 2517 5208 impudentes,
2541 5137 2854 5202 dementes,
2881 5147 3142 5192 extrema:
3171 5137 3299 5193 bilis
3329 5136 3601 5199 homines,

2012 5231 2270 5294 audaces,
2308 5231 2684 5302 importunus,
2716 5231 2968 5302 ignavos,
3003 5230 3264 5291 immites,
3294 5229 3482 5284 servili
3516 5229 3600 5281 in-

2009 5326 2196 5396 genio,
2233 5325 2551 5389 illiberalcs,
2600 5340 2886 5395 procaces,
2941 5339 3186 5394 nugaces
3218 5337 3604 5392 :prorsusque

2011 5417 2314 5473 muliebres
2347 5407 2541 5472 omnes
2580 5417 2814 5471 aﬂ‘ectus
2842 5415 3164 5480 aﬂ'erentes,
3197 5415 3430 5468 istorum
3480 5412 3598 5468 ani-

2011 5511 2117 5566 mis
2138 5510 2486 5582 imprimunt.
2513 5509 2658 5563 Fieri
2682 5509 2831 5582 enim
2860 5523 2970 5562 non
3005 5517 3208 5578 potest,
3242 5515 3300 5561 ut
3341 5522 3434 5576 qui
3476 5523 3601 5563 cum

2011 5603 2345 5658 mulieribus
2399 5609 2550 5656 tanta
2603 5579 2822 5654 moruin
2881 5599 3295 5670 aﬂ'ectuumque
3345 5613 3605 5654 versatur

2012 5694 2445 5758 necessitudine,
2470 5694 2803 5762 illarumque
2818 5693 3209 5762 congressibus
3230 5709 3293 5748 ac
3315 5692 3607 5764 colloquiis

2014 5789 2213 5852 utitur,
2266 5801 2378 5840 non
2419 5788 2490 5840 sit
2520 5785 2826 5842 circulator
2867 5785 3092 5857 quidam
3143 5794 3200 5842 et
3253 5785 3611 5842 circumfora-
