4094 6418
575 348 680 412 739

1725 349 1786 408 s.
1819 315 2112 440 .liIAXIMI
2152 331 2677 415 CONFESSORIS'

3747 366 3848 431 740

575 475 716 516 nens
732 461 967 531 vilisque
995 475 1026 516 e
1057 461 1216 516 turba
1241 459 1636 515 homunculus.
1667 459 1935 516 Nam-etsi
1963 462 2158 531 loqua-

2261 467 2372 537 γάρ
2407 465 2714 538 φθέγγηται
2757 485 2830 535 τι,
2877 469 3054 523 πάντα
3107 469 3214 524 ἀπὸ
3246 470 3355 524 τῶν
3397 470 3570 525 ἱστῶν
3614 472 3714 527 καὶ
3743 476 3848 530 τῶν

577 563 688 617 tur,
717 554 856 607 nihil
913 553 1021 607 nisi
1082 553 1152 606 de
1199 553 1327 607 telis
1376 553 1626 620 lanisque
1663 553 1945 621 loquetur,
2005 553 2154 622 quod

573 646 876 702 verborum
917 647 1082 718 538
1126 647 1483 702 muliebrium
1517 647 1656 701 fucis
1716 649 1870 702 velut
1927 649 2155 703 tinctam

574 738 953 810 infectumque
979 741 1223 808 linguam
1260 741 1431 795 habet
1485 756 1498 793 :
1544 741 1660 796 sive
1719 739 1886 796 faciat
1919 741 2154 810 aliquid,

575 831 856 884 serviliter
889 831 1186 885 admodum
1213 832 1265 886 id
1292 831 1442 894 facit,
1473 847 1640 900 quam
1691 833 1884 901 procul
1915 849 1945 887 a
1996 832 2159 888 Chri-

575 920 753 974 stiana
791 921 1098 977 abscedens
1138 923 1504 992 ingenuitate,
1567 938 1670 978 nec
1710 924 1780 977 ad
1835 926 2000 978 ullam
2039 941 2161 978 ma-

576 1027 812 1080 gnorum
845 1017 1141 1068 munerum
1170 1021 1337 1082 atque
1361 1014 1634 1067 virtutum
1657 1012 2002 1070 iunctionem
2053 1016 2163 1070 uti-

576 1099 664 1152 lis.
1691 1151 1696 1157 .

648 1190 804 1260 Greg.
856 1191 1014 1262 Nysa.
1064 1222 1134 1233 —
1181 1194 1450 1248 Dominus
1483 1193 1676 1250 beatos
1713 1194 1998 1264 praedicat,
2046 1211 2159 1249 non

575 1279 672 1348 qui
713 1289 868 1335 extra
938 1297 1161 1336 omnem
1231 1283 1706 1352 perturbationem
1775 1285 1970 1348 vivunt
2027 1283 2161 1355 (non

576 1371 725 1424 enim
751 1371 868 1425 ﬁeri
897 1381 1100 1441 potest,
1129 1383 1190 1427 ut
1214 1373 1268 1426 in
1297 1375 1505 1430 carnali
1539 1376 1653 1429 vita
1677 1390 1742 1428 ac
1780 1384 2017 1438 terrena,
2045 1376 2162 1445 spi-

577 1458 796 1515 ritalem
837 1463 1065 1517 omnino
1127 1463 1407 1530 nullisque
1472 1463 1768 1518 obnoxiam
1819 1479 1886 1518 ac
1930 1478 2161 1519 summae

578 1552 1000 1622 tranquillitatis
1025 1555 1193 1608 vitam
1225 1553 1500 1624 agamus),
1531 1555 1626 1609 sed
1649 1555 1745 1624 qui
1774 1555 1841 1610 ad
1875 1556 2161 1610 naturales

576 1647 946 1715 appetitiones
973 1654 1138 1716 atque
1168 1645 1400 1701 affectus
1430 1661 1573 1717 aagre
1603 1647 1865 1716 lentaque
1896 1660 2161 1701 movean-

578 1743 690 1790 tur.
1465 1745 1472 1754 ’

2261 554 2422 624 ἐρίων
2474 555 2785 624 φθέγξεται,
2819 557 2918 626 τῆς
2970 558 3216 631 γλώττης
3261 560 3424 614 αὑτοῦ
3471 564 3545 634 τῇ
3603 565 3847 636 ποιότητι

2260 645 2372 699 τῶν
2399 647 2727 714 γυναικείων
2766 649 3215 721 άναχρωσθείσης
3248 653 3517 722 ῥημάτων
3538 669 3554 684 ·
3591 653 3696 708 κᾶν
3726 661 3848 730 ποιῇ

2259 752 2335 798 τι,
2392 737 2530 806 μετά
2580 737 2779 809 πολλῆς
2833 740 2991 794 τοῦτο
3041 741 3334 813 ἐργάζεται
3389 743 3847 815 δουλοπρεπείας,

2262 831 2451 901 πόρρω
2479 832 2581 901 τῆς
2612 837 2725 896 τοῖς
2761 830 3113 904 Χριστιανοῖς
3154 837 3480 909 πρεπούσης
3533 839 3850 912 ἐλευθερίας

2260 922 2456 976 ἑαυτὸν
2485 925 2797 990 ἀποικίσας,
2831 929 2926 980 καὶ
2951 929 3073 981 οὐδὲ
3102 929 3238 998 πρὸς
3265 929 3417 983 οὐδὲν
3444 930 3560 985 τῶν
3599 932 3848 1002 μεγάλων

2262 1015 2702 1089 κατορθωμάτων
2733 1021 3025 1091 γενόμενος
3053 1023 3344 1094 χρήσιμος.

2333 1191 2518 1258 Γρηγ.
2565 1192 2840 1260 Νύσσης.
2871 1223 2939 1235 --
2969 1195 3282 1268 Μακαρίζει
3312 1199 3341 1250 6
3378 1197 3704 1269 Κύριοςνού
3730 1204 3848 1269 τοὺς

2263 1276 2370 1342 ἔξω
2395 1279 2601 1342 πάθους
2639 1281 2982 1350 βιοτεύοντας
3029 1287 3112 1357 (οὐ
3146 1288 3255 1358 γάρ
3290 1288 3522 1342 δυνατὸν
3555 1291 3614 1343 ἐν
3663 1291 3844 1347 ὑλώδει

2264 1369 2378 1441 ζωῇ
2426 1372 2517 1424 τὸν
2559 1373 2722 1426 ἀῦλον
2777 1375 3006 1430 καθόλου
3053 1379 3147 1431 καὶ
3199 1379 3386 1450 άπαθῆ
3427 1381 3844 1452 κατορθωθῆναι

2266 1461 2426 1529 βίον),
2464 1463 2600 1517 ἀλλὰ
2651 1467 2788 1536 πρὸς
2833 1468 2935 1530 τὰς
2983 1467 3084 1539 τῆς
3132 1469 3346 1538 φύσεως
3387 1470 3577 1542 ὁρμάς
3611 1471 3844 1544 βραδέως

2264 1552 2359 1606 καὶ
2387 1554 2722 1628 δυσκινήτως
2749 1559 2992 1629 ἔχοντας.
3597 1571 3604 1576 ’

644 1827 806 1883 Omni
833 1828 996 1898 plane
1025 1827 1159 1883 vitio
1181 1827 1340 1898 quasi
1366 1830 1491 1881 eSea
1516 1827 1764 1897 quadam
1782 1836 2036 1899 prostans
2059 1843 2158 1883 vo-

2335 1816 2526 1887 Πάσης
2556 1819 2732 1884 ὅντως
2760 1821 2960 1885 κακίας
2991 1817 3104 1877 οἷόν
3142 1841 3193 1878 τι
3221 1824 3417 1896 δέλεαρ
3449 1825 3486 1896 ἡ
3512 1823 3678 1899 ἡδονὴ
3713 1845 3837 1901 προ-
3869 1807 3880 1816 ’

575 1919 780 1989 luptas,
811 1919 1128 1989 cupidiores
1158 1920 1377 1975 animos
1413 1918 1467 1972 in
1499 1919 1832 1990 perditionis
1850 1919 2012 1976 lacile
2056 1920 2159 1974 ha-

575 2023 728 2064 mum
768 2009 958 2064 trahit.

645 2099 952 2156 Clementia.
986 2131 1059 2141 —
1086 2101 1376 2174 Virginum
1405 2102 1693 2172 corruptio
1718 2101 1986 2172 velutque
2037 2110 2159 2158 stu-

573 2192 756 2262 pratio
785 2191 1016 2259 dicitur,
1052 2192 1258 2248 nedum
1285 2193 1568 2258 scortatio,
1610 2209 1806 2249 verum
1860 2196 2026 2250 etiam
2059 2195 2161 2249 im-

575 2293 794 2340 matura
819 2294 980 2340 anate
1008 2285 1276 2352 elocatio;
1309 2301 1459 2348 cum,
1490 2293 1544 2340 ut
1578 2286 1651 2340 ita
1678 2285 1882 2347 dicam,
1930 2287 2018 2343 vel
2041 2287 2160 2357 ipsa

575 2393 607 2431 a
654 2392 735 2441 se,
782 2377 869 2432 vel
917 2392 948 2432 a
992 2376 1345 2448 parentibus,
1409 2377 1706 2432 immatura
1747 2379 1867 2432 viro
1915 2378 2157 2434 colloca-

575 2477 688 2521 tur.

647 2558 730 2613 Ex
758 2557 1032 2612 Patriam.
1071 2588 1142 2598 ——
1171 2557 1360 2613 Rebus
1378 2566 1618 2629 quatuor
1658 2559 1923 2614 scortatio
1953 2560 2159 2615 excita-

573 2658 695 2715 tur;
728 2647 837 2703 cibi
867 2656 1139 2718 potusque
1164 2648 1486 2716 saturitate;
1509 2647 1688 2706 somni
1721 2650 2012 2716 satietate;
2043 2649 2157 2704 otio

569 2749 629 2797 et
660 2742 785 2798 lusu
812 2741 1074 2810 inanique
1105 2741 1448 2811 garrulitate,
1509 2755 1576 2796 ac
1607 2740 1890 2812 superﬂuo
1918 2742 2155 2797 vestium

571 2843 793 2888 ornatu.
1803 2841 1808 2847 ’

644 3005 777 3060 Nili.
815 3035 886 3046 -—
921 3006 1166 3062 Remove
1188 3021 1219 3060 a
1249 3005 1484 3076 conjuge
1515 3013 1606 3059 tua
1642 3002 1963 3058 eunuchum
2003 3001 2154 3058 Sma-

571 3099 833 3171 ragdum;
853 3115 980 3154 nam
1000 3099 1104 3154 etsi
1129 3097 1362 3168 geminis
1383 3097 1621 3152 testibus
1643 3094 1878 3150 inferius
1899 3103 2156 3149 exsectus

571 3193 814 3256 videtur,
871 3191 1039 3246 habet
1086 3199 1270 3244 tamen
1317 3188 1509 3242 nescio
1564 3187 1844 3256 quomodo
1903 3187 2157 3256 geminos

573 3285 630 3339 in
661 3285 802 3339 facie
831 3284 1042 3350 oculos,
1075 3283 1172 3352 qui
1205 3280 1505 3336 libidinose
1541 3279 1861 3348 inspiciant,
1906 3279 2158 3348 malaque

569 3377 682 3453 jam
717 3376 1036 3431 testimonia
1073 3389 1138 3429 ac
1168 3379 1418 3428 rtu‘nores
1443 3373 1741 3427 asciscant.

643 3467 857 3540 Cyrilli.
901 3499 954 3508 —-
989 3467 1144 3523 Fumi
1171 3467 1368 3530 instar,
1399 3465 1688 3520 autetiam
1716 3463 1886 3519 veluti
1923 3477 2158 3532 vapores

573 3563 822 3634 quidam,
877 3559 1172 3616 insitarum
1233 3560 1291 3614 in
1341 3559 1504 3613 nobis
1556 3558 1907 3626 voluptatum
1969 3557 2158 3626 vigent

572 3654 872 3723 appetitus.
935 3651 1045 3706 Sed
1092 3651 1188 3720 qui
1247 3660 1565 3719 temperans
1624 3657 1790 3719 atque
1847 3648 2010 3704 fortis
2047 3657 2154 3712 est,

575 3752 758 3798 mutus
781 3743 1027 3806 cohibet,
1078 3758 1182 3797 nec
1229 3743 1467 3797 ulterius
1500 3740 1635 3794 sinit
1690 3738 1972 3809 progredi,
2026 3738 2160 3792 ειπε-

571 3845 837 3904 clumque
864 3833 1047 3888 adhuc
1095 3833 1428 3888 imbecillcm
1478 3832 1637 3886 facile
1685 3831 2024 3901 comprimit.
2053 3829 2158 3896 Qui

568 3933 762 3979 autem
817 3925 1000 3995 segnis
1043 3940 1108 3979 ac
1140 3925 1424 3995 negligens
1471 3933 1576 3988 est,
1627 3923 1875 3978 admittit
1931 3923 2158 3993 quidem

575 4015 976 4070 subnascentes
999 4015 1312 4086 voluptates
1343 4015 1496 4068 velut
1519 4004 1696 4069 nudas
1731 4014 1914 4069 adhuc
1956 4014 2162 4084 cogita-

577 4107 758 4162 tiones
784 4125 797 4160 :
830 4108 1158 4178 permittens
1193 4123 1324 4162 vero
1351 4108 1405 4162 in
1437 4108 1607 4162 latum
1635 4107 1920 4178 progredi,
1942 4122 2158 4162 summe

571 4199 826 4262 arduam,
855 4213 918 4252 ac
959 4213 1029 4252 ne
1062 4198 1154 4252 vix
1189 4197 1417 4268 quidem
1463 4197 1840 4263 eluctabilem,
1891 4198 2160 4252 resisten-

576 4289 705 4342 tiam
731 4289 996 4344 offendet.
1029 4289 1135 4354 Qui
1169 4289 1318 4343 enim
1343 4291 1454 4360 jam
1495 4289 1678 4344 victus
1723 4296 1809 4343 est
1830 4304 1895 4343 ac
1933 4303 2162 4358 supera-

575 4389 685 4446 tus,
710 4395 933 4434 suarum
967 4379 1178 4433 arbiter
1220 4380 1570 4434 voluntatum
1596 4394 1706 4432 non
1746 4386 1832 4432 est
1865 4378 2039 4448 :quin
2064 4393 2161 4449 po-

2267 1907 2549 1978 6).ηθεῖσα,
2604 1911 2841 1977 εὐκόλως
2886 1914 2986 1978 τάς
3045 1914 3359 1988 λιχνοτέρας
3413 1915 3602 1988 ψυχὰς
3660 1921 3752 1974 ἐπὶ
3785 1921 3839 1975 τδ

2264 1997 2563 2068 ἄγκιστρον
2590 1999 2689 2070 τῆς
2715 2001 2990 2068 ἀπωλείας
3017 2006 3328 2077 ἐφέλκεται.

2338 2091 2713 2161 Κλήμεντος.
2750 2124 2814 2136 -
2849 2098 3146 2170 Παρθένων
3176 2103 3354 2177 φθορά
3386 2105 3636 2176 λέγεται,
3668 2109 3729 2166 ού
3755 2113 3838 2184 μό

2264 2199 2355 2237 νον
2399 2187 2646 2256 πορνεία,
2691 2189 2828 2245 ἀλλὰ
2859 2191 2954 2244 καὶ
2989 2194 3020 2262 ή
3055 2192 3162 2265 πρὸ
3185 2195 3380 2266 καιροῦ
3409 2196 3630 2266 ἐκδοσις
3649 2216 3666 2232 ο
3695 2202 3832 2270 ὅταν,

2264 2273 2340 2338 ὡς
2370 2277 2569 2341 εἰπεῖν,
2600 2278 2780 2351 ἄωρος
2804 2280 2999 2354 ἐκδοθῇ
3015 2281 3093 2354 τῷ
3110 2283 3285 2358 ἀνδρὶ,
3310 2287 3432 2359 ἦτοι
3461 2289 3558 2360 ἀφ’
3579 2291 3831 2363 ιαυτῆς.ἢ

2264 2367 2419 2438 παρά
2445 2368 2552 2422 τῶν
2584 2370 2808 2440 γονέων.

2349 2547 2444 2600 Ἐκ
2472 2546 2592 2602 τῶν
2623 2549 2922 2619 Πατέρων.
2955 2581 3022 2592 --
3053 2553 3154 2607 Διὰ
3184 2553 3473 2627 τεσσάρων
3508 2555 3829 2628 πραγμάτων

2263 2637 2538 2710 ἐγείρεται
2584 2642 2618 2712 ἠ
2673 2642 2922 2714 πορνεία,
2973 2643 3038 2696 ἐκ
3068 2643 3163 2698 τοῦ
3204 2649 3402 2715 φαγεῖν
3449 2649 3548 2702 καὶ
3581 2651 3721 2703 πιεῖν
3759 2649 3826 2712 είς

2263 2728 2612 2800 πλησμονήν⁸
2647 2733 2740 2786 καὶ
2787 2733 2817 2786 ὁ
2859 2733 3024 2806 κόρος
3051 2734 3146 2789 τοῦ
3187 2735 3383 2802 ὕπνου,
3443 2738 3540 2791 καὶ⁵
3572 2737 3632 2793 τὸ
3659 2739 3825 2810 ἀργεῖν

2263 2819 2358 2872 καὶ
2381 2818 2599 2883 παίζειν
2629 2821 2723 2876 καὶ
2751 2821 3105 2893 ἀργολογεῖνο
3135 2824 3233 2878 καῖ
3259 2827 3288 2880 6
3315 2825 3705 2898 καλλωπισμὸς
3727 2826 3821 2882 τῶν

2264 2909 2516 2976 ἱματίων.
3827 2984 3837 2992 .

2332 3003 2572 3058 Νείλου.
2609 3034 2678 3045 —
2721 3003 3058 3078 Ἀπόστησον
3093 3007 3203 3064 ἀπὸ
3231 3009 3330 3079 τῆς
3363 3010 3599 3082 συμσίου
3631 3028 3718 3066 σου
3742 3010 3818 3064 τὸν

2265 3092 2519 3163 εὐνοῦχον
2556 3094 2876 3164 Σμάραγδον
2895 3112 2910 3128 ο
2940 3097 3044 3152 κᾶν
3077 3098 3404 3173 γάρ,δοκοίη
3429 3101 3542 3155 τῶν
3571 3101 3713 3157 κάτω
3748 3101 3817 3155 δι-

2185 3165 2226 3222 c
2257 3185 2444 3256 δύμων
2483 3186 2879 3258 ἐκτετμῆσθαι,
2907 3189 3021 3244 ἀλλ’
3051 3165 3300 3263 ἀνω-ἔχει
3360 3165 3420 3246 ὲν
3459 3194 3540 3266 τῷ
3571 3193 3816 3266 προσώπῳ

2261 3293 2379 3340 πως
2412 3278 2538 3340 τοὺς
2568 3278 2825 3349 διδύμους
2871 3281 3205 3352 ὀφθαλμοὺς,
3239 3284 3510 3351 ἐμπαθῶς
3541 3285 3814 3356 ἐμϐλέπον-

2256 3385 2378 3432 τας,
2411 3371 2504 3423 καὶ
2538 3371 2970 3442 ἐπισυρομένους
2996 3373 3094 3444 ἤδη
3131 3374 3726 3448 πονηρὰς-μαρτυρίας.

2329 3463 2657 3532 Κιφίλλου.
2687 3494 2760 3504 -
2791 3466 3018 3519 Καττνοῦ
3059 3466 3236 3536 δίκην,
3285 3467 3318 3538 ἢ
3365 3470 3460 3524 καὶ
3481 3469 3665 3540 ὥσπερ
3691 3465 3812 3529 τινὲς

2257 3555 2423 3625 ἀτμοὶ
2464 3555 2572 3610 τῶν
2620 3557 2880 3628 ἐμφύτων
2917 3557 3121 3630 ἡδονῶν
3171 3559 3492 3631 ἀνίσχουσιν
3520 3562 3576 3614 ὲν
3622 3561 3739 3631 ἡμῖν
3765 3560 3809 3611 at

2257 3648 2489 3721 ὀρέξεις.
2533 3650 2674 3703 Ἀλλ’
2701 3654 2728 3705 ὁ
2766 3653 2866 3722 μὲν
2897 3651 3132 3725 σώφρων
3161 3654 3256 3708 καὶ
3293 3653 3568 3719 νεανικὸς,
3615 3651 3810 3720 ἐπιτιμᾷ

2258 3743 2370 3804 τοῖς
2404 3741 2696 3812 κινήμασι,
2728 3743 2823 3795 καὶ
2863 3743 3179 3814 περαιτέρω
3210 3744 3498 3816 προελθεῖν
3529 3744 3628 3799 οὐκ

2259 3831 2357 3884 καὶ
2401 3833 2631 3903 ἀδρανὲς
2669 3832 2728 3887 δν
2757 3833 2837 3886 ἔτι
2866 3833 2932 3888 τὸ
2976 3835 3148 3900 πάθος
3175 3837 3408 3908 ἥττηται
3444 3837 3640 3910 ῥαδίως
3661 3851 3676 3868 ⁸
3713 3835 3740 3888 ὁ
3763 3833 3808 3886 δὲ

2263 3922 2508 3994 ῥᾴθυμος
2558 3926 2652 3978 καὶ
2709 3927 3184 3998 κατημελημένος,
3238 3929 3542 4001 εἰσδέχεται
3592 3927 3686 3999 μὲν
3728 3923 3806 3986 τὰς

2259 4016 2368 4069 τῶν
2410 4016 2613 4086 ἡδονῶν
2645 4017 2821 4088 ἀρχάς
2853 4017 2926 4082 ὡς
2955 4019 3167 4083 ἐννοίας
3194 4019 3276 4073 ἔτι
3314 4020 3510 4091 ψιλάςο
3545 4015 3806 4087 ἐπιτρέψας

2259 4106 2316 4160 δὲ
2348 4106 2630 4178 προελθεῖν
2659 4110 2740 4172 είς
2766 4108 2989 4174 πλάτος,
3023 4110 3464 4184 δυσχερεστάτην
3496 4109 3704 4182 εὑρήσει
3728 4104 3804 4173 τὴν

2259 4199 2577 4252 ἀντίστασιν
2607 4203 2704 4271 (ο).
2751 4201 2811 4256 '0
2838 4201 2946 4273 γὰρ
2977 4203 3249 4274 προαλοὺς
3279 4203 3376 4256 καὶ
3406 4198 3800 4275 προηττημένος.

2261 4288 2320 4340 ού
2347 4289 2458 4341 τῶν
2492 4289 2638 4343 ἰδίων
2662 4292 2812 4344 ἐστὶν
2855 4291 3182 4362 θελημάτων
3226 4292 3466 4365 Κύριος’
3514 4285 3800 4346 ὑπόκειταιι

2260 4379 2318 4435 δὲ
2365 4380 2568 4451 μᾶλλον
2642 4381 2896 4456 καθάπερ
2945 4385 3054 4438 τινὶ
3087 4384 3362 4457 Βαρϐάρῳ
3418 4383 3497 4456 τῷ
3551 4383 3797 4452 νικήσαντι

564 4472 702 4533 tius,
739 4488 841 4527 ceu
867 4471 1116 4526 Barbaro
1137 4471 1356 4526 cuidam
1374 4469 1574 4526 victori
1593 4469 1812 4525 atiectui
1832 4475 1998 4542 atque
2023 4471 2158 4525 vitio
2193 4508 2236 4562 ο
2263 4469 2444 4526 πάθει.

565 4565 839 4637 subjacet.
873 4561 880 4568 ’

1213 4631 1518 4686 Menandri.

709 4745 940 4801 Castitas
967 4747 1175 4801 virtutis
1204 4746 1631 4828 promptuarium
1683 4754 1779 4800 est.

637 4836 920 4892 Jamblichi
943 4853 1007 4892 ea:
1035 4835 1290 4907 Epistolis
1314 4836 1380 4889 de
1411 4837 1678 4890 castitate.
1703 4866 1773 4876 —
1801 4836 1990 4891 Virtus
2031 4851 2148 4890 om—

2858 4629 3230 4700 Μενάνδρου.

2405 4740 2648 4810 Ταμεῖόν
2678 4742 2849 4796 ἐστιν
2881 4741 3097 4812 ἀρετῆς
3144 4745 3182 4812 ἡ
3212 4742 3598 4814 σωφροσύνη.

2341 4833 2676 4903 Ἰαμϐλίχου
2717 4835 2787 4899 ἐξ
2835 4835 3216 4890 Ἐπιστολῶν
3236 4839 3368 4906 περὶ
3409 4829 3790 4904 σωφροσύνης.

1877 4976 2112 5032 VARIZE
2152 4975 2560 5032 LECTIONES.

635 5073 658 5105 ¹
690 5071 832 5126 ἄλλ.
887 5071 1258 5126 ὑποκείσεται.

2099 5160 2334 5218 NCT/fl.

631 5258 1207 5332 (olAvcxspsardtnr
1232 5257 1476 5332 εύρήσει
1503 5257 1618 5323 τὴν
1637 5257 2016 5332 ἀντίστασιν.
2043 5258 2157 5312 Ma-

569 5327 650 5389 lui
683 5327 848 5386 hanc
868 5327 1182 5392 lectionem,
1219 5328 1378 5396 cujus
1407 5338 1464 5382 et
1490 5343 1687 5399 sensus
1713 5327 1936 5392 clarior,
1963 5343 2150 5399 quam,

570 5415 632 5458 t.t
659 5402 776 5466 alii,
809 5401 1096 5454 ἀντίδοσιν.
1128 5399 1480 5468 Signilicatur
1520 5397 1692 5452 ardua
1722 5406 1956 5468 etpene
1984 5397 2157 5452 insu-

570 5471 834 5543 parabilis
859 5470 1158 5543 all‘ectuum
1187 5467 1522 5532 resistentia,
1540 5483 1680 5543 cum
1707 5467 1832 5543 quis
1852 5468 1964 5538 jam
1995 5469 2156 5522 adul-

570 5537 658 5596 ios
693 5551 926 5596 conatur
959 5539 1284 5608 exstirpare,
1323 5551 1493 5608 seque
1537 5539 1649 5591 illis
1697 5537 1967 5608 eximere,
2015 5553 2158 5607 pene

571 5612 788 5680 captiva
812 5606 1248 5680 voluntatefnec
1272 5606 1406 5680 satis
1433 5608 1517 5680 sui
1545 5607 1774 5680 arbitra.
1801 5606 2157 5680 δυσχερεστά-

451 5704 464 5715 ~
571 5677 670 5748 τηῖδ
697 5679 984 5740 ἀντίδοσιν,
1021 5679 1169 5748 quod
1197 5677 1426 5748 exponit
1458 5677 1624 5748 Gesn.
1671 5677 2036 5747 difficillimam
2072 5694 2156 5730 re-

577 5745 823 5814 m'cdium,
857 5745 1054 5803 vereor
1089 5765 1158 5803 ne
1201 5745 1413 5802 medice
1447 5747 1620 5816 magis
1655 5745 1816 5816 quam
1853 5749 2156 5818 tlicolngicc

2263 5257 2477 5313 dictum
2521 5258 2593 5312 ab
2637 5273 2706 5313 eo
2753 5257 2848 5312 sit.
2892 5257 3163 5312 ἀντίδοτον
3207 5255 3492 5312 remedium
3538 5249 3622 5312 sit,
3665 5249 3786 5316 ίῙ⁰³ξ¹

2261 5337 2454 5382 contra
2480 5328 2682 5382 malum
2713 5327 2901 5382 datum
2927 5335 3024 5382 aut
3050 5341 3363 5390 venenum;
3391 5319 3788 5396 armamenta:

2253 5399 2434 5462 batio;
2482 5399 2647 5468 vices;
2691 5397 3029 5468 άντιδοθείσα
3077 5389 3786 5468 παρθένουίηϐτεεοθῑᾟῖίᾝ
3879 5431 3888 5440 ο

2256 5469 2368 5521 loco
2393 5457 2544 5523 data.
2581 5457 2682 5522 Hic
2715 5481 2850 5538 ergo
2892 5457 3785 5538 reddam,'di/ﬁcillimamlvifelg'j‘

2254 5539 2433 5592 veniat
2464 5553 2529 5592 ac
2559 5553 2702 5607 pene
2737 5524 3191 5606 insuperabileiu,
3223 5524 3324 5607 pro
3363 5548 3426 5588 ea
3471 5524 3781 5607 indulﬁfﬂfﬁﬁ

2255 5624 2364 5677 qua
2388 5581 2621 5663 allectus
2645 5581 2899 5674 vitiaque
2923 5581 3325 5676 primunfsiwvit
3353 5610 3588 5657 crescere
3608 5599 3656 5646 et
3679 5581 3782 5640 ado-

2256 5679 2484 5742 lcsccrc,
2520 5689 2684 5747 atque
2715 5678 2854 5731 altas
2881 5677 3066 5730 animo
3097 5677 3509 5743 radiccs‘agerc.
