4094 6428
431 335 545 404 743

1576 345 1637 406 S.
1681 346 1936 406 MAXIM
1943 347 1966 406 Ι
2001 347 2143 407 (ΖοΝ
2153 348 2512 410 FESSORIS

3600 344 3707 410 7H

505 450 818 506 Demonart.
845 481 913 492 —
937 452 1197 509 Nonnulli
1221 454 1546 512 civitatibus
1564 456 1942 521 dominantur,
1960 465 2016 510 et

2189 459 2528 525 Δημώνακτ.
2559 489 2627 499 -
2655 460 2828 514 Ἔνιοι
2869 459 3077 515 πόλεων
3101 459 3200 530 μὲν
3233 459 3582 541 δεσπόζουσι,
3604 474 3701 528 τοι

436 541 767 604 mulieribus
789 543 1061 600 serviunt.

505 635 820 705 Autiphont.
851 635 1044 703 —Qui
1073 637 1278 708 turpia,
1315 637 1430 692 sive
1464 638 1631 702 mala,
1665 652 1770 691 nec
1797 637 2020 692 deside-

436 726 578 780 ravit
603 741 787 796 neque
826 728 1028 798 tetigit,
1054 744 1166 784 non
1193 738 1279 784 est
1307 739 1620 800 temperans
1647 747 1659 782 :
1695 729 1836 800 nihil
1867 731 2018 784 enim

435 823 519 870 est
553 817 712 887 cujus
747 817 949 883 victor,
979 819 1327 874 moderatum
1356 799 1502 875 sedet
1527 799 1738 874 castum
1760 819 2018 889 pra-bue-

439 907 530 962 rit.

510 997 672 1072 54.0
701 999 948 1070 Epicteti.
987 1031 1059 1040 —
1085 1000 1252 1055 Liber
1278 1015 1390 1055 non
1417 1009 1523 1065 est,
1543 1001 1638 1071 qui
1669 1015 1728 1055 se
1765 999 1880 1070 ipse
1904 1014 2018 1054 non

436 1091 706 1144 continet.
1245 1112 1250 1117 δ

507 1180 800 1251 Pytltagor.
832 1182 1023 1240 —\'is
1079 1181 1249 1236 animi
1292 1197 1322 1236 a
1388 1183 1908 1252 perturbationibus
1954 1197 2019 1237 ac

436 1271 729 1327 aﬂ‘ectibus
763 1272 944 1336 vacui,
974 1273 1339 1342 temperantia
1365 1284 1450 1327 est
1475 1290 1539 1328 ac
1574 1273 1876 1328 sobrietas:
1900 1273 2018 1327 hac

435 1361 584 1414 enim
620 1362 714 1415 lux
739 1369 821 1416 est
846 1361 1014 1414 animi
1045 1361 1099 1414 in
1132 1361 1547 1430 tranquillitatis
1568 1361 1677 1432 jam
1705 1375 1830 1414 arce
1879 1373 2016 1414 con-

433 1452 637 1507 stituti.

505 1544 727 1599 Servire
777 1544 1090 1607 affectibus,
1133 1559 1229 1598 seu
1269 1542 1440 1608 vitiis,
1482 1543 1705 1612 gravius
1734 1549 1818 1596 est
1849 1557 2014 1612 quam

433 1635 681 1706 tyrannis
717 1652 729 1688 :
767 1651 870 1688 nec
893 1635 1042 1688 enim
1079 1634 1199 1688 ﬁeri
1227 1642 1413 1702 potest
1445 1642 1506 1687 ut
1531 1635 1577 1688 is
1623 1634 1765 1688 liber
1797 1633 1890 1697 sit,
1920 1633 2016 1703 qui

429 1725 732 1781 affectibus
759 1735 927 1796 atque
957 1726 1110 1780 vitiis
1132 1725 1325 1790 servit,
1365 1740 1679 1794 eorumque
1725 1717 2014 1778 dominatu

429 1819 722 1887 premitur.
1221 1834 1233 1841 ·

501 1909 790 1981 Sophoclis.
845 1940 917 1951 -
963 1911 1146 1980 Turpe
1211 1919 1298 1966 est
1355 1909 1592 1978 turpiter
1661 1909 1849 1964 vivere
1912 1908 2014 1974 iis,

427 2003 522 2072 qui
557 2004 697 2056 bene
731 2002 848 2055 nati
879 2002 1184 2055 honestave
1220 1999 1330 2054 orti
1365 1987 1628 2068 progenie
1659 2007 1809 2052 sunt.

497 2095 898 2148 Demosthenes.
930 2123 998 2133 —
1045 2094 1235 2157 Decet,
1267 2100 1328 2145 ut
1371 2091 1466 2160 qui
1513 2091 1736 2160 sapiens
1783 2099 1868 2145 est
1913 2090 2020 2144 hoc

427 2185 693 2252 enitatur,
720 2192 779 2238 ut
803 2184 1074 2258 rationem
1103 2199 1322 2253 semper
1343 2181 1709 2252 cupiditatum
1735 2181 2019 2236 victricem

429 2277 608 2348 iisque
641 2279 985 2348 superiorem
1021 2285 1267 2346 praestet.

503 2369 818 2424 Demetrius.
869 2397 940 2407 —
998 2366 1311 2421 Demetrius
1371 2366 1674 2420 Phalereus
1751 2365 2020 2419 honestos

427 2461 820 2516 adolescentes
867 2459 1050 2514 aiebat
1109 2459 1258 2512 domi
1313 2467 1572 2528 parentes
1625 2459 1871 2514 revereri
1919 2457 2018 2510 de»

424 2553 596 2620 here;
631 2553 686 2608 in
741 2553 831 2608 via
859 2566 1074 2617 omnes,
1105 2558 1165 2605 ut
1215 2552 1450 2622 quisque
1491 2567 1548 2606 se
1589 2549 1860 2606 obtulerit
1895 2569 1907 2606 :
1961 2550 2017 2604 in

423 2639 726 2696 solitudine
746 2641 982 2710 seipsos.

492 2730 784 2785 Menedem.
815 2760 887 2770 —-
924 2731 1302 2796 Menedemus,
1333 2746 1458 2788 cum
1512 2729 1836 2786 adolescens
1889 2729 2016 2800 qui-

427 2819 556 2876 dam
587 2821 819 2876 dixisset
845 2838 1104 2892 magnum
1137 2838 1282 2887 esse,
1309 2839 1504 2877 eorum
1562 2832 1873 2893 compotem
1897 2821 2018 2875 fieri

421 2927 547 2982 qua:
573 2913 702 2982 quis
729 2914 1034 2980 desideret,
1091 2915 1402 2985 respondit,
1455 2915 1633 2969 multo
1681 2913 1861 2984 majus
1892 2926 2015 2966 esse

422 3004 562 3059 nihil
597 3005 940 3072 desiderare,
1003 3022 1197 3062 eorum
1245 3023 1366 3084 qua:
1425 3023 1535 3062 non
1562 3007 1796 3062 deceant
1839 3019 2016 3074 exque

423 3097 646 3152 honesti
683 3099 897 3154 ratione
925 3101 1056 3155 sint.
1757 3093 1769 3100 ’

2060 562 2071 572 ·
2121 548 2266 612 varii.
2291 549 2347 602 δὲ
2373 549 2701 604 δουλεύουσι.

2204 639 2548 710 Ἀντιφῶντ.
2593 671 2664 683 --
2712 643 2902 706 Ὅστις
2949 641 3006 695 δὲ
3046 641 3157 696 τῶν
3204 643 3467 714 αἰσχρῶν,
3520 641 3558 715 ἦ
3595 639 3704 698 τῶν

2121 731 2340 797 κακῶν,
2397 735 2533 802 μήτε
2585 733 2926 804 ἐπεθύμησε,
2990 735 3129 804 μήτε
3177 733 3388 804 ἥψατο,
3439 735 3543 787 οὐκ
3587 732 3707 786 εστι

2122 824 2358 893 σώφρων
2379 843 2392 854 ·
2428 825 2489 878 οὐ
2542 825 2652 897 γὰρ
2681 825 2794 878 ἔσθ’
2827 828 2950 880 ὅτου
2981 827 3285 898 κρατήσας,
3319 825 3480 891 αὐτὸς
3510 825 3706 884 ἑαυτὸν

2121 917 2348 986 κόσμιον
2379 917 2698 987 παρέχεται.

2204 1008 2588 1079 Ἐπικτήτου.
2635 1039 2720 1077 -,
2761 1010 2952 1074 Οὐδεὶς
3007 1009 3323 1082 ἐλεύθερος,
3377 1008 3573 1065 ἑαυτοῦ
3627 1009 3709 1079 μὴ

2041 1102 2050 1111 “
2119 1099 2356 1172 κρατῶν.

2190 1191 2559 1260 Πυθαγόρου.
2608 1221 2679 1231 -
2719 1191 2907 1262 Ῥώμη
2949 1193 3125 1264 ψυχῆς
3170 1190 3436 1260 ἀπαθοῦς,
3484 1207 3700 1262 σωφρο-

2121 1281 2276 1354 σύνη.
2311 1282 2459 1354 Αὕτη
2487 1282 2598 1354 γὰρ
2628 1282 2805 1354 ψυχῆς
2837 1283 3084 1347 ἀπαθοῦς
3111 1283 3225 1354 φῶς
3252 1285 3420 1337 ἐστιν.

2188 1545 2470 1600 Δουλεύειν
2497 1545 2696 1599 πάθεσι
2718 1545 3098 1618 χαλεπώτερον
3124 1547 3156 1619 ἦ
3183 1547 3482 1619 τυράννοις.
3522 1544 3706 1598 Ἐλεύ-

2119 1637 2276 1708 θερον
2307 1637 2567 1690 ἀδύνατον
2598 1632 2738 1690 εἷναι
2767 1636 2857 1690 τὸν
2882 1638 3079 1691 πάθεσι
3114 1637 3456 1692 δουλεύοντα.
3481 1631 3576 1690 καῖ
3600 1635 3707 1689 ὑπὸ

2119 1729 2309 1782 παθῶν
2343 1728 2730 1800 κρατούμενον.

2190 1904 2595 1974 Σοφοκλέους.
2626 1935 2695 1946 -
2720 1907 2827 1976 Ζῇν
2856 1907 3079 1975 αίσχρὺν
3109 1907 3352 1979 αἰσχρῶς
3385 1909 3496 1972 τοῖς
3523 1907 3706 1972 καλῶς

2121 1999 2413 2068 πεφυκόσι.

2189 2093 2448 2156 Δημοσθ.
2493 2119 2562 2130 -
2595 2093 2688 2142 Δεῖ
2737 2091 2830 2144 τὸν
2861 2086 2920 2144 εῦ
2958 2091 3280 2162 φρονοῦντα,
3321 2091 3412 2144 τὸν
3442 2090 3710 2162 λογισμὸν

2118 2183 2209 2237 ἀεὶ
2239 2183 2348 2236 τῶν
2373 2183 2678 2251 ἐπιθυμιῶν
2703 2185 2936 2257 κρείττω
2969 2186 3263 2257 πειρᾶσθαι
3295 2188 3490 2239 ποιεῖν.

2190 2359 2538 2429 Δημήτριος.
2560 2388 2632 2399 -
2650 2361 2962 2434 Δημήτριος
2995 2363 3024 2415 ὀ
3045 2362 3346 2432 Φαληρεὺς,
3371 2363 3497 2425 τοὺς
3521 2363 3709 2416 ἀστεί-

2121 2470 2218 2516 ους
2253 2447 2379 2505 sine
2411 2451 2523 2503 τῶν
2557 2450 2716 2514 νέων,
2747 2454 2804 2504 ὲν
2850 2453 2948 2522 μὲν
2985 2455 3106 2517 ταῖς
3139 2455 3339 2517 οἰκίαις
3372 2455 3502 2516 τοὺς
3528 2459 3709 2522 γονεῖς

2102 2546 2215 2600 δεῖν
2231 2545 2498 2598 αἰδεῖσθαι
2516 2559 2530 2574 ⁸
2563 2546 2619 2596 ὲν
2650 2545 2706 2596 δὲ
2739 2547 2805 2616 τῇ
2832 2545 2956 2616 ὀδῷ,
2980 2548 3106 2610 τοὺς
3141 2547 3499 2610 ἀπαντῶντας
3517 2561 3530 2575 °
3563 2549 3622 2600 ἐν
3647 2547 3708 2600 δὲ

2119 2637 2238 2698 ταῖς
2275 2634 2556 2704 ἐρημίαις,
2597 2633 2844 2698 ἑαυτούς’.

2191 2727 2558 2796 Μενέδημος.
2611 2757 2680 2769 -——
2722 2728 3062 2799 Μενέδημος,
3096 2728 3382 2803 νεανίσκου
3431 2726 3576 2791 τινὸς
3629 2729 3710 2780 εί-

2120 2821 2336 2883 πόντος,
2378 2820 2536 2885 Μέγα
2573 2819 2691 2871 ἐστὶ
2741 2818 2802 2872 τὸ
2833 2823 3015 2890 τυχεῖν
3067 2815 3143 2875 ὧν
3186 2822 3251 2876 ἄν
3304 2837 3390 2884 τις
3437 2820 3707 2891 ἐπιθυμῇ,

2119 2907 2292 2966 εἶπεν
2329 2909 2514 2980 Πολλῷ
2546 2909 2730 2980 μεῖζόν
2765 2912 2882 2964 ἐστι
2916 2911 2976 2964 τὸ
3002 2913 3174 2984 μηδὲν
3211 2913 3496 2983 ἐπιθυμεῖν
3523 2904 3598 2967 ὧν
3630 2911 3708 2982 μὴ

2105 3005 2220 3061 δεῖ.

491 3187 640 3243 Bias.
672 3219 743 3228 —-
777 3189 904 3244 Bias
939 3191 1207 3246 Prienens
1238 3191 1461 3245 beatum
1511 3204 1638 3244 eum
1666 3188 1889 3243 dicebat
1920 3187 2016 3256 qui

2193 3179 2444 3244 Blac.—-
2469 3179 2600 3242 Βίας
2632 3181 2660 3233 ὁ
2687 3146 2977 3252 ῐιριῆνεὺς,
3006 3175 3150 3235 εἷπε·
3187 3166 3473 3252 tempus,
3500 3182 3649 3235 ἐστιν
3676 3180 3707 3232 ο

423 3279 582 3336 dives
608 3289 776 3346 esset,
807 3290 863 3336 et
895 3283 1100 3350 optatis
1128 3281 1402 3351 potiretur
1429 3299 1441 3333 :
1479 3295 1606 3334 eum
1667 3288 1849 3333 tamen
1881 3277 2017 3331 bea-

425 3369 623 3424 tiorem
655 3385 800 3434 esse,
827 3369 923 3440 qui
959 3370 1100 3424 nihil
1122 3379 1342 3439 optaret
1367 3378 1463 3423 aut
1487 3378 1738 3438 cuperet.

492 3481 711 3537 Xanthi.
735 3511 806 3522 ——-
836 3482 1094 3538 Xanthus
1139 3483 1383 3553 sapiens,
1422 3499 1548 3537 cum
1575 3482 1894 3543 adulterum
1914 3497 2015 3551 pro

422 3573 640 3628 foribus
693 3573 951 3630 formosae
997 3574 1254 3629 mulieris
1313 3573 1592 3629 vidisset:
1626 3575 1755 3637 lste,
1809 3572 2012 3642 inquit,

422 3664 649 3720 brevem
678 3666 1019 3735 voluptatem
1047 3667 1244 3738 grandi
1277 3665 1526 3736 periculo
1549 3666 1708 3720 emit.

494 3753 774 3810 Chariclei.
804 3787 874 3795 —
902 3757 1168 3812 Amorum
1203 3766 1481 3827 aspectus,
1515 3757 1755 3812 amantis
1795 3774 2011 3813 memo-
2073 3741 2077 3746 l

423 3845 562 3898 riam
598 3846 826 3911 excitat,
856 3847 1086 3917 visaque
1135 3848 1353 3917 species
1404 3848 1650 3902 animum
1689 3847 2015 3913 inﬂammat,

423 3937 577 3990 velut
611 3937 724 4007 igni
755 3939 1020 3993 materies
1057 3939 1366 3994 fomentum
1405 3940 1622 3994 ellecta.
1683 3939 2018 4010 Cupiditatis

423 4023 573 4105 enim
606 4024 936 4096 fomentum,
968 4029 1277 4082 amatorius
1309 4045 1491 4084 sermo
1511 4038 1617 4084 est.

1031 4405 1264 4460 SERMO
1322 4407 1407 4462 IV.

851 4496 928 4551 De
951 4499 1262 4570 fortitudine
1290 4516 1353 4554 ac
1375 4500 1580 4554 robore.

498 4583 686 4642 Matth.
710 4605 817 4655 xw,
840 4589 933 4644 24.
957 4621 1026 4630 ——
1048 4591 1104 4644 Si
1123 4591 1250 4660 quis
1273 4592 1392 4646 vult
1416 4593 1609 4647 venire
1639 4604 1765 4664 post
1785 4611 1891 4660 me,
1911 4594 2016 4650 'ab-

431 4689 592 4749 neget
622 4684 1008 4752 semetipsum,
1051 4695 1108 4736 et
1136 4684 1291 4738 tollat
1343 4700 1564 4740 crucem
1599 4702 1776 4753 suam,
1819 4698 1877 4743 et
1929 4704 2016 4744 se-

426 4778 633 4838 quatur
665 4786 776 4826 me.

499 4860 636 4917 Prov
660 4883 802 4942 xxxv,
833 4869 916 4935 30,
949 4867 1202 4925 '5l—Non
1221 4878 1306 4924 est
1331 4871 1543 4925 homini
1570 4871 1863 4941 sapientia,
1902 4885 2014 4925 non

428 4962 513 5008 est
539 4953 830 5016 fortitudo,
855 4972 964 5012 non
988 4964 1075 5011 est
1104 4959 1398 5014 consilium
1432 4976 1616 5027 coram
1655 4960 1906 5014 Domino.

497 5091 520 5122 ⁸
578 5090 636 5144 ln
686 5090 852 5147 Gesn.
914 5091 1154 5148 Stobaao.

501 5316 922 5388 (q)ts'gt.¢rarrt
953 5319 1197 5386 Κυρίου.
1252 5319 1399 5374 Bene
1433 5331 1518 5375 cst
1545 5319 1693 5388 quod
1744 5320 2012 5374 Maximus

428 5385 615 5440 veram
646 5385 939 5442 Seniorum
989 5385 1301 5444 versionem
1341 5385 1606 5460 servavit,
1667 5406 1766 5460 per
1814 5391 2001 5444 omnia

430 5467 720 5524 llebraicis
772 5485 1102 5536 consonam,
1133 5482 1254 5531 mm
1293 5457 1424 5552 15.35
1472 5489 1503 5526 a
1551 5457 1803 5542 quov-nec
1847 5475 2009 5543 Vulg.

429 5551 638 5610 diﬂ'ert,
681 5561 868 5608 contra
903 5553 1189 5627 Dominum
1237 5571 1254 5608 :
1305 5551 1464 5609 idem
1488 5555 1644 5627 enim
1676 5557 1755 5612 illi
1805 5560 2012 5627 passim

427 5636 491 5697 ea
517 5636 618 5672 vox
645 5637 708 5697 ac
739 5639 940 5697 coram,
965 5625 1026 5697 iu_
1070 5635 1378 5697 conspectu,
1407 5625 1510 5697 _vc_lr
1551 5626 1718 5697 etiam
1756 5625 1868 5697 prae
1921 5629 2015 5681 illo

428 5691 660 5767 ejusque
697 5691 880 5767 habita
927 5694 1161 5767 ratione.
1199 5694 1420 5765 Atqnid
1461 5695 1593 5767 illud
1651 5691 1788 5767 πρὸς
1842 5700 2012 5766 ἀσεϐῆ

431 5761 583 5826 apud
642 5761 1062 5834 impium,qnod
1097 5773 1154 5817 et
1179 5761 1407 5821 secutus
1455 5761 2010 5824 Arabicu's?'Velleni

2124 3271 2391 3332 πλουτῶν,
2427 3277 2521 3326 καὶ
2555 3267 2630 3325 ὧν
2676 3267 2944 3344 ἐπιθυμεῖ
2966 3273 3292 3330 ἀπολαύων
3327 3277 3356 3328 ὁ
3387 3274 3444 3328 δὲ
3481 3275 3556 3346 μὴ
3587 3274 3708 3327 ἐπι-

2123 3361 2308 3432 θυμῶν
2318 3401 2331 3422 ,
2365 3362 2676 3432 μακαριώτε
2687 3380 2780 3433 ρος

2192 3475 2446 3530 Ξάνθου.
2508 3489 2576 3517 -‘-
2629 3476 2834 3540 Ξᾲνθος
2885 3479 2914 3532 ὁ
2975 3477 3173 3547 σοφὸς,
3225 3477 3560 3546 θεασάμενος
3613 3475 3708 3528 ἐπὶ

2123 3563 2316 3635 θύραις
2349 3567 2656 3636 εὐπρεποῦς
2698 3567 2959 3635 γυναικὸς
3004 3569 3174 3640 ἄνδρα
3203 3568 3546 3638 οἰκοφθόρον,
3577 3568 3702 3638 ἔφη’

2122 3650 2290 3719 οὗτος
2322 3655 2517 3727 ἡδονὴν
2546 3659 2750 3728 μικρὰν
2783 3658 3004 3712 ὠνεῖται
3034 3657 3256 3729 μεγάλῳ
3285 3658 3544 3730 κινδῦνῳ.

2191 3750 2563 3818 Χαρικλείας.
2601 3781 2669 3790 ——
2708 3751 2774 3802 Ἡ
2827 3751 2936 3820 γὰρ
2974 3750 3083 3803 τῶν
3128 3749 3412 3820 ἐρωτικῶν
3459 3748 3703 3803 der..in-

2113 3840 2228 3912 ψις,
2265 3842 2574 3911 ὑπόμνησις
2611 3841 2706 3896 τοῦ
2739 3843 3038 3912 πάσχοντος
3067 3843 3294 3911 γίνεται,
3346 3843 3441 3896 καὶ
3476 3842 3705 3910 ἀναερλέ-

2113 3950 2200 4001 γει
2235 3933 2334 4002 τὴν
2381 3933 2625 3986 διάνοιαν
2676 3935 2858 4003 ἠιθέα,
2910 3935 3165 4006 καθάπερ
3217 3934 3316 4005 ὕλη
3366 3938 3499 4005 πυρὶ
3551 3951 3704 4002 γενο-

2118 4024 2252 4094 μένη
2291 4024 2646 4095 ὑπέκκαυμα.
2688 4025 3054 4096 ’Υπέκκαυμα
3089 4028 3196 4097 γὰρ
3231 4025 3525 4096 ἐπιθυμίας
3551 4025 3704 4090 λόγος

2113 4119 2396 4190 ἐρωτικός.
2931 4111 2942 4122 ι

2751 4411 2971 4464 ΛΟΓΟΣ
3008 4411 3083 4464 Δ’.

2479 4505 2617 4569 Περὶ
2659 4502 2941 4569 ἀνδρείας
2980 4502 3075 4554 καὶ
3094 4502 3348 4570 ,ῐσχύοῃ

2195 4596 2348 4649 Mue.
2383 4600 2481 4658 ις’.
2517 4581 2586 4632 '-
2613 4592 2782 4656 Εἵτις
2823 4592 2950 4663 θέλῃ
2977 4591 3152 4644 ὀπίσω
3179 4609 3283 4660 μου
3310 4589 3505 4653 ἐλθεῖν,
3529 4593 3706 4660 ἀπαρ-

2121 4685 2380 4755 νησάσθω
2410 4683 2620 4748 ἑαυτὸν,
2657 4683 2751 4735 καὶ
2786 4682 2973 4753 ἀράτω
3001 4683 3093 4735 τὸν
3123 4682 3358 4753 σταυρὸν
3383 4680 3574 4744 αῦτοῦ,
3615 4681 3707 4734 καὶ

2122 4776 2486 4831 ἀκολουθείτω
2521 4793 2632 4845 μοι.

2176 4871 2446 4938 ’Παροιμ
2491 4873 2601 4920 xa’.
2635 4897 2705 4906 ——
2735 4868 2849 4922 Οὐκ
2880 4867 3027 4920 ἔστιν
3063 4867 3337 4938 ἀνθρώπῳ
3378 4865 3562 4936 σοφία.
3589 4865 3708 4919 οὐδὲ

2125 4958 2272 5013 ἔστιν
2291 4959 2531 5030 ἀνδρεία,
2560 4957 2682 5012 οὐδὲ
2713 4958 2827 5013 ἐστι
2860 4958 3025 5030 βουλὴ
3047 4960 3332 5013 κατέναντι
3369 4957 3576 5028 Κυρίου
3608 4959 3706 5029 (q).

1948 5161 2181 5218 ΝΟΤιΕ.

2123 5319 2337 5396 doceri,
2363 5321 2524 5396 unde
2545 5321 2654 5396 illis
2699 5323 2780 5396 sic
2803 5321 2988 5388 claris,
3019 5323 3156 5378 haec
3198 5325 3307 5396 tarn
3359 5330 3572 5380 remota
3598 5324 3702 5396 _(et
3752 5328 3772 5335 “

2123 5390 2348 5464 quidem
2376 5392 2534 5464 olim)
2566 5393 2733 5464 subdi
2748 5396 3070 5462 .potuerint.
3101 5395 3324 5464 quando
3379 5397 3550 5450 etiam
3579 5390 3709 5464 (Ias:

2124 5461 2422 5536 sianus__s_ir
2473 5461 2626 5536 legit.
2674 5461 2834 5536 Num
2864 5465 2926 5516 τὸ
2979 5461 3143 5536 σέϐας
3197 5474 3502 5535 posuerant
3551 5468 3599 5517 οἱ
3655 5463 3709 5517 0’

2126 5531 2276 5600 quod
2301 5532 2410 5586 illis
2440 5533 2502 5586 τὸ
2527 5531 2704 5595 Θεῖον,
2753 5533 2909 5588 velut
2958 5535 3126 5590 etiam
3165 5531 3336 5590 Paulo
3394 5537 3518 5592 Act.
3577 5549 3707 5598 xvn,

2129 5601 2474 5676 σεϐάσματα,
2519 5618 2677 5676 saera
2725 5604 3346 5676 suntﬂAtheniensium
3402 5621 3709 5676 eorumque

2129 5672 2381 5749 numina,
2411 5689 2477 5728 ac
2511 5675 2717 5749 quibus
2747 5675 3087 5749 adhibebant
3129 5677 3366 5749 cultum,
3403 5677 3519 5749 sive
3572 5672 3710 5730 alias

2126 5742 2428 5798 simulacra
2449 5742 2624 5808 erant,
2657 5746 2773 5800 sive
2804 5745 2951 5802 nuda
2987 5757 3168 5803 mente
3227 5747 3708 5818 intelligebatttut‘,
