4094 6388
536 474 639 538 7i?

1725 472 1784 531 s.
1829 450 2109 530 nixum
2134 468 2669 541 "CONFESSORIS

3688 486 3811 550 ’ΚΒ

604 577 918 641 ldem,cum
946 591 1076 632 eum
1097 574 1260 631 amici
1290 586 1349 631 ut
1379 576 1735 646 procreandis
1758 575 1947 631 liberis
1978 590 2108 646 ope-

2289 584 2789 659 Παρακαλούμενος
2823 591 2879 644 δὲ
2921 590 3027 645 ὑπὸ
3054 589 3163 644 τῶν
3191 588 3358 660 φίλων
3389 594 3806 666 τεκνοποιῆσαι,

531 681 647 721 ram
679 653 837 722 daret
866 666 1265 739 hortarentur:
1299 667 1470 732 Nihil,
1499 667 1699 738 inquit,
1733 676 1819 721 est
1868 683 1968 722 cur
1996 666 2118 722 sitis

531 758 755 815 solliciti
779 777 794 826 ;
819 759 1126 830 relinquam
1149 759 1294 819 enim
1317 759 1475 814 vobis
1497 759 1722 820 liberos,
1748 758 2114 814 certaminum

532 849 580 901 vi
617 857 807 918 partas
831 851 1117 906 victorias.
1296 852 1302 859 ’

601 941 776 1007 Idem,
805 957 929 996 cum
958 943 1027 997 ad
1065 945 1270 999 bellum
1296 944 1675 1016 proficiscenti
1702 942 2032 999 Aristoteles
2061 943 2112 998 ei

533 1032 746 1087 diceret
774 1034 1200 1104 exspectandam
1225 1052 1347 1090 esse
1368 1035 1671 1106 perfectam
1699 1043 1942 1100 aetatem,
1971 1043 2118 1089 tum-

533 1140 639 1195 que
661 1126 888 1180 demum
927 1127 1248 1183 bellandum
1287 1147 1300 1180 :
1334 1130 1561 1194 Vereor,
1624 1129 1825 1199 inquit,
1860 1145 1930 1184 ne
1955 1110 2114 1183 'dum

529 1215 1021 1291 perfectam552
1042 1228 1261 1276 aetatem
1294 1229 1578 1293 exspecto,
1627 1220 1894 1294 juvenilis
1942 1221 2112 1277 animi

530 1306 761 1364 audacia
783 1309 1070 1366 abscedat.
1886 1298 1891 1303 ’

601 1400 767 1466 Laco,
825 1406 951 1457 Cum
991 1404 1041 1458 ci
1102 1390 1328 1475 quidam
1386 1413 1447 1458 ut
1503 1404 1767 1476 probrum
1822 1398 2113 1479 obiiceret,

530 1494 676 1565 quod
717 1494 949 1549 claudus
982 1511 1108 1551 cum
1142 1504 1287 1551 esset
1336 1495 1402 1550 ad
1461 1495 1668 1551 bellum
1711 1497 1889 1552 exiret
1928 1498 2111 1566 :Quid

528 1585 685 1639 tum?
716 1586 831 1652 ait;
860 1602 969 1640 non
1005 1586 1350 1657 fugientibus
1383 1587 1437 1642 in
1472 1588 1621 1653 bello
1655 1605 1797 1659 opus
1849 1598 1957 1657 est,
2015 1590 2113 1646 sed

525 1678 900 1742 manentibus,
929 1694 992 1733 ac
1025 1678 1121 1749 qui
1172 1696 1274 1751 pro
1314 1680 1617 1736 certamine
1671 1697 1867 1737 manus
1911 1698 2111 1738 conse-

525 1779 669 1825 rant.

595 1862 1270 1920 Leonidas.—Leonidas
1332 1865 1805 1941 Laeedtemomus,
1856 1866 1988 1921 dum
2045 1865 2137 1933 ad

523 1954 739 2009 bellant
757 1955 1027 2013 adversus
1048 1957 1248 2012 Persas
1279 1972 1447 2029 parva
1475 1957 1649 2015 fultus
1684 1960 1923 2015 militum
1945 1976 2111 2016 manu

521 2044 978 2114 proiieiseeretur
1010 2088 1023 2108 ,
1081 2047 1303 2103 dicente
1329 2049 1570 2119 quodam
1602 2065 1727 2104 cum
1769 2052 1964 2122 paucis
1987 2067 2114 2107 eum

522 2136 801 2204 proﬁcisci
831 2155 845 2191 :
877 2137 968 2203 At,
995 2138 1196 2209 inquit,
1228 2153 1352 2193 cum
1377 2140 1714 2196 volentibus.
2074 2152 2079 2157 '

595 2310 739 2368 Laco
784 2314 981 2372 affecta
1033 2296 1355 2375 valétudine
1403 2319 1543 2376 aciei
1582 2286 1848 2393 .praeibat.
1879 2322 2116 2378 Percon-

524 2407 772 2464 tantibus
809 2409 1171 2481 quibusdam,
1210 2429 1477 2483 quorsum
1514 2413 1595 2470 sic
1621 2415 1825 2472 aﬂecto
1877 2426 2149 2487 corpore‘

522 2499 770 2567 praeiret,
806 2503 1094 2573 respondit
1126 2525 1137 2535 -
1174 2501 1246 2562 Ut
1299 2506 1478 2562 morte
1534 2523 1638 2578 pro
1673 2509 1856 2580 patria
1915 2511 2116 2573 defun-

516 2603 637 2660 gar.
1764 2654 1781 2667 ς

590 2685 842 2767 Husonii.
862 2717 932 2726 —
955 2684 1195 2744 Honeste
1221 2691 1499 2747 moriendi
1521 2693 1875 2750 occasionem
1901 2695 2108 2767 arripe,

518 2778 649 2834 dum
684 2780 853 2847 licet;
894 2795 967 2835 ne
993 2781 1159 2852 paulo
1179 2791 1306 2852 post
1338 2785 1695 2841 moriendum
1721 2786 1824 2843 tibi
1866 2787 1960 2855 sit,
2006 2803 2112 2845 nec

521 2872 751 2927 honeste
774 2873 1050 2928 moriendi
1088 2872 1326 2931 facultas
1347 2877 1458 2947 jam
1489 2886 1773 2949 suppetat.

591 2962 675 3018 Ea:
706 2963 886 3019 Dionis
959 2964 1157 3021 Chriis.
1191 2998 1263 3007 -—
1286 2967 1516 3023 Lacaena
1547 2969 1770 3037 mulier,
1816 2986 1944 3027 cum
1989 2972 2112 3044 ejus

523 3052 668 3108 filius
724 3053 854 3109 lzeso
897 3071 1067 3110 crure
1120 3054 1175 3109 in
1228 3057 1420 3125 praelio
1474 3058 1709 3114 claudus
1733 3057 1913 3115 factus
1936 3068 2107 3127 esset,

513 3160 756 3215 eamque
773 3162 927 3201 suam
963 3146 1334 3202 calamitatem
1364 3164 1510 3221 aegre
1549 3150 1723 3206 ferret
1774 3169 1788 3207 :
1821 3140 1967 3218 Neli,
2021 3153 2108 3208 in-

2219 674 2343 745 ἔφη·
2382 677 2472 748 Μὴ
2505 679 2779 747 ἀγωνιᾶτε
2799 699 2812 711 ·
2835 683 3154 738 καταλείπω
3183 682 3293 753 γὰρ
3326 682 3453 752 ὑμῖν
3482 683 3674 751 τέκνα.
3706 688 3809 751 τὰς

2200 768 2284 821 ’ὲκ
2314 770 2421 823 τῶν
2450 768 2678 840 ἀγώνων
2708 774 2882 842 νίκας.

2290 946 2398 1001 Τοῦ
2429 948 2593 1002 αὐτοῦ
2627 949 2864 1017 ἐξιόντος
2898 953 2991 1007 ἐπὶ
3014 948 3105 1017 τὸν
3126 957 3383 1028 πόλεμον,
3423 956 3809 1029 Ἀριστοτέλης

2219 1039 2345 1110 ἔφη·
2402 1043 2729 1112 Περίμεινον
2778 1044 2838 1099 τὸ
2880 1045 3084 1102 τέλειον
3123 1049 3224 1119 τῆς
3250 1049 3506 1120 ἡλικίας,
3559 1050 3653 1104 καὶ
3681 1050 3809 1106 τότε

2219 1134 2469 1203 πολέμει.
2500 1135 2557 1189 '0
2578 1136 2657 1200 δὲ,
2677 1138 2980 1210 Φοϐοῦμαι,
3011 1136 3155 1205 εἷπε,
3180 1141 3254 1214 μὴ
3285 1143 3596 1214 περιμένων
3626 1140 3688 1197 τδ
3713 1142 3809 1195 τέ-

2218 1222 2361 1279 λειον
2390 1214 2489 1298 τῆς
2520 1227 2862 1302 ήλικίας,τὴν
2890 1230 2994 1302 τῆς
3019 1233 3272 1302 νεότητος
3299 1233 3506 1306 τόλμαν
3528 1233 3806 1292 ἀπολέσω.

2288 1408 2486 1462 Λάκων
2537 1409 2933 1483 ὀνειδιζόμενος
2987 1413 3092 1469 ὑπό
3131 1431 3313 1482 τινος,
3368 1417 3452 1471 ὅτι
3504 1384 3677 1488 χωλὸς
3726 1417 3813 1472 ὢν

2220 1497 2527 1564 regiment
2554 1503 2645 1556 τὸν
2675 1504 3006 1589 πόλεμον,Τί
3028 1507 3218 1573 τοῦτο;
3247 1507 3375 1580 ἔφη’
3405 1510 3467 1564 ού
3490 1511 3810 1580 φευγόντων

2218 1591 2337 1645 ἐστὶ
2363 1594 2546 1665 χρεία,
2582 1594 2719 1650 ἀλλὰ
2748 1597 3026 1667 μενόντων
3061 1600 3155 1653 καὶ
3186 1601 3624 1673 ἀγωνιζομένων.

2286 1856 2607 1936 Λεωνίδας.
2641 1858 3007 1924 -Λεωνίδας
3036 1862 3065 1914 δ
3093 1861 3553 1933 Λακεδαιμόνιος,
3588 1863 3812 1931 ὀλίγους

2146 1921 2191 1979 Β
2219 1946 2360 2020 ἔχων
2392 1921 2761 2022 στρατιώτας,
2815 1953 2898 2016 είς
2926 1921 3025 2025 ἦν
3055 1954 3192 2026 πρὸς
3220 1921 3352 2020 τοὺς.
3374 1921 3590 2026 Πέρσας

2217 2037 2595 2108 ἐξεπορεύετο.
2656 2032 2921 2108 Είπόντος
2964 2043 3023 2098 δέ
3074 2060 3262 2111 τινος,
3315 2044 3396 2099 ὅτι
3447 2048 3569 2115 μετ’
3604 2047 3808 2116 ὀλίγων

2218 2130 2499 2196 παντελῶς
2530 2134 2912 2205 ἐκπορεύεται,
2946 2131 3120 2189 εἶπεν
3164 2136 3328 2190 Ἀλλά
3374 2137 3513 2209 μετά
3544 2137 3810 2212 βουλομέ-

2216 2241 2344 2277 νων.

2290 2316 2489 2370 Λάκων
2538 2316 2784 2382 ἀσθενῶς
2835 2317 2898 2372 τδ
2943 2319 3103 2391 σῶμα
3133 2320 3477 2393 διακείμενος
3507 2323 3598 2376 ἐπὶ
3625 2324 3811 2395 παρά-

2216 2409 2373 2475 ταξιν
2404 2410 2616 2480 προῆγε
2637 2427 2651 2441 ο
2700 2410 2971 2479 λεγόντων
2997 2412 3054 2466 δέ
3086 2429 3249 2468 τινων
3279 2412 3448 2485 αὐτῷ,
3487 2413 3597 2468 Ποῦ
3628 2414 3812 2469 τοιοῦο

2215 2518 2308 2565 τος
2331 2501 2407 2556 ὢν
2435 2502 2644 2576 πορεύῃ
2670 2503 2836 2575 ;ἐφη·
2877 2504 3050 2578 ’Υπὲρ
3078 2506 3181 2576 τῆς
3206 2507 3464 2579 πατρίδος
3488 2507 3807 2564 ἀποθανεῖν.

2283 2683 2667 2739 Μουσωνίου.
2699 2685 3047 2757 -Ἃρπαζε
3099 2686 3162 2740 τὸ
3209 2685 3391 2751 καλῶς
3436 2686 3807 2759 ἀποθνήσκειν

2213 2773 2302 2827 ὅτε
2351 2774 2569 2841 ἔξεστι,
2630 2776 2706 2847 μὴ
2743 2777 2896 2848 μετά
2934 2778 3140 2851 μικρὸν
3189 2779 3251 2833 τὸ
3293 2778 3396 2849 μὲν
3435 2778 3807 2851 ἀποθνήσκειν

2215 2881 2298 2918 σοι
2326 2870 2499 2939 παρῇ,
2534 2867 2597 2921 τὸ
2626 2867 2683 2921 δὲ
2718 2869 2899 2933 καλῶς
2936 2871 3140 2941 μηκέτι
3167 2870 3317 2942 ἕξῃς.

2287 2959 2391 3013 Ἐκ
2437 2958 2560 3013 τῶν
2603 2961 2826 3027 Δίωνος
2865 2961 3109 3031 Χρειῶν.
3135 2993 3204 3004 -
3237 2962 3487 3018 Λάκαινα
3513 2963 3672 3034 γυνὴ,
3704 2962 3804 3018 τοῦ

2212 3050 2331 3104 υίοῦ
2361 3053 2536 3123 αὐτῆς
2561 3055 2620 3106 ἐν
2645 3053 2953 3126 παρατάξει
2976 3054 3331 3127 χωλεύοντος,
3361 3054 3456 3109 καὶ
3472 3055 3805 3128 δυσφοροῦν-

2212 3160 2305 3208 τος
2336 3145 2431 3198 ἐπὶ
2457 3145 2655 3218 τούτῳ,
2688 3147 2783 3217 Μὴ
2809 3146 2980 3201 λυποῦ
3004 3148 3221 3213 τέκνον,
3254 3144 3399 3202 εἷπε·
3434 3148 3804 3203 καθ’ἓκαστον

526 3236 666 3307 quit,
698 3235 775 3291 fili
801 3278 815 3301 ,
852 3236 1072 3305 dolere;
1100 3238 1321 3308 quaties
1347 3240 1498 3294 e'nim
1516 3239 1751 3310 gradum
1778 3239 2001 3309 feceris,
2019 3254 2108 3299 tua

2214 3236 2322 3309 γὰρ
2358 3237 2512 3309 βῆμα
2541 3239 2643 3309 τῆς
2668 3239 2803 3303 ίδίας
2827 3240 3031 3312 ἀρετῆς
3064 3239 3490 3315 σπομνησθήσῃ.

521 3327 614 3384 illa
628 3329 808 3387 virtus
838 3328 893 3385 in
924 3331 1250 3386 memoriam
1275 3332 1507 3388 redibit.

591 3417 676 3472 Ea:
699 3418 913 3474 Nicolai
961 3419 1314 3476 collectaneis.
1334 3453 1405 3463 —-
1432 3422 1600 3479 Cella:
1625 3423 1830 3480 Oceani
1881 3426 2105 3492 accolae,

504 3511 755 3581 .parietis
785 3522 881 3569 aut
909 3513 1111 3569 domus
1162 3516 1382 3570 ruinam
1427 3516 1622 3589 fugere
1656 3528 1819 3589 turpe
1871 3517 2103 3573 ducunt.

519 3602 855 3660 Adventanti
888 3620 1110 3676 quoque
1138 3606 1427 3662 reﬂuentis
1460 3606 1666 3663 Oceani
1713 3608 1870 3664 mstui
1906 3609 2106 3664 armati

516 3705 843 3763 occurrunt,
901 3708 1053 3755 eteo
1105 3714 1281 3770 usque
1335 3709 1663 3772 exspectant
1710 3702 1892 3758 donec
1946 3702 2109 3773 a‘quis

514 3789 712 3843 obruti
774 3790 1188 3861 demergantur,
1245 3806 1316 3846 ne
1345 3791 1610 3848 videlicet
1642 3793 1772 3865 fuga
1805 3792 2002 3849 mortis
2033 3794 2106 3850 ti-

501 3894 729 3934 morem
765 3878 822 3935 in
849 3880 960 3936 illis
984 3880 1161 3951 possit
1183 3897 1444 3951 arguere.

588 3968 812 4026 Corisci.
839 4002 909 4010 —-
928 3970 1193 4027 Coriseus
1222 3971 1523 4026 admodum
1558 3987 1909 4038 senex,-cum
1959 3972 2104 4028 ditii-

510 4061 611 4118 eili
642 4062 884 4135 quodam
918 4064 1115 4117 morbo
1146 4064 1417 4119 liberatus
1437 4071 1585 4120 esset
1622 4081 1635 4119 :
1665 4064 1872 4136 Apage,
1899 4065 2103 4135 inquit,

518 4173 687 4229 quam
752 4159 985 4213 moleste
1046 4174 1308 4214 reversus
1363 4174 1530 4225 sum,
1581 4160 1695 4230 jam
1756 4158 2104 4231 aliquantum

518 4253 626 4308 vite
657 4268 1003 4323 progressus,
1068 4268 1234 4323 quam
1286 4251 1547 4308 incedere
1590 4251 1820 4308 omnino
1876 4268 2105 4310 necesse

514 4353 630 4400 est.
1710 4348 1713 4351 λ

590 4435 807 4509 Pyrrhi.
837 4434 1053 4493 —Cum
1076 4434 1348 4508 Pyrrhus,
1377 4434 1547 4492 ducto
1568 4437 1624 4492 in
1655 4435 2105 4495 Lacedaemonios

510 4528 791 4594 exercitu,
826 4543 1024 4601 graves
1056 4526 1164 4584 illis
1191 4528 1370 4585 minas
1393 4528 1719 4597 intentaret,
1761 4528 2105 4604 Cercyllidas

2282 3409 2399 3471 ’Ἕκ
2431 3416 2539 3487 τῆς
2568 3418 2872 3473 Μκολὰου
2907 3419 3291 3490 συναγωγῆς.
3316 3451 3387 3465 --
3417 3420 3613 3475 Κελτοὶ
3643 3423 3692 3475 oi
3720 3422 3801 3491 τῷ

2222 3510 2465 3582 Ὠκεανῷ
2511 3510 2997 3584 γειτνιῶντες,(ν),
3043 3513 3268 3584 αίσχρὸν
3317 3513 3575 3583 ἡγοῦνται
3619 3518 3802 3585 τοῖχον

2211 3604 2632 3659 καταπίπτοντα
2681 3604 2714 3675 ἢ
2762 3603 2940 3660 οίκίαν
2983 3605 3249 3675 φεύγειν·
3311 3604 3698 3677 πλημμυρίδος
3737 3607 3799 3661 δὲ

2209 3699 2275 3752 ὲκ
2303 3697 2404 3767 τῆς
2428 3698 2533 3763 ἔξω
2577 3697 2849 3770 θαλάττης
2893 3697 3272 3770 ἐπερχομένης
3294 3739 3309 3759 .
3350 3698 3468 3769 μεθ’
3489 3699 3670 3752 ὅπλων
3691 3701 3799 3752 ἀπο

2208 3792 2481 3854 αντῶντες
2514 3790 2901 3861 ὑπομένουσιν,
2938 3791 3046 3855 ἕως
3076 3790 3524 3856 κατακλύζωνται
3547 3835 3562 3859 ,
3602 3791 3691 3846 ἶνα
3720 3792 3796 3863 μὴ

2209 3881 2412 3935 δοκῶσι
2445 3880 2741 3949 φεύγοντες
2769 3881 2865 3936 τὸν
2888 3880 3121 3937 θάνατον
3150 3882 3457 3953 φοϐεῖσθαι.

2280 3973 2601 4042 Κορίσκου.
2649 4002 2721 4014 —-
2770 3971 3044 4040 Κορίσκος
3094 3967 3155 4026 εὖ
3208 3972 3355 4043 μάλα
3386 3971 3564 4042 γέρων
3589 3969 3684 4035 ῶν,
3716 3969 3792 4034 ὡς

2207 4064 2318 4120 ἀπό
2361 4083 2507 4130 τινος
2554 4063 2798 4137 χαλεπῆς
2834 4066 3152 4139 ἀρρωστίας
3186 4065 3520 4138 ἀνέρρωσεν,
3552 4065 3788 4133 Ἀπαγε,

2207 4157 2343 4228 ἔφη,
2393 4159 2470 4223 ὡς
2517 4156 2699 4228 ἀηδῶς
2742 4157 3083 4229 ἀνέστροφα,
3138 4155 3240 4229 ἠδη
3286 4156 3384 4227 τῆς
3423 4153 3544 4209 ὁδοῦ
3587 4172 3790 4227 προκε-

2206 4250 2411 4321 κοφὼς,
2449 4252 2516 4325 ἥν
2544 4251 2626 4305 δεῖ
2654 4253 2873 4318 πάντως
2901 4251 3261 4324 πορευθῆναι.

2276 4432 2514 4501 Πύρῤου
2533 4431 2576 4485 ⁸.
2612 4459 2684 4470 -
2719 4428 2941 4503 Πύρρον
2969 4429 3510 4501 ’ἐπιστρατεύσαντος
3541 4431 3655 4494 τοῖς
3685 4429 3793 4484 Δα-

2183 4522 2610 4592 ·κεδαιμονίοις,’
2651 4522 2746 4577 καὶ
2791 4520 2963 4576 πολλά
2989 4519 3370 4586 ἀπειλοῦντος,
3420 4518 3793 4589 Κερκνλλίδας

501 4631 665 4676 unus
710 4637 741 4676 e
774 4628 1095 4677 senatorum
1142 4638 1377 4679 numero
1411 4623 1479 4678 .in
1513 4622 1782 4679 concione
1827 4639 2101 4696 surgens:

2208 4610 2290 4680 εἷς
2334 4614 2444 4668 τῶν
2488 4613 2763 4686 γερόντων
2794 4612 3034 4675 ἀναστὰς
3076 4613 3136 4664 ὲν
3162 4613 3228 4681 τῇ
3266 4609 3583 4681 Ἐκκλησία,
3613 4605 3789 4662 εἶπεν·

519 4706 599 4770 Si,
636 4709 838 4779 inquit,
888 4709 1036 4765 Deus
1085 4719 1169 4765 est
1200 4709 1248 4765 is
1277 4710 1373 4781 qui
1425 4711 1695 4779 minatur,
1744 4710 1887 4766 nihil
1935 4711 2103 4769 nobis

511 4799 902 4865 metuendum,
924 4810 985 4856 ut
1009 4802 1104 4872 qui
1139 4817 1238 4872 per
1272 4802 1528 4875 injuriam
1584 4803 1728 4859 nihil
1756 4803 2101 4862 laeserimus:

519 4891 604 4946 sin
629 4899 816 4947 autem
852 4892 1041 4957 homo,
1070 4895 1209 4949 sciat
1229 4910 1288 4949 se
1315 4895 1453 4951 viris
1474 4894 1747 4951 minitari.

588 4985 675 5042 Ex
696 4985 934 5042 Plutarc.
964 4987 1232 5043 Historiis.
1269 5019 1340 5028 —
1370 4988 1569 5044 Darius
1624 4989 1924 5044 Persarum
1980 5005 2101 5056 rex,

508 5091 895 5138 trecentorum
930 5081 1170 5136 millium
1215 5081 1459 5136 militum
1511 5080 1679 5136 ducto
1724 5081 1994 5148 exercitu,
2028 5084 2098 5140 ad

2207 4711 2274 4764 Εί
2304 4709 2403 4781 μὲν
2430 4708 2565 4774 Θεός
2591 4708 2740 4763 ἐστιν
2768 4706 2798 4760 ό
2828 4704 3071 4762 ἀπειλῶν
3091 4744 3105 4768 ,
3146 4704 3221 4778 μὴ
3251 4702 3580 4776 φοϐώμεθαο
3638 4701 3791 4756 οὐδὲν

2203 4804 2312 4876 γὰρ
2358 4800 2694 4874 ἀδικοῦμεν·
2747 4802 2797 4855 εί
2842 4799 2891 4854 δ’
2919 4798 3205 4872 ἄνθρωπος
3228 4837 3244 4863 ,
3296 4794 3489 4867 γνώτω
3532 4793 3789 4867 ἀνδράσιν

2202 4899 2311 4953 ἀπε
2319 4895 2463 4951 ιλῶν.

2285 4991 2381 5044 Ἐκ
2409 4989 2519 5045 τοῦ
2544 4984 2939 5056 Πλουτάρχου
2977 4981 3291 5051 Ἱστοριῶν.
3320 5009 3347 5024 ο
3386 4982 3610 5052 Δαρεῖος
3630 4980 3658 5034 ὁ
3681 4978 3795 5032 τῶν

2201 5080 2433 5152 Περσῶν
2466 5078 2722 5151 βασιλεὺς
2771 5075 2916 5148 μετά
2945 5076 3246 5147 τριάκοντα
3278 5070 3557 5144 μυριάδων
3588 5071 3646 5124 ἐν
3672 5072 3782 5125 Ma.

1858 5197 2229 5259 ςἱῘΑΒΙΟῐὶυΜ
2259 5196 2493 5255 ΝΟΤιΕ.

578 5303 608 5336 ·²
635 5299 746 5357 Seu
766 5299 936 5373 magis
966 5297 1290 5373 Cercyllidm
1320 5299 1377 5353 in
1407 5297 1701 5370 Pyrrhum.

2033 5386 2271 5444 ΝΟΤᾸΞ.

578 5510 661 5587 (τ)
694 5507 1132 5587 Κςλτοί,ηοί-τῷ
1153 5576 1166 5587 ι
1192 5506 1452 5587 Ὠκεαζῷ
1490 5502 1943 5587 τειτνιάζοντες.
1996 5505 2101 5587 Fa-

510 5574 711 5635 buio'sa
744 5579 1110 5650 haecgNieolai
1146 5576 1337 5650 (quem
1374 5574 1776 5650 Damascenum
1803 5575 1994 5639 velim,
2030 5574 2101 5630 de

510 5658 629 5728 quo
649 5650 821 5704 multa
859 5648 1027 5728 _Suid'.
1080 5647 1458 5721 prosequitur,
1512 5647 1783 5728 et.cujus
1834 5660 2010 5728 unum
2043 5654 2103 5727 et

516 5715 756 5775 alterum
786 5720 1046 5775 volumen
1080 5715 1327 5789 'operum
1385 5715 1612 5789 memini
1660 5715 2003 5789 me‘vid‘isse
2042 5715 2101 5769 in

520 5803 651 5843 mss.
715 5789 879 5842 codd.
915 5790 1036 5845 Em.
1088 5786 1566 5851 eard.’Maz'arini,
1618 5786 1713 5858 qui
1763 5786 1820 5841 in
1872 5786 2099 5858 Regiam

518 5871 709 5928 gazam
735 5873 913 5928 nuper
930 5858 1065 5912 illati
1092 5862 1243 5927 sunt)
1266 5868 1362 5912 aut
1388 5867 1538 5913 certe
1567 5857 1651 5911 sic
1675 5857 2098 5928 exaggeratione

518 5925 693 5995 dicta,
718 5926 784 5980 ad
809 5925 1076 5982 summam
1102 5925 1285 5999 gentis
1316 5928 1693 5995 audaciam,et
1722 5925 1845 5998 quae
1876 5926 2097 5982 fortitu-

2208 5505 2356 5563 dinis
2384 5513 2559 5561 metas
2594 5499 3057 5574 propeexcedat,
3090 5512 3157 5553 ac
3197 5493 3524 5574 temeritatis
3572 5489 3785 5574 aliquid

2208 5576 2413 5631 habere
2437 5562 2718 5637 videatur;
2756 5569 3165 5643 denotandam:
3193 5573 3503 5643 quatamen
3521 5562 3782 5643 audacia,

2206 5646 2355 5701 haud
2378 5660 2524 5711 raro,
2549 5659 2672 5715 quas
2695 5632 2914 5699 omnem
2936 5632 3227 5715 excedant
3244 5634 3430 5699 ﬁdem,
3463 5632 3785 5715 felicissime

2199 5700 2492 5788 praestant,
2512 5700 2624 5770 'née
2646 5726 2879 5788 usquam
2906 5708 3179 5788 crebrius,
3231 5720 3397 5788 quam
3438 5710 3640 5788 nostra
3682 5700 3786 5788 bac

2195 5769 2496 5858 {etate,v.el
2525 5769 2704 5854 nuper
2728 5769 3040 5858 Turcarum
3098 5769 3781 5858 Hungariconbellogjel

2197 5841 2538 5929 paulo'ante,
2568 5841 3064 5921 récentissimaque
3102 5841 3394 5914 memoria,
3425 5841 3746 5914 Hispanico.
