4094 6380
463 320 589 388 τ’ὖτ

1783 327 1953 389 LOCI
1992 327 2447 389 COMMUNES.»

3626 327 3734 391 758

544 441 846 506 Χρυσοστ.
885 461 950 476 -
992 435 1205 505 Ὠσπερ
1234 434 1381 505 ψυχὴ
1416 435 1545 490 ἄνευ
1571 434 1823 506 σώματος
1870 435 1931 488 οὐ
1957 451 2053 488 κα-

2231 434 2500 506 Clzrysost.
2532 465 2601 510 έ-
2637 433 2708 491 Ut
2731 434 2914 489 anima
2938 432 3056 489 sine
3090 449 3320 504 corpore
3357 449 3471 489 non
3505 444 3737 490 vocatur

459 524 645 583 λεϊται
665 525 972 596 ἄνθρωπος,
1013 524 1135 578 οὐδὲ
1171 521 1238 596 ἦν
1283 523 1440 595 σῶμα
1471 526 1597 579 ἄνευ
1627 525 1807 596 ψυχῆς
1829 540 1843 556 ·
1883 525 2057 590 οὕτως

464 619 597 673 οὐδὲ
639 615 831 687 ἀγάπη
862 615 997 686 πρὸς
1030 615 1180 678 Θεὸν,
1231 616 1326 670 ἐὰν
1365 617 1439 688 μὴ
1484 616 1584 690 ἔχῃ
1625 615 1918 671 ἀκόλουθον
1964 619 2058 671 καὶ

467 711 574 781 τὴν
620 709 759 782 πρὸς
806 708 901 762 τίον
937 707 1166 777 πλησίον
1213 708 1470 779 ἀγάπην.-

554 802 718 856 Οὖδὲν
741 801 996 871 ὁμονοίας
1024 801 1162 854 ῐσον.
1201 799 1260 853 '0
1298 800 1406 873 γὰρ
1437 795 1553 867 εἷς,
1575 800 1866 864 πολλοστός
1902 801 2058 854 ’ἐστιν

412 958 423 963 ,
483 895 675 959 οὕτως.
700 895 799 946 Ἂν
824 893 934 964 γὰρ
958 892 1226 964 όμόψυχοι
1253 886 1357 946 ὧσι
1396 892 1539 964 Mei}
1569 893 1718 959 δέκα,
1750 891 1932 945 οὐκέτι
1977 886 2058 957 εἷς

479 988 630 1041 ἑστιν
657 988 686 1040 ὁ
733 980 837 1049 εἷς,
882 984 1018 1038 ἀλλά
1042 984 1419 1039 δεκαπλασίων
1442 983 1670 1063 ἕκαστος
1699 983 1877 1037 αὐτῶν
1911 984 2057 1053 γίνε-

470 1093 567 1133 ται
589 1094 605 1108 ·
649 1078 746 1131 καὶ
772 1078 1026 1149 εὑρήσεις
1053 1078 1250 1141 ἐνετοῖς
1301 1077 1433 1131 δέκα
1482 1077 1573 1130 τὸν
1599 1076 1715 1139 ἕνα,
1753 1076 1848 1129 καὶ
1877 1078 1934 1128 ὲν
1978 1074 2057 1146 τῷ

468 1167 559 1222 ἑνὶ
589 1168 714 1230 τοὺς
740 1167 891 1220 δέκα.
925 1166 1045 1220 Κᾶν
1061 1166 1290 1237 ἐχθροὺς
1315 1166 1511 1235 ἔχωσιν
1556 1168 1615 1219 ἐν
1648 1164 1726 1237 τῷ
1769 1165 1853 1218 ἐνὶ
1886 1182 2058 1236 προσ-

468 1253 678 1316 ϐαλὼν,
721 1257 780 1309 ὲν
807 1257 924 1318 τοῖς
981 1255 1117 1308 δέκα
1165 1253 1511 1325 προσϐαλὼν,
1548 1254 1723 1318 οὕτως
1752 1253 2052 1311 ἁλίσκεται.

482 1345 796 1417 Ἦπόρησεν
834 1348 863 1399 ὀ
892 1341 994 1410 εἷς,
1034 1345 1153 1399 ἀλλ’
1181 1347 1281 1400 οὐκ
1311 1347 1456 1401 ἔστιν
1486 1348 1544 1399 ὲν
1583 1346 1816 1418 ἀπορίᾳ·
1842 1344 1919 1417 τῷ
1946 1344 2056 1418 γὰρ

474 1434 684 1504 μείζονι
729 1432 884 1505 μέρει
935 1435 999 1487 τὸ
1057 1433 1299 1505 ἀποροῦν
1350 1436 1722 1500 συσκιάζεται.
1785 1434 2056 1500 Ἕκαστος

470 1525 680 1579 τούτων
729 1525 916 1579 εἴκοσι
942 1527 1130 1596 χεῖρας
1185 1511 1300 1596 ἔχει
1350 1529 1445 1581 καὶ
1483 1529 1686 1580 εἴκοσιν
1720 1526 2054 1598 ὀφθαλμοὺς,

469 1618 572 1669 καὶ
599 1616 767 1680 πόδας
800 1615 1088 1678 τοσούτους
1108 1659 1122 1678 ,
1158 1618 1250 1670 καὶ
1292 1617 1471 1688 ψυχὰς
1499 1619 1649 1672 δέκα.
1680 1620 1753 1672 Ού
1786 1620 1894 1691 γὰρ
1944 1621 2057 1683 τοῖς

466 1707 670 1761 ἑαυτοῦ
694 1708 1023 1777 μόνον,ἀλλ5ι
1055 1710 1146 1763 καὶ
1172 1714 1287 1773 τοῖς
1309 1710 1531 1763 ἐκείνων
1553 1710 1841 1781 ἐργάζεται
1856 1711 2053 1766 πάντα.

468 1796 539 1849 Et
585 1796 643 1851 δὲ
671 1797 768 1851 και
807 1798 1000 1852 ἑκατὸν
1029 1797 1268 1866 γένοιτο,
1319 1799 1380 1851 τὸ
1413 1800 1541 1852 αὐτὸ
1573 1777 1726 1854 ἐσται
1768 1801 1948 1855 πάλιν.
1999 1800 2057 1854 Ὀ
2088 1777 2131 1833 Β

468 1888 638 1953 αὐτὸς
666 1889 759 1942 καὶ
790 1891 850 1943 ὲν
882 1890 1106 1961 Περσίδι
1136 1891 1230 1944 καὶ
1278 1891 1336 1944 ὲν
1383 1891 1572 1962 Ῥώμῃ
1598 1891 1819 1943 δύναται
1872 1886 2014 1944 εἶναι
2038 1908 2053 1923 ο

470 1977 572 2032 καὶ
601 1979 738 2049 ὅπερ
773 1978 934 2049 φύσις
971 1980 1032 2033 οὐ
1059 1979 1303 2045 δύναται,
1337 1982 1370 2052 ὴ
1400 1980 1589 2051 ἀγάπη
1638 1980 1882 2036 δύναται.
1930 1980 2057 2034 Ἐὰν

473 2059 571 2121 οὖν
591 2065 794 2136 χιλίους
824 2067 952 2140 ἔχῃς
997 2068 1189 2138 φίλους
1231 2070 1265 2140 ἢ
1291 2068 1609 2139 δισχιλίους,
1656 2071 1909 2141 ἐννόησον
1953 2073 2056 2125 ποῦ

480 2158 640 2213 πάλιν
667 2158 1041 2232 ὑπερϐήσεται
1070 2150 1136 2215 τὰ
1169 2162 1270 2231 τῆς
1303 2163 1606 2233 δυνάμεως.
1650 2162 1724 2217 Τὸ
1764 2166 1871 2236 γάρ
1922 2164 2057 2217 Θαυ-

478 2250 682 2318 μαστὸν
702 2250 861 2304 τοῦτό
878 2253 1016 2319 ἐστι,
1054 2252 1116 2306 ea
1145 2253 1413 2324 χιλιοστὸν
1432 2255 1655 2326 ποιῆσαι
1689 2256 1802 2309 ἕνα.
1838 2256 2057 2310 Βέλτιον

473 2340 583 2412 γὰρ
610 2343 742 2413 ἡμῖν
787 2341 1082 2413 σϐεσθῆναι
1127 2342 1219 2397 τὸν
1249 2344 1429 2414 ἥλιον,
1459 2344 1515 2416 ἢν
1549 2345 1717 2415 φίλων
1749 2347 2061 2419 ἀποστερη-

471 2430 656 2502 θῆναι.
710 2434 901 2487 Πολλοὶ
938 2436 1049 2506 γὰρ
1100 2436 1194 2489 τὸν
1243 2435 1393 2507 ἣλιον
1447 2437 1705 2508 ὁρῶντες,
1767 2440 1826 2492 ἐν
1882 2440 2059 2511 σκότῳ

470 2522 618 2577 ιίσίο
654 2524 824 2596 φίλων
865 2526 923 2580 δὲ
972 2525 1350 2597 εὐποροῦντες,
1398 2529 1510 2583 οὐδ’
1545 2530 1611 2584 ἂν
1653 2531 1710 2584 ἐν
1750 2530 1926 2601 (mea.
1959 2532 2053 2601 γέ-

472 2631 670 2671 νοιντο.
710 2617 874 2671 Οὐδὲν
893 2618 1025 2690 γὰρ,
1047 2619 1199 2673 οὐδὲν
1227 2621 1326 2691 τῆς
1353 2622 1574 2693 ἀγάπης
1598 2621 1931 2695 γλυκύτερον
1960 2625 2057 2692 γέ-

471 2722 619 2761 νοιτο
643 2709 727 2763 ἄν.
781 2709 849 2762 Τί
892 2709 1001 2781 γὰρ
1028 2712 1128 2765 οὐκ
1169 2713 1235 2766 ἂν
1267 2704 1568 2781 ὲργᾶσαιτο
1623 2714 1776 2784 φίλος
1802 2716 2055 2787 γνήσιος

474 2799 654 2869 πόσην
699 2801 798 2872 μὲν
837 2802 937 2856 οὐκ
983 2801 1050 2858 ἂν
1091 2805 1444 2877 ὲμποιήσειεν
1500 2805 1729 2876 ήδονήν;
1782 2807 1956 2877 πόσην
2000 2808 2057 2862 δὲ

476 2889 787 2960 ὠφέλειαν;
835 2893 1009 2964 πόσην
1043 2895 1379 2963 ἀσφάλειαν;
1438 2897 1542 2950 κᾶν
1587 2899 1814 2969 μυρίους
1852 2902 2059 2967 θησαυ-

479 2982 614 3053 ροὺς
660 2983 840 3056 εἴπῃς,
895 2985 1047 3040 οὐδὲν
1089 2987 1343 3053 ἀντάξιον
1394 2989 1617 3059 γνησίου
1659 2990 1815 3059 φίλου
1853 2990 2056 3062 εὕροις.

3500 542 3581 582 Sic
3631 542 3737 583 nec

2158 612 2400 672 charitas
2433 617 2657 687 quidem
2685 618 2739 670 in
2769 616 2963 680 Deum,
2996 616 3105 671 nisi
3133 617 3297 671 etiam
3340 617 3598 673 comitem
3640 618 3741 673 lia-

2157 705 2286 760 heat
2312 706 2639 761 charitatem
2677 707 2734 761 in
2771 708 3107 776 proximum.

2202 796 2379 869 ‘Nihil
2433 798 2741 853 concordia:
2770 813 2870 868 par
2921 798 3090 868 eique
3123 799 3578 867 comparandum.
3633 799 3734 853 Per

2157 905 2277 945 eam
2311 888 2456 943 enim
2495 890 2587 959 qui
2622 905 2765 943 unus
2789 898 2894 953 est,
2922 888 2977 942 in
3011 888 3159 944 hunc
3184 889 3411 942 modum
3447 888 3502 943 in
3535 887 3737 942 multos

2157 980 2416 1037 eilicitur.
2441 980 2494 1034 Si
2514 970 2660 1035 enim
2683 980 2793 1035 duo
2815 990 2910 1036 aut
2939 980 3132 1037 decem
3156 995 3266 1034 uno
3286 978 3470 1034 animo
3496 979 3741 1043 fuerint;

2158 523 2346 590 homo,
2382 542 2485 582 nec
2539 526 2781 581 vicissim
2830 540 3033 595 corpus
3060 525 3178 580 sine
3203 526 3386 580 anima
3435 544 3449 581 :

2161 1062 2304 1127 unus
2335 1064 2480 1125 haud
2517 1072 2756 1141 amplius
2790 1089 2935 1128 unus
2969 1082 3075 1137 est,
3106 1072 3203 1128 sed
3239 1072 3475 1141 quisque
3517 1070 3737 1124 illorum

2157 1164 2426 1234 demiplex
2457 1164 2743 1230 redditur;
2801 1164 3163 1235 offendesque
3211 1164 3266 1218 in
3302 1163 3494 1221 decem
3539 1177 3736 1224 unum,

2157 1264 2323 1324 atque
2358 1254 2412 1308 in
2463 1270 2574 1309 uno
2620 1254 2835 1309 decem.
2884 1253 3062 1333 AQuod
3096 1253 3141 1308 si
3174 1254 3364 1307 hostes
3407 1252 3518 1307 illis
3566 1250 3739 1320 aliqui

2157 1346 2289 1412 sint,
2329 1347 2423 1417 qui
2449 1334 2714 1401 cum'uno
2740 1361 3074 1416 congressus
3120 1344 3326 1408 fuerit,
3360 1344 3552 1399 decem
3593 1343 3741 1413 ipsos

2158 1438 2481 1508 impetierit,
2509 1438 2677 1509 inque
2702 1452 2829 1493 eum
2857 1436 3084 1492 modum
3112 1437 3389 1492 vincetur.
3414 1436 3550 1505 Eget
3573 1449 3738 1497 unus,

2156 1550 2261 1609 nec
2299 1543 2479 1589 tamen
2510 1542 2752 1604 egestate
2796 1531 3069 1602 premitur
3100 1548 3114 1584 :
3158 1530 3352 1603 majori
3386 1530 3534 1591 enim
3584 1537 3742 1598 parte

2159 1634 2214 1678 et
2247 1640 2480 1679 numero
2515 1632 2733 1694 egestas
2763 1622 3063 1693 obtegitur.
3111 1620 3354 1690 Quisque
3390 1620 3612 1674 illorum
3656 1616 3741 1671 vi-

2159 1716 2294 1786 ginti
2338 1716 2596 1770 manibus
2638 1714 2902 1786 praeditus
2926 1723 3012 1769 est
3040 1755 3055 1772 .
3106 1713 3416 1784 vigintique
3446 1712 3626 1766 oculis
3677 1726 3742 1764 ac

2162 1808 2388 1864 totidem
2417 1807 2673 1878 pedibus,
2723 1806 3027 1876 decemque
3068 1803 3378 1859 anin'iabus.
3429 1803 3550 1856 Non
3590 1800 3742 1855 enim

2159 1900 2274 1954 suis
2310 1910 2544 1964 tantum,
2572 1898 2668 1955 sed
2701 1906 2759 1953 et
2790 1897 3021 1953 aliorum
3052 1905 3254 1975 cuncta
3300 1893 3564 1949 membris
3614 1906 3745 1960 ορε-

2160 2004 2314 2048 ratur
2339 2009 2403 2049 ac
2431 1993 2667 2047 viribus.
2707 1990 2802 2047 Sin
2830 1999 3017 2046 autem
3051 1989 3218 2043 etiam
3242 1996 3473 2057 centum
3512 1983 3741 2046 fuerint,

2160 2084 2303 2138 idem
2334 2099 2527 2138 rursus
2555 2081 2857 2152 continget.
2891 2080 3041 2135 Idem
3081 2094 3208 2134 cum
3245 2079 3300 2155 in
3334 2074 3583 2137 Perside,
3622 2083 3739 2128 tum

2158 2175 2347 2229 Roma:
2382 2190 2503 2229 esse
2539 2172 2746 2244 poterit
2779 2191 2792 2226 :
2825 2172 3085 2243 quodque
3130 2177 3330 2238 natura
3367 2183 3477 2222 non
3518 2174 3701 2236 potest
3729 2205 3743 2226 ,

2159 2267 2213 2321 id
2245 2265 2470 2322 dilectio
2501 2266 2843 2336 prmstiterit.
2880 2264 2936 2320 Si
2963 2265 3135 2334 igitur
3163 2262 3422 2319 millenos
3446 2275 3545 2315 seu
3577 2258 3747 2313 etiam

2160 2359 2247 2412 bis
2284 2359 2538 2413 millcnos
2589 2357 2798 2413 amicos
2836 2365 3034 2411 nactus
3058 2355 3251 2417 fueris,
3299 2352 3477 2423 cogita
3508 2366 3620 2419 quo
3654 2348 3751 2404 dc-

2158 2468 2309 2506 mum
2366 2452 2657 2522 potestatis
2711 2450 3041 2505 excellentia
3091 2446 3355 2504 evaserit.
3423 2442 3539 2498 Hoc
3599 2442 3745 2498 enim

2158 2558 2427 2596 summam
2456 2542 2623 2596 habet
2652 2539 3099 2604 admirationem,
3133 2536 3281 2607 quod
3309 2549 3456 2590 unus
3484 2534 3540 2588 in
3564 2531 3750 2586 mille-

2144 2625 2261 2688 'nos
2312 2641 2600 2702 augeatur.
2658 2630 2951 2685 Prmstaret
2992 2625 3271 2695 exstingui
3329 2620 3493 2677 nobis
3550 2619 3744 2681 solem,

2157 2738 2321 2794 quam
2356 2722 2547 2797 amicis
2582 2720 2791 2776 orbari.
2819 2718 3036 2774 Etenim
3066 2717 3249 2783 multi,
3284 2729 3412 2770 cum
3446 2711 3621 2767 solem
3661 2709 3747 2762 \i-

2159 2815 2345 2878 deant,
2377 2813 2432 2868 in
2460 2812 2710 2868 tenebris
2741 2819 3040 2867 versantur
3074 2827 3088 2863 :
3121 2816 3198 2874 at,
3257 2805 3352 2876 qui
3397 2802 3603 2859 multos
3647 2799 3748 2854 ha~

2157 2907 2293 2961 bent
2319 2907 2551 2970 amicos,
2577 2904 2615 2959 ii
2644 2920 2713 2960 ne
2736 2904 2790 2959 in
2824 2903 3134 2974 angustiam
3166 2898 3392 2971 quidem
3425 2892 3748 2950 inciderint.

2112 3034 2118 3040 -
2158 2998 2304 3053 Nihil
2329 2998 2501 3064 enim,
2531 2996 2675 3051 nihil
2709 2996 2900 3067 utique
2932 2992 3230 3049 dilectione
3258 2989 3432 3061 possit
3462 3001 3584 3042 esse
3623 3000 3754 3040 sua-

476 3075 593 3131 Καὶ
620 3076 873 3149 καθάπερ
900 3076 969 3132 τὰ
996 3077 1226 3150 λαμπρά
1257 3080 1368 3134 τῶν
1399 3081 1669 3152 σωμάτων
1695 3083 1855 3147 ἄνθος
1886 3085 2054 3156 ἀπορ-

2161 3087 2306 3141 vius.
2331 3085 2473 3153 Quid
2507 3085 2657 3141 enim
2690 3100 2801 3139 non
2826 3084 3028 3141 eﬂiciat
3054 3098 3224 3139 verus
3269 3077 3524 3134 amicus?
3581 3090 3749 3145 quam

481 3168 574 3238 per
596 3169 669 3239 (κ)
719 3169 858 3241 πρὸς
887 3171 1016 3244 τοὺς
1064 3173 1291 3242 πλησίον
1319 3174 1518 3237 τόπους
1537 3190 1552 3203 ⁸
1583 3171 1725 3226 οὕτω
1755 3175 1849 3227 καὶ
1890 3174 2057 3244 φίλοι,
2108 3214 2111 3215 ν

473 3249 561 3321 οἷς
596 3256 690 3312 ἐὰν
720 3242 1350 3329 παραγένωνταιτόποις,
1401 3261 1608 3315 ἑαυτῶν
1638 3262 1799 3334 χάριν
1842 3242 2056 3332 ἀφιᾶσι.

478 3348 748 3488 Κρεῖσσον
793 3349 905 3421 γὰρ
950 3350 1027 3411 ,ὲν
1085 3352 1262 3423 σκότῳ
1313 3353 1551 3422 διάγειν,
1618 3353 1652 3423 ἢ
1701 3354 1871 3425 φίλων
1918 3353 2059 3412 εἶναι

478 3453 598 3488 ymo
622 3455 670 3488 ς.

474 3453 670 3507 χωρις.

2164 3180 2507 3250 voluptatem
2542 3194 2652 3232 non
2693 3177 2933 3232 aﬂ'erat?
2988 3190 3156 3245 quam
3206 3168 3555 3229 utilitatem?
3587 3184 3755 3238 quam

2166 3269 2577 3326 securitatem?
2626 3269 2724 3324 Vel
2767 3266 2812 3323 si
2862 3267 3112 3323 infinitos
3158 3267 3449 3322 thesauros
3489 3260 3699 3317 dixeris
3736 3300 3751 3324 ,

2162 3361 2306 3417 nihil
2343 3361 2490 3433 quod
2539 3345 2665 3417 eum
2688 3375 2822 3416 vero
2866 3360 3048 3416 amico
3089 3357 3395 3429 comparari
3428 3354 3626 3425 possit,
3664 3351 3753 3405 in-

2168 3454 2406 3508 veneris.
2469 3453 2536 3507 Et
2591 3450 3061 3522 quemadmodum
3148 3447 3442 3519 splendida
3514 3457 3752 3514 corpora

478 3538 736 3585 ornatum
767 3531 1060 3611 quemdam
1082 3533 1150 3588 ad
1175 3534 1357 3590 lucem
1381 3534 1702 3592 diffundunt
1766 3538 1821 3592 in
1891 3538 2229 3597 circumfusa
2293 3561 2357 3598 ac
2411 3543 2594 3598 vicina
2647 3543 2815 3598 loca:
2858 3542 2940 3597 sic
2973 3540 3137 3597 amici
3185 3539 3504 3608 ubicunque
3549 3533 3749 3589 versati

479 3618 708 3689 fuerint,
757 3638 827 3676 ex
856 3638 914 3678 se
942 3624 1173 3696 gratiam
1207 3641 1270 3681 ac
1335 3625 1667 3714 suavitatem
1730 3629 1965 3698 spirant.
2038 3631 2279 3688 Proinde
2310 3635 2484 3690 satius
2518 3643 2604 3690 est
2647 3635 2703 3689 in
2750 3632 2995 3688 tenebris
3049 3629 3300 3698 versari,
3344 3642 3512 3701 quam
3557 3623 3754 3680 amicis

468 3711 713 3783 privari.

553 3804 738 3871 Γρηγ.
761 3803 1036 3870 Νύσσης.
1066 3833 1138 3849 .—
1164 3804 1378 3875 Ὥσπερ
1410 3805 1478 3860 τὰ
1500 3807 1675 3877 εὐώδη
1699 3808 1807 3862 τῶν
1835 3808 2064 3881 ἀρωμά-

481 3908 613 3958 των,
658 3894 759 3964 τῆς
811 3890 946 3956 ιδίας
1005 3894 1261 3960 εὐπνοίας
1321 3896 1413 3950 τὸν
1464 3900 1872 3971 παρακείμενον
1927 3902 2065 3974 ἀέρα

486 3984 674 4057 πλήρη
734 3985 1015 4050 ποιοῦσιν,
1053 3983 1226 4050 οὕτως
1280 3985 1474 4053 ἀνδρὸς
1523 3989 1730 4057 ἀγαθοῦ
1792 3992 2064 4062 παρουσία

482 4075 617 4138 τοὺς
656 4075 826 4140 πέλας
853 4075 1109 4147 ὀνίνησιν.

562 4167 883 4235 Εὑατρίου.
916 4196 987 4207 -
1039 4168 1289 4238 Ἀγάπη,
1330 4170 1400 4224 τὰ
1442 4171 1845 4241 φλεγμαίνοντα
1900 4177 2065 4247 μόρια

479 4254 582 4311 τοῦ
616 4256 791 4323 θυμοῦ
816 4257 1131 4330 Θεραπεύει.

556 4348 844 4414 Φίλωνος.
871 4378 942 4390 --
965 4350 1122 4404 Φίλον
1150 4351 1405 4421 ἡγητέον,
1433 4353 1526 4406 τὸν
1561 4354 1789 4426 βοηθεῖν»
1811 4358 1906 4411 καὶ
1934 4344 2095 4413 ἀντ-⁸

481 4442 714 4510 ωφελεῖν
747 4441 1018 4511 ἐθέλοντα,
1056 4441 1261 4519 κάν-μὴ
1284 4442 1537 4515 δύνηται.

576 4619 671 4675 Ἐκ
703 4622 907 4692 χρυσοῦ
940 4623 1201 4695 ποτηρίου
1234 4623 1408 4678 πίνειν
1444 4626 1757 4697 φάρμακον,
1793 4630 1889 4683 καὶ
1918 4631 2070 4702 παρὰ

479 4711 645 4785 φίλου
661 4713 973 4785 ἀγνώμονος
1001 4715 1331 4782 συμϐουλίαν
1346 4716 1665 4787 λαμϐάνειν,
1683 4722 1876 4775 ταυτόν
1901 4723 2069 4779 ἔστιν.

552 4806 735 4880 ΔΣκεύη
773 4808 872 4878 μὲν
903 4809 974 4863 τὰ
1014 4810 1198 4877 καινὰ,
1242 4809 1527 4881 κρείττονα
1550 4827 1565 4841 ·
1606 4813 1762 4882 φιλία
1791 4813 1869 4880 δὲ,
1903 4817 1937 4886 ἡ
1964 4832 2073 4870 πα·-

482 4898 744 4972 λαιοτέρα
757 4936 775 4954 .

560 4994 627 5048 υί
646 4996 744 5064 μὲν
766 4995 829 5048 ὲκ
855 4994 956 5065 τῆς
999 4997 1104 5065 γῆς
1137 4995 1342 5065 καρποὶ
1371 4996 1492 5049 κατ’
1521 4998 1768 5051 ἐνιαυτόν
1789 5014 1801 5029 ο
1829 5001 1877 5052 oi
1916 4999 1973 5053 δὲ
2001 5003 2066 5055 ἐκ

481 5087 589 5157 τῆς
618 5087 820 5155 φιλίας,
849 5087 990 5142 κατά
1030 5088 1203 5140 πάντα
1235 5087 1422 5157 καιρὸν
1454 5087 1696 5158 φύονται.

565 5178 756 5232 Πολλοὶ
776 5170 964 5248 φίλὸυς
991 5180 1267 5250 αἱροῦνται
1287 5221 1302 5245 ,
1349 5179 1411 5232 ού
1456 5180 1585 5244 τοὺς
1628 5181 1903 5250 ἀρίστους,
1932 5183 2069 5237 ἀλλὰ

485 5270 620 5335 τοὺς
640 5271 1004 5334 πλουτοῦντας

2243 3805 2647 3877 Gregor.Nyss.
2701 3834 2773 3846 ——
2806 3802 3282 3871 Quemadmodum
3349 3804 3583 3860 odorata
3627 3823 3758 3862 aro-

2171 3900 2527 3965 mata,suavi,
2550 3915 2716 3969 quam
2731 3898 2969 3970 spirant,
3000 3897 3325 3970 fragrantia,
3347 3898 3752 3955 circumfusum

2172 4003 2357 4044 aerem
2386 3988 2666 4059 complent
2697 4005 2712 4043 :
2750 3989 2831 4044 sic
2859 3988 2967 4044 viri
3008 3982 3143 4043 boni
3196 3986 3494 4059 praesentia
3534 3988 3754 4045 vicinos

2171 4082 2463 4137 commodo
2487 4080 2674 4137 afﬁcit.

2245 4173 2409 4246 548
2454 4174 2694 4245 Evagrii.
2742 4205 2815 4214 -—
2861 4173 3101 4231 Dilectio
3150 4173 3520 4229 inﬂammatas
3556 4189 3621 4229 ac
3668 4183 3757 4229 tu-

2170 4279 2386 4325 mentes
2414 4272 2509 4325 irae
2536 4278 2724 4341 partes
2755 4279 2936 4326 curat.
3306 4262 3309 4265 ’

2244 4361 2506 4417 Philonis.
2544 4392 2611 4402 —
2637 4362 2775 4416 Eum
2814 4361 3054 4416 amicum
3101 4360 3420 4415 existimare
3465 4358 3753 4423 debemus,

2172 4454 2269 4521 qui
2299 4454 2496 4524 iuvare
2549 4454 2839 4523 vicemque
2882 4451 3193 4523 rependere
3243 4450 3419 4521 cupit,
3467 4450 3572 4505 etsi
3612 4466 3753 4521 prae-

2098 4528 2150 4603 Ῐ)
2174 4550 2319 4597 stare
2344 4558 2457 4596 non
2485 4545 2695 4612 possit..

2243 4634 2348 4701 Qui
2380 4635 2450 4689 ab
2486 4634 2740 4705 improbo
2765 4634 2943 4689 amico
2991 4633 3289 4688 consilium
3336 4633 3561 4703 accipit,
3610 4633 3755 4688 idem

2168 4728 2321 4795 facit,
2353 4743 2418 4783 ac
2448 4727 2543 4803 qui
2569 4743 2636 4783 ex
2671 4742 2843 4782 aureo
2877 4726 3082 4797 poculo
3107 4741 3389 4781 venenum
3423 4726 3587 4780 bibit.

2241 4818 2378 4873 Vasa
2403 4818 2627 4888 quidem
2663 4834 2827 4884 nova,
2854 4818 3141 4873 veteribus
3174 4819 3594 4888 praestantiora:
3621 4808 3759 4874 ami-

2171 4910 2304 4965 citia
2331 4925 2460 4964 vero
2487 4925 2599 4980 quo
2628 4910 2927 4973 vetustior,
2968 4926 3035 4965 eo
3062 4911 3280 4966 melior.

2248 5002 2435 5057 Terra:
2461 5002 2647 5074 fruges
2673 4990 2906 5073 singulis
2932 5002 3114 5065 annis,
3168 5011 3218 5057 at
3254 5002 3515 5058 amiciti:e
3543 5002 3758 5057 fructus

2175 5094 2328 5148 omni
2356 5103 2665 5149 nascuntur
2698 5101 3046 5164 tempestate.

2247 5166 2403 5237 Multi
2436 5183 2648 5239 amicos
2675 5183 2779 5238 sibi
2813 5184 3081 5254 deligunt,
3116 5199 3226 5237 non
3264 5183 3357 5252 qui
3393 5183 3584 5252 optimi
3619 5182 3751 5245 sint,

2176 5277 2271 5333 sed
2301 5278 2395 5343 qui
2425 5278 2748 5348 locupletes.

1520 5437 1523 5441 .
2016 5390 2243 5448 NOTAE.

1520 5437 1523 5441 .
2016 5392 2060 5445 Ν

470 5476 485 5482 ’
567 5476 639 5553 (.1)
668 5478 875 5553 Ἄνθος
906 5477 1167 5553 ἀπορῤε-ἷ.
1214 5478 1386 5544 Quasi
1415 5478 1515 5532 llos
1543 5479 1825 5553 (splendor
1853 5482 2062 5537 scilicet

2173 5485 2511 5547 Pron‘iethci,
2574 5485 2646 5538 Τὸ
2680 5485 2771 5538 σὺν
2826 5483 2935 5553 γὰρ
2993 5482 3182 5545 ἄνθος,
3218 5483 3521 5553 παντέχνου
3584 5481 3757 5552 πυρὸς

496 5549 700 5613 nclux)
744 5557 992 5605 ornatus.
1047 5548 1174 5602 inde
1232 5557 1417 5602 manat
1461 5559 1516 5603 et
1565 5551 1778 5604 delituit.
1837 5553 2066 5606 EXstant

487 5620 611 5674 haec
646 5619 844 5686 partim
868 5619 987 5686 ejus
1013 5617 1172 5673 Hom.
1208 5618 1242 5672 2
1289 5620 1344 5672 in
1375 5619 1394 5671 l
1445 5621 1511 5674 ad
1539 5621 1732 5675 Thess.
1772 5622 1933 5676 Ferte
1953 5623 2064 5675 Ma-

491 5690 677 5743 ximus
699 5704 766 5741 ex
794 5690 962 5743 variis
995 5689 1153 5747 locis.
1178 5690 1327 5743 hunc
1364 5690 1442 5743 sic
1483 5692 1758 5757 floridum,
1810 5693 2066 5747 amicitia:

491 5770 728 5824 tessera,
751 5760 1122 5814 concinnavit.
1149 5759 1319 5816 Alline
1357 5771 1434 5815 est
1467 5761 1599 5815 illud
1622 5761 1883 5832 Aﬂschyli,
1907 5763 2062 5817 initio

2176 5556 2357 5615 σέλας.
2391 5555 2489 5609 Ubi
2514 5556 2643 5611 Sch.
2676 5555 2768 5608 τὸν
2795 5551 2999 5623 κόσμον
3021 5553 3273 5622 exponit.
3332 5551 3463 5623 Flos
3492 5562 3612 5605 tuus
3644 5551 3755 5619 (or-

2172 5633 2336 5679 natus
2355 5626 2567 5695 scilicet
2593 5641 2655 5680 ac
2677 5622 2880 5695 cultus)
2904 5621 3043 5695 ignis
3061 5621 3296 5677 omnium
3323 5621 3543 5691 arti/iris
3569 5623 3754 5692 splen-

2173 5696 2269 5747 dor
2301 5714 2361 5750 ac
2393 5694 2588 5766 fulgor.
