4094 6394
438 389 543 458 761

1749 401 1919 472 LOCI
1958 408 2280 472 COMMUN
2287 410 2399 471 ES.

3594 400 3707 469 762

517 507 906 580 Κλειτάρχου.
942 541 1009 552 -—
1047 508 1282 570 Σεαυτοῦ
1312 517 1379 571 τά
1407 518 1736 590 ἀτυχήματα
1786 519 1894 573 τῶν
1934 521 2010 591 φίι

2193 519 2469 575 Clitarchi.
2491 551 2561 559 ——-
2584 503 2729 574 Tuas
2753 519 3091 597 calamitates
3115 518 3416 574 amicorum
3440 533 3562 573 esse
3592 519 3711 573 cxi-

436 598 552 655 λων
581 600 716 670 ἡγοῦ
744 615 756 630 ·
794 601 902 656 τῶν
930 602 985 656 δὲ
1015 604 1160 659 ίδίων
1186 607 1582 679 εὐτυχημάτων
1609 609 1878 666 κοινώνει.

515 690 975 763 Τελευτησάντων
997 695 1108 751 τῶν
1138 698 1330 768 φίλων,
1364 701 1587 773 θρηνεῖν
1620 704 1719 774 μὲν
1739 705 1837 757 οὐκ
1861 704 2022 772 εύγεο

440 783 536 847 νὲς
556 800 569 814 ·
608 789 859 853 προνοεῖν
882 787 939 841 δὲ
958 789 1068 843 τῶν
1088 793 1328 857 οίκείων,
1362 774 1640 865 ἐπιμελές.

519 878 928 933 Κάτων.--Οὐ
968 882 1035 936 τὰ
1076 885 1334 955 χρήματα
1389 873 1553 957 φίλοι,
1606 886 1721 941 ἀλλ’
1776 888 1826 940 οἱ
1871 886 2024 956 φίλοι

445 970 727 1039 χρήματα.
764 971 877 1024 Καὶ
921 974 1178 1043 χρήματα
1234 978 1365 1047 μὲν,
1420 978 1601 1046 φιλίαν
1648 977 1903 1031 οὐδέποτε
1956 976 2023 1030 ἂν

443 1060 763 1131 ἐργάσαιτο,
795 1061 986 1133 ὥσπερ
1024 1066 1144 1120 οὐδὲ
1175 1069 1207 1136 ἡ
1236 1068 1307 1139 γῆ
1347 1069 1480 1123 Θεὸν
1505 1086 1518 1099 ·
1577 1069 1730 1138 φιλία
1794 1069 1852 1122 δὲ
1873 1069 2027 1140 ’χρήά

442 1167 594 1250 ματα
627 1151 828 1223 ῥᾳδίως
879 1155 1143 1226 κτήσαιτο
1191 1156 1406 1233 [κτίσ.],
1439 1161 1690 1233 καθάπερ
1736 1161 1833 1214 καὶ
1889 1160 2023 1225 Θεὸς

525 1259 571 1294 ν,

525 1259 571 1294 ν,

436 1255 732 1404 γηὭσπερ
774 1335 1031 1404 μέλιτταν
1066 1340 1125 1393 ού
1157 1340 1244 1396 διὰ
1291 1345 1352 1397 τὸ
1381 1344 1605 1415 κέντρον
1656 1348 1852 1417 μισεῖς,
1885 1345 2022 1399 ἀλλά

434 1419 533 1476 διὰ
585 1423 677 1477 τὸν
731 1426 942 1494 καρπὸν
984 1430 1280 1499 τημελεῖς·
1336 1432 1480 1487 οὕτω
1546 1434 1641 1489 καὶ
1706 1436 1897 1504 φίλον,
1945 1435 2019 1508 μὴ

434 1508 514 1563 δι’
575 1513 867 1587 ἐπίπληξιν
922 1517 1285 1594 ἀποστραφῇς
1311 1563 1329 1589 ,
1364 1524 1499 1579 ἀλλά
1542 1525 1631 1579 διὰ
1673 1525 1772 1596 τὴν
1806 1524 2021 1580 εὔνοιαν

310 1608 323 1613 ⁷
432 1602 653 1672 ἀγάπα.

515 1695 706 1761 Ὅστις
769 1700 922 1768 φίλον
971 1702 1311 1775 λυπούμενον
1349 1704 1571 1774 ἔφυγεν,
1616 1706 1739 1759 οὐδὲ
1783 1706 1876 1760 τοῦ
1902 1705 2021 1778 χαί-

432 1800 627 1856 ροντος
660 1787 955 1846 ἀπολαύειν
983 1792 1171 1858 ἄξιος.

1040 1925 1416 1993 Μενάνδρου.

681 2031 885 2111 φιλεῖν
911 2032 1009 2111 δεῖ
1027 2034 1229 2111 (bona)
1250 2034 1636 2111 μισήσοντας
1651 2087 1666 2111 ,

549 2100 658 2173 βαι
680 2100 917 2173 μισέειν
934 2105 1015 2173 ὡς
1039 2104 1133 2157 καὶ
1160 2104 1556 2173 φιλήσοντας.

549 2170 784 2245 Χρυὰὸς
797 2171 916 2245 μὲν
944 2172 1069 2228 οἷδε
1086 2170 1695 2245 δοκιμάζεσθαίπυρὶ,

650 2242 1046 2314 πρὸς-φίλους
1145 2245 1349 2297 εὔνοια
1373 2247 1552 2313 καιρῷ
1583 2241 1860 2314 κρίνεται.

647 2311 829 2386 καιρῷ
852 2313 1226 2386 εὐτυχοῦντα
1264 2311 1843 2386 κολακὲὐωνῗφίλογ,

545 2382 766 2450 Καιροῦ
808 2383 988 2452 φίλος
1023 2383 1319 2453 πέφυκεν,
1358 2386 1494 2454 οὺχὶ
1519 2382 1871 2455 τοῦᾮίλσυ.

510 2511 590 2566 Οὐ
622 2513 889 2586 πρότερον
914 2512 1203 2586 ἀληθινοὺς
1232 2516 1421 2587 φίλους
1454 2519 1676 2591 κτῆσαι,
1732 2519 1863 2591 πρὶν
1896 2520 2018 2583 τοὺς

427 2602 676 2675 φαύλους
704 2605 1032 2679 ἀποδιὼξῃς.

504 2696 777 2751 Οὐδέποτε
816 2698 1066 2770 ὠρέχθην
1110 2703 1224 2765 τοῖς
1251 2702 1468 2765 πολλοῖς
1498 2701 1774 2773 ἀρέσκειν.
1805 2702 1875 2754 Ἀ
1918 2702 2016 2771 μὲν

422 2787 546 2859 γὰρ
577 2787 805 2853 ἐκείνοις
852 2790 1110 2860 ἤρεσκεν,
1140 2792 1242 2845 οὐκ
1271 2792 1473 2862 ἔμαθον
1507 2808 1521 2823 ⁸
1562 2791 1601 2848 ἀ
1627 2791 1674 2847 δ’
1721 2792 1871 2864 ᾔδειν
1902 2792 2013 2863 ἐγὼ

431 2881 658 2952 μακρὰν
677 2876 745 2952 ἦν
773 2881 875 2951 τῆς
916 2883 1140 2936 ὲκείκων
1169 2884 1485 2949 διαθέσεως.

503 2970 853 3040 Σωκράτης-η
878 3002 948 3014 -—
978 2975 1042 3027 0i
1070 2976 1335 3045 ἀδελφοὺς
1364 2978 1672 3047 παριόντες,
1703 2979 1799 3032 καὶ
1825 2978 2016 3043 ἄλλους

425 3061 619 3131 φίλους
646 3062 953 3134 ζητοῦντες,
980 3067 1357 3139 παραπλήσιοί
1401 3070 1507 3122 εἰσι
1527 3071 1640 3133 τοῖς
1664 3069 1763 3140 τὴν
1805 3069 2014 3123 ἑαυτῶν

420 3155 539 3226 γῆν
594 3156 747 3222 ἐῶσι,
803 3158 903 3229 τὴν
965 3159 1022 3213 δὲ
1073 3160 1360 3230 ἀλλοτρίαν
1410 3160 1737 3230 γεωργοῦσι.

503 3249 767 3314 Κριτίου.
799 3278 871 3292 --
903 3253 1094 3314 Ὅστις
1123 3254 1237 3315 τοῖς
1272 3251 1449 3321 φίλοις
1476 3252 1651 3306 πάντα
1679 3251 1816 3320 πρὸς
1846 3252 2008 3322 χάριν

421 3337 693 3407 πράσσων
719 3338 920 3408 ὁμιλεῖ,
955 3339 1051 3410 τὴν
1081 3340 1400 3412 παραυτίκα
1429 3339 1624 3412 ἡδονὴν
1650 3339 1851 3412 ἔχθραν
1875 3339 2013 3394 καο-

422 3424 643 3496 ίστησιν
682 3428 762 3491 είς
790 3425 1017 3500 ὕστερον
1053 3429 1272 3500 χρόνον.

502 3540 872 3607 Πολυαίνου.
907 3571 977 3582 -
1006 3543 1156 3613 Ὄσῳ
1184 3542 1252 3597 ἂν
1288 3543 1472 3598 πλεῖον
1507 3544 1893 3616 εύεργετήσεις
1920 3544 2012 3599 τδν

439 3628 619 3702 φίλον,
673 3634 916 3704 τοσούτῳ
953 3633 1155 3703 μᾶλλον
1209 3634 1271 3687 τὸ
1306 3634 1505 3688 σαυτοῦ
1540 3635 1822 3706 συμφέρον
1857 3637 2014 3706 ποιή-

424 3736 568 3785 σεις.
613 3722 1065 3795 Ἀντεπιστρέφει
1123 3724 1232 3795 γὰρ
1283 3725 1447 3779 πάλιν
1514 3726 1595 3789 είς
1632 3709 1819 3797 ”ὴμᾶς
1870 3706 1923 3797 ἡ·
1952 3725 2013 3794 ἐξ

425 3814 657 3868 ἐκείνων
691 3813 896 3870 εὔνοια.

503 3906 809 3975 Κυψέλου.
842 3937 911 3946 —
932 3906 1111 3972 Φίλοις
1143 3908 1431 3979 εὐτυχοῦσι
1478 3908 1572 3961 καὶ
1618 3909 1912 3982 ἀτυχοῦσιν
1934 3951 1948 3977 ,
1981 3913 2009 3966 ὁ

425 3997 597 4061 αὐτὸς
623 3997 758 4055 ίσθι.

510 4088 886 4156 Ἐπικτήτου.
924 4121 992 4131 -
1028 4091 1255 4160 tlte-513w
1309 4092 1388 4146 δεῖ
1423 4097 1612 4150 κακῶν
1667 4098 1859 4167 φιλίαν
1915 4099 2009 4151 καὶ

417 4180 654 4249 ἀγαθῶν
684 4181 779 4252 ἔχθ
789 4199 907 4252 ραν.

454 4314 459 4319 .
493 4272 667 4339 Σέξτ.
705 4303 775 4314 -
799 4274 891 4346 Μὴ
917 4277 1093 4349 κτήσῃ
1123 4277 1296 4346 φίλον,
1320 4271 1366 4348 ᾧ
1399 4277 1473 4351 μὴ
1499 4278 1679 4335 πάντα
1706 4279 2005 4345 πιστεύεις.

493 4451 717 4519 Κύρου.
755 4482 826 4492 --
858 4452 1182 4523 Πέμψαντος
1215 4453 1365 4528 αύτῷ
1408 4473 1557 4520 τινος
1581 4456 1787 4529 κόσμον
1813 4458 2007 4526 πολὺν,

2127 613 2288 667 stima
2326 631 2337 665 :
2371 621 2494 666 tuas
2522 620 2705 665 autem
2738 609 3129 681 prosperitates
3157 609 3237 665 eis
3266 608 3635 664 communica.

2195 703 2439 758 Mortuos
2463 703 2669 758 amicos
2695 701 2885 772 lugere
2911 699 3060 755 haud
3086 709 3173 755 est
3193 715 3548 770 generosum;
3584 714 3708 770 pro-

2124 794 2313 850 videre
2339 803 2524 851 aulem
2553 792 2890 860 domesticis,
2917 790 3212 862 diligentiae
3237 799 3340 845 est.

2195 883 2639 940 Catonis.—Non
2660 885 2865 940 divitiae
2880 883 3062 947 amici,
3093 882 3189 938 sed
3208 882 3367 937 amici
3382 881 3609 936 divitiae.
3636 881 3705 935 Et

2124 975 2332 1030 divitia:
2353 976 2577 1046 quidem
2594 991 2874 1046 nunquam
2914 974 3210 1029 amicitiam
3236 973 3489 1039 fecerint,
3506 972 3583 1027 uti
3602 988 3704 1029 nec

2125 1072 2274 1120 terra
2302 1066 2474 1120 Deum
2509 1083 2523 1119 :
2555 1065 2793 1121 amicitia
2820 1081 2950 1120 vero
2972 1064 3133 1118 facile
3159 1063 3379 1118 divitias
3406 1063 3701 1134 paraverit,

2126 1156 2591 1227 quemadmodum
2620 1165 2677 1211 et
2702 1157 2847 1212 Deus
2879 1164 3103 1210 terram.
3172 1180 3177 1185 ~

2194 1330 2265 1388 Ut
2290 1345 2445 1401 apem
2475 1324 2702 1400 prdpter
2726 1330 2979 1397 aculeum
3004 1344 3114 1383 non
3144 1328 3332 1393 odisti,
3358 1328 3452 1384 sed
3483 1337 3705 1401 propter

2122 1408 2363 1478 fructum
2393 1422 2547 1478 foves
2575 1438 2639 1477 ac
2662 1422 2799 1477 colis
2835 1439 2849 1476 :
2885 1423 2968 1477 sic
3000 1429 3056 1476 et
3083 1421 3317 1475 amicum
3351 1436 3481 1475 cave
3509 1421 3705 1492 objur-

2123 1515 2359 1586 gationis
2382 1514 2679 1569 acerbitate
2703 1514 2949 1569 offensus
2975 1513 3265 1578 averseris,
3288 1512 3384 1567 sed
3407 1511 3572 1584 dilige
3594 1528 3703 1586 qua

2125 1617 2177 1662 te
2204 1607 2586 1662 benevolentia
2615 1606 2765 1661 colit.

2194 1697 2296 1763 Qui
2333 1697 2500 1751 rebus
2535 1697 2789 1752 tristibus
2821 1699 3055 1753 amicum
3091 1699 3321 1771 fugerit,
3347 1715 3527 1772 neque
3558 1698 3702 1756 laetis

2126 1804 2188 1842 ac
2218 1788 2325 1842 illis
2355 1789 2627 1859 gaudente
2657 1789 2857 1860 dignus
2884 1800 2968 1845 est
2999 1791 3184 1860 potiri.

2771 1923 3069 1982 Menandri.

2121 2034 2206 2087 Sic
2235 2035 2378 2087 decet
2406 2052 2611 2097 amare,
2638 2043 2697 2088 ut
2724 2037 2812 2104 qui
2835 2037 2953 2089 odio
2981 2036 3212 2091 habituri
3238 2040 3361 2102 sint,

2120 2104 2307 2173 Sicque
2335 2105 2503 2159 odisse
2521 2146 2535 2169 ,
2559 2114 2614 2158 ut
2644 2107 2733 2175 qui
2756 2107 2860 2175 sint
2888 2109 3143 2160 amaturi.

2117 2176 2563 2245 garumrquidem
2592 2177 2714 2245 igne
2745 2174 2961 2245 probari
2991 2178 3274 2239 consuevit,

2116 2242 2541 2314 Benevolentiam
2563 2242 2692 2314 ivero
2717 2242 2843 2314 erga
2873 2247 3070 2299 amicos
3100 2254 3301 2311 tempus
3331 2242 3594 2314 explorat.

2120 2313 2223 2385 Qui
2246 2315 2414 2367 amico
2438 2313 2715 2377 adulatur,
2738 2313 2839 2384 quo
2865 2323 3096 2385 tempore
3123 2316 3309 2383 faustis
3335 2313 3487 2369 rebus
3508 2317 3697 2385 utitur,

2116 2383 2171 2438 Is
2201 2385 2449 2453 temporis
2478 2385 2679 2438 amicus
2711 2383 2808 2449 est,
2842 2400 2947 2437 non
2972 2383 3157 2439 amici.

2190 2521 2402 2576 Incerti.
2435 2551 2507 2562 —
2540 2520 2713 2576 Veros
2747 2519 2956 2576 amicos
2992 2536 3063 2576 ne
3104 2522 3258 2592 prius
3296 2530 3506 2592 parato,
3533 2533 3695 2591 quam

2116 2612 2283 2669 falsos
2307 2611 2607 2683 fugaveris.

2184 2704 2477 2774 Nunquam
2508 2704 2673 2774 vulgo
2704 2704 2924 2773 placere
2955 2703 3189 2774 expelii;
3226 2720 3350 2759 nam
3388 2703 3551 2776 55o
3576 2717 3700 2774 quae

2115 2793 2225 2849 illis
2247 2794 2487 2864 placent,
2508 2808 2619 2848 non
2645 2793 2813 2848 didici
2843 2810 2857 2847 :
2886 2809 3008 2864 quae
3033 2802 3217 2848 autem
3240 2794 3389 2860 novi,
3409 2794 3481 2849 ab
3502 2808 3696 2849 eorum

2115 2881 2277 2952 longe
2300 2883 2605 2938 abhorrent
2631 2882 2852 2938 animis.

2184 2970 2447 3028 Socrates.
2476 3003 2547 3014 -—
2575 2972 2681 3040 Qui
2714 2974 3048 3044 posthabitis
3085 2975 3383 3043 fratribus,
3410 2977 3550 3032 alios
3590 2973 3698 3032 sibi

2116 3065 2324 3120 amicos
2355 3074 2568 3135 parant,
2598 3067 2705 3121 illis
2733 3068 2942 3123 similes
2973 3077 3123 3133 sunt,
3151 3068 3246 3138 qui
3276 3083 3409 3139 agro
3434 3082 3540 3123 suo
3564 3064 3701 3123 reli-

2036 3197 2084 3259 c
2116 3167 2207 3213 cto
2234 3158 2476 3212 alienum
2511 3158 2724 3212 colunt.

2185 3248 2359 3304 Critii.
2385 3280 2458 3290 —
2488 3248 2593 3316 Qui
2628 3266 2753 3306 cum
2788 3251 2981 3306 amicis
3016 3251 3089 3306 ita
3120 3258 3396 3316 versatur,
3422 3255 3483 3304 ut
3514 3248 3699 3306 omnia

2112 3342 2179 3396 ad
2203 3341 2432 3412 gratiam
2457 3340 2640 3406 faciat,
2664 3342 2710 3396 is
2734 3350 3060 3411 praesentem
3080 3343 3413 3412 voluptatem
3439 3342 3494 3397 in
3518 3348 3703 3413 poste-

2112 3448 2233 3487 rum
2259 3431 2605 3486 inimicitiam
2630 3432 2780 3487 facit.

2179 3541 2438 3615 Polymni.
2461 3573 2533 3584 ——
2555 3542 2677 3609 Quo
2703 3544 2859 3613 plura
2888 3545 2945 3598 in
2975 3543 3214 3599 amicum
3239 3543 3544 3600 contuleris
3571 3557 3699 3599 mu-

2109 3649 2265 3699 nera,
2289 3648 2357 3689 eo
2385 3633 2559 3703 magis
2585 3634 2702 3703 ipse
2731 3634 2842 3688 tuis
2864 3634 3175 3689 rationibus
3199 3637 3502 3692 studueris.
3519 3635 3700 3695 Vicis-

2110 3728 2212 3782 sim
2244 3723 2396 3781 enim’
2422 3739 2616 3780 eorum
2647 3724 2717 3778 ad
2747 3739 2850 3779 nos
2874 3723 3259 3779 benevolentia
3288 3724 3607 3781 revertitur.

2180 3901 2410 3973 Cypseli.
2437 3932 2509 3942 —
2534 3899 2746 3956 Amicis
2776 3900 2923 3955 idem
2954 3907 3077 3955 esto
3105 3898 3302 3957 faustis
3329 3899 3499 3957 rebus
3527 3909 3696 3974 atque

2109 3994 2388 4049 infaustis.

2178 4085 2427 4156 Epicteti.
2461 4114 2532 4125 —
2572 4084 2857 4156 Fugienda
2896 4084 3172 4140 malorum
3216 4082 3478 4151 amicitia,
3514 4083 3695 4139 bono-

2108 4191 2342 4247 rumque
2372 4176 2619 4232 cavenda
2649 4175 2967 4231 inimicitia.

2181 4266 2349 4324 Sexti.
2379 4299 2451 4309 -
2484 4270 2563 4325 Ne
2596 4268 2833 4324 amicum
2871 4268 2972 4323 tibi
3006 4269 3359 4333 adhibueris,
3384 4267 3475 4325 cui
3509 4264 3693 4323 omnia

2106 4377 2217 4416 non
2247 4361 2450 4417 credis.

2179 4449 2320 4522 Cyri.
2347 4481 2418 4490 --
2443 4449 2580 4505 Cum
2608 4451 2679 4506 ad
2708 4468 2835 4525 eum
2860 4450 3084 4521 quidam
3116 4448 3393 4519 ingentem
3422 4443 3688 4501 mundmn

415 4538 623 4595 δέδωκε
655 4545 769 4606 τοῖς
818 4542 1014 4611 φίλοις.
1061 4543 1388 4616 Ἐρωτηθεὶς
1442 4544 1521 4609 δὲ,
1573 4545 1716 4601 διατί
1755 4546 1855 4617 οὐχ
1899 4546 2002 4601 ὑπ-

2112 4541 2366 4607 misisset,
2389 4543 2582 4599 amicis
2615 4544 2828 4600 tribuit.
2853 4543 3103 4612 Cumque
3131 4556 3200 4595 ex
3228 4555 3296 4596 eo
3323 4544 3694 4610 quereretur,

413 4630 668 4685 ιλείπετο
698 4632 867 4704 αύτῷ,
897 4632 1032 4706 ἔφη·
1064 4635 1187 4688 ’Ότι
1210 4636 1277 4689 τὸ
1300 4635 1399 4707 μὲν
1430 4635 1562 4705 ἐμὸν
1611 4636 1774 4708 σῶμα
1810 4637 1911 4691 οὐκ
1934 4636 2000 4691 ἂν

411 4721 642 4778 δύναιτο
665 4725 1025 4789 πᾶσιτούτοις
1038 4725 1363 4797 κοσμεῖσθαι
1389 4743 1403 4759 ο
1432 4718 1620 4796 φίλους
1645 4728 1702 4781 δὲ
1725 4744 2002 4800 κεκοσμη-

418 4815 621 4886 μένους
645 4817 807 4887 ὁρῶν,
850 4818 1110 4889 μέγιστον
1144 4818 1372 4889 ἐμαυτῷ
1433 4818 1639 4889 κόσμον
1672 4819 2000 4875 ἀποκεῖσθαι

414 4906 582 4971 δόξω.
880 4923 884 4927 ‘
1420 4902 1427 4917 ⁸

497 5000 705 5068 Τίμων.
761 5028 835 5044 -—
893 4998 1083 5070 Τίμων
1143 5001 1172 5052 ὁ
1221 4999 1649 5071 μισάνθρωπος,
1700 5002 2000 5074 ἐρωτηθεὶς

410 5087 562 5141 διατι
593 5090 803 5153 πάντας
827 5089 1149 5161 ἀνθρώπους
1185 5093 1355 5161 μισεῖ,
1387 5087 1531 5144 εἴπεο
1569 5093 1716 5147 Διὸτι
1739 5094 1867 5158 τοὺς
1898 5095 2000 5166 μὲν

413 5180 694 5250 πονηροὺς
727 5180 969 5250 εὐλόγως
1003 5182 1146 5253 μισῶ
1167 5198 1181 5213 ⁶
1241 5183 1371 5247 τοὺς
1414 5183 1472 5237 δὲ
1514 5183 1898 5256 λοιποὺς,,ὃτι
1934 5190 1997 5242 ού

414 5270 641 5344 μισοῦσι
668 5273 795 5338 τοὺς
823 5275 1116 5348 πονηρούς.

495 5446 752 5517 Ῥωμύλ.
775 5480 847 5491 —
883 5445 1165 5520 Ῥώμυλος
1197 5449 1600 5524 ἐγκαλούμενος
1630 5455 1712 5509 ὅτι
1745 5460 2002 5527 πονηροῖς

407 5539 725 5610 ἀνθρώποις
743 5540 1015 5608 σύνεστιν,
1040 5541 1165 5614 ἔφη’
1187 5544 1299 5599 Καὶ
1320 5547 1369 5599 oi
1395 5546 1570 5619 ἰατροὶ
1592 5549 1703 5612 τοῖς
1726 5550 1994 5603 νοσοῦσιν·

414 5629 536 5686 ἀλλ’
566 5631 719 5685 αὐτοὶ
749 5632 997 5702 ύγιαίνου
1006 5650 1110 5688 σιν.

496 5722 837 5795 ’Δντίνονος
882 5728 1200 5795 Βασιλεύς.
1240 5760 1309 5770 -——
1329 5724 1496 5795 Οὗτος
1519 5730 1663 5784 θύων
1691 5738 1799 5796 τοῖς
1831 5732 1993 5795 θεοῖς,

410 5817 614 5889 ηὖχετε
652 5818 940 5887 φυλάττειν
997 5819 1160 5872 αὐτὸν
1210 5821 1316 5875 ἀπὸ
1370 5821 1476 5875 τῶν
1503 5823 1804 5877 δοκούντων
1855 5820 1993 5878 εἶναι

2107 4649 2208 4688 cur
2247 4634 2370 4705 ejus
2408 4633 2512 4687 sibi
2557 4633 2697 4688 nihil
2742 4628 3081 4709 reliquisset,
3118 4628 3196 4685 ait
3240 4645 3255 4682 :
3305 4627 3446 4694 Quia
3488 4639 3696 4697 corpus

2106 4739 2288 4778 meum
2320 4724 2468 4778 omni
2498 4724 2603 4779 hoc
2631 4724 2840 4779 mundo
2870 4723 3056 4777 ornari
3086 4737 3199 4777 non
3229 4719 3403 4792 possit
3434 4736 3449 4773 :
3483 4717 3696 4775 amicos

2105 4826 2291 4872 autem
2341 4818 2474 4872 dum
2520 4833 2588 4873 eo
2636 4826 2861 4873 ornatos
2914 4817 3168 4882 intueor,
3212 4815 3512 4870 maximum
3556 4813 3691 4870 mibi

2105 4921 2357 4966 ornatum
2388 4911 2692 4981 repositum
2720 4926 2843 4966 esse
2869 4909 3148 4966 existimo.

2177 5000 2427 5055 Timonis.
2461 5031 2533 5042 —
2572 5000 2772 5055 'l‘imon
2824 5000 2937 5065 ille,
2972 5000 3068 5071 qui
3113 5000 3184 5055 ab
3228 4990 3689 5055 odio'hominum

2103 5085 2309 5143 Graecis
2350 5088 2536 5144 dictus
2577 5097 2665 5144 est
2704 5088 3145 5161 Μισάνθρωπος,
3181 5080 3550 5158 interrogatus
3592 5101 3692 5141 cur

2104 5197 2299 5237 onmcs
2335 5183 2545 5238 odisset
2580 5184 2835 5238 homines
2875 5201 2888 5237 :
2928 5183 3089 5249 Quia,
3122 5182 3321 5252 inquit,
3349 5179 3548 5235 merito
3583 5180 3689 5235 im-

2105 5273 2313 5345 probos
2359 5273 2488 5341 odi;
2538 5273 2786 5345 reliquos
2816 5282 3043 5347 autem,
3073 5273 3202 5343 quia
3249 5270 3534 5342 improbos
3577 5287 3688 5325 non

2102 5367 2364 5422 oderunt.

2174 5459 2408 5515 Romuli.
2432 5491 2504 5500 ——
2532 5459 2823 5524 Romulus,
2850 5473 2976 5513 cum
3011 5458 3063 5512 ei
3100 5456 3320 5511 crimini
3356 5463 3686 5520 verteretur,

2104 5554 2250 5623 quod
2286 5570 2411 5608 cum
2449 5553 2719 5623 improbis
2742 5559 3057 5607 versaretur
3086 5567 3100 5604 :
3130 5549 3199 5604 Et
3232 5548 3457 5614 medici,
3485 5548 3686 5618 inquit,

2103 5662 2228 5702 cum
2255 5645 2507 5715 aegrotis;
2538 5643 2633 5699 sed
2661 5644 2760 5713 ipsi
2789 5643 2906 5698 sani
2932 5650 3084 5696 sunt.

2174 5737 2467 5807 Antigonus
2492 5751 2601 5789 rex.
2628 5766 2697 5774 —
2727 5734 2826 5789 llic
2852 5749 2976 5787 cum
3006 5732 3114 5788 diis
3138 5731 3473 5792 immolaret,
3495 5730 3687 5783 urat-at

2105 5839 2165 5881 ut
2212 5840 2268 5880 sc
2320 5842 2351 5879 ιι
2396 5824 2670 5880 simulatis
2722 5822 2912 5879 amicis
2958 5831 3268 5877 servarent.
3318 5822 3684 5877 Peri-onustae
