4094 6362
479 293 587 368 ’163

1676 303 1736 365 S.
1777 302 2068 366 MAXIMI
2106 303 2619 368 CONFESSORIS

3651 311 3765 377 764

479 429 614 470 vero
660 412 877 483 aliquo,
925 411 1285 482 quamobrem
1335 410 1443 466 tale
1485 410 1619 482 quid
1670 411 1996 484 eﬂlagitaret
2045 431 2058 468 :

2179 414 2357 486 φίλων.
2428 415 2844 489 Πυνθανομένου
2900 416 2958 473 δέ
2993 435 3137 482 τινος
3165 459 3180 484 ,
3229 415 3319 472 διὰ
3373 420 3534 475 ποίαν
3573 423 3765 477 αἰτίαν

477 502 660 572 Quod,
686 503 889 574 inquit,
914 502 1106 558 hostes
1136 517 1263 558 cum
1289 516 1584 574 cognosco,
1612 517 1805 558 caveo.

549 682 877 739 Alexander.
901 715 973 727 -—
1000 682 1252 750 Quodam
1287 691 1652 753 percontante
1684 684 1908 740 ubinam
1947 685 2070 742 the-

476 789 682 832 sauros
726 775 989 843 haberet,
1029 775 1458 831 submonstrans
1499 776 1711 832 amicos
1756 794 1771 830 :
1816 776 1875 831 In
1916 778 2068 844 istis,

484 870 690 940 inquit.
1884 856 1889 873 ’

551 963 785 1019 Libanii.
809 996 879 1005 -—
907 964 1312 1021 Gratulandum
1347 964 1562 1032 amicis,
1596 972 1735 1031 tum,
1768 983 1893 1021 cum
1926 965 2069 1021 bene

479 1071 548 1111 ac
580 1072 849 1127 prospere
879 1073 1017 1134 cum_
1040 1057 1153 1112 illis
1181 1057 1392 1128 agitur;
1427 1057 1506 1110 uti
1534 1065 1590 1112 et
1620 1058 1789 1115 rebus
1818 1059 2071 1114 tristibus

481 1147 601 1204 illis
628 1149 1059 1204 eondolendum.

549 1240 683 1308 Quae
713 1256 777 1295 ex
815 1242 1011 1298 amicis
1047 1243 1103 1298 in
1138 1244 1347 1300 amicos
1380 1246 1607 1301 offensa:
1640 1243 1977 1321 proveniunt
2005 1258 2069 1298 ac

487 1333 734 1404 injuriae,
783 1334 943 1406 longe
992 1344 1185 1393 curatu
1241 1337 1495 1393 diﬂiciles
1544 1346 1703 1402 sunt,
1750 1338 2069 1408 majoraque

483 1440 649 1495 quam
682 1442 806 1496 quae
844 1426 1195 1482 inimicorum
1233 1430 1533 1495 exsistunt,
1571 1428 1816 1485 conflant
1845 1428 2066 1483 damna.

551 1516 829 1571 Pisoniani
860 1518 1064 1574 Dionis.
1089 1550 1161 1560 —
1190 1519 1309 1586 Quo
1356 1522 1482 1591 quis
1534 1521 1743 1577 amicos
1802 1519 2069 1575 fortiores

479 1608 683 1677 reddit,
719 1625 786 1666 eo
813 1610 923 1667 illis
945 1612 1145 1668 fortior
1168 1614 1374 1669 evadit.

2172 505 2431 576 τοιαύτην
2478 505 2646 578 εὐχὴν
2698 506 3138 585 ﬂowing-51m,
3198 508 3472 573 Ὀτιτούς
3522 509 3775 582 ἐχθροὺς-

2172 600 2458 666 γινώσκων
2488 598 2856 669 φυλάσσομαι.

2257 686 2609 755 Ἀλέξανδρε
2636 716 2708 727 -—-
2760 687 3085 759 Ἐρωτηθεὶς
3140 689 3246 743 ὑπό
3286 707 3452 755 τινος,
3479 690 3589 745 Ποῦ
3627 694 3767 756 τοὺς,

2172 778 2482 850 θησαυροὺς
2536 778 2721 850 ἔχειςς
2776 778 2957 847 δείξας
2988 780 3117 844 τούς
3177 781 3406 851 φίλους,
3464 781 3570 856 εφη
3602 824 3616 848 ,
3664 785 3760 839 Ἐν

2171 871 2400 934 τούτοις.

2243 964 2549 1020 Λιϐανίου.
2573 997 2647 1008 —
2672 964 3004 1038 Συγχαίρειν
3029 966 3137 1039 χρὴ
3172 949 3287 1032 τοῖς
3345 967 3521 1039 φίλοις
3573 969 3763 1033 καλῶς

2173 1058 2528 1129 πράττουσιν,
2559 1057 2637 1123 ὡς
2669 1059 2765 1112 καὶ
2792 1058 3083 1128 συναλγεῖν
3109 1061 3494 1130 λυπουμένοις.
3576 1050 3579 1053 Α

2240 1237 2308 1289 Δί
2338 1237 2402 1289 ἐκ
2425 1235 2596 1307 φίλων
2623 1236 2702 1299 είς
2731 1234 2921 1305 φίλους
2951 1235 3244 1305 γενόμεναι
3274 1236 3464 1302 λύπαι,
3488 1238 3762 1309 δυσθερὰ-

2172 1344 2364 1381 πευτοι
2417 1326 2541 1381 λίαν
2596 1328 2959 1397 τυγχάνουσι.
2991 1327 3086 1380 καὶ
3124 1326 3346 1397 μείζους
3372 1328 3481 1383 τῶν
3541 1329 3760 1403 ἐχθρῶν

2170 1419 2353 1490 ἔχουσι
2375 1420 2472 1483 τὰς
2502 1420 2788 1489 ἐπηρείας.

2242 1512 2654 1567 Πεισωνιανοῦ
2706 1512 2947 1578 Δίωνος.
2974 1541 3044 1552 -
3072 1512 3227 1583 Ὀσῳ
3255 1511 3299 1564 δ’
3336 1512 3401 1566 ἄν
3433 1513 3478 1544 ί¹
3511 1530 3598 1578 τις
3627 1514 3762 1578 τούς

2172 1606 2361 1676 φίλους
2392 1605 2772 1677 ἰσχυροτέρους
2796 1606 2960 1670 ποιεῖ,
2993 1598 3152 1668 οὗτος
3186 1606 3540 1680 ἰσχυρότερος
3572 1606 3763 1660 αὐτῶν

2173 1699 2403 1769 γίνεται.

547 1787 679 1854 Qua:
702 1788 987 1845 calamitas
1012 1798 1168 1845 extra
1192 1789 1497 1845 amicitiam
1523 1807 1633 1845 non
1663 1790 2068 1847 intolerabilis?

2185 1757 2196 1769 Ι
2244 1790 2381 1843 Ποία
2435 1789 2533 1860 μὲν
2568 1788 2823 1859 συμφορὰ
2869 1789 2990 1860 δίχα
3045 1790 3226 1861 φιλίας
3275 1791 3379 1843 οὐκ
3439 1789 3760 1861 ἀφόρητος;

473 1881 609 1948 Qua:
633 1881 869 1937 felicitas
890 1897 1004 1936 non
1028 1881 1330 1952 injucunda
1359 1882 1587 1937 semotis
1614 1881 1843 1936 amicis?

547 1972 788 2029 Facilius
812 1973 1154 2029 calamitates
1175 1973 1565 2029 acerbissimas
1588 1989 1713 2028 cum
1745 1972 1902 2043 551
1929 1973 2067 2028 ami-

475 2064 562 2119 cis
586 2064 758 2128 feras,
784 2080 952 2135 quam
982 2065 1135 2120 solus
1166 2064 1567 2135 prosperitates
1593 2065 1882 2122 maximas.

550 2158 689 2212 Eum
714 2160 863 2229 juste
899 2160 1269 2214 miserrimum
1292 2160 1504 2231 judico,
1531 2160 1625 2229 qui
1661 2160 1714 2215 in
1742 2159 1984 2216 miseriis
2011 2168 2069 2217 et

477 2249 892 2306 calamitatibus
935 2252 1142 2307 multos
1187 2252 1359 2306 habet
1399 2251 1495 2322 qui
1546 2252 1846 2316 laetentur,
1906 2250 2074 2308 rebus

479 2350 668 2397 autem
697 2343 962 2398 secundis
987 2343 1082 2414 qui
1113 2359 1221 2398 una
1245 2343 1574 2411 delectetur,
1601 2344 1903 2399 neminem.

551 2433 654 2501 Qui
703 2436 898 2492 amicis
937 2437 1195 2508 largitur,
1230 2437 1395 2492 simul
1437 2435 1686 2505 quidem,
1720 2444 1782 2491 ut
1820 2436 1915 2506 qui
1961 2435 2073 2491 lar-

478 2526 684 2597 giatur,
718 2526 904 2583 dando
944 2528 1284 2595 delectatur;
1326 2526 1491 2584 simul
1528 2540 1684 2590 vero,
1720 2535 1779 2580 ut
1818 2525 1911 2597 qui
1956 2525 2073 2597 ipse

479 2619 753 2689 acquirat.

2076 2733 2144 2747 —

1078 2807 1311 2864 SERMO
1348 2806 1459 2865 VH.

1049 2901 1124 2956 De
1158 2901 1509 2974 eleemosyna.

553 2995 745 3051 Matth.
769 3010 825 3061 ν,
847 2995 901 3049 7.
929 3024 1000 3034 —
1031 2994 1188 3050 Beati
1222 2993 1637 3061 misericordes,
1664 2992 1928 3064 quoniam
1967 2988 2071 3059 ipsi

485 3086 924 3144 misericordiam
952 3093 1389 3156 consequentur.

556 3182 715 3237 Deut.
741 3198 832 3247 xv,
862 3182 949 3237 Η.
971 3213 1044 3223 -
1070 3181 1195 3236 Non
1224 3180 1406 3237 deerit
1432 3195 1648 3251 pauper
1674 3178 1744 3232 de
1780 3186 1949 3232 terra.
1986 3174 2074 3229 ld-

486 3275 641 3333 circo
671 3290 773 3347 ego
805 3274 1067 3345 praecipio
1093 3273 1195 3328 tibi
1223 3273 1456 3351 verbum
1488 3270 1638 3327 istud
1666 3268 1860 3325 dicens
1882 3286 1897 3351 ι
1927 3267 2075 3337 Ape-

487 3368 638 3423 riens
665 3366 883 3437 aperies
908 3381 1103 3420 manus
1134 3347 1257 3420 tuas
1283 3363 1441 3420 fratri
1475 3372 1571 3419 tuo
1588 3361 1854 3434 pauperi.

554 3541 653 3599 Job
688 3559 834 3609 xxix,
872 3542 959 3599 15.
990 3573 1063 3583 -
1096 3540 1302 3597 Oculus
1342 3540 1421 3596 fui
1465 3556 1758 3607 caacorum,
1785 3557 1885 3613 pes
1921 3542 2079 3598 clau-

487 3634 687 3690 dorum
717 3653 729 3689 :
759 3649 863 3705 ego
891 3648 1042 3688 eram
1069 3642 1228 3703 pater
1249 3631 1642 3688 invalidorum.

558 3724 717 3780 Prov.
749 3741 837 3790 ιιι,
867 3723 921 3778 5.
956 3754 1029 3764 -
1058 3723 1434 3794 Eleemosynm
1467 3730 1524 3777 et
1557 3721 1694 3777 ﬁdes
1726 3737 1794 3776 ne
1831 3729 1881 3776 te
1915 3722 2077 3776 dese-

490 3829 616 3878 rant
658 3841 671 3876 :
721 3821 887 3893 alliga
930 3836 1025 3877 eas
1063 3836 1231 3891 supra
1274 3819 1477 3875 collum
1525 3827 1701 3884 tuum,
1733 3827 1790 3874 et
1827 3818 2080 3874 invenies

489 3913 748 3986 gratiam.

562 4006 703 4061 Dan.
733 4022 806 4070 ιν,
832 4006 923 4061 24.
949 4037 1018 4046 -
1049 4005 1278 4060 Peccata
1312 4011 1405 4059 tua
1437 4002 1807 4073 eleemosynis
1840 4001 2078 4066 redime,

491 4105 548 4152 et
573 4095 897 4165 iniquitates
925 4102 1048 4149 tuas
1076 4093 1529 4149 miserationibus
1557 4108 1882 4164 pauperum.

2176 1882 2302 1938 ποία
2326 1882 2381 1934 δὲ
2410 1880 2632 1951 εὐτυχία
2664 1882 2834 1951 χωρὶς
2860 1882 3031 1952 φίλων
3068 1883 3169 1936 οὐκ
3197 1882 3429 1953 ἄχαριςς

2254 1972 2413 2043 Ῥᾷον
2445 1970 2512 2025 ἄν
2544 1988 2629 2034 τις
2659 1971 2950 2043 συμφορὰν
2983 1971 3379 2042 χαλεπωτάτην
3427 1970 3587 2041 φέρει
3616 1971 3764 2041 μετὰ

2176 2066 2367 2138 φίλων,
2399 2065 2432 2136 ἢ
2469 2065 2628 2134 μόνος
2665 2064 2924 2134 εὐτυχίαν
2952 2066 3053 2134 τὴν
3084 2064 3373 2135 μεγίστην.

2256 2156 2496 2211 Ἐκεῖνον
2527 2155 2858 2209 ἀθλιώτατον
2888 2155 3056 2227 κρίνω
3068 2150 3319 2219 δικαίως,
3338 2154 3396 2218 ὃς
3431 2158 3490 2209 ἐν
3516 2154 3617 2225 μὲν
3634 2157 3763 2219 ταῖς

2174 2245 2481 2314 συμφοραῖς
2516 2243 2801 2306 πλείστους
2829 2242 2940 2313 ἔχει
2967 2245 3098 2307 τούς
3144 2242 3510 2313 ἐφηδομένους
3542 2285 3556 2309 ,
3611 2243 3672 2297 ὲν
3698 2243 3762 2296 δὲ

2171 2337 2294 2399 ταῖς
2325 2333 2604 2404 εὐτυχίαις
2630 2333 2823 2387 οὐδένα
2849 2334 2942 2387 τὸν
2971 2335 3358 2405 συνηδόμενον.

2253 2427 2314 2480 '0
2346 2429 2460 2491 τοῖς
2497 2425 2672 2494 φίλοις
2716 2426 3101 2498 χαριζόμενος,
3150 2425 3265 2497 ἅμα
3296 2424 3395 2496 μὲν
3423 2422 3499 2487 ὥς
3523 2420 3761 2495 χαριζό-

2175 2538 2336 2592 μενος
2367 2520 2555 2592 ἥδεται
2580 2518 2787 2587 διδοὺς,
2824 2518 2942 2589 ἅμα
2970 2517 3026 2572 δὲ
3052 2519 3128 2581 ὡς
3161 2517 3326 2581 αὐτὸς
3353 2515 3661 2587 κτώμενος.

2765 2792 2982 2849 ΛΟΓΟΣ
3020 2791 3073 2846 Z'
3116 2788 3178 2842 ’3‘.

2673 2882 2816 2952 Περὶ
2847 2881 3287 2951 ἐλεημοσύνης.

2247 2982 2433 3034 Ματθ.
2486 2975 2551 3031 ε’.
2603 2974 2982 3045 -Μακάριοι
3013 2974 3063 3026 οἱ
3116 2972 3432 3043 ἐλεήμονες.
3478 2971 3558 3025 ὅτι
3607 2969 3765 3023 αὐτοὶ

2176 3068 2590 3140 ἐλεηθήσονται.
2670 3068 2675 3075 ’
3654 3076 3661 3081 ‘

2248 3164 2416 3216 Δὲυτ.
2446 3166 2529 3214 ιε’.
2576 3187 2644 3199 --
2670 3158 2745 3212 Οὐ
2781 3156 2854 3228 μὴ
2883 3155 3084 3229 ἐκλίπῃ
3127 3153 3315 3225 ἐνδεὴς
3358 3154 3465 3207 ἀπὸ
3490 3154 3591 3224 τῆς
3631 3154 3764 3223 γῆς.

2178 3256 2278 3309 Διὰ
2305 3254 2465 3308 τοῦτο
2495 3252 2605 3320 ἐγώ
2638 3270 2720 3306 σοι
2751 3248 3071 3320 ἐντέλλομαι
3097 3248 3159 3301 τὸ
3182 3249 3335 3321 ῥῆμα
3360 3246 3541 3310 τοῦτο,
3562 3244 3760 3314 λέγων,

2192 3345 2451 3415 Ἀνοίγων
2476 3344 2705 3408 ἀνοίξεις
2731 3343 2832 3404 τὰς
2857 3340 3048 3413 χεῖράς
3072 3357 3167 3393 σου
3201 3339 3279 3411 τῷ
3309 3337 3524 3409 ἀδελφῷ
3559 3354 3654 3391 σου
3682 3335 3765 3405 τῷ

2180 3435 2396 3499 πένητι.
2993 3442 2999 3447 '

2263 3526 2396 3582 Ἰὼϐ
2439 3526 2544 3578 κο¹.
2582 3554 2655 3566 ——-
2686 3523 2995 3593 Ὀφθαλμδς
3036 3522 3186 3594 ήμην
3246 3519 3485 3589 τυφλῶν,
3534 3518 3672 3582 πούς
3703 3516 3766 3570 δὲ

2180 3619 2393 3693 χωλῶνο
2431 3616 2542 3687 ἐγὼ
2570 3618 2719 3688 ήμην
2760 3617 2945 3687 πατὴρ
2970 3614 3253 3668 ἀδυνάτων
3280 3613 3383 3682 (a).

2255 3717 2501 3779 Παροιμ.
2573 3716 2647 3779 γ’.
2699 3738 2770 3750 --
2804 3706 3207 3778 Ἐλεημοσύναι
3281 3705 3376 3758 καὶ
3432 3702 3616 3766 πίστις
3691 3701 3768 3773 μὴ

2181 3803 2589 3860 ὲκλειπέτωσὰν
2619 3815 2700 3855 σε·
2733 3800 2940 3872 ἔφαψαι
2967 3799 3024 3852 δὲ
3057 3796 3233 3862 αὐτὰς
3263 3798 3356 3850 ἐπὶ
3379 3794 3457 3867 σῷ
3486 3793 3764 3866 τραχήλῳ,

2183 3901 2279 3954 καὶ
2309 3900 2368 3952 εὐ
2376 3900 2562 3972 ρήσεις
2601 3897 2784 3968 χάριν.

2254 3994 2394 4046 Aur.
2456 3988 2526 4044 δ’.
2577 4021 2647 4031 -
2706 3990 2818 4052 Τὰς
2895 3989 3176 4059 ἁμαρτίας
3249 3987 3309 4038 ὲν
3369 3980 3769 4054 ἐλεημοσύναις

2182 4084 2482 4155 λύτρωσαι,
2524 4085 2618 4137 καὶ
2647 4082 2746 4147 τὰς
2794 4081 3029 4151 ἀνομίας
3062 4097 3159 4134 σου
3204 4079 3264 4132 ὲν
3308 4076 3621 4147 οίκτιρμοῖς
3670 4089 3771 4126 πει

2183 4177 2379 4244 νήτων.

567 4275 733 4333 Eccli.
759 4294 836 4343 ιιι,
859 4274 949 4332 55.
971 4308 1042 4317 -—
1059 4275 1244 4345 ignem
1271 4274 1555 4329 ardentem
1581 4249 1893 4345 exstinguet
1916 4289 2072 4345 aqua,

2256 4265 2439 4334 Σνρὰχ
2485 4269 2553 4334 γ’.
2579 4264 2784 4336 -Πῦρ
2813 4262 3208 4333 φλογιζόμενον
3237 4256 3570 4313 κατασϐέσει
3601 4253 3769 4325 ὕδωρ,

494 4380 552 4427 et
572 4372 924 4440 eleemosyna
956 4368 1200 4438 expiabit
1227 4375 1472 4437 peccata.

564 4462 730 4519 Eccli.
749 4479 822 4528 ιν,
840 4460 893 4516 8.
910 4492 981 4501 ——-
999 4461 1209 4515 inclina
1230 4460 1369 4515 nihil
1392 4469 1614 4530 gravate
1636 4458 1867 4529 pauperi
1891 4473 2080 4513 aurem

497 4561 669 4618 tuam,
694 4562 751 4609 et
775 4553 1051 4623 responde
1081 4551 1135 4606 ei
1167 4552 1222 4606 in
1254 4551 1485 4607 lenitate
1515 4550 1764 4621 paciﬁca.

564 4645 731 4699 Eccli.
757 4661 852 4708 xu,
878 4645 931 4698 4.
961 4675 1030 4684 --
1054 4644 1132 4697 Da
1159 4644 1274 4714 pio,
1298 4651 1357 4697 et
1382 4658 1452 4698 ne
1478 4642 1793 4712 susceperis
1821 4648 2079 4711 peccato-

498 4751 612 4791 rem
641 4752 655 4789 :
686 4735 914 4790 benefac
935 4735 1156 4800 humili,
1184 4742 1241 4790 et
1267 4751 1338 4790 ne
1368 4733 1588 4789 dederis
1616 4732 1809 4803 impio.

570 4827 736 4883 Eccli.
760 4843 904 4893 xxxx,
928 4827 1011 4882 15.
1034 4858 1107 4866 —
1126 4826 1408 4883 Conclude
1427 4826 1831 4897 eleemosynam
1856 4824 1908 4879 in
1932 4822 2090 4879 cellis

2187 4357 2281 4411 ml
2310 4355 2650 4426 ἐλεημοσύνη
2684 4355 3029 4427 ὲξιλάσκεται
3062 4352 3357 4423 ἁμαρτίας.

2258 4445 2445 4517 Σιράχ
2475 4446 2543 4500 δ’.
2572 4447 2767 4500 Κλῖνον
2804 4443 3007 4516 πτωχῷ
3034 4441 3262 4505 ἀλύπως
3312 4441 3373 4492 τὸ
3404 4434 3499 4502 οὖς
3531 4454 3648 4502 σου,
3678 4436 3776 4490 καὶ

2187 4538 2516 4610 ἁποκρίθητι
2548 4538 2696 4608 αὐτῷ
2736 4539 2793 4590 ὲν
2821 4535 3098 4607 πραΰτητι
3141 4531 3416 4603 εἰρηνικά.

2259 4632 2442 4701 Σιρὰχ
2471 4629 2570 4696 ιβ’.
2604 4631 2702 4691 Δὸς
2728 4629 2807 4699 τῷ
2846 4625 3083 4691 εὐσεϐεῖ,
3123 4626 3216 4679 καὶ
3259 4623 3333 4695 μὴ
3360 4619 3652 4679 ἀντιλασοῦ
3679 4618 3774 4673 τοῦ

2186 4721 2615 4795 ἀμαρτωλοῦ·εὖ
2645 4722 2869 4793 ποίησον
2901 4717 3166 4789 ταπεινῷ,
3199 4717 3294 4771 καὶ
3321 4714 3398 4786 μὴ
3431 4712 3539 4785 δῷς
3565 4711 3775 4766 ἀσεϐεῖ.

2261 4814 2448 4885 Σιρὰχ
2478 4812 2584 4871 φιϐ’.
2625 4813 2955 4881 Σύγκλεισον
3000 4807 3373 4881 ἐλεημοσύνην
3412 4808 3469 4859 ὲν
3515 4806 3631 4867 τοῖς
3680 4820 3781 4856 τα-

504 4922 635 4986 tuis,
653 4929 710 4976 et
732 4921 850 4975 haec
869 4927 1030 4974 eruet
1053 4927 1106 4973 te
1127 4918 1195 4973 ab
1217 4916 1365 4972 omni
1386 4917 1551 4981 malo,
1570 4925 1628 4971 et
1646 4931 1814 4985 super
1837 4914 2072 4968 lanceam

2192 4907 2364 4979 μείυις
2401 4923 2517 4968 σου,
2546 4905 2640 4957 καὶ
2699 4902 2840 4972 α’ὐτη
2897 4917 2956 4953 σε
2991 4898 3254 4965 ὲξελεῖται
3285 4898 3350 4949 ἐκ
3398 4895 3591 4964 πάσης
3616 4891 3777 4945 κολά-

503 5013 720 5095 roboris
741 5011 1009 5068 adversus
1037 5010 1324 5065 inimicum
1352 5025 1454 5080 pro
1488 5017 1538 5063 te
1569 5007 1857 5079 pugnabit.

579 5192 745 5249 Eccli.
773 5209 934 5253 xxxv,
959 5189 1050 5246 26.
1076 5221 1148 5231 —
1171 5188 1432 5260 Speciosa
1458 5183 1838 5240 misericordia
1866 5183 1922 5237 in
1958 5189 2099 5237 tem-

2193 5017 2331 5062 σεως
2358 4995 2726 5068 [κακώσεως],
2760 4995 2854 5048 καὶ
2902 4990 3046 5063 ὑπὲρ
3090 4989 3219 5061 δόρυ
3262 4987 3441 5057 ἀλκῆς
3492 4984 3778 5039 κατέναντι

2189 5087 2385 5159 ἐχθροῦ
2429 5086 2730 5156 πολεμήσει
2760 5083 2902 5154 ὑπὲρ
2947 5078 3062 5135 σοῦ.
3122 5084 3125 5087 λ

2262 5177 2443 5245 Σιρὰχ
2473 5180 2579 5232 λε’.
2643 5176 2859 5246 Ὠραῖον
2905 5171 3054 5237 ἔλεος
3087 5173 3147 5225 ὲν
3182 5166 3363 5240 καιρῷ
3416 5164 3671 5236 θλίψεως.
3706 5163 3781 5225 ὡς

505 5302 639 5356 pore
663 5284 995 5345 afﬂictionis.
1029 5283 1175 5337 sicut
1200 5280 1379 5335 nubes
1402 5278 1602 5349 pluvize
1630 5276 1684 5331 in
1715 5284 1962 5346 tempore
1989 5274 2072 5328 sie

2190 5270 2383 5340 νεφέλη
2407 5267 2566 5322 ὐετοῦ
2595 5269 2653 5321 ὲν
2678 5266 2855 5338 καιρῷ
2901 5264 3188 5338 ἀϐροχίας.

504 5377 711 5433 citatis.

1800 5434 2038 5490 νειιιιΑῑ
2068 5428 2473 5487 LECTIONES.

586 5540 630 5572 ”
684 5542 781 5602 ⁸ος
843 5539 888 5592 δ’
943 5538 1027 5592 ἄν,
1109 5537 1151 5568 ¹³
1193 5537 1255 5590 lu
1295 5534 1461 5589 Gesn.
1496 5533 1715 5588 διοικιξο
1745 5534 1832 5595 7G,
1871 5532 1924 5585 in
1960 5528 2201 5585 Antonio
2245 5527 2336 5580 97.

2050 5623 2279 5679 ΝΟΤᾹῦ.

589 5706 665 5766 (τι)
701 5703 896 5770 Πατὴρ
920 5701 1253 5756 ἀδυνάτων.
1295 5700 1461 5755 Faedo
1500 5698 1702 5753 mendo
1731 5698 1894 5753 Gesn.
1926 5706 2077 5770 utra-

512 5788 623 5844 que
648 5769 911 5837 editione,
932 5773 1040 5842 πῦρ
1058 5773 1355 5838 ἀδυνάτων,
1372 5770 1516 5840 quod
1542 5769 1695 5841 pueri
1715 5769 2078 5826 cxscribcntis

2186 5670 2591 5748 gilium-iam.“
2630 5702 2818 5741 vocem
2842 5686 2932 5739 sit.
2963 5686 3123 5739 Patre
3154 5689 3303 5739 certe
3327 5688 3491 5751 egent
3540 5670 3773 5735 inﬁrmi.

2187 5784 2249 5820 ac
2278 5765 2428 5818 velut
2462 5760 2716 5832 orpliani,
2744 5774 2855 5811 non
2879 5756 3024 5828 igne.
