  <div class='ocr_page' id='page_1' title='image "/cluster/home/n/w/nwhite01/storage/ocr_20150623/91:no.2/coo.31924054869957/404.png"; bbox 0 0 4094 6368; ppageno 0'>
   <div class='ocr_carea' id='block_1_1' title="bbox 489 362 649 426">
    <p class='ocr_par' dir='ltr' id='par_1_1' title="bbox 489 362 649 426">
     <span class='ocr_line' id='line_1_1' title="bbox 489 362 649 426; baseline 0.025 -3"><span class='ocrx_word' id='word_1_1' title='bbox 489 362 605 426; x_wconf 73' lang='lat'><strong>765</strong></span> <span class='ocrx_word' id='word_1_2' title='bbox 644 368 649 372; x_wconf 63' lang='grc'><strong>“</strong></span> 
     </span>
    </p>
   </div>
   <div class='ocr_carea' id='block_1_2' title="bbox 1799 350 2448 421">
    <p class='ocr_par' dir='ltr' id='par_1_2' title="bbox 1799 350 2448 421">
     <span class='ocr_line' id='line_1_2' title="bbox 1799 350 2448 421; baseline -0.003 0"><span class='ocrx_word' id='word_1_3' title='bbox 1799 350 1969 421; x_wconf 79' lang='lat' dir='ltr'>LOCI</span> <span class='ocrx_word' id='word_1_4' title='bbox 2010 358 2448 421; x_wconf 78' lang='lat' dir='ltr'><strong>COMMUNES.</strong></span> 
     </span>
    </p>
   </div>
   <div class='ocr_carea' id='block_1_3' title="bbox 3649 350 3760 419">
    <p class='ocr_par' dir='ltr' id='par_1_3' title="bbox 3649 350 3760 419">
     <span class='ocr_line' id='line_1_3' title="bbox 3649 350 3760 419; baseline -0.018 0"><span class='ocrx_word' id='word_1_5' title='bbox 3649 350 3760 419; x_wconf 73' lang='lat'><strong>766</strong></span> 
     </span>
    </p>
   </div>
   <div class='ocr_carea' id='block_1_4' title="bbox 567 456 2068 549">
    <p class='ocr_par' dir='ltr' id='par_1_4' title="bbox 567 456 2068 549">
     <span class='ocr_line' id='line_1_4' title="bbox 567 456 2068 549; baseline -0.002 -15"><span class='ocrx_word' id='word_1_6' title='bbox 567 476 912 535; x_wconf 65' lang='grc' dir='ltr'>Πασιλείοϋ.</span> <span class='ocrx_word' id='word_1_7' title='bbox 943 510 1014 520; x_wconf 90' lang='lat'><strong>-—</strong></span> <span class='ocrx_word' id='word_1_8' title='bbox 1041 477 1363 546; x_wconf 77' lang='grc' dir='ltr'>Πλεονεξίας</span> <span class='ocrx_word' id='word_1_9' title='bbox 1398 470 1536 542; x_wconf 79' lang='grc' dir='ltr'>εἶδος</span> <span class='ocrx_word' id='word_1_10' title='bbox 1568 467 1630 531; x_wconf 75' lang='grc' dir='ltr'><strong>τδ</strong></span> <span class='ocrx_word' id='word_1_11' title='bbox 1665 456 2068 549; x_wconf 77' lang='grc' dir='ltr'>χαλεπώτατον,</span> 
     </span>
    </p>
   </div>
   <div class='ocr_carea' id='block_1_5' title="bbox 2169 456 3757 549">
    <p class='ocr_par' dir='ltr' id='par_1_5' title="bbox 2240 472 3757 544">
     <span class='ocr_line' id='line_1_5' title="bbox 2240 472 3757 544; baseline -0.004 -11"><span class='ocrx_word' id='word_1_12' title='bbox 2240 474 2455 533; x_wconf 80' lang='lat' dir='ltr'><strong>Basilii.</strong></span> <span class='ocrx_word' id='word_1_13' title='bbox 2480 504 2550 515; x_wconf 91' lang='grc'><strong><em>--</em></strong></span> <span class='ocrx_word' id='word_1_14' title='bbox 2573 472 2831 529; x_wconf 71' lang='lat' dir='ltr'><strong>Avaritia:</strong></span> <span class='ocrx_word' id='word_1_15' title='bbox 2855 487 3028 544; x_wconf 80' lang='lat' dir='ltr'><strong>genus</strong></span> <span class='ocrx_word' id='word_1_16' title='bbox 3057 472 3447 543; x_wconf 79' lang='lat' dir='ltr'><strong>gravissimum</strong></span> <span class='ocrx_word' id='word_1_17' title='bbox 3474 480 3579 539; x_wconf 88' lang='lat' dir='ltr'><strong>est,</strong></span> <span class='ocrx_word' id='word_1_18' title='bbox 3600 488 3671 528; x_wconf 89' lang='lat' dir='ltr'><strong>ne</strong></span> <span class='ocrx_word' id='word_1_19' title='bbox 3693 488 3757 529; x_wconf 85' lang='lat' dir='ltr'><strong>ea</strong></span> 
     </span>
    </p>
   </div>
   <div class='ocr_carea' id='block_1_6' title="bbox 491 568 1997 643">
    <p class='ocr_par' dir='ltr' id='par_1_6' title="bbox 491 568 1997 643">
     <span class='ocr_line' id='line_1_6' title="bbox 491 568 1997 643; baseline 0.001 -18"><span class='ocrx_word' id='word_1_20' title='bbox 491 576 639 643; x_wconf 75' lang='grc' dir='ltr'>μήτε</span> <span class='ocrx_word' id='word_1_21' title='bbox 671 570 779 625; x_wconf 84' lang='grc' dir='ltr'><strong>τῶν</strong></span> <span class='ocrx_word' id='word_1_22' title='bbox 805 570 1183 642; x_wconf 77' lang='grc' dir='ltr'><strong>φθειρομένων</strong></span> <span class='ocrx_word' id='word_1_23' title='bbox 1218 568 1559 641; x_wconf 81' lang='grc' dir='ltr'><strong>μεταδιδόναι</strong></span> <span class='ocrx_word' id='word_1_24' title='bbox 1587 571 1699 631; x_wconf 87' lang='grc' dir='ltr'>τοῖς</span> <span class='ocrx_word' id='word_1_25' title='bbox 1740 569 1997 626; x_wconf 79' lang='grc' dir='ltr'>ἐνδεέσιν.</span> 
     </span>
    </p>
   </div>
   <div class='ocr_carea' id='block_1_7' title="bbox 569 660 1890 733">
    <p class='ocr_par' dir='ltr' id='par_1_7' title="bbox 569 660 1890 733">
     <span class='ocr_line' id='line_1_7' title="bbox 569 660 1890 733; baseline -0.002 -15"><span class='ocrx_word' id='word_1_26' title='bbox 569 660 873 725; x_wconf 87' lang='grc' dir='ltr'>Τοσούτους</span> <span class='ocrx_word' id='word_1_27' title='bbox 905 662 1135 724; x_wconf 83' lang='grc' dir='ltr'>ἀδικεῖς,</span> <span class='ocrx_word' id='word_1_28' title='bbox 1163 663 1310 725; x_wconf 80' lang='grc' dir='ltr'><strong>ὅσοις</strong></span> <span class='ocrx_word' id='word_1_29' title='bbox 1342 662 1605 733; x_wconf 78' lang='grc' dir='ltr'>παρέχειν</span> <span class='ocrx_word' id='word_1_30' title='bbox 1632 660 1890 731; x_wconf 74' lang='grc' dir='ltr'>ὴδύνασο.</span> 
     </span>
    </p>
   </div>
   <div class='ocr_carea' id='block_1_8' title="bbox 562 750 2074 827">
    <p class='ocr_par' dir='ltr' id='par_1_8' title="bbox 562 750 2074 827">
     <span class='ocr_line' id='line_1_8' title="bbox 562 750 2074 827; baseline -0.003 -14"><span class='ocrx_word' id='word_1_31' title='bbox 562 757 885 824; x_wconf 80' lang='grc' dir='ltr'>Θεολόγου.</span> <span class='ocrx_word' id='word_1_32' title='bbox 911 785 983 795; x_wconf 90' lang='lat'><strong>-—</strong></span> <span class='ocrx_word' id='word_1_33' title='bbox 1021 755 1095 808; x_wconf 80' lang='grc' dir='ltr'>Τὸ</span> <span class='ocrx_word' id='word_1_34' title='bbox 1134 750 1193 809; x_wconf 81' lang='grc' dir='ltr'>εὖ</span> <span class='ocrx_word' id='word_1_35' title='bbox 1229 757 1404 820; x_wconf 83' lang='grc' dir='ltr'><strong>ποεῖν,</strong></span> <span class='ocrx_word' id='word_1_36' title='bbox 1432 755 1528 808; x_wconf 83' lang='grc' dir='ltr'><strong>τοῦ</strong></span> <span class='ocrx_word' id='word_1_37' title='bbox 1556 756 1790 825; x_wconf 84' lang='grc' dir='ltr'><strong>πάσχειν</strong></span> <span class='ocrx_word' id='word_1_38' title='bbox 1817 754 2074 827; x_wconf 80' lang='grc' dir='ltr'>τιμιώτε-</span> 
     </span>
    </p>
   </div>
   <div class='ocr_carea' id='block_1_9' title="bbox 494 845 1826 921">
    <p class='ocr_par' dir='ltr' id='par_1_9' title="bbox 494 845 1826 921">
     <span class='ocr_line' id='line_1_9' title="bbox 494 845 1826 921; baseline -0.001 -19"><span class='ocrx_word' id='word_1_39' title='bbox 494 866 609 921; x_wconf 83' lang='grc' dir='ltr'>ρον,</span> <span class='ocrx_word' id='word_1_40' title='bbox 643 846 742 902; x_wconf 68' lang='grc' dir='ltr'>καὶ</span> <span class='ocrx_word' id='word_1_41' title='bbox 779 845 1376 917; x_wconf 81' lang='grc' dir='ltr'>περισπουδάστότερον</span> <span class='ocrx_word' id='word_1_42' title='bbox 1407 846 1638 918; x_wconf 83' lang='grc' dir='ltr'><strong>κέρδους</strong></span> <span class='ocrx_word' id='word_1_43' title='bbox 1660 845 1826 910; x_wconf 74' lang='grc' dir='ltr'>ἔλεος.</span> 
     </span>
    </p>
   </div>
   <div class='ocr_carea' id='block_1_10' title="bbox 564 1022 2072 1099">
    <p class='ocr_par' dir='ltr' id='par_1_10' title="bbox 564 1022 2072 1099">
     <span class='ocr_line' id='line_1_10' title="bbox 564 1022 2072 1099; baseline -0.003 -18"><span class='ocrx_word' id='word_1_44' title='bbox 564 1026 832 1099; x_wconf 74' lang='grc' dir='ltr'>Κρεῖττον</span> <span class='ocrx_word' id='word_1_45' title='bbox 854 1023 1064 1096; x_wconf 89' lang='grc' dir='ltr'>μυρίων</span> <span class='ocrx_word' id='word_1_46' title='bbox 1082 1023 1290 1077; x_wconf 87' lang='grc' dir='ltr'>παίδων</span> <span class='ocrx_word' id='word_1_47' title='bbox 1307 1023 1522 1094; x_wconf 80' lang='grc' dir='ltr'>πατέρα</span> <span class='ocrx_word' id='word_1_48' title='bbox 1544 1022 2072 1095; x_wconf 82' lang='grc' dir='ltr'>προσαγορεύεσθαι,</span> 
     </span>
    </p>
   </div>
   <div class='ocr_carea' id='block_1_11' title="bbox 486 1113 2073 1189">
    <p class='ocr_par' dir='ltr' id='par_1_11' title="bbox 486 1113 2073 1189">
     <span class='ocr_line' id='line_1_11' title="bbox 486 1113 2073 1189; baseline -0.001 -19"><span class='ocrx_word' id='word_1_49' title='bbox 486 1117 527 1188; x_wconf 71' lang='grc' dir='ltr'>ἢ</span> <span class='ocrx_word' id='word_1_50' title='bbox 565 1117 794 1189; x_wconf 75' lang='grc' dir='ltr'><strong>μυρίους</strong></span> <span class='ocrx_word' id='word_1_51' title='bbox 830 1115 1105 1185; x_wconf 82' lang='grc' dir='ltr'>στατῆρας</span> <span class='ocrx_word' id='word_1_52' title='bbox 1136 1114 1281 1185; x_wconf 81' lang='grc' dir='ltr'>ἔχειν</span> <span class='ocrx_word' id='word_1_53' title='bbox 1310 1117 1369 1168; x_wconf 82' lang='grc' dir='ltr'><strong>ὲν</strong></span> <span class='ocrx_word' id='word_1_54' title='bbox 1397 1113 1688 1186; x_wconf 86' lang='grc' dir='ltr'>βαλαντίῳ.</span> <span class='ocrx_word' id='word_1_55' title='bbox 1720 1115 1801 1168; x_wconf 85' lang='grc' dir='ltr'><strong>Τὰ</strong></span> <span class='ocrx_word' id='word_1_56' title='bbox 1834 1115 1931 1184; x_wconf 81' lang='grc' dir='ltr'><strong>μὲν</strong></span> <span class='ocrx_word' id='word_1_57' title='bbox 1963 1114 2073 1186; x_wconf 84' lang='grc' dir='ltr'><strong>γάρ</strong></span> 
     </span>
    </p>
   </div>
   <div class='ocr_carea' id='block_1_12' title="bbox 487 1205 2069 1280">
    <p class='ocr_par' dir='ltr' id='par_1_12' title="bbox 487 1205 2069 1280">
     <span class='ocr_line' id='line_1_12' title="bbox 487 1205 2069 1280; baseline -0.019 2"><span class='ocrx_word' id='word_1_58' title='bbox 487 1209 758 1280; x_wconf 78' lang='grc' dir='ltr'>Χρήματα</span> <span class='ocrx_word' id='word_1_59' title='bbox 789 1206 1140 1277; x_wconf 74' lang='grc' dir='ltr'><strong>καταλείψεις</strong></span> <span class='ocrx_word' id='word_1_60' title='bbox 1173 1206 1433 1271; x_wconf 73' lang='grc' dir='ltr'>ἐνταῦθα,</span> <span class='ocrx_word' id='word_1_61' title='bbox 1465 1207 1562 1260; x_wconf 73' lang='grc' dir='ltr'>καὶ</span> <span class='ocrx_word' id='word_1_62' title='bbox 1594 1206 1668 1278; x_wconf 80' lang='grc' dir='ltr'>μὴ</span> <span class='ocrx_word' id='word_1_63' title='bbox 1701 1205 2030 1277; x_wconf 83' lang='grc' dir='ltr'>βουλόμενος</span> <span class='ocrx_word' id='word_1_64' title='bbox 2053 1222 2069 1236; x_wconf 79' lang='grc' dir='ltr'><strong>ο</strong></span> 
     </span>
    </p>
   </div>
   <div class='ocr_carea' id='block_1_13' title="bbox 485 1301 2074 1373">
    <p class='ocr_par' dir='ltr' id='par_1_13' title="bbox 485 1301 2074 1373">
     <span class='ocr_line' id='line_1_13' title="bbox 485 1301 2074 1373; baseline 0.001 -18"><span class='ocrx_word' id='word_1_65' title='bbox 485 1303 592 1373; x_wconf 81' lang='grc' dir='ltr'><strong>τὴν</strong></span> <span class='ocrx_word' id='word_1_66' title='bbox 616 1301 673 1356; x_wconf 79' lang='grc' dir='ltr'>δὲ</span> <span class='ocrx_word' id='word_1_67' title='bbox 706 1303 800 1356; x_wconf 71' lang='grc' dir='ltr'><strong>ἐπὶ</strong></span> <span class='ocrx_word' id='word_1_68' title='bbox 831 1306 944 1366; x_wconf 87' lang='grc' dir='ltr'>τοῖς</span> <span class='ocrx_word' id='word_1_69' title='bbox 976 1302 1204 1371; x_wconf 75' lang='grc' dir='ltr'>ἀγαθοῖς</span> <span class='ocrx_word' id='word_1_70' title='bbox 1235 1302 1418 1373; x_wconf 78' lang='grc' dir='ltr'>ἔργοις</span> <span class='ocrx_word' id='word_1_71' title='bbox 1452 1301 1768 1372; x_wconf 78' lang='grc' dir='ltr'>φιλοτιμίαν</span> <span class='ocrx_word' id='word_1_72' title='bbox 1800 1302 2074 1372; x_wconf 84' lang='grc' dir='ltr'>ἀποκομί-</span> 
     </span>
    </p>
   </div>
   <div class='ocr_carea' id='block_1_14' title="bbox 487 1391 2067 1464">
    <p class='ocr_par' dir='ltr' id='par_1_14' title="bbox 487 1391 2067 1464">
     <span class='ocr_line' id='line_1_14' title="bbox 487 1391 2067 1464; baseline 0.001 -18"><span class='ocrx_word' id='word_1_73' title='bbox 487 1402 609 1456; x_wconf 67' lang='lat' dir='ltr'><strong>Gai;</strong></span> <span class='ocrx_word' id='word_1_74' title='bbox 631 1393 769 1463; x_wconf 71' lang='grc' dir='ltr'>πρὸς</span> <span class='ocrx_word' id='word_1_75' title='bbox 798 1393 889 1446; x_wconf 85' lang='grc' dir='ltr'>τὸν</span> <span class='ocrx_word' id='word_1_76' title='bbox 920 1391 1227 1464; x_wconf 84' lang='grc' dir='ltr'>Δεσπότην·</span> <span class='ocrx_word' id='word_1_77' title='bbox 1260 1393 1392 1446; x_wconf 88' lang='grc' dir='ltr'>ὃταν</span> <span class='ocrx_word' id='word_1_78' title='bbox 1440 1394 1613 1464; x_wconf 83' lang='grc' dir='ltr'>δῆμος</span> <span class='ocrx_word' id='word_1_79' title='bbox 1649 1392 1770 1456; x_wconf 83' lang='grc' dir='ltr'>ὅλος</span> <span class='ocrx_word' id='word_1_80' title='bbox 1824 1394 1920 1447; x_wconf 70' lang='grc' dir='ltr'>ὲπὶ</span> <span class='ocrx_word' id='word_1_81' title='bbox 1971 1393 2067 1447; x_wconf 81' lang='grc' dir='ltr'><strong>τοῦ</strong></span> 
     </span>
    </p>
   </div>
   <div class='ocr_carea' id='block_1_15' title="bbox 489 1483 2075 1558">
    <p class='ocr_par' dir='ltr' id='par_1_15' title="bbox 489 1483 2075 1558">
     <span class='ocr_line' id='line_1_15' title="bbox 489 1483 2075 1558; baseline 0.001 -20"><span class='ocrx_word' id='word_1_82' title='bbox 489 1483 680 1538; x_wconf 74' lang='grc' dir='ltr'>κοινοῦ</span> <span class='ocrx_word' id='word_1_83' title='bbox 725 1484 931 1556; x_wconf 82' lang='grc' dir='ltr'>Κριτοῢ</span> <span class='ocrx_word' id='word_1_84' title='bbox 969 1485 1336 1557; x_wconf 84' lang='grc' dir='ltr'><strong>παριστάντες</strong></span> <span class='ocrx_word' id='word_1_85' title='bbox 1366 1502 1444 1552; x_wconf 91' lang='grc' dir='ltr'><strong>σε,</strong></span> <span class='ocrx_word' id='word_1_86' title='bbox 1474 1487 1681 1557; x_wconf 75' lang='grc' dir='ltr'>τροφέα</span> <span class='ocrx_word' id='word_1_87' title='bbox 1707 1487 1802 1539; x_wconf 75' lang='grc' dir='ltr'>καὶ</span> <span class='ocrx_word' id='word_1_88' title='bbox 1851 1486 2075 1558; x_wconf 78' lang='grc' dir='ltr'>εὐεργέ-</span> 
     </span>
    </p>
   </div>
   <div class='ocr_carea' id='block_1_16' title="bbox 486 1573 2073 1645">
    <p class='ocr_par' dir='ltr' id='par_1_16' title="bbox 486 1573 2073 1645">
     <span class='ocr_line' id='line_1_16' title="bbox 486 1573 2073 1645; baseline 0.003 -19"><span class='ocrx_word' id='word_1_89' title='bbox 486 1588 613 1640; x_wconf 84' lang='grc' dir='ltr'>την,</span> <span class='ocrx_word' id='word_1_90' title='bbox 647 1573 745 1628; x_wconf 85' lang='grc' dir='ltr'>καὶ</span> <span class='ocrx_word' id='word_1_91' title='bbox 787 1575 966 1627; x_wconf 86' lang='grc' dir='ltr'>πάντα</span> <span class='ocrx_word' id='word_1_92' title='bbox 1017 1574 1086 1629; x_wconf 77' lang='grc' dir='ltr'>τὰ</span> <span class='ocrx_word' id='word_1_93' title='bbox 1131 1574 1231 1645; x_wconf 81' lang='grc' dir='ltr'>τῆς</span> <span class='ocrx_word' id='word_1_94' title='bbox 1273 1573 1685 1645; x_wconf 81' lang='grc' dir='ltr'>φιλανθρωπίας</span> <span class='ocrx_word' id='word_1_95' title='bbox 1722 1574 2073 1630; x_wconf 84' lang='grc' dir='ltr'>ἁποκαλῶσιν</span> 
     </span>
    </p>
   </div>
   <div class='ocr_carea' id='block_1_17' title="bbox 483 1662 2074 1738">
    <p class='ocr_par' dir='ltr' id='par_1_17' title="bbox 483 1662 2074 1738">
     <span class='ocr_line' id='line_1_17' title="bbox 483 1662 2074 1738; baseline 0.003 -21"><span class='ocrx_word' id='word_1_96' title='bbox 483 1662 731 1736; x_wconf 84' lang='grc' dir='ltr'>ὀνόματα</span> <span class='ocrx_word' id='word_1_97' title='bbox 752 1682 765 1696; x_wconf 88' lang='grc'><strong>·</strong></span> <span class='ocrx_word' id='word_1_98' title='bbox 801 1665 934 1728; x_wconf 83' lang='grc' dir='ltr'>Θεὸς</span> <span class='ocrx_word' id='word_1_99' title='bbox 976 1665 1130 1721; x_wconf 76' lang='grc' dir='ltr'>ἔσται</span> <span class='ocrx_word' id='word_1_100' title='bbox 1163 1669 1191 1720; x_wconf 87' lang='grc' dir='ltr'><strong>ό</strong></span> <span class='ocrx_word' id='word_1_101' title='bbox 1242 1667 1641 1738; x_wconf 85' lang='grc' dir='ltr'>ἀποδεχόμενος</span> <span class='ocrx_word' id='word_1_102' title='bbox 1662 1685 1677 1697; x_wconf 90' lang='grc'><strong>·</strong></span> <span class='ocrx_word' id='word_1_103' title='bbox 1704 1667 1933 1736; x_wconf 78' lang='grc' dir='ltr'>ἄγγελοι</span> <span class='ocrx_word' id='word_1_104' title='bbox 1982 1666 2074 1721; x_wconf 81' lang='grc' dir='ltr'>εύ-</span> 
     </span>
    </p>
   </div>
   <div class='ocr_carea' id='block_1_18' title="bbox 483 1756 2069 1832">
    <p class='ocr_par' dir='ltr' id='par_1_18' title="bbox 483 1756 2069 1832">
     <span class='ocr_line' id='line_1_18' title="bbox 483 1756 2069 1832; baseline 0.003 -22"><span class='ocrx_word' id='word_1_105' title='bbox 483 1756 807 1828; x_wconf 75' lang='grc' dir='ltr'>φημοῦντες</span> <span class='ocrx_word' id='word_1_106' title='bbox 862 1760 912 1811; x_wconf 90' lang='grc' dir='ltr'><strong>οί</strong></span> <span class='ocrx_word' id='word_1_107' title='bbox 943 1758 1052 1812; x_wconf 80' lang='grc' dir='ltr'><strong>ἀπὸ</strong></span> <span class='ocrx_word' id='word_1_108' title='bbox 1078 1758 1312 1821; x_wconf 83' lang='grc' dir='ltr'>κτίσεως</span> <span class='ocrx_word' id='word_1_109' title='bbox 1341 1759 1619 1831; x_wconf 76' lang='grc' dir='ltr'>ἄνθρωποι</span> <span class='ocrx_word' id='word_1_110' title='bbox 1645 1762 2069 1832; x_wconf 81' lang='grc' dir='ltr'>μακαρίζοντες·</span> 
     </span>
    </p>
   </div>
   <div class='ocr_carea' id='block_1_19' title="bbox 483 1846 2072 1924">
    <p class='ocr_par' dir='ltr' id='par_1_19' title="bbox 483 1846 2072 1924">
     <span class='ocr_line' id='line_1_19' title="bbox 483 1846 2072 1924; baseline 0.003 -23"><span class='ocrx_word' id='word_1_111' title='bbox 483 1846 619 1915; x_wconf 78' lang='grc' dir='ltr'>δόξα</span> <span class='ocrx_word' id='word_1_112' title='bbox 656 1848 896 1916; x_wconf 78' lang='grc' dir='ltr'>αἰώνιος,</span> <span class='ocrx_word' id='word_1_113' title='bbox 955 1851 1211 1919; x_wconf 81' lang='grc' dir='ltr'>στέφανοι</span> <span class='ocrx_word' id='word_1_114' title='bbox 1261 1852 1634 1923; x_wconf 83' lang='grc' dir='ltr'>δικαιοσύνης,</span> <span class='ocrx_word' id='word_1_115' title='bbox 1683 1852 1932 1924; x_wconf 82' lang='grc' dir='ltr'>βασιλεία</span> <span class='ocrx_word' id='word_1_116' title='bbox 1964 1853 2072 1907; x_wconf 81' lang='grc' dir='ltr'>τῶν</span> 
     </span>
    </p>
   </div>
   <div class='ocr_carea' id='block_1_20' title="bbox 481 1935 1253 2010">
    <p class='ocr_par' dir='ltr' id='par_1_20' title="bbox 481 1935 1253 2010">
     <span class='ocr_line' id='line_1_20' title="bbox 481 1935 1253 2010; baseline 0.008 -18"><span class='ocrx_word' id='word_1_117' title='bbox 481 1939 735 2010; x_wconf 74' lang='grc' dir='ltr'>οὐρανῶν</span> <span class='ocrx_word' id='word_1_118' title='bbox 761 1935 927 2006; x_wconf 81' lang='grc' dir='ltr'>ἆθλός</span> <span class='ocrx_word' id='word_1_119' title='bbox 954 1954 1038 1995; x_wconf 77' lang='grc' dir='ltr'><strong>σοι</strong></span> <span class='ocrx_word' id='word_1_120' title='bbox 1073 1942 1253 1998; x_wconf 77' lang='grc' dir='ltr'>ἔσται.</span> 
     </span>
    </p>
   </div>
   <div class='ocr_carea' id='block_1_21' title="bbox 563 2198 2073 2285">
    <p class='ocr_par' dir='ltr' id='par_1_21' title="bbox 563 2198 2073 2285">
     <span class='ocr_line' id='line_1_21' title="bbox 563 2198 2073 2285; baseline 0.005 -25"><span class='ocrx_word' id='word_1_121' title='bbox 563 2198 1004 2279; x_wconf 72' lang='grc' dir='ltr'>Σκορπιζόμενος</span> <span class='ocrx_word' id='word_1_122' title='bbox 1032 2209 1061 2263; x_wconf 83' lang='grc' dir='ltr'><strong>δ</strong></span> <span class='ocrx_word' id='word_1_123' title='bbox 1095 2207 1349 2275; x_wconf 82' lang='grc' dir='ltr'>πλοῦτος,</span> <span class='ocrx_word' id='word_1_124' title='bbox 1394 2211 1518 2266; x_wconf 77' lang='grc' dir='ltr'>καθ’</span> <span class='ocrx_word' id='word_1_125' title='bbox 1552 2211 1613 2266; x_wconf 87' lang='grc' dir='ltr'><strong>δν</strong></span> <span class='ocrx_word' id='word_1_126' title='bbox 1651 2214 1682 2266; x_wconf 78' lang='grc' dir='ltr'><strong><em>ὁ</em></strong></span> <span class='ocrx_word' id='word_1_127' title='bbox 1715 2212 1923 2285; x_wconf 85' lang='grc' dir='ltr'>Κύριος</span> <span class='ocrx_word' id='word_1_128' title='bbox 1948 2215 2073 2268; x_wconf 75' lang='grc' dir='ltr'>επι-</span> 
     </span>
    </p>
   </div>
   <div class='ocr_carea' id='block_1_22' title="bbox 480 2298 2073 2378">
    <p class='ocr_par' dir='ltr' id='par_1_22' title="bbox 480 2298 2073 2378">
     <span class='ocr_line' id='line_1_22' title="bbox 480 2298 2073 2378; baseline 0.006 -26"><span class='ocrx_word' id='word_1_129' title='bbox 480 2298 745 2352; x_wconf 81' lang='grc' dir='ltr'>τάττεται</span> <span class='ocrx_word' id='word_1_130' title='bbox 775 2301 1002 2371; x_wconf 78' lang='grc' dir='ltr'>τρόπον,</span> <span class='ocrx_word' id='word_1_131' title='bbox 1031 2300 1246 2371; x_wconf 80' lang='grc' dir='ltr'>πέφυκε</span> <span class='ocrx_word' id='word_1_132' title='bbox 1272 2303 1617 2374; x_wconf 76' lang='grc' dir='ltr'>παραμένειν</span> <span class='ocrx_word' id='word_1_133' title='bbox 1641 2321 1655 2335; x_wconf 91' lang='grc'><strong>·</strong></span> <span class='ocrx_word' id='word_1_134' title='bbox 1709 2306 2073 2378; x_wconf 83' lang='grc' dir='ltr'>συνεχόμενος</span> 
     </span>
    </p>
   </div>
   <div class='ocr_carea' id='block_1_23' title="bbox 479 2388 2073 2469">
    <p class='ocr_par' dir='ltr' id='par_1_23' title="bbox 479 2388 2073 2469">
     <span class='ocr_line' id='line_1_23' title="bbox 479 2388 2073 2469; baseline 0.007 -27"><span class='ocrx_word' id='word_1_135' title='bbox 479 2388 566 2454; x_wconf 75' lang='grc' dir='ltr'>δὲ,</span> <span class='ocrx_word' id='word_1_136' title='bbox 594 2390 1036 2462; x_wconf 84' lang='grc' dir='ltr'>άλλοτριοῦσθαι.</span> <span class='ocrx_word' id='word_1_137' title='bbox 1071 2393 1198 2447; x_wconf 86' lang='grc' dir='ltr'><strong>Ἐὰν</strong></span> <span class='ocrx_word' id='word_1_138' title='bbox 1229 2395 1551 2463; x_wconf 77' lang='grc' dir='ltr'>φυλάσσεις,</span> <span class='ocrx_word' id='word_1_139' title='bbox 1602 2396 1706 2451; x_wconf 78' lang='grc' dir='ltr'>οὐκ</span> <span class='ocrx_word' id='word_1_140' title='bbox 1759 2396 1938 2469; x_wconf 71' lang='grc' dir='ltr'>ἔχεις·</span> <span class='ocrx_word' id='word_1_141' title='bbox 1970 2398 2073 2453; x_wconf 69' lang='grc' dir='ltr'><strong>ἐὰν</strong></span> 
     </span>
    </p>
   </div>
   <div class='ocr_carea' id='block_1_24' title="bbox 475 2478 2074 2557">
    <p class='ocr_par' dir='ltr' id='par_1_24' title="bbox 475 2478 2074 2557">
     <span class='ocr_line' id='line_1_24' title="bbox 475 2478 2074 2557; baseline 0.007 -22"><span class='ocrx_word' id='word_1_142' title='bbox 475 2482 541 2535; x_wconf 80' lang='grc' dir='ltr'>δὲ</span> <span class='ocrx_word' id='word_1_143' title='bbox 579 2478 1059 2553; x_wconf 84' lang='grc' dir='ltr'>σκορπίσεις,ὀύκ</span> <span class='ocrx_word' id='word_1_144' title='bbox 1098 2485 1407 2552; x_wconf 79' lang='grc' dir='ltr'>άπολέσεις.</span> <span class='ocrx_word' id='word_1_145' title='bbox 1445 2489 1870 2557; x_wconf 80' lang='grc' dir='ltr'>Ἐσκόρπισεν,</span> <span class='ocrx_word' id='word_1_146' title='bbox 1888 2490 2074 2546; x_wconf 74' lang='grc' dir='ltr'>ἔδωκε</span> 
     </span>
    </p>
   </div>
   <div class='ocr_carea' id='block_1_25' title="bbox 477 2573 906 2643">
    <p class='ocr_par' dir='ltr' id='par_1_25' title="bbox 477 2573 906 2643">
     <span class='ocr_line' id='line_1_25' title="bbox 477 2573 906 2643; baseline 0.007 -16"><span class='ocrx_word' id='word_1_147' title='bbox 477 2573 612 2641; x_wconf 77' lang='grc' dir='ltr'>τοῖς</span> <span class='ocrx_word' id='word_1_148' title='bbox 659 2575 906 2643; x_wconf 79' lang='grc' dir='ltr'>πένησι.</span> 
     </span>
    </p>
   </div>
   <div class='ocr_carea' id='block_1_26' title="bbox 555 2756 2069 2835">
    <p class='ocr_par' dir='ltr' id='par_1_26' title="bbox 555 2756 2069 2835">
     <span class='ocr_line' id='line_1_26' title="bbox 555 2756 2069 2835; baseline 0.005 -24"><span class='ocrx_word' id='word_1_149' title='bbox 555 2756 737 2811; x_wconf 72' lang='grc' dir='ltr'>Καλὸν</span> <span class='ocrx_word' id='word_1_150' title='bbox 765 2758 1021 2829; x_wconf 74' lang='grc' dir='ltr'>ἐντάφιον</span> <span class='ocrx_word' id='word_1_151' title='bbox 1055 2760 1089 2830; x_wconf 81' lang='grc' dir='ltr'><strong>ἡ</strong></span> <span class='ocrx_word' id='word_1_152' title='bbox 1119 2759 1401 2817; x_wconf 76' lang='grc' dir='ltr'>εὐσέϐεια.</span> <span class='ocrx_word' id='word_1_153' title='bbox 1433 2760 1655 2826; x_wconf 83' lang='grc' dir='ltr'>Πάντας</span> <span class='ocrx_word' id='word_1_154' title='bbox 1695 2764 2069 2835; x_wconf 85' lang='grc' dir='ltr'>περιϐαλόμε-</span> 
     </span>
    </p>
   </div>
   <div class='ocr_carea' id='block_1_27' title="bbox 476 2846 2066 2924">
    <p class='ocr_par' dir='ltr' id='par_1_27' title="bbox 476 2846 2066 2924">
     <span class='ocr_line' id='line_1_27' title="bbox 476 2846 2066 2924; baseline 0.006 -25"><span class='ocrx_word' id='word_1_155' title='bbox 476 2863 574 2911; x_wconf 86' lang='grc' dir='ltr'><strong>νος</strong></span> <span class='ocrx_word' id='word_1_156' title='bbox 607 2846 833 2903; x_wconf 77' lang='grc' dir='ltr'>ᾶπελθε.</span> <span class='ocrx_word' id='word_1_157' title='bbox 859 2850 1075 2902; x_wconf 83' lang='grc' dir='ltr'>Οίκεῖον</span> <span class='ocrx_word' id='word_1_158' title='bbox 1105 2848 1314 2919; x_wconf 82' lang='grc' dir='ltr'>κόσμον</span> <span class='ocrx_word' id='word_1_159' title='bbox 1336 2851 1429 2906; x_wconf 80' lang='grc' dir='ltr'>τὸν</span> <span class='ocrx_word' id='word_1_160' title='bbox 1454 2852 1684 2907; x_wconf 84' lang='grc' dir='ltr'>πλοῦτόν</span> <span class='ocrx_word' id='word_1_161' title='bbox 1706 2870 1799 2907; x_wconf 91' lang='grc' dir='ltr'><strong>σου</strong></span> <span class='ocrx_word' id='word_1_162' title='bbox 1821 2854 2066 2924; x_wconf 78' lang='grc' dir='ltr'>ποίησονο</span> 
     </span>
    </p>
   </div>
   <div class='ocr_carea' id='block_1_28' title="bbox 476 2939 2070 3018">
    <p class='ocr_par' dir='ltr' id='par_1_28' title="bbox 476 2939 2070 3018">
     <span class='ocr_line' id='line_1_28' title="bbox 476 2939 2070 3018; baseline 0.003 -25"><span class='ocrx_word' id='word_1_163' title='bbox 476 2939 576 3011; x_wconf 73' lang='grc' dir='ltr'>ἔχε</span> <span class='ocrx_word' id='word_1_164' title='bbox 606 2939 949 3011; x_wconf 81' lang='grc' dir='ltr'>αύτδνμετά</span> <span class='ocrx_word' id='word_1_165' title='bbox 973 2944 1229 2997; x_wconf 84' lang='grc' dir='ltr'>σεαυτοῦ.</span> <span class='ocrx_word' id='word_1_166' title='bbox 1268 2943 1530 3015; x_wconf 83' lang='grc' dir='ltr'>Πείσθητι</span> <span class='ocrx_word' id='word_1_167' title='bbox 1560 2944 1746 3009; x_wconf 82' lang='grc' dir='ltr'>καλῶς</span> <span class='ocrx_word' id='word_1_168' title='bbox 1775 2946 2070 3018; x_wconf 85' lang='grc' dir='ltr'>συμϐούλῳ</span> 
     </span>
    </p>
   </div>
   <div class='ocr_carea' id='block_1_29' title="bbox 475 3030 2069 3105">
    <p class='ocr_par' dir='ltr' id='par_1_29' title="bbox 475 3030 2069 3105">
     <span class='ocr_line' id='line_1_29' title="bbox 475 3030 2069 3105; baseline 0.003 -22"><span class='ocrx_word' id='word_1_169' title='bbox 475 3030 564 3100; x_wconf 79' lang='grc' dir='ltr'>τῷ</span> <span class='ocrx_word' id='word_1_170' title='bbox 599 3030 951 3103; x_wconf 78' lang='grc' dir='ltr'>άγαπήσαντί</span> <span class='ocrx_word' id='word_1_171' title='bbox 993 3048 1053 3083; x_wconf 90' lang='grc' dir='ltr'><strong>σε</strong></span> <span class='ocrx_word' id='word_1_172' title='bbox 1097 3031 1341 3103; x_wconf 84' lang='grc' dir='ltr'>Χριστῷ,</span> <span class='ocrx_word' id='word_1_173' title='bbox 1391 3032 1469 3104; x_wconf 85' lang='grc' dir='ltr'>τῷ</span> <span class='ocrx_word' id='word_1_174' title='bbox 1518 3032 1587 3086; x_wconf 87' lang='grc' dir='ltr'>δι’</span> <span class='ocrx_word' id='word_1_175' title='bbox 1621 3035 1769 3105; x_wconf 83' lang='grc' dir='ltr'>ἡμᾶς</span> <span class='ocrx_word' id='word_1_176' title='bbox 1817 3034 2069 3105; x_wconf 88' lang='grc' dir='ltr'>πτωχεύ-</span> 
     </span>
    </p>
   </div>
   <div class='ocr_carea' id='block_1_30' title="bbox 479 3120 2138 3210">
    <p class='ocr_par' dir='ltr' id='par_1_30' title="bbox 479 3120 2138 3210">
     <span class='ocr_line' id='line_1_30' title="bbox 479 3120 2138 3210; baseline 0.004 -34"><span class='ocrx_word' id='word_1_177' title='bbox 479 3134 669 3188; x_wconf 63' lang='lat' dir='ltr'><strong>eam,</strong></span> <span class='ocrx_word' id='word_1_178' title='bbox 696 3120 766 3178; x_wconf 76' lang='grc' dir='ltr'><strong>ἵν’</strong></span> <span class='ocrx_word' id='word_1_179' title='bbox 793 3122 958 3193; x_wconf 77' lang='grc' dir='ltr'>ἡμεῖς</span> <span class='ocrx_word' id='word_1_180' title='bbox 987 3125 1054 3196; x_wconf 73' lang='grc' dir='ltr'>τῇ</span> <span class='ocrx_word' id='word_1_181' title='bbox 1093 3121 1310 3177; x_wconf 67' lang='grc' dir='ltr'>ἐκείνου</span> <span class='ocrx_word' id='word_1_182' title='bbox 1340 3123 1598 3197; x_wconf 78' lang='grc' dir='ltr'>πτωχείᾳ.</span> <span class='ocrx_word' id='word_1_183' title='bbox 1642 3126 2065 3199; x_wconf 78' lang='grc' dir='ltr'>πλουτήσωμεν.</span> <span class='ocrx_word' id='word_1_184' title='bbox 2094 3150 2138 3210; x_wconf 74' lang='lat' dir='ltr'><strong><em>C</em></strong></span> 
     </span>
    </p>
   </div>
   <div class='ocr_carea' id='block_1_31' title="bbox 556 3322 2069 3398">
    <p class='ocr_par' dir='ltr' id='par_1_31' title="bbox 556 3322 2069 3398">
     <span class='ocr_line' id='line_1_31' title="bbox 556 3322 2069 3398; baseline -0.005 -21"><span class='ocrx_word' id='word_1_185' title='bbox 556 3323 874 3392; x_wconf 76' lang='grc' dir='ltr'>Θεολόγου.</span> <span class='ocrx_word' id='word_1_186' title='bbox 902 3351 972 3363; x_wconf 91' lang='grc'><strong><em>-</em></strong></span> <span class='ocrx_word' id='word_1_187' title='bbox 1018 3322 1418 3393; x_wconf 82' lang='grc' dir='ltr'>Ἐλεημοσύνη,</span> <span class='ocrx_word' id='word_1_188' title='bbox 1468 3324 1504 3395; x_wconf 80' lang='grc' dir='ltr'><strong>ἡ</strong></span> <span class='ocrx_word' id='word_1_189' title='bbox 1559 3324 1746 3395; x_wconf 82' lang='grc' dir='ltr'>πάσης</span> <span class='ocrx_word' id='word_1_190' title='bbox 1782 3326 2069 3398; x_wconf 81' lang='grc' dir='ltr'>ἀπηλλαγ-</span> 
     </span>
    </p>
   </div>
   <div class='ocr_carea' id='block_1_32' title="bbox 478 3410 2071 3487">
    <p class='ocr_par' dir='ltr' id='par_1_32' title="bbox 478 3410 2071 3487">
     <span class='ocr_line' id='line_1_32' title="bbox 478 3410 2071 3487; baseline 0.003 -19"><span class='ocrx_word' id='word_1_191' title='bbox 478 3415 621 3486; x_wconf 80' lang='grc' dir='ltr'>μὲνη</span> <span class='ocrx_word' id='word_1_192' title='bbox 643 3415 858 3479; x_wconf 84' lang='grc' dir='ltr'>ἀδικίας</span> <span class='ocrx_word' id='word_1_193' title='bbox 878 3431 894 3447; x_wconf 79' lang='lat'><strong><em>°</em></strong></span> <span class='ocrx_word' id='word_1_194' title='bbox 927 3414 1069 3487; x_wconf 72' lang='grc' dir='ltr'>αὕτη</span> <span class='ocrx_word' id='word_1_195' title='bbox 1101 3410 1279 3469; x_wconf 84' lang='grc' dir='ltr'>πάντα</span> <span class='ocrx_word' id='word_1_196' title='bbox 1302 3416 1525 3485; x_wconf 78' lang='grc' dir='ltr'>καθαρὰ</span> <span class='ocrx_word' id='word_1_197' title='bbox 1555 3420 1723 3472; x_wconf 84' lang='grc' dir='ltr'>ποιεῖ.</span> <span class='ocrx_word' id='word_1_198' title='bbox 1761 3417 1937 3472; x_wconf 84' lang='grc' dir='ltr'>Τοῦτο</span> <span class='ocrx_word' id='word_1_199' title='bbox 1972 3419 2071 3474; x_wconf 80' lang='grc' dir='ltr'>καὶ</span> 
     </span>
    </p>
   </div>
   <div class='ocr_carea' id='block_1_33' title="bbox 473 3506 2070 3579">
    <p class='ocr_par' dir='ltr' id='par_1_33' title="bbox 473 3506 2070 3579">
     <span class='ocr_line' id='line_1_33' title="bbox 473 3506 2070 3579; baseline 0.003 -20"><span class='ocrx_word' id='word_1_200' title='bbox 473 3507 737 3577; x_wconf 81' lang='grc' dir='ltr'>νηστείας</span> <span class='ocrx_word' id='word_1_201' title='bbox 791 3506 1002 3577; x_wconf 76' lang='grc' dir='ltr'>βέλτιον</span> <span class='ocrx_word' id='word_1_202' title='bbox 1034 3507 1131 3561; x_wconf 68' lang='grc' dir='ltr'>καὶ</span> <span class='ocrx_word' id='word_1_203' title='bbox 1184 3506 1488 3579; x_wconf 88' lang='grc' dir='ltr'>χαμευνίας</span> <span class='ocrx_word' id='word_1_204' title='bbox 1513 3524 1528 3540; x_wconf 77' lang='grc' dir='ltr'><strong><em>ο</em></strong></span> <span class='ocrx_word' id='word_1_205' title='bbox 1586 3509 1838 3578; x_wconf 80' lang='grc' dir='ltr'>καίτοιγε</span> <span class='ocrx_word' id='word_1_206' title='bbox 1885 3511 2070 3564; x_wconf 76' lang='grc' dir='ltr'>ἐκεῖνα</span> 
     </span>
    </p>
   </div>
   <div class='ocr_carea' id='block_1_34' title="bbox 478 3597 2068 3674">
    <p class='ocr_par' dir='ltr' id='par_1_34' title="bbox 478 3597 2068 3674">
     <span class='ocr_line' id='line_1_34' title="bbox 478 3597 2068 3674; baseline 0.002 -22"><span class='ocrx_word' id='word_1_207' title='bbox 478 3597 868 3669; x_wconf 81' lang='grc' dir='ltr'>μοχθηρότερά</span> <span class='ocrx_word' id='word_1_208' title='bbox 921 3598 1016 3652; x_wconf 77' lang='grc' dir='ltr'>καὶ</span> <span class='ocrx_word' id='word_1_209' title='bbox 1073 3597 1476 3670; x_wconf 71' lang='grc' dir='ltr'>ἐπιπονώτερα,</span> <span class='ocrx_word' id='word_1_210' title='bbox 1522 3598 1643 3653; x_wconf 76' lang='grc' dir='ltr'>ἀλλ’</span> <span class='ocrx_word' id='word_1_211' title='bbox 1680 3600 1822 3673; x_wconf 75' lang='grc' dir='ltr'>αὕτη</span> <span class='ocrx_word' id='word_1_212' title='bbox 1868 3601 2068 3674; x_wconf 85' lang='grc' dir='ltr'>κερδα-</span> 
     </span>
    </p>
   </div>
   <div class='ocr_carea' id='block_1_35' title="bbox 474 3689 2068 3766">
    <p class='ocr_par' dir='ltr' id='par_1_35' title="bbox 474 3689 2068 3766">
     <span class='ocr_line' id='line_1_35' title="bbox 474 3689 2068 3766; baseline 0.001 -21"><span class='ocrx_word' id='word_1_213' title='bbox 474 3690 748 3762; x_wconf 79' lang='grc' dir='ltr'>λεωτέρα,</span> <span class='ocrx_word' id='word_1_214' title='bbox 807 3689 1071 3761; x_wconf 76' lang='grc' dir='ltr'>χρωτίξει</span> <span class='ocrx_word' id='word_1_215' title='bbox 1142 3690 1341 3764; x_wconf 79' lang='grc' dir='ltr'>ψυχὴν,</span> <span class='ocrx_word' id='word_1_216' title='bbox 1400 3691 1679 3758; x_wconf 86' lang='grc' dir='ltr'>λεπτύνει,</span> <span class='ocrx_word' id='word_1_217' title='bbox 1748 3693 1919 3766; x_wconf 85' lang='grc' dir='ltr'>καλὴν</span> <span class='ocrx_word' id='word_1_218' title='bbox 1969 3694 2068 3748; x_wconf 74' lang='grc' dir='ltr'><strong>καὶ</strong></span> 
     </span>
    </p>
   </div>
   <div class='ocr_carea' id='block_1_36' title="bbox 472 3778 895 3854">
    <p class='ocr_par' dir='ltr' id='par_1_36' title="bbox 472 3778 895 3854">
     <span class='ocr_line' id='line_1_36' title="bbox 472 3778 895 3854; baseline 0.002 -18"><span class='ocrx_word' id='word_1_219' title='bbox 472 3778 693 3854; x_wconf 79' lang='grc' dir='ltr'>ὡραίαν</span> <span class='ocrx_word' id='word_1_220' title='bbox 730 3784 895 3837; x_wconf 82' lang='grc' dir='ltr'>ποιεῖ.</span> 
     </span>
    </p>
   </div>
   <div class='ocr_carea' id='block_1_37' title="bbox 564 3979 2070 4057">
    <p class='ocr_par' dir='ltr' id='par_1_37' title="bbox 564 3979 2070 4057">
     <span class='ocr_line' id='line_1_37' title="bbox 564 3979 2070 4057; baseline 0.002 -22"><span class='ocrx_word' id='word_1_221' title='bbox 564 3981 779 4036; x_wconf 84' lang='grc' dir='ltr'>Ἐκεῖνα</span> <span class='ocrx_word' id='word_1_222' title='bbox 815 3979 953 4051; x_wconf 81' lang='grc' dir='ltr'>μόνα</span> <span class='ocrx_word' id='word_1_223' title='bbox 1006 3981 1371 4054; x_wconf 88' lang='grc' dir='ltr'>κερδήσομεν,</span> <span class='ocrx_word' id='word_1_224' title='bbox 1403 3983 1504 4037; x_wconf 81' lang='grc' dir='ltr'>ὅσα</span> <span class='ocrx_word' id='word_1_225' title='bbox 1554 3981 1622 4037; x_wconf 82' lang='grc' dir='ltr'>ἂν</span> <span class='ocrx_word' id='word_1_226' title='bbox 1666 3985 1785 4038; x_wconf 72' lang='grc' dir='ltr'>ἐκεῖ</span> <span class='ocrx_word' id='word_1_227' title='bbox 1817 3985 2070 4057; x_wconf 84' lang='grc' dir='ltr'>προπέμ-</span> 
     </span>
    </p>
   </div>
   <div class='ocr_carea' id='block_1_38' title="bbox 474 4070 2067 4148">
    <p class='ocr_par' dir='ltr' id='par_1_38' title="bbox 474 4070 2067 4148">
     <span class='ocr_line' id='line_1_38' title="bbox 474 4070 2067 4148; baseline 0.001 -22"><span class='ocrx_word' id='word_1_228' title='bbox 474 4071 696 4142; x_wconf 76' lang='grc' dir='ltr'>ψωμεν.</span> <span class='ocrx_word' id='word_1_229' title='bbox 738 4070 955 4124; x_wconf 84' lang='grc' dir='ltr'>Ἐκεῖνα</span> <span class='ocrx_word' id='word_1_230' title='bbox 980 4070 1117 4141; x_wconf 90' lang='grc' dir='ltr'>μόνα</span> <span class='ocrx_word' id='word_1_231' title='bbox 1148 4072 1300 4125; x_wconf 78' lang='grc' dir='ltr'>ἐστὶν</span> <span class='ocrx_word' id='word_1_232' title='bbox 1328 4071 1599 4143; x_wconf 79' lang='grc' dir='ltr'>ἡμέτερα,</span> <span class='ocrx_word' id='word_1_233' title='bbox 1630 4073 1732 4127; x_wconf 84' lang='grc' dir='ltr'>ὅσα</span> <span class='ocrx_word' id='word_1_234' title='bbox 1763 4075 1864 4145; x_wconf 80' lang='grc' dir='ltr'><strong>τῆς</strong></span> <span class='ocrx_word' id='word_1_235' title='bbox 1887 4075 2067 4148; x_wconf 83' lang='grc' dir='ltr'>ψυχῆς</span> 
     </span>
    </p>
   </div>
   <div class='ocr_carea' id='block_1_39' title="bbox 473 4162 2062 4238">
    <p class='ocr_par' dir='ltr' id='par_1_39' title="bbox 473 4162 2062 4238">
     <span class='ocr_line' id='line_1_39' title="bbox 473 4162 2062 4238; baseline 0.003 -21"><span class='ocrx_word' id='word_1_236' title='bbox 473 4167 600 4217; x_wconf 70' lang='grc' dir='ltr'>ἐστι</span> <span class='ocrx_word' id='word_1_237' title='bbox 633 4162 1066 4234; x_wconf 81' lang='grc' dir='ltr'>κατορθώματα,</span> <span class='ocrx_word' id='word_1_238' title='bbox 1121 4162 1463 4235; x_wconf 73' lang='grc' dir='ltr'>ἐλεημοσύνη</span> <span class='ocrx_word' id='word_1_239' title='bbox 1512 4165 1609 4218; x_wconf 77' lang='grc' dir='ltr'>καὶ</span> <span class='ocrx_word' id='word_1_240' title='bbox 1638 4165 2025 4238; x_wconf 82' lang='grc' dir='ltr'>φιλανθρωπία</span> <span class='ocrx_word' id='word_1_241' title='bbox 2047 4183 2062 4198; x_wconf 90' lang='grc'>·</span> 
     </span>
    </p>
   </div>
   <div class='ocr_carea' id='block_1_40' title="bbox 476 4253 2065 4327">
    <p class='ocr_par' dir='ltr' id='par_1_40' title="bbox 476 4253 2065 4327">
     <span class='ocr_line' id='line_1_40' title="bbox 476 4253 2065 4327; baseline -0.001 -17"><span class='ocrx_word' id='word_1_242' title='bbox 476 4255 544 4310; x_wconf 80' lang='grc' dir='ltr'>οὐ</span> <span class='ocrx_word' id='word_1_243' title='bbox 577 4255 688 4325; x_wconf 81' lang='grc' dir='ltr'><strong>γὰρ</strong></span> <span class='ocrx_word' id='word_1_244' title='bbox 716 4254 943 4308; x_wconf 75' lang='grc' dir='ltr'>δυνατὸν</span> <span class='ocrx_word' id='word_1_245' title='bbox 973 4255 1079 4327; x_wconf 86' lang='grc' dir='ltr'>χρή</span> <span class='ocrx_word' id='word_1_246' title='bbox 1090 4272 1234 4325; x_wconf 87' lang='grc' dir='ltr'>ματα</span> <span class='ocrx_word' id='word_1_247' title='bbox 1257 4253 1499 4308; x_wconf 84' lang='grc' dir='ltr'>λαϐόντα</span> <span class='ocrx_word' id='word_1_248' title='bbox 1522 4255 1784 4309; x_wconf 82' lang='grc' dir='ltr'>ἀπελθεῖν</span> <span class='ocrx_word' id='word_1_249' title='bbox 1812 4273 1825 4285; x_wconf 93' lang='grc'><strong>·</strong></span> <span class='ocrx_word' id='word_1_250' title='bbox 1863 4257 2065 4327; x_wconf 78' lang='grc' dir='ltr'>μᾶλλον</span> 
     </span>
    </p>
   </div>
   <div class='ocr_carea' id='block_1_41' title="bbox 474 4343 2047 4418">
    <p class='ocr_par' dir='ltr' id='par_1_41' title="bbox 474 4343 2047 4418">
     <span class='ocr_line' id='line_1_41' title="bbox 474 4343 2047 4418; baseline 0.002 -20"><span class='ocrx_word' id='word_1_251' title='bbox 474 4344 537 4398; x_wconf 71' lang='grc' dir='ltr'>δὲ</span> <span class='ocrx_word' id='word_1_252' title='bbox 588 4344 685 4398; x_wconf 79' lang='grc' dir='ltr'>καὶ</span> <span class='ocrx_word' id='word_1_253' title='bbox 728 4343 1144 4414; x_wconf 80' lang='grc' dir='ltr'>προπέμψωμεν</span> <span class='ocrx_word' id='word_1_254' title='bbox 1185 4346 1344 4408; x_wconf 75' lang='grc' dir='ltr'>αὐτὰ,</span> <span class='ocrx_word' id='word_1_255' title='bbox 1393 4343 1534 4398; x_wconf 85' lang='grc' dir='ltr'>ὥστε</span> <span class='ocrx_word' id='word_1_256' title='bbox 1577 4346 1868 4417; x_wconf 79' lang='grc' dir='ltr'>ἑτοιμάσαι</span> <span class='ocrx_word' id='word_1_257' title='bbox 1916 4348 2047 4418; x_wconf 78' lang='grc' dir='ltr'>ἡμῖν</span> 
     </span>
    </p>
   </div>
   <div class='ocr_carea' id='block_1_42' title="bbox 476 4435 1448 4507">
    <p class='ocr_par' dir='ltr' id='par_1_42' title="bbox 476 4435 1448 4507">
     <span class='ocr_line' id='line_1_42' title="bbox 476 4435 1448 4507; baseline 0.001 -17"><span class='ocrx_word' id='word_1_258' title='bbox 476 4435 688 4507; x_wconf 77' lang='grc' dir='ltr'>σκηνὴν</span> <span class='ocrx_word' id='word_1_259' title='bbox 724 4437 783 4489; x_wconf 79' lang='grc' dir='ltr'><strong>ἐν</strong></span> <span class='ocrx_word' id='word_1_260' title='bbox 804 4437 925 4499; x_wconf 82' lang='grc' dir='ltr'>ταῖς</span> <span class='ocrx_word' id='word_1_261' title='bbox 951 4436 1201 4500; x_wconf 83' lang='grc' dir='ltr'>αίωνίαις</span> <span class='ocrx_word' id='word_1_262' title='bbox 1237 4439 1448 4507; x_wconf 88' lang='grc' dir='ltr'>μοναῖς.</span> 
     </span>
    </p>
   </div>
   <div class='ocr_carea' id='block_1_43' title="bbox 566 4639 2063 4715">
    <p class='ocr_par' dir='ltr' id='par_1_43' title="bbox 566 4639 2063 4715">
     <span class='ocr_line' id='line_1_43' title="bbox 566 4639 2063 4715; baseline 0.003 -22"><span class='ocrx_word' id='word_1_263' title='bbox 566 4639 973 4711; x_wconf 85' lang='grc' dir='ltr'>Ἐλεημοσύνης</span> <span class='ocrx_word' id='word_1_264' title='bbox 1021 4641 1213 4711; x_wconf 69' lang='grc' dir='ltr'>χωρὶς,</span> <span class='ocrx_word' id='word_1_265' title='bbox 1277 4641 1531 4713; x_wconf 79' lang='grc' dir='ltr'>ἄκαρπος</span> <span class='ocrx_word' id='word_1_266' title='bbox 1585 4644 1617 4714; x_wconf 82' lang='grc' dir='ltr'><strong>ή</strong></span> <span class='ocrx_word' id='word_1_267' title='bbox 1674 4642 1844 4715; x_wconf 77' lang='grc' dir='ltr'>ψυχή.</span> <span class='ocrx_word' id='word_1_268' title='bbox 1879 4643 2063 4697; x_wconf 85' lang='grc' dir='ltr'>Πάντα</span> 
     </span>
    </p>
   </div>
   <div class='ocr_carea' id='block_1_44' title="bbox 470 4730 2064 4805">
    <p class='ocr_par' dir='ltr' id='par_1_44' title="bbox 470 4730 2064 4805">
     <span class='ocr_line' id='line_1_44' title="bbox 470 4730 2064 4805; baseline 0.001 -19"><span class='ocrx_word' id='word_1_269' title='bbox 470 4730 772 4803; x_wconf 87' lang='grc' dir='ltr'>ἀκάθαρτα</span> <span class='ocrx_word' id='word_1_270' title='bbox 819 4730 1029 4800; x_wconf 88' lang='grc' dir='ltr'>ταύτης</span> <span class='ocrx_word' id='word_1_271' title='bbox 1081 4732 1273 4803; x_wconf 69' lang='grc' dir='ltr'>χωρὶς,</span> <span class='ocrx_word' id='word_1_272' title='bbox 1343 4733 1522 4788; x_wconf 83' lang='grc' dir='ltr'>πάντα</span> <span class='ocrx_word' id='word_1_273' title='bbox 1578 4733 1836 4805; x_wconf 78' lang='grc' dir='ltr'>ἀνόνητα.</span> <span class='ocrx_word' id='word_1_274' title='bbox 1892 4733 2064 4788; x_wconf 82' lang='grc' dir='ltr'>Τοῦτό</span> 
     </span>
    </p>
   </div>
   <div class='ocr_carea' id='block_1_45' title="bbox 470 4816 2064 4899">
    <p class='ocr_par' dir='ltr' id='par_1_45' title="bbox 470 4816 2064 4899">
     <span class='ocr_line' id='line_1_45' title="bbox 470 4816 2064 4899; baseline 0.002 -22"><span class='ocrx_word' id='word_1_275' title='bbox 470 4816 688 4892; x_wconf 77' lang='grc' dir='ltr'>ἐστινῷ</span> <span class='ocrx_word' id='word_1_276' title='bbox 717 4822 1033 4891; x_wconf 80' lang='grc' dir='ltr'>ἐξισοῦσθαι</span> <span class='ocrx_word' id='word_1_277' title='bbox 1064 4824 1347 4895; x_wconf 88' lang='grc' dir='ltr'>δυνάμεθα</span> <span class='ocrx_word' id='word_1_278' title='bbox 1378 4825 1454 4896; x_wconf 85' lang='grc' dir='ltr'>τῷ</span> <span class='ocrx_word' id='word_1_279' title='bbox 1499 4825 1637 4899; x_wconf 79' lang='grc' dir='ltr'>Θεῷ,</span> <span class='ocrx_word' id='word_1_280' title='bbox 1675 4825 1737 4880; x_wconf 86' lang='grc' dir='ltr'>τὸ</span> <span class='ocrx_word' id='word_1_281' title='bbox 1766 4827 1937 4880; x_wconf 78' lang='grc' dir='ltr'>ἐλεεῖν</span> <span class='ocrx_word' id='word_1_282' title='bbox 1969 4828 2064 4881; x_wconf 78' lang='grc' dir='ltr'>καὶ</span> 
     </span>
    </p>
   </div>
   <div class='ocr_carea' id='block_1_46' title="bbox 470 4910 2057 4989">
    <p class='ocr_par' dir='ltr' id='par_1_46' title="bbox 470 4910 2057 4989">
     <span class='ocr_line' id='line_1_46' title="bbox 470 4910 2057 4989; baseline 0.004 -23"><span class='ocrx_word' id='word_1_283' title='bbox 470 4913 791 4985; x_wconf 87' lang='grc' dir='ltr'>οἰκτείρειν.</span> <span class='ocrx_word' id='word_1_284' title='bbox 820 4915 993 4970; x_wconf 83' lang='grc' dir='ltr'>Ὅταν</span> <span class='ocrx_word' id='word_1_285' title='bbox 1014 4910 1111 4970; x_wconf 76' lang='grc' dir='ltr'><strong>οὖν</strong></span> <span class='ocrx_word' id='word_1_286' title='bbox 1138 4916 1296 4971; x_wconf 81' lang='grc' dir='ltr'>τοῦτο</span> <span class='ocrx_word' id='word_1_287' title='bbox 1331 4917 1408 4987; x_wconf 79' lang='grc' dir='ltr'>μὴ</span> <span class='ocrx_word' id='word_1_288' title='bbox 1454 4916 1690 4989; x_wconf 76' lang='grc' dir='ltr'>ἔχωμεν,</span> <span class='ocrx_word' id='word_1_289' title='bbox 1721 4918 1817 4973; x_wconf 80' lang='grc' dir='ltr'><strong>τοῦ</strong></span> <span class='ocrx_word' id='word_1_290' title='bbox 1851 4919 2057 4985; x_wconf 80' lang='grc' dir='ltr'>παντὸς</span> 
     </span>
    </p>
   </div>
   <div class='ocr_carea' id='block_1_47' title="bbox 469 5001 2063 5083">
    <p class='ocr_par' dir='ltr' id='par_1_47' title="bbox 469 5001 2063 5083">
     <span class='ocr_line' id='line_1_47' title="bbox 469 5001 2063 5083; baseline 0.004 -24"><span class='ocrx_word' id='word_1_291' title='bbox 469 5005 926 5078; x_wconf 82' lang='grc' dir='ltr'>ἀπεστερήμεθα.</span> <span class='ocrx_word' id='word_1_292' title='bbox 966 5008 1080 5061; x_wconf 81' lang='grc' dir='ltr'><strong>Οὐκ</strong></span> <span class='ocrx_word' id='word_1_293' title='bbox 1110 5001 1288 5071; x_wconf 81' lang='grc' dir='ltr'>εἶπεν,</span> <span class='ocrx_word' id='word_1_294' title='bbox 1333 5007 1460 5063; x_wconf 80' lang='grc' dir='ltr'><strong>Ἐάν</strong></span> <span class='ocrx_word' id='word_1_295' title='bbox 1511 5011 2063 5083; x_wconf 81' lang='grc' dir='ltr'>πιστεύσητε,ὄμοιοί</span> 
     </span>
    </p>
   </div>
   <div class='ocr_carea' id='block_1_48' title="bbox 470 5096 2062 5175">
    <p class='ocr_par' dir='ltr' id='par_1_48' title="bbox 470 5096 2062 5175">
     <span class='ocr_line' id='line_1_48' title="bbox 470 5096 2062 5175; baseline 0.004 -24"><span class='ocrx_word' id='word_1_296' title='bbox 470 5099 604 5151; x_wconf 70' lang='grc' dir='ltr'>ἔστε</span> <span class='ocrx_word' id='word_1_297' title='bbox 640 5097 719 5168; x_wconf 84' lang='grc' dir='ltr'>τῷ</span> <span class='ocrx_word' id='word_1_298' title='bbox 751 5099 925 5170; x_wconf 74' lang='grc' dir='ltr'>Πατρὶ</span> <span class='ocrx_word' id='word_1_299' title='bbox 962 5098 1139 5169; x_wconf 83' lang='grc' dir='ltr'>ὑμῶν.</span> <span class='ocrx_word' id='word_1_300' title='bbox 1196 5100 1311 5154; x_wconf 85' lang='grc' dir='ltr'><strong>Οὐκ</strong></span> <span class='ocrx_word' id='word_1_301' title='bbox 1366 5096 1542 5168; x_wconf 80' lang='grc' dir='ltr'>εἶπεν,</span> <span class='ocrx_word' id='word_1_302' title='bbox 1578 5103 1705 5157; x_wconf 84' lang='grc' dir='ltr'><strong>Ἐὰν</strong></span> <span class='ocrx_word' id='word_1_303' title='bbox 1752 5102 2062 5175; x_wconf 83' lang='grc' dir='ltr'>παρθενεύ-</span> 
     </span>
    </p>
   </div>
   <div class='ocr_carea' id='block_1_49' title="bbox 472 5189 2062 5266">
    <p class='ocr_par' dir='ltr' id='par_1_49' title="bbox 472 5189 2062 5266">
     <span class='ocr_line' id='line_1_49' title="bbox 472 5189 2062 5266; baseline 0.004 -24"><span class='ocrx_word' id='word_1_304' title='bbox 472 5205 608 5258; x_wconf 88' lang='grc' dir='ltr'>σητε</span> <span class='ocrx_word' id='word_1_305' title='bbox 634 5202 655 5220; x_wconf 51' lang='grc' dir='ltr'>’λ</span> <span class='ocrx_word' id='word_1_306' title='bbox 683 5189 820 5243; x_wconf 79' lang='grc' dir='ltr'>ἀλλὰ</span> <span class='ocrx_word' id='word_1_307' title='bbox 847 5191 901 5244; x_wconf 90' lang='grc' dir='ltr'><strong>τί</strong></span> <span class='ocrx_word' id='word_1_308' title='bbox 925 5207 940 5258; x_wconf 92' lang='grc'><strong>;</strong></span> <span class='ocrx_word' id='word_1_309' title='bbox 975 5193 1234 5247; x_wconf 76' lang='grc' dir='ltr'>Γίνεσθε</span> <span class='ocrx_word' id='word_1_310' title='bbox 1265 5195 1659 5265; x_wconf 76' lang='grc' dir='ltr'>οἰκτίρμονες,</span> <span class='ocrx_word' id='word_1_311' title='bbox 1685 5195 1764 5261; x_wconf 87' lang='grc' dir='ltr'>ὡς</span> <span class='ocrx_word' id='word_1_312' title='bbox 1798 5199 1832 5250; x_wconf 82' lang='grc' dir='ltr'><em>ὀ</em></span> <span class='ocrx_word' id='word_1_313' title='bbox 1857 5195 2062 5266; x_wconf 78' lang='grc' dir='ltr'>Πατὴρ</span> 
     </span>
    </p>
   </div>
   <div class='ocr_carea' id='block_1_50' title="bbox 469 5280 2057 5356">
    <p class='ocr_par' dir='ltr' id='par_1_50' title="bbox 469 5280 2057 5356">
     <span class='ocr_line' id='line_1_50' title="bbox 469 5280 2057 5356; baseline 0.004 -21"><span class='ocrx_word' id='word_1_314' title='bbox 469 5280 647 5348; x_wconf 77' lang='grc' dir='ltr'>ὑμῶν</span> <span class='ocrx_word' id='word_1_315' title='bbox 674 5283 708 5343; x_wconf 78' lang='lat' dir='ltr'><strong>d</strong></span> <span class='ocrx_word' id='word_1_316' title='bbox 745 5281 815 5335; x_wconf 74' lang='grc' dir='ltr'><strong>ἐν</strong></span> <span class='ocrx_word' id='word_1_317' title='bbox 840 5280 966 5350; x_wconf 81' lang='grc' dir='ltr'>τοῖς</span> <span class='ocrx_word' id='word_1_318' title='bbox 985 5281 1513 5352; x_wconf 70' lang='grc' dir='ltr'>οὐρανοῖς-,Ἕλειον</span> <span class='ocrx_word' id='word_1_319' title='bbox 1544 5283 1674 5356; x_wconf 83' lang='grc' dir='ltr'>γάρ,</span> <span class='ocrx_word' id='word_1_320' title='bbox 1703 5286 1859 5356; x_wconf 80' lang='grc' dir='ltr'>φησὶ,</span> <span class='ocrx_word' id='word_1_321' title='bbox 1885 5285 2057 5352; x_wconf 68' lang='grc' dir='ltr'>θέλω,</span> 
     </span>
    </p>
   </div>
   <div class='ocr_carea' id='block_1_51' title="bbox 471 5369 951 5428">
    <p class='ocr_par' dir='ltr' id='par_1_51' title="bbox 471 5369 951 5428">
     <span class='ocr_line' id='line_1_51' title="bbox 471 5369 951 5428; baseline 0.008 -5"><span class='ocrx_word' id='word_1_322' title='bbox 471 5369 579 5425; x_wconf 74' lang='grc' dir='ltr'><strong>καὶ</strong></span> <span class='ocrx_word' id='word_1_323' title='bbox 607 5374 680 5427; x_wconf 85' lang='grc' dir='ltr'>οὐ</span> <span class='ocrx_word' id='word_1_324' title='bbox 706 5373 951 5428; x_wconf 82' lang='grc' dir='ltr'>θυσίαν.</span> 
     </span>
    </p>
   </div>
   <div class='ocr_carea' id='block_1_52' title="bbox 537 5476 2063 5564">
    <p class='ocr_par' dir='ltr' id='par_1_52' title="bbox 537 5476 2063 5564">
     <span class='ocr_line' id='line_1_52' title="bbox 537 5476 2063 5564; baseline 0.005 -27"><span class='ocrx_word' id='word_1_325' title='bbox 537 5476 643 5538; x_wconf 63' lang='grc' dir='ltr'><strong>Ὠν</strong></span> <span class='ocrx_word' id='word_1_326' title='bbox 671 5484 976 5558; x_wconf 85' lang='grc' dir='ltr'>βουλόμεθα</span> <span class='ocrx_word' id='word_1_327' title='bbox 995 5491 1179 5561; x_wconf 84' lang='grc' dir='ltr'>τυχεῖν</span> <span class='ocrx_word' id='word_1_328' title='bbox 1205 5489 1357 5562; x_wconf 84' lang='grc' dir='ltr'>παρὰ</span> <span class='ocrx_word' id='word_1_329' title='bbox 1383 5489 1481 5544; x_wconf 79' lang='grc' dir='ltr'><strong>τοῦ</strong></span> <span class='ocrx_word' id='word_1_330' title='bbox 1511 5490 1672 5557; x_wconf 78' lang='grc' dir='ltr'>Θεοῦ,</span> <span class='ocrx_word' id='word_1_331' title='bbox 1695 5492 1902 5546; x_wconf 84' lang='grc' dir='ltr'>τούτων</span> <span class='ocrx_word' id='word_1_332' title='bbox 1928 5492 2063 5564; x_wconf 86' lang='grc' dir='ltr'>πρό-</span> 
     </span>
    </p>
   </div>
   <div class='ocr_carea' id='block_1_53' title="bbox 469 5578 2061 5658">
    <p class='ocr_par' dir='ltr' id='par_1_53' title="bbox 469 5578 2061 5658">
     <span class='ocr_line' id='line_1_53' title="bbox 469 5578 2061 5658; baseline 0.005 -28"><span class='ocrx_word' id='word_1_333' title='bbox 469 5592 626 5651; x_wconf 71' lang='grc' dir='ltr'>τεροι</span> <span class='ocrx_word' id='word_1_334' title='bbox 657 5578 1006 5648; x_wconf 84' lang='grc' dir='ltr'>μεταδιδόναι</span> <span class='ocrx_word' id='word_1_335' title='bbox 1057 5584 1171 5645; x_wconf 86' lang='grc' dir='ltr'>τοῖς</span> <span class='ocrx_word' id='word_1_336' title='bbox 1216 5582 1447 5654; x_wconf 88' lang='grc' dir='ltr'>πλησίον</span> <span class='ocrx_word' id='word_1_337' title='bbox 1492 5583 1803 5658; x_wconf 81' lang='grc' dir='ltr'>ὀφείλομεν.</span> <span class='ocrx_word' id='word_1_338' title='bbox 1856 5586 1955 5639; x_wconf 80' lang='grc' dir='ltr'><strong>Ἂν</strong></span> <span class='ocrx_word' id='word_1_339' title='bbox 2005 5585 2061 5638; x_wconf 84' lang='grc' dir='ltr'>δὲ</span> 
     </span>
    </p>
   </div>
   <div class='ocr_carea' id='block_1_54' title="bbox 474 5668 2062 5748">
    <p class='ocr_par' dir='ltr' id='par_1_54' title="bbox 474 5668 2062 5748">
     <span class='ocr_line' id='line_1_54' title="bbox 474 5668 2062 5748; baseline 0.006 -26"><span class='ocrx_word' id='word_1_340' title='bbox 474 5668 607 5733; x_wconf 74' lang='grc' dir='ltr'>τοὺς</span> <span class='ocrx_word' id='word_1_341' title='bbox 636 5671 868 5741; x_wconf 86' lang='grc' dir='ltr'>πλησίον</span> <span class='ocrx_word' id='word_1_342' title='bbox 897 5672 1104 5727; x_wconf 82' lang='grc' dir='ltr'>τούτων</span> <span class='ocrx_word' id='word_1_343' title='bbox 1139 5675 1559 5748; x_wconf 84' lang='grc' dir='ltr'>ἁποστερῶμεν,</span> <span class='ocrx_word' id='word_1_344' title='bbox 1589 5676 1707 5739; x_wconf 83' lang='grc' dir='ltr'><strong>πῶς</strong></span> <span class='ocrx_word' id='word_1_345' title='bbox 1731 5676 1938 5731; x_wconf 87' lang='grc' dir='ltr'>τούτων</span> <span class='ocrx_word' id='word_1_346' title='bbox 1970 5693 2062 5730; x_wconf 87' lang='grc' dir='ltr'>τυ-</span> 
     </span>
    </p>
   </div>
   <div class='ocr_carea' id='block_1_55' title="bbox 477 5761 2056 5840">
    <p class='ocr_par' dir='ltr' id='par_1_55' title="bbox 477 5761 2056 5840">
     <span class='ocr_line' id='line_1_55' title="bbox 477 5761 2056 5840; baseline 0.009 -28"><span class='ocrx_word' id='word_1_347' title='bbox 477 5763 598 5830; x_wconf 72' lang='grc' dir='ltr'>χεῖν</span> <span class='ocrx_word' id='word_1_348' title='bbox 625 5761 959 5834; x_wconf 78' lang='grc' dir='ltr'>βουλόμεθα;</span> <span class='ocrx_word' id='word_1_349' title='bbox 1006 5765 1317 5836; x_wconf 68' lang='grc' dir='ltr'>Μακάριοι,</span> <span class='ocrx_word' id='word_1_350' title='bbox 1361 5769 1553 5840; x_wconf 71' lang='grc' dir='ltr'>φησὶν,</span> <span class='ocrx_word' id='word_1_351' title='bbox 1607 5773 1659 5825; x_wconf 77' lang='grc' dir='ltr'>οἱ</span> <span class='ocrx_word' id='word_1_352' title='bbox 1708 5768 2056 5840; x_wconf 68' lang='grc' dir='ltr'>ἐλεήμονες,</span> 
     </span>
    </p>
   </div>
   <div class='ocr_carea' id='block_1_56' title="bbox 2175 564 3362 641">
    <p class='ocr_par' dir='ltr' id='par_1_56' title="bbox 2175 564 3362 641">
     <span class='ocr_line' id='line_1_56' title="bbox 2175 564 3362 641; baseline -0.003 -17"><span class='ocrx_word' id='word_1_353' title='bbox 2175 569 2399 641; x_wconf 87' lang='lat' dir='ltr'><strong>quidem</strong></span> <span class='ocrx_word' id='word_1_354' title='bbox 2429 583 2551 638; x_wconf 84' lang='lat' dir='ltr'><strong>quae</strong></span> <span class='ocrx_word' id='word_1_355' title='bbox 2579 574 2818 637; x_wconf 87' lang='lat' dir='ltr'><strong>pereunt</strong></span> <span class='ocrx_word' id='word_1_356' title='bbox 2844 564 3038 635; x_wconf 81' lang='lat' dir='ltr'><strong>egenis</strong></span> <span class='ocrx_word' id='word_1_357' title='bbox 3067 565 3362 635; x_wconf 86' lang='lat' dir='ltr'><strong>impartiri.</strong></span> 
     </span>
    </p>
   </div>
   <div class='ocr_carea' id='block_1_57' title="bbox 2245 655 3474 729">
    <p class='ocr_par' dir='ltr' id='par_1_57' title="bbox 2245 655 3474 729">
     <span class='ocr_line' id='line_1_57' title="bbox 2245 655 3474 729; baseline -0.004 -15"><span class='ocrx_word' id='word_1_358' title='bbox 2245 660 2351 714; x_wconf 88' lang='lat' dir='ltr'><strong>Tot</strong></span> <span class='ocrx_word' id='word_1_359' title='bbox 2378 658 2585 729; x_wconf 84' lang='lat' dir='ltr'><strong>injuria</strong></span> <span class='ocrx_word' id='word_1_360' title='bbox 2613 656 2782 712; x_wconf 76' lang='lat' dir='ltr'><strong>allicis</strong></span> <span class='ocrx_word' id='word_1_361' title='bbox 2800 697 2813 720; x_wconf 94' lang='lat'><strong>,</strong></span> <span class='ocrx_word' id='word_1_362' title='bbox 2838 663 2976 725; x_wconf 85' lang='lat' dir='ltr'><strong>quot</strong></span> <span class='ocrx_word' id='word_1_363' title='bbox 3002 655 3191 727; x_wconf 78' lang='lat' dir='ltr'><strong>largiri</strong></span> <span class='ocrx_word' id='word_1_364' title='bbox 3221 656 3474 726; x_wconf 87' lang='lat' dir='ltr'><strong>potuisti.</strong></span> 
     </span>
    </p>
   </div>
   <div class='ocr_carea' id='block_1_58' title="bbox 2244 747 3752 819">
    <p class='ocr_par' dir='ltr' id='par_1_58' title="bbox 2244 747 3752 819">
     <span class='ocr_line' id='line_1_58' title="bbox 2244 747 3752 819; baseline -0.002 -15"><span class='ocrx_word' id='word_1_365' title='bbox 2244 748 2507 819; x_wconf 80' lang='lat' dir='ltr'><strong>Theologi.</strong></span> <span class='ocrx_word' id='word_1_366' title='bbox 2550 772 2623 788; x_wconf 55' lang='grc' dir='ltr'><strong>ἀ-</strong></span> <span class='ocrx_word' id='word_1_367' title='bbox 2668 747 2924 803; x_wconf 79' lang='lat' dir='ltr'><strong>Nobilius</strong></span> <span class='ocrx_word' id='word_1_368' title='bbox 2964 756 3049 803; x_wconf 87' lang='lat' dir='ltr'><strong>est</strong></span> <span class='ocrx_word' id='word_1_369' title='bbox 3094 748 3426 803; x_wconf 82' lang='lat' dir='ltr'><strong>beneﬁcium</strong></span> <span class='ocrx_word' id='word_1_370' title='bbox 3471 757 3752 817; x_wconf 66' lang='lat' dir='ltr'><strong>praestare,</strong></span> 
     </span>
    </p>
   </div>
   <div class='ocr_carea' id='block_1_59' title="bbox 2174 839 3757 911">
    <p class='ocr_par' dir='ltr' id='par_1_59' title="bbox 2174 839 3757 911">
     <span class='ocr_line' id='line_1_59' title="bbox 2174 839 3757 911; baseline 0 -18"><span class='ocrx_word' id='word_1_371' title='bbox 2174 855 2340 910; x_wconf 90' lang='lat' dir='ltr'><strong>quam</strong></span> <span class='ocrx_word' id='word_1_372' title='bbox 2379 841 2662 910; x_wconf 87' lang='lat' dir='ltr'><strong>accipere;</strong></span> <span class='ocrx_word' id='word_1_373' title='bbox 2708 839 3178 911; x_wconf 88' lang='lat' dir='ltr'><strong>expetibiliorque</strong></span> <span class='ocrx_word' id='word_1_374' title='bbox 3215 841 3373 896; x_wconf 90' lang='lat' dir='ltr'><strong>lucro</strong></span> <span class='ocrx_word' id='word_1_375' title='bbox 3410 841 3757 911; x_wconf 82' lang='lat' dir='ltr'><strong>eleemosyna</strong></span> 
     </span>
    </p>
   </div>
   <div class='ocr_carea' id='block_1_60' title="bbox 2174 931 2555 985">
    <p class='ocr_par' dir='ltr' id='par_1_60' title="bbox 2174 931 2555 985">
     <span class='ocr_line' id='line_1_60' title="bbox 2174 931 2555 985; baseline -0.008 0"><span class='ocrx_word' id='word_1_376' title='bbox 2174 938 2279 985; x_wconf 89' lang='lat' dir='ltr'><strong>est.</strong></span> <span class='ocrx_word' id='word_1_377' title='bbox 2486 931 2555 942; x_wconf 75' lang='grc'><strong>’“</strong></span> 
     </span>
    </p>
   </div>
   <div class='ocr_carea' id='block_1_61' title="bbox 2244 1020 3758 1092">
    <p class='ocr_par' dir='ltr' id='par_1_61' title="bbox 2244 1020 3758 1092">
     <span class='ocr_line' id='line_1_61' title="bbox 2244 1020 3758 1092; baseline -0.001 -17"><span class='ocrx_word' id='word_1_378' title='bbox 2244 1021 2477 1077; x_wconf 64' lang='lat' dir='ltr'><strong>Praestat</strong></span> <span class='ocrx_word' id='word_1_379' title='bbox 2512 1020 2906 1076; x_wconf 86' lang='lat' dir='ltr'><strong>innumerabili</strong></span> <span class='ocrx_word' id='word_1_380' title='bbox 2948 1021 3141 1077; x_wconf 82' lang='lat' dir='ltr'><strong>sobole</strong></span> <span class='ocrx_word' id='word_1_381' title='bbox 3201 1022 3505 1077; x_wconf 89' lang='lat' dir='ltr'><strong>liberorum</strong></span> <span class='ocrx_word' id='word_1_382' title='bbox 3547 1029 3758 1092; x_wconf 80' lang='lat' dir='ltr'><strong>patrem</strong></span> 
     </span>
    </p>
   </div>
   <div class='ocr_carea' id='block_1_62' title="bbox 2172 1111 3762 1182">
    <p class='ocr_par' dir='ltr' id='par_1_62' title="bbox 2172 1111 3762 1182">
     <span class='ocr_line' id='line_1_62' title="bbox 2172 1111 3762 1182; baseline -0.001 -14"><span class='ocrx_word' id='word_1_383' title='bbox 2172 1112 2429 1179; x_wconf 84' lang='lat' dir='ltr'><strong>vocitari,</strong></span> <span class='ocrx_word' id='word_1_384' title='bbox 2457 1126 2621 1182; x_wconf 89' lang='lat' dir='ltr'><strong>quam</strong></span> <span class='ocrx_word' id='word_1_385' title='bbox 2650 1126 2888 1167; x_wconf 87' lang='lat' dir='ltr'><strong>numero</strong></span> <span class='ocrx_word' id='word_1_386' title='bbox 2916 1111 3237 1182; x_wconf 84' lang='lat' dir='ltr'><strong>superiores</strong></span> <span class='ocrx_word' id='word_1_387' title='bbox 3265 1119 3497 1167; x_wconf 84' lang='lat' dir='ltr'><strong>stateres</strong></span> <span class='ocrx_word' id='word_1_388' title='bbox 3528 1111 3583 1166; x_wconf 91' lang='lat' dir='ltr'><strong>in</strong></span> <span class='ocrx_word' id='word_1_389' title='bbox 3611 1111 3762 1166; x_wconf 91' lang='lat' dir='ltr'><strong>locu-</strong></span> 
     </span>
    </p>
   </div>
   <div class='ocr_carea' id='block_1_63' title="bbox 2173 1203 3761 1274">
    <p class='ocr_par' dir='ltr' id='par_1_63' title="bbox 2173 1203 3761 1274">
     <span class='ocr_line' id='line_1_63' title="bbox 2173 1203 3761 1274; baseline -0.001 -16"><span class='ocrx_word' id='word_1_390' title='bbox 2173 1203 2244 1259; x_wconf 89' lang='lat' dir='ltr'><strong>lis</strong></span> <span class='ocrx_word' id='word_1_391' title='bbox 2272 1204 2501 1259; x_wconf 89' lang='lat' dir='ltr'><strong>habere.</strong></span> <span class='ocrx_word' id='word_1_392' title='bbox 2530 1203 2665 1258; x_wconf 88' lang='lat' dir='ltr'><strong>Nam</strong></span> <span class='ocrx_word' id='word_1_393' title='bbox 2697 1204 2989 1274; x_wconf 86' lang='lat' dir='ltr'><strong>pecunias,</strong></span> <span class='ocrx_word' id='word_1_394' title='bbox 3014 1204 3154 1259; x_wconf 83' lang='lat' dir='ltr'><strong>velis</strong></span> <span class='ocrx_word' id='word_1_395' title='bbox 3187 1204 3356 1268; x_wconf 86' lang='lat' dir='ltr'><strong>nolis,</strong></span> <span class='ocrx_word' id='word_1_396' title='bbox 3381 1218 3500 1257; x_wconf 84' lang='lat' dir='ltr'><strong>aevo</strong></span> <span class='ocrx_word' id='word_1_397' title='bbox 3531 1203 3638 1257; x_wconf 91' lang='lat' dir='ltr'><strong>hoc</strong></span> <span class='ocrx_word' id='word_1_398' title='bbox 3672 1209 3761 1257; x_wconf 77' lang='lat' dir='ltr'><strong>r’e-</strong></span> 
     </span>
    </p>
   </div>
   <div class='ocr_carea' id='block_1_64' title="bbox 2174 1294 3760 1367">
    <p class='ocr_par' dir='ltr' id='par_1_64' title="bbox 2174 1294 3760 1367">
     <span class='ocr_line' id='line_1_64' title="bbox 2174 1294 3760 1367; baseline -0.004 -14"><span class='ocrx_word' id='word_1_399' title='bbox 2174 1298 2396 1367; x_wconf 89' lang='lat' dir='ltr'><strong>linques</strong></span> <span class='ocrx_word' id='word_1_400' title='bbox 2423 1312 2438 1350; x_wconf 87' lang='lat'><strong>:</strong></span> <span class='ocrx_word' id='word_1_401' title='bbox 2468 1296 2699 1367; x_wconf 77' lang='lat' dir='ltr'><strong>gloriam</strong></span> <span class='ocrx_word' id='word_1_402' title='bbox 2724 1310 2860 1351; x_wconf 85' lang='lat' dir='ltr'><strong>vero</strong></span> <span class='ocrx_word' id='word_1_403' title='bbox 2885 1311 2952 1350; x_wconf 90' lang='lat' dir='ltr'><strong>ac</strong></span> <span class='ocrx_word' id='word_1_404' title='bbox 2979 1296 3442 1366; x_wconf 74' lang='lat' dir='ltr'><strong>magnificentiam</strong></span> <span class='ocrx_word' id='word_1_405' title='bbox 3469 1294 3626 1364; x_wconf 81' lang='lat'><strong>552</strong></span> <span class='ocrx_word' id='word_1_406' title='bbox 3659 1294 3760 1348; x_wconf 90' lang='lat' dir='ltr'><strong>bo-</strong></span> 
     </span>
    </p>
   </div>
   <div class='ocr_carea' id='block_1_65' title="bbox 2173 1386 3760 1459">
    <p class='ocr_par' dir='ltr' id='par_1_65' title="bbox 2173 1386 3760 1459">
     <span class='ocr_line' id='line_1_65' title="bbox 2173 1386 3760 1459; baseline -0.004 -14"><span class='ocrx_word' id='word_1_407' title='bbox 2173 1404 2373 1445; x_wconf 90' lang='lat' dir='ltr'><strong>norum</strong></span> <span class='ocrx_word' id='word_1_408' title='bbox 2412 1403 2644 1459; x_wconf 89' lang='lat' dir='ltr'><strong>operum</strong></span> <span class='ocrx_word' id='word_1_409' title='bbox 2683 1387 2903 1444; x_wconf 79' lang='lat' dir='ltr'><strong>deferes</strong></span> <span class='ocrx_word' id='word_1_410' title='bbox 2935 1387 3004 1443; x_wconf 88' lang='lat' dir='ltr'><strong>ad</strong></span> <span class='ocrx_word' id='word_1_411' title='bbox 3042 1388 3369 1453; x_wconf 90' lang='lat' dir='ltr'><strong>Dominum;</strong></span> <span class='ocrx_word' id='word_1_412' title='bbox 3428 1394 3561 1441; x_wconf 89' lang='lat' dir='ltr'><strong>tune</strong></span> <span class='ocrx_word' id='word_1_413' title='bbox 3594 1386 3760 1440; x_wconf 51' lang='lat' dir='ltr'><strong>nimia</strong></span> 
     </span>
    </p>
   </div>
   <div class='ocr_carea' id='block_1_66' title="bbox 2173 1480 3761 1551">
    <p class='ocr_par' dir='ltr' id='par_1_66' title="bbox 2173 1480 3761 1551">
     <span class='ocr_line' id='line_1_66' title="bbox 2173 1480 3761 1551; baseline -0.003 -13"><span class='ocrx_word' id='word_1_414' title='bbox 2173 1500 2319 1551; x_wconf 86' lang='lat' dir='ltr'><strong>rum,</strong></span> <span class='ocrx_word' id='word_1_415' title='bbox 2350 1499 2477 1539; x_wconf 89' lang='lat' dir='ltr'><strong>cum</strong></span> <span class='ocrx_word' id='word_1_416' title='bbox 2510 1484 2691 1539; x_wconf 90' lang='lat' dir='ltr'><strong>omnis</strong></span> <span class='ocrx_word' id='word_1_417' title='bbox 2723 1483 3026 1538; x_wconf 88' lang='lat' dir='ltr'><strong>multitudo</strong></span> <span class='ocrx_word' id='word_1_418' title='bbox 3059 1482 3164 1538; x_wconf 87' lang='lat' dir='ltr'><strong>sub</strong></span> <span class='ocrx_word' id='word_1_419' title='bbox 3198 1480 3514 1537; x_wconf 90' lang='lat' dir='ltr'><strong>communis</strong></span> <span class='ocrx_word' id='word_1_420' title='bbox 3548 1480 3761 1536; x_wconf 86' lang='lat' dir='ltr'><strong>Judicis</strong></span> 
     </span>
    </p>
   </div>
   <div class='ocr_carea' id='block_1_67' title="bbox 2173 1574 3760 1651">
    <p class='ocr_par' dir='ltr' id='par_1_67' title="bbox 2173 1574 3760 1651">
     <span class='ocr_line' id='line_1_67' title="bbox 2173 1574 3760 1651; baseline -0.004 -18"><span class='ocrx_word' id='word_1_421' title='bbox 2173 1578 2465 1647; x_wconf 60' lang='lat' dir='ltr'><strong>praesentia</strong></span> <span class='ocrx_word' id='word_1_422' title='bbox 2512 1576 2858 1643; x_wconf 78' lang='lat' dir='ltr'><strong>circumfusi,</strong></span> <span class='ocrx_word' id='word_1_423' title='bbox 2896 1585 2954 1632; x_wconf 89' lang='lat' dir='ltr'><strong>te</strong></span> <span class='ocrx_word' id='word_1_424' title='bbox 2985 1576 3237 1631; x_wconf 86' lang='lat' dir='ltr'><strong>ciborum</strong></span> <span class='ocrx_word' id='word_1_425' title='bbox 3283 1576 3632 1651; x_wconf 80' lang='lat' dir='ltr'><strong>aliorumque</strong></span> <span class='ocrx_word' id='word_1_426' title='bbox 3659 1574 3760 1627; x_wconf 88' lang='lat' dir='ltr'><strong>bo-</strong></span> 
     </span>
    </p>
   </div>
   <div class='ocr_carea' id='block_1_68' title="bbox 2174 1667 3761 1739">
    <p class='ocr_par' dir='ltr' id='par_1_68' title="bbox 2174 1667 3761 1739">
     <span class='ocr_line' id='line_1_68' title="bbox 2174 1667 3761 1739; baseline -0.004 -15"><span class='ocrx_word' id='word_1_427' title='bbox 2174 1684 2371 1724; x_wconf 74' lang='lat' dir='ltr'><strong>norum</strong></span> <span class='ocrx_word' id='word_1_428' title='bbox 2401 1684 2653 1739; x_wconf 91' lang='lat' dir='ltr'><strong>promum</strong></span> <span class='ocrx_word' id='word_1_429' title='bbox 2682 1667 2944 1734; x_wconf 91' lang='lat' dir='ltr'><strong>eondum,</strong></span> <span class='ocrx_word' id='word_1_430' title='bbox 2988 1678 3047 1723; x_wconf 89' lang='lat' dir='ltr'><strong>et</strong></span> <span class='ocrx_word' id='word_1_431' title='bbox 3094 1683 3441 1739; x_wconf 77' lang='lat' dir='ltr'><strong>quaecunque</strong></span> <span class='ocrx_word' id='word_1_432' title='bbox 3472 1680 3761 1735; x_wconf 66' lang='lat' dir='ltr'><strong>propensa:</strong></span> 
     </span>
    </p>
   </div>
   <div class='ocr_carea' id='block_1_69' title="bbox 2174 1757 3760 1830">
    <p class='ocr_par' dir='ltr' id='par_1_69' title="bbox 2174 1757 3760 1830">
     <span class='ocr_line' id='line_1_69' title="bbox 2174 1757 3760 1830; baseline -0.003 -16"><span class='ocrx_word' id='word_1_433' title='bbox 2174 1760 2539 1815; x_wconf 86' lang='lat' dir='ltr'><strong>humanitatis</strong></span> <span class='ocrx_word' id='word_1_434' title='bbox 2562 1759 2789 1814; x_wconf 87' lang='lat' dir='ltr'><strong>nomina</strong></span> <span class='ocrx_word' id='word_1_435' title='bbox 2822 1768 2971 1824; x_wconf 89' lang='lat' dir='ltr'><strong>sunt,</strong></span> <span class='ocrx_word' id='word_1_436' title='bbox 2997 1758 3439 1830; x_wconf 85' lang='lat' dir='ltr'><strong>compellabunt;</strong></span> <span class='ocrx_word' id='word_1_437' title='bbox 3466 1758 3613 1811; x_wconf 85' lang='lat' dir='ltr'><strong>Deus</strong></span> <span class='ocrx_word' id='word_1_438' title='bbox 3640 1757 3760 1825; x_wconf 87' lang='lat' dir='ltr'><strong>pla-</strong></span> 
     </span>
    </p>
   </div>
   <div class='ocr_carea' id='block_1_70' title="bbox 2177 1850 3759 1924">
    <p class='ocr_par' dir='ltr' id='par_1_70' title="bbox 2177 1850 3759 1924">
     <span class='ocr_line' id='line_1_70' title="bbox 2177 1850 3759 1924; baseline -0.002 -20"><span class='ocrx_word' id='word_1_439' title='bbox 2177 1851 2299 1905; x_wconf 91' lang='lat' dir='ltr'><strong>cide</strong></span> <span class='ocrx_word' id='word_1_440' title='bbox 2341 1850 2567 1905; x_wconf 83' lang='lat' dir='ltr'><strong>habebit</strong></span> <span class='ocrx_word' id='word_1_441' title='bbox 2610 1865 2676 1905; x_wconf 91' lang='lat' dir='ltr'><strong>ac</strong></span> <span class='ocrx_word' id='word_1_442' title='bbox 2712 1850 3001 1921; x_wconf 88' lang='lat' dir='ltr'><strong>suscipiet,</strong></span> <span class='ocrx_word' id='word_1_443' title='bbox 3033 1851 3211 1924; x_wconf 76' lang='lat' dir='ltr'><strong>angeli</strong></span> <span class='ocrx_word' id='word_1_444' title='bbox 3252 1851 3469 1905; x_wconf 88' lang='lat' dir='ltr'><strong>cantico</strong></span> <span class='ocrx_word' id='word_1_445' title='bbox 3509 1850 3759 1903; x_wconf 86' lang='lat' dir='ltr'><strong>celebra-</strong></span> 
     </span>
    </p>
   </div>
   <div class='ocr_carea' id='block_1_71' title="bbox 2175 1937 3759 2010">
    <p class='ocr_par' dir='ltr' id='par_1_71' title="bbox 2175 1937 3759 2010">
     <span class='ocr_line' id='line_1_71' title="bbox 2175 1937 3759 2010; baseline -0.003 -15"><span class='ocrx_word' id='word_1_446' title='bbox 2175 1941 2337 2005; x_wconf 89' lang='lat' dir='ltr'><strong>bunt,</strong></span> <span class='ocrx_word' id='word_1_447' title='bbox 2367 1941 2461 2010; x_wconf 89' lang='lat' dir='ltr'><strong>qui</strong></span> <span class='ocrx_word' id='word_1_448' title='bbox 2497 1957 2528 1995; x_wconf 90' lang='lat' dir='ltr'><strong>a</strong></span> <span class='ocrx_word' id='word_1_449' title='bbox 2560 1940 2754 1995; x_wconf 89' lang='lat' dir='ltr'><strong>mundi</strong></span> <span class='ocrx_word' id='word_1_450' title='bbox 2792 1949 2919 1995; x_wconf 89' lang='lat' dir='ltr'><strong>ortu</strong></span> <span class='ocrx_word' id='word_1_451' title='bbox 2955 1941 3218 1995; x_wconf 81' lang='lat' dir='ltr'><strong>exstitere</strong></span> <span class='ocrx_word' id='word_1_452' title='bbox 3248 1940 3504 1993; x_wconf 88' lang='lat' dir='ltr'><strong>homines</strong></span> <span class='ocrx_word' id='word_1_453' title='bbox 3537 1937 3759 1994; x_wconf 83' lang='lat' dir='ltr'><strong>beatum</strong></span> 
     </span>
    </p>
   </div>
   <div class='ocr_carea' id='block_1_72' title="bbox 2176 2031 3760 2104">
    <p class='ocr_par' dir='ltr' id='par_1_72' title="bbox 2176 2031 3760 2104">
     <span class='ocr_line' id='line_1_72' title="bbox 2176 2031 3760 2104; baseline -0.003 -18"><span class='ocrx_word' id='word_1_454' title='bbox 2176 2032 2560 2104; x_wconf 81' lang='lat' dir='ltr'><strong>praedicabunt</strong></span> <span class='ocrx_word' id='word_1_455' title='bbox 2591 2047 2606 2085; x_wconf 93' lang='lat'>:</span> <span class='ocrx_word' id='word_1_456' title='bbox 2637 2031 2865 2086; x_wconf 88' lang='lat' dir='ltr'><strong>claritas</strong></span> <span class='ocrx_word' id='word_1_457' title='bbox 2892 2040 3121 2094; x_wconf 70' lang='lat' dir='ltr'><strong>aaterna,</strong></span> <span class='ocrx_word' id='word_1_458' title='bbox 3146 2031 3377 2101; x_wconf 74' lang='lat' dir='ltr'><strong>justitia:</strong></span> <span class='ocrx_word' id='word_1_459' title='bbox 3410 2044 3638 2093; x_wconf 86' lang='lat' dir='ltr'><strong>corona,</strong></span> <span class='ocrx_word' id='word_1_460' title='bbox 3671 2045 3760 2083; x_wconf 91' lang='lat' dir='ltr'><strong>re-</strong></span> 
     </span>
    </p>
   </div>
   <div class='ocr_carea' id='block_1_73' title="bbox 2174 2121 3565 2195">
    <p class='ocr_par' dir='ltr' id='par_1_73' title="bbox 2174 2121 3565 2195">
     <span class='ocr_line' id='line_1_73' title="bbox 2174 2121 3565 2195; baseline 0 -17"><span class='ocrx_word' id='word_1_461' title='bbox 2174 2139 2343 2195; x_wconf 77' lang='lat' dir='ltr'><strong>gnum</strong></span> <span class='ocrx_word' id='word_1_462' title='bbox 2367 2124 2659 2187; x_wconf 73' lang='lat' dir='ltr'><strong>etelorum,</strong></span> <span class='ocrx_word' id='word_1_463' title='bbox 2687 2133 2777 2178; x_wconf 89' lang='lat' dir='ltr'><strong>tua</strong></span> <span class='ocrx_word' id='word_1_464' title='bbox 2804 2137 3021 2179; x_wconf 90' lang='lat' dir='ltr'><strong>merces</strong></span> <span class='ocrx_word' id='word_1_465' title='bbox 3046 2132 3217 2179; x_wconf 85' lang='lat' dir='ltr'><strong>erunt</strong></span> <span class='ocrx_word' id='word_1_466' title='bbox 3240 2131 3295 2179; x_wconf 82' lang='lat' dir='ltr'><strong>et</strong></span> <span class='ocrx_word' id='word_1_467' title='bbox 3321 2121 3565 2194; x_wconf 64' lang='lat' dir='ltr'><strong>praemia.</strong></span> 
     </span>
    </p>
   </div>
   <div class='ocr_carea' id='block_1_74' title="bbox 2244 2215 3761 2286">
    <p class='ocr_par' dir='ltr' id='par_1_74' title="bbox 2244 2215 3761 2286">
     <span class='ocr_line' id='line_1_74' title="bbox 2244 2215 3761 2286; baseline 0.001 -16"><span class='ocrx_word' id='word_1_468' title='bbox 2244 2215 2459 2270; x_wconf 67' lang='lat' dir='ltr'><strong>Divitiae</strong></span> <span class='ocrx_word' id='word_1_469' title='bbox 2506 2216 2552 2269; x_wconf 89' lang='lat' dir='ltr'><strong>si</strong></span> <span class='ocrx_word' id='word_1_470' title='bbox 2601 2215 3021 2286; x_wconf 78' lang='lat' dir='ltr'><strong>dispergantur,</strong></span> <span class='ocrx_word' id='word_1_471' title='bbox 3079 2230 3188 2285; x_wconf 90' lang='lat' dir='ltr'><strong>qua</strong></span> <span class='ocrx_word' id='word_1_472' title='bbox 3234 2216 3450 2270; x_wconf 83' lang='lat' dir='ltr'><strong>ratione</strong></span> <span class='ocrx_word' id='word_1_473' title='bbox 3494 2216 3761 2272; x_wconf 85' lang='lat' dir='ltr'><strong>Dominus</strong></span> 
     </span>
    </p>
   </div>
   <div class='ocr_carea' id='block_1_75' title="bbox 2173 2306 3757 2377">
    <p class='ocr_par' dir='ltr' id='par_1_75' title="bbox 2173 2306 3757 2377">
     <span class='ocr_line' id='line_1_75' title="bbox 2173 2306 3757 2377; baseline 0.001 -16"><span class='ocrx_word' id='word_1_474' title='bbox 2173 2306 2507 2361; x_wconf 86' lang='lat' dir='ltr'><strong>documento</strong></span> <span class='ocrx_word' id='word_1_475' title='bbox 2533 2306 2721 2371; x_wconf 84' lang='lat' dir='ltr'><strong>tradit,</strong></span> <span class='ocrx_word' id='word_1_476' title='bbox 2747 2321 2815 2361; x_wconf 86' lang='lat' dir='ltr'><strong>ex</strong></span> <span class='ocrx_word' id='word_1_477' title='bbox 2845 2307 3029 2362; x_wconf 86' lang='lat' dir='ltr'><strong>indole</strong></span> <span class='ocrx_word' id='word_1_478' title='bbox 3054 2306 3261 2361; x_wconf 89' lang='lat' dir='ltr'><strong>habent</strong></span> <span class='ocrx_word' id='word_1_479' title='bbox 3284 2316 3346 2361; x_wconf 89' lang='lat' dir='ltr'><strong>ut</strong></span> <span class='ocrx_word' id='word_1_480' title='bbox 3369 2317 3757 2377; x_wconf 81' lang='lat' dir='ltr'><strong>permaneant;</strong></span> 
     </span>
    </p>
   </div>
   <div class='ocr_carea' id='block_1_76' title="bbox 2173 2398 3760 2470">
    <p class='ocr_par' dir='ltr' id='par_1_76' title="bbox 2173 2398 3760 2470">
     <span class='ocr_line' id='line_1_76' title="bbox 2173 2398 3760 2470; baseline 0.001 -17"><span class='ocrx_word' id='word_1_481' title='bbox 2173 2399 2259 2454; x_wconf 86' lang='lat' dir='ltr'><strong>sin</strong></span> <span class='ocrx_word' id='word_1_482' title='bbox 2293 2407 2479 2453; x_wconf 88' lang='lat' dir='ltr'><strong>autem</strong></span> <span class='ocrx_word' id='word_1_483' title='bbox 2511 2398 2927 2463; x_wconf 87' lang='lat' dir='ltr'><strong>contineantur,</strong></span> <span class='ocrx_word' id='word_1_484' title='bbox 2959 2407 3024 2454; x_wconf 82' lang='lat' dir='ltr'><strong>ut</strong></span> <span class='ocrx_word' id='word_1_485' title='bbox 3053 2399 3111 2453; x_wconf 89' lang='lat' dir='ltr'><strong>in</strong></span> <span class='ocrx_word' id='word_1_486' title='bbox 3140 2399 3383 2454; x_wconf 87' lang='lat' dir='ltr'><strong>alienum</strong></span> <span class='ocrx_word' id='word_1_487' title='bbox 3410 2400 3503 2470; x_wconf 90' lang='lat' dir='ltr'><strong>jus</strong></span> <span class='ocrx_word' id='word_1_488' title='bbox 3532 2414 3597 2454; x_wconf 92' lang='lat' dir='ltr'><strong>ac</strong></span> <span class='ocrx_word' id='word_1_489' title='bbox 3630 2415 3760 2469; x_wconf 85' lang='lat' dir='ltr'><strong>pos-</strong></span> 
     </span>
    </p>
   </div>
   <div class='ocr_carea' id='block_1_77' title="bbox 2172 2490 3757 2558">
    <p class='ocr_par' dir='ltr' id='par_1_77' title="bbox 2172 2490 3757 2558">
     <span class='ocr_line' id='line_1_77' title="bbox 2172 2490 3757 2558; baseline 0.001 -13"><span class='ocrx_word' id='word_1_490' title='bbox 2172 2490 2478 2545; x_wconf 83' lang='lat' dir='ltr'><strong>sessionem</strong></span> <span class='ocrx_word' id='word_1_491' title='bbox 2525 2500 2836 2546; x_wconf 82' lang='lat' dir='ltr'><strong>transeant.</strong></span> <span class='ocrx_word' id='word_1_492' title='bbox 2876 2490 2935 2546; x_wconf 92' lang='lat' dir='ltr'><strong>Si</strong></span> <span class='ocrx_word' id='word_1_493' title='bbox 2985 2505 3205 2555; x_wconf 85' lang='lat' dir='ltr'><strong>servas,</strong></span> <span class='ocrx_word' id='word_1_494' title='bbox 3241 2507 3352 2546; x_wconf 92' lang='lat' dir='ltr'><strong>non</strong></span> <span class='ocrx_word' id='word_1_495' title='bbox 3398 2491 3662 2558; x_wconf 88' lang='lat' dir='ltr'><strong>habebis;</strong></span> <span class='ocrx_word' id='word_1_496' title='bbox 3711 2493 3757 2546; x_wconf 89' lang='lat' dir='ltr'><strong>si</strong></span> 
     </span>
    </p>
   </div>
   <div class='ocr_carea' id='block_1_78' title="bbox 2171 2579 3758 2653">
    <p class='ocr_par' dir='ltr' id='par_1_78' title="bbox 2171 2579 3758 2653">
     <span class='ocr_line' id='line_1_78' title="bbox 2171 2579 3758 2653; baseline -0.001 -18"><span class='ocrx_word' id='word_1_497' title='bbox 2171 2579 2524 2649; x_wconf 87' lang='lat' dir='ltr'><strong>disperseris,</strong></span> <span class='ocrx_word' id='word_1_498' title='bbox 2548 2595 2662 2635; x_wconf 88' lang='lat' dir='ltr'><strong>non</strong></span> <span class='ocrx_word' id='word_1_499' title='bbox 2691 2581 2935 2636; x_wconf 80' lang='lat' dir='ltr'><strong>amittes.</strong></span> <span class='ocrx_word' id='word_1_500' title='bbox 2960 2579 3250 2652; x_wconf 78' lang='lat' dir='ltr'><strong>Dispersit,</strong></span> <span class='ocrx_word' id='word_1_501' title='bbox 3271 2581 3416 2635; x_wconf 82' lang='lat' dir='ltr'><strong>dedit</strong></span> <span class='ocrx_word' id='word_1_502' title='bbox 3441 2581 3758 2653; x_wconf 76' lang='lat' dir='ltr'><strong>pauperibus</strong></span> 
     </span>
    </p>
   </div>
   <div class='ocr_carea' id='block_1_79' title="bbox 2139 2668 2578 2741">
    <p class='ocr_par' dir='ltr' id='par_1_79' title="bbox 2139 2668 2578 2741">
     <span class='ocr_line' id='line_1_79' title="bbox 2139 2668 2578 2741; baseline -0.002 -16"><span class='ocrx_word' id='word_1_503' title='bbox 2139 2720 2147 2725; x_wconf 90' lang='lat'><strong>.</strong></span> <span class='ocrx_word' id='word_1_504' title='bbox 2173 2669 2343 2741; x_wconf 84' lang='lat' dir='ltr'><strong>(Psal.</strong></span> <span class='ocrx_word' id='word_1_505' title='bbox 2370 2685 2475 2734; x_wconf 71' lang='grc' dir='ltr'>(ιιι,</span> <span class='ocrx_word' id='word_1_506' title='bbox 2500 2668 2578 2741; x_wconf 91' lang='lat'><strong>9).</strong></span> 
     </span>
    </p>
   </div>
   <div class='ocr_carea' id='block_1_80' title="bbox 2242 2760 3757 2833">
    <p class='ocr_par' dir='ltr' id='par_1_80' title="bbox 2242 2760 3757 2833">
     <span class='ocr_line' id='line_1_80' title="bbox 2242 2760 3757 2833; baseline 0.002 -18"><span class='ocrx_word' id='word_1_507' title='bbox 2242 2760 2541 2815; x_wconf 85' lang='lat' dir='ltr'><strong>Pulchrum</strong></span> <span class='ocrx_word' id='word_1_508' title='bbox 2579 2760 2768 2824; x_wconf 88' lang='lat' dir='ltr'><strong>funus,</strong></span> <span class='ocrx_word' id='word_1_509' title='bbox 2795 2762 2994 2833; x_wconf 89' lang='lat' dir='ltr'><strong>pietas.</strong></span> <span class='ocrx_word' id='word_1_510' title='bbox 3026 2763 3130 2818; x_wconf 87' lang='lat' dir='ltr'><strong>Ubi</strong></span> <span class='ocrx_word' id='word_1_511' title='bbox 3173 2765 3394 2817; x_wconf 90' lang='lat' dir='ltr'><strong>eunetis</strong></span> <span class='ocrx_word' id='word_1_512' title='bbox 3433 2761 3757 2818; x_wconf 80' lang='lat' dir='ltr'><strong>indumenta</strong></span> 
     </span>
    </p>
   </div>
   <div class='ocr_carea' id='block_1_81' title="bbox 2170 2850 3756 2922">
    <p class='ocr_par' dir='ltr' id='par_1_81' title="bbox 2170 2850 3756 2922">
     <span class='ocr_line' id='line_1_81' title="bbox 2170 2850 3756 2922; baseline 0 -16"><span class='ocrx_word' id='word_1_513' title='bbox 2170 2850 2497 2921; x_wconf 72' lang='lat' dir='ltr'><strong>praebueris,</strong></span> <span class='ocrx_word' id='word_1_514' title='bbox 2533 2850 2781 2907; x_wconf 80' lang='lat' dir='ltr'><strong>discede.</strong></span> <span class='ocrx_word' id='word_1_515' title='bbox 2817 2853 2966 2908; x_wconf 83' lang='lat' dir='ltr'><strong>&#39;l’uas</strong></span> <span class='ocrx_word' id='word_1_516' title='bbox 2994 2852 3096 2907; x_wconf 87' lang='lat' dir='ltr'><strong>tibi</strong></span> <span class='ocrx_word' id='word_1_517' title='bbox 3123 2867 3259 2922; x_wconf 86' lang='lat' dir='ltr'><strong>opes</strong></span> <span class='ocrx_word' id='word_1_518' title='bbox 3300 2861 3454 2906; x_wconf 92' lang='lat' dir='ltr'><strong>tuum</strong></span> <span class='ocrx_word' id='word_1_519' title='bbox 3487 2852 3756 2906; x_wconf 86' lang='lat' dir='ltr'><strong>mundum</strong></span> 
     </span>
    </p>
   </div>
   <div class='ocr_carea' id='block_1_82' title="bbox 2169 2941 3758 3013">
    <p class='ocr_par' dir='ltr' id='par_1_82' title="bbox 2169 2941 3758 3013">
     <span class='ocr_line' id='line_1_82' title="bbox 2169 2941 3758 3013; baseline 0.001 -17"><span class='ocrx_word' id='word_1_520' title='bbox 2169 2941 2340 2998; x_wconf 85' lang='lat' dir='ltr'><strong>facito</strong></span> <span class='ocrx_word' id='word_1_521' title='bbox 2373 2960 2387 2997; x_wconf 88' lang='lat'><strong>:</strong></span> <span class='ocrx_word' id='word_1_522' title='bbox 2423 2958 2549 2998; x_wconf 88' lang='lat' dir='ltr'><strong>eum</strong></span> <span class='ocrx_word' id='word_1_523' title='bbox 2589 2943 2688 2998; x_wconf 91' lang='lat' dir='ltr'><strong>tibi</strong></span> <span class='ocrx_word' id='word_1_524' title='bbox 2725 2944 2869 2999; x_wconf 85' lang='lat' dir='ltr'><strong>habe</strong></span> <span class='ocrx_word' id='word_1_525' title='bbox 2905 2944 3188 3000; x_wconf 83' lang='lat' dir='ltr'><strong>comitem.</strong></span> <span class='ocrx_word' id='word_1_526' title='bbox 3214 2944 3440 3004; x_wconf 88' lang='lat' dir='ltr'><strong>Christi,</strong></span> <span class='ocrx_word' id='word_1_527' title='bbox 3465 2944 3560 3013; x_wconf 85' lang='lat' dir='ltr'><strong>qui</strong></span> <span class='ocrx_word' id='word_1_528' title='bbox 3590 2952 3643 2999; x_wconf 91' lang='lat' dir='ltr'><strong>te</strong></span> <span class='ocrx_word' id='word_1_529' title='bbox 3668 2942 3758 2998; x_wconf 87' lang='lat' dir='ltr'><strong>di-</strong></span> 
     </span>
    </p>
   </div>
   <div class='ocr_carea' id='block_1_83' title="bbox 2171 3032 3759 3106">
    <p class='ocr_par' dir='ltr' id='par_1_83' title="bbox 2171 3032 3759 3106">
     <span class='ocr_line' id='line_1_83' title="bbox 2171 3032 3759 3106; baseline 0.003 -19"><span class='ocrx_word' id='word_1_530' title='bbox 2171 3032 2324 3101; x_wconf 85' lang='lat' dir='ltr'><strong>lexit,</strong></span> <span class='ocrx_word' id='word_1_531' title='bbox 2349 3035 2584 3089; x_wconf 89' lang='lat' dir='ltr'><strong>consilio</strong></span> <span class='ocrx_word' id='word_1_532' title='bbox 2619 3036 2881 3105; x_wconf 69' lang='lat' dir='ltr'><strong>pmclare</strong></span> <span class='ocrx_word' id='word_1_533' title='bbox 2912 3037 3247 3105; x_wconf 90' lang='lat' dir='ltr'><strong>obsequere;</strong></span> <span class='ocrx_word' id='word_1_534' title='bbox 3279 3038 3373 3105; x_wconf 92' lang='lat' dir='ltr'><strong>qui</strong></span> <span class='ocrx_word' id='word_1_535' title='bbox 3401 3046 3631 3106; x_wconf 81' lang='lat' dir='ltr'><strong>propter</strong></span> <span class='ocrx_word' id='word_1_536' title='bbox 3656 3051 3759 3092; x_wconf 79' lang='lat' dir='ltr'><strong>nos</strong></span> 
     </span>
    </p>
   </div>
   <div class='ocr_carea' id='block_1_84' title="bbox 2170 3126 3757 3200">
    <p class='ocr_par' dir='ltr' id='par_1_84' title="bbox 2170 3126 3757 3200">
     <span class='ocr_line' id='line_1_84' title="bbox 2170 3126 3757 3200; baseline 0.003 -20"><span class='ocrx_word' id='word_1_537' title='bbox 2170 3139 2382 3196; x_wconf 82' lang='lat' dir='ltr'><strong>egenus</strong></span> <span class='ocrx_word' id='word_1_538' title='bbox 2412 3126 2591 3182; x_wconf 84' lang='lat' dir='ltr'><strong>factus</strong></span> <span class='ocrx_word' id='word_1_539' title='bbox 2622 3138 2729 3193; x_wconf 85' lang='lat' dir='ltr'><strong>est,</strong></span> <span class='ocrx_word' id='word_1_540' title='bbox 2758 3137 2820 3183; x_wconf 88' lang='lat' dir='ltr'><strong>ut</strong></span> <span class='ocrx_word' id='word_1_541' title='bbox 2848 3130 2969 3200; x_wconf 86' lang='lat' dir='ltr'><strong>ejus</strong></span> <span class='ocrx_word' id='word_1_542' title='bbox 3004 3130 3109 3199; x_wconf 89' lang='lat' dir='ltr'><strong>ipsi</strong></span> <span class='ocrx_word' id='word_1_543' title='bbox 3146 3129 3333 3200; x_wconf 87' lang='lat' dir='ltr'><strong>inopia</strong></span> <span class='ocrx_word' id='word_1_544' title='bbox 3366 3130 3569 3185; x_wconf 82' lang='lat' dir='ltr'><strong>divites</strong></span> <span class='ocrx_word' id='word_1_545' title='bbox 3601 3145 3757 3185; x_wconf 89' lang='lat' dir='ltr'><strong>esse-</strong></span> 
     </span>
    </p>
   </div>
   <div class='ocr_carea' id='block_1_85' title="bbox 2170 3215 2779 3289">
    <p class='ocr_par' dir='ltr' id='par_1_85' title="bbox 2170 3215 2779 3289">
     <span class='ocr_line' id='line_1_85' title="bbox 2170 3215 2779 3289; baseline 0.005 -17"><span class='ocrx_word' id='word_1_546' title='bbox 2170 3231 2295 3272; x_wconf 88' lang='lat' dir='ltr'><strong>mus</strong></span> <span class='ocrx_word' id='word_1_547' title='bbox 2321 3215 2387 3288; x_wconf 90' lang='lat' dir='ltr'><strong>(ll</strong></span> <span class='ocrx_word' id='word_1_548' title='bbox 2409 3216 2542 3274; x_wconf 81' lang='lat' dir='ltr'><strong>Cor.</strong></span> <span class='ocrx_word' id='word_1_549' title='bbox 2563 3236 2678 3283; x_wconf 85' lang='lat' dir='ltr'><strong>vm,</strong></span> <span class='ocrx_word' id='word_1_550' title='bbox 2701 3217 2779 3289; x_wconf 88' lang='lat'><strong>9).</strong></span> 
     </span>
    </p>
   </div>
   <div class='ocr_carea' id='block_1_86' title="bbox 2240 3332 3755 3406">
    <p class='ocr_par' dir='ltr' id='par_1_86' title="bbox 2240 3332 3755 3406">
     <span class='ocr_line' id='line_1_86' title="bbox 2240 3332 3755 3406; baseline 0.001 -18"><span class='ocrx_word' id='word_1_551' title='bbox 2240 3332 2504 3405; x_wconf 77' lang='lat' dir='ltr'><strong>Theologi.</strong></span> <span class='ocrx_word' id='word_1_552' title='bbox 2535 3364 2609 3375; x_wconf 88' lang='lat'><strong>-—</strong></span> <span class='ocrx_word' id='word_1_553' title='bbox 2640 3334 3003 3406; x_wconf 87' lang='lat' dir='ltr'><strong>Eleemosyna</strong></span> <span class='ocrx_word' id='word_1_554' title='bbox 3043 3335 3114 3390; x_wconf 88' lang='lat' dir='ltr'><strong>ab</strong></span> <span class='ocrx_word' id='word_1_555' title='bbox 3155 3336 3303 3390; x_wconf 85' lang='lat' dir='ltr'><strong>omni</strong></span> <span class='ocrx_word' id='word_1_556' title='bbox 3344 3335 3605 3391; x_wconf 91' lang='lat' dir='ltr'><strong>immunis</strong></span> <span class='ocrx_word' id='word_1_557' title='bbox 3648 3336 3755 3389; x_wconf 69' lang='lat' dir='ltr'><strong>iui-</strong></span> 
     </span>
    </p>
   </div>
   <div class='ocr_carea' id='block_1_87' title="bbox 2169 3424 3755 3499">
    <p class='ocr_par' dir='ltr' id='par_1_87' title="bbox 2169 3424 3755 3499">
     <span class='ocr_line' id='line_1_87' title="bbox 2169 3424 3755 3499; baseline 0.001 -21"><span class='ocrx_word' id='word_1_558' title='bbox 2169 3424 2385 3493; x_wconf 88' lang='lat' dir='ltr'><strong>quitate</strong></span> <span class='ocrx_word' id='word_1_559' title='bbox 2415 3434 2617 3481; x_wconf 88' lang='lat' dir='ltr'><strong>cuneta</strong></span> <span class='ocrx_word' id='word_1_560' title='bbox 2643 3427 2849 3482; x_wconf 89' lang='lat' dir='ltr'><strong>munda</strong></span> <span class='ocrx_word' id='word_1_561' title='bbox 2878 3427 3028 3482; x_wconf 89' lang='lat' dir='ltr'><strong>facit.</strong></span> <span class='ocrx_word' id='word_1_562' title='bbox 3056 3428 3183 3483; x_wconf 81' lang='lat' dir='ltr'><strong>Haec</strong></span> <span class='ocrx_word' id='word_1_563' title='bbox 3212 3435 3268 3483; x_wconf 86' lang='lat' dir='ltr'><strong>et</strong></span> <span class='ocrx_word' id='word_1_564' title='bbox 3291 3428 3503 3499; x_wconf 80' lang='lat' dir='ltr'><strong>jejunio</strong></span> <span class='ocrx_word' id='word_1_565' title='bbox 3528 3438 3584 3483; x_wconf 93' lang='lat' dir='ltr'><strong>et</strong></span> <span class='ocrx_word' id='word_1_566' title='bbox 3610 3427 3755 3481; x_wconf 72' lang='lat' dir='ltr'><strong>nuda</strong></span> 
     </span>
    </p>
   </div>
   <div class='ocr_carea' id='block_1_88' title="bbox 2170 3514 3755 3588">
    <p class='ocr_par' dir='ltr' id='par_1_88' title="bbox 2170 3514 3755 3588">
     <span class='ocr_line' id='line_1_88' title="bbox 2170 3514 3755 3588; baseline 0.003 -19"><span class='ocrx_word' id='word_1_567' title='bbox 2170 3514 2342 3571; x_wconf 88' lang='lat' dir='ltr'><strong>humo</strong></span> <span class='ocrx_word' id='word_1_568' title='bbox 2377 3516 2676 3572; x_wconf 85' lang='lat' dir='ltr'><strong>cubatione</strong></span> <span class='ocrx_word' id='word_1_569' title='bbox 2712 3520 3068 3588; x_wconf 66' lang='lat' dir='ltr'><strong>praestantior</strong></span> <span class='ocrx_word' id='word_1_570' title='bbox 3099 3529 3212 3586; x_wconf 89' lang='lat' dir='ltr'><strong>est;</strong></span> <span class='ocrx_word' id='word_1_571' title='bbox 3257 3535 3323 3575; x_wconf 89' lang='lat' dir='ltr'><strong>ac</strong></span> <span class='ocrx_word' id='word_1_572' title='bbox 3362 3521 3491 3575; x_wconf 90' lang='lat' dir='ltr'><strong>licet</strong></span> <span class='ocrx_word' id='word_1_573' title='bbox 3525 3520 3617 3574; x_wconf 91' lang='lat' dir='ltr'><strong>illa</strong></span> <span class='ocrx_word' id='word_1_574' title='bbox 3650 3518 3755 3573; x_wconf 85' lang='lat' dir='ltr'><strong>du-</strong></span> 
     </span>
    </p>
   </div>
   <div class='ocr_carea' id='block_1_89' title="bbox 2170 3607 3753 3684">
    <p class='ocr_par' dir='ltr' id='par_1_89' title="bbox 2170 3607 3753 3684">
     <span class='ocr_line' id='line_1_89' title="bbox 2170 3607 3753 3684; baseline 0.003 -22"><span class='ocrx_word' id='word_1_575' title='bbox 2170 3607 2336 3664; x_wconf 85' lang='lat' dir='ltr'><strong>rioris</strong></span> <span class='ocrx_word' id='word_1_576' title='bbox 2393 3610 2503 3665; x_wconf 88' lang='lat' dir='ltr'><strong>sint</strong></span> <span class='ocrx_word' id='word_1_577' title='bbox 2555 3611 2863 3681; x_wconf 57' lang='lat' dir='ltr'><strong>disciplinae</strong></span> <span class='ocrx_word' id='word_1_578' title='bbox 2916 3614 3296 3684; x_wconf 89' lang='lat' dir='ltr'><strong>majoremqne</strong></span> <span class='ocrx_word' id='word_1_579' title='bbox 3350 3614 3599 3667; x_wconf 84' lang='lat' dir='ltr'><strong>laborem</strong></span> <span class='ocrx_word' id='word_1_580' title='bbox 3652 3612 3753 3666; x_wconf 78' lang='lat' dir='ltr'><strong>ha-</strong></span> 
     </span>
    </p>
   </div>
   <div class='ocr_carea' id='block_1_90' title="bbox 2168 3692 3754 3776">
    <p class='ocr_par' dir='ltr' id='par_1_90' title="bbox 2168 3692 3754 3776">
     <span class='ocr_line' id='line_1_90' title="bbox 2168 3692 3754 3776; baseline 0.001 -22"><span class='ocrx_word' id='word_1_581' title='bbox 2168 3700 2355 3766; x_wconf 82' lang='lat' dir='ltr'><strong>beant,</strong></span> <span class='ocrx_word' id='word_1_582' title='bbox 2383 3704 2557 3772; x_wconf 88' lang='lat' dir='ltr'><strong>major</strong></span> <span class='ocrx_word' id='word_1_583' title='bbox 2582 3712 2764 3759; x_wconf 89' lang='lat' dir='ltr'><strong>tamen</strong></span> <span class='ocrx_word' id='word_1_584' title='bbox 2798 3692 3161 3776; x_wconf 44' lang='lat' dir='ltr'><strong>el&#39;eemosyna:</strong></span> <span class='ocrx_word' id='word_1_585' title='bbox 3191 3705 3404 3759; x_wconf 85' lang='lat' dir='ltr'><strong>utilitas</strong></span> <span class='ocrx_word' id='word_1_586' title='bbox 3437 3712 3549 3768; x_wconf 87' lang='lat' dir='ltr'><strong>est;</strong></span> <span class='ocrx_word' id='word_1_587' title='bbox 3586 3704 3754 3757; x_wconf 82' lang='lat' dir='ltr'><strong>nimi-</strong></span> 
     </span>
    </p>
   </div>
   <div class='ocr_carea' id='block_1_91' title="bbox 2168 3791 3754 3861">
    <p class='ocr_par' dir='ltr' id='par_1_91' title="bbox 2168 3791 3754 3861">
     <span class='ocr_line' id='line_1_91' title="bbox 2168 3791 3754 3861; baseline 0.001 -17"><span class='ocrx_word' id='word_1_588' title='bbox 2168 3806 2292 3845; x_wconf 87' lang='lat' dir='ltr'><strong>rum</strong></span> <span class='ocrx_word' id='word_1_589' title='bbox 2328 3792 2514 3846; x_wconf 89' lang='lat' dir='ltr'><strong>colore</strong></span> <span class='ocrx_word' id='word_1_590' title='bbox 2550 3792 2796 3847; x_wconf 92' lang='lat' dir='ltr'><strong>animum</strong></span> <span class='ocrx_word' id='word_1_591' title='bbox 2834 3793 3057 3857; x_wconf 90' lang='lat' dir='ltr'><strong>imbuit,</strong></span> <span class='ocrx_word' id='word_1_592' title='bbox 3094 3793 3354 3849; x_wconf 88' lang='lat' dir='ltr'><strong>subtilem</strong></span> <span class='ocrx_word' id='word_1_593' title='bbox 3390 3791 3592 3855; x_wconf 88' lang='lat' dir='ltr'><strong>reddit,</strong></span> <span class='ocrx_word' id='word_1_594' title='bbox 3625 3792 3754 3861; x_wconf 89' lang='lat' dir='ltr'><strong>pul-</strong></span> 
     </span>
    </p>
   </div>
   <div class='ocr_carea' id='block_1_92' title="bbox 2168 3883 2962 3940">
    <p class='ocr_par' dir='ltr' id='par_1_92' title="bbox 2168 3883 2962 3940">
     <span class='ocr_line' id='line_1_92' title="bbox 2168 3883 2962 3940; baseline 0 -1"><span class='ocrx_word' id='word_1_595' title='bbox 2168 3883 2365 3939; x_wconf 81' lang='lat' dir='ltr'><strong>chrum</strong></span> <span class='ocrx_word' id='word_1_596' title='bbox 2398 3899 2461 3938; x_wconf 84' lang='lat' dir='ltr'><strong>ac</strong></span> <span class='ocrx_word' id='word_1_597' title='bbox 2485 3883 2786 3938; x_wconf 86' lang='lat' dir='ltr'><strong>formosum</strong></span> <span class='ocrx_word' id='word_1_598' title='bbox 2813 3884 2962 3940; x_wconf 85' lang='lat' dir='ltr'><strong>facit.</strong></span> 
     </span>
    </p>
   </div>
   <div class='ocr_carea' id='block_1_93' title="bbox 2236 3998 3757 4070">
    <p class='ocr_par' dir='ltr' id='par_1_93' title="bbox 2236 3998 3757 4070">
     <span class='ocr_line' id='line_1_93' title="bbox 2236 3998 3757 4070; baseline -0.001 -19"><span class='ocrx_word' id='word_1_599' title='bbox 2236 3998 2333 4053; x_wconf 84' lang='lat' dir='ltr'><strong>Illa</strong></span> <span class='ocrx_word' id='word_1_600' title='bbox 2387 3998 2654 4053; x_wconf 73' lang='lat' dir='ltr'><strong>duntaxat</strong></span> <span class='ocrx_word' id='word_1_601' title='bbox 2703 3999 2860 4053; x_wconf 89' lang='lat' dir='ltr'><strong>lucro</strong></span> <span class='ocrx_word' id='word_1_602' title='bbox 2906 3998 3358 4070; x_wconf 87' lang='lat' dir='ltr'><strong>reportabimus,</strong></span> <span class='ocrx_word' id='word_1_603' title='bbox 3408 4010 3757 4067; x_wconf 55' lang='lat' dir='ltr'><strong>quaecunque</strong></span> 
     </span>
    </p>
   </div>
   <div class='ocr_carea' id='block_1_94' title="bbox 2169 4088 3752 4160">
    <p class='ocr_par' dir='ltr' id='par_1_94' title="bbox 2169 4088 3752 4160">
     <span class='ocr_line' id='line_1_94' title="bbox 2169 4088 3752 4160; baseline 0 -18"><span class='ocrx_word' id='word_1_604' title='bbox 2169 4088 2298 4144; x_wconf 90' lang='lat' dir='ltr'><strong>illuc</strong></span> <span class='ocrx_word' id='word_1_605' title='bbox 2361 4089 2815 4160; x_wconf 68' lang='lat' dir='ltr'><strong>prmmiserimus.</strong></span> <span class='ocrx_word' id='word_1_606' title='bbox 2870 4091 2968 4145; x_wconf 89' lang='lat' dir='ltr'><strong>Illa</strong></span> <span class='ocrx_word' id='word_1_607' title='bbox 3027 4091 3297 4147; x_wconf 80' lang='lat' dir='ltr'><strong>duntaxat</strong></span> <span class='ocrx_word' id='word_1_608' title='bbox 3349 4098 3539 4145; x_wconf 90' lang='lat' dir='ltr'><strong>nostra</strong></span> <span class='ocrx_word' id='word_1_609' title='bbox 3594 4098 3752 4152; x_wconf 85' lang='lat' dir='ltr'><strong>sunt,</strong></span> 
     </span>
    </p>
   </div>
   <div class='ocr_carea' id='block_1_95' title="bbox 2168 4181 3754 4251">
    <p class='ocr_par' dir='ltr' id='par_1_95' title="bbox 2168 4181 3754 4251">
     <span class='ocr_line' id='line_1_95' title="bbox 2168 4181 3754 4251; baseline 0 -17"><span class='ocrx_word' id='word_1_610' title='bbox 2168 4196 2514 4251; x_wconf 77' lang='lat' dir='ltr'><strong>quaecunque</strong></span> <span class='ocrx_word' id='word_1_611' title='bbox 2568 4182 2736 4237; x_wconf 89' lang='lat' dir='ltr'><strong>animi</strong></span> <span class='ocrx_word' id='word_1_612' title='bbox 2790 4183 3024 4240; x_wconf 75' lang='lat' dir='ltr'><strong>virtutes</strong></span> <span class='ocrx_word' id='word_1_613' title='bbox 3077 4190 3207 4239; x_wconf 85' lang='lat' dir='ltr'><strong>sunt</strong></span> <span class='ocrx_word' id='word_1_614' title='bbox 3260 4199 3323 4237; x_wconf 90' lang='lat' dir='ltr'><strong>ac</strong></span> <span class='ocrx_word' id='word_1_615' title='bbox 3362 4184 3529 4237; x_wconf 79' lang='lat' dir='ltr'><strong>recte</strong></span> <span class='ocrx_word' id='word_1_616' title='bbox 3581 4181 3754 4242; x_wconf 82' lang='lat' dir='ltr'><strong>facta,</strong></span> 
     </span>
    </p>
   </div>
   <div class='ocr_carea' id='block_1_96' title="bbox 2166 4272 3756 4344">
    <p class='ocr_par' dir='ltr' id='par_1_96' title="bbox 2166 4272 3756 4344">
     <span class='ocr_line' id='line_1_96' title="bbox 2166 4272 3756 4344; baseline 0.001 -18"><span class='ocrx_word' id='word_1_617' title='bbox 2166 4273 2515 4343; x_wconf 76' lang='lat' dir='ltr'><strong>eleemosyna</strong></span> <span class='ocrx_word' id='word_1_618' title='bbox 2545 4275 2758 4328; x_wconf 77' lang='lat' dir='ltr'><strong>scilicet</strong></span> <span class='ocrx_word' id='word_1_619' title='bbox 2786 4283 2842 4329; x_wconf 87' lang='lat' dir='ltr'><strong>et</strong></span> <span class='ocrx_word' id='word_1_620' title='bbox 2871 4274 3207 4335; x_wconf 83' lang='lat' dir='ltr'><strong>humanitas.</strong></span> <span class='ocrx_word' id='word_1_621' title='bbox 3235 4273 3426 4344; x_wconf 83' lang='lat' dir='ltr'><strong>Neque</strong></span> <span class='ocrx_word' id='word_1_622' title='bbox 3456 4274 3602 4327; x_wconf 89' lang='lat' dir='ltr'><strong>enim</strong></span> <span class='ocrx_word' id='word_1_623' title='bbox 3636 4272 3756 4327; x_wconf 75' lang='lat' dir='ltr'><strong>fieri</strong></span> 
     </span>
    </p>
   </div>
   <div class='ocr_carea' id='block_1_97' title="bbox 2167 4366 3758 4441">
    <p class='ocr_par' dir='ltr' id='par_1_97' title="bbox 2167 4366 3758 4441">
     <span class='ocr_line' id='line_1_97' title="bbox 2167 4366 3758 4441; baseline 0.001 -23"><span class='ocrx_word' id='word_1_624' title='bbox 2167 4375 2349 4433; x_wconf 85' lang='lat' dir='ltr'><strong>potest</strong></span> <span class='ocrx_word' id='word_1_625' title='bbox 2381 4375 2441 4420; x_wconf 89' lang='lat' dir='ltr'><strong>ut</strong></span> <span class='ocrx_word' id='word_1_626' title='bbox 2467 4367 2702 4441; x_wconf 76' lang='lat' dir='ltr'><strong>sumptis</strong></span> <span class='ocrx_word' id='word_1_627' title='bbox 2736 4367 2940 4435; x_wconf 85' lang='lat' dir='ltr'><strong>epihus</strong></span> <span class='ocrx_word' id='word_1_628' title='bbox 2974 4367 3182 4422; x_wconf 91' lang='lat' dir='ltr'><strong>mundo</strong></span> <span class='ocrx_word' id='word_1_629' title='bbox 3214 4368 3469 4422; x_wconf 86' lang='lat' dir='ltr'><strong>excedas.</strong></span> <span class='ocrx_word' id='word_1_630' title='bbox 3495 4366 3758 4433; x_wconf 80' lang='lat' dir='ltr'><strong>Quinimo</strong></span> 
     </span>
    </p>
   </div>
   <div class='ocr_carea' id='block_1_98' title="bbox 2167 4456 3758 4525">
    <p class='ocr_par' dir='ltr' id='par_1_98' title="bbox 2167 4456 3758 4525">
     <span class='ocr_line' id='line_1_98' title="bbox 2167 4456 3758 4525; baseline 0.001 -16"><span class='ocrx_word' id='word_1_631' title='bbox 2167 4456 2332 4509; x_wconf 85' lang='lat' dir='ltr'><strong>etiam</strong></span> <span class='ocrx_word' id='word_1_632' title='bbox 2360 4457 2457 4510; x_wconf 83' lang='lat' dir='ltr'><strong>has</strong></span> <span class='ocrx_word' id='word_1_633' title='bbox 2479 4457 2898 4525; x_wconf 72' lang='lat' dir='ltr'><strong>pnemittamus,</strong></span> <span class='ocrx_word' id='word_1_634' title='bbox 2921 4465 2983 4513; x_wconf 88' lang='lat' dir='ltr'><strong>ut</strong></span> <span class='ocrx_word' id='word_1_635' title='bbox 3006 4458 3073 4513; x_wconf 91' lang='lat' dir='ltr'><strong>iis</strong></span> <span class='ocrx_word' id='word_1_636' title='bbox 3096 4459 3259 4513; x_wconf 86' lang='lat' dir='ltr'><strong>nobis</strong></span> <span class='ocrx_word' id='word_1_637' title='bbox 3285 4460 3337 4512; x_wconf 91' lang='lat' dir='ltr'><strong>in</strong></span> <span class='ocrx_word' id='word_1_638' title='bbox 3363 4458 3589 4513; x_wconf 76' lang='lat' dir='ltr'><strong>aeternis</strong></span> <span class='ocrx_word' id='word_1_639' title='bbox 3611 4457 3758 4511; x_wconf 80' lang='lat' dir='ltr'><strong>sedi-</strong></span> 
     </span>
    </p>
   </div>
   <div class='ocr_carea' id='block_1_99' title="bbox 2170 4545 3086 4629">
    <p class='ocr_par' dir='ltr' id='par_1_99' title="bbox 2170 4545 3086 4629">
     <span class='ocr_line' id='line_1_99' title="bbox 2170 4545 3086 4629; baseline 0.003 -30"><span class='ocrx_word' id='word_1_640' title='bbox 2170 4545 2273 4601; x_wconf 83' lang='lat' dir='ltr'><strong>bus</strong></span> <span class='ocrx_word' id='word_1_641' title='bbox 2302 4546 2715 4601; x_wconf 87' lang='lat' dir='ltr'><strong>tabernaculum</strong></span> <span class='ocrx_word' id='word_1_642' title='bbox 2742 4563 3022 4617; x_wconf 83' lang='lat' dir='ltr'><strong>paremus.</strong></span> <span class='ocrx_word' id='word_1_643' title='bbox 3068 4610 3086 4629; x_wconf 74' lang='lat'><strong><em>_</em></strong></span> 
     </span>
    </p>
   </div>
   <div class='ocr_carea' id='block_1_100' title="bbox 2236 4658 3758 4734">
    <p class='ocr_par' dir='ltr' id='par_1_100' title="bbox 2236 4658 3758 4734">
     <span class='ocr_line' id='line_1_100' title="bbox 2236 4658 3758 4734; baseline 0.001 -18"><span class='ocrx_word' id='word_1_644' title='bbox 2236 4658 2387 4716; x_wconf 85' lang='lat' dir='ltr'><strong>Citra</strong></span> <span class='ocrx_word' id='word_1_645' title='bbox 2426 4664 2831 4734; x_wconf 73' lang='lat' dir='ltr'><strong>eleemosynam</strong></span> <span class='ocrx_word' id='word_1_646' title='bbox 2867 4662 3215 4720; x_wconf 81' lang='lat' dir='ltr'><strong>infructuosa</strong></span> <span class='ocrx_word' id='word_1_647' title='bbox 3250 4664 3430 4719; x_wconf 86' lang='lat' dir='ltr'><strong>anima</strong></span> <span class='ocrx_word' id='word_1_648' title='bbox 3468 4672 3555 4718; x_wconf 87' lang='lat' dir='ltr'><strong>est</strong></span> <span class='ocrx_word' id='word_1_649' title='bbox 3588 4681 3601 4717; x_wconf 74' lang='grc' dir='ltr'><strong>ε</strong></span> <span class='ocrx_word' id='word_1_650' title='bbox 3638 4661 3758 4718; x_wconf 89' lang='lat' dir='ltr'><strong>sine</strong></span> 
     </span>
    </p>
   </div>
   <div class='ocr_carea' id='block_1_101' title="bbox 2166 4751 3755 4828">
    <p class='ocr_par' dir='ltr' id='par_1_101' title="bbox 2166 4751 3755 4828">
     <span class='ocr_line' id='line_1_101' title="bbox 2166 4751 3755 4828; baseline 0.001 -23"><span class='ocrx_word' id='word_1_651' title='bbox 2166 4751 2280 4817; x_wconf 86' lang='lat' dir='ltr'><strong>illa,</strong></span> <span class='ocrx_word' id='word_1_652' title='bbox 2308 4761 2506 4808; x_wconf 91' lang='lat' dir='ltr'><strong>cuneta</strong></span> <span class='ocrx_word' id='word_1_653' title='bbox 2532 4753 2846 4819; x_wconf 86' lang='lat' dir='ltr'><strong>immunda,</strong></span> <span class='ocrx_word' id='word_1_654' title='bbox 2881 4756 3092 4811; x_wconf 83' lang='lat' dir='ltr'><strong>nullius</strong></span> <span class='ocrx_word' id='word_1_655' title='bbox 3119 4757 3292 4828; x_wconf 80' lang='lat' dir='ltr'><strong>frugis</strong></span> <span class='ocrx_word' id='word_1_656' title='bbox 3317 4756 3574 4812; x_wconf 83' lang='lat' dir='ltr'><strong>universa</strong></span> <span class='ocrx_word' id='word_1_657' title='bbox 3607 4764 3755 4811; x_wconf 87' lang='lat' dir='ltr'><strong>sunt.</strong></span> 
     </span>
    </p>
   </div>
   <div class='ocr_carea' id='block_1_102' title="bbox 2164 4842 3762 4919">
    <p class='ocr_par' dir='ltr' id='par_1_102' title="bbox 2164 4842 3762 4919">
     <span class='ocr_line' id='line_1_102' title="bbox 2164 4842 3762 4919; baseline 0.003 -21"><span class='ocrx_word' id='word_1_658' title='bbox 2164 4842 2243 4898; x_wconf 87' lang='lat' dir='ltr'><strong>Ea</strong></span> <span class='ocrx_word' id='word_1_659' title='bbox 2270 4859 2361 4898; x_wconf 89' lang='lat' dir='ltr'><strong>res</strong></span> <span class='ocrx_word' id='word_1_660' title='bbox 2383 4854 2488 4909; x_wconf 87' lang='lat' dir='ltr'><strong>est,</strong></span> <span class='ocrx_word' id='word_1_661' title='bbox 2517 4861 2627 4914; x_wconf 86' lang='lat' dir='ltr'><strong>qua</strong></span> <span class='ocrx_word' id='word_1_662' title='bbox 2651 4846 2764 4900; x_wconf 90' lang='lat' dir='ltr'><strong>Deo</strong></span> <span class='ocrx_word' id='word_1_663' title='bbox 2789 4847 2996 4917; x_wconf 61' lang='lat' dir='ltr'><strong>aequari</strong></span> <span class='ocrx_word' id='word_1_664' title='bbox 3027 4848 3178 4913; x_wconf 90' lang='lat' dir='ltr'><strong>licet,</strong></span> <span class='ocrx_word' id='word_1_665' title='bbox 3205 4858 3266 4903; x_wconf 91' lang='lat' dir='ltr'><strong>ut</strong></span> <span class='ocrx_word' id='word_1_666' title='bbox 3295 4865 3494 4919; x_wconf 91' lang='lat' dir='ltr'><strong>nempe</strong></span> <span class='ocrx_word' id='word_1_667' title='bbox 3523 4847 3762 4903; x_wconf 89' lang='lat' dir='ltr'><strong>eleemo—</strong></span> 
     </span>
    </p>
   </div>
   <div class='ocr_carea' id='block_1_103' title="bbox 2165 4935 3758 5012">
    <p class='ocr_par' dir='ltr' id='par_1_103' title="bbox 2165 4935 3758 5012">
     <span class='ocr_line' id='line_1_103' title="bbox 2165 4935 3758 5012; baseline 0.002 -22"><span class='ocrx_word' id='word_1_668' title='bbox 2165 4935 2314 5007; x_wconf 85' lang='lat' dir='ltr'><strong>synis</strong></span> <span class='ocrx_word' id='word_1_669' title='bbox 2331 4936 2652 4992; x_wconf 81' lang='lat' dir='ltr'><strong>Studeamus</strong></span> <span class='ocrx_word' id='word_1_670' title='bbox 2675 4955 2738 4993; x_wconf 86' lang='lat' dir='ltr'><strong>ac</strong></span> <span class='ocrx_word' id='word_1_671' title='bbox 2764 4939 3123 4996; x_wconf 80' lang='lat' dir='ltr'><strong>miseratione</strong></span> <span class='ocrx_word' id='word_1_672' title='bbox 3148 4942 3385 5012; x_wconf 89' lang='lat' dir='ltr'><strong>impensi</strong></span> <span class='ocrx_word' id='word_1_673' title='bbox 3417 4941 3611 4996; x_wconf 90' lang='lat' dir='ltr'><strong>simus.</strong></span> <span class='ocrx_word' id='word_1_674' title='bbox 3638 4939 3758 4994; x_wconf 87' lang='lat' dir='ltr'><strong>Non</strong></span> 
     </span>
    </p>
   </div>
   <div class='ocr_carea' id='block_1_104' title="bbox 2165 5025 3758 5099">
    <p class='ocr_par' dir='ltr' id='par_1_104' title="bbox 2165 5025 3758 5099">
     <span class='ocr_line' id='line_1_104' title="bbox 2165 5025 3758 5099; baseline 0.001 -18"><span class='ocrx_word' id='word_1_675' title='bbox 2165 5025 2302 5081; x_wconf 84' lang='lat' dir='ltr'><strong>dixit</strong></span> <span class='ocrx_word' id='word_1_676' title='bbox 2339 5044 2352 5080; x_wconf 90' lang='lat'><strong>:</strong></span> <span class='ocrx_word' id='word_1_677' title='bbox 2389 5026 2444 5081; x_wconf 90' lang='lat' dir='ltr'><strong>Si</strong></span> <span class='ocrx_word' id='word_1_678' title='bbox 2470 5029 2876 5099; x_wconf 82' lang='lat' dir='ltr'><strong>jejunaveritis,</strong></span> <span class='ocrx_word' id='word_1_679' title='bbox 2916 5030 3131 5086; x_wconf 80' lang='lat' dir='ltr'><strong>similes</strong></span> <span class='ocrx_word' id='word_1_680' title='bbox 3163 5032 3321 5088; x_wconf 87' lang='lat' dir='ltr'><strong>eritis</strong></span> <span class='ocrx_word' id='word_1_681' title='bbox 3352 5032 3533 5087; x_wconf 84' lang='lat' dir='ltr'><strong>Patris</strong></span> <span class='ocrx_word' id='word_1_682' title='bbox 3563 5029 3758 5085; x_wconf 81' lang='lat' dir='ltr'><strong>vestri.</strong></span> 
     </span>
    </p>
   </div>
   <div class='ocr_carea' id='block_1_105' title="bbox 2162 5118 3765 5191">
    <p class='ocr_par' dir='ltr' id='par_1_105' title="bbox 2162 5118 3765 5191">
     <span class='ocr_line' id='line_1_105' title="bbox 2162 5118 3765 5191; baseline 0 -17"><span class='ocrx_word' id='word_1_683' title='bbox 2162 5118 2282 5174; x_wconf 82' lang='lat' dir='ltr'><strong>Non</strong></span> <span class='ocrx_word' id='word_1_684' title='bbox 2318 5118 2461 5173; x_wconf 83' lang='lat' dir='ltr'><strong>dixit</strong></span> <span class='ocrx_word' id='word_1_685' title='bbox 2496 5137 2511 5172; x_wconf 87' lang='lat'><strong>:</strong></span> <span class='ocrx_word' id='word_1_686' title='bbox 2551 5119 2607 5173; x_wconf 90' lang='lat' dir='ltr'><strong>Si</strong></span> <span class='ocrx_word' id='word_1_687' title='bbox 2642 5119 3023 5191; x_wconf 83' lang='lat' dir='ltr'><strong>virginitatem</strong></span> <span class='ocrx_word' id='word_1_688' title='bbox 3049 5122 3364 5189; x_wconf 79' lang='lat' dir='ltr'><strong>colueritis;</strong></span> <span class='ocrx_word' id='word_1_689' title='bbox 3391 5121 3487 5176; x_wconf 90' lang='lat' dir='ltr'><strong>sed</strong></span> <span class='ocrx_word' id='word_1_690' title='bbox 3538 5139 3551 5174; x_wconf 88' lang='lat'>:</span> <span class='ocrx_word' id='word_1_691' title='bbox 3586 5121 3765 5175; x_wconf 75' lang='lat' dir='ltr'><strong>Estots</strong></span> 
     </span>
    </p>
   </div>
   <div class='ocr_carea' id='block_1_106' title="bbox 2164 5210 3761 5279">
    <p class='ocr_par' dir='ltr' id='par_1_106' title="bbox 2164 5210 3761 5279">
     <span class='ocr_line' id='line_1_106' title="bbox 2164 5210 3761 5279; baseline -0.001 -13"><span class='ocrx_word' id='word_1_692' title='bbox 2164 5210 2561 5279; x_wconf 67' lang='lat' dir='ltr'><strong>misericordes,</strong></span> <span class='ocrx_word' id='word_1_693' title='bbox 2605 5214 2746 5267; x_wconf 75' lang='lat' dir='ltr'><strong>sicut</strong></span> <span class='ocrx_word' id='word_1_694' title='bbox 2790 5212 2956 5269; x_wconf 77' lang='lat' dir='ltr'><strong>Pater</strong></span> <span class='ocrx_word' id='word_1_695' title='bbox 3001 5223 3171 5268; x_wconf 77' lang='lat' dir='ltr'><strong>vester</strong></span> <span class='ocrx_word' id='word_1_696' title='bbox 3212 5212 3431 5267; x_wconf 75' lang='lat' dir='ltr'><strong>cmlestis</strong></span> <span class='ocrx_word' id='word_1_697' title='bbox 3464 5212 3761 5266; x_wconf 78' lang='lat' dir='ltr'><strong>misericors</strong></span> 
     </span>
    </p>
   </div>
   <div class='ocr_carea' id='block_1_107' title="bbox 2162 5299 3760 5372">
    <p class='ocr_par' dir='ltr' id='par_1_107' title="bbox 2162 5299 3760 5372">
     <span class='ocr_line' id='line_1_107' title="bbox 2162 5299 3760 5372; baseline 0.001 -19"><span class='ocrx_word' id='word_1_698' title='bbox 2162 5307 2239 5353; x_wconf 85' lang='lat' dir='ltr'><strong>cst</strong></span> <span class='ocrx_word' id='word_1_699' title='bbox 2269 5299 2407 5371; x_wconf 90' lang='lat' dir='ltr'><strong>(Luc</strong></span> <span class='ocrx_word' id='word_1_700' title='bbox 2429 5318 2502 5367; x_wconf 75' lang='lat' dir='ltr'><strong>vr,</strong></span> <span class='ocrx_word' id='word_1_701' title='bbox 2531 5301 2644 5372; x_wconf 80' lang='lat'><strong>36).</strong></span> <span class='ocrx_word' id='word_1_702' title='bbox 2681 5301 3108 5357; x_wconf 68' lang='lat' dir='ltr'><strong>Misericordia&quot;:</strong></span> <span class='ocrx_word' id='word_1_703' title='bbox 3155 5302 3326 5366; x_wconf 90' lang='lat' dir='ltr'><strong>enim,</strong></span> <span class='ocrx_word' id='word_1_704' title='bbox 3371 5301 3573 5370; x_wconf 87' lang='lat' dir='ltr'><strong>inquit,</strong></span> <span class='ocrx_word' id='word_1_705' title='bbox 3620 5299 3760 5364; x_wconf 74' lang='lat' dir='ltr'><strong>volo,</strong></span> 
     </span>
    </p>
   </div>
   <div class='ocr_carea' id='block_1_108' title="bbox 2161 5391 3531 5466">
    <p class='ocr_par' dir='ltr' id='par_1_108' title="bbox 2161 5391 3531 5466">
     <span class='ocr_line' id='line_1_108' title="bbox 2161 5391 3531 5466; baseline -0.001 -20"><span class='ocrx_word' id='word_1_706' title='bbox 2161 5400 2337 5447; x_wconf 79' lang='lat' dir='ltr'><strong>etnon</strong></span> <span class='ocrx_word' id='word_1_707' title='bbox 2361 5392 2685 5464; x_wconf 83' lang='lat' dir='ltr'><strong>sacriﬁcium</strong></span> <span class='ocrx_word' id='word_1_708' title='bbox 2712 5393 2879 5466; x_wconf 85' lang='lat' dir='ltr'><strong>(Osee</strong></span> <span class='ocrx_word' id='word_1_709' title='bbox 2902 5413 2975 5459; x_wconf 69' lang='grc' dir='ltr'>γι,</span> <span class='ocrx_word' id='word_1_710' title='bbox 3009 5395 3071 5459; x_wconf 88' lang='lat'><strong>6;</strong></span> <span class='ocrx_word' id='word_1_711' title='bbox 3100 5393 3291 5447; x_wconf 76' lang='lat' dir='ltr'><strong>Matth.</strong></span> <span class='ocrx_word' id='word_1_712' title='bbox 3322 5409 3393 5458; x_wconf 85' lang='lat' dir='ltr'><strong>Ix,</strong></span> <span class='ocrx_word' id='word_1_713' title='bbox 3422 5391 3531 5463; x_wconf 80' lang='grc'>15).</span> 
     </span>
    </p>
   </div>
   <div class='ocr_carea' id='block_1_109' title="bbox 2232 5504 3761 5579">
    <p class='ocr_par' dir='ltr' id='par_1_109' title="bbox 2232 5504 3761 5579">
     <span class='ocr_line' id='line_1_109' title="bbox 2232 5504 3761 5579; baseline -0.001 -18"><span class='ocrx_word' id='word_1_714' title='bbox 2232 5504 2366 5572; x_wconf 73' lang='lat' dir='ltr'><strong>Quae</strong></span> <span class='ocrx_word' id='word_1_715' title='bbox 2394 5522 2425 5561; x_wconf 91' lang='lat' dir='ltr'><strong>a</strong></span> <span class='ocrx_word' id='word_1_716' title='bbox 2452 5507 2566 5562; x_wconf 91' lang='lat' dir='ltr'><strong>Deo</strong></span> <span class='ocrx_word' id='word_1_717' title='bbox 2593 5509 2867 5579; x_wconf 82' lang='lat' dir='ltr'><strong>consequi</strong></span> <span class='ocrx_word' id='word_1_718' title='bbox 2890 5509 3173 5569; x_wconf 85' lang='lat' dir='ltr'><strong>volumus,</strong></span> <span class='ocrx_word' id='word_1_719' title='bbox 3199 5507 3315 5561; x_wconf 67' lang='lat' dir='ltr'><strong>haec</strong></span> <span class='ocrx_word' id='word_1_720' title='bbox 3341 5507 3502 5575; x_wconf 88' lang='lat' dir='ltr'><strong>prius</strong></span> <span class='ocrx_word' id='word_1_721' title='bbox 3533 5519 3761 5560; x_wconf 83' lang='lat' dir='ltr'><strong>necesse</strong></span> 
     </span>
    </p>
   </div>
   <div class='ocr_carea' id='block_1_110' title="bbox 2161 5592 3765 5669">
    <p class='ocr_par' dir='ltr' id='par_1_110' title="bbox 2161 5592 3765 5669">
     <span class='ocr_line' id='line_1_110' title="bbox 2161 5592 3765 5669; baseline -0.004 -19"><span class='ocrx_word' id='word_1_722' title='bbox 2161 5604 2248 5651; x_wconf 90' lang='lat' dir='ltr'><strong>est</strong></span> <span class='ocrx_word' id='word_1_723' title='bbox 2280 5603 2343 5649; x_wconf 91' lang='lat' dir='ltr'><strong>ut</strong></span> <span class='ocrx_word' id='word_1_724' title='bbox 2374 5596 2644 5666; x_wconf 83' lang='lat' dir='ltr'><strong>proximis</strong></span> <span class='ocrx_word' id='word_1_725' title='bbox 2679 5596 3094 5669; x_wconf 87' lang='lat' dir='ltr'><strong>impendamus.</strong></span> <span class='ocrx_word' id='word_1_726' title='bbox 3123 5596 3217 5650; x_wconf 89' lang='lat' dir='ltr'><strong>Sin</strong></span> <span class='ocrx_word' id='word_1_727' title='bbox 3258 5602 3439 5649; x_wconf 85' lang='lat' dir='ltr'><strong>autem</strong></span> <span class='ocrx_word' id='word_1_728' title='bbox 3482 5592 3765 5663; x_wconf 69' lang='lat' dir='ltr'><strong>proximos</strong></span> 
     </span>
    </p>
   </div>
   <div class='ocr_carea' id='block_1_111' title="bbox 2164 5685 3765 5759">
    <p class='ocr_par' dir='ltr' id='par_1_111' title="bbox 2164 5685 3765 5759">
     <span class='ocr_line' id='line_1_111' title="bbox 2164 5685 3765 5759; baseline -0.004 -18"><span class='ocrx_word' id='word_1_729' title='bbox 2164 5687 2273 5742; x_wconf 88' lang='lat' dir='ltr'><strong>illis</strong></span> <span class='ocrx_word' id='word_1_730' title='bbox 2310 5703 2499 5742; x_wconf 87' lang='lat' dir='ltr'><strong>carere</strong></span> <span class='ocrx_word' id='word_1_731' title='bbox 2544 5686 2705 5758; x_wconf 80' lang='lat'><strong>553</strong></span> <span class='ocrx_word' id='word_1_732' title='bbox 2752 5690 3066 5753; x_wconf 77' lang='lat' dir='ltr'><strong>siverimus,</strong></span> <span class='ocrx_word' id='word_1_733' title='bbox 3100 5697 3380 5759; x_wconf 78' lang='lat' dir='ltr'><strong>quomodo</strong></span> <span class='ocrx_word' id='word_1_734' title='bbox 3419 5685 3534 5741; x_wconf 65' lang='lat' dir='ltr'><strong>htec</strong></span> <span class='ocrx_word' id='word_1_735' title='bbox 3579 5700 3608 5738; x_wconf 84' lang='lat' dir='ltr'><strong>a</strong></span> <span class='ocrx_word' id='word_1_736' title='bbox 3652 5685 3765 5739; x_wconf 88' lang='lat' dir='ltr'><strong>Deo</strong></span> 
     </span>
    </p>
   </div>
   <div class='ocr_carea' id='block_1_112' title="bbox 2163 5775 3767 5851">
    <p class='ocr_par' dir='ltr' id='par_1_112' title="bbox 2163 5775 3767 5851">
     <span class='ocr_line' id='line_1_112' title="bbox 2163 5775 3767 5851; baseline -0.003 -23"><span class='ocrx_word' id='word_1_737' title='bbox 2163 5776 2426 5851; x_wconf 77' lang='lat' dir='ltr'><strong>consequi</strong></span> <span class='ocrx_word' id='word_1_738' title='bbox 2460 5776 2715 5833; x_wconf 85' lang='lat' dir='ltr'><strong>volumus</strong></span> <span class='ocrx_word' id='word_1_739' title='bbox 2748 5785 2764 5833; x_wconf 70' lang='grc' dir='ltr'><em>ἰ</em></span> <span class='ocrx_word' id='word_1_740' title='bbox 2795 5779 2967 5843; x_wconf 68' lang='lat' dir='ltr'><strong>Beati,</strong></span> <span class='ocrx_word' id='word_1_741' title='bbox 3002 5777 3201 5848; x_wconf 86' lang='lat' dir='ltr'><strong>inquit,</strong></span> <span class='ocrx_word' id='word_1_742' title='bbox 3234 5775 3619 5839; x_wconf 62' lang='lat' dir='ltr'><strong>misericordes,</strong></span> <span class='ocrx_word' id='word_1_743' title='bbox 3641 5789 3767 5843; x_wconf 82' lang='lat' dir='ltr'><strong>quo-</strong></span> 
     </span>
    </p>
   </div>
  </div>
