4094 6358
528 335 636 400 ’ἴὸἷ

1708 326 1771 385 S.
1812 321 2105 385 ΜΑΧΙΜΙ
2139 320 2652 384 CONFESSORIS

3707 323 3796 392 768

534 454 684 507 uiam
721 448 822 519 ipsi
860 445 1280 502 misericordiam
1318 438 1937 513 rousequenturWatth.
1963 455 2017 505 ν,
2046 437 2119 510 7).

2232 437 2321 493 ὅτι
2362 438 2532 492 αὐτοὶ
2566 437 3001 505 ἐλεηθήσονται
3028 454 3041 467 ·
3088 438 3341 507 ἁνίλεως
3392 437 3466 494 σὺ
3511 438 3707 509 κρίσις
3730 440 3813 506 τῷ.

533 543 804 596 Iudicium
842 555 973 595 vero
1009 542 1124 594 sine
1162 535 1546 599 misericordia,
1582 535 1628 587 ei
1665 534 1756 605 qui
1796 541 1913 589 non!
1946 533 2126 605 fecerit

537 632 954 689 misericordiam
980 631 1113 702 (Jac.
1142 646 1200 694 ιι,
1228 628 1338 699 15).

607 723 859 781 Extende
917 738 1115 780 manus
1163 731 1319 787 tuas,
1364 736 1475 775 non
1527 720 1583 774 in
1632 719 1869 784 ccelum,
1914 719 2016 776 sed
2069 720 2129 776 in

537 833 734 875 manus
774 830 1106 887 pauperum.
1141 813 1195 869 Si
1234 813 1287 867 in
1323 828 1517 867 manus
1549 826 1858 883 pauperum
1898 825 2127 867 manum

537 907 887 969 extenderis,
932 906 1111 975 ipsum
1160 902 1389 974 attigisti
1437 902 1564 958 (τωιί
1608 901 1877 957 verticem
1933 920 1947 956 :
1998 917 2128 957 nam

536 1003 699 1070 cujus
726 1000 801 1055 ibi
827 999 989 1054 sedes
1013 1007 1120 1061 est,
1137 998 1545 1068 eleemosyuam
1572 994 1793 1065 accipit.
1816 993 1917 1050 Sin
1941 1003 2127 1051 autem

540 1106 747 1146 vacuas
787 1089 1116 1152 extendisti,
1149 1087 1290 1142 nihil
1339 1086 1440 1142 tibi
1490 1086 1624 1142 hinc
1669 1086 1971 1142 commodi.
2006 1086 2128 1142 Non

536 1185 699 1241 enim
723 1183 870 1254 quod
907 1198 1105 1239 manus
1136 1182 1430 1246 extendas,
1460 1191 1559 1236 aut
1591 1180 1763 1235 multa
1794 1181 1966 1237 verba
2000 1180 2128 1236 fun-

539 1278 660 1343 das,
690 1277 787 1332 sed
814 1278 962 1347 quod
988 1277 1131 1332 bona
1164 1286 1393 1347 praestes
1420 1290 1611 1346 opera,
1637 1274 1738 1329 tibi
1765 1283 1853 1331 est
1882 1284 1943 1330 ut
1961 1290 2130 1330 exau-

542 1366 733 1421 diaris.
754 1366 900 1421 Audi
928 1367 1076 1421 enim
1104 1366 1239 1437 quid
1272 1365 1420 1421 dicat
1446 1365 1718 1436 propheta
1747 1383 1759 1418 :
1787 1366 1922 1422 Cum
1949 1377 2131 1421 exten-

538 1459 725 1513 deritis
757 1476 947 1514 manus
979 1467 1202 1524 uestras,
1234 1468 1476 1515 avertam
1510 1459 1686 1514 oculos
1720 1477 1864 1515 meos
1893 1479 1927 1516 a
1955 1461 2128 1527 vobis;

535 1556 589 1601 et
631 1564 752 1602 cum
795 1549 1280 1620 multiplicaueritis
1322 1553 1649 1615 orationem,
1688 1568 1799 1608 non
1844 1554 2132 1608 exaudiam

535 1653 625 1692 vos
655 1654 675 1693 :
702 1623 798 1695 sed
821 1639 1063 1710 judicate
1090 1642 1260 1713 magis
1288 1640 1492 1713 pupillo
1521 1652 1571 1696 et
1599 1642 1811 1709 humili,
1836 1650 1888 1697 et
1914 1644 2129 1699 uiduam

522 1730 861 1799 justiﬁcate,
888 1740 939 1787 et
963 1733 1147 1788 discite
1174 1734 1368 1789 bonum
1396 1735 1575 1805 facere
1600 1734 1789 1806 (lsa..l,
1813 1734 1903 1804 15,
1922 1734 2035 1805 17).

603 1909 724 1966 Nisi
770 1927 1048 1983 pauperes
1090 1923 1312 1980 essent,
1352 1930 1550 1986 magna
1594 1930 1724 1986 pars
1768 1923 2127 1988 peccatorum

533 2019 649 2059 non
673 2004 1076 2061 succideretu‘r.
1098 2006 1379 2076 Pauperes
1403 2006 1575 2061 nobis
1587 2006 1881 2063 vulnerum
1906 2017 2131 2065 nostro-

537 2114 662 2152 rum
694 2097 896 2153 medici
925 2106 1055 2153 sunt
1084 2115 1097 2152 :
1131 2097 1379 2154 remedia
1412 2099 1577 2156 nobis
1626 2114 1754 2156 suas
1789 2100 1895 2171 ipsi
1932 2116 2128 2158 manus

527 2190 924 2262 exporrigunt.
950 2190 1073 2247 Non
1104 2191 1187 2248 sic
1220 2190 1472 2248 medicus
1499 2207 1700 2248 manus
1726 2193 2036 2251 extendens
2071 2201 2129 2251 et

536 2284 836 2353 pharmaca
882 2285 1175 2355 imponens
1217 2285 1510 2342 sanitatem
1557 2285 1773 2353 tribuit,
1812 2301 1878 2343 ac
1917 2302 2129 2359 pauper

537 2392 763 2457 manum
810 2377 1145 2442 extendens,
1190 2384 1247 2433 et
1295 2393 1421 2448 quae
1470 2394 1501 2433 a
1550 2378 1715 2433 nobis
1764 2378 2129 2451 porriguntur

527 2468 840 2539 accipiens,
878 2471 1021 2525 mala
1065 2477 1255 2526 nostra
1304 2469 1593 2542 abstergit.
1637 2471 1849 2528 Dedisti
1894 2473 2124 2544 stipem,

528 2576 644 2615 una
670 2576 796 2617 cum
827 2562 920 2616 illa
948 2562 1117 2617 etiam
1154 2570 1382 2632 peccata
1415 2562 1626 2619 exiere.
1656 2563 1944 2635 Ejusmodi
1976 2567 2126 2623 enim

527 2655 831 2711 sacerdotes
875 2666 1090 2728 peccata
1122 2656 1305 2729 populi
1337 2657 1440 2712 mei
1468 2656 1739 2713 comedent
1763 2655 1924 2727 (Osee
1952 2677 2027 2727 Iv,
2046 2660 2123 2733 8).

604 2747 771 2802 Novit
806 2763 984 2804 caecus
1033 2747 1126 2802 cui
1182 2748 1596 2822 eleemosynam
1634 2748 1926 2821 impendas
1959 2767 2126 2809 manu

529 2838 742 2894 ducere
771 2839 826 2894 in
859 2854 1089 2911 regnum
1116 2840 1388 2896 caelorum
1420 2860 1434 2895 :
1468 2848 1525 2897 et
1554 2841 1809 2913 quamvis
1842 2842 1909 2898 ad
1941 2845 2127 2914 parie-

533 2941 619 2986 tes
642 2932 890 2987 oliendat
910 2942 966 2989 et
991 2933 1048 2988 in
1071 2932 1267 2991 foveas
1302 2934 1484 3003 cadat,
1518 2944 1704 2991 tamen
1727 2936 1840 2992 dux
1866 2946 2020 2995 tutus
2039 2946 2128 2996 est

530 3036 798 3077 ascensus
829 3021 884 3077 in
916 3023 1140 3078 omium.

2225 530 2313 602 μὴ
2346 529 2668 599 ποιήσαντι
2708 531 2902 598 ἔλεος.

2308 716 2590 769 Ἔκτεινόν
2646 731 2738 768 σου
2776 714 2876 777 τὰς
2910 714 3120 782 χεῖρας,
3170 711 3245 782 μὴ
3292 712 3375 773 είς
3427 710 3525 764 τὸν
3567 710 3798 783 οὕρανδν,

2231 807 2350 862 ἀλλ’
2377 809 2458 871 είς
2490 807 2588 868 τὰς
2621 805 2731 859 τῶν
2764 806 3011 873 πενήτων
3042 807 3255 876 χεῖρας.
3302 803 3434 857 Ἐὰν
3464 803 3548 865 είς
3574 803 3674 866 τὰς
3705 803 3799 858 τῶν

2230 903 2482 971 πενήτων
2514 902 2707 972 χεῖρας
2743 898 2990 969 ὲκτείνῃς
3015 898 3114 967 τὴν
3147 899 3328 969 χεῖρα,
3358 896 3541 964 αὐτῆς
3570 894 3693 965 ἥψω
3717 898 3807 966 τῆς

2231 994 2483 1067 κορυφῆς
2506 993 2602 1047 τοῦ
2631 991 2897 1064 οὐρανοῦ’
2937 994 2967 1046 ὁ
3012 990 3124 1062 γὰρ
3165 991 3283 1044 ἐκεῖ
3316 986 3641 1059 καθήμενος
3679 986 3803 1059 λαμ-

2231 1086 2386 1142 ϐάνει
2414 1087 2515 1157 τὴν
2545 1084 2939 1157 ὲλεημοσύνην.
2971 1085 3068 1138 “Av
3097 1083 3154 1138 δὲ
3185 1081 3481 1151 ἀκάρπους
3507 1076 3800 1151 ἀνατείνῃς,

2230 1178 2384 1232 οὐδὲν
2410 1177 2651 1255 ὤνησας.
2697 1178 2774 1233 Οὐ
2808 1177 2915 1249 γὰρ
2947 1177 3003 1231 ὲν
3033 1177 3099 1247 τῇ
3152 1173 3375 1228 ἐκτάσει
3423 1170 3540 1225 τῶν
3595 1171 3802 1242 χειρῶν,

2229 1271 2352 1324 οὐδὲ
2382 1273 2441 1324 ἐν
2473 1270 2553 1340 τῷ
2580 1270 2774 1341 πλήθει
2803 1268 2913 1323 τῶν
2939 1268 3223 1340 ῥημάτων,
3247 1265 3362 1320 ἀλλ’
3392 1266 3457 1319 ὲν
3486 1268 3604 1327 τοῖς
3640 1263 3806 1334 ἔργοις

2231 1361 2601 1417 ὲπακούεσθαι
2649 1361 3046 1416 ἔστιν.”Δκουε
3078 1359 3189 1430 γὰρ
3243 1358 3339 1413 τοῦ
3386 1352 3686 1429 Προφήτου
3725 1356 3802 1410 λέ-

2231 1472 2441 1527 γοντος·
2468 1457 2655 1510 Ὅταν
2682 1455 2791 1522 τὰς
2838 1453 3041 1524 χεῖρας
3086 1451 3258 1523 ὑμῶν
3289 1451 3629 1519 ἐκτείνητε,
3673 1450 3806 1505 dno.

2230 1546 2473 1615 στρέψω
2501 1545 2644 1615 τοὺς
2673 1546 3022 1615 ὀφθαλμούς
3044 1561 3165 1614 μου
3195 1541 3298 1613 ἀφ’
3332 1539 3512 1612 ὑμῶν
3534 1557 3548 1571 ’
3579 1539 3677 1595 καί
3710 1539 3805 1596 ἐὰν

2230 1640 2577 1707 πληθύνητε
2597 1641 2714 1706 τὴν
2741 1636 2977 1705 δέησιν,
3022 1637 3135 1691 οὐκ
3160 1636 3607 1702 εὶσακούσομαι
3629 1631 3799 1702 ὑμῶν.

2233 1733 2481 1800 Κρίνατε
2510 1730 2568 1785 δὲ
2603 1729 2844 1798 μᾶλλον
2871 1726 3113 1799 ὀρφανῷ
3140 1727 3238 1782 καί
3267 1724 3560 1792 ταπεινῷ,
3590 1722 3688 1779 καί
3728 1722 3807 1778 δι-

2233 1823 2529 1878 καιώσατε
2569 1820 2787 1892 χήραν,
2818 1820 2917 1874 καί
2951 1819 3170 1890 μάθετε
3195 1817 3395 1873 καλὸν
3421 1815 3643 1875 ποιεῖν.

2299 1916 2362 1970 Εί
2392 1916 2467 1985 μὴ
2507 1910 2740 1986 πένητες
2775 1909 2938 1984 ἦσαν,
2970 1912 3072 1966 οὐκ
3101 1912 3167 1967 ἂν
3196 1911 3259 1965 τὸ
3310 1909 3454 1965 πολὺ
3486 1908 3805 1981 τῶνάμαρ-

2227 2008 2489 2079 τημάτων
2522 2006 2875 2076 ὑπετέμνετο.
2930 2005 3132 2075 ’ἰατροὶ
3176 2002 3288 2058 τῶν
3323 2002 3669 2075 τραυμάτων
3709 2001 3802 2054 sict

2229 2100 2336 2155 τῶν
2359 2098 2646 2171 ἡμετέρων
2669 2098 2719 2151 oi
2750 2098 3014 2168 πένητεςο
3045 2096 3321 2168 φάρμακα
3341 2095 3482 2166 ἡμῖν
3518 2093 3801 2164 παρέχουσι
3890 2122 3894 2125 ~

2227 2197 2327 2262 τὰς
2349 2197 2532 2253 αὐτῶν
2560 2199 2772 2269 χεῖρας.
2799 2196 2913 2266 Οὐχ
2946 2195 3119 2260 οὕτως
3184 2192 3374 2264 ίατρδς
3404 2193 3605 2264 χεῖρας
3643 2188 3800 2245 ἱκταί-

2228 2308 2336 2346 νων
2359 2290 2458 2344 καὶ
2505 2290 2780 2361 φάρμακα
2822 2287 3115 2351 ἐπιτιθεὶς,
3149 2285 3246 2358 τὴν
3281 2285 3538 2355 ἰατρείαν
3566 2281 3798 2352 παρέχει,

2228 2382 2306 2448 ὡς
2334 2382 2505 2453 πένης
2533 2385 2694 2455 χεῖρα
2728 2379 2990 2435 ἐκτείνων
3019 2379 3115 2434 καὶ
3140 2376 3210 2431 τὰ
3249 2376 3387 2448 παρ’
3412 2373 3578 2446 ἡμῶν
3606 2370 3801 2441 λαμϐάο

2227 2492 2356 2539 νων,
2388 2476 2688 2546 ἐκμαγεῖον
2716 2472 2825 2527 τῶν
2845 2470 3135 2543 ἡμετέρων
3165 2470 3285 2523 ἐστὶ
3313 2467 3535 2522 κακῶν.
3570 2464 3799 2526 Ἐδωκας

2226 2566 2289 2621 τὸ
2316 2566 2604 2639 ἀργύριον,
2634 2562 2928 2643 συνεξῆλθε
2968 2563 3064 2617 καὶ
3115 2561 3523 2633 ἁμαρτήματα.
3575 2555 3799 2611 Τοιοῦτοι

2227 2658 2339 2729 γὰρ
2374 2659 2431 2712 οι
2459 2655 2657 2725 ἱερεῖς,
2697 2654 2988 2724 ἁμαρτίας
3020 2652 3176 2709 λαοῦ
3213 2668 3334 2723 μου
3363 2650 3681 2723 φάγονται.
3740 2654 3763 2675 ⁸

2300 2747 2514 2818 Τυφλδς
2548 2743 2691 2800 οἶδεν
2743 2744 3065 2816 ἐλεούμενος
3105 2746 3189 2810 εἰς
3223 2742 3483 2817 οὐρανῶν
3536 2738 3797 2814 βασιλείαν

2226 2842 2598 2914 χειραγωγεῖν
2624 2854 2637 2868 ο
2672 2838 2768 2892 καὶ
2806 2836 3012 2908 τοίχοις
3036 2835 3426 2908 προσκρούων,
3465 2836 3566 2890 καὶ
3604 2831 3797 2903 βόθροις

2226 2929 2631 2994 ἑνολισθαίνων,
2664 2920 2824 2991 οὗτος
2869 2925 3115 2991 ὁδοποιδς
3144 2926 3361 2999 γίνεται
3395 2924 3503 2998 τῆς
3549 2927 3629 2990 είς
3653 2925 3796 2995 ούρα-

2229 3023 2320 3077 νὺν
2342 3020 2686 3084 ἀναϐάσεως.

602 3113 770 3180 Quid,
799 3114 976 3179 dives,
1002 3115 1171 3170 stulte
1209 3115 1347 3186 σεῖε,
1374 3131 1499 3187 ηοω
1536 3125 1669 3175 sunt
1696 3135 2030 3193 pauperum,
2059 3121 2117 3178 in

2298 3116 2366 3171 Τί
2400 3114 2800 3188 ματαιοπονεῦς,
2842 3105 2889 3166 ὦ
2924 3109 3172 3174 πλούσιε,
3201 3108 3270 3165 τὰ
3323 3107 3439 3164 τῶν
3485 3109 3724 3176 πενήτων
3744 3103 3794 3158 ἐν

529 3204 830 3260 thesauros
862 3211 988 3261 tuos
1015 3207 1338 3264 occultans?
1366 3207 1512 3276 Quid
1543 3212 1865 3280 petentibus
1892 3213 2006 3271 illis
2033 3215 2119 3270 in-

528 3295 798 3367 dignaris,
833 3306 1095 3367 tanquam
1134 3297 1204 3353 de
1243 3307 1342 3355 tuo
1381 3299 1663 3357 insumas?
1700 3302 1851 3359 Bona
1892 3314 2123 3376 paterna

530 3390 750 3455 volunt,
769 3404 881 3443 non
911 3397 1031 3455 tua;
1065 3405 1188 3459 quae
1215 3391 1314 3446 tibi
1346 3391 1403 3446 in
1428 3407 1624 3448 eorum
1653 3394 1886 3463 gratiam
1911 3396 2123 3453 credita

531 3489 680 3545 sunt,
712 3496 825 3536 non
866 3489 1048 3536 tecum
1107 3492 1255 3537 nata.
1316 3483 1415 3549 Da,
1444 3500 1568 3555 qua:
1609 3486 1898 3556 accepisti,
1928 3504 2121 3544 usum-

527 3589 637 3642 que
683 3572 785 3627 tibi
828 3573 987 3629 lucro
1028 3589 1194 3644 pone.
1225 3574 1373 3631 Satis
1414 3576 1513 3631 tibi
1554 3584 1661 3643 est,
1686 3593 1756 3635 eo
1789 3588 1845 3636 te
1875 3591 2120 3638 creatum

529 3680 787 3729 mllllel‘e,
815 3672 879 3720 ut
905 3666 1038 3722 dare
1067 3667 1293 3734 debeas,
1326 3683 1438 3724 non
1465 3670 1740 3741 accipere.

598 3756 746 3810 Nihil
779 3757 855 3811 ita
886 3756 999 3812 Deo
1024 3767 1240 3829 gratum
1267 3768 1353 3815 est
1377 3776 1443 3815 ac
1468 3763 1837 3835 eleemosyna.
1866 3765 1923 3820 Id
1956 3764 2123 3821 nimi-

527 3863 653 3902 rum
700 3862 884 3904 causre
926 3859 1013 3905 est
1061 3864 1163 3904 cur
1208 3851 1529 3908 sacerdotes
1573 3869 1676 3909 usu
1722 3855 1952 3926 antiquo
1996 3858 2120 3913 oleo

527 3939 962 4011 inungerentur;
991 3940 1236 4011 itemque
1261 3956 1420 4013 reges
1441 3950 1499 3998 et
1521 3945 1829 4016 prophetae.
1848 3948 1945 4002 Dei
1966 3949 2118 4005 enim

526 4031 925 4087 misericordiae
970 4033 1187 4103 signum
1226 4033 1509 4096 habebant
1545 4036 1749 4092 oleum.
1813 4039 1948 4094 Nam
1989 4041 2119 4110 quia

527 4123 675 4178 Deus
712 4122 1002 4177 hominum
1040 4124 1341 4179 miseretur
1371 4125 1563 4196 eisque
1596 4128 1890 4186 clementia
1930 4132 2117 4190 indul-

522 4223 636 4285 get,
666 4223 960 4286 propterea
972 4216 1099 4271 oleo
1117 4216 1718 4287 ungebantur.Etenim
1745 4224 2117 4283 sacerdotium

526 4311 652 4364 oleo
689 4309 869 4365 voluit
907 4309 1248 4365 consecrari.
1287 4311 1466 4383 Reges
1506 4329 1730 4385 quoque
1772 4316 1896 4373 oleo
1942 4335 2116 4392 unge-

526 4400 750 4456 bantur.
775 4397 1032 4465 Omnium
1057 4399 1229 4465 enim,
1253 4400 1456 4471 inquit,
1476 4403 1836 4480 miseratione
1857 4407 2111 4480 ducetur,

523 4493 685 4563 cujus
712 4493 899 4549 omnia
929 4493 1219 4565 subjacent
1247 4493 1410 4569 δεῇ.
1437 4496 1728 4565 potestati;
1762 4497 1816 4552 id
1846 4499 2109 4559 nimirum

521 4583 757 4653 principi
797 4585 1107 4655 proprium,
1140 4585 1439 4641 dementia
1475 4586 1689 4644 scilicet
1729 4605 1794 4645 ac
1830 4590 2105 4651 misereri.

520 4669 729 4731 Tecum
763 4676 949 4731 animo
984 4669 1298 4744 considera,
1329 4693 1432 4749 per
1462 4678 1903 4739 misericordiam
1942 4702 2111 4744 mun—

522 4764 653 4822 dum
700 4765 874 4825 fuisse
918 4770 1317 4835 constitutum,
1364 4785 1430 4827 ac
1475 4773 1736 4830 aemulare
1788 4776 2105 4839 Dominum.

519 4864 898 4922 Misericordia
955 4865 1200 4921 hominis
1265 4880 1434 4938 super
1487 4869 1803 4938 proximum
1860 4889 2021 4934 suum
2064 4866 2099 4937 ‘:

520 4957 713 5027 (Eccli.
745 4973 891 5020 mu,
925 4956 1037 5028 12).-
1676 4952 1681 4955 ’

566 5051 646 5107 'Si
687 5050 819 5122 quid
865 5049 1097 5118 tribuis,
1136 5051 1264 5107 vide
1312 5068 1381 5108 ne
1437 5056 1911 5127 murmuraveris;
1958 5066 2107 5134 quod

518 5142 680 5199 mulli
712 5143 989 5210 factitant,
1014 5143 1211 5199 dantes
1247 5144 1495 5216 quidem,
1527 5146 1623 5203 sed
1662 5164 1773 5204 non
1819 5151 2106 5221 alacriter;

514 5252 643 5292 cum
674 5236 841 5292 dandi
867 5237 1124 5292 alacritas
1155 5237 1273 5307 ipsa
1302 5240 1656 5308 praestatione
1686 5244 1864 5314 majus
1895 5247 2107 5319 aliquid

514 5340 580 5383 ac
608 5328 909 5398 perfectius
934 5328 1025 5385 sit.
1052 5329 1169 5386 Nec
1192 5344 1329 5385 vero
1358 5331 1762 5401 explorandum
1798 5346 1984 5406 putes,
2010 5341 2107 5411 qui

514 5421 589 5475 sit
631 5431 984 5492 accepturus.
1020 5424 1166 5478 sitne
1210 5423 1412 5496 dignus
1456 5425 1550 5496 qui
1597 5426 1860 5497 accipiat,
1898 5434 2110 5488 necne?

430 5580 433 5585 ν
516 5508 703 5583 Longe
747 5522 993 5582 praestat,
1020 5521 1290 5585 quantum
1336 5516 1570 5580 aestimo,
1601 5526 1832 5587 propter
1875 5534 1971 5575 eos
2010 5523 2105 5591 qui

513 5602 667 5673 digni
700 5611 856 5685 sunt,
881 5606 1050 5660 etiam
1084 5622 1192 5661 non
1223 5608 1407 5678 dignis
1439 5608 1743 5679 porrigere,
1775 5625 1938 5679 quam
1973 5629 2107 5683 pro-

516 5702 641 5764 pter
668 5695 926 5765 indignos
951 5699 1116 5753 etiam
1149 5700 1334 5769 dignis
1365 5702 1579 5756 deesse.

588 5782 783 5837 Melius
830 5795 917 5842 est
964 5804 1064 5857 pro
1111 5789 1372 5845 facultate
1423 5793 1708 5858 conferre,
1754 5809 1919 5863 quam
1968 5796 2106 5850 nihil

2225 3209 2337 3271 τοῖς
2398 3208 2512 3269 σοῖς
2569 3204 2869 3276 θησαυροῖς
2920 3199 3330 3273 ἀποκρύπτωνς
3384 3199 3443 3254 τί
3493 3197 3794 3268 αἰτούμενος

2224 3300 2358 3373 παρ’
2382 3299 2566 3354 αὐτῶν
2591 3299 2944 3368 ἀγανακτεῖς,
2969 3296 3047 3362 ὡς
3076 3294 3293 3350 οἴκοθεν
3320 3293 3639 3350 ἀναλίσκων
3660 3306 3677 3358 ;
3723 3286 3792 3341 Td

2224 3395 2457 3469 πατρῷα
2486 3395 2754 3462 θέλουσιν,
2785 3395 2848 3449 ού
2899 3393 2969 3448 ea
3021 3393 3126 3447 σά·
3165 3389 3236 3445 τά
3280 3387 3695 3462 ὲγχειρισθέντα
3722 3397 3791 3436 σοι

2219 3491 2289 3546 δι’
2319 3491 2539 3554 αὐτοὺς,
2573 3490 2636 3544 οὐ
2661 3486 2802 3560 μετὰ
2839 3484 2935 3541 σοῦ
2970 3484 3326 3557 γεννηθέντα.
3355 3485 3428 3539 ’Δ
3456 3479 3666 3543 ἔλαϐες,
3695 3475 3787 3538 δὸς.

2222 3585 2318 3640 καὶ
2344 3584 2445 3657 τὴν
2467 3584 2664 3654 χρῆσιν
2692 3580 2974 3653 κέρδανον.
3011 3577 3202 3650 ’Δρκεῐ
3241 3590 3325 3630 σοι
3377 3575 3465 3629 ὃτι
3493 3572 3709 3633 διδόναι,
3734 3564 3787 3618 οὐ

2220 3676 2521 3748 λαμϐάνειν
2547 3674 2804 3744 ἐτάχθης.
3194 3732 3195 3735 η

2295 3766 2464 3822 Οὐδὲν
2498 3764 2675 3829 οὕτως
2701 3761 2987 3836 εὐφραίνει
3015 3759 3108 3815 τδν
3137 3758 3296 3823 Θεὸν,
3329 3757 3410 3831 ὡς
3440 3748 3783 3827 ἐλεημοσύνη.

2219 3860 2312 3915 Διδ
2345 3859 2396 3913 oi
2424 3859 2591 3932 ἱερεῖς
2626 3856 2768 3914 κατὰ
2793 3856 2856 3909 τὸ
2889 3854 3143 3920 παλαιὸν,
3193 3852 3377 3907 ἔλαιον
3407 3850 3675 3922 ἐχρίοντο,
3703 3842 3785 3899 καὶ

2218 3954 2267 4007 oi
2297 3950 2539 4024 βασιλεῖς
2568 3949 2665 4003 και)⁵
2691 3950 2741 4002 οί
2765 3947 3068 4019 προφῆται.
3099 3946 3215 4017 Τῆς
3243 3946 3354 4018 γὰρ
3387 3944 3487 4000 τοῦ
3521 3939 3654 3997 Θεοῦ
3679 3935 3784 4007 φιλ·

2218 4043 2539 4116 ανθρωπίας
2566 4037 2712 4114 εῐχον
2744 4039 3020 4112 σύμϐολον
3043 4039 3105 4093 τὸ
3133 4038 3335 4094 ἔλαιον.
3372 4035 3598 4107 Ἐπειδὴ
3623 4035 3651 4088 6
3673 4028 3785 4114 Θεδς

2218 4136 2364 4190 ἐλεεῖ
2416 4136 2548 4198 τοὺς
2601 4132 2929 4206 ἀνθρώπους
2982 4131 3078 4186 καὶ
3126 4116 3661 4202 φιλανθρωπεύεται,
3709 4118 3783 4174 διὰ

2216 4228 2379 4283 τοῦτο
2407 4227 2575 4299 ἐλαίῳ
2606 4225 2872 4299 ἐχρίοντο.
2911 4223 3022 4279 Καὶ
3073 4222 3184 4294 γὰρ
3232 4222 3333 4294 τὴν
3356 4219 3662 4293 ἱερωσύνην
3690 4210 3783 4267 ἀπὸ

2216 4321 2407 4387 ἐλέους
2453 4321 2748 4392 ἐποίησεν·
2781 4318 2883 4375 καὶ
2925 4320 2974 4373 οε
3026 4316 3266 4389 βασιλεῖς
3316 4315 3487 4389 ἐλαίῳ
3536 4310 3780 4384 ἐχρίοντο.

2229 4415 2479 4487 Ἐλεήσει
2528 4414 2660 4484 γὰρ,
2690 4413 2850 4483 φησὶ,
2889 4412 3123 4475 πάντας,
3173 4412 3257 4473 ὅτι
3311 4409 3494 4464 πάντα
3557 4404 3778 4460 δύναται.

2218 4507 2390 4562 Τοῦτο
2421 4507 2532 4579 γὰρ
2556 4506 2733 4579 ἀρχῆς
2770 4506 2924 4569 ἴδιον,
2959 4503 3022 4558 τὸ
3055 4504 3247 4558 ἐλεεῖν.
3288 4503 3576 4574 Ἐννόησον
3613 4497 3691 4551 ὅτι
3724 4489 3780 4542 δι’

2218 4603 2367 4656 ἱλεον
2398 4604 2426 4656 ὁ
2458 4601 2668 4679 κόσμος
2700 4596 3031 4668 συνεστάθη,
3078 4597 3172 4651 καὶ
3209 4596 3452 4667 μίμησαι
3477 4593 3571 4665 τὸν
3600 4582 3781 4642 Δεσπό-

2217 4688 2539 4765 την.Ἔλεος
2565 4688 2860 4762 ἀνθρώπου
2883 4690 2976 4745 ἰπὶ
2992 4688 3085 4743 τὸν
3108 4688 3339 4761 πλησίον
3364 4684 3533 4742 αὐτοῦ
3550 4701 3564 4715 ·
3593 4681 3780 4739 Ἔλεος

2218 4788 2275 4841 δὲ
2308 4786 2533 4854 Kvplov
2561 4783 2661 4839 ἐπὶ
2702 4781 2914 4839 πᾶσαν
2942 4780 3162 4850 σάρκα.

2173 4882 2544 4941 Misericordia
2591 4889 2781 4937 autem
2861 4877 3079 4934 Domini
3121 4892 3284 4949 super
3328 4891 3540 4934 omnem
3584 4876 3779 4926 carnem

2280 5065 2374 5138 Μὴ
2399 5063 2585 5137 χρήσῃ
2625 5063 2781 5135 ῥῆμα
2809 5059 3134 5133 γογγυσμοῦ
3170 5059 3309 5131 μετά
3337 5058 3442 5130 τῆς
3478 5050 3770 5111 ὲπιδύσεωςο

2209 5164 2353 5233 ὅπερ
2380 5159 2682 5229 πάσχουσιν
2716 5156 2767 5209 οἱ
2807 5153 3021 5235 πολλοὶ,
3059 5152 3300 5216 διδόντες
3335 5152 3457 5222 μὲν,
3488 5148 3547 5201 τὸ
3573 5143 3627 5197 δὲ

2212 5231 2402 5324 θύμως
2428 5251 2489 5304 ού
2529 5232 2955 5320 προστιθέντες,
2977 5245 3007 5299 ὃ
3037 5243 3133 5299 τοῦ
3164 5244 3429 5315 παρέχειν
3457 5235 3638 5333 μεξξόν
3670 5231 3770 5333 itm

2209 5320 2307 5400 atati.
2341 5342 2692 5413 τελεώτερον.
2725 5340 2878 5410 Μηδὲ
2935 5339 3262 5409 δοκιμασίαν
3295 5337 3449 5408 ζήτει
3492 5320 3583 5424 τῷ

2215 5437 2401 5509 μένου,
2435 5435 2583 5498 ὅστις
2621 5431 2794 5499 ἄξιος,
2829 5432 2926 5486 καὶ
2973 5432 3125 5494 ὅστις
3165 5428 3250 5486 οὗ.
3292 5425 3481 5498 Πολλῷ
3526 5422 3628 5492 γὰρ
3657 5413 3773 5509 βέλη

2210 5504 2347 5593 τιον,
2388 5524 2565 5597 οἶμαι,
2602 5526 2690 5581 διὰ
2741 5527 2869 5590 τοὺς
2915 5523 3104 5590 ἀξίους
3148 5524 3362 5594 ὀρέγειν
3395 5518 3622 5577 καὶτοῖς
3681 5504 3764 5559 ἀν·

2210 5624 2405 5691 αξίοις,
2441 5622 2472 5692 ἦ
2504 5622 2630 5685 τοὺς
2658 5621 2840 5687 ἀξίους
2873 5619 3197 5691 ἀποστερεῖν
3230 5617 3317 5671 διὰ
3344 5616 3467 5678 τοὺς
3492 5604 3738 5670 ἀναξίουςο

2285 5796 2327 5848 K
2342 5797 2556 5865 ρεῖσσον
2587 5795 2646 5849 τὸ
2677 5795 2815 5849 κατᾶ
2857 5794 3089 5867 δύναμιν
3119 5796 3471 5865 εἰσενεγκεῖν,
3510 5788 3538 5861 ἦ
3572 5784 3628 5838 ’τὸ
3659 5769 3749 5831 id"
