4094 6362
452 456 574 523 ’769

1787 454 1956 515 LOCI
1994 452 2316 515 COMMUN
2321 452 2432 514 ES.

3616 460 3724 523 770

455 571 761 627 ὶλλεί-ιιειν.
800 568 873 624 06
905 568 1013 639 γὰρ
1041 568 1070 620 ὀ
1106 567 1183 638 μὴ
1209 565 1480 637 δυνηθεὶς,
1535 565 1651 619 ἀλλ’
1679 568 1707 620 ὁ
1743 568 1817 639 μη
1850 567 2041 640 βουλη-

2149 581 2379 637 prorsus
2418 573 2699 637 praestare.
2727 567 2846 621 Non
2888 567 3035 622 enim
3078 568 3168 623 ille
3210 569 3263 624 in
3304 571 3463 642 culpa
3501 583 3607 641 εει,
3630 581 3727 645 qui

462 662 587 723 θεὶς
615 659 890 722 ὑπαίτιος.

535 747 699 805 Γενοῦ
739 747 816 820 τῷ
848 749 1081 821 πλησίον
1139 746 1491 820 τιμιώτερος,
1541 749 1607 802 ἐκ
1663 748 1760 801 τοῦ
1808 748 2046 820 φανῆναι

462 842 851 915 χρηστότερος.
893 838 1060 896 Γενοῦ
1105 839 1185 913 τῷ
1237 840 1526 911 ἀτυχοῦντι
1582 839 1724 906 θεὸς,
1760 840 1851 894 τὸν
1895 840 2047 895 ἔλεον

458 933 562 989 τοῦ
591 933 727 988 Θεοῦ
762 933 1129 1005 μιμούμενος.

538 1026 987 1098 Συμμετρεῖσθαι
1043 1024 1128 1079 δεῖ
1166 1022 1244 1096 τῷ
1290 1023 1603 1096 αἰτουμένῳ
1653 1022 1753 1096 τὴν
1804 1024 2042 1097 αἴτησιν.

467 1121 712 1194 Ὄμοίως
762 1119 873 1192 γὰρ
923 1117 1124 1172 ἄτοπον
1156 1118 1309 1190 παρὰ
1351 1116 1551 1189 μικροῦ
1588 1117 1804 1189 μεγάλα
1839 1115 2045 1186 ζητεῖν,

453 1211 562 1265 καὶ
585 1208 739 1279 παρὰ
763 1206 1002 1279 μεγάλου
1023 1207 1219 1278 μικρά.
1249 1202 1324 1261 Τδ
1346 1207 1446 1279 μὲν
1468 1206 1578 1279 γὰρ
1600 1207 1830 1278 ἄκαιρον
1845 1222 1860 1238 ·
1886 1206 1949 1260 τὸ
1966 1205 2045 1273 δὲ,

456 1316 544 1375 cp.
552 1301 857 1373 ικρολόγον.

534 1395 840 1463 Χρυσοστ.
872 1420 945 1432 -
980 1391 1155 1445 Ὅταν
1189 1387 1491 1463 διαθρέψῃς
1520 1388 1614 1444 τὸν
1647 1388 1882 1458 πένητα,
1916 1403 2047 1442 σαυ-

455 1487 560 1542 τδν
593 1485 782 1557 νόμιζε
809 1485 1144 1554 διατρέφειν.
1182 1465 1559 1555 Τοιαύτηγὰρ
1587 1485 1620 1553 ἡ
1654 1481 1747 1535 τοῦ
1782 1482 2047 1553 πράγμα-

458 1594 560 1642 τος
592 1575 778 1644 φύσις,
820 1574 881 1640 ἐξ
912 1576 1072 1647 ἡμῶν
1106 1577 1188 1639 είς
1245 1577 1390 1646 ἡμᾶς
1427 1577 1739 1646 μεταχωρεῖ
1788 1573 1860 1627 τὰ
1908 1574 2049 1627 διδό-

511 1688 634 1725 ενα.

461 1688 634 1829 μεέῗθξ
684 1754 1016 1828 φοϐηθῶμεν
1072 1754 1362 1824 δικαστὴν,
1402 1755 1509 1826 πρὸ
1545 1753 1640 1808 τοῦ
1692 1753 2047 1826 δικαστηρίου

2150 674 2263 713 non
2290 658 2485 722 valuit,
2517 658 2610 713 sed
2643 658 2737 728 qui
2769 657 2966 714 noluit.

2219 748 2354 804 Esto
2397 748 2650 817 proximo
2693 748 3038 815 honoratior,
3073 763 3141 804 ex
3188 765 3256 804 eo
3297 752 3444 820 quod
3488 754 3731 809 videaris

2149 840 2462 911 benignior.
2487 839 2620 894 Esto
2647 839 2747 901 illi,
2769 840 2863 909 qui
2892 838 3140 896 adversis
3169 839 3541 907 conflictatur,
3568 845 3726 908 deos,

2148 931 2246 987 Dei
2278 930 2711 987 misericordiam
2747 932 3058 986 aemulatus.

2222 1023 2304 1078 Ad
2332 1023 2603 1077 rationem
2630 1022 2750 1092 ejus
2777 1036 2808 1075 a
2832 1037 2941 1092 quo
2969 1021 3207 1092 petitur,.
3226 1020 3563 1079 moderanda
3590 1026 3733 1095 peti-

2150 1112 2230 1169 tio
2265 1121 2371 1168 est.
2397 1111 2573 1183 [Eque
2608 1113 2756 1168 enim
2796 1113 3099 1177 absurdum
3136 1122 3224 1169 est
3257 1129 3289 1168 a
3327 1129 3499 1184 parvo
3537 1130 3732 1186 magna

2149 1222 2420 1278 quaerere,
2441 1216 2607 1277 alque
2632 1222 2663 1261 a
2689 1221 2888 1277 magno
2909 1222 3097 1277 parva.
3119 1206 3262 1262 Illud
3283 1209 3434 1264 enim
3463 1209 3733 1281 intempe-

2150 1299 2353 1355 stivum
2370 1339 2392 1365 ,
2416 1299 2522 1353 hoc
2546 1313 2676 1352 vero
2702 1296 2991 1353 sordidum
3018 1297 3207 1353 fuerit.

2219 1390 2487 1463 Chrysost.
2514 1420 2587 1432 ——-
2618 1390 2754 1446 Cum
2798 1404 3100 1460 pauperem
3139 1389 3341 1460 pascis,
3377 1390 3616 1461 teipsum
3656 1392 3731 1452 ali

2148 1484 2485 1539 existimato.
2519 1481 2667 1537 Talis
2702 1481 2851 1536 enim
2893 1490 2978 1537 est
3017 1481 3183 1552 hujus
3222 1481 3301 1537 rei
3341 1491 3563 1548 natura,
3601 1493 3664 1537 ut
3699 1498 3731 1537 a

2149 1575 2313 1630 nobis
2350 1574 2407 1629 in
2448 1589 2552 1629 nos
2595 1581 2879 1628 transeant
2912 1589 2979 1629 ac
3013 1573 3357 1641 redundent,
3393 1589 3517 1645 quae
3559 1574 3731 1630 dede-

2150 1667 2342 1721 rimus.

2219 1759 2369 1813 Nihil
2398 1757 2640 1828 judicem
2668 1766 3005 1824 metuamus,
3028 1756 3123 1828 qui
3152 1764 3282 1811 ante
3308 1756 3577 1827 judicium
3604 1771 3734 1827 por.-

453 1836 569 1936 τῆν
599 1852 758 1922 χεῖρα
814 1846 1190 1919 προτείνοντα.
1256 1848 1349 1918 Μὴ
1400 1845 1732 1919 φοϐηθῶμεν
1782 1847 2041 1918 δικαστὴν

2152 1847 2279 1920 rigit
2299 1863 2523 1903 manum
2552 1867 2564 1901 :
2588 1849 2727 1902 nihil
2746 1848 2991 1921 judicem
3012 1842 3460 1919 metuamus,'qui
3482 1848 3734 1919 accipere

455 1944 569 1996 οὐκ
604 1941 947 2013 ἀρνούμενον
983 1940 1044 1997 τδ
1074 1939 1284 1994 λαϐεῖν.

534 2033 747 2105 Πολλῆς
770 2032 1019 2101 ἀλογίας,
1047 2031 1217 2102 ἀγρὸν
1236 2030 1335 2101 μὲν
1360 2030 1683 2102 βουλόμενον
1707 2029 2045 2102 ὠνήσασθαι,

460 2127 565 2198 τὴν
593 2124 827 2197 εὔφορον
878 2124 982 2194 γῆν
1034 2121 1347 2193 ἐπιζητεῖν*
1414 2121 1649 2194 οὐρανοῦ
1682 2122 1740 2175 δὲ
1792 2122 1915 2176 ἀντὶ
1944 2122 2050 2191 γῆς

463 2215 855 2288 προκειμένου,
893 2215 1069 2285 παρὸν
1099 2214 1219 2266 ἐκεῖ
1254 2212 1566 2282 κτήσασθαι
1594 2212 1815 2283 χωρίον,
1860 2211 2048 2283 μένειν

454 2307 557 2361 ἐπὶ
578 2308 678 2377 τῆς
719 2306 843 2377 γῆς,
870 2306 967 2359 καὶ
998 2304 1109 2358 τῶν
1143 2306 1209 2358 ὲκ
1237 2302 1448 2375 ταύτης
1486 2303 1781 2373 ἀνέχεσθαι
1810 2305 2008 2359 πόνων.

535 2400 720 2468 Γρηγ.
764 2398 1045 2463 Νύσσης.
1072 2427 1143 2436 -
1194 2395 1253 2449 ’0
1316 2394 1519 2468 πτωχῷ
1554 2395 1916 2465 κοινωνήσας,
1967 2397 2048 2458 εἰς

451 2490 561 2561 τὴν
593 2489 786 2563 μερίδα
814 2487 911 2543 τοῦ
947 2487 1016 2541 δι’
1043 2489 1195 2558 ἡμᾶς
1226 2487 1643 2559 πτωχεύσαντος
1663 2487 1855 2541 ἑαυτὸν
1878 2503 2047 2541 κατα-

454 2584 780 2725 στίίνζῗῖου.
799 2701 866 2711 ——
899 2668 1170 2739 Καθάπερ
1204 2667 1336 2721 ἴδιόν
1359 2668 1477 2720 ὲστι
1505 2666 1601 2721 τοῦ
1634 2667 1812 2737 φωτὸς
1841 2666 1902 2721 τδ
1930 2683 2044 2736 φω-

452 2763 658 2829 τίζειν,
690 2762 866 2826 οὕτως
900 2762 1029 2815 ἴδιον
1071 2760 1208 2814 Θεοῦ
1244 2762 1306 2813 τὸ
1337 2760 1506 2827 ἐλεεῖν
1538 2760 1630 2814 καὶ
1653 2759 1945 2831 οἰκτείρειν
1974 2759 2042 2813 τὰ

455 2857 643 2909 οἰκεῖα
670 2847 989 2923 πλάσματα.
1970 2928 1973 2929 ν

539 2947 651 3002 Τοῦ
707 2947 881 3017 ἁγίου
934 2945 1257 3015 Ειρηναίου
1305 2944 1375 2997 ἐκ
1418 2937 1549 3012 τῆς’
1596 2943 1748 3011 πρὸς
1777 2940 2044 3008 Βίκτωρα

458 3040 815 3108 ἐπιστολῆς.
846 3040 1019 3094 -Ἑν
1141 3039 1206 3092 ἄν
1243 3054 1328 3101 τις
1357 3036 1576 3090 δύναιτο
1622 3031 1683 3091 εὖ
1730 3037 1905 3090 ποιεῖν
1932 3037 2045 3098 τοῖς

456 3130 715 3203 πλησίον,
767 3131 861 3185 καὶ
888 3131 949 3184 οὐ
999 3131 1162 3194 ποιεῖ,
1214 3127 1497 3199 ἀλλότριος
1542 3127 1646 3199 τῆς
1696 3128 1916 3199 ἀγάπης
1946 3126 2042 3181 τοῦ

430 3250 437 3253 ·
458 3221 670 3294 Κυρίου
706 3220 1120 3293 νομισθήσεται.

532 3316 821 3380 Φίλωνος.
847 3345 919 3356 -
955 3313 1209 3377 Τοιοῦτος
1238 3312 1389 3381 γίνου
1425 3308 1562 3384 περῖ
1588 3311 1716 3375 τοὺς
1740 3308 1866 3374 σοὺς
1891 3308 2035 3363 οίκέ-

455 3422 583 3474 τας,
614 3401 725 3461 οἷον
751 3404 885 3478 εὔχῃ
915 3406 999 3460 σοὶ
1020 3406 1110 3459 τὸν
1137 3405 1274 3459 Θεὸν
1299 3402 1578 3484 γενέσθαι.
1595 3403 1684 3467 Ὦς
1709 3402 1819 3473 γὰρ
1846 3401 2031 3456 ἀκούοι

459 3516 587 3572 μεν,
612 3497 1068 3569 ὰκουσθησόμεθα
1102 3497 1209 3551 ὑπὸ
1241 3496 1337 3551 τοῦ
1371 3495 1539 3550 Θεοῦ*
1580 3496 1674 3550 καὶ
1699 3493 1775 3559 ὡς
1799 3493 2037 3567 ὁρῶμεν,

455 3590 850 3661 ὁραθησόμεθα
918 3589 1010 3643 ὑπ’
1071 3588 1261 3643 αὑτοῦ.
1325 3588 1762 3661 Προενέγκωμεν
1806 3583 1901 3642 οὖν
1941 3585 2038 3639 τοῦ

456 3683 613 3736 ἐλέου
642 3683 731 3735 τὸν
770 3680 917 3735 ἔλεον
945 3680 1039 3754 (b),
1060 3680 1162 3738 ,ἵνα
1200 3679 1279 3752 τῷ
1320 3681 1493 3752 ὁμοίῳ
1517 3680 1579 3733 τὸ
1613 3679 1800 3750 ὅμοιον
1822 3678 2041 3732 ἀντιλά-

463 3778 668 3845 σωμεν.
1325 3764 1331 3768 ’

532 3867 794 3933 Δημοσθ.
823 3894 890 3903 -
930 3862 1152 3923 Δίκαιον
1176 3864 1324 3917 ἐστιν
1355 3863 1524 3917 ἐλεεῖν
1542 3901 1557 3927 ,
1584 3862 1647 3915 οὐ
1675 3862 1802 3925 τοὺς
1825 3862 2039 3927 ἀδίκους

454 3955 572 4009 τῶν
609 3954 915 4025 ἀνθρώπων
935 3995 951 4021 ,
982 3955 1139 4010 ’ἀλλὰ
1183 3956 1310 4018 τοὺς
1344 3953 1496 4025 παρὰ
1530 3952 1688 4023 λόγον
1714 3953 2041 4025 δυστυχοῦνο

453 4064 581 4110 τας.
708 4078 713 4084 ’
1082 4066 1089 4071 “
1330 4068 1333 4071 ’

534 4138 735 4191 Βίαντ.
758 4167 831 4178 -
848 4136 977 4200 Βίας
1002 4135 1221 4206 θανάτῳ
1248 4133 1457 4207 μέλλων
1485 4132 1872 4199 καταδικάζειν
1894 4133 2037 4199 τινὰ,

455 4229 782 4299 ἐδάκρυσεν.
820 4228 1084 4291 Εἰπόντος
1126 4226 1183 4280 δέ
1206 4243 1373 4293 τινος,
1403 4224 1469 4279 Τί
1501 4224 1712 4290 παθὼν,
1743 4225 1909 4289 αὐτὸς
1938 4243 2039 4280 κα-

456 4320 767 4386 ταδικάζων
802 4319 1048 4384 κλαίεις;
1095 4314 1271 4372 εἶπεν·
1300 4319 1423 4372 Ὅτι
1464 4317 1762 4387 ἀναγκαῖόν
1792 4318 1930 4385 ἐστι,
1970 4319 2037 4391 τῇ

460 4413 566 4484 μὲν
603 4413 766 4481 φύσει
801 4412 863 4467 τὸ
895 4409 1179 4484 συμπαθὲς
1212 4409 1527 4477 ἀποδοῦναι,
1555 4409 1635 4481 τῷ
1659 4410 1718 4466 δὲ
1761 4410 1910 4486 νόμῳ
1940 4409 2041 4482 τὴν

452 4507 657 4576 ψῆφον-

1972 1986 1979 1991 ,
2080 1919 2122 1974 Β
2149 1956 2262 1994 non
2293 1947 2533 1993 recusat.

2220 2029 2388 2087 Valde
2439 2046 2469 2086 a
2519 2031 2732 2086 ratione
2778 2031 3022 2091 alienum
3066 2040 3183 2099 est,
3226 2047 3354 2087 eum
3397 2029 3495 2102 qui
3541 2046 3734 2101 agrum

2150 2137 2336 2177 emere
2374 2123 2528 2191 velit,
2567 2139 2770 2194 agrum-
2806 2120 3047 2178 feracem
3091 2125 3376 2194 requirere
3426 2141 3440 2176 :
3484 2125 3735 2195 caeloque
3774 2130 3777 2133 ’

2150 2212 2270 2267 vice
2305 2220 2467 2269 terra:
2497 2215 2810 2286 proposito,
2834 2231 2958 2269 cum
2994 2214 3050 2269 in
3084 2230 3151 2270 eo
3184 2230 3377 2286 agrum
3414 2230 3737 2286 comparare

2148 2304 2333 2370 liceat,
2360 2306 2417 2360 in
2450 2314 2597 2363 terra
2626 2322 2852 2363 manere
2878 2322 2943 2362 ac
2970 2307 3090 2378 ejus
3118 2307 3340 2363 labores
3363 2308 3662 2363 sustinere.

2220 2397 2378 2470 Greg.
2401 2398 2558 2471 Nysa.
2578 2429 2650 2440 --
2671 2399 2776 2467 Qui
2802 2415 2975 2470 egeno
2998 2402 3390 2463 communicat,
3414 2400 3472 2455 in
3496 2401 3617 2472 ejus
3639 2400 3736 2469 qui

2148 2497 2379 2556 prOpter
2423 2503 2534 2575 nos
2555 2504 2765 2559 egenus
2794 2490 2969 2545 factus
3024 2500 3108 2544 est
3134 2489 3197 2560 (ll
3221 2489 3350 2545 Cor.
3375 2506 3485 2557 vm,
3509 2488 3588 2561 9),
3612 2505 3735 2546 sese

2148 2586 2363 2648 partem
2391 2580 2645 2634 collocat.

2192 2668 2349 2724 Nili.
2371 2701 2442 2711 —
2464 2671 2535 2727 Ut
2561 2672 2700 2727 lucis
2724 2672 3012 2742 proprium
3042 2683 3126 2728 est
3157 2671 3501 2739 illuminare;
3528 2672 3609 2727 sic
3635 2671 3733 2730 Dei

2146 2758 2439 2829 proprium
2470 2770 2556 2816 est
2582 2777 2809 2817 suorum
2841 2778 3072 2832 operum
3105 2762 3377 2818 misereri.

2216 2916 2501 2995 8.“1νεηωὶ
2530 2955 2595 2993 ea:
2625 2941 2777 3011 epist.
2813 2940 2884 2995 ad
2915 2941 3190 2996 Victorem.
3220 2971 3291 2983 —
3320 2940 3576 3007 Quandiu
3608 2944 3734 3013 quis

2147 3032 2203 3086 in
2233 3032 2494 3087 facultate
2524 3032 2693 3092 habet
2718 3041 2779 3088 ut
2802 3034 3067 3103 proximis
3095 3033 3430 3098 benefaciat,
3454 3046 3558 3087 nec
3582 3032 3731 3099 facit,

2145 3124 2361 3202 alienus
2390 3141 2420 3179 a
2451 3124 2669 3180 Domini
2695 3125 2992 3181 dilectione
3016 3126 3404 3181 aestimabitur.

2218 3301 2478 3357 Philonis.
2507 3332 2578 3343 —-
2598 3303 2786 3361 Talem
2820 3313 2872 3361 te
2898 3304 3118 3369 famulis
3145 3306 3255 3361 tuis
3281 3307 3484 3378 praebe,
3512 3309 3731 3379 qualem

2148 3393 2248 3449 tibi
2289 3395 2462 3450 Deum
2502 3404 2679 3466 optas.
2706 3396 2778 3452 Ut
2816 3396 2964 3453 enim
3006 3398 3287 3465 audimus,
3315 3415 3345 3453 a
3386 3399 3499 3455 Deo
3537 3400 3731 3456 audie-

2146 3501 2305 3553 mur;
2335 3493 2393 3541 et
2421 3494 2483 3541 ut
2512 3488 2786 3553 videmus,
2812 3487 3039 3544 videndi
3073 3489 3143 3545 ab
3176 3504 3244 3545 eo
3276 3506 3488 3546 sumus.
3514 3491 3731 3550 Miseri-

2146 3579 2393 3641 cordiam
2441 3580 2609 3650 igitur
2654 3579 3054 3636 misericordia:
3095 3598 3489 3653 praerogemus,
3526 3594 3587 3640 ut
3627 3600 3731 3655 pro

2146 3669 2312 3725 simili
2342 3670 2504 3742 555
2533 3672 2712 3727 simile
2737 3672 3092 3743 recipiamus.

2215 3865 2487 3923 Demosth.
2516 3898 2587 3907 —
2607 3867 2847 3940 Equum
2882 3877 2968 3925 est
2982 3879 3044 3924 ut
3068 3871 3452 3939 misereamur,
3478 3888 3589 3929 non
3622 3875 3729 3931 ini-

2145 3975 2379 4031 quorum
2412 3959 2701 4015 hominum
2726 3975 2790 4015 ac
2823 3960 3225 4032 improborum,
3258 3965 3355 4019 sed
3402 3978 3593 4022 eorum
3634 3971 3731 4038 qui

2146 4051 2302 4107 nullo
2331 4065 2435 4107 suo
2463 4059 2618 4106 reatu
2638 4067 2703 4107 ac
2724 4051 2987 4108 immeriti
3012 4053 3067 4109 in
3096 4055 3257 4111 malis
3282 4067 3593 4115 versantur.

2223 4139 2451 4196 Biantis.
2476 4171 2545 4181 —
2566 4139 2692 4197 Bias
2714 4142 2935 4214 capitali
2965 4146 3259 4215 quemdam
3280 4149 3556 4204 sententia
3573 4149 3733 4206 dam-

2147 4241 2399 4298 naturus,
2451 4235 2508 4289 in
2570 4232 2762 4290 ﬂetum
2812 4237 3016 4308 erupit.
3072 4239 3316 4309 Rogatus
3370 4250 3588 4310 autem,
3635 4242 3733 4315 qui

2149 4325 2207 4386 id
2229 4326 2544 4395 accidisset,
2569 4338 2633 4383 ut
2664 4328 2757 4399 qui
2794 4327 2964 4401 judex
3008 4329 3247 4398 sederet,
3307 4332 3425 4413 ipse
3472 4335 3684 4408 lugeret
3715 4352 3732 4394 :

2148 4421 2307 4491 Quia,
2335 4421 2533 4492 inquit,
2551 4429 2764 4476 natura:
2786 4423 3029 4493 quidem,
3056 4434 3116 4480 ut
3154 4427 3581 4489 miserationem.
3627 4430 3737 4503 legi

2146 4532 2304 4582 vero,
2325 4514 2654 4572 sententiam
2684 4524 2747 4570 ut
2766 4516 3095 4584 tribuamus,
3130 4534 3355 4576 necesse
3382 4536 3487 4577 est.

532 4598 1041 4654 Φωκίωνμὲ-Οῦτε
1097 4599 1158 4665 ἐξ
1210 4599 1358 4671 ίεροῦ
1402 4598 1625 4671 βωμὸν,
1673 4598 1798 4652 οὔτε
1840 4598 1906 4653 ὲκ
1943 4599 2041 4670 τῆς

2218 4609 2515 4682 Place-iouis.
2546 4637 2616 4649 —
2636 4608 2751 4665 Nec
2777 4625 2846 4665 ex
2878 4611 3083 4682 templo
3111 4627 3225 4680 ara,
3263 4629 3367 4670 nec
3394 4631 3462 4670 ex
3496 4615 3737 4674 humano

453 4688 809 4764 ἀνθρωπίνης
834 4691 1050 4761 φύσεως
1079 4692 1405 4764 ἀφαιρετέον
1428 4691 1520 4745 τὸν
1558 4689 1726 4745 ἔλεον.

531 4781 845 4852 Δημοκριτ.
882 4782 1178 4852 Ἰσοκράτ.
1206 4783 1305 4838 καὶ
1344 4781 1727 4855 Ἐπικτήτου.
1757 4810 1810 4824 -
1860 4781 2045 4847 Ξένοις

2144 4717 2346 4775 genere
2371 4680 2610 4777 tollenda
2632 4680 3014 4759 misericordia
3039 4713 3144 4760 est.

2216 4793 2519 4860 Democriti,
2535 4791 2787 4848 Isocratis
2809 4801 2861 4848 et
2889 4792 3137 4866 Epicteti.
3173 4827 3244 4837 —
3265 4796 3583 4869 Peregrinis
3635 4800 3737 4855 tri-

459 4871 772 4942 μεταδίδου,
818 4870 1054 4938 καὶτοῖς
1081 4872 1360 4944 δεομένοις
1406 4874 1472 4926 ὲκ
1503 4871 1611 4925 τῶν
1638 4872 1828 4927 ὄντων·
1872 4876 1901 4927 ὀ
1935 4872 2041 4945 γὰρ

2149 4884 2249 4941 bue
2272 4899 2338 4940 ac
2361 4885 2552 4957 egenis
2571 4900 2636 4940 ex
2664 4894 2756 4940 tua
2773 4885 3030 4943 facultate
3061 4903 3076 4940 :
3116 4888 3211 4957 qui
3228 4888 3385 4946 enim.
3411 4891 3595 4962 egenti
3626 4907 3738 4948 non

460 4960 546 5033 μὴ
572 4962 750 5028 διδοὺς
776 4963 1038 5037 δεομένῳ,
1072 4965 1194 5019 οὐδὲ
1216 4964 1381 5030 αὐτὸς
1399 4963 1631 5036 λήψεται
1659 4965 1934 5037 δεόμενος.

538 5074 779 5148 Πειρατῇ
817 5093 927 5131 τινι
959 5076 1255 5148 ἐμπεσόντι
1284 5078 1365 5141 είς
1390 5077 1490 5150 τὴν
1514 5077 1640 5149 γῆν,
1671 5081 1765 5133 καὶ
1800 5080 2045 5151 διαφθει-

459 5165 684 5235 ρομένῳ
723 5165 1013 5236 χειμῶνος,
1064 5165 1409 5236 περιϐόλαιον
1458 5185 1541 5232 τις
1598 5169 1762 5241 ἄρας,
1792 5169 2041 5235 δέδωκεν,

458 5256 560 5309 καὶ
586 5257 665 5321 εις
698 5258 800 5330 τὴν
841 5257 1020 5311 οἰκίαν
1052 5258 1384 5329 είσαγαγὼν,
1421 5259 1491 5314 τὰ
1533 5260 1659 5331 ἑξῆς
1692 5262 1871 5316 πάντα
1900 5250 2041 5334 παρ-

457 5347 642 5418 έσχεν.
694 5349 1040 5413 Ὀνειδισθείς
1086 5350 1147 5404 δὲ
1179 5351 1298 5405 ὑπὸ
1320 5369 1490 5418 τινος,
1517 5354 1598 5408 ὅτι
1618 5355 1744 5417 τοὺς
1775 5358 2047 5426 πονηροὺς

2143 4975 2423 5041 tribuerit,
2450 4990 2523 5031 ne
2547 4974 2666 5045 ipse
2692 4975 2915 5045 quidem
2942 4976 3198 5048 accipiet,
3229 4994 3354 5035 cum
3383 4980 3618 5050 eguerit.

2223 5088 2362 5144 Cum
2395 5088 2591 5159 pirata:
2615 5089 2832 5144 cuidam
2868 5090 2925 5146 in
2960 5100 3164 5147 terram
3188 5092 3384 5164 ejecto,
3430 5107 3494 5149 ac
3524 5102 3739 5165 tempe--

2156 5188 2296 5235 state
2318 5180 2667 5251 naufragium
2709 5196 2896 5251 passo,
2950 5182 3225 5255 quispiam
3273 5191 3483 5238 vestem
3538 5193 3739 5241 contu-

2154 5268 2333 5338 lisset,
2351 5276 2515 5339 atque
2533 5270 2587 5323 in
2611 5269 2837 5325 domum
2860 5263 3182 5337 induxisset,
3205 5261 3465 5342 omnique
3480 5271 3739 5346 deinceps

2157 5358 2501 5414 humanitate
2526 5371 2856 5429 prosecutus
2887 5371 3033 5416 esset
3058 5378 3073 5426 ;
3107 5362 3475 5432 exprobrante
3495 5365 3737 5435 quodam

1994 5511 2229 5571 NO'UE.

540 5647 612 5715 (b)
650 5646 1107 5715 Πρωνέγκωμεν
1154 5646 1262 5699 τοῦ
1332 5648 1510 5702 ἐλέου
1555 5647 1663 5701 τὸν
1719 5648 1918 5702 ἔλεον.
1949 5650 2043 5705 Sic

460 5716 724 5788 emendo,
770 5717 915 5787 quod
970 5724 1091 5770 erat
1125 5717 1605 5788 προσενέγκωμεν,
1652 5718 1797 5772 facili
1844 5720 2040 5774 scriba:

463 5786 648 5858 lapsu.
671 5786 941 5857 Sicplana
972 5786 1311 5843 constwctio
1340 5804 1403 5843 ac
1428 5786 1661 5854 sensus;
1697 5802 1891 5858 nempe
1918 5805 2039 5845 esse

469 5857 933 5921 miscricordiam,
1000 5872 1164 5928 quam
1223 5874 1595 5930 prmrogamus
1673 5857 2053 5937 electuosynis~

2150 5665 2482 5722 pauperum,
2510 5654 2666 5724 quasi
2702 5670 2888 5711 semen
2918 5657 3058 5727 ejus.
3086 5672 3248 5726 quam
3280 5673 3308 5713 a
3340 5658 3451 5712 Deo
3478 5671 3577 5712 nos
3605 5673 3739 5713 con-

2147 5732 2437 5797 secuturos
2474 5739 2784 5797 spcratnus,
2816 5741 2895 5797 ac
2942 5728 3093 5782 velut
3125 5727 3302 5782 fenori
3354 5729 3536 5783 datam
3569 5745 3738 5797 pecu-

2122 5792 2317 5857 .niam,
2351 5792 2519 5863 quam
2567 5793 2750 5851 fructu
2810 5796 3199 5853 innumerabili
3227 5799 3283 5853 in
3321 5800 3462 5855 coelo
3504 5792 3738 5872 rccipiu-

2149 5876 2290 5917 mus.
