4094 6390
332 451 454 517 ἹἸ3

1669 453 1837 514 LOCI
1877 452 2318 514 COMMUNES.

3405 501 3418 517 .
3524 458 3635 521 ττι

415 563 723 634 λρυσοστ.
758 595 827 604 —
867 562 926 616 Ὀ
958 563 1055 634 μὲν
1081 562 1295 634 πρῶτον
1341 563 1667 633 εὐεργετῶν,
1700 566 1926 639 φανεράπ

2117 563 2487 635 Chrysost.—
2521 563 2623 632 Qui
2689 565 2840 635 prior
2898 565 3227 622 beneﬁcium
3287 568 3525 634 confert,
3588 568 3635 619 is

332 656 712 713 ἐπιδείκνυται
755 654 1262 726 τὴν,χρηστότητα·
1301 655 1329 707 ό
1374 655 1428 709 δὲ
1462 657 1867 729 εὐεργετηοεὶς,
1904 658 1932 713 ὃ

332 769 395 805 τι
436 752 503 805 ἂν
535 746 743 819 ἀποδῷ,
786 748 1060 819 ὀφείλημα
1116 747 1463 813 ἀποδίδωσιν,
1484 750 1555 811 ,οὐ
1604 751 1765 821 χάριν
1800 752 1936 804 ἀπο-

334 844 578 899 τίθεται.
1236 836 1243 837 ί
1378 846 1381 849 ’

420 935 769 1005 Κλήμεντος
807 932 1057 1004 Ῥώμης.
1084 967 1152 976 -
1179 937 1253 990 Οὐ
1283 936 1492 990 δίκαιόν
1514 936 1633 988 ἐστι
1661 935 1756 988 τού
1780 935 1935 994 δεδω,

341 1023 505 1087 κότος
541 1022 1088 1099 ἐγκαταλειφθέντος,
1119 1024 1190 1079 τὰ
1211 1025 1437 1080 δοθέντα
1463 1026 1801 1099 παραμένειν
1822 1028 1935 1089 τοῖς

338 1115 680 1186 ἀγνὼμοσιν.

421 1205 534 1261 Τοῦ
573 1207 854 1275 Νύσσης.
896 1235 967 1248 -
1006 1204 1066 1260 '0
1097 1205 1333 1277 θελήσας
1383 1206 1445 1261 τὸ
1497 1205 1705 1275 ἀγαθὸν
1747 1205 1931 1277 μόνον,

332 1297 608 1361 κωλυθεὶς
659 1298 718 1352 δὲ
746 1298 886 1370 πρὸς
925 1297 988 1351 τὸ
1026 1298 1194 1352 καλὸν
1229 1298 1307 1370 τῷ
1352 1299 1427 1370 μὴ
1478 1298 1760 1361 δύνασθαι,
1812 1297 1933 1351 κατ’

330 1389 496 1444 οὐδὲν
540 1387 859 1443 ἐλαττοῦται
894 1389 994 1458 τῆς
1030 1389 1213 1460 ψυχῆς
1252 1388 1509 1455 διαθέσει,
1551 1370 1646 1442 toi}
1698 1376 1794 1442 διὰ
1823 1388 1934 1442 τῶν

333 1484 523 1555 ἔργων
548 1482 648 1555 τὴν
676 1481 903 1555 γνώμην
929 1469 1252 1559 δείξαντος(

414 1667 636 1721 Φίλων.
665 1696 736 1707 -
765 1665 933 1719 Οὐδὲν
961 1663 1108 1719 οὕτω
1156 1663 1437 1734 εὐάγωγον
1484 1668 1565 1729 εἰς
1593 1664 1824 1731 εὔνοιαν,
1859 1665 1935 1732 ὡς

331 1761 373 1831 ἡ
412 1760 523 1813 τῶν
554 1760 1021 1830 εὐεργετημάτων
1066 1759 1337 1829 εὐφημία.
1774 1764 1777 1765 ⁷

413 1852 585 1907 Πλέον
622 1852 833 1919 ἀγάπα,
881 1850 1124 1922 βασιλεῦ,
1164 1853 1290 1915 τούς
1318 1850 1620 1923 λαμϐάνειν
1653 1849 1803 1923 παρά
1836 1848 1929 1903 σοῦ

2045 662 2237 722 aperte
2264 654 2669 726 benignitatem
2729 656 2959 729 prodit:
2991 657 3264 713 beuclicio
3315 670 3501 715 autem
3558 657 3641 711 af-

2042 742 2223 797 fectus
2264 745 2538 816 quidquid
2603 746 2943 813 reddiderit,
2986 747 3235 803 debitum
3285 750 3488 816 reddit,
3524 765 3635 807 non

2042 834 2274 904 gratiam
2298 838 2540 906 reponit.
3000 846 3011 854 ’

2116 925 2400 983 Clementis
2436 930 2682 985 Romani.
2708 962 2779 970 ——
2798 931 2956 986 Haud
2990 947 3210 1002 aequum
3256 942 3362 995 est,
3427 946 3496 985 eo
3541 931 3636 1001 qui

2044 1017 2204 1073 dedit
2231 1020 2526 1089 derelicto,
2559 1038 2684 1094 quae
2710 1023 2837 1077 data
2863 1031 3014 1089 sunt,
3050 1022 3214 1093 .apud
3251 1023 3499 1094 ingratos
3546 1011 3638 1076 re-

2043 1126 2292 1167 manere.

2113 1204 2560 1275 Nyssen.—Qui
2613 1207 2792 1262 solum
2840 1208 3026 1263 animo
3059 1208 3270 1263 bonum
3315 1207 3638 1273 destinavit,

2044 1310 2129 1360 ac,
2160 1311 2269 1366 qua
2297 1296 2516 1353 laborat
2558 1297 2964 1364 imbecillitate,
3021 1301 3325 1371 quominus
3377 1298 3639 1355 honesta.

2044 1393 2156 1441 tem
2193 1385 2342 1441 illam
2395 1388 2707 1442 eniteretur
2739 1388 3061 1460 prohibitus
3097 1397 3203 1454 est,
3250 1388 3298 1443 is
3351 1388 3492 1443 nihil
3527 1388 3635 1442 mi-

2043 1477 2201 1532 noris
2228 1487 2314 1533 est
2341 1493 2404 1532 ea
2453 1479 2623 1532 animi
2654 1478 3157 1545 aﬂ'ectione,auam
3190 1479 3285 1550 qui
3308 1479 3477 1534 rebus
3501 1479 3637 1549 ipsis

2042 1570 2386 1626 voluntatem
2417 1571 2682 1627 ostendit.
3668 1634 3673 1641 ,

2114 1662 2373 1717 Philonis.
2405 1694 2476 1703 —
2508 1664 2658 1719 Nihil
2683 1680 2839 1735 aeque
2876 1664 3323 1720 benevolentiam
3347 1666 3633 1734 conciliat,

2043 1769 2110 1810 ac
2144 1755 2548 1811 beneﬁciorum
2583 1767 2736 1826 grata
2762 1759 3239 1814 commemoratio.

2115 1845 2365 1902 Plustibi
2386 1846 2660 1917 diligendi
2685 1848 3165 1918 sunt,imperator,
3183 1850 3278 1919 qui
3306 1850 3407 1905 abs
3437 1858 3488 1906 te
3506 1867 3638 1923 supv

329 1944 577 2016 χάριτας
632 1943 999 2010 ἱκετεύοντας,
1045 1944 1192 2015 ἢπερ
1226 1943 1355 2008 τοὺς
1391 1944 1791 2008 σπουδάζοντας
1823 1943 1926 1996 δω-

2040 1938 2214 2010 plices
2244 1938 2452 2009 gratias
2481 1947 2698 2008 petunt,
2730 1954 2895 2009 quam
2933 1939 3029 2010 qui
3070 1957 3299 1996 munera
3334 1943 3435 1997 tibi
3468 1944 3638 1999 oll'er-

338 2038 475 2108 ρεάς
504 2054 589 2089 σοι
627 2036 982 2107 προσφέρειν.
1015 2035 1144 2099 Τοῖς
1174 2037 1276 2107 μὲν
1310 2035 1419 2106 γάρ
1448 2036 1732 2106 ὀφειλέτης
1767 2036 1930 2105 ἀμοι-

341 2130 449 2199 ϐῆς
478 2127 828 2183 καθίσταταιο
881 2128 933 2183 οί
981 2128 1040 2181 δέ
1073 2144 1167 2181 σου
1209 2127 1300 2180 τὸν
1326 2126 1613 2198 ὀφειλέτην
1644 2127 1930 2197 ποιήσουσι

339 2221 441 2275 τόν
467 2219 838 2291 οἰκειούμενον
869 2219 939 2273 τὰ
972 2221 1050 2283 εἰς
1092 2219 1294 2283 αὐτοὺς
1326 2219 1611 2289 γινόμενα,
1640 2218 1733 2271 καὶ
1766 2218 1928 2286 ἀμει-

336 2315 575 2385 ϐόμενον
614 2312 855 2383 ἀγαθαῖς
887 2312 1227 2367 ἀντιδόσεσιν
1264 2311 1355 2365 τὸν
1393 2309 1784 2382 φιλάνθρωπόν
1835 2325 1928 2361 σου

335 2404 570 2459 σκοπόν.

418 2494 532 2549 Τοῦ
569 2492 781 2560 αὐτοῦ,
813 2484 932 2549 ἄλλ.
985 2495 1209 2547 Πλουτ.
1243 2520 1313 2531 -
1351 2490 1419 2544 Ἦ
1448 2489 1609 2563 χάρις
1664 2488 1857 2561 ῶσπερ
1894 2490 1926 2560 ή

333 2586 570 2657 σελήνη,
604 2587 733 2640 ὅταν
759 2585 941 2641 τελεία
973 2583 1223 2654 γένηται,
1244 2582 1367 2637 τότε
1405 2581 1551 2653 καλὴ
1586 2581 1858 2650 φαίνεται.

413 2682 727 2751 Δημοκρίτ.
754 2710 829 2722 -
856 2680 978 2752 Θεῷ
1010 2680 1196 2751 ὅμοιον
1237 2679 1351 2751 ἔχει
1388 2680 1417 2732 ό
1458 2669 1766 2750 ἄνθρωπος,
1797 2678 1927 2731 ὅταν

328 2774 402 2828 τδ
434 2768 497 2828 εὖ
527 2776 703 2828 ποιεῖν
741 2772 818 2845 μὴ
849 2772 1257 2843 καπηλεύηται⁸
1287 2770 1385 2824 καί¹
1405 2768 1468 2823 τὸ
1491 2770 1806 2841 εὐεργετεῖν
1834 2767 1929 2823 καὶ

326 2867 402 2920 τὸ
428 2866 744 2938 ἀληθεύειν.

423 2960 485 3014 '0
527 2960 689 3024 αὐτὸς
712 2960 837 3016 ἰδών
866 2977 989 3015 τινα
1022 2961 1333 3034 προχείρως
1372 2961 1508 3015 πᾶσι
1539 2957 1926 3031 χαριζόμενον,

328 3053 438 3107 καὶ
496 3042 879 3122 ἀνεξετάστως
940 3053 1414 3126 ὐπηρετούμενον,
1470 3052 1697 3117 Κακῶς,
1750 3047 1927 3116 εἶπεν,

328 3145 587 3215 ἀπόλοιο,
628 3147 713 3200 ὅτι
746 3145 845 3211 τὰς
890 3128 1139 3219 ’Χάριτας
1170 3145 1480 3218 παρθένους
1504 3144 1694 3211 οὔσας,
1723 3144 1928 3215 πόρνας

326 3236 632 3306 ἐποίησας.

2041 2046 2102 2086 re
2125 2030 2375 2088 student.
2410 2030 2509 2085 llis
2538 2029 2688 2085 enim
2714 2030 3013 2087 reddendae
3046 2033 3187 2087 vicis
3212 2048 3339 2088 reus
3362 2032 3631 2098 eﬂiceris;

2040 2121 2874 2177 illiveroeumtibidebitorem
2910 2123 3283 2194 obstringent,
3321 2125 3492 2194 quiin
3515 2125 3638 2197 suis

2038 2227 2318 2281 numerat,
2343 2229 2464 2284 quas
2498 2211 2557 2266 lu
2598 2213 2724 2269 illos
2760 2215 3091 2280 contuleris,
3146 2216 3356 2286 quique
3407 2216 3638 2287 optimis

2038 2306 2589 2363 remunerationibus
2616 2307 3005 2363 misericordia
3061 2309 3455 2378 procliviorem
3513 2311 3638 2366 ani—

2038 2413 2190 2453 mum
2216 2407 2374 2453 tuum
2399 2399 2712 2455 donaturus
2733 2399 2828 2455 sit.

2109 2480 2388 2562 Ejusdem,
2424 2494 2496 2548 al.
2533 2490 2844 2547 Plutarchi.
2893 2523 2963 2533 —
3010 2490 3222 2557 Gratia,
3275 2491 3425 2547 haud
3473 2508 3636 2553 secus

2037 2597 2103 2639 ac
2134 2583 2288 2649 luna,
2316 2599 2443 2639 cum
2472 2586 2720 2657 perlecta
2745 2586 2949 2654 fuerit,
2984 2594 3117 2641 tunc
3150 2585 3385 2657 pulchra
3412 2585 3585 2641 lucet.

2108 2675 2396 2733 Democrit.
2420 2708 2491 2759 -τ
2523 2678 2639 2733 Deo
2663 2678 2849 2734 simile
2879 2678 3052 2734 habet
3078 2679 3246 2733 homo
3298 2678 3631 2734 benefacere

2039 2767 2131 2841 (si
2166 2770 2332 2824 modo
2356 2770 2463 2825 hoc
2487 2770 2665 2845 ipsum
2698 2787 2813 2826 non
2861 2770 3258 2844 cauponetur),
3308 2770 3629 2860 beneﬁcen-

2036 2860 2283 2932 tiamque
2314 2877 2380 2917 ac
2417 2865 2712 2919 veritatem
2746 2864 2957 2920 colere.

2107 2949 2257 3005 Idem
2289 2966 2414 3007 cum
2440 2952 2931 3009 animadvertisset
2952 2952 3250 3025 quemdam
3285 2952 3632 3024 quibuslibet

2037 3042 2283 3112 proclive
2304 3043 2496 3115 largiri
2512 3059 2577 3099 ac
2608 3045 2998 3116 suppeditare,
3032 3045 3295 3116 nullaque
3316 3044 3516 3116 judicii
3540 3060 3630 3099 ra-

2038 3134 2187 3190 tione
2209 3136 2497 3207 obsequiis
2525 3138 2765 3194 eﬂ‘usum
2800 3154 2814 3194 :
2848 3138 3008 3204 Male,
3046 3138 3247 3209 inquit,
3277 3154 3498 3209 pereas,
3531 3139 3626 3210 qui

2036 3226 2275 3296 Gratias,
2301 3245 2425 3300 quae
2448 3230 2694 3301 virgines
2724 3231 2856 3296 sint,
2891 3234 3217 3285 meretrices
3245 3228 3519 3285 olfeceris.

414 3291 973 3398 Mda'xiwroc.—Tb
1016 3328 1114 3400 μὲν
1157 3331 1237 3388 εἰς
1284 3329 1583 3400 ἀχάριστον
1624 3324 1926 3392 ἀναλῶσαι,

2105 3291 2271 3392 557⁷
2299 3291 2634 3379 iloschioriis.
2679 3353 2749 3364 —
2790 3291 2852 3377 In
2888 3324 3165 3395 ingratum
3192 3322 3477 3395 quidpiam
3495 3336 3629 3379 con-

325 3420 658 3492 ἐπιζήμιον
690 3420 751 3473 τὸ
786 3420 844 3474 δὲ
874 3422 953 3485 εἰς
979 3421 1304 3493 εὐχάριστον
1339 3420 1413 3493 μὴ
1461 3419 1761 3485 ἀναλῶσαι,
1800 3417 1931 3490 βλα-

328 3513 525 3586 ϐερόν.

413 3603 714 3672 Κάτωνος.
740 3635 811 3647 --
842 3605 910 3658 Οἱ
942 3603 1131 3659 πολλοὶ
1155 3604 1263 3658 τῶν
1296 3603 1626 3676 ἀνθρώπων,
1666 3602 1803 3675 πρὸς
1829 3601 1930 3674 μὲν

327 3695 440 3758 τὰς
470 3698 745 3766 τιμωρίας
765 3697 1135 3768 ἑτοιμοτέρως
1161 3696 1368 3767 ἔχουσι’
1395 3697 1534 3768 πρὸς
1559 3696 1616 3750 δὲ
1639 3696 1739 3760 τὰς
1768 3695 1930 3767 εὐερ-

331 3783 535 3853 γεσίας
574 3786 671 3838 καὶ
701 3785 908 3853 φιλίας,
953 3786 1185 3850 ὐπτίως.

426 3876 777 3946 Ἀλέξανδρ.
808 3908 877 3918 --
911 3877 1241 3950 Ξενοκράτει
1278 3879 1360 3952 τῷ
1406 3879 1686 3952 φιλοσόφῳ
1724 3878 1928 3950 πεντή-

329 3983 512 4021 κοντα
531 3966 772 4022 τάλαντα
806 3967 1049 4038 πέμψας,
1090 3968 1166 4033 ὡς
1190 3969 1292 4023 οὐκ
1328 3970 1569 4035 ἐδέξατο,
1604 3970 1680 4041 μὴ
1718 3969 1928 4023 δεῖσθαι

330 4060 547 4133 φήσας,
583 4060 881 4131 ἐρώτησεν,
918 4063 967 4114 εἰ
1018 4062 1154 4134 μηδὲ
1196 4061 1347 4132 φίλον
1383 4062 1497 4133 ἔχει
1544 4062 1925 4133 Ξενοκράτηςο

344 4148 513 4218 Ἐμοὶ
545 4147 679 4221 γὰρ,
723 4150 849 4221 ἔφη,
897 4149 1053 4220 μόλις
1083 4152 1113 4204 ὁ
1157 4151 1385 4223 Δαρείου
1415 4151 1645 4217 πλοῦτος
1689 4152 1769 4216 εἰς
1803 4152 1931 4216 τοὺς

328 4239 533 4311 φίλους
565 4240 819 4313 ἧρκεσεν.

416 4333 576 4399 Τινδς
606 4334 664 4389 δὲ
705 4334 813 4388 τῶν
857 4334 1024 4390 αὐτοῦ
1072 4335 1245 4405 φίλων
1288 4335 1615 4406 αἰτήσαντος
1644 4336 1809 4392 αὐτὸν
1847 4337 1929 4401 εἰς

329 4427 552 4498 προῖκα
583 4426 688 4496 τῆς
725 4425 1018 4499 θυγατρὸς,
1037 4427 1295 4486 ἐκέλευσε
1323 4429 1664 4500 πεντήκοντα
1691 4429 1929 4483 τάλαντα

327 4516 549 4571 λαϐεῖν’
602 4517 770 4571 αὐτοῦ
813 4518 870 4574 δὲ
916 4520 1212 4591 φήσαντος,
1259 4520 1420 4575 ἰκανά
1467 4519 1607 4576 εἶναι
1638 4520 1795 4585 δέκα,
1834 4522 1927 4575 Σοὶ

2033 3412 2204 3479 ferre,
2255 3413 2625 3482 damnosum;
2680 3432 2793 3471 non
2836 3424 3025 3472 autem
3066 3416 3323 3471 conferre
3382 3416 3438 3471 in
3470 3431 3599 3473 eum

2033 3512 2127 3575 qui
2148 3513 2339 3575 gratus
2375 3506 2468 3571 sit,
2505 3507 2757 3565 noxium.

2102 3594 2341 3652 Catonis.
2402 3628 2473 3638 —
2519 3598 2678 3655 Multi
2746 3600 3035 3656 hominum
3097 3602 3167 3657 ad
3241 3600 3624 3657 ulciscendum

2030 3688 2474 3758 promptissimi,
2537 3688 2608 3743 ad
2674 3690 2986 3760 praestanda
3050 3701 3239 3748 autem
3294 3707 3528 3746 munera
3567 3696 3626 3751 et

2030 3777 2307 3833 amicitias
2335 3779 2714 3834 conciliandas
2754 3781 3056 3839 tardissimi
3090 3791 3245 3837 sunt.

2099 3871 2429 3927 Alexander.
2453 3902 2524 3913 —
2558 3870 2697 3927 Cum
2728 3871 3029 3931 Xenocrati
3086 3875 3419 3949 philosopho
3455 3874 3623 3946 quin-

2031 3964 2294 4035 quaginta
2326 3965 2530 4020 talenta
2556 3965 2820 4031 misisset,
2869 3967 3027 4037 isque
3066 3967 3436 4038 repudiasset,
3472 3966 3623 4039 quod

2030 4056 2137 4115 sibi
2165 4072 2306 4127 opus
2346 4072 2470 4112 esse
2502 4066 2762 4128 negaret;
2805 4069 3163 4130 percontatus
3185 4069 3291 4127 est,
3342 4077 3477 4119 num
3524 4076 3627 4118 nec

2030 4149 2271 4203 amicum
2321 4148 2666 4206 Xenocrates
2708 4151 2988 4217 haberet:
3026 4153 3159 4209 Mihi
3188 4153 3363 4221 enim,
3416 4154 3623 4227 inquit,

2028 4241 2122 4295 vix
2159 4241 2307 4296 Darii
2345 4259 2478 4314 gaza
2513 4243 2571 4299 in
2608 4243 2818 4300 amicos
2855 4242 3158 4302 sufﬁceret.

2098 4329 2238 4385 Cum
2274 4332 2501 4403 quidam
2554 4334 2859 4389 amicorum
2904 4334 2961 4389 in
3019 4335 3146 4391 ﬁlia:
3178 4336 3364 4392 dotem
3409 4337 3623 4408 aliquid

2029 4422 2101 4505 ab
2138 4438 2207 4480 eo
2231 4424 2503 4495 petiisset,
2536 4426 2943 4500 quinquaginta
2975 4430 3180 4507 talenta
3207 4430 3378 4500 jussit
3424 4446 3622 4487 nume-

2029 4517 2174 4585 rari;
2213 4518 2309 4574 illo
2359 4527 2547 4574 autem
2596 4519 2818 4577 dicente
2864 4521 3058 4579 decem
3099 4524 3236 4581 satis
3270 4540 3435 4580 esse:
3472 4525 3618 4591 Tibi.

331 4610 466 4680 μὲν,
498 4609 627 4682 ἔφη,
665 4610 871 4680 λαϐεῖν,
907 4613 1026 4684 spei
1058 4613 1115 4668 δὲ
1152 4613 1253 4685 οὐχ
1288 4612 1450 4670 ἰκανά
1475 4611 1614 4668 εἰναι
1644 4614 1776 4669 δέκα
1803 4613 1924 4669 δοῦ-

2035 4610 2234 4681 inquit,
2260 4611 2395 4667 satis
2421 4610 2614 4667 decem
2639 4613 2925 4691 accipere;
2963 4614 3100 4670 mihi
3120 4624 3306 4675 autem
3335 4633 3447 4673 non
3482 4619 3621 4677 satis

327 4719 453 4757 ναι.

426 4795 485 4849 '0
516 4796 680 4861 αὐτὸς
714 4796 1016 4868 πληρώσας
1051 4796 1185 4850 ποτὲ
1222 4796 1426 4853 ὀστέων
1449 4796 1678 4860 πίνακα,
1708 4792 1926 4866 ἔπεμψε

327 4888 586 4955 Διογένει
625 4888 704 4960 τῷ
731 4888 956 4960 Κυνικῷ
1006 4890 1302 4960 φιλοσόφῳ·
1340 4891 1370 4945 ὁ
1413 4889 1473 4945 δὲ
1511 4888 1710 4953 λαϐὼν,
1751 4884 1923 4953 εἷπεν,

326 4978 580 5035 Κυνικὸν
607 4978 709 5051 μὲν
739 4980 801 5034 τὸ
832 4980 1050 5053 βρῶμα,
1083 4982 1146 5036 οὐ
1174 4980 1455 5052 βασιλικὸν
1485 4981 1545 5035 δὲ
1574 4981 1635 5035 τὺ
1660 4980 1854 5050 δῶρον.

422 5154 485 5212 '0
535 5157 699 5221 αὐτὸς
743 5153 921 5221 εἶπεν,
973 5158 1075 5229 τῆς
1115 5160 1285 5231 αὐτῆς
1336 5161 1615 5232 ἁμαρτίας
1670 5158 1832 5227 εῖναι,
1864 5161 1926 5215 τὸ

323 5249 544 5307 διδόναι
568 5245 652 5315 οἷς
695 5251 773 5322 μὴ
801 5251 904 5315 δεῖ,
933 5252 1028 5305 καὶ
1053 5252 1113 5306 τὸ
1149 5253 1225 5323 μὴ
1253 5254 1455 5308 διδόναι
1481 5252 1564 5319 οἷς
1590 5254 1690 5308 δεῖ.

408 5342 673 5412 Διογένης
718 5342 1018 5414 ἐρωτηθεὶς
1072 5342 1179 5397 ὐπό
1221 5358 1400 5410 τινος,
1439 5345 1529 5399 διὰ
1574 5345 1698 5401 τίνα
1740 5346 1924 5400 αἰτίαν

317 5431 381 5484 οἰ
419 5429 721 5501 ἂνθρωποι,
761 5432 874 5495 τοῖς
922 5431 1024 5503 μὲν
1057 5434 1435 5519 προσαιτοῦσι,
1455 5434 1682 5489 διδόασι’
1717 5437 1830 5499 τοῖς
1860 5435 1920 5489 δὲ

315 5520 746 5592 φιλοσοφοῦσιν,
790 5523 1065 5594 οὐδαμῶς,
1099 5519 1422 5587 εῖπεν.””οτι
1469 5528 1635 5599 χωλοὶ
1692 5529 1792 5599 μὲν
1827 5527 1923 5582 καὶ

311 5612 530 5684 τυφλοὶ
559 5612 695 5678 ἰσως
720 5612 1003 5680 ἐλπίζουσι
1033 5616 1314 5685 γενέσθαι,
1351 5618 1632 5689 φιλόσοφοι
1660 5618 1718 5673 δὲ
1762 5617 1869 5691 οὐν

957 5731 1301 5789 Φιλιστίων.

517 5819 595 5890 τῇ
620 5820 1196 5897 δανείζειῃςρεῒττόν
1225 5824 1397 5879 ἐστιν
1420 5826 1460 5895 ἣ
1486 5825 1757 5897 βροτοῖς,

404 5891 567 5959 "Huc
618 5892 838 5961 τόκους
867 5892 1076 5947 δίδωσι
1106 5894 1192 5964 μὴ
1227 5891 1608 5966 λυποιψέῦη.

2027 4703 2217 4758 decem
2253 4703 2407 4759 dare.

2098 4794 2247 4850 Idem
2298 4795 2514 4853 discum
2569 4795 2792 4853 ossibus
2849 4797 3076 4867 plenum
3133 4798 3364 4870 Diogeni
3413 4799 3621 4872 Cynico

2026 4886 2361 4957 philosopho
2410 4886 2602 4941 misit:
2651 4903 2761 4959 quo
2798 4899 3048 4964 accepto,
3090 4890 3206 4945 ait:
3239 4892 3340 4953 Est
3392 4892 3618 4964 quidem
3702 4931 3709 4939 ο

2028 4977 2191 5043 cibus
2252 4978 2482 5049 cynicus
2532 4980 2661 5052 (qui
2723 4980 2937 5037 scilicet
2993 4997 3185 5037 canem
3240 4983 3479 5056 deceat),
3520 4987 3617 5043 sed

2026 5068 2234 5125 donum
2258 5070 2488 5127 minime
2526 5072 2761 5144 regium.

2097 5160 2247 5215 Idem
2298 5161 2550 5221 dicebat:
2601 5163 2660 5219 In
2690 5163 2886 5219 eodem
2911 5164 3230 5236 ponendum
3278 5166 3438 5234 vitio,
3484 5167 3615 5222 dare

2026 5251 2291 5324 indignis,
2327 5262 2385 5317 et
2418 5253 2603 5326 dignis
2635 5270 2747 5310 non
2782 5258 2937 5312 dare.

2095 5344 2369 5417 Diogenes
2396 5363 2428 5402 a
2484 5347 2725 5418 quodam
2777 5358 3002 5421 rogatus
3032 5349 3165 5421 quid
3222 5364 3401 5405 causae
3446 5362 3614 5416 esset,

2025 5449 2128 5490 cur
2187 5436 2446 5492 homines
2488 5438 2764 5494 mendicis
2814 5439 3030 5506 darent,
3090 5440 3439 5512 philosophis
3482 5456 3615 5498 tero

2024 5529 2165 5584 nihil
2194 5530 2568 5602 largirentur:
2601 5529 2762 5597 Quia,
2789 5532 2992 5603 inquit,
3019 5548 3077 5588 se
3112 5532 3342 5589 claudos
3367 5542 3615 5590 etcaecos

2025 5621 2145 5680 fore
2163 5634 2485 5695 exspectare
2501 5632 2757 5694 possunt,
2772 5624 3135 5696 philosophos
3154 5635 3339 5680 autem
3362 5626 3610 5682 minime.

2666 5737 2968 5794 Pliilistion.

2101 5828 2332 5901 [’ra'stat
2361 5836 2540 5896 terrm,
2569 5848 2731 5901 quam
2771 5830 3103 5897 mortalibus,
3146 5839 3389 5885 mutuum
3415 5830 3582 5897 dare;

2098 5897 2226 5973 Qui;
2252 5915 2357 5955 non
2393 5897 2590 5973 invita
2613 5918 2808 5957 usuras
2839 5902 3024 5956 reddat
3048 5917 3109 5956 ac
3140 5901 3344 5974 [ωπον-α.
