4094 6396
299 382 339 440 '7
353 381 411 442 Π
610 380 615 387 ’
1624 371 1795 433 LOCI
1833 369 1941 431 COl

2040 330 2275 430 :UNEs.
2402 374 2411 379 '
2526 396 2535 406 -
3480 363 3585 423 773

305 515 399 552 ναι
437 495 727 569 ἄρχεσθαι,
761 494 1063 549 κινδυνεύει
1115 491 1298 563 πολλῷ
1347 486 1730 564 χαλεπώτερον
1755 483 1897 542 εἷναι
1928 518 1941 553 Α

2040 502 2151 549 ere,
2200 484 2511 556 perieulum
2544 490 2628 541 est
2656 497 2727 537 ne
2777 481 2953 538 multo
2999 479 3284 536 difﬁcilius
3323 479 3398 535 sit
3444 480 3587 534 scire

311 590 374 642 τὸ
404 588 607 643 εἰδέναι
640 586 829 659 ἄρχειν
852 584 1178 658 ἀνθρώπων.

2040 593 2211 648 npera
2220 594 2297 633 re.

399 681 466 735 Ἥ
497 682 599 752 μὲν
636 680 854 746 ἀταξία,
885 678 1150 750 ἀναρχίας
1178 676 1299 730 ἐστὶ
1326 673 1637 745 γνώρισμα·
1668 670 1778 741 ἡδὲ
1809 668 1904 722 τά-

2072 670 2299 725 Ordinis
2343 668 2623 739 perversio
2654 682 2720 733 ac
2759 664 3015 721 confusio
3071 664 3278 719 indicio
3325 672 3431 728 est,
3477 678 3588 718 non

316 771 420 839 ξις,
454 772 545 825 τὸν
579 771 985 843 ἡγεμονεύοντα
1021 770 1284 823 δείκνυσι.
1332 766 1398 819 Τί
1434 767 1542 835 γὰρ
1573 762 1766 831 ὄφελος
1807 778 1905 813 κυ-

2041 778 2127 816 εεε
2159 763 2253 831 qui
2289 762 2610 832 magistratu
2642 760 2828 829 praesit
2848 777 2861 812 :
2881 767 2937 813 at
2966 758 3106 813 ordo
3147 757 3346 812 ducem
3396 755 3591 825 praesi—

319 864 556 937 6ερνήτῃ
578 858 719 918 εἶναι
750 863 1011 935 χρηστὸν,
1043 862 1303 931 πονηροῖς
1336 857 1620 930 χρώμενον
1651 856 1900 925 ὲρέταις;

2040 867 2244 920 emque
2291 851 2559 907 ostendit.
2600 850 2745 917 Quid
2784 851 2933 929 enim
2979 850 3155 919 juvat.
3209 848 3358 917 quod
3414 849 3593 900 bonus

1452 984 1459 989 ο
2008 942 2367 1014 gubernator,
2401 942 2496 1012 qui
2534 958 2735 1012 pravos
2772 924 2941 1010 opera
2996 938 3236 1007 remiges
3288 937 3586 991 adhibeat?

2080 1034 2277 1098 Nemo,
2309 1034 2397 1088 cui
2434 1043 2552 1089 tuto
2593 1035 2751 1103 sequi
2794 1034 2979 1095 liceat,
3022 1047 3138 1085 rem
3191 1032 3325 1085 alea:
3374 1030 3593 1100 plenam

2012 1144 2251 1200 praeesse
2293 1128 2607 1183 desideret:
2669 1141 2847 1194 neque
2909 1139 3041 1177 vero
3092 1121 3456 1192 subjectionis
3508 1120 3595 1174 lex

2015 1221 2371 1290 infringatur,
2398 1235 2520 1289 qua:
2548 1225 2606 1272 et
2640 1226 2860 1271 terrena
2893 1225 2951 1269 et.
3000 1208 3249 1269 eoeleStia
3282 1218 3595 1267 conservat.

2089 1314 2286 1387 Reges,
2341 1326 2601 1381 purpurae
2655 1309 3025 1363 reverentiam
3082 1305 3330 1370 habete;
3391 1302 3597 1357 etenim

392 1041 597 1110 Μῆτις
628 1037 749 1091 ὲνὸν
783 1036 1083 1098 ἀκινδύνως
1129 1033 1380 1096 ἕπεσθαι,
1421 1032 1608 1101 ἄρχειν
1633 1030 1909 1083 ἐπικινδύ-

322 1148 434 1194 νως
463 1127 845 1200 ὲπιθυμείσθω
871 1144 885 1160 ⁸
923 1128 1044 1199 μηδ’
1072 1129 1100 1181 ὁ
1119 1127 1216 1196 τῆς
1251 1124 1533 1194 ὑποταγῆς
1560 1123 1723 1193 νόμος
1749 1140 1914 1175 κατα-

322 1222 557 1287 λυέσθω,
597 1216 630 1287 ἣ
663 1221 761 1276 καὶ
796 1219 865 1273 τά
917 1219 1137 1287 ἐπίγεια
1171 1219 1390 1287 συνέχει
1429 1219 1525 1269 καὶ
1554 1215 1626 1268 τὰ
1658 1215 1910 1286 οὐράνια.

398 1311 465 1362 Οί
491 1308 758 1379 βασιλεῖς,
801 1306 1038 1361 αίδεῖσθε
1063 1307 1163 1374 τὴν
1194 1305 1489 1375 ἁλουργίδα
1508 1321 1521 1335 ⁸
1558 1304 1915 1373 νομοθετήσει

320 1401 437 1472 γὰρ
467 1401 565 1454 καὶ
591 1399 914 1470 νομοθέταις
937 1399 967 1451 ὁ
993 1397 1175 1465 λόγος.
1198 1394 1502 1449 Γινώσκετε
1521 1395 1574 1448 τί
1604 1395 1663 1448 τὸ
1693 1412 1910 1448 πιστευο

2040 1404 2160 1458 alio
2193 1402 2363 1457 etiam
2411 1399 2826 1471 legislatoribus
2861 1399 3037 1467 legem
3073 1396 3340 1465 imponet.
3391 1392 3600 1448 Intelli-

324 1493 420 1548 θὲν
457 1493 613 1562 ὑμῖν,
653 1490 751 1544 καὶ
785 1490 838 1543 τί
888 1489 950 1542 τὸ
982 1490 1115 1559 περὶ
1154 1489 1300 1558 ὑμᾶς
1335 1490 1657 1558 μυστήριον.
1697 1489 1918 1556 Κόσμος

2040 1495 2130 1564 ;ite
2157 1494 2305 1563 quod
2362 1493 2521 1547 vobis
2561 1491 2836 1546 creditum
2879 1498 2986 1555 est,
3024 1499 3081 1543 et
3109 1488 3273 1558 quale
3308 1486 3401 1550 sit,
3452 1486 3599 1556 quod

327 1585 451 1648 ὅλος
481 1583 588 1637 ὑπὸ
629 1585 788 1653 χεῖρα
832 1581 935 1652 τὴν
969 1580 1250 1651 ἡμετέραν
1293 1579 1588 1650 διαδήματι
1622 1577 1804 1651 μικρῷ
1825 1579 1919 1631 καὶ

2040 1603 2119 1643 ros
2140 1586 2434 1656 contingit.
2481 1583 2825 1656 mysterium.
2874 1580 3112 1635 Mundus
3159 1580 3457 1637 universus
3497 1577 3603 1633 sub

329 1673 528 1746 βραχεῖ
578 1672 752 1744 ῥακίῳ
817 1668 1212 1742 κρατούμενος.
1270 1668 1352 1721 Τά
1403 1668 1505 1738 μὲν
1563 1667 1699 1736 ἀνω,
1756 1670 1919 1738 μόνου

2040 1695 2188 1734 nanu
2233 1688 2415 1733 vestra
2464 1678 2659 1749 exigua
2720 1676 2893 1731 fascia
2952 1689 3233 1744 parvoque
3297 1672 3597 1743 panniculo

326 1764 467 1819 Θεοῦ
496 1781 513 1796 ο
545 1765 617 1818 τά
648 1763 703 1817 δὲ
737 1765 909 1829 κάτω,
944 1763 1040 1816 καὶ
1075 1761 1251 1833 ὑμῶν.
1280 1761 1407 1837 Geel.
1449 1760 1665 1830 γίνεσθε
1694 1763 1803 1824 τοῖς
1832 1759 1921 1827 ὑφ’

2040 1781 2270 1829 .enetur.
2318 1762 2570 1841 Superna
2599 1770 2848 1840 quidem,
2894 1769 3070 1823 solius
3100 1767 3197 1821 Dei
3245 1775 3408 1821 sunt:
3466 1763 3604 1819 infe-

328 1857 500 1928 ὑμᾶς·
529 1857 621 1911 ἳνα
653 1855 797 1910 εἴπω
828 1872 882 1907 τι
910 1854 1004 1908 καί
1036 1854 1460 1925 τολμηρότερονο
1489 1853 1714 1922 Καρδία
1734 1853 1921 1918 βασι-

2040 1867 2175 1921 riora
2203 1880 2340 1919 vero
2374 1879 2441 1918 ac
2465 1874 2710 1927 terrena,
2735 1862 2904 1917 etiam
2941 1868 3145 1915 vestra.
3184 1858 3268 1912 Dii
3297 1866 3476 1913 estote
3514 1857 3607 1921 iis,

328 1947 485 2014 λέως
521 1947 592 2002 ἐν
630 1946 782 2017 χειρὶ
814 1946 986 2010 Θεοῦ,
1016 1945 1111 1998 καὶ
1153 1944 1368 2017 εἴρηται
1406 1945 1500 1999 καὶ
1540 1944 1919 1998 πεπίστευται.

342 2039 610 2095 Ἐνταῦθα
638 2039 747 2093 ἔσω
778 2041 840 2092 τὸ
878 2038 1077 2109 κράτος
1108 2036 1285 2106 ὑμῶν,
1320 2036 1457 2091 ἀλλὰ
1487 2036 1565 2107 μὴ
1598 2038 1654 2088 ὲν
1680 2035 1758 2106 τῷ
1786 2052 1921 2108 χρυ-

340 2130 422 2204 σῷ
460 2131 558 2186 καὶ
599 2133 723 2193 ταῖς
765 2130 1022 2200 φάλαγξι.

410 2305 483 2358 Τὸ
509 2304 839 2376 δραστήριον
877 2301 1091 2356 δείκνυε
1136 2301 1211 2371 μὴ
1259 2299 1338 2371 τῷ
1367 2300 1501 2371 δρᾷν
1530 2296 1743 2360 κακῶς,
1769 2294 1849 2366 τῷ
1878 2292 1924 2347 δ’

331 2392 400 2453 εὖ
425 2415 479 2452 τι
509 2399 709 2459 ποιεῖν,
755 2399 806 2449 εί
857 2395 1033 2458 θέλεις
1069 2388 1211 2471 εἶναι
1262 2392 1404 2456 θεός.
1438 2392 1516 2444 Τὸ
1553 2390 1611 2444 δὲ
1642 2390 1790 2443 ἔστιν
1831 2389 1928 2442 ἀν-

328 2488 464 2561 δρὸς
493 2487 696 2551 εἰδότος
739 2487 1049 2555 συγγενεῖς·
1086 2484 1291 2538 κτείνει
1333 2482 1392 2536 δὲ
1428 2483 1605 2553 ῥᾷστα
1644 2481 1742 2534 καὶ
1792 2497 1926 2552 τρυε

335 2577 455 2649 γὼν
486 2578 559 2651 (e)
594 2578 690 2631 καὶ
723 2576 1010 2646 σκορπίος.

412 2867 716 2936 Χρυσοστ.
750 2893 822 2904 --
847 2862 1028 2933 Τιμῆς
1071 2834 1324 2932 μέγεθος,
1358 2862 1471 2923 τοῖς
1498 2859 1598 2913 οὐκ
1618 2848 1791 2923 ἀξίως
1828 2858 1929 2929 ζῇν

330 2955 824 3030 προαιρουμένοις,
861 2951 1157 3024 προσθήκη
1194 2950 1475 3022 τιμωρίας
1504 2950 1679 3004 ἐστίν.

417 3128 711 3193 Βασιλείας
746 3125 844 3181 τοῦ
895 3125 1031 3180 Θεοῦ
1073 3124 1169 3180 δύο
1197 3088 1340 3181 οἶδεν
1368 3128 1403 3196 ἡ
1433 3127 1650 3199 Γραφὴ,
1690 3126 1791 3198 τὴν
1830 3125 1930 3197 μὲν

2025 1954 2121 2025 qui
2149 1955 2206 2008 in
2235 1954 2448 2008 ditione
2475 1961 2625 2016 sunt,
2659 1960 2721 2006 ut
2747 1959 2807 2005 et
2836 1948 3048 2019 aliquid
3079 1946 3350 2002 audacius
3376 1944 3606 2015 loqua‘r:

2026 2046 2130 2103 Cor
2150 2047 2287 2117 regis
2312 2047 2369 2100 in
2399 2060 2564 2098 manu
2590 2042 2685 2096 Dei
2712 2041 2893 2112 (Prov.
2922 2056 3031 2105 ιιι,
3061 2040 3138 2110 l),
3176 2046 3233 2093 et
3256 2037 3468 2092 dictum
3501 2044 3610 2099 est,

2025 2148 2083 2194 et
2107 2139 2401 2195 creditum.
2429 2136 2547 2191 Illic
2570 2134 2735 2205 559
2762 2133 3111 2189 vestrum'sit
3141 2130 3366 2201 imperii
3415 2129 3612 2193 robur,

2026 2247 2140 2286 non
2164 2231 2222 2286 in
2238 2245 2394 2304 .auro
2424 2226 2765 2304 armatisque
2787 2223 3079 2278 militibus.
3554 2242 3559 2247 ·

2100 2324 2224 2379 Vim
2240 2302 2664 2388 efficaciam‘que
2691 2315 2890 2388 agendi
2923 2313 3178 2378 ostende,
3216 2328 3331 2368 non
3361 2319 3423 2367 ut
3450 2310 3615 2375 male,

2029 2412 2127 2468 sed
2173 2420 2235 2466 ut
2290 2409 2425 2465 boni
2470 2407 2684 2479 aliquid
2729 2423 2879 2478 agas,
2928 2407 2978 2461 si
3007 2405 3146 2460 deus
3189 2419 3314 2459 esse
3342 2403 3503 2458 velis.
3556 2401 3618 2458 Id

2028 2505 2294 2561 nimirum
2335 2504 2441 2557 viri
2474 2511 2559 2557 est
2605 2501 2701 2572 qui
2732 2509 2988 2555 naturam
3041 2512 3331 2571 genusque
3373 2493 3615 2550 noverit.

2031 2598 2214 2652 Facile
2284 2612 2418 2651 vero
2481 2604 2599 2649 tum
2657 2592 2876 2665 τρυγὼν
2929 2586 3619 2662 (pastinacam-marinam

2030 2688 2212 2743 Latini
2251 2695 2473 2748 vocant,
2519 2692 2671 2739 tanta
2716 2698 2845 2739 cum
2889 2689 3106 2737 turture
3138 2675 3453 2748 ὁμωνυμίᾳ)
3501 2683 3619 2732 tum

2030 2779 2283 2849 scorpius
2309 2785 2531 2832 necant.

2102 2869 2369 2940 Chrysost.
2401 2897 2474 2908 ——
2507 2865 2746 2921 Honoris
2767 2861 3116 2933 magnitudo,
3146 2862 3236 2917 his
3255 2860 3353 2931 qui
3380 2876 3493 2915 non
3521 2874 3624 2930 pro

2030 2962 2153 3032 ejus
2199 2958 2471 3031 dignitate
2511 2958 2685 3012 vitam
2740 2952 3388 3023 instituunt,-supplieii
3440 2964 3628 3006 acces-

2031 3051 2116 3108 sio
2142 3058 2245 3107 est.

2110 3143 2228 3196 Duo
2278 3140 2375 3196 Dei
2429 3154 2599 3210 regna
2647 3138 2809 3193 novit
2863 3136 3176 3206 Scriptura,
3236 3135 3472 3201 alterum
3527 3148 3629 3203 per

333 3223 472 3277 κατ’
504 3221 804 3284 οίκείωσιν,
837 3219 934 3289 τὴν
967 3218 1023 3271 δὲ
1054 3219 1200 3272 κατά
1227 3218 1616 3307 δημιουργίαν.
1649 3218 1934 3272 Βασιλεύει

2040 3232 2538 3296 necessitudinem,
2566 3231 2808 3307 alterum
2846 3229 3148 3284 creationis
3175 3226 3323 3305 jure.
3375 3226 3475 3280 Est
3496 3241 3630 3280 vero

338 3315 454 3385 μὲν
489 3316 598 3385 γὰρ
616 3312 897 3376 ἁπάντων,
929 3311 1028 3363 καὶ
1057 3309 1355 3381 Ἑλλήνων,
1383 3312 1484 3364 καὶ
1523 3298 1813 3376 Ἰουδαίων,
1847 3312 1943 3365 καὶ

333 3405 645 3475 δαιμόνων,
687 3405 783 3458 καὶ
816 3401 928 3456 τῶν
969 3400 1469 3474 ἀντιτεταγμένων,
1512 3404 1655 3457 κατά
1706 3404 1798 3456 τὸν
1842 3403 1941 3473 τῆς

335 3496 716 3567 δημιουργίας
747 3486 932 3564 λόγον.
1608 3476 1617 3482 ’

435 3588 603 3641 Ὅταν
647 3589 836 3660 ἄρχων
882 3589 1250 3660 ἀνεπίληπτος
1373 3589 1530 3655 πᾶσι,
1554 3588 1675 3642 τότε
1718 3586 1945 3642 δύναται

349 3680 482 3754 μεθ’
510 3682 641 3752 ὅσης
676 3680 928 3751 βούλεται
970 3680 1347 3746 ἐξουσίας-καὶ
1386 3679 1640 3744 κολάζειν
1675 3680 1773 3734 καὶ
1805 3695 1938 3750 συγο

346 3775 577 3846 χωρεῖν,
607 3773 736 3836 τοὺς
769 3773 864 3827 ὑπ’
901 3774 1053 3844 αύτῷ
1083 3774 1443 3845 ταττομένους
1477 3772 1745 3837 ἅπαντας.

430 3953 597 4037 Οὐδὲν
637 3954 783 4009 οὕτω
831 3954 1073 4009 δείκνυσι
1110 3955 1203 4008 τὸν
1231 3954 1330 4026 τὴν
1356 3955 1532 4027 ἀρχὴν
1568 3954 1762 4026 ἔχοντα
1801 3954 1877 4020 ὡς
1911 3956 1946 4027 ἡ

347 4044 716 4118 φιλοστοργία
749 4048 878 4117 περὶ
904 4048 1033 4111 τοὺς
1057 4047 1418 4118 ἀρχομένους.
1447 4048 1559 4101 Καὶ
1591 4048 1702 4119 γὰρ
1734 4048 1949 4118 πατέρα

342 4137 420 4191 οὐ
459 4137 521 4190 τὸ
554 4138 816 4208 γεννῆσαι
850 4139 1012 4208 μόνον
1041 4143 1207 4204 ποιεῖ,
1234 4139 1372 4193 ἀλλά
1399 4141 1492 4194 καὶ
1524 4140 1583 4193 τὸ
1609 4140 1785 4208 φιλεῖν
1809 4141 1950 4212 μετά

344 4229 422 4282 τὸ
452 4231 731 4301 γεννῆσαι.
764 4232 828 4284 Ei
850 4231 906 4284 δὲ
939 4231 1068 4286 ἔνθα
1101 4231 1287 4302 φύσις,
1321 4232 1549 4305 ἀγάπης
1586 4233 1765 4304 χρεία,
1817 4233 1951 4286 πολ-

344 4319 440 4391 λῷ
468 4321 670 4392 μᾶλλον
704 4322 835 4376 ἔνθα
868 4324 900 4394 ἡ
935 4323 1120 4395 χάρις.

436 4412 552 4465 Οὐκ
577 4414 637 4465 ἐν
665 4416 731 4484 τῇ
766 4415 972 4484 χλανίδι
1020 4414 1117 4469 καὶ
1150 4417 1218 4487 τῇ
1255 4413 1421 4486 ζώνῃ,
1445 4414 1567 4468 οὐδὲ
1610 4415 1668 4467 ὲν
1702 4417 1766 4485 τῇ
1799 4417 1948 4486 φωνῇ

2043 3324 2350 3381 creationis
2406 3323 2512 3377 hac
2565 3321 2783 3376 ratione
2836 3318 3227 3374 universorum
3281 3316 3421 3381 Rex,
3460 3313 3630 3370 etiam

2041 3418 2359 3475 Graecorum
2417 3423 2475 3470 et
2524 3412 2846 3469 Iudaeorum
2903 3418 2960 3465 et
3026 3409 3379 3475 daemonum;
3434 3421 3629 3463 eorum

2042 3510 2286 3579 denique
2318 3509 2415 3578 qui
2442 3504 2662 3561 adversi
2693 3502 2898 3558 animis
2929 3509 3082 3556 sunt.

2112 3603 2252 3660 Cum
2283 3602 2330 3657 is
2359 3600 2453 3670 qui
2476 3597 2803 3667 magistratu
2857 3600 3061 3665 praeest
3121 3592 3341 3647 cunctis
3388 3591 3633 3661 irrepre-

2044 3694 2255 3749 bensus
2284 3698 2392 3755 est,
2427 3698 2561 3743 tunc
2606 3687 2956 3756 quantalibet
3006 3687 3283 3755 potestate
3325 3690 3380 3739 et
3440 3696 3637 3753 poenas

2044 3787 2297 3856 irrogare
2343 3777 2402 3839 εἰ
2434 3780 2754 3837 condonare
2790 3764 3077 3833 omnibus
3105 3776 3346 3846 imperio
3395 3774 3635 3831 subditis

2049 3883 2255 3946 potest.
3166 3929 3179 3939 ,

2118 3963 2269 4019 Nihil
2303 3970 2389 4017 est
2424 3960 2574 4032 quod
2614 3961 2696 4016 sic
2741 3959 3056 4030 principem
3101 3956 3379 4018 ostendat,
3421 3970 3486 4009 ac
3537 3970 3636 4024 pa-

2049 4065 2206 4112 terna
2240 4070 2380 4125 pene
2411 4069 2544 4124 erga
2570 4052 2840 4108 subditos
2856 4050 3067 4105 amoris
3119 4049 3223 4103 vis.
3265 4047 3400 4101 Nam
3434 4053 3492 4100 et
3539 4061 3640 4115 pa-

2048 4157 2191 4203 trem
2217 4162 2328 4201 non
2349 4146 2457 4201 hoc
2487 4144 2666 4200 solum
2686 4143 2843 4207 facit,
2866 4141 3017 4212 quod
3045 4141 3260 4212 genuit,
3282 4138 3380 4194 sed
3410 4145 3466 4193 et
3492 4137 3641 4207 quod

2048 4239 2260 4294 liberos
2287 4244 2459 4315 amat,
2490 4251 2629 4306 quos
2672 4234 2924 4291 sustulit.
2955 4232 3117 4300 Quod
3153 4232 3200 4286 si
3259 4247 3449 4286 amore
3502 4245 3644 4300 opus

2053 4329 2146 4383 ubi
2173 4336 2395 4393 natura,
2431 4328 2636 4399 potiori
2665 4327 2831 4396 longe
2869 4324 3090 4380 ratione
3119 4323 3215 4378 ubi
3247 4322 3447 4393 gratia.

2122 4419 2244 4475 Non
2294 4420 2351 4474 in
2412 4420 2555 4475 laena
2601 4425 2658 4473 et
2715 4432 2876 4481 zona,
2919 4431 3027 4471 nec
3066 4415 3124 4470 in
3179 4414 3452 4485 praeconis
3504 4428 3644 4468 voce

349 4503 459 4559 τοῦ
487 4506 728 4575 κήρυκος
753 4506 960 4577 ἄρχων,
992 4506 1108 4560 ἀλλ’
1145 4508 1201 4559 ὲν
1235 4505 1314 4577 τῷ
1341 4506 1412 4560 τὰ
1433 4508 1787 4577 πεπονηκότα
1815 4508 1941 4559 ἁνα-

2054 4516 2304 4571 cernitur
2354 4513 2639 4584 princeps,
2692 4510 2792 4566 sed
2860 4508 3013 4578 quod
3077 4523 3143 4563 ea
3207 4522 3330 4577 quae
3390 4505 3648 4559 laborant

354 4615 398 4651 κ
423 4597 624 4662 -ἄσθαι,
664 4598 763 4651 καὶ
800 4598 867 4651 τὰ
899 4599 1089 4663 κακῶς
1120 4598 1315 4670 ἔχοντα
1343 4599 1592 4671 διορθοῦν
1619 4616 1630 4629 ·
1666 4600 1761 4653 καὶ
1790 4600 1952 4653 κολάο

354 4688 484 4753 ζειν
527 4690 626 4759 μὲν
657 4690 899 4745 ἀδικίαν·
944 4690 1019 4760 μὴ
1067 4693 1374 4761 συγχωρεῖν
1400 4690 1458 4743 δὲ
1492 4690 1599 4743 ὑπὸ
1630 4688 1953 4753 δυναστείας

240 4814 245 4817 ~
354 4781 432 4833 τὸ
466 4780 680 4834 δίκαιον
713 4781 1147 4835 ἀπελαύνεσθαι.
1222 4786 1229 4791 “

441 4872 661 4926 Φίλων.
691 4901 764 4912 -
797 4874 858 4925 ’0
897 4873 996 4942 μὲν
1042 4873 1175 4936 Θεὸς
1216 4873 1432 4937 οὐδενὸς
1468 4874 1675 4927 δεῖται·
1731 4876 1758 4927 ὁ
1800 4873 1957 4957 ἦασι-

354 4963 497 5025 λεὺς
527 4963 605 5028 δὲ,
640 4965 803 5034 μόνου
834 4964 990 5018 Θεοῦ.
1024 4964 1210 5034 Μιμοῦ
1245 4965 1439 5025 τοίνυν,
1467 4966 1560 5019 τὸν
1592 4966 1806 5030 οὐδενὸς
1840 4967 1958 5020 δεό-

2052 4609 2362 4668 instauret,
2390 4613 2449 4661 et
2471 4619 2594 4675 qua:
2625 4602 2768 4658 male
2800 4600 3009 4656 habent
3037 4600 3300 4669 corrigat,
3342 4598 3647 4668 puniatque

2054 4697 2360 4769 improbos,
2389 4711 2492 4751 nec
2526 4709 2628 4765 per
2656 4691 2962 4764 potentiam
2994 4691 3081 4762 jus
3101 4689 3378 4744 eliminari
3410 4704 3475 4743 ac
3511 4702 3647 4743 con-

2053 4789 2182 4845 velli
2216 4789 2381 4843 sinat.

2124 4878 2394 4935 Philonis.
2420 4907 2492 4922 ——
2525 4877 2674 4932 Deus
2699 4875 2910 4955 nullius
2936 4884 3108 4947 eget;
3170 4889 3288 4940 rex,
3322 4873 3498 4929 solius
3529 4872 3647 4927 Dei.

2058 4972 2280 5028 Imitare
2322 4970 2491 5042 igitur
2534 4985 2698 5035 eum,
2745 4969 2840 5039 qui
2890 4969 3101 5022 nullius
3141 4975 3287 5038 eget,
3335 4966 3653 5036 largamque

364 5071 558 5125 μενον,
615 5057 711 5109 καὶ
768 5056 1061 5126 δαψιλεύου
1103 5059 1218 5118 τοῖς
1265 5054 1480 5108 αίτοῦσι
1527 5056 1619 5108 τὸν
1673 5056 1843 5121 ἔλεον,
1882 5057 1941 5122 μὶ

2061 5064 2501 5120 misericordiam
2531 5062 2855 5134 petentibus
2885 5059 3168 5131 impende,
3208 5075 3333 5114 cum
3361 5057 3473 5111 tuis
3522 5072 3655 5126 sup-

363 5147 904 5219 ἀκριόολογούμενος
938 5149 1067 5219 περὶ
1092 5148 1220 5211 τοὺς
1255 5149 1382 5211 σοὺς
1416 5148 1621 5212 ίκὲτας,
1655 5149 1794 5204 ἀλλά
1828 5153 1940 5204 πᾶσ

2062 5156 2302 5227 plicibus
2329 5156 2694 5227 summojure
2724 5169 2832 5208 non
2882 5167 3073 5222 agens,
3125 5150 3221 5205 sed
3260 5148 3480 5203 cunctis
3526 5147 3653 5201 vitae

363 5241 631 5309 παρέχων
656 5241 753 5304 τὰς
781 5240 916 5310 πρὸς
944 5241 1005 5293 τὸ
1034 5240 1131 5311 ζῇν
1163 5232 1437 5310 ἀφορμάς.
1466 5241 1610 5294 Πολὺ
1638 5242 1747 5312 γὰρ
1781 5245 1963 5312 κρεῖτ-

360 5331 466 5383 τόν
513 5335 629 5385 ἐστι
672 5332 758 5386 διὰ
797 5335 924 5395 τοὺς
956 5331 1143 5398 ἀξίους
1171 5333 1342 5386 ἐλεεῖν
1387 5334 1483 5386 καὶ
1512 5334 1640 5398 τοὺς
1686 5334 1960 5400 ἀναξίους,

2063 5255 2433 5301 commeatum
2478 5244 2753 5314 praebens.
2808 5244 3040 5297 Multum
3096 5241 3245 5294 enim
3299 5244 3542 5309 praestat,
3596 5237 3653 5290 in

2064 5353 2258 5393 eorum
2287 5338 2382 5406 qui
2412 5337 2565 5407 digni
2592 5349 2820 5391 munere
2841 5343 2990 5399 sunt,
3018 5332 3276 5404 gratiam,
3317 5331 3481 5385 etiam
3511 5327 3655 5382 indi—

1902 5489 2135 5548 NOTAE.

452 5575 521 5648 (e)
548 5576 653 5631 Καὶ
680 5576 928 5647 τρυγών.
961 5577 1079 5632 Νοη
1111 5580 1252 5633 alius
1283 5579 1505 5633 videtur
1532 5594 1748 5641 sensus,
1775 5595 1938 5648 quam

365 5662 563 5730 quem.
582 5648 745 5717 paulo
765 5649 1019 5728 pluribus
1040 5649 1095 5702 in
1124 5648 1378 5730 versione
1424 5650 1704 5717 expressi:
1737 5658 1794 5702 ut
1820 5650 1954 5703 velit

375 5716 520 5796 nihil
545 5716 751 5796 juvare.
774 5718 918 5796 regis
959 5734 1190 5796 nomen,
1225 5720 1268 5772 si
1302 5716 1507 5786 reipsa’
1535 5727 1804 5796 tyrannus
1834 5729 1951 5783 est;

374 5787 470 5843 uti
489 5803 589 5842 nec
608 5787 755 5856 quod
786 5788 1085 5856 pisciculus
1138 5789 1228 5843 ille
1271 5787 1598 5855 venenatus,
1643 5790 1760 5844 avis
1802 5805 1957 5843 man-

702 5880 973 5940 Pnnoc.
1008 5882 1125 5941 Gn.
1164 5882 1317 5944 XCI.

2051 5588 2223 5651 suetae
2253 5580 2329 5651 (id
2353 5588 2454 5651 est
2493 5577 2747 5651 turturis)
2794 5576 2984 5651 Graece
3012 5548 3215 5631 nomen
3257 5575 3657 5651 habeatsper:

2053 5650 2183 5705 inde
2223 5644 2372 5705 enim
2413 5649 2485 5703 sit
2521 5663 2585 5702 ac
2606 5649 2651 5702 si
2680 5644 2933 5716 scorpius
2965 5653 3219 5713 vocetur,
3263 5659 3331 5700 ac
3381 5644 3653 5716 quidquid

2053 5718 2330 5793 ejusmodi
2353 5719 2663 5775 bestiarum
2692 5725 2802 5781 est,

3234 5873 3309 5934 25
