4094 6354
574 340 680 404 779
776 346 777 349 “

1740 342 1801 401 s.
1842 292 2131 401 MAXIM}
2165 308 2681 402 CONFESSQBIS
3715 343 3805 410 ’πω

570 469 803 521 puerum
840 451 1120 518 misereri;
1176 467 1340 521 quam
1386 459 1614 524 propter
1669 453 1943 524 indignos,
1993 455 2151 510 etiam

2267 454 2363 509 καὶ
2394 453 2471 524 μὴ
2491 454 2620 517 τοὺς
2649 453 2839 517 ἀξίους
2873 453 3197 522 ἀποστερεῖν
3228 454 3317 507 διὰ
3379 456 3508 519 τοὺς
3567 458 3807 526 ἀναξίους.

567 546 766 616 dignos
802 542 1085 598 frustrari.

633 633 905 690 Ari'stotel.
944 662 1013 674 -—
1056 633 1158 700 Qui
1213 632 1401 687 multis
1458 633 1575 702 ipse
1627 632 1999 689 formidabilis
2047 644 2151 697 est,

563 728 767 782 multos
796 725 1078 782 formidat.

631 819 800 874 Decet
825 819 1105 889 sapientes
1136 818 1513 889 magistratus,
1556 833 1667 873 non
1707 834 1807 888 pro
1863 822 2153 891 magistra-

564 918 655 963 tus
678 909 855 978 apice,
908 908 1006 964 sed
1049 925 1153 979 pro
1201 910 1472 964 virtutum
1524 911 1677 965 cultu
1731 911 2155 966 admirationem

564 998 805 1064 habere;
841 1016 954 1070 quo
1000 1001 1219 1057 scilicet
1270 1009 1480 1057 mutata
1510 1003 1594 1059 eis
1647 1002 1893 1068 fortuna,
1953 1003 2152 1059 iisdem

562 1090 821 1146 laudibus
855 1092 1234 1148 celebrentur.

629 1182 906 1238 Isocratis.
963 1214 1033 1224 —
1072 1183 1357 1243 Emulare
1419 1203 1530 1243 non
1594 1202 1871 1243 summum
1920 1188 2153 1257 adeptos

560 1274 967 1343 magistratum,
996 1276 1092 1332 sed
1143 1279 1238 1348 qui
1273 1280 1481 1350 optime
1505 1297 1607 1337 suo
1653 1282 1991 1363 magistratu
2024 1281 2152 1336 fun-

559 1372 781 1435 gantur.

629 1457 937 1513 Pessimum
988 1476 1118 1517 eum
1168 1462 1554 1533 magistratum
1601 1463 1845 1531 dicebat,
1889 1462 1985 1535 qui
2022 1479 2150 1520 cum

559 1549 793 1624 imperio
826 1555 932 1611 sibi
962 1570 1197 1625 prtresse
1226 1569 1337 1610 non
1365 1565 1571 1625 posset.

631 1644 794 1716 560
822 1645 1110 1699 Democrit.
1139 1646 1425 1700 —Amari
1469 1647 1655 1716 potius
1703 1646 1846 1703 velis
1896 1646 1953 1701 in
2011 1645 2147 1710 vita,

2347 634 2702 702 Ἄριστοτέλ.
2733 662 2803 674 --
2839 631 2899 684 '0
2930 632 3145 701 πολλοῖς
3196 632 3427 704 φοϐερὸς
3467 633 3567 698 ὢν,
3618 636 3811 697 πολλοὺς

2266 725 2534 794 φοϐεῖται.
2558 719 2565 725 ’

2331 818 2425 868 Δεῖ
2451 818 2578 878 τοὺς
2609 816 2735 870 νοῦν
2760 815 2984 886 ἔχοντας
3008 815 3121 869 τῶν
3152 816 3608 880 δυναστευόντων,
3644 819 3713 890 μὴ
3744 819 3816 875 διὰ

2260 907 2359 969 τὰς
2397 907 2595 977 ἀρχὰς,
2639 906 2777 960 ἀλλὰ
2821 905 2911 961 διὰ
2949 905 3049 970 τὰς
3076 906 3277 978 ἀρετὰς
3323 907 3715 978 θαυμάζεσθαι,
3745 912 3815 965 ἵνα

2259 998 2429 1068 τύχης
2474 998 2919 1069 μεταπεσούσης,
2940 996 3068 1053 ,τῶν
3104 997 3286 1052 αὐτῶν
3327 999 3623 1069 ἐγκωμίων
3647 1000 3813 1065 ἀξιῶν·
3892 1056 3897 1065 ,

2258 1107 2369 1146 ται.

2342 1183 2637 1253 Ἰσοκρὰτ.
2674 1213 2738 1227 --
2766 1182 2940 1254 Ζήλου
2972 1182 3048 1253 μὴ
3073 1182 3200 1247 τοὺς
3231 1181 3496 1253 μεγίστην
3517 1182 3688 1253 ἀρχὴν
3708 1200 3817 1254 am;-

2260 1274 2553 1344 σαμένους,
2588 1274 2728 1329 ἀλλὰ
2774 1275 2903 1338 τοὺς
2942 1274 3144 1346 ἄριστα
3176 1277 3242 1345 τῇ
3277 1273 3531 1345 παρούσῃ
3569 1276 3819 1345 χρησαμέ-

2255 1383 2399 1422 νους.

2333 1383 2349 1418 ›
2386 1408 2399 1422 .

2333 1383 2616 1512 ἰξάκιστον
2652 1459 2841 1528 ἔλεγεν
2885 1458 3126 1529 ἄρχοντα
3156 1454 3323 1525 εἶναι,
3359 1459 3453 1513 τὸν
3501 1461 3686 1531 ἄρχειν
3712 1462 3818 1517 ἑαυ-

2255 1550 2350 1604 τοῦ
2388 1551 2466 1621 μὴ
2494 1550 2812 1621 δυνάμενον.

2326 1645 2644 1714 Δημοκρίτ.
2669 1671 2747 1687 —
2773 1643 3019 1715 Ποθητὸς
3084 1637 3227 1698 εἶναι
3289 1644 3496 1715 μᾶλλον
3537 1645 3571 1716 ἢ
3621 1646 3817 1720 φοϐερδς

559 1752 724 1805 quam
754 1735 953 1791 metui:
981 1751 1146 1806 quem
1181 1737 1330 1791 enim
1361 1751 1557 1794 omnes
1585 1746 1867 1803 metuunt,
1898 1738 2058 1793 timet
2092 1744 2151 1792 et

2257 1738 2401 1791 κατὰ
2429 1737 2523 1791 τὸν
2562 1736 2680 1807 βίον
2713 1736 2982 1809 προαιροῦ
3003 1752 3018 1767 ⁸
3041 1736 3102 1790 ὃν
3132 1736 3244 1809 γὰρ
3279 1739 3485 1802 πάντες
3532 1738 3815 1808 φοὸοὖνται,

556 1825 675 1896 ipse
702 1841 916 1882 omnes.

623 1917 730 1985 Qui
785 1918 1171 1989 magistratum
1229 1919 1394 1988 gerit,
1445 1919 1715 1975 adversus
1762 1930 2012 1990 tempora
2064 1937 2152 1977 re-

555 2025 793 2080 rumque
840 2010 1277 2077 vicissitudines,
1326 2013 1599 2069 rationem
1655 2012 1860 2068 habeat
1923 2029 2149 2069 necesse

555 2100 666 2166 sit;
694 2099 963 2155 adversus
987 2100 1311 2157 contrarios
1341 2117 1405 2157 ac
1434 2111 1817 2167 contumaces,
1857 2103 2147 2158 audaciam

552 2192 836 2262 animique
867 2193 1255 2263 praesentiam;
1291 2210 1422 2266 erga
1454 2194 1699 2268 denique
1740 2196 1998 2253 subditos
2056 2197 2149 2253 be-

551 2284 945 2339 nevolentiam.
1642 2275 1673 2303 ⁶
1913 2341 1917 2345 .

622 2376 729 2443 Qui
759 2375 884 2432 aliis
918 2377 1297 2446 imperaturus
1331 2387 1438 2445 est,
1470 2377 1636 2434 debet
1688 2378 1807 2449 ipse
1848 2380 2006 2449 prius
2039 2379 2147 2435 sibi

431 2468 437 2474 ’
549 2468 845 2538 imperare.

619 2561 894 2618 Clitarclu‘.
924 2593 995 2603 —
1018 2563 1205 2620 Satius
1228 2572 1313 2620 est
1345 2564 1532 2621 stultis
1566 2579 1785 2634 parere,
1837 2578 2004 2634 quam
2045 2565 2148 2619 im-

549 2668 768 2723 perare.

616 2745 894 2816 Diogenes.
932 2776 1004 2787 —-
1039 2747 1281 2818 Rogatus
1313 2745 1787 2818 quemadmodum
1827 2747 2033 2817 aliquis
2089 2748 2147 2802 in

548 2834 771 2890 civitate
800 2851 865 2890 ac
898 2836 1186 2906 republica
1212 2843 1489 2906 poteState
1529 2844 1718 2892 utatur
1744 2854 1757 2890 :
1786 2837 1953 2894 Velut
1995 2838 2144 2909 igne,

551 2929 750 2998 inquit,
799 2935 859 2982 ut
910 2944 1093 2999 neque
1159 2944 1333 2999 prope
1396 2929 1704 2985 admodum
1764 2931 2021 2998 accedat,
2075 2947 2146 2986 ne

546 3026 848 3086 exuratur;
892 3034 1071 3089 neque
1129 3019 1296 3074 nimis
1345 3020 1545 3090 procul
1596 3020 1885 3089 abscedat,
1918 3037 1990 3077 ne
2046 3037 2147 3093 per

550 3108 670 3177 ejus
689 3109 997 3165 absentiam
1023 3110 1220 3180 rigeat.

616 3195 763 3269 Cyri.
793 3229 868 3238 —
892 3199 1110 3254 Nemini
1141 3214 1269 3254 cum
1294 3198 1531 3269 imperio
1580 3217 1817 3271 praeesse
1860 3204 2140 3270 convenit,

549 3285 644 3355 qui
670 3301 784 3341 non
815 3287 1056 3343 subditis
1087 3288 1287 3344 melior
1318 3288 1411 3343 sit.
1762 3360 1768 3367 _

614 3374 852 3431 Solonis.
883 3408 954 3417 —
983 3378 1200 3449 Impera
1225 3377 1531 3435 dummodo
1564 3380 1719 3451 prius
1754 3396 1954 3451 parere
2003 3383 2147 3439 didi-

546 3466 729 3522 ceris:
778 3469 875 3539 qui
932 3471 1084 3526 enim
1134 3487 1329 3543 parere
1384 3470 1603 3541 didicit,
1651 3473 1713 3527 is
1760 3481 1819 3528 et
1872 3473 2144 3544 imperare

547 3560 791 3614 noverit.

621 3640 1002 3724 Magistratum
1047 3653 1324 3725 adeptus,
1387 3656 1559 3715 nullis
1611 3658 1798 3726 pravis
1866 3658 2144 3715 ministris
2196 3720 2213 3727 ,

547 3748 742 3805 utaris.
773 3745 1056 3817 Quidquid
1078 3747 1230 3803 enim
1260 3747 1342 3802 illi
1397 3747 1765 3817 deliquerint,
1798 3748 1857 3804 in
1896 3758 1951 3806 te
1980 3750 2143 3821 culpa

551 3837 938 3904 t'ansferetur,
966 3851 1139 3907 penes
1165 3852 1335 3908 quem
1362 3846 1613 3908 potestas
1636 3837 1728 3891 sit.

615 3932 687 3988 Ut
720 3930 940 4001 plebem
967 3930 1152 3985 colere
1188 3929 1377 3995 debet,
1427 3929 1526 4000 qui
1576 3929 1635 3983 in
1673 3928 2017 3985 democratia
2063 3910 2171 4003 (id

548 4032 656 4088 est,
679 4030 825 4077 statu
861 4020 1115 4091 populari
1144 4019 1433 4089 liberaque
1464 4019 1774 4089 republica)
1828 4020 1966 4074 vivit
1994 4038 2006 4074 :
2061 4023 2144 4076 sic

548 4122 606 4168 et
637 4111 734 4181 qui
764 4111 820 4164 in
851 4109 1170 4164 monarchia
1202 4109 1327 4169 (sub
1352 4108 1518 4163 unius
1565 4108 1781 4164 scilicet
1807 4110 2141 4183 principatu)

554 4219 738 4275 regem
770 4200 1033 4256 admirari
1059 4216 1124 4255 ac
1149 4199 1378 4255 laudare
1402 4199 1688 4256 convenit.

615 4294 947 4350 Chaeremon.
977 4324 1050 4333 —
1075 4291 1315 4349 Omnino
1345 4294 1528 4348 virtus
1574 4293 1751 4348 altum
1783 4309 1980 4364 sapere
2030 4311 2141 4351 non

549 4387 700 4442 sinit.

618 4476 934 4547 Antigonus.
972 4504 1043 4515 —
1084 4475 1398 4545 Antigonus
1448 4488 1549 4528 rex
1597 4481 1865 4529 matronae
1919 4473 2140 4530 cuidam
2171 4504 2217 4560 ι)

2183 1825 2222 1876 Β
2254 1830 2463 1894 πάντας
2491 1831 2764 1899 φοϐεῖται.

2325 1923 2433 1976 Τὸν
2454 1923 2697 1994 ἄρχοντα
2726 1922 2805 1975 δεῖ
2833 1921 3002 1993 ἔχειν,
3036 1921 3176 1993 πρὸς
3211 1922 3312 1993 μὲν
3343 1922 3472 1986 τοὺς
3496 1923 3718 1995 καιροὺς
3743 1922 3814 1978 λο-

2251 2017 2478 2088 γισμὸν’
2532 2015 2672 2087 πρὸς
2713 2014 2771 2067 δὲ
2819 2015 2949 2077 τοὺς
2997 2013 3272 2077 ἐναντίους
3313 2013 3557 2084 τόλμαν·
3604 2013 3734 2085 πρὸς
3770 2013 3815 2068 δι

2251 2106 2378 2168 τοὺς
2405 2102 2881 2173 ὑποτεταγμένους
2904 2102 3139 2158 εὔνοιαν.

2320 2384 2414 2436 Δεῖ
2460 2384 2549 2436 τὸν
2606 2384 2813 2456 ἐτέρων
2868 2384 3138 2455 μέλλοντα
3179 2385 3390 2458 ἄρξειν,
3442 2387 3609 2440 αὐτὸν
3649 2385 3812 2440 ἑαυτοῦ

2250 2478 2519 2548 πρότερον
2546 2477 2756 2548 ἄρχειν.

2320 2568 2646 2638 Κλειτάρχ.
2677 2598 2747 2609 -—
2766 2570 3036 2639 Κρεῖσσον
3066 2569 3338 2641 ἄρχεσθαι
3363 2573 3541 2625 τοῖσιν
3568 2573 3808 2643 ἀνοήτοις,

2248 2660 2281 2731 ἦ
2313 2660 2523 2732 ἄρχειν.
3715 2655 3722 2663 ’

2318 2748 2625 2819 Διογένης.
2654 2779 2724 2794 -
2761 2749 3094 2821 Ἐρωτηθεὶς
3126 2750 3247 2813 πῶς
3272 2751 3338 2806 ἄν
3365 2767 3454 2814 τις
3485 2750 3807 2822 πολιτεύηται

2248 2839 2469 2912 ἐξουσίᾳ
2491 2841 2580 2911 (f).
2616 2840 2742 2912 ἔφη·
2772 2840 3046 2912 Καθάπερ
3099 2843 3257 2915 πυρὶν
3321 2844 3466 2915 μήτε
3512 2844 3633 2899 λίαν
3671 2842 3809 2913 ἐγγὺς

2248 2930 2410 2998 εἶναι,
2467 2933 2556 2986 ἵνα
2609 2933 2684 3004 μὴ
2743 2935 3031 3005 κατακαῇο
3064 2935 3205 3007 μήτε
3249 2934 3467 3008 πόρῤω,
3506 2938 3596 2992 ῖνα
3638 2948 3709 3009 μη
3742 2938 3808 3007 ῥι-

2247 3020 2423 3094 γὼσῃ.

2318 3201 2540 3266 Κύρου.
2571 3228 2642 3238 ——
2678 3199 2903 3269 Ἀρχειν
2929 3198 3113 3253 οὐδενὶ
3144 3201 3439 3272 προσήκει,
3476 3201 3537 3267 ὃς
3569 3201 3629 3255 οὐ
3653 3196 3807 3268 κρείτ-

2247 3306 2355 3343 των
2384 3288 2503 3341 ἐστὶ
2534 3288 2646 3341 τῶν
2684 3290 3025 3361 ἀρχομένων.

2312 3379 2460 3435 Σόλ.
2490 3410 2558 3420 -
2587 3383 2759 3453 Ἀρχε
2813 3383 3031 3454 πρῶτον
3086 3382 3276 3453 μαθὼν
3323 3381 3625 3454 ἄρχεσθαι·
3675 3380 3808 3449 ἄρχε·

2248 3473 2372 3526 σθαι
2405 3472 2515 3544 γὰρ
2545 3471 2755 3543 μαθὼν,
2787 3474 2977 3546 ἄρχειν
3008 3477 3301 3546 ἐπιστήσῃ.

2319 3653 2413 3715 Εἰς
2438 3654 2617 3725 ἀρχὴν
2653 3654 3045 3719 κατασταθεὶς,
3086 3655 3275 3726 μηδενὶ
3299 3653 3418 3726 χρῶ
3448 3652 3673 3727 πονηρῷ
3692 3649 3807 3723 πρὸς

2242 3744 2344 3808 τὰς
2391 3746 2714 3815 διοικήσεις.
2753 3740 2856 3801 Ὧν
2895 3748 3005 3819 γὰρ
3049 3747 3121 3801 ἂν
3177 3749 3390 3811 ἐκεῖνος
3441 3746 3699 3818 ἁμάρτοι,
3740 3740 3808 3794 σοὶ

2243 3836 2343 3900 τὰς
2369 3838 2551 3901 αἰτίας
2579 3837 2658 3909 τῷ
2686 3839 2909 3910 ἄρχοντι
2943 3840 3329 3912 ἐπιθήσουσιν.
3398 3869 3409 3875 -

2316 3931 2529 4002 Ὥσπερ
2553 3930 2646 3984 τὸν
2668 3931 3096 4004 ὲν⁹δημοκρατίᾳ
3128 3932 3575 4002 πολιτευόμενον,
3604 3929 3664 3982 τὺ
3695 3924 3803 3994 πλῆ-

2244 4022 2336 4087 θος
2360 4024 2443 4077 δεῖ
2467 4023 2793 4094 θεραπεύειν
2813 4041 2827 4055 ·
2858 4023 3003 4078 οὕτω
3037 4025 3136 4078 καὶ
3165 4025 3259 4078 τὸν
3305 4026 3363 4078 ἐν
3397 4022 3667 4095 μοναρχίᾳ
3699 4033 3804 4072 κατ-

2241 4115 2518 4182 οικοῦντα,
2551 4117 2642 4171 τὸν
2674 4117 2905 4189 βασιλέα
2935 4119 3209 4190 προσήκει
3237 4117 3567 4188 θαυμάζειν.

2312 4294 2723 4366 Χαιρέμων,-
2747 4296 2927 4361 Ὀλως
2969 4299 3228 4368 κρεῖσσον
3258 4298 3357 4369 (g),
3387 4298 3590 4368 etin};
3615 4290 3802 4364 φρονεῖν

2285 4385 2409 4441 ἄγα.

2285 4403 2313 4441 ε
2353 4404 2409 4441 α.

2244 4405 2284 4457 μ
2317 4403 2625 4549 ἴΑνοτίγον.
2654 4510 2726 4521 -
2769 4480 3079 4551 Ἀντίγονος
3122 4484 3150 4536 ὁ
3203 4479 3483 4552 βασιλεὺς,
3536 4478 3668 4550 πρός
3706 4485 3803 4525 τινα

553 4563 735 4633 ipsum
794 4564 1020 4619 beatum
1072 4561 1425 4633 praedicanti,
1490 4561 1548 4616 Si
1605 4560 1800 4626 scires,
1858 4562 2058 4632 inquit,
2108 4579 2143 4619 o

2248 4570 2666 4644 μακαρίζουσαν
2710 4572 2874 4628 αὐτὸν
2912 4573 3114 4646 γραῦψ
3172 4575 3237 4627 El
3276 4572 3449 4645 ᾕδεις,
3491 4571 3617 4640 ἔφη.
3647 4561 3688 4620 ὦ
3720 4563 3802 4635 μῆ·

554 4659 748 4716 mater,
799 4659 1135 4721 quantorum
1172 4650 1445 4705 malorum
1493 4663 1713 4719 pannus
1766 4648 1860 4704 hic
1913 4651 2148 4706 exsistat

554 4744 830 4815 (diadema
884 4742 1248 4816 monstrans),
1300 4744 1359 4798 in
1389 4751 1636 4798 stercore.
1691 4738 1969 4814 jacentem
2034 4760 2147 4799 non

552 4835 794 4890 tolleres.

621 4926 946 4997 Epaminon.
972 4924 1470 4995 —-Epaminondas
1498 4922 1819 4991 Thebanus,
1850 4935 2151 4997 conspecto

2245 4680 2365 4735 τερ,
2411 4663 2555 4718 ὅσων
2594 4664 2787 4719 κακῶν
2831 4667 2950 4718 ἐστι
2987 4664 3150 4719 τοῦτο
3196 4665 3259 4719 τὸ
3313 4665 3501 4736 ῥάκος,
3548 4660 3717 4725 δείξας
3756 4651 3803 4706 ἰιὸ

2248 4755 2509 4827 διάδημα,
2542 4756 2644 4811 οὐκ
2691 4756 2760 4812 ἂν
2788 4756 2887 4810 ἐπὶ
2911 4757 3152 4829 κοπρίας
3183 4755 3438 4830 κείμενον
3470 4756 3772 4811 ἐϐάστασας-

2336 4931 2605 5000 Ὲπαμιν.
2629 4959 2700 4973 --
2736 4929 3155 5002 Ἐπαμινώνδας
3184 4930 3213 4983 ὁ
3240 4928 3481 5001 Θηϐαῖος
3514 4924 3641 4992 ἰδὼν⁸
3664 4933 3800 4988 στραο

2077 5062 2313 5122 NOTAE.

625 5162 715 5234 (ι’)
744 5160 1145 5229 Πολιτεύηται
1172 5146 1267 5214 ἐπ’
1308 5157 1595 5234 ρξουςίᾳ.
1640 5155 1813 5234 Quasi
1872 5171 1999 5212 cum
2041 5173 2142 5234 po-

551 5227 751 5291 testate
782 5227 1041 5287 versetur
1069 5248 1083 5297 ;
1123 5241 1182 5286 et
1211 5237 1273 5284 ut
1308 5228 1451 5284 bene
1471 5227 1643 5285 Gesn.
1661 5228 1766 5282 .illa
1804 5235 2012 5282 utatur.
2046 5228 2139 5284 Sic

549 5319 749 5374 nempe
781 5302 1135 5378 temperanda
1168 5299 1536 5365 consuetudo,
1588 5314 1657 5353 ne
1683 5298 1859 5378 quasi“
1887 5313 1954 5378 οξ
2004 5313 2140 5378 con-

551 5367 762 5444 temptu
792 5367 1104 5444 periculum
1157 5378 1343 5444 creet;
1402 5367 2137 5444 nec_o_mniu_o_fugiendus

549 5436 999 5513 conspectusme
1025 5436 1337 5513 beneficiis:
1360 5439 1631 5513 principis
1666 5437 1806 5513 nihil
1859 5436 2134 5513 fovearis;

549 5508 701 5584 quod
724 5514 863 5569 scite
891 5508 1234 5569 declaratum
1294 5508 1524 5583 rigentis
1546 5508 1886 5578 metaphora
1918 5524 2020 5578 per
2043 5508 2141 5563 ab-

500 5604 519 5609 “
551 5585 784 5639 sentiam
816 5584 969 5639 solis.

624 5654 699 5724 (g)
727 5653 1050 5721 Κρεῖσσον.
1082 5651 1322 5709 Perinde
1347 5667 1412 5724 ea
1430 5666 1535 5707 vox
1572 5650 1643 5707 de
1669 5650 1784 5704 Deo
1813 5647 2136 5724 ‘diciqueat,

553 5734 611 5777 ct
634 5719 711 5777 de
742 5719 968 5788 virtute,
1001 5740 1105 5779 nec
1130 5725 1188 5777 in
1210 5732 1322 5778 tam
1380 5723 1532 5777 brevi
1584 5719 1862 5776 sententia
1895 5720 2139 5775 discerni

555 5793 716 5847 facile
736 5799 940 5862 potest,
960 5809 1070 5863 quo
1092 5809 1212 5849 eam
1230 5807 1395 5847 sensu
1417 5804 1611 5849 auctor
1636 5790 1939 5861 usurparit.
1970 5791 2139 5863 Equi-

2244 5162 2374 5218 dem
2401 5178 2529 5234 cum
2555 5161 2724 5234 Gesn.
2748 5161 3000 5234 proclive
3026 5160 3299 5234 virtutem
3341 5157 3581 5234 reddidi,
3600 5153 3681 5211 cui
3705 5160 3797 5234 n31};

2241 5233 2723 5307 ximeAinsidiatur
2748 5230 3052 5304 superbia,
3087 5247 3187 5301 per
3226 5231 3349 5307 eius
3379 5230 3545 5285 etiam
3588 5230 3795 5307 occas}?

2240 5319 2369 5359 nem
2398 5303 2707 5360 fomentum
2764 5295 3190 5367 sumens;c'um
3255 5295 3402 5356 Deus
3454 5295 3697 5368 superbis
3727 5299 3796 5368 rf-

2239 5374 2421 5437 sislat,
2458 5375 2722 5445 omnique
2751 5362 3140 5445 modogahiilla
3163 5379 3369 5433 arceat,
3395 5362 3561 5445 etiam
3601 5362 3794 5445 permit:

2239 5422 2421 5501 {aias
2455 5422 3140 5517 aisftt;;.i;_'a'saias
3164 5422 3676 5517 “sanemus...
3692 5422 3791 5517 .Lqe

2239 5496 2879 5586 assesasses;
2925 5496 3292 5586 ἑδίκρεῖσηὲρν,
3354 5525 3468 5586 nor!
3514 5496 3792 5586 είηθτέἐέἳῖ

2238 5567 2449 5641 xiiii—rein—
2469 5567 2643 5641 ἐῙῖιῖιίι
2666 5567 2884 5657 sapere;
2904 5567 3070 5661 queui
3088 5582 3157 5637 de
3169 5567 3381 5661 γίηξυιθ
3402 5579 3504 5661 ἰξὲίῗθ
3519 5589 3620 5661 (ιω
3634 5567 3787 5661 ῨΡῘΒΞ

2236 5647 2750 5727 verum,quatenus
2778 5647 3040 5728 superbia
3065 5652 3230 5724 perit,
3274 5649 3585 5706 humilitate
3631 5647 3790 5696 serva-

2241 5736 2330 5781 tur
2361 5742 2424 5783 ac
2447 5728 2780 5784 concrescit.
