4094 6358
297 391 407 457 781

1609 395 1777 455 LOCI
1816 360 2253 455 coniiUNEs.

3454 393 3561 458 782

293 501 530 556 τόπεδον
556 501 699 572 μέγα
728 502 823 556 καὶ
848 505 1033 570 καλὸν,
1066 503 1374 577 στρατηγὸν
1406 504 1507 557 οὐκ
1534 503 1656 573 ἔχον
1679 519 1693 533 ο
1741 504 1885 556 Ἡλί-

1993 504 2198 575 ingenti
2227 506 2472 559 exercitu
2504 504 2808 574 proboque,
2846 519 3010 575 quem
3041 504 3339 575 imperator
3366 504 3568 563 delice-

297 610 426 657 κον,
464 593 595 663 ἔφη,
618 593 807 665 θηρίον
836 596 1089 666 καφαλὴν
1112 598 1214 650 οὐκ
1251 597 1388 666 ἔχει.
1414 614 1421 633 ι

375 685 699 739 Φιλίππου.
735 688 929 741 -Τὸν
967 687 1190 759 βασιλέα
1242 689 1326 742 δεῖ
1371 689 1755 760 μνημονεύειν,
1807 690 1889 741 ὃτι

299 777 594 849 ἄνθρωπος
625 776 701 832 ὢν
741 777 994 845 ἐξουσίαν
1019 779 1244 850 εἴληφεν
1280 779 1518 852 [ἔλαϐεν]
1555 780 1781 846 ἰσόθεον,
1805 779 1890 833 ἵνα

304 866 651 938 προαιρῆται
700 869 801 938 μὲν
838 867 908 922 τά
945 868 1088 923 καλά
1118 870 1213 923 καὶ
1240 870 1380 934 θεῖοῖ,
1419 871 1683 941 φρονήσει
1711 869 1768 922 δὲ
1797 871 1891 923 ἀν-

306 959 556 1031 θρωπίνῃ
578 958 800 1029 χρῆται.

384 1049 446 1101 El
495 1046 675 1117 βούλει
722 1048 821 1119 τὴν
883 1049 1066 1105 οὶκίαν
1126 1046 1186 1106 εὖ
1235 1051 1525 1117 οἰκεῖσθαι,
1571 1052 1741 1122 μιμοῦ
1797 1052 1890 1107 τὸν

303 1140 660 1211 Σπαρτιάτην
723 1141 1068 1215 Λυκοῦργον.
1106 1146 1203 1198 Ὃν
1233 1145 1343 1215 γὰρ
1367 1147 1567 1217 τρόπον
1598 1147 1658 1199 ού
1683 1146 1888 1217 τείχεσι

300 1230 410 1301 τὴν
454 1231 613 1285 πόλιν
655 1230 914 1304 ἔφραξεν,
974 1235 1091 1289 ἀλλ’
1138 1238 1309 1306 ἀρετῇ
1363 1238 1492 1301 τοὺς
1546 1237 1891 1300 ἐνοικοῦντας

298 1323 625 1394 ὠχύρωσεν,
677 1324 772 1378 καὶ
814 1325 1109 1390 διαπαντὸς
1146 1329 1412 1399 ἐτήρησεν
1467 1328 1759 1399 ἐλευθέραν
1792 1329 1891 1398 τὴν

299 1415 501 1468 πόλιν·
543 1415 715 1480 οὕτως
761 1417 856 1470 καὶ
901 1419 987 1483 σὺ,
1027 1417 1104 1490 μὴ
1150 1420 1395 1491 μεγάλην
1423 1421 1597 1491 αὐτὴν
1626 1420 1889 1493 περίϐαλε

299 1507 404 1559 καὶ
431 1505 645 1576 τοίχους
679 1506 920 1577 ὑψηλοὺς
962 1510 1180 1575 ἀνίστα,
1211 1511 1345 1567 ἀλλά
1395 1514 1522 1575 τοὺς
1544 1512 1890 1577 ἐνοικοῦντας

299 1599 516 1668 εὐνοίᾳ,
545 1601 639 1652 καὶ
673 1599 871 1667 πίστει,
904 1602 999 1655 καὶ⁵
1029 1592 1193 1675 φιλία’
1213 1604 1460 1676 στήριξε,
1502 1607 1598 1660 καὶ
1625 1607 1781 1661 οὐδὲν
1810 1610 1891 1671 είς

297 1691 478 1761 αὐτὴν
503 1690 874 1747 εἰσελεύσεται
900 1694 997 1764 βλα
1008 1696 1191 1766 δερὸν,
1224 1698 1333 1751 οὐδ’
1362 1698 1429 1752 ἂν
1456 1698 1516 1752 τὸ
1539 1699 1761 1770 σύμπαν
1792 1702 1892 1772 τῆς

295 1781 507 1844 κακίας
538 1783 925 1855 παρατάξηται
956 1788 1164 1855 στῖφος.

1995 607 2112 651 ret:
2141 595 2376 661 Quanta.
2416 596 2619 664 inquit,
2645 595 2824 650 bestia
2852 605 3019 665 caput
3044 610 3155 649 non
3181 596 3391 651 habet?

2063 683 2317 755 Philippi.
2361 685 2574 739 —Rex
2624 684 2942 740 meminisse
2988 684 3174 749 debet,
3224 685 3392 739 homo
3441 700 3566 741 cum

1993 771 2083 835 sit,
2114 788 2303 842 parem
2329 772 2441 826 Deo
2472 781 2797 841 potestatem
2842 771 3141 840 accepisse,
3177 780 3238 826 ut
3282 788 3405 841 qua:
3431 787 3561 842 prae-

1993 866 2144 919 clara
2174 872 2304 918 sunt
2331 873 2496 933 atque
2524 863 2710 917 divina
2735 863 2922 917 animo
2945 862 3150 933 deligat
3172 878 3236 917 ac
3256 864 3561 918 constituat

1990 965 2048 1009 et
2080 956 2375 1025 prudentia
2409 964 2597 1010 utatur
2630 956 2890 1010 humana.

2063 1049 2119 1104 Si
2150 1048 2235 1103 vis
2260 1049 2484 1102 domum
2518 1048 2660 1103 bene
2700 1047 2961 1113 habitari,
2998 1046 3307 1119 Lycurgum
3351 1046 3573 1116 Sparta-

1992 1157 2125 1198 num
2156 1141 2393 1195 imitare.
2423 1140 2896 1207 Quemadmodum
2930 1140 3079 1196 enim
3114 1140 3204 1195 ille
3255 1154 3365 1195 non
3400 1139 3575 1193 muris

1992 1236 2163 1290 cinxit
2193 1234 2411 1299 urbem,
2448 1236 2544 1290 sed
2567 1234 2774 1289 virtute
2808 1234 3019 1289 incolas
3043 1233 3360 1296 obvallavit,
3403 1232 3484 1288 sic
3511 1240 3571 1287 tu

1991 1341 2233 1397 quoque,
2262 1342 2333 1382 ne
2364 1308 2643 1397 'magnum
2700 1327 2905 1381 atrium
2963 1324 3191 1397 cingito,
3248 1340 3387 1380 neve
3432 1324 3573 1378 altos

1991 1419 2168 1475 excita
2201 1419 2466 1489 parietes,
2501 1418 2596 1473 sed
2630 1418 2727 1488 qui
2758 1418 2985 1473 domum
3018 1418 3271 1472 habitent
3325 1416 3573 1471 benevo-

1991 1510 2161 1566 lentia
2183 1518 2239 1565 et
2269 1509 2375 1565 ﬁde
2396 1518 2452 1565 et
2474 1510 2715 1564 amicitia
2746 1508 2984 1576 ﬁrmato,
3042 1509 3295 1579 nihilque
3346 1509 3403 1564 in
3450 1522 3574 1563 eam

1992 1604 2219 1658 noxium
2249 1602 2405 1674 561
2457 1602 2827 1672 ingredietur,
2866 1601 2953 1657 vel
3014 1602 3061 1657 si
3107 1602 3289 1658 omnis
3349 1600 3575 1656 malitiae

1991 1709 2205 1749 cuneus
2234 1693 2446 1746 infensa
2479 1693 2596 1746 acie
2624 1699 2795 1761 petat.

376 1874 588 1943 Μηδεὶς
624 1876 733 1929 τῶν
772 1879 1053 1949 φρονίμων
1094 1880 1190 1933 τοῦ
1231 1882 1423 1955 ἄρχειν
1465 1883 1885 1954 ἀλλοτριούσθω.

2064 1874 2237 1929 Nemo
2262 1872 2357 1942 qui
2402 1872 2672 1942 praeditus
2709 1872 3011 1942 prudentia
3068 1873 3168 1939 sis,
3213 1874 3576 1945 magistratus

299 1962 420 2015 Καὶ
450 1963 559 2035 γάρ
591 1964 787 2030 ἀσεϐὲς
814 1966 875 2020 τὸ
903 1969 1161 2041 ἀποσπᾷν
1207 1972 1399 2026 ἑαυτὸν
1432 1974 1532 2044 τῆς
1562 1974 1672 2028 τῶν
1695 1974 1886 2044 δεομέ-

299 2074 412 2109 νων
441 2059 770 2129 εὐχρηστίας
789 2059 1124 2136 [εύχαριστ.]
1154 2066 1251 2118 καὶ
1287 2066 1481 2133 ἀγενὲς
1518 2066 1579 2120 τὸ
1608 2070 1721 2131 τοῖς
1744 2070 1888 2135 φαύ-

303 2146 427 2213 λοις
455 2154 829 2221 παραχωρεῖν.
874 2153 1125 2224 ’Δνόητον
1152 2155 1263 2227 γὰρ
1286 2156 1347 2209 τὸ
1375 2159 1654 2225 αἱρεῖσθαι
1698 2160 1889 2224 κακῶς

301 2240 573 2312 ἄρχεσθαι
614 2242 897 2316 μᾶλλον,ἢ
930 2245 1114 2311 καλῶς
1142 2246 1355 2319 ἄρχειν.

373 2421 555 2475 Δεινὸν
589 2422 685 2477 καὶ
714 2424 1100 2495 χαλεπώτατον
1131 2429 1275 2501 τοὺς
1294 2427 1514 2498 χείρους
1543 2428 1652 2482 τῶν
1679 2428 1888 2499 βελτιόο

291 2528 411 2566 νων
447 2514 659 2585 ἄρχειν,
699 2513 924 2579 καὶτοὺς
951 2517 1336 2591 ἀνοητοτέρους
1380 2522 1494 2584 τοῖς
1547 2522 1886 2592 φρονιμωτέ-

294 2621 423 2677 ροις
461 2608 839 2678 προστάττειν.

370 2696 664 2766 Εὐμένης.
686 2701 1028 2772 -Εὐμένης
1063 2703 1092 2755 ό
1120 2701 1375 2772 βασιλεὺς
1406 2702 1559 2773 ἔλεγε
1588 2708 1701 2769 τοῖς
1730 2684 1886 2760 ἀδελ.-

291 2790 424 2858 φοῖς
453 2788 763 2856 διαπαντός·
816 2793 941 2847 Ἐἀν
973 2794 1073 2864 μὲν
1105 2795 1182 2858 ὡς
1230 2794 1444 2866 βασιλεῖ
1476 2796 1884 2868 προσφέρησθε,

286 2880 380 2943 ὡς
428 2882 681 2951 ἀδελφοῖς
729 2884 858 2954 ὑμῖν
902 2886 1241 2957 χαρίσομαι·
1286 2889 1384 2944 ὲάν
1428 2888 1487 2943 δὲ
1530 2889 1616 2953 ὡς
1646 2888 1883 2960 ἀδελφῷ,

285 2971 414 3040 ἐγὼ
445 2972 576 3042 ύμῖν
597 2974 673 3038 ὡς
710 2974 985 3045 βασιλεύς.
1569 3009 1581 3018 ·
1847 3032 1859 3043 .

370 3065 585 3131 Κότυς.
618 3068 795 3132 Κότυς
825 3071 853 3122 ὁ
896 3069 1008 3123 τῶν
1052 3069 1287 3143 Θρᾳκῶν
1322 3070 1595 3142 βασιλεὺς,
1631 3072 1884 3142 Θηϐαίων

289 3157 717 3227 σεμνυνομένων
767 3161 849 3214 ὅτι
882 3161 1332 3232 Λακεδαιμονίων
1368 3163 1671 3233 ὴγήσαντου
1715 3163 1880 3232 Ἐγὼ,

285 3249 487 3317 φησὶν,
546 3248 768 3320 ἑώρακα
801 3252 1138 3323 χειμάρρους
1179 3254 1441 3325 ποταμῶν
1498 3255 1725 3326 μείζους
1774 3257 1882 3310 τῶν

282 3339 540 3392 ἀεννάων
577 3341 925 3410 γενομένους,
960 3342 1073 3395 ἀλλ’
1100 3342 1284 3412 ὀλίγον
1313 3344 1525 3416 χρόνον.

380 3431 440 3484 '0
479 3432 641 3495 αὐτὸς
670 3434 993 3504 ἐρωτηθεὶς,
1035 3433 1155 3490 Τίνι
1185 3437 1624 3509 καταλιμπάνεις
1639 3438 1700 3492 τὸ
1725 3438 1883 3510 βασί-

282 3521 473 3589 λειον;
504 3522 629 3593 ἔφη·
661 3523 753 3594 Τῷ
777 3524 1077 3597 δυναμένῳ.

366 3614 585 3668 Φίλων.
620 3644 689 3655 —
711 3616 789 3687 Τῇ
822 3617 923 3685 μὲν
950 3617 1111 3689 οὐσία
1140 3617 1235 3672 τοῦ
1272 3618 1547 3690 σώματος,
1594 3621 1707 3685 ἴσος
1742 3638 1879 3675 παν-

285 3704 388 3768 τὸς
426 3705 718 3776 ἀνθρώπου
746 3710 775 3761 ὁ
811 3696 1098 3778 βασιλεύς·
1128 3714 1191 3783 τῇ
1243 3711 1462 3783 ἐξουσίᾳ
1502 3713 1559 3767 δὲ
1601 3714 1694 3767 τοῦ
1724 3714 1882 3781 ἀξιώ-

293 3812 491 3865 ματος,
542 3798 731 3868 ὅμοιός
764 3800 882 3852 ἐστι
921 3800 983 3853 τὸ
1030 3802 1123 3855 ἐπὶ
1167 3803 1385 3857 πάντων
1433 3804 1571 3875 Θεῷ.
1606 3806 1722 3858 υύκ
1765 3805 1879 3874 ἔχει

283 3890 402 3959 γὰρ
430 3892 524 3944 ἐπὶ
550 3891 654 3962 γῆς
691 3892 860 3946 αὑτοῦ
896 3893 1251 3966 ὑψηλότερον.
1301 3895 1422 3967 Χρὴ
1466 3896 1645 3950 τοίνυν
1677 3896 1769 3949 καὶ
1802 3896 1879 3960 ὡς

281 3980 487 4052 θνητὸν
531 3983 607 4052 μὴ
640 3982 990 4054 ἐπαίρεσθαι,
1019 3985 1114 4037 καὶ⁸
1132 3985 1210 4048 ὡς
1248 3984 1382 4038 Θεὸν
1412 3985 1489 4055 μὴ
1533 3984 1875 4056 ὀργίζεσθαι.

282 4073 355 4127 Εἰ
383 4075 499 4144 γὰρ
527 4075 622 4128 καὶ
657 4075 827 4129 εἰκόνι
857 4076 1010 4146 θεῖκῇ
1058 4077 1370 4147 τετίμηται,
1409 4078 1547 4132 ἀλλά
1597 4081 1692 4133 καὶ
1728 4081 1876 4133 κόνει

278 4168 447 4237 χοῖκῇ
496 4166 938 4235 συμπέπλεκται,
973 4168 1041 4221 δι’
1074 4164 1143 4241 ἦς
1172 4169 1554 4225 ἐκδιδάσκεται
1596 4172 1698 4243 τὴν
1732 4177 1871 4245 πρὸς

280 4255 500 4320 πάντας
523 4256 804 4327 ἁπλότητα
834 4256 1198 4331 [ductos-qm].

354 4433 741 4488 Μουσωνίου.
768 4463 840 4473 -
888 4434 1187 4506 Πειρατέον
1243 4439 1688 4509 καταπληκτικὸν
1736 4440 1874 4509 μᾶλ-

1993 1982 2137 2021 onus
2162 1965 2426 2021 excutito.
2462 1965 2686 2019 Etenim
2733 1965 2969 2036 impium
3000 1973 3105 2030 est,
3161 1967 3400 2037 teipsum
3440 1966 3576 2022 sub-

1991 2059 2223 2124 ducere,
2253 2074 2323 2113 ne
2376 2057 2447 2112 iis
2495 2058 2681 2127 prosis
2716 2057 2814 2127 qui
2866 2067 3117 2128 egeant;
3173 2058 3577 2129 degenerisque

1991 2153 2165 2206 animi
2222 2151 2400 2216 labes,
2447 2158 2511 2204 ut
2570 2149 2738 2205 cedas
2784 2149 2918 2214 illis,
2960 2149 3057 2219 qui
3107 2150 3236 2204 mali
3283 2151 3575 2205 exsistant.

1989 2242 2292 2299 Dementiae
2318 2256 2557 2313 namque
2580 2250 2687 2306 est,
2723 2242 2888 2296 malle
2921 2241 3065 2297 male
3100 2241 3337 2312 imperio
3385 2241 3574 2307 subdi,

1987 2348 2152 2403 quam
2191 2333 2288 2387 illo
2323 2332 2464 2387 bene
2497 2346 2756 2402 praeesse.

2056 2427 2249 2481 Dirum
2279 2426 2851 2495 molestissimumque
2883 2431 2992 2491 est,
3022 2424 3331 2480 deteriores
3375 2424 3568 2479 melio-

1988 2518 2148 2572 ribus
2162 2534 2421 2588 praaesse,
2444 2534 2510 2574 ac
2535 2518 2630 2589 qui
2656 2517 3033 2573 clementiores
3047 2525 3199 2583 sunt,
3242 2517 3574 2588 prudentio-

1985 2610 2140 2665 ribus
2157 2610 2372 2681 jubere.

2057 2703 2342 2757 Eumenes.
2367 2732 2439 2743 —
2484 2702 2762 2758 Eumenes
2792 2712 2889 2756 rex
2927 2701 3127 2756 crebro
3178 2700 3450 2755 fratribus
3490 2698 3574 2754 di-

1986 2809 2114 2849 cere
2152 2793 2404 2851 solebat:
2434 2794 2492 2850 Si
2519 2810 2606 2849 me
2636 2804 2698 2850 ut
2729 2806 2860 2866 rege
2888 2793 3147 2860 utamini,
3176 2806 3283 2864 ego
3311 2800 3573 2863 tanquam

1985 2886 2257 2941 fratribus
2318 2886 2655 2957 indulgebo:
2723 2887 2810 2942 sin
2863 2890 3049 2942 autem
3109 2894 3174 2941 ut
3218 2887 3412 2950 fratre,
3470 2898 3574 2955 ego

1985 2976 2143 3051 vobis
2178 2983 2240 3031 ut
2265 2992 2384 3031 rex.

2057 3067 2233 3140 Cotys.
2260 3099 2333 3110 —-
2353 3068 2522 3140 Cotys
2547 3068 2827 3123 Thracum
2865 3080 2983 3132 rex,
3021 3067 3393 3138 gloriantibus
3426 3065 3572 3121 The-

1985 3155 2145 3213 banis
2174 3158 2324 3228 quod
2367 3158 2802 3214 Lacedaemoniis
2840 3157 3228 3227 imperarent:
3292 3156 3440 3217 Vidi.
3487 3156 3573 3211 in-

1986 3248 2128 3317 quit,
2161 3256 2442 3303 torrentes
2469 3247 2813 3318 perennibus
2860 3247 3046 3303 ﬂuviis
3087 3248 3329 3319 majores
3375 3246 3572 3313 factos,

1984 3336 2078 3389 sed
2111 3335 2182 3390 ad
2210 3335 2380 3391 breve
2421 3344 2658 3406 tempus.
2832 3410 2835 3413 _

2049 3428 2199 3483 Ideni
2228 3427 2601 3499 interrogatus
2624 3429 2714 3484 cui
2744 3428 3083 3499 relinqueret
3105 3443 3297 3484 arcem
3328 3428 3570 3499 regiam:

1981 3517 2225 3582 Potenti,
2260 3519 2464 3588 inquit.

2048 3609 2311 3665 Philonis.
2332 3641 2401 3652 ——
2426 3610 2689 3681 Corporis
2708 3611 2933 3681 quidem
2975 3612 3287 3667 substantia
3328 3628 3425 3667 rex
3452 3614 3569 3668 cui-

1984 3703 2066 3758 vis
2092 3704 2305 3758 bomini
2339 3704 2569 3774 aequalis
2609 3713 2730 3759 est:
2764 3705 3052 3775 dignitatis
3096 3721 3233 3760 vero
3274 3714 3568 3775 potestate,

1979 3794 2113 3858 Deo,
2151 3795 2248 3864 qui
2270 3803 2355 3850 est
2383 3811 2552 3865 super
2580 3796 2765 3851 omnia
2794 3795 2969 3864 (Rom.
3007 3813 3084 3859 ix.
3112 3797 3191 3863 5),
3226 3797 3424 3852 similis
3464 3807 3567 3853 est.

1980 3883 2099 3940 Non
2124 3886 2272 3941 enim
2304 3886 2472 3942 habet
2512 3903 2678 3958 super
2723 3897 2949 3953 terram,
2981 3889 3081 3959 qui
3130 3889 3227 3945 illo
3279 3888 3572 3944 sublimior

1979 3979 2071 4034 sit.
2100 3975 2298 4049 Opera:
2325 3980 2562 4051 pretium
2590 3981 2781 4051 igitur,
2806 3990 2871 4036 ut
2891 3991 2952 4036 et
2974 3982 3146 4052 quasi
3177 3982 3427 4037 mortalis
3457 3997 3568 4037 non

1978 4072 2297 4136 extollatur,
2331 4081 2390 4126 et
2419 4082 2477 4127 ut
2506 4067 2684 4140 Deus,
2724 4073 2807 4128 ira
2847 4088 2960 4129 non
3012 4073 3341 4145 abripiatur.
3388 4074 3573 4141 Quan-

1979 4179 2146 4233 quam
2177 4164 2323 4218 enim
2348 4165 2537 4221 divina
2562 4167 2804 4237 imagine
2846 4167 3156 4223 honoratus
3185 4175 3291 4233 est,
3342 4177 3569 4224 terreno

1979 4264 2163 4310 tamen
2195 4257 2415 4326 pulveri
2439 4258 2734 4327 copulatus
2763 4267 2869 4322 est,
2915 4274 3028 4329 quo
3079 4258 3318 4315 docetur
3341 4274 3465 4316 esse
3506 4277 3568 4317 se

1977 4347 2238 4403 omnibus
2271 4348 2529 4404 similem.
2882 4392 2891 4401 .

2045 4440 2296 4495 Musonii.
2329 4469 2397 4480 —
2426 4440 2752 4496 Conandum
2785 4451 2871 4496 est
2900 4450 2961 4496 ut
3000 4443 3241 4499 subditis
3270 4445 3565 4501 venerabi—

275 4523 377 4576 λον
429 4526 546 4588 τοῖς
592 4526 877 4596 ὑπηκόοις,
908 4527 941 4597 ἢ
986 4527 1221 4599 φοὸερδν
1267 4528 1589 4600 θεωρεῖσθαι
1612 4546 1626 4561 ο
1659 4531 1740 4601 τῷ
1771 4531 1871 4602 μὲν

1985 4530 2103 4596 lior,
2137 4547 2302 4602 quam
2335 4532 2644 4587 terribilior
2689 4533 2947 4589 videare:
2999 4535 3162 4591 alteri
3186 4537 3338 4592 enim
3378 4537 3559 4594 bone-

276 4617 399 4687 γάρ
438 4617 705 4688 σεμνότης
738 4616 823 4691 [τὸ
848 4619 1219 4693 σεμνότητος],
1253 4621 1332 4693 τῷ
1362 4622 1417 4674 δὲ
1454 4623 1688 4693 ὰπήνεια
1735 4640 1877 4696 παρ-

275 4708 595 4764 ακολουθεῖ.

354 4820 672 4890 Δημοκρίτ.
700 4820 1015 4892 -Πονηρά
1064 4789 1227 4891 φύσις
1261 4821 1512 4886 ἐξουσίας
1545 4822 1874 4894 ἐπιλαϐομέ-

275 4928 372 4983 νη,
402 4912 671 4982 δημοσίας
695 4913 1070 4983 ἀπεργάζεται
1105 4914 1407 4985 συμφοράς.

369 5027 703 5082 Ἀντισθέν.
734 5059 808 5068 -
835 5028 970 5081 Τότε
1004 5028 1104 5091 τὰς
1139 5028 1323 5092 πόλεις
1358 5026 1696 5103 ἀπόλλυσθαι
1731 5045 1872 5098 συμ-

273 5117 484 5182 ϐαίνει,
517 5119 647 5172 ὅταν
687 5118 765 5189 μὴ
796 5120 1056 5174 δύνωνται
1104 5120 1152 5171 oi
1196 5119 1529 5191 κρατοῦντες
1573 5119 1699 5182 τοὺς
1730 5118 1871 5189 φαύ-

273 5210 411 5274 λους
442 5212 507 5263 ὲκ
535 5210 643 5263 τῶν
674 5210 979 5265 σπουδαίων
1009 5211 1326 5282 διακρίνειν.

366 5321 700 5391 Ἐπισφαλὲς
732 5322 1043 5394 μαινομένῳ
1072 5322 1257 5378 δοῦναι
1298 5325 1601 5397 μάχαιραν,
1644 5327 1741 5380 καὶ
1769 5344 1869 5399 μο-

262 5411 475 5486 χθηρῷ
502 5412 756 5484 δύναμιν·
984 5480 989 5485 .

348 5527 727 5596 Μενάνδρου.
780 5557 852 5569 -
905 5526 1145 5591 Πλοῦτος
1202 5528 1490 5597 ἀλόγιστος
1540 5530 1865 5601 προσλαϐὼν

266 5619 555 5689 ἐξουσίαν,
582 5619 677 5673 καὶ
700 5620 827 5683 τοὺς
856 5621 1070 5689 φρονεῖν
1096 5620 1388 5685 δοκοῦντας
1409 5622 1673 5695 ἀνοήτους
1700 5627 1863 5680 ποιεῖ.

347 5797 614 5866 Δημοσθ.
641 5825 697 5839 -
730 5796 805 5851 Τὸ
838 5794 947 5869 γάρ
972 5790 1032 5851 εὖ
1067 5797 1331 5869 πράττειν
1360 5798 1515 5871 παρά
1546 5800 1647 5872 τὴν
1680 5802 1863 5870 ἀξίαν,

1976 4624 2135 4679 statis
2160 4624 2424 4695 gravitas,
2456 4625 2626 4681 alteri
2661 4624 2923 4682 ferocitas
2952 4643 3142 4685 comes
3182 4639 3288 4686 est.

2043 4822 2329 4877 Democrit.
2379 4855 2448 4864 —
2478 4824 2689 4879 Pravus
2735 4839 2956 4881 animus
3005 4835 3232 4898 arrepta
3286 4835 3563 4899 potestate

1973 4916 2227 4985 publicas
2256 4916 2601 4971 calamitates
2624 4931 2690 4971 ac
2728 4916 2916 4971 clades
2954 4917 3136 4973 aﬂ‘ert.

2045 5027 2274 5083 Antistii.
2304 5057 2375 5070 -—
2408 5027 2568 5084 Tunc
2607 5029 2875 5085 nimirum
2902 5029 3070 5087 urbes
3094 5033 3370 5104 contingit
3416 5035 3563 5091 inte-

1971 5116 2105 5185 rire,
2132 5135 2260 5173 cum
2288 5118 2350 5185 ii,
2399 5120 2496 5191 qui
2552 5136 2739 5177 rerum
2771 5122 3085 5193 potiuntur,
3118 5125 3296 5181 malos
3323 5141 3355 5181 a
3399 5126 3562 5183 bonis

1970 5210 2292 5268 discernere
2315 5227 2427 5267 non
2450 5213 2655 5268 valent.

2039 5324 2111 5381 Ut
2134 5323 2348 5381 furioso
2367 5326 2634 5397 gladium,
2668 5328 2750 5383 sic
2778 5327 3035 5399 improbo
3081 5338 3415 5401 potestatem
3440 5340 3556 5388 tra-

1881 5451 1892 5466 .
1968 5414 2122 5480 dere,
2151 5416 2550 5486 periculosum.

2039 5528 2345 5584 Menandri.
2404 5561 2476 5571 —
2528 5529 2824 5600 Opulentia
2871 5532 3103 5588 rationis
3147 5548 3340 5590 exsors
3391 5541 3554 5593 nact’a

1968 5627 2324 5689 potestatem,
2351 5633 2449 5675 eos
2468 5620 2635 5676 etiam
2672 5621 2768 5691 qui
2805 5635 3000 5691 sapere
3034 5623 3392 5693 videbantur,
3419 5629 3556 5683 stul-

1969 5720 2056 5766 tos
2088 5711 2292 5767 reddit.

2039 5803 2310 5858 Demosth.
2342 5834 2413 5844 —
2437 5802 2577 5859 Nam
2615 5807 2765 5876 quod
2792 5808 2920 5878 quis
2945 5823 3113 5881 supra
3143 5825 3308 5882 quam
3339 5826 3403 5866 ex
3439 5809 3556 5865 suis
