4094 6352
579 368 683 429 783

1755 363 1817 424 S.
1857 361 2148 422 MAXIMI
2190 360 2700 425 CONFESSORIS

3754 367 3854 435 Ἴθι

582 477 894 535 rationibus
920 475 1149 531 exsistat
1178 489 1445 545 prospere
1471 473 1603 544 agit,
1634 474 1853 528 occasio
1883 484 1988 541 est,
2019 482 2079 530 ut
2119 480 2175 528 et

2280 474 2504 547 ἀφορμὴ
2551 477 2646 531 τοῦ
2706 476 2892 541 κακῶς
2953 480 3171 550 φρονεῖν
3228 481 3377 553 παρὰ
3416 485 3536 557 ’τὴν
3595 480 3748 547 ἀξίαν
3788 485 3857 553 τί·

582 587 748 643 supra
778 585 941 642 quam
979 586 1045 625 ex
1081 569 1192 624 illis
1221 568 1501 633 videatur,
1537 567 1794 638 dcsipiat.

1112 706 1274 778 532
1310 692 1543 761 smine
1587 706 1652 761 Χ.

928 821 1004 875 De
1044 821 1436 891 vituperatione
1473 830 1521 874 et
1561 820 1860 876 calumnia.

656 934 844 988 Matth.
882 950 934 996 v,
967 935 1054 988 ll.
1088 964 1155 973 —
1186 932 1338 987 Beati
1367 930 1549 999 eritis,
1576 946 1704 987 cum
1740 932 1943 1003 probra
1993 931 2047 985 in
2084 947 2182 986 vos

586 1022 952 1093 conjecerint,
989 1032 1046 1077 et
1079 1020 1361 1092 persecuti
1396 1036 1497 1076 vos
1548 1019 1781 1085 fuerint,
1825 1029 1882 1076 et
1931 1019 2182 1074 dixerint

584 1129 749 1169 omne
783 1115 991 1169 malum
1039 1114 1276 1169 verbum
1339 1113 1640 1169 adversum
1698 1128 1798 1169 vos
1847 1112 2184 1169 mentientes

584 1217 819 1278 propter
860 1222 970 1262 me.

654 1300 683 1354 1
726 1298 849 1355 Cor.
882 1315 954 1364 ιν,
990 1300 1077 1354 1⁸2.
1119 1299 1621 1364 -Maledicimur,
1662 1308 1719 1353 et
1752 1296 2177 1355 benedicimus:

586 1392 1061 1463 blasphemamur,
1103 1399 1161 1447 et
1195 1391 1580 1447 obsecramus.
1734 1452 1745 1460 _

657 1484 816 1538 Prov.
847 1501 903 1550 ιι,
930 1484 1017 1539 l8.
1043 1515 1112 1523 —
1134 1481 1411 1553 Operiunt
1445 1483 1796 1540 inimicitiam
1826 1484 1971 1540 labia
1999 1485 2180 1556 iusta:

586 1577 679 1646 qui
737 1586 925 1631 autem
992 1575 1287 1631 maledicta
1349 1574 1666 1646 proferunt,
1736 1575 2185 1647 insipientissimi

586 1678 741 1725 sunt.

657 1764 825 1818 Eccli.
857 1764 1048 1829 xxviii,
1080 1762 1168 1817 ll.
1198 1792 1269 1801 —
1298 1761 1397 1817 Vir
1418 1762 1733 1817 scelerosus
1760 1760 2010 1817 turbabit
2038 1759 2185 1815 ami-

585 1871 701 1919 cos,
730 1864 787 1909 et
816 1855 964 1910 inter
989 1854 1202 1910 medios
1238 1866 1431 1922 pacem
1477 1852 1806 1908 habentium
1859 1853 2030 1924 jaciet
2086 1868 2183 1908 ca-

584 1947 852 2002 lumniam
904 1963 918 2000 :
954 1953 1015 2000 ut
1049 1946 1284 2000 materia
1305 1945 1449 2016 ignis
1475 1945 1556 2000 sic
1581 1944 1926 2001 exardescet.

600 2084 603 2087 ι
656 2043 825 2098 Eccli.
866 2058 942 2108 χι,
980 2044 1032 2097 7.
1065 2072 1137 2082 -—
1166 2042 1501 2112 Priusquam
1542 2042 1881 2114 interroges,
1929 2059 2000 2099 ne
2034 2044 2188 2099 vitu-

504 2118 535 2127 ”
584 2149 750 2205 peres
779 2149 793 2198 ;
818 2132 1070 2203 intellige
1097 2131 1366 2203 primum,
1391 2139 1448 2187 et
1476 2141 1607 2188 tunc
1630 2133 1873 2203 corripe.

659 2224 872 2281 Basilii.
905 2256 976 2264 —
1007 2225 1129 2281 Non
1162 2225 1339 2281 verba
1390 2226 1506 2297 ipsa
1555 2226 1809 2282 dolorem
1857 2226 2068 2282 habent
2100 2228 2190 2282 in-

585 2329 802 2386 cutere,
840 2319 936 2375 sed
970 2326 1162 2374 nostra
1196 2320 1253 2373 in
1290 2333 1417 2374 eum
1443 2319 1540 2389 qui
1595 2318 1949 2375 conviciatur
1992 2335 2190 2389 super-

586 2414 679 2468 bia
711 2421 770 2469 et
801 2420 1182 2482 contemptus,
1210 2410 1530 2482 horumque
1557 2410 1911 2483 singulorum
1941 2412 2189 2483 cogitatu

588 2504 763 2559 animi
790 2502 1117 2574 pensitatio.

657 2597 854 2653 Solent
913 2612 1089 2668 prope
1137 2594 1356 2666 magnis
1420 2594 1813 2666 principibus,
1883 2596 2184 2653 illiberalia

588 2689 783 2745 isthmc
815 2688 1086 2760 obsequia
1133 2686 1442 2753 adhaerere,
1476 2694 1541 2742 ut
1587 2702 1715 2743 cum
1751 2690 1981 2759 proprio
2037 2689 2186 2745 bono

588 2793 837 2849 careant,
886 2797 999 2853 quo
1047 2781 1445 2849 inelarescaut,
1503 2796 1570 2836 ex
1610 2780 1813 2836 alienis
1854 2781 2016 2837 malis
2064 2782 2185 2852 ipsa

587 2891 711 2932 sese
750 2874 1168 2931 commendent.
1344 2940 1347 2941 ν

661 2964 928 3037 Theologi.
952 2994 1024 3005 —
1056 2964 1179 3021 Non
1230 2979 1430 3037 magna
1468 2979 1559 3019 res
1607 2971 1695 3019 est
1730 2963 2014 3034 corripere
2045 2981 2058 3017 :
2098 2971 2185 3018 est

586 3057 740 3112 enim
771 3057 921 3113 istud
955 3056 1307 3122 facillimum,
1349 3071 1414 3111 ac
1441 3062 1629 3127 potest
1659 3055 1845 3126 quivis
1878 3064 2179 3126 praestare:

589 3161 741 3206 tuam
769 3168 903 3207 vero
929 3151 1176 3207 vicissim
1211 3151 1550 3207 sententiam
1570 3148 2179 3220 mentemque-inferre,

589 3244 647 3299 id
673 3259 808 3300 vero
839 3244 944 3299 viri
966 3243 1212 3315 religiosi
1240 3259 1305 3300 ac
1326 3242 1437 3300 cati
1463 3250 1570 3298 est.

592 3386 605 3397 ,
660 3337 893 3392 Praestat
918 3335 1062 3390 male
1084 3334 1300 3401 audire,
1336 3349 1507 3406 quam
1547 3341 1609 3389 ut
1642 3333 1968 3389 maledicas.

659 3428 783 3484 Non
832 3428 1092 3500 vulgares
1143 3427 1323 3483 solum
1379 3426 1657 3492 homines,
1714 3425 1811 3481 sed
1870 3425 1965 3496 qui
2013 3427 2184 3482 etiam

588 3520 785 3593 optimi
806 3520 940 3587 sint,
970 3519 1199 3576 incessit
1228 3534 1465 3575 momus.

657 3609 923 3680 Chrysost.
946 3641 1017 3650 —
1045 3592 1525 3677 Quemadmodum
1557 3606 1950 3663 henedicentia
1978 3616 2035 3662 et
2066 3608 2185 3663 lau-

587 3702 738 3758 datio
802 3702 1064 3757 amicitite
1125 3703 1285 3773 origo
1345 3709 1477 3768 est;
1531 3701 1611 3756 sic
1668 3700 2061 3756 maledicentia
2125 3712 2183 3759 et

587 3795 887 3861 calumnia,
920 3794 1232 3849 inimicitiae
1256 3792 1484 3862 odiique
1509 3807 1575 3847 ac
1604 3791 1878 3846 malorum
1923 3790 2183 3847 innume-

587 3878 848 3941 rabilium
886 3901 1087 3955 parens
1120 3900 1185 3940 ac
1214 3884 1360 3939 ratio
1388 3892 1496 3938 est.

657 3974 806 4030 Fieri
835 3990 946 4029 non
974 3984 1180 4044 potest,
1206 3984 1269 4027 ut
1300 3973 1397 4043 qui
1419 3972 1629 4026 virtute
1656 3971 1828 4026 vitam
1855 3970 2176 4038 instituunt,

585 4066 658 4119 ab
692 4065 958 4119 omnibus
998 4065 1142 4120 bene
1179 4062 1432 4118 audiant.

660 4152 720 4207 Si
749 4151 829 4205 illi
860 4152 955 4222 qui
988 4152 1143 4207 leves
1163 4159 1222 4206 et
1245 4150 1445 4205 inanes
1479 4148 1838 4204 narrationes
1867 4149 2177 4218 excipiunt,

589 4243 738 4299 haud
765 4243 926 4299 facile
953 4243 1173 4298 veniam
1216 4243 1328 4298 sint
1375 4242 1649 4308 habituri,
1686 4243 1784 4313 qui
1839 4243 2178 4299 calumniam

590 4344 815 4391 struunt
867 4335 1304 4406 detrahuntque,
1340 4351 1406 4391 ac
1475 4334 1791 4391 maledictis
1851 4336 2174 4401 incessunt,

588 4446 753 4501 quam
774 4429 1154 4513 defensionem
1176 4428 1504 4485 habebunt?

657 4522 779 4577 Non
807 4521 972 4577 nobis
1017 4536 1181 4592 grave
1209 4521 1283 4576 sit
1323 4520 1473 4592 quod
1519 4520 1663 4576 male
1720 4521 2034 4586 audiamus,
2079 4522 2175 4577 scd

588 4613 737 4683 quod
764 4614 912 4684 juste
936 4614 1080 4669 male
1109 4612 1424 4669 audiamus.

661 4704 919 4772 Plerique
976 4705 1268 4758 hominum
1327 4719 1560 4759 suorum
1627 4705 1846 4774 patroni
1909 4705 2174 4761 vitiorum

591 4796 902 4851 exsistunt:
940 4796 1118 4851 aliena
1150 4795 1450 4851 traducunt
1484 4811 1550 4850 ac
1581 4796 1977 4853 criminantur.

659 4972 956 5027 Plutarchi.
988 5004 1037 5012 —
1083 4973 1297 5044 Lingua
1319 4973 1610 5040 maledica,
1636 4976 1794 5032 malae
1817 4978 2020 5034 mentis
2056 4996 2177 5033 cer-

582 5076 708 5120 tum
738 5066 1003 5120 indicium
1042 5073 1148 5121 est.

665 5157 825 5229 563
860 5159 1131 5213 Isocratis.
1163 5156 1396 5212 —Cave
1430 5156 1754 5223 calumnias,
1781 5160 1996 5215 etiamsi
2032 5161 2182 5216 falsae

2284 584 2452 623 νεται.

2878 715 3098 771 ΛΟΓΟΣ
3136 717 3172 768 l'
3204 716 3269 773 ³⁸.

2656 830 2795 898 Περὶ
2829 832 3025 901 ψόγου
3054 831 3151 886 καί
3186 832 3504 900 διαϐολῆς.

2354 939 2539 994 Ματθ.
2594 938 2770 994 Ε.-
2812 942 3093 1014 Μακάριοι
3150 945 3298 1008 ἐστε,
3352 947 3485 999 ὅταν
3545 945 3861 1003 ὀνειδίσωσιν

2285 1026 2429 1095 ὑμᾶς
2467 1030 2561 1082 καὶ
2600 1030 2886 1097 διώξωσιν.
2932 1036 3028 1087 καὶ
3068 1035 3268 1089 είπωσι
3299 1038 3408 1090 πᾶν
3453 1037 3704 1109 πονηρὸν
3737 1040 3861 1110 ῥῆμα

2284 1119 2407 1172 καθ’
2436 1121 2590 1191 ὑμῶν
2617 1123 2941 1196 ψευδόμενοι
2963 1126 3150 1181 ἕνεκεν
3182 1127 3336 1200 ἐμοῦ.

2355 1293 2416 1349 B'
2450 1266 2699 1366 Κορινθ.
2772 1299 2847 1355 Δ’.
2905 1330 2977 1341 —
3014 1301 3451 1373 Λοιδορούμενοι,
3507 1304 3863 1376 εὐλογοῦμεν·

2286 1387 2796 1461 βλασφημούμενοι,
2823 1395 3275 1466 παρακαλοῦμεν.

2358 1486 2606 1553 Παροιμ.
2653 1483 2719 1540 1'.
2762 1516 2832 1527 —-
2875 1487 3263 1542 Καλύπτουσιν
3320 1488 3528 1561 ἔχθραν
3596 1491 3752 1560 χείλη
3804 1492 3867 1544 δίο

2286 1595 2419 1632 καια
2449 1579 2558 1648 (Ιι)·
2590 1581 2638 1633 οἱ
2673 1579 2732 1634 δὲ
2780 1581 3107 1653 ἐκφέροντες
3147 1580 3438 1652 λοιδορίας,
3483 1583 3865 1652 ἀφρονέστατοι

2288 1672 2417 1723 εἰσι.

2358 1765 2542 1834 Σιράχ
2571 1763 2710 1820 [αι’.
2755 1794 2822 1805 -
2851 1764 3015 1836 Ἀνὴρ
3050 1767 3377 1838 ἁμαρτωλὸς
3401 1767 3649 1839 ταράξει
3676 1767 3860 1834 φίλους,

2288 1856 2382 1909 καὶ
2427 1857 2704 1928 ἀναμέσον
2750 1858 3140 1928 είρηνευόντων
3196 1858 3353 1928 βαλεῖ
3399 1858 3701 1930 διαϐολήν·
3747 1859 3862 1913 κατὰ

2220 1951 2265 2008 Β
2292 1947 2392 2018 τὴν
2425 1945 2561 2018 ὓλην
2589 1947 2686 2001 τοῦ
2717 1947 2891 2018 πυρὸς
2920 1947 3094 2011 οὕτως
3129 1949 3560 2019 ἐκκαυθήσεται.

2375 2039 2666 2106 Ἐκκλησ.
2706 2038 2907 2095 IA'.-——
2960 2042 3097 2112 Πρὶν
3161 2040 3461 2108 Esau-dcent:
3528 2042 3609 2113 μὴ
3665 2040 3860 2111 titul/13'

2290 2134 2483 2202 νόησον
2512 2132 2752 2206 πρῶτον,
2792 2134 2886 2187 καὶ
2913 2134 3032 2186 τότε
3065 2133 3312 2203 ὲπιτίμα.

2361 2226 2708 2280 Βασιλείου.
2733 2255 2806 2265 -
2838 2225 2914 2279 Οὐ
2946 2226 3017 2279 τὰ
3059 2227 3280 2296 ρήματα
3320 2227 3540 2295 πέφυκε
3580 2225 3684 2290 τὰς
3712 2226 3860 2288 λύπας

2290 2318 2487 2370 κινεῖν·
2521 2316 2639 2370 ἀλλ’
2668 2318 2702 2387 ἡ
2736 2316 2879 2371 κατὰ
2910 2316 3004 2371 τοῦ
3049 2316 3462 2389 λοιδορήσαντος
3521 2320 3680 2388 ἡμᾶς
3719 2318 3857 2387 ὑπερ·

2287 2407 2440 2479 οψία,
2466 2409 2562 2462 καὶ
2595 2410 2628 2478 ἡ
2651 2408 2885 2464 ἑκάστου
2902 2414 2907 2419 ’
2926 2408 3108 2462 αὐτῶν
3137 2408 3429 2480 ὑπεροψία.

2362 2590 2651 2659 Πεφύκασί
2681 2607 2800 2655 πως
2838 2591 2960 2653 ταῖς
3010 2589 3276 2662 μεγάλαις
3317 2591 3672 2653 δυναστείαις
3703 2591 3755 2644 αί
3777 2592 3855 2645 ἁν-

2287 2677 2560 2752 ελεύθεροι
2595 2675 2756 2736 αὗται
2799 2680 3186 2754 παραφύεσθαι
3232 2681 3551 2753 θεραπεῖαι,
3598 2682 3657 2736 αἱ
3700 2680 3779 2735 διὰ
3806 2680 3853 2732 τὸ

2285 2774 2515 2854 ἀπορεῖν
2537 2775 2741 2829 οἰκείου
2774 2774 2984 2844 ἀγαθοῦ
3015 2776 3082 2829 δι’
3112 2768 3174 2829 οῦ
3218 2775 3638 2846 γνωρισθῶσιν,
3670 2777 3733 2829 ὲκ
3763 2774 3851 2828 τῶν

2286 2864 2582 2936 ἀλλοτρίων
2608 2867 2796 2920 κακῶν
2828 2867 3058 2932 ἑαυτοὺς
3094 2866 3442 2922 συνιστῶσιν.
3613 2934 3624 2949 .

2358 2958 2679 3027 Θεολόγου.
2717 2959 2887 3012 -Τὺ
2938 2958 3038 3029 μὲν
3087 2957 3195 3028 γὰρ
3250 2960 3543 3030 ἐπιτιμᾷν,
3587 2960 3650 3013 οὐ
3693 2957 3847 3029 μέγα⁸

2288 3051 2485 3121 ῥᾷστον
2510 3049 2621 3122 γὰρ
2645 3049 2855 3105 καὶτοῦ
2894 3050 3221 3121 βουλομένου
3240 3051 3444 3116 παντός
3461 3068 3476 3082 ·
3504 3051 3571 3106 τδ
3585 3052 3644 3106 δὲ
3666 3052 3849 3105 ἀντεισ-

2237 3143 2255 3162 ⁶
2285 3141 2441 3210 άγειν
2496 3143 2596 3213 τὴν
2641 3142 2841 3197 ἑαυτοῦ
2886 3140 3138 3215 γνώμην,
3197 3143 3395 3215 ἀνδρὸς
3458 3143 3721 3208 εὐσεϐοῦς
3771 3141 3847 3195 καὶ

2284 3231 2408 3284 νοῦν
2436 3230 2669 3301 ἔχοντος.

2205 3287 2252 3346 c
2360 3287 2565 3386 Καιῖῶς
2590 3287 2810 3390 ἀκούειν
2839 3326 3115 3395 κρεῖσσον,
3146 3323 3180 3392 ἢ
3206 3324 3388 3394 λέγειν
3414 3326 3631 3391 κακῶς.

2360 3415 2632 3469 Ἀπτεται
2688 3415 2751 3468 οὺ
2790 3415 2898 3469 τῶν
2937 3415 3153 3470 πολλῶν
3202 3420 3387 3486 μόνον,
3426 3417 3573 3471 ἀλλὰ
3630 3414 3722 3470 καὶ
3757 3409 3845 3466 τῶν

2286 3505 2529 3580 ἀρίστων
2559 3508 2589 3561 ὁ
2627 3505 2839 3579 μῶμος.
2896 3576 2901 3581 ἢ

2355 3599 2658 3666 Χρυσοστ.
2693 3628 2767 3640 -
2789 3600 3003 3670 Ὠσπερ
3037 3599 3099 3654 τὸ
3128 3601 3311 3665 καλῶς
3352 3602 3542 3671 λέγειν
3571 3602 3667 3655 καί
3691 3601 3839 3667 ἐγκω-

2286 3686 2507 3758 μιάζειν
2546 3688 2692 3759 ἁρχὴ
2735 3690 2919 3758 φιλίας
2971 3691 3150 3744 ἐστίν·
3192 3691 3337 3745 οὕτω
3363 3694 3423 3745 τὸ
3451 3693 3646 3756 κακῶς
3690 3689 3841 3755 λέγειν

2283 3778 2379 3830 καὶ
2408 3776 2738 3845 διαϐάλλειν,
2766 3778 2987 3851 ἔχθρας,
3021 3781 3115 3835 καὶ
3164 3782 3487 3852 ἀπεχθείας,
3537 3783 3634 3837 καὶ
3660 3777 3839 3851 μυρίων

2283 3868 2472 3922 κακῶν
2501 3869 2645 3940 ἀρχὴ
2668 3870 2762 3924 και
2788 3858 3051 3936 ὑπόθεσις
3073 3873 3322 3940 γέγονεν.

2316 4018 2320 4023 δ
2354 3957 2430 4010 Οὐ
2482 3957 2709 4013 δυνατὸν
2754 3962 2880 4024 τοὺς
2920 3963 2978 4014 ὲν
3020 3965 3195 4034 ἀρετῇ
3253 3966 3416 4029 δντας
3463 3965 3623 4037 παρὰ
3652 3962 3836 4018 πάντων

2281 4050 2504 4107 ἀκούειν
2538 4052 2742 4116 καλῶς.

2351 4144 2416 4196 El.
2467 4144 2517 4196 οἱ
2569 4144 3007 4215 παραδεχόμενοι
3060 4145 3231 4219 ἀκοὴν
3284 4146 3528 4219 ματαίαν
3556 4146 3658 4201 οὐκ
3685 4145 3744 4199 ἂν
3765 4138 3835 4192 τύ·

2280 4251 2428 4305 χοιεν
2473 4238 2837 4307 συγγνώμης·
2866 4239 2916 4291 οί
2947 4237 3329 4304 διαϐάλλοντες
3358 4240 3453 4294 καὶ
3500 4236 3833 4311 λοιδοροῦντες

2279 4327 2444 4381 ποίαν
2473 4326 2688 4395 ἕξουσιν
2722 4328 3060 4400 ἀπολογίαν;

2350 4511 2442 4584 Μὴ
2464 4512 2522 4566 τὸ
2545 4512 2736 4578 κακῶς
2781 4512 3002 4569 ἀκούειν
3038 4512 3317 4587 ἀλγῶμεν,
3344 4515 3481 4571 ἀλλὰ
3519 4515 3599 4587 τῷ
3639 4508 3828 4567 δικαίως

2207 4639 2250 4695 D
2280 4605 2502 4660 ἀκούειν
2523 4605 2734 4670 κακῶς.

2350 4699 2413 4751 Οἱ
2445 4698 2631 4752 πολλοὶ
2677 4699 2788 4752 τῶν
2829 4698 3158 4769 ἀνθρώπων,
3201 4700 3310 4752 τῶν
3360 4701 3460 4769 μὲν
3503 4701 3648 4754 ἰδίων
3676 4697 3824 4762 ἁμαρ·

2274 4806 2343 4860 τη
2352 4790 2540 4860 μάτων
2567 4790 2859 4862 συνήγοροι
2891 4791 3130 4860 γίνονται
3148 4807 3165 4825 ο
3189 4791 3300 4845 τῶν
3328 4790 3385 4845 δὲ
3408 4788 3700 4862 ἀλλοτρίων
3722 4796 3823 4833 κατ-

2276 4881 2489 4952 ήγοροι.

2349 4972 2764 5042 Πλουτάρχου.
2782 5001 2850 5013 —
2874 4971 3101 5026 Γλῶσσα
3124 4973 3471 5044 βλάσφημος,
3494 4968 3721 5028 διανοίας
3747 4975 3822 5011 κα-

2275 5064 2381 5134 κῆς
2405 5064 2643 5135 ἔλεγχος.

2366 5159 2660 5226 Ἰσοκράτ.
2689 5190 2760 5201 -
2790 5159 3037 5249 Εὐλαϐοῦ
3064 5162 3166 5226 τὰς
3196 5159 3474 5227 διαϐολὰς,
3516 5159 3616 5214 κᾶν
3640 5146 3820 5225 ψευδεῖς

1782 5314 1788 5319 '
1889 5301 2120 5357 VARIIE
2163 5302 2565 5359 LECTIONES.

669 5398 711 5427 ¹⁶
740 5396 800 5451 In
822 5396 989 5454 Gesn.
1027 5396 1244 5451 διοικιξο
1278 5395 1363 5449 70.

2128 5486 2360 5541 NUT/E.

2129 5493 2360 5544 NUT/l‘l.
3286 5542 3292 5548 .

669 5578 744 5668 (ﬁ)
778 5577 2164 5668 ficii)fiagaigzgcusualitteris.:adulilaxiniisco-
2276 5580 2414 5635 Heh.
2489 5592 2671 5636 tamen
2724 5593 2857 5668 “apti?
2912 5583 3168 5653 falsitatis
3220 5583 3449 5638 habent.
3497 5581 3650 5651 Vulg.
3698 5569 3808 5668 ίαίία

602 5664 730 5719 pum
779 5648 1414 5719 accommodatissimas:
1448 5648 1705 5716 Quijusti
1734 5658 1881 5711 sunt,
1932 5666 2038 5703 non
2069 5667 2169 5705 es-

603 5717 1039 5788 scgsusurroncs,
1064 5717 1160 5771 scd
1195 5719 1413 5788 operire
1437 5735 1574 5788 quas
1613 5719 1935 5774 inimicitias
1958 5730 2014 5772 et
2043 5722 2169 5776 odia

604 5786 808 5850 sciunt,
846 5802 912 5839 ne
941 5786 1270 5856 detegendo,
1298 5786 1566 5858 majuseis
1592 5788 1831 5844 fontenta
1849 5790 2168 5847 adhibeant.

2279 5675 2598 5745 mendacia;
2626 5661 2789 5744 quasi
2822 5676 2950 5730 dolo
2984 5677 3238 5745 maloque
3273 5677 3463 5731 animo
3492 5661 3809 5745 htecopgfri'fe

2283 5738 2689 5816 intelligantur,
2728 5755 2788 5799 ut
2830 5747 2884 5799 in
2920 5738 3166 5816 tempore
3226 5756 3483 5802 noceant.
3524 5741 3654 5812 Quid
3694 5738 3809 5800 1⁸6⁸⁸

2278 5813 2390 5866 rint
2444 5818 2491 5866 οἱ
2524 5814 2810 5880 Seniores,
2842 5827 2900 5871 ut
2929 5817 3000 5871 ita
3032 5813 3350 5882 redderent,
3386 5833 3495 5872 non
3520 5817 3691 5899 liquet.
3806 5834 3811 5839 λ
