4094 6370
525 300 633 366 787

1696 295 1757 354 S.
1797 292 2085 355 ΜΛΧΙΜΙ
2123 289 2635 352 CONFESSORIS

3705 290 3823 355 ’188

528 408 828 479 multisque
887 408 1003 479 jam
1045 405 1219 476 magis
1261 406 1450 462 nocuit
1495 407 1713 461 aurium
1778 403 2103 471 inﬁrmitas,

2217 402 2391 473 μείζω
2426 403 2717 475 ἠδίκηνται
2767 401 2875 457 ὑπὸ
2922 403 3022 475 τῆς
3054 403 3165 458 τῶν
3211 402 3369 459 ὤτων
3421 402 3740 469 ἀσθενείας,
3775 403 3817 476 ἢ

528 516 692 572 quam
729 497 878 570 quod
913 498 1265 597 inimicorum
1306 508 1431 553 sunt
1462 496 1690 568 appetiti
1720 494 1958 551 insidiis.

1171 611 1478 668 Cleanthes.

526 709 672 765 Nihil
699 724 923 780 usquam
953 705 1238 780 calumnia
1263 704 1646 780 maleﬁcentius
1664 719 1682 756 :

526 780 683 835 Clam
708 774 851 835 enim
878 777 1115 837 seducto,
1150 778 1240 846 qui
1273 775 1435 845 ﬁdem
1471 774 1678 846 hahuit,

526 852 717 905 Odium
750 847 1002 919 conﬁngit
1033 849 1091 902 in
1128 843 1250 901 eum
1275 843 1373 916 'qui
1434 843 1571 899 nihil
1611 860 1730 898 reus
1770 845 1860 898 sit.

590 962 760 1019 Sexti.
793 993 866 1004 —
893 961 1001 1029 Qui
1058 962 1298 1016 amicum
1326 960 1635 1025 cavillatur,
1699 958 1849 1014 nulla
1912 957 2081 1029 dignu

524 1056 596 1111 sit
633 1055 910 1121 laude,vel
948 1054 993 1110 si
1020 1069 1149 1108 vera
1185 1053 1410 1107 dixerit.

594 1147 1152 1221 Chrysippi—Cum
1206 1147 1432 1217 quidam
1472 1146 1523 1201 ei
1584 1145 1825 1200 diceret:
1885 1144 2108 1200 Amicus

521 1241 837 1299 clanculum
860 1240 1083 1312 sugillat
1106 1255 1171 1299 ac
1220 1238 1462 1294 detrahit
1506 1257 1518 1292 :
1555 1238 1871 1302 Hominem,
1905 1237 2105 1307 inquit,

524 1348 593 1387 ne
622 1328 878 1403 arguitb;
910 1332 1114 1402 quippe
1145 1332 1292 1387 idem
1324 1332 1503 1401 palam
1524 1330 1778 1385 facturus
1801 1337 1906 1383 est.

590 1419 741 1475 idem
774 1436 805 1476 a
823 1420 944 1477 viro
966 1420 1209 1490 quodam
1234 1436 1469 1491 nequam
1499 1420 1690 1476 multis
1717 1420 1950 1475 allectus
1969 1434 2106 1479 con-

522 1505 681 1561 viciis
705 1524 718 1560 :
743 1505 983 1577 Optime,
1012 1508 1423 1579 inquit,l‘ecisti,
1455 1509 1605 1579 quod
1629 1525 1827 1564 eorum
1856 1525 1981 1580 qua:
2011 1518 2105 1567 tua

521 1609 704 1667 erant,
744 1599 887 1655 nihil
929 1600 1208 1671 reliquum
1240 1600 1459 1657 feceris.

586 1689 736 1745 ldem
769 1690 1044 1747 referente
1077 1692 1317 1762 quodam
1380 1693 1678 1750 nonnullos
1717 1692 1770 1749 ei
1812 1692 2107 1749 detrahere

2218 496 2325 550 ὑπὸ
2362 498 2461 568 τῆς
2485 498 2595 550 τῶν
2627 496 2842 569 ἐχθρῶν
2869 497 3189 569 ἑπιϐουλῆς.

2874 612 3132 668 Κλεάνθ.

2214 709 2700 777 Κακουργότερον
2723 705 2904 761 οὐδὲν
2923 706 3209 774 διαϐολῆς
3245 707 3380 761 ἐστί
3406 723 3544 763 που.

2221 777 2417 843 Λάθρα
2442 779 2549 845 γὰρ
2577 777 2949 844 ἀπατήσασα
2970 778 3079 831 τὸν
3108 778 3539 845 πεπεισμένον,

2212 851 2409 914 Μῖσος
2429 848 2797 901 ἀναπλάττει
2827 848 2974 915 πρὸς
2992 848 3102 902 τὸν
3125 848 3309 902 οὐδὲν
3336 849 3553 903 αἴτιον.

2284 959 2457 1025 Σέξτ,
2491 990 2560 1001 -
2595 961 2655 1013 Ὀ
2697 959 3064 1019 ἐνδιαϐάλλων
3099 959 3275 1031 φίλον,
3309 961 3386 1034 μὴ
3420 962 3813 1034 εὐδοκιμείτω,

2211 1051 2314 1106 κᾶν
2336 1051 2512 1121 ἀληθῆ
2542 1050 2695 1122 λέγῃ,

2281 1144 2587 1210 Χρνσίππ.
2608 1170 2675 1182 ——
2692 1141 2955 1206 Είπόντος
2983 1141 3133 1213 αὐτῷ
3160 1160 3328 1211 τινος,
3356 1143 3416 1198 Ὀ
3440 1144 3596 1215 φίλος
3619 1161 3681 1197 σε
3710 1143 3818 1197 λά-

2211 1233 2319 1305 θρα
2350 1234 2604 1303 λοιδορεῖ,
2640 1232 2766 1303 ἔφη·
2807 1234 2900 1305 Μὴ
2932 1234 3126 1306 ἔλεγχε
3169 1235 3353 1301 αὑτὸν,
3390 1237 3515 1289 ἐπεὶ
3545 1234 3816 1308 φανερῶς

2211 1326 2343 1381 αὐτὸ
2368 1325 2479 1396 ἔχει
2515 1324 2747 1398 [μέλλει]
2775 1329 2971 1381 ποιεῖν.

2293 1419 2352 1472 Ὀ
2388 1418 2551 1481 αὐτὸς
2596 1418 2705 1472 ὑπό
2736 1436 2883 1482 τινος
2929 1418 3172 1490 πονηροῦ
3223 1419 3398 1475 πολλὰ
3432 1418 3809 1489 λοιδορηθεὶς,

2205 1513 2333 1583 ἔφη*
2376 1511 2654 1566 Κάλλιστα
2695 1511 2981 1584 ἐποίησας,
3013 1512 3181 1584 μηδέν
3227 1529 3313 1567 σοι
3344 1513 3455 1567 τῶν
3484 1513 3813 1582 προσόντων

2205 1603 2556 1677 παραλιπών.
3017 1601 3023 1607 ’
3440 1654 3445 1657 .

2291 1698 2350 1751 '0
2388 1696 2575 1760 αὐτὸς,
2606 1694 2753 1759 τινὸς
2788 1694 3042 1764 λέγοντος
3081 1695 3164 1751 ὅτι
3211 1694 3282 1749 Σέ
3331 1711 3476 1758 τινες
3522 1693 3810 1766 λοιδοροῦ-

513 1798 581 1839 ac
610 1784 859 1856 obloqui:
892 1785 964 1843 At
991 1802 1116 1858 ego,
1151 1787 1354 1858 inquit,
1382 1787 1464 1853 sic
1492 1787 1620 1842 vita:
1645 1787 1891 1843 rationes
1945 1787 2103 1843 insti-

2215 1808 2321 1855 σιν,
2352 1790 2480 1860 ἔφη·
2528 1788 2671 1844 Ἀλλ’
2695 1787 2808 1857 ἐγὼ
2835 1787 3010 1852 οὕτως
3040 1787 3231 1853 διάξω,
3267 1786 3410 1840 ὥστε
3445 1787 3809 1842 ἀπιστεῖσθαι

515 1884 687 1944 tuam,
704 1887 779 1956 ⁸ιιι
800 1895 965 1959 nemo
993 1881 1104 1939 illis
1133 1881 1293 1939 (idem
1321 1882 1614 1938 habiturus
1637 1881 1730 1937 sit.

583 1967 812 2024 Liciani.
842 2002 916 2012 —
942 1972 1077 2038 Quis
1105 1990 1216 2037 non
1255 1973 1518 2040 fateatur,
1543 1974 1603 2029 in
1644 1973 1907 2033 omnibus
1941 1974 2110 2030 rebus

511 2061 906 2130 aequalitatem,
957 2063 1213 2135 nihilque
1276 2066 1514 2121 nimium
1583 2074 1681 2120 aut
1749 2064 2104 2131 redundans,

509 2153 740 2224 iustitia:
766 2169 937 2225 opera
957 2172 1103 2225 esse;
1161 2157 1595 2228 inaqualitatem
1624 2173 1760 2213 vero
1782 2166 1839 2213 et
1876 2156 2103 2213 nimiam

514 2244 762 2303 habendi
787 2249 1183 2320 cupiditatem,
1214 2251 1524 2323 iniustitiae?
1552 2251 1721 2322 Atqui
1752 2252 1820 2315 is,
1864 2250 1962 2321 qui
2008 2265 2103 2305 ca-

512 2335 727 2391 lumnia
749 2337 1017 2396 adversus
1038 2342 1296 2397 absentes
1324 2341 1636 2397 clanculum
1709 2341 1907 2406 utitur,
1971 2338 2106 2409 quid

511 2435 600 2483 est
658 2442 758 2483 cur
785 2445 987 2486 avarus
1008 2431 1246 2505 plusque
1290 2432 1532 2488 habendi
1586 2431 1855 2503 cupidus,
1878 2447 1975 2488 seu
2002 2430 2105 2484 ini-

510 2534 657 2590 quus
691 2532 899 2592 raptor,
932 2539 1042 2579 non
1066 2526 1385 2581 censeatur?
1416 2525 1630 2596 Quippe
1663 2526 1759 2595 qui
1788 2530 1965 2580 totum
1994 2538 2095 2578 au-

2212 1883 2431 1948 αὐτούς.

2282 1981 2516 2031 Λικιαν.
2540 2005 2610 2015 -
2647 1973 2747 2041 Τίς
2785 1973 2895 2046 γὰρ
2925 1972 3027 2029 οὐκ
3053 1972 3122 2029 ἂν
3151 1972 3532 2043 ὁμολογήσειε,
3565 1970 3666 2043 τὴν
3700 1970 3819 2041 μὲν

2215 2070 2439 2139 ἰσότητα
2464 2068 2523 2121 ὲν
2547 2066 2747 2133 ἅπασι,
2774 2067 2872 2121 καὶ
2901 2065 2963 2119 τὸ
3014 2064 3182 2135 μηδὲν
3217 2064 3406 2129 πλέον,
3447 2062 3806 2132 δικαιοσύνης

2209 2160 2351 2231 ἔργα
2382 2155 2554 2213 εἶναι·
2575 2157 2638 2215 τὸ
2658 2157 2718 2212 δὲ
2747 2156 2932 2215 ἄνισόν
2959 2172 3039 2215 τεά
3054 2154 3151 2208 καὶ
3185 2154 3532 2220 πλεονεκτὸν,
3560 2152 3801 2217 ἀδικίαςς

2221 2254 2279 2307 '0
2304 2252 2362 2305 δὲ
2393 2255 2461 2323 τῇ
2491 2249 2717 2321 διαϐολῇ
2747 2250 2891 2305 κατὰ
2924 2249 3034 2303 τῶν
3085 2248 3344 2307 ἁπάντων
3370 2245 3550 2319 λάθρα
3579 2243 3806 2317 χρώμε-

2203 2363 2314 2410 νος,
2354 2345 2474 2407 πῶς
2510 2345 2573 2398 οὐ
2625 2341 2963 2413 πλεονέκτης
3013 2331 3167 2396 ἐστίν
3195 2358 3211 2409 ;
3238 2340 3360 2395 ὅλον
3386 2339 3480 2392 τὸν
3516 2336 3800 2408 ἀκροατὴν

2206 2436 2687 2509 σφετεριζόμενος,
2739 2434 2833 2488 καὶ
2890 2431 3447 2504 προκαταλαμϐάνων
3504 2428 3675 2484 αὑτοῦ
3724 2426 3800 2481 τὰ

2201 2525 2339 2596 ὦτα,
2373 2529 2467 2584 καὶ
2490 2527 2877 2603 ἁποφρᾲττων,
2908 2526 3004 2583 καὶ
3029 2525 3112 2596 τῷ
3134 2526 3389 2595 δευτέρῳ
3421 2523 3568 2593 λόγῳ
3594 2536 3802 2573 παντε-

510 2613 750 2671 ditorem
781 2632 942 2671 suum
972 2618 1187 2683 reddat,
1208 2620 1443 2690 ejusque
1466 2627 1823 2690 praeoccupet
1847 2618 2096 2672 animum

2215 2623 2309 2687 tib;
2356 2622 2533 2677 ἄϐατα
2578 2618 3011 2684 κατασκευάζων
3064 2617 3206 2673 αὐτὰ
3245 2615 3351 2670 ὑπὸ
3394 2615 3495 2686 τῆς
3543 2611 3802 2683 διαϐολῆς

511 2723 578 2765 ac
616 2725 785 2769 aures
863 2713 1142 2781 obstruat,
1168 2729 1309 2784 quas
1357 2714 1635 2773 calumnia
1681 2715 1945 2788 repletas,
2004 2726 2096 2769 se-

506 2804 699 2875 quenti
736 2806 1321 2877 sermoneimpervias
1365 2808 1697 2878 clausasque
1753 2804 1979 2863 efﬁciat.

1114 2943 1345 3000 SERMO
1381 2945 1455 3001 XI

1076 3054 1153 3109 De
1189 3055 1518 3111 adulatione.

582 3169 709 3224 Luc.
741 3185 814 3236 νι,
836 3169 928 3225 26.
948 3201 1014 3211 --
1031 3170 1146 3236 Vae,
1171 3185 1297 3226 cum
1318 3172 1714 3227 benedixerint
1738 3171 1899 3228 vobis
1921 3170 2104 3226 homi-

511 3278 633 3317 RES.

581 3354 758 3420 Iudae,
804 3357 885 3412 16.
917 3388 987 3397 ——
1014 3357 1079 3412 Hi
1120 3367 1256 3413 sunt
1304 3367 1767 3421 murmuratores,
1798 3356 2104 3427 querulosi,

508 3448 819 3502 secundum
850 3447 1130 3505 desideria
1153 3465 1253 3507 sua
1284 3451 1666 3517 ambulantes;
1700 3461 1759 3505 et
1817 3465 1883 3506 os
1916 3465 2109 3504 eorum

510 3540 756 3610 loquitur
827 3541 1104 3611 superba,
1190 3542 1462 3601 mirantes
1537 3556 1807 3613 personas
1865 3551 2129 3613 quaestus

504 3645 693 3685 causa.

568 3720 731 3777 Prov.
764 3722 1025 3789 xxvr,22.
1046 3752 1110 3762 —
1139 3723 1441 3779 Sermones
1473 3722 1832 3779 adulatorum
1866 3725 2064 3781 molles
2091 3743 2105 3779 :

506 3813 564 3867 hi
591 3830 723 3870 vero
755 3815 968 3871 feriunt
1005 3817 1318 3888 penetralia
1348 3817 1646 3874 viscerum.

579 3907 776 3962 Melior
806 3917 893 3964 est
929 3908 1019 3965 vir
1047 3924 1311 3980 arguens,
1358 3924 1527 3980 quam
1558 3908 1722 3974 alter,
1759 3908 1856 3978 qui
1908 3907 2109 3964 adule-

507 4003 624 4049 tur.

575 4086 690 4141 Isa.
742 4104 823 4154 In,
869 4088 1053 4143 11—
1078 4088 1184 4156 Qui
1227 4090 1421 4147 beatos
1460 4107 1561 4147 vos
1599 4091 1815 4159 dicunt,
1856 4091 1960 4163 ipsi
2010 4104 2108 4145 vos

509 4177 824 4246 decipiunt,
847 4186 901 4233 et
923 4178 1180 4234 semitam
1205 4179 1424 4234 viarum
1450 4179 1744 4249 dissipant.

577 4268 742 4341 565
759 4270 1043 4327 Basilii.—
1067 4272 1364 4343 Fugiamus
1400 4273 1778 4328 adulationem
1810 4279 1867 4326 et
1914 4284 2108 4326 assen-

2204 2713 2706 2788 προπεπλησμένα.

2796 2935 3016 2989 ΛΟΓΟΣ
3054 2935 3136 2988 lA'
3162 2933 3230 2986 ".

2756 3049 2896 3118 Περὶ
2926 3048 3269 3114 κολακείας.

2280 3173 2463 3226 Λουκ.
2494 3167 2584 3234 ς’.
2615 3193 2683 3205 --
2707 3162 2847 3221 Οὐαὶ
2870 3164 3003 3221 ὅταν
3049 3158 3234 3224 καλῶς
3279 3159 3510 3213 εῐπωσιν
3554 3157 3704 3229 ὑμᾶς
3745 3157 3801 3212 oi

2209 3259 2307 3317 ἄνθ
2315 3276 2508 3331 ρωποι.

2292 3350 2561 3406 Ἰουδ.-
2606 3342 2769 3403 Οὗτοί
2829 3347 2936 3400 εισι
2990 3342 3321 3414 γογγυσταὶ,
3397 3338 3797 3412 μεμψίμοιροι,

2211 3437 2355 3495 κατὰ
2387 3436 2687 3507 ἐπιθυμίας
2741 3435 2923 3490 αὐτῶν
2969 3433 3358 3506 πορευόμενοι,
3387 3430 3485 3485 καὶ
3532 3428 3593 3482 τὸ
3623 3430 3800 3498 στόμα

2212 3531 2395 3588 αὐτῶν
2418 3530 2572 3585 λαλεῖ
2594 3530 2905 3602 ὑπέρογκα,
2937 3527 3322 3599 θαυμάζοντες
3354 3522 3631 3594 πρόσωπα
3661 3518 3801 3590 ὦφερ

2210 3624 2359 3687 λείας
2385 3623 2567 3694 χάριν.

2281 3719 2529 3785 Παροιμ.
2561 3712 2705 3780 KG".
2723 3741 2793 3751 —
2817 3710 2983 3778 Λόγοι
3009 3706 3317 3780 κερκώπων
3351 3703 3619 3779 μαλακοί·
3649 3694 3801 3758 οὗτοι

2206 3808 2267 3866 ¹δὲ
2294 3810 2591 3867 τύπτουσιν
2622 3810 2703 3871 είς
2724 3808 2925 3877 ταμεῖα
2960 3805 3309 3877 σπλάγχνων.

2282 3904 2555 3974 Κρεῖσσον
2588 3899 2782 3970 ἀνδρὸς
2840 3899 3181 3969 ἐλέγχοντος,
3235 3897 3379 3967 ὑπὲρ
3423 3895 3588 3953 ἄλλου
3636 3892 3797 3948 κολα-

2210 3993 2488 4055 κεύοντος.

2292 4089 2489 4145 Ἡσατ.
2520 4087 2605 4140 ιη.
2629 4113 2699 4124 -
2732 4084 2799 4138 Ol
2834 4081 3236 4155 μακαρίζοντες
3296 4079 3466 4151 ὑμᾶς,
3520 4075 3797 4134 πλανῶσιν

2188 4179 2379 4249 -ὑμᾶς,
2412 4177 2508 4235 καὶ
2528 4175 2628 4247 τὴν
2662 4173 2850 4247 τρίϐον
2875 4173 2986 4226 τῶν
3010 4172 3149 4226 ὁδῶν
3184 4171 3579 4243 ταράσσουσιν.

2281 4267 2632 4323 Βασιλείου.
2657 4293 2725 4306 -—
2758 4264 3025 4332 Φύγωμεν
3073 4261 3365 4326 κολακείας
3398 4261 3497 4315 καὶ
3535 4260 3795 4341 θωπείας,

508 4358 798 4425 tationem,
826 4367 884 4414 et
920 4358 1208 4419 insidiosa:
1255 4361 1438 4431 vulpis
1481 4359 1747 4417 astutiam
1794 4359 2091 4429 variasque

2215 4361 2297 4416 ml.
2333 4359 2437 4429 τῆς
2481 4357 2772 4430 ἀρχιλόχου
2810 4357 2853 4390 ⁸⁸
2893 4355 3180 4418 ἀλώπεκος
3229 4352 3289 4406 τὸ
3357 4350 3652 4423 κερδαλέον
3707 4353 3799 4405 καὶ

505 4449 753 4505 fraudes.

575 4544 726 4598 Nihil
762 4544 913 4599 enim
940 4544 1255 4610 molestius,
1294 4544 1383 4600 his
1415 4545 1512 4616 qui
1558 4544 1666 4598 viri
1701 4534 2094 4607 cordati'sunt,

505 4652 671 4705 quam
701 4645 764 4690 ut
817 4636 885 4691 ad
927 4637 1161 4708 gloriam
1193 4639 1403 4703 vivant,
1439 4646 1497 4693 et
1543 4652 1667 4707 quae
1696 4652 1764 4693 ex
1789 4634 1940 4706 vulgi
1970 4644 2100 4691 sunt

505 4729 772 4799 opinione
818 4730 1019 4785 animis
1057 4731 1371 4795 attendant,
1417 4745 1529 4785 non
1570 4737 1781 4785 rectam
1825 4728 2097 4783 rationem

506 4823 637 4876 vitae
668 4822 866 4876 ducem
895 4822 1212 4878 instituant.

582 4912 849 4985 Theologi.
873 4946 943 4956 ——
974 4916 1032 4975 Si
1064 4932 1178 4982 me,
1214 4932 1344 4971 cum
1376 4915 1558 4972 malus
1586 4929 1791 4978 essem,
1821 4911 2105 4983 optimum

506 5002 879 5071 existimares,
912 5006 1048 5077 quid
1083 5021 1172 5061 me
1196 5004 1380 5062 facere
1400 5004 1728 5076 oporteret?
1754 5001 2101 5058 Deteriorem

510 5096 656 5162 ﬁeri,
698 5105 762 5152 ut
787 5098 961 5170 magis
988 5099 1098 5154 tibi.
1113 5098 1429 5170 placerem?
1455 5096 1576 5153 Non
1604 5097 1686 5153 sic
1714 5095 1852 5150 mihi
1875 5092 2102 5149 consul-

511 5198 627 5249 lum
660 5190 852 5246 velim.
880 5192 1087 5247 Eadem
1147 5191 1388 5257 ratione,
1438 5206 1542 5245 nec
1573 5190 1621 5246 si
1662 5205 1732 5247 ex
1773 5188 1980 5242 virtute
2012 5184 2099 5240 vi-

509 5291 754 5347 ventem,
787 5298 876 5338 me
923 5283 1209 5339 oﬂ'endere
1256 5298 1322 5337 ac
1352 5289 1582 5353 peccato
1624 5280 1738 5335 labi
1786 5276 2097 5339 arbitraris,

513 5373 593 5425 tui
624 5390 793 5441 causa
843 5376 1070 5432 virtutis
1120 5377 1290 5432 vitam
1348 5374 1596 5430 mutabo.
1635 5372 1755 5426 Non
1797 5369 1955 5437 enim
1999 5367 2109 5435 tibi,

515 5468 709 5536 magis,
738 5485 905 5540 quam
937 5469 1311 5539 mihimetipsi
1342 5467 1499 5531 vivo.

2204 4454 2471 4509 ποικίλον.

2276 4547 2442 4601 Οὐδὲν
2468 4545 2578 4615 γὰρ
2601 4542 2987 4616 χαλεπώτερον
3007 4545 3121 4607 τοῖς
3151 4536 3210 4596 εὖ
3238 4537 3520 4611 φρονοῦσι,
3546 4537 3646 4591 τοῦ
3666 4536 3796 4608 πρὸς

2204 4640 2365 4707 δόξαν
2394 4639 2515 4710 ζῇν,
2546 4638 2642 4690 καὶ
2666 4636 2736 4691 τὰ
2754 4638 2869 4700 τοῖς
2894 4635 3112 4699 πολλοῖς
3138 4628 3400 4688 δοκοῦντα
3419 4632 3796 4702 περισκοπεῖν,

2207 4733 2304 4786 καὶ
2360 4731 2435 4802 μὴ
2494 4729 2589 4783 τὸν
2639 4727 2801 4800 ὀρθὸν
2854 4728 3012 4798 λόγον
3078 4725 3328 4799 ἡγεμόνα
3384 4723 3662 4777 ποιεῖσθαι
3707 4718 3797 4774 τοῦ

2244 4823 2345 4877 ίου.

2204 4822 2594 4985 βιῒεολόγου.
2625 4945 2696 4956 --
2725 4913 2787 4966 El
2819 4911 2886 4983 μὲ
2906 4911 3038 4965 ὄντα
3065 4908 3259 4975 κακὸν,
3295 4908 3519 4978 ἄριστον
3550 4903 3799 4973 ὑπελάμ-

2204 5009 2391 5073 ϐανες,
2415 5006 2468 5060 τί
2502 5022 2571 5077 με
2602 5007 2776 5058 ποιεῖν
2820 5004 3026 5075 ὲχρῆν;
3073 4997 3214 5055 εἶναι
3241 4998 3443 5071 μᾶλλον
3492 4995 3683 5060 κακὸν,
3714 4994 3796 5047 ἵνα

2207 5101 2373 5157 πλέον
2419 5100 2642 5173 ἀρέσκω
2670 5116 2789 5166 σοι;
2821 5098 2921 5151 οὐκ
2964 5096 3032 5151 ἂν
3072 5092 3233 5149 τοῦτο
3278 5088 3505 5164 ἐμαυτῷ
3542 5086 3797 5143 συνεϐού-

2205 5195 2397 5249 λευσα.
2453 5191 2642 5256 Οὕτως
2683 5190 2805 5244 οὐδὲ
2830 5191 2879 5243 εί
2907 5174 3278 5259 κατορθοῦντά
3310 5201 3379 5256 με
3419 5180 3638 5236 πταίειν
3664 5179 3797 5231 uno.

2207 5285 2527 5356 λαμϐάνεις,
2560 5284 2620 5337 τὸ
2665 5280 2964 5352 κατορθοῦν
3015 5280 3106 5334 διὰ
3160 5278 3221 5332 σὲ
3267 5274 3669 5349 μεταθήσομαι.
3724 5267 3795 5323 Οὐ

2209 5378 2288 5445 ζῶ
2318 5376 2428 5447 γὰρ
2453 5377 2536 5429 σοὶ
2563 5374 2762 5447 μᾶλλον
2796 5374 2829 5447 ἢ
2861 5370 3106 5447 ἐμαυτῷ.

1822 5626 2053 5681 varum
2074 5621 2493 5706 _LECT|0.\‘ES.

599 5743 638 5781 ἰτ
681 5744 738 5801 lu
767 5743 932 5799 Gesn.
967 5745 1120 5800 Slob.
1146 5745 1232 5799 63.
1315 5744 1354 5775 ¹⁸
1381 5745 1502 5799 Bas.
1558 5742 1868 5817 ἁρχιλόγου.
