4094 6360
382 318 497 381 ’189

1700 306 1871 368 LOCI
1909 302 2347 364 COMMUNES.

3541 286 3652 350 790

458 421 616 475 Ἐστι
642 421 752 490 γὰρ
767 419 958 489 ἀνδρὸς
985 419 1385 491 μεγαλόφρονος
1413 416 1581 485 φίλων
1616 411 1972 483 ἀποδέχεσθαι

2146 411 2244 466 Est
2279 409 2429 465 enim
2462 406 2566 461 viri
2624 401 2981 475 magnanimi,
3045 408 3106 454 ut
3143 399 3446 469 amicorum
3483 393 3655 462 magis

381 514 590 586 μᾶλλον
620 512 952 584 ἐλευθερίαν,
985 512 1018 583 ἢ
1054 511 1264 583 ἐχθρῶν
1288 506 1602 564 κολακείαν.

455 684 646 758 Πολλῷ
695 686 903 758 βέλτιον
944 687 1151 759 βραχέα
1208 685 1530 756 λυπήσαντα
1568 684 1800 754 μέγιστα
1833 682 1974 752 ὠφε-

382 782 578 854 λῆσαι,
627 780 661 853 ἢ
705 780 768 834 τὸ
823 782 961 854 πρὸς
996 781 1193 852 ἡδονὴν
1237 777 1524 845 διώκοντα,
1572 775 1851 849 ζημιῶσαι
1896 773 1975 844 τῷ

385 872 689 943 κεφαλαίῳ.

457 963 758 1033 Χρυσόστ.
791 992 861 1003 -—
894 962 1064 1015 Ὅταν
1094 959 1360 1031 μεταϐολή
1386 976 1471 1021 τις
1491 956 1716 1027 γένηται
1754 958 1891 1028 πρὸς
1918 955 1977 1008 τὸ

383 1057 591 1125 χεῖρον,
638 1054 763 1107 τότε
818 1053 928 1107 τῶν
975 1052 1226 1129 κολάκων
1280 1052 1599 1121 ἀφαιρεῖται
1641 1048 1710 1101 τὰ
1755 1065 1973 1118 προσω-

383 1150 539 1201 πεῖα.
610 1146 745 1201 Τότε
792 1148 821 1200 ό
849 1145 1008 1216 χορὸς
1044 1145 1329 1215 ἐλέγχεται
1380 1143 1489 1196 τῶν
1524 1141 1856 1210 ὑποκριτῶν,
1883 1141 1977 1194 καὶ

381 1242 422 1309 ἡ
459 1239 660 1310 σκῆψις
709 1237 803 1291 τοῦ
847 1238 1196 1308 πράγματος.
1265 1235 1600 1302 Ἀνοίγονται
1647 1233 1866 1286 πάντων
1908 1233 1978 1285 τὰ

384 1330 656 1400 στόματα,
708 1330 766 1384 '0
800 1329 1020 1400 μιαρὸς,
1064 1328 1333 1396 λέγοντες,
1354 1329 1382 1380 ό
1404 1324 1663 1396 πονηρὸς,
1694 1327 1722 1376 ό
1752 1324 1977 1393 παμπό-

382 1438 573 1491 νηρος.
641 1421 717 1476 Οὐ
774 1421 899 1491 χθὲς
926 1419 1089 1474 αὐτὸν
1124 1418 1485 1482 ὲκολάκευες;
1557 1417 1619 1469 οὐ
1656 1416 1756 1479 τὰς
1788 1418 1979 1485 χεῖρας

383 1512 555 1566 αὐτοῦ
602 1511 948 1580 κατεφίλεις;
998 1497 1354 1581 Προσωπεῖον
1407 1508 1476 1582 ἦν
1520 1512 1723 1564 ἐκεῖνα.
1773 1503 1977 1561 Ἦλθεν

379 1603 416 1653 ό
452 1602 663 1672 καιρὸς,
693 1601 786 1655 καὶ
803 1600 1005 1673 έρῤιψα
1031 1601 1092 1654 τὸ
1114 1601 1587 1671 προσωπεῖον,κα“ι
1610 1598 1979 1670 ἀπεφηνάμην

381 1696 455 1764 τῇ
481 1693 708 1765 διανοίᾳ.

2074 505 2388 559 libertatem
2421 498 2666 561 dicendi,
2698 510 2862 566 quam
2898 491 3248 547 inimicorum
3283 488 3652 542 adulationem

2074 598 2273 668 probet
2302 610 2367 649 ac
2389 592 2594 648 laudet.

2144 684 2314 738 Multo
2344 682 2519 737 satius
2550 688 2635 734 est
2659 674 2819 732 brevi
2868 672 3142 737 molestia,
3180 670 3414 724 maxima
3463 665 3652 721 conci-
3716 732 3731 744 _

2074 781 2210 835 liare
2249 779 2416 841 bona,
2456 790 2624 845 quam
2650 769 2923 842 voluptati
2952 765 3247 857 studendo,
3289 761 3461 818 totius
3486 758 3655 815 sortis
3692 841 3706 854 .

2069 872 2344 943 jacturam
2379 867 2607 922 inferre.

2145 963 2413 1034 Chrysost.
2464 958 2690 1015 ~—Cum
2734 956 2793 1010 in
2832 951 3082 1009 deterius
3128 948 3362 1003 mutatio
3406 945 3655 1016 quadam

2075 1052 2387 1116 acciderit,
2433 1059 2569 1104 tunc
2633 1046 2984 1102 adulatorum
3050 1039 3386 1096 auferuntur
3450 1036 3654 1089 larva:

2080 1156 2213 1202 tunc
2247 1143 2588 1198 histrionum
2648 1136 2944 1193 manifeste
3002 1135 3233 1196 chorus,
3291 1129 3486 1198 reique
3516 1142 3657 1197 pra-

2079 1248 2261 1296 textus
2284 1237 2620 1308 produntur.
2647 1231 2992 1302 Aperiuntur
3020 1226 3272 1282 omnium
3303 1238 3400 1278 ora
3434 1238 3448 1273 :
3478 1220 3660 1288 Impu-

2078 1348 2174 1387 rus
2222 1331 2338 1395 ille,
2397 1328 2745 1391 sceleratus,
2803 1321 3167 1390 omniumque
3209 1312 3657 1373 scelestissimus,

2078 1426 2317 1480 dicunt:
2356 1434 2434 1485 at,
2493 1420 2636 1475 Num
2682 1417 2807 1473 heri
2872 1414 2954 1470 illi
3012 1406 3420 1468 assentabaris?
3473 1419 3661 1459 nonne

2078 1531 2275 1571 manus
2301 1507 2767 1568 deosculabaris?
2818 1506 2996 1562 Larva
3037 1504 3177 1565 hac,
3212 1513 3450 1570 persona
3479 1504 3659 1550 erant.

2077 1606 2244 1662 Venit
2266 1614 2486 1674 tempus
2516 1619 2531 1669 ;
2572 1612 2868 1671 personam
2901 1593 3101 1665 abjeci,
3141 1599 3199 1647 et
3228 1587 3397 1645 animi
3437 1598 3659 1641 sensum

2080 1695 2296 1766 aperui.

459 1758 828 1853 Κλήμέντος.
863 1814 933 1825 --
984 1785 1159 1847 Νόσος
1214 1782 1399 1853 φιλίας
1455 1784 1488 1852 ἡ
1533 1779 1831 1834 κολακεία·
1877 1776 1976 1840 τὰς

2117 1758 2455 1842 ’ϐίεηιεηιὶι
2483 1780 2827 1838 -Αιηὶοἰιίεε
2851 1777 3004 1833 labes
3035 1783 3123 1829 est
3148 1768 3414 1827 adulatio.
3451 1765 3661 1833 Nempe

382 1876 501 1929 τῶν
524 1876 799 1945 ἀρχόντων
850 1875 1157 1947 εὐπραγίας
1189 1873 1387 1944 μᾶλλον
1412 1913 1426 1937 ,
1451 1871 1514 1942 ,ἢ
1549 1871 1679 1934 τοὺς
1707 1868 1979 1941 ἄρχοντας

382 1965 594 2028 αὐτοὺς
626 1963 852 2017 είώθασι
892 1964 1219 2036 θεραπεύειν
1254 1965 1302 2017 οί
1335 1963 1602 2020 πλεῖστοι.

464 2051 800 2121 Πλουτάρχ.
828 2080 897 2092 --
936 2052 1150 2106 Ἔοικεν
1190 2051 1224 2121 ή
1268 2049 1525 2105 κολακεία
1579 2051 1800 2120 γραπτῇ
1842 2063 1979 2101 παν-

390 2143 579 2215 οπλίᾳ.
620 2143 714 2197 Διὸ
755 2143 949 2216 τέρψιν
991 2144 1091 2215 μὲν
1146 2142 1299 2215 ἔχει·
1355 2143 1546 2215 χρείαν
1592 2141 1649 2195 δὲ
1723 2140 1981 2211 οὐδεμίαν

391 2235 645 2307 παρέχει.
674 2258 685 2269 ι
1882 2231 1892 2244 ’

462 2327 545 2381 Τὰ
595 2328 695 2400 μὲν
728 2328 862 2396 ξύλα
904 2329 964 2383 τὸ
1023 2329 1135 2401 πῦρ
1197 2327 1520 2400 αύξάνοντα,
1561 2322 1655 2380 ὕπ’
1696 2325 1862 2379 αὐτοῦ
1886 2322 1981 2379 τοῦ

384 2420 564 2490 πυρὸς
615 2421 1070 2476 καταναλίσκεται
1095 2436 1111 2451 ⁶
1149 2421 1179 2475 ό
1210 2421 1267 2475 δὲ
1310 2419 1539 2483 πλοῦτος
1589 2418 1808 2489 τρέφων
1856 2416 1983 2479 τοὺς

386 2510 653 2578 κόλακας,
688 2514 781 2566 ὑπ’
809 2514 989 2567 αὐτῶν
1014 2512 1218 2567 τούτων
1244 2510 1639 2582 διαφθείρεται.

468 2603 684 2677 ’Ὥσπερ
727 2606 780 2659 oi
832 2606 1071 2676 κόρακες
1124 2602 1554 2675 παρεδρεύοντες
1622 2599 1985 2671 ὲξορύσσουσι

384 2697 524 2761 τοὺς
552 2697 660 2752 τῶν
707 2697 917 2769 νεκρῶν
938 2697 1255 2768 ὀφθαλμούς
1280 2713 1295 2727 ’
1324 2694 1499 2758 οὕτως
1528 2695 1580 2746 οί
1609 2692 1842 2757 κόλακες
1872 2694 1984 2757 τοῖς

386 2789 641 2854 ἐπαίνοις
702 2790 829 2854 τοὺς
903 2790 1201 2861 λογισμοὺς
1268 2786 1641 2857 διαφθείρουσι
1709 2786 1820 2840 τῶν
1884 2786 1986 2840 ἀνα·

385 2879 420 2932 θ
428 2878 651 2951 ρώπων.

465 2970 635 3042 Λαγῷ
688 2973 786 3043 μὲν
818 2972 977 3040 κύνα,
1025 2972 1165 3045 φίλῳ
1194 2972 1253 3027 δὲ
1278 2972 1484 3028 κόλακα
1517 2971 1679 3042 φύσει
1726 2970 1984 3041 πολέμιον

383 3063 651 3132 ἡγητέον.

466 3151 607 3208 Οὔτε
657 3155 760 3226 τῆς
792 3157 1042 3228 γαμετῆς
1075 3157 1175 3228 τὴν
1221 3157 1470 3229 ἑταίραν,
1514 3157 1638 3212 οὔτε
1671 3158 1771 3228 τῆς
1802 3156 1980 3227 φιλίας

380 3244 492 3317 τὴν
522 3245 815 3303 κολακείαν
844 3249 927 3303 δεῖ
955 3252 1252 3321 προτιμᾷν.
1360 3262 1383 3275 "

462 3333 690 3405 Χαίρειν
741 3336 850 3408 χρὴ
897 3340 1011 3402 τοῖς
1069 3339 1404 3409 ἐλέγχουσιν,
1466 3340 1526 3394 ού
1568 3342 1683 3403 τοῖς
1719 3339 1987 3394 κολακεύ-

376 3441 570 3480 ουσιν.
627 3427 691 3480 Οί
721 3427 821 3496 μὲν
840 3422 950 3499 γὰρ
986 3426 1135 3500 ἡμᾶς
1160 3429 1477 3496 λυποῦντες,
1510 3429 1901 3502 διεγείρουσινο
1935 3431 1987 3485 oi

302 3557 309 3561 -
377 3517 449 3572 δὲ
476 3517 851 3591 χαριζόμενοι,
885 3517 1139 3574 ἐκλύουσι
1174 3522 1270 3575 καὶ
1303 3510 1661 3587 σκελίςουσιν.

477 3694 770 3766 Ἰσοκράτ.
805 3727 875 3741 -
910 3696 1075 3768 Διόρα
1107 3696 1346 3762 καὶτοὺς
1380 3697 1540 3769 τέχνῃ
1567 3698 1983 3766 κολακεύοντας,

387 3785 493 3840 καὶ
515 3788 645 3850 τοὺς
672 3790 795 3859 μετ’
828 3788 1042 3852 εὐνοίας
1087 3788 1509 3859 θεραπεύοντας,
1556 3793 1643 3845 ἵνα
1695 3790 1771 3863 μὴ
1802 3791 1986 3848 πλεῖον

381 3878 443 3931 οἱ
475 3878 704 3949 πονηροὶ
725 3877 834 3935 τῶν
856 3880 1111 3952 χρηστῶν
1126 3880 1355 3963 έχωσιν.
1883 3864 1926 3896 ³

464 4059 632 4114 Μίσει
676 4060 804 4125 τοὺς
829 4058 1228 4124 κολακεύοντας
1253 4059 1444 4132 ὥσπερ
1488 4061 1615 4125 τοὺς
1648 4056 1986 4131 ἐξαπατῶν-

376 4168 492 4215 τας
510 4167 526 4183 ·
561 4150 865 4224 ἀμφότεροι
880 4150 989 4222 γὰρ
1012 4142 1417 4218 πιστευθέντες,
1439 4153 1568 4218 τοὺς
1584 4152 1988 4220 πιστεύσαντας

382 4242 671 4298 ἀδικοῦσι.

464 4336 723 4408 Κράτης.
749 4366 822 4377 -
848 4328 1075 4411 Κράτης
1114 4337 1254 4409 πρὸς
1295 4338 1417 4392 νέον
1466 4338 1722 4393 πλούσιον
1757 4340 1986 4405 πολλοὺς

382 4427 634 4493 κόλακας
655 4429 1071 4503 ὲπισυρόμενον,
1101 4427 1244 4494 εἷπε,
1274 4428 1571 4498 Νεανίσκε,
1600 4432 1738 4486 ἐλεῶ
1770 4450 1866 4486 σου
1883 4434 1979 4505 τὴν

2090 4435 2410 4492 adulatores
2442 4433 2748 4507 pellicienti
2803 4450 2817 4486 :

382 4520 656 4594 ἐρημίαν.

477 4608 851 4681 Ἐπικτήτου.
895 4646 968 4656 -
1016 4615 1081 4669 Ol.
1121 4616 1220 4686 μὲν
1268 4612 1525 4687 κόρακες,
1578 4617 1687 4671 τῶν
1735 4618 1986 4672 τετελευ-

382 4706 642 4775 τηκότων
685 4708 812 4771 τοὺς
866 4706 1182 4777 ὀφθαλμοὺς
1241 4708 1617 4779 λυμαίνονται,
1657 4711 1804 4790 ὅταν⁸
1831 4711 1986 4766 οὐδὲν

382 4796 576 4852 αὐτῶν
603 4799 718 4851 ἐστι
758 4798 953 4869 χρείαο
987 4799 1037 4851 οί
1075 4797 1132 4851 δὲ
1183 4797 1436 4865 κόλακες,
1481 4798 1592 4854 τῶν
1641 4799 1861 4864 ζώντων
1884 4801 1987 4865 τὰς

382 4886 573 4957 ψυχὰς
626 4886 1024 4960 διαφθείρουσι,
1087 4889 1183 4942 καὶ¹
1220 4889 1425 4960 ταύτης
1469 4888 1696 4961 ὄμματα
1736 4890 1984 4962 τυφλώτ-

324 5011 331 5015 ’
384 4994 600 5032 νουσιν.

468 5068 710 5145 Πιθήκου
769 5074 940 5145 ὀργὴν
963 5113 979 5139 ,
1016 5076 1113 5129 καὶ
1164 5075 1396 5141 κόλακος
1469 5075 1726 5148 ἀπειλὴν,
1776 5077 1835 5131 ὲν
1883 5062 1982 5150 tam

387 5161 599 5219 θετέον.

480 5254 772 5327 Ἀποδέχου
787 5258 915 5320 τοὺς
938 5258 1010 5311 τὰ
1029 5260 1241 5330 χρηστὰ
1264 5260 1654 5333 συμϐουλεύειν
1677 5263 1982 5332 ἐθέλοντας,

387 5345 534 5402 ἀλλὰ
574 5346 649 5420 μὴ
696 5351 825 5412 τοὺς
874 5350 1194 5406 κολακεύειν
1225 5354 1488 5408 ἑκάστοτε
1519 5354 1877 5422 σπεύδοντας.·
1920 5362 1984 5414 Ui

393 5435 501 5508 μὲν
530 5437 641 5510 γὰρ
666 5438 727 5492 τὸ
756 5440 1039 5513 συμφέρον
1065 5443 1121 5497 ὲν
1141 5444 1371 5516 ἀληθείᾳ
1391 5445 1592 5518 ὁρῶσιν
1612 5463 1627 5480 ⁵
1659 5450 1708 5502 οί
1735 5449 1816 5515 δὲ,
1846 5451 1984 5523 πρὸς

387 5524 466 5578 τὰ
488 5525 751 5581 δοκοῦντα
796 5532 910 5593 τοῖς
943 5532 1238 5602 κρατοῦσιν
1268 5535 1519 5608 ἀφορῶσι
1543 5552 1557 5567 ⁸
1608 5538 1703 5593 καὶ
1740 5538 1852 5593 τῶν
1880 5557 1986 5594 σω-

394 5617 588 5688 μάτων
630 5619 730 5683 τάς
762 5620 921 5684 σκιὰς
968 5624 1314 5695 μιμούμενοι,
1351 5629 1463 5691 τοῖς
1504 5628 1634 5699 παρ’
1684 5629 1863 5685 αὐτῶν
1896 5630 1984 5684 λε-

392 5709 650 5779 γομένοις
673 5713 1035 5771 συννεύουσιν.

2080 1879 2336 1952 plerique
2389 1876 2720 1940 hominum,
2779 1869 2955 1941 magis
3001 1865 3316 1938 principum
3388 1860 3661 1918 fortunas,

2081 1986 2246 2042 quam
2283 1969 2437 2038 ipsos
2475 1966 2763 2037 principes
2797 1978 2863 2016 ac
2884 1973 3148 2031 proceres
3175 1956 3359 2010 colere
3391 1951 3590 2006 solent.

2151 2062 2452 2117 Plutarchi.
2500 2055 2852 2112 —Adulatio
2890 2051 3089 2108 similis
3138 2055 3434 2103 armatura
3482 2041 3663 2112 picta.
3752 2074 3759 2079 -

2082 2155 2298 2213 Idcirco
2332 2153 2575 2209 delectat
2599 2149 2691 2233 illa
2712 2146 2962 2218 quidem,
3007 2151 3065 2197 at
3094 2146 3321 2212 prastat
3351 2134 3490 2190 nihil
3517 2130 3669 2203 quod

2084 2249 2141 2303 in
2172 2261 2291 2300 rem
2317 2243 2615 2300 conducat.
2690 2278 2713 2291 .

2154 2338 2332 2407 Ligna
2349 2336 2530 2407 ignem
2555 2330 2835 2403 augendo,
2859 2326 3066 2398 abipso
3086 2327 3494 2389 consumuntur
3518 2316 3665 2387 igne:

2083 2430 2297 2485 divitia
2325 2443 2460 2482 vero
2487 2442 2613 2495 qua
2637 2422 2952 2478 adulatores
2980 2420 3154 2482 alant,
3181 2416 3251 2470 ab
3277 2415 3344 2471 iis
3378 2412 3515 2482 ipsis
3534 2425 3667 2480 per-

2081 2519 2313 2575 duntur.

2153 2611 2225 2667 Ut
2250 2609 2402 2665 corvi
2431 2605 2777 2669 advolantes,
2792 2601 3122 2657 cadaverum
3143 2597 3335 2652 oculos
3355 2592 3664 2649 effodiunt:
3696 2583 3700 2587 “

2084 2705 2167 2760 sic
2201 2701 2519 2757 adulatores
2552 2694 2856 2758 laudando,
2910 2690 3200 2746 hominum
3243 2688 3515 2742 rationem
3544 2683 3669 2738 ani-

2084 2808 2347 2864 mumque
2379 2791 2602 2846 vitiant.

2154 2971 2320 3043 Vulpi
2346 2984 2567 3034 canem,
2593 2950 2773 3022 amico
2792 2963 3138 3019 adulatorem
3162 2965 3363 3013 natura
3391 2953 3667 3011 infensum

2087 3062 2521 3121 existimandum
2546 3069 2653 3116 est.

2153 3157 2267 3213 Nec
2304 3153 2467 3211 uxori
2490 3150 2864 3214 meretricem,
2887 3162 2992 3203 nec
3019 3142 3277 3202 amicitia
3294 3138 3672 3195 adulationem

2085 3250 2358 3306 debemus
2394 3259 2742 3317 praponere.
3128 3279 3137 3291 .

2155 3339 2528 3398 Gaudendum
2565 3336 2740 3408 magis
2792 3329 3177 3405 arguentibus,
3230 3341 3395 3397 quam
3424 3327 3672 3379 assenta-

2088 3434 2305 3491 toribus
2339 3450 2353 3487 :
2383 3432 2463 3488 illi
2495 3443 2739 3499 namque
2766 3442 2877 3498 qua
2908 3430 3165 3495 pungunt
3194 3417 3525 3480 acerbitate,
3556 3413 3675 3470 ani—
3742 3467 3767 3493 .

2087 3541 2208 3581 mos
2237 3522 2514 3588 excitant;
2540 3521 2598 3575 hi
2624 3533 2755 3575 vero
2776 3513 3141 3587 obsequendo
3164 3510 3480 3567 dissolvunt
3504 3516 3675 3576 atque
3730 3540 3734 3545 »

2086 3617 2465 3687 supplantant.

2156 3701 2647 3769 Isocratis.—Qui
2671 3707 2792 3756 arte
2839 3702 3215 3760 assententur,
3277 3692 3347 3747 ab
3400 3690 3515 3745 illis
3553 3687 3673 3758 dis:-

2088 3816 2280 3866 cerne,
2323 3797 2488 3871 566
2525 3796 2623 3869 qui
2654 3796 2844 3851 animo
2891 3792 3037 3847 bene
3090 3787 3315 3844 volente
3363 3782 3572 3847 colant,
3602 3797 3675 3836 ne

2088 3892 2236 3964 apud
2296 3900 2350 3946 te
2412 3887 2567 3956 mali,
2635 3902 2801 3959 quam
2863 3882 3000 3941 boni
3064 3879 3299 3936 meliore
3352 3873 3676 3932 conditione

2087 3983 2377 4038 exsistant.

2160 4073 2549 4129 Assentatores
2595 4085 2753 4141 aque
2804 4084 2870 4124 ac
2923 4066 3247 4123 seductores
3301 4062 3431 4119 odio
3492 4059 3675 4128 habe;

2090 4165 2315 4235 utrique
2341 4164 2492 4219 enim
2518 4162 2728 4218 ladunt
2766 4159 2972 4233 injuria
3001 4174 3033 4213 a
3067 4171 3179 4229 quo
3212 4154 3378 4211 fidem
3406 4153 3676 4224 impetra-

2088 4258 2290 4313 verint.

2159 4347 2368 4404 Crates.
2423 4376 2465 4386 -
2498 4345 2694 4401 Crates
2748 4339 3092 4398 adolescenti
3145 4336 3414 4407 opulento
3467 4334 3673 4389 multos

2874 4429 3235 4491 Adolescens,
3280 4423 3483 4495 inquit,
3522 4430 3673 4478 tuam

2087 4528 2443 4584 solitudinem
2464 4527 2649 4590 doleo,

2160 4619 2670 4693 Epicteti.—Corvi
2705 4619 2932 4691 quidem
2980 4618 3375 4677 defunctorum
3420 4629 3675 4670 corrum-

2088 4723 2227 4783 punt
2256 4714 2470 4779 oculos,
2498 4729 2624 4768 cum
2648 4712 2763 4783 jam
2795 4726 2991 4766 eorum
3015 4711 3203 4764 nullus
3228 4725 3365 4764 usus
3396 4715 3483 4763 est
3508 4705 3672 4761 :adu-

2086 4805 2292 4861 latores
2322 4811 2508 4858 autem
2529 4802 2783 4855 vivorum
2809 4798 3147 4856 labefactant
3169 4798 3422 4864 animos;
3449 4810 3675 4851 eorum-

2085 4908 2197 4968 que
2223 4896 2438 4951 lumina
2466 4895 2809 4966 exstingunt.

2161 5072 2318 5128 Simii
2357 5073 2438 5129 ira
2489 5089 2555 5128 ac
2586 5073 2893 5128 adulatoris
2927 5072 3113 5139 mina,
3168 5069 3366 5126 eodem
3421 5069 3545 5124 loco
3572 5068 3671 5123 ha-

2085 5165 2301 5222 benda.

2156 5260 2288 5315 Illos
2316 5260 2488 5331 proba
2526 5259 2621 5330 qui
2652 5258 2827 5313 velint
2874 5258 3021 5312 bona
3065 5254 3377 5316 consulere,
3435 5268 3545 5307 non
3577 5252 3675 5322 qui

2088 5350 2341 5423 quotidie
2368 5351 2585 5406 adulari
2613 5349 3025 5405 studeant.‘llli
3060 5347 3209 5403 enim
3265 5346 3415 5415 quod
3449 5360 3576 5400 vere
3600 5344 3675 5401 sit

2089 5444 2444 5500 conducibile
2469 5444 2696 5508 vident;
2729 5443 2786 5496 hi
2823 5457 2979 5505 vero,
3034 5456 3159 5510 qua
3189 5439 3509 5510 potentibus
3529 5438 3676 5494 arri-

2090 5535 2261 5592 deant
2292 5536 2409 5590 hac
2435 5544 2690 5606 spectant
2714 5551 2728 5599 ;
2768 5548 3176 5604 corporumque
3201 5530 3427 5586 umbras
3451 5530 3670 5587 imitan-

2094 5636 2198 5696 tes,
2231 5626 2617 5684 assentiuntur
2641 5626 2913 5696 quidquid
2948 5625 3034 5681 illi
3070 5624 3331 5681 dixerint.

2624 5792 2653 5815 δ
