4094 6358
558 309 622 372 ’ἵῖξ
636 310 652 372 Ῑ

1721 320 1782 380 S.
1824 321 1878 379 Μ
1886 319 2108 380 ANIMI
2149 321 2660 390 CONFESSORIS
3699 344 3790 408 79?.

630 427 810 483 Dionis
853 427 1203 502 ChrysosL—
1231 433 1472 500 Etenim,
1517 445 1570 491 ut
1605 437 1775 494 verbo
1809 439 2011 505 dicam,
2047 441 2132 494 vi-

2306 441 2526 509 Δίωνος
2559 445 2664 499 τοῦ
2697 447 3001 514 Χρυσοστ.
3031 479 3099 489 -
3144 451 3340 504 Πασῶν
3385 451 3513 522 γὰρ,
3566 453 3638 518 ὡς
3681 457 3789 524 ἔπος

556 519 760 574 tiorum
782 521 1030 576 omnium
1076 532 1386 580 extremum
1442 527 1813 584 adulationem
1857 530 2130 589 invenies.

557 611 690 664 Nam
724 612 964 680 primum
991 615 1242 684 quidem,
1283 632 1398 671 rem
1445 619 1876 687 pulcherrimam
1935 639 1999 680 ac
2044 625 2135 696 ju-

443 733 456 744 .
553 700 854 755 stissimam
881 701 1127 773 (laudem
1162 705 1398 777 scilicet)
1441 710 1788 781 corrumpit;
1824 723 1887 768 ut
1901 713 2038 784 jam,
2063 730 2134 771 ne

555 791 599 842 si
634 805 765 846 vere
791 792 1018 862 quidem
1067 796 1316 853 adhibita
1366 800 1556 866 fuerit,
1594 801 1759 858 ﬁdem
1811 817 2130 862 mereatur:

553 885 814 956 quodque
845 889 1092 944 omnium
1116 891 1500 961 gravissimum
1527 904 1630 958 est,
1657 899 1883 954 virtutis
1910 902 2135 970 praemia

553 975 692 1030 vitio
723 977 948 1045 tribuit;
979 987 1041 1034 ut
1063 983 1393 1041 sceleratius
1417 985 1598 1042 facere
1626 988 1944 1056 vidcantur,
1966 1008 2131 1062 quam

556 1069 652 1138 qui
680 1071 975 1138 pecuniam
1010 1075 1326 1132 adullerant
1359 1095 1422 1134 ac
1451 1092 1836 1153 corrumpunt.
1886 1085 1952 1140 Hi
1981 1085 2132 1140 enim

553 1173 868 1234 suspectam
921 1183 1044 1223 eam
1096 1171 1379 1238 reddunt;
1425 1173 1503 1229 illi
1529 1190 1684 1239 vero,
1721 1177 1945 1234 virtutis
1969 1177 2132 1235 ﬁdem

552 1254 910 1314 labefactant.

623 1343 846 1416 Diogen.
863 1349 1010 1405 -ιη
1047 1351 1363 1410 adulatione
1391 1357 1545 1412 velut
1571 1357 1626 1412 in
1651 1358 1929 1428 sepulcro,
1952 1359 2132 1415 solum

554 1433 813 1490 amicitiae
836 1452 1040 1494 nomen
1071 1441 1235 1496 titulo
1264 1443 1569 1517 ascriptum
1597 1455 1704 1500 est.

623 1613 770 1669 ldem
811 1615 1185 1690 interrogatus
1213 1661 1228 1685 ,
1283 1639 1536 1694 quaenam
1574 1625 1878 1684 bestiarum
1920 1630 2136 1687 dirissi-

548 1721 701 1760 mum
729 1722 976 1764 morsum
1012 1711 1203 1784 ﬁgeret
1239 1732 1252 1767 :
1288 1714 1368 1768 Ex
1393 1715 1548 1782 feris,
1587 1719 1790 1788 inquit,
1823 1721 2132 1778 calumnia-

549 1807 734 1866 tores;
763 1816 830 1854 ex
863 1801 1065 1859 sicuris
1089 1820 1246 1872 vero,
1265 1817 1662 1867 assentatores.

618 1889 928 1948 Demost.—
943 1896 1344 1956 Demosthenes
1360 1900 1548 1957 aiebat
1569 1903 1674 1959 hoc
1697 1904 1922 1961 differre
1943 1922 2133 1964 assen-

553 1989 786 2040 tatorem
821 2001 853 2040 a
876 2001 1070 2052 corvo,
1095 1989 1244 2059 quod
1289 1991 1429 2046 alter
1457 1993 1632 2060 vivos,
1693 1996 1834 2052 alter
1881 2007 2132 2055 mortuos

551 2073 804 2132 devoret.
999 2132 1004 2137 .

620 2169 1288 2231 Antist.—Antisthencs
1337 2175 1417 2232 ait
1467 2178 1640 2234 satius
1673 2179 1866 2235 essein
1911 2196 2131 2250 corvos,

549 2279 718 2336 quam
765 2265 820 2320 in
865 2271 1243 2324 assentatores
1291 2269 1539 2326 incidere
1588 2271 1715 2326 :illi
1755 2273 1904 2328 enim
1929 2290 2134 2346 corpus

551 2354 830 2410 demortui
881 2355 1128 2423 ltedunt,
1165 2357 1224 2411 hi
1258 2357 1498 2414 viventis
1546 2359 1732 2416 animo
1787 2361 1966 2418 labem
1995 2363 2136 2420 infe-

553 2454 708 2502 runt.

623 2538 1022 2601 Phavori‘ni;.—
1049 2540 1203 2597 Sicut
1232 2542 1544 2599 Actaeonem
1573 2561 1716 2616 quos
1753 2547 1928 2602 aleret
1965 2562 2132 2604 canes

550 2640 891 2698 ent-carum;
941 2631 1023 2687 sic
1069 2632 1388 2690 adulatores
1440 2634 1719 2692 devorant
1770 2638 1868 2712 qui
1924 2653 1984 2694 se
2021 2653 2129 2694 nu-

553 2720 751 2777 triunt.

621 2809 868 2867 Zenonis.
891 2813 1160 2886 —Argue
1193 2816 1452 2885 teipsum,
1509 2819 1766 2889 quisquis
1807 2835 1888 2886 es,
1927 2836 2031 2876 nec
2065 2822 2134 2877 ad

491 2917 515 2938 ο
549 2908 788 2981 gratiam.
848 2907 1073 2976 audias;
1117 2909 1212 2964 sed
1251 2910 1408 2968 aufer
1463 2919 1866 2966 assentatorum
1913 2913 2137 2973 dicendi

549 3002 854 3060 licentiam.
1422 3017 1430 3030 ‘

622 3094 916 3169 Pythagor.
935 3094 1214 3152 —G.aude
1249 3095 1436 3167 potius
1466 3095 1834 3168 arguentibus
1866 3105 1941 3163 te,
1963 3113 2129 3171 quam
2155 3130 2199 3187 ο

551 3187 715 3260 567
751 3187 1147 3254 adulantibus;
1194 3203 1259 3242 ac
1299 3190 1453 3244 velut
1505 3187 1762 3244 hostibus
1796 3189 2126 3258 deteriores,

549 3279 649 3352 qui
679 3289 1052 3346 assentantur,
1083 3296 1360 3336 aversare.

622 3369 892 3428 Socrates.
947 3401 1014 3414 υ-
1067 3371 1436 3427 Adulatorum
1487 3371 1882 3428 benevolentia
1912 3414 1928 3439 ,
1973 3387 2130 3444 quas:

421 3473 445 3501 ο
548 3463 674 3520 fusa
697 3463 836 3528 acie,
861 3463 1164 3525 infortunia
1187 3479 1250 3519 ac
1285 3481 1450 3525 casus
1473 3467 1736 3526 adversos
1757 3466 1918 3540 fugit.

620 3555 883 3612 Philonis.
906 3586 976 3598 —
997 3557 1270 3612 Aversare
1297 3557 1575 3615 illuserias
1601 3571 2009 3616 assentatorum
2035 3574 2134 3615 vo-

549 3662 684 3705 ces:
731 3649 1100 3711 obscurantes
1154 3650 1306 3705 enim
1361 3651 1530 3706 animi
1586 3652 1836 3719 rationes
1867 3693 1883 3718 ,
1945 3667 2133 3708 rerum

548 3741 843 3796 veritatem
874 3741 1067 3798 videre
1089 3758 1204 3798 non
1234 3743 1444 3804 sinunt.
1475 3743 1586 3800 Aut
1613 3744 1758 3801 enim
1784 3760 1858 3805 ea
1879 3744 2130 3811 laudant,

551 3848 677 3904 quae
701 3831 868 3909 digna
891 3833 1173 3908 vitupcrio
1198 3843 1348 3901 sunt,
1375 3845 1472 3892 aut
1497 3852 1608 3892 non
1635 3851 1760 3896 raro
1792 3837 2133 3907 vituperant,

551 3940 677 3998 quae
697 3939 918 3980 omnem
950 3925 1170 3980 laudem
1200 3927 1498 3981 excedunt.
1762 3918 1766 3922 ’

625 4013 881 4080 Sotionis,
907 4031 972 4070 ea:
1004 4015 1136 4070 libro
1158 4015 1234 4076 De
1257 4017 1364 4072 ira.
1387 4017 1752 4088 —Delphini,
1773 4019 1957 4094 quoad
1988 4020 2136 4078 unda

555 4104 775 4170 subest,
831 4112 1089 4166 natantes
1141 4107 1522 4176 comitantur;
1569 4125 1854 4186 nunquam
1903 4127 2040 4166 vero
2081 4111 2138 4167 in

553 4198 714 4254 littus
737 4198 1144 4268 egrediuntur:
1178 4199 1259 4256 sic
1281 4199 1598 4256 adulatores
1632 4219 1816 4258 rerum
1839 4203 2140 4274 tranquillo

456 4357 464 4363 ι
555 4289 770 4344 assidui
829 4300 978 4356 sunt,
1026 4291 1372 4362 amicosque,
1423 4293 1680 4363 quandiu
1716 4295 1877 4364 piana
1914 4295 2005 4353 via
2032 4310 2138 4362 εει,

555 4380 799 4438 olliciose
817 4381 1132 4438 deducunt:
1155 4383 1250 4439 u'bi
1268 4391 1454 4443 autem
1479 4401 1730 4459 asperam
1755 4387 1870 4442 salu
1881 4388 2149 4456 taveriut,

555 4471 848 4529 recedunt.

631 4560 884 4616 Phocion.
911 4592 982 4604 —-
1000 4563 1246 4624 Phocion
1277 4563 1346 4620 ad
1384 4566 1744 4638 Antipatrum
1777 4567 1968 4628 dicere
1997 4571 2144 4631 sole-

554 4653 656 4709 bat
678 4671 692 4706 :
714 4655 835 4710 Non
863 4664 1022 4725 potes
1048 4671 1134 4713 me
1157 4665 1214 4712 et
1246 4657 1426 4713 amico
1453 4658 1534 4712 uti
1563 4667 1620 4714 et
1647 4659 1959 4721 adulatore.

1159 4787 1394 4848 SERMO
1432 4791 1548 4846 XII.

780 4899 856 4954 De
888 4900 1091 4957 divitiis.
1117 4912 1168 4956 et
1201 4914 1522 4974 paupertate
1551 4921 1616 4958 ac
1669 4906 1924 4962 avaritia.

636 5036 826 5094 Matth.
858 5055 973 5102 xix,
1005 5038 1442 5102 24.—Facil,iu.s
1462 5051 1548 5098 est
1574 5043 1844 5098 camelum
1871 5060 1974 5115 per
1999 5044 2148 5100 fora-

563 5145 692 5199 men
724 5145 860 5186 acus
896 5130 1168 5200 transire,
1223 5148 1391 5204 quam
1443 5134 1676 5190 divitem
1714 5135 1924 5192 intrare
1973 5136 2033 5197 in,
2060 5153 2150 5194 re-

563 5238 735 5295 gnum
767 5224 1068 5283 cmlorum.

637 5315 668 5370 Ι
693 5315 824 5372 Tim.
857 5333 933 5384 v1,
971 5317 1056 5375 17.
1079 5319 1443 5376 -—Diviti.bus
1476 5321 1646 5392 hujus
1695 5321 1882 5378 sa'culi
1915 5321 2153 5391 praecipe

569 5423 681 5466 non
719 5409 958 5466 sublime
989 5426 1206 5484 sapere,
1237 5428 1421 5484 neque
1457 5429 1682 5484 sperare
1735 5413 1788 5467 in
1823 5413 2036 5470 incerto
2063 5413 2152 5472 di-

2234 534 2426 600 εἰπεῖν,
2455 535 2567 590 τῶν
2596 538 2826 605 κακιῶν,
2853 541 3088 610 ἐσχάτην
3118 543 3182 596 ἄν
3209 559 3294 606 τις
3325 541 3474 612 εὖροι
3515 546 3614 618 τὴν
3655 549 3792 603 κολα-

2233 625 2406 680 κείαν.
2444 627 2666 699 Πρῶτον
2705 629 2804 700 μὲν
2828 630 2935 699 γὰρ
2960 631 3021 684 τὸ
3045 631 3331 685 κάλλιστον
3361 633 3456 686 καὶ
3479 634 3793 692 δικαιότατον

2231 719 2562 792 διαφθείρει.
2590 721 2682 776 τὸν
2713 721 2954 790 ἔπαινον,
2995 723 3137 778 ὥστε
3171 725 3369 797 μηκέτι
3406 726 3580 781 δοκεῖν
3627 732 3794 786 πιστὸν

2236 812 2360 882 μηδ’
2390 812 2605 882 ἀληθῶς
2629 802 2911 884 γινόμενον
2933 831 2945 844 ·
2967 815 3060 869 καὶ
3079 817 3140 870 τό
3173 833 3235 885 γε
3255 817 3471 871 πάντων
3494 817 3793 884 δεινότατον,

2231 907 2300 958 τὰ
2333 905 2432 976 τῆς
2462 907 2662 976 ἀρετῆς
2690 907 2901 960 ἔπαθλα
2927 910 2993 979 τῇ
3019 909 3192 980 κακία
3221 909 3438 963 δίδωσιν
3469 929 3484 942 -
3511 909 3650 964 ὥστε
3679 912 3794 966 πολὺ

2231 996 2414 1066 χεῖρον
2463 994 2631 1066 δρῶσι
2691 997 2800 1048 τῶν
2847 997 3274 1071 διαφθειρόντων
3329 1000 3388 1053 τὸ
3430 1003 3688 1072 νόμισμα.
3742 1003 3795 1055 Οἱ

2235 1079 2353 1156 μὲν
2379 1089 2489 1155 γὰρ
2535 1085 2776 1142 ὕποπτον
2813 1089 2944 1142 αὐτὸ
2989 1090 3272 1144 ποιοῦσινο
3318 1093 3366 1144 ot
3410 1090 3588 1162 δὲτὴν
3617 1093 3796 1164 ἀρετὴν

2233 1176 2480 1230 ἄπιστον.

2302 1352 2528 1422 Διογέν.
2554 1384 2622 1394 -
2677 1355 2799 1410 Ἐπὶ
2854 1355 2954 1426 τῆς
2984 1355 3291 1421 κολακείας,
3333 1357 3522 1428 ὥσπερ
3562 1359 3653 1412 ἐπὶ
3677 1360 3798 1430 μνή-

2235 1462 2444 1516 ματος,
2503 1446 2635 1500 αὐτὸ
2689 1447 2850 1518 μόνον
2905 1446 2968 1500 τὸ
3028 1447 3201 1518 ὄνομα
3247 1449 3344 1520 τῆς
3403 1449 3585 1518 φιλίας
3635 1451 3800 1516 ὲπιγέ-

2231 1555 2502 1609 γραπται.

2312 1631 2374 1685 ’0
2440 1630 2602 1696 αὐτὸς
2661 1631 2989 1704 ἐρωτηθεὶς,
3057 1633 3128 1686 Τί
3177 1631 3287 1686 τῶν
3326 1633 3534 1704 θηρίων
3590 1634 3800 1688 κάκιστα

2231 1722 2454 1790 δάκνεις
2489 1721 2616 1794 ἔφη’
2673 1723 2793 1778 Τῶν
2823 1724 2922 1796 μὲν
2951 1723 3180 1796 άγρὶων,
3226 1727 3603 1794 συκοφάντης·
3631 1723 3800 1777 τῶνδὲ

2161 1780 2204 1836 Β
2235 1780 2481 1885 ἡμέρων,
2515 1780 2703 1880 κόλαξ.

2305 1909 2570 1976 Δημοσθ.
2596 1935 2668 1946 -—
2708 1903 3058 1976 Δημοσθένης
3097 1903 3236 1975 ἔφη,
3288 1904 3380 1957 τὸν
3423 1903 3632 1956 κόλακα
3662 1901 3799 1956 τοῦτο

2235 1999 2512 2072 διαφέρειν
2572 1997 2666 2053 τοῦ
2715 1998 2949 2070 κόρακος
2969 2037 2984 2064 ,
3017 1998 3098 2051 ὅτι
3135 2000 3164 2052 ό
3190 1997 3288 2068 μὲν
3327 1996 3560 2063 ζῶντας,
3589 1995 3618 2048 ὁ
3653 1995 3706 2050 δὲ
3727 2011 3800 2048 νε-

2237 2094 2405 2165 κροὺς
2441 2091 2630 2146 ἐσθίει.

2321 2181 2652 2238 Ἀντισθέν.
2695 2211 2756 2221 -
2800 2179 3143 2251 Ἀντισθένης
3203 2179 3408 2252 φησιν’
3454 2178 3800 2251 Αίρετὼτερον

2239 2278 2320 2341 εἰς
2355 2277 2598 2347 κόρακας
2643 2275 2924 2345 ἐμπεσεῖν,
2963 2271 2998 2344 ἢ
3041 2273 3122 2338 εἰς
3169 2271 3408 2337 κόλακας
3435 2274 3541 2326 ”οἱ
3597 2272 3802 2342 μὲνγὰρ

2239 2367 2604 2426 ἀποθανόντος
2653 2365 2714 2418 τὸ
2741 2364 2922 2436 σῶμα,
2969 2365 3020 2418 οἱ
3067 2364 3126 2418 δὲ
3171 2364 3373 2431 ζῶντος
3405 2363 3508 2434 τὴν
3530 2363 3701 2434 ψυχὴν
3723 2363 3800 2415 λυ-

2243 2461 2525 2533 μαίνονται
2657 2466 2662 2470 ’

2312 2553 2598 2621 Φαϐωρίν.
2627 2581 2699 2592 -
2728 2550 2940 2616 Ὥσπερ
2991 2549 3020 2602 ό
3071 2546 3336 2612 Ἃκταίων
3366 2545 3472 2600 ὑπὸ
3506 2543 3615 2598 τῶν
3639 2559 3801 2614 τρεφο-

2244 2646 2420 2718 μένων
2451 2643 2545 2696 me
2578 2639 2744 2695 αὐτοῦ
2779 2639 2958 2694 κυνῶν
2996 2637 3288 2704 ἀπέθανεν,
3313 2635 3491 2700 οὕτως
3527 2638 3576 2689 οἰ
3603 2634 3801 2694 κόλακες

2241 2741 2367 2802 τοὺς
2392 2737 2694 2808 τρέφοντας
2715 2732 3114 2788 κατεσθίουσιν.
3168 2759 3174 2766 -

2313 2827 2615 2896 Ζήνωνος.
2645 2855 2716 2870 -
2743 2823 2972 2894 Ἔλεγχε
3021 2822 3242 2885 σαυτὸν,
3275 2821 3421 2884 ὅστις
3487 2813 3560 2882 εἷ,
3615 2815 3702 2870 καὶ
3741 2810 3803 2882 μὴ

2243 2923 2381 2994 πρὸς
2413 2919 2572 2990 χάριν
2587 2952 2605 2966 ο

2320 3013 2508 3068 Ἀκου’
2535 3027 2548 3040 ·
2583 3005 2820 3078 ἀφαιροῦ
2865 3006 2924 3060 δὲ
2973 3004 3220 3060 κολάκων
3251 2999 3592 3073 παρρησίαν.

2307 3101 2858 3175 Πυθαγόρ.-Χαῖρε
2875 3100 2990 3159 τοῖς
3016 3092 3301 3166 ὲλέγχουσί
3327 3109 3386 3146 σε
3408 3086 3684 3162 μᾶλλον,ἣ
3711 3084 3800 3175 τοῖς

2235 3173 2630 3257 κολακεύουσιν
2650 3207 2664 3220 °
2697 3189 2775 3253 ὡς
2807 3187 2855 3242 δ’
2901 3183 3112 3258 ἐχθρῶν
3142 3181 3392 3256 χείρονας
3413 3177 3682 3250 ὲκτρέπου
3699 3173 3802 3234 τοὺς

2233 3287 2656 3348 κολακεύοντας.

2302 3377 2639 3448 Σωκράτης.
2666 3403 2738 3416 -
2785 3371 2851 3424 Ἦ
2900 3367 3010 3422 τῶν
3063 3365 3312 3421 κολάκων
3349 3361 3536 3417 εὔνοια
3585 3357 3804 3425 καθάπερ

2232 3477 2300 3530 ὲκ
2324 3469 2558 3541 τροπῆς,
2589 3463 2781 3536 φεύγει
2815 3459 2913 3524 τὰς
2941 3455 3190 3528 ἀτυχίας.

2305 3566 2594 3628 Φίλωνος.
2615 3587 2685 3600 -
2723 3552 3094 3624 Ἀποστρέφου
3123 3549 3232 3604 τῶν
3265 3547 3520 3603 κολάκων
3533 3541 3795 3641 schedia?

2231 3655 2430 3730 τηλοὺς
2459 3651 2674 3722 λόγους.
2719 3643 3180 3716 Ἐξαμὸλύνοντες
3209 3638 3319 3710 γὰρ
3363 3639 3498 3702 τοὺς
3525 3636 3623 3708 τῆς
3647 3631 3803 3730 ψυχῆς

2233 3724 2554 3819 λογισμοὺς,
2584 3743 2644 3796 οὐ
2699 3734 3045 3810 συγχωροῦσι
3101 3730 3280 3806 [ἰδεῖν]
3329 3731 3436 3784 τῶν
3497 3724 3805 3819 πραγμάτων

2234 3809 2332 3913 τὴν
2362 3809 2645 3910 ἀλήθειαν.
2684 3833 2759 3886 Ἢ
2805 3809 2916 3901 γὰρ
2953 3823 3240 3882 ἐπαινοῦσι
3291 3822 3358 3877 τὰ
3396 3820 3574 3892 ψόγου
3602 3816 3734 3882 ἄξια.
3775 3809 3802 3880 ἢ

2234 3904 2468 4004 ψέγουσι
2503 3926 2766 3988 πολλάκις
2800 3919 2869 3975 τὰ
2891 3919 3128 3974 ἐπαίνων
3151 3915 3462 3988 κρείττονα.

2311 3997 2618 4083 Σωτιώνου
2673 4013 2742 4068 ἐκ
2785 4010 2894 4066 τοῦ
2942 4007 3076 4077 περὶ
3123 4004 3322 4076 ὀργῆς.
3349 4034 3424 4047 --
3479 4003 3544 4058 Οἱ
3595 3997 3802 4067 δελφῖνες

2245 4109 2408 4184 μέχρι
2439 4105 2532 4161 τοῦ
2569 4103 2838 4164 κλύδωνος
2863 4096 3310 4168 συνδιανήχονται
3349 4094 3466 4156 τοῖς
3498 4085 3798 4184 κολυμξῶσι·

2241 4182 2380 4276 πρὸς
2419 4201 2475 4256 δὲ
2503 4199 2566 4254 τὸ
2594 4197 2757 4270 ξηρὸν
2797 4195 2898 4248 οὐκ
2929 4191 3280 4258 ἑξοκεὶλουσι⁹
3307 4186 3485 4250 οὕτως
3512 4186 3560 4239 οἱ
3600 4182 3802 4276 κόλακες

2241 4269 2302 4352 εὑ
2330 4294 2486 4360 εὐδίᾳ
2511 4269 2891 4364 περιμένουσι,
2921 4285 3017 4340 καὶ
3043 4283 3172 4346 τοὺς
3199 4280 3388 4352 φίλους
3420 4280 3503 4342 εις
3520 4269 3801 4376 Δἀποδημίαν

2247 4387 2672 4460 προπέμποντες
2701 4381 2864 4453 μέχρι
2879 4379 2976 4448 τῆς
3007 4375 3158 4440 λείας
3183 4369 3799 4444 συμπαρακολουθοῦσιν·

2175 4468 2222 4524 Ῑ)
2251 4479 2470 4536 ἐπειδὰν
2509 4477 2564 4530 δὲ
2612 4476 2692 4538 είς
2725 4467 2983 4546 τραχεῖαν
3003 4468 3250 4532 ἔλθωσιν,
3283 4465 3532 4519 ἀπίασιν.

2322 4566 2640 4620 Φωκίωνμ-
2656 4561 2880 4620 Φωκίων
2902 4556 3280 4625 είώθειλέγειν
3300 4553 3436 4626 πρὸς
3457 4549 3799 4617 Ἀντίπατρον

2253 4661 2330 4720 Οὔ
2361 4629 2702 4728 δόνάσαίμοι
2732 4653 2826 4714 καὶ
2865 4651 3004 4721 φίλῳ
3037 4649 3132 4704 καὶ
3155 4647 3354 4702 κόλακι
3378 4639 3698 4717 χρήσασθαι.

2781 4761 2787 4774 ’
2827 4785 3048 4840 ΑοΓοΣ
3081 4783 3161 4840 lB'
3194 4783 3258 4835 ιο.

2349 4902 2489 4973 Περὶ
2519 4903 2809 4968 πλούτου,
2835 4898 2937 4954 καὶ
2959 4897 3194 4963 πενίας,
3225 4894 3326 4950 καὶ
3352 4889 3746 4965 φιλαργυρίας.

2319 5044 2504 5098 illata.
2537 5043 2628 5094 ιϐ’.
2647 5035 3124 5108 -Εὑκοπιὶιτερόν
3155 5035 3282 5092 ἐστι,
3315 5031 3564 5104 κάμηλον
3589 5027 3674 5084 διὰ
3695 5039 3800 5096 τρυ-

2250 5140 2504 5209 πήματος
2551 5136 2776 5208 ῥαφίδος
2823 5132 3076 5196 διελθεῖν,
3109 5128 3144 5201 ἢ
3174 5127 3428 5182 πλούσιον
3475 5121 3721 5179 εἰσελθεῖν
3739 5114 3800 5175 εις

2258 5230 2360 5300 τὴν
2399 5227 2674 5299 βασιλείαν
2707 5225 2816 5280 τῶν
2841 5221 3108 5296 οὐρανῶν.
3498 5307 3505 5308 7
3594 5304 3617 5308 _
3710 5297 3753 5308 __

2329 5325 2391 5375 A'
2434 5323 2556 5390 Τιμ.
2590 5326 2666 5386 ς’.
2697 5347 2770 5360 -
2819 5317 2943 5380 Τοῖς
2995 5312 3274 5376 πλουσίοις
3337 5312 3394 5366 ἐν
3439 5307 3518 5378 τῷ
3560 5304 3649 5360 νῦν
3673 5300 3800 5390 αἰῶνῗ

2261 5385 2607 5484 παράγγελλε
2647 5411 2723 5482 μὴ
2767 5407 3164 5480 ὑψηλοφρονεῖν
3183 5444 3198 5470 ,
3242 5402 3375 5475 μηδὲ
3414 5397 3696 5469 ἠλπικέναι,
3727 5385 3797 5445 tiri

2107 5591 2349 5666 Nom.

653 5775 697 5812 ιε
719 5776 778 5832 ιη
797 5745 984 5831 ὀρετί.
1013 5776 1165 5832 ειοι).
1191 5777 1294 5832 230
1327 5788 1382 5834 ct
1403 5779 1472 5834 εδ
1489 5781 1540 5834 ι.
