  <div class='ocr_page' id='page_1' title='image "/cluster/home/n/w/nwhite01/storage/ocr_20150623/91:no.2/coo.31924054869957/418.png"; bbox 0 0 4094 6358; ppageno 0'>
   <div class='ocr_carea' id='block_1_1' title="bbox 280 299 409 363">
    <p class='ocr_par' dir='ltr' id='par_1_1' title="bbox 280 299 409 363">
     <span class='ocr_line' id='line_1_1' title="bbox 280 299 409 363; baseline 0.016 -2"><span class='ocrx_word' id='word_1_1' title='bbox 280 299 409 363; x_wconf 81' lang='lat'><strong>793</strong></span> 
     </span>
    </p>
   </div>
   <div class='ocr_carea' id='block_1_2' title="bbox 1627 295 2263 358">
    <p class='ocr_par' dir='ltr' id='par_1_2' title="bbox 1627 295 2263 358">
     <span class='ocr_line' id='line_1_2' title="bbox 1627 295 2263 358; baseline 0.002 -3"><span class='ocrx_word' id='word_1_2' title='bbox 1627 295 1798 356; x_wconf 87' lang='lat' dir='ltr'><strong>LOCI</strong></span> <span class='ocrx_word' id='word_1_3' title='bbox 1839 295 2263 358; x_wconf 83' lang='lat' dir='ltr'><strong>COMMUNES</strong></span> 
     </span>
    </p>
   </div>
   <div class='ocr_carea' id='block_1_3' title="bbox 3467 292 3575 364">
    <p class='ocr_par' dir='ltr' id='par_1_3' title="bbox 3467 292 3575 364">
     <span class='ocr_line' id='line_1_3' title="bbox 3467 292 3575 364; baseline 0.009 -1"><span class='ocrx_word' id='word_1_4' title='bbox 3467 292 3575 364; x_wconf 65' lang='lat'><strong>795</strong></span> 
     </span>
    </p>
   </div>
   <div class='ocr_carea' id='block_1_4' title="bbox 284 403 1927 478">
    <p class='ocr_par' dir='ltr' id='par_1_4' title="bbox 284 403 1927 478">
     <span class='ocr_line' id='line_1_4' title="bbox 284 403 1927 478; baseline -0.002 -15"><span class='ocrx_word' id='word_1_5' title='bbox 284 408 532 463; x_wconf 80' lang='grc' dir='ltr'>πλούτου</span> <span class='ocrx_word' id='word_1_6' title='bbox 572 404 885 478; x_wconf 78' lang='grc' dir='ltr'><strong>ἀδηλότητι,</strong></span> <span class='ocrx_word' id='word_1_7' title='bbox 914 405 1032 461; x_wconf 84' lang='grc' dir='ltr'>ἀλλ’</span> <span class='ocrx_word' id='word_1_8' title='bbox 1062 405 1156 461; x_wconf 75' lang='grc' dir='ltr'>ἐπὶ</span> <span class='ocrx_word' id='word_1_9' title='bbox 1202 405 1281 477; x_wconf 81' lang='grc' dir='ltr'><strong>τῷ</strong></span> <span class='ocrx_word' id='word_1_10' title='bbox 1305 404 1445 476; x_wconf 81' lang='grc' dir='ltr'>Θεῷ,</span> <span class='ocrx_word' id='word_1_11' title='bbox 1497 403 1575 475; x_wconf 81' lang='grc' dir='ltr'><strong>τῷ</strong></span> <span class='ocrx_word' id='word_1_12' title='bbox 1602 404 1895 476; x_wconf 79' lang='grc' dir='ltr'><strong>παρέχοντι</strong></span> <span class='ocrx_word' id='word_1_13' title='bbox 1926 462 1927 465; x_wconf 33' lang='grc' dir='ltr'><strong>η</strong></span> 
     </span>
    </p>
   </div>
   <div class='ocr_carea' id='block_1_5' title="bbox 2027 403 3582 478">
    <p class='ocr_par' dir='ltr' id='par_1_5' title="bbox 2027 406 3582 477">
     <span class='ocr_line' id='line_1_5' title="bbox 2027 406 3582 477; baseline 0.002 -15"><span class='ocrx_word' id='word_1_14' title='bbox 2027 407 2284 472; x_wconf 79' lang='lat' dir='ltr'><strong>&#39;itiarum,</strong></span> <span class='ocrx_word' id='word_1_15' title='bbox 2336 406 2433 462; x_wconf 91' lang='lat' dir='ltr'><strong>sed</strong></span> <span class='ocrx_word' id='word_1_16' title='bbox 2485 407 2541 461; x_wconf 92' lang='lat' dir='ltr'><strong>in</strong></span> <span class='ocrx_word' id='word_1_17' title='bbox 2575 407 2710 474; x_wconf 87' lang='lat' dir='ltr'><strong>Deo,</strong></span> <span class='ocrx_word' id='word_1_18' title='bbox 2765 406 2860 477; x_wconf 91' lang='lat' dir='ltr'><strong>qui</strong></span> <span class='ocrx_word' id='word_1_19' title='bbox 2911 417 3136 477; x_wconf 67' lang='lat' dir='ltr'><strong>praastat</strong></span> <span class='ocrx_word' id='word_1_20' title='bbox 3181 409 3344 465; x_wconf 90' lang='lat' dir='ltr'><strong>nobis</strong></span> <span class='ocrx_word' id='word_1_21' title='bbox 3396 412 3582 466; x_wconf 80' lang='lat' dir='ltr'><strong>omnia</strong></span> 
     </span>
    </p>
   </div>
   <div class='ocr_carea' id='block_1_6' title="bbox 281 495 1387 573">
    <p class='ocr_par' dir='ltr' id='par_1_6' title="bbox 281 495 1387 573">
     <span class='ocr_line' id='line_1_6' title="bbox 281 495 1387 573; baseline -0.003 -18"><span class='ocrx_word' id='word_1_22' title='bbox 281 503 432 573; x_wconf 80' lang='grc' dir='ltr'>ἡμῖν</span> <span class='ocrx_word' id='word_1_23' title='bbox 458 501 638 555; x_wconf 83' lang='grc' dir='ltr'>πάντα</span> <span class='ocrx_word' id='word_1_24' title='bbox 666 495 938 564; x_wconf 72' lang='grc' dir='ltr'>πλουσίως</span> <span class='ocrx_word' id='word_1_25' title='bbox 961 502 1043 564; x_wconf 81' lang='grc' dir='ltr'>εις</span> <span class='ocrx_word' id='word_1_26' title='bbox 1065 498 1387 554; x_wconf 81' lang='grc' dir='ltr'>ἀπόλαυσιν.</span> 
     </span>
    </p>
   </div>
   <div class='ocr_carea' id='block_1_7' title="bbox 380 584 1897 658">
    <p class='ocr_par' dir='ltr' id='par_1_7' title="bbox 380 584 1897 658">
     <span class='ocr_line' id='line_1_7' title="bbox 380 584 1897 658; baseline -0.004 -12"><span class='ocrx_word' id='word_1_27' title='bbox 380 590 515 647; x_wconf 78' lang='grc' dir='ltr'><strong>Ἰὼϐ</strong></span> <span class='ocrx_word' id='word_1_28' title='bbox 554 594 626 643; x_wconf 82' lang='grc' dir='ltr'>κ’.</span> <span class='ocrx_word' id='word_1_29' title='bbox 660 618 733 629; x_wconf 86' lang='grc'><strong>--</strong></span> <span class='ocrx_word' id='word_1_30' title='bbox 764 587 1004 653; x_wconf 78' lang='grc' dir='ltr'><strong>Πλοῦτος</strong></span> <span class='ocrx_word' id='word_1_31' title='bbox 1041 588 1243 653; x_wconf 80' lang='grc' dir='ltr'><strong>ἀδίκως</strong></span> <span class='ocrx_word' id='word_1_32' title='bbox 1294 587 1664 658; x_wconf 80' lang='grc' dir='ltr'><strong>συναγόμενος</strong></span> <span class='ocrx_word' id='word_1_33' title='bbox 1704 584 1897 658; x_wconf 79' lang='grc' dir='ltr'>ἐξεμε-</span> 
     </span>
    </p>
   </div>
   <div class='ocr_carea' id='block_1_8' title="bbox 291 683 546 755">
    <p class='ocr_par' dir='ltr' id='par_1_8' title="bbox 291 683 546 755">
     <span class='ocr_line' id='line_1_8' title="bbox 291 683 546 755; baseline -0.008 -18"><span class='ocrx_word' id='word_1_34' title='bbox 291 683 546 755; x_wconf 80' lang='grc' dir='ltr'>θήσεται.</span> 
     </span>
    </p>
   </div>
   <div class='ocr_carea' id='block_1_9' title="bbox 376 771 1895 845">
    <p class='ocr_par' dir='ltr' id='par_1_9' title="bbox 376 771 1895 845">
     <span class='ocr_line' id='line_1_9' title="bbox 376 771 1895 845; baseline -0.004 -14"><span class='ocrx_word' id='word_1_35' title='bbox 376 780 619 844; x_wconf 83' lang='grc' dir='ltr'>Παροιμ.</span> <span class='ocrx_word' id='word_1_36' title='bbox 660 777 753 830; x_wconf 70' lang='grc' dir='ltr'>ιθν.</span> <span class='ocrx_word' id='word_1_37' title='bbox 780 775 1138 845; x_wconf 82' lang='grc' dir='ltr'>-Κρεΐσσον</span> <span class='ocrx_word' id='word_1_38' title='bbox 1169 772 1384 843; x_wconf 78' lang='grc' dir='ltr'>πτωχὸς</span> <span class='ocrx_word' id='word_1_39' title='bbox 1404 771 1634 836; x_wconf 88' lang='grc' dir='ltr'>δίκαιος,</span> <span class='ocrx_word' id='word_1_40' title='bbox 1662 771 1695 841; x_wconf 76' lang='grc' dir='ltr'><strong>ἢ</strong></span> <span class='ocrx_word' id='word_1_41' title='bbox 1732 771 1895 826; x_wconf 63' lang='grc' dir='ltr'>πλού.</span> 
     </span>
    </p>
   </div>
   <div class='ocr_carea' id='block_1_10' title="bbox 307 866 711 934">
    <p class='ocr_par' dir='ltr' id='par_1_10' title="bbox 307 866 711 934">
     <span class='ocr_line' id='line_1_10' title="bbox 307 866 711 934; baseline -0.002 -14"><span class='ocrx_word' id='word_1_42' title='bbox 307 883 426 930; x_wconf 86' lang='grc' dir='ltr'>σιος</span> <span class='ocrx_word' id='word_1_43' title='bbox 450 866 711 934; x_wconf 83' lang='grc' dir='ltr'><strong>ψεύστης.</strong></span> 
     </span>
    </p>
   </div>
   <div class='ocr_carea' id='block_1_11' title="bbox 393 952 1898 1026">
    <p class='ocr_par' dir='ltr' id='par_1_11' title="bbox 393 952 1898 1026">
     <span class='ocr_line' id='line_1_11' title="bbox 393 952 1898 1026; baseline -0.005 -15"><span class='ocrx_word' id='word_1_44' title='bbox 393 958 629 1022; x_wconf 69' lang='grc' dir='ltr'>Ἐκκλη.</span> <span class='ocrx_word' id='word_1_45' title='bbox 665 954 718 1008; x_wconf 90' lang='grc' dir='ltr'><strong>ι’.</strong></span> <span class='ocrx_word' id='word_1_46' title='bbox 755 985 828 997; x_wconf 91' lang='grc'><strong>-</strong></span> <span class='ocrx_word' id='word_1_47' title='bbox 855 954 947 1026; x_wconf 84' lang='grc' dir='ltr'><strong>Τῷ</strong></span> <span class='ocrx_word' id='word_1_48' title='bbox 984 954 1236 1026; x_wconf 85' lang='grc' dir='ltr'>ἀργυρίῳ</span> <span class='ocrx_word' id='word_1_49' title='bbox 1257 952 1632 1007; x_wconf 78' lang='grc' dir='ltr'><strong>ὑπακούσεται</strong></span> <span class='ocrx_word' id='word_1_50' title='bbox 1663 953 1733 1007; x_wconf 89' lang='grc' dir='ltr'><strong>τά</strong></span> <span class='ocrx_word' id='word_1_51' title='bbox 1760 952 1898 1023; x_wconf 85' lang='grc' dir='ltr'>σύμ-</span> 
     </span>
    </p>
   </div>
   <div class='ocr_carea' id='block_1_12' title="bbox 308 1063 489 1100">
    <p class='ocr_par' dir='ltr' id='par_1_12' title="bbox 308 1063 489 1100">
     <span class='ocr_line' id='line_1_12' title="bbox 308 1063 489 1100; baseline -0.011 0"><span class='ocrx_word' id='word_1_52' title='bbox 308 1063 489 1100; x_wconf 87' lang='grc' dir='ltr'>παντα</span> 
     </span>
    </p>
   </div>
   <div class='ocr_carea' id='block_1_13' title="bbox 379 1136 1895 1209">
    <p class='ocr_par' dir='ltr' id='par_1_13' title="bbox 379 1136 1895 1209">
     <span class='ocr_line' id='line_1_13' title="bbox 379 1136 1895 1209; baseline 0 -17"><span class='ocrx_word' id='word_1_53' title='bbox 379 1140 564 1206; x_wconf 77' lang='grc' dir='ltr'>Σιρὰχ</span> <span class='ocrx_word' id='word_1_54' title='bbox 630 1141 750 1194; x_wconf 71' lang='grc' dir='ltr'>λα’.</span> <span class='ocrx_word' id='word_1_55' title='bbox 780 1167 844 1179; x_wconf 87' lang='lat'><strong>—-</strong></span> <span class='ocrx_word' id='word_1_56' title='bbox 889 1136 1192 1209; x_wconf 82' lang='grc' dir='ltr'>Ἀγρυπνία</span> <span class='ocrx_word' id='word_1_57' title='bbox 1229 1137 1462 1191; x_wconf 90' lang='grc' dir='ltr'>πλούτου</span> <span class='ocrx_word' id='word_1_58' title='bbox 1494 1138 1719 1207; x_wconf 76' lang='grc' dir='ltr'><strong>ἐκτήκει</strong></span> <span class='ocrx_word' id='word_1_59' title='bbox 1762 1138 1895 1206; x_wconf 86' lang='grc' dir='ltr'>σάρ-</span> 
     </span>
    </p>
   </div>
   <div class='ocr_carea' id='block_1_14' title="bbox 300 1227 1542 1300">
    <p class='ocr_par' dir='ltr' id='par_1_14' title="bbox 300 1227 1542 1300">
     <span class='ocr_line' id='line_1_14' title="bbox 300 1227 1542 1300; baseline 0 -19"><span class='ocrx_word' id='word_1_60' title='bbox 300 1245 433 1293; x_wconf 81' lang='grc' dir='ltr'>κας,</span> <span class='ocrx_word' id='word_1_61' title='bbox 465 1228 561 1281; x_wconf 78' lang='grc' dir='ltr'>καὶ</span> <span class='ocrx_word' id='word_1_62' title='bbox 587 1228 620 1299; x_wconf 85' lang='grc' dir='ltr'>ὴ</span> <span class='ocrx_word' id='word_1_63' title='bbox 655 1227 899 1298; x_wconf 80' lang='grc' dir='ltr'><strong>μέριμνα</strong></span> <span class='ocrx_word' id='word_1_64' title='bbox 922 1228 1089 1282; x_wconf 79' lang='grc' dir='ltr'>αὑτοῦ</span> <span class='ocrx_word' id='word_1_65' title='bbox 1119 1230 1323 1300; x_wconf 81' lang='grc' dir='ltr'>άφιστᾷ</span> <span class='ocrx_word' id='word_1_66' title='bbox 1356 1227 1542 1282; x_wconf 71' lang='grc' dir='ltr'>ὕπνον.</span> 
     </span>
    </p>
   </div>
   <div class='ocr_carea' id='block_1_15' title="bbox 379 1318 1900 1390">
    <p class='ocr_par' dir='ltr' id='par_1_15' title="bbox 379 1318 1900 1390">
     <span class='ocr_line' id='line_1_15' title="bbox 379 1318 1900 1390; baseline -0.001 -19"><span class='ocrx_word' id='word_1_67' title='bbox 379 1319 559 1388; x_wconf 80' lang='grc' dir='ltr'>Σιρὰχ</span> <span class='ocrx_word' id='word_1_68' title='bbox 605 1324 720 1387; x_wconf 65' lang='grc' dir='ltr'>λγν.</span> <span class='ocrx_word' id='word_1_69' title='bbox 749 1351 822 1362; x_wconf 87' lang='lat'><strong>--</strong></span> <span class='ocrx_word' id='word_1_70' title='bbox 841 1320 1080 1374; x_wconf 82' lang='grc' dir='ltr'>Πλούτου</span> <span class='ocrx_word' id='word_1_71' title='bbox 1110 1321 1408 1390; x_wconf 81' lang='grc' dir='ltr'>σφαλέντος</span> <span class='ocrx_word' id='word_1_72' title='bbox 1432 1319 1616 1374; x_wconf 56' lang='grc' dir='ltr'><strong>πολλοὶ⁵</strong></span> <span class='ocrx_word' id='word_1_73' title='bbox 1637 1318 1900 1390; x_wconf 75' lang='grc' dir='ltr'>ἀντιλήπ-</span> 
     </span>
    </p>
   </div>
   <div class='ocr_carea' id='block_1_16' title="bbox 299 1409 1917 1483">
    <p class='ocr_par' dir='ltr' id='par_1_16' title="bbox 299 1409 1917 1483">
     <span class='ocr_line' id='line_1_16' title="bbox 299 1409 1917 1483; baseline -0.002 -20"><span class='ocrx_word' id='word_1_74' title='bbox 299 1426 468 1482; x_wconf 81' lang='grc' dir='ltr'>τορες</span> <span class='ocrx_word' id='word_1_75' title='bbox 491 1426 503 1439; x_wconf 89' lang='grc'><strong>·</strong></span> <span class='ocrx_word' id='word_1_76' title='bbox 536 1411 800 1482; x_wconf 85' lang='grc' dir='ltr'>ἐλάλησεν</span> <span class='ocrx_word' id='word_1_77' title='bbox 829 1411 1140 1483; x_wconf 75' lang='grc' dir='ltr'>ἀπόρρητα,</span> <span class='ocrx_word' id='word_1_78' title='bbox 1176 1413 1269 1465; x_wconf 77' lang='grc' dir='ltr'>καὶ</span> <span class='ocrx_word' id='word_1_79' title='bbox 1298 1409 1826 1466; x_wconf 76' lang='grc' dir='ltr'>ἐδικαίωσαναύτόν.</span> <span class='ocrx_word' id='word_1_80' title='bbox 1910 1452 1917 1459; x_wconf 71' lang='grc'><strong>,</strong></span> 
     </span>
    </p>
   </div>
   <div class='ocr_carea' id='block_1_17' title="bbox 385 1587 1903 1661">
    <p class='ocr_par' dir='ltr' id='par_1_17' title="bbox 385 1587 1903 1661">
     <span class='ocr_line' id='line_1_17' title="bbox 385 1587 1903 1661; baseline -0.001 -19"><span class='ocrx_word' id='word_1_81' title='bbox 385 1588 648 1652; x_wconf 87' lang='grc' dir='ltr'>Πλούσιος</span> <span class='ocrx_word' id='word_1_82' title='bbox 672 1588 923 1661; x_wconf 78' lang='grc' dir='ltr'>ἐλάλησε,</span> <span class='ocrx_word' id='word_1_83' title='bbox 974 1590 1070 1643; x_wconf 71' lang='grc' dir='ltr'>καὶ</span> <span class='ocrx_word' id='word_1_84' title='bbox 1098 1590 1300 1653; x_wconf 83' lang='grc' dir='ltr'>πάντες</span> <span class='ocrx_word' id='word_1_85' title='bbox 1353 1590 1638 1660; x_wconf 88' lang='grc' dir='ltr'>ἐσίγησαν,</span> <span class='ocrx_word' id='word_1_86' title='bbox 1679 1588 1775 1642; x_wconf 77' lang='grc' dir='ltr'>καὶ</span> <span class='ocrx_word' id='word_1_87' title='bbox 1810 1587 1903 1642; x_wconf 79' lang='grc' dir='ltr'>τὸν</span> 
     </span>
    </p>
   </div>
   <div class='ocr_carea' id='block_1_18' title="bbox 300 1680 1545 1751">
    <p class='ocr_par' dir='ltr' id='par_1_18' title="bbox 300 1680 1545 1751">
     <span class='ocr_line' id='line_1_18' title="bbox 300 1680 1545 1751; baseline 0.002 -17"><span class='ocrx_word' id='word_1_88' title='bbox 300 1681 473 1750; x_wconf 79' lang='grc' dir='ltr'>λόγον</span> <span class='ocrx_word' id='word_1_89' title='bbox 500 1680 669 1735; x_wconf 81' lang='grc' dir='ltr'>αὑτοῦ</span> <span class='ocrx_word' id='word_1_90' title='bbox 700 1680 991 1750; x_wconf 69' lang='grc' dir='ltr'>ἀνύψωσαν</span> <span class='ocrx_word' id='word_1_91' title='bbox 1017 1681 1122 1743; x_wconf 72' lang='grc' dir='ltr'>ἕως</span> <span class='ocrx_word' id='word_1_92' title='bbox 1144 1680 1254 1734; x_wconf 83' lang='grc' dir='ltr'><strong>τῶν</strong></span> <span class='ocrx_word' id='word_1_93' title='bbox 1286 1681 1545 1751; x_wconf 81' lang='grc' dir='ltr'>νεφελῶν.</span> 
     </span>
    </p>
   </div>
   <div class='ocr_carea' id='block_1_19' title="bbox 1998 498 3525 583">
    <p class='ocr_par' dir='ltr' id='par_1_19' title="bbox 1998 498 3525 583">
     <span class='ocr_line' id='line_1_19' title="bbox 1998 498 3525 583; baseline 0.001 -30"><span class='ocrx_word' id='word_1_94' title='bbox 1998 498 2221 554; x_wconf 87' lang='lat' dir='ltr'><strong>abunde</strong></span> <span class='ocrx_word' id='word_1_95' title='bbox 2246 500 2315 552; x_wconf 90' lang='lat' dir='ltr'><strong>ad</strong></span> <span class='ocrx_word' id='word_1_96' title='bbox 2347 498 2668 583; x_wconf 83' lang='lat' dir='ltr'><strong>fruendum.</strong></span> <span class='ocrx_word' id='word_1_97' title='bbox 3508 553 3525 571; x_wconf 78' lang='grc'><strong>,</strong></span> 
     </span>
    </p>
   </div>
   <div class='ocr_carea' id='block_1_20' title="bbox 2064 591 3587 664">
    <p class='ocr_par' dir='ltr' id='par_1_20' title="bbox 2064 591 3587 664">
     <span class='ocr_line' id='line_1_20' title="bbox 2064 591 3587 664; baseline 0.005 -19"><span class='ocrx_word' id='word_1_98' title='bbox 2064 591 2165 646; x_wconf 80' lang='lat' dir='ltr'><strong>Job</strong></span> <span class='ocrx_word' id='word_1_99' title='bbox 2198 608 2291 657; x_wconf 83' lang='lat' dir='ltr'><strong>xx,</strong></span> <span class='ocrx_word' id='word_1_100' title='bbox 2319 592 2407 647; x_wconf 71' lang='lat'><strong>15.</strong></span> <span class='ocrx_word' id='word_1_101' title='bbox 2447 592 2755 647; x_wconf 80' lang='lat' dir='ltr'><strong>—Divitiae</strong></span> <span class='ocrx_word' id='word_1_102' title='bbox 2808 592 3014 663; x_wconf 79' lang='lat' dir='ltr'><strong>injuSte</strong></span> <span class='ocrx_word' id='word_1_103' title='bbox 3056 604 3426 664; x_wconf 74' lang='lat' dir='ltr'><strong>congregatae,</strong></span> <span class='ocrx_word' id='word_1_104' title='bbox 3454 609 3587 651; x_wconf 56' lang='lat' dir='ltr'><strong>evo.</strong></span> 
     </span>
    </p>
   </div>
   <div class='ocr_carea' id='block_1_21' title="bbox 1995 690 2239 737">
    <p class='ocr_par' dir='ltr' id='par_1_21' title="bbox 1995 690 2239 737">
     <span class='ocr_line' id='line_1_21' title="bbox 1995 690 2239 737; baseline -0.004 -2"><span class='ocrx_word' id='word_1_105' title='bbox 1995 690 2239 737; x_wconf 88' lang='lat' dir='ltr'><strong>mentur.</strong></span> 
     </span>
    </p>
   </div>
   <div class='ocr_carea' id='block_1_22' title="bbox 2066 771 3582 846">
    <p class='ocr_par' dir='ltr' id='par_1_22' title="bbox 2066 771 3582 846">
     <span class='ocr_line' id='line_1_22' title="bbox 2066 771 3582 846; baseline 0.005 -20"><span class='ocrx_word' id='word_1_106' title='bbox 2066 771 2228 826; x_wconf 80' lang='lat' dir='ltr'><strong>Prov.</strong></span> <span class='ocrx_word' id='word_1_107' title='bbox 2267 788 2380 836; x_wconf 79' lang='lat' dir='ltr'><strong>XIX,</strong></span> <span class='ocrx_word' id='word_1_108' title='bbox 2414 773 2465 826; x_wconf 79' lang='lat' dir='ltr'><strong>i.</strong></span> <span class='ocrx_word' id='word_1_109' title='bbox 2490 803 2561 812; x_wconf 94' lang='lat'><strong>—</strong></span> <span class='ocrx_word' id='word_1_110' title='bbox 2582 771 2779 827; x_wconf 83' lang='lat' dir='ltr'><strong>Melior</strong></span> <span class='ocrx_word' id='word_1_111' title='bbox 2819 779 2906 827; x_wconf 86' lang='lat' dir='ltr'><strong>est</strong></span> <span class='ocrx_word' id='word_1_112' title='bbox 2939 788 3152 842; x_wconf 81' lang='lat' dir='ltr'><strong>pauper</strong></span> <span class='ocrx_word' id='word_1_113' title='bbox 3186 774 3391 844; x_wconf 86' lang='lat' dir='ltr'><strong>justus,</strong></span> <span class='ocrx_word' id='word_1_114' title='bbox 3418 791 3582 846; x_wconf 84' lang='lat' dir='ltr'><strong>quam</strong></span> 
     </span>
    </p>
   </div>
   <div class='ocr_carea' id='block_1_23' title="bbox 1997 859 2442 914">
    <p class='ocr_par' dir='ltr' id='par_1_23' title="bbox 1997 859 2442 914">
     <span class='ocr_line' id='line_1_23' title="bbox 1997 859 2442 914; baseline -0.004 0"><span class='ocrx_word' id='word_1_115' title='bbox 1997 859 2157 914; x_wconf 89' lang='lat' dir='ltr'><strong>dives</strong></span> <span class='ocrx_word' id='word_1_116' title='bbox 2186 859 2442 913; x_wconf 82' lang='lat' dir='ltr'><strong>mendax.</strong></span> 
     </span>
    </p>
   </div>
   <div class='ocr_carea' id='block_1_24' title="bbox 2070 948 3335 1014">
    <p class='ocr_par' dir='ltr' id='par_1_24' title="bbox 2070 948 3335 1014">
     <span class='ocr_line' id='line_1_24' title="bbox 2070 948 3335 1014; baseline 0.004 -12"><span class='ocrx_word' id='word_1_117' title='bbox 2070 948 2253 1003; x_wconf 58' lang='lat' dir='ltr'><strong>Eccle.’</strong></span> <span class='ocrx_word' id='word_1_118' title='bbox 2276 966 2331 1014; x_wconf 73' lang='grc' dir='ltr'><strong>ι,</strong></span> <span class='ocrx_word' id='word_1_119' title='bbox 2368 951 2456 1005; x_wconf 83' lang='grc'>19.</span> <span class='ocrx_word' id='word_1_120' title='bbox 2474 980 2545 989; x_wconf 93' lang='lat'><strong>——</strong></span> <span class='ocrx_word' id='word_1_121' title='bbox 2565 950 2819 1005; x_wconf 68' lang='lat' dir='ltr'><strong>Pecuniae</strong></span> <span class='ocrx_word' id='word_1_122' title='bbox 2841 949 3107 1006; x_wconf 84' lang='lat' dir='ltr'><strong>obedient</strong></span> <span class='ocrx_word' id='word_1_123' title='bbox 3129 953 3335 1007; x_wconf 82' lang='lat' dir='ltr'><strong>omnia.</strong></span> 
     </span>
    </p>
   </div>
   <div class='ocr_carea' id='block_1_25' title="bbox 2070 1118 3592 1198">
    <p class='ocr_par' dir='ltr' id='par_1_25' title="bbox 2070 1118 3592 1198">
     <span class='ocr_line' id='line_1_25' title="bbox 2070 1118 3592 1198; baseline 0.003 -17"><span class='ocrx_word' id='word_1_124' title='bbox 2070 1127 2238 1182; x_wconf 86' lang='lat' dir='ltr'><strong>Eccli.</strong></span> <span class='ocrx_word' id='word_1_125' title='bbox 2274 1118 2421 1193; x_wconf 53' lang='lat' dir='ltr'><strong>xxxi,</strong></span> <span class='ocrx_word' id='word_1_126' title='bbox 2449 1144 2487 1181; x_wconf 89' lang='grc' dir='ltr'>ι.</span> <span class='ocrx_word' id='word_1_127' title='bbox 2509 1158 2582 1167; x_wconf 92' lang='grc'><strong><em>-</em></strong></span> <span class='ocrx_word' id='word_1_128' title='bbox 2602 1127 2804 1198; x_wconf 80' lang='lat' dir='ltr'><strong>Vigilia</strong></span> <span class='ocrx_word' id='word_1_129' title='bbox 2835 1128 3158 1184; x_wconf 77' lang='lat' dir='ltr'><strong>divitiarum</strong></span> <span class='ocrx_word' id='word_1_130' title='bbox 3184 1129 3445 1186; x_wconf 79' lang='lat' dir='ltr'><strong>tabefacit</strong></span> <span class='ocrx_word' id='word_1_131' title='bbox 3468 1145 3592 1186; x_wconf 86' lang='lat' dir='ltr'><strong>car-</strong></span> 
     </span>
    </p>
   </div>
   <div class='ocr_carea' id='block_1_26' title="bbox 1924 1219 3125 1290">
    <p class='ocr_par' dir='ltr' id='par_1_26' title="bbox 1924 1219 3125 1290">
     <span class='ocr_line' id='line_1_26' title="bbox 1924 1219 3125 1290; baseline 0.002 -16"><span class='ocrx_word' id='word_1_132' title='bbox 1924 1288 1926 1290; x_wconf 18' lang='grc' dir='ltr'><strong><em>ν</em></strong></span> <span class='ocrx_word' id='word_1_133' title='bbox 1999 1235 2120 1283; x_wconf 90' lang='lat' dir='ltr'><strong>nes,</strong></span> <span class='ocrx_word' id='word_1_134' title='bbox 2154 1228 2211 1274; x_wconf 89' lang='lat' dir='ltr'><strong>et</strong></span> <span class='ocrx_word' id='word_1_135' title='bbox 2235 1234 2371 1274; x_wconf 90' lang='lat' dir='ltr'><strong>cura</strong></span> <span class='ocrx_word' id='word_1_136' title='bbox 2403 1234 2596 1274; x_wconf 89' lang='lat' dir='ltr'><strong>earum</strong></span> <span class='ocrx_word' id='word_1_137' title='bbox 2636 1219 2835 1275; x_wconf 80' lang='lat' dir='ltr'><strong>adimit</strong></span> <span class='ocrx_word' id='word_1_138' title='bbox 2866 1236 3125 1277; x_wconf 88' lang='lat' dir='ltr'><strong>somnum</strong></span> 
     </span>
    </p>
   </div>
   <div class='ocr_carea' id='block_1_27' title="bbox 2071 1310 3589 1386">
    <p class='ocr_par' dir='ltr' id='par_1_27' title="bbox 2071 1310 3589 1386">
     <span class='ocr_line' id='line_1_27' title="bbox 2071 1310 3589 1386; baseline 0.002 -20"><span class='ocrx_word' id='word_1_139' title='bbox 2071 1310 2239 1366; x_wconf 85' lang='lat' dir='ltr'><strong>Eccli.</strong></span> <span class='ocrx_word' id='word_1_140' title='bbox 2262 1328 2383 1375; x_wconf 79' lang='lat' dir='ltr'><strong>xm,</strong></span> <span class='ocrx_word' id='word_1_141' title='bbox 2419 1311 2611 1377; x_wconf 75' lang='lat'><strong>26,28.</strong></span> <span class='ocrx_word' id='word_1_142' title='bbox 2631 1343 2704 1353; x_wconf 95' lang='lat'><strong>——</strong></span> <span class='ocrx_word' id='word_1_143' title='bbox 2722 1313 2904 1369; x_wconf 90' lang='lat' dir='ltr'><strong>Divite</strong></span> <span class='ocrx_word' id='word_1_144' title='bbox 2932 1314 3170 1385; x_wconf 89' lang='lat' dir='ltr'><strong>decepto</strong></span> <span class='ocrx_word' id='word_1_145' title='bbox 3219 1315 3381 1370; x_wconf 88' lang='lat' dir='ltr'><strong>multi</strong></span> <span class='ocrx_word' id='word_1_146' title='bbox 3427 1314 3589 1386; x_wconf 88' lang='lat' dir='ltr'><strong>adju-</strong></span> 
     </span>
    </p>
   </div>
   <div class='ocr_carea' id='block_1_28' title="bbox 2001 1398 3593 1476">
    <p class='ocr_par' dir='ltr' id='par_1_28' title="bbox 2001 1398 3593 1476">
     <span class='ocr_line' id='line_1_28' title="bbox 2001 1398 3593 1476; baseline -0.001 -18"><span class='ocrx_word' id='word_1_147' title='bbox 2001 1411 2209 1458; x_wconf 89' lang='lat' dir='ltr'><strong>tores:</strong></span> <span class='ocrx_word' id='word_1_148' title='bbox 2257 1398 2479 1458; x_wconf 74' lang='lat' dir='ltr'><strong>locu‘ius</strong></span> <span class='ocrx_word' id='word_1_149' title='bbox 2548 1411 2636 1459; x_wconf 91' lang='lat' dir='ltr'><strong>est</strong></span> <span class='ocrx_word' id='word_1_150' title='bbox 2698 1403 2962 1471; x_wconf 84' lang='lat' dir='ltr'><strong>nefanda,</strong></span> <span class='ocrx_word' id='word_1_151' title='bbox 3031 1413 3088 1459; x_wconf 90' lang='lat' dir='ltr'><strong>et</strong></span> <span class='ocrx_word' id='word_1_152' title='bbox 3144 1404 3593 1476; x_wconf 85' lang='lat' dir='ltr'><strong>justiﬁcaverunt</strong></span> 
     </span>
    </p>
   </div>
   <div class='ocr_carea' id='block_1_29' title="bbox 2001 1509 2151 1550">
    <p class='ocr_par' dir='ltr' id='par_1_29' title="bbox 2001 1509 2151 1550">
     <span class='ocr_line' id='line_1_29' title="bbox 2001 1509 2151 1550; baseline 0 -1"><span class='ocrx_word' id='word_1_153' title='bbox 2001 1509 2151 1550; x_wconf 90' lang='lat' dir='ltr'><strong>eum.</strong></span> 
     </span>
    </p>
   </div>
   <div class='ocr_carea' id='block_1_30' title="bbox 2073 1573 3594 1655">
    <p class='ocr_par' dir='ltr' id='par_1_30' title="bbox 2073 1573 3594 1655">
     <span class='ocr_line' id='line_1_30' title="bbox 2073 1573 3594 1655; baseline -0.001 -14"><span class='ocrx_word' id='word_1_154' title='bbox 2073 1587 2239 1641; x_wconf 87' lang='lat' dir='ltr'><strong>Dives</strong></span> <span class='ocrx_word' id='word_1_155' title='bbox 2276 1585 2498 1640; x_wconf 88' lang='lat' dir='ltr'><strong>locutus</strong></span> <span class='ocrx_word' id='word_1_156' title='bbox 2536 1596 2644 1651; x_wconf 86' lang='lat' dir='ltr'><strong>est,</strong></span> <span class='ocrx_word' id='word_1_157' title='bbox 2689 1595 2745 1641; x_wconf 91' lang='lat' dir='ltr'><strong>et</strong></span> <span class='ocrx_word' id='word_1_158' title='bbox 2782 1602 2975 1642; x_wconf 91' lang='lat' dir='ltr'><strong>omnes</strong></span> <span class='ocrx_word' id='word_1_159' title='bbox 3011 1573 3331 1650; x_wconf 77' lang='lat' dir='ltr'><strong>tacuerunt,</strong></span> <span class='ocrx_word' id='word_1_160' title='bbox 3370 1594 3427 1641; x_wconf 90' lang='lat' dir='ltr'><strong>et</strong></span> <span class='ocrx_word' id='word_1_161' title='bbox 3471 1587 3594 1655; x_wconf 85' lang='lat' dir='ltr'><strong>ejus</strong></span> 
     </span>
    </p>
   </div>
   <div class='ocr_carea' id='block_1_31' title="bbox 2004 1677 3199 1747">
    <p class='ocr_par' dir='ltr' id='par_1_31' title="bbox 2004 1677 3199 1747">
     <span class='ocr_line' id='line_1_31' title="bbox 2004 1677 3199 1747; baseline -0.002 -13"><span class='ocrx_word' id='word_1_162' title='bbox 2004 1693 2319 1734; x_wconf 88' lang='lat' dir='ltr'><strong>sermonem</strong></span> <span class='ocrx_word' id='word_1_163' title='bbox 2349 1677 2417 1732; x_wconf 89' lang='lat' dir='ltr'><strong>ad</strong></span> <span class='ocrx_word' id='word_1_164' title='bbox 2443 1678 2627 1733; x_wconf 89' lang='lat' dir='ltr'><strong>nubes</strong></span> <span class='ocrx_word' id='word_1_165' title='bbox 2656 1694 2834 1747; x_wconf 90' lang='lat' dir='ltr'><strong>usque</strong></span> <span class='ocrx_word' id='word_1_166' title='bbox 2857 1679 3199 1734; x_wconf 79' lang='lat' dir='ltr'><strong>extulerunt.</strong></span> 
     </span>
    </p>
   </div>
   <div class='ocr_carea' id='block_1_32' title="bbox 382 1767 1927 1842">
    <p class='ocr_par' dir='ltr' id='par_1_32' title="bbox 382 1770 1902 1842">
     <span class='ocr_line' id='line_1_32' title="bbox 382 1770 1902 1842; baseline -0.001 -19"><span class='ocrx_word' id='word_1_167' title='bbox 382 1773 605 1825; x_wconf 77' lang='grc' dir='ltr'>Βασιλ.</span> <span class='ocrx_word' id='word_1_168' title='bbox 625 1770 873 1825; x_wconf 79' lang='grc' dir='ltr'>-Πενία</span> <span class='ocrx_word' id='word_1_169' title='bbox 898 1771 1018 1842; x_wconf 81' lang='grc' dir='ltr'>μετ’</span> <span class='ocrx_word' id='word_1_170' title='bbox 1036 1770 1314 1842; x_wconf 80' lang='grc' dir='ltr'>ἀληθείας,</span> <span class='ocrx_word' id='word_1_171' title='bbox 1340 1771 1523 1841; x_wconf 85' lang='grc' dir='ltr'>πάσης</span> <span class='ocrx_word' id='word_1_172' title='bbox 1545 1770 1902 1834; x_wconf 78' lang='grc' dir='ltr'>ἀπολαύσεως</span> 
     </span>
    </p>
   </div>
   <div class='ocr_carea' id='block_1_33' title="bbox 2027 1767 3594 1842">
    <p class='ocr_par' dir='ltr' id='par_1_33' title="bbox 2071 1767 3594 1838">
     <span class='ocr_line' id='line_1_33' title="bbox 2071 1767 3594 1838; baseline -0.003 -15"><span class='ocrx_word' id='word_1_173' title='bbox 2071 1768 2669 1837; x_wconf 79' lang='lat' dir='ltr'><strong>Basilii—Paupertas</strong></span> <span class='ocrx_word' id='word_1_174' title='bbox 2702 1785 2830 1824; x_wconf 91' lang='lat' dir='ltr'><strong>cum</strong></span> <span class='ocrx_word' id='word_1_175' title='bbox 2860 1769 3117 1835; x_wconf 85' lang='lat' dir='ltr'><strong>veritate,</strong></span> <span class='ocrx_word' id='word_1_176' title='bbox 3156 1769 3308 1823; x_wconf 91' lang='lat' dir='ltr'><strong>omni</strong></span> <span class='ocrx_word' id='word_1_177' title='bbox 3327 1767 3594 1838; x_wconf 87' lang='lat' dir='ltr'><strong>jucundi-</strong></span> 
     </span>
    </p>
   </div>
   <div class='ocr_carea' id='block_1_34' title="bbox 303 1860 1223 1932">
    <p class='ocr_par' dir='ltr' id='par_1_34' title="bbox 303 1860 1223 1932">
     <span class='ocr_line' id='line_1_34' title="bbox 303 1860 1223 1932; baseline 0.001 -19"><span class='ocrx_word' id='word_1_178' title='bbox 303 1862 430 1924; x_wconf 78' lang='grc' dir='ltr'>τοῖς</span> <span class='ocrx_word' id='word_1_179' title='bbox 457 1860 799 1930; x_wconf 82' lang='grc' dir='ltr'>σωφρονοῦσι</span> <span class='ocrx_word' id='word_1_180' title='bbox 830 1862 1223 1932; x_wconf 77' lang='grc' dir='ltr'>προτιμοτέρα.</span> 
     </span>
    </p>
   </div>
   <div class='ocr_carea' id='block_1_35' title="bbox 387 1948 1905 2020">
    <p class='ocr_par' dir='ltr' id='par_1_35' title="bbox 387 1948 1905 2020">
     <span class='ocr_line' id='line_1_35' title="bbox 387 1948 1905 2020; baseline -0.001 -15"><span class='ocrx_word' id='word_1_181' title='bbox 387 1952 467 2005; x_wconf 84' lang='grc' dir='ltr'><strong>Ού</strong></span> <span class='ocrx_word' id='word_1_182' title='bbox 522 1950 587 2004; x_wconf 67' lang='grc' dir='ltr'>τὸ</span> <span class='ocrx_word' id='word_1_183' title='bbox 614 1949 875 2005; x_wconf 77' lang='grc' dir='ltr'>πένεσθαι</span> <span class='ocrx_word' id='word_1_184' title='bbox 905 1951 1289 2016; x_wconf 81' lang='grc' dir='ltr'>ἐπονείδιστον,</span> <span class='ocrx_word' id='word_1_185' title='bbox 1330 1950 1469 2004; x_wconf 83' lang='grc' dir='ltr'>ἀλλὰ</span> <span class='ocrx_word' id='word_1_186' title='bbox 1495 1950 1558 2005; x_wconf 83' lang='grc' dir='ltr'>τὸ</span> <span class='ocrx_word' id='word_1_187' title='bbox 1615 1951 1692 2020; x_wconf 83' lang='grc' dir='ltr'>μὴ</span> <span class='ocrx_word' id='word_1_188' title='bbox 1718 1948 1905 2019; x_wconf 78' lang='grc' dir='ltr'>φέρειν</span> 
     </span>
    </p>
   </div>
   <div class='ocr_carea' id='block_1_36' title="bbox 314 2042 1047 2115">
    <p class='ocr_par' dir='ltr' id='par_1_36' title="bbox 314 2042 1047 2115">
     <span class='ocr_line' id='line_1_36' title="bbox 314 2042 1047 2115; baseline 0 -19"><span class='ocrx_word' id='word_1_189' title='bbox 314 2042 677 2113; x_wconf 78' lang='grc' dir='ltr'><strong>εὐγνωμόνως</strong></span> <span class='ocrx_word' id='word_1_190' title='bbox 707 2042 806 2115; x_wconf 84' lang='grc' dir='ltr'>τὴν</span> <span class='ocrx_word' id='word_1_191' title='bbox 832 2044 1047 2097; x_wconf 88' lang='grc' dir='ltr'>πενίαν.</span> 
     </span>
    </p>
   </div>
   <div class='ocr_carea' id='block_1_37' title="bbox 394 2223 1910 2296">
    <p class='ocr_par' dir='ltr' id='par_1_37' title="bbox 394 2223 1910 2296">
     <span class='ocr_line' id='line_1_37' title="bbox 394 2223 1910 2296; baseline -0.001 -20"><span class='ocrx_word' id='word_1_192' title='bbox 394 2223 669 2292; x_wconf 75' lang='grc' dir='ltr'>Λογισμὸς</span> <span class='ocrx_word' id='word_1_193' title='bbox 714 2224 826 2295; x_wconf 81' lang='grc' dir='ltr'><strong>γὰρ</strong></span> <span class='ocrx_word' id='word_1_194' title='bbox 874 2223 1226 2296; x_wconf 78' lang='grc' dir='ltr'>φυλαργυρίᾳ</span> <span class='ocrx_word' id='word_1_195' title='bbox 1280 2223 1740 2295; x_wconf 82' lang='grc' dir='ltr'>προειλημμένος,</span> <span class='ocrx_word' id='word_1_196' title='bbox 1775 2238 1910 2293; x_wconf 85' lang='grc' dir='ltr'>τρυ-</span> 
     </span>
    </p>
   </div>
   <div class='ocr_carea' id='block_1_38' title="bbox 314 2313 1910 2386">
    <p class='ocr_par' dir='ltr' id='par_1_38' title="bbox 314 2313 1910 2386">
     <span class='ocr_line' id='line_1_38' title="bbox 314 2313 1910 2386; baseline -0.001 -20"><span class='ocrx_word' id='word_1_197' title='bbox 314 2314 459 2383; x_wconf 77' lang='grc' dir='ltr'>τάνη</span> <span class='ocrx_word' id='word_1_198' title='bbox 480 2313 629 2367; x_wconf 75' lang='grc' dir='ltr'>ἐστὶν</span> <span class='ocrx_word' id='word_1_199' title='bbox 645 2313 740 2369; x_wconf 75' lang='grc' dir='ltr'>ἐπὶ</span> <span class='ocrx_word' id='word_1_200' title='bbox 757 2314 819 2369; x_wconf 76' lang='grc' dir='ltr'>τὸ</span> <span class='ocrx_word' id='word_1_201' title='bbox 840 2314 980 2385; x_wconf 85' lang='grc' dir='ltr'>βαρὺ</span> <span class='ocrx_word' id='word_1_202' title='bbox 997 2314 1096 2370; x_wconf 79' lang='grc' dir='ltr'>τοῦ</span> <span class='ocrx_word' id='word_1_203' title='bbox 1116 2316 1338 2379; x_wconf 84' lang='grc' dir='ltr'>κανόνος</span> <span class='ocrx_word' id='word_1_204' title='bbox 1355 2315 1455 2386; x_wconf 81' lang='grc' dir='ltr'>τὴν</span> <span class='ocrx_word' id='word_1_205' title='bbox 1476 2314 1650 2385; x_wconf 76' lang='grc' dir='ltr'>ῥοπὴν</span> <span class='ocrx_word' id='word_1_206' title='bbox 1667 2313 1910 2381; x_wconf 83' lang='grc' dir='ltr'>καταφέ-</span> 
     </span>
    </p>
   </div>
   <div class='ocr_carea' id='block_1_39' title="bbox 312 2419 520 2472">
    <p class='ocr_par' dir='ltr' id='par_1_39' title="bbox 312 2419 520 2472">
     <span class='ocr_line' id='line_1_39' title="bbox 312 2419 520 2472; baseline 0.024 -16"><span class='ocrx_word' id='word_1_207' title='bbox 312 2419 520 2472; x_wconf 80' lang='grc' dir='ltr'>ρουσα.</span> 
     </span>
    </p>
   </div>
   <div class='ocr_carea' id='block_1_40' title="bbox 974 2498 1297 2564">
    <p class='ocr_par' dir='ltr' id='par_1_40' title="bbox 974 2498 1297 2564">
     <span class='ocr_line' id='line_1_40' title="bbox 974 2498 1297 2564; baseline -0.003 -11"><span class='ocrx_word' id='word_1_208' title='bbox 974 2498 1297 2564; x_wconf 69' lang='grc' dir='ltr'>Θεολότου.</span> 
     </span>
    </p>
   </div>
   <div class='ocr_carea' id='block_1_41' title="bbox 465 2585 1785 2656">
    <p class='ocr_par' dir='ltr' id='par_1_41' title="bbox 465 2585 1785 2656">
     <span class='ocr_line' id='line_1_41' title="bbox 465 2585 1785 2656; baseline -0.002 -16"><span class='ocrx_word' id='word_1_209' title='bbox 465 2585 734 2652; x_wconf 71' lang='grc' dir='ltr'>Πένητος</span> <span class='ocrx_word' id='word_1_210' title='bbox 787 2586 1032 2656; x_wconf 11' lang='grc' dir='ltr'>ἀνδρὸς,</span> <span class='ocrx_word' id='word_1_211' title='bbox 1065 2586 1249 2642; x_wconf 69' lang='grc' dir='ltr'>οὐδὲν</span> <span class='ocrx_word' id='word_1_212' title='bbox 1305 2585 1785 2656; x_wconf 73' lang='grc' dir='ltr'>ἀσφαλέστερον.</span> 
     </span>
    </p>
   </div>
   <div class='ocr_carea' id='block_1_42' title="bbox 465 2655 1911 2727">
    <p class='ocr_par' dir='ltr' id='par_1_42' title="bbox 465 2655 1911 2727">
     <span class='ocr_line' id='line_1_42' title="bbox 465 2655 1911 2727; baseline 0 -18"><span class='ocrx_word' id='word_1_213' title='bbox 465 2656 625 2727; x_wconf 79' lang='grc' dir='ltr'>ῌρὸς</span> <span class='ocrx_word' id='word_1_214' title='bbox 652 2659 761 2710; x_wconf 77' lang='grc' dir='ltr'><strong>τὸν</strong></span> <span class='ocrx_word' id='word_1_215' title='bbox 791 2658 941 2710; x_wconf 79' lang='grc' dir='ltr'><strong>Θεὸν</strong></span> <span class='ocrx_word' id='word_1_216' title='bbox 970 2655 1242 2720; x_wconf 79' lang='grc' dir='ltr'>νένευκε,</span> <span class='ocrx_word' id='word_1_217' title='bbox 1291 2655 1403 2710; x_wconf 64' lang='grc' dir='ltr'><strong>καί</strong></span> <span class='ocrx_word' id='word_1_218' title='bbox 1435 2657 1626 2727; x_wconf 62' lang='grc' dir='ltr'>μόνον</span> <span class='ocrx_word' id='word_1_219' title='bbox 1668 2655 1911 2727; x_wconf 72' lang='grc' dir='ltr'>βλέπει.</span> 
     </span>
    </p>
   </div>
   <div class='ocr_carea' id='block_1_43' title="bbox 480 2725 1910 2795">
    <p class='ocr_par' dir='ltr' id='par_1_43' title="bbox 480 2725 1910 2795">
     <span class='ocr_line' id='line_1_43' title="bbox 480 2725 1910 2795; baseline -0.002 -15"><span class='ocrx_word' id='word_1_220' title='bbox 480 2725 579 2792; x_wconf 85' lang='grc' dir='ltr'>Ὧς</span> <span class='ocrx_word' id='word_1_221' title='bbox 605 2727 894 2781; x_wconf 79' lang='grc' dir='ltr'>ἀπόλοιτο</span> <span class='ocrx_word' id='word_1_222' title='bbox 921 2727 1206 2793; x_wconf 69' lang='grc' dir='ltr'>πλοῦτος,</span> <span class='ocrx_word' id='word_1_223' title='bbox 1221 2730 1273 2781; x_wconf 82' lang='grc' dir='ltr'><strong>εί</strong></span> <span class='ocrx_word' id='word_1_224' title='bbox 1287 2727 1372 2795; x_wconf 82' lang='grc' dir='ltr'>μὴ</span> <span class='ocrx_word' id='word_1_225' title='bbox 1386 2725 1606 2791; x_wconf 80' lang='grc' dir='ltr'>βοηθεῖ</span> <span class='ocrx_word' id='word_1_226' title='bbox 1624 2726 1910 2795; x_wconf 58' lang='grc' dir='ltr'>πένησιν.</span> 
     </span>
    </p>
   </div>
   <div class='ocr_carea' id='block_1_44' title="bbox 470 2786 1667 2876">
    <p class='ocr_par' dir='ltr' id='par_1_44' title="bbox 470 2786 1667 2876">
     <span class='ocr_line' id='line_1_44' title="bbox 470 2786 1667 2876; baseline 0.003 -30"><span class='ocrx_word' id='word_1_227' title='bbox 470 2786 771 2876; x_wconf 50' lang='grc' dir='ltr'><strong>Κρξῖσᾳον</strong></span> <span class='ocrx_word' id='word_1_228' title='bbox 793 2798 989 2876; x_wconf 60' lang='grc' dir='ltr'>πενία,</span> <span class='ocrx_word' id='word_1_229' title='bbox 1012 2797 1097 2867; x_wconf 79' lang='grc' dir='ltr'>μὴ</span> <span class='ocrx_word' id='word_1_230' title='bbox 1120 2786 1667 2876; x_wconf 36' lang='grc' dir='ltr'>δίκαίᾶςξᾶιτήοεέοξι,</span> 
     </span>
    </p>
   </div>
   <div class='ocr_carea' id='block_1_45' title="bbox 469 2865 1703 2936">
    <p class='ocr_par' dir='ltr' id='par_1_45' title="bbox 469 2865 1703 2936">
     <span class='ocr_line' id='line_1_45' title="bbox 469 2865 1703 2936; baseline -0.001 -16"><span class='ocrx_word' id='word_1_231' title='bbox 469 2868 584 2920; x_wconf 79' lang='grc' dir='ltr'><strong>Καὶ</strong></span> <span class='ocrx_word' id='word_1_232' title='bbox 617 2871 726 2936; x_wconf 75' lang='grc' dir='ltr'>γὰρ</span> <span class='ocrx_word' id='word_1_233' title='bbox 752 2867 944 2933; x_wconf 79' lang='grc' dir='ltr'>νόσος</span> <span class='ocrx_word' id='word_1_234' title='bbox 970 2865 1058 2935; x_wconf 71' lang='grc' dir='ltr'><strong>γε,</strong></span> <span class='ocrx_word' id='word_1_235' title='bbox 1085 2865 1197 2936; x_wconf 83' lang='grc' dir='ltr'>τῆς</span> <span class='ocrx_word' id='word_1_236' title='bbox 1219 2865 1414 2933; x_wconf 82' lang='grc' dir='ltr'>κακῆς</span> <span class='ocrx_word' id='word_1_237' title='bbox 1441 2866 1703 2931; x_wconf 79' lang='grc' dir='ltr'>εὐεξίας.</span> 
     </span>
    </p>
   </div>
   <div class='ocr_carea' id='block_1_46' title="bbox 397 2977 1707 3051">
    <p class='ocr_par' dir='ltr' id='par_1_46' title="bbox 397 2977 1707 3051">
     <span class='ocr_line' id='line_1_46' title="bbox 397 2977 1707 3051; baseline 0.002 -20"><span class='ocrx_word' id='word_1_238' title='bbox 397 2977 586 3032; x_wconf 81' lang='grc' dir='ltr'>Δεινὸν</span> <span class='ocrx_word' id='word_1_239' title='bbox 618 2978 897 3043; x_wconf 81' lang='grc' dir='ltr'>πένεσθαι,</span> <span class='ocrx_word' id='word_1_240' title='bbox 924 2982 1108 3050; x_wconf 84' lang='grc' dir='ltr'>χεῖρον</span> <span class='ocrx_word' id='word_1_241' title='bbox 1143 2979 1190 3032; x_wconf 88' lang='grc' dir='ltr'>δ’</span> <span class='ocrx_word' id='word_1_242' title='bbox 1212 2980 1468 3051; x_wconf 80' lang='grc' dir='ltr'>εὐπορεῖν</span> <span class='ocrx_word' id='word_1_243' title='bbox 1496 2979 1707 3045; x_wconf 83' lang='grc' dir='ltr'>κακῶς.</span> 
     </span>
    </p>
   </div>
   <div class='ocr_carea' id='block_1_47' title="bbox 399 3149 1924 3227">
    <p class='ocr_par' dir='ltr' id='par_1_47' title="bbox 399 3149 1924 3227">
     <span class='ocr_line' id='line_1_47' title="bbox 399 3149 1924 3227; baseline -0.004 -18"><span class='ocrx_word' id='word_1_244' title='bbox 399 3156 713 3225; x_wconf 80' lang='grc' dir='ltr'>Χρυσόστ.</span> <span class='ocrx_word' id='word_1_245' title='bbox 751 3150 821 3209; x_wconf 82' lang='grc' dir='ltr'><strong>Ὦ</strong></span> <span class='ocrx_word' id='word_1_246' title='bbox 852 3155 1086 3227; x_wconf 85' lang='grc' dir='ltr'>πηλίκον</span> <span class='ocrx_word' id='word_1_247' title='bbox 1131 3153 1352 3224; x_wconf 82' lang='grc' dir='ltr'>ἀξίωμα</span> <span class='ocrx_word' id='word_1_248' title='bbox 1376 3153 1478 3224; x_wconf 82' lang='grc' dir='ltr'>τῆς</span> <span class='ocrx_word' id='word_1_249' title='bbox 1498 3150 1692 3216; x_wconf 83' lang='grc' dir='ltr'>πενίας</span> <span class='ocrx_word' id='word_1_250' title='bbox 1736 3150 1750 3204; x_wconf 86' lang='lat'><strong>!</strong></span> <span class='ocrx_word' id='word_1_251' title='bbox 1786 3149 1924 3205; x_wconf 87' lang='grc' dir='ltr'><strong>Θεοῦ</strong></span> 
     </span>
    </p>
   </div>
   <div class='ocr_carea' id='block_1_48' title="bbox 318 3242 1921 3319">
    <p class='ocr_par' dir='ltr' id='par_1_48' title="bbox 318 3242 1921 3319">
     <span class='ocr_line' id='line_1_48' title="bbox 318 3242 1921 3319; baseline -0.005 -16"><span class='ocrx_word' id='word_1_252' title='bbox 318 3249 545 3318; x_wconf 83' lang='grc' dir='ltr'>γίνεται</span> <span class='ocrx_word' id='word_1_253' title='bbox 594 3250 962 3319; x_wconf 83' lang='grc' dir='ltr'>προσωπεῖον.</span> <span class='ocrx_word' id='word_1_254' title='bbox 1046 3246 1369 3319; x_wconf 82' lang='grc' dir='ltr'>Κρύπτεται</span> <span class='ocrx_word' id='word_1_255' title='bbox 1417 3246 1476 3299; x_wconf 92' lang='grc' dir='ltr'><strong>ἐν</strong></span> <span class='ocrx_word' id='word_1_256' title='bbox 1538 3244 1702 3316; x_wconf 74' lang='grc' dir='ltr'>πενία</span> <span class='ocrx_word' id='word_1_257' title='bbox 1749 3242 1884 3306; x_wconf 85' lang='grc' dir='ltr'>Θεός</span> <span class='ocrx_word' id='word_1_258' title='bbox 1904 3258 1921 3275; x_wconf 80' lang='grc' dir='ltr'><strong>ο</strong></span> 
     </span>
    </p>
   </div>
   <div class='ocr_carea' id='block_1_49' title="bbox 322 3334 1925 3412">
    <p class='ocr_par' dir='ltr' id='par_1_49' title="bbox 322 3334 1925 3412">
     <span class='ocr_line' id='line_1_49' title="bbox 322 3334 1925 3412; baseline -0.004 -18"><span class='ocrx_word' id='word_1_259' title='bbox 322 3339 427 3394; x_wconf 68' lang='grc' dir='ltr'>καὶ</span> <span class='ocrx_word' id='word_1_260' title='bbox 458 3338 629 3412; x_wconf 83' lang='grc' dir='ltr'>πένης</span> <span class='ocrx_word' id='word_1_261' title='bbox 658 3340 778 3412; x_wconf 80' lang='grc' dir='ltr'>μὲν,</span> <span class='ocrx_word' id='word_1_262' title='bbox 822 3340 853 3393; x_wconf 82' lang='grc' dir='ltr'><strong>ό</strong></span> <span class='ocrx_word' id='word_1_263' title='bbox 899 3339 1000 3412; x_wconf 74' lang='grc' dir='ltr'>τὴν</span> <span class='ocrx_word' id='word_1_264' title='bbox 1049 3341 1212 3412; x_wconf 80' lang='grc' dir='ltr'>χεῖρα</span> <span class='ocrx_word' id='word_1_265' title='bbox 1238 3338 1583 3409; x_wconf 48' lang='grc' dir='ltr'>προτείνων)</span> <span class='ocrx_word' id='word_1_266' title='bbox 1614 3334 1749 3399; x_wconf 81' lang='grc' dir='ltr'>Θεδς</span> <span class='ocrx_word' id='word_1_267' title='bbox 1791 3334 1868 3400; x_wconf 78' lang='grc' dir='ltr'>δὲ,</span> <span class='ocrx_word' id='word_1_268' title='bbox 1895 3335 1925 3387; x_wconf 84' lang='grc' dir='ltr'><strong>ὁ</strong></span> 
     </span>
    </p>
   </div>
   <div class='ocr_carea' id='block_1_50' title="bbox 322 3432 646 3504">
    <p class='ocr_par' dir='ltr' id='par_1_50' title="bbox 322 3432 646 3504">
     <span class='ocr_line' id='line_1_50' title="bbox 322 3432 646 3504; baseline -0.006 -16"><span class='ocrx_word' id='word_1_269' title='bbox 322 3432 646 3504; x_wconf 79' lang='grc' dir='ltr'>δεχόμενος.</span> 
     </span>
    </p>
   </div>
   <div class='ocr_carea' id='block_1_51' title="bbox 407 3517 1929 3597">
    <p class='ocr_par' dir='ltr' id='par_1_51' title="bbox 407 3517 1929 3597">
     <span class='ocr_line' id='line_1_51' title="bbox 407 3517 1929 3597; baseline -0.006 -18"><span class='ocrx_word' id='word_1_270' title='bbox 407 3526 623 3597; x_wconf 80' lang='grc' dir='ltr'>Ὠσπερ</span> <span class='ocrx_word' id='word_1_271' title='bbox 676 3523 736 3591; x_wconf 84' lang='grc' dir='ltr'>ἐξ</span> <span class='ocrx_word' id='word_1_272' title='bbox 792 3523 1105 3596; x_wconf 83' lang='grc' dir='ltr'>ἀδηφαγίας</span> <span class='ocrx_word' id='word_1_273' title='bbox 1134 3524 1233 3595; x_wconf 81' lang='grc' dir='ltr'>μὲν</span> <span class='ocrx_word' id='word_1_274' title='bbox 1259 3522 1470 3593; x_wconf 87' lang='grc' dir='ltr'>γίνεται</span> <span class='ocrx_word' id='word_1_275' title='bbox 1513 3518 1817 3590; x_wconf 80' lang='grc' dir='ltr'>φλεγμονὴ,</span> <span class='ocrx_word' id='word_1_276' title='bbox 1862 3517 1929 3571; x_wconf 86' lang='grc' dir='ltr'><strong>ἐκ</strong></span> 
     </span>
    </p>
   </div>
   <div class='ocr_carea' id='block_1_52' title="bbox 327 3608 1926 3686">
    <p class='ocr_par' dir='ltr' id='par_1_52' title="bbox 327 3608 1926 3686">
     <span class='ocr_line' id='line_1_52' title="bbox 327 3608 1926 3686; baseline -0.007 -15"><span class='ocrx_word' id='word_1_277' title='bbox 327 3617 390 3671; x_wconf 79' lang='grc' dir='ltr'>δὲ</span> <span class='ocrx_word' id='word_1_278' title='bbox 420 3616 734 3686; x_wconf 71' lang='grc' dir='ltr'>φλεγμονῆς</span> <span class='ocrx_word' id='word_1_279' title='bbox 762 3615 1007 3669; x_wconf 81' lang='grc' dir='ltr'><strong>τίκτεται</strong></span> <span class='ocrx_word' id='word_1_280' title='bbox 1054 3614 1314 3684; x_wconf 83' lang='grc' dir='ltr'>πυρετὸς,</span> <span class='ocrx_word' id='word_1_281' title='bbox 1368 3608 1490 3667; x_wconf 73' lang='grc' dir='ltr'>εἶτα</span> <span class='ocrx_word' id='word_1_282' title='bbox 1518 3610 1750 3673; x_wconf 86' lang='grc' dir='ltr'>θάνατος</span> <span class='ocrx_word' id='word_1_283' title='bbox 1778 3608 1926 3662; x_wconf 81' lang='grc' dir='ltr'>ἐκεῖ·</span> 
     </span>
    </p>
   </div>
   <div class='ocr_carea' id='block_1_53' title="bbox 335 3698 1927 3775">
    <p class='ocr_par' dir='ltr' id='par_1_53' title="bbox 335 3698 1927 3775">
     <span class='ocr_line' id='line_1_53' title="bbox 335 3698 1927 3775; baseline -0.006 -14"><span class='ocrx_word' id='word_1_284' title='bbox 335 3708 432 3761; x_wconf 84' lang='grc' dir='ltr'><strong>θεν</strong></span> <span class='ocrx_word' id='word_1_285' title='bbox 454 3707 720 3772; x_wconf 83' lang='grc' dir='ltr'>πολλάκις</span> <span class='ocrx_word' id='word_1_286' title='bbox 744 3723 759 3737; x_wconf 72' lang='grc' dir='ltr'><strong><em>ο</em></strong></span> <span class='ocrx_word' id='word_1_287' title='bbox 794 3705 939 3761; x_wconf 77' lang='grc' dir='ltr'>οὕτω</span> <span class='ocrx_word' id='word_1_288' title='bbox 967 3707 1064 3762; x_wconf 84' lang='grc' dir='ltr'>καὶ</span> <span class='ocrx_word' id='word_1_289' title='bbox 1097 3706 1206 3760; x_wconf 82' lang='grc' dir='ltr'><strong>ἀπὸ</strong></span> <span class='ocrx_word' id='word_1_290' title='bbox 1226 3706 1327 3775; x_wconf 83' lang='grc' dir='ltr'>τῆς</span> <span class='ocrx_word' id='word_1_291' title='bbox 1342 3704 1453 3758; x_wconf 85' lang='grc' dir='ltr'><strong>τῶν</strong></span> <span class='ocrx_word' id='word_1_292' title='bbox 1473 3702 1816 3774; x_wconf 83' lang='grc' dir='ltr'>πραγμάτων</span> <span class='ocrx_word' id='word_1_293' title='bbox 1836 3698 1927 3754; x_wconf 80' lang='grc' dir='ltr'>καὶ</span> 
     </span>
    </p>
   </div>
   <div class='ocr_carea' id='block_1_54' title="bbox 338 3793 1929 3872">
    <p class='ocr_par' dir='ltr' id='par_1_54' title="bbox 338 3793 1929 3872">
     <span class='ocr_line' id='line_1_54' title="bbox 338 3793 1929 3872; baseline -0.003 -18"><span class='ocrx_word' id='word_1_294' title='bbox 338 3800 453 3854; x_wconf 73' lang='grc' dir='ltr'>ἀπὸ</span> <span class='ocrx_word' id='word_1_295' title='bbox 479 3800 578 3872; x_wconf 80' lang='grc' dir='ltr'>τῆς</span> <span class='ocrx_word' id='word_1_296' title='bbox 606 3798 700 3854; x_wconf 80' lang='grc' dir='ltr'><strong>τοῦ</strong></span> <span class='ocrx_word' id='word_1_297' title='bbox 741 3798 975 3853; x_wconf 85' lang='grc' dir='ltr'>πλούτου</span> <span class='ocrx_word' id='word_1_298' title='bbox 1029 3797 1372 3870; x_wconf 83' lang='grc' dir='ltr'>ὑπερϐολῆς,</span> <span class='ocrx_word' id='word_1_299' title='bbox 1431 3796 1659 3849; x_wconf 85' lang='grc' dir='ltr'>ἀπόνοια</span> <span class='ocrx_word' id='word_1_300' title='bbox 1699 3793 1929 3862; x_wconf 84' lang='grc' dir='ltr'>γίνεται.</span> 
     </span>
    </p>
   </div>
   <div class='ocr_carea' id='block_1_55' title="bbox 339 3884 1931 3964">
    <p class='ocr_par' dir='ltr' id='par_1_55' title="bbox 339 3884 1931 3964">
     <span class='ocr_line' id='line_1_55' title="bbox 339 3884 1931 3964; baseline -0.006 -18"><span class='ocrx_word' id='word_1_301' title='bbox 339 3892 557 3964; x_wconf 78' lang='grc' dir='ltr'>Ὠσπερ</span> <span class='ocrx_word' id='word_1_302' title='bbox 586 3891 697 3962; x_wconf 85' lang='grc' dir='ltr'>γὰρ</span> <span class='ocrx_word' id='word_1_303' title='bbox 719 3893 814 3944; x_wconf 84' lang='grc' dir='ltr'>ἐπὶ</span> <span class='ocrx_word' id='word_1_304' title='bbox 834 3890 943 3944; x_wconf 85' lang='grc' dir='ltr'><strong>τῶν</strong></span> <span class='ocrx_word' id='word_1_305' title='bbox 976 3891 1246 3961; x_wconf 89' lang='grc' dir='ltr'>σωμάτων</span> <span class='ocrx_word' id='word_1_306' title='bbox 1277 3887 1580 3957; x_wconf 84' lang='grc' dir='ltr'>φλεγμονὴ,</span> <span class='ocrx_word' id='word_1_307' title='bbox 1643 3884 1790 3938; x_wconf 82' lang='grc' dir='ltr'>οὕτω</span> <span class='ocrx_word' id='word_1_308' title='bbox 1834 3884 1931 3937; x_wconf 58' lang='grc' dir='ltr'><strong>καὶ⁹</strong></span> 
     </span>
    </p>
   </div>
   <div class='ocr_carea' id='block_1_56' title="bbox 333 3972 1931 4055">
    <p class='ocr_par' dir='ltr' id='par_1_56' title="bbox 333 3972 1931 4055">
     <span class='ocr_line' id='line_1_56' title="bbox 333 3972 1931 4055; baseline -0.007 -17"><span class='ocrx_word' id='word_1_309' title='bbox 333 3985 435 4039; x_wconf 76' lang='grc' dir='ltr'>ἐπὶ</span> <span class='ocrx_word' id='word_1_310' title='bbox 474 3985 575 4055; x_wconf 85' lang='grc' dir='ltr'>τῆς</span> <span class='ocrx_word' id='word_1_311' title='bbox 620 3982 802 4055; x_wconf 81' lang='grc' dir='ltr'>ψυχῆς</span> <span class='ocrx_word' id='word_1_312' title='bbox 842 3983 1070 4037; x_wconf 89' lang='grc' dir='ltr'>ἀπόνοια</span> <span class='ocrx_word' id='word_1_313' title='bbox 1096 3972 1196 4052; x_wconf 59' lang='grc' dir='ltr'>’(Ῑ).</span> <span class='ocrx_word' id='word_1_314' title='bbox 1251 3972 1476 4045; x_wconf 76' lang='grc' dir='ltr'><strong>Εῐταὲξ</strong></span> <span class='ocrx_word' id='word_1_315' title='bbox 1514 3976 1772 4037; x_wconf 83' lang='grc' dir='ltr'>ἀπονοίας</span> <span class='ocrx_word' id='word_1_316' title='bbox 1813 3977 1931 4029; x_wconf 80' lang='grc' dir='ltr'>ἐπι-</span> 
     </span>
    </p>
   </div>
   <div class='ocr_carea' id='block_1_57' title="bbox 333 4069 1788 4147">
    <p class='ocr_par' dir='ltr' id='par_1_57' title="bbox 333 4069 1788 4147">
     <span class='ocr_line' id='line_1_57' title="bbox 333 4069 1788 4147; baseline -0.005 -17"><span class='ocrx_word' id='word_1_317' title='bbox 333 4075 511 4147; x_wconf 86' lang='grc' dir='ltr'>θυμία</span> <span class='ocrx_word' id='word_1_318' title='bbox 527 4075 635 4129; x_wconf 85' lang='grc' dir='ltr'>τῶν</span> <span class='ocrx_word' id='word_1_319' title='bbox 650 4076 714 4130; x_wconf 89' lang='grc' dir='ltr'><strong>ού</strong></span> <span class='ocrx_word' id='word_1_320' title='bbox 747 4075 1139 4147; x_wconf 86' lang='grc' dir='ltr'>προσηκόντων</span> <span class='ocrx_word' id='word_1_321' title='bbox 1162 4070 1549 4127; x_wconf 74' lang='grc' dir='ltr'>ἐπακολουθεῖν</span> <span class='ocrx_word' id='word_1_322' title='bbox 1574 4069 1788 4124; x_wconf 74' lang='grc' dir='ltr'>εἴωθεν.</span> 
     </span>
    </p>
   </div>
   <div class='ocr_carea' id='block_1_58' title="bbox 410 4248 1932 4323">
    <p class='ocr_par' dir='ltr' id='par_1_58' title="bbox 410 4248 1932 4323">
     <span class='ocr_line' id='line_1_58' title="bbox 410 4248 1932 4323; baseline -0.003 -15"><span class='ocrx_word' id='word_1_323' title='bbox 410 4257 598 4323; x_wconf 81' lang='grc' dir='ltr'>Γρηγ.</span> <span class='ocrx_word' id='word_1_324' title='bbox 625 4254 901 4321; x_wconf 85' lang='grc' dir='ltr'>Νύσσης.</span> <span class='ocrx_word' id='word_1_325' title='bbox 946 4283 1020 4294; x_wconf 95' lang='lat'>—</span> <span class='ocrx_word' id='word_1_326' title='bbox 1063 4252 1139 4306; x_wconf 84' lang='grc' dir='ltr'><strong>Τὸ</strong></span> <span class='ocrx_word' id='word_1_327' title='bbox 1180 4249 1367 4314; x_wconf 83' lang='grc' dir='ltr'>καλῶς</span> <span class='ocrx_word' id='word_1_328' title='bbox 1403 4248 1550 4321; x_wconf 71' lang='grc' dir='ltr'>ἔχειν</span> <span class='ocrx_word' id='word_1_329' title='bbox 1596 4249 1755 4318; x_wconf 81' lang='grc' dir='ltr'>ὀλίγα</span> <span class='ocrx_word' id='word_1_330' title='bbox 1796 4249 1932 4304; x_wconf 85' lang='grc' dir='ltr'>πολὺ</span> 
     </span>
    </p>
   </div>
   <div class='ocr_carea' id='block_1_59' title="bbox 335 4340 1422 4417">
    <p class='ocr_par' dir='ltr' id='par_1_59' title="bbox 335 4340 1422 4417">
     <span class='ocr_line' id='line_1_59' title="bbox 335 4340 1422 4417; baseline -0.004 -16"><span class='ocrx_word' id='word_1_331' title='bbox 335 4344 688 4417; x_wconf 84' lang='grc' dir='ltr'>τιμιώτερον,</span> <span class='ocrx_word' id='word_1_332' title='bbox 711 4344 804 4399; x_wconf 81' lang='grc' dir='ltr'><strong>τοῦ</strong></span> <span class='ocrx_word' id='word_1_333' title='bbox 844 4343 1032 4407; x_wconf 84' lang='grc' dir='ltr'>κακῶς</span> <span class='ocrx_word' id='word_1_334' title='bbox 1061 4343 1209 4414; x_wconf 72' lang='grc' dir='ltr'>ἔχειν</span> <span class='ocrx_word' id='word_1_335' title='bbox 1230 4340 1422 4397; x_wconf 90' lang='grc' dir='ltr'>πολλά.</span> 
     </span>
    </p>
   </div>
   <div class='ocr_carea' id='block_1_60' title="bbox 2007 1858 3557 1944">
    <p class='ocr_par' dir='ltr' id='par_1_60' title="bbox 2007 1858 3557 1944">
     <span class='ocr_line' id='line_1_60' title="bbox 2007 1858 3557 1944; baseline -0.003 -27"><span class='ocrx_word' id='word_1_336' title='bbox 2007 1868 2120 1917; x_wconf 88' lang='lat' dir='ltr'><strong>tate</strong></span> <span class='ocrx_word' id='word_1_337' title='bbox 2145 1860 2467 1944; x_wconf 78' lang='lat' dir='ltr'><strong>pretiosior,</strong></span> <span class='ocrx_word' id='word_1_338' title='bbox 2490 1859 2602 1924; x_wconf 90' lang='lat' dir='ltr'><strong>his,</strong></span> <span class='ocrx_word' id='word_1_339' title='bbox 2636 1858 2732 1928; x_wconf 90' lang='lat' dir='ltr'><strong>qui</strong></span> <span class='ocrx_word' id='word_1_340' title='bbox 2767 1874 2904 1915; x_wconf 90' lang='lat' dir='ltr'><strong>sano</strong></span> <span class='ocrx_word' id='word_1_341' title='bbox 2930 1860 3116 1914; x_wconf 88' lang='lat' dir='ltr'><strong>animo</strong></span> <span class='ocrx_word' id='word_1_342' title='bbox 3142 1860 3276 1914; x_wconf 88' lang='lat' dir='ltr'><strong>sint.</strong></span> <span class='ocrx_word' id='word_1_343' title='bbox 3550 1916 3557 1919; x_wconf 73' lang='grc'><strong>,</strong></span> 
     </span>
    </p>
   </div>
   <div class='ocr_carea' id='block_1_61' title="bbox 2076 1945 3597 2021">
    <p class='ocr_par' dir='ltr' id='par_1_61' title="bbox 2076 1945 3597 2021">
     <span class='ocr_line' id='line_1_61' title="bbox 2076 1945 3597 2021; baseline -0.005 -14"><span class='ocrx_word' id='word_1_344' title='bbox 2076 1952 2197 2007; x_wconf 88' lang='lat' dir='ltr'><strong>Non</strong></span> <span class='ocrx_word' id='word_1_345' title='bbox 2225 1951 2377 2021; x_wconf 91' lang='lat' dir='ltr'><strong>quod</strong></span> <span class='ocrx_word' id='word_1_346' title='bbox 2432 1967 2644 2021; x_wconf 81' lang='lat' dir='ltr'><strong>pauper</strong></span> <span class='ocrx_word' id='word_1_347' title='bbox 2690 1951 2768 2006; x_wconf 87' lang='lat' dir='ltr'><strong>sis</strong></span> <span class='ocrx_word' id='word_1_348' title='bbox 2802 1950 3068 2021; x_wconf 78' lang='lat' dir='ltr'><strong>probrum</strong></span> <span class='ocrx_word' id='word_1_349' title='bbox 3125 1958 3233 2014; x_wconf 85' lang='lat' dir='ltr'><strong>est,</strong></span> <span class='ocrx_word' id='word_1_350' title='bbox 3287 1949 3387 2004; x_wconf 89' lang='lat' dir='ltr'><strong>sed</strong></span> <span class='ocrx_word' id='word_1_351' title='bbox 3445 1945 3597 2017; x_wconf 91' lang='lat' dir='ltr'><strong>quod</strong></span> 
     </span>
    </p>
   </div>
   <div class='ocr_carea' id='block_1_62' title="bbox 2010 2040 3597 2113">
    <p class='ocr_par' dir='ltr' id='par_1_62' title="bbox 2010 2040 3597 2113">
     <span class='ocr_line' id='line_1_62' title="bbox 2010 2040 3597 2113; baseline -0.004 -16"><span class='ocrx_word' id='word_1_352' title='bbox 2010 2050 2400 2113; x_wconf 84' lang='lat' dir='ltr'><strong>paupertatem</strong></span> <span class='ocrx_word' id='word_1_353' title='bbox 2448 2051 2608 2113; x_wconf 76' lang='lat' dir='ltr'><strong>grato</strong></span> <span class='ocrx_word' id='word_1_354' title='bbox 2648 2042 2844 2097; x_wconf 88' lang='lat' dir='ltr'><strong>animo</strong></span> <span class='ocrx_word' id='word_1_355' title='bbox 2881 2056 2946 2096; x_wconf 88' lang='lat' dir='ltr'><strong>ac</strong></span> <span class='ocrx_word' id='word_1_356' title='bbox 3000 2041 3252 2097; x_wconf 86' lang='lat' dir='ltr'><strong>modeste</strong></span> <span class='ocrx_word' id='word_1_357' title='bbox 3290 2040 3439 2094; x_wconf 78' lang='lat' dir='ltr'><strong>ferre</strong></span> <span class='ocrx_word' id='word_1_358' title='bbox 3483 2052 3597 2091; x_wconf 91' lang='lat' dir='ltr'><strong>non</strong></span> 
     </span>
    </p>
   </div>
   <div class='ocr_carea' id='block_1_63' title="bbox 2008 2133 2208 2204">
    <p class='ocr_par' dir='ltr' id='par_1_63' title="bbox 2008 2133 2208 2204">
     <span class='ocr_line' id='line_1_63' title="bbox 2008 2133 2208 2204; baseline -0.015 -14"><span class='ocrx_word' id='word_1_359' title='bbox 2008 2133 2208 2204; x_wconf 90' lang='lat' dir='ltr'><strong>possis.</strong></span> 
     </span>
    </p>
   </div>
   <div class='ocr_carea' id='block_1_64' title="bbox 2086 2223 3602 2295">
    <p class='ocr_par' dir='ltr' id='par_1_64' title="bbox 2086 2223 3602 2295">
     <span class='ocr_line' id='line_1_64' title="bbox 2086 2223 3602 2295; baseline -0.003 -16"><span class='ocrx_word' id='word_1_360' title='bbox 2086 2224 2249 2279; x_wconf 81' lang='lat' dir='ltr'><strong>Ratio</strong></span> <span class='ocrx_word' id='word_1_361' title='bbox 2270 2223 2419 2279; x_wconf 91' lang='lat' dir='ltr'><strong>enim</strong></span> <span class='ocrx_word' id='word_1_362' title='bbox 2450 2233 2761 2295; x_wconf 81' lang='lat' dir='ltr'><strong>occupante</strong></span> <span class='ocrx_word' id='word_1_363' title='bbox 2787 2224 3042 2290; x_wconf 88' lang='lat' dir='ltr'><strong>avaritia,</strong></span> <span class='ocrx_word' id='word_1_364' title='bbox 3086 2224 3298 2281; x_wconf 90' lang='lat' dir='ltr'><strong>trutina</strong></span> <span class='ocrx_word' id='word_1_365' title='bbox 3341 2229 3449 2290; x_wconf 88' lang='lat' dir='ltr'><strong>est,</strong></span> <span class='ocrx_word' id='word_1_366' title='bbox 3477 2235 3602 2292; x_wconf 68' lang='lat' dir='ltr'><strong>qua:</strong></span> 
     </span>
    </p>
   </div>
   <div class='ocr_carea' id='block_1_65' title="bbox 2012 2318 3209 2390">
    <p class='ocr_par' dir='ltr' id='par_1_65' title="bbox 2012 2318 3209 2390">
     <span class='ocr_line' id='line_1_65' title="bbox 2012 2318 3209 2390; baseline 0 -18"><span class='ocrx_word' id='word_1_367' title='bbox 2012 2318 2222 2390; x_wconf 70' lang='lat' dir='ltr'><strong>regulae</strong></span> <span class='ocrx_word' id='word_1_368' title='bbox 2244 2326 2588 2375; x_wconf 90' lang='lat' dir='ltr'><strong>momentum</strong></span> <span class='ocrx_word' id='word_1_369' title='bbox 2619 2319 2679 2373; x_wconf 90' lang='lat' dir='ltr'><strong>in</strong></span> <span class='ocrx_word' id='word_1_370' title='bbox 2708 2334 2875 2389; x_wconf 76' lang='lat' dir='ltr'><strong>grave</strong></span> <span class='ocrx_word' id='word_1_371' title='bbox 2906 2318 3209 2390; x_wconf 90' lang='lat' dir='ltr'><strong>deprimat.</strong></span> 
     </span>
    </p>
   </div>
   <div class='ocr_carea' id='block_1_66' title="bbox 2675 2488 2921 2559">
    <p class='ocr_par' dir='ltr' id='par_1_66' title="bbox 2675 2488 2921 2559">
     <span class='ocr_line' id='line_1_66' title="bbox 2675 2488 2921 2559; baseline -0.008 -14"><span class='ocrx_word' id='word_1_372' title='bbox 2675 2488 2921 2559; x_wconf 82' lang='lat' dir='ltr'><strong>Theologi</strong></span> 
     </span>
    </p>
   </div>
   <div class='ocr_carea' id='block_1_67' title="bbox 2088 2578 2968 2653">
    <p class='ocr_par' dir='ltr' id='par_1_67' title="bbox 2088 2578 2968 2653">
     <span class='ocr_line' id='line_1_67' title="bbox 2088 2578 2968 2653; baseline -0.003 -17"><span class='ocrx_word' id='word_1_373' title='bbox 2088 2584 2211 2638; x_wconf 84' lang='lat' dir='ltr'><strong>Viro</strong></span> <span class='ocrx_word' id='word_1_374' title='bbox 2238 2596 2470 2653; x_wconf 73' lang='lat' dir='ltr'><strong>paupere</strong></span> <span class='ocrx_word' id='word_1_375' title='bbox 2506 2578 2649 2653; x_wconf 67' lang='lat' dir='ltr'><strong>nihil</strong></span> <span class='ocrx_word' id='word_1_376' title='bbox 2683 2582 2919 2653; x_wconf 64' lang='lat' dir='ltr'><strong>securius</strong></span> <span class='ocrx_word' id='word_1_377' title='bbox 2949 2594 2968 2633; x_wconf 90' lang='lat'><strong><em>:</em></strong></span> 
     </span>
    </p>
   </div>
   <div class='ocr_carea' id='block_1_68' title="bbox 2088 2648 3208 2715">
    <p class='ocr_par' dir='ltr' id='par_1_68' title="bbox 2088 2648 3208 2715">
     <span class='ocr_line' id='line_1_68' title="bbox 2088 2648 3208 2715; baseline -0.006 -7"><span class='ocrx_word' id='word_1_378' title='bbox 2088 2655 2154 2708; x_wconf 80' lang='lat' dir='ltr'><strong>In</strong></span> <span class='ocrx_word' id='word_1_379' title='bbox 2188 2648 2358 2706; x_wconf 74' lang='lat' dir='ltr'><strong>Deum</strong></span> <span class='ocrx_word' id='word_1_380' title='bbox 2391 2649 2580 2715; x_wconf 87' lang='lat' dir='ltr'><strong>tendit,</strong></span> <span class='ocrx_word' id='word_1_381' title='bbox 2612 2658 2660 2702; x_wconf 88' lang='lat' dir='ltr'><strong>et</strong></span> <span class='ocrx_word' id='word_1_382' title='bbox 2690 2648 2864 2703; x_wconf 83' lang='lat' dir='ltr'><strong>solum</strong></span> <span class='ocrx_word' id='word_1_383' title='bbox 2892 2665 3014 2703; x_wconf 88' lang='lat' dir='ltr'><strong>eum</strong></span> <span class='ocrx_word' id='word_1_384' title='bbox 3048 2648 3208 2702; x_wconf 81' lang='lat' dir='ltr'><strong>videt.</strong></span> 
     </span>
    </p>
   </div>
   <div class='ocr_carea' id='block_1_69' title="bbox 2089 2718 3407 2793">
    <p class='ocr_par' dir='ltr' id='par_1_69' title="bbox 2089 2718 3407 2793">
     <span class='ocr_line' id='line_1_69' title="bbox 2089 2718 3407 2793; baseline -0.005 -17"><span class='ocrx_word' id='word_1_385' title='bbox 2089 2723 2256 2793; x_wconf 75' lang='lat'><strong>568</strong></span> <span class='ocrx_word' id='word_1_386' title='bbox 2289 2722 2523 2775; x_wconf 81' lang='lat' dir='ltr'><strong>Pereunt</strong></span> <span class='ocrx_word' id='word_1_387' title='bbox 2555 2735 2710 2793; x_wconf 69' lang='lat' dir='ltr'><strong>opes,</strong></span> <span class='ocrx_word' id='word_1_388' title='bbox 2731 2719 2836 2793; x_wconf 73' lang='lat' dir='ltr'><strong>nisi</strong></span> <span class='ocrx_word' id='word_1_389' title='bbox 2865 2719 3042 2789; x_wconf 80' lang='lat' dir='ltr'><strong>egenis</strong></span> <span class='ocrx_word' id='word_1_390' title='bbox 3072 2718 3407 2793; x_wconf 67' lang='lat' dir='ltr'><strong>subveniunt.</strong></span> 
     </span>
    </p>
   </div>
   <div class='ocr_carea' id='block_1_70' title="bbox 2010 2786 3602 2861">
    <p class='ocr_par' dir='ltr' id='par_1_70' title="bbox 2010 2786 3602 2861">
     <span class='ocr_line' id='line_1_70' title="bbox 2010 2786 3602 2861; baseline -0.006 -12"><span class='ocrx_word' id='word_1_391' title='bbox 2010 2816 2011 2819; x_wconf 44' lang='grc' dir='ltr'><strong>η</strong></span> <span class='ocrx_word' id='word_1_392' title='bbox 2089 2786 2326 2849; x_wconf 51' lang='lat' dir='ltr'><strong>praestat</strong></span> <span class='ocrx_word' id='word_1_393' title='bbox 2356 2786 2646 2861; x_wconf 79' lang='lat' dir='ltr'><strong>paupertas</strong></span> <span class='ocrx_word' id='word_1_394' title='bbox 2691 2786 2912 2861; x_wconf 54' lang='lat' dir='ltr'><strong>injuste&#39;</strong></span> <span class='ocrx_word' id='word_1_395' title='bbox 2946 2788 3116 2861; x_wconf 78' lang='lat' dir='ltr'><strong>partis</strong></span> <span class='ocrx_word' id='word_1_396' title='bbox 3157 2786 3602 2861; x_wconf 66' lang='lat' dir='ltr'><strong>possessionibus:</strong></span> 
     </span>
    </p>
   </div>
   <div class='ocr_carea' id='block_1_71' title="bbox 2088 2857 3415 2929">
    <p class='ocr_par' dir='ltr' id='par_1_71' title="bbox 2088 2857 3415 2929">
     <span class='ocr_line' id='line_1_71' title="bbox 2088 2857 3415 2929; baseline -0.007 -10"><span class='ocrx_word' id='word_1_397' title='bbox 2088 2864 2228 2919; x_wconf 89' lang='lat' dir='ltr'><strong>Nam</strong></span> <span class='ocrx_word' id='word_1_398' title='bbox 2257 2868 2305 2915; x_wconf 85' lang='lat' dir='ltr'><strong>et</strong></span> <span class='ocrx_word' id='word_1_399' title='bbox 2333 2857 2566 2926; x_wconf 72' lang='lat' dir='ltr'><strong>morbus,</strong></span> <span class='ocrx_word' id='word_1_400' title='bbox 2588 2857 2996 2929; x_wconf 29' lang='lat' dir='ltr'><strong>mala’corporis</strong></span> <span class='ocrx_word' id='word_1_401' title='bbox 3028 2858 3415 2929; x_wconf 77' lang='lat' dir='ltr'><strong>pinguitudine.</strong></span> 
     </span>
    </p>
   </div>
   <div class='ocr_carea' id='block_1_72' title="bbox 2091 2968 3606 3046">
    <p class='ocr_par' dir='ltr' id='par_1_72' title="bbox 2091 2968 3606 3046">
     <span class='ocr_line' id='line_1_72' title="bbox 2091 2968 3606 3046; baseline -0.007 -14"><span class='ocrx_word' id='word_1_402' title='bbox 2091 2977 2270 3034; x_wconf 88' lang='lat' dir='ltr'><strong>Grave</strong></span> <span class='ocrx_word' id='word_1_403' title='bbox 2303 2984 2603 3046; x_wconf 84' lang='lat' dir='ltr'><strong>pauperem</strong></span> <span class='ocrx_word' id='word_1_404' title='bbox 2637 2986 2800 3034; x_wconf 83' lang='lat' dir='ltr'><strong>esse;</strong></span> <span class='ocrx_word' id='word_1_405' title='bbox 2848 2971 3008 3042; x_wconf 85' lang='lat' dir='ltr'><strong>pejus</strong></span> <span class='ocrx_word' id='word_1_406' title='bbox 3039 2985 3176 3025; x_wconf 86' lang='lat' dir='ltr'><strong>vero</strong></span> <span class='ocrx_word' id='word_1_407' title='bbox 3206 2969 3348 3023; x_wconf 90' lang='lat' dir='ltr'><strong>male</strong></span> <span class='ocrx_word' id='word_1_408' title='bbox 3377 2968 3606 3024; x_wconf 89' lang='lat' dir='ltr'><strong>divitem</strong></span> 
     </span>
    </p>
   </div>
   <div class='ocr_carea' id='block_1_73' title="bbox 1947 3084 2169 3171">
    <p class='ocr_par' dir='ltr' id='par_1_73' title="bbox 1947 3084 2169 3171">
     <span class='ocr_line' id='line_1_73' title="bbox 1947 3084 2169 3171; baseline -0.009 -45"><span class='ocrx_word' id='word_1_409' title='bbox 1947 3111 1995 3171; x_wconf 65' lang='grc' dir='ltr'>α</span> <span class='ocrx_word' id='word_1_410' title='bbox 2023 3084 2169 3171; x_wconf 61' lang='lat' dir='ltr'><strong>esse.</strong></span> 
     </span>
    </p>
   </div>
   <div class='ocr_carea' id='block_1_74' title="bbox 2097 3150 3607 3231">
    <p class='ocr_par' dir='ltr' id='par_1_74' title="bbox 2097 3150 3607 3231">
     <span class='ocr_line' id='line_1_74' title="bbox 2097 3150 3607 3231; baseline -0.008 -15"><span class='ocrx_word' id='word_1_411' title='bbox 2097 3159 2365 3231; x_wconf 75' lang='lat' dir='ltr'><strong>Chrysost.</strong></span> <span class='ocrx_word' id='word_1_412' title='bbox 2406 3187 2481 3198; x_wconf 88' lang='lat'>—</span> <span class='ocrx_word' id='word_1_413' title='bbox 2532 3156 2810 3227; x_wconf 88' lang='lat' dir='ltr'><strong>ananta</strong></span> <span class='ocrx_word' id='word_1_414' title='bbox 2866 3154 3211 3226; x_wconf 88' lang='lat' dir='ltr'><strong>paupertatis</strong></span> <span class='ocrx_word' id='word_1_415' title='bbox 3256 3150 3607 3223; x_wconf 69' lang='lat' dir='ltr'><strong>praestantia!</strong></span> 
     </span>
    </p>
   </div>
   <div class='ocr_carea' id='block_1_75' title="bbox 2023 3244 3610 3322">
    <p class='ocr_par' dir='ltr' id='par_1_75' title="bbox 2023 3244 3610 3322">
     <span class='ocr_line' id='line_1_75' title="bbox 2023 3244 3610 3322; baseline -0.008 -14"><span class='ocrx_word' id='word_1_416' title='bbox 2023 3252 2122 3308; x_wconf 85' lang='lat' dir='ltr'><strong>Dei</strong></span> <span class='ocrx_word' id='word_1_417' title='bbox 2151 3266 2444 3322; x_wconf 90' lang='lat' dir='ltr'><strong>personam</strong></span> <span class='ocrx_word' id='word_1_418' title='bbox 2477 3249 2641 3321; x_wconf 81' lang='lat' dir='ltr'><strong>gerit.</strong></span> <span class='ocrx_word' id='word_1_419' title='bbox 2669 3248 2997 3304; x_wconf 87' lang='lat' dir='ltr'><strong>Occultatur</strong></span> <span class='ocrx_word' id='word_1_420' title='bbox 3016 3248 3071 3302; x_wconf 91' lang='lat' dir='ltr'><strong>in</strong></span> <span class='ocrx_word' id='word_1_421' title='bbox 3093 3252 3420 3317; x_wconf 87' lang='lat' dir='ltr'><strong>paupertate</strong></span> <span class='ocrx_word' id='word_1_422' title='bbox 3442 3244 3610 3298; x_wconf 87' lang='lat' dir='ltr'><strong>Deus:</strong></span> 
     </span>
    </p>
   </div>
   <div class='ocr_carea' id='block_1_76' title="bbox 2025 3329 3615 3413">
    <p class='ocr_par' dir='ltr' id='par_1_76' title="bbox 2025 3329 3615 3413">
     <span class='ocr_line' id='line_1_76' title="bbox 2025 3329 3615 3413; baseline -0.008 -14"><span class='ocrx_word' id='word_1_423' title='bbox 2025 3358 2090 3399; x_wconf 87' lang='lat' dir='ltr'><strong>ac</strong></span> <span class='ocrx_word' id='word_1_424' title='bbox 2113 3340 2340 3413; x_wconf 90' lang='lat' dir='ltr'><strong>quidem</strong></span> <span class='ocrx_word' id='word_1_425' title='bbox 2368 3329 2597 3411; x_wconf 45' lang='lat' dir='ltr'><strong>pauper’</strong></span> <span class='ocrx_word' id='word_1_426' title='bbox 2617 3348 2703 3396; x_wconf 92' lang='lat' dir='ltr'><strong>est</strong></span> <span class='ocrx_word' id='word_1_427' title='bbox 2733 3338 2835 3410; x_wconf 89' lang='lat' dir='ltr'><strong>qui</strong></span> <span class='ocrx_word' id='word_1_428' title='bbox 2880 3354 3107 3394; x_wconf 89' lang='lat' dir='ltr'><strong>manum</strong></span> <span class='ocrx_word' id='word_1_429' title='bbox 3159 3335 3437 3407; x_wconf 83' lang='lat' dir='ltr'><strong>porrigit;</strong></span> <span class='ocrx_word' id='word_1_430' title='bbox 3466 3334 3615 3389; x_wconf 91' lang='lat' dir='ltr'><strong>Deus</strong></span> 
     </span>
    </p>
   </div>
   <div class='ocr_carea' id='block_1_77' title="bbox 2026 3432 2618 3503">
    <p class='ocr_par' dir='ltr' id='par_1_77' title="bbox 2026 3432 2618 3503">
     <span class='ocr_line' id='line_1_77' title="bbox 2026 3432 2618 3503; baseline -0.008 -13"><span class='ocrx_word' id='word_1_431' title='bbox 2026 3443 2235 3500; x_wconf 90' lang='lat' dir='ltr'><strong>autem,</strong></span> <span class='ocrx_word' id='word_1_432' title='bbox 2267 3432 2362 3503; x_wconf 90' lang='lat' dir='ltr'><strong>qui</strong></span> <span class='ocrx_word' id='word_1_433' title='bbox 2392 3432 2618 3502; x_wconf 89' lang='lat' dir='ltr'><strong>accipit.</strong></span> 
     </span>
    </p>
   </div>
   <div class='ocr_carea' id='block_1_78' title="bbox 2099 3518 3615 3589">
    <p class='ocr_par' dir='ltr' id='par_1_78' title="bbox 2099 3518 3615 3589">
     <span class='ocr_line' id='line_1_78' title="bbox 2099 3518 3615 3589; baseline -0.007 -8"><span class='ocrx_word' id='word_1_434' title='bbox 2099 3524 2173 3581; x_wconf 94' lang='lat' dir='ltr'><strong>Ut</strong></span> <span class='ocrx_word' id='word_1_435' title='bbox 2200 3540 2268 3580; x_wconf 84' lang='lat' dir='ltr'><strong>ex</strong></span> <span class='ocrx_word' id='word_1_436' title='bbox 2290 3523 2563 3579; x_wconf 89' lang='lat' dir='ltr'><strong>edacitate</strong></span> <span class='ocrx_word' id='word_1_437' title='bbox 2610 3523 2861 3578; x_wconf 89' lang='lat' dir='ltr'><strong>nascitur</strong></span> <span class='ocrx_word' id='word_1_438' title='bbox 2903 3520 3287 3585; x_wconf 79' lang='lat' dir='ltr'><strong>inﬂammatio,</strong></span> <span class='ocrx_word' id='word_1_439' title='bbox 3320 3534 3499 3589; x_wconf 78' lang='lat' dir='ltr'><strong>exque</strong></span> <span class='ocrx_word' id='word_1_440' title='bbox 3530 3518 3615 3571; x_wconf 89' lang='lat' dir='ltr'><strong>iu-</strong></span> 
     </span>
    </p>
   </div>
   <div class='ocr_carea' id='block_1_79' title="bbox 2027 3615 3610 3679">
    <p class='ocr_par' dir='ltr' id='par_1_79' title="bbox 2027 3615 3610 3679">
     <span class='ocr_line' id='line_1_79' title="bbox 2027 3615 3610 3679; baseline -0.007 -6"><span class='ocrx_word' id='word_1_441' title='bbox 2027 3616 2404 3674; x_wconf 85' lang='lat' dir='ltr'><strong>ﬂammatione</strong></span> <span class='ocrx_word' id='word_1_442' title='bbox 2428 3615 2625 3679; x_wconf 80' lang='lat' dir='ltr'><strong>febris,</strong></span> <span class='ocrx_word' id='word_1_443' title='bbox 2654 3615 2747 3671; x_wconf 89' lang='lat' dir='ltr'><strong>cui</strong></span> <span class='ocrx_word' id='word_1_444' title='bbox 2789 3630 2901 3670; x_wconf 90' lang='lat' dir='ltr'><strong>non</strong></span> <span class='ocrx_word' id='word_1_445' title='bbox 2935 3628 3060 3668; x_wconf 86' lang='lat' dir='ltr'><strong>raro</strong></span> <span class='ocrx_word' id='word_1_446' title='bbox 3100 3628 3251 3667; x_wconf 91' lang='lat' dir='ltr'><strong>mors</strong></span> <span class='ocrx_word' id='word_1_447' title='bbox 3276 3627 3464 3667; x_wconf 90' lang='lat' dir='ltr'><strong>comes</strong></span> <span class='ocrx_word' id='word_1_448' title='bbox 3489 3619 3610 3665; x_wconf 86' lang='lat' dir='ltr'><strong>est:</strong></span> 
     </span>
    </p>
   </div>
   <div class='ocr_carea' id='block_1_80' title="bbox 2029 3705 3612 3776">
    <p class='ocr_par' dir='ltr' id='par_1_80' title="bbox 2029 3705 3612 3776">
     <span class='ocr_line' id='line_1_80' title="bbox 2029 3705 3612 3776; baseline -0.005 -12"><span class='ocrx_word' id='word_1_449' title='bbox 2029 3709 2113 3765; x_wconf 88' lang='lat' dir='ltr'><strong>sic</strong></span> <span class='ocrx_word' id='word_1_450' title='bbox 2135 3717 2190 3763; x_wconf 90' lang='lat' dir='ltr'><strong>et</strong></span> <span class='ocrx_word' id='word_1_451' title='bbox 2208 3724 2239 3763; x_wconf 89' lang='lat' dir='ltr'><strong>a</strong></span> <span class='ocrx_word' id='word_1_452' title='bbox 2263 3724 2453 3763; x_wconf 87' lang='lat' dir='ltr'><strong>rerum</strong></span> <span class='ocrx_word' id='word_1_453' title='bbox 2488 3706 2926 3776; x_wconf 86' lang='lat' dir='ltr'><strong>divitiarumque</strong></span> <span class='ocrx_word' id='word_1_454' title='bbox 2951 3705 3343 3775; x_wconf 85' lang='lat' dir='ltr'><strong>exsuperantia</strong></span> <span class='ocrx_word' id='word_1_455' title='bbox 3365 3744 3380 3766; x_wconf 90' lang='lat'><strong>,</strong></span> <span class='ocrx_word' id='word_1_456' title='bbox 3408 3717 3612 3758; x_wconf 84' lang='lat' dir='ltr'><strong>vesana</strong></span> 
     </span>
    </p>
   </div>
   <div class='ocr_carea' id='block_1_81' title="bbox 2030 3792 3613 3871">
    <p class='ocr_par' dir='ltr' id='par_1_81' title="bbox 2030 3792 3613 3871">
     <span class='ocr_line' id='line_1_81' title="bbox 2030 3792 3613 3871; baseline -0.007 -15"><span class='ocrx_word' id='word_1_457' title='bbox 2030 3800 2283 3871; x_wconf 70' lang='lat' dir='ltr'><strong>quaadam</strong></span> <span class='ocrx_word' id='word_1_458' title='bbox 2309 3798 2608 3854; x_wconf 87' lang='lat' dir='ltr'><strong>insolentia</strong></span> <span class='ocrx_word' id='word_1_459' title='bbox 2630 3798 2908 3868; x_wconf 89' lang='lat' dir='ltr'><strong>animique</strong></span> <span class='ocrx_word' id='word_1_460' title='bbox 2931 3796 3120 3852; x_wconf 88' lang='lat' dir='ltr'><strong>elatio.</strong></span> <span class='ocrx_word' id='word_1_461' title='bbox 3139 3792 3613 3861; x_wconf 84' lang='lat' dir='ltr'><strong>Quemadmodum</strong></span> 
     </span>
    </p>
   </div>
   <div class='ocr_carea' id='block_1_82' title="bbox 2031 3885 3614 3963">
    <p class='ocr_par' dir='ltr' id='par_1_82' title="bbox 2031 3885 3614 3963">
     <span class='ocr_line' id='line_1_82' title="bbox 2031 3885 3614 3963; baseline -0.008 -13"><span class='ocrx_word' id='word_1_462' title='bbox 2031 3894 2179 3951; x_wconf 90' lang='lat' dir='ltr'><strong>enim</strong></span> <span class='ocrx_word' id='word_1_463' title='bbox 2213 3892 2269 3948; x_wconf 91' lang='lat' dir='ltr'><strong>in</strong></span> <span class='ocrx_word' id='word_1_464' title='bbox 2300 3892 2637 3963; x_wconf 82' lang='lat' dir='ltr'><strong>corporibus</strong></span> <span class='ocrx_word' id='word_1_465' title='bbox 2664 3887 3046 3952; x_wconf 82' lang='lat' dir='ltr'><strong>inﬂammatio,</strong></span> <span class='ocrx_word' id='word_1_466' title='bbox 3065 3886 3147 3942; x_wconf 87' lang='lat' dir='ltr'><strong>sic</strong></span> <span class='ocrx_word' id='word_1_467' title='bbox 3162 3895 3219 3942; x_wconf 88' lang='lat' dir='ltr'><strong>et</strong></span> <span class='ocrx_word' id='word_1_468' title='bbox 3244 3886 3300 3940; x_wconf 91' lang='lat' dir='ltr'><strong>in</strong></span> <span class='ocrx_word' id='word_1_469' title='bbox 3327 3885 3614 3941; x_wconf 89' lang='lat' dir='ltr'><strong>hominum</strong></span> 
     </span>
    </p>
   </div>
   <div class='ocr_carea' id='block_1_83' title="bbox 2032 3975 3615 4047">
    <p class='ocr_par' dir='ltr' id='par_1_83' title="bbox 2032 3975 3615 4047">
     <span class='ocr_line' id='line_1_83' title="bbox 2032 3975 3615 4047; baseline -0.008 -6"><span class='ocrx_word' id='word_1_470' title='bbox 2032 3985 2238 4041; x_wconf 89' lang='lat' dir='ltr'><strong>animis</strong></span> <span class='ocrx_word' id='word_1_471' title='bbox 2256 4001 2320 4040; x_wconf 91' lang='lat' dir='ltr'><strong>ea</strong></span> <span class='ocrx_word' id='word_1_472' title='bbox 2348 3982 2642 4039; x_wconf 90' lang='lat' dir='ltr'><strong>insolentia</strong></span> <span class='ocrx_word' id='word_1_473' title='bbox 2676 3989 2762 4037; x_wconf 92' lang='lat' dir='ltr'><strong>est</strong></span> <span class='ocrx_word' id='word_1_474' title='bbox 2810 3988 2867 4036; x_wconf 89' lang='lat' dir='ltr'><strong>et</strong></span> <span class='ocrx_word' id='word_1_475' title='bbox 2887 3980 3097 4035; x_wconf 84' lang='lat' dir='ltr'><strong>elatio:</strong></span> <span class='ocrx_word' id='word_1_476' title='bbox 3151 3994 3220 4032; x_wconf 82' lang='lat' dir='ltr'><strong>ex</strong></span> <span class='ocrx_word' id='word_1_477' title='bbox 3243 3993 3352 4047; x_wconf 88' lang='lat' dir='ltr'><strong>qua</strong></span> <span class='ocrx_word' id='word_1_478' title='bbox 3391 3975 3615 4039; x_wconf 90' lang='lat' dir='ltr'><strong>deinde,</strong></span> 
     </span>
    </p>
   </div>
   <div class='ocr_carea' id='block_1_84' title="bbox 2033 4067 3618 4142">
    <p class='ocr_par' dir='ltr' id='par_1_84' title="bbox 2033 4067 3618 4142">
     <span class='ocr_line' id='line_1_84' title="bbox 2033 4067 3618 4142; baseline -0.007 -11"><span class='ocrx_word' id='word_1_479' title='bbox 2033 4090 2226 4131; x_wconf 87' lang='lat' dir='ltr'><strong>earum</strong></span> <span class='ocrx_word' id='word_1_480' title='bbox 2252 4090 2438 4130; x_wconf 88' lang='lat' dir='ltr'><strong>rerum</strong></span> <span class='ocrx_word' id='word_1_481' title='bbox 2463 4072 2904 4142; x_wconf 71' lang='lat' dir='ltr'><strong>cupiditas,quae</strong></span> <span class='ocrx_word' id='word_1_482' title='bbox 2925 4085 3028 4140; x_wconf 91' lang='lat' dir='ltr'><strong>pro</strong></span> <span class='ocrx_word' id='word_1_483' title='bbox 3059 4077 3238 4123; x_wconf 90' lang='lat' dir='ltr'><strong>status</strong></span> <span class='ocrx_word' id='word_1_484' title='bbox 3266 4067 3481 4122; x_wconf 86' lang='lat' dir='ltr'><strong>ratione</strong></span> <span class='ocrx_word' id='word_1_485' title='bbox 3505 4081 3618 4120; x_wconf 91' lang='lat' dir='ltr'><strong>non</strong></span> 
     </span>
    </p>
   </div>
   <div class='ocr_carea' id='block_1_85' title="bbox 2034 4162 3671 4235">
    <p class='ocr_par' dir='ltr' id='par_1_85' title="bbox 2034 4162 3671 4235">
     <span class='ocr_line' id='line_1_85' title="bbox 2034 4162 3671 4235; baseline -0.005 -13"><span class='ocrx_word' id='word_1_486' title='bbox 2034 4167 2401 4229; x_wconf 85' lang='lat' dir='ltr'><strong>conveniunt,</strong></span> <span class='ocrx_word' id='word_1_487' title='bbox 2430 4165 2671 4235; x_wconf 84' lang='lat' dir='ltr'><strong>proclive</strong></span> <span class='ocrx_word' id='word_1_488' title='bbox 2699 4162 3087 4232; x_wconf 89' lang='lat' dir='ltr'><strong>consequitur.</strong></span> <span class='ocrx_word' id='word_1_489' title='bbox 3668 4226 3671 4230; x_wconf 17' lang='grc' dir='ltr'><em>Α</em></span> 
     </span>
    </p>
   </div>
   <div class='ocr_carea' id='block_1_86' title="bbox 2108 4246 3622 4328">
    <p class='ocr_par' dir='ltr' id='par_1_86' title="bbox 2108 4246 3622 4328">
     <span class='ocr_line' id='line_1_86' title="bbox 2108 4246 3622 4328; baseline -0.009 -14"><span class='ocrx_word' id='word_1_490' title='bbox 2108 4258 2265 4328; x_wconf 86' lang='lat' dir='ltr'><strong>Creg.</strong></span> <span class='ocrx_word' id='word_1_491' title='bbox 2295 4255 2450 4327; x_wconf 81' lang='lat' dir='ltr'><strong>Nyss.</strong></span> <span class='ocrx_word' id='word_1_492' title='bbox 2474 4286 2564 4313; x_wconf 87' lang='lat'><strong>.—</strong></span> <span class='ocrx_word' id='word_1_493' title='bbox 2606 4256 2787 4310; x_wconf 86' lang='lat' dir='ltr'><strong>Pauca</strong></span> <span class='ocrx_word' id='word_1_494' title='bbox 2820 4254 3053 4309; x_wconf 85' lang='lat' dir='ltr'><strong>honeste</strong></span> <span class='ocrx_word' id='word_1_495' title='bbox 3094 4251 3304 4307; x_wconf 86' lang='lat' dir='ltr'><strong>habere</strong></span> <span class='ocrx_word' id='word_1_496' title='bbox 3337 4249 3515 4321; x_wconf 88' lang='lat' dir='ltr'><strong>plur-is</strong></span> <span class='ocrx_word' id='word_1_497' title='bbox 3540 4246 3622 4302; x_wconf 77' lang='lat' dir='ltr'><strong>fa-</strong></span> 
     </span>
    </p>
   </div>
   <div class='ocr_carea' id='block_1_87' title="bbox 2039 4345 3054 4417">
    <p class='ocr_par' dir='ltr' id='par_1_87' title="bbox 2039 4345 3054 4417">
     <span class='ocr_line' id='line_1_87' title="bbox 2039 4345 3054 4417; baseline -0.01 -9"><span class='ocrx_word' id='word_1_498' title='bbox 2039 4351 2324 4414; x_wconf 85' lang='lat' dir='ltr'><strong>ciendum,</strong></span> <span class='ocrx_word' id='word_1_499' title='bbox 2350 4364 2516 4417; x_wconf 89' lang='lat' dir='ltr'><strong>quam</strong></span> <span class='ocrx_word' id='word_1_500' title='bbox 2542 4347 2717 4401; x_wconf 90' lang='lat' dir='ltr'><strong>multa</strong></span> <span class='ocrx_word' id='word_1_501' title='bbox 2741 4345 3054 4400; x_wconf 84' lang='lat' dir='ltr'><strong>inhoneste.</strong></span> 
     </span>
    </p>
   </div>
   <div class='ocr_carea' id='block_1_88' title="bbox 415 4429 1927 4521">
    <p class='ocr_par' dir='ltr' id='par_1_88' title="bbox 415 4431 1927 4507">
     <span class='ocr_line' id='line_1_88' title="bbox 415 4431 1927 4507; baseline -0.003 -16"><span class='ocrx_word' id='word_1_502' title='bbox 415 4437 608 4501; x_wconf 82' lang='grc' dir='ltr'>Οὐδείς</span> <span class='ocrx_word' id='word_1_503' title='bbox 649 4453 799 4501; x_wconf 82' lang='grc' dir='ltr'>ποτε,</span> <span class='ocrx_word' id='word_1_504' title='bbox 833 4435 928 4489; x_wconf 80' lang='grc' dir='ltr'><strong>τοῦ</strong></span> <span class='ocrx_word' id='word_1_505' title='bbox 970 4434 1276 4507; x_wconf 83' lang='grc' dir='ltr'>κερδαίνειν</span> <span class='ocrx_word' id='word_1_506' title='bbox 1315 4433 1528 4502; x_wconf 84' lang='grc' dir='ltr'>γίνεται</span> <span class='ocrx_word' id='word_1_507' title='bbox 1572 4431 1763 4503; x_wconf 71' lang='grc' dir='ltr'>κόροςσ</span> <span class='ocrx_word' id='word_1_508' title='bbox 1795 4431 1927 4486; x_wconf 76' lang='grc' dir='ltr'>ἀλλὰ</span> 
     </span>
    </p>
   </div>
   <div class='ocr_carea' id='block_1_89' title="bbox 2027 4429 3618 4521">
    <p class='ocr_par' dir='ltr' id='par_1_89' title="bbox 2106 4429 3618 4521">
     <span class='ocr_line' id='line_1_89' title="bbox 2106 4429 3618 4521; baseline -0.008 -26"><span class='ocrx_word' id='word_1_509' title='bbox 2106 4440 2268 4496; x_wconf 86' lang='lat' dir='ltr'><strong>Nulla</strong></span> <span class='ocrx_word' id='word_1_510' title='bbox 2311 4447 2395 4521; x_wconf 81' lang='lat' dir='ltr'><strong>est</strong></span> <span class='ocrx_word' id='word_1_511' title='bbox 2432 4451 2677 4506; x_wconf 90' lang='lat' dir='ltr'><strong>unquam</strong></span> <span class='ocrx_word' id='word_1_512' title='bbox 2728 4433 2985 4489; x_wconf 88' lang='lat' dir='ltr'><strong>lucrandi</strong></span> <span class='ocrx_word' id='word_1_513' title='bbox 3031 4431 3291 4488; x_wconf 88' lang='lat' dir='ltr'><strong>satietas:</strong></span> <span class='ocrx_word' id='word_1_514' title='bbox 3340 4429 3437 4486; x_wconf 86' lang='lat' dir='ltr'><strong>sed</strong></span> <span class='ocrx_word' id='word_1_515' title='bbox 3470 4429 3618 4499; x_wconf 84' lang='lat' dir='ltr'><strong>quod</strong></span> 
     </span>
    </p>
   </div>
   <div class='ocr_carea' id='block_1_90' title="bbox 335 4524 1936 4599">
    <p class='ocr_par' dir='ltr' id='par_1_90' title="bbox 335 4524 1936 4599">
     <span class='ocr_line' id='line_1_90' title="bbox 335 4524 1936 4599; baseline -0.004 -15"><span class='ocrx_word' id='word_1_516' title='bbox 335 4530 406 4584; x_wconf 81' lang='grc' dir='ltr'><strong>τδ</strong></span> <span class='ocrx_word' id='word_1_517' title='bbox 449 4531 537 4584; x_wconf 75' lang='grc' dir='ltr'>ἀεὶ</span> <span class='ocrx_word' id='word_1_518' title='bbox 560 4528 991 4599; x_wconf 86' lang='grc' dir='ltr'>λαμϐανόμενον,</span> <span class='ocrx_word' id='word_1_519' title='bbox 1043 4527 1143 4599; x_wconf 77' lang='grc' dir='ltr'>ὕλη</span> <span class='ocrx_word' id='word_1_520' title='bbox 1177 4527 1274 4580; x_wconf 73' lang='grc' dir='ltr'>καὶ</span> <span class='ocrx_word' id='word_1_521' title='bbox 1306 4525 1645 4596; x_wconf 77' lang='grc' dir='ltr'>ὑπέκκαυμα</span> <span class='ocrx_word' id='word_1_522' title='bbox 1690 4525 1791 4595; x_wconf 83' lang='grc' dir='ltr'>τῆς</span> <span class='ocrx_word' id='word_1_523' title='bbox 1841 4524 1936 4579; x_wconf 84' lang='grc' dir='ltr'>τοῦ</span> 
     </span>
    </p>
   </div>
   <div class='ocr_carea' id='block_1_91' title="bbox 340 4618 1301 4693">
    <p class='ocr_par' dir='ltr' id='par_1_91' title="bbox 340 4618 1301 4693">
     <span class='ocr_line' id='line_1_91' title="bbox 340 4618 1301 4693; baseline 0 -18"><span class='ocrx_word' id='word_1_524' title='bbox 340 4622 594 4687; x_wconf 84' lang='grc' dir='ltr'>πλείονος</span> <span class='ocrx_word' id='word_1_525' title='bbox 623 4620 920 4693; x_wconf 78' lang='grc' dir='ltr'>ἐπιθυμίας</span> <span class='ocrx_word' id='word_1_526' title='bbox 952 4618 1301 4675; x_wconf 72' lang='grc' dir='ltr'>καθίσταται.</span> 
     </span>
    </p>
   </div>
   <div class='ocr_carea' id='block_1_92' title="bbox 418 4706 1936 4782">
    <p class='ocr_par' dir='ltr' id='par_1_92' title="bbox 418 4706 1936 4782">
     <span class='ocr_line' id='line_1_92' title="bbox 418 4706 1936 4782; baseline -0.003 -18"><span class='ocrx_word' id='word_1_527' title='bbox 418 4712 569 4782; x_wconf 80' lang='grc' dir='ltr'>Βαρὺ</span> <span class='ocrx_word' id='word_1_528' title='bbox 616 4710 808 4782; x_wconf 79' lang='grc' dir='ltr'>χρῆμα</span> <span class='ocrx_word' id='word_1_529' title='bbox 865 4710 927 4763; x_wconf 84' lang='grc' dir='ltr'>τὸ</span> <span class='ocrx_word' id='word_1_530' title='bbox 997 4708 1221 4781; x_wconf 90' lang='grc' dir='ltr'>χρυσίον</span> <span class='ocrx_word' id='word_1_531' title='bbox 1271 4708 1429 4762; x_wconf 84' lang='grc' dir='ltr'>ἐστί’</span> <span class='ocrx_word' id='word_1_532' title='bbox 1466 4706 1670 4778; x_wconf 78' lang='grc' dir='ltr'>κοῦφον</span> <span class='ocrx_word' id='word_1_533' title='bbox 1728 4708 1786 4762; x_wconf 77' lang='grc' dir='ltr'>δὲ</span> <span class='ocrx_word' id='word_1_534' title='bbox 1841 4709 1936 4761; x_wconf 73' lang='grc' dir='ltr'>καὶ</span> 
     </span>
    </p>
   </div>
   <div class='ocr_carea' id='block_1_93' title="bbox 343 4797 1939 4876">
    <p class='ocr_par' dir='ltr' id='par_1_93' title="bbox 343 4797 1939 4876">
     <span class='ocr_line' id='line_1_93' title="bbox 343 4797 1939 4876; baseline -0.004 -17"><span class='ocrx_word' id='word_1_535' title='bbox 343 4805 632 4876; x_wconf 82' lang='grc' dir='ltr'>ἀνωφερὲς</span> <span class='ocrx_word' id='word_1_536' title='bbox 670 4805 907 4876; x_wconf 77' lang='grc' dir='ltr'>πρᾶγμα</span> <span class='ocrx_word' id='word_1_537' title='bbox 970 4805 1005 4873; x_wconf 81' lang='grc' dir='ltr'><strong>ἡ</strong></span> <span class='ocrx_word' id='word_1_538' title='bbox 1059 4803 1254 4874; x_wconf 82' lang='grc' dir='ltr'>ἀρετή.</span> <span class='ocrx_word' id='word_1_539' title='bbox 1289 4802 1354 4854; x_wconf 81' lang='lat' dir='ltr'><strong>Ei</strong></span> <span class='ocrx_word' id='word_1_540' title='bbox 1392 4797 1485 4855; x_wconf 77' lang='grc' dir='ltr'>οὖν</span> <span class='ocrx_word' id='word_1_541' title='bbox 1524 4802 1630 4872; x_wconf 77' lang='grc' dir='ltr'>χρὴ</span> <span class='ocrx_word' id='word_1_542' title='bbox 1673 4800 1784 4854; x_wconf 87' lang='grc' dir='ltr'><strong>τῶν</strong></span> <span class='ocrx_word' id='word_1_543' title='bbox 1825 4800 1939 4855; x_wconf 79' lang='grc' dir='ltr'>ἄνω</span> 
     </span>
    </p>
   </div>
   <div class='ocr_carea' id='block_1_94' title="bbox 343 4890 1935 4967">
    <p class='ocr_par' dir='ltr' id='par_1_94' title="bbox 343 4890 1935 4967">
     <span class='ocr_line' id='line_1_94' title="bbox 343 4890 1935 4967; baseline -0.001 -20"><span class='ocrx_word' id='word_1_544' title='bbox 343 4894 723 4967; x_wconf 86' lang='grc' dir='ltr'>προσϐαίνειν,</span> <span class='ocrx_word' id='word_1_545' title='bbox 742 4894 851 4948; x_wconf 86' lang='grc' dir='ltr'><strong>τῶν</strong></span> <span class='ocrx_word' id='word_1_546' title='bbox 876 4893 1242 4948; x_wconf 79' lang='grc' dir='ltr'>κατελθόντων</span> <span class='ocrx_word' id='word_1_547' title='bbox 1290 4891 1563 4965; x_wconf 83' lang='grc' dir='ltr'>[καθελκ.]</span> <span class='ocrx_word' id='word_1_548' title='bbox 1605 4890 1935 4963; x_wconf 81' lang='grc' dir='ltr'>πτωχεύσω·</span> 
     </span>
    </p>
   </div>
   <div class='ocr_carea' id='block_1_95' title="bbox 351 4981 1532 5057">
    <p class='ocr_par' dir='ltr' id='par_1_95' title="bbox 351 4981 1532 5057">
     <span class='ocr_line' id='line_1_95' title="bbox 351 4981 1532 5057; baseline -0.003 -20"><span class='ocrx_word' id='word_1_549' title='bbox 351 5000 478 5057; x_wconf 82' lang='grc' dir='ltr'>μεν,</span> <span class='ocrx_word' id='word_1_550' title='bbox 511 4984 603 5038; x_wconf 79' lang='grc' dir='ltr'>ῑνα</span> <span class='ocrx_word' id='word_1_551' title='bbox 632 4986 693 5038; x_wconf 92' lang='grc' dir='ltr'><strong>ἐν</strong></span> <span class='ocrx_word' id='word_1_552' title='bbox 723 4984 975 5054; x_wconf 77' lang='grc' dir='ltr'>οὐρανοῖς</span> <span class='ocrx_word' id='word_1_553' title='bbox 999 4986 1111 5039; x_wconf 77' lang='grc' dir='ltr'><strong>ἀνω</strong></span> <span class='ocrx_word' id='word_1_554' title='bbox 1136 4981 1440 5054; x_wconf 86' lang='grc' dir='ltr'>γινώμεθα.</span> <span class='ocrx_word' id='word_1_555' title='bbox 1524 5015 1532 5033; x_wconf 79' lang='lat'><strong>.</strong></span> 
     </span>
    </p>
   </div>
   <div class='ocr_carea' id='block_1_96' title="bbox 424 5073 1935 5145">
    <p class='ocr_par' dir='ltr' id='par_1_96' title="bbox 424 5073 1935 5145">
     <span class='ocr_line' id='line_1_96' title="bbox 424 5073 1935 5145; baseline 0 -17"><span class='ocrx_word' id='word_1_556' title='bbox 424 5073 664 5130; x_wconf 88' lang='grc' dir='ltr'>Πλούτου</span> <span class='ocrx_word' id='word_1_557' title='bbox 699 5075 894 5139; x_wconf 87' lang='grc' dir='ltr'>κάλλος</span> <span class='ocrx_word' id='word_1_558' title='bbox 911 5075 1013 5130; x_wconf 83' lang='grc' dir='ltr'>οὐκ</span> <span class='ocrx_word' id='word_1_559' title='bbox 1056 5078 1116 5130; x_wconf 85' lang='grc' dir='ltr'><strong>ἐν</strong></span> <span class='ocrx_word' id='word_1_560' title='bbox 1141 5074 1468 5143; x_wconf 87' lang='grc' dir='ltr'>βαλαντίοις,</span> <span class='ocrx_word' id='word_1_561' title='bbox 1504 5073 1622 5127; x_wconf 76' lang='grc' dir='ltr'>ἀλλ’</span> <span class='ocrx_word' id='word_1_562' title='bbox 1649 5074 1707 5126; x_wconf 88' lang='grc' dir='ltr'><strong>ἐν</strong></span> <span class='ocrx_word' id='word_1_563' title='bbox 1729 5076 1797 5145; x_wconf 77' lang='grc' dir='ltr'><strong>τῇ</strong></span> <span class='ocrx_word' id='word_1_564' title='bbox 1825 5073 1935 5128; x_wconf 85' lang='grc' dir='ltr'><strong>τῶν</strong></span> 
     </span>
    </p>
   </div>
   <div class='ocr_carea' id='block_1_97' title="bbox 294 5165 999 5241">
    <p class='ocr_par' dir='ltr' id='par_1_97' title="bbox 294 5165 999 5241">
     <span class='ocr_line' id='line_1_97' title="bbox 294 5165 999 5241; baseline -0.013 -11"><span class='ocrx_word' id='word_1_565' title='bbox 294 5165 298 5168; x_wconf 55' lang='grc'><strong>’</strong></span> <span class='ocrx_word' id='word_1_566' title='bbox 351 5167 669 5241; x_wconf 81' lang='grc' dir='ltr'>χρῃζόντων</span> <span class='ocrx_word' id='word_1_567' title='bbox 689 5169 999 5241; x_wconf 82' lang='grc' dir='ltr'>ἐπικουρίᾳ.</span> 
     </span>
    </p>
   </div>
   <div class='ocr_carea' id='block_1_98' title="bbox 432 5371 1931 5444">
    <p class='ocr_par' dir='ltr' id='par_1_98' title="bbox 432 5371 1931 5444">
     <span class='ocr_line' id='line_1_98' title="bbox 432 5371 1931 5444; baseline 0.002 -16"><span class='ocrx_word' id='word_1_568' title='bbox 432 5371 519 5444; x_wconf 85' lang='lat' dir='ltr'><strong>(j)</strong></span> <span class='ocrx_word' id='word_1_569' title='bbox 560 5371 694 5444; x_wconf 59' lang='grc' dir='ltr'>Ἐπί</span> <span class='ocrx_word' id='word_1_570' title='bbox 717 5371 1217 5444; x_wconf 70' lang='grc' dir='ltr'>ψυχῆςὰπόνοια.</span> <span class='ocrx_word' id='word_1_571' title='bbox 1237 5372 1315 5427; x_wconf 87' lang='lat' dir='ltr'><strong>ita</strong></span> <span class='ocrx_word' id='word_1_572' title='bbox 1341 5373 1489 5444; x_wconf 82' lang='lat' dir='ltr'><strong>nude</strong></span> <span class='ocrx_word' id='word_1_573' title='bbox 1521 5373 1656 5430; x_wconf 87' lang='lat' dir='ltr'><strong>Ball.</strong></span> <span class='ocrx_word' id='word_1_574' title='bbox 1677 5375 1931 5431; x_wconf 86' lang='lat' dir='ltr'><strong>submota</strong></span> 
     </span>
    </p>
   </div>
   <div class='ocr_carea' id='block_1_99' title="bbox 357 5441 1932 5517">
    <p class='ocr_par' dir='ltr' id='par_1_99' title="bbox 357 5441 1932 5517">
     <span class='ocr_line' id='line_1_99' title="bbox 357 5441 1932 5517; baseline 0.002 -20"><span class='ocrx_word' id='word_1_575' title='bbox 357 5441 601 5517; x_wconf 40' lang='lat' dir='ltr'><strong>ea&#39;v0ce</strong></span> <span class='ocrx_word' id='word_1_576' title='bbox 622 5441 734 5517; x_wconf 74' lang='grc' dir='ltr'><strong>τῶν</strong></span> <span class='ocrx_word' id='word_1_577' title='bbox 783 5441 1074 5512; x_wconf 87' lang='grc' dir='ltr'>σωμάτων,</span> <span class='ocrx_word' id='word_1_578' title='bbox 1113 5458 1281 5511; x_wconf 91' lang='lat' dir='ltr'><strong>quam</strong></span> <span class='ocrx_word' id='word_1_579' title='bbox 1319 5450 1375 5498; x_wconf 81' lang='lat' dir='ltr'><strong>et</strong></span> <span class='ocrx_word' id='word_1_580' title='bbox 1407 5442 1574 5517; x_wconf 80' lang='lat' dir='ltr'><strong>Gesn.</strong></span> <span class='ocrx_word' id='word_1_581' title='bbox 1609 5461 1932 5517; x_wconf 81' lang='lat' dir='ltr'><strong>expungen-</strong></span> 
     </span>
    </p>
   </div>
   <div class='ocr_carea' id='block_1_100' title="bbox 356 5512 1930 5581">
    <p class='ocr_par' dir='ltr' id='par_1_100' title="bbox 356 5512 1930 5581">
     <span class='ocr_line' id='line_1_100' title="bbox 356 5512 1930 5581; baseline 0.001 -15"><span class='ocrx_word' id='word_1_582' title='bbox 356 5512 484 5566; x_wconf 89' lang='lat' dir='ltr'><strong>dam</strong></span> <span class='ocrx_word' id='word_1_583' title='bbox 514 5512 864 5581; x_wconf 72' lang='lat' dir='ltr'><strong>coniecerat:</strong></span> <span class='ocrx_word' id='word_1_584' title='bbox 899 5520 996 5565; x_wconf 89' lang='lat' dir='ltr'><strong>aut</strong></span> <span class='ocrx_word' id='word_1_585' title='bbox 1040 5521 1192 5566; x_wconf 89' lang='lat' dir='ltr'><strong>certe</strong></span> <span class='ocrx_word' id='word_1_586' title='bbox 1224 5513 1603 5581; x_wconf 88' lang='lat' dir='ltr'><strong>reponendum</strong></span> <span class='ocrx_word' id='word_1_587' title='bbox 1645 5512 1930 5570; x_wconf 60' lang='lat' dir='ltr'><strong>esset&#39;rc&#39;bv</strong></span> 
     </span>
    </p>
   </div>
   <div class='ocr_carea' id='block_1_101' title="bbox 357 5580 1930 5651">
    <p class='ocr_par' dir='ltr' id='par_1_101' title="bbox 357 5580 1930 5651">
     <span class='ocr_line' id='line_1_101' title="bbox 357 5580 1930 5651; baseline 0.003 -16"><span class='ocrx_word' id='word_1_588' title='bbox 357 5580 690 5651; x_wconf 82' lang='grc' dir='ltr'>ἀνθρώπων,</span> <span class='ocrx_word' id='word_1_589' title='bbox 721 5580 886 5651; x_wconf 73' lang='lat' dir='ltr'><strong>uide</strong></span> <span class='ocrx_word' id='word_1_590' title='bbox 927 5582 1165 5635; x_wconf 88' lang='lat' dir='ltr'><strong>humana</strong></span> <span class='ocrx_word' id='word_1_591' title='bbox 1201 5583 1383 5635; x_wconf 90' lang='lat' dir='ltr'><strong>anima</strong></span> <span class='ocrx_word' id='word_1_592' title='bbox 1428 5598 1610 5638; x_wconf 88' lang='lat' dir='ltr'><strong>sermo</strong></span> <span class='ocrx_word' id='word_1_593' title='bbox 1631 5599 1753 5640; x_wconf 89' lang='lat' dir='ltr'><strong>esse</strong></span> <span class='ocrx_word' id='word_1_594' title='bbox 1769 5585 1930 5639; x_wconf 82' lang='lat' dir='ltr'><strong>intel-</strong></span> 
     </span>
    </p>
   </div>
   <div class='ocr_carea' id='block_1_102' title="bbox 360 5650 1927 5721">
    <p class='ocr_par' dir='ltr' id='par_1_102' title="bbox 360 5650 1927 5721">
     <span class='ocr_line' id='line_1_102' title="bbox 360 5650 1927 5721; baseline 0.001 -14"><span class='ocrx_word' id='word_1_595' title='bbox 360 5652 583 5720; x_wconf 80' lang='lat' dir='ltr'><strong>ligatur,</strong></span> <span class='ocrx_word' id='word_1_596' title='bbox 610 5666 733 5721; x_wconf 69' lang='lat' dir='ltr'><strong>quae</strong></span> <span class='ocrx_word' id='word_1_597' title='bbox 765 5650 845 5705; x_wconf 89' lang='lat' dir='ltr'><strong>sic</strong></span> <span class='ocrx_word' id='word_1_598' title='bbox 892 5651 989 5703; x_wconf 80' lang='grc' dir='ltr'>τοῦ</span> <span class='ocrx_word' id='word_1_599' title='bbox 1032 5650 1124 5704; x_wconf 81' lang='grc' dir='ltr'>νοῦ</span> <span class='ocrx_word' id='word_1_600' title='bbox 1177 5652 1463 5705; x_wconf 85' lang='grc' dir='ltr'>ἐκπίπτει⁶</span> <span class='ocrx_word' id='word_1_601' title='bbox 1532 5654 1679 5709; x_wconf 88' lang='lat' dir='ltr'><strong>unde</strong></span> <span class='ocrx_word' id='word_1_602' title='bbox 1724 5655 1927 5710; x_wconf 88' lang='lat' dir='ltr'><strong>dictam</strong></span> 
     </span>
    </p>
   </div>
   <div class='ocr_carea' id='block_1_103' title="bbox 181 5720 1927 5793">
    <p class='ocr_par' dir='ltr' id='par_1_103' title="bbox 181 5720 1927 5793">
     <span class='ocr_line' id='line_1_103' title="bbox 181 5720 1927 5793; baseline 0.001 -16"><span class='ocrx_word' id='word_1_603' title='bbox 181 5731 185 5734; x_wconf 80' lang='grc'><strong>’</strong></span> <span class='ocrx_word' id='word_1_604' title='bbox 298 5772 303 5775; x_wconf 89' lang='grc'><strong>.</strong></span> <span class='ocrx_word' id='word_1_605' title='bbox 362 5720 646 5784; x_wconf 77' lang='grc' dir='ltr'>ἀπόνοιαν,</span> <span class='ocrx_word' id='word_1_606' title='bbox 667 5730 859 5775; x_wconf 82' lang='lat' dir='ltr'><strong>auctor</strong></span> <span class='ocrx_word' id='word_1_607' title='bbox 881 5721 1077 5791; x_wconf 75' lang='lat' dir='ltr'><strong>Chrys.</strong></span> <span class='ocrx_word' id='word_1_608' title='bbox 1107 5720 1160 5775; x_wconf 87' lang='lat' dir='ltr'><strong>in</strong></span> <span class='ocrx_word' id='word_1_609' title='bbox 1190 5721 1369 5793; x_wconf 87' lang='lat' dir='ltr'><strong>Epist.</strong></span> <span class='ocrx_word' id='word_1_610' title='bbox 1408 5721 1477 5777; x_wconf 89' lang='lat' dir='ltr'><strong>ad</strong></span> <span class='ocrx_word' id='word_1_611' title='bbox 1510 5723 1671 5779; x_wconf 78' lang='lat' dir='ltr'><strong>Rom.</strong></span> <span class='ocrx_word' id='word_1_612' title='bbox 1699 5724 1867 5791; x_wconf 87' lang='lat' dir='ltr'><strong>Quasi</strong></span> <span class='ocrx_word' id='word_1_613' title='bbox 1895 5742 1927 5778; x_wconf 89' lang='lat' dir='ltr'><strong>a</strong></span> 
     </span>
    </p>
   </div>
   <div class='ocr_carea' id='block_1_104' title="bbox 2033 4521 3620 4602">
    <p class='ocr_par' dir='ltr' id='par_1_104' title="bbox 2033 4521 3620 4602">
     <span class='ocr_line' id='line_1_104' title="bbox 2033 4521 3620 4602; baseline -0.009 -12"><span class='ocrx_word' id='word_1_614' title='bbox 2033 4546 2257 4602; x_wconf 84' lang='lat' dir='ltr'><strong>semper</strong></span> <span class='ocrx_word' id='word_1_615' title='bbox 2280 4529 2613 4599; x_wconf 87' lang='lat' dir='ltr'><strong>acquiritur,</strong></span> <span class='ocrx_word' id='word_1_616' title='bbox 2639 4527 2868 4597; x_wconf 87' lang='lat' dir='ltr'><strong>majoris</strong></span> <span class='ocrx_word' id='word_1_617' title='bbox 2911 4523 3236 4596; x_wconf 88' lang='lat' dir='ltr'><strong>cupiditatis</strong></span> <span class='ocrx_word' id='word_1_618' title='bbox 3273 4522 3505 4578; x_wconf 87' lang='lat' dir='ltr'><strong>materia</strong></span> <span class='ocrx_word' id='word_1_619' title='bbox 3534 4521 3620 4576; x_wconf 78' lang='lat' dir='ltr'><strong>fo-</strong></span> 
     </span>
    </p>
   </div>
   <div class='ocr_carea' id='block_1_105' title="bbox 2035 4618 2559 4692">
    <p class='ocr_par' dir='ltr' id='par_1_105' title="bbox 2035 4618 2559 4692">
     <span class='ocr_line' id='line_1_105' title="bbox 2035 4618 2559 4692; baseline -0.015 -14"><span class='ocrx_word' id='word_1_620' title='bbox 2035 4636 2266 4692; x_wconf 89' lang='lat' dir='ltr'><strong>mesque</strong></span> <span class='ocrx_word' id='word_1_621' title='bbox 2296 4618 2559 4675; x_wconf 71' lang='lat' dir='ltr'><strong>edicitur.</strong></span> 
     </span>
    </p>
   </div>
   <div class='ocr_carea' id='block_1_106' title="bbox 2106 4702 3621 4780">
    <p class='ocr_par' dir='ltr' id='par_1_106' title="bbox 2106 4702 3621 4780">
     <span class='ocr_line' id='line_1_106' title="bbox 2106 4702 3621 4780; baseline -0.009 -12"><span class='ocrx_word' id='word_1_622' title='bbox 2106 4712 2317 4768; x_wconf 85' lang='lat' dir='ltr'><strong>Aurum</strong></span> <span class='ocrx_word' id='word_1_623' title='bbox 2352 4725 2442 4764; x_wconf 91' lang='lat' dir='ltr'><strong>res</strong></span> <span class='ocrx_word' id='word_1_624' title='bbox 2463 4708 2644 4780; x_wconf 80' lang='lat' dir='ltr'><strong>gravis</strong></span> <span class='ocrx_word' id='word_1_625' title='bbox 2675 4715 2761 4762; x_wconf 91' lang='lat' dir='ltr'><strong>est</strong></span> <span class='ocrx_word' id='word_1_626' title='bbox 2787 4722 2801 4760; x_wconf 91' lang='lat'><strong>:</strong></span> <span class='ocrx_word' id='word_1_627' title='bbox 2834 4706 2976 4761; x_wconf 89' lang='lat' dir='ltr'><strong>levis</strong></span> <span class='ocrx_word' id='word_1_628' title='bbox 3005 4712 3191 4760; x_wconf 89' lang='lat' dir='ltr'><strong>autem</strong></span> <span class='ocrx_word' id='word_1_629' title='bbox 3223 4712 3281 4759; x_wconf 90' lang='lat' dir='ltr'><strong>et</strong></span> <span class='ocrx_word' id='word_1_630' title='bbox 3309 4719 3431 4773; x_wconf 69' lang='lat' dir='ltr'><strong>quae</strong></span> <span class='ocrx_word' id='word_1_631' title='bbox 3448 4702 3621 4757; x_wconf 87' lang='lat' dir='ltr'><strong>altum</strong></span> 
     </span>
    </p>
   </div>
   <div class='ocr_carea' id='block_1_107' title="bbox 2035 4792 3620 4876">
    <p class='ocr_par' dir='ltr' id='par_1_107' title="bbox 2035 4792 3620 4876">
     <span class='ocr_line' id='line_1_107' title="bbox 2035 4792 3620 4876; baseline -0.01 -17"><span class='ocrx_word' id='word_1_632' title='bbox 2035 4812 2212 4876; x_wconf 86' lang='lat' dir='ltr'><strong>petat,</strong></span> <span class='ocrx_word' id='word_1_633' title='bbox 2234 4803 2434 4857; x_wconf 87' lang='lat' dir='ltr'><strong>virtus.</strong></span> <span class='ocrx_word' id='word_1_634' title='bbox 2496 4798 2785 4869; x_wconf 84' lang='lat' dir='ltr'><strong>Siquidem</strong></span> <span class='ocrx_word' id='word_1_635' title='bbox 2836 4796 3007 4868; x_wconf 81' lang='lat' dir='ltr'><strong>igitur</strong></span> <span class='ocrx_word' id='word_1_636' title='bbox 3055 4794 3294 4865; x_wconf 89' lang='lat' dir='ltr'><strong>petenda</strong></span> <span class='ocrx_word' id='word_1_637' title='bbox 3350 4792 3620 4855; x_wconf 72' lang='lat' dir='ltr'><strong>cmlestia,</strong></span> 
     </span>
    </p>
   </div>
   <div class='ocr_carea' id='block_1_108' title="bbox 2037 4885 3623 4968">
    <p class='ocr_par' dir='ltr' id='par_1_108' title="bbox 2037 4885 3623 4968">
     <span class='ocr_line' id='line_1_108' title="bbox 2037 4885 3623 4968; baseline -0.009 -17"><span class='ocrx_word' id='word_1_638' title='bbox 2037 4898 2109 4952; x_wconf 84' lang='lat' dir='ltr'><strong>iis</strong></span> <span class='ocrx_word' id='word_1_639' title='bbox 2138 4908 2412 4968; x_wconf 89' lang='lat' dir='ltr'><strong>pauperes</strong></span> <span class='ocrx_word' id='word_1_640' title='bbox 2443 4892 2618 4948; x_wconf 88' lang='lat' dir='ltr'><strong>simus</strong></span> <span class='ocrx_word' id='word_1_641' title='bbox 2642 4906 2766 4961; x_wconf 70' lang='lat' dir='ltr'><strong>qure</strong></span> <span class='ocrx_word' id='word_1_642' title='bbox 2793 4889 3113 4953; x_wconf 78' lang='lat' dir='ltr'><strong>detrahunt,</strong></span> <span class='ocrx_word' id='word_1_643' title='bbox 3151 4896 3212 4942; x_wconf 92' lang='lat' dir='ltr'><strong>ut</strong></span> <span class='ocrx_word' id='word_1_644' title='bbox 3231 4886 3339 4941; x_wconf 87' lang='lat' dir='ltr'><strong>alta</strong></span> <span class='ocrx_word' id='word_1_645' title='bbox 3355 4885 3623 4941; x_wconf 62' lang='lat' dir='ltr'><strong>caelorum</strong></span> 
     </span>
    </p>
   </div>
   <div class='ocr_carea' id='block_1_109' title="bbox 2039 4969 3155 5044">
    <p class='ocr_par' dir='ltr' id='par_1_109' title="bbox 2039 4969 3155 5044">
     <span class='ocr_line' id='line_1_109' title="bbox 2039 4969 3155 5044; baseline -0.013 0"><span class='ocrx_word' id='word_1_646' title='bbox 2039 4989 2455 5044; x_wconf 86' lang='lat' dir='ltr'><strong>naneiseamur.</strong></span> <span class='ocrx_word' id='word_1_647' title='bbox 2775 4969 2781 4976; x_wconf 74' lang='grc'><em>’</em></span> <span class='ocrx_word' id='word_1_648' title='bbox 3151 4980 3155 4985; x_wconf 75' lang='grc'><strong>⁷</strong></span> 
     </span>
    </p>
   </div>
   <div class='ocr_carea' id='block_1_110' title="bbox 2114 5069 3621 5146">
    <p class='ocr_par' dir='ltr' id='par_1_110' title="bbox 2114 5069 3621 5146">
     <span class='ocr_line' id='line_1_110' title="bbox 2114 5069 3621 5146; baseline -0.009 -12"><span class='ocrx_word' id='word_1_649' title='bbox 2114 5078 2442 5134; x_wconf 66' lang='lat' dir='ltr'><strong>ltivitiarum</strong></span> <span class='ocrx_word' id='word_1_650' title='bbox 2491 5073 2850 5146; x_wconf 89' lang='lat' dir='ltr'><strong>pulchritudo</strong></span> <span class='ocrx_word' id='word_1_651' title='bbox 2885 5089 2996 5128; x_wconf 90' lang='lat' dir='ltr'><strong>non</strong></span> <span class='ocrx_word' id='word_1_652' title='bbox 3032 5074 3087 5128; x_wconf 92' lang='lat' dir='ltr'><strong>in</strong></span> <span class='ocrx_word' id='word_1_653' title='bbox 3136 5070 3332 5127; x_wconf 84' lang='lat' dir='ltr'><strong>loculis</strong></span> <span class='ocrx_word' id='word_1_654' title='bbox 3378 5069 3482 5124; x_wconf 88' lang='lat' dir='ltr'><strong>sila</strong></span> <span class='ocrx_word' id='word_1_655' title='bbox 3515 5074 3621 5131; x_wconf 87' lang='lat' dir='ltr'><strong>est,</strong></span> 
     </span>
    </p>
   </div>
   <div class='ocr_carea' id='block_1_111' title="bbox 2043 5154 3379 5240">
    <p class='ocr_par' dir='ltr' id='par_1_111' title="bbox 2043 5154 3379 5240">
     <span class='ocr_line' id='line_1_111' title="bbox 2043 5154 3379 5240; baseline -0.007 -17"><span class='ocrx_word' id='word_1_656' title='bbox 2043 5170 2143 5224; x_wconf 75' lang='lat' dir='ltr'><strong>sed</strong></span> <span class='ocrx_word' id='word_1_657' title='bbox 2168 5171 2221 5224; x_wconf 89' lang='lat' dir='ltr'><strong>in</strong></span> <span class='ocrx_word' id='word_1_658' title='bbox 2250 5169 2563 5240; x_wconf 76' lang='lat' dir='ltr'><strong>praestanda</strong></span> <span class='ocrx_word' id='word_1_659' title='bbox 2598 5166 2967 5237; x_wconf 83' lang='lat' dir='ltr'><strong>indigentium</strong></span> <span class='ocrx_word' id='word_1_660' title='bbox 2994 5154 3379 5234; x_wconf 83' lang='lat' dir='ltr'><strong>Opitnlatione.</strong></span> 
     </span>
    </p>
   </div>
   <div class='ocr_carea' id='block_1_112' title="bbox 1883 5282 2115 5341">
    <p class='ocr_par' dir='ltr' id='par_1_112' title="bbox 1883 5282 2115 5341">
     <span class='ocr_line' id='line_1_112' title="bbox 1883 5282 2115 5341; baseline 0.022 -5"><span class='ocrx_word' id='word_1_661' title='bbox 1883 5282 2115 5341; x_wconf 69' lang='lat' dir='ltr'><strong>NOTAE.</strong></span> 
     </span>
    </p>
   </div>
   <div class='ocr_carea' id='block_1_113' title="bbox 2036 5366 3618 5444">
    <p class='ocr_par' dir='ltr' id='par_1_113' title="bbox 2036 5366 3618 5444">
     <span class='ocr_line' id='line_1_113' title="bbox 2036 5366 3618 5444; baseline -0.008 -12"><span class='ocrx_word' id='word_1_662' title='bbox 2036 5386 2212 5431; x_wconf 85' lang='lat' dir='ltr'><strong>mente</strong></span> <span class='ocrx_word' id='word_1_663' title='bbox 2224 5376 2477 5431; x_wconf 81' lang='lat' dir='ltr'><strong>dilabitur</strong></span> <span class='ocrx_word' id='word_1_664' title='bbox 2488 5374 2799 5444; x_wconf 68' lang='lat' dir='ltr'><strong>exciditque,</strong></span> <span class='ocrx_word' id='word_1_665' title='bbox 2816 5371 3069 5426; x_wconf 89' lang='lat' dir='ltr'><strong>elationis</strong></span> <span class='ocrx_word' id='word_1_666' title='bbox 3080 5370 3291 5444; x_wconf 78' lang='lat' dir='ltr'><strong>scilicet</strong></span> <span class='ocrx_word' id='word_1_667' title='bbox 3295 5368 3457 5444; x_wconf 57' lang='lat' dir='ltr'><strong>vitio,</strong></span> <span class='ocrx_word' id='word_1_668' title='bbox 3472 5366 3618 5436; x_wconf 87' lang='lat' dir='ltr'><strong>quod</strong></span> 
     </span>
    </p>
   </div>
   <div class='ocr_carea' id='block_1_114' title="bbox 2034 5438 3613 5517">
    <p class='ocr_par' dir='ltr' id='par_1_114' title="bbox 2034 5438 3613 5517">
     <span class='ocr_line' id='line_1_114' title="bbox 2034 5438 3613 5517; baseline -0.006 -18"><span class='ocrx_word' id='word_1_669' title='bbox 2034 5449 2101 5517; x_wconf 79' lang='grc' dir='ltr'>τῇ</span> <span class='ocrx_word' id='word_1_670' title='bbox 2128 5446 2494 5517; x_wconf 20' lang='grc' dir='ltr'>φλεγμονῇ-ἑο</span> <span class='ocrx_word' id='word_1_671' title='bbox 2527 5438 2896 5517; x_wconf 59' lang='lat' dir='ltr'><strong>corpo&#39;rerite</strong></span> <span class='ocrx_word' id='word_1_672' title='bbox 2927 5440 3246 5517; x_wconf 76' lang='lat' dir='ltr'><strong>opponitur.</strong></span> <span class='ocrx_word' id='word_1_673' title='bbox 3292 5438 3391 5492; x_wconf 87' lang='lat' dir='ltr'><strong>Est</strong></span> <span class='ocrx_word' id='word_1_674' title='bbox 3424 5447 3613 5517; x_wconf 75' lang='lat' dir='ltr'><strong>autem</strong></span> 
     </span>
    </p>
   </div>
   <div class='ocr_carea' id='block_1_115' title="bbox 2034 5502 3611 5578">
    <p class='ocr_par' dir='ltr' id='par_1_115' title="bbox 2034 5502 3611 5578">
     <span class='ocr_line' id='line_1_115' title="bbox 2034 5502 3611 5578; baseline -0.006 -9"><span class='ocrx_word' id='word_1_675' title='bbox 2034 5502 2151 5578; x_wconf 60' lang='lat' dir='ltr'><strong>illa,</strong></span> <span class='ocrx_word' id='word_1_676' title='bbox 2166 5502 2363 5571; x_wconf 51' lang='lat' dir='ltr'><strong>Tu&#39;n&#39;tor</strong></span> <span class='ocrx_word' id='word_1_677' title='bbox 2385 5502 2553 5568; x_wconf 64' lang='lat' dir='ltr'><strong>durus</strong></span> <span class='ocrx_word' id='word_1_678' title='bbox 2581 5502 2637 5566; x_wconf 75' lang='grc' dir='ltr'><strong>εί</strong></span> <span class='ocrx_word' id='word_1_679' title='bbox 2650 5511 2875 5566; x_wconf 79' lang='lat' dir='ltr'><strong>callidus</strong></span> <span class='ocrx_word' id='word_1_680' title='bbox 2910 5502 3042 5563; x_wconf 68' lang='lat' dir='ltr'><strong>cum-</strong></span> <span class='ocrx_word' id='word_1_681' title='bbox 3064 5510 3319 5572; x_wconf 85' lang='lat' dir='ltr'><strong>tensione,</strong></span> <span class='ocrx_word' id='word_1_682' title='bbox 3359 5507 3537 5561; x_wconf 79' lang='lat' dir='ltr'><strong>renisu</strong></span> <span class='ocrx_word' id='word_1_683' title='bbox 3563 5515 3611 5559; x_wconf 83' lang='lat' dir='ltr'><strong>et</strong></span> 
     </span>
    </p>
   </div>
   <div class='ocr_carea' id='block_1_116' title="bbox 2032 5578 3617 5655">
    <p class='ocr_par' dir='ltr' id='par_1_116' title="bbox 2032 5578 3617 5655">
     <span class='ocr_line' id='line_1_116' title="bbox 2032 5578 3617 5655; baseline -0.007 -16"><span class='ocrx_word' id='word_1_684' title='bbox 2032 5584 2215 5639; x_wconf 83' lang='lat' dir='ltr'><strong>dolore</strong></span> <span class='ocrx_word' id='word_1_685' title='bbox 2241 5603 2304 5639; x_wconf 86' lang='lat' dir='ltr'><strong>ac</strong></span> <span class='ocrx_word' id='word_1_686' title='bbox 2330 5584 2667 5655; x_wconf 79' lang='lat' dir='ltr'><strong>pulsatione:</strong></span> <span class='ocrx_word' id='word_1_687' title='bbox 2701 5581 2957 5655; x_wconf 73' lang='grc' dir='ltr'>ἀπόνοια,</span> <span class='ocrx_word' id='word_1_688' title='bbox 2980 5596 3177 5655; x_wconf 62' lang='lat' dir='ltr'><strong>vesana</strong></span> <span class='ocrx_word' id='word_1_689' title='bbox 3197 5578 3617 5655; x_wconf 49' lang='lat' dir='ltr'><strong>qqngpjnsoo</strong></span> 
     </span>
    </p>
   </div>
   <div class='ocr_carea' id='block_1_117' title="bbox 2034 5645 3615 5721">
    <p class='ocr_par' dir='ltr' id='par_1_117' title="bbox 2034 5645 3615 5721">
     <span class='ocr_line' id='line_1_117' title="bbox 2034 5645 3615 5721; baseline -0.003 -13"><span class='ocrx_word' id='word_1_690' title='bbox 2034 5655 2222 5714; x_wconf 85' lang='lat' dir='ltr'><strong>lentia,</strong></span> <span class='ocrx_word' id='word_1_691' title='bbox 2255 5664 2303 5708; x_wconf 85' lang='lat' dir='ltr'><strong>et</strong></span> <span class='ocrx_word' id='word_1_692' title='bbox 2325 5645 2522 5708; x_wconf 77' lang='lat' dir='ltr'><strong>elatio:</strong></span> <span class='ocrx_word' id='word_1_693' title='bbox 2557 5667 2666 5707; x_wconf 90' lang='lat' dir='ltr'><strong>nou</strong></span> <span class='ocrx_word' id='word_1_694' title='bbox 2690 5650 2837 5719; x_wconf 87' lang='lat' dir='ltr'><strong>quod</strong></span> <span class='ocrx_word' id='word_1_695' title='bbox 2860 5645 3423 5721; x_wconf 83' lang='lat' dir='ltr'><strong>simpliciusreddidit</strong></span> <span class='ocrx_word' id='word_1_696' title='bbox 3445 5645 3615 5711; x_wconf 77' lang='lat' dir='ltr'><strong>Gesn.</strong></span> 
     </span>
    </p>
   </div>
   <div class='ocr_carea' id='block_1_118' title="bbox 2034 5726 2287 5779">
    <p class='ocr_par' dir='ltr' id='par_1_118' title="bbox 2034 5726 2287 5779">
     <span class='ocr_line' id='line_1_118' title="bbox 2034 5726 2287 5779; baseline -0.008 -1"><span class='ocrx_word' id='word_1_697' title='bbox 2034 5726 2287 5779; x_wconf 86' lang='lat' dir='ltr'><strong>amentia.</strong></span> 
     </span>
    </p>
   </div>
  </div>
