4094 6360
584 289 689 350 795
732 307 737 311 ’

1768 286 1830 347 S.
1872 286 2160 347 MAXIMI
2198 285 2709 350 CONFESSURIS
3750 294 3835 363 796

658 393 916 448 Philonis.
934 424 1004 432 —
1022 392 1393 449 Pecuniarum
1424 391 1875 465 praediorumque
1895 394 2167 451 desideria

2346 397 2564 454 Φίλων.
2598 425 2671 439 -
2714 397 2782 452 Δί
2827 396 2927 469 μὲν
2948 397 3248 469 χρημάτων
3276 400 3374 455 καὶ
3412 401 3702 472 κτημάτων
3731 406 3833 462 ἑπι-

583 490 804 552 tempus
825 492 1201 538 consumunt:
1234 482 1535 537 honestum
1572 496 1706 538 vero
1759 491 1866 549 est,
1907 484 2175 555 temporis

583 591 706 631 esse
734 588 980 644 parcum.

655 666 919 736 Maiorem
955 665 1481 738 diligentioremqne
1540 683 1732 724 curam
1782 667 1892 721 illis
1947 666 2172 733 adhibe,

584 756 683 826 qui
712 757 941 812 virtutis
996 773 1061 813 ac
1118 759 1407 829 religionis
1448 775 1615 816 causa
1658 775 1932 830 pauperes
1960 767 2092 814 sunt
2119 767 2177 814 et

584 858 831 917 egestate
868 862 1236 918 premuntur;
1281 861 1546 920 przeterea
1604 852 1772 906 etiam
1798 851 2059 906 similiter
2077 865 2174 905 eo-

586 954 709 993 rum
739 941 836 1011 qui
871 956 940 996 ex
970 942 1167 997 morbo
1196 942 1375 998 aliove
1397 943 1635 998 adverso
1668 958 1819 1007 casu,
1848 958 2012 1013 quam
2041 942 2172 1008 illis,

587 1030 685 1099 qui
716 1032 859 1087 male
892 1032 1281 1088 administrata
1318 1048 1379 1089 re
1414 1034 1698 1099 familiari,
1731 1045 1828 1089 aut
1874 1050 1940 1090 ea
1973 1048 2178 1105 ganeo.

588 1137 722 1178 num
758 1139 914 1179 more
951 1126 1182 1195 prodige
1210 1125 1495 1195 dissipata,
1525 1125 1683 1196 egeni
1710 1127 2006 1182 exsistunt.

655 1213 784 1268 Nili.
804 1245 875 1254 --
896 1215 1020 1269 Noli
1067 1216 1296 1271 divitias
1347 1231 1600 1286 quaerere
1627 1256 1642 1282 ,
1675 1232 1742 1271 eo
1767 1217 1991 1272 nomine
2022 1226 2084 1271 ut
2116 1216 2173 1273 in

583 1319 899 1374 pauperum
930 1306 1318 1377 eleemosynas
1342 1306 1633 1375 impendas
1678 1325 1689 1359 :
1727 1308 1875 1361 Deus
1927 1307 2075 1362 enim
2104 1323 2176 1363 ex

583 1394 653 1449 iis
685 1410 808 1463 quae
842 1405 1145 1466 suppetunt
1169 1398 1382 1467 justum
1415 1397 1669 1452 decernit
1695 1398 2174 1470 eleemosynarum

583 1486 832 1540 modum.

655 1576 932 1630 Plutarch.
955 1568 1320 1647 —ln'praelio
1346 1580 1572 1649 quidem
1599 1580 1809 1636 ferrum
1836 1597 1977 1638 auro
2000 1584 2176 1639 tutius
2198 1610 2211 1621 κ

583 1669 993 1722 munimentum
1024 1676 1288 1738 praestat;
1342 1670 1402 1725 in
1434 1671 1552 1727 vita
1596 1688 1733 1727 vero
1783 1673 1927 1727 ratio
1976 1675 2175 1743 opibus

580 1759 830 1812 securior
859 1767 966 1815 est.

648 1848 761 1903 Nec
800 1866 947 1920 equo
981 1851 1102 1907 sine
1134 1851 1324 1918 freno,
1354 1870 1462 1910 nec
1492 1854 1708 1912 divitiis
1732 1857 1852 1913 sine
1876 1859 2093 1915 ratione
2113 1868 2173 1916 et

578 1942 816 1997 consilio
848 1945 930 1998 uti
968 1953 1092 1999 tuto
1119 1961 1443 2016 possumus.

651 2033 843 2103 Neque
866 2037 1209 2117 ‘convivium
1260 2040 1474 2111 absque
1526 2042 1826 2110 colloquio,
1856 2042 2020 2115 569
2067 2060 2172 2101 nec

574 2124 699 2181 sine
724 2126 935 2184 virtute
963 2129 1171 2187 divitias
1201 2134 1549 2203 voluptatem
1582 2135 1811 2191 habent.

651 2217 865 2274 Similis
886 2229 972 2275 est
1003 2223 1158 2277 avari
1184 2223 1321 2289 vita,
1354 2240 1528 2281 omne
1553 2228 1780 2283 mortui.
1828 2227 1966 2284 Cum
1988 2249 1995 2255 ·
2018 2231 2168 2286 enim

577 2307 720 2362 nihil
748 2311 801 2364 ei
839 2311 1005 2379 desit,
1039 2314 1197 2370 deest
1228 2316 1321 2372 ille
1348 2318 1446 2388 qui
1472 2334 1538 2372 ea
1571 2321 1910 2375 recreandos
1924 2332 2027 2376 est.
2055 2324 2169 2379 Nec

576 2411 608 2451 a
631 2411 857 2458 mortuo
879 2404 1173 2474 fabulatio,
1193 2424 1297 2465 nec
1320 2409 1391 2465 ab
1425 2426 1595 2466 avaro
1624 2412 1801 2483 gratia
1826 2416 2164 2485 requirenda

573 2489 670 2544 sit.

642 2580 792 2651 Apes
818 2583 886 2637 ad
939 2587 1143 2653 mellis,
1204 2590 1359 2644 avari
1414 2600 1601 2647 autem
1638 2592 1709 2647 ad
1753 2594 1895 2648 lucri
1928 2595 2159 2651 odorem

572 2672 742 2728 citius
770 2677 1085 2733 conﬂuunt.

639 2766 825 2822 Avaro
854 2772 1009 2826 necis
1045 2772 1170 2828 loco
1221 2782 1330 2841 est,
1378 2775 1647 2845 pecunias
1678 2776 1819 2833 lucri
1865 2794 2033 2835 causa
2061 2796 2163 2834 au-

568 2858 732 2928 gendi
768 2861 1091 2930 cupiditas:
1151 2864 1397 2935 hincque
1434 2883 1627 2922 earum
1661 2869 1963 2940 ademptio,
2008 2875 2162 2929 velut

570 2952 879 3021 sanguinis,
921 2955 972 3009 ei
1005 2966 1238 3012 mortem
1273 2960 1454 3014 ati'ert.

643 3043 848 3099 Parant
877 3046 1050 3117 aliqui
1081 3049 1137 3103 in
1176 3051 1311 3115 vita,
1361 3068 1485 3121 qua
1527 3053 1593 3107 ad
1639 3053 1851 3109 victum
1882 3066 2156 3125 spectant,

569 3135 732 3203 quasi
770 3137 877 3206 ipsi
905 3140 1113 3194 victuri
1138 3151 1266 3211 post
1306 3143 1499 3197 vitam.

646 3228 858 3284 Divites
910 3238 1101 3285 autem
1152 3240 1209 3286 et
1256 3232 1647 3302 inexplebiles,
1704 3251 1845 3305 aqua
1884 3236 2160 3294 intercute

570 3319 954 3377 laborantibus
989 3323 1203 3378 similes
1250 3340 1376 3381 esse
1411 3326 1676 3382 dicebat:
1706 3327 1764 3382 lii
1812 3328 1964 3382 enim
2002 3330 2164 3399 aquis

574 3412 721 3481 pleni
765 3412 981 3476 sitiunt,
1019 3413 1101 3467 illi
1130 3402 1439 3484 pecuniis.‘

644 3504 761 3558 Nec
789 3518 968 3573 equus
990 3520 1299 3574 generosus
1351 3508 1562 3575 audiat,
1610 3510 1706 3580 qui
1767 3510 1950 3581 magni
1997 3511 2163 3581 pretii

572 3594 803 3664 ephipio
866 3596 1199 3668 reliquoque
1238 3610 1507 3670 apparatu
1557 3600 1870 3659 instructus
1916 3615 2019 3671 est,
2064 3595 2161 3661 Sed

572 3686 668 3757 qui
698 3688 963 3757 praeclara
986 3688 1255 3758 praeditus
1280 3690 1507 3759 indole;
1544 3708 1724 3762 neque
1740 3694 1825 3748 vir
1853 3695 2159 3760 studiosus,

571 3779 665 3847 qui
689 3780 871 3849 ampla
907 3780 1064 3837 dives
1089 3782 1401 3840 substantia
1427 3792 1537 3851 est,
1567 3785 1665 3841 sed
1700 3786 1796 3856 qui
1834 3787 1954 3857 ipse
1987 3789 2162 3844 nobili

572 3867 815 3939 fortique
834 3873 1023 3927 animo
1057 3874 1250 3943 pollet.

640 3957 951 4014 Contemne
980 3976 1079 4015 eos
1118 3962 1213 4031 qui
1245 3963 1462 4019 divitiis
1495 3965 1746 4032 student,
1780 3960 1957 4035 partis
1974 3976 2161 4021 autem

571 4047 654 4102 uti
694 4064 809 4103 non
842 4059 1119 4118 possunt:
1168 4053 1431 4109 similiter
1477 4055 1626 4109 enim
1660 4055 1742 4110 eis
1772 4056 1999 4120 accidit,
2028 4065 2090 4111 ut
2115 4058 2163 4112 si

571 4138 698 4207 quis
723 4139 1004 4210 egregium
1030 4153 1561 4215 comparetequum,
1582 4160 1708 4200 cum
1731 4146 1850 4215 ipse
1874 4146 2162 4215 equitandi

570 4226 731 4281 rudis
760 4228 852 4282 sit.

643 4321 1020 4393 Magnanimos
1049 4324 1386 4393 existimato,
1418 4344 1532 4383 non
1567 4341 1665 4385 eos
1692 4328 1790 4400 qui
1821 4332 2032 4403 majora
2053 4331 2160 4389 sibi

2277 484 2469 556 θυμίαι
2488 489 2628 551 τοὺς
2638 487 2866 560 χρόνους
2879 487 3171 544 ἀναλίσκου
3181 506 3254 544 σι’
3276 490 3476 562 χρόνου
3496 492 3557 546 δὲ
3570 494 3833 565 φείδεσθαι,

2276 577 2459 632 καλόν.

2345 664 2584 729 Μείζονα
2610 667 2707 721 καὶ
2735 667 3159 741 σπουδαιοτέραν
3201 671 3531 741 ἐπιμέλειαν
3589 675 3735 729 ποιοῦ
3771 680 3835 741 εἰς

2274 756 2403 819 τοὺς
2430 756 2498 809 δι’
2531 757 2736 828 ἀρετὴν
2770 759 2864 812 καὶ
2895 758 3208 816 θεοσέϐειαν
3248 763 3675 834 πτωχεύσαντας
3700 769 3731 839 ἢ
3758 785 3835 823 πε-

2276 847 2534 917 νομένους
2562 864 2579 882 ο
2629 850 2805 915 ἄλλως
2841 869 2900 905 τε
2955 854 3163 923 ὁμοίως
3204 857 3301 909 καὶ
3327 860 3414 920 είς
3450 861 3579 923 τοὺς
3598 862 3668 913 ἐκ
3692 860 3836 915 νόσων

2275 943 2372 995 καὶ
2402 942 2828 1012 συμπτωμάτων
2862 945 3228 1017 ἀποροῦντας,
3256 948 3414 1019 παρά
3435 950 3565 1013 τοὺς
3594 953 3658 1004 ἐκ
3694 968 3835 1007 κακο-

2275 1034 2677 1105 πραγμονίαςῆ
2708 1036 2950 1100 ἀσωτίας
2980 1037 3428 1108 πτωχεύσαντας.

2351 1211 2593 1266 Νείλουξ
2634 1244 2707 1259 -
2755 1212 2849 1282 Μὴ
2915 1212 3110 1283 βούλου
3167 1215 3425 1269 πλουτεῖν
3468 1216 3815 1289 φιλοπτωχίας

2273 1303 2460 1358 ἕνεκα·
2482 1306 2592 1359 ἀπὸ
2612 1305 2724 1377 γὰρ
2743 1305 2854 1360 τῶν
2878 1306 3047 1360 ὄντων
3084 1306 3181 1360 τοῦ
3213 1307 3387 1361 ἐλεεῖν
3410 1309 3443 1361 ὀ
3475 1307 3609 1372 Θεὸς
3640 1310 3835 1380 νομοθε-

2273 1399 2361 1451 τεῖ
2390 1397 2449 1451 τὸ
2476 1396 2708 1453 δίκαιον.

2346 1572 2683 1641 Πλουτάρχ.
2714 1601 2786 1614 -
2828 1573 2917 1625 Ἐν
2951 1571 3178 1642 πολέμῳ
3231 1574 3331 1641 μὲν
3378 1573 3518 1642 πρὸς
3560 1573 3831 1643 ἀσφάλειαν

2279 1664 2495 1735 σίδηρος
2522 1664 2758 1737 ’χρυσοῦ
2790 1663 3090 1735 κρείσσων·
3133 1666 3193 1717 ἐν
3240 1663 3300 1719 δὲ
3345 1663 3427 1734 τῷ
3459 1665 3584 1736 ζῇν,
3628 1666 3658 1718 ὁ
3702 1666 3832 1735 λόγος

2205 1740 2248 1796 Β
2274 1754 2370 1809 τοῦ
2395 1753 2649 1808 πλούτου.

2350 1846 2488 1900 Οὔτε
2515 1848 2667 1917 ἵππῳ
2688 1847 2855 1917 χωρὶς
2890 1845 3133 1917 χαλινοῦ,
3174 1844 3299 1899 οὔτε
3329 1845 3554 1916 πλούτῳ
3580 1848 3740 1918 χωρὶς
3764 1846 3832 1900 λο-

2272 1939 2494 2012 γισμοῦ,
2513 1940 2738 1994 δυνατὸν
2764 1939 3022 2008 ἀσφαλῶς
3055 1938 3383 2012 χρήσασθαι.

2343 2031 2481 2085 Οὔτε
2507 2032 2808 2102 συμπόσιον
2845 2032 2973 2087 ἀνευ
3019 2031 3258 2103 ὁμιλίας,
3274 2029 3403 2086 οὔτε
3436 2032 3667 2097 πλοῦτος
3691 2033 3830 2104 χωρὶς

2272 2124 2475 2195 ἀρετῆς
2503 2123 2698 2196 ἡδονὴν
2728 2124 2863 2194 ἔχει.

2348 2217 2566 2271 Ἔοικεν
2616 2220 2645 2271 ὁ
2692 2216 2803 2269 τῶν
2831 2215 3184 2287 φιλαργύρων
3230 2216 3347 2286 βίος
3395 2217 3592 2287 νεκροῦ
3634 2216 3825 2286 δείπνῳ.

2270 2305 2454 2357 Πάντα
2501 2304 2613 2376 γὰρ
2656 2304 2827 2375 ἔχων,
2879 2305 2972 2358 τὸν
3019 2305 3538 2377 εὐφρανθησόμενον
3581 2307 3677 2360 οὐκ
3716 2305 3824 2377 ἔχει.

2270 2398 2410 2451 Οὔτε
2455 2398 2605 2468 παρὰ
2633 2397 2828 2468 νεκροῦ
2860 2397 3082 2468 ὁμιλίαν
3105 2437 3121 2462 ,
3176 2397 3301 2452 οὔτε
3336 2399 3496 2471 παρὰ
3520 2398 3824 2473 φιλαργύρου

2266 2493 2350 2545 δεῖ
2380 2493 2538 2562 χάριν
2568 2491 2871 2562 ἐπιζητεῖν.
3162 2474 3167 2485 ’

2340 2584 2446 2637 Τοῦ
2473 2585 2688 2654 μέλιτος
2718 2585 2971 2656 μέλιτται
2991 2584 3183 2656 τάχιον
3205 2584 3463 2658 ἔρχονται
3484 2583 3822 2657 ἐπάῑσθησιν·

2265 2675 2360 2730 τοῦ
2390 2676 2617 2746 κέρδους
2639 2676 2719 2743 δὲ,
2754 2676 2803 2730 οί
2828 2676 3184 2749 φιλάργυροι.

2337 2771 2529 2839 Σφαγή
2552 2772 2665 2823 ἐστι
2688 2769 2782 2824 τοῦ
2812 2769 3148 2843 φιλαργύρου
3165 2773 3199 2842 ἡ
3215 2771 3308 2826 τοῦ
3334 2772 3620 2843 χρήματος
3645 2771 3676 2841 ή
3710 2768 3822 2841 πρὸς

2264 2862 2324 2915 τὸ
2344 2862 2536 2932 κέρδος
2574 2861 2864 2933 ἐπιθυμία·
2891 2862 3014 2916 ὅθεν
3047 2865 3080 2933 ή
3108 2862 3205 2917 τοῦ
3232 2864 3524 2934 χρήματος
3544 2862 3818 2935 ἀφαίρεσις,

2263 2954 2452 3024 ῶσπερ
2493 2954 2746 3023 αἵματος,
2804 2954 3059 3023 ἐπιφέρει
3104 2954 3197 3009 τὸν
3241 2953 3480 3008 θάνατον
3508 2952 3671 3022 αὐτῷ.

2346 3045 2761 3116 Ἐτοιμάζονταί
2807 3062 2951 3109 τινες
3004 3045 3093 3098 διὰ
3141 3044 3237 3098 τοῦ
3289 3044 3407 3115 βίου
3460 3044 3532 3098 τά
3579 3044 3705 3115 πρὸς
3746 3040 3819 3094 τὸν

2266 3135 2401 3206 βίον,
2439 3137 2515 3200 ὡς
2549 3134 2875 3206 βιωσόμενοι
2911 3135 3050 3205 μετὰ
3075 3142 3165 3191 τὸν
3191 3135 3326 3206 βίον.

2336 3227 2477 3291 Τοὺς
2529 3227 2821 3292 πλουσίους
2871 3227 2929 3281 δὲ
2991 3228 3086 3284 καὶ
3146 3228 3462 3298 ἀπλήστους
3510 3224 3820 3299 ὑδρωπιῶσιν

2264 3321 2501 3376 ἐοικέναι
2545 3319 2734 3389 ἔλεγεν
2761 3338 2776 3356 ο
2834 3324 2885 3376 ol
2936 3323 3035 3391 μὲν
3080 3321 3193 3393 γὰρ
3232 3321 3613 3393 πεπλησμένοι
3645 3316 3818 3373 ὑδάτων

2264 3410 2514 3480 διψῶσιν,
2544 3413 2595 3463 oi
2621 3411 2678 3464 δὲ
2709 3410 3035 3481 χρημάτων.
3300 3438 3301 3441 η

2338 3503 2476 3559 Οὔτε
2529 3504 2696 3566 ἵππος
2734 3501 2965 3572 εὐγενὴς
3007 3502 3234 3573 κρίνοιτ’
3255 3501 3322 3555 ἂν
3351 3499 3619 3570 πολυτελῆ
3648 3493 3816 3563 σκευὴν

2266 3594 2426 3666 ἔχων
2459 3594 2576 3649 ἀλλ’
2594 3597 2623 3650 ὁ
2646 3597 2714 3666 τῇ
2744 3593 2905 3662 φύσει
2930 3592 3204 3664 λαμπρός⁸
3239 3593 3367 3647 οὔτε
3399 3593 3540 3665 ἀνὴρ
3569 3588 3818 3647 σπουδαῖος

2264 3691 2294 3744 ὁ
2328 3689 2625 3759 πολύτιμον
2673 3688 2866 3742 οὐσίαν
2912 3687 3253 3759 κεκτημένος
3272 3726 3288 3752 ,
3345 3687 3467 3742 ἀλλ’
3492 3690 3521 3741 ὁ
3551 3685 3645 3756 τὴν
3670 3679 3817 3752 ψυχὴν

2265 3784 2531 3851 γενναῖος.

2335 3960 2686 4030 Καταφρόνει
2729 3959 2839 4014 τῶν
2874 3960 3010 4030 περὶ
3035 3960 3129 4015 τὸν
3154 3958 3386 4014 πλοῦτον
3419 3955 3813 4021 σπουδαζόντων.
3871 3955 3879 3963 ’

2265 4050 2505 4123 Χρῆσθαι
2530 4050 2588 4104 δὲ
2619 4054 2733 4116 τοῖς
2756 4052 3063 4123 ὑπάρχουσι
3095 4051 3170 4123 μὴ
3194 4050 3531 4122 δυναμένων.
3562 4042 3815 4116 Παραπλή-

2266 4160 2382 4197 σιον
2412 4142 2522 4214 γὰρ
2553 4144 2602 4197 οί
2631 4143 2864 4197 τοιοῦτοι
2892 4143 3214 4214 πάσχουσιν,
3248 4143 3441 4212 ὥσπερ
3476 4142 3540 4195 ἂν
3574 4140 3624 4193 εί
3646 4153 3719 4198 τις
3742 4134 3813 4185 ἴπ-

2266 4254 2370 4293 πον
2412 4237 2680 4308 κτήσαιτο
2711 4236 2906 4302 καλὸν,
2961 4235 3147 4298 κακῶς
3183 4235 3436 4290 ἱππεύειν
3466 4230 3811 4299 ἐπιστάμενος.

2335 4327 2765 4399 Μεγαλόφρονας
2791 4328 2982 4399 νόμιζε
3004 4369 3019 4396 ,
3079 4329 3156 4401 μή
3181 4329 3309 4392 τοὺς
3338 4328 3561 4399 μείζονα
3588 4315 3813 4393 περιϐαλ-

569 4423 862 4470 assumunt
883 4431 1048 4485 quam
1084 4418 1301 4488 possint
1324 4421 1604 4476 retinere:
1634 4422 1730 4476 sed
1756 4437 1873 4489 eos,
1915 4424 2013 4494 qui
2036 4440 2157 4480 me-

2272 4421 2559 4493 λομένους,
2618 4414 2694 4477 ὧν
2743 4418 2847 4476 οἷοί
2893 4422 2957 4476 τέ
3008 4422 3116 4476 εισι
3161 4424 3456 4491 κατασχεῖν
3481 4457 3497 4483 ,
3552 4413 3681 4471 ἀλλά
3711 4407 3813 4467 τοὺς

568 4506 925 4565 diocritatem
962 4520 1287 4582 sequentes,
1319 4528 1385 4569 ea
1432 4529 1556 4584 qua:
1589 4510 1959 4572 instituerunt
1986 4517 2151 4588 perﬁ-

568 4612 697 4653 cere
719 4609 973 4669 possunt.

636 4690 910 4745 Aristotel.
934 4693 1330 4764 —Paupertas
1375 4696 1569 4753 multis
1598 4703 1724 4769 eget
1754 4715 1771 4766 ;
1827 4697 2165 4757 insatiabilis

569 4779 870 4850 cupiditas,
896 4783 1178 4839 omnibus.

642 4872 929 4929 Neminem
957 4893 1201 4947 unquam
1230 4878 1302 4934 ob
1326 4879 1551 4936 divitias
1576 4890 1642 4964 et
1673 4882 1909 4953 gloriam
1933 4884 2161 4941 beatum

2268 4513 2507 4585 μετρίων
2537 4513 2636 4584 μὲν
2665 4512 3012 4583 ἐφιεμένους,
3051 4511 3383 4584 ἐργάζεσθαι
3407 4512 3466 4566 δὲ
3494 4501 3810 4576 δυναμένους.

2263 4600 2349 4670 οἷς
2383 4604 2450 4659 ἀν
2479 4605 2822 4677 ἐπιχειρῶσι.

2348 4696 2718 4766 Ἀριστοτέλ.
2763 4725 2835 4736 --
2874 4696 2939 4750 Ἦ
2985 4694 3144 4749 πενία
3194 4694 3407 4749 πολλῶν
3443 4695 3591 4747 ἐστιν
3621 4681 3783 4752 ἐνδεής
3797 4692 3809 4708 ⁸

2264 4791 2300 4863 ή
2331 4789 2391 4845 δέ
2426 4789 2723 4861 ἀπληστία,
2755 4788 2999 4843 πάντων.
3334 4854 3339 4869 Ι

2334 4881 2624 4952 Μηδὲποτε
2678 4880 3010 4953 μακαρίσεις
3054 4863 3345 4950 ἄνθρωπον
3384 4877 3479 4933 ἐπὶ
3507 4872 3710 4938 πλούτῳ
3737 4863 3810 4918 καὶ

570 4965 819 5021 dixeris:
861 4968 1135 5038 ejusmodi
1168 4971 1317 5025 enim
1348 4972 1534 5027 omnia
1576 4961 1791 5030 minora
1829 4984 1961 5030 sunt
1992 4991 2161 5046 quam

2272 4970 2386 5043 565!)
2415 4986 2430 5002 ⁸
2488 4971 2669 5025 πάντα
2711 4971 2821 5042 γὰρ
2866 4970 2933 5025 τὰ
2964 4968 3192 5023 τοιαῦτα
3219 4968 3330 5025 τῶν
3354 4966 3572 5038 ἀγαθῶν
3598 4959 3807 5014 ἐλάττονι

573 5068 633 5111 ιιι
663 5057 808 5112 bona
835 5059 1159 5133 credantur.

644 5149 764 5203 Non
797 5150 893 5221 qui
945 5151 1101 5209 dives
1124 5160 1228 5218 est,
1280 5154 1375 5229 sed
1410 5154 1505 5225 qui
1536 5154 1750 5213 divitiis
1788 5172 1899 5212 non
1925 5165 2071 5229 eget,
2109 5158 2157 5214 is

512 5239 520 5247 '
569 5240 769 5296 beatus
800 5252 904 5296 est.

2256 5065 2439 5118 πίστει
2471 5063 2702 5120 δέδεται.

2325 5156 2438 5226 Ούχ
2492 5156 2521 5208 ὁ
2577 5154 2825 5208 πλουτῶν
2853 5193 2866 5217 ,
2928 5154 3043 5208 ἀλλ’
3082 5155 3110 5206 ὁ
3156 5153 3230 5224 μὴ
3263 5152 3481 5224 χρῄζων
3517 5144 3728 5202 πλούτου
3747 5131 3805 5205 (Ῐί)

2255 5249 2548 5320 μακάριος.

2095 5366 2326 5424 NOTAE.

643 5449 720 5529 (It)
760 5449 821 5529 ’φ
855 5450 940 5519 μὴ
972 5453 1201 5521 χρῄζων
1245 5456 1535 5529 πλούτου.
1600 5451 2006 5524 Conjcctnrnm,
2039 5476 2147 5527 qua

2272 5469 2433 5529 agent,
2462 5472 2652 5529 earum
2678 5458 2789 5529 jam
2843 5473 2945 5529 usu
2982 5458 3257 5529 superior,
3286 5472 3408 5527 quae
3435 5455 3546 5524 ipsa
3573 5442 3796 5529 nihil)?

569 5521 895 5591 particulam
956 5533 1245 5591 negantem
1305 5524 1649 5591 addideram,
1715 5521 1957 5582 lirmavit
1995 5521 2140 5583 nso,

2256 5505 2433 5603 ᾆξ’ὀῖεῗ
2448 5505 3225 5603 νέἷῶ”>ἷὲῄ“ζ,ττῖἔῖςῖιῖἧέεὲίίό
3244 5505 3618 5603 ἒξὲἷὸῖιξᾶυςνει..
3640 5505 3793 5603 ἱῗέῗῖΞὲ

570 5589 765 5642 codex.
793 5587 1061 5667 Nimirum
1082 5593 1134 5667 i_n
1161 5608 1229 5667 eo
1264 5605 1556 5667 sensuset
1578 5587 1891 5661 antithesis,
1916 5598 2144 5653 divitem
2255 5599 2419 5654 Gesn.
2460 5599 2552 5652 sed
2577 5587 2990 5652 ute'izs'divitiis":
3021 5613 3144 5667 quze
3170 5587 3621 5667 antithesisinihil
3644 5587 3795 5667 ετξξίῖς

570 5671 714 5722 esse,
774 5676 883 5725 non
937 5662 1031 5729 qui
1088 5662 1286 5719 habeat
1329 5664 1568 5731 divitias,
1624 5667 1718 5721 sed
1768 5669 1865 5739 qui
1899 5668 2005 5724 illis
2039 5685 2149 5724 non

2261 5680 2364 5736 est,
2390 5678 2445 5724 et
2484 5670 2645 5739 quale
2672 5668 2726 5722 in
2752 5668 2976 5737 reliquis
2997 5657 3178 5724 elucet
3204 5663 3484 5723 Plutarchi
3506 5657 3788 5718 sontentnS.
