  <div class='ocr_page' id='page_1' title='image "/cluster/home/n/w/nwhite01/storage/ocr_20150623/91:no.2/coo.31924054869957/420.png"; bbox 0 0 4094 6362; ppageno 0'>
   <div class='ocr_carea' id='block_1_1' title="bbox 366 295 480 360">
    <p class='ocr_par' dir='ltr' id='par_1_1' title="bbox 366 295 480 360">
     <span class='ocr_line' id='line_1_1' title="bbox 366 295 480 360; baseline -0.035 1"><span class='ocrx_word' id='word_1_1' title='bbox 366 295 480 360; x_wconf 79' lang='lat'>797</span> 
     </span>
    </p>
   </div>
   <div class='ocr_carea' id='block_1_2' title="bbox 1690 268 2330 336">
    <p class='ocr_par' dir='ltr' id='par_1_2' title="bbox 1690 268 2330 336">
     <span class='ocr_line' id='line_1_2' title="bbox 1690 268 2330 336; baseline -0.014 0"><span class='ocrx_word' id='word_1_2' title='bbox 1690 272 1857 336; x_wconf 87' lang='lat' dir='ltr'>LOCI</span> <span class='ocrx_word' id='word_1_3' title='bbox 1897 268 2330 331; x_wconf 86' lang='lat' dir='ltr'>COMMUNES.</span> 
     </span>
    </p>
   </div>
   <div class='ocr_carea' id='block_1_3' title="bbox 3521 256 3630 317">
    <p class='ocr_par' dir='ltr' id='par_1_3' title="bbox 3521 256 3630 317">
     <span class='ocr_line' id='line_1_3' title="bbox 3521 256 3630 317; baseline 0 -1"><span class='ocrx_word' id='word_1_4' title='bbox 3521 256 3630 317; x_wconf 78' lang='lat'>798</span> 
     </span>
    </p>
   </div>
   <div class='ocr_carea' id='block_1_4' title="bbox 439 360 1976 467">
    <p class='ocr_par' dir='ltr' id='par_1_4' title="bbox 439 377 1955 467">
     <span class='ocr_line' id='line_1_4' title="bbox 439 377 1955 467; baseline -0.018 -11"><span class='ocrx_word' id='word_1_5' title='bbox 439 396 717 467; x_wconf 80' lang='grc' dir='ltr'>Μέγιστὸν</span> <span class='ocrx_word' id='word_1_6' title='bbox 746 398 863 450; x_wconf 81' lang='grc' dir='ltr'>ἐστι</span> <span class='ocrx_word' id='word_1_7' title='bbox 895 393 1151 454; x_wconf 87' lang='grc' dir='ltr'>πλούτου,</span> <span class='ocrx_word' id='word_1_8' title='bbox 1187 389 1249 461; x_wconf 54' lang='lat' dir='ltr'>rb</span> <span class='ocrx_word' id='word_1_9' title='bbox 1276 385 1564 456; x_wconf 78' lang='grc' dir='ltr'>γινώσκειν</span> <span class='ocrx_word' id='word_1_10' title='bbox 1592 382 1676 435; x_wconf 79' lang='grc' dir='ltr'>ὅτι</span> <span class='ocrx_word' id='word_1_11' title='bbox 1703 377 1955 452; x_wconf 85' lang='grc' dir='ltr'>περιττός</span> 
     </span>
    </p>
   </div>
   <div class='ocr_carea' id='block_1_5' title="bbox 2077 360 3632 467">
    <p class='ocr_par' dir='ltr' id='par_1_5' title="bbox 2128 360 3632 433">
     <span class='ocr_line' id='line_1_5' title="bbox 2128 360 3632 433; baseline -0.009 -6"><span class='ocrx_word' id='word_1_12' title='bbox 2128 373 2428 427; x_wconf 64' lang='lat' dir='ltr'>Maximum</span> <span class='ocrx_word' id='word_1_13' title='bbox 2457 376 2541 424; x_wconf 89' lang='lat' dir='ltr'>est</span> <span class='ocrx_word' id='word_1_14' title='bbox 2575 368 2630 422; x_wconf 90' lang='lat' dir='ltr'>in</span> <span class='ocrx_word' id='word_1_15' title='bbox 2665 366 2876 422; x_wconf 78' lang='lat' dir='ltr'>divitiis</span> <span class='ocrx_word' id='word_1_16' title='bbox 2899 406 2913 431; x_wconf 89' lang='lat'>,</span> <span class='ocrx_word' id='word_1_17' title='bbox 2958 364 3099 420; x_wconf 88' lang='lat' dir='ltr'>scire</span> <span class='ocrx_word' id='word_1_18' title='bbox 3158 361 3307 433; x_wconf 86' lang='lat' dir='ltr'>quod</span> <span class='ocrx_word' id='word_1_19' title='bbox 3336 360 3632 431; x_wconf 66' lang='lat' dir='ltr'>superﬂua:</span> 
     </span>
    </p>
   </div>
   <div class='ocr_carea' id='block_1_6' title="bbox 359 497 1948 652">
    <p class='ocr_par' dir='ltr' id='par_1_6' title="bbox 359 497 1948 652">
     <span class='ocr_line' id='line_1_6' title="bbox 359 497 1948 652; baseline -0.019 -11"><span class='ocrx_word' id='word_1_20' title='bbox 576 583 652 652; x_wconf 84' lang='grc' dir='ltr'>μὴ</span> <span class='ocrx_word' id='word_1_21' title='bbox 685 577 894 633; x_wconf 84' lang='grc' dir='ltr'>πολλῶν</span> <span class='ocrx_word' id='word_1_22' title='bbox 925 575 1217 644; x_wconf 76' lang='grc' dir='ltr'>ἐπιθυμεῖς</span> <span class='ocrx_word' id='word_1_23' title='bbox 1240 611 1256 635; x_wconf 89' lang='grc'>,</span> <span class='ocrx_word' id='word_1_24' title='bbox 1306 568 1378 622; x_wconf 78' lang='grc' dir='ltr'>τὰ</span> <span class='ocrx_word' id='word_1_25' title='bbox 1407 567 1563 635; x_wconf 83' lang='grc' dir='ltr'>ὀλίγα</span> <span class='ocrx_word' id='word_1_26' title='bbox 1592 562 1763 617; x_wconf 79' lang='grc' dir='ltr'>πολλὰ</span> <span class='ocrx_word' id='word_1_27' title='bbox 1788 559 1948 623; x_wconf 81' lang='grc' dir='ltr'>δόξει.</span> 
     </span>
    </p>
   </div>
   <div class='ocr_carea' id='block_1_7' title="bbox 359 652 1952 747">
    <p class='ocr_par' dir='ltr' id='par_1_7' title="bbox 359 652 1952 747">
     <span class='ocr_line' id='line_1_7' title="bbox 359 652 1952 747; baseline -0.019 -14"><span class='ocrx_word' id='word_1_28' title='bbox 359 675 561 747; x_wconf 79' lang='grc' dir='ltr'>Μικρὰ</span> <span class='ocrx_word' id='word_1_29' title='bbox 590 674 701 743; x_wconf 84' lang='grc' dir='ltr'>γὰρ</span> <span class='ocrx_word' id='word_1_30' title='bbox 728 671 910 741; x_wconf 74' lang='grc' dir='ltr'>ὄρεξις</span> <span class='ocrx_word' id='word_1_31' title='bbox 944 668 1141 721; x_wconf 80' lang='grc' dir='ltr'>πενίαν</span> <span class='ocrx_word' id='word_1_32' title='bbox 1172 661 1418 731; x_wconf 82' lang='grc' dir='ltr'>ίσοσθενῆ</span> <span class='ocrx_word' id='word_1_33' title='bbox 1447 657 1680 713; x_wconf 84' lang='grc' dir='ltr'>πλούτου</span> <span class='ocrx_word' id='word_1_34' title='bbox 1711 652 1952 722; x_wconf 88' lang='grc' dir='ltr'>ποιήσει.</span> 
     </span>
    </p>
   </div>
   <div class='ocr_carea' id='block_1_8' title="bbox 456 833 1952 923">
    <p class='ocr_par' dir='ltr' id='par_1_8' title="bbox 456 833 1952 923">
     <span class='ocr_line' id='line_1_8' title="bbox 456 833 1952 923; baseline -0.021 -9"><span class='ocrx_word' id='word_1_35' title='bbox 456 864 512 915; x_wconf 88' lang='lat'>&#39;0</span> <span class='ocrx_word' id='word_1_36' title='bbox 563 856 706 912; x_wconf 74' lang='grc' dir='ltr'>κατὰ</span> <span class='ocrx_word' id='word_1_37' title='bbox 756 853 920 923; x_wconf 87' lang='grc' dir='ltr'>φύσιν</span> <span class='ocrx_word' id='word_1_38' title='bbox 971 849 1224 911; x_wconf 83' lang='grc' dir='ltr'>πλοῦτος,</span> <span class='ocrx_word' id='word_1_39' title='bbox 1270 846 1422 916; x_wconf 82' lang='grc' dir='ltr'>ἄρτῳ</span> <span class='ocrx_word' id='word_1_40' title='bbox 1451 840 1547 894; x_wconf 74' lang='grc' dir='ltr'>καὶ</span> <span class='ocrx_word' id='word_1_41' title='bbox 1575 838 1730 892; x_wconf 75' lang='grc' dir='ltr'>ὕδατι</span> <span class='ocrx_word' id='word_1_42' title='bbox 1764 833 1859 888; x_wconf 68' lang='grc' dir='ltr'>καὶ</span> <span class='ocrx_word' id='word_1_43' title='bbox 1885 833 1952 902; x_wconf 80' lang='grc' dir='ltr'>τῇ</span> 
     </span>
    </p>
   </div>
   <div class='ocr_carea' id='block_1_9' title="bbox 366 923 1956 1024">
    <p class='ocr_par' dir='ltr' id='par_1_9' title="bbox 366 923 1956 1024">
     <span class='ocr_line' id='line_1_9' title="bbox 366 923 1956 1024; baseline -0.019 -17"><span class='ocrx_word' id='word_1_44' title='bbox 366 953 609 1024; x_wconf 79' lang='grc' dir='ltr'>τυχούσῃ</span> <span class='ocrx_word' id='word_1_45' title='bbox 638 946 733 1001; x_wconf 79' lang='grc' dir='ltr'>τοῦ</span> <span class='ocrx_word' id='word_1_46' title='bbox 761 945 1012 1016; x_wconf 86' lang='grc' dir='ltr'>σώματος</span> <span class='ocrx_word' id='word_1_47' title='bbox 1055 940 1254 1010; x_wconf 78' lang='grc' dir='ltr'>σκέπῃ,</span> <span class='ocrx_word' id='word_1_48' title='bbox 1284 929 1775 1024; x_wconf 70' lang='grc' dir='ltr'>συμπεπληρωται.</span> <span class='ocrx_word' id='word_1_49' title='bbox 1810 925 1871 978; x_wconf 88' lang='lat'>&#39;0</span> <span class='ocrx_word' id='word_1_50' title='bbox 1894 923 1956 1024; x_wconf 67' lang='grc' dir='ltr'>δὲ</span> 
     </span>
    </p>
   </div>
   <div class='ocr_carea' id='block_1_10' title="bbox 372 1015 1959 1118">
    <p class='ocr_par' dir='ltr' id='par_1_10' title="bbox 372 1015 1959 1118">
     <span class='ocr_line' id='line_1_10' title="bbox 372 1015 1959 1118; baseline -0.019 -18"><span class='ocrx_word' id='word_1_51' title='bbox 372 1015 648 1118; x_wconf 65' lang='grc' dir='ltr'>περιττδς,</span> <span class='ocrx_word' id='word_1_52' title='bbox 677 1039 819 1094; x_wconf 84' lang='grc' dir='ltr'>κατὰ</span> <span class='ocrx_word' id='word_1_53' title='bbox 858 1035 1039 1107; x_wconf 78' lang='grc' dir='ltr'>ψυχὴν</span> <span class='ocrx_word' id='word_1_54' title='bbox 1084 1032 1390 1103; x_wconf 80' lang='grc' dir='ltr'>ἀπέραντον</span> <span class='ocrx_word' id='word_1_55' title='bbox 1435 1026 1548 1097; x_wconf 77' lang='grc' dir='ltr'><strong>ἔχει</strong></span> <span class='ocrx_word' id='word_1_56' title='bbox 1577 1022 1674 1077; x_wconf 71' lang='grc' dir='ltr'>καὶ</span> <span class='ocrx_word' id='word_1_57' title='bbox 1715 1020 1818 1091; x_wconf 81' lang='grc' dir='ltr'>τὴν</span> <span class='ocrx_word' id='word_1_58' title='bbox 1859 1015 1959 1085; x_wconf 79' lang='grc' dir='ltr'>τῆς</span> 
     </span>
    </p>
   </div>
   <div class='ocr_carea' id='block_1_11' title="bbox 370 1132 966 1207">
    <p class='ocr_par' dir='ltr' id='par_1_11' title="bbox 370 1132 966 1207">
     <span class='ocr_line' id='line_1_11' title="bbox 370 1132 966 1207; baseline -0.017 -15"><span class='ocrx_word' id='word_1_59' title='bbox 370 1137 674 1207; x_wconf 71' lang='grc' dir='ltr'>ἐπιθυμίας</span> <span class='ocrx_word' id='word_1_60' title='bbox 710 1132 966 1203; x_wconf 78' lang='grc' dir='ltr'>βάσανον.</span> 
     </span>
    </p>
   </div>
   <div class='ocr_carea' id='block_1_12' title="bbox 459 1205 1953 1295">
    <p class='ocr_par' dir='ltr' id='par_1_12' title="bbox 459 1205 1953 1295">
     <span class='ocr_line' id='line_1_12' title="bbox 459 1205 1953 1295; baseline -0.017 -12"><span class='ocrx_word' id='word_1_61' title='bbox 459 1230 517 1283; x_wconf 81' lang='grc' dir='ltr'>ὐ</span> <span class='ocrx_word' id='word_1_62' title='bbox 546 1205 706 1289; x_wconf 82' lang='grc' dir='ltr'>αὐτὸς</span> <span class='ocrx_word' id='word_1_63' title='bbox 733 1219 1051 1295; x_wconf 73' lang='grc' dir='ltr'>ἐρωτηθεὶς,</span> <span class='ocrx_word' id='word_1_64' title='bbox 1075 1216 1193 1282; x_wconf 90' lang='grc' dir='ltr'>πῶς</span> <span class='ocrx_word' id='word_1_65' title='bbox 1222 1215 1288 1270; x_wconf 76' lang='grc' dir='ltr'>ἄν</span> <span class='ocrx_word' id='word_1_66' title='bbox 1309 1232 1395 1279; x_wconf 89' lang='grc' dir='ltr'>τις</span> <span class='ocrx_word' id='word_1_67' title='bbox 1419 1212 1648 1284; x_wconf 80' lang='grc' dir='ltr'>γένηται</span> <span class='ocrx_word' id='word_1_68' title='bbox 1672 1205 1953 1272; x_wconf 65' lang='grc' dir='ltr'>’πλούσιος⁸</span> 
     </span>
    </p>
   </div>
   <div class='ocr_carea' id='block_1_13' title="bbox 384 1306 1598 1387">
    <p class='ocr_par' dir='ltr' id='par_1_13' title="bbox 384 1306 1598 1387">
     <span class='ocr_line' id='line_1_13' title="bbox 384 1306 1598 1387; baseline -0.016 -10"><span class='ocrx_word' id='word_1_69' title='bbox 384 1322 518 1376; x_wconf 82' lang='grc' dir='ltr'>Ἐὰν</span> <span class='ocrx_word' id='word_1_70' title='bbox 544 1321 655 1374; x_wconf 82' lang='grc' dir='ltr'>τῶν</span> <span class='ocrx_word' id='word_1_71' title='bbox 682 1312 988 1387; x_wconf 73' lang='grc' dir='ltr'>ἐπιθυμιῶν</span> <span class='ocrx_word' id='word_1_72' title='bbox 1013 1310 1166 1364; x_wconf 74' lang='grc' dir='ltr'>ἔσται</span> <span class='ocrx_word' id='word_1_73' title='bbox 1194 1307 1384 1378; x_wconf 81' lang='grc' dir='ltr'>πένης,</span> <span class='ocrx_word' id='word_1_74' title='bbox 1413 1306 1598 1378; x_wconf 82' lang='grc' dir='ltr'>φησιν.</span> 
     </span>
    </p>
   </div>
   <div class='ocr_carea' id='block_1_14' title="bbox 452 1476 1954 1564">
    <p class='ocr_par' dir='ltr' id='par_1_14' title="bbox 452 1476 1954 1564">
     <span class='ocr_line' id='line_1_14' title="bbox 452 1476 1954 1564; baseline -0.012 -13"><span class='ocrx_word' id='word_1_75' title='bbox 452 1497 593 1551; x_wconf 84' lang='grc' dir='ltr'>Ὅσα</span> <span class='ocrx_word' id='word_1_76' title='bbox 641 1493 741 1564; x_wconf 75' lang='grc' dir='ltr'>μὲν</span> <span class='ocrx_word' id='word_1_77' title='bbox 790 1490 884 1545; x_wconf 74' lang='grc' dir='ltr'>ἐπὶ</span> <span class='ocrx_word' id='word_1_78' title='bbox 915 1492 982 1562; x_wconf 82' lang='grc' dir='ltr'>τῇ</span> <span class='ocrx_word' id='word_1_79' title='bbox 1015 1487 1205 1560; x_wconf 89' lang='grc' dir='ltr'>φύσει,</span> <span class='ocrx_word' id='word_1_80' title='bbox 1265 1476 1465 1548; x_wconf 77' lang='grc' dir='ltr'>πάντες</span> <span class='ocrx_word' id='word_1_81' title='bbox 1489 1483 1657 1556; x_wconf 78' lang='grc' dir='ltr'>ἐσμὲν</span> <span class='ocrx_word' id='word_1_82' title='bbox 1687 1481 1954 1537; x_wconf 63' lang='grc' dir='ltr'>πλούσιον</span> 
     </span>
    </p>
   </div>
   <div class='ocr_carea' id='block_1_15' title="bbox 373 1577 1552 1654">
    <p class='ocr_par' dir='ltr' id='par_1_15' title="bbox 373 1577 1552 1654">
     <span class='ocr_line' id='line_1_15' title="bbox 373 1577 1552 1654; baseline -0.009 -13"><span class='ocrx_word' id='word_1_83' title='bbox 373 1589 479 1642; x_wconf 84' lang='grc' dir='ltr'>ὅσα</span> <span class='ocrx_word' id='word_1_84' title='bbox 502 1587 546 1639; x_wconf 88' lang='grc' dir='ltr'>δ’</span> <span class='ocrx_word' id='word_1_85' title='bbox 572 1585 660 1654; x_wconf 77' lang='grc' dir='ltr'>ἐφ’</span> <span class='ocrx_word' id='word_1_86' title='bbox 682 1585 838 1654; x_wconf 81' lang='grc' dir='ltr'>ἡμῖν,</span> <span class='ocrx_word' id='word_1_87' title='bbox 872 1582 1074 1644; x_wconf 84' lang='grc' dir='ltr'>πάντες</span> <span class='ocrx_word' id='word_1_88' title='bbox 1104 1578 1273 1648; x_wconf 82' lang='grc' dir='ltr'>ὲσμὲν</span> <span class='ocrx_word' id='word_1_89' title='bbox 1304 1577 1552 1649; x_wconf 87' lang='grc' dir='ltr'>πένητες.</span> 
     </span>
    </p>
   </div>
   <div class='ocr_carea' id='block_1_16' title="bbox 456 1662 1961 1746">
    <p class='ocr_par' dir='ltr' id='par_1_16' title="bbox 456 1662 1961 1746">
     <span class='ocr_line' id='line_1_16' title="bbox 456 1662 1961 1746; baseline -0.009 -15"><span class='ocrx_word' id='word_1_90' title='bbox 456 1679 520 1731; x_wconf 89' lang='grc' dir='ltr'>Ὃ</span> <span class='ocrx_word' id='word_1_91' title='bbox 550 1675 632 1746; x_wconf 85' lang='grc' dir='ltr'>τῷ</span> <span class='ocrx_word' id='word_1_92' title='bbox 661 1675 803 1730; x_wconf 82' lang='grc' dir='ltr'>κατὰ</span> <span class='ocrx_word' id='word_1_93' title='bbox 828 1672 992 1745; x_wconf 85' lang='grc' dir='ltr'>φύσιν</span> <span class='ocrx_word' id='word_1_94' title='bbox 1021 1670 1362 1742; x_wconf 79' lang='grc' dir='ltr'>ἀρκούμενος</span> <span class='ocrx_word' id='word_1_95' title='bbox 1394 1666 1632 1737; x_wconf 86' lang='grc' dir='ltr'>πλούτῳ,</span> <span class='ocrx_word' id='word_1_96' title='bbox 1660 1663 1756 1720; x_wconf 82' lang='grc' dir='ltr'>τοῦ</span> <span class='ocrx_word' id='word_1_97' title='bbox 1790 1662 1961 1718; x_wconf 87' lang='grc' dir='ltr'>πολλὰ</span> 
     </span>
    </p>
   </div>
   <div class='ocr_carea' id='block_1_17' title="bbox 372 1757 1960 1840">
    <p class='ocr_par' dir='ltr' id='par_1_17' title="bbox 372 1757 1960 1840">
     <span class='ocr_line' id='line_1_17' title="bbox 372 1757 1960 1840; baseline -0.009 -16"><span class='ocrx_word' id='word_1_98' title='bbox 372 1767 727 1840; x_wconf 82' lang='grc' dir='ltr'>κεκτημένου</span> <span class='ocrx_word' id='word_1_99' title='bbox 750 1808 768 1834; x_wconf 89' lang='grc'>,</span> <span class='ocrx_word' id='word_1_100' title='bbox 823 1764 1049 1819; x_wconf 81' lang='grc' dir='ltr'>πλείονα</span> <span class='ocrx_word' id='word_1_101' title='bbox 1088 1762 1147 1816; x_wconf 83' lang='grc' dir='ltr'>δὲ</span> <span class='ocrx_word' id='word_1_102' title='bbox 1189 1759 1582 1830; x_wconf 76' lang='grc' dir='ltr'>ἐπιθυμοῦντος</span> <span class='ocrx_word' id='word_1_103' title='bbox 1606 1800 1622 1825; x_wconf 91' lang='grc'>,</span> <span class='ocrx_word' id='word_1_104' title='bbox 1677 1757 1813 1811; x_wconf 83' lang='grc' dir='ltr'>πολύ</span> <span class='ocrx_word' id='word_1_105' title='bbox 1844 1760 1960 1811; x_wconf 75' lang='grc' dir='ltr'>ἐστι</span> 
     </span>
    </p>
   </div>
   <div class='ocr_carea' id='block_1_18' title="bbox 375 1848 1960 1930">
    <p class='ocr_par' dir='ltr' id='par_1_18' title="bbox 375 1848 1960 1930">
     <span class='ocr_line' id='line_1_18' title="bbox 375 1848 1960 1930; baseline -0.008 -15"><span class='ocrx_word' id='word_1_106' title='bbox 375 1859 806 1930; x_wconf 83' lang='grc' dir='ltr'>πλουσιώτερος.</span> <span class='ocrx_word' id='word_1_107' title='bbox 858 1855 950 1927; x_wconf 82' lang='grc' dir='ltr'>Τῷ</span> <span class='ocrx_word' id='word_1_108' title='bbox 981 1854 1082 1924; x_wconf 74' lang='grc' dir='ltr'>μὲν</span> <span class='ocrx_word' id='word_1_109' title='bbox 1111 1854 1221 1924; x_wconf 86' lang='grc' dir='ltr'>γὰρ</span> <span class='ocrx_word' id='word_1_110' title='bbox 1262 1852 1417 1906; x_wconf 86' lang='grc' dir='ltr'>οὐδὲν</span> <span class='ocrx_word' id='word_1_111' title='bbox 1441 1851 1680 1904; x_wconf 82' lang='grc' dir='ltr'>ἐλλείπει</span> <span class='ocrx_word' id='word_1_112' title='bbox 1704 1866 1719 1881; x_wconf 76' lang='grc' dir='ltr'>ο</span> <span class='ocrx_word' id='word_1_113' title='bbox 1773 1848 1852 1920; x_wconf 81' lang='grc' dir='ltr'>τῷ</span> <span class='ocrx_word' id='word_1_114' title='bbox 1881 1848 1960 1913; x_wconf 84' lang='grc' dir='ltr'>δὲ,</span> 
     </span>
    </p>
   </div>
   <div class='ocr_carea' id='block_1_19' title="bbox 377 1936 1803 2022">
    <p class='ocr_par' dir='ltr' id='par_1_19' title="bbox 377 1936 1803 2022">
     <span class='ocr_line' id='line_1_19' title="bbox 377 1936 1803 2022; baseline -0.009 -14"><span class='ocrx_word' id='word_1_115' title='bbox 377 1955 476 2008; x_wconf 74' lang='grc' dir='ltr'>καὶ</span> <span class='ocrx_word' id='word_1_116' title='bbox 504 1946 581 2007; x_wconf 84' lang='grc' dir='ltr'>ὧν</span> <span class='ocrx_word' id='word_1_117' title='bbox 610 1951 880 2022; x_wconf 85' lang='grc' dir='ltr'>κέκτηται</span> <span class='ocrx_word' id='word_1_118' title='bbox 911 1946 1093 2017; x_wconf 88' lang='grc' dir='ltr'>πολλῷ</span> <span class='ocrx_word' id='word_1_119' title='bbox 1122 1946 1365 2000; x_wconf 81' lang='grc' dir='ltr'>πλείονα.</span> <span class='ocrx_word' id='word_1_120' title='bbox 1786 1936 1803 1943; x_wconf 70' lang='grc'><em>“</em></span> 
     </span>
    </p>
   </div>
   <div class='ocr_carea' id='block_1_20' title="bbox 468 2032 1966 2111">
    <p class='ocr_par' dir='ltr' id='par_1_20' title="bbox 468 2032 1966 2111">
     <span class='ocr_line' id='line_1_20' title="bbox 468 2032 1966 2111; baseline -0.009 -13"><span class='ocrx_word' id='word_1_121' title='bbox 468 2045 534 2098; x_wconf 86' lang='grc' dir='ltr'><strong>Ἦ</strong></span> <span class='ocrx_word' id='word_1_122' title='bbox 581 2043 798 2105; x_wconf 89' lang='grc' dir='ltr'>τέκνοις</span> <span class='ocrx_word' id='word_1_123' title='bbox 825 2041 966 2109; x_wconf 80' lang='grc' dir='ltr'>ἄγαν</span> <span class='ocrx_word' id='word_1_124' title='bbox 996 2037 1295 2111; x_wconf 84' lang='grc' dir='ltr'>χρημάτων</span> <span class='ocrx_word' id='word_1_125' title='bbox 1330 2033 1658 2106; x_wconf 85' lang='grc' dir='ltr'>συναγωγὴ,</span> <span class='ocrx_word' id='word_1_126' title='bbox 1692 2032 1966 2106; x_wconf 81' lang='grc' dir='ltr'>πρόφασίς</span> 
     </span>
    </p>
   </div>
   <div class='ocr_carea' id='block_1_21' title="bbox 388 2127 1657 2204">
    <p class='ocr_par' dir='ltr' id='par_1_21' title="bbox 388 2127 1657 2204">
     <span class='ocr_line' id='line_1_21' title="bbox 388 2127 1657 2204; baseline -0.007 -15"><span class='ocrx_word' id='word_1_127' title='bbox 388 2136 506 2189; x_wconf 65' lang='grc' dir='ltr'>ἑστι</span> <span class='ocrx_word' id='word_1_128' title='bbox 533 2131 920 2204; x_wconf 75' lang='grc' dir='ltr'>φιλαργυρίας,</span> <span class='ocrx_word' id='word_1_129' title='bbox 949 2130 1153 2202; x_wconf 84' lang='grc' dir='ltr'>τρόπον</span> <span class='ocrx_word' id='word_1_130' title='bbox 1179 2129 1309 2185; x_wconf 77' lang='grc' dir='ltr'>ἴδιον</span> <span class='ocrx_word' id='word_1_131' title='bbox 1336 2127 1657 2198; x_wconf 72' lang='grc' dir='ltr'>ἐλέγχουσα.</span> 
     </span>
    </p>
   </div>
   <div class='ocr_carea' id='block_1_22' title="bbox 459 2302 1965 2384">
    <p class='ocr_par' dir='ltr' id='par_1_22' title="bbox 459 2302 1965 2384">
     <span class='ocr_line' id='line_1_22' title="bbox 459 2302 1965 2384; baseline -0.008 -17"><span class='ocrx_word' id='word_1_132' title='bbox 459 2312 544 2367; x_wconf 80' lang='grc' dir='ltr'>Τὰ</span> <span class='ocrx_word' id='word_1_133' title='bbox 591 2312 826 2384; x_wconf 83' lang='grc' dir='ltr'>μέγιστα</span> <span class='ocrx_word' id='word_1_134' title='bbox 866 2309 977 2364; x_wconf 87' lang='grc' dir='ltr'>τῶν</span> <span class='ocrx_word' id='word_1_135' title='bbox 1014 2307 1203 2364; x_wconf 85' lang='grc' dir='ltr'>κακῶν</span> <span class='ocrx_word' id='word_1_136' title='bbox 1233 2309 1282 2362; x_wconf 81' lang='grc' dir='ltr'>οἱ</span> <span class='ocrx_word' id='word_1_137' title='bbox 1307 2307 1541 2377; x_wconf 86' lang='grc' dir='ltr'>πένητες</span> <span class='ocrx_word' id='word_1_138' title='bbox 1569 2302 1965 2374; x_wconf 69' lang='grc' dir='ltr'>ἐκπεφεύγασιο</span> 
     </span>
    </p>
   </div>
   <div class='ocr_carea' id='block_1_23' title="bbox 382 2393 1975 2476">
    <p class='ocr_par' dir='ltr' id='par_1_23' title="bbox 382 2393 1975 2476">
     <span class='ocr_line' id='line_1_23' title="bbox 382 2393 1975 2476; baseline -0.008 -16"><span class='ocrx_word' id='word_1_139' title='bbox 382 2404 702 2476; x_wconf 67' lang='grc' dir='ltr'>ἑπισουλὴν,</span> <span class='ocrx_word' id='word_1_140' title='bbox 721 2402 917 2473; x_wconf 83' lang='grc' dir='ltr'>φθόνον</span> <span class='ocrx_word' id='word_1_141' title='bbox 941 2402 1035 2457; x_wconf 82' lang='grc' dir='ltr'>καὶ</span> <span class='ocrx_word' id='word_1_142' title='bbox 1059 2403 1235 2472; x_wconf 85' lang='grc' dir='ltr'>μῖσος·</span> <span class='ocrx_word' id='word_1_143' title='bbox 1254 2393 1336 2464; x_wconf 75' lang='grc' dir='ltr'>οἷς</span> <span class='ocrx_word' id='word_1_144' title='bbox 1361 2400 1410 2453; x_wconf 83' lang='grc' dir='ltr'>οί</span> <span class='ocrx_word' id='word_1_145' title='bbox 1429 2398 1677 2453; x_wconf 89' lang='grc' dir='ltr'>πλούσιοι</span> <span class='ocrx_word' id='word_1_146' title='bbox 1698 2397 1822 2452; x_wconf 86' lang='grc' dir='ltr'>καθ’</span> <span class='ocrx_word' id='word_1_147' title='bbox 1841 2395 1975 2467; x_wconf 74' lang='grc' dir='ltr'>ἠμέ-</span> 
     </span>
    </p>
   </div>
   <div class='ocr_carea' id='block_1_24' title="bbox 386 2496 1609 2570">
    <p class='ocr_par' dir='ltr' id='par_1_24' title="bbox 386 2496 1609 2570">
     <span class='ocr_line' id='line_1_24' title="bbox 386 2496 1609 2570; baseline -0.004 -17"><span class='ocrx_word' id='word_1_148' title='bbox 386 2514 493 2570; x_wconf 86' lang='grc' dir='ltr'>ραν</span> <span class='ocrx_word' id='word_1_149' title='bbox 522 2496 888 2551; x_wconf 76' lang='grc' dir='ltr'>συνοικοῦσιν.</span> <span class='ocrx_word' id='word_1_150' title='bbox 1600 2496 1609 2504; x_wconf 81' lang='grc'><strong><em>’</em></strong></span> 
     </span>
    </p>
   </div>
   <div class='ocr_carea' id='block_1_25' title="bbox 458 2602 1972 2681">
    <p class='ocr_par' dir='ltr' id='par_1_25' title="bbox 458 2602 1972 2681">
     <span class='ocr_line' id='line_1_25' title="bbox 458 2602 1972 2681; baseline -0.008 -16"><span class='ocrx_word' id='word_1_151' title='bbox 458 2609 766 2681; x_wconf 70' lang='grc' dir='ltr'>Διογένης.</span> <span class='ocrx_word' id='word_1_152' title='bbox 790 2638 864 2649; x_wconf 91' lang='lat'>——</span> <span class='ocrx_word' id='word_1_153' title='bbox 888 2606 1148 2679; x_wconf 81' lang='grc' dir='ltr'>Διογένης</span> <span class='ocrx_word' id='word_1_154' title='bbox 1176 2608 1205 2660; x_wconf 85' lang='grc' dir='ltr'>ὁ</span> <span class='ocrx_word' id='word_1_155' title='bbox 1231 2604 1467 2668; x_wconf 82' lang='grc' dir='ltr'>Κυνικὸς</span> <span class='ocrx_word' id='word_1_156' title='bbox 1494 2602 1801 2674; x_wconf 83' lang='grc' dir='ltr'>φιλόσοφος,</span> <span class='ocrx_word' id='word_1_157' title='bbox 1832 2602 1972 2670; x_wconf 79' lang='grc' dir='ltr'>ἐρω-</span> 
     </span>
    </p>
   </div>
   <div class='ocr_carea' id='block_1_26' title="bbox 386 2694 1970 2774">
    <p class='ocr_par' dir='ltr' id='par_1_26' title="bbox 386 2694 1970 2774">
     <span class='ocr_line' id='line_1_26' title="bbox 386 2694 1970 2774; baseline -0.007 -19"><span class='ocrx_word' id='word_1_158' title='bbox 386 2703 579 2774; x_wconf 66' lang='grc' dir='ltr'>τηθεὶς</span> <span class='ocrx_word' id='word_1_159' title='bbox 627 2701 732 2756; x_wconf 84' lang='grc' dir='ltr'>ὐπό</span> <span class='ocrx_word' id='word_1_160' title='bbox 767 2717 937 2768; x_wconf 86' lang='grc' dir='ltr'>τινος,</span> <span class='ocrx_word' id='word_1_161' title='bbox 980 2699 1071 2755; x_wconf 81' lang='grc' dir='ltr'>διὰ</span> <span class='ocrx_word' id='word_1_162' title='bbox 1103 2698 1158 2753; x_wconf 90' lang='grc' dir='ltr'>τί</span> <span class='ocrx_word' id='word_1_163' title='bbox 1202 2699 1265 2751; x_wconf 81' lang='grc' dir='ltr'>τὸ</span> <span class='ocrx_word' id='word_1_164' title='bbox 1293 2697 1517 2768; x_wconf 88' lang='grc' dir='ltr'>χρυσίον</span> <span class='ocrx_word' id='word_1_165' title='bbox 1547 2694 1759 2767; x_wconf 81' lang='grc' dir='ltr'>χλωρόν</span> <span class='ocrx_word' id='word_1_166' title='bbox 1783 2694 1931 2746; x_wconf 77' lang='grc' dir='ltr'>ἐστιν</span> <span class='ocrx_word' id='word_1_167' title='bbox 1952 2732 1970 2757; x_wconf 91' lang='grc'>,</span> 
     </span>
    </p>
   </div>
   <div class='ocr_carea' id='block_1_27' title="bbox 386 2787 1512 2858">
    <p class='ocr_par' dir='ltr' id='par_1_27' title="bbox 386 2787 1512 2858">
     <span class='ocr_line' id='line_1_27' title="bbox 386 2787 1512 2858; baseline -0.006 -9"><span class='ocrx_word' id='word_1_168' title='bbox 386 2791 575 2857; x_wconf 71' lang='grc' dir='ltr'>εἶπεν·</span> <span class='ocrx_word' id='word_1_169' title='bbox 615 2794 739 2847; x_wconf 74' lang='grc' dir='ltr'>Ὀτι</span> <span class='ocrx_word' id='word_1_170' title='bbox 770 2791 1002 2854; x_wconf 79' lang='grc' dir='ltr'>πολλοὺς</span> <span class='ocrx_word' id='word_1_171' title='bbox 1028 2789 1353 2851; x_wconf 73' lang='grc' dir='ltr'>ἐπιϐούλους</span> <span class='ocrx_word' id='word_1_172' title='bbox 1379 2787 1512 2858; x_wconf 72' lang='grc' dir='ltr'>ἔχει.</span> 
     </span>
    </p>
   </div>
   <div class='ocr_carea' id='block_1_28' title="bbox 472 2875 1975 2952">
    <p class='ocr_par' dir='ltr' id='par_1_28' title="bbox 472 2875 1975 2952">
     <span class='ocr_line' id='line_1_28' title="bbox 472 2875 1975 2952; baseline -0.007 -13"><span class='ocrx_word' id='word_1_173' title='bbox 472 2886 534 2939; x_wconf 85' lang='grc'>’0</span> <span class='ocrx_word' id='word_1_174' title='bbox 584 2884 747 2947; x_wconf 82' lang='grc' dir='ltr'>αὐτὸς</span> <span class='ocrx_word' id='word_1_175' title='bbox 799 2883 923 2937; x_wconf 87' lang='grc' dir='ltr'>ίδὼν</span> <span class='ocrx_word' id='word_1_176' title='bbox 967 2882 1095 2945; x_wconf 83' lang='grc' dir='ltr'>τοὺς</span> <span class='ocrx_word' id='word_1_177' title='bbox 1128 2879 1513 2952; x_wconf 80' lang='grc' dir='ltr'>’Δναξιμένους</span> <span class='ocrx_word' id='word_1_178' title='bbox 1556 2879 1771 2941; x_wconf 80' lang='grc' dir='ltr'>οἰκέτας</span> <span class='ocrx_word' id='word_1_179' title='bbox 1803 2875 1975 2930; x_wconf 73' lang='grc' dir='ltr'>πολλὰ</span> 
     </span>
    </p>
   </div>
   <div class='ocr_carea' id='block_1_29' title="bbox 391 2963 1974 3048">
    <p class='ocr_par' dir='ltr' id='par_1_29' title="bbox 391 2963 1974 3048">
     <span class='ocr_line' id='line_1_29' title="bbox 391 2963 1974 3048; baseline -0.008 -16"><span class='ocrx_word' id='word_1_180' title='bbox 391 2976 577 3048; x_wconf 81' lang='grc' dir='ltr'>σκεύη.</span> <span class='ocrx_word' id='word_1_181' title='bbox 616 2975 1034 3048; x_wconf 72' lang='grc' dir='ltr'>περιφέροντας,</span> <span class='ocrx_word' id='word_1_182' title='bbox 1084 2973 1267 3045; x_wconf 74' lang='grc' dir='ltr'>ἤρετο·</span> <span class='ocrx_word' id='word_1_183' title='bbox 1314 2972 1470 3035; x_wconf 87' lang='grc' dir='ltr'>Τίνος</span> <span class='ocrx_word' id='word_1_184' title='bbox 1497 2963 1706 3037; x_wconf 47' lang='grc' dir='ltr'>ταύτας</span> <span class='ocrx_word' id='word_1_185' title='bbox 1752 2969 1876 3024; x_wconf 89' lang='grc' dir='ltr'>Τῶν</span> <span class='ocrx_word' id='word_1_186' title='bbox 1917 2967 1974 3020; x_wconf 87' lang='grc' dir='ltr'>δὲ</span> 
     </span>
    </p>
   </div>
   <div class='ocr_carea' id='block_1_30' title="bbox 2055 473 2205 521">
    <p class='ocr_par' dir='ltr' id='par_1_30' title="bbox 2055 473 2205 521">
     <span class='ocr_line' id='line_1_30' title="bbox 2055 473 2205 521; baseline -0.033 0"><span class='ocrx_word' id='word_1_187' title='bbox 2055 473 2205 521; x_wconf 88' lang='lat' dir='ltr'>sunt.</span> 
     </span>
    </p>
   </div>
   <div class='ocr_carea' id='block_1_31' title="bbox 2130 546 3631 629">
    <p class='ocr_par' dir='ltr' id='par_1_31' title="bbox 2130 546 3631 629">
     <span class='ocr_line' id='line_1_31' title="bbox 2130 546 3631 629; baseline -0.009 -18"><span class='ocrx_word' id='word_1_188' title='bbox 2130 555 2185 611; x_wconf 90' lang='lat' dir='ltr'>Si</span> <span class='ocrx_word' id='word_1_189' title='bbox 2209 571 2320 629; x_wconf 84' lang='lat' dir='ltr'>non</span> <span class='ocrx_word' id='word_1_190' title='bbox 2342 553 2641 629; x_wconf 66' lang='lat' dir='ltr'>mpltorum</span> <span class='ocrx_word' id='word_1_191' title='bbox 2663 548 2944 604; x_wconf 89' lang='lat' dir='ltr'>desiderio</span> <span class='ocrx_word' id='word_1_192' title='bbox 2967 546 3226 612; x_wconf 86' lang='lat' dir='ltr'>tenearis,</span> <span class='ocrx_word' id='word_1_193' title='bbox 3249 546 3417 600; x_wconf 85' lang='lat' dir='ltr'>etiam</span> <span class='ocrx_word' id='word_1_194' title='bbox 3435 557 3631 615; x_wconf 87' lang='lat' dir='ltr'>pauca,</span> 
     </span>
    </p>
   </div>
   <div class='ocr_carea' id='block_1_32' title="bbox 2056 622 3632 705">
    <p class='ocr_par' dir='ltr' id='par_1_32' title="bbox 2056 622 3632 705">
     <span class='ocr_line' id='line_1_32' title="bbox 2056 622 3632 705; baseline -0.006 -6"><span class='ocrx_word' id='word_1_195' title='bbox 2056 626 2227 700; x_wconf 85' lang='lat' dir='ltr'>multa</span> <span class='ocrx_word' id='word_1_196' title='bbox 2254 622 2613 697; x_wconf 55' lang='lat' dir='ltr'>videbuntur.</span> <span class='ocrx_word' id='word_1_197' title='bbox 2645 638 2800 704; x_wconf 87' lang='lat' dir='ltr'>Quod</span> <span class='ocrx_word' id='word_1_198' title='bbox 2832 637 2979 691; x_wconf 91' lang='lat' dir='ltr'>enim</span> <span class='ocrx_word' id='word_1_199' title='bbox 3005 636 3267 705; x_wconf 76' lang='lat' dir='ltr'>exiguum</span> <span class='ocrx_word' id='word_1_200' title='bbox 3299 635 3431 704; x_wconf 86' lang='lat' dir='ltr'>quid</span> <span class='ocrx_word' id='word_1_201' title='bbox 3461 649 3632 704; x_wconf 84' lang='lat' dir='ltr'>appe—</span> 
     </span>
    </p>
   </div>
   <div class='ocr_carea' id='block_1_33' title="bbox 2058 728 3456 805">
    <p class='ocr_par' dir='ltr' id='par_1_33' title="bbox 2058 728 3456 805">
     <span class='ocr_line' id='line_1_33' title="bbox 2058 728 3456 805; baseline -0.009 -14"><span class='ocrx_word' id='word_1_202' title='bbox 2058 739 2150 801; x_wconf 91' lang='lat' dir='ltr'>tis,</span> <span class='ocrx_word' id='word_1_203' title='bbox 2188 750 2374 805; x_wconf 88' lang='lat' dir='ltr'>parem</span> <span class='ocrx_word' id='word_1_204' title='bbox 2406 731 2706 803; x_wconf 72' lang='lat' dir='ltr'>opulentia:</span> <span class='ocrx_word' id='word_1_205' title='bbox 2729 737 3109 799; x_wconf 76' lang='lat' dir='ltr'>paupertatem</span> <span class='ocrx_word' id='word_1_206' title='bbox 3152 728 3456 797; x_wconf 76' lang='lat' dir='ltr'>praestabit.</span> 
     </span>
    </p>
   </div>
   <div class='ocr_carea' id='block_1_34' title="bbox 2126 815 3637 891">
    <p class='ocr_par' dir='ltr' id='par_1_34' title="bbox 2126 815 3637 891">
     <span class='ocr_line' id='line_1_34' title="bbox 2126 815 3637 891; baseline -0.009 -10"><span class='ocrx_word' id='word_1_207' title='bbox 2126 826 2422 882; x_wconf 82' lang='lat' dir='ltr'>Naturales</span> <span class='ocrx_word' id='word_1_208' title='bbox 2458 823 2686 885; x_wconf 67' lang='lat' dir='ltr'>divitiae,</span> <span class='ocrx_word' id='word_1_209' title='bbox 2742 837 2880 891; x_wconf 90' lang='lat' dir='ltr'>pane</span> <span class='ocrx_word' id='word_1_210' title='bbox 2941 828 2996 873; x_wconf 83' lang='lat' dir='ltr'>et</span> <span class='ocrx_word' id='word_1_211' title='bbox 3032 834 3176 888; x_wconf 88' lang='lat' dir='ltr'>aqua</span> <span class='ocrx_word' id='word_1_212' title='bbox 3210 819 3526 888; x_wconf 76' lang='lat' dir='ltr'>explentur,</span> <span class='ocrx_word' id='word_1_213' title='bbox 3553 815 3637 868; x_wconf 91' lang='lat' dir='ltr'>vi-</span> 
     </span>
    </p>
   </div>
   <div class='ocr_carea' id='block_1_35' title="bbox 2057 905 3637 988">
    <p class='ocr_par' dir='ltr' id='par_1_35' title="bbox 2057 905 3637 988">
     <span class='ocr_line' id='line_1_35' title="bbox 2057 905 3637 988; baseline -0.009 -16"><span class='ocrx_word' id='word_1_214' title='bbox 2057 920 2207 988; x_wconf 85' lang='lat' dir='ltr'><strong>lique</strong></span> <span class='ocrx_word' id='word_1_215' title='bbox 2228 922 2550 987; x_wconf 84' lang='lat' dir='ltr'>tegumento</span> <span class='ocrx_word' id='word_1_216' title='bbox 2576 910 2907 981; x_wconf 70' lang='lat' dir='ltr'>;superﬂuaa</span> <span class='ocrx_word' id='word_1_217' title='bbox 2933 919 3141 973; x_wconf 88' lang='lat' dir='ltr'>autem,</span> <span class='ocrx_word' id='word_1_218' title='bbox 3169 907 3334 963; x_wconf 89' lang='lat' dir='ltr'>etiam</span> <span class='ocrx_word' id='word_1_219' title='bbox 3360 905 3637 960; x_wconf 80' lang='lat' dir='ltr'>infinitum</span> 
     </span>
    </p>
   </div>
   <div class='ocr_carea' id='block_1_36' title="bbox 2060 1000 3193 1077">
    <p class='ocr_par' dir='ltr' id='par_1_36' title="bbox 2060 1000 3193 1077">
     <span class='ocr_line' id='line_1_36' title="bbox 2060 1000 3193 1077; baseline -0.01 -13"><span class='ocrx_word' id='word_1_220' title='bbox 2060 1008 2246 1065; x_wconf 90' lang='lat' dir='ltr'>animo</span> <span class='ocrx_word' id='word_1_221' title='bbox 2276 1004 2601 1077; x_wconf 85' lang='lat' dir='ltr'>cupiditatis</span> <span class='ocrx_word' id='word_1_222' title='bbox 2626 1001 2935 1058; x_wconf 88' lang='lat' dir='ltr'>cruciatum</span> <span class='ocrx_word' id='word_1_223' title='bbox 2967 1000 3193 1055; x_wconf 82' lang='lat' dir='ltr'>habent.</span> 
     </span>
    </p>
   </div>
   <div class='ocr_carea' id='block_1_37' title="bbox 2130 1174 3641 1253">
    <p class='ocr_par' dir='ltr' id='par_1_37' title="bbox 2130 1174 3641 1253">
     <span class='ocr_line' id='line_1_37' title="bbox 2130 1174 3641 1253; baseline -0.008 -13"><span class='ocrx_word' id='word_1_224' title='bbox 2130 1185 2285 1240; x_wconf 86' lang='lat' dir='ltr'>Idem</span> <span class='ocrx_word' id='word_1_225' title='bbox 2346 1182 2743 1253; x_wconf 88' lang='lat' dir='ltr'>interrogatus,</span> <span class='ocrx_word' id='word_1_226' title='bbox 2801 1178 3271 1251; x_wconf 86' lang='lat' dir='ltr'>quemadmodum</span> <span class='ocrx_word' id='word_1_227' title='bbox 3318 1177 3448 1247; x_wconf 88' lang='lat' dir='ltr'>quis</span> <span class='ocrx_word' id='word_1_228' title='bbox 3485 1174 3641 1230; x_wconf 83' lang='lat' dir='ltr'>dives</span> 
     </span>
    </p>
   </div>
   <div class='ocr_carea' id='block_1_38' title="bbox 2060 1264 3641 1346">
    <p class='ocr_par' dir='ltr' id='par_1_38' title="bbox 2060 1264 3641 1346">
     <span class='ocr_line' id='line_1_38' title="bbox 2060 1264 3641 1346; baseline -0.008 -14"><span class='ocrx_word' id='word_1_229' title='bbox 2060 1276 2182 1332; x_wconf 86' lang='lat' dir='ltr'>ﬁeri</span> <span class='ocrx_word' id='word_1_230' title='bbox 2214 1274 2431 1346; x_wconf 81' lang='lat' dir='ltr'>possit:</span> <span class='ocrx_word' id='word_1_231' title='bbox 2468 1272 2547 1339; x_wconf 89' lang='lat' dir='ltr'>Si,</span> <span class='ocrx_word' id='word_1_232' title='bbox 2574 1273 2777 1343; x_wconf 88' lang='lat' dir='ltr'>inquit,</span> <span class='ocrx_word' id='word_1_233' title='bbox 2822 1271 3188 1341; x_wconf 83' lang='lat' dir='ltr'>cupiditatum</span> <span class='ocrx_word' id='word_1_234' title='bbox 3212 1284 3423 1339; x_wconf 87' lang='lat' dir='ltr'>pauper</span> <span class='ocrx_word' id='word_1_235' title='bbox 3467 1264 3641 1322; x_wconf 79' lang='lat' dir='ltr'>exsti-</span> 
     </span>
    </p>
   </div>
   <div class='ocr_carea' id='block_1_39' title="bbox 2060 1368 2215 1423">
    <p class='ocr_par' dir='ltr' id='par_1_39' title="bbox 2060 1368 2215 1423">
     <span class='ocr_line' id='line_1_39' title="bbox 2060 1368 2215 1423; baseline -0.019 0"><span class='ocrx_word' id='word_1_236' title='bbox 2060 1368 2215 1423; x_wconf 89' lang='lat' dir='ltr'>terit.</span> 
     </span>
    </p>
   </div>
   <div class='ocr_carea' id='block_1_40' title="bbox 2128 1449 3643 1529">
    <p class='ocr_par' dir='ltr' id='par_1_40' title="bbox 2128 1449 3643 1529">
     <span class='ocr_line' id='line_1_40' title="bbox 2128 1449 3643 1529; baseline -0.009 -15"><span class='ocrx_word' id='word_1_237' title='bbox 2128 1458 2292 1529; x_wconf 81' lang='lat' dir='ltr'>57o</span> <span class='ocrx_word' id='word_1_238' title='bbox 2312 1458 2393 1512; x_wconf 85' lang='lat' dir='ltr'>Ad</span> <span class='ocrx_word' id='word_1_239' title='bbox 2445 1465 2702 1512; x_wconf 87' lang='lat' dir='ltr'>naturam</span> <span class='ocrx_word' id='word_1_240' title='bbox 2738 1455 2887 1526; x_wconf 89' lang='lat' dir='ltr'>quod</span> <span class='ocrx_word' id='word_1_241' title='bbox 2926 1455 3147 1520; x_wconf 87' lang='lat' dir='ltr'>attinet,</span> <span class='ocrx_word' id='word_1_242' title='bbox 3201 1468 3396 1509; x_wconf 88' lang='lat' dir='ltr'>omnes</span> <span class='ocrx_word' id='word_1_243' title='bbox 3440 1449 3643 1504; x_wconf 89' lang='lat' dir='ltr'>divites</span> 
     </span>
    </p>
   </div>
   <div class='ocr_carea' id='block_1_41' title="bbox 2062 1546 3485 1619">
    <p class='ocr_par' dir='ltr' id='par_1_41' title="bbox 2062 1546 3485 1619">
     <span class='ocr_line' id='line_1_41' title="bbox 2062 1546 3485 1619; baseline -0.007 -15"><span class='ocrx_word' id='word_1_244' title='bbox 2062 1564 2291 1605; x_wconf 89' lang='lat' dir='ltr'>sumus:</span> <span class='ocrx_word' id='word_1_245' title='bbox 2327 1547 2477 1618; x_wconf 89' lang='lat' dir='ltr'>quod</span> <span class='ocrx_word' id='word_1_246' title='bbox 2518 1562 2650 1602; x_wconf 89' lang='lat' dir='ltr'>vero</span> <span class='ocrx_word' id='word_1_247' title='bbox 2671 1546 2737 1601; x_wconf 87' lang='lat' dir='ltr'>ad</span> <span class='ocrx_word' id='word_1_248' title='bbox 2769 1560 2893 1609; x_wconf 89' lang='lat' dir='ltr'>nos,</span> <span class='ocrx_word' id='word_1_249' title='bbox 2919 1560 3115 1599; x_wconf 91' lang='lat' dir='ltr'>omnes</span> <span class='ocrx_word' id='word_1_250' title='bbox 3139 1557 3433 1614; x_wconf 83' lang='lat' dir='ltr'>pauperes.</span> <span class='ocrx_word' id='word_1_251' title='bbox 3479 1614 3485 1619; x_wconf 86' lang='lat'><em>_</em></span> 
     </span>
    </p>
   </div>
   <div class='ocr_carea' id='block_1_42' title="bbox 2136 1630 3645 1707">
    <p class='ocr_par' dir='ltr' id='par_1_42' title="bbox 2136 1630 3645 1707">
     <span class='ocr_line' id='line_1_42' title="bbox 2136 1630 3645 1707; baseline -0.007 -13"><span class='ocrx_word' id='word_1_252' title='bbox 2136 1639 2240 1707; x_wconf 89' lang='lat' dir='ltr'>Qui</span> <span class='ocrx_word' id='word_1_253' title='bbox 2264 1639 2616 1694; x_wconf 85' lang='lat' dir='ltr'>naturalibus</span> <span class='ocrx_word' id='word_1_254' title='bbox 2645 1637 2853 1692; x_wconf 81' lang='lat' dir='ltr'>divitiis</span> <span class='ocrx_word' id='word_1_255' title='bbox 2884 1645 3185 1690; x_wconf 90' lang='lat' dir='ltr'>contentus</span> <span class='ocrx_word' id='word_1_256' title='bbox 3212 1642 3316 1696; x_wconf 84' lang='lat' dir='ltr'>est,</span> <span class='ocrx_word' id='word_1_257' title='bbox 3354 1632 3529 1686; x_wconf 91' lang='lat' dir='ltr'>multo</span> <span class='ocrx_word' id='word_1_258' title='bbox 3552 1630 3645 1684; x_wconf 93' lang='lat' dir='ltr'>illo</span> 
     </span>
    </p>
   </div>
   <div class='ocr_carea' id='block_1_43' title="bbox 2064 1726 3645 1800">
    <p class='ocr_par' dir='ltr' id='par_1_43' title="bbox 2064 1726 3645 1800">
     <span class='ocr_line' id='line_1_43' title="bbox 2064 1726 3645 1800; baseline -0.008 -13"><span class='ocrx_word' id='word_1_259' title='bbox 2064 1732 2235 1788; x_wconf 92' lang='lat' dir='ltr'>ditior</span> <span class='ocrx_word' id='word_1_260' title='bbox 2261 1738 2367 1793; x_wconf 88' lang='lat' dir='ltr'>est,</span> <span class='ocrx_word' id='word_1_261' title='bbox 2397 1731 2489 1800; x_wconf 87' lang='lat' dir='ltr'>qui</span> <span class='ocrx_word' id='word_1_262' title='bbox 2517 1745 2643 1784; x_wconf 90' lang='lat' dir='ltr'>cum</span> <span class='ocrx_word' id='word_1_263' title='bbox 2673 1729 2846 1782; x_wconf 91' lang='lat' dir='ltr'>multa</span> <span class='ocrx_word' id='word_1_264' title='bbox 2876 1727 3178 1799; x_wconf 85' lang='lat' dir='ltr'>possideat,</span> <span class='ocrx_word' id='word_1_265' title='bbox 3218 1726 3383 1794; x_wconf 87' lang='lat' dir='ltr'>plura</span> <span class='ocrx_word' id='word_1_266' title='bbox 3431 1737 3645 1777; x_wconf 84' lang='lat' dir='ltr'>concu-</span> 
     </span>
    </p>
   </div>
   <div class='ocr_carea' id='block_1_44' title="bbox 2065 1817 3644 1897">
    <p class='ocr_par' dir='ltr' id='par_1_44' title="bbox 2065 1817 3644 1897">
     <span class='ocr_line' id='line_1_44' title="bbox 2065 1817 3644 1897; baseline -0.009 -17"><span class='ocrx_word' id='word_1_267' title='bbox 2065 1825 2250 1897; x_wconf 86' lang='lat' dir='ltr'>piscit.</span> <span class='ocrx_word' id='word_1_268' title='bbox 2277 1824 2362 1878; x_wconf 91' lang='lat' dir='ltr'>Illi</span> <span class='ocrx_word' id='word_1_269' title='bbox 2400 1822 2548 1877; x_wconf 89' lang='lat' dir='ltr'>enim</span> <span class='ocrx_word' id='word_1_270' title='bbox 2573 1821 2713 1876; x_wconf 88' lang='lat' dir='ltr'>nihil</span> <span class='ocrx_word' id='word_1_271' title='bbox 2735 1821 2921 1887; x_wconf 89' lang='lat' dir='ltr'>deest;</span> <span class='ocrx_word' id='word_1_272' title='bbox 2957 1819 3089 1874; x_wconf 88' lang='lat' dir='ltr'>huic</span> <span class='ocrx_word' id='word_1_273' title='bbox 3111 1833 3268 1881; x_wconf 90' lang='lat' dir='ltr'>vero,</span> <span class='ocrx_word' id='word_1_274' title='bbox 3289 1817 3454 1887; x_wconf 90' lang='lat' dir='ltr'>plura</span> <span class='ocrx_word' id='word_1_275' title='bbox 3480 1830 3644 1884; x_wconf 90' lang='lat' dir='ltr'>quam</span> 
     </span>
    </p>
   </div>
   <div class='ocr_carea' id='block_1_45' title="bbox 2068 1915 2556 1972">
    <p class='ocr_par' dir='ltr' id='par_1_45' title="bbox 2068 1915 2556 1972">
     <span class='ocr_line' id='line_1_45' title="bbox 2068 1915 2556 1972; baseline -0.01 0"><span class='ocrx_word' id='word_1_276' title='bbox 2068 1919 2300 1972; x_wconf 89' lang='lat' dir='ltr'>incensu</span> <span class='ocrx_word' id='word_1_277' title='bbox 2334 1915 2556 1969; x_wconf 88' lang='lat' dir='ltr'>habeat.</span> 
     </span>
    </p>
   </div>
   <div class='ocr_carea' id='block_1_46' title="bbox 2140 1999 3648 2072">
    <p class='ocr_par' dir='ltr' id='par_1_46' title="bbox 2140 1999 3648 2072">
     <span class='ocr_line' id='line_1_46' title="bbox 2140 1999 3648 2072; baseline -0.011 -10"><span class='ocrx_word' id='word_1_278' title='bbox 2140 2008 2322 2063; x_wconf 87' lang='lat' dir='ltr'>Nimia</span> <span class='ocrx_word' id='word_1_279' title='bbox 2358 2006 2415 2059; x_wconf 91' lang='lat' dir='ltr'>in</span> <span class='ocrx_word' id='word_1_280' title='bbox 2450 2005 2754 2059; x_wconf 86' lang='lat' dir='ltr'>liberorum</span> <span class='ocrx_word' id='word_1_281' title='bbox 2802 2004 3034 2072; x_wconf 80' lang='lat' dir='ltr'>gratiam</span> <span class='ocrx_word' id='word_1_282' title='bbox 3068 1999 3431 2071; x_wconf 88' lang='lat' dir='ltr'>pecuniarum</span> <span class='ocrx_word' id='word_1_283' title='bbox 3491 2010 3648 2048; x_wconf 83' lang='lat' dir='ltr'>acer-</span> 
     </span>
    </p>
   </div>
   <div class='ocr_carea' id='block_1_47' title="bbox 2069 2086 3697 2166">
    <p class='ocr_par' dir='ltr' id='par_1_47' title="bbox 2069 2086 3697 2166">
     <span class='ocr_line' id='line_1_47' title="bbox 2069 2086 3697 2166; baseline -0.01 -13"><span class='ocrx_word' id='word_1_284' title='bbox 2069 2100 2242 2161; x_wconf 88' lang='lat' dir='ltr'>vatio,</span> <span class='ocrx_word' id='word_1_285' title='bbox 2306 2104 2607 2166; x_wconf 75' lang='lat' dir='ltr'>prtctextus</span> <span class='ocrx_word' id='word_1_286' title='bbox 2674 2093 2922 2149; x_wconf 70' lang='lat' dir='ltr'>avaritia:</span> <span class='ocrx_word' id='word_1_287' title='bbox 2961 2100 3042 2148; x_wconf 90' lang='lat' dir='ltr'>est</span> <span class='ocrx_word' id='word_1_288' title='bbox 3073 2131 3089 2157; x_wconf 89' lang='lat'>,</span> <span class='ocrx_word' id='word_1_289' title='bbox 3144 2104 3328 2145; x_wconf 89' lang='lat' dir='ltr'>mores</span> <span class='ocrx_word' id='word_1_290' title='bbox 3392 2086 3697 2158; x_wconf 53' lang='lat' dir='ltr'>proprios.</span> 
     </span>
    </p>
   </div>
   <div class='ocr_carea' id='block_1_48' title="bbox 2070 2188 2386 2245">
    <p class='ocr_par' dir='ltr' id='par_1_48' title="bbox 2070 2188 2386 2245">
     <span class='ocr_line' id='line_1_48' title="bbox 2070 2188 2386 2245; baseline -0.003 -1"><span class='ocrx_word' id='word_1_291' title='bbox 2070 2188 2386 2245; x_wconf 90' lang='lat' dir='ltr'>ostendens.</span> 
     </span>
    </p>
   </div>
   <div class='ocr_carea' id='block_1_49' title="bbox 2132 2278 3653 2349">
    <p class='ocr_par' dir='ltr' id='par_1_49' title="bbox 2132 2278 3653 2349">
     <span class='ocr_line' id='line_1_49' title="bbox 2132 2278 3653 2349; baseline -0.009 -14"><span class='ocrx_word' id='word_1_292' title='bbox 2132 2280 2400 2335; x_wconf 80' lang='lat' dir='ltr'>Malorum</span> <span class='ocrx_word' id='word_1_293' title='bbox 2453 2278 2694 2333; x_wconf 86' lang='lat' dir='ltr'>maxima</span> <span class='ocrx_word' id='word_1_294' title='bbox 2745 2291 3023 2349; x_wconf 87' lang='lat' dir='ltr'>pauperes</span> <span class='ocrx_word' id='word_1_295' title='bbox 3073 2279 3417 2331; x_wconf 84' lang='lat' dir='ltr'>evaserunt:</span> <span class='ocrx_word' id='word_1_296' title='bbox 3452 2282 3653 2338; x_wconf 88' lang='lat' dir='ltr'>nempe</span> 
     </span>
    </p>
   </div>
   <div class='ocr_carea' id='block_1_50' title="bbox 2081 2366 3654 2441">
    <p class='ocr_par' dir='ltr' id='par_1_50' title="bbox 2081 2366 3654 2441">
     <span class='ocr_line' id='line_1_50' title="bbox 2081 2366 3654 2441; baseline -0.007 -15"><span class='ocrx_word' id='word_1_297' title='bbox 2081 2372 2332 2436; x_wconf 87' lang='lat' dir='ltr'>insidias,</span> <span class='ocrx_word' id='word_1_298' title='bbox 2362 2370 2655 2437; x_wconf 86' lang='lat' dir='ltr'>invidiam,</span> <span class='ocrx_word' id='word_1_299' title='bbox 2682 2369 2908 2438; x_wconf 84' lang='lat' dir='ltr'>odium;</span> <span class='ocrx_word' id='word_1_300' title='bbox 2938 2370 2998 2425; x_wconf 91' lang='lat' dir='ltr'>in</span> <span class='ocrx_word' id='word_1_301' title='bbox 3025 2368 3238 2441; x_wconf 85' lang='lat' dir='ltr'>quibus</span> <span class='ocrx_word' id='word_1_302' title='bbox 3274 2366 3480 2422; x_wconf 86' lang='lat' dir='ltr'>divites</span> <span class='ocrx_word' id='word_1_303' title='bbox 3516 2376 3654 2432; x_wconf 89' lang='lat' dir='ltr'>quo-</span> 
     </span>
    </p>
   </div>
   <div class='ocr_carea' id='block_1_51' title="bbox 2073 2465 2553 2520">
    <p class='ocr_par' dir='ltr' id='par_1_51' title="bbox 2073 2465 2553 2520">
     <span class='ocr_line' id='line_1_51' title="bbox 2073 2465 2553 2520; baseline -0.006 -1"><span class='ocrx_word' id='word_1_304' title='bbox 2073 2465 2212 2520; x_wconf 90' lang='lat' dir='ltr'>tidie</span> <span class='ocrx_word' id='word_1_305' title='bbox 2236 2472 2553 2519; x_wconf 89' lang='lat' dir='ltr'>versantur.</span> 
     </span>
    </p>
   </div>
   <div class='ocr_carea' id='block_1_52' title="bbox 2143 2573 3653 2650">
    <p class='ocr_par' dir='ltr' id='par_1_52' title="bbox 2143 2573 3653 2650">
     <span class='ocr_line' id='line_1_52' title="bbox 2143 2573 3653 2650; baseline -0.005 -15"><span class='ocrx_word' id='word_1_306' title='bbox 2143 2581 2502 2650; x_wconf 70' lang='lat' dir='ltr'>Diogenes.-—</span> <span class='ocrx_word' id='word_1_307' title='bbox 2530 2576 2801 2645; x_wconf 81' lang='lat' dir='ltr'>Diogenes</span> <span class='ocrx_word' id='word_1_308' title='bbox 2822 2573 3064 2645; x_wconf 82' lang='lat' dir='ltr'>Cynicus</span> <span class='ocrx_word' id='word_1_309' title='bbox 3092 2573 3463 2645; x_wconf 86' lang='lat' dir='ltr'>philosophus</span> <span class='ocrx_word' id='word_1_310' title='bbox 3483 2574 3653 2629; x_wconf 81' lang='lat' dir='ltr'>inter-</span> 
     </span>
    </p>
   </div>
   <div class='ocr_carea' id='block_1_53' title="bbox 2073 2663 3651 2740">
    <p class='ocr_par' dir='ltr' id='par_1_53' title="bbox 2073 2663 3651 2740">
     <span class='ocr_line' id='line_1_53' title="bbox 2073 2663 3651 2740; baseline -0.004 -16"><span class='ocrx_word' id='word_1_311' title='bbox 2073 2679 2316 2740; x_wconf 80' lang='lat' dir='ltr'>rogatus,</span> <span class='ocrx_word' id='word_1_312' title='bbox 2346 2666 2479 2737; x_wconf 92' lang='lat' dir='ltr'>quid</span> <span class='ocrx_word' id='word_1_313' title='bbox 2499 2681 2680 2720; x_wconf 69' lang='lat' dir='ltr'>causae</span> <span class='ocrx_word' id='word_1_314' title='bbox 2705 2665 2778 2719; x_wconf 89' lang='lat' dir='ltr'>sit</span> <span class='ocrx_word' id='word_1_315' title='bbox 2808 2678 2910 2718; x_wconf 90' lang='lat' dir='ltr'>cur</span> <span class='ocrx_word' id='word_1_316' title='bbox 2928 2679 3126 2719; x_wconf 89' lang='lat' dir='ltr'>aurum</span> <span class='ocrx_word' id='word_1_317' title='bbox 3148 2664 3411 2734; x_wconf 82' lang='lat' dir='ltr'>pallescat</span> <span class='ocrx_word' id='word_1_318' title='bbox 3438 2663 3651 2732; x_wconf 88' lang='lat' dir='ltr'>:Quod,</span> 
     </span>
    </p>
   </div>
   <div class='ocr_carea' id='block_1_54' title="bbox 2075 2753 3126 2829">
    <p class='ocr_par' dir='ltr' id='par_1_54' title="bbox 2075 2753 3126 2829">
     <span class='ocr_line' id='line_1_54' title="bbox 2075 2753 3126 2829; baseline -0.006 -14"><span class='ocrx_word' id='word_1_319' title='bbox 2075 2758 2278 2829; x_wconf 90' lang='lat' dir='ltr'>inquit,</span> <span class='ocrx_word' id='word_1_320' title='bbox 2314 2757 2517 2811; x_wconf 89' lang='lat' dir='ltr'>multos</span> <span class='ocrx_word' id='word_1_321' title='bbox 2554 2754 2881 2810; x_wconf 88' lang='lat' dir='ltr'>insidiantes</span> <span class='ocrx_word' id='word_1_322' title='bbox 2903 2753 3126 2809; x_wconf 87' lang='lat' dir='ltr'>habeat.</span> 
     </span>
    </p>
   </div>
   <div class='ocr_carea' id='block_1_55' title="bbox 2143 2846 3654 2912">
    <p class='ocr_par' dir='ltr' id='par_1_55' title="bbox 2143 2846 3654 2912">
     <span class='ocr_line' id='line_1_55' title="bbox 2143 2846 3654 2912; baseline -0.005 -6"><span class='ocrx_word' id='word_1_323' title='bbox 2143 2851 2295 2906; x_wconf 90' lang='lat' dir='ltr'>Idem</span> <span class='ocrx_word' id='word_1_324' title='bbox 2318 2850 2515 2904; x_wconf 88' lang='lat' dir='ltr'>videns</span> <span class='ocrx_word' id='word_1_325' title='bbox 2543 2846 2900 2902; x_wconf 83' lang='lat' dir='ltr'>Anaximenis</span> <span class='ocrx_word' id='word_1_326' title='bbox 2919 2846 3179 2912; x_wconf 79' lang='lat' dir='ltr'>famulos,</span> <span class='ocrx_word' id='word_1_327' title='bbox 3216 2862 3476 2901; x_wconf 88' lang='lat' dir='ltr'>vasorum</span> <span class='ocrx_word' id='word_1_328' title='bbox 3508 2846 3654 2900; x_wconf 72' lang='lat' dir='ltr'>mul~</span> 
     </span>
    </p>
   </div>
   <div class='ocr_carea' id='block_1_56' title="bbox 2077 2940 3653 3013">
    <p class='ocr_par' dir='ltr' id='par_1_56' title="bbox 2077 2940 3653 3013">
     <span class='ocr_line' id='line_1_56' title="bbox 2077 2940 3653 3013; baseline -0.005 -13"><span class='ocrx_word' id='word_1_329' title='bbox 2077 2955 2188 3000; x_wconf 88' lang='lat' dir='ltr'>tam</span> <span class='ocrx_word' id='word_1_330' title='bbox 2248 2943 2652 3013; x_wconf 84' lang='lat' dir='ltr'>supellectilem</span> <span class='ocrx_word' id='word_1_331' title='bbox 2708 2941 3210 3006; x_wconf 83' lang='lat' dir='ltr'>circumferentes,</span> <span class='ocrx_word' id='word_1_332' title='bbox 3261 2940 3653 3011; x_wconf 75' lang='lat' dir='ltr'>interrogavit:</span> 
     </span>
    </p>
   </div>
   <div class='ocr_carea' id='block_1_57' title="bbox 394 3032 1976 3146">
    <p class='ocr_par' dir='ltr' id='par_1_57' title="bbox 394 3032 1974 3146">
     <span class='ocr_line' id='line_1_57' title="bbox 394 3032 1974 3146; baseline -0.006 -25"><span class='ocrx_word' id='word_1_333' title='bbox 394 3032 702 3134; x_wconf 49' lang='grc' dir='ltr'>εἰπόντων,</span> <span class='ocrx_word' id='word_1_334' title='bbox 730 3032 1139 3146; x_wconf 52' lang='grc' dir='ltr'>’Ᾰνοὲιμένουξ</span> <span class='ocrx_word' id='word_1_335' title='bbox 1188 3064 1301 3118; x_wconf 87' lang='grc' dir='ltr'>Οὐκ</span> <span class='ocrx_word' id='word_1_336' title='bbox 1331 3032 1583 3127; x_wconf 66' lang='grc' dir='ltr'>αίδείται,</span> <span class='ocrx_word' id='word_1_337' title='bbox 1613 3032 1772 3132; x_wconf 76' lang='grc' dir='ltr'>φησὶ,</span> <span class='ocrx_word' id='word_1_338' title='bbox 1802 3059 1974 3114; x_wconf 82' lang='grc' dir='ltr'>ταῦτα</span> 
     </span>
    </p>
   </div>
   <div class='ocr_carea' id='block_1_58' title="bbox 2077 3032 3656 3146">
    <p class='ocr_par' dir='ltr' id='par_1_58' title="bbox 2080 3032 3656 3146">
     <span class='ocr_line' id='line_1_58' title="bbox 2080 3032 3656 3108; baseline -0.004 -15"><span class='ocrx_word' id='word_1_339' title='bbox 2080 3038 2252 3108; x_wconf 85' lang='lat' dir='ltr'>Cujus</span> <span class='ocrx_word' id='word_1_340' title='bbox 2284 3037 2379 3091; x_wconf 92' lang='lat' dir='ltr'>illa</span> <span class='ocrx_word' id='word_1_341' title='bbox 2402 3035 2629 3090; x_wconf 83' lang='lat' dir='ltr'>essent?</span> <span class='ocrx_word' id='word_1_342' title='bbox 2654 3034 2881 3103; x_wconf 88' lang='lat' dir='ltr'>lllisque</span> <span class='ocrx_word' id='word_1_343' title='bbox 2932 3033 3421 3104; x_wconf 86' lang='lat' dir='ltr'>respondentibus,</span> <span class='ocrx_word' id='word_1_344' title='bbox 3453 3032 3656 3087; x_wconf 83' lang='lat' dir='ltr'>Anaxi-</span> 
     </span>
     <span class='ocr_line' id='line_1_59' title="bbox 2098 3123 3652 3146; baseline -0.005 5"><span class='ocrx_word' id='word_1_345' title='bbox 2098 3145 2120 3146; x_wconf 47' lang='grc' dir='ltr'>η</span> <span class='ocrx_word' id='word_1_346' title='bbox 2310 3145 2319 3146; x_wconf 59' lang='lat'><strong><em>,</em></strong></span> <span class='ocrx_word' id='word_1_347' title='bbox 2400 3126 2578 3146; x_wconf 76' lang='lat'>._____</span> <span class='ocrx_word' id='word_1_348' title='bbox 2632 3123 2811 3146; x_wconf 53' lang='grc' dir='ltr'>---λη</span> <span class='ocrx_word' id='word_1_349' title='bbox 2863 3139 2980 3146; x_wconf 75' lang='lat'>--___</span> <span class='ocrx_word' id='word_1_350' title='bbox 3053 3124 3235 3146; x_wconf 64' lang='lat'>=____=.</span> <span class='ocrx_word' id='word_1_351' title='bbox 3336 3131 3443 3146; x_wconf 54' lang='grc' dir='ltr'>.-μ</span> <span class='ocrx_word' id='word_1_352' title='bbox 3481 3123 3652 3146; x_wconf 49' lang='lat' dir='ltr'>mn..-</span> 
     </span>
    </p>
   </div>
   <div class='ocr_carea' id='block_1_59' title="bbox 389 3155 1529 3232">
    <p class='ocr_par' dir='ltr' id='par_1_59' title="bbox 389 3155 1529 3232">
     <span class='ocr_line' id='line_1_60' title="bbox 389 3155 1529 3232; baseline -0.004 -18"><span class='ocrx_word' id='word_1_353' title='bbox 389 3159 534 3232; x_wconf 71' lang='grc' dir='ltr'>ἔχων</span> <span class='ocrx_word' id='word_1_354' title='bbox 564 3158 801 3222; x_wconf 75' lang='grc' dir='ltr'>ἅπαντα,</span> <span class='ocrx_word' id='word_1_355' title='bbox 832 3158 995 3221; x_wconf 78' lang='grc' dir='ltr'>αὐτὸς</span> <span class='ocrx_word' id='word_1_356' title='bbox 1025 3158 1217 3225; x_wconf 77' lang='grc' dir='ltr'>ἑαυτὸν</span> <span class='ocrx_word' id='word_1_357' title='bbox 1254 3155 1330 3227; x_wconf 82' lang='grc' dir='ltr'>μὴ</span> <span class='ocrx_word' id='word_1_358' title='bbox 1357 3155 1529 3226; x_wconf 79' lang='grc' dir='ltr'>ἐχων;</span> 
     </span>
    </p>
   </div>
   <div class='ocr_carea' id='block_1_60' title="bbox 464 3328 1980 3407">
    <p class='ocr_par' dir='ltr' id='par_1_60' title="bbox 464 3328 1980 3407">
     <span class='ocr_line' id='line_1_61' title="bbox 464 3328 1980 3407; baseline -0.009 -13"><span class='ocrx_word' id='word_1_359' title='bbox 464 3336 805 3407; x_wconf 78' lang='grc' dir='ltr'>Σωκράτης.</span> <span class='ocrx_word' id='word_1_360' title='bbox 828 3365 897 3377; x_wconf 93' lang='grc'>--</span> <span class='ocrx_word' id='word_1_361' title='bbox 932 3334 993 3388; x_wconf 84' lang='lat'>&#39;0</span> <span class='ocrx_word' id='word_1_362' title='bbox 1024 3332 1124 3403; x_wconf 73' lang='grc' dir='ltr'>μὲν</span> <span class='ocrx_word' id='word_1_363' title='bbox 1152 3328 1296 3395; x_wconf 78' lang='grc' dir='ltr'>οἶνος</span> <span class='ocrx_word' id='word_1_364' title='bbox 1323 3329 1835 3401; x_wconf 77' lang='grc' dir='ltr'>συμμεταϐάλλεται</span> <span class='ocrx_word' id='word_1_365' title='bbox 1868 3330 1980 3391; x_wconf 82' lang='grc' dir='ltr'>τοῖς</span> 
     </span>
    </p>
   </div>
   <div class='ocr_carea' id='block_1_61' title="bbox 388 3416 1976 3499">
    <p class='ocr_par' dir='ltr' id='par_1_61' title="bbox 388 3416 1976 3499">
     <span class='ocr_line' id='line_1_62' title="bbox 388 3416 1976 3499; baseline -0.009 -13"><span class='ocrx_word' id='word_1_366' title='bbox 388 3428 663 3499; x_wconf 79' lang='grc' dir='ltr'>ἀγγείοις·</span> <span class='ocrx_word' id='word_1_367' title='bbox 696 3426 724 3485; x_wconf 81' lang='grc' dir='ltr'><em>ὁ</em></span> <span class='ocrx_word' id='word_1_368' title='bbox 747 3426 804 3479; x_wconf 83' lang='grc' dir='ltr'>δὲ</span> <span class='ocrx_word' id='word_1_369' title='bbox 829 3422 1078 3489; x_wconf 83' lang='grc' dir='ltr'>πλοῦτος,</span> <span class='ocrx_word' id='word_1_370' title='bbox 1094 3423 1207 3484; x_wconf 83' lang='grc' dir='ltr'>τοῖς</span> <span class='ocrx_word' id='word_1_371' title='bbox 1230 3420 1340 3474; x_wconf 90' lang='grc' dir='ltr'>τῶν</span> <span class='ocrx_word' id='word_1_372' title='bbox 1361 3420 1713 3490; x_wconf 83' lang='grc' dir='ltr'>κεκτημένων</span> <span class='ocrx_word' id='word_1_373' title='bbox 1731 3416 1976 3490; x_wconf 84' lang='grc' dir='ltr'>τρόποις.</span> 
     </span>
    </p>
   </div>
   <div class='ocr_carea' id='block_1_62' title="bbox 467 3615 1977 3697">
    <p class='ocr_par' dir='ltr' id='par_1_62' title="bbox 467 3615 1977 3697">
     <span class='ocr_line' id='line_1_63' title="bbox 467 3615 1977 3697; baseline -0.007 -17"><span class='ocrx_word' id='word_1_374' title='bbox 467 3626 667 3697; x_wconf 80' lang='grc' dir='ltr'>Ἰδρὼς</span> <span class='ocrx_word' id='word_1_375' title='bbox 698 3624 805 3693; x_wconf 80' lang='grc' dir='ltr'>μὲν</span> <span class='ocrx_word' id='word_1_376' title='bbox 840 3624 905 3676; x_wconf 76' lang='grc' dir='ltr'>ἐκ</span> <span class='ocrx_word' id='word_1_377' title='bbox 947 3620 1056 3674; x_wconf 91' lang='grc' dir='ltr'>τῶν</span> <span class='ocrx_word' id='word_1_378' title='bbox 1086 3616 1406 3692; x_wconf 78' lang='grc' dir='ltr'>γυμνασίων</span> <span class='ocrx_word' id='word_1_379' title='bbox 1443 3615 1977 3687; x_wconf 77' lang='grc' dir='ltr'>εὐσχημονέστερον·</span> 
     </span>
    </p>
   </div>
   <div class='ocr_carea' id='block_1_63' title="bbox 402 3710 1382 3780">
    <p class='ocr_par' dir='ltr' id='par_1_63' title="bbox 402 3710 1382 3780">
     <span class='ocr_line' id='line_1_64' title="bbox 402 3710 1382 3780; baseline -0.01 -5"><span class='ocrx_word' id='word_1_380' title='bbox 402 3717 637 3780; x_wconf 78' lang='grc' dir='ltr'>πλοῦτος</span> <span class='ocrx_word' id='word_1_381' title='bbox 664 3716 743 3779; x_wconf 79' lang='grc' dir='ltr'>δὲ,</span> <span class='ocrx_word' id='word_1_382' title='bbox 773 3715 840 3768; x_wconf 79' lang='grc' dir='ltr'>ὲκ</span> <span class='ocrx_word' id='word_1_383' title='bbox 867 3712 974 3766; x_wconf 83' lang='grc' dir='ltr'>τῶν</span> <span class='ocrx_word' id='word_1_384' title='bbox 1003 3712 1150 3766; x_wconf 90' lang='grc' dir='ltr'>ίδίων</span> <span class='ocrx_word' id='word_1_385' title='bbox 1180 3710 1382 3765; x_wconf 85' lang='grc' dir='ltr'>πόνων.</span> 
     </span>
    </p>
   </div>
   <div class='ocr_carea' id='block_1_64' title="bbox 476 3768 1982 3868">
    <p class='ocr_par' dir='ltr' id='par_1_64' title="bbox 476 3768 1982 3868">
     <span class='ocr_line' id='line_1_65' title="bbox 476 3768 1982 3868; baseline -0.009 -6"><span class='ocrx_word' id='word_1_386' title='bbox 476 3768 1034 3861; x_wconf 3' lang='grc' dir='ltr'>ἰδέ-τῶνιπλουσίων</span> <span class='ocrx_word' id='word_1_387' title='bbox 1089 3801 1185 3857; x_wconf 72' lang='grc' dir='ltr'>καὶ</span> <span class='ocrx_word' id='word_1_388' title='bbox 1236 3797 1464 3852; x_wconf 82' lang='grc' dir='ltr'>ἀσώτων</span> <span class='ocrx_word' id='word_1_389' title='bbox 1501 3797 1803 3868; x_wconf 78' lang='grc' dir='ltr'>χρήματα,</span> <span class='ocrx_word' id='word_1_390' title='bbox 1858 3768 1982 3858; x_wconf 66' lang='grc' dir='ltr'>ταῖς</span> 
     </span>
    </p>
   </div>
   <div class='ocr_carea' id='block_1_65' title="bbox 398 3881 1984 3966">
    <p class='ocr_par' dir='ltr' id='par_1_65' title="bbox 398 3881 1984 3966">
     <span class='ocr_line' id='line_1_66' title="bbox 398 3881 1984 3966; baseline -0.009 -12"><span class='ocrx_word' id='word_1_391' title='bbox 398 3901 498 3954; x_wconf 76' lang='grc' dir='ltr'>ἐπὶ</span> <span class='ocrx_word' id='word_1_392' title='bbox 543 3897 652 3951; x_wconf 88' lang='grc' dir='ltr'>τῶν</span> <span class='ocrx_word' id='word_1_393' title='bbox 697 3894 987 3966; x_wconf 84' lang='grc' dir='ltr'>κρημνῶν</span> <span class='ocrx_word' id='word_1_394' title='bbox 1014 3892 1236 3955; x_wconf 82' lang='grc' dir='ltr'>συκέαις</span> <span class='ocrx_word' id='word_1_395' title='bbox 1274 3890 1518 3954; x_wconf 77' lang='grc' dir='ltr'>εἴκαζεν,</span> <span class='ocrx_word' id='word_1_396' title='bbox 1553 3889 1646 3957; x_wconf 85' lang='grc' dir='ltr'>ἀφ’</span> <span class='ocrx_word' id='word_1_397' title='bbox 1671 3881 1745 3941; x_wconf 83' lang='grc' dir='ltr'>ὧν</span> <span class='ocrx_word' id='word_1_398' title='bbox 1774 3886 1984 3958; x_wconf 78' lang='grc' dir='ltr'>ἄνθρω-</span> 
     </span>
    </p>
   </div>
   <div class='ocr_carea' id='block_1_66' title="bbox 396 3979 1981 4061">
    <p class='ocr_par' dir='ltr' id='par_1_66' title="bbox 396 3979 1981 4061">
     <span class='ocr_line' id='line_1_67' title="bbox 396 3979 1981 4061; baseline -0.008 -16"><span class='ocrx_word' id='word_1_399' title='bbox 396 4008 504 4045; x_wconf 90' lang='grc' dir='ltr'>πον</span> <span class='ocrx_word' id='word_1_400' title='bbox 555 3990 655 4061; x_wconf 80' lang='grc' dir='ltr'>μὲν</span> <span class='ocrx_word' id='word_1_401' title='bbox 712 3988 787 4059; x_wconf 80' lang='grc' dir='ltr'>μὴ</span> <span class='ocrx_word' id='word_1_402' title='bbox 838 3984 1176 4057; x_wconf 81' lang='grc' dir='ltr'>λαμϐάνειν,</span> <span class='ocrx_word' id='word_1_403' title='bbox 1231 3982 1478 4053; x_wconf 87' lang='grc' dir='ltr'>κόρακας</span> <span class='ocrx_word' id='word_1_404' title='bbox 1507 3980 1564 4034; x_wconf 85' lang='grc' dir='ltr'>δὲ</span> <span class='ocrx_word' id='word_1_405' title='bbox 1604 3980 1699 4035; x_wconf 71' lang='grc' dir='ltr'>καὶ</span> <span class='ocrx_word' id='word_1_406' title='bbox 1726 3979 1981 4043; x_wconf 87' lang='grc' dir='ltr'>ίκτίνους,</span> 
     </span>
    </p>
   </div>
   <div class='ocr_carea' id='block_1_67' title="bbox 392 4072 1700 4152">
    <p class='ocr_par' dir='ltr' id='par_1_67' title="bbox 392 4072 1700 4152">
     <span class='ocr_line' id='line_1_68' title="bbox 392 4072 1700 4152; baseline -0.008 -15"><span class='ocrx_word' id='word_1_407' title='bbox 392 4083 593 4152; x_wconf 81' lang='grc' dir='ltr'>ὥσπερ</span> <span class='ocrx_word' id='word_1_408' title='bbox 627 4079 781 4149; x_wconf 71' lang='grc' dir='ltr'>παρὰ</span> <span class='ocrx_word' id='word_1_409' title='bbox 812 4077 1020 4133; x_wconf 76' lang='grc' dir='ltr'>τούτων</span> <span class='ocrx_word' id='word_1_410' title='bbox 1052 4075 1281 4145; x_wconf 77' lang='grc' dir='ltr'>ἑταίρας</span> <span class='ocrx_word' id='word_1_411' title='bbox 1313 4073 1410 4127; x_wconf 79' lang='grc' dir='ltr'>καὶ</span> <span class='ocrx_word' id='word_1_412' title='bbox 1437 4072 1700 4135; x_wconf 86' lang='grc' dir='ltr'>κόλακας.</span> 
     </span>
    </p>
   </div>
   <div class='ocr_carea' id='block_1_68' title="bbox 487 4161 2063 4241">
    <p class='ocr_par' dir='ltr' id='par_1_68' title="bbox 487 4161 2063 4241">
     <span class='ocr_line' id='line_1_69' title="bbox 487 4161 2063 4241; baseline 0.003 -16"><span class='ocrx_word' id='word_1_413' title='bbox 487 4173 546 4226; x_wconf 90' lang='lat'>&#39;0</span> <span class='ocrx_word' id='word_1_414' title='bbox 576 4171 741 4232; x_wconf 81' lang='grc' dir='ltr'>αὐτὸς</span> <span class='ocrx_word' id='word_1_415' title='bbox 770 4168 1104 4241; x_wconf 76' lang='grc' dir='ltr'>ἐρωτηθεὶς,</span> <span class='ocrx_word' id='word_1_416' title='bbox 1137 4166 1284 4229; x_wconf 87' lang='grc' dir='ltr'>τίνες</span> <span class='ocrx_word' id='word_1_417' title='bbox 1313 4164 1364 4217; x_wconf 75' lang='lat' dir='ltr'>oi</span> <span class='ocrx_word' id='word_1_418' title='bbox 1395 4163 1816 4234; x_wconf 79' lang='grc' dir='ltr'>φιλοχρήματοι.</span> <span class='ocrx_word' id='word_1_419' title='bbox 1856 4161 1980 4232; x_wconf 78' lang='grc' dir='ltr'>ἔφη’</span> <span class='ocrx_word' id='word_1_420' title='bbox 2060 4226 2063 4229; x_wconf 32' lang='grc' dir='ltr'><strong><em>γ</em></strong></span> 
     </span>
    </p>
   </div>
   <div class='ocr_carea' id='block_1_69' title="bbox 394 4251 1986 4330">
    <p class='ocr_par' dir='ltr' id='par_1_69' title="bbox 394 4251 1986 4330">
     <span class='ocr_line' id='line_1_70' title="bbox 394 4251 1986 4330; baseline -0.008 -14"><span class='ocrx_word' id='word_1_421' title='bbox 394 4264 467 4316; x_wconf 86' lang='grc' dir='ltr'>υἱ</span> <span class='ocrx_word' id='word_1_422' title='bbox 497 4260 564 4314; x_wconf 84' lang='grc' dir='ltr'>τὰ</span> <span class='ocrx_word' id='word_1_423' title='bbox 588 4257 792 4330; x_wconf 75' lang='grc' dir='ltr'>αἰσχρὰ</span> <span class='ocrx_word' id='word_1_424' title='bbox 823 4257 990 4328; x_wconf 87' lang='grc' dir='ltr'>κέρδη</span> <span class='ocrx_word' id='word_1_425' title='bbox 1015 4254 1348 4327; x_wconf 85' lang='grc' dir='ltr'>θηρώμενοι,</span> <span class='ocrx_word' id='word_1_426' title='bbox 1378 4254 1623 4316; x_wconf 79' lang='grc' dir='ltr'>καὶτοὺς</span> <span class='ocrx_word' id='word_1_427' title='bbox 1655 4251 1986 4321; x_wconf 85' lang='grc' dir='ltr'>ἀναγκαίους</span> 
     </span>
    </p>
   </div>
   <div class='ocr_carea' id='block_1_70' title="bbox 393 4347 1142 4422">
    <p class='ocr_par' dir='ltr' id='par_1_70' title="bbox 393 4347 1142 4422">
     <span class='ocr_line' id='line_1_71' title="bbox 393 4347 1142 4422; baseline -0.009 -17"><span class='ocrx_word' id='word_1_428' title='bbox 393 4353 511 4406; x_wconf 84' lang='grc' dir='ltr'>τῶν</span> <span class='ocrx_word' id='word_1_429' title='bbox 538 4351 710 4422; x_wconf 90' lang='grc' dir='ltr'>φίλων</span> <span class='ocrx_word' id='word_1_430' title='bbox 741 4347 1086 4419; x_wconf 88' lang='grc' dir='ltr'>ὐπερορῶντε</span> <span class='ocrx_word' id='word_1_431' title='bbox 1094 4362 1142 4409; x_wconf 90' lang='grc' dir='ltr'>ς.</span> 
     </span>
    </p>
   </div>
   <div class='ocr_carea' id='block_1_71' title="bbox 489 4433 1988 4511">
    <p class='ocr_par' dir='ltr' id='par_1_71' title="bbox 489 4433 1988 4511">
     <span class='ocr_line' id='line_1_72' title="bbox 489 4433 1988 4511; baseline -0.007 -15"><span class='ocrx_word' id='word_1_432' title='bbox 489 4443 549 4496; x_wconf 86' lang='lat'>&#39;0</span> <span class='ocrx_word' id='word_1_433' title='bbox 593 4434 703 4496; x_wconf 88' lang='grc' dir='ltr'>τῶν</span> <span class='ocrx_word' id='word_1_434' title='bbox 750 4439 1104 4511; x_wconf 83' lang='grc' dir='ltr'>φιλαργύρων</span> <span class='ocrx_word' id='word_1_435' title='bbox 1135 4434 1387 4501; x_wconf 81' lang='grc' dir='ltr'>πλοῦτος,</span> <span class='ocrx_word' id='word_1_436' title='bbox 1422 4433 1614 4506; x_wconf 83' lang='grc' dir='ltr'>ὥσπερ</span> <span class='ocrx_word' id='word_1_437' title='bbox 1650 4435 1680 4487; x_wconf 85' lang='grc' dir='ltr'><em>ὁ</em></span> <span class='ocrx_word' id='word_1_438' title='bbox 1708 4434 1859 4505; x_wconf 79' lang='grc' dir='ltr'>ἣλιος</span> <span class='ocrx_word' id='word_1_439' title='bbox 1885 4449 1988 4486; x_wconf 83' lang='grc' dir='ltr'>κα-</span> 
     </span>
    </p>
   </div>
   <div class='ocr_carea' id='block_1_72' title="bbox 394 4524 1914 4603">
    <p class='ocr_par' dir='ltr' id='par_1_72' title="bbox 394 4524 1914 4603">
     <span class='ocr_line' id='line_1_73' title="bbox 394 4524 1914 4603; baseline -0.006 -14"><span class='ocrx_word' id='word_1_440' title='bbox 394 4534 572 4599; x_wconf 82' lang='grc' dir='ltr'>ταδὺς</span> <span class='ocrx_word' id='word_1_441' title='bbox 602 4535 681 4596; x_wconf 86' lang='grc' dir='ltr'>είς</span> <span class='ocrx_word' id='word_1_442' title='bbox 706 4533 808 4603; x_wconf 85' lang='grc' dir='ltr'>τὴν</span> <span class='ocrx_word' id='word_1_443' title='bbox 837 4531 960 4602; x_wconf 84' lang='grc' dir='ltr'>γῆν,</span> <span class='ocrx_word' id='word_1_444' title='bbox 997 4530 1190 4584; x_wconf 79' lang='grc' dir='ltr'>οὐδένα</span> <span class='ocrx_word' id='word_1_445' title='bbox 1222 4528 1333 4582; x_wconf 91' lang='grc' dir='ltr'>τῶν</span> <span class='ocrx_word' id='word_1_446' title='bbox 1361 4527 1581 4594; x_wconf 79' lang='grc' dir='ltr'>ζώντων</span> <span class='ocrx_word' id='word_1_447' title='bbox 1611 4524 1914 4598; x_wconf 88' lang='grc' dir='ltr'>εὐφραίνει.</span> 
     </span>
    </p>
   </div>
   <div class='ocr_carea' id='block_1_73' title="bbox 870 4682 1538 4754">
    <p class='ocr_par' dir='ltr' id='par_1_73' title="bbox 870 4682 1538 4754">
     <span class='ocr_line' id='line_1_74' title="bbox 870 4682 1538 4754; baseline 0.001 -15"><span class='ocrx_word' id='word_1_448' title='bbox 870 4682 1196 4754; x_wconf 73' lang='grc' dir='ltr'>Εὐριπίδου</span> <span class='ocrx_word' id='word_1_449' title='bbox 1224 4682 1294 4737; x_wconf 76' lang='grc' dir='ltr'>ἐν</span> <span class='ocrx_word' id='word_1_450' title='bbox 1316 4683 1538 4753; x_wconf 72' lang='grc' dir='ltr'>Δανάῃ.</span> 
     </span>
    </p>
   </div>
   <div class='ocr_carea' id='block_1_74' title="bbox 526 4790 1756 4868">
    <p class='ocr_par' dir='ltr' id='par_1_74' title="bbox 526 4790 1756 4868">
     <span class='ocr_line' id='line_1_75' title="bbox 526 4790 1756 4868; baseline -0.007 -16"><span class='ocrx_word' id='word_1_451' title='bbox 526 4794 603 4851; x_wconf 74' lang='grc' dir='ltr'><strong><em>Ὠ</em></strong></span> <span class='ocrx_word' id='word_1_452' title='bbox 631 4797 824 4868; x_wconf 74' lang='grc' dir='ltr'>χρυονὲ</span> <span class='ocrx_word' id='word_1_453' title='bbox 854 4793 1475 4868; x_wconf 41' lang='grc' dir='ltr'>δεξίωμα-κάμισζον</span> <span class='ocrx_word' id='word_1_454' title='bbox 1490 4790 1756 4868; x_wconf 60' lang='grc' dir='ltr'>βροτοῖς,</span> 
     </span>
    </p>
   </div>
   <div class='ocr_carea' id='block_1_75' title="bbox 540 4862 1638 4936">
    <p class='ocr_par' dir='ltr' id='par_1_75' title="bbox 540 4862 1638 4936">
     <span class='ocr_line' id='line_1_76' title="bbox 540 4862 1638 4936; baseline -0.007 -13"><span class='ocrx_word' id='word_1_455' title='bbox 540 4862 642 4933; x_wconf 63' lang='grc' dir='ltr'>Ὠςί</span> <span class='ocrx_word' id='word_1_456' title='bbox 652 4862 810 4922; x_wconf 47' lang='lat' dir='ltr'>“obde</span> <span class='ocrx_word' id='word_1_457' title='bbox 831 4862 1037 4936; x_wconf 68' lang='grc' dir='ltr'>μήτηρ</span> <span class='ocrx_word' id='word_1_458' title='bbox 1056 4864 1288 4931; x_wconf 75' lang='grc' dir='ltr'>ἡδονὰς.</span> <span class='ocrx_word' id='word_1_459' title='bbox 1305 4863 1468 4936; x_wconf 71' lang='grc' dir='ltr'>τοίᾳς</span> <span class='ocrx_word' id='word_1_460' title='bbox 1493 4862 1638 4936; x_wconf 57' lang='grc' dir='ltr'>ἕχει,</span> 
     </span>
    </p>
   </div>
   <div class='ocr_carea' id='block_1_76' title="bbox 553 4929 1872 5008">
    <p class='ocr_par' dir='ltr' id='par_1_76' title="bbox 553 4929 1872 5008">
     <span class='ocr_line' id='line_1_77' title="bbox 553 4929 1872 5008; baseline -0.005 -17"><span class='ocrx_word' id='word_1_461' title='bbox 553 4929 634 4991; x_wconf 80' lang='grc' dir='ltr'>Οὖ</span> <span class='ocrx_word' id='word_1_462' title='bbox 657 4929 875 5008; x_wconf 64' lang='grc' dir='ltr'>παῖδές</span> <span class='ocrx_word' id='word_1_463' title='bbox 902 4929 1328 5008; x_wconf 50' lang='grc' dir='ltr'>ἀνθρώποισιν,</span> <span class='ocrx_word' id='word_1_464' title='bbox 1358 4934 1430 5008; x_wconf 83' lang='grc' dir='ltr'>οὐ</span> <span class='ocrx_word' id='word_1_465' title='bbox 1455 4929 1872 5008; x_wconf 41' lang='lat' dir='ltr'>solace-frango</span> 
     </span>
    </p>
   </div>
   <div class='ocr_carea' id='block_1_77' title="bbox 549 5000 1905 5073">
    <p class='ocr_par' dir='ltr' id='par_1_77' title="bbox 549 5000 1905 5073">
     <span class='ocr_line' id='line_1_78' title="bbox 549 5000 1905 5073; baseline -0.002 -15"><span class='ocrx_word' id='word_1_466' title='bbox 549 5009 615 5060; x_wconf 82' lang='lat' dir='ltr'>Et</span> <span class='ocrx_word' id='word_1_467' title='bbox 643 5006 691 5059; x_wconf 83' lang='grc' dir='ltr'>δ’</span> <span class='ocrx_word' id='word_1_468' title='bbox 711 5006 749 5073; x_wconf 71' lang='grc' dir='ltr'>ἡ</span> <span class='ocrx_word' id='word_1_469' title='bbox 783 5000 1331 5073; x_wconf 58' lang='grc' dir='ltr'>Κύπριςίτοσοῦτον</span> <span class='ocrx_word' id='word_1_470' title='bbox 1356 5000 1682 5073; x_wconf 67' lang='grc' dir='ltr'>ὀφθαλμοῖς</span> <span class='ocrx_word' id='word_1_471' title='bbox 1712 5000 1841 5066; x_wconf 78' lang='grc' dir='ltr'>ὁρᾷ,</span> <span class='ocrx_word' id='word_1_472' title='bbox 1896 5040 1905 5055; x_wconf 72' lang='grc'>.</span> 
     </span>
    </p>
   </div>
   <div class='ocr_carea' id='block_1_78' title="bbox 546 5069 1840 5144">
    <p class='ocr_par' dir='ltr' id='par_1_78' title="bbox 546 5069 1840 5144">
     <span class='ocr_line' id='line_1_79' title="bbox 546 5069 1840 5144; baseline -0.004 -17"><span class='ocrx_word' id='word_1_473' title='bbox 546 5080 626 5143; x_wconf 73' lang='grc' dir='ltr'>Οῤ</span> <span class='ocrx_word' id='word_1_474' title='bbox 651 5069 825 5144; x_wconf 73' lang='grc' dir='ltr'>θαῦμ’</span> <span class='ocrx_word' id='word_1_475' title='bbox 849 5069 1070 5143; x_wconf 67' lang='grc' dir='ltr'>ἔρωτας</span> <span class='ocrx_word' id='word_1_476' title='bbox 1087 5072 1342 5142; x_wconf 83' lang='grc' dir='ltr'>μυρίους</span> <span class='ocrx_word' id='word_1_477' title='bbox 1362 5069 1560 5138; x_wconf 77' lang='grc' dir='ltr'>αὐτὴν</span> <span class='ocrx_word' id='word_1_478' title='bbox 1583 5069 1840 5138; x_wconf 73' lang='grc' dir='ltr'>τρέφειν.</span> 
     </span>
    </p>
   </div>
   <div class='ocr_carea' id='block_1_79' title="bbox 478 5221 1987 5301">
    <p class='ocr_par' dir='ltr' id='par_1_79' title="bbox 478 5221 1987 5301">
     <span class='ocr_line' id='line_1_80' title="bbox 478 5221 1987 5301; baseline -0.009 -14"><span class='ocrx_word' id='word_1_479' title='bbox 478 5231 777 5301; x_wconf 80' lang='grc' dir='ltr'>Μοσχίων.</span> <span class='ocrx_word' id='word_1_480' title='bbox 828 5258 899 5269; x_wconf 91' lang='grc'><strong><em>--</em></strong></span> <span class='ocrx_word' id='word_1_481' title='bbox 937 5228 1149 5297; x_wconf 83' lang='grc' dir='ltr'>Ὥσπερ</span> <span class='ocrx_word' id='word_1_482' title='bbox 1182 5224 1243 5279; x_wconf 92' lang='grc' dir='ltr'>οὐ</span> <span class='ocrx_word' id='word_1_483' title='bbox 1276 5224 1355 5295; x_wconf 80' lang='grc' dir='ltr'>τῷ</span> <span class='ocrx_word' id='word_1_484' title='bbox 1382 5224 1535 5294; x_wconf 85' lang='grc' dir='ltr'>ἵππῳ</span> <span class='ocrx_word' id='word_1_485' title='bbox 1568 5223 1773 5293; x_wconf 76' lang='grc' dir='ltr'>κόσμος</span> <span class='ocrx_word' id='word_1_486' title='bbox 1795 5261 1811 5287; x_wconf 91' lang='grc'>,</span> <span class='ocrx_word' id='word_1_487' title='bbox 1864 5221 1987 5275; x_wconf 78' lang='grc' dir='ltr'>οὐδὲ</span> 
     </span>
    </p>
   </div>
   <div class='ocr_carea' id='block_1_80' title="bbox 396 5313 1984 5393">
    <p class='ocr_par' dir='ltr' id='par_1_80' title="bbox 396 5313 1984 5393">
     <span class='ocr_line' id='line_1_81' title="bbox 396 5313 1984 5393; baseline -0.008 -15"><span class='ocrx_word' id='word_1_488' title='bbox 396 5326 523 5385; x_wconf 80' lang='grc' dir='ltr'>τοῖς</span> <span class='ocrx_word' id='word_1_489' title='bbox 567 5323 751 5393; x_wconf 79' lang='grc' dir='ltr'>ὅρνεσι</span> <span class='ocrx_word' id='word_1_490' title='bbox 805 5320 970 5373; x_wconf 74' lang='grc' dir='ltr'>καλιὰ</span> <span class='ocrx_word' id='word_1_491' title='bbox 1012 5315 1277 5386; x_wconf 74' lang='grc' dir='ltr'>ὐψοῦσθαι</span> <span class='ocrx_word' id='word_1_492' title='bbox 1328 5315 1423 5368; x_wconf 76' lang='grc' dir='ltr'>καὶ</span> <span class='ocrx_word' id='word_1_493' title='bbox 1467 5317 1704 5385; x_wconf 80' lang='grc' dir='ltr'>γαυριᾷν</span> <span class='ocrx_word' id='word_1_494' title='bbox 1740 5313 1984 5367; x_wconf 79' lang='grc' dir='ltr'>δίδωσινο</span> 
     </span>
    </p>
   </div>
   <div class='ocr_carea' id='block_1_81' title="bbox 397 5403 1987 5487">
    <p class='ocr_par' dir='ltr' id='par_1_81' title="bbox 397 5403 1987 5487">
     <span class='ocr_line' id='line_1_82' title="bbox 397 5403 1987 5487; baseline -0.006 -23"><span class='ocrx_word' id='word_1_495' title='bbox 397 5409 546 5465; x_wconf 73' lang='grc' dir='ltr'>αλλὰ</span> <span class='ocrx_word' id='word_1_496' title='bbox 577 5407 656 5480; x_wconf 78' lang='grc' dir='ltr'>τῷ</span> <span class='ocrx_word' id='word_1_497' title='bbox 687 5406 785 5478; x_wconf 72' lang='grc' dir='ltr'>μὲν</span> <span class='ocrx_word' id='word_1_498' title='bbox 816 5406 910 5487; x_wconf 67' lang='grc' dir='ltr'>τοῦ</span> <span class='ocrx_word' id='word_1_499' title='bbox 939 5406 1097 5466; x_wconf 80' lang='grc' dir='ltr'>ποδὸς</span> <span class='ocrx_word' id='word_1_500' title='bbox 1129 5405 1163 5476; x_wconf 77' lang='grc' dir='ltr'><strong>ἡ</strong></span> <span class='ocrx_word' id='word_1_501' title='bbox 1188 5403 1435 5472; x_wconf 85' lang='grc' dir='ltr'>ὠκύτης,</span> <span class='ocrx_word' id='word_1_502' title='bbox 1485 5405 1597 5466; x_wconf 83' lang='grc' dir='ltr'>τοῖς</span> <span class='ocrx_word' id='word_1_503' title='bbox 1627 5403 1684 5456; x_wconf 82' lang='grc' dir='ltr'>δὲ</span> <span class='ocrx_word' id='word_1_504' title='bbox 1717 5403 1824 5457; x_wconf 90' lang='grc' dir='ltr'>τῶν</span> <span class='ocrx_word' id='word_1_505' title='bbox 1856 5420 1987 5456; x_wconf 87' lang='grc' dir='ltr'>πτε-</span> 
     </span>
    </p>
   </div>
   <div class='ocr_carea' id='block_1_82' title="bbox 404 5493 1985 5571">
    <p class='ocr_par' dir='ltr' id='par_1_82' title="bbox 404 5493 1985 5571">
     <span class='ocr_line' id='line_1_83' title="bbox 404 5493 1985 5571; baseline -0.003 -20"><span class='ocrx_word' id='word_1_506' title='bbox 404 5498 523 5571; x_wconf 76' lang='grc' dir='ltr'>ρῶν</span> <span class='ocrx_word' id='word_1_507' title='bbox 543 5515 556 5527; x_wconf 86' lang='grc'><strong><em>⁸</em></strong></span> <span class='ocrx_word' id='word_1_508' title='bbox 592 5498 763 5561; x_wconf 75' lang='grc' dir='ltr'>οὕτως</span> <span class='ocrx_word' id='word_1_509' title='bbox 795 5496 905 5549; x_wconf 64' lang='grc' dir='ltr'>οὐδ’</span> <span class='ocrx_word' id='word_1_510' title='bbox 929 5493 1203 5566; x_wconf 78' lang='grc' dir='ltr'>ἀνθρώπῳ</span> <span class='ocrx_word' id='word_1_511' title='bbox 1237 5493 1628 5564; x_wconf 73' lang='grc' dir='ltr'>καλλωπισμύς</span> <span class='ocrx_word' id='word_1_512' title='bbox 1661 5495 1755 5551; x_wconf 71' lang='grc' dir='ltr'>καὶ</span> <span class='ocrx_word' id='word_1_513' title='bbox 1788 5496 1985 5567; x_wconf 78' lang='grc' dir='ltr'>τρυφὴ,</span> 
     </span>
    </p>
   </div>
   <div class='ocr_carea' id='block_1_83' title="bbox 406 5587 1283 5661">
    <p class='ocr_par' dir='ltr' id='par_1_83' title="bbox 406 5587 1283 5661">
     <span class='ocr_line' id='line_1_84' title="bbox 406 5587 1283 5661; baseline -0.006 -17"><span class='ocrx_word' id='word_1_514' title='bbox 406 5590 550 5644; x_wconf 73' lang='grc' dir='ltr'>ἀλλὰ</span> <span class='ocrx_word' id='word_1_515' title='bbox 580 5589 886 5661; x_wconf 77' lang='grc' dir='ltr'>χρηστότης</span> <span class='ocrx_word' id='word_1_516' title='bbox 920 5589 1013 5642; x_wconf 76' lang='grc' dir='ltr'>καὶ</span> <span class='ocrx_word' id='word_1_517' title='bbox 1042 5587 1283 5640; x_wconf 84' lang='grc' dir='ltr'>εὐποιία.</span> 
     </span>
    </p>
   </div>
   <div class='ocr_carea' id='block_1_84' title="bbox 2079 3123 3656 3194">
    <p class='ocr_par' dir='ltr' id='par_1_84' title="bbox 2079 3123 3656 3194">
     <span class='ocr_line' id='line_1_85' title="bbox 2079 3123 3656 3194; baseline -0.004 -10"><span class='ocrx_word' id='word_1_518' title='bbox 2079 3129 2256 3184; x_wconf 91' lang='lat' dir='ltr'>menis</span> <span class='ocrx_word' id='word_1_519' title='bbox 2309 3145 2321 3179; x_wconf 93' lang='lat'>:</span> <span class='ocrx_word' id='word_1_520' title='bbox 2388 3126 2586 3180; x_wconf 90' lang='lat' dir='ltr'>Annon</span> <span class='ocrx_word' id='word_1_521' title='bbox 2632 3123 2816 3194; x_wconf 83' lang='lat' dir='ltr'>pudet</span> <span class='ocrx_word' id='word_1_522' title='bbox 2858 3139 3007 3188; x_wconf 85' lang='lat' dir='ltr'>eum,</span> <span class='ocrx_word' id='word_1_523' title='bbox 3053 3124 3289 3194; x_wconf 88' lang='lat' dir='ltr'>inquit,</span> <span class='ocrx_word' id='word_1_524' title='bbox 3336 3131 3447 3178; x_wconf 91' lang='lat' dir='ltr'>tam</span> <span class='ocrx_word' id='word_1_525' title='bbox 3481 3123 3656 3178; x_wconf 86' lang='lat' dir='ltr'>multa</span> 
     </span>
    </p>
   </div>
   <div class='ocr_carea' id='block_1_85' title="bbox 2086 3213 3308 3285">
    <p class='ocr_par' dir='ltr' id='par_1_85' title="bbox 2086 3213 3308 3285">
     <span class='ocr_line' id='line_1_86' title="bbox 2086 3213 3308 3285; baseline -0.005 -12"><span class='ocrx_word' id='word_1_526' title='bbox 2086 3218 2314 3277; x_wconf 87' lang='lat' dir='ltr'>habere.</span> <span class='ocrx_word' id='word_1_527' title='bbox 2360 3231 2486 3270; x_wconf 90' lang='lat' dir='ltr'>eum</span> <span class='ocrx_word' id='word_1_528' title='bbox 2523 3215 2767 3285; x_wconf 89' lang='lat' dir='ltr'>seipsum</span> <span class='ocrx_word' id='word_1_529' title='bbox 2793 3215 2909 3285; x_wconf 90' lang='lat' dir='ltr'>ipse</span> <span class='ocrx_word' id='word_1_530' title='bbox 2931 3230 3044 3271; x_wconf 90' lang='lat' dir='ltr'>non</span> <span class='ocrx_word' id='word_1_531' title='bbox 3069 3213 3308 3270; x_wconf 82' lang='lat' dir='ltr'>habeat?</span> 
     </span>
    </p>
   </div>
   <div class='ocr_carea' id='block_1_86' title="bbox 2145 3304 3663 3373">
    <p class='ocr_par' dir='ltr' id='par_1_86' title="bbox 2145 3304 3663 3373">
     <span class='ocr_line' id='line_1_87' title="bbox 2145 3304 3663 3373; baseline -0.002 -12"><span class='ocrx_word' id='word_1_532' title='bbox 2145 3305 2712 3362; x_wconf 77' lang='lat' dir='ltr'>Socrates.—Vinum</span> <span class='ocrx_word' id='word_1_533' title='bbox 2741 3304 2966 3373; x_wconf 90' lang='lat' dir='ltr'>quidem</span> <span class='ocrx_word' id='word_1_534' title='bbox 2992 3345 3006 3369; x_wconf 93' lang='lat'>,</span> <span class='ocrx_word' id='word_1_535' title='bbox 3042 3318 3153 3359; x_wconf 85' lang='lat' dir='ltr'>una</span> <span class='ocrx_word' id='word_1_536' title='bbox 3182 3318 3307 3359; x_wconf 90' lang='lat' dir='ltr'>cum</span> <span class='ocrx_word' id='word_1_537' title='bbox 3361 3316 3493 3357; x_wconf 85' lang='lat' dir='ltr'>vase</span> <span class='ocrx_word' id='word_1_538' title='bbox 3539 3316 3663 3358; x_wconf 88' lang='lat' dir='ltr'>mu-</span> 
     </span>
    </p>
   </div>
   <div class='ocr_carea' id='block_1_87' title="bbox 2081 3380 3661 3466">
    <p class='ocr_par' dir='ltr' id='par_1_87' title="bbox 2081 3380 3661 3466">
     <span class='ocr_line' id='line_1_88' title="bbox 2081 3380 3661 3466; baseline -0.004 -14"><span class='ocrx_word' id='word_1_539' title='bbox 2081 3405 2230 3452; x_wconf 90' lang='lat' dir='ltr'>tatur</span> <span class='ocrx_word' id='word_1_540' title='bbox 2255 3414 2270 3463; x_wconf 92' lang='lat'>;</span> <span class='ocrx_word' id='word_1_541' title='bbox 2299 3411 2434 3466; x_wconf 89' lang='lat' dir='ltr'>opes</span> <span class='ocrx_word' id='word_1_542' title='bbox 2451 3411 2586 3450; x_wconf 89' lang='lat' dir='ltr'>vero</span> <span class='ocrx_word' id='word_1_543' title='bbox 2612 3410 2678 3448; x_wconf 82' lang='lat' dir='ltr'>ex</span> <span class='ocrx_word' id='word_1_544' title='bbox 2708 3409 2904 3449; x_wconf 89' lang='lat' dir='ltr'>eorum</span> <span class='ocrx_word' id='word_1_545' title='bbox 2936 3394 3033 3466; x_wconf 93' lang='lat' dir='ltr'>qui</span> <span class='ocrx_word' id='word_1_546' title='bbox 3062 3392 3269 3448; x_wconf 85' lang='lat' dir='ltr'>habent</span> <span class='ocrx_word' id='word_1_547' title='bbox 3314 3380 3478 3463; x_wconf 82' lang='lat' dir='ltr'>genio</span> <span class='ocrx_word' id='word_1_548' title='bbox 3505 3406 3661 3447; x_wconf 81' lang='lat' dir='ltr'>com-</span> 
     </span>
    </p>
   </div>
   <div class='ocr_carea' id='block_1_88' title="bbox 2081 3496 2388 3561">
    <p class='ocr_par' dir='ltr' id='par_1_88' title="bbox 2081 3496 2388 3561">
     <span class='ocr_line' id='line_1_89' title="bbox 2081 3496 2388 3561; baseline -0.003 -18"><span class='ocrx_word' id='word_1_549' title='bbox 2081 3496 2388 3561; x_wconf 91' lang='lat' dir='ltr'>ponuntur.</span> 
     </span>
    </p>
   </div>
   <div class='ocr_carea' id='block_1_89' title="bbox 2148 3593 3660 3667">
    <p class='ocr_par' dir='ltr' id='par_1_89' title="bbox 2148 3593 3660 3667">
     <span class='ocr_line' id='line_1_90' title="bbox 2148 3593 3660 3667; baseline -0.004 -13"><span class='ocrx_word' id='word_1_550' title='bbox 2148 3598 2509 3654; x_wconf 85' lang='lat' dir='ltr'>Honestiores</span> <span class='ocrx_word' id='word_1_551' title='bbox 2545 3595 2691 3667; x_wconf 89' lang='lat' dir='ltr'>parti</span> <span class='ocrx_word' id='word_1_552' title='bbox 2728 3595 2879 3651; x_wconf 82' lang='lat' dir='ltr'>bello</span> <span class='ocrx_word' id='word_1_553' title='bbox 2907 3593 3177 3661; x_wconf 90' lang='lat' dir='ltr'>sudores;</span> <span class='ocrx_word' id='word_1_554' title='bbox 3221 3608 3393 3664; x_wconf 55' lang='lat' dir='ltr'>opes,</span> <span class='ocrx_word' id='word_1_555' title='bbox 3429 3609 3551 3665; x_wconf 71' lang='lat' dir='ltr'>quae</span> <span class='ocrx_word' id='word_1_556' title='bbox 3578 3593 3660 3648; x_wconf 86' lang='lat' dir='ltr'>la-</span> 
     </span>
    </p>
   </div>
   <div class='ocr_carea' id='block_1_90' title="bbox 2083 3687 2679 3759">
    <p class='ocr_par' dir='ltr' id='par_1_90' title="bbox 2083 3687 2679 3759">
     <span class='ocr_line' id='line_1_91' title="bbox 2083 3687 2679 3759; baseline -0.008 -14"><span class='ocrx_word' id='word_1_557' title='bbox 2083 3689 2319 3745; x_wconf 92' lang='lat' dir='ltr'>boribus</span> <span class='ocrx_word' id='word_1_558' title='bbox 2335 3694 2507 3759; x_wconf 72' lang='lat' dir='ltr'>partae</span> <span class='ocrx_word' id='word_1_559' title='bbox 2544 3687 2679 3741; x_wconf 87' lang='lat' dir='ltr'>sint.</span> 
     </span>
    </p>
   </div>
   <div class='ocr_carea' id='block_1_91' title="bbox 2062 3762 3661 3848">
    <p class='ocr_par' dir='ltr' id='par_1_91' title="bbox 2062 3762 3661 3848">
     <span class='ocr_line' id='line_1_92' title="bbox 2062 3762 3661 3848; baseline -0.004 -14"><span class='ocrx_word' id='word_1_560' title='bbox 2062 3807 2075 3815; x_wconf 89' lang='lat'><strong>-</strong></span> <span class='ocrx_word' id='word_1_561' title='bbox 2151 3776 2397 3834; x_wconf 87' lang='lat' dir='ltr'>Divitum</span> <span class='ocrx_word' id='word_1_562' title='bbox 2424 3785 2482 3832; x_wconf 88' lang='lat' dir='ltr'>et</span> <span class='ocrx_word' id='word_1_563' title='bbox 2506 3775 2867 3848; x_wconf 81' lang='lat' dir='ltr'>prodigorum</span> <span class='ocrx_word' id='word_1_564' title='bbox 2897 3775 3061 3840; x_wconf 87' lang='lat' dir='ltr'>bona,</span> <span class='ocrx_word' id='word_1_565' title='bbox 3097 3762 3415 3831; x_wconf 40' lang='lat' dir='ltr'>lieo‘arbori</span> <span class='ocrx_word' id='word_1_566' title='bbox 3445 3776 3498 3829; x_wconf 93' lang='lat' dir='ltr'>in</span> <span class='ocrx_word' id='word_1_567' title='bbox 3524 3790 3661 3844; x_wconf 71' lang='lat' dir='ltr'>pra:-</span> 
     </span>
    </p>
   </div>
   <div class='ocr_carea' id='block_1_92' title="bbox 2083 3865 3661 3942">
    <p class='ocr_par' dir='ltr' id='par_1_92' title="bbox 2083 3865 3661 3942">
     <span class='ocr_line' id='line_1_93' title="bbox 2083 3865 3661 3942; baseline -0.005 -14"><span class='ocrx_word' id='word_1_568' title='bbox 2083 3880 2249 3942; x_wconf 91' lang='lat' dir='ltr'>rupto</span> <span class='ocrx_word' id='word_1_569' title='bbox 2275 3879 2332 3925; x_wconf 92' lang='lat' dir='ltr'>et</span> <span class='ocrx_word' id='word_1_570' title='bbox 2363 3868 2593 3939; x_wconf 88' lang='lat' dir='ltr'>ancipiti</span> <span class='ocrx_word' id='word_1_571' title='bbox 2643 3867 2771 3923; x_wconf 91' lang='lat' dir='ltr'>loco</span> <span class='ocrx_word' id='word_1_572' title='bbox 2829 3866 2951 3922; x_wconf 62' lang='lat' dir='ltr'>sitae</span> <span class='ocrx_word' id='word_1_573' title='bbox 2999 3867 3202 3922; x_wconf 87' lang='lat' dir='ltr'>similia</span> <span class='ocrx_word' id='word_1_574' title='bbox 3241 3866 3483 3932; x_wconf 86' lang='lat' dir='ltr'>dicebat,</span> <span class='ocrx_word' id='word_1_575' title='bbox 3514 3865 3661 3920; x_wconf 88' lang='lat' dir='ltr'>unde</span> 
     </span>
    </p>
   </div>
   <div class='ocr_carea' id='block_1_93' title="bbox 2082 3958 3664 4029">
    <p class='ocr_par' dir='ltr' id='par_1_93' title="bbox 2082 3958 3664 4029">
     <span class='ocr_line' id='line_1_94' title="bbox 2082 3958 3664 4029; baseline -0.005 -11"><span class='ocrx_word' id='word_1_576' title='bbox 2082 3963 2226 4018; x_wconf 90' lang='lat' dir='ltr'>nihil</span> <span class='ocrx_word' id='word_1_577' title='bbox 2258 3961 2516 4016; x_wconf 87' lang='lat' dir='ltr'>homines</span> <span class='ocrx_word' id='word_1_578' title='bbox 2544 3959 2839 4029; x_wconf 87' lang='lat' dir='ltr'>accipiant,</span> <span class='ocrx_word' id='word_1_579' title='bbox 2869 3958 2965 4014; x_wconf 89' lang='lat' dir='ltr'>sed</span> <span class='ocrx_word' id='word_1_580' title='bbox 2990 3958 3144 4014; x_wconf 84' lang='lat' dir='ltr'>corvi</span> <span class='ocrx_word' id='word_1_581' title='bbox 3162 3968 3220 4015; x_wconf 88' lang='lat' dir='ltr'>et</span> <span class='ocrx_word' id='word_1_582' title='bbox 3244 3959 3434 4024; x_wconf 88' lang='lat' dir='ltr'>milvi;</span> <span class='ocrx_word' id='word_1_583' title='bbox 3467 3972 3664 4028; x_wconf 81' lang='lat' dir='ltr'>quem-</span> 
     </span>
    </p>
   </div>
   <div class='ocr_carea' id='block_1_94' title="bbox 2084 4050 3354 4110">
    <p class='ocr_par' dir='ltr' id='par_1_94' title="bbox 2084 4050 3354 4110">
     <span class='ocr_line' id='line_1_95' title="bbox 2084 4050 3354 4110; baseline -0.006 0"><span class='ocrx_word' id='word_1_584' title='bbox 2084 4052 2386 4110; x_wconf 88' lang='lat' dir='ltr'>admodum</span> <span class='ocrx_word' id='word_1_585' title='bbox 2413 4052 2483 4106; x_wconf 92' lang='lat' dir='ltr'>ab</span> <span class='ocrx_word' id='word_1_586' title='bbox 2518 4050 2632 4105; x_wconf 91' lang='lat' dir='ltr'>illis</span> <span class='ocrx_word' id='word_1_587' title='bbox 2666 4059 2847 4105; x_wconf 87' lang='lat' dir='ltr'>scorta</span> <span class='ocrx_word' id='word_1_588' title='bbox 2869 4058 2928 4106; x_wconf 91' lang='lat' dir='ltr'>et</span> <span class='ocrx_word' id='word_1_589' title='bbox 2960 4058 3354 4105; x_wconf 83' lang='lat' dir='ltr'>assentatores.</span> 
     </span>
    </p>
   </div>
   <div class='ocr_carea' id='block_1_95' title="bbox 2161 4139 3658 4213">
    <p class='ocr_par' dir='ltr' id='par_1_95' title="bbox 2161 4139 3658 4213">
     <span class='ocr_line' id='line_1_96' title="bbox 2161 4139 3658 4213; baseline -0.004 -13"><span class='ocrx_word' id='word_1_590' title='bbox 2161 4143 2315 4200; x_wconf 87' lang='lat' dir='ltr'>Idem</span> <span class='ocrx_word' id='word_1_591' title='bbox 2346 4145 2748 4213; x_wconf 86' lang='lat' dir='ltr'>interrogatus,</span> <span class='ocrx_word' id='word_1_592' title='bbox 2789 4143 3015 4213; x_wconf 88' lang='lat' dir='ltr'>quinam</span> <span class='ocrx_word' id='word_1_593' title='bbox 3070 4150 3256 4197; x_wconf 88' lang='lat' dir='ltr'>essent</span> <span class='ocrx_word' id='word_1_594' title='bbox 3301 4139 3455 4195; x_wconf 88' lang='lat' dir='ltr'>avari</span> <span class='ocrx_word' id='word_1_595' title='bbox 3476 4147 3534 4194; x_wconf 88' lang='lat' dir='ltr'>et</span> <span class='ocrx_word' id='word_1_596' title='bbox 3564 4154 3658 4210; x_wconf 79' lang='lat' dir='ltr'>pe-</span> 
     </span>
    </p>
   </div>
   <div class='ocr_carea' id='block_1_96' title="bbox 2085 4231 3663 4302">
    <p class='ocr_par' dir='ltr' id='par_1_96' title="bbox 2085 4231 3663 4302">
     <span class='ocr_line' id='line_1_97' title="bbox 2085 4231 3663 4302; baseline -0.004 -12"><span class='ocrx_word' id='word_1_597' title='bbox 2085 4235 2379 4290; x_wconf 88' lang='lat' dir='ltr'>cuniarum</span> <span class='ocrx_word' id='word_1_598' title='bbox 2408 4233 2646 4289; x_wconf 86' lang='lat' dir='ltr'>studiosi</span> <span class='ocrx_word' id='word_1_599' title='bbox 2686 4251 2701 4287; x_wconf 87' lang='lat'>:</span> <span class='ocrx_word' id='word_1_600' title='bbox 2740 4231 2846 4300; x_wconf 85' lang='lat' dir='ltr'>Qui</span> <span class='ocrx_word' id='word_1_601' title='bbox 2880 4232 3083 4301; x_wconf 88' lang='lat' dir='ltr'>turpia,</span> <span class='ocrx_word' id='word_1_602' title='bbox 3135 4232 3340 4302; x_wconf 88' lang='lat' dir='ltr'>inquit,</span> <span class='ocrx_word' id='word_1_603' title='bbox 3384 4232 3538 4286; x_wconf 91' lang='lat' dir='ltr'>lucra</span> <span class='ocrx_word' id='word_1_604' title='bbox 3566 4245 3663 4285; x_wconf 83' lang='lat' dir='ltr'>ve—</span> 
     </span>
    </p>
   </div>
   <div class='ocr_carea' id='block_1_97' title="bbox 2085 4304 3421 4387">
    <p class='ocr_par' dir='ltr' id='par_1_97' title="bbox 2085 4304 3421 4387">
     <span class='ocr_line' id='line_1_98' title="bbox 2085 4304 3421 4387; baseline -0.001 -10"><span class='ocrx_word' id='word_1_605' title='bbox 2085 4330 2314 4387; x_wconf 88' lang='lat' dir='ltr'>nantur,</span> <span class='ocrx_word' id='word_1_606' title='bbox 2350 4329 2408 4377; x_wconf 91' lang='lat' dir='ltr'>ct</span> <span class='ocrx_word' id='word_1_607' title='bbox 2432 4321 2781 4377; x_wconf 90' lang='lat' dir='ltr'>necessarios</span> <span class='ocrx_word' id='word_1_608' title='bbox 2798 4304 3007 4376; x_wconf 81' lang='lat' dir='ltr'>amicos</span> <span class='ocrx_word' id='word_1_609' title='bbox 3033 4329 3421 4376; x_wconf 85' lang='lat' dir='ltr'>contemnunt.</span> 
     </span>
    </p>
   </div>
   <div class='ocr_carea' id='block_1_98' title="bbox 2157 4411 3665 4482">
    <p class='ocr_par' dir='ltr' id='par_1_98' title="bbox 2157 4411 3665 4482">
     <span class='ocr_line' id='line_1_99' title="bbox 2157 4411 3665 4482; baseline -0.003 -12"><span class='ocrx_word' id='word_1_610' title='bbox 2157 4413 2465 4470; x_wconf 90' lang='lat' dir='ltr'>Avarorum</span> <span class='ocrx_word' id='word_1_611' title='bbox 2496 4412 2724 4477; x_wconf 64' lang='lat' dir='ltr'>divitiae,</span> <span class='ocrx_word' id='word_1_612' title='bbox 2751 4411 3216 4481; x_wconf 86' lang='lat' dir='ltr'>quemadmodum</span> <span class='ocrx_word' id='word_1_613' title='bbox 3245 4412 3328 4466; x_wconf 89' lang='lat' dir='ltr'>sol</span> <span class='ocrx_word' id='word_1_614' title='bbox 3356 4418 3479 4482; x_wconf 92' lang='lat' dir='ltr'>post</span> <span class='ocrx_word' id='word_1_615' title='bbox 3501 4425 3665 4466; x_wconf 78' lang='lat' dir='ltr'>occa-</span> 
     </span>
    </p>
   </div>
   <div class='ocr_carea' id='block_1_99' title="bbox 2085 4502 3169 4571">
    <p class='ocr_par' dir='ltr' id='par_1_99' title="bbox 2085 4502 3169 4571">
     <span class='ocr_line' id='line_1_100' title="bbox 2085 4502 3169 4571; baseline -0.006 -9"><span class='ocrx_word' id='word_1_616' title='bbox 2085 4520 2228 4571; x_wconf 88' lang='lat' dir='ltr'>sum,</span> <span class='ocrx_word' id='word_1_617' title='bbox 2256 4503 2563 4560; x_wconf 87' lang='lat' dir='ltr'>viventium</span> <span class='ocrx_word' id='word_1_618' title='bbox 2594 4502 2873 4558; x_wconf 88' lang='lat' dir='ltr'>neminem</span> <span class='ocrx_word' id='word_1_619' title='bbox 2896 4511 3169 4558; x_wconf 88' lang='lat' dir='ltr'>recreant.</span> 
     </span>
    </p>
   </div>
   <div class='ocr_carea' id='block_1_100' title="bbox 2560 4655 3185 4728">
    <p class='ocr_par' dir='ltr' id='par_1_100' title="bbox 2560 4655 3185 4728">
     <span class='ocr_line' id='line_1_101' title="bbox 2560 4655 3185 4728; baseline -0.002 -16"><span class='ocrx_word' id='word_1_620' title='bbox 2560 4655 2834 4728; x_wconf 76' lang='lat' dir='ltr'>Euripidis</span> <span class='ocrx_word' id='word_1_621' title='bbox 2877 4659 2936 4711; x_wconf 82' lang='lat' dir='ltr'>in</span> <span class='ocrx_word' id='word_1_622' title='bbox 2971 4655 3185 4711; x_wconf 85' lang='lat' dir='ltr'>Danae.</span> 
     </span>
    </p>
   </div>
   <div class='ocr_carea' id='block_1_101' title="bbox 2088 4785 3673 4859">
    <p class='ocr_par' dir='ltr' id='par_1_101' title="bbox 2088 4785 3673 4859">
     <span class='ocr_line' id='line_1_102' title="bbox 2088 4785 3673 4859; baseline -0.004 -14"><span class='ocrx_word' id='word_1_623' title='bbox 2088 4789 2132 4845; x_wconf 91' lang='lat'><em>0</em></span> <span class='ocrx_word' id='word_1_624' title='bbox 2154 4804 2347 4843; x_wconf 85' lang='lat' dir='ltr'>aurum</span> <span class='ocrx_word' id='word_1_625' title='bbox 2381 4787 2795 4859; x_wconf 74' lang='lat' dir='ltr'>pulcherrimam</span> <span class='ocrx_word' id='word_1_626' title='bbox 2816 4785 3135 4859; x_wconf 61' lang='lat' dir='ltr'>mortalibus</span> <span class='ocrx_word' id='word_1_627' title='bbox 3174 4785 3673 4859; x_wconf 62' lang='lat' dir='ltr'>festivurnmunus!</span> 
     </span>
    </p>
   </div>
   <div class='ocr_carea' id='block_1_102' title="bbox 2086 4857 3318 4914">
    <p class='ocr_par' dir='ltr' id='par_1_102' title="bbox 2086 4857 3318 4914">
     <span class='ocr_line' id='line_1_103' title="bbox 2086 4857 3318 4914; baseline -0.003 0"><span class='ocrx_word' id='word_1_628' title='bbox 2086 4859 2229 4914; x_wconf 87' lang='lat' dir='ltr'>Nam</span> <span class='ocrx_word' id='word_1_629' title='bbox 2256 4857 2421 4912; x_wconf 76' lang='lat' dir='ltr'>necne</span> <span class='ocrx_word' id='word_1_630' title='bbox 2451 4865 2624 4912; x_wconf 86' lang='lat' dir='ltr'>mater</span> <span class='ocrx_word' id='word_1_631' title='bbox 2649 4857 2781 4911; x_wconf 77' lang='lat' dir='ltr'>tales</span> <span class='ocrx_word' id='word_1_632' title='bbox 2808 4857 3094 4912; x_wconf 78' lang='lat' dir='ltr'>blanditias</span> <span class='ocrx_word' id='word_1_633' title='bbox 3122 4857 3318 4911; x_wconf 81' lang='lat' dir='ltr'>habet:</span> 
     </span>
    </p>
   </div>
   <div class='ocr_carea' id='block_1_103' title="bbox 2090 4927 3287 4997">
    <p class='ocr_par' dir='ltr' id='par_1_103' title="bbox 2090 4927 3287 4997">
     <span class='ocr_line' id='line_1_104' title="bbox 2090 4927 3287 4997; baseline -0.003 -15"><span class='ocrx_word' id='word_1_634' title='bbox 2090 4928 2209 4983; x_wconf 82' lang='lat' dir='ltr'>Non</span> <span class='ocrx_word' id='word_1_635' title='bbox 2244 4937 2355 4981; x_wconf 85' lang='lat' dir='ltr'>tam</span> <span class='ocrx_word' id='word_1_636' title='bbox 2384 4929 2532 4981; x_wconf 86' lang='lat' dir='ltr'>chari</span> <span class='ocrx_word' id='word_1_637' title='bbox 2563 4927 2729 4997; x_wconf 80' lang='lat' dir='ltr'>liberi,</span> <span class='ocrx_word' id='word_1_638' title='bbox 2753 4944 2858 4981; x_wconf 84' lang='lat' dir='ltr'>non</span> <span class='ocrx_word' id='word_1_639' title='bbox 2883 4928 3086 4997; x_wconf 73' lang='lat' dir='ltr'>amicus</span> <span class='ocrx_word' id='word_1_640' title='bbox 3115 4937 3287 4997; x_wconf 83' lang='lat' dir='ltr'>pater.</span> 
     </span>
    </p>
   </div>
   <div class='ocr_carea' id='block_1_104' title="bbox 2093 4995 3372 5063">
    <p class='ocr_par' dir='ltr' id='par_1_104' title="bbox 2093 4995 3372 5063">
     <span class='ocr_line' id='line_1_105' title="bbox 2093 4995 3372 5063; baseline -0.002 -13"><span class='ocrx_word' id='word_1_641' title='bbox 2093 4997 2244 5063; x_wconf 82' lang='lat' dir='ltr'>Quod</span> <span class='ocrx_word' id='word_1_642' title='bbox 2267 4999 2312 5051; x_wconf 72' lang='lat' dir='ltr'>si</span> <span class='ocrx_word' id='word_1_643' title='bbox 2346 4997 2515 5051; x_wconf 74' lang='lat' dir='ltr'>Venus</span> <span class='ocrx_word' id='word_1_644' title='bbox 2542 4996 2674 5051; x_wconf 82' lang='lat' dir='ltr'>tales</span> <span class='ocrx_word' id='word_1_645' title='bbox 2697 4997 2851 5051; x_wconf 84' lang='lat' dir='ltr'>habet</span> <span class='ocrx_word' id='word_1_646' title='bbox 2878 4995 3149 5051; x_wconf 74' lang='lat' dir='ltr'>oculorum</span> <span class='ocrx_word' id='word_1_647' title='bbox 3176 4997 3372 5055; x_wconf 80' lang='lat' dir='ltr'>radios,</span> 
     </span>
    </p>
   </div>
   <div class='ocr_carea' id='block_1_105' title="bbox 2089 5065 3493 5138">
    <p class='ocr_par' dir='ltr' id='par_1_105' title="bbox 2089 5065 3493 5138">
     <span class='ocr_line' id='line_1_106' title="bbox 2089 5065 3493 5138; baseline -0.004 -16"><span class='ocrx_word' id='word_1_648' title='bbox 2089 5067 2209 5122; x_wconf 83' lang='lat' dir='ltr'>Non</span> <span class='ocrx_word' id='word_1_649' title='bbox 2243 5068 2438 5121; x_wconf 84' lang='lat' dir='ltr'>mirum</span> <span class='ocrx_word' id='word_1_650' title='bbox 2459 5076 2535 5121; x_wconf 80' lang='lat' dir='ltr'>est</span> <span class='ocrx_word' id='word_1_651' title='bbox 2572 5068 2745 5136; x_wconf 82' lang='lat' dir='ltr'>ipsam</span> <span class='ocrx_word' id='word_1_652' title='bbox 2771 5067 3006 5138; x_wconf 72' lang='lat' dir='ltr'>inﬁnitus</span> <span class='ocrx_word' id='word_1_653' title='bbox 3041 5073 3307 5121; x_wconf 77' lang='lat' dir='ltr'>amatores</span> <span class='ocrx_word' id='word_1_654' title='bbox 3331 5065 3493 5118; x_wconf 85' lang='lat' dir='ltr'>alere.</span> 
     </span>
    </p>
   </div>
   <div class='ocr_carea' id='block_1_106' title="bbox 2162 5219 3671 5289">
    <p class='ocr_par' dir='ltr' id='par_1_106' title="bbox 2162 5219 3671 5289">
     <span class='ocr_line' id='line_1_107' title="bbox 2162 5219 3671 5289; baseline -0.001 -14"><span class='ocrx_word' id='word_1_655' title='bbox 2162 5219 2498 5275; x_wconf 70' lang='lat' dir='ltr'>Mosa/tionis.</span> <span class='ocrx_word' id='word_1_656' title='bbox 2525 5251 2596 5261; x_wconf 92' lang='lat'><strong>—</strong></span> <span class='ocrx_word' id='word_1_657' title='bbox 2633 5221 3105 5287; x_wconf 88' lang='lat' dir='ltr'>Quemadmodum</span> <span class='ocrx_word' id='word_1_658' title='bbox 3135 5234 3403 5289; x_wconf 87' lang='lat' dir='ltr'>equorum</span> <span class='ocrx_word' id='word_1_659' title='bbox 3432 5220 3671 5289; x_wconf 74' lang='lat' dir='ltr'>phalerzr</span> 
     </span>
    </p>
   </div>
   <div class='ocr_carea' id='block_1_107' title="bbox 2092 5308 3673 5379">
    <p class='ocr_par' dir='ltr' id='par_1_107' title="bbox 2092 5308 3673 5379">
     <span class='ocr_line' id='line_1_108' title="bbox 2092 5308 3673 5379; baseline -0.001 -16"><span class='ocrx_word' id='word_1_660' title='bbox 2092 5308 2372 5379; x_wconf 90' lang='lat' dir='ltr'>nidusque</span> <span class='ocrx_word' id='word_1_661' title='bbox 2400 5310 2627 5373; x_wconf 89' lang='lat' dir='ltr'>avium,</span> <span class='ocrx_word' id='word_1_662' title='bbox 2675 5325 2789 5363; x_wconf 93' lang='lat' dir='ltr'>non</span> <span class='ocrx_word' id='word_1_663' title='bbox 2833 5309 2916 5365; x_wconf 90' lang='lat' dir='ltr'>eis</span> <span class='ocrx_word' id='word_1_664' title='bbox 2968 5308 3263 5363; x_wconf 90' lang='lat' dir='ltr'>sublimem</span> <span class='ocrx_word' id='word_1_665' title='bbox 3310 5308 3554 5360; x_wconf 86' lang='lat' dir='ltr'>volatum</span> <span class='ocrx_word' id='word_1_666' title='bbox 3608 5322 3673 5361; x_wconf 85' lang='lat' dir='ltr'>ac</span> 
     </span>
    </p>
   </div>
   <div class='ocr_carea' id='block_1_108' title="bbox 2095 5398 3674 5471">
    <p class='ocr_par' dir='ltr' id='par_1_108' title="bbox 2095 5398 3674 5471">
     <span class='ocr_line' id='line_1_109' title="bbox 2095 5398 3674 5471; baseline -0.004 -15"><span class='ocrx_word' id='word_1_667' title='bbox 2095 5402 2412 5471; x_wconf 83' lang='lat' dir='ltr'>superbiam</span> <span class='ocrx_word' id='word_1_668' title='bbox 2465 5410 2759 5470; x_wconf 76' lang='lat' dir='ltr'>praestant;</span> <span class='ocrx_word' id='word_1_669' title='bbox 2797 5400 2893 5455; x_wconf 90' lang='lat' dir='ltr'>sed</span> <span class='ocrx_word' id='word_1_670' title='bbox 2938 5399 3101 5469; x_wconf 89' lang='lat' dir='ltr'>equis</span> <span class='ocrx_word' id='word_1_671' title='bbox 3144 5398 3365 5469; x_wconf 88' lang='lat' dir='ltr'>quidem</span> <span class='ocrx_word' id='word_1_672' title='bbox 3407 5400 3674 5452; x_wconf 80' lang='lat' dir='ltr'>velocitas</span> 
     </span>
    </p>
   </div>
   <div class='ocr_carea' id='block_1_109' title="bbox 2096 5489 3674 5563">
    <p class='ocr_par' dir='ltr' id='par_1_109' title="bbox 2096 5489 3674 5563">
     <span class='ocr_line' id='line_1_110' title="bbox 2096 5489 3674 5563; baseline -0.004 -15"><span class='ocrx_word' id='word_1_673' title='bbox 2096 5494 2322 5563; x_wconf 88' lang='lat' dir='ltr'>pedum,</span> <span class='ocrx_word' id='word_1_674' title='bbox 2351 5493 2547 5547; x_wconf 88' lang='lat' dir='ltr'>avibus</span> <span class='ocrx_word' id='word_1_675' title='bbox 2577 5508 2710 5547; x_wconf 87' lang='lat' dir='ltr'>vero</span> <span class='ocrx_word' id='word_1_676' title='bbox 2737 5493 2946 5547; x_wconf 85' lang='lat' dir='ltr'>alarum</span> <span class='ocrx_word' id='word_1_677' title='bbox 2987 5490 3296 5561; x_wconf 85' lang='lat' dir='ltr'>pernicies_:</span> <span class='ocrx_word' id='word_1_678' title='bbox 3332 5490 3411 5545; x_wconf 90' lang='lat' dir='ltr'>sic</span> <span class='ocrx_word' id='word_1_679' title='bbox 3440 5504 3543 5544; x_wconf 89' lang='lat' dir='ltr'>nec</span> <span class='ocrx_word' id='word_1_680' title='bbox 3573 5489 3674 5542; x_wconf 82' lang='lat' dir='ltr'>bo-</span> 
     </span>
    </p>
   </div>
   <div class='ocr_carea' id='block_1_110' title="bbox 2098 5581 3672 5655">
    <p class='ocr_par' dir='ltr' id='par_1_110' title="bbox 2098 5581 3672 5655">
     <span class='ocr_line' id='line_1_111' title="bbox 2098 5581 3672 5655; baseline -0.004 -14"><span class='ocrx_word' id='word_1_681' title='bbox 2098 5587 2233 5641; x_wconf 88' lang='lat' dir='ltr'>mini</span> <span class='ocrx_word' id='word_1_682' title='bbox 2263 5586 2580 5655; x_wconf 83' lang='lat' dir='ltr'>superﬂuus</span> <span class='ocrx_word' id='word_1_683' title='bbox 2623 5594 2853 5639; x_wconf 88' lang='lat' dir='ltr'>ornatus</span> <span class='ocrx_word' id='word_1_684' title='bbox 2879 5599 2941 5637; x_wconf 89' lang='lat' dir='ltr'>ac</span> <span class='ocrx_word' id='word_1_685' title='bbox 2971 5582 3205 5649; x_wconf 70' lang='lat' dir='ltr'>delieitc,</span> <span class='ocrx_word' id='word_1_686' title='bbox 3234 5583 3329 5638; x_wconf 88' lang='lat' dir='ltr'>sed</span> <span class='ocrx_word' id='word_1_687' title='bbox 3362 5581 3584 5639; x_wconf 84' lang='lat' dir='ltr'>bonitas</span> <span class='ocrx_word' id='word_1_688' title='bbox 3608 5594 3672 5635; x_wconf 85' lang='lat' dir='ltr'>ac</span> 
     </span>
    </p>
   </div>
   <div class='ocr_carea' id='block_1_111' title="bbox 2103 5677 2999 5753">
    <p class='ocr_par' dir='ltr' id='par_1_111' title="bbox 2103 5677 2999 5753">
     <span class='ocr_line' id='line_1_112' title="bbox 2103 5677 2999 5753; baseline -0.007 -20"><span class='ocrx_word' id='word_1_689' title='bbox 2103 5677 2464 5741; x_wconf 80' lang='lat' dir='ltr'>beneﬁcentia</span> <span class='ocrx_word' id='word_1_690' title='bbox 2499 5677 2728 5751; x_wconf 81' lang='lat' dir='ltr'>gloriam</span> <span class='ocrx_word' id='word_1_691' title='bbox 2758 5677 2999 5753; x_wconf 83' lang='lat' dir='ltr'>pariunt.</span> 
     </span>
    </p>
   </div>
  </div>
