4094 6390
640 312 723 335 Α-ν

350 391 467 457 801

1688 383 1860 446 LOCI
1899 384 2339 448 COMMUNE’S.

3545 390 3655 454 802

360 502 405 569 ὴ
446 492 617 549 πενία
665 491 818 548 οὐδὲν
867 491 1146 563 ἱστορήσει
1189 492 1358 546 κακόν
1384 507 1396 519 ·
1454 491 1538 544 σοὶ
1573 492 1628 546 δὲ
1667 495 1695 546 ὁ
1736 494 1969 560 πλοῦτος

2082 497 2273 568 inquit,
2306 506 2605 569 paupertas
2628 482 2770 554 nihil
2802 499 2932 555 mali
2966 500 3171 570 pariet;
3210 500 3312 555 tibi
3349 509 3536 557 autem
3570 502 3658 557 di-

362 584 622 657 ταραχὰς
657 584 758 638 οὐκ
789 583 1003 653 ὀλίγας.

454 676 748 744 Ἱέρωνος.
776 705 845 715 --
885 675 1311 752 Ὀνειδιζόμενος
1340 676 1422 728 ὅτι
1449 675 1681 739 πολλοὺς
1706 676 1968 746 ῥητορεύ-

370 788 459 823 ειν
482 768 719 834 διδάξας,
753 767 1003 832 ὲπένετο,
1029 762 1204 822 εἶπεν·
1235 766 1374 821 Οὖτε
1400 767 1509 840 γὰρ
1536 767 1753 833 ἐδίδαξα
1777 767 1969 841 φιλαρ-

374 862 589 932 γυρείν.

449 956 829 1011 Μουσωνίου.
860 980 918 994 -—
950 952 1073 1006 Τῶν
1111 951 1213 1023 μὲν
1252 953 1493 1024 Κροίσου
1526 955 1620 1007 καὶ
1649 954 1831 1025 Κύρου
1868 954 1969 1026 θη-

377 1046 597 1118 σαυρῶν
649 1044 843 1098 πενίαν
897 1043 1132 1114 ἐσχάτην
1183 1042 1718 1114 καταψηφιούμεθα’
1775 1045 1872 1099 ἕνα
1911 1045 1968 1099 δὲ

372 1140 472 1194 καὶ
506 1139 666 1209 μόνον
698 1136 1032 1207 πιστεύομεν
1061 1136 1322 1190 πλούσιον
1346 1177 1361 1202 ,
1417 1137 1581 1205 σοφὸν
1606 1177 1620 1202 ,
1683 1137 1776 1190 τὸν
1804 1136 1968 1192 δυνά-

373 1247 543 1300 μενον
572 1229 877 1299 κτήσασθαι
902 1229 967 1282 τὸ
993 1229 1244 1292 ἀνενδεὲς
1273 1227 1575 1298 πανταχοῦ.

443 1406 785 1476 Ξενοφῶντ.
814 1408 1103 1479 φιλοσόφ,
1128 1431 1193 1448 ·-
1219 1404 1332 1475 Τὴν
1364 1405 1558 1458 πενίαν
1593 1404 1781 1475 ἔλεγεν
1806 1408 1969 1462 αὐτοι

372 1499 631 1552 ὁίδακτον
660 1497 984 1567 φιλοσοφίαν
1010 1491 1150 1551 εἶναι
1169 1513 1185 1528 ·
1237 1496 1274 1551 ἃ
1297 1499 1406 1569 γὰρ
1433 1499 1616 1569 ἐκείνη
1647 1501 1759 1563 τοῖς
1788 1499 1970 1569 λόγοις

374 1590 584 1654 πείθει,
619 1590 761 1660 αὕτη
790 1591 904 1652 τοῖς
929 1589 1117 1660 ἔργοις
1145 1589 1468 1658 ἀναγκάζει.

450 1682 675 1736 Πολλῶν
701 1682 892 1737 κακῶν
921 1681 1288 1753 ἐπικάλυμμα
1315 1686 1466 1737 ἐστιν
1493 1685 1522 1737 ό
1544 1684 1793 1750 πλοῦτος.

461 1776 522 1828 ’0
552 1774 735 1839 αὐτὸς,
771 1774 864 1828 τὸν
889 1773 1148 1828 πλούσιον
1179 1775 1275 1829 καὶ
1303 1776 1628 1830 ἀπαίδευτον
1654 1775 1844 1848 ἔφησε,
1872 1779 1969 1850 ῥύ-

374 1883 485 1920 πον
512 1863 654 1919 εῐναι
687 1864 1235 1936 περιηργυρωμένον,

448 1958 800 2015 Φιλιστίων.
844 1987 917 1997 -
960 1956 1080 2012 Κᾶν
1133 1957 1346 2029 μυρίων
1389 1958 1582 2029 πηχῶν
1633 1960 1736 2030 γῆς
1778 1960 1968 2032 κύριος

382 2052 678 2123 ὑπάρχεις,
710 2050 891 2106 θανὼν
920 2050 1127 2123 γενήσῃ
1159 2050 1333 2122 τριῶν
1361 2051 1395 2125 ἢ
1428 2052 1732 2125 τεσσάρων.

459 2226 801 2297 Δημώνακτ.
845 2258 916 2269 -
963 2229 1086 2283 Εἰσί
1136 2246 1302 2295 τινες,
1351 2229 1404 2284 οἳ
1451 2233 1543 2287 τὸν
1580 2235 1679 2305 μὲν
1726 2235 1970 2305 παρόντα

384 2318 503 2388 βίον
527 2319 587 2373 ού
618 2320 809 2385 ζῶσιν,
845 2320 981 2376 ἀλλὰ
1011 2323 1532 2395 παρασκευάζοντες
1562 2326 1732 2400 πολλῇ
1763 2328 1966 2401 σπουδῇ

379 2412 461 2477 ὡς
491 2414 678 2485 ἕτερον
704 2414 820 2485 βίον
846 2413 1197 2487 βιωσόμενοι,
1231 2416 1293 2470 ού
1322 2418 1417 2474 τὸν
1442 2420 1708 2491 παρόντα.

469 2504 572 2558 Ἐκ
613 2503 730 2558 τῶν
764 2506 1154 2575 Ἀριστίππου
1195 2508 1467 2577 γνωμῶν.
1512 2539 1581 2549 —
1625 2511 1739 2582 Οὐχ
1777 2510 1968 2582 ὥσπερ

382 2597 641 2669 ὑπόδημα
670 2597 732 2652 τὸ
757 2598 945 2669 μεῖζον
973 2598 1248 2671 ἄχρηστον
1269 2641 1284 2666 ,
1331 2603 1426 2656 καὶ
1455 2603 1488 2674 ἡ
1518 2602 1724 2657 πλείων
1751 2605 1965 2675 κτῆσις.

383 2689 496 2743 Τοῦ
545 2689 645 2760 μὲν
683 2690 792 2759 γὰρ
844 2691 901 2745 ὲν
946 2693 1013 2762 τῇ
1045 2678 1243 2763 ἀρήσει
1274 2692 1337 2746 τὸ
1362 2694 1617 2764 περιττὸν
1648 2696 1931 2765 ἐμποδίζει
1951 2714 1964 2726 ’

382 2783 454 2853 τῇ
479 2780 558 2847 δὲ,
589 2781 685 2835 καὶ
711 2781 809 2854 ὅλῃ
841 2781 1079 2853 χρῆσθαι
1111 2783 1255 2838 κατὰ
1279 2784 1472 2857 καιρὸν
1502 2784 1704 2853 ἔξεστι,
1744 2787 1838 2841 καὶ
1871 2788 1968 2858 μέ-

384 2889 497 2944 ρει.
1925 2909 1929 2913 .

458 2967 720 3033 Δημοσθ.
765 2997 836 3007 -
883 2967 1238 3039 Δημοσθένης
1288 2972 1317 3023 ὁ
1360 2970 1580 3041 ῥήτωρ,
1634 2969 1970 3039 θεασάμενός

380 3070 512 3107 τινα
541 3052 912 3125 ἐκφερόμενον
946 3055 1302 3128 φιλάργυρον,
1336 3054 1465 3125 ἔφη’
1503 3049 1673 3120 Οὗτος
1706 3056 1819 3127 βίον
1847 3057 1969 3110 ἀϐί-

382 3161 529 3198 ωτον
555 3143 779 3214 βιώσας,
815 3146 1028 3217 ἑτέροις
1062 3146 1176 3217 βίον
1202 3148 1520 3217 κατέλιπεν.

460 3237 676 3308 Ζημίαν
710 3237 867 3308 αίροῦ
903 3239 1105 3309 μᾶλλον
1125 3280 1139 3304 ,
1190 3240 1224 3311 ἢ
1257 3240 1451 3310 κέρδος
1477 3242 1732 3313 αἰσχράν’
1782 3243 1844 3295 τὸ
1876 3243 1974 3314 μὲν

383 3329 502 3400 γὰρ
531 3329 680 3396 ἅπαξ
713 3330 773 3384 σὲ
802 3331 1057 3404 λυπήσειο
1092 3332 1156 3385 τὸ
1182 3332 1261 3395 δὲ,
1297 3332 1611 3398 διαπαντός.

460 3422 775 3491 Δημοκρίτ.
811 3422 899 3477 ἄλ.
926 3425 1194 3479 Games—-
1218 3425 1360 3489 Τοὺς
1390 3426 1625 3491 πολλοὺς
1657 3427 1767 3482 τῶν
1804 3428 1972 3482 πλου-

385 3512 526 3566 σίων
565 3510 756 3581 ἔλεγεν
790 3514 1126 3584 ἐπιτρόπους
1165 3511 1343 3582 εἶναι,
1391 3517 1559 3571 ἀλλὰ·
1581 3518 1656 3591 μὴ
1706 3520 1975 3584 δεσπότας

382 3600 503 3655 τῶν
531 3619 640 3672 χρη
648 3602 856 3670 μάτων.

464 3693 808 3761 Πλάτωνος.
838 3727 911 3737 -
940 3696 1132 3761 Ὅστις
1197 3699 1359 3771 σῶμα
1410 3701 1706 3767 θεραπεύει
1740 3702 1804 3756 τὸ
1846 3706 1978 3759 ἐαυ-

392 3783 525 3850 τοῦ,
571 3785 669 3855 οὐχ
713 3786 910 3839 ἑαυτὸν
953 3787 1245 3859 θεραπεύει
1285 3791 1349 3863 (ί)
1377 3809 1391 3823 ο
1432 3794 1587 3858 ὅστις
1610 3794 1668 3848 δὲ
1693 3796 1975 3867 χρήματα,

383 3869 509 3928 οὗθ’
538 3875 754 3939 ἑαυτὸν,
785 3874 910 3929 οὔτε
952 3877 1020 3931 τὰ
1058 3880 1274 3946 ἑαυτοῦ,
1309 3882 1426 3936 ἀλλ’
1475 3882 1592 3938 ἔστι
1644 3886 1980 3957 πορρωτέρω

386 3964 508 4018 τῶν
539 3966 754 4021 ἑαυτοῦ.

1055 4086 1325 4153 Διφίλου.

383 4171 460 4253 (at
483 4170 568 4253 μὴ
597 4172 663 4224 τὸ
696 4174 904 4253 auiis-ir
927 4171 1010 4253 ᾖς
1034 4175 1171 4229 ὀὐδ’
1197 4173 1287 4253 εἷς
1338 4181 1603 4253 πονηρὸς
1632 4178 1730 4253 ἦν.

389 4198 460 4222 ιιι
483 4198 568 4238 μοι
597 4198 663 4224 τυ
696 4198 904 4227 Vtamur
927 4198 1007 4244 ην
1043 4198 1149 4229 ovo
1197 4198 1287 4242 εις
1338 4198 1494 4246 πονη
1535 4198 1603 4247 ος
1632 4198 1730 4253 ην.

389 4242 763 4316 ριλᾳργυρία
782 4243 953 4316 τοῦτῖ
980 4244 1171 4316 ἐστιν,
1198 4247 1344 4300 ὅταν
1370 4198 1544 4316 ἀφεῆ
1569 4252 1847 4307 σκοπεῖν.

397 4309 481 4363 Τὰ
511 4310 731 4377 δίκαια,
753 4314 859 4366 τοῦ
886 4314 1138 4383 κέρδους
1159 4309 1494 4385 ’διαπανὶὸς
1519 4309 1742 4389 δοῦλος
1770 4318 1866 4394 ᾖς.

483 4425 856 4494 Ἀνακρέοντ.
884 4458 957 4468 -—-
1000 4430 1309 4500 Ἀνακρέων
1350 4432 1560 4504 δωρεὰν
1601 4436 1755 4507 παρὰ
1810 4439 1981 4491 Πολυ-

2069 589 2237 655 vitim,
2271 590 2464 680 turbas
2496 606 2605 645 non
2631 606 2858 661 paucas.

2141 682 2407 737 Hieronis.
2448 713 2515 723 -—
2539 683 2677 738 Cum
2709 684 3145 753 vituperaretur,
3170 682 3318 752 quod
3351 697 3477 737 cum
3514 681 3658 736 mul-

2071 780 2156 827 tos
2222 774 2561 828 rhetoricam
2622 773 2953 838 docuisset,
3006 774 3124 843 ipse
3181 782 3374 842 egeret
3416 790 3429 826 ε
3466 773 3658 842 Neque

2069 866 2241 930 enim,
2266 865 2466 936 inquit,
2501 882 2600 921 cos
2628 866 2791 920 docui
2814 866 3059 920 avaritiae
3088 864 3334 919 studere.

2139 958 2391 1013 Musonii.
2419 990 2491 998 ——
2511 958 2685 1013 Croesi
2714 956 2938 1027 quidem
2971 956 3212 1028 Cyrique
3245 955 3538 1009 thesauros
3566 969 3660 1008 ex.

2071 1058 2263 1106 tremas
2326 1050 2670 1120 paupertatis
2718 1048 3143 1113 damnabimus;
3190 1062 3362 1101 unum
3397 1061 3533 1111 vero
3563 1060 3656 1099 so-

2068 1144 2295 1213 lumque
2333 1144 2583 1208 divitem,
2609 1157 2759 1207 eum,
2791 1143 2888 1211 qui
2925 1141 3149 1210 sapiens
3197 1139 3290 1202 sit,
3321 1138 3655 1202 credemus;

2069 1233 2163 1303 qui
2195 1232 2457 1286 nimirum
2488 1233 2691 1303 justam
2721 1231 2926 1301 ubique
2957 1228 3343 1285 suﬂicientiam
3370 1226 3660 1296 possidere

2070 1325 2267 1394 possit.

2148 1415 2482 1486 Xenophont.
2542 1414 2836 1486 pliilowph.
2882 1443 2952 1455 —
2987 1412 3376 1481 Paupertatem
3407 1424 3438 1463 a
3467 1423 3527 1463 se
3559 1407 3660 1461 do-

2070 1516 2213 1562 ctam
2241 1508 2649 1578 philosophiam
2697 1522 2822 1563 esse
2867 1506 3091 1561 dicebat
3123 1521 3138 1558 :
3175 1519 3299 1574 quae
3345 1502 3493 1556 enim
3541 1502 3660 1556 haec

2070 1601 2242 1658 verbo
2270 1600 2484 1664 suadet,
2509 1602 2602 1656 illa
2624 1615 2791 1669 opere
2815 1599 2981 1669 cogit.

2142 1693 2442 1747 Multorum
2471 1694 2742 1748 malorum
2803 1698 3186 1761 tegumentum
3223 1696 3311 1742 est
3344 1685 3654 1756 opulentia.

2142 1785 2315 1853 ldem,
2355 1785 2585 1841 divitem
2613 1793 2670 1840 et
2695 1784 3002 1846 indoctum,
3041 1780 3234 1835 sordes
3286 1779 3689 1855 inargentatasr

2072 1891 2194 1932 esse
2220 1875 2458 1931 dicebat.

2145 1961 2446 2017 Philistion.
2482 1992 2554 2002 —
2581 1961 2678 2017 Vel
2707 1961 2752 2016 si
2787 1959 2962 2015 fueris
2994 1966 3159 2012 terra:
3182 1952 3375 2010 deéem
3420 1954 3658 2009 millium

2074 2053 2390 2108 cubitorum
2420 2053 2702 2118 dominus,
2726 2060 2986 2106 mortuus
3019 2056 3203 2102 tamen
3232 2046 3346 2101 eris
3373 2046 3539 2100 trium
3564 2051 3661 2100 aut

2075 2153 2335 2216 quatuor.

2144 2238 2458 2293 Demonact.
2486 2267 2558 2276 —
2592 2236 2735 2291 Sunt
2759 2232 2983 2306 quidam
3013 2220 3106 2301 qui
3137 2237 3468 2300 praesentem
3489 2227 3661 2282 vitam

2074 2345 2185 2385 non
2211 2329 2426 2396 vivunt,
2456 2327 2552 2383 sed
2586 2342 2783 2398 magno
2806 2341 2864 2381 se
2899 2324 3086 2380 studio
3118 2330 3432 2392 prmparant
3454 2362 3469 2387 ,
3500 2320 3661 2392 quasi

2074 2419 2238 2473 aliam
2272 2418 2441 2474 vitam
2472 2416 2699 2480 victuri,
2729 2431 2841 2470 non
2875 2415 3057 2470 istam.
3142 2440 3151 2449 ο

2145 2509 2231 2565 Ea:
2261 2510 2520 2579 Aristippi
2556 2509 2853 2563 sententiis.
2886 2507 3095 2561 —Non
3130 2515 3191 2560 ut
3219 2505 3660 2562 calceamentum

2075 2602 2255 2672 majus
2308 2602 2504 2657 inutile
2549 2608 2657 2664 est,
2691 2600 2774 2654 sic
2813 2607 2871 2654 et
2919 2600 3160 2668 majores
3218 2594 3427 2651 divitia:
3463 2611 3477 2647 :
3508 2592 3658 2662 quod

2074 2695 2221 2749 enim
2258 2693 2408 2748 illius
2435 2693 2586 2763 justo
2614 2691 2794 2761 majus
2822 2699 2928 2755 est,
2961 2706 3119 2745 usum
3152 2687 3415 2757 impedit;
3449 2684 3662 2741 divitiis

2075 2794 2259 2839 autem
2289 2797 2391 2853 pro
2445 2779 2715 2851 temporis
2753 2779 2975 2848 locique
3007 2777 3239 2831 ratione
3263 2783 3320 2829 ct
3356 2770 3660 2827 universim

2075 2876 2157 2932 uti
2186 2876 2338 2941 licet,
2369 2875 2501 2929 etin
2524 2881 2700 2943 parte.

2147 2967 2416 3021 Demosth.
2445 2996 2513 3006 —-
2541 2963 2940 3020 Demosthenes
2975 2969 3163 3016 orator
3196 2959 3395 3013 videns
3431 2970 3656 3012 avarum

2079 3059 2373 3128 quemdam
2420 3058 2614 3114 funere
2648 3055 2834 3112 ell‘erri
2865 3054 3024 3119 :Hic,
3079 3053 3297 3122 inquit,
3333 3052 3505 3105 vitam
3549 3064 3661 3103 non

2077 3150 2303 3204 vitalem
2332 3150 2550 3212 vivens,
2593 3149 2718 3203 aliis
2738 3148 2948 3201 victum
2986 3145 3234 3214 reliquit.

2148 3241 2422 3294 Damnum
2479 3239 2653 3309 magis
2717 3247 2915 3308 expete
2987 3251 3151 3306 quam
3185 3244 3345 3304 turpe
3391 3234 3609 3289 lucrum
3642 3250 3661 3288 :

2080 3331 2221 3388 illud
2248 3332 2398 3386 enim
2431 3331 2627 3395 semel,
2655 3330 2765 3385 hoc
2788 3344 3009 3399 semper
3030 3327 3325 3382 molestum
3356 3327 3483 3381 erit.

2152 3423 2313 3495 573
2355 3424 2639 3478 Democrit.
2697 3423 2771 3476 al.
2823 3423 3038 3476 Theocr.
3072 3450 3144 3461 —
3188 3419 3389 3474 Multos
3428 3420 3664 3474 divitum

2079 3524 2476 3595 procuratores
2500 3530 2623 3570 esse
2651 3513 2897 3579 dicebat,
2938 3528 3048 3567 non
3082 3521 3267 3564 autem
3298 3511 3665 3583 pecuniarum

2081 3598 2362 3661 dominos.

2151 3696 2417 3751 Platonis.
2459 3693 2658 3762 —Qui
2702 3710 2910 3764 corpus
2943 3701 3141 3758 curat,
3194 3708 3311 3747 rem
3360 3692 3451 3747 ille
3484 3708 3663 3759 suam,

2082 3804 2203 3844 non-
2229 3787 2471 3857 seipsum
2507 3795 2664 3841 curat
2701 3804 2713 3839 :
2746 3786 2840 3855 qui
2868 3794 3052 3839 autem
3080 3783 3367 3854 pecunias,
3400 3799 3580 3853 neque
3605 3799 3665 3838 se

2086 3880 2228 3951 ipse,
2255 3894 2434 3949 neque
2465 3893 2562 3933 sua
2594 3886 2791 3944 curat;
2828 3878 2924 3932 sed
2954 3877 3103 3948 quod
3132 3892 3163 3931 a
3199 3876 3317 3931 suis
3351 3890 3516 3946 quam
3546 3891 3666 3946 pro-

2083 3972 2172 4028 cul
2197 3972 2376 4051 abest.

2760 4083 2985 4154 Diphili.

2084 4174 2144 4230 Si
2178 4193 2332 4231 nemo
2363 4178 2644 4246 acciperet,
2679 4175 2860 4229 nullus
2888 4174 3156 4245 improbus
3173 4172 3339 4228 esset.

2083 4246 2329 4301 Avaritia
2361 4249 2470 4302 haec
2494 4255 2591 4307 est,
2624 4263 2741 4299 cum
2774 4248 2966 4300 omisso
2988 4253 3228 4313 spectare

2086 4315 2217 4380 Qua!
2233 4317 2381 4387 juris
2405 4327 2547 4377 sunt,
2580 4316 2713 4369 lucri
2739 4326 2991 4386 perpetuo
3007 4331 3190 4368 servus
3223 4330 3294 4368 est

2153 4429 2477 4483 Anacreont.
2514 4460 2586 4469 -——
2614 4429 2906 4483 Anacreon
2941 4443 3066 4482 cum
3100 4427 3247 4482 dono
3286 4425 3593 4495 accepisset
3633 4442 3664 4480 ιι

389 4514 634 4585 κράτους
688 4516 868 4570 λαϐὼν
916 4519 1076 4573 πέντε
1115 4522 1390 4588 τάλαντα,
1431 4524 1505 4587 ὡς
1539 4526 1858 4595 ἐφρόντισεν
1891 4532 1972 4583 ὲπ¹

2082 4520 2367 4592 Polycrate
2424 4520 2673 4590 quinque
2730 4521 2970 4584 talenta;
3004 4534 3280 4588 unamque
3328 4527 3395 4573 et.
3430 4518 3662 4573 alteram

388 4608 580 4672 αὐτοῖς
622 4609 767 4662 δυοῖν
797 4616 1035 4676 νυκτοῖν,
1072 4616 1356 4670 ἀπέδωκεν
1379 4619 1539 4684 αὐτὰ,
1576 4621 1769 4686 εἰπὼν,
1805 4624 1865 4676 ού
1899 4642 1980 4677 τι-

391 4698 607 4769 μᾶσθαι
636 4701 779 4754 αὐτὰ
806 4706 904 4774 τῆς
928 4705 1013 4757 ἐπ’
1038 4707 1220 4770 αὐτοῖς
1251 4708 1551 4780 φροντίδος.

483 4875 776 4946 Ἰσοκράτ.
803 4907 872 4920 -
901 4880 1048 4950 Τίμα
1088 4884 1186 4952 τὴν
1235 4883 1587 4954 ὑπάρχουσαν
1616 4887 1807 4939 οὐσίαν
1837 4887 1984 4941 δυοῖν

386 4971 588 5038 ἕνεκα,
618 4973 714 5026 τοῦ
748 4992 807 5028 τε
830 4976 1037 5045 ζημίαν
1086 4978 1333 5047 μεγάλην
1361 4978 1562 5050 ῥᾳδίως
1594 4980 1833 5044 ἐκτῖσαι,
1881 4982 1976 5036 καὶ⁹

385 5056 476 5127 τῷ
510 5058 648 5128 φίλῳ
687 5062 957 5133 σπουδαίῳ
1002 5064 1352 5135 δυστυχοῦντι
1401 5066 1663 5137 βοηθῆσαι
1699 5083 1712 5097 ·
1745 5071 1883 5140 πρὸς
1922 5071 1977 5125 δὲ

2080 4622 2298 4667 noctem
2331 4628 2523 4667 eorum
2558 4610 2830 4665 sollicitus
2866 4611 3090 4681 egisset.
3122 4611 3241 4681 ipsa
3273 4610 3547 4665 reddidit.
3576 4610 3661 4665 di-

2081 4720 2232 4768 cens,
2270 4720 2380 4757 non
2414 4720 2470 4758 se
2490 4719 2551 4758 ea
2584 4703 2719 4759 tanti
2762 4704 3057 4768 testimare,
3085 4712 3292 4772 quanta
3322 4703 3432 4758 illis
3462 4703 3667 4757 sollici-

2082 4797 2215 4850 tudo
2243 4812 2429 4851 comes
2450 4799 2542 4851 sit.

2155 4889 2426 4943 Isocratis.
2448 4920 2519 4929 ——
2542 4889 2765 4944 Duabus
2800 4907 2867 4945 ex
2908 4889 3092 4945 causis
3113 4888 3478 4944 substantiam
3517 4897 3666 4943 tuam

2083 4982 2261 5052 magni
2294 4984 2502 5038 mstima
2528 5027 2542 5049 ,
2584 4992 2645 5037 ut
2680 4994 2736 5039 et.
2768 4986 3046 5057 ingentem
3076 4986 3234 5041 facile
3265 4988 3535 5056 jacturam
3582 5001 3669 5039 re-

2088 5075 2314 5137 sarcias,
2347 5083 2403 5128 et
2441 5077 2619 5130 amico
2651 5079 2767 5130 viro
2807 5078 3078 5141 studioso,
3134 5094 3242 5132 non
3297 5094 3453 5147 requa
3483 5074 3662 5130 utenti

1924 5228 2154 5286 ΝΟΤᾸΞ.

481 5331 563 5403 (ί)
601 5331 672 5407 re
728 5332 969 5407 ἑαυτοῦ,
1013 5337 1126 5403 οὐχ
1177 5335 1395 5390 ἑαυτὸν
1449 5341 1781 5407 θεραπεύει.
1824 5342 1983 5398 Clara

392 5403 701 5469 sententia,
735 5404 979 5457 Platonis
1006 5407 1316 5472 praesertim
1348 5403 1538 5471 sensu,
1572 5411 1660 5463 cui
1694 5420 1843 5468 totus
1880 5414 1979 5467 ho-

396 5488 493 5527 mo
532 5480 652 5525 erat
708 5473 910 5544 anima,
947 5490 1056 5527 non
1116 5475 1235 5544 ipse
1288 5491 1355 5530 ex
1401 5480 1583 5533 anima
1633 5490 1896 5537 constans
1930 5492 1985 5538 et

394 5558 657 5611 corpore,
684 5543 761 5595 uti
793 5559 850 5597 se
881 5559 970 5597 res
998 5543 1166 5600 habet
1218 5548 1296 5619 in_
1318 5548 1445 5619 navi
1490 5557 1545 5602 et
1569 5551 1978 5619 gubernatore:

395 5628 528 5668 cum
563 5620 744 5665 tamen
768 5628 969 5686 corpus
995 5631 1087 5686 res
1114 5617 1335 5686 proprie
1372 5617 1616 5673 hominis
1665 5632 1816 5677 esset
1853 5632 1909 5677 et
1952 5639 1980 5678 a

401 5692 623 5762 natura,
658 5684 812 5762 quasi
842 5685 952 5762 Deo
992 5685 1070 5762 illi
1115 5684 1237 5762 ejus
1264 5695 1511 5762 auctore,
1561 5690 1627 5744 ad
1677 5693 1983 5762 expiandas

402 5756 461 5832 in
486 5752 590 5832 illo
623 5753 747 5806 vita;
765 5754 1070 5822 superioris
1086 5752 1298 5832 culpas.
1324 5756 1496 5832 Quem
1521 5752 1766 5816 errorem
1793 5780 1861 5818 ex
1887 5764 1981 5817 illo

400 5824 671 5891 Origenes
697 5832 979 5877 mutuatus
998 5833 1104 5879 est.
1131 5824 1677 5885 Ahsurchesnerus
1698 5848 1978 5903 sensuque

2092 5346 2398 5417 contrario,
2420 5348 2681 5417 omnique
2703 5347 2997 5402 Platonicae
3013 5344 3623 5417 philosophiaeadverso
3645 5365 3660 5401 :

2096 5413 2197 5479 Qui
2229 5432 2419 5485 corpus
2454 5413 2629 5479 aurai,
2667 5420 2710 5471 is
2763 5434 2867 5470 non
2900 5413 3024 5469 rent
3057 5413 3244 5480 suam,
3291 5414 3382 5485 sed
3434 5416 3665 5484 seipaum

2093 5493 2268 5538 curat.
2305 5484 2481 5541 Etiam
2514 5487 2887 5542 ecclesiastice
2946 5487 3179 5556 August.
3210 5485 3245 5539 1.
3279 5484 3355 5537 Dr
3410 5501 3536 5537 cura
3566 5503 3668 5553 pro

2086 5557 2309 5627 mortuis
2340 5558 2605 5619 habenda,
2636 5557 2766 5610 hinc
2792 5555 3033 5627 fidelium
3070 5557 3329 5627 pietatem
3362 5561 3667 5627 commeri-

2083 5625 2199 5691 dat,
2245 5627 2508 5680 curandis
2553 5642 2783 5680 suorum
2848 5623 3169 5689 funeribus;
3231 5623 3378 5694 quod
3435 5624 3664 5679 illorum

2082 5710 2314 5763 corpora
2335 5712 2528 5749 eorum
2548 5705 2753 5758 essent,
2780 5696 2938 5765 longe
2965 5696 3032 5750 iis
3056 5695 3460 5765 coniunctiora,
3496 5709 3663 5764 quam

2080 5766 2291 5831 reliqua
2340 5767 2547 5829 omnia,
2596 5782 2719 5835 quae
2766 5766 3015 5822 exterius
3082 5767 3447 5829 adhibentur,
3492 5778 3662 5823 orna-

2079 5844 2289 5900 menta,
2311 5835 2503 5901 vestis,
2536 5836 2798 5901 annulus,
2832 5844 2939 5891 etc.
