4094 6384
515 374 624 440 803

1543 442 1549 448 I
1645 371 1707 431 S.
1747 368 2037 430 MAXIMI
2077 365 2592 432 CONFESSORIS

3735 373 3842 441 304

513 489 762 552 fortuna,
793 487 912 559 ejus
937 484 1290 557 praestatione
1317 482 1614 540 subvenias
1647 483 1748 540 :ad
1773 483 1904 539 vitae
1916 489 2104 538 autem

2217 483 2300 535 τδν
2325 483 2522 554 ἄδηλον
2545 485 2661 556 βίον
2695 486 2863 560 μηδὲν
2895 487 3372 560 ὑπερϐαλλόντως,
3411 486 3567 544 ἀλλὰ
3593 487 3838 560 μετρίως

521 584 816 644 incertum,
851 578 995 633 nihil
1043 577 1380 642 admodum,
1413 576 1512 632 sed
1553 576 1838 632 moderate
1873 589 1999 629 eam
2025 571 2112 628 di-

519 672 681 743 ligas.

591 760 968 818 Praesentibus
986 767 1288 816 contentus
1316 765 1457 820 esto,
1475 766 1532 812 et
1557 757 1749 812 futura
1779 755 2034 828 quaerito.

1113 897 1347 954 SERMO
1386 899 1530 955 XIII.

654 1011 732 1070 De
763 1015 960 1070 uirtute
987 1029 1095 1084 qua
1134 1015 1252 1076 quis
1287 1014 1440 1068 rebus
1461 1015 1571 1068 suis
1593 1023 1867 1068 contentus
1897 1022 1994 1067 est.

593 1129 718 1186 Luc.
748 1145 842 1193 xu,
882 1127 972 1182 22.
1008 1156 1078 1168 --
1107 1127 1294 1182 Nolite
1343 1128 1569 1184 solliciti
1611 1144 1734 1184 esse
1767 1127 1980 1208 animas
2023 1143 2120 1183 ve-

521 1232 649 1278 strae
683 1221 816 1291 quid
856 1219 1227 1284 manducetis,
1264 1234 1446 1289 neque
1486 1221 1703 1289 corpori
1731 1227 1943 1283 ve6tro,
1977 1219 2116 1289 quid

523 1311 858 1368 induamini.

591 1403 825 1473 Philipp.
857 1418 930 1465 Iv,
961 1401 1049 1466 ll,
1077 1402 1166 1455 12.
1193 1429 1266 1441 ——-
1286 1401 1400 1470 Ego
1429 1399 1625 1462 didici,
1655 1399 1709 1454 in
1739 1400 1808 1455 iis
1834 1401 1889 1454 in
1911 1399 2116 1470 quibus

517 1507 742 1556 versor,
795 1491 1073 1546 sufficiens
1113 1504 1257 1544 esse.
1305 1489 1430 1544 Scio
1461 1501 1518 1544 et
1566 1490 1868 1554 humiliari,
1903 1491 2021 1546 scio
2061 1501 2117 1547 et

519 1583 806 1638 abundare
839 1600 852 1636 :
883 1583 1088 1652 ubique
1130 1593 1188 1636 et
1229 1582 1284 1635 in
1313 1583 1577 1637 omnibus
1623 1582 1916 1638 institutus
1951 1599 2110 1649 sum;

395 1704 400 1709 ·
517 1682 575 1729 et
599 1675 812 1738 satiari,
861 1682 918 1728 et
973 1674 1221 1737 esurire;
1257 1683 1316 1728 ct
1362 1674 1672 1740 abundare,
1715 1683 1772 1730 et
1820 1677 2113 1745 penuriam

2212 574 2388 646 αὐτὴν
2405 576 2618 647 ἀγάπα.

2288 753 2495 828 Στέργε
2526 755 2626 828 μὲν
2647 759 2714 814 τὰ
2738 758 2987 831 παρόντα
3008 775 3021 790 °
3060 759 3215 831 ζήτει
3245 758 3304 814 δὲ
3335 757 3414 814 τὰ
3455 757 3768 830 μέλλοντα.

2781 901 3003 956 ΛΟΓΟΣ
3049 902 3129 956 II"
3167 901 3215 934 "

2737 1015 2878 1086 Περὶ
2910 1016 3288 1086 αὐταρκείας.

2288 1135 2478 1184 Λουκ.
2511 1130 2677 1185 162——
2697 1125 2866 1186 Εἶπεν
2897 1130 2927 1183 ό
2957 1129 3295 1202 ΚύριοςἾῦίὴ
3325 1130 3738 1203 μεριμνήσητε
3766 1135 3832 1206 τῇ

2214 1219 2360 1294 ψυχῇ
2401 1222 2558 1294 ὑμῶν
2585 1223 2639 1278 τί
2681 1223 2917 1294 φάγητε,
2959 1223 3096 1295 μηδὲ
3137 1219 3216 1295 τῷ
3277 1239 3511 1295 σωματι
3567 1223 3730 1296 ὑμῶν
3779 1227 3832 1279 τί

2213 1311 2533 1383 ἐνδύσησθε.

2271 1405 2606 1471 Φιλιππησ.
2625 1400 2676 1456 δ’
2681 1432 2771 1458 .-
2785 1403 2928 1472 Ἐγὼ
2945 1403 3169 1475 ἔμαθον,
3188 1404 3247 1458 ὲν
3261 1401 3346 1469 οἷς
3367 1405 3521 1477 εἰμὶ,
3540 1405 3829 1478 αὐτάρκης

2213 1489 2378 1549 εἶναι.
2399 1489 2532 1550 Οἶδα
2555 1495 2650 1548 καὶ
2689 1495 3098 1561 ταπεινοῦσθαι,
3127 1491 3246 1551 οῖδα
3275 1497 3374 1551 καὶ
3406 1497 3782 1569 περισσεύειν
3811 1515 3826 1530 ο

2213 1587 2270 1640 ὲν
2299 1587 2462 1640 παντὶ
2493 1587 2588 1640 καὶ
2625 1587 2682 1641 ὲν
2713 1587 2848 1641 πᾶσι
2896 1587 3186 1659 μεμύημαι
3218 1605 3234 1620 ο
3283 1569 3387 1644 κά).
3419 1589 3821 1662 χορτάζεσθαι,

2215 1679 2310 1732 καὶ
2331 1679 2524 1750 πεινᾷν
2543 1694 2557 1708 ο
2581 1679 2678 1734 καὶ⁹
2699 1679 3074 1750 περισσεύειν,
3091 1680 3188 1732 καὶ
3216 1680 3608 1752 ὑστερεῖσθαι.
3643 1681 3824 1736 Πάντα

517 1767 652 1836 pati.
711 1737 908 1822 Omnia
965 1781 1194 1836 possum
1265 1766 1323 1821 in
1351 1782 1459 1834 eo,
1507 1767 1604 1837 qui
1658 1737 1752 1822 me
1807 1737 2107 1834 contonat,

2217 1769 2386 1840 ἰσχύω
2419 1737 2478 1824 ἐν
2496 1770 2576 1841 τῷ
2606 1737 2992 1843 ἐνδυναμοῦντί
3027 1737 3096 1845 με
3136 1737 3382 1845 Χριστιῖλ.

515 1861 757 1918 Christo.

588 1952 726 2007 Prov
748 1967 876 2016 xxx,
901 1955 954 2017 8,
977 1951 1336 2011 9—Divitias
1357 1960 1414 2008 et
1437 1947 1821 2024 paupertatem
1844 1967 1915 2006 ne
1938 1950 2110 2007 dede-

515 2045 595 2100 ris
630 2045 791 2109 mihi,
833 2040 1097 2110 Domine;
1137 2044 1234 2100 sed
1269 2045 1404 2100 mihi
1436 2047 1716 2101 constitue
1756 2061 1879 2116 quae
1923 2061 2113 2100 neces-

516 2137 664 2192 saria
693 2145 824 2190 sunt
855 2144 912 2190 et
941 2135 1220 2191 suiliciant
1241 2177 1256 2202 ,
1303 2153 1376 2214 ne
1407 2137 1552 2192 forte
1596 2137 1830 2192 satiatus
1875 2137 2112 2192 mendax

519 2227 798 2292 inveniar,
847 2237 904 2282 et
957 2227 1138 2282 dicam
1180 2245 1194 2282 :
1224 2227 1361 2294 Quis
1393 2243 1482 2283 me
1510 2227 1706 2283 videt?
1731 2237 1830 2282 aut
1861 2237 2110 2300 egestate

518 2317 837 2388 compulsus
855 2318 1026 2385 furer,
1053 2326 1109 2373 et
1139 2319 1320 2388 iurem
1341 2335 1545 2374 nomen
1578 2320 1698 2375 Dei.

589 2408 759 2464 Eccli.
791 2424 876 2473 ιι,
904 2407 988 2462 l8.
1014 2439 1086 2448 —-
1112 2409 1257 2474 Vita,
1289 2420 1395 2478 qua
1433 2409 1542 2465 sibi
1585 2411 1867 2466 sulIiciens
1914 2424 2109 2482 opera-

516 2499 637 2555 rius
665 2507 770 2564 est,
801 2499 1316 2556 condulcorabitur.

589 2589 760 2644 Eccli.
793 2605 941 2655 xxxi,
980 2589 1068 2646 24.
1091 2589 1419 2646 -——Somnus
1446 2592 1704 2648 sanitatis
1736 2593 1794 2647 in
1829 2593 2110 2652 intestinis

515 2680 840 2737 moderatis.

583 2772 798 2827 Basilii.
827 2772 1050 2840 —~Quae
1096 2774 1306 2828 animal
1352 2773 1660 2842 dispensat,
1713 2776 1909 2842 virtus,
1959 2776 2109 2847 quod

515 2865 858 2920 suilicicntiaa
891 2864 966 2919 sit
998 2879 1060 2919 ac
1084 2866 1356 2922 tenuioris
1395 2867 1579 2922 victus
1604 2867 1766 2923 facile
1791 2868 2106 2940 digesserit,

516 2969 582 3010 ac
611 2955 859 3022 animali,
891 2954 1040 3025 quod
1070 2956 1339 3022 nutritur,
1371 2955 1714 3012 conveniens
1741 2966 1910 3028 atque
1947 2958 2108 3014 alIine

2283 1945 2531 2014 Ιιαροιμ.
2571 1949 2646 2002 λ’.
2675 1975 2746 1987 --
2781 1945 3016 2001 Πλοῦτον
3041 1947 3138 2000 καὶ
3180 1946 3378 2000 πενίαν
3421 1946 3506 2016 μῆ
3565 1961 3662 2016 μοι
3709 1945 3814 2013 δὸς,

2211 2035 2386 2107 Κύριε
2417 2051 2431 2064 ·
2458 2035 2719 2104 σύνταξον
2743 2037 2800 2091 δέ
2827 2055 2916 2107 μοι
2943 2037 3013 2092 τὰ
3042 2038 3233 2093 δέοντα
3277 2037 3378 2092 καὶ
3429 2039 3506 2093 τὰ
3538 2038 3813 2110 αὐτάρκη,

2211 2127 2300 2180 ίνα
2333 2128 2408 2199 μὴ
2439 2129 2702 2198 πλησθεὶς
2731 2129 2936 2200 ψευδὴς
2973 2131 3242 2201 γένωμαι,
3275 2133 3374 2184 καὶ
3411 2130 3586 2184 εῐπωο
3627 2130 3725 2194 Τίς
3751 2147 3814 2202 με

2209 2220 2334 2290 ὁρᾷ,
2397 2219 2432 2290 ἢ
2483 2220 2742 2291 πενηθεὶς
2787 2219 2972 2290 κλέψω
3028 2221 3128 2284 (ml
3187 2221 3282 2276 καὶ
3327 2221 3528 2292 όμόσω
3555 2221 3622 2274 τδ
3650 2220 3816 2292 ὄνομα

2211 2312 2306 2365 τοῦ
2341 2310 2498 2370 Θεοῦ.

2283 2405 2492 2477 Σιράχ.
2508 2405 2588 2477 μ’.
2642 2439 2715 2449 —
2749 2407 2871 2480 Ζωὴ
2909 2408 3248 2480 αὐταρκείας
3296 2409 3546 2482 ἐργάτου
3577 2409 3812 2476 γλυκαν-

2211 2496 2456 2570 θήσεται.
3220 2519 3226 2522 ”

2281 2592 2468 2661 Σιρὰχ
2498 2587 2576 2646 λ’.
2605 2623 2676 2631 -
2703 2591 2913 2654 ’Ὕπνος
2941 2591 3132 2667 ὑγείας
3153 2591 3245 2644 ἐπὶ
3257 2589 3511 2666 ἐντέρων
3556 2587 3804 2660 μετρίων.

2280 2772 2630 2830 Βασίλειον.
2665 2801 2736 2813 --
2784 2773 2850 2825 Ἦ
2885 2769 3248 2841 οἰκονομοῦσα
3282 2769 3344 2823 τὸ
3381 2769 3530 2834 ζῶον
3563 2767 3805 2840 δύναμις,
3871 2797 3874 2801 -

2211 2865 2548 2938 αὐτάρκειαν
2591 2865 2689 2936 μὲν
2734 2866 2831 2919 καὶ
2881 2865 3139 2934 λιτότητα
3168 2864 3366 2936 ῥαδίως
3393 2863 3812 2934 κατεκργόισατο

2210 2957 2306 3010 καὶ
2333 2955 2580 3028 ᾠκείωσε
2631 2955 2710 3026 τῷ
2763 2956 3124 3028 τρεφομένῳε
3179 2953 3561 3008 πολυτέλειαν
3620 2953 3676 3006 δὲ
3721 2951 3809 3004 καὶ

515 3048 824 3105 reddiderit
862 3066 876 3102 :
913 3049 1064 3102 lauto
1098 3043 1274 3120 57E
1306 3064 1440 3104 vero
1484 3059 1756 3120 apparatu
1787 3051 2107 3122 diversique

2217 3049 2486 3105 ποικιλίαν
2519 3049 2828 3121 βρωμάτων
2871 3047 3302 3120 παραλαϐοῦσα,
3355 3045 3494 3102 εἶτα
3547 3046 3811 3115 ἀντισχεῖν

415 3211 420 3218 ἢ
515 3140 734 3210 generis
761 3140 1064 3210 assumptis
1091 3139 1250 3206 cibis,
1281 3147 1508 3209 tumque
1542 3141 1598 3194 in
1639 3142 1805 3196 ﬁnem
1856 3157 1966 3197 non
2012 3155 2114 3200 va-

515 3230 635 3286 lens
671 3231 966 3296 obsistere,
999 3233 1150 3286 varia
1171 3232 1492 3307 morborum
1513 3248 1717 3304 genera
1746 3235 1898 3290 facit.

590 3323 854 3394 Theologi.
887 3353 962 3364 --
985 3323 1214 3378 Praestat
1263 3323 1424 3394 longe
1455 3339 1630 3394 pauca
1660 3324 1804 3382 bene
1847 3326 2112 3382 honeste-

517 3427 626 3485 que
662 3412 888 3477 habere,
928 3428 1093 3482 quam
1127 3413 1300 3466 multa
1324 3412 1486 3468 male.
1931 3407 1937 3412 ’

591 3503 862 3576 Chrysost.
895 3533 968 3544 —-
1006 3503 1128 3558 Non
1181 3503 1273 3558 ille
1325 3503 1483 3559 dives
1533 3513 1643 3571 est,
1697 3505 1794 3576 qui
1832 3506 2006 3562 multa
2052 3507 2111 3562 in

517 3609 687 3650 censu
711 3595 898 3658 habet,
938 3595 1034 3650 sed
1069 3595 1165 3664 qui
1195 3595 1553 3664 paucioribus
1583 3605 1726 3668 eget.

497 3693 499 3695 ’
585 3685 666 3740 Ad
695 3685 827 3756 justi
855 3701 988 3740 usus
1008 3686 1354 3757 compendia,
1387 3686 1606 3752 fratres,
1633 3703 1746 3742 non
1767 3688 1834 3743 ad
1854 3689 2110 3760 volupta-

517 3788 628 3834 tem
661 3779 772 3832 vita
808 3777 1202 3832 contribuitur.
1235 3777 1392 3844 Quod
1442 3777 1612 3848 igitur
1662 3787 1876 3834 naturae
1911 3795 2108 3850 super-

513 3871 685 3929 ﬂuum
714 3879 801 3926 est
844 3877 1214 3940 amputantes,
1238 3867 1388 3940 quod
1437 3871 1812 3925 necessarium
1845 3880 1933 3927 est
1962 3871 2104 3927 asci-

515 3979 702 4022 8031111]
717 3979 764 4018 S.

585 4053 716 4110 Nili.
765 4082 832 4092 —
863 4052 1080 4106 Bonum
1133 4058 1222 4106 est
1272 4051 1420 4106 intra
1465 4052 1811 4108 necessitatis
1856 4068 1916 4108 se
1969 4053 2107 4109 ﬁnes

515 4132 838 4208 continere,
894 4155 959 4198 ac
1001 4157 1072 4196 ne
1115 4142 1225 4197 hoc
1269 4141 1605 4198 excedamus
1633 4144 1850 4199 cunctis
1893 4145 2108 4199 viribus

514 4235 875 4292 contendere.
895 4235 1029 4290 Nam
1057 4233 1104 4288 si
1131 4233 1258 4304 quis
1280 4233 1367 4288 vel
1397 4233 1676 4288 modicum
1701 4249 1799 4304 per
1826 4235 2106 4304 cupidita-

2215 3143 2351 3213 πρὸς
2377 3141 2437 3195 τὸ
2467 3142 2638 3213 πέρας
2681 3142 2783 3197 οὑκ
2835 3141 3216 3212 ἐπαρκέσασα,
3265 3141 3336 3194 τὰ
3402 3137 3628 3194 ποικίλα
3683 3137 3806 3207 γένη

2211 3235 2320 3288 τῶν
2343 3235 2670 3304 νοσημάτων
2699 3233 3024 3304 πεποίηκεν.

2283 3326 2602 3395 Θεολόγου.
2630 3353 2704 3368 --
2725 3325 2800 3378 Τὸ
2834 3324 3016 3388 καλῶς
3041 3323 3188 3394 ἔχειν
3219 3321 3410 3392 ὀλίγα,
3443 3321 3582 3378 πολὺ
3615 3317 3802 3392 τιμιώ-

2209 3433 2370 3487 τερον
2399 3417 2494 3470 τοῦ
2527 3417 2716 3480 κακῶς
2742 3416 2888 3487 ἔχειν
2913 3415 3104 3470 πολλὰ.
3369 3484 3394 3496 κ

2283 3511 2586 3577 Χρυσοστ.
2615 3539 2686 3548 -
2709 3508 2784 3562 Οὐ
2824 3505 3082 3570 πλούσιός
3117 3507 3264 3560 ἐστιν
3301 3507 3549 3572 ἐκεῖνος,
3581 3503 3611 3556 ό
3642 3498 3802 3556 πολλὰ

2211 3601 2570 3670 κεκτημένος,
2608 3597 2724 3652 ἀλλ’
2756 3599 2784 3652 ὀ
2818 3598 2892 3670 μὴ
2919 3597 3131 3652 πολλῶν
3163 3597 3452 3668 δεόμενος.

2285 3687 2429 3763 Πρὸς
2459 3691 2672 3761 χρείαν,
2713 3688 2956 3758 ἀδελφοὶ,
2988 3689 3050 3742 οὑ
3075 3687 3210 3759 πρὸς
3228 3687 3438 3759 ἡδονὴν
3468 3689 3502 3760 ἠ
3530 3687 3643 3758 ζωὴ
3671 3700 3798 3754 συμ-

2212 3785 2512 3855 μετρεῖται.
2549 3781 2624 3835 Τὸ
2652 3777 2746 3835 οὖν
2790 3780 3046 3852 περιττὸν
3068 3784 3168 3850 τῆς
3197 3779 3420 3849 φύσεως
3450 3779 3788 3850 ἀποθέμενοι,

2207 3877 2268 3929 τὸ
2289 3878 2588 3944 ἀναγκαῖον
2620 3876 2781 3946 μόνον
2811 3871 3213 3946 ἀσπασώμεθα.

2278 4054 2520 4108 Νείλου.
2542 4081 2602 4092 -
2633 4051 2814 4106 Καλὸν
2846 4051 2959 4114 τοῖς
2990 4049 3138 4120 ὅροις
3164 4050 3263 4120 τῆς
3290 4048 3484 4118 χρείας
3513 4045 3782 4117 ἐμμένειν,

2207 4147 2302 4200 καὶ
2335 4143 2658 4214 φιλονεικεῖν
2695 4142 2844 4212 πάσῃ
2873 4142 3106 4211 δυνάμει
3143 4140 3372 4204 τούτους
3421 4139 3496 4210 μὴ
3533 4132 3784 4208 ὑπερόαί-

2207 4251 2342 4288 νειν.
2387 4233 2512 4286 Ἐὰν
2541 4231 2651 4302 γὰρ
2676 4231 2858 4300 ὀλίγον
2889 4229 3202 4302 παρενεχθῇ
3232 4246 3317 4292 τις
3351 4229 3464 4282 ἀπὸ
3521 4230 3622 4298 τῆς
3668 4226 3784 4276 ἐπι-

513 4339 624 4384 tem
668 4327 734 4380 ad
789 4325 916 4381 vita:
966 4325 1204 4380 delicias
1259 4323 1506 4379 animum
1543 4323 1868 4390 deﬂexerit,
1919 4326 2106 4382 nullus

2217 4323 2410 4396 θυμίας
2434 4325 2528 4377 ἐπὶ
2555 4323 2627 4376 τὰ
2651 4323 2788 4393 ἡδέα
2827 4321 2922 4376 τοῦ
2971 4323 3112 4394 βίου,
3153 4320 3328 4385 οὐδεὶς
3375 4320 3564 4376 λοιπὸν
3608 4319 3781 4385 ἵστησι

514 4417 780 4486 deinceps
809 4415 1110 4485 quominus
1143 4414 1382 4470 ulterius
1425 4414 1818 4486 progrediatur
1845 4431 2104 4472 coercere

2217 4419 2309 4489 τὴν
2325 4416 2428 4470 ἐπὶ
2445 4415 2515 4470 τὰ
2533 4415 2726 4486 πρόσω
2751 4414 2948 4486 φοράν.
3367 4405 3372 4408 ’

513 4509 740 4581 puterit.
1551 4570 1559 4578 ,

584 4599 958 4656 Possessionis
981 4599 1260 4670 iustaque
1302 4598 1628 4654 substantia:
1667 4599 1885 4660 modus,
1911 4615 2106 4654 neces-

513 4689 691 4744 sarius
715 4698 802 4742 est
835 4688 1088 4758 corporis
1132 4703 1265 4744 usus
1290 4708 1304 4742 :
1326 4705 1491 4759 quem
1521 4705 1808 4759 superare,
1859 4690 2104 4746 dedecus

513 4790 600 4836 est
627 4789 685 4835 et
728 4781 967 4844 luxuria,
999 4795 1114 4835 non
1163 4780 1400 4849 amplius
1449 4781 1796 4836 necessarius
1846 4797 1998 4836 usus.
2033 4781 2104 4836 Ut

512 4871 662 4927 enim
699 4871 886 4926 tunica
915 4870 984 4926 ad
1014 4871 1268 4942 corporis
1297 4871 1585 4926 modulum
1611 4879 1796 4942 aptata
1824 4879 1940 4924 tum
1969 4872 2098 4927 usui

512 4970 621 5027 est,
659 4971 778 5018 tum
828 4972 1158 5019 ornamento
1201 4963 1379 5030 cedit;
1424 4979 1548 5035 quae
1611 4972 1797 5020 autem
1853 4963 2103 5034 undique

511 5053 713 5110 diﬂluit
751 5061 809 5108 et
853 5053 1093 5124 pedibus
1121 5054 1478 5124 implicatur,
1525 5054 1792 5124 humique
1841 5053 2105 5109 indecore

512 5145 774 5210 trahitur,
801 5144 1073 5215 quidquid
1106 5145 1292 5216 operis
1320 5145 1669 5218 aggrediar-is
1703 5144 2106 5216 impedimento

511 5235 870 5291 exsistitzsic
896 5236 1178 5306 possessio
1215 5252 1281 5292 ac
1310 5237 1645 5302 substantia,
1681 5253 1807 5307 quae
1846 5254 2105 5294 necessa-

513 5329 654 5383 rium
691 5343 852 5382 usum
875 5328 1130 5398 corporis
1157 5329 1396 5394 excedit,
1411 5338 1528 5386 tum
1557 5330 1748 5385 virtuti
1773 5329 1964 5398 oﬂicit,
1987 5341 2106 5386 tum

2272 4597 2490 4667 Μέτρον
2523 4593 2774 4666 κτήσεώς
2805 4595 2956 4646 ἐστιν
2987 4594 3020 4664 ἡ
3061 4593 3222 4663 χρεία
3247 4591 3343 4645 τοῦ
3376 4590 3635 4661 σώματος
3659 4599 3676 4616 ⁸
3725 4580 3780 4636 τὺ

2199 4690 2256 4744 δὲ
2280 4689 2486 4760 ταύτην
2525 4686 2875 4759 ὑπερϐαίνειν
2903 4684 3144 4756 ἀκοσμία
3191 4683 3400 4750 λοιπὸν,
3455 4682 3554 4736 καὶ
3605 4675 3777 4734 οὑκέτι

2201 4783 2361 4855 χρεία
2387 4781 2557 4836 ἐστίν.
2601 4783 2691 4844 Ὧς
2715 4780 2827 4850 γὰρ
2851 4781 2880 4832 ό
2909 4776 3446 4848 συμμεμετρημένος
3468 4774 3548 4844 τῷ
3572 4771 3778 4840 σώματι

2207 4875 2399 4945 χιτὼν,
2437 4875 2532 4926 καὶ
2565 4871 2726 4944 χρεία
2751 4871 2868 4924 ἐστὶ
2899 4870 2996 4924 καὶ
3025 4869 3231 4938 κόσμος
3262 4885 3278 4902 ο
3333 4869 3362 4921 ὁ
3397 4861 3462 4921 δὲ
3523 4859 3776 4918 πάντοθεν

2207 4964 2520 5038 περιρρέων
2545 4963 2778 5026 καὶτοῖς
2815 4961 2976 5014 ποσὶν
3011 4959 3445 5032 ὲμπλεκόμενος,
3478 4957 3576 5010 καὶ
3615 4954 3679 5023 τῇ
3711 4949 3774 5017 γῇ

2209 5057 2350 5128 μετὰ
2387 5055 2482 5110 τοῦ
2529 5052 2812 5124 ἀπρεποῦς
2859 5053 3278 5125 ἐπισυρόμενος,
3334 5051 3597 5122 ἐμπόδιον
3650 5041 3774 5112 πρὸς

2205 5150 2388 5203 πᾶσαν
2419 5145 2680 5218 ἐργασίαν
2705 5145 2918 5214 γίνεται
2949 5161 2962 5174 ·
2987 5143 3159 5208 οὕτως
3185 5145 3222 5213 ἠ
3255 5141 3664 5213 ὑπερϐαίνουσα
3685 5133 3774 5198 τὴν

2204 5239 2300 5293 τοῦ
2350 5237 2602 5308 σώματος
2639 5236 2831 5307 χρείαν
2859 5238 3076 5307 χρῆσις,
3117 5235 3213 5288 καὶ
3262 5233 3398 5306 πρὸς
3442 5231 3544 5300 τὴν
3585 5221 3772 5298 ἀρετήν

2207 5335 2356 5386 ἐστιν
2412 5328 2692 5400 ἐμπόδιον,
2739 5328 2836 5382 καὶ
2869 5325 3075 5398 πολλὴν
3109 5327 3224 5398 ἔχει
3254 5325 3600 5393 κατάγνωσιν
3631 5309 3772 5384 παρᾶ

1805 5445 2046 5503 ἾΑΚΙᾹΞ
2087 5443 2496 5504 LECTIONES.

2081 5587 2314 5644 NOTE.

583 5514 630 5546 ’θ
660 5513 722 5570 lu
743 5513 910 5570 Gesn.
947 5513 1166 5571 Stobazo
1201 5515 1290 5570 49.

584 5675 780 5760 (mm?
799 5677 1082 5760 πξγῃθεὶς
1109 5679 1592 5760 maguum-gent.
1637 5681 1874 5760 aliaque,
1924 5682 2098 5752 πένης

513 5747 814 5814 γεννηθείς.
843 5747 1060 5804 Habent
1118 5747 1313 5805 erinde
1333 5747 1493 5804 Vul".
1521 5759 1573 5805 et
1606 5768 1728 5822 quae
1750 5747 1938 5807 Graeca
1966 5747 2097 5807 cuin

518 5813 629 5868 illis
663 5818 1022 5874 conveniunt.
1057 5765 1274 5876 gixtina
1303 5767 1643 5878 desigerant.
1691 5823 1961 5878 nluraoue
1989 5823 2095 5878 alia

1009 5858 1022 5874 ο
1058 5837 1274 5876 nmina
1303 5837 1643 5888 GBSIOCTanl,
1691 5837 1961 5892 pluraque
1989 5837 2095 5878 alia

2208 5684 2275 5738 ad
2303 5683 2469 5738 ﬁnem
2531 5681 2660 5736 libri
2715 5680 2877 5738 Prov.
2914 5693 3038 5748 qua:
3094 5677 3261 5734 etiam
3302 5677 3600 5747 agnoscunt
3634 5659 3762 5717 Heb.

2207 5755 2364 5824 Targ.
2400 5753 2520 5824 Syr.
2551 5762 2658 5806 etc.
