4094 6364
322 360 438 422 805

1644 356 1817 418 LOCI
1853 357 2176 422 COMMUN
2181 359 2292 420 ES.

3500 366 3606 429 806

316 475 442 532 τοῖς
507 467 606 539 τὴν
670 468 833 536 φύσιν
898 466 1039 521 τῶν’
1070 467 1412 538 πραγμάτων
1476 468 1706 539 ἐρευνᾷν
1762 470 1913 523 δυνα-

2028 470 2172 539 apud
2205 485 2324 537 eos,
2375 471 2469 542 qui
2523 487 2707 527 rerum
2762 480 3018 528 naturam
3069 473 3305 527 scrutari
3363 485 3605 541 norunt,

400 577 531 614 νοις.
642 572 651 581 ’

400 577 477 613 νοι
516 600 531 614 .
642 572 651 581 ‘

322 562 697 720 μέκλῖὶμεντ.
725 682 796 692 -
831 649 1165 719 Ὀλιγοδεῖας
1219 650 1319 721 μὲν
1376 652 1638 722 ἐρασταὶ,
1700 652 1923 706 πολυτέ-

319 744 475 798 λειαν
503 743 580 806 δὲ,
610 744 686 806 ὡς
715 741 895 812 ψυχῆς
926 742 1021 794 καὶ
1050 741 1299 811 σώματος
1329 743 1483 795 νόσον
1505 745 1917 814 ἐκτρεπόμενοι.

414 920 478 973 Ἠ
496 917 599 972 τῶν
631 917 954 985 ἀναγκαίων
981 918 1174 986 κτῆσις
1195 916 1291 969 καὶ
1312 918 1530 987 χρῆσις,
1558 916 1619 968 οὐ
1643 918 1742 989 τὴν
1773 919 1919 972 ποιό-

326 1030 468 1084 τητα
527 1009 803 1082 βλαϐερὰν
852 1008 1001 1079 ἔχει,
1061 1007 1200 1062 ἀλλὰ
1249 1009 1350 1079 τὴν
1404 1010 1556 1082 παρὰ
1608 1011 1667 1063 τὸ
1718 1012 1918 1082 μέτρον

324 1106 628 1175 ποσότητα.

397 1198 688 1261 Φίλωνος.
729 1224 801 1236 -
848 1194 909 1247 ’0
940 1192 1224 1256 σπουδαῖος
1267 1193 1363 1247 καὶ
1397 1193 1692 1263 ὀλιγοδεὴς,
1723 1194 1916 1250 ἀθανάο

314 1305 419 1343 του
446 1289 541 1341 καὶ
570 1287 773 1356 θνητῆς
826 1286 1044 1355 φύσεως
1086 1285 1339 1356 μεθόριον
1374 1303 1385 1317 ο
1443 1285 1504 1337 τὸ
1559 1286 1659 1356 μὲν
1707 1288 1915 1352 meet;

314 1379 464 1448 ἔχων
518 1378 606 1429 διὰ
646 1376 805 1446 σῶμα
853 1375 1068 1445 θνητόνο
1100 1375 1162 1428 τὸ
1193 1374 1250 1428 δὲ
1280 1373 1356 1445 μὴ
1386 1374 1660 1441 πολυδεὲς,
1696 1375 1785 1429 διά
1810 1378 1916 1444 ψυ-

315 1471 430 1542 χὴν
458 1469 753 1538 ἐφιεμένην
779 1466 1106 1530 ἀθανασίας.

396 1668 655 1733 Δημοκρ.
686 1660 1060 1731 -Αὐταρκίῃ
1125 1661 1353 1730 τροφῆς,
1411 1659 1585 1731 μικρά
1621 1659 1718 1726 νὺξ
1772 1652 1919 1713 οὐδέ-

313 1773 461 1811 ποτε
504 1755 743 1824 γίνεται.

2025 563 2261 631 pessime
2290 563 2464 629 audit,
2495 564 2777 634 etiamque
2824 573 2989 634 atque
3036 565 3203 619 etiam
3232 566 3605 637 vituperatur.

2094 652 2394 710 Clementis.
2425 687 2494 696 —
2518 656 2851 712 Sobrietatis
2883 667 2941 711 et
2968 657 3367 714 mediocritatis
3395 668 3607 715 amato-

2023 761 2146 810 res;
2184 747 2375 800 luxum
2404 764 2537 802 vero
2573 758 2937 818 sumptusque
2961 748 3319 817 profusiores,
3348 758 3607 821 tanquam

2020 837 2192 891 animi
2228 839 2591 909 corporisque
2615 839 2873 893 morbum
2904 839 3236 893 devitantes.

2094 929 2300 983 lterum
2320 930 2756 985 necessariarum
2786 930 3064 1000 possessio
3077 938 3135 985 et
3157 945 3310 995 usus,
3340 947 3449 986 non
3466 948 3574 1001 qua
3589 961 3606 973 -

2020 1019 2233 1076 litatem
2266 1023 2486 1077 noxiam
2536 1023 2737 1090 habet,
2793 1023 2888 1079 sed
2918 1038 3041 1094 qua:
3087 1022 3312 1077 modum
3365 1024 3607 1088 excedit,

2019 1110 2411 1179 quantitatem.

2087 1202 2349 1258 Philonis.
2386 1234 2454 1245 ο·-
2483 1204 2578 1259 Vir
2616 1205 2797 1259 bonus
2820 1214 2877 1261 et
2912 1207 3105 1276 paucis
3138 1223 3310 1277 egens
3338 1222 3434 1262 seu
3484 1206 3606 1260 fru-

2012 1295 2173 1365 galis,
2231 1295 2286 1349 in
2332 1295 2664 1352 immortalis
2710 1299 3070 1367 mortalisque
3112 1308 3325 1353 natura:
3366 1298 3606 1353 conﬁnio

2016 1392 2102 1438 est
2135 1402 2148 1437 :
2186 1385 2280 1455 qui
2314 1401 2512 1455 nempe
2540 1386 2786 1456 indigeat
2808 1388 3056 1457 quidem,
3100 1396 3329 1458 propter
3371 1389 3605 1442 mortale

2017 1490 2253 1546 corpus;
2301 1478 2396 1532 sed
2440 1493 2553 1532 non
2584 1479 2796 1544 multis,
2844 1495 2952 1549 qua
2982 1480 3250 1550 praeditus
3298 1481 3481 1534 anima
3521 1489 3605 1534 est

2017 1575 2315 1637 appetente
2336 1569 2833 1624 immortalitatem.

2088 1658 2394 1714 Democriti.
2437 1690 2506 1701 —
2542 1660 2742 1716 Sobrio
2790 1661 3059 1732 tenuique
3089 1661 3287 1726 victui,
3316 1677 3602 1731 nunquam

2017 1766 2130 1808 nox
2162 1753 2384 1808 brevior
2416 1754 2658 1808 exsistit.

397 1823 715 1915 Κλειτάρχ.
749 1873 821 1886 -—
859 1842 1178 1915 Ὀφείλομεν
1236 1844 1465 1907 ἑαυτοὺς
1526 1843 1729 1908 ἐθίζειν
1808 1846 1913 1900 ἀπὸ

2087 1843 2361 1900 Clitarchi.
2394 1847 2675 1919 ——_Operae
2694 1844 2931 1913 pretium
2954 1854 3015 1898 ut
3036 1859 3136 1898 nos
3164 1844 3310 1913 ipsos
3331 1845 3397 1898 ad
3423 1846 3604 1915 fruga-
3696 1898 3699 1901 .

311 1938 524 2005 ὀλίγων
579 1935 700 2007 ζῇν,
755 1935 843 1989 ἵνα
894 1934 1063 2007 μηδὲν
1121 1936 1349 2006 αίσχρδν
1392 1934 1581 1989 ἕνεκεν
1610 1939 1914 2008 χρημάτων

321 2031 613 2101 μάθωμεν.

402 2123 654 2193 Σωκράτ.
685 2153 756 2163 -
780 2121 1079 2193 Σωκράτης
1117 2121 1414 2191 ἐρωτηθεὶς
1464 2121 1568 2174 ὑπό
1615 2137 1780 2186 τινος,
1820 2120 1917 2184 Τίς

323 2233 417 2269 σοι
448 2213 846 2285 πλουσιώτερος
885 2207 1025 2267 εἶναι
1063 2211 1239 2279 δοκεῐ;
1267 2208 1451 2265 εἶπεν·
1498 2212 1557 2264 '0
1610 2208 1915 2283 ἐλαχίστοις

311 2308 666 2379 ἀρκούμενος
692 2323 707 2337 ·
745 2306 1048 2376 αὐτάρκεια
1076 2305 1187 2376 γάρ
1240 2306 1358 2358 ἐστι
1405 2302 1622 2373 φύσεως
1662 2304 1911 2370 πλοῦτος.

397 2486 612 2557 Ὠσπερ
638 2487 717 2549 είς
747 2485 864 2538 ὁδὸν
895 2482 988 2537 τὸν
1013 2481 1147 2554 βίον,
1179 2483 1240 2536 οὐ
1267 2483 1338 2537 τὰ
1364 2482 1564 2537 πολλοῦ
1609 2482 1738 2548 ἀξια
1787 2499 1915 2539 συν-

313 2581 463 2635 τίθει
504 2579 716 2649 ἐφόδια,
753 2577 889 2633 ἀλλὰ
923 2577 1351 2648 ἀναγκαιότερα.

398 2757 621 2811 Βέλτιόν
648 2757 799 2810 ἐστιν
818 2758 876 2809 ὲν
902 2757 1003 2827 μιᾷ
1032 2755 1327 2829 περιουσίᾳ
1359 2754 1785 2828 συστελλόμενον
1820 2757 1913 2811 εὐ-

311 2849 537 2923 θυμεῖν,
568 2849 601 2921 ἢ
637 2848 880 2921 μεγάλης
910 2848 1255 2919 τυγχάνοντα
1283 2847 1594 2919 δυστυχεῖν.

408 3024 751 3094 Ἀλέξανδρ.
790 3053 862 3066 —-
893 3025 1159 3088 Εἰπόντος
1215 3023 1372 3095 αὐτῷ
1390 3041 1537 3089 τινος
1560 3020 1667 3078 τῶν
1699 3024 1916 3079 δοκούν-

313 3134 437 3172 των
462 3117 689 3182 εὐνοεῖν,
724 3117 808 3170 δτι
835 3115 1100 3169 Δύνανται
1127 3116 1184 3168 αί
1222 3116 1407 3179 πόλεις
1434 3132 1527 3168 σου
1561 3115 1746 3169 πλεῖον
1773 3131 1915 3186 παρ-

312 3208 472 3278 έχειν
503 3206 718 3271 ἐξόδους
745 3207 848 3277 (n),
883 3205 1011 3276 ἔφη’
1046 3206 1342 3277 Κηπουρδν
1367 3205 1511 3276 μισῶ
1541 3206 1633 3260 τὸν
1648 3207 1712 3260 ἐκ
1745 3207 1913 3278 ῥιζῶν

311 3298 660 3368 ἐκτέμνοντα
684 3298 752 3351 τά
778 3298 1010 3368 λάχανα.

392 3475 705 3544 Δημοκρίτ.
747 3502 821 3515 -
849 3470 1146 3543 Τράπεζαν
1171 3470 1473 3525 πολυτελέα
1518 3473 1618 3542 μὲν
1638 3472 1776 3544 τύχη
1804 3489 1912 3526 πα-

315 3565 634 3637 ρατίθησιν,
666 3561 946 3634 αὐταρκέα
972 3561 1031 3615 δὲ
1071 3562 1418 3632 σωφροσύνη.

407 3764 501 3816 Ἐκ
528 3762 651 3817 τῶν
685 3760 1042 3829 Ἐπικτήτου
1061 3761 1160 3814 καί
1195 3759 1912 3834 Ἰσοκράτ.-Αὐτάρκεια,

315 3855 577 3926 καθάπερ
616 3855 736 3918 ὁδὸς
767 3854 995 3926 βραχεῖα
1014 3852 1113 3906 καὶ
1140 3852 1466 3925 ἐπιτερπὴς,
1492 3853 1652 3926 χάριν
1676 3855 1777 3926 μὲν
1800 3855 1913 3927 ἔχει

316 3946 593 4017 μεγάλην,
630 3947 792 4000 πόνον
820 3946 879 3999 δὲ
924 3944 1140 4019 μικρόν.

407 4125 718 4198 Ὀχύρωσον
783 4126 982 4183 σαυτὸν
1048 4128 1115 4197 τῇ
1176 4124 1521 4196 αὐταρκείᾳ·
1576 4123 1739 4178 τοῦτο
1801 4125 1912 4195 γὰρ

308 4216 629 4273 δυσάλωτόν
649 4219 796 4272 ἐστιν
822 4219 1044 4289 χωρίον.

392 4392 657 4463 Σωκράτ.
692 4392 1107 4461 -Ξανθίππης
1144 4392 1431 4462 Σωκράτει
1466 4392 1542 4463 τῷ
1596 4393 1752 4466 ἀνδρὶ
1790 4395 1911 4448 ἐπι-

2014 1936 2224 1992 litatem
2247 1948 2624 1999 exerceamus,
2653 1953 2721 1992 ne
2739 1953 2837 2006 per
2859 1937 3208 1991 occasionem
3230 1938 3600 2006 parandarum

2014 2044 2181 2099 opum
2206 2035 2367 2098 turpe
2396 2028 2606 2097 aliquid
2636 2028 3042 2082 condiscamus.

2085 2117 2344 2183 Socratis.
2391 2150 2462 2161 —-
2513 2118 2772 2174 Socrates
2803 2160 2817 2184 ,
2876 2119 3115 2189 quodam
3177 2119 3555 2191 interrogante
3585 2163 3599 2182 .

2013 2210 2145 2280 quis
2172 2209 2256 2264 illi
2284 2210 2454 2265 ditior
2485 2226 2610 2265 esse
2650 2210 2958 2276 videretur,
2986 2212 3271 2281 respondit
3302 2211 3439 2267 :Cui
3469 2228 3604 2283 pau-

2014 2304 2238 2359 cissima
2267 2305 2602 2361 sullicerent.
2633 2305 2695 2360 In
2731 2304 3061 2362 sufﬁcientia
3080 2307 3231 2362 enim
3257 2309 3453 2378 positae
3473 2317 3602 2364 sunt

2015 2403 2228 2451 natura!
2262 2396 2492 2451 divitiae.

2088 2486 2249 2558 5'75
2272 2486 2440 2554 Quasi
2470 2487 2600 2541 vita:
2628 2489 2738 2543 iter
2757 2498 3106 2560 peracturus,
3128 2504 3243 2544 non
3269 2506 3393 2561 quae
3414 2491 3600 2563 magni

2013 2578 2180 2647 pretii
2210 2579 2321 2634 sint
2354 2579 2556 2634 viatico
2589 2581 2927 2650 componito,
2962 2581 3060 2636 sed
3093 2597 3215 2650 qua:
3250 2582 3304 2635 in
3336 2598 3454 2638 rem
3484 2599 3601 2639 ma-

2014 2671 2100 2742 gis
2119 2672 2433 2726 necessaria
2462 2671 2752 2725 exsistant.

2084 2761 2313 2816 Pnestat
2371 2777 2480 2815 una
2544 2761 2831 2843 brevique.
2874 2760 3190 2816 substantia
3250 2771 3598 2819 contractum

2013 2866 2174 2922 aequo
2204 2853 2391 2907 animo
2416 2868 2560 2919 esse,
2583 2867 2749 2922 quam
2790 2850 3005 2922 magnis
3046 2851 3245 2921 opibus
3274 2852 3508 2911 ditatum
3539 2854 3600 2911 in

2013 2944 2097 3000 eis
2125 2944 2527 3001 infortunatum
2556 2960 2700 3000 esse.
3418 2946 3427 2953 ‘

2084 3035 2411 3090 Alexander.
2432 3035 2655 3091 —Cum
2685 3035 2739 3090 ei
2764 3035 3072 3091 amicorum
3100 3036 3347 3106 quidam,
3377 3051 3601 3094 eorum-

2015 3140 2124 3195 que
2156 3126 2251 3195 q‘ui
2299 3127 2418 3195 ejus
2462 3127 2741 3196 praecipue
2790 3125 2961 3181 rebus
2989 3125 3217 3182 studere
3250 3126 3599 3196 viderentur,

2015 3216 2267 3279 dixisset,
2298 3233 2459 3287 posse
2488 3219 2675 3284 urbes,
2698 3233 2819 3289 quae
2839 3218 2961 3289 ejus
2991 3218 3221 3274 ditionis
3244 3230 3453 3285 essent,
3480 3237 3600 3277 ma-

2013 3308 2137 3379 jora
2202 3309 2408 3363 tributa
2461 3317 2761 3378 praestare,
2802 3311 3133 3380 respondit:
3178 3310 3446 3368 Olitorem
3481 3316 3598 3379 odi,

2015 3397 2108 3467 qui
2136 3397 2403 3453 radicitus
2426 3398 2700 3453 exscindit
2722 3397 2895 3472 olera.
3322 3397 3345 3413 '

2083 3487 2371 3543 Democrit.
2405 3518 2477 3528 —
2510 3488 2900 3558 Sumptuosam
2929 3504 3181 3545 mensam
3210 3490 3444 3560 apponit
3484 3489 3599 3545 [οι--

2017 3590 2181 3647 tuna;
2218 3581 2486 3653 frugalem
2517 3598 2655 3637 vero
2684 3582 2914 3652 suisque
2946 3592 3289 3647 contentam,
3318 3581 3598 3639 sobrietas

2014 3684 2079 3725 ac
2100 3672 2486 3741 temperantia.

2084 3764 2170 3819 Ea:
2216 3766 2490 3819 sententiis
2528 3764 2758 3834 Epictet.
2808 3772 2858 3819 et
2901 3763 3129 3819 Isocrat.
3170 3794 3239 3806 —
3264 3764 3594 3834 Frugalitas,
3674 3810 3679 3817 .

2014 3854 2241 3924 suisque
2285 3863 2547 3911 contenta
2595 3855 2720 3909 vita:
2765 3855 2928 3920 ratio,
2990 3855 3147 3925 quasi
3188 3855 3279 3910 via
3312 3855 3501 3911 brevis
3532 3872 3597 3911 ac

2015 3945 2359 4002 delectabilis
2378 3963 2395 4012 ;
2417 3961 2670 4016 magnam
2696 3946 2921 4017 quidem
2946 3946 3113 4002 habet
3151 3948 3407 4018 gratiam,
3443 3948 3598 4003 labo-

2013 4052 2135 4093 rem
2171 4052 2307 4092 vero
2334 4037 2618 4107 exiguum.

2082 4127 2311 4185 Obvalla
2340 4130 2580 4201 teipsum
2628 4130 2836 4185 virtute
2882 4129 2999 4186 suis
3050 4131 3170 4201 ipsa
3202 4140 3464 4188 contenta
3500 4132 3599 4187 sti-

2012 4221 2261 4291 pendiis;
2292 4221 2410 4278 haec
2463 4219 2614 4277 enim
2655 4237 2757 4277 arx
2785 4233 3069 4292 estquam
3112 4222 3267 4277 nulla
3307 4222 3468 4279 facile
3511 4224 3596 4278 vis

2010 4328 2331 4385 expugnare
2360 4314 2558 4383 possit.

2083 4402 2435 4459 Socrates.—
2452 4404 2592 4460 Cum
2613 4403 2889 4474 Xantippe
2922 4405 3103 4460 virum
3127 4421 3292 4460 suum
3312 4406 3592 4462 Socratem

304 4484 584 4555 τιμώσης,
643 4485 778 4538 διότι
829 4485 991 4550 λιτῶς
1043 4485 1490 4556 παρεσκευάζετο
1538 4484 1903 4552 ὐποδέξασθαι

2018 4495 2348 4565 increparet,
2372 4495 2519 4564 quod
2546 4496 2799 4549 tenuiore
2825 4508 3092 4565 apparatu
3131 4499 3340 4552 amicos
3368 4498 3593 4567 excipe-

308 4577 529 4646 φίλους,
566 4574 750 4629 εἶπεν·
778 4575 843 4630 El
873 4577 972 4648 μὲν
1005 4576 1265 4647 ἡμέτεροι
1300 4580 1462 4643 εἰσιν,
1488 4577 1642 4631 οὐδὲν
1675 4580 1906 4643 ἐκείνοις

216 4662 225 4667 ’
310 4669 547 4740 μελήσει
576 4686 591 4700 ο
632 4669 770 4723 εἰδὲ
807 4668 1102 4740 ἀλλότριοι,
1152 4670 1286 4739 ἡμῖν
1334 4668 1465 4739 περὶ
1514 4666 1695 4721 αὐτῶν
1751 4668 1905 4723 οὐδὲν

308 4760 566 4833 μελήσει.

870 4874 1104 4928 ,ΛΟΓΟΣ
1141 4874 1219 4927 1Δ¹
1265 4875 1333 4928 ’⁸.

845 4984 985 5054 Περὶ
1015 4983 1386 5054 προσευχῆς.

392 5107 579 5159 Ματθ.
627 5122 666 5169 ς
690 5143 703 5157 .
735 5132 807 5143 -
830 5100 1271 5172 Προσευχόμενοι
1325 5101 1402 5173 μὴ
1445 5100 1902 5175 βαττολογήσητε,

2013 4593 2117 4647 ret,
2167 4584 2351 4639 dixit:
2390 4584 2448 4639 Si
2483 4584 2656 4638 nostri
2710 4583 2951 4649 fuerint,
3001 4585 3141 4639 nihil
3172 4586 3480 4653 curabunt;
3507 4586 3592 4642 sin

2011 4676 2200 4743 alieni,
2224 4691 2420 4731 eorum
2448 4675 2611 4730 nobis
2636 4676 2784 4730 nulla
2809 4676 3065 4732 habenda
3098 4677 3243 4732 ratio
3266 4679 3360 4733 sit.

2615 4872 2848 4927 SERMO
2876 4873 3015 4927 XIV.

2270 4988 2347 5043 De
2374 4989 2612 5042 oratione
2638 5004 2729 5041 seu
2768 4987 3007 5057 precibus
3044 4987 3115 5041 ad
3154 4987 3348 5042 Deum.

2085 5100 2279 5155 Matth.
2315 5116 2392 5166 vr,
2424 5100 2697 5155 7.—-Dum
2715 5100 2912 5165 oratis,
2937 5100 3108 5167 nolite
3147 5102 3382 5156 multum
3412 5104 3591 5174 loqui,

1614 5242 1853 5298 VARUE
1898 5244 2304 5302 LECTIONES.

1838 5382 2071 5439 NOTAE.

386 5313 430 5346 ²¹
456 5314 559 5370 Est
593 5315 648 5370 in
671 5314 838 5371 Gesn.
868 5311 1024 5370 Stob.
1052 5310 1179 5367 294.

390 5455 479 5527 (η)
499 5456 719 5510 [Maior
747 5453 1037 5527 παρέχειν
1066 5449 1335 5527 ἐξόδους.
1379 5448 1548 5527 Gesn.
1579 5453 1900 5527 conjectura
2000 5453 2237 5527 principi
2266 5453 2517 5527 ejusque
2538 5452 3130 5527 exercitibustuenda
3153 5454 3439 5527 republica
3466 5456 3584 5512 suf-

303 5519 418 5588 εει,
450 5519 762 5597 'legcndum
810 5519 1143 5646 εἰς’έςκίρους.
1196 5519 1305 5574 Sed
1365 5520 1504 5600 mihi
1555 5519 1905 5578 non'suadet
2000 5519 2714 5579 ﬁciatu'r.H'inc'Biblicum
2747 5523 3079 5604 vocabulum
3115 5519 3323 5594 ἐξοδιᾷν
3363 5534 3421 5580 et
3468 5528 3586 5591 ἐξο-

305 5604 507 5646 contra
545 5594 945 5646 exemplarium
993 5592 1178 5646 idem:
1217 5605 1343 5644 nam
1373 5598 1541 5644 etiam
1568 5591 1773 5646 εἴσοδος
1795 5594 1903 5646 Ρο-
2001 5594 2230 5646 διάξειν.
2265 5594 2460 5646 eodem
2490 5608 2679 5646 sensu.
2713 5592 2861 5646 quod
2899 5593 3158 5646 Seniores
3182 5609 3249 5646 ex
3271 5610 3373 5646 usu
3410 5597 3585 5646 magis

305 5604 507 5652 contra
525 5590 945 5664 'exemplarium
973 5590 1178 5664 (idem;
1217 5605 1343 5664 nam
1373 5590 1541 5664 etiam
1563 5591 1773 5664 εἴσοδος
1795 5594 1903 5649 Po-

304 5666 511 5735 lyxeno
555 5675 613 5721 et
664 5658 837 5719 veteri
875 5662 1094 5718 Lexico
1126 5658 1429 5735 Stephani,
1478 5660 1742 5735 ἀνάλωμα
1795 5672 1901 5728 est,

304 5728 571 5806 sinimus,
587 5738 827 5806 intpensa
852 5746 1125 5806 :cnmque
1154 5728 1290 5783 alias
1315 5728 1492 5806 ἔξοδος
1517 5728 1900 5806 expeditiosit,

242 5866 253 5874 ,
306 5800 499 5861 θείιόι
525 5800 802 5876 praestatio
831 5800 1183 5873 vectigalium
1209 5815 1273 5854 ac
1311 5800 1674 5866 tributorum,
1699 5804 1904 5873 quibus

2001 5594 2230 5667 διάξειν,
2265 5594 2460 5667 eodem
2490 5608 2679 5658 sensu,
2713 5592 3158 5667 quod_Seniores
3182 5609 3249 5647 ex
3268 5592 3373 5650 usu
3410 5597 3585 5667 magis

2002 5664 2086 5718 sui
2123 5664 2522 5736 temporis,_et_
2550 5670 2612 5715 ut
2636 5661 2827 5717 vocem
2848 5661 3114 5729 Graecam,
3169 5661 3582 5736 usurpaverint,

2001 5749 2164 5803 quam
2200 5730 2303 5803 ipsi
2334 5730 2608 5788 cuderint.
