4094 6358
597 342 697 406 807

1755 338 1816 396 S.
1857 337 2144 396 ΜΑΧΙΜΙ
2183 344 2190 388 4

2290 337 2693 401 NFESSORIS
3346 393 3351 398 .
3757 345 3848 409 8l3

587 452 733 509 sicut
762 446 971 503 ethnici
1001 464 1015 500 :
1045 453 1244 517 putant
1259 424 1407 500 enim
1433 442 1582 514 quod
1616 442 1669 498 in
1704 444 2057 513 multiloquio
2077 460 2180 499 suo

2290 445 2474 516 ὥσπερ
2496 450 2545 501 oi
2576 446 2780 501 ἐθνικοί
2809 465 2821 479 ·
2856 449 3075 503 δοκοῦσι
3104 449 3232 522 γὰρ,
3272 452 3356 505 ὅτι
3389 451 3450 503 ἐν
3478 454 3547 523 τῇ
3584 452 3675 506 πο)
3688 461 3857 531 υλογίᾳ

583 541 975 597 exaudientur.
1010 538 1195 593 Nolite
1234 553 1367 607 ergo
1391 536 1685 591 assimilari
1727 537 1847 601 eis;
1883 536 1989 591 scit
2027 537 2178 591 enim

584 633 747 689 Pater
775 636 961 685 vester
995 629 1130 699 quid
1162 644 1307 698 opus
1340 627 1414 682 sit
1446 626 1629 691 vobis,
1654 636 1954 694 antequam
1977 627 2181 696 petatis

583 740 735 780 eum.
1412 746 1419 749 '
1891 742 1901 750 '
1965 781 1973 786 _

654 817 772 871 Jac.
793 833 846 882 v,
872 815 959 870 15.
978 813 1338 868 ——'l‘ristatur
1360 812 1485 882 quis
1515 811 1804 869 vestrum?
1833 819 1974 866 oret.
2000 809 2181 880 Equo

475 971 487 983 δ
585 908 774 963 animo
812 907 938 962 est?
981 906 1199 975 psallat.
1245 904 1563 958 Inlirmatur
1591 903 1717 971 quis
1745 902 1801 956 in
1853 901 2052 957 vobis?
2094 916 2185 956 ac-

587 1006 769 1054 cersat
814 997 1172 1067 presbyteros
1207 993 1492 1058 Ecclesiae,
1542 1002 1599 1048 et
1632 1001 1795 1047 orent
1825 1008 1994 1061 super
2022 1006 2180 1056 eum,

587 1097 859 1160 ungeutes
893 1104 1019 1142 eum
1055 1089 1178 1141 oleo
1229 1087 1282 1139 in
1320 1086 1547 1140 nomine
1600 1084 1842 1140 Domini.
1888 1084 1959 1138 Et
2002 1082 2184 1138 oratio

587 1179 719 1234 ﬁdei
747 1180 957 1233 salvum
984 1177 1181 1232 reddet
1213 1177 1515 1239 inﬁrmum,
1554 1186 1611 1231 et
1639 1176 1816 1246 eriget
1842 1190 1971 1229 eum
1993 1174 2182 1228 Domi-

586 1289 697 1328 nus
726 1291 741 1328 :
773 1280 828 1327 et
852 1272 897 1326 si
922 1271 977 1326 in
999 1270 1246 1341 peccatis
1272 1271 1466 1335 fuerit,
1487 1269 1851 1324 remittentur
1889 1267 1963 1322 ei.

658 1445 819 1505 Prov.
847 1464 938 1512 xv,
964 1447 1016 1500 8.
1049 1475 1118 1485 —
1139 1444 1345 1500 Hostiae
1369 1445 1667 1517 impiorum
1708 1444 2052 1501 abominatio
2073 1446 2183 1501 Do—

588 1541 743 1595 mino
777 1557 790 1593 :
824 1554 1019 1610 preces
1060 1545 1245 1593 autem
1287 1547 1437 1592 recte
1480 1537 1908 1603 ambulantium,
1948 1547 2186 1608 acceptae

590 1633 736 1704 apud
766 1646 915 1688 eum.

662 1724 828 1779 Eccli.
860 1739 954 1791 vu,
979 1721 1035 1777 9.
1059 1734 1129 1761 '—-
1150 1720 1273 1777 Noli
1297 1736 1420 1776 esse
1444 1720 1819 1791 pusillanimis
1844 1721 1900 1793 in
1925 1720 2185 1776 oratione

590 1825 705 1872 tua.

657 1904 828 1960 Eccli.
861 1921 1015 1971 xvm,
1046 1903 1137 1959 22.
1167 1934 1236 1946 —
1258 1904 1337 1959 Ne
1365 1903 1690 1973 impediaris
1715 1904 1952 1960 reddere
1978 1903 2189 1959 oratio-

588 2013 716 2054 nem
753 1997 984 2051 Domino
1013 2004 1264 2065 tempore
1291 2005 1633 2064 opportuno.

664 2088 876 2143 Basilii.
895 2118 966 2127 —
985 2086 1151 2141 Auris
1175 2086 1384 2151 divina,
1409 2102 1546 2142 voce
1574 2102 1683 2141 non
1706 2095 1832 2158 eget
1861 2086 1930 2140 ad
1958 2085 2191 2140 audien-

593 2179 748 2233 dum.
776 2177 941 2232 Novit
961 2178 1109 2231 enim
1138 2167 1323 2231 statim
1346 2175 1405 2230 in
1435 2176 1558 2246 ipso
1596 2185 1750 2231 motu
1793 2175 1957 2247 576
1981 2174 2185 2239 cordis,

592 2288 658 2325 ea
689 2286 809 2340 qua:
835 2269 1205 2338 inquiramus.
1228 2268 1581 2339 dignoscere.
1629 2270 1831 2323 Annon
1853 2267 2015 2323 audis
2040 2265 2189 2336 quod

592 2365 794 2421 Moses.
829 2376 956 2415 cum
985 2360 1126 2414 nihil
1159 2361 1484 2429 loqueretur
1509 2401 1523 2424 ,
1565 2360 1751 2416 tacitis
1772 2359 1889 2415 suis
1930 2357 2190 2428 suspiriis

594 2454 889 2508 Dominum
914 2452 1277 2521 interpellans
1304 2451 1482 2522 (Rom.
1504 2468 1624 2517 vm,
1648 2450 1764 2523 '26).
1787 2450 2016 2506 auditus
2036 2449 2106 2503 ab
2121 2462 2189 2503 eo

594 2547 687 2612 sit,
729 2547 948 2601 dicente
974 2564 988 2599 :
1019 2544 1159 2610 Quid
1181 2545 1387 2599 clamas
1414 2545 1485 2599 ad
1517 2560 1599 2599 me
1627 2544 1825 2613 (Exod.
1851 2560 1963 2608 xw,
1989 2541 2121 2614 15)?

666 2635 950 2691 Justorum
973 2634 1123 2688 enim
1153 2649 1386 2703 operum
1420 2633 1738 2703 praesentia.
1767 2631 2011 2703 ingentis
2040 2629 2188 2701 apud

594 2726 769 2783 Deum
808 2726 1071 2782 clamoris
1099 2724 1279 2780 vicem
1314 2725 1500 2780 habet.

672 2836 937 2908 Theologi.
962 2867 1035 2877 —
1062 2836 1141 2891 Ne
1166 2835 1489 2906 abjectioris
1520 2834 1692 2889 animi
1716 2835 1981 2905 velutque
2004 2808 2189 2889 sordi-

596 2928 772 2984 dioris
794 2936 979 2981 notam
1022 2927 1186 2981 nobis
1211 2941 1578 2990 arcessamus,
1621 2925 1753 2981 dum
1799 2926 2014 2980 minuta
2035 2939 2189 2994 quaa-

597 3020 723 3074 dam
754 3034 855 3072 nec
880 3017 1043 3089 digna
1078 3018 1214 3072 satis
1243 3017 1531 3088 largientis
1559 3016 1968 3083 munificentia,
2010 3031 2043 3071 a
2072 3014 2188 3069 Deo

597 3111 966 3181 postulamus.

670 3202 936 3272 Chrysost.
979 3230 1050 3242 -
1091 3201 1284 3272 Magna
1329 3201 1580 3272 quazdam
1636 3219 1726 3259 res
1761 3210 1847 3257 est
1882 3202 2065 3257 oratio
2089 3244 2104 3269 ,
2140 3203 2187 3258 si

596 3294 785 3349 animo
816 3294 870 3347 in
900 3294 1071 3347 Deum
1104 3304 1258 3364 grato
1292 3295 1631 3348 acrcandore
1659 3293 1753 3347 fiat
1782 3311 1795 3347 :
1829 3295 1875 3348 si
1900 3309 2001 3349 nos
2036 3295 2188 3363 ipsos

601 3372 956 3440 instituamus
979 3424 994 3448 ,
1031 3393 1092 3439 ut
1138 3384 1345 3439 nedum
1377 3400 1505 3439 cum
1532 3383 1833 3455 petitiones
1858 3385 2182 3454 accipimus,

601 3481 716 3534 Deo
747 3478 951 3547 gratias
1000 3491 1250 3548 agamus,
1301 3477 1396 3531 sed
1424 3485 1630 3531 etcum
1682 3475 1793 3531 illis
1828 3476 2183 3530 frustramur.

598 3571 943 3639 Quandoque
993 3568 1143 3625 enim
1184 3568 1302 3633 dat,
1348 3568 1686 3638 quandoque
1732 3583 1865 3623 vero
1908 3583 2021 3623 non
2070 3568 2186 3633 dat,

601 3663 724 3717 utili
756 3671 1051 3730 utrumque
1083 3661 1339 3715 consilio.
1371 3659 1499 3715 Sive
1527 3659 1697 3730 igitur
1730 3659 2034 3729 acceperis,
2072 3659 2189 3713 sive

601 3766 712 3805 non
743 3751 1046 3821 acceperis,
1077 3750 1244 3804 etiam
1283 3764 1394 3803 non
1428 3748 1788 3819 accipiendo,
1824 3751 1986 3819 plane
2030 3765 2190 3805 acce-

600 3841 732 3912 pisti
763 3859 776 3894 :
812 3841 927 3897 sive
957 3840 1363 3912 impetraveris,
1398 3842 1517 3895 sive
1553 3856 1665 3895 non
1695 3840 2109 3910 impetraveris,
2132 3848 2189 3896 et

603 3947 713 3987 non
774 3932 1154 4001 impetrando,
1206 3931 1399 4000 utique
1459 3931 1792 4000 impetrasti.
1844 3931 2188 4001 Quandoque

602 4023 751 4076 enim
780 4038 890 4076 non
929 4023 1201 4092 accipere,
1224 4020 1633 4076 conducibilius
1653 4030 1759 4076 est.
1785 4021 1922 4076 Nam
1947 4020 2056 4076 nisi
2077 4035 2187 4075 non

603 4112 858 4181 accipere
885 4112 1033 4166 haud
1061 4128 1184 4167 raro
1209 4128 1277 4166 ex
1300 4111 1504 4166 nostris
1542 4111 1851 4166 rationibus
1875 4120 2044 4175 esset,
2071 4126 2189 4165 om-

2280 537 2463 590 αύτῶν
2488 538 3031 608 εἰσακουσθήσονται.
3057 541 3148 611 Μὴ
3186 541 3280 595 οὖν
3324 543 3641 615 ὁμοιωθῆτε
3677 547 3855 611 αὐτοῖς·

2280 625 2390 682 οἶδε
2418 628 2529 700 γὰρ
2559 632 2588 684 ὁ
2613 631 2804 701 Πατὴρ
2843 631 2996 702 ὑμῶν
3025 626 3101 686 ὧν
3132 634 3323 704 χρείαν
3389 634 3571 705 ἔχετε,
3627 638 3731 709 πρὸ
3779 641 3857 695 τοῦ

2284 720 2427 789 ὑμᾶς
2471 723 2699 792 αἰτῆσαι
2730 723 2916 776 αὐτόν.

2368 814 2513 866 ’1ακ.
2542 819 2607 868 ε’.
2639 814 3047 868 -Κακοπαθεί
3068 832 3152 878 τις
3174 816 3233 867 ἐν
3268 817 3441 885 om;
3473 820 3855 891 προσευχέσθω.

2283 902 2529 974 Εὐθυμεϊ
2544 920 2663 969 τις;
2690 903 2959 973 ψαλλέτω.
2999 905 3244 959 ’Δσθενεῖ
3280 924 3367 970 τις
3412 911 3472 961 ἐν
3521 910 3680 980 om;
3716 929 3863 984 προσ.

2285 992 2623 1046 καλεσάσθω-
2652 994 2786 1057 τοὺς
2824 994 3233 1066 πρεσϐυτέρους
3258 997 3362 1065 τῆς
3407 998 3757 1071 Ἑκκλησίας,
3781 1006 3861 1060 καὶ

2286 1082 2789 1155 προσευξάσθωσαν
2813 1085 2902 1138 ἐπ’
2935 1085 3120 1150 αὐτὸν,
3159 1085 3490 1158 ἀλείψαντες
3524 1092 3689 1146 αὑτὸν
3718 1094 3861 1165 ἐλαίῳ

2286 1181 2345 1235 ἐν
2370 1180 2448 1250 τῷ
2476 1180 2705 1252 ὀνόματι
2743 1181 2954 1251 Κυρίου
2982 1200 2996 1214 ·
3039 1183 3137 1237 καὶ
3190 1186 3224 1256 ή
3289 1185 3431 1256 εὐχὴ
3485 1189 3589 1258 τῆς
3649 1187 3858 1256 πίστεως

2289 1275 2455 1325 σώσει
2476 1283 2566 1325 τον
2597 1275 2897 1343 κάμνοντα,
2956 1274 3050 1328 καὶ
3100 1276 3288 1348 ἐγερεῖ
3330 1277 3504 1331 αὐτὸν
3550 1279 3581 1331 ὁ
3632 1279 3821 1351 Κύριος
3845 1299 3858 1315 ·

2288 1362 2391 1415 κᾶν
2422 1363 2699 1434 ἁμαρτίας
2786 1365 3132 1436 πεποιηκὼς,
3159 1366 3507 1439 ἀφεθήσεται
3530 1371 3698 1442 αὐτῷ.

2359 1457 2580 1523 Σολομ.
2599 1485 2655 1497 -
2682 1454 2881 1509 Θυσίαι
2902 1456 3115 1509 ἀσεϐῶν
3141 1456 3422 1531 βδέλυγμα
3450 1462 3647 1533 Κυρίῳ
3671 1479 3686 1493 ο
3716 1480 3860 1535 προσ.

2286 1544 2444 1617 ευχαὶ
2473 1544 2529 1598 δὲ
2560 1544 3023 1612 κατευθυνόντων,
3051 1546 3239 1601 δεκταὶ
3268 1551 3401 1621 παρ’
3425 1551 3601 1623 αὐτῷ.

2359 1724 2547 1792 Σιράχ
2583 1720 2648 1784 ζ’.
2670 1753 2738 1763 -
2752 1722 2843 1795 Μὴ
2859 1723 3261 1799 ὀλιγοψυχήσῃς
3301 1727 3361 1781 ἐν
3377 1731 3447 1800 τῇ
3473 1734 3748 1804 προσευχῇ
3760 1748 3854 1789 σου.

2364 1897 2548 1966 Σιρὰχ
2581 1904 2675 1965 ιη’.
2701 1897 2793 1969 Μὴ
2823 1898 3128 1975 ἐμποδίσῃς
3159 1900 3256 1956 τοῦ
3281 1902 3590 1959 ἀποδοῦναι
3614 1905 3769 1977 εὐχὴν
3796 1906 3855 1980 (ο)

2291 1987 2587 2058 εὐκαίρως.

2355 2080 2704 2133 Βασιλείου.
2731 2108 2800 2121 -ο
2845 2078 2913 2132 Ἥ
2972 2078 3096 2134 θεία
3149 2082 3311 2153 ἀκοὴ,
3369 2083 3434 2137 οὐ
3485 2087 3672 2158 φωνῆς
3714 2085 3855 2139 δεῖται

2290 2169 2429 2240 πρὸς
2463 2170 2740 2249 αἴσθησιν.
2770 2167 2894 2224 Οἵδε
2931 2172 3042 2244 γὰρ
3086 2173 3182 2227 καὶ
3231 2175 3292 2227 ἐν
3334 2173 3420 2246 τῷ
3467 2178 3725 2248 κινήματι
3776 2177 3854 2247 τῆς

2289 2262 2517 2333 καρδίας
2551 2262 2819 2334 γνωρίσαι
2850 2264 2920 2318 τὰ
2959 2264 3387 2337 ἐπιζητούμενα.
3422 2268 3498 2321 Ἢ
3543 2268 3644 2322 οὐκ
3668 2267 3854 2332 ἀκούεις

2287 2355 2369 2408 ὅτι
2397 2355 2638 2425 Μωῦσῆς
2664 2356 2830 2425 μηδὲν
2852 2355 3249 2427 φθεγγόμενος,
3282 2361 3396 2422 τοῖς
3432 2359 3718 2431 ἀλαλήτοις
3751 2361 3855 2413 {auc

2287 2446 2383 2500 τοῦ
2433 2449 2756 2517 στεναγμοῖς
2789 2447 2865 2519 (ρ)
2897 2448 3244 2519 ἐντυγχάνων
3290 2450 3371 2519 τῷ
3420 2451 3633 2521 Κυρίῳ,
3656 2449 3855 2521 ἠκούετο

2290 2538 2443 2611 παρὰ
2472 2539 2567 2593 τοῦ
2595 2540 2825 2613 Κυρίου,
2847 2524 3121 2609 λέγοντοςέ
3165 2542 3226 2594 Τί
3252 2540 3417 2610 βοᾷς
3446 2543 3600 2610 πρός
3623 2559 3725 2612 ys;

2364 2632 2585 2703 Ἔργων
2623 2632 2734 2704 γὰρ
2764 2632 2991 2687 δικαίων
3024 2617 3322 2704 παρουσία,
3360 2630 3854 2704 μεγαλοφωνίαμέστὶ

2291 2725 2444 2796 παρὰ
2500 2725 2643 2797 Θεῷ.

2363 2839 2685 2909 Θεολόγου.
2715 2869 2787 2880 -—-
2814 2839 2908 2909 Μὴ
2975 2839 3357 2910 μικρολογίανί
3381 2836 3849 2908 καταγνωσθῶμεν,

2290 2933 2349 2986 ἐν
2377 2931 2457 3001 τῷ
2486 2935 2661 3003 μικρὰ
2689 2933 2865 2987 αἰτεῖν
2892 2933 3041 3003 ἡμᾶς
3071 2931 3170 2986 καὶ
3224 2932 3321 2987 τοῦ
3367 2933 3607 2996 διδόντος
3664 2931 3846 2997 ἀνάξια.

2363 3202 2667 3268 Χρυσοστ.
2693 3226 2763 3239 -
2796 3196 2959 3265 Μέγα
2993 3196 3199 3265 ἀγαθὸν
3232 3195 3391 3267 εὐχὴ,
3430 3196 3528 3249 ἐὰν
3580 3193 3713 3265 μετὰ
3752 3192 3848 3244 δια-

2292 3291 2439 3354 νοίας
2467 3290 2793 3361 εὐχαρίστου
2834 3289 3062 3359 γένηται
3097 3304 3111 3319 ·
3148 3287 3245 3341 ἐὰν
3274 3287 3658 3358 παιδεύσωμεν
3683 3280 3846 3338 ἑαυτοῦ

2295 3381 2370 3451 μὴ
2408 3381 2567 3451 μόνον
2618 3379 3012 3450 λαμϐάνοντες,
3070 3378 3213 3433 ἀλλὰ
3266 3378 3361 3432 καὶ
3414 3374 3847 3447 ἀποτυγχάνοντες

2290 3473 2636 3545 εὐχαριστεῖν
2676 3470 2757 3541 τῷ
2795 3471 2935 3541 Θεῷ.
2993 3472 3103 3525 Καὶ
3156 3469 3266 3541 γὰρ
3321 3470 3458 3524 ποτὲ
3517 3468 3618 3539 μὲν
3670 3464 3844 3526 δίδωσι,

2288 3566 2573 3636 ἁμρότερα
2593 3582 2699 3636 χρη
2709 3565 2760 3617 σί
2767 3582 2902 3635 μως.
2931 3565 3099 3617 Ὥστε
3123 3563 3228 3617 κᾶν
3247 3562 3446 3635 λάϐῃς,
3471 3562 3576 3615 κᾶν
3593 3558 3666 3630 μὴ
3682 3553 3844 3624 λάϐῃς,

2289 3654 2481 3718 ἔλαϐες
2510 3656 2566 3706 ἐν
2588 3652 2666 3723 τῷ
2699 3652 2773 3724 μὴ
2805 3653 3123 3708 ἀπολαϐεῖν.
3155 3652 3276 3706 Κᾶν
3308 3653 3603 3722 ἐπιτύχῃς,
3645 3646 3740 3702 κᾶν
3786 3641 3845 3711 μὴ

2291 3744 2580 3817 ἐπιτύχῃς,
2638 3745 2829 3816 ἔτυχες
2881 3747 2939 3798 ἐν
2993 3743 3071 3816 τῷ
3128 3745 3204 3815 μὴ
3245 3746 3547 3815 ἐπιτυχεῖν.
3577 3742 3727 3796 Ἐστι
3755 3734 3844 3804 γὰρ

2289 3836 2379 3889 ὅτε
2405 3836 2464 3887 τὸ
2500 3835 2575 3904 μὴ
2606 3834 2790 3887 λαϐεῖν
2821 3835 3285 3906 λυσιτελέστερον.
3322 3836 3387 3888 El
3438 3834 3549 3905 γὰρ
3605 3830 3678 3903 μὴ
3732 3841 3845 3891 συμ-

2246 3962 2257 3967 -
2291 3928 2457 3999 φέρον
2486 3929 2619 3998 ἡμῖν
2640 3923 2709 3999 ἦν
2748 3927 3010 3991 πολλάκις
3034 3927 3096 3980 τὸ
3127 3927 3202 3998 μὴ
3228 3926 3440 3993 λαϐεῖν,
3493 3925 3708 3984 πάντως
3746 3916 3847 3969 ἐδω-

2290 4035 2387 4073 κεν
2435 4019 2521 4073 ἄν.
2557 4018 2631 4071 Τὸ
2678 4020 2736 4072 δέ
2787 4020 3177 4088 συμφερόντως
3233 4021 3554 4091 ἀποτυχεῖν,
3603 4011 3845 4081 ἐπιτυχεῖν

2293 4129 2462 4165 εστιν.

606 4201 740 4256 nino
814 4204 981 4257 etiam
1048 4211 1335 4273 praestaret
1384 4217 1450 4257 ac
1521 4201 1702 4257 daret.
1749 4202 1830 4256 lta
1864 4217 1999 4257 vero
2047 4218 2163 4257 non
2226 4201 2547 4273 impetrare,
2597 4211 2659 4257 ut
2709 4203 2817 4259 hoc
2859 4204 3038 4274 ipsum
3086 4203 3222 4258 utile
3268 4204 3340 4258 sit
3382 4218 3451 4258 ac
3494 4198 3842 4259 commodum.

607 4306 837 4361 prorsus
869 4301 954 4349 est
987 4294 1312 4364 impetrare.

676 4384 815 4440 Cum
836 4388 1015 4442 oratio
1047 4386 1271 4443 mundis
1295 4402 1364 4442 ex
1391 4386 1551 4443 labiis
1575 4386 1978 4457 proﬁciscitur,
2010 4401 2190 4458 exque

2374 4386 2549 4440 Ὅταν
2590 4389 2652 4440 ἐκ
2687 4385 2943 4457 καθαρῶν
2969 4385 3197 4457 χειλέων
3231 4387 3524 4460 ἐξέρχηται
3552 4386 3745 4454 δέησις,
3772 4378 3845 4433 καὶ

2132 4567 2361 4625 NOTAE.

683 4705 756 4775 (ο)
798 4702 910 4775 Τοῦ
969 4704 1302 4775 ἀποδοῦναι
1356 4705 1563 4770 εὐχήν.
1629 4705 2194 4775 ΥἰάεῑιιτίΜειχίηιυε

614 4773 714 4845 pro
741 4773 991 4826 Oratione
1022 4773 1346 4845 sumpsisse,
1381 4777 1459 4828 uti
1483 4785 1540 4829 et
1570 4776 1728 4845 Vulg.
1780 4775 1859 4829 Ne
1886 4774 2196 4842 impediat-is

617 4842 777 4898 orare
813 4858 1054 4912 semper;
1102 4842 1353 4913 quamvis
1410 4860 1514 4898 vox
1561 4842 1865 4901 reddendi.
1893 4845 2069 4913 magis
2116 4846 2199 4900 vi-

614 4916 813 4967 deatur
852 4913 1131 4985 insinuare
1157 4920 1370 4977 votum,
1401 4914 1547 4983 quod
1579 4915 1807 4985 perinde
1831 4913 2107 4985 significat
2132 4932 2197 4970 ea

617 4992 824 5054 vox,ut
855 4992 1047 5054 auctor
1071 4983 1299 5054 Hieron.
1338 4982 1500 5054 epist.
1545 4982 1611 5038 ad
1663 4982 1920 5039 Sunium.
1977 4982 2116 5050 Quid
2149 4986 2196 5040 si

615 5053 792 5107 oratio
821 5062 879 5106 et
902 5053 1016 5122 ipsa
1042 5062 1102 5106 ut
1131 5052 1388 5124 debitum
1412 5055 1738 5118 attenditur,
1772 5070 1881 5124 qua
1905 5064 2199 5109 teneamur

614 5124 748 5186 Deo,
774 5131 1045 5191 quatenus
1070 5123 1235 5194 habet
1269 5123 1512 5177 divinam
1543 5123 2043 5194 laudem,’ejusque
2067 5139 2199 5179 con-

617 5194 914 5247 fessionem
938 5200 995 5247 et
1018 5193 1195 5248 nostri
1245 5194 1608 5262 agnitionem,
1632 5210 1740 5263 qua
1793 5193 2005 5248 ratione
2050 5195 2197 5248 haud

614 5263 848 5316 dubium
878 5278 997 5316 eam
1038 5263 1199 5317 nobis
1225 5272 1550 5333 praeceptam
1577 5279 1698 5318 esse
1723 5281 1738 5328 ;
1770 5273 1827 5319 et
1858 5263 2083 5333 quidem
2108 5280 2198 5318 as-

615 5333 855 5394 siduam,
882 5340 941 5385 ut
976 5333 1147 5402 magis
1190 5335 1463 5402 expressit
1500 5334 1702 5388 Paulus
1740 5335 1756 5387 l
1800 5334 1995 5388 Thess.
2028 5351 2080 5395 v,
2110 5336 2194 5399 l7,

615 5402 949 5472 agnovitque
978 5402 1253 5472 interpres
1275 5405 1329 5457 in
1355 5404 1441 5458 his
1466 5404 1672 5466 verbis,
1707 5404 1817 5458 nisi
1865 5418 1965 5472 pro
2005 5404 2192 5457 εὐκαί-

618 5470 1046 5543 ρωςιδιηνεκῶς
1074 5470 1290 5535 habuit,
1326 5473 1472 5541 quod
1492 5473 1700 5526 assidue
1728 5484 1833 5536 est,
1854 5470 1910 5527 et
1931 5472 2076 5543 quod
2106 5473 2198 5528 ille

618 5540 862 5611 reddidit
888 5557 1135 5611 semper;
1166 5540 1378 5597 utrovis
1433 5553 1583 5598 certe
1618 5543 1885 5599 adverbio
1932 5540 2200 5598 indicavit

619 5609 712 5664 hic
742 5610 807 5665 de
835 5609 1113 5684 oratiune
1141 5612 1293 5684 loqui
1343 5629 1582 5684 sacrum?
1614 5614 1962 5684 scriptorem,
1988 5612 2199 5684 depqua

632 5694 686 5734 et
704 5680 1009 5753 sequentia,
1030 5682 1159 5751 rcva
1189 5682 1449 5746 εὔξασθαι
1474 5680 1766 5751 ὲτοίμασον
1792 5684 2012 5737 σαυτόν.
2035 5680 2196 5753 Vulg.

629 5755 760 5809 Aule
793 5751 1083 5807 oratioaem
1109 5767 1355 5822 prmpara
1397 5755 1636 5807 animum
1692 5763 1860 5808 tuam.
1886 5753 1999 5808 Nec
2036 5751 2199 5809 aliter

2294 4705 2456 4761 Amb.
2510 4703 2735 4758 Exhort.
2796 4700 2867 4754 ad
2922 4702 3189 4772 virgines:
3242 4716 3344 4755 nec
3401 4703 3535 4756 satis
3593 4692 3846 4772 commode

2295 4775 2582 4848 reddatur,
2633 4781 2925 4843 antequam
2968 4764 3173 4836 voveat,
3225 4782 3285 4826 ut
3334 4770 3668 4827 existimavit
3703 4764 3844 4822 Nobi-
3886 4839 3894 4848 ⁸

2294 4846 2422 4900 lius.

2372 4913 2478 4986 (pi)!
2519 4914 2647 4979 Τοῖς
2677 4910 3017 4986 ἀτιαξλήτοιῤ
3039 4911 3226 4986 αὑ-τοῦ
3251 4910 3627 4980 στεναγμοῖς.
3653 4907 3845 4986 _Iaenar—

2298 4980 2556 5055 rabilibus
2591 4983 2762 5055 vertit
2794 4982 3070 5055 interpres
3102 4981 3263 5055 130m.
3296 4997 3558 5055 νυκτιυο
3586 4980 3750 5055 palam
3767 4985 3844 5055 ⁸τε·

2298 5055 2465 5125 Spicit
2504 5054 2760 5126 Basilius.
2794 5052 3007 5126 Erasm.
3046 5052 3074 5126 l_
3102 5051 3260 5126 _P_etr.
3291 5070 3331 5117 ι,
3377 5054 3450 5126 τὸ
3466 5052 3612 5126 χαρᾷ
3646 5051 3844 5126 ἀνεκλά-

2299 5116 2468 5195 λῆτῳ,
2495 5121 2986 5196 gaudioineﬂ'abili,
3022 5121 3115 5176 ubi
3142 5116 3343 5196 iterum
3376 5116 3557 5196 vuig,’
3577 5116 3845 5196 ςααάέιξέηῖ

2299 5181 2610 5249 θάαιίιέαῑὶίὶ.
2651 5191 2750 5247 Hic
2771 5181 3369 5257 v'i'sum'commodius,
3407 5181 3845 5261 tacitis'gemitibt“

2299 5281 2364 5319 ac
2381 5271 2577 5336 mente
2615 5262 2841 5332 pressis,
2868 5262 3131 5332 nulloque
3162 5264 3318 5318 vocis
3333 5278 3466 5317 sono
3489 5262 3696 5336 divinas
3711 5261 3845 5336 {uti}?

2301 5324 2670 5405 pulsantibus.
2698 5324 2887 5405 quem
2945 5324 3170 5405 sensum
3218 5350 3283 5388 ea
3313 5349 3417 5405 vo;
3465 5331 3610 5385 nulla
3644 5327 3699 5378 vi
3727 5324 3845 5405 ferr}?

2301 5400 2503 5473 potest,
2539 5418 2642 5458 nec
2662 5400 2771 5458 alio
2807 5402 3301 5471 accepitBasilius.
3337 5403 3457 5456 Alio
3503 5409 3677 5454 autem
3705 5400 3843 5473 si}???

2300 5460 2560 5542 ἆλάλητοι
2593 5474 2912 5542 στεναγμοὶ,
2942 5460 3183 5541 quorum
3223 5474 3277 5527 in
3316 5472 3477 5526 nobis
3519 5460 3845 5542 auctorﬁiﬁ‘

2301 5559 2406 5598 nus
2448 5539 2719 5614 Spiritus,
2757 5539 3147 5614 {uenari—abitas
3193 5544 3417 5614 gemitus
3466 5555 3572 5614 [πο
3591 5552 3649 5591 ea
3680 5539 3844 5614 vilitt-

2301 5606 2555 5684 petran'di
2579 5606 2743 5683 quam
2771 5613 2978 5684 habent
3019 5621 3077 5667 et
3120 5606 3592 5684 praestantiaftali
3630 5606 3839 5684 auctori}.

2301 5675 2468 5753 supra
2508 5675 2673 5740 omne
2733 5682 2883 5754 quod
2920 5675 3214 5754 aut‘loqui
3272 5693 3367 5738 aut
3423 5675 3716 5747 intelligere
3739 5675 3843 5739 Ρ⁰⁵’

2301 5770 2512 5809 sumus.
