4094 6360
402 352 525 415 8'39

1729 350 1899 410 LOCI
1941 347 2376 409 COMMUN'ES.

3580 352 3686 419 810

409 462 480 513 ὲκ
513 459 744 530 καρδίας
789 460 1180 532 ἀνυποκρίτου,
1220 456 1328 514 οἶδε
1371 458 1574 529 φθάσαι
1610 456 1670 512 τδ
1703 458 1992 514 άκολάκευ·

2110 457 2294 510 animo
2319 456 2458 510 nihil
2500 455 2867 511 simulationis
2893 456 3015 511 labe
3055 456 3363 523 laborante,
3408 458 3473 513 ad
3521 476 3688 518 aures

410 570 506 607 τον
536 548 629 616 οῦς
663 551 760 605 τοῦ
787 552 1081 606 Δεσπότου.

493 646 660 700 Ὅταν
693 645 762 697 δι’
797 646 963 717 εὐχῆς
995 643 1353 715 αίτησὼμεθά
1384 660 1437 697 τι
1463 644 1554 697 τὸν
1586 642 1888 713 Δεσπότην,
1930 641 2003 711 μὴ

409 736 625 809 ταχέως
646 736 1065 806 ἐξατονήσωμεν
1103 753 1115 767 ’
1163 736 1300 790 ἀλλὰ
1351 736 1410 789 τὸ
1450 734 1674 805 συνεχὲς
1714 735 1815 806 τῆς
1870 734 2004 786 ἀπο-

412 830 628 897 τυχίας,
661 831 728 898 τῇ
763 828 1016 899 συνεχείᾳ
1045 828 1143 899 τῆς
1168 828 1439 898 αἰτήσεως
1459 827 1858 895 ὲκνικήσωμεν.

503 920 589 973 Ἐν
625 923 747 983 ταῖς
784 919 1074 982 ἀναϐολαῖς
1122 920 1219 973 καὶ
1264 920 1326 971 ἐν
1375 919 1495 980 ταῖς
1527 916 1860 986 ὑπερθέσεσι
1893 914 2003 969 τῶν

412 1009 634 1082 δωρεῶν
667 1008 761 1062 τοῦ
792 1008 954 1073 Θεοῦ,
997 1008 1073 1079 μὴ
1120 1008 1557 1079 προκάμνωμεν,
1599 1005 1732 1077 μηδὲ
1764 1021 2003 1076 προανα-

411 1104 730 1175 πίπτωμεν.
773 1103 1045 1166 Πολλάκις
1076 1102 1185 1175 γάρ
1223 1103 1251 1156 ό
1287 1101 1568 1171 Δεσπότης
1601 1099 1701 1169 τὴν
1741 1097 2004 1155 δοκοῦσαν

406 1170 707 1267 άνάϐολὴν,
740 1197 819 1259 είς
850 1194 947 1265 τὴν
974 1196 1074 1265 τῆς
1109 1170 1350 1256 πίστεως
1381 1170 1694 1262 γυμνασίαν
1713 1188 1999 1260 παρέλκει.

486 1288 667 1342 Καλὸν
693 1288 925 1342 πάντοτε
953 1285 1043 1339 διὰ
1079 1283 1393 1354 προσευχῆς
1424 1283 1633 1353 ὁμιλεῖν
1656 1280 1735 1353 τῷ
1761 1279 1899 1349 Θεῷ.
1940 1280 2003 1341 Ei

406 1379 525 1448 γάρ
546 1377 804 1447 συντυχία
818 1377 1008 1448 ἀνδρὸς
1025 1374 1229 1444 ἀγαθοῦ
1252 1374 1453 1445 βελτιοῖ
1476 1372 1566 1426 τὸν
1587 1372 2000 1443 ἐντυγχάνοντα,

410 1474 569 1541 πόσῳ
600 1469 800 1540 μᾶλλον
833 1471 892 1523 τὸ
921 1469 1017 1523 καὶ
1053 1470 1110 1521 ὲν
1149 1466 1335 1538 ἡμέρᾳ
1364 1466 1459 1520 καὶ
1483 1467 1542 1520 ὲν
1573 1465 1730 1520 νυκτὶ
1774 1463 2004 1534 καθομι-

409 1563 530 1619 λεῖν
562 1563 639 1633 τῷ
691 1559 810 1632 Θεῷ
840 1579 855 1628 ;

486 1739 760 1802 Πολλάκις
810 1740 838 1791 ὁ
890 1737 1025 1800 Θεὸς
1078 1735 1436 1791 ἀναϐάλλεται
1484 1731 1583 1804 τὴν
1647 1734 1886 1802 αἴτησιν,
1938 1730 1998 1783 οὐ

406 1830 739 1901 βουλόμενος
766 1831 916 1901 ἡμᾶς
948 1826 1313 1899 παρελκῦσαι,
1349 1824 1487 1879 ἀλλὰ
1510 1826 1575 1894 τῇ
1613 1823 1870 1895 μελλήσει
1899 1824 1997 1892 τῆς

404 1924 616 1988 δόσεως
645 1922 745 1996 τὴν
777 1920 1000 1993 διηνεκῆ
1041 1918 1403 1990 προσεδρείαν
1447 1918 1581 1987 ἡμῖν
1613 1915 1991 1985 σοφιζόμενος.

394 2017 572 2071 -Οῦτω
613 2015 724 2087 γάρ
780 2015 875 2069 καὶ
936 2012 1282 2084 φιλόστοργοι
1335 2009 1572 2081 πατέρες
1636 2008 1874 2072 ποιοῦσι,
1927 2005 1998 2060 τὰ

413 2106 637 2179 ῥᾴθυμα
656 2104 766 2159 τῶν
800 2105 1030 2171 παίδων,
1057 2105 1152 2157 καὶ
1193 2102 1329 2169 πρὸς
1366 2101 1436 2154 τὰ
1482 2099 1711 2153 παιδικά
1767 2099 1997 2166 παίγνια

411 2199 695 2270 τρέχοντα,
759 2197 1024 2262 πολλάκις
1074 2196 1369 2266 ὑποσχέσει
1420 2194 1620 2257 δόσεως
1674 2194 1771 2246 καὶ
1820 2192 1994 2265 δώρου

410 2291 676 2361 μεγίστου
713 2288 1004 2358 κατέχουσι
1033 2286 1166 2357 παρ’
1193 2286 1428 2348 ἑαυτοῖς.

495 2378 826 2452 Ἀνθρὼπων
851 2377 949 2448 μὲν
974 2378 1084 2447 γάρ
1108 2376 1372 2445 δεόμενοι,
1410 2373 1505 2427 καὶ
1555 2372 1802 2442 δαπάνης
1858 2388 1997 2441 χρη.-

409 2471 604 2541 μάτων
648 2469 882 2539 δεόμεθα
930 2468 1026 2519 καὶ
1084 2463 1376 2527 κολακείας
1429 2462 1861 2533 δουλοπρεποῦς,
1901 2461 1996 2514 καὶ

407 2562 619 2634 πολλῆς
672 2560 923 2631 περιόδου
981 2558 1074 2612 καὶ
1123 2555 1509 2628 πραγματείας
1561 2554 1738 2625 χρεία.
1775 2554 1848 2605 Οὐ
1887 2553 1996 2623 γὰρ

407 2656 475 2722 ἐξ
504 2654 724 2718 ἐὐθείας
750 2653 936 2716 αὐτοῖς
966 2654 1078 2715 τοῖς
1109 2650 1321 2720 κυρίοις
1345 2648 1530 2703 δοῦναι
1573 2647 1647 2718 (q)
1689 2645 1790 2717 τὴν
1835 2645 1996 2717 χάριν

406 2748 493 2803 ενι
524 2748 616 2801 καὶ
643 2745 984 2816 διαλεχθῆναι
1016 2742 1298 2806 πολλάκις,
1327 2740 1442 2794 ἀλλ’
1468 2740 1681 2809 ἀνάγκη
1728 2738 1996 2808 πρότερον

401 2840 695 2902 διακόνους
753 2838 847 2892 καὶ
896 2836 1218 2906 οἰκονόμους
1275 2834 1456 2889 αὐτῶν
1506 2833 1603 2887 καὶ
1641 2833 1994 2902 ἐπιτρόπους,

406 2934 509 2985 καὶ
552 2932 800 3002 χρήμασι
851 2930 946 2982 καὶ
1004 2929 1217 2998 ῥήμασι
1276 2926 1373 2980 καὶ
1434 2927 1598 2979 παντί¹
1658 2924 1995 2996 θεραπεῦσαι

400 3023 622 3093 τρόπῳ,
672 3021 766 3075 καὶ
816 3022 937 3076 τότε
971 3020 1039 3073 δι’
1088 3019 1316 3073 ἐκείνων
1364 3018 1463 3087 τὴν
1518 3017 1734 3087 αἴτησιν
1784 3016 1992 3070 λαϐεῖν.

2109 547 2324 601 Domini
2347 546 2593 616 proclive
2612 545 2828 609 evadet,
2862 561 2998 615 quas
3028 545 3179 603 nulla
3204 545 3449 602 adulatio
3481 548 3684 618 pulset.

2177 636 2313 692 Cum
2338 637 2604 707 precibus
2636 636 2848 707 aliquid
2882 652 2912 691 a
2959 637 3194 693 Domino
3234 637 3584 709 petierimus,
3616 656 3686 697 ne

2106 730 2216 784 cito
2238 730 2484 784 animum
2515 729 2993 801 despondeamus;
3023 730 3119 784 sed
3155 732 3475 787 continuam
3496 732 3683 804 repul-

2106 834 2221 875 sam
2258 820 2518 875 continua
2542 820 2832 891 petitionis
2862 821 3125 877 instantia
3157 821 3464 878 vincamus.

2176 912 2314 966 Dum
2343 912 2491 968 Deus
2512 913 2654 967 dona
2681 913 2872 969 diﬂ'ert
2912 928 3209 984 morasque
3233 914 3429 980 nectit,
3455 930 3524 970 ne
3548 915 3687 969 deti-

2104 1003 2318 1058 eiamus
2345 1018 2483 1059 neve
2510 1005 2712 1060 animis
2740 1004 3115 1060 concidamus.
3149 1004 3303 1075 Saepe
3332 1006 3477 1061 enim
3502 1006 3689 1061 Domi~

2078 1111 2231 1161 .nus,
2264 1111 2409 1161 eam,
2429 1112 2552 1166 qua:
2569 1097 2815 1163 videtur,
2843 1096 3188 1163 dilationem,
3210 1096 3341 1153 ﬁdei
3367 1098 3690 1157 exercendas

2099 1202 2268 1243 causa
2301 1188 2597 1258 protrahit.

2172 1279 2507 1334 Praeclarum
2535 1288 2622 1335 est
2649 1295 2776 1335 cum
2808 1280 2922 1335 Deo
2952 1274 3161 1352 jugiter
3188 1278 3396 1337 orando
3424 1277 3687 1334 confabu.

2103 1369 2231 1424 lari.
2254 1368 2310 1424 Si
2336 1370 2486 1425 enim
2515 1370 2621 1425 viri
2650 1366 2811 1441 probi
2840 1370 3054 1426 indulta
3071 1371 3411 1442 congressio,
3440 1387 3565 1426 eum
3590 1370 3687 1441 qui

2104 1460 2495 1530 congrediatur
2554 1461 2727 1532 inque
2783 1462 2939 1517 illum
2997 1462 3205 1517 incidat
3254 1462 3486 1518 meliore
3533 1463 3689 1535 fruge

2105 1552 2406 1620 componit,
2443 1562 2652 1622 quanto
2699 1554 2875 1623 magis
2923 1552 3073 1624 quod
3106 1553 3203 1609 diu
3242 1548 3525 1625 noctuque
3562 1573 3689 1612 cum

2104 1644 2217 1698 Deo
2249 1659 2562 1699 sermonem
2592 1644 2926 1700 misceamus
2953 1646 2965 1699 l

2173 1734 2568 1806 Saepenumero
2612 1737 2757 1792 Deus
2786 1736 3117 1807 petitionem
3161 1736 3370 1803 diﬂ‘ert,
3405 1755 3515 1793 non
3561 1738 3690 1809 quia

2106 1828 2240 1882 velit
2262 1844 2364 1882 nos
2394 1829 2744 1897 protrahere,
2783 1829 2881 1884 sed
2900 1838 2961 1884 ut
2982 1829 3149 1884 dandi
3189 1831 3561 1895 cunctatione,
3587 1846 3687 1888 ceu

2104 1927 2229 1974 astu
2266 1920 2524 1989 quodam,
2557 1919 2757 1974 orandi
2788 1920 2951 1975 nobis
2979 1922 3363 1977 assiduitatem
3405 1923 3686 1977 conciliet.

2106 2010 2197 2067 Sic
2230 2010 2379 2065 enim
2422 2020 2479 2066 et
2524 2020 2783 2080 parentes
2816 2012 3122 2070 liberorum
3164 2024 3413 2070 amantes
3460 2015 3687 2071 solent:

2105 2105 2387 2174 segniores
2433 2105 2641 2175 quippe
2690 2105 2917 2171 liberos,
2962 2115 3018 2161 et
3045 2107 3113 2161 ad
3139 2107 3351 2162 ludicra
3388 2123 3690 2177 puerorum

2103 2206 2411 2262 currentes,
2444 2197 2611 2252 dandi
2638 2197 3030 2269 promissione,
3054 2198 3301 2268 donique
3341 2199 3568 2255 maximi
3593 2215 3691 2271 spe

2104 2274 2340 2353 illectos,
2371 2289 2517 2345 haud
2556 2305 2682 2345 raro
2712 2289 2857 2361 apud
2889 2306 2950 2346 se
2976 2291 3242 2346 retinent.

2173 2374 2313 2436 Cum
2364 2381 2656 2435 hominum
2711 2382 2917 2436 auxilia
2975 2397 3248 2452 opemque
3305 2382 3689 2452 exquirimus,

2105 2481 2330 2544 sumptu
2360 2474 2523 2528 nobis
2553 2482 2610 2529 et
2634 2473 2889 2543 pecuniis
2912 2472 3075 2544 577
3105 2489 3245 2545 opus
3279 2485 3385 2538 est,
3419 2483 3475 2529 et
3502 2475 3693 2531 adula-

2106 2563 2253 2619 tione
2276 2564 2487 2628 servili,
2514 2550 2799 2634 multoque
2835 2565 3045 2619 ambitu
3068 2580 3134 2619 ac
3166 2565 3449 2635 negotiosa
3490 2574 3691 2621 tracta-

2104 2657 2273 2711 tione.
2304 2656 2424 2712 Non
2445 2656 2596 2711 enim
2614 2664 2764 2712 recta
2796 2657 2946 2728 ipsos
2966 2656 3160 2712 dandae
3181 2659 3284 2722 rei,
3335 2674 3401 2713 ac
3437 2660 3691 2717 muneris

2104 2749 2364 2815 arbitros,
2417 2749 2617 2818 saepius
2658 2748 2828 2803 etiam
2863 2748 3074 2818 alloqui
3117 2748 3270 2813 licet,
3307 2748 3405 2804 sed
3456 2765 3687 2805 necesse

2102 2850 2188 2897 est
2229 2851 2289 2896 ut
2316 2842 2473 2913 prius
2523 2841 2759 2897 famulos
2806 2840 3115 2910 domusque
3148 2855 3345 2897 eorum
3393 2842 3689 2912 przefectos

2103 2950 2168 2990 ac
2192 2942 2583 3004 procuratores
2631 2932 2886 3003 pecuniis
2915 2933 3213 3003 verbisque
3262 2933 3515 2999 delinias,
3565 2950 3687 2990 mo.

2104 3027 2299 3097 disque
2329 3027 2590 3083 omnibus
2616 3026 2715 3081 tibi
2745 3027 3030 3091 concilies,
3076 3042 3141 3082 ac
3173 3036 3289 3082 tum
3316 3027 3539 3083 deinum
3562 3029 3687 3083 illo.

420 3114 551 3168 Ἐπὶ
582 3114 639 3167 δὲ
671 3114 765 3168 τοῦ
793 3113 927 3167 Θεοῦ
954 3114 1055 3167 οὑκ
1089 3112 1238 3165 ἔστιν
1294 3110 1491 3174 οὕτως.
1551 3111 1625 3164 Οὐ
1660 3110 1768 3183 γὰρ
1827 3110 1992 3163 δεῖται

2105 3135 2229 3174 rum
2254 3119 2520 3189 impetres
2558 3133 2726 3187 opera
2759 3117 2907 3187 quod
2956 3116 3184 3189 ﬂagitas.
3210 3119 3335 3197 l‘ion
3366 3119 3457 3176 .sic
3501 3127 3687 3181 autem

407 3208 654 3279 μεσιτῶν
683 3208 776 3261 ἐπὶ
801 3205 911 3261 τῶν
933 3205 1229 3270 ἀξιούντων
1260 3218 1274 3233 ⁸
1299 3203 1408 3256 οὐδ’
1449 3202 1621 3267 οὕτως
1676 3200 1743 3255 δι’
1795 3201 1992 3272 ἐτέρων

2100 3212 2159 3266 in
2186 3211 2301 3266 Deo
2335 3226 2392 3265 se
2419 3225 2509 3265 res
2530 3209 2715 3264 habet.
2750 3209 2873 3263 Non
2895 3210 3044 3264 enim
3072 3194 3537 3267 intercessoribus
3565 3218 3689 3281 eget

404 3297 923 3371 παρακαλούμενος,
963 3296 1038 3359 ὡς
1069 3295 1134 3347 δι’
1165 3293 1324 3365 ἡμῶν
1357 3291 1541 3346 αὐτῶν
1578 3290 1849 3361 δεομένων
1878 3292 1999 3344 επι-

401 3393 558 3450 νεύει
615 3393 682 3462 τῇ
722 3391 927 3462 χάριτι.

482 3483 695 3554 Εῦηχός
716 3485 868 3536 ἐστιν
895 3482 1077 3552 ἐκείνη
1105 3482 1137 3552 ἠ
1183 3480 1358 3553 φωνὴ,
1386 3481 1481 3534 καὶ
1514 3481 1678 3551 μέχρι
1708 3479 1809 3549 τῆς
1839 3477 1994 3542 θείας

402 3575 784 3631 ἀναϐαίνουσα
816 3574 988 3644 ἀκοῆς
1008 3587 1022 3605 ο
1043 3574 1145 3643 οὐχ
1180 3575 1215 3643 ἡ
1240 3572 1381 3642 μετά
1400 3587 1546 3634 τινος
1574 3572 1875 3635 διατάσεως
1905 3588 1993 3639 γι-

406 3669 612 3739 νομένη
650 3668 905 3737 κραυγή·
960 3666 1077 3719 ἀλλ’
1130 3668 1163 3736 ἡ
1207 3664 1315 3721 ἀπὸ
1356 3665 1604 3736 καθαρᾶς
1631 3665 1996 3736 συνειδήσεως

406 3761 762 3831 ἀναπτομένη
784 3758 1106 3829 ὲνθύμησις.

486 3854 666 3922 Γρηγο
701 3853 979 3919 Νύσσηςο
1011 3880 1081 3891 -
1125 3851 1183 3904 '0
1238 3851 1296 3902 ὲν
1352 3849 1531 3922 καιρῷ
1568 3851 1883 3922 προσευχῆς
1917 3852 1993 3923 μὴ

403 3943 544 4014 πρὸς
569 3944 636 3998 τά
676 3942 1058 3999 λυσιτελοῦντα
1080 3945 1147 4015 τῇ
1180 3941 1326 4014 ψυχῇ
1358 3944 1681 4014 τεταμένος.
1701 3943 1837 3997 ἀλλὰ
1857 3945 1991 4014 πρὸς

398 4036 508 4100 τὰς
545 4036 815 4107 ἐμπαθεῖς
847 4039 949 4107 τῆς
985 4036 1230 4099 διανοίας
1254 4036 1519 4106 κινήσεις,
1552 4036 1991 4091 συνδιατίθεσθαι

398 4129 501 4183 τὸν
537 4128 688 4195 ,Θεὸν
721 4127 906 4195 ἀξιῶν,
941 4127 1111 4200 λῆρός
1162 4127 1245 4190 τίς
1292 4128 1464 4191 ἐστιν,
1517 4128 1592 4191 ὡς
1626 4127 1864 4199 άληθῶς,
1899 4130 1993 4182 καὶ

403 4220 729 4292 βαττολόγος
751 4221 843 4274 καὶ
875 4220 1153 4292 φλήναφος
1180 4218 1274 4271 καὶ
1296 4216 1559 4290 φλύαρος,
1593 4219 1688 4272 καὶ
1718 4221 1842 4273 εἴτι
1863 4219 1993 4275 ἄλλο

402 4312 508 4384 τῆς
528 4311 789 4383 τοιαύτης
814 4313 1092 4384 σημασίας
1123 4310 1296 4364 ἐστίν.

471 4404 792 4458 Εὑσεὸίου.
821 4403 1100 4472 -’⁶Υπὲρ
1167 4402 1269 4471 τῆς
1336 4402 1527 4471 κοινῆς
1582 4402 1687 4474 χρὴ
1729 4403 1988 4479 εὔχεσθαι

400 4492 672 4566 πρότερον
705 4493 1000 4564 σωτηρίας,
1035 4487 1133 4545 εἷθ’
1164 4490 1339 4555 οῦτως
1362 4491 1503 4562 ὑπὲρ
1540 4492 1739 4547 αὐτῶν.

473 4585 719 4640 Νείλου.
771 4613 842 4625 -
894 4584 1106 4653 Ὥσπερ
1156 4583 1223 4636 τὰ
1285 4582 1549 4653 στρουθία
1590 4582 1679 4637 διὰ
1727 4585 1828 4654 τῆς
1879 4586 1990 4640 τῶν

401 4675 624 4746 πτερῶν
678 4678 945 4746 κινήσεως
1011 4675 1283 4746 μετάρσια
1334 4675 1568 4743 γίνεται,
1633 4674 1917 4730 οὕτωκαὶ
1960 4680 1990 4731 ὁ

399 4766 665 4842 θεοσεϐὴς
684 4765 970 4836 ἄνθρωπος
1001 4767 1111 4819 ἀπὸ
1146 4766 1254 4821 τῶν
1284 4767 1544 4835 ἐπιγείων
1573 4767 1710 4838 πρὸς
1733 4768 1801 4822 τά
1824 4769 1993 4841 οὐρά-

396 4875 495 4913 νια
531 4859 620 4913 διά
648 4859 965 4930 προσευχῶν
994 4859 1350 4930 μετατίθησιν
1391 4860 1609 4914 ἑαυτόν.

487 4948 614 5003 Ἐὰν
669 4951 856 5014 κακῶς
908 4950 1005 5003 καὶ
1070 4950 1408 5023 ἀσυμφόρως
1476 4952 1667 5014 αἰτεῖς,
1710 4952 1977 5026 ,καθάπερ

2100 3304 2156 3358 in
2181 3304 2268 3358 his
2293 3304 2386 3374 qui
2411 3310 2575 3357 orant
2599 3321 2610 3358 :
2641 3318 2746 3358 nec
2775 3302 2856 3357 sic
2885 3302 3310 3358 obsecrantibus
3336 3302 3459 3358 aliis
3497 3318 3561 3358 ac
3584 3317 3688 3358 now

2096 3392 2184 3448 bis
2208 3393 2344 3463 ipsis
2366 3393 2691 3464 rogantibus
2715 3393 2891 3464 gratia
2925 3392 3077 3447 votis
3094 3392 3307 3450 annuit.

2167 3484 2380 3541 Sonora
2422 3486 2684 3555 claraque
2732 3500 2839 3539 vox
2872 3492 2977 3549 est;
3019 3495 3075 3539 et
3115 3485 3181 3539 ad
3236 3485 3485 3540 divinum
3534 3494 3688 3548 recta

2094 3578 2402 3649 ascendens
2429 3577 2703 3643 auditum,
2740 3592 2853 3631 non
2883 3578 2977 3647 qui
3011 3577 3194 3649 rugitu
3218 3594 3293 3632 .ac
3328 3579 3686 3636 contentione

2095 3645 2305 3722 clamor
2334 3667 2539 3732 editur,
2571 3667 2669 3722 sed
2711 3682 2835 3737 quae
2865 3666 2921 3721 in
2965 3668 3165 3723 malum
3201 3683 3268 3723 ex
3312 3668 3517 3722 munda
3549 3684 3685 3724 con-

2092 3760 2327 3814 scientia
2361 3758 2622 3829 cogitatio
2664 3758 2941 3813 subvolat.

2166 3850 2322 3920 Greg.
2349 3850 2503 3921 Nysa.
2526 3880 2595 3891 —
2617 3849 2723 3917 Qui
2757 3849 3026 3905 orationis
3052 3856 3330 3921 tempore,
3365 3864 3477 3903 non
3516 3847 3583 3903 ad
3617 3838 3683 3910 ea

2093 3960 2217 4015 qua:
2251 3944 2435 3999 animo
2469 3942 2842 4001 conducibilia
2871 3950 3022 4009 sunt,
3057 3942 3323 4008 intentus,
3357 3942 3453 3997 sed
3496 3942 3682 3997 libidi-

2092 4049 2241 4090 nosae
2286 4034 2486 4089 mentis
2528 4035 2959 4105 cogitationibus
2989 4033 3283 4101 distentus,
3326 4034 3498 4089 Deum
3537 4033 3684 4091 velis

2092 4129 2349 4184 assentiri
2379 4138 2557 4199 rogat,
2587 4129 2634 4183 is
2659 4143 2792 4184 vere
2818 4127 3032 4184 delirus
3055 4135 3138 4183 est
3160 4136 3218 4183 et
3246 4127 3431 4197 inepte
3459 4128 3680 4197 loquax,

2090 4221 2501 4291 verborumque
2531 4220 2784 4276 funditor
2819 4229 2876 4276 et
2920 4221 3153 4287 blatero,
3183 4234 3247 4276 ac
3278 4220 3324 4275 si
3364 4219 3498 4290 quid
3530 4218 3681 4279 aliud

2091 4312 2362 4383 ejusmodi
2402 4312 2743 4382 signiﬁcatus
2768 4312 3005 4382 exsiStit.

2162 4402 2394 4459 Eusebii.
2414 4433 2484 4443 ——
2505 4403 2750 4461 Primum
2782 4416 2883 4472 pro
2914 4396 3207 4458 communi
3235 4400 3412 4455 salute
3447 4415 3680 4471 precaria

2019 4494 2065 4552 Β
2093 4496 2223 4550 dum
2251 4504 2355 4560 est,
2386 4494 2586 4550 deinde
2615 4510 2716 4564 pro
2745 4494 2908 4548 nobis
2938 4493 3091 4562 ipsis.

2155 4585 2289 4640 Nili.
2309 4615 2380 4624 --
2399 4585 2470 4640 Ut
2505 4584 2734 4639 avicula:
2764 4583 2974 4639 alarum
3020 4588 3173 4637 motu
3205 4581 3260 4636 in
3290 4580 3528 4636 sublime
3571 4580 3676 4635 tol~

2086 4680 2300 4744 luntur,
2326 4678 2408 4733 sic
2430 4678 2515 4732 vir
2543 4677 2669 4748 pius
2702 4692 2765 4731 ac
2798 4675 2893 4731 Dei
2928 4676 3111 4747 cultor
3139 4691 3171 4732 a
3201 4676 3440 4730 terrenis
3468 4675 3538 4729 ad
3581 4690 3677 4730 su-

2086 4771 2275 4827 blimia
2306 4786 2533 4842 precum
2569 4770 2622 4826 vi
2653 4786 2716 4825 ac
2744 4756 3004 4826 instantia
3042 4768 3391 4824 transfertur.

2156 4955 2298 5009 Dum
2330 4951 2493 5015 male,
2522 4966 2584 5005 ac
2615 4966 2778 5006 secus
2820 4964 2886 5005 ac
2918 4948 3028 5004 tuis
3067 4948 3341 5004 conducat
3373 4947 3680 5003 rationibus

1924 5066 2158 5125 NOTAE.

478 5155 554 5228 (q)
584 5154 799 5228 Αὐτοῖς
823 5155 948 5222 τοῖς
977 5156 1203 5222 κυρίοις
1237 5155 1448 5228 δοῦναι
1465 5173 1483 5228 ’ί
1516 5156 1686 5228 Ipsos,
1706 5159 1798 5228 qui
1823 5158 1988 5214 dandi

386 5226 612 5282 muneri
634 5226 823 5297 arbitri
851 5228 981 5297 sint,
996 5242 1151 5297 penes
1181 5243 1309 5295 quos
1326 5227 1439 5297 ejus
1458 5226 1821 5297 facultas,'nec
1842 5229 1983 5283 allo-

397 5298 494 5369 qui
516 5298 707 5366 sapius
748 5296 894 5369 licet.
926 5294 1083 5369 Clara
1122 5294 1636 5369 Chrysostomibic
1682 5300 1979 5369 sententia,

399 5366 615 5435 usuque
646 5366 895 5435 probata,
934 5374 993 5419 ut
1015 5366 1104 5419 vix
1133 5366 1252 5420 nisi
1291 5367 1385 5419 illo
1426 5366 1636 5421 ambitu
1683 5368 1983 5436 impetrare

395 5437 608 5506 aliquid
641 5452 671 5490 a
690 5436 945 5506 principe
972 5436 1118 5490 ullus
1149 5436 1352 5504 possit;
1372 5436 1710 5491 demerendo
1743 5438 1980 5503 scilicet,

397 5505 629 5577 qrui’rillo
661 5505 988 5577 familiarius
1013 5514 1261 5571 utantur,
1321 5506 1502 5575 iisque
1554 5506 1976 5562 admissoribus.

395 5572 547 5631 Nihil
573 5586 696 5647 apte
724 5575 890 5631 Gesn.
922 5572 1055 5647 ΝοιιΔ
1071 5577 1209 5628 enim
1238 5572 1550 5647 recto-ipsis
1584 5576 1808 5647 dominis
1862 5595 1981 5631 mu-

386 5662 500 5700 nus
526 5644 653 5701 dare
672 5646 924 5717 licet,aul
952 5644 1212 5717 colloqui;
1236 5661 1298 5700 ac
1318 5646 1361 5700 si
1379 5644 1653 5717 de‘dando
1680 5660 1865 5717 sermo
1890 5663 1982 5701 es-

397 5724 504 5780 set,
540 5732 650 5770 non
679 5717 748 5770 ab
776 5716 858 5770 eis
888 5715 1256 5785 impetrando,
1302 5731 1411 5785 quo
1457 5716 1730 5772 orationis
1782 5731 1985 5785 scopus

386 5786 675 5841 collineat.
718 5786 830 5842 Nec
878 5784 1025 5841 istud
1067 5784 1449 5856 Chrysostomi
1480 5786 1784 5857 quidquam
1815 5784 1985 5841 oﬂicit

603 5880 873 5939 PATROL.
920 5878 1040 5939 Gn.
1081 5877 1245 5939 XCI.

2092 5155 2475 5215 intercessioni
2524 5162 2865 5219 sanctorum,
2908 5170 2972 5211 ac
3016 5152 3222 5210 Christi
3279 5149 3674 5207 mediationem

2090 5228 2373 5292 excludit;
2402 5242 2468 5281 ex
2497 5241 2629 5296 quo,
2684 5241 2749 5280 ac
2789 5225 2950 5296 cujus
2981 5222 3194 5296 meritis
3224 5221 3429 5296 habent
3473 5220 3670 5296 sancti,

2091 5289 2369 5370 quidquid
2407 5289 2534 5370 sibi:
2578 5289 3252 5370 aliisve_ir_i_t_petraverint,
3309 5291 3426 5370 sive
3489 5289 3673 5370 adhuc

2088 5363 2339 5439 aguntin
2359 5366 2722 5439 saeculo,Asive
2756 5363 2940 5439 abillo
2967 5363 3140 5432 erepti
3177 5370 3325 5439 sunt,
3357 5368 3673 5439 etregnant

2087 5429 2213 5495 cum
2242 5437 2482 5511 Christo.
2502 5436 2787 5511 Velimque
2809 5433 3042 5511 doceant
3064 5429 3310 5511 sectarii,
3336 5429 3469 5511 quid
3498 5430 3672 5499 magis

2084 5515 2321 5564 noceant
2360 5507 2649 5562 beatorum
2695 5501 2811 5575 iam
2842 5504 2937 5575 fin
2989 5503 3151 5575 cmlo
3190 5501 3472 5575 sull‘ragia,
3504 5514 3672 5569 quam

2085 5580 2197 5658 vita
2229 5576 2471 5657 mortali,
2496 5571 2782 5658 perquam
2840 5574 3015 5655 liquet
3056 5573 3220 5658 toties
3249 5571 3671 5658 Paulumesps.

2086 5649 2261 5711 tiisse,
2293 5662 2359 5701 ex
2385 5645 2467 5700 eis
2490 5640 2749 5716 ipsis'qui
2798 5640 3042 5698 minores
3086 5650 3293 5706 essent,
3330 5643 3558 5713 ejusque
3580 5640 3671 5704 di.

2084 5718 2283 5790 seipuli
2311 5724 2366 5772 et
2400 5714 2704 5781 auditores,
2735 5722 2797 5769 ut
2821 5728 2923 5785 pro
2957 5728 3015 5769 se
3050 5720 3292 5769 orarent.

3150 5875 3231 5945 26
