4094 6358
495 288 600 355 811

1682 304 1741 395 sq.
1785 302 2073 365 MAXIMI
2111 302 2620 372 CONFESSORIS

3680 314 3790 381 812

501 394 661 481 petis,
683 412 837 468 velut
859 414 926 480 is,
953 415 1046 484 qui
1071 415 1308 472 febrium
1330 418 1624 476 ardoribus
1645 432 1874 478 exustus
1894 423 2080 478 vinum

2188 424 2216 477 ὁ
2264 426 2547 496 πυρέττων
2587 429 2874 501 ἄνθρωπος
2929 434 3240 506 παρακαλεῖ
3269 437 3576 507 παρασχεῖν
3628 436 3790 507 αὐτῷ

493 500 601 557 sibi
646 505 881 574 praeberi
930 515 1118 578 rogat;
1166 509 1261 579 qui
1322 509 1510 566 futura
1558 513 1858 584 prospiciat
1902 515 2079 583 Deus,

495 604 641 648 tuam
677 596 906 653 minime
948 599 1289 656 voluntatem
1316 600 1469 669 facit,
1502 619 1603 658 nec
1628 605 1775 675 quod
1807 614 1964 661 extra
1994 623 2083 662 ra-

496 682 702 739 tionem
738 685 951 757 ﬂagitas
981 689 1196 745 tribuit.

566 773 642 829 Ne
674 775 729 829 in
766 778 1016 835 oratione
1049 780 1268 837 divitias
1292 785 1598 854 quaesieris,
1624 803 1737 845 non
1764 789 2079 861 sanitatem,

490 864 579 918 vel
625 874 684 920 ut
732 867 919 925 hostes
953 870 1270 942 ulciscaris;
1315 892 1427 930 non
1472 878 1769 937 humanam
1812 883 2078 953 gloriam;

470 955 591 1010 sed
634 972 701 1011 ea
745 960 1092 1019 solummodo
1124 980 1247 1036 quae
1296 967 1365 1023 ad
1398 970 1570 1025 animi
1600 972 1834 1030 salutem
1868 976 2079 1031 condu-

494 1053 644 1103 cant.

564 1137 1041 1204 Quemadmodum
1075 1155 1136 1201 ut
1172 1149 1429 1218 spiritum
1458 1152 1628 1209 ducas
1659 1170 1943 1227 nunquam
1969 1174 2080 1215 non

495 1237 711 1299 tempus
741 1241 826 1288 est
859 1250 924 1291 ac
970 1246 1367 1308 opportunum,
1401 1244 1481 1300 sic
1520 1248 1702 1317 neque
1746 1256 1809 1305 ut
1850 1252 2080 1322 mystica

485 1334 721 1377 munera
778 1325 847 1379 ad
894 1339 1201 1386 extremum
1252 1348 1427 1404 usque
1467 1337 1722 1407 spiritum
1767 1356 1801 1395 a
1846 1342 2081 1400 Domino

486 1419 667 1480 petas.

560 1502 699 1559 Cum
728 1505 860 1562 boni
893 1510 1125 1583 alicujus
1158 1519 1537 1588 consequendi
1567 1537 1734 1580 causa
1759 1524 1933 1581 Deum
1959 1542 2082 1583 ora-

390 1644 395 1647 .
488 1594 654 1660 veris,
678 1611 781 1651 nec
803 1600 1094 1656 confestim
1117 1606 1415 1665 exauditus
1436 1611 1639 1681 fueris;
1662 1616 1776 1671 noli
1798 1619 2079 1690 negligere

487 1700 627 1743 neve
670 1688 1015 1760 despondeas
1057 1699 1329 1765 animum,
1376 1716 1519 1775 sepe
1570 1706 1719 1762 enim
1751 1688 2078 1779 petitio'tua

480 1778 545 1832 in
576 1788 880 1839 remtuam
911 1800 1023 1841 non
1050 1789 1334 1848 conducit.

554 1870 780 1929 Aristot.
799 1875 1009 1944 ——_Qui,
1016 1894 1218 1949 preces
1246 1883 1432 1952 offert,
1451 1889 1708 1958 prudens
1733 1894 1963 1951 exsistat
1984 1912 2082 1954 ne-

470 1977 641 2021 messe
685 1974 770 2022 est
797 1985 811 2021 :
838 1983 910 2025 ne
956 1971 1281 2042 imprudens
1323 1978 1431 2035 sibi
1460 1981 1580 2052 ipse
1616 1986 1821 2054 malum
1850 1990 2079 2062 aliquod

488 2063 631 2111 oret.

556 2144 1162 2228 Messanam—578
1204 2158 1517 2220 Alexander
1569 2182 1700 2235 rex,
1751 2186 1876 2229 cum
1919 2174 2081 2232 Anti-
2156 2196 2159 2199 ·

476 2242 648 2304 pater
690 2236 960 2297 adversus
993 2251 1223 2303 matrem
1269 2250 1442 2307 multa
1476 2256 1745 2315 scriberet
1782 2276 1847 2317 ac
1878 2262 2080 2322 'crimi-

487 2336 722 2384 naretur
760 2348 773 2385 :
820 2332 1034 2402 Nescis,
1075 2336 1278 2410 inquit,
1322 2345 1631 2416 Antipater,
1684 2356 1878 2413 matris
1912 2374 2079 2416 unam

485 2418 805 2493 lacrymam,
839 2428 1028 2487 multis
1053 2435 1518 2516 accusationibus
1549 2445 1846 2505 confertas.
1868 2451 2079 2521 episto-

485 2508 568 2565 las
596 2511 820 2570 delere?
1053 2511 1057 2516 ’
1539 2541 1551 2551 '

533 2602 1192 2705 '1j.‘_piruri.—Siquidem
1234 2620 1387 2679 Deus
1426 2625 1778 2690 humanis-se
1814 2636 2077 2705 precibus

470 2694 700 2752 facilem
750 2702 1011 2762 redderet
1053 2709 1233 2781 iisque
1282 2715 1706 2791 obsequeretur,
1754 2728 2075 2786 universum

484 2803 660 2859 genus
691 2791 996 2853 humanum
1027 2817 1193 2872 quam
1218 2806 1330 2864 cito
1366 2809 1656 2882 interiret;
1685 2831 1809 2873 cum
1841 2821 2078 2879 subinde

478 2882 657 2961 multa
701 2894 757 2941 et
792 2890 992 2947 acerba
1036 2894 1135 2951 irae
1162 2895 1495 2969 impotentes
1534 2906 1630 2962 alii
1660 2908 1718 2964 in
1760 2911 1898 2968 alios
1939 2930 2074 2984 pre-

486 2980 704 3030 centur.

545 3066 779 3125 'Isocrat.
801 3103 873 3115 —-
893 3073 1050 3132 Tunc
1081 3078 1335 3139 homines
1381 3086 1608 3144 meliore
1641 3090 1799 3162 fruge
1846 3112 2074 3169 compo-
2099 3118 2143 3176 α

2189 512 2352 585 οἶνον,
2385 520 2709 590 προῦλέπων
2755 524 2784 577 ὁ
2840 524 2975 589 Θεὸς
3000 527 3068 580 τὰ
3100 528 3363 597 μέλλοντα
3413 529 3475 582 οὑ
3537 530 3691 583 ποιεῖ
3721 530 3788 583 τὸ

2189 608 2405 683 θέλημά
2430 614 2697 680 σου,·οὐδὲ
2746 616 2977 688 παρέχει
3014 619 3113 689 τὴν
3143 619 3428 690 ἀλόγιστον
3456 620 3670 692 δέησιν.

2257 793 2350 865 Μὴ
2373 792 2604 850 πλοῦτον
2636 797 2694 850 ὲν
2722 762 2905 869 θεήσει
2942 782 3186 872 ζητήσῃς
3206 840 3223 865 ,
3254 800 3330 873 μὴ
3358 799 3570 868 ὑγείαν,
3606 798 3641 871 ἢ
3670 798 3787 852 τῶν

2187 886 2401 958 ἐχθρῶν
2438 888 2685 959 ἄμυναν
2722 891 2797 962 μὴ
2821 890 2982 956 δόξαν
3010 893 3391 965 ἀνθρωπίνῃνο
3428 893 3571 948 ἀλλά
3612 894 3785 966 μόνον

2187 977 2254 1031 τὰ
2287 976 2646 1033 συντελοῦντα
2673 980 2809 1050 πρὸς
2842 981 3117 1054 σωτηρίαν
3140 982 3343 1054 ψυχῆς.

2256 1159 2470 1231 Ὥσπερ
2500 1158 2563 1212 τὸ
2589 1159 2850 1213 ἀναπνεῖν
2880 1159 3141 1214 οὐδέποτε
3164 1161 3422 1234 ἄκαιρον,
3450 1161 3629 1226 οὕτως
3645 1158 3785 1218 ὥτε

2184 1250 2245 1304 τὸ
2274 1249 2540 1306 αἰτεῖσθαι
2585 1249 2740 1322 παρὰ
2769 1250 2976 1321 Κυρίου
3006 1251 3285 1323 αἰτήματα
3317 1254 3558 1323 μυστικά
3577 1255 3786 1328 μέχρις

2185 1343 2421 1415 ἐσχάτης
2449 1343 2748 1414 ἀναπνοῆς.

2256 1523 2428 1578 Ὅταν
2459 1522 2589 1595 περί
2622 1539 2768 1588 τινος
2798 1524 3008 1592 ἀγαθοῦ
3044 1524 3435 1597 παρακαλέσῃς
3471 1526 3563 1581 τὸν
3613 1524 3782 1594 Θεὸν,

2185 1615 2280 1669 καὶ
2315 1614 2390 1686 μὴ
2443 1614 2740 1687 είσακούσῃ
2765 1633 2859 1670 σου
2890 1616 3239 1688 παραυτίκα,
3295 1618 3369 1688 μὴ
3398 1618 3780 1691 ὀλιγωρήσῃς,

2176 1708 2325 1779 ’μηδὲ
2349 1708 2784 1780 ὀλιγοψυχήσῃς·
2821 1708 3083 1774 πολλάκις
3114 1708 3222 1781 γὰρ
3259 1710 3396 1781 πρὸς
3415 1708 3477 1764 τὸ
3501 1710 3682 1782 παρὸν
3709 1711 3779 1765 οὐ

2102 1783 2159 1839 ’Β
2190 1801 2462 1873 συμφέρει
2490 1818 2574 1856 σοι
2592 1803 2653 1856 τὺ
2686 1804 2919 1872 αἴτημα.

2265 1894 2560 1962 Ἀριστοτ.
2594 1923 2665 1935 -
2699 1893 2805 1947 Τὸν
2855 1893 3150 1965 εὐχόμενον
3187 1893 3269 1948 δεῖ
3296 1894 3560 1966 φρόνιμον
3585 1887 3776 1949 εἶναι’

2171 1984 2261 2058 ,μὴ
2288 1985 2429 2059 λάθῃ
2452 2004 2505 2040 τι
2546 1985 2711 2041 κακὸν
2741 1984 3035 2058 εὐξάμενος
3068 1984 3267 2057 ἐαυτῷ.

2262 2158 2615 2229 Ἀλέξανδρ.
2645 2192 2716 2203 -
2744 2160 3090 2234 Ἀλέξανδρος
3123 2163 3152 2217 ὁ
3186 2161 3460 2233 βασιλεὺς,
3483 2163 3609 2217 ἐπεὶ
3647 2164 3777 2219 ’Λν-

2179 2251 2444 2323 τίπατρος
2498 2250 2646 2323 αὑτῷ
2695 2251 2867 2306 πολλά
2908 2252 3052 2307 κατά
3100 2252 3200 2322 τῆς
3244 2253 3454 2324 μητρὸς
3499 2251 3773 2325 ἔγραφεν,

2192 2342 2452 2413 Ἀγνοεῖς,
2486 2343 2613 2415 ἔφη,
2659 2344 3004 2416 Ἀντίπατρε,
3033 2344 3116 2399 ὅτι
3172 2345 3383 2416 μητρὸς
3423 2344 3481 2401 ἓν
3505 2346 3775 2416 δάκρυον,

2181 2436 2393 2491 πολλῶν
2427 2437 2693 2493 διαὸολῶν
2721 2436 3015 2501 ἐπιστολὰς
3038 2434 3330 2507 ἀπαλείφει
3355 2455 3371 2507 ;

2258 2622 2558 2689 Ἐπικούρ.
2606 2649 2679 2659 -
2708 2618 2774 2672 Et
2801 2620 2924 2684 ταῖς
2981 2619 3089 2672 τῶν
3137 2616 3444 2689 ἀνθρώπων
3490 2618 3685 2689 εὐχαῖς
3738 2620 3773 2670 ὁ

2177 2716 2310 2780 Θεὸς
2366 2714 2782 2786 κατηκολούθει,
2847 2714 3040 2769 θᾶττον
3091 2714 3158 2767 ἂν
3214 2712 3503 2768 ἀπόλοιντο
3553 2715 3769 2780 πάντες

2177 2805 2479 2876 ἄνθρωποι,
2515 2807 2759 2876 συνεχῶς
2785 2803 2957 2859 πολλά
2980 2802 3076 2858 καὶ
3109 2803 3323 2874 χαλεπά
3356 2806 3478 2858 κατ’
3508 2805 3767 2875 ἀλλήλων

2178 2897 2490 2969 εὐχόμενοι.
2933 2955 2938 2959 .
3386 2894 3393 2901 ’

2260 3091 2546 3162 Ἰσοκράτ.
2567 3093 2716 3147 -Οί
2749 3086 3027 3166 ἄνθρωποι
3056 3093 3179 3148 τότε
3215 3093 3457 3162 γίνονται
3490 3092 3761 3164 βελτίους,

483 3166 718 3226 nuntur,
739 3176 864 3218 cum
887 3164 961 3221 ad
977 3167 1149 3224 Deum
1174 3174 1481 3232 accedunt:
1504 3180 1668 3250 eique
1697 3185 1836 3242 adeo
1864 3164 2075 3248 similes

2177 3185 2304 3239 ὅταν
2325 3185 2444 3257 Θεῷ
2482 3164 2899 3257 προσέρχωνται
2928 3202 2942 3217 °
2978 3186 3164 3257 ὅμοιον
3195 3186 3252 3240 δὲ
3287 3186 3471 3258 ἔχουσι
3505 3187 3647 3258 Θεῷ,
3695 3189 3764 3241 τὺ

484 3256 636 3313 sunt,
667 3258 727 3305 ut
754 3252 865 3308 sint
889 3255 1124 3316 benefici
1154 3271 1211 3318 et
1233 3267 1523 3325 veritatem
1554 3274 1759 3331 colant.

546 3332 980 3415 ‘Biantis.—Is,
1034 3364 1160 3406 cum
1211 3356 1510 3427 aliquando
1559 3380 1668 3419 una
1717 3382 1841 3422 cum
1892 3370 2075 3442 impiis

483 3429 813 3499 quibusdam
843 3439 1063 3511 navigio
1100 3445 1424 3519 veheretur,
1454 3455 1692 3527 navique
1722 3463 1963 3530 procella
1988 3464 2075 3535 ja-

485 3528 650 3589 ctata,
694 3525 772 3581 illi
807 3528 941 3586 deos
988 3532 1309 3597 invocarent
1330 3561 1354 3597 ς
1387 3544 1580 3618 Silete,
1601 3525 1826 3624 inquit,
1870 3572 1941 3613 ne
1972 3525 2074 3615 nos

482 3613 727 3670 sentiant
763 3617 854 3674 hic
881 3622 1159 3696 navigare.
1566 3613 1575 3618 ⁷
1701 3613 1720 3624 ⁸
1812 3613 1824 3621 ’
1890 3639 1913 3661 ⁸

551 3703 683 3774 Eos,
715 3711 808 3778 qui
840 3727 871 3766 a
904 3712 1012 3770 diis
1043 3718 1329 3778 meliorem
1378 3737 1620 3786 mentem
1663 3744 1935 3805 peterent,
1970 3755 2073 3796 nec

484 3799 587 3871 ipsi
621 3804 835 3875 seipsos
867 3814 1167 3871 emendare
1196 3819 1505 3890 studerent,
1536 3799 1735 3883 stult—os
1765 3799 1983 3889 dicebat
2009 3850 2073 3890 ac

480 3896 733 3965 stupidus
760 3917 774 3954 :
802 3917 904 3958 nec
972 3894 1128 3961 enim
1168 3909 1435 3979 pictorem
1486 3931 1519 3971 a
1566 3917 1671 3975 diis
1716 3924 1960 3990 precari,
2012 3936 2074 3981 ut

481 3986 684 4043 lineam
728 3991 863 4048 dent
911 4011 975 4051 ac
1018 4013 1244 4055 suavem
1274 4003 1538 4074 colorem,
1582 4011 1717 4076 quin
1749 4021 1924 4069 artem
1955 4016 2072 4085 ipse

480 4075 769 4149 didicerit;
806 4098 910 4139 nec
954 4102 1102 4143 vero
1139 4089 1315 4146 ullum
1362 4096 1600 4154 evadere
1638 4102 1909 4159 musicum
1955 4106 2072 4176 ipsa

481 4181 708 4236 precum
756 4171 829 4238 vi,
873 4174 980 4230 nisi
1026 4178 1419 4238 condiscantur
1462 4201 1586 4256 quae
1631 4198 1761 4244 sunt
1806 4195 2067 4252 musices.

479 4256 688 4314 Eodem
716 4263 880 4319 modo
912 4281 983 4323 ne
1012 4269 1342 4339 prudentem
1366 4276 1591 4346 quidem
1619 4280 1791 4336 ullum
1827 4299 2068 4356 unquam

477 4347 596 4405 fore
642 4355 942 4427 precando,
986 4361 1092 4416 nisi
1141 4378 1334 4421 earum
1378 4383 1565 4426 rerum
1597 4371 1942 4447 disciplinam
1978 4396 2099 4438 co-‘

478 4435 663 4498 luerit.

480 4703 555 4758 De
597 4705 837 4764 doctrina
881 4719 930 4765 et
983 4714 1198 4793 litteris,
1246 4737 1336 4775 seu
1370 4723 1670 4798 eloquentia
1718 4740 1768 4785 et
1808 4751 2067 4794 sermone.

549 4798 736 4854 Matth.
763 4818 816 4868 v,
850 4803 936 4859 l9.
957 4837 1029 4847 —
1050 4808 1223 4866 Amen
1274 4813 1399 4870 dico
1434 4819 1614 4889 vobis,
1658 4825 1753 4894 qui
1787 4826 1984 4887 fecerit
2014 4839 2073 4887 et

2100 4470 2148 4526 D

2177 3279 2490 3350 εὐεργετεῖν
2519 3277 2616 3330 καὶ
2640 3275 2949 3352 ἀληθεύειν.

2244 3371 2410 3436 Βίας.
2438 3400 2510 3409 -—-
2534 3364 2702 3435 Οὗτος
2752 3368 3045 3441 συμπλέων
3104 3369 3233 3422 ποτὲ
3268 3370 3511 3436 ἀσεόἐσι,
3561 3388 3762 3442 χειμα-

2164 3461 2410 3533 ..ζαμένης
2456 3462 2557 3534 τῆς
2614 3461 2751 3528 νεὼς
2778 3505 2793 3530 ,
2842 3462 3115 3517 κάκείνων
3164 3462 3331 3526 Θεοὺς
3388 3463 3761 3533 ἐπικαλουμέ-

2174 3573 2302 3622 νων,
2356 3557 2586 3624 Σιγᾶτε,
2653 3554 2760 3625 έφη
2787 3596 2801 3622 ,
2854 3555 2930 3627 μη
2974 3554 3290 3610 αἴσθωνται
3354 3557 3506 3629 ἡμᾶς
3567 3556 3756 3611 ἐνθάδε

2173 3646 2461 3713 πλέοντας.

2244 3740 2382 3804 Τοὺς
2410 3739 2765 3811 αἰτουμένους
2790 3740 2944 3812 παρά
2971 3740 3082 3793 τῶν
3104 3738 3258 3793 Θεῶν
3291 3740 3492 3811 φρένας
3516 3740 3752 3809 ἀγαθὰς,

2172 3834 2270 3887 καὶ
2303 3831 2377 3904 μὴ
2408 3831 2633 3896 ἑαυτοὺς
2666 3833 3045 3897 παιδεύοντας,
3102 3834 3464 3906 ἀναισθήτους
3510 3834 3752 3905 ἔφασκεν

2175 3921 2333 3978 εἷναι.
2394 3923 2532 3977 Οὔτε
2583 3923 2693 3997 γὰρ
2752 3923 3048 3996 ζωγράφον
3091 3925 3386 3996 εὐχόμενον
3438 3927 3554 3989 τοῖς
3612 3924 3752 3989 θεοῖς

2173 4016 2357 4071 δοῦναι
2407 4015 2556 4088 αὐτῷ
2593 4016 2859 4089 γραμμὴν
2905 4017 3000 4073 καὶ
3042 4016 3298 4097 εὔχροιαν
3343 4017 3528 4072 λαϐεῖν
3560 4018 3650 4082 ἂν,
3700 4018 3750 4070 εί

2177 4108 2253 4179 μὴ
2282 4108 2441 4178 μάθοι
2468 4108 2669 4179 τέχνην
2689 4124 2702 4140 ·
2761 4108 2887 4163 οὔτε
2930 4110 3208 4181 μουσικὸν
3247 4109 3502 4179 γενέσθαι
3530 4110 3653 4163 ποτ’
3682 4108 3750 4163 ἂν

2172 4198 2359 4254 ἕνεκεν
2391 4200 2578 4272 εὐχῆς,
2611 4202 2659 4255 εἰ
2705 4200 2780 4273 μὴ
2807 4201 2874 4256 ἂν
2913 4203 2982 4256 τὰ
3017 4202 3253 4271 μουσικὰ
3300 4201 3482 4272 μάθοι.
3538 4202 3644 4256 Τὸν
3692 4201 3751 4254 δὲ
3854 4214 3857 4217 ·

2172 4291 2335 4346 αὐτὸν
2367 4293 2590 4362 τρόπον,
2649 4292 2758 4346 οὐδ’
2797 4292 2863 4346 ἂν
2905 4293 3170 4364 φρόνιμόν
3200 4309 3323 4345 τινα
3369 4291 3631 4361 γενέσθαι
3656 4291 3751 4346 εὐ·-

2173 4382 2428 4455 χόμενον,
2452 4383 2501 4436 εἰ
2531 4381 2608 4455 μὴ
2639 4381 2845 4438 τούτων
2874 4382 2974 4454 τὴν
3000 4382 3240 4454 μάθησιν
3265 4382 3440 4437 λάϐοι.

2727 4651 2946 4705 ΛΟΓΟΣ
3002 4651 3081 4705 ΙΕ’
3096 4651 3164 4704 ’⁸.

2485 4743 2628 4811 Περὶ
2662 4742 2918 4812 διδαχῆς
2965 4745 3063 4796 καὶ
3106 4743 3305 4813 λόγων
3333 4742 3425 4814 (r).

2236 4835 2425 4888 Ματθ.
2451 4839 2504 4887 ι’.
2534 4862 2605 4874 -
2644 4831 2812 4904 Ἀμὴν
2846 4832 2990 4900 λέγω
3019 4833 3168 4904 ὑμῖν,
3194 4831 3253 4896 ὃς
3297 4831 3363 4887 ἂν
3401 4830 3610 4905 ποιήσῃ
3653 4831 3749 4887 καὶ

478 4888 751 4959 docuerit,
806 4894 897 4950 hic
939 4914 1171 4970 magnus
1224 4906 1513 4966 vocabitur
1552 4888 1610 4967 in
1669 4888 1840 4988 regno
1898 4923 2069 4979 caelo-

2177 4924 2377 4999 Βιδάξῃ,
2407 4915 2565 4988 οὗτος
2593 4888 2784 4993 μέγας⁸
2814 4888 3327 4996 κληθήσεταινὲνντῇ
3365 4888 3618 4996 βασιλεῷ
3638 4923 3748 4979 τῶν

479 4987 600 5035 rum
611 5022 625 5035 .

547 5160 591 5193 “
616 5160 677 5214 In
718 5162 887 5219 Gesn.
938 5164 1092 5221 Stob.
1144 5167 1269 5225 266.

2166 5014 2430 5087 ουρανῶν.

1984 5323 2211 5382 NOTAE.

546 5434 617 5538 (ι’)
652 5437 793 5518 ῌερὶ
821 5438 1076 5538 διδαχῆς
1106 5445 1206 5497 καὶ
1256 5448 1473 5538 Jay-tot“.
1523 5448 1894 5538 Addit__Gesn.
1946 5456 1990 5538 si

472 5504 768 5573 Antduius,
793 5510 889 5563 καὶ
919 5504 1161 5579 ὁεῖιλίας,
1192 5504 1352 5584 (μιοᾶ
1376 5517 1450 5571 sit
1479 5504 2059 5594 explicatio‘s—uperio:

474 5576 553 5656 ris
582 5578 753 5632 vocis.
785 5580 950 5656 Quasi
977 5582 1045 5636 de
1085 5583 1355 5656 doctrina,
1394 5602 1518 5656 quae
1570 5589 1831 5647 familiari
1852 5595 2060 5651 allocu-

1946 5456 2060 5538 sive
2163 5475 2284 5531 gus,
2307 5463 2474 5539 cujus
2504 5460 2725 5539 auditor
2746 5461 2851 5539 fuit
2882 5464 3272 5539 Hieronymus.
3295 5467 3417 5525 Non
3463 5469 3605 5527 bene
3642 5470 3747 5524 ita-

2164 5530 2270 5599 que
2299 5530 2600 5595 Gestterus,
2632 5532 2708 5585 De
2741 5534 2986 5590 doctrina

3026 5553 3145 5608 qua:
3179 5546 3296 5593 tum
3339 5557 3583 5594 sermone
3638 5549 3747 5592 tum

2164 5604 2556 5680 conversatione
2592 5604 2691 5680 sit‘,
2724 5618 2788 5658 ac
2814 5606 2859 5659 si
2890 5604 3165 5668 πολιτείας
3180 5620 3331 5665 esset
3359 5611 3484 5666 loco
3504 5608 3746 5680 ὁμιλίας,

1816 5645 1829 5647 _
1854 5645 2028 5651 _s__-_._
2165 5645 2554 5655 --.ηηηνκηνην
2592 5645 2658 5655 ...ν
2724 5645 2788 5658 ..ν
2814 5645 2859 5659 υ.
2896 5645 3012 5659 ηυμ-
3028 5645 3331 5668 w-a,uaauu
3359 5645 3484 5666 ιυυυ
3504 5645 3533 5663 υ
3586 5645 3746 5671 unus.

474 5645 624 5751 titlme
645 5650 1061 5751 aetractatio‘ne
1094 5645 1378 5738 tradatur;
1412 5645 1600 5751 innqua
1629 5666 2056 5751 tantusmenitflit
2160 5672 2244 5751 vel
2269 5682 2457 5751 essent
2480 5672 2617 5751 haec
2642 5645 2752 5727 duo
2813 5680 3062 5731 membra
3093 5682 3352 5751 opposita
3400 5697 3464 5738 ac
3500 5645 3748 5737 subdivi-

508 5744 518 5751 .
544 5730 715 5751 II'IICAC
749 5732 904 5751 Ληηιο
959 5737 972 5751 I
1021 5736 1161 5751 ΛηιιΛ
1191 5739 1443 5751 -..Ἅιίκ-Α..
1515 5745 1757 5751 ..-ῌΑῌΑμκ
1920 5750 1925 5751 ,

474 5710 927 5789 Cbrysostomus,
959 5720 1163 5792 illoque
1190 5710 2057 5803 superio}*c‘régdiiiié'ﬁé'éiiii

2161 5740 2386 5810 dentia’;
2425 5742 2571 5813 quod
2605 5742 2765 5813 longe
2793 5760 2823 5799 a
2849 5761 2981 5801 vero
3005 5758 3107 5803 est.
