3990 6414
377 299 481 365 815

1542 287 1602 345 S.
1645 281 1932 344 MAXIMI
1971 279 2484 342 CONFESSORIS

3543 275 3676 340 813

447 403 1066 470 Solonis.~—Quantum
1106 399 1162 454 in
1205 397 1353 453 bello
1387 396 1617 460 ferrum,
1663 403 1880 448 tantum
1912 393 1968 446 in

2147 394 2448 458 Σόλωνος.
2480 420 2550 432 -
2582 392 2744 446 Ὅσον
2778 392 2836 445 ὲν
2874 391 3100 463 πολέμῳ
3152 391 3372 445 δύναται
3409 392 3676 464 σίδηρος,

376 499 603 557 civitate
639 512 704 552 ac
737 493 1024 566 republica
1067 491 1238 569 prima
1282 497 1544 558 rectaque
1591 487 1770 542 oratio
1802 487 1965 542 valet.

451 591 622 656 Idem,
672 599 984 644 sermonem
1038 583 1224 640 aiebat
1289 595 1521 652 operum
1566 593 1689 636 esse
1739 579 1970 634 simula-

379 700 560 740 crum.
1269 715 1276 722 θ

449 777 702 847 Diogenis
743 775 1096 829 —0ratores
1140 767 1358 824 dicebat
1407 766 1670 833 studere,
1720 775 1781 822 ut
1829 765 1971 821 bene

379 878 687 938 ornateque
727 867 1007 931 dicerem;
1037 871 1098 919 ut
1131 870 1314 917 autem
1345 861 1494 931 bene
1526 869 1772 931 agerent,
1819 859 1972 914 nullo

379 965 570 1020 modo.

447 1056 588 1112 Cum
618 1053 836 1110 Atticus
867 1051 1091 1122 quidam
1137 1049 1294 1105 illum
1323 1053 1632 1112 accusaret,
1667 1063 1768 1102 cur
1795 1046 1970 1103 Lace-

379 1144 683 1202 daemonios
718 1141 1051 1213 propensius
1081 1139 1316 1195 laudans
1349 1153 1460 1193 non
1502 1137 1650 1208 apud
1685 1153 1780 1192 eos
1809 1136 1970 1192 habi-

382 1236 558 1290 taret?
583 1234 723 1302 Quia
751 1233 1003 1289 medicus
1031 1229 1289 1302 parandae
1313 1229 1567 1286 sanitatis
1596 1229 1796 1284 artifex
1820 1228 1970 1284 haud

379 1342 505 1382 cum
541 1325 654 1380 illis
677 1333 954 1386 versatur,
983 1325 1080 1394 qui
1108 1323 1314 1378 valent.

447 1417 697 1472 Eteoclis.
721 1414 932 1470 —Non
959 1415 1197 1472 dicentis
1224 1417 1566 1480 facultatem,
1605 1413 1702 1469 sed
1747 1413 1828 1470 rei
1871 1429 1971 1469 na-

379 1516 560 1562 turam
591 1505 1044 1578 perpendendam
1075 1521 1198 1562 esse
1234 1506 1474 1563 dicebat.

444 1679 708 1736 Socrates.
733 1712 805 1721 —
826 1680 991 1752 580
1016 1680 1126 1736 Aut
1169 1697 1336 1752 quam
1379 1681 1670 1737 minimum
1700 1696 1826 1737 cum
1870 1695 1970 1752 po-

2075 485 2332 538 τοσοῦτον
2363 487 2421 538 ὲν
2453 483 2702 557 πολιτείᾳ
2733 484 2890 553 λόγος
2919 483 2981 538 εὖ
3009 483 3148 556 ἔχων
3182 485 3375 555 ἰσχύει.

2154 577 2213 628 '0
2257 577 2420 642 αὐτὸς
2463 575 2694 646 ἔφασκε,
2723 575 2816 631 τδν
2861 577 3042 646 λόγον,
3081 576 3300 631 εἴδωλον
3347 572 3491 632 εἶναι
3545 575 3679 630 τῶν

2073 668 2272 740 ἔργων.
2632 655 2639 661 ’

2147 761 2373 832 Διογέν.
2397 791 2464 803 —
2488 761 2632 826 Τοὺς
2649 763 2886 835 ῥήτορας
2905 760 2974 816 τά
2993 759 3178 816 δίκαια
3198 761 3301 832 μὲν
3330 761 3433 834 ἔφη
3457 761 3676 814 ἐσπου-

2071 853 2298 909 δακέναι
2327 854 2531 925 λέγειν,
2563 855 2825 928 πράττειν
2857 855 2934 922 δὲ,
2967 853 3239 926 οὐδαμῶς.

2155 1029 2409 1084 Ἄττικοῦ
2465 1049 2611 1096 τινος
2649 1031 3009 1100 ἐγκαλοῦντος
3058 1031 3229 1104 αὐτῷ,
3275 1031 3420 1086 διατί
3475 1033 3673 1088 Auxa-

2071 1121 2382 1192 δαιμονίους
2417 1123 2619 1193 μᾶλλον
2647 1124 2910 1188 ἐπαινῶν,
2934 1124 3065 1194 παρ’
3092 1122 3325 1187 ἐκείνοις
3353 1124 3416 1178 οὐ
3445 1123 3672 1196 διατρί-

2075 1213 2184 1280 ϐει,
2211 1213 2349 1268 Οὐδὲ
2377 1213 2488 1286 γάρ
2546 1215 2748 1286 ἰατρὸς,
2803 1215 2932 1286 ἔφη,
2962 1215 3156 1286 ὑγείας
3183 1213 3258 1269 ὢν
3287 1215 3572 1288 ποιητικὸς
3597 1217 3672 1270 ὲν

2070 1307 2184 1370 τοῖς
2219 1305 2528 1374 ὑγιαίνουσι
2555 1307 2654 1378 τὴν
2673 1307 2956 1380 διατριῦὴν
2979 1309 3236 1362 ποιεῖται.

2153 1398 2561 1467 Ἐτεοκλέους.
2595 1427 2665 1442 —-
2706 1399 2801 1472 Μὴ
2858 1399 2959 1462 τὰς
3012 1398 3123 1456 τῶν
3174 1399 3474 1469 λεγόντων,
3523 1399 3666 1470 ἔφη,

1988 1567 1994 1572 ν
2068 1489 2353 1562 δυνάμεις,
2407 1492 2548 1548 ἀλλὰ
2593 1491 2693 1558 τὰς
2733 1492 2845 1547 τῶν
2880 1493 3226 1566 πραγμάτων
3258 1495 3454 1565 φύσεις
3501 1494 3668 1550 δοκι.-

2105 1586 2294 1638 ιάζειν.

2105 1586 2154 1638 ,ά
2193 1601 2294 1637 ειν.

2077 1601 2109 1654 ρ
2140 1582 2479 1746 ἐωκράτης.
2510 1707 2583 1720 —-
2618 1678 2710 1742 Ὦς
2748 1679 2952 1752 ἥκιστα
3000 1680 3114 1744 τοῖς
3161 1677 3473 1746 δυνάσταις,
3510 1679 3546 1750 ἢ
3582 1679 3670 1743 ὡς

376 1773 654 1840 tentibus,
721 1783 819 1830 aut
871 1789 1040 1846 quam
1083 1774 1488 1846 jucundissime
1535 1788 1659 1831 esse
1709 1773 1966 1828 fabulan-

2113 1767 2265 1822 διστα
2293 1767 2524 1840 ὁμιλεῖν.

367 1865 527 1919 dum.

444 1957 566 2012 Non
612 1973 682 2013 ex
728 1957 917 2014 verbis
962 1973 1091 2033 res,
1123 1957 1219 2013 sed
1265 1973 1332 2012 ex
1378 1957 1548 2014 rebus
1578 1957 1749 2014 verba
1780 1958 1968 2028 vigere

375 2047 554 2102 decet.
595 2049 718 2104 Non
763 2049 912 2104 enim
962 2048 1264 2104 verborum
1303 2063 1468 2103 causa
1513 2061 1605 2103 res
1651 2054 1966 2113 struuntur,

373 2137 472 2194 sed
503 2139 669 2192 verba
699 2154 764 2194 cx
794 2139 983 2193 rebus.

587 2229 860 2284 Suadeam
885 2231 1104 2284 dicentis
1129 2244 1320 2294 mores,
1352 2245 1457 2282 non
1491 2229 1682 2282 oratio.

587 2299 730 2370 Bene
755 2301 896 2354 enim
929 2317 993 2354 ac
1025 2309 1214 2354 ornate
1248 2298 1392 2370 loqui
1420 2297 1621 2352 malum
1648 2307 1745 2363 est,

586 2368 647 2424 Si
676 2371 978 2424 nocumeuti
1005 2370 1209 2442 aliquid
1237 2368 1445 2442 afferat.

444 2459 1126 2532 Antagor.—Antagoras
1182 2478 1310 2518 cum
1373 2461 1691 2518 Thebaidos
1759 2460 1968 2516 librum

372 2551 522 2620 apud
558 2551 778 2608 Boeotos
806 2553 1085 2620 recitaret,
1129 2569 1234 2609 nec
1263 2555 1514 2611 recitanti
1548 2555 1842 2626 quisquam
1889 2563 1970 2609 at-

378 2642 666 2709 tenderet,
713 2643 1042 2714 complicato
1091 2645 1372 2701 volumine
1419 2663 1434 2700 :
1478 2647 1708 2710 Merito,
1757 2645 1966 2716 inquit,

376 2735 550 2790 Boeoti
582 2735 894 2802 vocamini;
925 2750 1054 2791 nam
1084 2735 1253 2792 boum
1289 2753 1453 2793 aures
1481 2737 1717 2794 habetis.

445 2827 666 2882 Hieron.
691 2827 886 2882 —llic
928 2828 1237 2884 orationem
1287 2829 1498 2885 habens
1540 2829 1972 2899 auditoremque

377 2918 702 2983 concilians,
738 2918 844 2973 tria
877 2919 981 2974 sibi
1015 2920 1302 2990 proposita
1343 2937 1466 2976 esse
1497 2921 1753 2988 dicebat;
1797 2931 1857 2976 ut
1887 2922 1974 2978 in-

379 3009 692 3081 telligentes
733 3011 976 3092 iuraret,
1024 3011 1190 3068 rudes
1233 3013 1480 3080 doceret,
1523 3013 1742 3070 invidos
1777 3015 1971 3071 dolore

379 3100 642 3157 alliceret.

451 3187 777 3261 OEnopides.
799 3192 1118 3265 —Aiebat,
1158 3193 1340 3266 qualis
1373 3193 1444 3249 sit
1476 3195 1718 3250 hominis
1751 3195 1968 3275 indoles

381 3281 708 3353 geniusque,
745 3283 913 3340 talem
944 3294 1002 3340 et
1034 3300 1344 3340 sermonem
1377 3301 1520 3342 esse.

451 3373 976 3431 Romul.——Aiebat
1044 3375 1315 3432 Romulus
1357 3395 1370 3431 :
1407 3379 1515 3433 Vas
1568 3387 1804 3435 testeum
1859 3379 1970 3434 ictu

381 3466 638 3536 probari;
670 3469 950 3524 hominem
983 3485 1114 3524 vero
1141 3485 1208 3524 ex
1239 3484 1516 3528 sermone.
1548 3476 1554 3483 '

901 3842 906 3846 ,
967 3781 1199 3838 SERMO
1236 3782 1374 3838 XVI.

946 3873 1024 3927 De
1057 3877 1402 3946 correptione.

449 3964 610 4018 Joan.
656 3979 712 4029 γ,
751 3965 1090 4020 ll.——Dixit
1136 3966 1404 4024 Dominus
1450 3969 1752 4042 paralytico
1780 3989 1792 4025 :
1820 3971 1966 4028 Ecce

385 4067 550 4108 sanus
589 4052 766 4107 factus
791 4068 884 4119 es;
921 4054 1036 4124 jam
1065 4053 1180 4108 noli
1210 4069 1462 4124 peccare,
1492 4070 1562 4111 ne
1585 4055 1833 4112 deterius
1863 4059 1966 4114 tibi

385 4143 594 4214 aliquid
628 4143 930 4215 contingat.

458 4235 485 4288 1
506 4233 680 4289 Thess.
709 4251 759 4300 ν,
788 4235 876 4290 14.
899 4265 971 4275 —
991 4235 1268 4307 Rogamus
1296 4251 1416 4302 vos,
1449 4236 1672 4305 fratres,
1710 4238 1976 4310 corripite

2141 1861 2258 1914 Οὐκ
2285 1862 2349 1915 ὲκ
2373 1861 2482 1916 τῶν
2499 1862 2673 1932 λόγων
2689 1861 2758 1916 τὰ
2778 1864 3102 1938 πράγματα,
3128 1863 3242 1918 ἀλλ’
3269 1865 3336 1918 ἐκ
3371 1863 3482 1917 τῶν
3514 1879 3668 1935 πρα-

2068 1952 2296 2022 γμάτων
2328 1955 2454 2020 τοὺς
2485 1954 2676 2024 λόγους
2701 1957 2783 2010 δεῖ
2821 1959 3065 2028 κρατεῖν.
3104 1959 3180 2012 Οὐ
3209 1957 3322 2030 γάρ
3347 1958 3518 2012 ἕνεκα
3548 1956 3666 2011 τῶν

2073 2043 2250 2114 λόγων
2281 2047 2349 2100 τά
2388 2048 2690 2119 πράγματα
2749 2049 3104 2114 συντελεῖται,
3131 2049 3248 2103 ἀλλ’
3276 2051 3342 2104 ἐκ
3378 2050 3488 2104 τῶν
3514 2067 3664 2123 πρα-

2073 2151 2108 2206 γ
2116 2137 2304 2208 μάτων
2319 2139 2371 2194 οἱ
2389 2138 2560 2209 λόγοι.

2145 2229 2370 2304 Τρόειος
2397 2231 2554 2304 ἔστω
2587 2231 2808 2304 πείθων
2831 2233 2938 2288 τοῦ
2972 2233 3278 2304 λέγοντος,
3309 2235 3380 2289 οὐ
3401 2234 3611 2304 λόγος.

2144 2297 2349 2375 ζὼγῖδιρΔ
2373 2302 2577 2375 λέγειν
2608 2297 2700 2370 εὖ,
2735 2303 2937 2358 δεινόν
2967 2297 3158 2372 ἐστιν,
3181 2297 3246 2358 εἷ
3267 2297 3440 2375 φέροι

2147 2371 2284 2425 Τινὰ
2304 2371 2572 2440 βλάϐην.

2154 2464 2535 2534 Ἀνταγόρας.
2592 2493 2665 2508 --
2733 2466 3069 2538 Ἀνταγόρας
3142 2467 3266 2522 ἐπεὶ
3319 2465 3665 2537 ἀνεγίνωσκε

2071 2555 2224 2626 παρὰ
2273 2553 2530 2620 Βοιωτοῖς
2553 2555 2616 2608 τὸ
2645 2555 2748 2626 τῆς
2793 2555 3062 2626 Θηϐαΐδος
3115 2543 3502 2628 ἁύγγραμμα,
3568 2557 3665 2609 καὶ

2070 2648 2246 2710 οὐδεὶς
2303 2646 2728 2718 ὑπεσημαίνετο,
2777 2645 3002 2710 κλείσας
3031 2645 3091 2699 τὸ
3123 2645 3350 2717 βιϐλίον,
3397 2635 3660 2710 Δικαίως,

2071 2736 2219 2806 εἷπε,
2239 2738 2498 2794 καλεῖσθε
2535 2736 2950 2816 Βοιωτοίχβοῶν
2982 2737 3091 2808 γὰρ
3127 2731 3242 2793 ὦτα
3271 2739 3446 2810 ἔχετε.

2154 2832 2363 2901 Ἱέρων.
2395 2861 2465 2873 -
2489 2825 2656 2894 Οὗτος
2689 2831 2954 2902 ἀκρόασιν
2989 2829 3330 2901 ποιούμενος,
3356 2825 3476 2882 εἷπε
3493 2829 3663 2902 τριῶν
3724 2883 3732 2889 ,

2073 2919 2424 2990 ἐστοχάσθαι,
2460 2919 2594 2988 τοὺς
2625 2919 2879 2981 συνετοὺς
2907 2917 3210 2988 ὠφελῆσαι,
3241 2919 3366 2983 τοὺς
3395 2919 3663 2990 ἀπείρους

2073 3012 2304 3079 διδάξαι,
2330 3011 2426 3065 καὶ
2456 3011 2584 3075 τοὺς
2621 3009 2916 3082 φθονεροὺς
2947 3010 3210 3082 λυπῆσαι.

2149 3191 2417 3248 οινοπίδ.
2458 3221 2529 3231 -
2567 3185 2768 3256 Οὗτος,
2809 3189 2970 3246 ὁποία
3010 3192 3044 3261 ἡ
3097 3187 3260 3259 φύσις
3302 3184 3399 3244 τοῦ
3448 3189 3662 3262 ἀνθρὼ-

2069 3301 2173 3338 που
2213 3285 2350 3350 ἐστὶ,
2381 3281 2628 3338 τοιοῦτον
2648 3282 2888 3353 ἔφασκεν
2912 3276 3052 3335 εἶναι
3090 3281 3185 3339 καὶ
3216 3281 3306 3335 τὸν
3325 3282 3505 3351 λόγον.

2150 3375 2399 3445 Ῥωμύλ.
2453 3406 2524 3418 -
2575 3369 2766 3442 Οὗτος,
2814 3375 2908 3428 τὸν
2979 3374 3082 3446 μὲν
3145 3375 3389 3446 κέραμον
3441 3377 3506 3429 ἐκ
3565 3375 3660 3428 τοῦ

2067 3465 2269 3522 κοπτοῢ
2314 3468 2362 3500 ’³
2401 3466 2506 3540 ἔφη
2545 3467 2973 3542 δοκιμάζεσθαι·
3021 3468 3114 3522 τὸν
3158 3469 3215 3521 δὲ
3261 3467 3548 3540 ἄνθρωπον
3593 3469 3660 3520 ὲκ

2064 3557 2161 3610 τοῦ
2185 3557 2368 3627 λόγου.

2651 3786 2872 3841 ΛΟΓΟΣ
2901 3779 2998 3854 Iq’
3025 3785 3090 3838 “.

2597 3879 2738 3946 Περὶ
2789 3880 3131 3944 νουθεσίας.
3621 3931 3624 3934 .

2157 3969 2386 4026 Ἰωάνν.
2419 3967 2486 4026 ε’.
2517 4000 2588 4012 -
2622 3966 2794 4026 Εἶπεν
2835 3973 2864 4025 ὁ
2915 3971 3122 4044 Κύριος
3169 3969 3248 4042 τῷ
3276 3968 3655 4044 παραλυτικῷ,
3751 4033 3756 4037 _

2087 4063 2183 4118 Ἰδὲ
2215 4065 2374 4137 ὑγιὴς
2403 4064 2654 4134 γέγονας,
2682 4065 2880 4138 μηκέτι
2908 4065 3214 4136 ἁμάρτανε,
3233 4064 3322 4120 ἵνα
3372 4065 3448 4136 μὴ
3475 4065 3657 4136 χεῖρόν

2073 4157 2126 4210 τί
2153 4173 2235 4210 σοι
2263 4157 2496 4224 γένοιτο.
2561 4219 2568 4226 ι
3073 4190 3090 4201 -

2141 4252 2206 4304 A'
2253 4251 2439 4304 Θεσσ.
2483 4248 2552 4303 ε’.
2583 4277 2652 4292 --
2703 4247 3136 4320 Παρακαλοῦμεν
3179 4249 3324 4321 ὑμᾶς
3346 4291 3361 4318 ,
3413 4248 3653 4322 ἀδελφοὶ,

385 4325 770 4396 pusillanimes
811 4335 870 4382 et
921 4327 1234 4396 inquietos,
1269 4329 1534 4400 suscipite
1589 4330 1873 4402 inﬁrmos;
1911 4348 1968 4389 ac

2113 4339 2380 4395 ουθετεῖτε
2428 4338 2786 4411 ὀλιγοψύχους
2846 4339 2941 4394 καὶ
3012 4340 3284 4404 ἀτάκτους
3309 4353 3323 4370 ⁸
3379 4340 3475 4394 καὶ
3527 4341 3656 4394 άντ-

386 4431 604 4489 semper
635 4417 784 4489 quod
818 4418 1022 4474 bonum
1056 4428 1142 4476 est
1168 4421 1476 4502 sectamini.

389 4880 541 4936 dant.

456 4972 625 5028 Eccli.
647 4989 798 5040 mn,
827 4975 912 5031 12.
935 5005 1006 5016 --
1024 4975 1402 5033 Misericordia
1421 4979 1640 5034 Domini
1668 4997 1835 5052 super
1859 4998 1979 5038 om-

2076 4433 2226 4504 έχετε
2280 4430 2391 4486 τῶν
2434 4431 2703 4498 ἀσθενῶν,
2752 4432 2848 4486 καὶ
2875 4431 3106 4486 πάντοτε
3167 4431 3232 4486 τὸ
3267 4430 3475 4500 ἀγαθὸν
3529 4429 3656 4484 διώ-

455 4605 585 4678 Sap.
611 4623 706 4672 xu,
735 4607 790 4662 2.
814 4607 1114 4664 —ldcirco
1155 4625 1252 4665 eos
1286 4609 1382 4680 qui
1413 4611 1800 4682 prolabuntur,
1835 4630 1972 4685 pau-
2078 4540 2224 4670 “:7:

385 4697 542 4752 latim
570 4697 777 4767 arguis,
803 4698 1058 4765 Domine,
1093 4707 1150 4754 et
1178 4699 1246 4755 de
1274 4701 1480 4770 quibus
1506 4713 1756 4770 peccant,
1785 4705 1978 4760 admo-

391 4804 529 4844 nens
571 4789 846 4860 corripis,
891 4803 953 4844 ut
997 4791 1206 4846 malitia
1239 4807 1337 4847 sua
1378 4792 1634 4864 liberati,
1666 4795 1726 4851 in
1754 4805 1808 4852 te
1850 4813 1976 4853 cre-

2142 4615 2531 4686 Σολομῶντος
2564 4613 2660 4680 ιβ’.
2697 4643 2768 4656 -
2794 4613 2894 4669 Διὰ
2918 4614 3077 4668 τοῦτο
3111 4615 3240 4678 τοὺς
3276 4613 3655 4684 παραπίπτον-

2075 4727 2174 4774 τας
2202 4709 2322 4764 κατ’
2349 4709 2532 4780 ὀλίγον
2585 4710 2856 4782 ἐλέγχεις,
2898 4707 3096 4780 Κύριε,
3137 4707 3233 4762 καὶ
3281 4707 3342 4760 ὲν
3367 4701 3451 4770 οἷς
3478 4706 3655 4776 άμαρ-

2073 4803 2328 4858 τάνουσιν
2361 4801 2799 4873 ὑπομιμνήσκων
2823 4799 3112 4866 νουθετεῖς,
3134 4799 3220 4853 ἴνα
3251 4797 3654 4866 ἀπαλλαγέντες

2077 4895 2176 4966 τῆς
2199 4894 2398 4959 κακίας
2422 4893 2603 4948 αὐτῶν
2634 4892 3001 4947 πιστεύσωσιν
3023 4892 3116 4945 ἐπὶ
3151 4891 3230 4947 σέ.

2149 4985 2294 5054 Σιρὰ
2297 5003 2334 5054 χ
2372 4992 2466 5055 ιη’.
2484 4985 2747 5049 -Ἔλεος
2765 4985 2972 5056 Κυρίου
2987 4983 3081 5038 ἐπὶ
3101 4985 3280 5037 πᾶσαν
3298 4981 3496 5052 σάρκα,
3515 4979 3656 5048 ἐλέγ-

390 5077 514 5116 uem
561 5077 806 5130 carnem,
843 5080 1081 5136 arguens
1121 5074 1180 5120 et
1207 5067 1518 5137 corripiens
1555 5077 1612 5124 et
1649 5079 1968 5142 convertens

2116 5097 2190 5131 ων
2211 5078 2308 5132 καὶ
2333 5076 2602 5132 νουθετῶν
2620 5077 2715 5132 καὶ
2742 5076 3086 5148 ἐπιστρέφων
3113 5075 3189 5138 ὡς
3213 5074 3420 5145 ποιμὴν
3447 5072 3510 5126 τὸ
3540 5071 3656 5126 ποί·-

392 5166 648 5226 tanuam
681 5166 869 5228 pastor
897 5173 1058 5213 suum
1087 5174 1328 5230 gregem.

458 5247 1012 5307 Basilii—«Violenta
1034 5266 1274 5322 namque
1295 5251 1585 5324 disciplina
1608 5254 1769 5310 ﬁrmo
1789 5255 1974 5309 animo

2091 5185 2243 5239 μνιον
2272 5167 2462 5222 αὐτοῦ.

2154 5262 2372 5314 Βασιλ.
2408 5289 2480 5300 --
2511 5259 2698 5315 Βίαιον
2719 5260 2826 5332 γὰρ
2857 5258 3093 5330 μάθημα
3134 5259 3196 5312 οὐ
3236 5257 3450 5327 πέφυκε
3488 5269 3660 5324 παραυ

391 5339 602 5396 lunrere
631 5359 742 5398 non
771 5344 910 5399 solet
939 5363 952 5397 :
981 5345 1127 5414 quod
1156 5353 1342 5400 autem
1385 5347 1670 5416 voluptate
1713 5354 1770 5402 et
1801 5349 1968 5418 gratia

2113 5351 2270 5404 ιένειν
2295 5365 2308 5380 ·
2345 5351 2404 5404 τὸ
2437 5351 2496 5406 δὲ
2523 5352 2663 5423 μετὰ
2686 5351 2929 5423 τέρψεως
2972 5351 3068 5405 καὶ
3111 5349 3336 5422 χάριτος
3378 5346 3686 5415 εἰσδυόμε-.

393 5433 726 5501 insinuatur,
761 5435 815 5490 id
843 5452 975 5492 vero
1001 5435 1213 5492 ﬁrmius
1239 5437 1658 5506 durabiliusque
1679 5437 1902 5492 insidet.

461 5526 565 5594 Qui
605 5529 880 5600 jacentem
924 5527 1043 5582 vult
1093 5529 1346 5600 erigere,
1394 5543 1464 5583 eo
1507 5527 1603 5598 qui
1655 5527 1844 5598 lapsus
1895 5539 1980 5584 est

466 5707 514 5740 ’3
547 5707 711 5763 Gesn.
772 5709 962 5762 κόπου.
1041 5709 1086 5738 ³⁵
1132 5707 1189 5760 lu
1216 5705 1382 5758 Gesn.
1417 5705 1633 5759 Stobazo
1665 5705 1756 5760 68.

2087 5460 2199 5506 νον,
2235 5442 2608 5514 μονιμώτερόν
2641 5459 2756 5506 πως
2781 5442 2980 5512 ψυχαῖς
3011 5441 3270 5506 ὲνιζάνει.

2172 5535 2234 5611 '0‘
2261 5535 2353 5589 τὸν
2384 5534 2636 5606 κείμενον
2679 5535 2916 5606 ἐγείρειν
2956 5532 3300 5603 βουλόμενος,
3336 5527 3660 5599 iri/13161690;
