  <div class='ocr_page' id='page_1' title='image "/cluster/home/n/w/nwhite01/storage/ocr_20150623/91:no.2/coo.31924054869957/430.png"; bbox 0 0 3990 6380; ppageno 0'>
   <div class='ocr_carea' id='block_1_1' title="bbox 278 446 405 511">
    <p class='ocr_par' dir='ltr' id='par_1_1' title="bbox 278 446 405 511">
     <span class='ocr_line' id='line_1_1' title="bbox 278 446 405 511; baseline -0.016 -1"><span class='ocrx_word' id='word_1_1' title='bbox 278 446 405 511; x_wconf 79' lang='lat'><strong>817</strong></span> 
     </span>
    </p>
   </div>
   <div class='ocr_carea' id='block_1_2' title="bbox 1619 439 2269 505">
    <p class='ocr_par' dir='ltr' id='par_1_2' title="bbox 1619 439 2269 505">
     <span class='ocr_line' id='line_1_2' title="bbox 1619 439 2269 505; baseline -0.002 -1"><span class='ocrx_word' id='word_1_2' title='bbox 1619 443 1789 505; x_wconf 85' lang='lat' dir='ltr'><strong>LOCl</strong></span> <span class='ocrx_word' id='word_1_3' title='bbox 1829 439 2269 505; x_wconf 76' lang='lat' dir='ltr'><strong>COMMUNES.</strong></span> 
     </span>
    </p>
   </div>
   <div class='ocr_carea' id='block_1_3' title="bbox 3472 443 3589 507">
    <p class='ocr_par' dir='ltr' id='par_1_3' title="bbox 3472 443 3589 507">
     <span class='ocr_line' id='line_1_3' title="bbox 3472 443 3589 507; baseline 0.009 -1"><span class='ocrx_word' id='word_1_4' title='bbox 3472 443 3589 507; x_wconf 53' lang='lat'><strong>818»</strong></span> 
     </span>
    </p>
   </div>
   <div class='ocr_carea' id='block_1_4' title="bbox 280 552 1893 628">
    <p class='ocr_par' dir='ltr' id='par_1_4' title="bbox 280 553 1888 628">
     <span class='ocr_line' id='line_1_4' title="bbox 280 553 1888 628; baseline -0.007 -12"><span class='ocrx_word' id='word_1_5' title='bbox 280 557 449 616; x_wconf 82' lang='grc' dir='ltr'>εἶναι</span> <span class='ocrx_word' id='word_1_6' title='bbox 500 558 596 613; x_wconf 72' lang='grc' dir='ltr'><strong>τοῦ</strong></span> <span class='ocrx_word' id='word_1_7' title='bbox 656 556 1007 619; x_wconf 79' lang='grc' dir='ltr'><strong>πεπτωκότος</strong></span> <span class='ocrx_word' id='word_1_8' title='bbox 1071 556 1288 628; x_wconf 59' lang='grc' dir='ltr'>παντως</span> <span class='ocrx_word' id='word_1_9' title='bbox 1335 553 1543 623; x_wconf 81' lang='grc' dir='ltr'><strong>ὀφείλει</strong></span> <span class='ocrx_word' id='word_1_10' title='bbox 1578 572 1591 585; x_wconf 72' lang='grc' dir='ltr'><strong>ο</strong></span> <span class='ocrx_word' id='word_1_11' title='bbox 1644 556 1673 607; x_wconf 82' lang='grc' dir='ltr'>ὁ</span> <span class='ocrx_word' id='word_1_12' title='bbox 1718 554 1781 607; x_wconf 81' lang='grc' dir='ltr'><strong>’δὲ</strong></span> <span class='ocrx_word' id='word_1_13' title='bbox 1828 553 1888 619; x_wconf 78' lang='grc' dir='ltr'>ἐξ</span> 
     </span>
    </p>
   </div>
   <div class='ocr_carea' id='block_1_5' title="bbox 2022 552 3581 628">
    <p class='ocr_par' dir='ltr' id='par_1_5' title="bbox 2022 552 3581 625">
     <span class='ocr_line' id='line_1_5' title="bbox 2022 552 3581 625; baseline 0 -16"><span class='ocrx_word' id='word_1_14' title='bbox 2022 554 2240 610; x_wconf 86' lang='lat' dir='ltr'><strong>ltiorem</strong></span> <span class='ocrx_word' id='word_1_15' title='bbox 2281 567 2400 608; x_wconf 89' lang='lat' dir='ltr'><strong>esse</strong></span> <span class='ocrx_word' id='word_1_16' title='bbox 2434 552 2661 607; x_wconf 86' lang='lat' dir='ltr'><strong>omnino</strong></span> <span class='ocrx_word' id='word_1_17' title='bbox 2689 568 2912 608; x_wconf 90' lang='lat' dir='ltr'><strong>necesse</strong></span> <span class='ocrx_word' id='word_1_18' title='bbox 2941 560 3025 609; x_wconf 88' lang='lat' dir='ltr'><strong>est</strong></span> <span class='ocrx_word' id='word_1_19' title='bbox 3059 572 3072 607; x_wconf 91' lang='lat'><strong>:</strong></span> <span class='ocrx_word' id='word_1_20' title='bbox 3100 555 3184 610; x_wconf 91' lang='lat' dir='ltr'><strong>sin</strong></span> <span class='ocrx_word' id='word_1_21' title='bbox 3217 562 3400 611; x_wconf 87' lang='lat' dir='ltr'><strong>autem</strong></span> <span class='ocrx_word' id='word_1_22' title='bbox 3432 557 3581 625; x_wconf 89' lang='lat' dir='ltr'><strong>pari-</strong></span> 
     </span>
    </p>
   </div>
   <div class='ocr_carea' id='block_1_6' title="bbox 283 645 1891 719">
    <p class='ocr_par' dir='ltr' id='par_1_6' title="bbox 283 645 1891 719">
     <span class='ocr_line' id='line_1_6' title="bbox 283 645 1891 719; baseline -0.002 -17"><span class='ocrx_word' id='word_1_23' title='bbox 283 649 422 706; x_wconf 72' lang='grc' dir='ltr'>Εσου</span> <span class='ocrx_word' id='word_1_24' title='bbox 479 649 807 705; x_wconf 83' lang='grc' dir='ltr'>καταπεσὼν</span> <span class='ocrx_word' id='word_1_25' title='bbox 836 689 852 715; x_wconf 94' lang='grc'><strong>,</strong></span> <span class='ocrx_word' id='word_1_26' title='bbox 918 647 1105 719; x_wconf 80' lang='grc' dir='ltr'>ἐτέρου</span> <span class='ocrx_word' id='word_1_27' title='bbox 1173 648 1289 717; x_wconf 34' lang='grc' dir='ltr'>καὶ,</span> <span class='ocrx_word' id='word_1_28' title='bbox 1344 645 1506 709; x_wconf 74' lang='grc' dir='ltr'>αὐτὸς</span> <span class='ocrx_word' id='word_1_29' title='bbox 1564 645 1891 710; x_wconf 83' lang='grc' dir='ltr'>ἀνιστῶντος</span> 
     </span>
    </p>
   </div>
   <div class='ocr_carea' id='block_1_7' title="bbox 282 745 783 807">
    <p class='ocr_par' dir='ltr' id='par_1_7' title="bbox 282 745 783 807">
     <span class='ocr_line' id='line_1_7' title="bbox 282 745 783 807; baseline -0.004 -10"><span class='ocrx_word' id='word_1_30' title='bbox 282 745 503 797; x_wconf 86' lang='grc' dir='ltr'>δεῖται.</span> <span class='ocrx_word' id='word_1_31' title='bbox 774 797 783 807; x_wconf 66' lang='grc'><strong>,</strong></span> 
     </span>
    </p>
   </div>
   <div class='ocr_carea' id='block_1_8' title="bbox 381 832 1890 905">
    <p class='ocr_par' dir='ltr' id='par_1_8' title="bbox 381 832 1890 905">
     <span class='ocr_line' id='line_1_8' title="bbox 381 832 1890 905; baseline -0.003 -14"><span class='ocrx_word' id='word_1_32' title='bbox 381 839 549 891; x_wconf 76' lang='grc' dir='ltr'>Θεολ.</span> <span class='ocrx_word' id='word_1_33' title='bbox 580 863 653 876; x_wconf 90' lang='lat'><strong>——</strong></span> <span class='ocrx_word' id='word_1_34' title='bbox 676 835 830 905; x_wconf 83' lang='grc' dir='ltr'>Μήτε</span> <span class='ocrx_word' id='word_1_35' title='bbox 870 834 929 887; x_wconf 75' lang='grc' dir='ltr'>τὸ</span> <span class='ocrx_word' id='word_1_36' title='bbox 954 833 1141 902; x_wconf 81' lang='grc' dir='ltr'><strong>ἀλγεῖν</strong></span> <span class='ocrx_word' id='word_1_37' title='bbox 1172 832 1633 904; x_wconf 73' lang='grc' dir='ltr'><strong>ἀπαραμύθητον,</strong></span> <span class='ocrx_word' id='word_1_38' title='bbox 1668 832 1807 904; x_wconf 80' lang='grc' dir='ltr'>μήτε</span> <span class='ocrx_word' id='word_1_39' title='bbox 1830 834 1890 886; x_wconf 71' lang='grc' dir='ltr'>τὸ</span> 
     </span>
    </p>
   </div>
   <div class='ocr_carea' id='block_1_9' title="bbox 299 925 1161 1001">
    <p class='ocr_par' dir='ltr' id='par_1_9' title="bbox 299 925 1161 1001">
     <span class='ocr_line' id='line_1_9' title="bbox 299 925 1161 1001; baseline -0.005 -17"><span class='ocrx_word' id='word_1_40' title='bbox 299 926 369 985; x_wconf 72' lang='grc' dir='ltr'>εὖ</span> <span class='ocrx_word' id='word_1_41' title='bbox 394 931 652 1001; x_wconf 81' lang='grc' dir='ltr'>πράττειν</span> <span class='ocrx_word' id='word_1_42' title='bbox 677 925 1161 995; x_wconf 81' lang='grc' dir='ltr'>ἁπαιδαγώγητον.</span> 
     </span>
    </p>
   </div>
   <div class='ocr_carea' id='block_1_10' title="bbox 376 1018 1890 1091">
    <p class='ocr_par' dir='ltr' id='par_1_10' title="bbox 376 1018 1890 1091">
     <span class='ocr_line' id='line_1_10' title="bbox 376 1018 1890 1091; baseline -0.002 -15"><span class='ocrx_word' id='word_1_43' title='bbox 376 1026 678 1091; x_wconf 82' lang='grc' dir='ltr'>Χρυσοστ.</span> <span class='ocrx_word' id='word_1_44' title='bbox 717 1049 784 1062; x_wconf 91' lang='lat'><strong>--</strong></span> <span class='ocrx_word' id='word_1_45' title='bbox 818 1019 911 1087; x_wconf 83' lang='grc' dir='ltr'><strong>Μὴ</strong></span> <span class='ocrx_word' id='word_1_46' title='bbox 956 1018 1149 1084; x_wconf 75' lang='grc' dir='ltr'>ἄλλους</span> <span class='ocrx_word' id='word_1_47' title='bbox 1210 1018 1479 1090; x_wconf 79' lang='grc' dir='ltr'>ἰατρεύειν</span> <span class='ocrx_word' id='word_1_48' title='bbox 1524 1019 1890 1091; x_wconf 72' lang='grc' dir='ltr'>ἐπιχειρήσω-</span> 
     </span>
    </p>
   </div>
   <div class='ocr_carea' id='block_1_11' title="bbox 305 1111 1227 1186">
    <p class='ocr_par' dir='ltr' id='par_1_11' title="bbox 305 1111 1227 1186">
     <span class='ocr_line' id='line_1_11' title="bbox 305 1111 1227 1186; baseline -0.003 -18"><span class='ocrx_word' id='word_1_49' title='bbox 305 1133 433 1186; x_wconf 81' lang='grc' dir='ltr'>μεν,</span> <span class='ocrx_word' id='word_1_50' title='bbox 478 1114 637 1168; x_wconf 77' lang='grc' dir='ltr'>αὐτοὶ</span> <span class='ocrx_word' id='word_1_51' title='bbox 689 1112 942 1183; x_wconf 78' lang='grc' dir='ltr'><strong>βρύοντες</strong></span> <span class='ocrx_word' id='word_1_52' title='bbox 987 1111 1227 1165; x_wconf 74' lang='grc' dir='ltr'>ἕλκεσιν.</span> 
     </span>
    </p>
   </div>
   <div class='ocr_carea' id='block_1_12' title="bbox 375 1202 1891 1277">
    <p class='ocr_par' dir='ltr' id='par_1_12' title="bbox 375 1202 1891 1277">
     <span class='ocr_line' id='line_1_12' title="bbox 375 1202 1891 1277; baseline -0.003 -17"><span class='ocrx_word' id='word_1_53' title='bbox 375 1204 657 1277; x_wconf 80' lang='grc' dir='ltr'>Συμφέρει</span> <span class='ocrx_word' id='word_1_54' title='bbox 709 1203 1000 1259; x_wconf 79' lang='grc' dir='ltr'>δάκνεσθαι</span> <span class='ocrx_word' id='word_1_55' title='bbox 1031 1203 1118 1257; x_wconf 72' lang='grc' dir='ltr'><strong>διὰ</strong></span> <span class='ocrx_word' id='word_1_56' title='bbox 1160 1203 1257 1273; x_wconf 82' lang='grc' dir='ltr'>τῆς</span> <span class='ocrx_word' id='word_1_57' title='bbox 1286 1202 1396 1255; x_wconf 88' lang='grc' dir='ltr'><strong>τῶν</strong></span> <span class='ocrx_word' id='word_1_58' title='bbox 1422 1204 1686 1275; x_wconf 81' lang='grc' dir='ltr'><strong>ῥημάτων</strong></span> <span class='ocrx_word' id='word_1_59' title='bbox 1722 1204 1891 1276; x_wconf 77' lang='grc' dir='ltr'>ἀλγη-</span> 
     </span>
    </p>
   </div>
   <div class='ocr_carea' id='block_1_13' title="bbox 291 1294 1894 1369">
    <p class='ocr_par' dir='ltr' id='par_1_13' title="bbox 291 1294 1894 1369">
     <span class='ocr_line' id='line_1_13' title="bbox 291 1294 1894 1369; baseline -0.001 -15"><span class='ocrx_word' id='word_1_60' title='bbox 291 1299 453 1363; x_wconf 79' lang='grc' dir='ltr'>δόνος</span> <span class='ocrx_word' id='word_1_61' title='bbox 479 1298 606 1362; x_wconf 77' lang='grc' dir='ltr'>τοὺς</span> <span class='ocrx_word' id='word_1_62' title='bbox 635 1298 1069 1368; x_wconf 81' lang='grc' dir='ltr'>ἁμαρτάνοντας,</span> <span class='ocrx_word' id='word_1_63' title='bbox 1101 1296 1190 1350; x_wconf 85' lang='grc' dir='ltr'><strong>ἴνα</strong></span> <span class='ocrx_word' id='word_1_64' title='bbox 1229 1296 1328 1365; x_wconf 81' lang='grc' dir='ltr'>τῆς</span> <span class='ocrx_word' id='word_1_65' title='bbox 1367 1294 1456 1348; x_wconf 86' lang='grc' dir='ltr'>διὰ</span> <span class='ocrx_word' id='word_1_66' title='bbox 1494 1295 1602 1350; x_wconf 84' lang='grc' dir='ltr'><strong>τῶν</strong></span> <span class='ocrx_word' id='word_1_67' title='bbox 1633 1298 1894 1369; x_wconf 80' lang='grc' dir='ltr'>πραγμά-</span> 
     </span>
    </p>
   </div>
   <div class='ocr_carea' id='block_1_14' title="bbox 291 1388 1284 1462">
    <p class='ocr_par' dir='ltr' id='par_1_14' title="bbox 291 1388 1284 1462">
     <span class='ocr_line' id='line_1_14' title="bbox 291 1388 1284 1462; baseline 0 -18"><span class='ocrx_word' id='word_1_68' title='bbox 291 1409 417 1446; x_wconf 83' lang='grc' dir='ltr'>των</span> <span class='ocrx_word' id='word_1_69' title='bbox 455 1389 845 1462; x_wconf 80' lang='grc' dir='ltr'><strong>ἀσχημοσύνης</strong></span> <span class='ocrx_word' id='word_1_70' title='bbox 871 1388 1284 1456; x_wconf 81' lang='grc' dir='ltr'><strong>ἀπαλλαγῶσιν.</strong></span> 
     </span>
    </p>
   </div>
   <div class='ocr_carea' id='block_1_15' title="bbox 381 1480 1891 1554">
    <p class='ocr_par' dir='ltr' id='par_1_15' title="bbox 381 1480 1891 1554">
     <span class='ocr_line' id='line_1_15' title="bbox 381 1480 1891 1554; baseline -0.002 -15"><span class='ocrx_word' id='word_1_71' title='bbox 381 1485 476 1554; x_wconf 83' lang='grc' dir='ltr'><strong>Μὴ</strong></span> <span class='ocrx_word' id='word_1_72' title='bbox 524 1485 606 1537; x_wconf 85' lang='grc' dir='ltr'>δεῖ</span> <span class='ocrx_word' id='word_1_73' title='bbox 649 1481 982 1554; x_wconf 84' lang='grc' dir='ltr'>βαρύνεσθαι</span> <span class='ocrx_word' id='word_1_74' title='bbox 1028 1480 1128 1552; x_wconf 81' lang='grc' dir='ltr'>τὴν</span> <span class='ocrx_word' id='word_1_75' title='bbox 1175 1481 1523 1546; x_wconf 80' lang='grc' dir='ltr'>παραίνεσιν.</span> <span class='ocrx_word' id='word_1_76' title='bbox 1552 1483 1615 1537; x_wconf 80' lang='grc' dir='ltr'>Εἰ</span> <span class='ocrx_word' id='word_1_77' title='bbox 1644 1482 1754 1553; x_wconf 85' lang='grc' dir='ltr'><strong>γὰρ</strong></span> <span class='ocrx_word' id='word_1_78' title='bbox 1793 1481 1891 1552; x_wconf 87' lang='grc' dir='ltr'><strong>βα-</strong></span> 
     </span>
    </p>
   </div>
   <div class='ocr_carea' id='block_1_16' title="bbox 297 1573 1892 1647">
    <p class='ocr_par' dir='ltr' id='par_1_16' title="bbox 297 1573 1892 1647">
     <span class='ocr_line' id='line_1_16' title="bbox 297 1573 1892 1647; baseline -0.001 -17"><span class='ocrx_word' id='word_1_79' title='bbox 297 1576 566 1647; x_wconf 82' lang='grc' dir='ltr'>ρύνεσθαι</span> <span class='ocrx_word' id='word_1_80' title='bbox 613 1575 739 1639; x_wconf 73' lang='grc' dir='ltr'>ἔδει,</span> <span class='ocrx_word' id='word_1_81' title='bbox 796 1574 898 1645; x_wconf 78' lang='grc' dir='ltr'><strong>ἐμὲ</strong></span> <span class='ocrx_word' id='word_1_82' title='bbox 954 1573 1064 1627; x_wconf 83' lang='grc' dir='ltr'>ἔδει</span> <span class='ocrx_word' id='word_1_83' title='bbox 1112 1574 1206 1628; x_wconf 82' lang='grc' dir='ltr'><strong>τὸν</strong></span> <span class='ocrx_word' id='word_1_84' title='bbox 1249 1574 1510 1640; x_wconf 82' lang='grc' dir='ltr'>πολλάκις</span> <span class='ocrx_word' id='word_1_85' title='bbox 1539 1575 1766 1645; x_wconf 82' lang='grc' dir='ltr'>λέγοντα</span> <span class='ocrx_word' id='word_1_86' title='bbox 1797 1575 1892 1629; x_wconf 74' lang='grc' dir='ltr'><strong>καὶ</strong></span> 
     </span>
    </p>
   </div>
   <div class='ocr_carea' id='block_1_17' title="bbox 290 1667 1890 1741">
    <p class='ocr_par' dir='ltr' id='par_1_17' title="bbox 290 1667 1890 1741">
     <span class='ocr_line' id='line_1_17' title="bbox 290 1667 1890 1741; baseline -0.001 -18"><span class='ocrx_word' id='word_1_87' title='bbox 290 1669 405 1723; x_wconf 80' lang='grc' dir='ltr'><strong>οὐκ</strong></span> <span class='ocrx_word' id='word_1_88' title='bbox 434 1668 787 1740; x_wconf 74' lang='grc' dir='ltr'>ἀκουόμενονσ</span> <span class='ocrx_word' id='word_1_89' title='bbox 815 1667 916 1736; x_wconf 83' lang='grc' dir='ltr'><strong>οὐχ</strong></span> <span class='ocrx_word' id='word_1_90' title='bbox 956 1667 1121 1739; x_wconf 82' lang='grc' dir='ltr'>ὑμᾶς,</span> <span class='ocrx_word' id='word_1_91' title='bbox 1156 1668 1283 1732; x_wconf 79' lang='grc' dir='ltr'>τοὺς</span> <span class='ocrx_word' id='word_1_92' title='bbox 1320 1669 1407 1723; x_wconf 53' lang='grc' dir='ltr'><strong>ἀεὶ⁸</strong></span> <span class='ocrx_word' id='word_1_93' title='bbox 1449 1669 1550 1741; x_wconf 83' lang='grc' dir='ltr'><strong>μὲν</strong></span> <span class='ocrx_word' id='word_1_94' title='bbox 1573 1668 1890 1734; x_wconf 83' lang='grc' dir='ltr'>ἀκούοντας,</span> 
     </span>
    </p>
   </div>
   <div class='ocr_carea' id='block_1_18' title="bbox 287 1761 945 1834">
    <p class='ocr_par' dir='ltr' id='par_1_18' title="bbox 287 1761 945 1834">
     <span class='ocr_line' id='line_1_18' title="bbox 287 1761 945 1834; baseline 0 -18"><span class='ocrx_word' id='word_1_95' title='bbox 287 1764 390 1816; x_wconf 73' lang='grc' dir='ltr'><strong>ἀεὶ</strong></span> <span class='ocrx_word' id='word_1_96' title='bbox 418 1762 477 1817; x_wconf 82' lang='grc' dir='ltr'>δὲ</span> <span class='ocrx_word' id='word_1_97' title='bbox 506 1761 945 1834; x_wconf 86' lang='grc' dir='ltr'>παρακούοντας.</span> 
     </span>
    </p>
   </div>
   <div class='ocr_carea' id='block_1_19' title="bbox 383 1853 1893 1927">
    <p class='ocr_par' dir='ltr' id='par_1_19' title="bbox 383 1853 1893 1927">
     <span class='ocr_line' id='line_1_19' title="bbox 383 1853 1893 1927; baseline -0.003 -16"><span class='ocrx_word' id='word_1_98' title='bbox 383 1856 672 1923; x_wconf 84' lang='grc' dir='ltr'>Ἀριστοτ.</span> <span class='ocrx_word' id='word_1_99' title='bbox 698 1885 767 1897; x_wconf 87' lang='grc'><strong><em>-</em></strong></span> <span class='ocrx_word' id='word_1_100' title='bbox 788 1854 880 1926; x_wconf 86' lang='grc' dir='ltr'><strong>Μὴ</strong></span> <span class='ocrx_word' id='word_1_101' title='bbox 916 1853 1137 1910; x_wconf 78' lang='grc' dir='ltr'>ἔλαττον</span> <span class='ocrx_word' id='word_1_102' title='bbox 1170 1855 1304 1927; x_wconf 83' lang='grc' dir='ltr'>ἡγοῦ</span> <span class='ocrx_word' id='word_1_103' title='bbox 1332 1855 1425 1910; x_wconf 82' lang='grc' dir='ltr'><strong>τοῦ</strong></span> <span class='ocrx_word' id='word_1_104' title='bbox 1461 1855 1804 1910; x_wconf 78' lang='grc' dir='ltr'>ἐπαινεῖσθαι</span> <span class='ocrx_word' id='word_1_105' title='bbox 1834 1855 1893 1908; x_wconf 77' lang='grc' dir='ltr'>τὸ</span> 
     </span>
    </p>
   </div>
   <div class='ocr_carea' id='block_1_20' title="bbox 287 1947 698 2003">
    <p class='ocr_par' dir='ltr' id='par_1_20' title="bbox 287 1947 698 2003">
     <span class='ocr_line' id='line_1_20' title="bbox 287 1947 698 2003; baseline 0.005 -2"><span class='ocrx_word' id='word_1_106' title='bbox 287 1947 698 2003; x_wconf 81' lang='grc' dir='ltr'>νουθετεῖσθαι.</span> 
     </span>
    </p>
   </div>
   <div class='ocr_carea' id='block_1_21' title="bbox 373 2038 1890 2113">
    <p class='ocr_par' dir='ltr' id='par_1_21' title="bbox 373 2038 1890 2113">
     <span class='ocr_line' id='line_1_21' title="bbox 373 2038 1890 2113; baseline 0.001 -21"><span class='ocrx_word' id='word_1_107' title='bbox 373 2038 680 2109; x_wconf 76' lang='grc' dir='ltr'><strong>Διογένης.</strong></span> <span class='ocrx_word' id='word_1_108' title='bbox 718 2069 787 2080; x_wconf 92' lang='grc'><strong>--</strong></span> <span class='ocrx_word' id='word_1_109' title='bbox 815 2039 1031 2112; x_wconf 80' lang='grc' dir='ltr'>Νεκρδν</span> <span class='ocrx_word' id='word_1_110' title='bbox 1064 2038 1335 2113; x_wconf 72' lang='grc' dir='ltr'>ἰατρεύειν</span> <span class='ocrx_word' id='word_1_111' title='bbox 1370 2040 1467 2094; x_wconf 76' lang='grc' dir='ltr'><strong>καί</strong></span> <span class='ocrx_word' id='word_1_112' title='bbox 1501 2039 1736 2112; x_wconf 76' lang='grc' dir='ltr'>γέροντα</span> <span class='ocrx_word' id='word_1_113' title='bbox 1765 2057 1890 2094; x_wconf 84' lang='grc' dir='ltr'>νου-</span> 
     </span>
    </p>
   </div>
   <div class='ocr_carea' id='block_1_22' title="bbox 298 2132 941 2200">
    <p class='ocr_par' dir='ltr' id='par_1_22' title="bbox 298 2132 941 2200">
     <span class='ocr_line' id='line_1_22' title="bbox 298 2132 941 2200; baseline 0.003 -15"><span class='ocrx_word' id='word_1_114' title='bbox 298 2132 502 2200; x_wconf 79' lang='grc' dir='ltr'>Θετεῖν,</span> <span class='ocrx_word' id='word_1_115' title='bbox 528 2132 728 2186; x_wconf 82' lang='grc' dir='ltr'>ταυτὸν</span> <span class='ocrx_word' id='word_1_116' title='bbox 767 2133 941 2187; x_wconf 78' lang='grc' dir='ltr'>ἐστιν.</span> 
     </span>
    </p>
   </div>
   <div class='ocr_carea' id='block_1_23' title="bbox 376 2223 1890 2293">
    <p class='ocr_par' dir='ltr' id='par_1_23' title="bbox 376 2223 1890 2293">
     <span class='ocr_line' id='line_1_23' title="bbox 376 2223 1890 2293; baseline -0.001 -16"><span class='ocrx_word' id='word_1_117' title='bbox 376 2225 635 2293; x_wconf 81' lang='grc' dir='ltr'>Δημοσθ.</span> <span class='ocrx_word' id='word_1_118' title='bbox 682 2223 1097 2291; x_wconf 81' lang='grc' dir='ltr'>Πυνθανομένου</span> <span class='ocrx_word' id='word_1_119' title='bbox 1134 2224 1300 2288; x_wconf 74' lang='grc' dir='ltr'>τινὸς,</span> <span class='ocrx_word' id='word_1_120' title='bbox 1338 2225 1456 2288; x_wconf 87' lang='grc' dir='ltr'><strong>πῶς</strong></span> <span class='ocrx_word' id='word_1_121' title='bbox 1498 2224 1563 2279; x_wconf 78' lang='grc' dir='ltr'>ἄν</span> <span class='ocrx_word' id='word_1_122' title='bbox 1586 2242 1668 2289; x_wconf 84' lang='grc' dir='ltr'><strong>τις</strong></span> <span class='ocrx_word' id='word_1_123' title='bbox 1698 2223 1890 2278; x_wconf 76' lang='grc' dir='ltr'>ἑαυτοῦ</span> 
     </span>
    </p>
   </div>
   <div class='ocr_carea' id='block_1_24' title="bbox 292 2310 1891 2388">
    <p class='ocr_par' dir='ltr' id='par_1_24' title="bbox 292 2310 1891 2388">
     <span class='ocr_line' id='line_1_24' title="bbox 292 2310 1891 2388; baseline 0 -20"><span class='ocrx_word' id='word_1_124' title='bbox 292 2314 627 2379; x_wconf 78' lang='grc' dir='ltr'>διδάσκαλος</span> <span class='ocrx_word' id='word_1_125' title='bbox 658 2317 911 2387; x_wconf 80' lang='grc' dir='ltr'>γένηται,</span> <span class='ocrx_word' id='word_1_126' title='bbox 936 2314 1107 2388; x_wconf 84' lang='grc' dir='ltr'>Εἰπερ</span> <span class='ocrx_word' id='word_1_127' title='bbox 1150 2310 1225 2370; x_wconf 83' lang='grc' dir='ltr'>ὧν</span> <span class='ocrx_word' id='word_1_128' title='bbox 1258 2318 1491 2387; x_wconf 73' lang='grc' dir='ltr'>ἐπιτιμᾷ</span> <span class='ocrx_word' id='word_1_129' title='bbox 1542 2319 1656 2380; x_wconf 81' lang='grc' dir='ltr'>τοῖς</span> <span class='ocrx_word' id='word_1_130' title='bbox 1688 2316 1891 2381; x_wconf 82' lang='grc' dir='ltr'>ἄλλοις,</span> 
     </span>
    </p>
   </div>
   <div class='ocr_carea' id='block_1_25' title="bbox 294 2404 1365 2480">
    <p class='ocr_par' dir='ltr' id='par_1_25' title="bbox 294 2404 1365 2480">
     <span class='ocr_line' id='line_1_25' title="bbox 294 2404 1365 2480; baseline 0.004 -22"><span class='ocrx_word' id='word_1_131' title='bbox 294 2404 434 2479; x_wconf 74' lang='grc' dir='ltr'>ἔφη,</span> <span class='ocrx_word' id='word_1_132' title='bbox 464 2408 561 2462; x_wconf 70' lang='grc' dir='ltr'><strong>καὶ</strong></span> <span class='ocrx_word' id='word_1_133' title='bbox 591 2408 767 2480; x_wconf 80' lang='grc' dir='ltr'>ἑαυτῷ</span> <span class='ocrx_word' id='word_1_134' title='bbox 798 2407 1072 2479; x_wconf 81' lang='grc' dir='ltr'>ὲπιτιμῴη</span> <span class='ocrx_word' id='word_1_135' title='bbox 1109 2408 1365 2479; x_wconf 82' lang='grc' dir='ltr'>μάλιστα.</span> 
     </span>
    </p>
   </div>
   <div class='ocr_carea' id='block_1_26' title="bbox 375 2581 1893 2653">
    <p class='ocr_par' dir='ltr' id='par_1_26' title="bbox 375 2581 1893 2653">
     <span class='ocr_line' id='line_1_26' title="bbox 375 2581 1893 2653; baseline 0.001 -19"><span class='ocrx_word' id='word_1_136' title='bbox 375 2581 714 2651; x_wconf 82' lang='grc' dir='ltr'><strong>Δημητρίου</strong></span> <span class='ocrx_word' id='word_1_137' title='bbox 762 2584 1101 2652; x_wconf 72' lang='grc' dir='ltr'>Φαληρέως.</span> <span class='ocrx_word' id='word_1_138' title='bbox 1137 2614 1206 2625; x_wconf 93' lang='lat'><strong><em>—</em></strong></span> <span class='ocrx_word' id='word_1_139' title='bbox 1243 2584 1311 2636; x_wconf 83' lang='grc' dir='ltr'><strong>’Ἀ</strong></span> <span class='ocrx_word' id='word_1_140' title='bbox 1356 2582 1465 2653; x_wconf 74' lang='grc' dir='ltr'>γὰρ</span> <span class='ocrx_word' id='word_1_141' title='bbox 1516 2585 1562 2636; x_wconf 87' lang='grc' dir='ltr'><strong>οἰ</strong></span> <span class='ocrx_word' id='word_1_142' title='bbox 1600 2583 1744 2653; x_wconf 80' lang='grc' dir='ltr'>φίλοι</span> <span class='ocrx_word' id='word_1_143' title='bbox 1781 2586 1893 2648; x_wconf 81' lang='grc' dir='ltr'>τοῖς</span> 
     </span>
    </p>
   </div>
   <div class='ocr_carea' id='block_1_27' title="bbox 298 2669 1945 2745">
    <p class='ocr_par' dir='ltr' id='par_1_27' title="bbox 298 2669 1945 2745">
     <span class='ocr_line' id='line_1_27' title="bbox 298 2669 1945 2745; baseline -0.001 -20"><span class='ocrx_word' id='word_1_144' title='bbox 298 2669 691 2740; x_wconf 79' lang='grc' dir='ltr'>βασιλεύουσιν</span> <span class='ocrx_word' id='word_1_145' title='bbox 723 2674 786 2727; x_wconf 80' lang='grc' dir='ltr'><strong>οὐ</strong></span> <span class='ocrx_word' id='word_1_146' title='bbox 826 2673 1090 2744; x_wconf 78' lang='grc' dir='ltr'>θαρροῦσι</span> <span class='ocrx_word' id='word_1_147' title='bbox 1117 2675 1429 2745; x_wconf 82' lang='grc' dir='ltr'>παραινεῖν,</span> <span class='ocrx_word' id='word_1_148' title='bbox 1462 2672 1637 2726; x_wconf 84' lang='grc' dir='ltr'>ταῦτα</span> <span class='ocrx_word' id='word_1_149' title='bbox 1680 2675 1739 2726; x_wconf 83' lang='grc' dir='ltr'>ἐν</span> <span class='ocrx_word' id='word_1_150' title='bbox 1780 2675 1894 2737; x_wconf 83' lang='grc' dir='ltr'>τοῖς</span> <span class='ocrx_word' id='word_1_151' title='bbox 1944 2694 1945 2697; x_wconf 50' lang='grc' dir='ltr'><strong>η</strong></span> 
     </span>
    </p>
   </div>
   <div class='ocr_carea' id='block_1_28' title="bbox 298 2762 910 2835">
    <p class='ocr_par' dir='ltr' id='par_1_28' title="bbox 298 2762 910 2835">
     <span class='ocr_line' id='line_1_28' title="bbox 298 2762 910 2835; baseline 0.007 -19"><span class='ocrx_word' id='word_1_152' title='bbox 298 2762 538 2832; x_wconf 74' lang='grc' dir='ltr'>βιϐλίοις</span> <span class='ocrx_word' id='word_1_153' title='bbox 574 2765 910 2835; x_wconf 80' lang='grc' dir='ltr'>γέγραπται.</span> 
     </span>
    </p>
   </div>
   <div class='ocr_carea' id='block_1_29' title="bbox 381 2854 1893 2927">
    <p class='ocr_par' dir='ltr' id='par_1_29' title="bbox 381 2854 1893 2927">
     <span class='ocr_line' id='line_1_29' title="bbox 381 2854 1893 2927; baseline 0.001 -20"><span class='ocrx_word' id='word_1_154' title='bbox 381 2854 595 2927; x_wconf 80' lang='grc' dir='ltr'>Ὥσπερ</span> <span class='ocrx_word' id='word_1_155' title='bbox 624 2855 685 2908; x_wconf 84' lang='grc' dir='ltr'>τὸ</span> <span class='ocrx_word' id='word_1_156' title='bbox 715 2856 838 2927; x_wconf 85' lang='grc' dir='ltr'><strong>μέλι</strong></span> <span class='ocrx_word' id='word_1_157' title='bbox 866 2857 933 2910; x_wconf 83' lang='grc' dir='ltr'>τὰ</span> <span class='ocrx_word' id='word_1_158' title='bbox 958 2856 1251 2927; x_wconf 78' lang='grc' dir='ltr'>ἡλκωμένα</span> <span class='ocrx_word' id='word_1_159' title='bbox 1296 2856 1503 2921; x_wconf 84' lang='grc' dir='ltr'>δάκνει,</span> <span class='ocrx_word' id='word_1_160' title='bbox 1529 2859 1639 2920; x_wconf 81' lang='grc' dir='ltr'>τοῖς</span> <span class='ocrx_word' id='word_1_161' title='bbox 1670 2857 1724 2910; x_wconf 77' lang='grc' dir='ltr'><strong>δὲ</strong></span> <span class='ocrx_word' id='word_1_162' title='bbox 1752 2855 1893 2909; x_wconf 80' lang='grc' dir='ltr'>κατὰ</span> 
     </span>
    </p>
   </div>
   <div class='ocr_carea' id='block_1_30' title="bbox 294 2945 1890 3021">
    <p class='ocr_par' dir='ltr' id='par_1_30' title="bbox 294 2945 1890 3021">
     <span class='ocr_line' id='line_1_30' title="bbox 294 2945 1890 3021; baseline 0.001 -20"><span class='ocrx_word' id='word_1_163' title='bbox 294 2945 476 3017; x_wconf 79' lang='grc' dir='ltr'>φύσιν</span> <span class='ocrx_word' id='word_1_164' title='bbox 514 2948 614 3019; x_wconf 77' lang='grc' dir='ltr'>ἡδύ</span> <span class='ocrx_word' id='word_1_165' title='bbox 645 2950 814 3003; x_wconf 77' lang='grc' dir='ltr'>ἐστιν’</span> <span class='ocrx_word' id='word_1_166' title='bbox 845 2948 990 3004; x_wconf 79' lang='grc' dir='ltr'>οὕτω</span> <span class='ocrx_word' id='word_1_167' title='bbox 1021 2951 1117 3004; x_wconf 69' lang='grc' dir='ltr'><strong>καὶ</strong></span> <span class='ocrx_word' id='word_1_168' title='bbox 1151 2952 1202 3003; x_wconf 87' lang='grc' dir='ltr'>οἱ</span> <span class='ocrx_word' id='word_1_169' title='bbox 1254 2953 1319 3004; x_wconf 82' lang='grc' dir='ltr'>ὲκ</span> <span class='ocrx_word' id='word_1_170' title='bbox 1354 2950 1674 3021; x_wconf 64' lang='grc' dir='ltr'>φιλοσοφίας</span> <span class='ocrx_word' id='word_1_171' title='bbox 1722 2950 1890 3019; x_wconf 72' lang='grc' dir='ltr'>λύγοι.</span> 
     </span>
    </p>
   </div>
   <div class='ocr_carea' id='block_1_31' title="bbox 971 3132 1251 3201">
    <p class='ocr_par' dir='ltr' id='par_1_31' title="bbox 971 3132 1251 3201">
     <span class='ocr_line' id='line_1_31' title="bbox 971 3132 1251 3201; baseline 0.018 -16"><span class='ocrx_word' id='word_1_172' title='bbox 971 3132 1251 3201; x_wconf 77' lang='grc' dir='ltr'>Εὐριπίδ.</span> 
     </span>
    </p>
   </div>
   <div class='ocr_carea' id='block_1_32' title="bbox 378 3223 1742 3295">
    <p class='ocr_par' dir='ltr' id='par_1_32' title="bbox 378 3223 1742 3295">
     <span class='ocr_line' id='line_1_32' title="bbox 378 3223 1742 3295; baseline 0.001 -16"><span class='ocrx_word' id='word_1_173' title='bbox 378 3223 683 3295; x_wconf 76' lang='grc' dir='ltr'>’Δπαντές</span> <span class='ocrx_word' id='word_1_174' title='bbox 723 3224 911 3292; x_wconf 77' lang='grc' dir='ltr'>ἐσμεν</span> <span class='ocrx_word' id='word_1_175' title='bbox 950 3226 1038 3295; x_wconf 69' lang='grc' dir='ltr'><strong>εἰς</strong></span> <span class='ocrx_word' id='word_1_176' title='bbox 1086 3226 1151 3279; x_wconf 81' lang='grc' dir='ltr'>τὸ</span> <span class='ocrx_word' id='word_1_177' title='bbox 1201 3226 1742 3295; x_wconf 61' lang='grc' dir='ltr'>νουθετεῖν-σοφοί.</span> 
     </span>
    </p>
   </div>
   <div class='ocr_carea' id='block_1_33' title="bbox 373 3294 1638 3366">
    <p class='ocr_par' dir='ltr' id='par_1_33' title="bbox 373 3294 1638 3366">
     <span class='ocr_line' id='line_1_33' title="bbox 373 3294 1638 3366; baseline 0.001 -16"><span class='ocrx_word' id='word_1_178' title='bbox 373 3295 561 3350; x_wconf 73' lang='grc' dir='ltr'><strong>Αὐτοί</strong></span> <span class='ocrx_word' id='word_1_179' title='bbox 580 3294 633 3347; x_wconf 83' lang='grc' dir='ltr'>δ’</span> <span class='ocrx_word' id='word_1_180' title='bbox 663 3294 810 3351; x_wconf 83' lang='grc' dir='ltr'>ὅταν</span> <span class='ocrx_word' id='word_1_181' title='bbox 830 3294 1112 3364; x_wconf 71' lang='grc' dir='ltr'>ποιῶμεν,</span> <span class='ocrx_word' id='word_1_182' title='bbox 1143 3298 1215 3352; x_wconf 83' lang='grc' dir='ltr'>οὺ</span> <span class='ocrx_word' id='word_1_183' title='bbox 1243 3294 1638 3366; x_wconf 72' lang='grc' dir='ltr'>γινώσκομεν.</span> 
     </span>
    </p>
   </div>
   <div class='ocr_carea' id='block_1_34' title="bbox 363 3405 1891 3478">
    <p class='ocr_par' dir='ltr' id='par_1_34' title="bbox 363 3405 1891 3478">
     <span class='ocr_line' id='line_1_34' title="bbox 363 3405 1891 3478; baseline -0.001 -16"><span class='ocrx_word' id='word_1_184' title='bbox 363 3407 596 3462; x_wconf 79' lang='grc' dir='ltr'>Αἰσὼπ.</span> <span class='ocrx_word' id='word_1_185' title='bbox 645 3435 717 3447; x_wconf 91' lang='grc'><strong><em>--</em></strong></span> <span class='ocrx_word' id='word_1_186' title='bbox 758 3406 1012 3470; x_wconf 74' lang='grc' dir='ltr'>Αἴσωπος</span> <span class='ocrx_word' id='word_1_187' title='bbox 1083 3406 1186 3478; x_wconf 80' lang='grc' dir='ltr'>ἔφη</span> <span class='ocrx_word' id='word_1_188' title='bbox 1216 3447 1230 3471; x_wconf 87' lang='grc'><strong>,</strong></span> <span class='ocrx_word' id='word_1_189' title='bbox 1278 3405 1371 3460; x_wconf 84' lang='grc' dir='ltr'><strong>δύο</strong></span> <span class='ocrx_word' id='word_1_190' title='bbox 1434 3407 1616 3478; x_wconf 79' lang='grc' dir='ltr'>πήρας</span> <span class='ocrx_word' id='word_1_191' title='bbox 1659 3407 1891 3471; x_wconf 78' lang='grc' dir='ltr'>ἕκαστος</span> 
     </span>
    </p>
   </div>
   <div class='ocr_carea' id='block_1_35' title="bbox 288 3496 1886 3569">
    <p class='ocr_par' dir='ltr' id='par_1_35' title="bbox 288 3496 1886 3569">
     <span class='ocr_line' id='line_1_35' title="bbox 288 3496 1886 3569; baseline 0.001 -17"><span class='ocrx_word' id='word_1_192' title='bbox 288 3497 467 3569; x_wconf 77' lang='grc' dir='ltr'>ἡμῶν</span> <span class='ocrx_word' id='word_1_193' title='bbox 501 3497 707 3569; x_wconf 76' lang='grc' dir='ltr'>φέρειν’</span> <span class='ocrx_word' id='word_1_194' title='bbox 753 3498 854 3568; x_wconf 84' lang='grc' dir='ltr'>τὴν</span> <span class='ocrx_word' id='word_1_195' title='bbox 888 3497 1005 3567; x_wconf 82' lang='grc' dir='ltr'>μὲν,</span> <span class='ocrx_word' id='word_1_196' title='bbox 1041 3496 1374 3569; x_wconf 75' lang='grc' dir='ltr'>ἔμπροσθεν·</span> <span class='ocrx_word' id='word_1_197' title='bbox 1403 3498 1501 3569; x_wconf 84' lang='grc' dir='ltr'>τὴν</span> <span class='ocrx_word' id='word_1_198' title='bbox 1532 3499 1611 3562; x_wconf 84' lang='grc' dir='ltr'><strong>δὲ,</strong></span> <span class='ocrx_word' id='word_1_199' title='bbox 1642 3498 1886 3553; x_wconf 77' lang='grc' dir='ltr'>ὄπισθεν·</span> 
     </span>
    </p>
   </div>
   <div class='ocr_carea' id='block_1_36' title="bbox 289 3588 1891 3662">
    <p class='ocr_par' dir='ltr' id='par_1_36' title="bbox 289 3588 1891 3662">
     <span class='ocr_line' id='line_1_36' title="bbox 289 3588 1891 3662; baseline 0.001 -16"><span class='ocrx_word' id='word_1_200' title='bbox 289 3591 403 3646; x_wconf 72' lang='grc' dir='ltr'><strong>καὶ</strong></span> <span class='ocrx_word' id='word_1_201' title='bbox 432 3592 513 3654; x_wconf 82' lang='grc' dir='ltr'><strong>εἰς</strong></span> <span class='ocrx_word' id='word_1_202' title='bbox 560 3590 660 3661; x_wconf 78' lang='grc' dir='ltr'>μὲν</span> <span class='ocrx_word' id='word_1_203' title='bbox 694 3590 793 3662; x_wconf 77' lang='grc' dir='ltr'>τὴν</span> <span class='ocrx_word' id='word_1_204' title='bbox 823 3588 1157 3661; x_wconf 83' lang='grc' dir='ltr'>ἔμπροσθεν,</span> <span class='ocrx_word' id='word_1_205' title='bbox 1190 3590 1511 3645; x_wconf 83' lang='grc' dir='ltr'>ἀποτιθὲναι</span> <span class='ocrx_word' id='word_1_206' title='bbox 1551 3591 1619 3646; x_wconf 79' lang='grc' dir='ltr'>τὰ</span> <span class='ocrx_word' id='word_1_207' title='bbox 1650 3594 1760 3646; x_wconf 87' lang='grc' dir='ltr'><strong>τῶν</strong></span> <span class='ocrx_word' id='word_1_208' title='bbox 1799 3593 1891 3647; x_wconf 84' lang='grc' dir='ltr'>ἄλ-</span> 
     </span>
    </p>
   </div>
   <div class='ocr_carea' id='block_1_37' title="bbox 291 3680 1892 3752">
    <p class='ocr_par' dir='ltr' id='par_1_37' title="bbox 291 3680 1892 3752">
     <span class='ocr_line' id='line_1_37' title="bbox 291 3680 1892 3752; baseline 0.002 -17"><span class='ocrx_word' id='word_1_209' title='bbox 291 3682 414 3735; x_wconf 74' lang='grc' dir='ltr'><strong>⁴λων</strong></span> <span class='ocrx_word' id='word_1_210' title='bbox 438 3682 658 3752; x_wconf 78' lang='grc' dir='ltr'>ἁμαρτῆ</span> <span class='ocrx_word' id='word_1_211' title='bbox 670 3697 836 3752; x_wconf 88' lang='grc' dir='ltr'>ματα·</span> <span class='ocrx_word' id='word_1_212' title='bbox 876 3683 955 3746; x_wconf 85' lang='grc' dir='ltr'><strong>εἰς</strong></span> <span class='ocrx_word' id='word_1_213' title='bbox 979 3680 1155 3752; x_wconf 79' lang='grc' dir='ltr'>δὲτὴν</span> <span class='ocrx_word' id='word_1_214' title='bbox 1182 3681 1428 3747; x_wconf 83' lang='grc' dir='ltr'>ὄπισθεν,</span> <span class='ocrx_word' id='word_1_215' title='bbox 1447 3682 1516 3736; x_wconf 87' lang='grc' dir='ltr'>τὰ</span> <span class='ocrx_word' id='word_1_216' title='bbox 1546 3682 1780 3739; x_wconf 79' lang='grc' dir='ltr'>ἑαυτῶν·</span> <span class='ocrx_word' id='word_1_217' title='bbox 1811 3684 1892 3738; x_wconf 78' lang='grc' dir='ltr'><strong>διὸ</strong></span> 
     </span>
    </p>
   </div>
   <div class='ocr_carea' id='block_1_38' title="bbox 302 3770 979 3843">
    <p class='ocr_par' dir='ltr' id='par_1_38' title="bbox 302 3770 979 3843">
     <span class='ocr_line' id='line_1_38' title="bbox 302 3770 979 3843; baseline 0.004 -19"><span class='ocrx_word' id='word_1_218' title='bbox 302 3770 434 3825; x_wconf 69' lang='grc' dir='ltr'>οὔτε</span> <span class='ocrx_word' id='word_1_219' title='bbox 458 3771 783 3843; x_wconf 79' lang='grc' dir='ltr'>καθορῶμεν</span> <span class='ocrx_word' id='word_1_220' title='bbox 817 3773 979 3827; x_wconf 78' lang='grc' dir='ltr'>αὐτά.</span> 
     </span>
    </p>
   </div>
   <div class='ocr_carea' id='block_1_39' title="bbox 396 3863 1892 3942">
    <p class='ocr_par' dir='ltr' id='par_1_39' title="bbox 396 3863 1892 3942">
     <span class='ocr_line' id='line_1_39' title="bbox 396 3863 1892 3942; baseline 0.005 -25"><span class='ocrx_word' id='word_1_221' title='bbox 396 3863 760 3932; x_wconf 76' lang='grc' dir='ltr'>Ἰσοκράτ.-</span> <span class='ocrx_word' id='word_1_222' title='bbox 781 3864 988 3935; x_wconf 81' lang='grc' dir='ltr'>Μηδενί</span> <span class='ocrx_word' id='word_1_223' title='bbox 1017 3864 1239 3937; x_wconf 84' lang='grc' dir='ltr'>πονηρῷ</span> <span class='ocrx_word' id='word_1_224' title='bbox 1268 3866 1557 3938; x_wconf 82' lang='grc' dir='ltr'>πράγματι</span> <span class='ocrx_word' id='word_1_225' title='bbox 1587 3870 1725 3940; x_wconf 83' lang='grc' dir='ltr'>μήτε</span> <span class='ocrx_word' id='word_1_226' title='bbox 1751 3888 1892 3942; x_wconf 87' lang='grc' dir='ltr'>παρ-</span> 
     </span>
    </p>
   </div>
   <div class='ocr_carea' id='block_1_40' title="bbox 180 3952 1893 4027">
    <p class='ocr_par' dir='ltr' id='par_1_40' title="bbox 180 3952 1893 4027">
     <span class='ocr_line' id='line_1_40' title="bbox 180 3952 1893 4027; baseline 0.003 -20"><span class='ocrx_word' id='word_1_227' title='bbox 180 3982 195 3995; x_wconf 72' lang='grc' dir='ltr'><em>ι</em></span> <span class='ocrx_word' id='word_1_228' title='bbox 298 3952 497 4007; x_wconf 73' lang='grc' dir='ltr'>ἰστασο</span> <span class='ocrx_word' id='word_1_229' title='bbox 532 3992 549 4016; x_wconf 89' lang='grc'><strong>,</strong></span> <span class='ocrx_word' id='word_1_230' title='bbox 608 3954 752 4024; x_wconf 83' lang='grc' dir='ltr'>μήτε</span> <span class='ocrx_word' id='word_1_231' title='bbox 807 3954 1135 4025; x_wconf 73' lang='grc' dir='ltr'>συνηγόρειο</span> <span class='ocrx_word' id='word_1_232' title='bbox 1203 3954 1380 4019; x_wconf 85' lang='grc' dir='ltr'>δόξεις</span> <span class='ocrx_word' id='word_1_233' title='bbox 1423 3955 1534 4027; x_wconf 79' lang='grc' dir='ltr'><strong>γὰρ</strong></span> <span class='ocrx_word' id='word_1_234' title='bbox 1568 3959 1675 4012; x_wconf 71' lang='grc' dir='ltr'><strong>καὶ</strong></span> <span class='ocrx_word' id='word_1_235' title='bbox 1727 3958 1893 4024; x_wconf 81' lang='grc' dir='ltr'>αὐτὸς</span> 
     </span>
    </p>
   </div>
   <div class='ocr_carea' id='block_1_41' title="bbox 292 4047 1895 4123">
    <p class='ocr_par' dir='ltr' id='par_1_41' title="bbox 292 4047 1895 4123">
     <span class='ocr_line' id='line_1_41' title="bbox 292 4047 1895 4123; baseline 0.006 -24"><span class='ocrx_word' id='word_1_236' title='bbox 292 4047 528 4101; x_wconf 74' lang='grc' dir='ltr'>τοιαῦτα</span> <span class='ocrx_word' id='word_1_237' title='bbox 553 4047 839 4119; x_wconf 76' lang='grc' dir='ltr'>πράττειν,</span> <span class='ocrx_word' id='word_1_238' title='bbox 872 4049 921 4100; x_wconf 91' lang='grc' dir='ltr'><strong>εἰ</strong></span> <span class='ocrx_word' id='word_1_239' title='bbox 959 4050 1073 4111; x_wconf 84' lang='grc' dir='ltr'>τοῖς</span> <span class='ocrx_word' id='word_1_240' title='bbox 1109 4047 1292 4113; x_wconf 79' lang='grc' dir='ltr'>ἄλλοις</span> <span class='ocrx_word' id='word_1_241' title='bbox 1316 4048 1618 4120; x_wconf 82' lang='grc' dir='ltr'>πράττουσι</span> <span class='ocrx_word' id='word_1_242' title='bbox 1655 4051 1895 4123; x_wconf 83' lang='grc' dir='ltr'>βοηθεῖς.</span> 
     </span>
    </p>
   </div>
   <div class='ocr_carea' id='block_1_42' title="bbox 391 4221 1897 4301">
    <p class='ocr_par' dir='ltr' id='par_1_42' title="bbox 391 4221 1897 4301">
     <span class='ocr_line' id='line_1_42' title="bbox 391 4221 1897 4301; baseline 0.005 -25"><span class='ocrx_word' id='word_1_243' title='bbox 391 4221 770 4292; x_wconf 68' lang='grc' dir='ltr'>Ἐπικτήτου.</span> <span class='ocrx_word' id='word_1_244' title='bbox 788 4256 858 4266; x_wconf 94' lang='grc'><strong><em>-</em></strong></span> <span class='ocrx_word' id='word_1_245' title='bbox 880 4225 984 4279; x_wconf 87' lang='grc' dir='ltr'>Τὸν</span> <span class='ocrx_word' id='word_1_246' title='bbox 1010 4226 1367 4282; x_wconf 82' lang='grc' dir='ltr'>νουθετοῦντα</span> <span class='ocrx_word' id='word_1_247' title='bbox 1413 4228 1497 4282; x_wconf 82' lang='grc' dir='ltr'>δεῖ</span> <span class='ocrx_word' id='word_1_248' title='bbox 1543 4229 1763 4301; x_wconf 89' lang='grc' dir='ltr'>πρῶτον</span> <span class='ocrx_word' id='word_1_249' title='bbox 1792 4230 1897 4301; x_wconf 78' lang='grc' dir='ltr'>τῆς</span> 
     </span>
    </p>
   </div>
   <div class='ocr_carea' id='block_1_43' title="bbox 294 4308 1895 4391">
    <p class='ocr_par' dir='ltr' id='par_1_43' title="bbox 294 4308 1895 4391">
     <span class='ocr_line' id='line_1_43' title="bbox 294 4308 1895 4391; baseline 0.007 -30"><span class='ocrx_word' id='word_1_250' title='bbox 294 4308 416 4362; x_wconf 80' lang='grc' dir='ltr'><strong>τῶν</strong></span> <span class='ocrx_word' id='word_1_251' title='bbox 452 4310 892 4383; x_wconf 83' lang='grc' dir='ltr'>νουθετουμένων</span> <span class='ocrx_word' id='word_1_252' title='bbox 932 4313 1115 4379; x_wconf 79' lang='grc' dir='ltr'>αἰδοῦς</span> <span class='ocrx_word' id='word_1_253' title='bbox 1158 4333 1217 4369; x_wconf 88' lang='grc' dir='ltr'><strong>τε</strong></span> <span class='ocrx_word' id='word_1_254' title='bbox 1261 4317 1355 4371; x_wconf 74' lang='grc' dir='ltr'><strong>καὶ</strong></span> <span class='ocrx_word' id='word_1_255' title='bbox 1404 4317 1669 4390; x_wconf 77' lang='grc' dir='ltr'>αἰσχύνης</span> <span class='ocrx_word' id='word_1_256' title='bbox 1699 4321 1895 4391; x_wconf 77' lang='grc' dir='ltr'>ἐπιμε-</span> 
     </span>
    </p>
   </div>
   <div class='ocr_carea' id='block_1_44' title="bbox 297 4399 1675 4481">
    <p class='ocr_par' dir='ltr' id='par_1_44' title="bbox 297 4399 1675 4481">
     <span class='ocr_line' id='line_1_44' title="bbox 297 4399 1675 4481; baseline 0.007 -28"><span class='ocrx_word' id='word_1_257' title='bbox 297 4399 540 4455; x_wconf 83' lang='grc' dir='ltr'>λεῖσθαι’</span> <span class='ocrx_word' id='word_1_258' title='bbox 586 4403 636 4455; x_wconf 93' lang='grc' dir='ltr'><strong>οἰ</strong></span> <span class='ocrx_word' id='word_1_259' title='bbox 659 4402 765 4476; x_wconf 82' lang='grc' dir='ltr'><strong>γὰρ</strong></span> <span class='ocrx_word' id='word_1_260' title='bbox 790 4405 1297 4478; x_wconf 66' lang='grc' dir='ltr'>ἁπερυθριάσαντες</span> <span class='ocrx_word' id='word_1_261' title='bbox 1326 4408 1675 4481; x_wconf 82' lang='grc' dir='ltr'>ἀδιόρθωτοι.</span> 
     </span>
    </p>
   </div>
   <div class='ocr_carea' id='block_1_45' title="bbox 380 4579 1893 4663">
    <p class='ocr_par' dir='ltr' id='par_1_45' title="bbox 380 4585 1881 4663">
     <span class='ocr_line' id='line_1_45' title="bbox 380 4585 1881 4663; baseline 0.007 -27"><span class='ocrx_word' id='word_1_262' title='bbox 380 4585 646 4655; x_wconf 80' lang='grc' dir='ltr'>Κρεῖττον</span> <span class='ocrx_word' id='word_1_263' title='bbox 674 4587 736 4639; x_wconf 83' lang='grc' dir='ltr'><strong>τὸ</strong></span> <span class='ocrx_word' id='word_1_264' title='bbox 766 4587 1041 4663; x_wconf 81' lang='grc' dir='ltr'>νουθετετν</span> <span class='ocrx_word' id='word_1_265' title='bbox 1068 4589 1162 4644; x_wconf 79' lang='grc' dir='ltr'>τοῦ</span> <span class='ocrx_word' id='word_1_266' title='bbox 1205 4591 1504 4656; x_wconf 78' lang='grc' dir='ltr'>ὀνειδίζειν·</span> <span class='ocrx_word' id='word_1_267' title='bbox 1533 4592 1594 4645; x_wconf 80' lang='grc' dir='ltr'>τὸ</span> <span class='ocrx_word' id='word_1_268' title='bbox 1623 4593 1722 4663; x_wconf 85' lang='grc' dir='ltr'><strong>μὲν</strong></span> <span class='ocrx_word' id='word_1_269' title='bbox 1752 4591 1881 4663; x_wconf 84' lang='grc' dir='ltr'>γὰρ,</span> 
     </span>
    </p>
   </div>
   <div class='ocr_carea' id='block_1_46' title="bbox 2022 4579 3716 4663">
    <p class='ocr_par' dir='ltr' id='par_1_46' title="bbox 2062 4579 3716 4650">
     <span class='ocr_line' id='line_1_46' title="bbox 2062 4579 3716 4650; baseline -0.002 -12"><span class='ocrx_word' id='word_1_270' title='bbox 2062 4583 2291 4638; x_wconf 67' lang='lat' dir='ltr'><strong>Praestat</strong></span> <span class='ocrx_word' id='word_1_271' title='bbox 2314 4582 2613 4638; x_wconf 88' lang='lat' dir='ltr'><strong>admonere</strong></span> <span class='ocrx_word' id='word_1_272' title='bbox 2636 4597 2703 4636; x_wconf 93' lang='lat' dir='ltr'><strong>ac</strong></span> <span class='ocrx_word' id='word_1_273' title='bbox 2725 4579 3030 4650; x_wconf 89' lang='lat' dir='ltr'><strong>corripere,</strong></span> <span class='ocrx_word' id='word_1_274' title='bbox 3054 4595 3220 4650; x_wconf 89' lang='lat' dir='ltr'><strong>quam</strong></span> <span class='ocrx_word' id='word_1_275' title='bbox 3244 4580 3582 4650; x_wconf 82' lang='lat' dir='ltr'><strong>exprobrare</strong></span> <span class='ocrx_word' id='word_1_276' title='bbox 3670 4639 3675 4643; x_wconf 59' lang='grc'><strong>,</strong></span> <span class='ocrx_word' id='word_1_277' title='bbox 3710 4613 3716 4618; x_wconf 87' lang='grc'><strong>-</strong></span> 
     </span>
    </p>
   </div>
   <div class='ocr_carea' id='block_1_47' title="bbox 296 4660 1890 4756">
    <p class='ocr_par' dir='ltr' id='par_1_47' title="bbox 296 4660 1890 4756">
     <span class='ocr_line' id='line_1_47' title="bbox 296 4660 1890 4756; baseline 0.007 -28"><span class='ocrx_word' id='word_1_278' title='bbox 296 4677 471 4747; x_wconf 73' lang='grc' dir='ltr'>ἥπιόν</span> <span class='ocrx_word' id='word_1_279' title='bbox 507 4695 566 4732; x_wconf 81' lang='grc' dir='ltr'><strong>τε</strong></span> <span class='ocrx_word' id='word_1_280' title='bbox 599 4680 694 4731; x_wconf 80' lang='grc' dir='ltr'>καὶ</span> <span class='ocrx_word' id='word_1_281' title='bbox 728 4679 899 4749; x_wconf 79' lang='grc' dir='ltr'>φίλον·</span> <span class='ocrx_word' id='word_1_282' title='bbox 934 4680 996 4734; x_wconf 78' lang='grc' dir='ltr'>τὸ</span> <span class='ocrx_word' id='word_1_283' title='bbox 1028 4660 1114 4745; x_wconf 80' lang='grc' dir='ltr'><strong>δὲ,</strong></span> <span class='ocrx_word' id='word_1_284' title='bbox 1148 4682 1382 4756; x_wconf 81' lang='grc' dir='ltr'>σκληρὸν</span> <span class='ocrx_word' id='word_1_285' title='bbox 1419 4684 1517 4738; x_wconf 73' lang='grc' dir='ltr'>καὶ</span> <span class='ocrx_word' id='word_1_286' title='bbox 1551 4660 1890 4756; x_wconf 57' lang='grc' dir='ltr'>ὑϐριστικόν·</span> 
     </span>
    </p>
   </div>
   <div class='ocr_carea' id='block_1_48' title="bbox 302 4771 1893 4846">
    <p class='ocr_par' dir='ltr' id='par_1_48' title="bbox 302 4771 1893 4846">
     <span class='ocr_line' id='line_1_48' title="bbox 302 4771 1893 4846; baseline 0.004 -22"><span class='ocrx_word' id='word_1_287' title='bbox 302 4772 490 4824; x_wconf 75' lang='grc' dir='ltr'>καὶτὸ</span> <span class='ocrx_word' id='word_1_288' title='bbox 517 4771 617 4841; x_wconf 78' lang='grc' dir='ltr'>μὲν</span> <span class='ocrx_word' id='word_1_289' title='bbox 641 4771 850 4845; x_wconf 88' lang='grc' dir='ltr'>διορθοῖ</span> <span class='ocrx_word' id='word_1_290' title='bbox 886 4772 1015 4837; x_wconf 82' lang='grc' dir='ltr'>τοὺς</span> <span class='ocrx_word' id='word_1_291' title='bbox 1042 4773 1486 4844; x_wconf 83' lang='grc' dir='ltr'>ἁμαρτάνοντας,</span> <span class='ocrx_word' id='word_1_292' title='bbox 1523 4773 1585 4828; x_wconf 78' lang='grc' dir='ltr'><strong>τδ</strong></span> <span class='ocrx_word' id='word_1_293' title='bbox 1616 4774 1695 4840; x_wconf 81' lang='grc' dir='ltr'><strong>δὲ,</strong></span> <span class='ocrx_word' id='word_1_294' title='bbox 1732 4776 1893 4846; x_wconf 84' lang='grc' dir='ltr'>μόνον</span> 
     </span>
    </p>
   </div>
   <div class='ocr_carea' id='block_1_49' title="bbox 301 4861 607 4933">
    <p class='ocr_par' dir='ltr' id='par_1_49' title="bbox 301 4861 607 4933">
     <span class='ocr_line' id='line_1_49' title="bbox 301 4861 607 4933; baseline 0.01 -19"><span class='ocrx_word' id='word_1_295' title='bbox 301 4861 607 4933; x_wconf 72' lang='grc' dir='ltr'>ἐξελέγχει.</span> 
     </span>
    </p>
   </div>
   <div class='ocr_carea' id='block_1_50' title="bbox 419 5040 1887 5113">
    <p class='ocr_par' dir='ltr' id='par_1_50' title="bbox 419 5040 1887 5113">
     <span class='ocr_line' id='line_1_50' title="bbox 419 5040 1887 5113; baseline 0.005 -22"><span class='ocrx_word' id='word_1_296' title='bbox 419 5040 770 5107; x_wconf 73' lang='grc' dir='ltr'>Ἐμπεδοκλ.</span> <span class='ocrx_word' id='word_1_297' title='bbox 798 5042 1234 5112; x_wconf 57' lang='grc' dir='ltr'>κἘρογτηθείς,</span> <span class='ocrx_word' id='word_1_298' title='bbox 1264 5042 1409 5097; x_wconf 76' lang='grc' dir='ltr'>διατι</span> <span class='ocrx_word' id='word_1_299' title='bbox 1442 5043 1647 5113; x_wconf 82' lang='grc' dir='ltr'>σφόδρα</span> <span class='ocrx_word' id='word_1_300' title='bbox 1680 5046 1887 5112; x_wconf 76' lang='grc' dir='ltr'>ἀγανα-</span> 
     </span>
    </p>
   </div>
   <div class='ocr_carea' id='block_1_51' title="bbox 298 5131 1890 5207">
    <p class='ocr_par' dir='ltr' id='par_1_51' title="bbox 298 5131 1890 5207">
     <span class='ocr_line' id='line_1_51' title="bbox 298 5131 1890 5207; baseline 0.006 -24"><span class='ocrx_word' id='word_1_301' title='bbox 298 5131 457 5193; x_wconf 81' lang='grc' dir='ltr'>κτεῖς</span> <span class='ocrx_word' id='word_1_302' title='bbox 497 5131 681 5196; x_wconf 78' lang='grc' dir='ltr'>κακῶς</span> <span class='ocrx_word' id='word_1_303' title='bbox 726 5132 942 5186; x_wconf 86' lang='grc' dir='ltr'>ἀκούων</span> <span class='ocrx_word' id='word_1_304' title='bbox 963 5172 977 5199; x_wconf 92' lang='grc'><strong>,</strong></span> <span class='ocrx_word' id='word_1_305' title='bbox 1013 5132 1137 5201; x_wconf 70' lang='grc' dir='ltr'>ἔφη,</span> <span class='ocrx_word' id='word_1_306' title='bbox 1171 5134 1294 5187; x_wconf 87' lang='grc' dir='ltr'>Ὅτι</span> <span class='ocrx_word' id='word_1_307' title='bbox 1338 5134 1461 5188; x_wconf 83' lang='grc' dir='ltr'>οὐδὲ</span> <span class='ocrx_word' id='word_1_308' title='bbox 1496 5134 1890 5207; x_wconf 75' lang='grc' dir='ltr'>ἐπαινούμενος</span> 
     </span>
    </p>
   </div>
   <div class='ocr_carea' id='block_1_52' title="bbox 301 5218 1672 5297">
    <p class='ocr_par' dir='ltr' id='par_1_52' title="bbox 301 5218 1672 5297">
     <span class='ocr_line' id='line_1_52' title="bbox 301 5218 1672 5297; baseline 0.004 -21"><span class='ocrx_word' id='word_1_309' title='bbox 301 5218 666 5293; x_wconf 82' lang='grc' dir='ltr'>αἰσθήσομαι,</span> <span class='ocrx_word' id='word_1_310' title='bbox 698 5223 746 5276; x_wconf 88' lang='grc' dir='ltr'><strong>εἰ</strong></span> <span class='ocrx_word' id='word_1_311' title='bbox 783 5222 857 5293; x_wconf 80' lang='grc' dir='ltr'>μὴ</span> <span class='ocrx_word' id='word_1_312' title='bbox 887 5224 1072 5288; x_wconf 89' lang='grc' dir='ltr'>κακῶς</span> <span class='ocrx_word' id='word_1_313' title='bbox 1101 5224 1316 5278; x_wconf 86' lang='grc' dir='ltr'>ἁκούων</span> <span class='ocrx_word' id='word_1_314' title='bbox 1339 5224 1672 5297; x_wconf 83' lang='grc' dir='ltr'>ἀχθήσομαι.</span> 
     </span>
    </p>
   </div>
   <div class='ocr_carea' id='block_1_53' title="bbox 893 5501 1320 5570">
    <p class='ocr_par' dir='ltr' id='par_1_53' title="bbox 893 5501 1320 5570">
     <span class='ocr_line' id='line_1_53' title="bbox 893 5501 1320 5570; baseline 0.014 -6"><span class='ocrx_word' id='word_1_315' title='bbox 893 5501 1104 5567; x_wconf 82' lang='grc' dir='ltr'><strong>ΛὈΓΟΣ</strong></span> <span class='ocrx_word' id='word_1_316' title='bbox 1160 5514 1237 5569; x_wconf 87' lang='grc' dir='ltr'><strong>ΙΖ’</strong></span> <span class='ocrx_word' id='word_1_317' title='bbox 1256 5518 1320 5570; x_wconf 81' lang='grc'>³⁸.</span> 
     </span>
    </p>
   </div>
   <div class='ocr_carea' id='block_1_54' title="bbox 593 5600 1605 5679">
    <p class='ocr_par' dir='ltr' id='par_1_54' title="bbox 593 5600 1605 5679">
     <span class='ocr_line' id='line_1_54' title="bbox 593 5600 1605 5679; baseline 0.015 -28"><span class='ocrx_word' id='word_1_318' title='bbox 593 5600 732 5666; x_wconf 85' lang='grc' dir='ltr'>Περί</span> <span class='ocrx_word' id='word_1_319' title='bbox 767 5602 1041 5670; x_wconf 79' lang='grc' dir='ltr'>παιδείας</span> <span class='ocrx_word' id='word_1_320' title='bbox 1071 5607 1169 5659; x_wconf 79' lang='grc' dir='ltr'>καὶ</span> <span class='ocrx_word' id='word_1_321' title='bbox 1219 5611 1605 5679; x_wconf 55' lang='grc' dir='ltr'>φιλοσοφίας.</span> 
     </span>
    </p>
   </div>
   <div class='ocr_carea' id='block_1_55' title="bbox 395 5686 1893 5775">
    <p class='ocr_par' dir='ltr' id='par_1_55' title="bbox 395 5686 1893 5775">
     <span class='ocr_line' id='line_1_55' title="bbox 395 5686 1893 5775; baseline 0.013 -31"><span class='ocrx_word' id='word_1_322' title='bbox 395 5686 577 5746; x_wconf 71' lang='grc' dir='ltr'><strong>Ἰωάν.</strong></span> <span class='ocrx_word' id='word_1_323' title='bbox 627 5688 767 5750; x_wconf 51' lang='grc' dir='ltr'>ομ</span> <span class='ocrx_word' id='word_1_324' title='bbox 813 5693 1004 5757; x_wconf 61' lang='grc' dir='ltr'>Ἂαδὸη</span> <span class='ocrx_word' id='word_1_325' title='bbox 1036 5698 1066 5749; x_wconf 85' lang='grc' dir='ltr'>ὁ</span> <span class='ocrx_word' id='word_1_326' title='bbox 1116 5699 1324 5768; x_wconf 78' lang='grc' dir='ltr'>Ἰησοῦς</span> <span class='ocrx_word' id='word_1_327' title='bbox 1371 5702 1449 5764; x_wconf 79' lang='grc' dir='ltr'><strong>εἰς</strong></span> <span class='ocrx_word' id='word_1_328' title='bbox 1500 5702 1561 5756; x_wconf 75' lang='grc' dir='ltr'>τὸ</span> <span class='ocrx_word' id='word_1_329' title='bbox 1613 5705 1893 5775; x_wconf 75' lang='grc' dir='ltr'>ἱερὸν,κα¹ἰ</span> 
     </span>
    </p>
   </div>
   <div class='ocr_carea' id='block_1_56' title="bbox 380 5842 1061 5915">
    <p class='ocr_par' dir='ltr' id='par_1_56' title="bbox 380 5842 1061 5915">
     <span class='ocr_line' id='line_1_56' title="bbox 380 5842 1061 5915; baseline 0.009 -16"><span class='ocrx_word' id='word_1_330' title='bbox 380 5842 430 5876; x_wconf 80' lang='grc'><strong><em>⁸⁵</em></strong></span> <span class='ocrx_word' id='word_1_331' title='bbox 458 5842 519 5900; x_wconf 86' lang='lat' dir='ltr'><strong>In</strong></span> <span class='ocrx_word' id='word_1_332' title='bbox 542 5844 716 5915; x_wconf 68' lang='lat' dir='ltr'><strong>‘Gcsn.</strong></span> <span class='ocrx_word' id='word_1_333' title='bbox 752 5846 907 5905; x_wconf 86' lang='lat' dir='ltr'><strong>Stob.</strong></span> <span class='ocrx_word' id='word_1_334' title='bbox 938 5844 1061 5907; x_wconf 67' lang='grc'><strong>916.</strong></span> 
     </span>
    </p>
   </div>
   <div class='ocr_carea' id='block_1_57' title="bbox 1915 3256 1963 3320">
    <p class='ocr_par' dir='ltr' id='par_1_57' title="bbox 1915 3256 1963 3320">
     <span class='ocr_line' id='line_1_57' title="bbox 1915 3256 1963 3320; baseline 0 0"><span class='ocrx_word' id='word_1_335' title='bbox 1915 3256 1963 3320; x_wconf 83' lang='lat' dir='ltr'><strong><em>C</em></strong></span> 
     </span>
    </p>
   </div>
   <div class='ocr_carea' id='block_1_58' title="bbox 1998 645 3506 718">
    <p class='ocr_par' dir='ltr' id='par_1_58' title="bbox 1998 645 3506 718">
     <span class='ocr_line' id='line_1_58' title="bbox 1998 645 3506 718; baseline 0.001 -19"><span class='ocrx_word' id='word_1_336' title='bbox 1998 655 2082 702; x_wconf 88' lang='lat' dir='ltr'><strong>ter</strong></span> <span class='ocrx_word' id='word_1_337' title='bbox 2109 646 2388 717; x_wconf 88' lang='lat' dir='ltr'><strong>collapsus</strong></span> <span class='ocrx_word' id='word_1_338' title='bbox 2414 653 2520 708; x_wconf 86' lang='lat' dir='ltr'><strong>est,</strong></span> <span class='ocrx_word' id='word_1_339' title='bbox 2547 645 2655 700; x_wconf 90' lang='lat' dir='ltr'><strong>alio</strong></span> <span class='ocrx_word' id='word_1_340' title='bbox 2689 654 2744 700; x_wconf 88' lang='lat' dir='ltr'><strong>et</strong></span> <span class='ocrx_word' id='word_1_341' title='bbox 2773 645 2890 715; x_wconf 86' lang='lat' dir='ltr'><strong>ipse</strong></span> <span class='ocrx_word' id='word_1_342' title='bbox 2924 647 3016 715; x_wconf 87' lang='lat' dir='ltr'><strong>qui</strong></span> <span class='ocrx_word' id='word_1_343' title='bbox 3044 647 3239 717; x_wconf 83' lang='lat' dir='ltr'><strong>erigat,</strong></span> <span class='ocrx_word' id='word_1_344' title='bbox 3277 647 3506 718; x_wconf 74' lang='lat' dir='ltr'><strong>indiget.</strong></span> 
     </span>
    </p>
   </div>
   <div class='ocr_carea' id='block_1_59' title="bbox 2066 825 3579 897">
    <p class='ocr_par' dir='ltr' id='par_1_59' title="bbox 2066 825 3579 897">
     <span class='ocr_line' id='line_1_59' title="bbox 2066 825 3579 897; baseline 0.002 -15"><span class='ocrx_word' id='word_1_345' title='bbox 2066 825 2421 897; x_wconf 74' lang='lat' dir='ltr'><strong>Theologi.-—</strong></span> <span class='ocrx_word' id='word_1_346' title='bbox 2451 826 2563 882; x_wconf 78' lang='lat' dir='ltr'><strong>Nec</strong></span> <span class='ocrx_word' id='word_1_347' title='bbox 2613 826 2833 882; x_wconf 71' lang='lat' dir='ltr'><strong>tristitia</strong></span> <span class='ocrx_word' id='word_1_348' title='bbox 2893 843 2956 882; x_wconf 87' lang='lat' dir='ltr'><strong>ac</strong></span> <span class='ocrx_word' id='word_1_349' title='bbox 3018 827 3176 881; x_wconf 89' lang='lat' dir='ltr'><strong>dolor</strong></span> <span class='ocrx_word' id='word_1_350' title='bbox 3222 829 3371 882; x_wconf 86' lang='lat' dir='ltr'><strong>omni</strong></span> <span class='ocrx_word' id='word_1_351' title='bbox 3424 838 3579 885; x_wconf 80' lang='lat' dir='ltr'><strong>vacat</strong></span> 
     </span>
    </p>
   </div>
   <div class='ocr_carea' id='block_1_60' title="bbox 1994 919 3507 991">
    <p class='ocr_par' dir='ltr' id='par_1_60' title="bbox 1994 919 3507 991">
     <span class='ocr_line' id='line_1_60' title="bbox 1994 919 3507 991; baseline 0.001 -19"><span class='ocrx_word' id='word_1_352' title='bbox 1994 919 2392 986; x_wconf 70' lang='lat' dir='ltr'><strong>consolatione,</strong></span> <span class='ocrx_word' id='word_1_353' title='bbox 2419 935 2523 974; x_wconf 85' lang='lat' dir='ltr'><strong>nec</strong></span> <span class='ocrx_word' id='word_1_354' title='bbox 2554 934 2735 973; x_wconf 90' lang='lat' dir='ltr'><strong>rerum</strong></span> <span class='ocrx_word' id='word_1_355' title='bbox 2760 919 3102 989; x_wconf 75' lang='lat' dir='ltr'><strong>prosperitas</strong></span> <span class='ocrx_word' id='word_1_356' title='bbox 3131 921 3507 991; x_wconf 80' lang='lat' dir='ltr'><strong>castigatione.</strong></span> 
     </span>
    </p>
   </div>
   <div class='ocr_carea' id='block_1_61' title="bbox 2066 1000 3615 1083">
    <p class='ocr_par' dir='ltr' id='par_1_61' title="bbox 2066 1000 3615 1083">
     <span class='ocr_line' id='line_1_61' title="bbox 2066 1000 3615 1083; baseline 0.002 -19"><span class='ocrx_word' id='word_1_357' title='bbox 2066 1010 2224 1081; x_wconf 80' lang='lat'><strong>581</strong></span> <span class='ocrx_word' id='word_1_358' title='bbox 2261 1010 2524 1082; x_wconf 79' lang='lat' dir='ltr'><strong>Chrysost.</strong></span> <span class='ocrx_word' id='word_1_359' title='bbox 2550 1011 2722 1065; x_wconf 90' lang='lat' dir='ltr'><strong>—Ne</strong></span> <span class='ocrx_word' id='word_1_360' title='bbox 2755 1011 2879 1066; x_wconf 89' lang='lat' dir='ltr'><strong>aliis</strong></span> <span class='ocrx_word' id='word_1_361' title='bbox 2917 1012 3127 1067; x_wconf 90' lang='lat' dir='ltr'><strong>mederi</strong></span> <span class='ocrx_word' id='word_1_362' title='bbox 3161 1020 3456 1079; x_wconf 89' lang='lat' dir='ltr'><strong>tentemus,</strong></span> <span class='ocrx_word' id='word_1_363' title='bbox 3484 1013 3577 1083; x_wconf 89' lang='lat' dir='ltr'><strong>qui</strong></span> <span class='ocrx_word' id='word_1_364' title='bbox 3610 1000 3615 1007; x_wconf 68' lang='grc'><em>’</em></span> 
     </span>
    </p>
   </div>
   <div class='ocr_carea' id='block_1_62' title="bbox 1995 1098 2767 1168">
    <p class='ocr_par' dir='ltr' id='par_1_62' title="bbox 1995 1098 2767 1168">
     <span class='ocr_line' id='line_1_62' title="bbox 1995 1098 2767 1168; baseline 0.005 -17"><span class='ocrx_word' id='word_1_365' title='bbox 1995 1098 2097 1168; x_wconf 90' lang='lat' dir='ltr'><strong>ipsi</strong></span> <span class='ocrx_word' id='word_1_366' title='bbox 2135 1099 2415 1154; x_wconf 81' lang='lat' dir='ltr'><strong>ulceribus</strong></span> <span class='ocrx_word' id='word_1_367' title='bbox 2438 1108 2767 1155; x_wconf 88' lang='lat' dir='ltr'><strong>scateamus.</strong></span> 
     </span>
    </p>
   </div>
   <div class='ocr_carea' id='block_1_63' title="bbox 2070 1190 3580 1262">
    <p class='ocr_par' dir='ltr' id='par_1_63' title="bbox 2070 1190 3580 1262">
     <span class='ocr_line' id='line_1_63' title="bbox 2070 1190 3580 1262; baseline 0.002 -16"><span class='ocrx_word' id='word_1_368' title='bbox 2070 1190 2211 1247; x_wconf 89' lang='lat' dir='ltr'><strong>Utile</strong></span> <span class='ocrx_word' id='word_1_369' title='bbox 2261 1201 2346 1247; x_wconf 89' lang='lat' dir='ltr'><strong>est</strong></span> <span class='ocrx_word' id='word_1_370' title='bbox 2396 1201 2689 1262; x_wconf 86' lang='lat' dir='ltr'><strong>peccantes</strong></span> <span class='ocrx_word' id='word_1_371' title='bbox 2737 1193 3035 1249; x_wconf 80' lang='lat' dir='ltr'><strong>verborum</strong></span> <span class='ocrx_word' id='word_1_372' title='bbox 3084 1195 3384 1250; x_wconf 84' lang='lat' dir='ltr'><strong>acrimonia</strong></span> <span class='ocrx_word' id='word_1_373' title='bbox 3434 1211 3580 1249; x_wconf 88' lang='lat' dir='ltr'><strong>mor-</strong></span> 
     </span>
    </p>
   </div>
   <div class='ocr_carea' id='block_1_64' title="bbox 1993 1280 3471 1356">
    <p class='ocr_par' dir='ltr' id='par_1_64' title="bbox 1993 1280 3471 1356">
     <span class='ocr_line' id='line_1_64' title="bbox 1993 1280 3471 1356; baseline 0.005 -22"><span class='ocrx_word' id='word_1_374' title='bbox 1993 1280 2134 1347; x_wconf 89' lang='lat' dir='ltr'><strong>deri,</strong></span> <span class='ocrx_word' id='word_1_375' title='bbox 2164 1292 2224 1337; x_wconf 93' lang='lat' dir='ltr'><strong>ut</strong></span> <span class='ocrx_word' id='word_1_376' title='bbox 2251 1283 2366 1353; x_wconf 88' lang='lat' dir='ltr'><strong>ipsa</strong></span> <span class='ocrx_word' id='word_1_377' title='bbox 2393 1300 2574 1340; x_wconf 90' lang='lat' dir='ltr'><strong>rerum</strong></span> <span class='ocrx_word' id='word_1_378' title='bbox 2608 1284 2953 1355; x_wconf 83' lang='lat' dir='ltr'><strong>turpitudine</strong></span> <span class='ocrx_word' id='word_1_379' title='bbox 2987 1285 3201 1356; x_wconf 88' lang='lat' dir='ltr'><strong>possint</strong></span> <span class='ocrx_word' id='word_1_380' title='bbox 3226 1286 3471 1341; x_wconf 90' lang='lat' dir='ltr'><strong>liberari.</strong></span> 
     </span>
    </p>
   </div>
   <div class='ocr_carea' id='block_1_65' title="bbox 2064 1461 3580 1533">
    <p class='ocr_par' dir='ltr' id='par_1_65' title="bbox 2064 1461 3580 1533">
     <span class='ocr_line' id='line_1_65' title="bbox 2064 1461 3580 1533; baseline 0.001 -16"><span class='ocrx_word' id='word_1_381' title='bbox 2064 1461 2181 1517; x_wconf 88' lang='lat' dir='ltr'><strong>Non</strong></span> <span class='ocrx_word' id='word_1_382' title='bbox 2219 1478 2362 1533; x_wconf 71' lang='lat' dir='ltr'><strong>aegre</strong></span> <span class='ocrx_word' id='word_1_383' title='bbox 2406 1462 2648 1519; x_wconf 82' lang='lat' dir='ltr'><strong>ferendae</strong></span> <span class='ocrx_word' id='word_1_384' title='bbox 2678 1472 2808 1519; x_wconf 86' lang='lat' dir='ltr'><strong>sunt</strong></span> <span class='ocrx_word' id='word_1_385' title='bbox 2850 1462 3281 1521; x_wconf 89' lang='lat' dir='ltr'><strong>admonitiones.</strong></span> <span class='ocrx_word' id='word_1_386' title='bbox 3331 1463 3388 1519; x_wconf 91' lang='lat' dir='ltr'><strong>Si</strong></span> <span class='ocrx_word' id='word_1_387' title='bbox 3432 1464 3580 1519; x_wconf 90' lang='lat' dir='ltr'><strong>enim</strong></span> 
     </span>
    </p>
   </div>
   <div class='ocr_carea' id='block_1_66' title="bbox 1992 1555 3581 1629">
    <p class='ocr_par' dir='ltr' id='par_1_66' title="bbox 1992 1555 3581 1629">
     <span class='ocr_line' id='line_1_66' title="bbox 1992 1555 3581 1629; baseline 0.001 -20"><span class='ocrx_word' id='word_1_388' title='bbox 1992 1570 2135 1625; x_wconf 65' lang='lat' dir='ltr'><strong>aegre</strong></span> <span class='ocrx_word' id='word_1_389' title='bbox 2171 1555 2415 1610; x_wconf 74' lang='lat' dir='ltr'><strong>ferendae</strong></span> <span class='ocrx_word' id='word_1_390' title='bbox 2454 1565 2660 1622; x_wconf 89' lang='lat' dir='ltr'><strong>essent,</strong></span> <span class='ocrx_word' id='word_1_391' title='bbox 2689 1572 2777 1613; x_wconf 88' lang='lat' dir='ltr'><strong>me</strong></span> <span class='ocrx_word' id='word_1_392' title='bbox 2805 1574 2906 1629; x_wconf 88' lang='lat' dir='ltr'><strong>par</strong></span> <span class='ocrx_word' id='word_1_393' title='bbox 2934 1568 3080 1614; x_wconf 88' lang='lat' dir='ltr'><strong>esset</strong></span> <span class='ocrx_word' id='word_1_394' title='bbox 3108 1571 3251 1628; x_wconf 80' lang='lat' dir='ltr'><strong>aegre</strong></span> <span class='ocrx_word' id='word_1_395' title='bbox 3290 1556 3459 1617; x_wconf 83' lang='lat' dir='ltr'><strong>ferre.</strong></span> <span class='ocrx_word' id='word_1_396' title='bbox 3484 1557 3581 1625; x_wconf 87' lang='lat' dir='ltr'><strong>qui</strong></span> 
     </span>
    </p>
   </div>
   <div class='ocr_carea' id='block_1_67' title="bbox 1994 1646 3584 1719">
    <p class='ocr_par' dir='ltr' id='par_1_67' title="bbox 1994 1646 3584 1719">
     <span class='ocr_line' id='line_1_67' title="bbox 1994 1646 3584 1719; baseline 0.001 -19"><span class='ocrx_word' id='word_1_397' title='bbox 1994 1660 2137 1716; x_wconf 65' lang='lat' dir='ltr'><strong>saepe</strong></span> <span class='ocrx_word' id='word_1_398' title='bbox 2168 1646 2368 1711; x_wconf 90' lang='lat' dir='ltr'><strong>dicam,</strong></span> <span class='ocrx_word' id='word_1_399' title='bbox 2404 1654 2461 1701; x_wconf 92' lang='lat' dir='ltr'><strong>et</strong></span> <span class='ocrx_word' id='word_1_400' title='bbox 2504 1663 2614 1701; x_wconf 89' lang='lat' dir='ltr'><strong>non</strong></span> <span class='ocrx_word' id='word_1_401' title='bbox 2648 1648 2876 1714; x_wconf 89' lang='lat' dir='ltr'><strong>audiar;</strong></span> <span class='ocrx_word' id='word_1_402' title='bbox 2916 1664 3025 1705; x_wconf 90' lang='lat' dir='ltr'><strong>non</strong></span> <span class='ocrx_word' id='word_1_403' title='bbox 3067 1664 3185 1715; x_wconf 90' lang='lat' dir='ltr'><strong>vos,</strong></span> <span class='ocrx_word' id='word_1_404' title='bbox 3228 1648 3323 1719; x_wconf 89' lang='lat' dir='ltr'><strong>qui</strong></span> <span class='ocrx_word' id='word_1_405' title='bbox 3362 1662 3584 1717; x_wconf 87' lang='lat' dir='ltr'><strong>semper</strong></span> 
     </span>
    </p>
   </div>
   <div class='ocr_carea' id='block_1_68' title="bbox 1994 1736 3065 1806">
    <p class='ocr_par' dir='ltr' id='par_1_68' title="bbox 1994 1736 3065 1806">
     <span class='ocr_line' id='line_1_68' title="bbox 1994 1736 3065 1806; baseline 0.003 -16"><span class='ocrx_word' id='word_1_406' title='bbox 1994 1736 2251 1801; x_wconf 87' lang='lat' dir='ltr'><strong>audiatis,</strong></span> <span class='ocrx_word' id='word_1_407' title='bbox 2289 1737 2382 1791; x_wconf 87' lang='lat' dir='ltr'><strong>sed</strong></span> <span class='ocrx_word' id='word_1_408' title='bbox 2420 1753 2699 1806; x_wconf 86' lang='lat' dir='ltr'><strong>nunquam</strong></span> <span class='ocrx_word' id='word_1_409' title='bbox 2733 1736 3065 1793; x_wconf 88' lang='lat' dir='ltr'><strong>obaudiatis.</strong></span> 
     </span>
    </p>
   </div>
   <div class='ocr_carea' id='block_1_69' title="bbox 2066 1828 3580 1903">
    <p class='ocr_par' dir='ltr' id='par_1_69' title="bbox 2066 1828 3580 1903">
     <span class='ocr_line' id='line_1_69' title="bbox 2066 1828 3580 1903; baseline 0.001 -20"><span class='ocrx_word' id='word_1_410' title='bbox 2066 1828 2592 1884; x_wconf 74' lang='lat' dir='ltr'><strong>AristotcL—Nihil</strong></span> <span class='ocrx_word' id='word_1_411' title='bbox 2638 1830 2821 1883; x_wconf 87' lang='lat' dir='ltr'><strong>minus</strong></span> <span class='ocrx_word' id='word_1_412' title='bbox 2867 1829 3121 1884; x_wconf 82' lang='lat' dir='ltr'><strong>existima</strong></span> <span class='ocrx_word' id='word_1_413' title='bbox 3162 1829 3365 1901; x_wconf 87' lang='lat' dir='ltr'><strong>corripi</strong></span> <span class='ocrx_word' id='word_1_414' title='bbox 3416 1845 3580 1903; x_wconf 80' lang='lat' dir='ltr'><strong>quam</strong></span> 
     </span>
    </p>
   </div>
   <div class='ocr_carea' id='block_1_70' title="bbox 1928 1907 2233 1975">
    <p class='ocr_par' dir='ltr' id='par_1_70' title="bbox 1928 1907 2233 1975">
     <span class='ocr_line' id='line_1_70' title="bbox 1928 1907 2233 1975; baseline 0 -1"><span class='ocrx_word' id='word_1_415' title='bbox 1928 1907 1965 1964; x_wconf 76' lang='grc' dir='ltr'>Β</span> <span class='ocrx_word' id='word_1_416' title='bbox 1994 1920 2233 1975; x_wconf 87' lang='lat' dir='ltr'><strong>laudari.</strong></span> 
     </span>
    </p>
   </div>
   <div class='ocr_carea' id='block_1_71' title="bbox 2061 2012 3578 2084">
    <p class='ocr_par' dir='ltr' id='par_1_71' title="bbox 2061 2012 3578 2084">
     <span class='ocr_line' id='line_1_71' title="bbox 2061 2012 3578 2084; baseline 0.001 -17"><span class='ocrx_word' id='word_1_417' title='bbox 2061 2013 2282 2083; x_wconf 81' lang='lat' dir='ltr'><strong>Diogen.</strong></span> <span class='ocrx_word' id='word_1_418' title='bbox 2305 2045 2372 2079; x_wconf 43' lang='lat'><strong>—\</strong></span> <span class='ocrx_word' id='word_1_419' title='bbox 2395 2014 2669 2069; x_wconf 79' lang='lat' dir='ltr'><strong>Mortuum</strong></span> <span class='ocrx_word' id='word_1_420' title='bbox 2707 2028 2923 2078; x_wconf 88' lang='lat' dir='ltr'><strong>sanare,</strong></span> <span class='ocrx_word' id='word_1_421' title='bbox 2956 2021 3011 2068; x_wconf 87' lang='lat' dir='ltr'><strong>et</strong></span> <span class='ocrx_word' id='word_1_422' title='bbox 3044 2028 3234 2068; x_wconf 85' lang='lat' dir='ltr'><strong>senem</strong></span> <span class='ocrx_word' id='word_1_423' title='bbox 3272 2012 3578 2084; x_wconf 85' lang='lat' dir='ltr'><strong>corripere,</strong></span> 
     </span>
    </p>
   </div>
   <div class='ocr_carea' id='block_1_72' title="bbox 1992 2104 2369 2161">
    <p class='ocr_par' dir='ltr' id='par_1_72' title="bbox 1992 2104 2369 2161">
     <span class='ocr_line' id='line_1_72' title="bbox 1992 2104 2369 2161; baseline 0 -2"><span class='ocrx_word' id='word_1_424' title='bbox 1992 2104 2140 2160; x_wconf 90' lang='lat' dir='ltr'><strong>idem</strong></span> <span class='ocrx_word' id='word_1_425' title='bbox 2181 2105 2369 2161; x_wconf 81' lang='lat' dir='ltr'><strong>fuerit.</strong></span> 
     </span>
    </p>
   </div>
   <div class='ocr_carea' id='block_1_73' title="bbox 2063 2195 3584 2266">
    <p class='ocr_par' dir='ltr' id='par_1_73' title="bbox 2063 2195 3584 2266">
     <span class='ocr_line' id='line_1_73' title="bbox 2063 2195 3584 2266; baseline -0.001 -15"><span class='ocrx_word' id='word_1_426' title='bbox 2063 2197 2775 2253; x_wconf 78' lang='lat' dir='ltr'><strong>Demost.—Percontante</strong></span> <span class='ocrx_word' id='word_1_427' title='bbox 2803 2195 3043 2265; x_wconf 87' lang='lat' dir='ltr'><strong>quodam</strong></span> <span class='ocrx_word' id='word_1_428' title='bbox 3094 2212 3203 2266; x_wconf 91' lang='lat' dir='ltr'><strong>quo</strong></span> <span class='ocrx_word' id='word_1_429' title='bbox 3248 2197 3374 2266; x_wconf 91' lang='lat' dir='ltr'><strong>quis</strong></span> <span class='ocrx_word' id='word_1_430' title='bbox 3420 2197 3584 2251; x_wconf 87' lang='lat' dir='ltr'><strong>modo</strong></span> 
     </span>
    </p>
   </div>
   <div class='ocr_carea' id='block_1_74' title="bbox 1992 2287 3582 2360">
    <p class='ocr_par' dir='ltr' id='par_1_74' title="bbox 1992 2287 3582 2360">
     <span class='ocr_line' id='line_1_74' title="bbox 1992 2287 3582 2360; baseline -0.001 -16"><span class='ocrx_word' id='word_1_431' title='bbox 1992 2290 2098 2344; x_wconf 84' lang='lat' dir='ltr'><strong>sibi</strong></span> <span class='ocrx_word' id='word_1_432' title='bbox 2148 2290 2263 2360; x_wconf 87' lang='lat' dir='ltr'><strong>ipse</strong></span> <span class='ocrx_word' id='word_1_433' title='bbox 2297 2299 2606 2359; x_wconf 63' lang='lat' dir='ltr'><strong>praeceptor</strong></span> <span class='ocrx_word' id='word_1_434' title='bbox 2649 2289 2889 2343; x_wconf 86' lang='lat' dir='ltr'><strong>evaserit</strong></span> <span class='ocrx_word' id='word_1_435' title='bbox 2934 2287 3051 2353; x_wconf 91' lang='lat' dir='ltr'><strong>:Si,</strong></span> <span class='ocrx_word' id='word_1_436' title='bbox 3104 2288 3302 2358; x_wconf 88' lang='lat' dir='ltr'><strong>inquit,</strong></span> <span class='ocrx_word' id='word_1_437' title='bbox 3354 2305 3476 2359; x_wconf 74' lang='lat' dir='ltr'><strong>quae</strong></span> <span class='ocrx_word' id='word_1_438' title='bbox 3531 2291 3582 2343; x_wconf 92' lang='lat' dir='ltr'><strong>in</strong></span> 
     </span>
    </p>
   </div>
   <div class='ocr_carea' id='block_1_75' title="bbox 1993 2380 3587 2453">
    <p class='ocr_par' dir='ltr' id='par_1_75' title="bbox 1993 2380 3587 2453">
     <span class='ocr_line' id='line_1_75' title="bbox 1993 2380 3587 2453; baseline 0.001 -18"><span class='ocrx_word' id='word_1_439' title='bbox 1993 2381 2115 2436; x_wconf 89' lang='lat' dir='ltr'><strong>aliis</strong></span> <span class='ocrx_word' id='word_1_440' title='bbox 2177 2382 2555 2453; x_wconf 83' lang='lat' dir='ltr'><strong>reprehendit,</strong></span> <span class='ocrx_word' id='word_1_441' title='bbox 2611 2380 2665 2434; x_wconf 91' lang='lat' dir='ltr'><strong>in</strong></span> <span class='ocrx_word' id='word_1_442' title='bbox 2724 2395 2781 2435; x_wconf 92' lang='lat' dir='ltr'><strong>se</strong></span> <span class='ocrx_word' id='word_1_443' title='bbox 2822 2395 3042 2450; x_wconf 79' lang='lat' dir='ltr'><strong>quoque</strong></span> <span class='ocrx_word' id='word_1_444' title='bbox 3105 2380 3338 2435; x_wconf 80' lang='lat' dir='ltr'><strong>maxime</strong></span> <span class='ocrx_word' id='word_1_445' title='bbox 3399 2397 3587 2452; x_wconf 79' lang='lat' dir='ltr'><strong>reprc-</strong></span> 
     </span>
    </p>
   </div>
   <div class='ocr_carea' id='block_1_76' title="bbox 1994 2475 2221 2529">
    <p class='ocr_par' dir='ltr' id='par_1_76' title="bbox 1994 2475 2221 2529">
     <span class='ocr_line' id='line_1_76' title="bbox 1994 2475 2221 2529; baseline -0.009 0"><span class='ocrx_word' id='word_1_446' title='bbox 1994 2475 2221 2529; x_wconf 73' lang='lat' dir='ltr'><strong>hendaL</strong></span> 
     </span>
    </p>
   </div>
   <div class='ocr_carea' id='block_1_77' title="bbox 2064 2565 3583 2637">
    <p class='ocr_par' dir='ltr' id='par_1_77' title="bbox 2064 2565 3583 2637">
     <span class='ocr_line' id='line_1_77' title="bbox 2064 2565 3583 2637; baseline 0.001 -16"><span class='ocrx_word' id='word_1_447' title='bbox 2064 2567 2361 2621; x_wconf 81' lang='lat' dir='ltr'><strong>Demetrius</strong></span> <span class='ocrx_word' id='word_1_448' title='bbox 2392 2565 2662 2621; x_wconf 76' lang='lat' dir='ltr'><strong>Phaleres.</strong></span> <span class='ocrx_word' id='word_1_449' title='bbox 2689 2598 2757 2607; x_wconf 90' lang='lat'><strong>—-</strong></span> <span class='ocrx_word' id='word_1_450' title='bbox 2780 2567 2856 2621; x_wconf 83' lang='lat' dir='ltr'><strong>Ea</strong></span> <span class='ocrx_word' id='word_1_451' title='bbox 2892 2566 3037 2621; x_wconf 90' lang='lat' dir='ltr'><strong>enim</strong></span> <span class='ocrx_word' id='word_1_452' title='bbox 3079 2566 3146 2621; x_wconf 90' lang='lat' dir='ltr'><strong>de</strong></span> <span class='ocrx_word' id='word_1_453' title='bbox 3181 2566 3385 2637; x_wconf 85' lang='lat' dir='ltr'><strong>quibus</strong></span> <span class='ocrx_word' id='word_1_454' title='bbox 3419 2566 3583 2623; x_wconf 90' lang='lat' dir='ltr'><strong>amici</strong></span> 
     </span>
    </p>
   </div>
   <div class='ocr_carea' id='block_1_78' title="bbox 1994 2658 3584 2732">
    <p class='ocr_par' dir='ltr' id='par_1_78' title="bbox 1994 2658 3584 2732">
     <span class='ocr_line' id='line_1_78' title="bbox 1994 2658 3584 2732; baseline 0.003 -20"><span class='ocrx_word' id='word_1_455' title='bbox 1994 2675 2150 2731; x_wconf 81' lang='lat' dir='ltr'><strong>reges</strong></span> <span class='ocrx_word' id='word_1_456' title='bbox 2185 2658 2486 2714; x_wconf 89' lang='lat' dir='ltr'><strong>admonere</strong></span> <span class='ocrx_word' id='word_1_457' title='bbox 2534 2675 2645 2713; x_wconf 90' lang='lat' dir='ltr'><strong>non</strong></span> <span class='ocrx_word' id='word_1_458' title='bbox 2690 2658 2917 2724; x_wconf 88' lang='lat' dir='ltr'><strong>audent,</strong></span> <span class='ocrx_word' id='word_1_459' title='bbox 2968 2659 3021 2713; x_wconf 92' lang='lat' dir='ltr'><strong>in</strong></span> <span class='ocrx_word' id='word_1_460' title='bbox 3069 2658 3229 2714; x_wconf 86' lang='lat' dir='ltr'><strong>libris</strong></span> <span class='ocrx_word' id='word_1_461' title='bbox 3265 2659 3472 2729; x_wconf 86' lang='lat' dir='ltr'><strong>scripta</strong></span> <span class='ocrx_word' id='word_1_462' title='bbox 3505 2661 3584 2732; x_wconf 80' lang='lat' dir='ltr'><strong>ja-</strong></span> 
     </span>
    </p>
   </div>
   <div class='ocr_carea' id='block_1_79' title="bbox 1993 2759 2141 2805">
    <p class='ocr_par' dir='ltr' id='par_1_79' title="bbox 1993 2759 2141 2805">
     <span class='ocr_line' id='line_1_79' title="bbox 1993 2759 2141 2805; baseline -0.014 0"><span class='ocrx_word' id='word_1_463' title='bbox 1993 2759 2141 2805; x_wconf 88' lang='lat' dir='ltr'><strong>cent.</strong></span> 
     </span>
    </p>
   </div>
   <div class='ocr_carea' id='block_1_80' title="bbox 2062 2839 3580 2911">
    <p class='ocr_par' dir='ltr' id='par_1_80' title="bbox 2062 2839 3580 2911">
     <span class='ocr_line' id='line_1_80' title="bbox 2062 2839 3580 2911; baseline 0.004 -19"><span class='ocrx_word' id='word_1_464' title='bbox 2062 2839 2537 2905; x_wconf 88' lang='lat' dir='ltr'><strong>Quemadmodum</strong></span> <span class='ocrx_word' id='word_1_465' title='bbox 2575 2839 2680 2893; x_wconf 91' lang='lat' dir='ltr'><strong>mel</strong></span> <span class='ocrx_word' id='word_1_466' title='bbox 2716 2840 3060 2895; x_wconf 76' lang='lat' dir='ltr'><strong>exulceratas</strong></span> <span class='ocrx_word' id='word_1_467' title='bbox 3107 2848 3296 2911; x_wconf 88' lang='lat' dir='ltr'><strong>partes</strong></span> <span class='ocrx_word' id='word_1_468' title='bbox 3342 2841 3580 2907; x_wconf 82' lang='lat' dir='ltr'><strong>mordet,</strong></span> 
     </span>
    </p>
   </div>
   <div class='ocr_carea' id='block_1_81' title="bbox 1994 2931 3583 3003">
    <p class='ocr_par' dir='ltr' id='par_1_81' title="bbox 1994 2931 3583 3003">
     <span class='ocr_line' id='line_1_81' title="bbox 1994 2931 3583 3003; baseline 0.003 -17"><span class='ocrx_word' id='word_1_469' title='bbox 1994 2931 2142 2986; x_wconf 89' lang='lat' dir='ltr'><strong>sanis</strong></span> <span class='ocrx_word' id='word_1_470' title='bbox 2172 2942 2355 2987; x_wconf 89' lang='lat' dir='ltr'><strong>autem</strong></span> <span class='ocrx_word' id='word_1_471' title='bbox 2390 2947 2560 2988; x_wconf 83' lang='lat' dir='ltr'><strong>suave</strong></span> <span class='ocrx_word' id='word_1_472' title='bbox 2607 2941 2694 2986; x_wconf 90' lang='lat' dir='ltr'><strong>est</strong></span> <span class='ocrx_word' id='word_1_473' title='bbox 2727 2948 2740 2984; x_wconf 91' lang='lat'>:</span> <span class='ocrx_word' id='word_1_474' title='bbox 2768 2931 2849 2986; x_wconf 91' lang='lat' dir='ltr'><strong>sic</strong></span> <span class='ocrx_word' id='word_1_475' title='bbox 2887 2940 2943 2987; x_wconf 91' lang='lat' dir='ltr'><strong>et</strong></span> <span class='ocrx_word' id='word_1_476' title='bbox 2974 2932 3337 3003; x_wconf 70' lang='lat' dir='ltr'><strong>philosophiae</strong></span> <span class='ocrx_word' id='word_1_477' title='bbox 3372 2950 3583 2990; x_wconf 85' lang='lat' dir='ltr'><strong>sermo-</strong></span> 
     </span>
    </p>
   </div>
   <div class='ocr_carea' id='block_1_82' title="bbox 1993 3022 2590 3078">
    <p class='ocr_par' dir='ltr' id='par_1_82' title="bbox 1993 3022 2590 3078">
     <span class='ocr_line' id='line_1_82' title="bbox 1993 3022 2590 3078; baseline 0.003 -2"><span class='ocrx_word' id='word_1_478' title='bbox 1993 3038 2106 3077; x_wconf 55' lang='lat' dir='ltr'><strong>nes.</strong></span> <span class='ocrx_word' id='word_1_479' title='bbox 2129 3038 2193 3076; x_wconf 88' lang='lat' dir='ltr'><strong>ac</strong></span> <span class='ocrx_word' id='word_1_480' title='bbox 2235 3022 2590 3078; x_wconf 86' lang='lat' dir='ltr'><strong>documenta.</strong></span> 
     </span>
    </p>
   </div>
   <div class='ocr_carea' id='block_1_83' title="bbox 2660 3115 2910 3186">
    <p class='ocr_par' dir='ltr' id='par_1_83' title="bbox 2660 3115 2910 3186">
     <span class='ocr_line' id='line_1_83' title="bbox 2660 3115 2910 3186; baseline -0.008 -14"><span class='ocrx_word' id='word_1_481' title='bbox 2660 3115 2910 3186; x_wconf 82' lang='lat' dir='ltr'><strong>Euripid.</strong></span> 
     </span>
    </p>
   </div>
   <div class='ocr_carea' id='block_1_84' title="bbox 2137 3207 3307 3279">
    <p class='ocr_par' dir='ltr' id='par_1_84' title="bbox 2137 3207 3307 3279">
     <span class='ocr_line' id='line_1_84' title="bbox 2137 3207 3307 3279; baseline 0.001 -18"><span class='ocrx_word' id='word_1_482' title='bbox 2137 3207 2326 3261; x_wconf 79' lang='lat' dir='ltr'><strong>Omnes</strong></span> <span class='ocrx_word' id='word_1_483' title='bbox 2357 3210 2619 3279; x_wconf 82' lang='lat' dir='ltr'><strong>sapientes</strong></span> <span class='ocrx_word' id='word_1_484' title='bbox 2646 3225 2828 3262; x_wconf 82' lang='lat' dir='ltr'><strong>sumus</strong></span> <span class='ocrx_word' id='word_1_485' title='bbox 2852 3216 2907 3261; x_wconf 85' lang='lat' dir='ltr'><strong>ut</strong></span> <span class='ocrx_word' id='word_1_486' title='bbox 2934 3208 3307 3278; x_wconf 79' lang='lat' dir='ltr'><strong>corripiamus.</strong></span> 
     </span>
    </p>
   </div>
   <div class='ocr_carea' id='block_1_85' title="bbox 2136 3279 3374 3361">
    <p class='ocr_par' dir='ltr' id='par_1_85' title="bbox 2136 3279 3374 3349">
     <span class='ocr_line' id='line_1_85' title="bbox 2136 3279 3374 3349; baseline 0.002 -17"><span class='ocrx_word' id='word_1_487' title='bbox 2136 3279 2242 3332; x_wconf 84' lang='lat' dir='ltr'><strong>Nos</strong></span> <span class='ocrx_word' id='word_1_488' title='bbox 2268 3295 2387 3332; x_wconf 86' lang='lat' dir='ltr'><strong>vero</strong></span> <span class='ocrx_word' id='word_1_489' title='bbox 2412 3296 2530 3332; x_wconf 85' lang='lat' dir='ltr'><strong>cum</strong></span> <span class='ocrx_word' id='word_1_490' title='bbox 2561 3279 2857 3348; x_wconf 71' lang='lat' dir='ltr'><strong>tecerimus,</strong></span> <span class='ocrx_word' id='word_1_491' title='bbox 2887 3295 2990 3332; x_wconf 88' lang='lat' dir='ltr'><strong>non</strong></span> <span class='ocrx_word' id='word_1_492' title='bbox 3019 3280 3374 3349; x_wconf 73' lang='lat' dir='ltr'><strong>agnoscimus.</strong></span> 
     </span>
    </p>
   </div>
   <div class='ocr_carea' id='block_1_86' title="bbox 2062 3390 3586 3466">
    <p class='ocr_par' dir='ltr' id='par_1_86' title="bbox 2062 3390 3586 3466">
     <span class='ocr_line' id='line_1_86' title="bbox 2062 3390 3586 3466; baseline 0.001 -18"><span class='ocrx_word' id='word_1_493' title='bbox 2062 3393 2244 3466; x_wconf 75' lang='grc' dir='ltr'>ΑΞδορ.</span> <span class='ocrx_word' id='word_1_494' title='bbox 2274 3391 2562 3448; x_wconf 83' lang='lat' dir='ltr'><strong>—Aiebat</strong></span> <span class='ocrx_word' id='word_1_495' title='bbox 2606 3391 2843 3463; x_wconf 70' lang='lat' dir='ltr'><strong>AEsopus</strong></span> <span class='ocrx_word' id='word_1_496' title='bbox 2898 3390 3103 3447; x_wconf 85' lang='lat' dir='ltr'><strong>habere</strong></span> <span class='ocrx_word' id='word_1_497' title='bbox 3153 3391 3399 3463; x_wconf 81' lang='lat' dir='ltr'><strong>singulos</strong></span> <span class='ocrx_word' id='word_1_498' title='bbox 3446 3392 3586 3449; x_wconf 86' lang='lat' dir='ltr'><strong>duas</strong></span> 
     </span>
    </p>
   </div>
   <div class='ocr_carea' id='block_1_87' title="bbox 1991 3482 3584 3555">
    <p class='ocr_par' dir='ltr' id='par_1_87' title="bbox 1991 3482 3584 3555">
     <span class='ocr_line' id='line_1_87' title="bbox 1991 3482 3584 3555; baseline -0.001 -16"><span class='ocrx_word' id='word_1_499' title='bbox 1991 3499 2175 3554; x_wconf 89' lang='lat' dir='ltr'><strong>peras,</strong></span> <span class='ocrx_word' id='word_1_500' title='bbox 2212 3485 2442 3539; x_wconf 87' lang='lat' dir='ltr'><strong>alteram</strong></span> <span class='ocrx_word' id='word_1_501' title='bbox 2487 3490 2637 3550; x_wconf 89' lang='lat' dir='ltr'><strong>ante,</strong></span> <span class='ocrx_word' id='word_1_502' title='bbox 2676 3484 2910 3538; x_wconf 89' lang='lat' dir='ltr'><strong>alteram</strong></span> <span class='ocrx_word' id='word_1_503' title='bbox 2959 3489 3135 3550; x_wconf 88' lang='lat' dir='ltr'><strong>retro;</strong></span> <span class='ocrx_word' id='word_1_504' title='bbox 3164 3498 3229 3538; x_wconf 87' lang='lat' dir='ltr'><strong>ac</strong></span> <span class='ocrx_word' id='word_1_505' title='bbox 3259 3482 3483 3555; x_wconf 88' lang='lat' dir='ltr'><strong>quidem</strong></span> <span class='ocrx_word' id='word_1_506' title='bbox 3528 3484 3584 3539; x_wconf 91' lang='lat' dir='ltr'><strong>in</strong></span> 
     </span>
    </p>
   </div>
   <div class='ocr_carea' id='block_1_88' title="bbox 1993 3574 3586 3647">
    <p class='ocr_par' dir='ltr' id='par_1_88' title="bbox 1993 3574 3586 3647">
     <span class='ocr_line' id='line_1_88' title="bbox 1993 3574 3586 3647; baseline -0.001 -14"><span class='ocrx_word' id='word_1_507' title='bbox 1993 3577 2258 3647; x_wconf 74' lang='lat' dir='ltr'><strong>anteriori</strong></span> <span class='ocrx_word' id='word_1_508' title='bbox 2300 3591 2571 3647; x_wconf 89' lang='lat' dir='ltr'><strong>reponere</strong></span> <span class='ocrx_word' id='word_1_509' title='bbox 2624 3576 2862 3632; x_wconf 88' lang='lat' dir='ltr'><strong>aliorum</strong></span> <span class='ocrx_word' id='word_1_510' title='bbox 2908 3574 3143 3641; x_wconf 88' lang='lat' dir='ltr'><strong>delicta,</strong></span> <span class='ocrx_word' id='word_1_511' title='bbox 3190 3574 3246 3629; x_wconf 92' lang='lat' dir='ltr'><strong>in</strong></span> <span class='ocrx_word' id='word_1_512' title='bbox 3290 3577 3586 3646; x_wconf 87' lang='lat' dir='ltr'><strong>posteriori</strong></span> 
     </span>
    </p>
   </div>
   <div class='ocr_carea' id='block_1_89' title="bbox 1991 3666 3584 3738">
    <p class='ocr_par' dir='ltr' id='par_1_89' title="bbox 1991 3666 3584 3738">
     <span class='ocr_line' id='line_1_89' title="bbox 1991 3666 3584 3738; baseline 0 -16"><span class='ocrx_word' id='word_1_513' title='bbox 1991 3683 2149 3735; x_wconf 85' lang='lat' dir='ltr'><strong>vero,</strong></span> <span class='ocrx_word' id='word_1_514' title='bbox 2184 3684 2323 3723; x_wconf 90' lang='lat' dir='ltr'><strong>sua:</strong></span> <span class='ocrx_word' id='word_1_515' title='bbox 2354 3675 2520 3738; x_wconf 86' lang='lat' dir='ltr'><strong>atque</strong></span> <span class='ocrx_word' id='word_1_516' title='bbox 2549 3682 2672 3723; x_wconf 88' lang='lat' dir='ltr'><strong>eam</strong></span> <span class='ocrx_word' id='word_1_517' title='bbox 2715 3666 2787 3722; x_wconf 91' lang='lat' dir='ltr'><strong>ob</strong></span> <span class='ocrx_word' id='word_1_518' title='bbox 2815 3682 2957 3732; x_wconf 88' lang='lat' dir='ltr'><strong>rem,</strong></span> <span class='ocrx_word' id='word_1_519' title='bbox 2992 3680 3097 3721; x_wconf 91' lang='lat' dir='ltr'><strong>nec</strong></span> <span class='ocrx_word' id='word_1_520' title='bbox 3136 3667 3355 3722; x_wconf 90' lang='lat' dir='ltr'><strong>oculate</strong></span> <span class='ocrx_word' id='word_1_521' title='bbox 3393 3682 3459 3721; x_wconf 84' lang='lat' dir='ltr'><strong>ea</strong></span> <span class='ocrx_word' id='word_1_522' title='bbox 3498 3668 3584 3722; x_wconf 82' lang='lat' dir='ltr'><strong>vi-</strong></span> 
     </span>
    </p>
   </div>
   <div class='ocr_carea' id='block_1_90' title="bbox 1993 3759 3217 3815">
    <p class='ocr_par' dir='ltr' id='par_1_90' title="bbox 1993 3759 3217 3815">
     <span class='ocr_line' id='line_1_90' title="bbox 1993 3759 3217 3815; baseline -0.012 0"><span class='ocrx_word' id='word_1_523' title='bbox 1993 3759 2211 3815; x_wconf 89' lang='lat' dir='ltr'><strong>demus.</strong></span> <span class='ocrx_word' id='word_1_524' title='bbox 3206 3764 3217 3776; x_wconf 63' lang='grc' dir='ltr'><em>ί</em></span> 
     </span>
    </p>
   </div>
   <div class='ocr_carea' id='block_1_91' title="bbox 2064 3846 3584 3920">
    <p class='ocr_par' dir='ltr' id='par_1_91' title="bbox 2064 3846 3584 3920">
     <span class='ocr_line' id='line_1_91' title="bbox 2064 3846 3584 3920; baseline -0.001 -16"><span class='ocrx_word' id='word_1_525' title='bbox 2064 3849 2335 3905; x_wconf 74' lang='lat' dir='ltr'><strong>Isocratis.</strong></span> <span class='ocrx_word' id='word_1_526' title='bbox 2359 3881 2428 3899; x_wconf 65' lang='grc' dir='ltr'><strong>η-</strong></span> <span class='ocrx_word' id='word_1_527' title='bbox 2447 3848 2596 3905; x_wconf 88' lang='lat' dir='ltr'><strong>Nulli</strong></span> <span class='ocrx_word' id='word_1_528' title='bbox 2626 3847 2784 3904; x_wconf 66' lang='lat' dir='ltr'><strong>malae</strong></span> <span class='ocrx_word' id='word_1_529' title='bbox 2815 3846 2894 3902; x_wconf 92' lang='lat' dir='ltr'><strong>rei</strong></span> <span class='ocrx_word' id='word_1_530' title='bbox 2922 3856 3018 3903; x_wconf 87' lang='lat' dir='ltr'><strong>aut</strong></span> <span class='ocrx_word' id='word_1_531' title='bbox 3049 3849 3398 3920; x_wconf 72' lang='lat' dir='ltr'><strong>praesentiam</strong></span> <span class='ocrx_word' id='word_1_532' title='bbox 3425 3849 3584 3904; x_wconf 79' lang='lat' dir='ltr'><strong>exhi-</strong></span> 
     </span>
    </p>
   </div>
   <div class='ocr_carea' id='block_1_92' title="bbox 1993 3937 3584 4008">
    <p class='ocr_par' dir='ltr' id='par_1_92' title="bbox 1993 3937 3584 4008">
     <span class='ocr_line' id='line_1_92' title="bbox 1993 3937 3584 4008; baseline 0.001 -14"><span class='ocrx_word' id='word_1_533' title='bbox 1993 3939 2147 4005; x_wconf 89' lang='lat' dir='ltr'><strong>beas,</strong></span> <span class='ocrx_word' id='word_1_534' title='bbox 2181 3946 2278 3994; x_wconf 91' lang='lat' dir='ltr'><strong>aut</strong></span> <span class='ocrx_word' id='word_1_535' title='bbox 2316 3940 2560 3995; x_wconf 83' lang='lat' dir='ltr'><strong>favorem</strong></span> <span class='ocrx_word' id='word_1_536' title='bbox 2599 3937 2847 4008; x_wconf 66' lang='lat' dir='ltr'><strong>praebeas</strong></span> <span class='ocrx_word' id='word_1_537' title='bbox 2893 3946 3059 4008; x_wconf 89' lang='lat' dir='ltr'><strong>atque</strong></span> <span class='ocrx_word' id='word_1_538' title='bbox 3100 3937 3380 3994; x_wconf 79' lang='lat' dir='ltr'><strong>defendas.</strong></span> <span class='ocrx_word' id='word_1_539' title='bbox 3415 3939 3584 3995; x_wconf 42' lang='lat' dir='ltr'><strong>Vide‘</strong></span> 
     </span>
    </p>
   </div>
   <div class='ocr_carea' id='block_1_93' title="bbox 1995 4029 3584 4102">
    <p class='ocr_par' dir='ltr' id='par_1_93' title="bbox 1995 4029 3584 4102">
     <span class='ocr_line' id='line_1_93' title="bbox 1995 4029 3584 4102; baseline -0.001 -16"><span class='ocrx_word' id='word_1_540' title='bbox 1995 4032 2143 4087; x_wconf 88' lang='lat' dir='ltr'><strong>beris</strong></span> <span class='ocrx_word' id='word_1_541' title='bbox 2167 4031 2315 4087; x_wconf 84' lang='lat' dir='ltr'><strong>enim</strong></span> <span class='ocrx_word' id='word_1_542' title='bbox 2344 4032 2460 4102; x_wconf 89' lang='lat' dir='ltr'><strong>ipse</strong></span> <span class='ocrx_word' id='word_1_543' title='bbox 2496 4030 2623 4085; x_wconf 89' lang='lat' dir='ltr'><strong>talia</strong></span> <span class='ocrx_word' id='word_1_544' title='bbox 2652 4042 2837 4101; x_wconf 81' lang='lat' dir='ltr'><strong>agere,</strong></span> <span class='ocrx_word' id='word_1_545' title='bbox 2865 4029 2912 4084; x_wconf 91' lang='lat' dir='ltr'><strong>si</strong></span> <span class='ocrx_word' id='word_1_546' title='bbox 2951 4029 3075 4085; x_wconf 89' lang='lat' dir='ltr'><strong>aliis</strong></span> <span class='ocrx_word' id='word_1_547' title='bbox 3112 4029 3208 4101; x_wconf 86' lang='lat' dir='ltr'><strong>qui</strong></span> <span class='ocrx_word' id='word_1_548' title='bbox 3237 4038 3400 4102; x_wconf 83' lang='lat' dir='ltr'><strong>agant</strong></span> <span class='ocrx_word' id='word_1_549' title='bbox 3425 4031 3584 4087; x_wconf 84' lang='lat' dir='ltr'><strong>auxi-</strong></span> 
     </span>
    </p>
   </div>
   <div class='ocr_carea' id='block_1_94' title="bbox 1962 4122 2309 4184">
    <p class='ocr_par' dir='ltr' id='par_1_94' title="bbox 1962 4122 2309 4184">
     <span class='ocr_line' id='line_1_94' title="bbox 1962 4122 2309 4184; baseline -0.017 0"><span class='ocrx_word' id='word_1_550' title='bbox 1962 4176 1971 4184; x_wconf 95' lang='lat'><strong>.</strong></span> <span class='ocrx_word' id='word_1_551' title='bbox 1993 4124 2069 4179; x_wconf 92' lang='lat' dir='ltr'><strong>lio</strong></span> <span class='ocrx_word' id='word_1_552' title='bbox 2115 4122 2309 4181; x_wconf 80' lang='lat' dir='ltr'><strong>fueris.</strong></span> 
     </span>
    </p>
   </div>
   <div class='ocr_carea' id='block_1_95' title="bbox 2066 4213 3586 4287">
    <p class='ocr_par' dir='ltr' id='par_1_95' title="bbox 2066 4213 3586 4287">
     <span class='ocr_line' id='line_1_95' title="bbox 2066 4213 3586 4287; baseline -0.001 -17"><span class='ocrx_word' id='word_1_553' title='bbox 2066 4216 2318 4287; x_wconf 76' lang='lat' dir='ltr'><strong>Epicteti.</strong></span> <span class='ocrx_word' id='word_1_554' title='bbox 2343 4246 2413 4256; x_wconf 93' lang='lat'><strong>-—</strong></span> <span class='ocrx_word' id='word_1_555' title='bbox 2431 4214 2536 4282; x_wconf 85' lang='lat' dir='ltr'><strong>Qui</strong></span> <span class='ocrx_word' id='word_1_556' title='bbox 2566 4214 2638 4271; x_wconf 84' lang='lat' dir='ltr'><strong>sit</strong></span> <span class='ocrx_word' id='word_1_557' title='bbox 2667 4221 3049 4287; x_wconf 87' lang='lat' dir='ltr'><strong>correpturus,</strong></span> <span class='ocrx_word' id='word_1_558' title='bbox 3089 4213 3144 4269; x_wconf 90' lang='lat' dir='ltr'><strong>id</strong></span> <span class='ocrx_word' id='word_1_559' title='bbox 3174 4214 3232 4269; x_wconf 89' lang='lat' dir='ltr'><strong>in</strong></span> <span class='ocrx_word' id='word_1_560' title='bbox 3261 4214 3456 4284; x_wconf 89' lang='lat' dir='ltr'><strong>primis</strong></span> <span class='ocrx_word' id='word_1_561' title='bbox 3485 4230 3586 4269; x_wconf 90' lang='lat' dir='ltr'><strong>cu-</strong></span> 
     </span>
    </p>
   </div>
   <div class='ocr_carea' id='block_1_96' title="bbox 1995 4305 3583 4377">
    <p class='ocr_par' dir='ltr' id='par_1_96' title="bbox 1995 4305 3583 4377">
     <span class='ocr_line' id='line_1_96' title="bbox 1995 4305 3583 4377; baseline -0.001 -16"><span class='ocrx_word' id='word_1_562' title='bbox 1995 4322 2117 4363; x_wconf 88' lang='lat' dir='ltr'><strong>rare</strong></span> <span class='ocrx_word' id='word_1_563' title='bbox 2145 4307 2334 4373; x_wconf 86' lang='lat' dir='ltr'><strong>debet,</strong></span> <span class='ocrx_word' id='word_1_564' title='bbox 2364 4315 2426 4361; x_wconf 86' lang='lat' dir='ltr'><strong>ut</strong></span> <span class='ocrx_word' id='word_1_565' title='bbox 2467 4321 2661 4363; x_wconf 89' lang='lat' dir='ltr'><strong>eorum</strong></span> <span class='ocrx_word' id='word_1_566' title='bbox 2702 4306 2798 4377; x_wconf 85' lang='lat' dir='ltr'><strong>qui</strong></span> <span class='ocrx_word' id='word_1_567' title='bbox 2837 4305 2952 4361; x_wconf 88' lang='lat' dir='ltr'><strong>sint</strong></span> <span class='ocrx_word' id='word_1_568' title='bbox 2992 4305 3352 4374; x_wconf 88' lang='lat' dir='ltr'><strong>corripiendi,</strong></span> <span class='ocrx_word' id='word_1_569' title='bbox 3386 4306 3583 4375; x_wconf 88' lang='lat' dir='ltr'><strong>pudori</strong></span> 
     </span>
    </p>
   </div>
   <div class='ocr_carea' id='block_1_97' title="bbox 1995 4395 3584 4466">
    <p class='ocr_par' dir='ltr' id='par_1_97' title="bbox 1995 4395 3584 4466">
     <span class='ocr_line' id='line_1_97' title="bbox 1995 4395 3584 4466; baseline -0.001 -12"><span class='ocrx_word' id='word_1_570' title='bbox 1995 4415 2059 4454; x_wconf 90' lang='lat' dir='ltr'><strong>ac</strong></span> <span class='ocrx_word' id='word_1_571' title='bbox 2085 4399 2436 4454; x_wconf 72' lang='lat' dir='ltr'><strong>verecundiae</strong></span> <span class='ocrx_word' id='word_1_572' title='bbox 2478 4398 2755 4455; x_wconf 88' lang='lat' dir='ltr'><strong>consulat.</strong></span> <span class='ocrx_word' id='word_1_573' title='bbox 2798 4395 2904 4464; x_wconf 86' lang='lat' dir='ltr'><strong>Qui</strong></span> <span class='ocrx_word' id='word_1_574' title='bbox 2930 4397 3080 4452; x_wconf 80' lang='lat' dir='ltr'><strong>enim</strong></span> <span class='ocrx_word' id='word_1_575' title='bbox 3115 4396 3282 4452; x_wconf 89' lang='lat' dir='ltr'><strong>semel</strong></span> <span class='ocrx_word' id='word_1_576' title='bbox 3315 4398 3584 4466; x_wconf 88' lang='lat' dir='ltr'><strong>pudorem</strong></span> 
     </span>
    </p>
   </div>
   <div class='ocr_carea' id='block_1_98' title="bbox 1995 4488 3271 4558">
    <p class='ocr_par' dir='ltr' id='par_1_98' title="bbox 1995 4488 3271 4558">
     <span class='ocr_line' id='line_1_98' title="bbox 1995 4488 3271 4558; baseline -0.003 -11"><span class='ocrx_word' id='word_1_577' title='bbox 1995 4491 2303 4557; x_wconf 86' lang='lat' dir='ltr'><strong>amiserint,</strong></span> <span class='ocrx_word' id='word_1_578' title='bbox 2333 4492 2485 4546; x_wconf 92' lang='lat' dir='ltr'><strong>nullo</strong></span> <span class='ocrx_word' id='word_1_579' title='bbox 2513 4490 2678 4546; x_wconf 89' lang='lat' dir='ltr'><strong>modo</strong></span> <span class='ocrx_word' id='word_1_580' title='bbox 2703 4488 2985 4545; x_wconf 89' lang='lat' dir='ltr'><strong>emendari</strong></span> <span class='ocrx_word' id='word_1_581' title='bbox 3017 4497 3271 4558; x_wconf 88' lang='lat' dir='ltr'><strong>possunt.</strong></span> 
     </span>
    </p>
   </div>
   <div class='ocr_carea' id='block_1_99' title="bbox 1991 4671 3585 4741">
    <p class='ocr_par' dir='ltr' id='par_1_99' title="bbox 1991 4671 3585 4741">
     <span class='ocr_line' id='line_1_99' title="bbox 1991 4671 3585 4741; baseline -0.002 -12"><span class='ocrx_word' id='word_1_582' title='bbox 1991 4688 2055 4729; x_wconf 89' lang='lat' dir='ltr'><strong>ac</strong></span> <span class='ocrx_word' id='word_1_583' title='bbox 2084 4673 2389 4730; x_wconf 86' lang='lat' dir='ltr'><strong>conviciari</strong></span> <span class='ocrx_word' id='word_1_584' title='bbox 2417 4690 2430 4727; x_wconf 91' lang='lat'><strong>:</strong></span> <span class='ocrx_word' id='word_1_585' title='bbox 2458 4672 2596 4728; x_wconf 89' lang='lat' dir='ltr'><strong>illud</strong></span> <span class='ocrx_word' id='word_1_586' title='bbox 2631 4673 2783 4729; x_wconf 90' lang='lat' dir='ltr'><strong>enim</strong></span> <span class='ocrx_word' id='word_1_587' title='bbox 2824 4671 3072 4727; x_wconf 86' lang='lat' dir='ltr'><strong>lenitatis</strong></span> <span class='ocrx_word' id='word_1_588' title='bbox 3108 4682 3164 4727; x_wconf 91' lang='lat' dir='ltr'><strong>et</strong></span> <span class='ocrx_word' id='word_1_589' title='bbox 3187 4671 3445 4726; x_wconf 65' lang='lat' dir='ltr'><strong>amicitia:</strong></span> <span class='ocrx_word' id='word_1_590' title='bbox 3470 4672 3585 4741; x_wconf 91' lang='lat' dir='ltr'><strong>ple-</strong></span> 
     </span>
    </p>
   </div>
   <div class='ocr_carea' id='block_1_100' title="bbox 1989 4763 3580 4829">
    <p class='ocr_par' dir='ltr' id='par_1_100' title="bbox 1989 4763 3580 4829">
     <span class='ocr_line' id='line_1_100' title="bbox 1989 4763 3580 4829; baseline -0.003 -9"><span class='ocrx_word' id='word_1_591' title='bbox 1989 4781 2125 4821; x_wconf 85' lang='lat' dir='ltr'><strong>num</strong></span> <span class='ocrx_word' id='word_1_592' title='bbox 2168 4775 2273 4829; x_wconf 89' lang='lat' dir='ltr'><strong>est,</strong></span> <span class='ocrx_word' id='word_1_593' title='bbox 2319 4765 2430 4821; x_wconf 91' lang='lat' dir='ltr'><strong>hoc</strong></span> <span class='ocrx_word' id='word_1_594' title='bbox 2469 4779 2604 4819; x_wconf 91' lang='lat' dir='ltr'><strong>vero</strong></span> <span class='ocrx_word' id='word_1_595' title='bbox 2647 4763 2910 4819; x_wconf 88' lang='lat' dir='ltr'><strong>acerbum</strong></span> <span class='ocrx_word' id='word_1_596' title='bbox 2951 4771 3009 4818; x_wconf 87' lang='lat' dir='ltr'><strong>et</strong></span> <span class='ocrx_word' id='word_1_597' title='bbox 3054 4763 3522 4818; x_wconf 82' lang='lat' dir='ltr'><strong>contumeliosum</strong></span> <span class='ocrx_word' id='word_1_598' title='bbox 3567 4782 3580 4816; x_wconf 94' lang='lat'>:</span> 
     </span>
    </p>
   </div>
   <div class='ocr_carea' id='block_1_101' title="bbox 1989 4853 3584 4927">
    <p class='ocr_par' dir='ltr' id='par_1_101' title="bbox 1989 4853 3584 4927">
     <span class='ocr_line' id='line_1_101' title="bbox 1989 4853 3584 4927; baseline -0.002 -15"><span class='ocrx_word' id='word_1_599' title='bbox 1989 4866 2153 4927; x_wconf 89' lang='lat' dir='ltr'><strong>atque</strong></span> <span class='ocrx_word' id='word_1_600' title='bbox 2181 4858 2338 4926; x_wconf 91' lang='lat' dir='ltr'><strong>prius</strong></span> <span class='ocrx_word' id='word_1_601' title='bbox 2379 4855 2605 4926; x_wconf 89' lang='lat' dir='ltr'><strong>quidem</strong></span> <span class='ocrx_word' id='word_1_602' title='bbox 2656 4863 2947 4926; x_wconf 85' lang='lat' dir='ltr'><strong>peccantes</strong></span> <span class='ocrx_word' id='word_1_603' title='bbox 2989 4853 3239 4926; x_wconf 80' lang='lat' dir='ltr'><strong>corrigit.</strong></span> <span class='ocrx_word' id='word_1_604' title='bbox 3294 4854 3403 4910; x_wconf 87' lang='lat' dir='ltr'><strong>hoc</strong></span> <span class='ocrx_word' id='word_1_605' title='bbox 3451 4871 3584 4911; x_wconf 84' lang='lat' dir='ltr'><strong>vero</strong></span> 
     </span>
    </p>
   </div>
   <div class='ocr_carea' id='block_1_102' title="bbox 1990 4947 2523 5019">
    <p class='ocr_par' dir='ltr' id='par_1_102' title="bbox 1990 4947 2523 5019">
     <span class='ocr_line' id='line_1_102' title="bbox 1990 4947 2523 5019; baseline -0.008 -14"><span class='ocrx_word' id='word_1_606' title='bbox 1990 4951 2168 5005; x_wconf 82' lang='lat' dir='ltr'><strong>solum</strong></span> <span class='ocrx_word' id='word_1_607' title='bbox 2219 4947 2523 5019; x_wconf 81' lang='lat' dir='ltr'><strong>redarguit.</strong></span> 
     </span>
    </p>
   </div>
   <div class='ocr_carea' id='block_1_103' title="bbox 2067 5036 3585 5111">
    <p class='ocr_par' dir='ltr' id='par_1_103' title="bbox 2067 5036 3585 5111">
     <span class='ocr_line' id='line_1_103' title="bbox 2067 5036 3585 5111; baseline -0.003 -16"><span class='ocrx_word' id='word_1_608' title='bbox 2067 5040 2376 5111; x_wconf 80' lang='lat' dir='ltr'><strong>Empedocl.</strong></span> <span class='ocrx_word' id='word_1_609' title='bbox 2417 5068 2489 5079; x_wconf 87' lang='lat'><strong>—-</strong></span> <span class='ocrx_word' id='word_1_610' title='bbox 2528 5038 2907 5109; x_wconf 85' lang='lat' dir='ltr'><strong>Interrogatus</strong></span> <span class='ocrx_word' id='word_1_611' title='bbox 2970 5053 3071 5093; x_wconf 88' lang='lat' dir='ltr'><strong>cur</strong></span> <span class='ocrx_word' id='word_1_612' title='bbox 3136 5037 3278 5092; x_wconf 87' lang='lat' dir='ltr'><strong>male</strong></span> <span class='ocrx_word' id='word_1_613' title='bbox 3353 5036 3585 5091; x_wconf 88' lang='lat' dir='ltr'><strong>audiens</strong></span> 
     </span>
    </p>
   </div>
   <div class='ocr_carea' id='block_1_104' title="bbox 1995 5128 3583 5203">
    <p class='ocr_par' dir='ltr' id='par_1_104' title="bbox 1995 5128 3583 5203">
     <span class='ocr_line' id='line_1_104' title="bbox 1995 5128 3583 5203; baseline -0.005 -14"><span class='ocrx_word' id='word_1_614' title='bbox 1995 5135 2162 5189; x_wconf 88' lang='lat' dir='ltr'><strong>etiam</strong></span> <span class='ocrx_word' id='word_1_615' title='bbox 2195 5140 2360 5203; x_wconf 85' lang='lat' dir='ltr'><strong>atque</strong></span> <span class='ocrx_word' id='word_1_616' title='bbox 2388 5132 2555 5188; x_wconf 88' lang='lat' dir='ltr'><strong>etiam</strong></span> <span class='ocrx_word' id='word_1_617' title='bbox 2598 5131 2825 5202; x_wconf 79' lang='lat' dir='ltr'><strong>indigne</strong></span> <span class='ocrx_word' id='word_1_618' title='bbox 2852 5130 3022 5186; x_wconf 80' lang='lat' dir='ltr'><strong>ferret</strong></span> <span class='ocrx_word' id='word_1_619' title='bbox 3050 5146 3064 5183; x_wconf 89' lang='lat'><strong>:</strong></span> <span class='ocrx_word' id='word_1_620' title='bbox 3092 5130 3253 5196; x_wconf 86' lang='lat' dir='ltr'><strong>Quia,</strong></span> <span class='ocrx_word' id='word_1_621' title='bbox 3280 5128 3481 5198; x_wconf 87' lang='lat' dir='ltr'><strong>inquit,</strong></span> <span class='ocrx_word' id='word_1_622' title='bbox 3513 5143 3583 5182; x_wconf 91' lang='lat' dir='ltr'><strong>ne</strong></span> 
     </span>
    </p>
   </div>
   <div class='ocr_carea' id='block_1_105' title="bbox 1996 5218 3583 5293">
    <p class='ocr_par' dir='ltr' id='par_1_105' title="bbox 1996 5218 3583 5293">
     <span class='ocr_line' id='line_1_105' title="bbox 1996 5218 3583 5293; baseline -0.003 -15"><span class='ocrx_word' id='word_1_623' title='bbox 1996 5223 2190 5279; x_wconf 86' lang='lat' dir='ltr'><strong>laudes</strong></span> <span class='ocrx_word' id='word_1_624' title='bbox 2216 5222 2440 5293; x_wconf 90' lang='lat' dir='ltr'><strong>quidem</strong></span> <span class='ocrx_word' id='word_1_625' title='bbox 2474 5221 2732 5285; x_wconf 85' lang='lat' dir='ltr'><strong>sentiam,</strong></span> <span class='ocrx_word' id='word_1_626' title='bbox 2770 5219 2876 5274; x_wconf 90' lang='lat' dir='ltr'><strong>nisi</strong></span> <span class='ocrx_word' id='word_1_627' title='bbox 2916 5218 3058 5273; x_wconf 89' lang='lat' dir='ltr'><strong>male</strong></span> <span class='ocrx_word' id='word_1_628' title='bbox 3085 5218 3320 5274; x_wconf 84' lang='lat' dir='ltr'><strong>audiens</strong></span> <span class='ocrx_word' id='word_1_629' title='bbox 3354 5218 3583 5274; x_wconf 89' lang='lat' dir='ltr'><strong>moleste</strong></span> 
     </span>
    </p>
   </div>
   <div class='ocr_carea' id='block_1_106' title="bbox 1998 5314 2291 5370">
    <p class='ocr_par' dir='ltr' id='par_1_106' title="bbox 1998 5314 2291 5370">
     <span class='ocr_line' id='line_1_106' title="bbox 1998 5314 2291 5370; baseline 0 -2"><span class='ocrx_word' id='word_1_630' title='bbox 1998 5314 2190 5370; x_wconf 83' lang='lat' dir='ltr'><strong>feram.</strong></span> <span class='ocrx_word' id='word_1_631' title='bbox 2287 5340 2291 5344; x_wconf 91' lang='lat'><strong><em>-</em></strong></span> 
     </span>
    </p>
   </div>
   <div class='ocr_carea' id='block_1_107' title="bbox 2578 5519 3006 5577">
    <p class='ocr_par' dir='ltr' id='par_1_107' title="bbox 2578 5519 3006 5577">
     <span class='ocr_line' id='line_1_107' title="bbox 2578 5519 3006 5577; baseline -0.012 0"><span class='ocrx_word' id='word_1_632' title='bbox 2578 5519 2808 5577; x_wconf 82' lang='lat' dir='ltr'><strong>SERMO</strong></span> <span class='ocrx_word' id='word_1_633' title='bbox 2849 5519 2987 5575; x_wconf 83' lang='lat' dir='ltr'><strong>XVII</strong></span> <span class='ocrx_word' id='word_1_634' title='bbox 2994 5559 3006 5571; x_wconf 91' lang='lat'><strong>.</strong></span> 
     </span>
    </p>
   </div>
   <div class='ocr_carea' id='block_1_108' title="bbox 2002 5610 3578 5689">
    <p class='ocr_par' dir='ltr' id='par_1_108' title="bbox 2002 5610 3578 5689">
     <span class='ocr_line' id='line_1_108' title="bbox 2002 5610 3578 5689; baseline -0.006 -14"><span class='ocrx_word' id='word_1_635' title='bbox 2002 5618 2164 5689; x_wconf 77' lang='lat'><strong>582</strong></span> <span class='ocrx_word' id='word_1_636' title='bbox 2212 5618 2287 5673; x_wconf 86' lang='lat' dir='ltr'><strong>De</strong></span> <span class='ocrx_word' id='word_1_637' title='bbox 2325 5617 2606 5688; x_wconf 81' lang='lat' dir='ltr'><strong>disciplina</strong></span> <span class='ocrx_word' id='word_1_638' title='bbox 2656 5632 2748 5670; x_wconf 81' lang='lat' dir='ltr'><strong>seu</strong></span> <span class='ocrx_word' id='word_1_639' title='bbox 2786 5614 3084 5668; x_wconf 79' lang='lat' dir='ltr'><strong>eruditione</strong></span> <span class='ocrx_word' id='word_1_640' title='bbox 3134 5621 3181 5666; x_wconf 85' lang='lat' dir='ltr'><strong>ct</strong></span> <span class='ocrx_word' id='word_1_641' title='bbox 3232 5610 3578 5682; x_wconf 80' lang='lat' dir='ltr'><strong>philosOphia.</strong></span> 
     </span>
    </p>
   </div>
   <div class='ocr_carea' id='block_1_109' title="bbox 2070 5705 3584 5777">
    <p class='ocr_par' dir='ltr' id='par_1_109' title="bbox 2070 5705 3584 5777">
     <span class='ocr_line' id='line_1_109' title="bbox 2070 5705 3584 5777; baseline -0.003 -12"><span class='ocrx_word' id='word_1_642' title='bbox 2070 5711 2234 5765; x_wconf 79' lang='lat' dir='ltr'><strong>Joan.</strong></span> <span class='ocrx_word' id='word_1_643' title='bbox 2269 5726 2359 5777; x_wconf 85' lang='lat' dir='ltr'><strong>vn,</strong></span> <span class='ocrx_word' id='word_1_644' title='bbox 2401 5711 2484 5764; x_wconf 78' lang='grc' dir='ltr'>Μ.</span> <span class='ocrx_word' id='word_1_645' title='bbox 2510 5708 2857 5764; x_wconf 81' lang='lat' dir='ltr'><strong>-—-Ascendit</strong></span> <span class='ocrx_word' id='word_1_646' title='bbox 2888 5707 3046 5762; x_wconf 83' lang='lat' dir='ltr'><strong>Jesus</strong></span> <span class='ocrx_word' id='word_1_647' title='bbox 3093 5705 3159 5759; x_wconf 89' lang='lat' dir='ltr'><strong>ad</strong></span> <span class='ocrx_word' id='word_1_648' title='bbox 3209 5705 3494 5775; x_wconf 82' lang='lat' dir='ltr'><strong>templum,</strong></span> <span class='ocrx_word' id='word_1_649' title='bbox 3527 5712 3584 5760; x_wconf 88' lang='lat' dir='ltr'><strong>et</strong></span> 
     </span>
    </p>
   </div>
  </div>
