3990 6356
479 397 588 486 tua

1642 429 1703 490 S.
1743 422 2030 488 MAXIMI
2067 417 2578 488 CONFESSORIS

3663 429 3780 496 830

494 545 722 603 decebat
773 539 984 600 turbas.
1030 542 1375 598 Mirabantur
1423 550 1605 597 autem
1639 541 1834 604 Judzci,
1885 539 2074 594 dicen-

2195 540 2426 595 ἐδίδασκε
2483 543 2613 605 τοὺς
2663 541 2874 613 ὄχλους.
2935 543 3277 616 Ἐθαύμαζον
3305 546 3360 600 δὲ
3394 547 3451 600 οἵ
3487 547 3768 612 Ἰουδαῖοι,

487 637 925 705 teszouomodo
973 637 1066 692 hic
1124 635 1232 693 scit
1270 635 1512 702 litteras,
1568 649 1694 692 cum
1757 648 1869 687 non
1929 630 2074 686 didi-

487 730 625 786 cerit
638 731 662 773 9

556 821 588 877 Ι
610 821 732 878 Cor.
765 838 844 888 ιη,
872 821 961 876 l8.
983 854 1052 862 —
1075 821 1130 877 Si
1153 823 1280 892 quis
1303 821 1522 877 videtur
1550 820 1697 876 inter
1731 834 1828 875 vos
1854 820 2074 889 sapiens

485 928 608 970 esse
655 915 712 969 in
757 915 863 970 hoc
907 915 1136 980 saeculo,
1178 915 1382 969 stultus
1430 912 1555 980 liat,
1603 922 1666 968 ut
1714 912 1782 968 sit
1828 911 2070 982 sapiens.

491 1005 772 1075 Sapientia
817 1005 966 1061 enim
1022 1003 1188 1078 hujus
1243 1004 1462 1072 Inlindi,
1515 1005 1747 1062 stultitia
1804 1012 1891 1060 est
1925 1003 2072 1074 apud

489 1090 690 1153 Deum.

558 1189 718 1245 Prov.
755 1207 793 1251 ι.
821 1189 912 1244 20.
935 1221 1004 1230 ——
1025 1189 1307 1261 Sapientia
1339 1188 1397 1246 in
1421 1191 1528 1248 viis
1552 1190 1769 1256 clamat,
1796 1197 1853 1245 et
1877 1189 1932 1244 in
1956 1187 2074 1260 pla-

493 1281 594 1336 teis
631 1281 811 1352 palam
847 1281 978 1354 agit.

559 1373 729 1429 Eccli.
776 1391 922 1441 xxvr,
955 1368 1275 1434 {8.—Non
1317 1385 1402 1433 est
1440 1375 1798 1433 commutatio
1838 1373 2073 1430 erudita

491 1464 708 1520 animae.

507 1549 956 1630 Eccli.vl,18,l9.
979 1587 1050 1596 —
1070 1552 1197 1623 Fili,
1227 1557 1282 1612 in
1307 1557 1598 1628 iuventute
1643 1563 1738 1610 tua
1769 1553 1935 1626 dilige
1975 1550 2075 1608 do-

489 1645 722 1701 ctrinam
755 1666 768 1700 :
797 1656 854 1702 et
891 1643 1036 1703 sicut
1074 1648 1170 1720 qui
1213 1657 1333 1704 arat
1377 1655 1435 1704 et
1480 1647 1739 1712 seminat,
1781 1645 1982 1701 accede
2005 1643 2078 1700 ad

487 1753 629 1802 eam,
661 1747 718 1793 et
741 1737 958 1794 fructus
987 1736 1111 1812 ejus
1136 1739 1310 1796 bonos
1343 1736 1575 1797 sustine.
1620 1799 1627 1807 _

554 1829 766 1887 Basilii.
786 1863 858 1874 —
873 1831 1070 1888 Melius
1089 1841 1174 1888 est
1191 1848 1255 1888 ac
1277 1831 1710 1898 conducibilius,
1737 1845 1862 1886 cum
1888 1829 2072 1884 idiotae

487 1935 552 1977 ac
601 1921 843 1993 imperiti
880 1923 1076 1990 simus,
1116 1941 1217 1996 per
1269 1925 1596 1982 charitatem
1639 1925 1752 1978 Deo
1792 1921 2074 1994 proximos

489 2007 632 2078 ﬁeri,
687 2009 852 2084 quam
895 2016 988 2086 qui
1034 2016 1208 2071 multa
1257 2015 1488 2072 scientia
1537 2030 1834 2084 rerumque
1875 2014 2074 2085 peritia

490 2105 707 2175 praediti
731 2107 1040 2175 videamur,
1067 2109 1126 2164 in
1165 2108 1460 2164 Dominum
1495 2116 1749 2164 nostrum
1777 2106 2076 2162 maledicos

489 2191 782 2255 exsistere.

562 2287 782 2346 Similes
815 2299 946 2347 sunt
988 2288 1165 2348 oculis
1195 2297 1434 2358 nocture,
1475 2288 1567 2362 qui
1610 2304 1834 2361 operam
1873 2285 2076 2344 otium-

489 2392 600 2450 que
629 2391 940 2450 posuerunt
982 2381 1131 2437 inani
1161 2371 1464 2452 sapientiai.
1491 2381 1628 2436 Nam
1670 2388 1726 2435 et
1754 2378 1904 2434 illius
1929 2375 2074 2432 oculi

489 2479 659 2526 noctu
709 2470 920 2528 robusti
968 2479 1124 2540 sunt;
1171 2471 1435 2528 illucentc
1496 2479 1680 2527 autem
1720 2470 1859 2538 sole,
1905 2468 2076 2524 hebe-

488 2571 673 2619 scunt.
705 2562 912 2620 Horum
944 2580 1165 2636 quoque
1197 2580 1375 2631 mens,
1422 2564 1669 2620 inanium
1712 2578 1900 2618 rerum
1943 2576 2077 2616 con-

491 2649 847 2724 templa-tione
881 2653 1197 2710 acutissima
1226 2659 1342 2720 est;
1371 2669 1517 2710 verae
1553 2661 1738 2709 autem
1777 2651 1919 2707 lucis
1945 2665 2078 2706 con-

489 2749 826 2806 sideratione
853 2747 1090 2803 obscura
1116 2761 1181 2801 ac
1208 2744 1400 2800 hebes.

561 2921 824 2997 Theologi.
842 2956 914 2966 —
929 2923 1286 2994 Exploratum
1309 2918 1566 2977 existimo
1593 2917 1742 2991 apud
1763 2933 1957 2974 omnes
1978 2915 2080 2987 qui

487 3018 693 3073 mentis
727 3024 1011 3086 compotes
1053 3023 1202 3082 sunt,
1250 3029 1371 3069 esse
1404 3011 1753 3081 disciplinam
1787 3009 2078 3083 (eruditio-

489 3119 638 3174 nem,
663 3106 897 3178 litteras)
926 3107 1172 3161 omnium
1205 3119 1328 3175 quae
1369 3102 1427 3158 in
1458 3102 1778 3158 hominibus
1807 3102 1952 3157 bona
1980 3100 2078 3154 ha-

488 3198 714 3267 bentur,
743 3199 1006 3270 primum.

558 3291 664 3360 Qui
693 3291 994 3370 eruditioni
1029 3289 1339 3360 litterisque
1383 3285 1637 3354 studetis,
1669 3303 1740 3344 ne
1769 3283 1892 3358 plus
1913 3298 2072 3354 αξηυο

487 3380 690 3439 litteris
721 3383 934 3450 ﬁdatis;
971 3397 1074 3438 nec
1093 3382 1366 3453 superﬂue
1391 3397 1666 3455 supraque
1695 3380 1926 3436 rationis
1957 3392 2074 3432 mo-

487 3475 620 3530 dum
650 3474 892 3546 argutari
930 3474 1114 3538 velitis
1143 3492 1157 3528 :
1193 3490 1296 3530 nec
1334 3475 1540 3546 ubique
1573 3473 1824 3545 improbe
1852 3472 2075 3526 vincere

489 3567 744 3640 cupiatis,
767 3634 771 3640 _
793 3566 890 3623 sed
925 3575 1011 3624 est
1045 3563 1266 3639 quando
1313 3569 1479 3624 etiam
1501 3568 1734 3624 honeste
1763 3567 1912 3622 vinci
1954 3579 2079 3620 sus-

489 3657 730 3718 tineatis.
819 3669 826 3674 ‘

557 3777 824 3847 Princeps
871 3775 1166 3847 sapientia,
1212 3777 1326 3832 vita
1374 3775 1668 3833 laudabilis
1715 3782 1773 3830 et
1818 3771 1932 3830 Deo
1979 3784 2075 3830 ex-

485 3870 658 3940 piata.

560 3982 746 4038 Prima
773 3980 1043 4054 sapientia
1081 3991 1436 4040 contemnere
1466 3981 1826 4055 sapientiam,
1847 3996 1972 4051 qua:
2016 3979 2074 4034 in

489 4088 747 4129 sermone
789 4082 844 4128 et
873 4073 1172 4139 verborum
1215 4073 1476 4143 strophis,
1503 4087 1610 4128 nec
1633 4086 1744 4127 non
1773 4069 1976 4140 spuriis
2011 4083 2077 4124 ac

491 4163 788 4235 superﬂuis
812 4164 1126 4236 opponendi
1183 4180 1384 4236 genere
1429 4164 1770 4236 argumentis
1815 4162 1918 4218 sita
1967 4169 2072 4216 est.

490 4248 711 4312 Utinam
741 4271 874 4311 vero
905 4255 1042 4310 mihi
1070 4254 1234 4310 liceat
1259 4255 1502 4326 quinque
1531 4255 1700 4311 verba
1724 4254 1877 4326 loqui
1903 4253 1959 4308 in
1983 4268 2077 4308 ec-

490 4347 660 4402 clesia
682 4363 804 4402 cum
835 4347 1144 4413 intellectu,
1167 4361 1334 4417 quam
1375 4347 1568 4405 decem
1594 4346 1766 4402 millia
1797 4346 1856 4402 in
1889 4345 2077 4418 lingua

493 4440 536 4511 (Ι
562 4439 692 4496 Cor.
723 4456 836 4504 xw,
879 4439 992 4512 l9).
1431 4429 1448 4464 ·’

2178 631 2454 701 λέγοντες,
2508 633 2634 698 Πῶς
2683 626 2842 700 οὗτος
2891 630 3001 688 οἶδε
3033 636 3362 708 γράμματα,
3393 637 3472 710 μὴ
3510 639 3774 711 μεμαθη-

2177 725 2286 790 κώς
2303 740 2325 793 ;

2228 821 2302 876 A'
2335 821 2474 888 Kop.
2505 818 2578 888 τ’.
2613 848 2682 860 -
2723 817 2892 884 Εἴτις
2924 819 3076 875 δοκεῖ
3120 821 3284 891 σοφὸς
3313 814 3453 876 εἶναι
3498 823 3560 875 ἐν
3611 823 3775 894 ὑμῖν,

2176 915 2234 969 ἐν
2285 913 2363 985 τῷ
2419 913 2577 967 αἰῶνι
2623 902 2823 985 τούτῷ,
2875 915 3058 985 μωρὸς
3103 914 3358 984 γινέσθω,
3405 915 3496 970 ἵνα
3530 917 3778 989 γένηται

2178 1015 2363 1077 σοφός.
2404 1005 2470 1059 Ἦ
2506 1006 2616 1078 γὰρ
2643 1005 2808 1076 σοφία
2826 1006 2921 1062 τοῦ
2951 1007 3160 1078 κόσμου
3188 1006 3404 1074 τούτου,
3434 1009 3624 1081 μωρία
3653 1025 3774 1062 πα-

2179 1099 2249 1172 ρὰ
2279 1099 2358 1168 τῷ
2386 1096 2508 1170 Θεῷ
2537 1100 2706 1156 ἐστιν.

2247 1193 2496 1261 Παροιμ.
2527 1196 2694 1246 α’.-
2721 1185 2893 1261 Σοφία
2935 1191 2994 1244 ἐν
3033 1191 3235 1259 ἐξόδοις
3279 1192 3552 1264 ὑμνεῖται,
3604 1193 3666 1245 ἐν
3707 1191 3776 1248 δὲ

2175 1282 2459 1346 πλατείαις
2496 1280 2808 1354 παρῤησίαν
2835 1283 2982 1350 ἄγει.

2244 1375 2430 1444 Σιρὰχ
2477 1377 2596 1438 κζ’.
2626 1403 2696 1416 -
2733 1372 2850 1427 Οὐκ
2880 1373 3028 1428 ἐστιν
3066 1373 3427 1445 ἀντάλλαγμα
3466 1375 3624 1429 οὐδὲν
3666 1392 3778 1430 πε·

2177 1465 2548 1538 παιδευμὲνης
2574 1465 2772 1538 ψυχῆς.

2248 1562 2432 1629 Σιρὰχ
2488 1558 2566 1626 ς’.
2600 1587 2670 1599 -
2706 1557 2910 1612 Τέκνον
2961 1559 3020 1612 ἐν
3093 1558 3312 1631 νεότητί
3358 1575 3460 1614 σου
3507 1559 3772 1627 ἐπίλεξαι

2175 1651 2443 1708 παιδείαν
2479 1651 2574 1704 καὶ
2615 1650 2690 1716 ὡς
2733 1649 3042 1724 ἁρῤοτριῶν
3079 1650 3174 1705 καὶ
3217 1651 3458 1723 σπείρων
3487 1653 3770 1722 πρόσελθε

2174 1745 2350 1816 αὐτῇ,
2395 1743 2490 1798 καὶ
2519 1742 2761 1814 ἀνάμενε
2813 1743 2942 1807 τοὺς
2990 1743 3232 1812 ἀγαθοὺς
3281 1745 3531 1816 καρποὺς
3559 1745 3768 1815 αὐτῆς.

2247 1832 2592 1890 Βασιλείου.
2624 1863 2695 1874 -
2718 1834 2977 1902 ’Ἄμεινον
3013 1833 3111 1887 καὶ
3154 1825 3587 1906 συμφερώτερον
3621 1834 3774 1888 ἰδιώ-

2173 1945 2272 1993 τας
2303 1927 2400 1982 καὶ
2441 1925 2796 1996 ὀλιγομαθεῖς
2827 1925 3122 1997 ὑπάρχειν,
3161 1927 3256 1980 καὶ
3279 1927 3371 1981 διὰ
3403 1926 3507 1996 τῆς
3536 1929 3773 1998 ἀγάπης

2173 2019 2408 2092 πλησίου
2448 2016 2709 2087 γενέσθαι
2737 2016 2832 2071 τοῦ
2875 2015 3037 2081 Θεοῦ,
3075 2017 3108 2088 ἢ
3143 2017 3480 2088 πολυμαθεῖς
3513 2020 3614 2072 καὶ
3659 2021 3773 2090 ἐμ-

2174 2113 2401 2182 πείρους
2427 2109 2722 2173 δοκοῦντας
2742 2102 2904 2174 εἶναι,
2929 2107 3288 2180 βλασφήμους
3322 2111 3402 2172 είς
3423 2109 3519 2166 τὸν
3549 2110 3771 2166 ἑαυτῶν

2173 2203 2523 2277 εὑρίσκεσθαι
2551 2200 2850 2270 Δεσπότην.

2244 2295 2356 2350 Τοῦ
2377 2292 2586 2349 αὐτοῦ.
2614 2323 2686 2334 -
2723 2293 2966 2346 Ἐοίκασι
2994 2293 3108 2356 τοῖς
3132 2293 3436 2363 ὀφθαλμοῖς
3467 2291 3569 2365 τῆς
3593 2291 3769 2363 τλαύ.

2175 2404 2297 2460 κης,
2330 2388 2378 2441 oi
2413 2386 2540 2458 περὶ
2582 2384 2684 2456 τὴν
2727 2383 2966 2456 ματαίαν
3001 2385 3194 2452 σοφίαν
3215 2385 3614 2457 ἠσχοληκότες.
3651 2389 3768 2441 Καὶ

2174 2479 2284 2551 γὰρ
2316 2477 2532 2549 ἐκείνης
2564 2477 2618 2530 αἱ
2645 2474 2800 2541 ὄψεις
2838 2475 3034 2539 νυκτὸς
3065 2475 3165 2546 μὲν
3191 2475 3486 2548 ἔρρωνται·
3518 2478 3674 2548 ἡλίου
3705 2479 3767 2532 δὲ

2174 2570 2511 2640 λάμψαντος,
2560 2565 2960 2639 άμαυροῦνται.
3009 2567 3121 2622 Καὶ
3163 2567 3372 2622 τούτων
3424 2569 3458 2638 ή
3509 2570 3763 2635 διάνοια,

2175 2662 2411 2732 ὀξυτάτη
2447 2661 2546 2732 μὲν
2600 2659 2736 2730 πρὸς
2777 2657 2878 2728 τὴν
2919 2658 3024 2726 τῆς
3072 2658 3443 2728 ματαιότητος·
3488 2658 3762 2734 θεωρίαν·

2176 2755 2315 2828 πρὸς
2351 2753 2408 2806 δὲ
2444 2752 2544 2824 τὴν
2585 2750 2680 2804 τοῦ
2728 2747 2984 2822 ἀληθινοῦ
3041 2749 3218 2820 φωτὸς
3261 2752 3622 2822 κατανόησιν,
3668 2752 3764 2818 ἐξ·

2175 2839 2544 2917 αμαυροῦται.

2247 2937 2567 3006 Θεολόγου.
2610 2955 2682 2975 ά-
2709 2932 2877 3006 Οῒμαι
2924 2935 2984 2989 δὲ
3039 2935 3206 2988 πᾶσιν
3257 2934 3325 2989 ἂν
3372 2933 3766 3006 ὁμολογεῖσθαι

2174 3029 2285 3084 τῶν
2315 3027 2442 3084 νοῦν
2491 3027 2749 3097 ἐχόντων,
2798 3027 2898 3098 τὴν
2957 3027 3239 3082 παίδευσιν
3285 3027 3395 3082 τῶν
3438 3029 3570 3100 παρ’
3599 3028 3764 3100 ἡμῶν

2175 3119 2396 3192 ἀγαθῶν
2427 3113 2572 3173 εἶναι
2595 3118 2656 3173 τὸ
2688 3118 2926 3190 πρῶτον.

2245 3298 2308 3350 Οἱ
2339 3295 2467 3368 περὶ
2489 3294 2704 3364 λόγους,
2741 3294 2814 3367 μὴ
2865 3295 3072 3366 σφόδρα
3111 3296 3226 3361 τοῖς
3269 3295 3452 3366 λόγοις
3475 3296 3761 3372 θαρρεῖτε.

2180 3391 2316 3463 μηδὲ
2343 3388 2634 3459 σοφίζεσθε
2663 3388 2902 3460 περισσὰ
2929 3389 3024 3442 καὶ
3057 3389 3201 3460 ὑπὲρ
3223 3390 3406 3458 λόγον’
3437 3392 3577 3462 μηδὲ
3601 3393 3763 3462 νικᾷν

2175 3475 2496 3552 ἐπιθυμεῖτε
2525 3481 2704 3536 πάντα
2725 3481 2944 3558 ,κακῶς
2978 3481 3094 3536 ἀλλ’
3124 3481 3273 3537 ἐστιν
3302 3483 3340 3539 ἃ.
3364 3485 3461 3538 καὶ
3489 3485 3762 3556 ἡττᾶσθαι

2177 3573 2356 3638 καλῶς
2386 3573 2545 3644 ἀνέχε
2554 3571 2668 3626 stis.

2249 3775 2420 3849 Σοφία
2461 3775 2678 3849 πρώτη.
2718 3771 2833 3846 βίος
2879 3773 3162 3840 ἐπαινετδς
3196 3777 3291 3832 καὶ
3315 3774 3438 3851 Θεῷ
3475 3780 3761 3853 κεκαθαρ-

2179 3869 2362 3944 μένος.

2247 3979 2419 4055 Σοφία
2453 3981 2644 4061 πρώτη
2681 3987 2872 4060 σοφίας
2907 3987 3204 4062 ὑπερορᾷν,
3231 3989 3330 4057 τῆς
3372 3988 3431 4041 ἐν
3461 3982 3612 4059 λόγῳ
3649 4003 3764 4040 κει-

2180 4076 2350 4150 μένης
2383 4079 2496 4133 καῖ
2515 4085 2774 4152 στροφαῖς
2811 4081 3032 4148 λέξεων,
3065 4083 3160 4136 καὶ
3188 4081 3308 4143 ταῖς
3349 4079 3640 4148 κιϐδήλαις
3668 4077 3763 4132 καὶ

2178 4175 2466 4244 περιτταῖς
2510 4173 2874 4228 άντιθέσεσιν.
2921 4172 3079 4243 Ἐμοὶ
3115 4171 3173 4226 δὲ
3219 4172 3432 4240 γένοιτο
3480 4171 3644 4223 πέντε
3673 4168 3760 4222 λὸο

2177 4279 2310 4332 γους
2341 4263 2398 4317 ἐν
2427 4263 2698 4337 ἐκκλησίᾳ
2735 4265 2918 4320 λαλεῖν
2957 4265 3099 4336 μετὰ
3141 4264 3437 4330 συνέσεως,
3469 4261 3506 4334 ἦ
3534 4262 3764 4335 μυρίους

2178 4354 2238 4408 ἐν
2271 4354 2516 4428 γλώσσῃ.

560 4554 750 4625 Neque
783 4556 931 4610 enim
963 4557 1058 4626 qui
1092 4556 1147 4611 in
1184 4555 1369 4615 verbis
1416 4555 1636 4626 sapiens
1678 4561 1783 4620 est,
1814 4552 1906 4608 ille
1935 4549 2074 4606 mihi

2252 4553 2328 4609 Οὐ
2376 4553 2489 4624 γὰρ
2513 4555 2543 4606 ὁ
2568 4550 2627 4607 ἐν
2671 4547 2856 4622 λόγοις
2885 4551 3071 4622 σοφὸς.
3104 4545 3263 4615 οὗτός
3310 4567 3400 4621 μοι
3445 4549 3630 4617 σοφὸς.
3657 4547 3763 4603 οὐδ’

489 4643 713 4712 sapiens
759 4651 874 4708 est;
916 4659 1096 4714 neque
1139 4643 1301 4714 583
1343 4644 1435 4699 ille
1478 4644 1576 4716 qui
1621 4644 1807 4715 lingua
1848 4641 2074 4712 quidem

488 4733 758 4798 volubili,
815 4743 872 4788 at
921 4734 1260 4790 inconstanti
1311 4735 1496 4790 animo
1543 4750 1610 4790 ac
1659 4734 2076 4804 indisciplinato

491 4823 759 4894 praeditus
787 4830 874 4878 est
901 4841 916 4878 :
948 4824 1044 4879 sed
1080 4825 1128 4880 si
1154 4825 1280 4896 quis
1309 4839 1482 4896 pauca
1530 4821 1602 4880 de
1643 4825 1847 4880 virtute
1888 4823 2076 4894 loqui-

494 4925 606 4983 tur,
639 4916 812 4972 multa
841 4931 974 4972 vero
999 4917 1178 4987 reipsa
1209 4925 1452 4988 praestat,
1481 4925 1646 4988 atque
1677 4917 1943 4972 doctrinae
1963 4916 2076 4971 vita

493 5006 759 5080 factisque
796 5009 960 5066 [idem
987 5011 1264 5067 conciliat.
1296 5011 1524 5066 Praestat
1567 5025 1804 5080 namque
1831 5009 2076 5082 subjecta

495 5098 674 5157 oculis
721 5101 1110 5172 pulchritudo,
1145 5117 1311 5172 quam
1358 5102 1609 5158 oratione
1641 5101 1936 5171 verbisque
1983 5100 2078 5154 de-

495 5195 728 5265 scripta;
755 5207 820 5250 ac
849 5210 973 5264 quae
1008 5195 1266 5250 manibus
1288 5203 1583 5249 teneantur
1613 5193 1838 5260 divitiae,
1867 5194 2078 5264 ejusce-

496 5289 644 5342 modi
667 5288 897 5351 divitiis,
915 5303 1036 5358 quae
1061 5289 1175 5344 sint
1201 5303 1351 5342 mera
1375 5287 1774 5342 insomniorum
1798 5287 2074 5358 ﬁgmenta.

498 5379 776 5451 Sapientia
803 5379 1063 5451 denique,
1097 5396 1210 5435 non
1237 5369 1361 5450 quae
1392 5393 1645 5434 sermone
1687 5394 1943 5450 pompam
1983 5378 2080 5433 ha-

496 5471 648 5538 beat,
673 5472 767 5528 Sed
805 5488 927 5542 quae
953 5471 1216 5542 operibus
1245 5471 1316 5526 sit
1349 5469 1704 5539 comprobata
1731 5487 1744 5523 :
1775 5469 2080 5524 Intellectus

496 5565 666 5629 enim,
693 5564 895 5634 inquit,
925 5563 1088 5618 bonus
1123 5562 1364 5617 omnibus
1406 5560 1717 5632 facientibus
1750 5578 1867 5615 eum
1913 5560 2078 5632 (Psal.

481 5655 728 5726 audii),
756 5671 869 5710 non
897 5663 1081 5710 autem
1106 5653 1260 5722 vocis
1283 5651 1558 5724 prmconio
1581 5652 2009 5708 celebrantibus.

573 5765 682 5820 Aut
705 5765 851 5820 enim
881 5765 1188 5822 exercenda
1229 5764 1584 5836 philosophia
1618 5774 1722 5829 cst,
1767 5764 2079 5820 authonori

506 5851 779 5926 habenda,
800 5854 844 5914 si
876 5873 984 5913 non
1016 5872 1254 5929 prorsus
1288 5857 1357 5914 ab
1385 5857 1624 5914 honesto
1659 5858 1897 5915 velimus
1925 5873 2082 5914 cxce'

2183 4642 2332 4703 ὅστις
2365 4643 2619 4712 γλῶσσαν
2672 4643 2772 4714 μὲν
2796 4641 3099 4714 εὔστροφον
3129 4641 3266 4713 ἔχει,
3299 4640 3482 4712 ψυχὴν
3507 4641 3566 4694 δὲ
3597 4639 3758 4694 ἄσταο

2181 4750 2277 4789 τον
2304 4733 2401 4786 καὶ
2440 4735 2792 4788 ἀπαίδευτονο
2824 4733 2941 4788 ἀλλ’
2967 4735 3116 4798 ὅστις
3162 4732 3321 4802 ὀλίγα
3353 4732 3455 4804 μὲν
3495 4731 3764 4802 περὶάρε-

2181 4825 2282 4894 τῆς
2319 4823 2638 4892 φθέγγεται,
2683 4824 2854 4878 πολλὰ
2882 4824 2939 4878 δὲ
2975 4820 3058 4888 οἷς
3097 4825 3312 4894 ἐνεργεῖ
3352 4824 3764 4895 παραδείκνυσιο

2185 4915 2280 4972 καὶ
2308 4917 2369 4970 τὸ
2399 4915 2712 4980 ἀξιόπιστον
2746 4915 2825 4987 τῷ
2856 4915 3002 4988 λόγῳ
3048 4916 3139 4970 διὰ
3179 4916 3273 4970 τοῦ
3311 4915 3429 4988 βίου
3472 4914 3770 4984 προστίθη-

2187 5025 2293 5062 σιν.
2336 5006 2624 5076 Κρείσσων
2655 5005 2765 5078 γὰρ
2787 5007 3063 5078 εὐμορφία
3093 5006 3471 5078 θεωρουμένη,
3498 5007 3598 5074 τῆς
3623 5004 3763 5074 λόγῳ

2185 5097 2675 5170 ξωγραφουμένης·
2697 5097 2788 5151 καὶ
2810 5097 3038 5160 πλοῦτος
3055 5097 3113 5151 ὃν
3132 5098 3189 5150 αἱ
3209 5099 3394 5167 χεῖρες
3418 5095 3760 5164 κατέχουσιν,

2185 5192 2220 5264 ἢ
2281 5191 2485 5262 δνειροι
2531 5190 2851 5244 πλάττουσι.
2903 5189 3016 5242 Καὶ⁵
3074 5189 3260 5258 σοφία,
3302 5189 3402 5258 οὐχ
3431 5190 3465 5258 ἡ
3494 5186 3574 5257 τῷ
3622 5186 3762 5254 λόγῳ

2185 5283 2644 5354 λαμπρυνομένη,
2689 5281 2868 5352 mw;
2911 5280 3000 5334 διὰ
3036 5281 3144 5332 τῶν
3187 5280 3367 5350 ἔργων
3406 5277 3758 5347 ὲλεγχομένη.

2187 5378 2448 5442 Σύνεσις
2480 5375 2588 5446 γὰρ
2637 5371 2833 5444 ἀγαθὴ
2879 5371 3028 5428 πᾶσι
3061 5371 3185 5438 τοῖς
3219 5369 3507 5426 ποιοῦσιν
3547 5367 3756 5438 αὐτὴν,

2189 5471 2376 5543 φησὶν,
2404 5469 2517 5522 ἀλλ’
2547 5469 2609 5522 οὐ
2636 5471 2751 5532 τοῖς
2780 5467 3165 5538 κηρύττουσιν.

2266 5761 2337 5813 Ἢ
2367 5758 2477 5829 γὰρ
2522 5752 2936 5826 φιλοσοφητέον,
2968 5749 3001 5824 ἣ
3028 5749 3285 5821 τιμητέον
3314 5746 3651 5818 φιλοσοφίαν,
3681 5741 3749 5796 sl-

2193 5871 2298 5927 περ
2337 5853 2414 5924 μὴ
2446 5847 2738 5926 μέλλοιμεν
2761 5863 2927 5901 παντί
2943 5844 3044 5909 κῶς
3061 5838 3169 5908 ἔξω
3188 5839 3284 5896 τοῦ
3311 5837 3477 5895 καλοῦ
3514 5836 3744 5896 πίπτειν,
