3990 6370
333 385 444 451 821

1671 388 1843 449 LOCI
1881 387 2323 450 COMMUNES.

3504 391 3610 455 822

336 494 480 567 μηδὲ
521 493 749 562 ἀλογίαν
795 494 1297 567 κατακριθήσεσθαι
1352 494 1562 564 λογικοὶ
1610 495 1920 565 γεγονότες,

2079 512 2183 561 :rc,
2216 505 2273 551 et
2314 508 2440 550 cum
2500 494 2803 551 rationales
2853 494 2978 551 facti
3022 495 3220 563 simus,
3264 506 3321 553 et
3382 499 3615 555 rationis

326 587 432 642 καὶ
458 586 547 640 διὰ
573 585 736 656 λόγου
769 587 906 658 πρὸς
935 587 1092 657 λόγον
1122 588 1464 652 σπεύδοντες.

408 870 714 944 Σοφώτεροι
743 872 855 943 γὰρ
885 873 994 927 τῶν
1022 872 1234 926 πολλῶν
1254 873 1304 926 οἱ
1340 872 1551 942 κὸσμου
1581 873 1922 943 χωρίσαντες

341 964 589 1030 ἑαυτοὺς,
622 962 721 1017 καὶ
749 964 827 1034 τῷ
858 963 978 1034 Θεῷ
1019 964 1112 1017 τὸν
1142 963 1254 1034 βίον
1279 961 1742 1035 καθιερώσαντες.

415 1143 587 1198 Οὐδὲν
640 1143 1057 1216 ἀναλωτότερονι
1082 1142 1432 1213 φιλοσοφίας,
1465 1139 1619 1194 οὐδὲν
1660 1139 1928 1193 ἀλυπότε-

2030 589 2184 644 cultu
2244 588 2313 644 ad
2345 589 2623 644 rationem
2668 603 3051 659 properemus,
3099 589 3395 647 hrutorum
3453 592 3616 663 genio

2029 691 2196 753 atque
2246 682 2432 739 indole
2481 682 2747 739 absentia:
2808 683 3041 738 rationis
3072 683 3254 740 labem
3314 694 3616 756 notamque

2028 788 2155 828 mcu
2163 789 2249 828 rre
2256 790 2314 829 ΓΟ
2323 816 2335 828 .

2102 866 2296 937 Majori
2322 862 2593 936 sapientia
2626 882 2793 937 quam
2830 882 2929 938 pro
2951 865 3104 937 vulgi
3138 865 3352 923 ratione
3377 868 3615 931 cnitent,

2028 955 2126 1027 qui
2177 957 2379 1012 saeculo
2409 971 2532 1013 sese
2580 959 2979 1023 subducentes,
3039 957 3212 1012 vitam
3260 959 3373 1015 Deo
3419 974 3618 1015 conse-

2028 1058 2277 1104 crarunt.

2094 1141 2247 1196 Nihil
2303 1142 2791 1213 iuexpugnabilius
2845 1145 3225 1216 philosophia,
3288 1144 3542 1215 nihilque
3591 1162 3622 1200 a

339 1252 458 1306 ρον.
518 1235 707 1290 Πάντα
764 1235 990 1291 ἐνδώσει
1040 1235 1308 1307 πρότερον
1367 1235 1401 1306 ἥ
1459 1233 1771 1303 φιλόσοφος.
1822 1229 1927 1283 Δύο

2079 1247 2176 1287 oxa
2231 1232 2471 1303 labeque
2523 1235 2853 1291 immunius.
2913 1236 3113 1292 Omnia
3170 1236 3331 1307 prius
3393 1236 3619 1299 cedent,

336 1328 517 1383 ταῦτα
537 1328 911 1401 δυσκράτητα,
935 1327 1067 1392 Θεὸς
1096 1326 1191 1381 καὶ
1223 1325 1478 1396 ἄγγελος,
1505 1324 1602 1378 καὶ
1632 1323 1694 1377 τὸ
1721 1321 1927 1394 τρίτον,

2036 1340 2202 1396 quam
2228 1325 2617 1396 philosophus.
2643 1327 2765 1382 Duo
2795 1336 2926 1383 sunt
2959 1329 3187 1395 invicta,
3211 1330 3432 1384 Deusct
3461 1344 3627 1397 ange~

339 1421 659 1492 φιλοσοφία.
701 1421 890 1495 [Ἔστι
934 1420 1045 1491 γὰρ
1086 1417 1406 1490 φιλόσοφος]
1442 1417 1604 1481 ἀῦλος
1634 1416 1693 1470 ὲν
1722 1415 1849 1487 ὅλῃ,
1871 1416 1930 1469 ὲν

2079 1431 2162 1483 ts;
2192 1432 2409 1473 necnon
2451 1418 2702 1483 tertium,
2743 1418 3122 1490 philosophia.
3169 1419 3266 1475 Est
3302 1420 3452 1475 enim
3506 1419 3628 1489 phi-

344 1514 563 1587 σώματι
592 1514 1025 1588 ἀπερίγραπτος,
1061 1513 1156 1567 ἐπὶ
1216 1512 1321 1583 γῆς
1362 1510 1635 1583 οὐράνιος,
1681 1509 1739 1562 ὲν
1772 1506 1935 1561 πάθε-

342 1624 433 1661 σιν
475 1605 714 1677 ἀπαθὴς,
762 1607 982 1660 πάντων
1024 1602 1338 1674 ἡττώμενος
1378 1600 1518 1673 πλὴν
1562 1600 1932 1671 φρονήματος⁹

335 1699 515 1755 νικῶν
546 1698 626 1770 τῷ
673 1698 929 1753 νικᾶσθαι
956 1697 1083 1759 τοὺς
1112 1697 1341 1765 κρατεῖν
1370 1693 1719 1765 νομίζοντας.

2033 1506 2304 1577 losophus
2364 1496 2746 1564 immaterialis
2816 1509 2874 1564 in
2935 1511 3215 1576 materia,
3270 1512 3327 1565 in
3389 1526 3626 1582 corpore

2036 1600 2577 1672 incircumscriptus,
2608 1602 2854 1658 'ccelestis
2886 1617 3013 1657 cum
3052 1602 3109 1658 in
3162 1611 3313 1658 terra
3347 1610 3627 1663 versetur.

2040 1694 2096 1750 in
2121 1692 2413 1750 allectibus
2437 1694 2577 1749 nihil
2606 1695 2689 1750 eis
2708 1695 2986 1751 obnoxius
3010 1713 3026 1763 ;
3064 1696 3159 1766 qui
3195 1704 3429 1752 cunctus
3450 1696 3629 1751 victo-

334 1772 427 1844 ria
450 1787 635 1850 cedat,
670 1794 1039 1859 praeterquam
1070 1784 1241 1840 animi
1277 1799 1444 1840 sensu
1480 1798 1545 1838 ac
1594 1780 1932 1854 prudentia:
1975 1783 2071 1853 qui
2124 1800 2192 1839 eo
2228 1784 2391 1856 quod
2426 1778 2695 1852 vincitur,
2734 1787 2851 1856 qui
2899 1801 2960 1843 se
3008 1789 3248 1844 victores
3285 1788 3625 1853 existiment,

328 1880 560 1937 vincat.

430 1972 579 2041 Ἐγὼ
623 1973 753 2045 μίαν
787 1972 983 2043 σοφίαν
1016 1968 1157 2035 οἶδα,
1200 1971 1262 2024 τὸ
1294 1968 1578 2039 φοϐεῖσθαι
1609 1967 1763 2022 Θεὸν.
1803 1966 1933 2034 Ἀρ-

2103 1962 2280 2020 Unam
2333 1978 2436 2033 ego
2476 1963 2804 2034 sapientiam
2840 1969 2991 2033 novi,
3031 1976 3091 2022 ut
3131 1984 3330 2040 nempe
3393 1971 3535 2027 Deus
3566 1973 3634 2027 ti-

342 2064 427 2137 πή
457 2082 516 2119 τε
552 2065 664 2134 γὰρ
691 2065 935 2135 σοφίας,
964 2065 1155 2135 φόϐος
1182 2063 1428 2131 Κυρίου.
1457 2060 1610 2127 Καὶ,
1629 2058 1809 2123 Τέλος
1830 2057 1935 2110 ,πό-

345 2174 465 2227 γου
500 2155 567 2208 τὸ
606 2154 730 2210 πᾶν
770 2155 976 2223 ἄκουε,
1006 2153 1114 2209 τὸν
1139 2152 1289 2208 Θεὸν
1319 2150 1530 2221 φοϐοῦ,
1560 2148 1659 2204 καὶ
1686 2150 1792 2214 τὰς
1836 2145 1936 2200 ἐν-

343 2246 533 2313 τολὰς
558 2245 879 2317 φύλασσε..

420 2426 695 2497 Ποιήσατε
747 2420 1099 2493 δικαιοσύνης
1149 2419 1337 2486 ὅπλον,
1388 2417 1484 2473 καὶ
1544 2415 1620 2488 μὴ
1678 2414 1938 2482 θανάτου,

332 2519 451 2591 τὴν
490 2518 805 2572 παίδευσιν.

420 2609 727 2678 Χρυσόστ.
749 2633 823 2647 --
844 2607 1058 2677 ’Ὢσπερ
1084 2604 1187 2675 γῆν
1222 2603 1297 2675 μὴ
1332 2600 1667 2675 βρεχομένην
1694 2601 1795 2654 οὐκ
1826 2599 1941 2654 ἔστι

337 2702 457 2759 κᾶν
486 2700 654 2773 μυρία
674 2699 816 2771 λάϐῃ
845 2700 1139 2768 σπέρματα
1165 2696 1410 2766 στάχυας
1438 2694 1768 2762 ἐξενεγκεῖν·
1798 2691 1943 2745 οὕτω

333 2794 533 2865 ψυχὴν
565 2794 668 2847 οὐκ
704 2791 856 2845 ἔστιν
895 2789 972 2862 μὴ
1013 2791 1134 2852 ταῖς
1169 2787 1349 2851 θείαις
1376 2787 1416 2840 Γ
1424 2787 1623 2857 ραφαῖς
1653 2783 1944 2854 φωτισθεῖ-

341 2901 477 2950 σαν,
509 2884 614 2937 κᾶν
638 2881 809 2955 μυρία
829 2898 917 2945 τις
946 2879 1113 2952 ἐκχέῃ
1144 2880 1387 2951 ῥήματα,
1418 2876 1633 2949 καρπόν
1662 2893 1789 2930 τινα
1815 2878 1940 2930 ὲπι-

334 2975 658 3042 δείξασθαι.

427 3153 637 3224 Διδύμ.
667 3181 740 3193 -
775 3150 1163 3223 Ἐντυγχάνειν
1202 3151 1431 3215 δεῖ-ταῖς
1459 3149 1637 3214 θείαις
1672 3149 1941 3220 Γραφαῖς.

2036 2064 2275 2110 meatur.
2344 2056 2568 2111 Initium
2627 2057 2778 2112 enim
2855 2060 3132 2130 sapientia:
3204 2064 3364 2117 timor
3422 2062 3634 2119 Domini
3725 2048 3729 2053 ’

2040 2146 2204 2217 (Psal.
2239 2163 2326 2212 cx,
2364 2147 2464 2214 l0;
2515 2148 2687 2203 Eccli.
2740 2165 2776 2216 ι,
2842 2147 2950 2223 16).
3004 2152 3340 2209 EtzFiuem.
3387 2155 3635 2225 (aquandi

2038 2253 2247 2292 onmem
2286 2239 2457 2307 audi;
2495 2239 2664 2296 Deum
2692 2244 2837 2307 time,
2902 2251 2951 2296 et
3002 2259 3155 2299 serva
3183 2246 3442 2301 mandata
3507 2249 3634 2319 (Ec-

2043 2329 2148 2384 cle.
2181 2346 2276 2397 xu,
2311 2331 2424 2401 15).

2111 2422 2277 2478 Arma
2309 2425 2562 2496 justitiae,
2596 2443 2708 2483 non
2752 2429 2968 2497 mortis,
3004 2430 3417 2501 correptionem
3449 2431 3635 2487 facite.
3702 2498 3705 2501 η

2116 2601 2389 2674 Chrysost.
2418 2636 2490 2645 --
2518 2603 2998 2673 Quemadmodum
3029 2616 3176 2663 terra
3200 2608 3308 2664 nisi
3338 2608 3515 2664 imbre
3550 2610 3639 2663 in-

2043 2692 2165 2747 fusa
2187 2709 2251 2749 ac
2274 2694 2525 2765 irrigata,
2549 2697 2770 2751 tametsi
2794 2697 3034 2763 infinita,
3062 2694 3370 2770 susceperit
3399 2699 3637 2767 semina,

2044 2783 2225 2853 spicas
2280 2784 2535 2853 proferre
2595 2802 2709 2841 non
2750 2794 2936 2858 potest
2984 2806 2999 2844 :
3058 2789 3143 2846 sic
3180 2805 3361 2860 neque
3419 2791 3642 2846 animus

2045 2872 2251 2929 divinis
2275 2873 2581 2946 Scripturis
2602 2893 2715 2933 non
2737 2878 3105 2946 illuminatus,
3124 2880 3370 2936 fructum
3395 2897 3640 2953 unquam

2044 2963 2365 3034 protulerit,
2391 2964 2611 3020 etiamsi
2646 2966 2774 3035 quis
2806 2967 2979 3023 verba
3011 2968 3305 3022 innumera
3336 2968 3480 3039 apud
3511 2985 3642 3025 eum

2046 3054 2319 3111 effundat.

2119 3145 2355 3219 Didymi.
2382 3181 2455 3190 —
2484 3150 2757 3222 Legendze
2794 3160 2925 3207 sunt
2964 3151 3168 3209 divina:
3194 3153 3519 3224 Scripturae.
3554 3154 3642 3210 Uti

342 3247 573 3318 Ὠσπερ
599 3245 711 3318 γὰρ
752 3246 782 3299 ὁ
803 3243 947 3309 οἶνος
979 3246 1270 3317 πινόμενος
1299 3242 1575 3298 ἀναπαύει
1608 3241 1811 3311 λύπην,
1852 3240 1946 3294 καὶ

2085 3238 2200 3292 nim
2226 3238 2343 3293 vini
2381 3249 2549 3311 potus
2577 3241 2829 3298 dolorem
2856 3243 3048 3310 sedat;
3092 3253 3149 3299 et
3182 3258 3280 3298 cor
3305 3259 3371 3299 ex
3418 3244 3645 3299 tristitia

347 3312 691 3412 μεταϐἀλλει
734 3337 963 3410 καρδίαν
992 3338 1072 3402 εἰς
1110 3312 1474 3407 εὐφροσύνην
1515 3334 1691 3398 οὕτως
1726 3335 1755 3387 ὁ
1789 3350 1949 3387 πνευ-

2079 3346 2109 3385 [ι
2138 3330 2385 3388 laetitiam
2421 3332 2724 3401 transfert;
2777 3335 2858 3391 sic
2904 3336 3156 3407 spiritale
3188 3336 3382 3391 vinum
3438 3336 3646 3408 gaudio

350 3430 592 3502 ρατικὸς
619 3425 762 3493 οἶνος
808 3430 889 3494 εἰς
918 3429 1097 3501 χαράν
1134 3426 1465 3499 μεταϐάλλει
1495 3424 1594 3497 τὴν
1632 3424 1839 3496 ψυχήν.

429 3518 505 3571 Τὸ
538 3518 737 3573 εἰδέναι
778 3518 904 3572 τινὰ
934 3521 1020 3573 ὅτι
1056 3520 1261 3587 ἀγνοεῖ,
1301 3517 1496 3586 σοφίας
1540 3516 1721 3592 ἐστίνσῂ
1744 3516 1821 3580 ὡς
1855 3516 1959 3570 καὶ.

347 3608 420 3663 τὸ
450 3607 651 3663 εἰδέναι
687 3610 771 3663 ὅτι
798 3608 1046 3680 ἠδίκησε,
1077 3607 1452 3679 δικαιοσύνης.

434 3700 541 3755 Τὸν
569 3700 872 3769 γνωστικδν
901 3699 1175 3767 οὐδέποτε,
1193 3699 1255 3754 τὸ
1280 3698 1532 3754 πλουτεῖν
1560 3695 1754 3767 γήθειν
1785 3696 1963 3760 ποιεί).

361 3792 490 3844 οὑδὲ
519 3792 584 3845 τὸ
608 3792 911 3864 χρημάτων
936 3793 1165 3864 ἀπορεῖν
1197 3792 1280 3855 είς
1315 3790 1646 3845 ταπείνωσιν
1678 3787 1823 3856 ἄγειο
1850 3786 1952 3857 τῆς

366 3881 570 3953 ἀρετῆς
612 3881 708 3936 καὶ
747 3881 941 3950 σοφίας
984 3880 1146 3935 αὐτὸν
1182 3879 1595 3952 ύπερυψούσης,
1637 3876 1735 3931 καλ⁵
1769 3875 1946 3946 ὑπερο

360 3973 482 4029 ἀνω
510 3973 692 4029 αὐτῶν
722 3972 975 4028 ἵστασθαι
1000 3970 1557 4045 παρασκευαζούσης.
1675 4010 1692 4023 .

439 4068 829 4154 Φίλωνος.-
863 4064 1106 4135 Ἀνάγκη
1153 4064 1384 4135 ἀπειρίᾳ
1430 4063 1526 4117 καὶ
1575 4062 1752 4154 κακίᾳῗ
1803 4058 1953 4154 ﬂvmi-

356 4151 587 4231 χουξτά
619 4158 1005 4229 ὑπεζευγμένα
1053 4157 1198 4212 κατά
1246 4155 1512 4227 κρημνῶν
1557 4153 1825 4227 φέρεσθαι
1862 4151 1957 4207 καὶ

362 4251 687 4323 βαράθρων*
727 4249 917 4323 ὥσπερ
948 4246 1212 4322 ἐμπειρίᾳ
1242 4249 1339 4303 καὶ
1367 4249 1538 4319 ἀρετῇ
1567 4243 1954 4308 διασώζεσθαι.

458 4338 766 4415 Ἀμήχανον
802 4342 873 4397 τά
910 4342 1126 4414 μεγάλα
1172 4341 1280 4413 πρὸ
1320 4339 1447 4395 τῶνκ
1487 4331 1702 4411 μικρῶν
1738 4335 1959 4391 παιδευ-

362 4435 558 4506 θῆναι.

443 4525 743 4595 Κλήμεντ.
766 4556 837 4567 -
871 4525 1106 4579 Ἐπεται
1133 4526 1200 4597 τῇ
1227 4523 1429 4598 γνώσει
1460 4522 1545 4576 τάγ
1582 4521 1744 4593 ἔργα,
1776 4518 1853 4583 ὡς
1881 4516 1959 4588 τῷ

366 4616 593 4687 σώματι
629 4619 664 4689 ἠ
694 4618 843 4675 σκιά.

2050 3422 2338 3492 perfundit
2372 3424 2645 3481 animum.

2121 3513 2280 3580 Quod
2312 3516 2610 3586 quissciat
2646 3532 2707 3573 se
2734 3518 2974 3583 nescire,
3013 3520 3304 3591 sapientia:
3344 3529 3465 3589 est;
3500 3529 3560 3576 ut
3589 3528 3649 3576 et

2051 3605 2201 3677 quod
2225 3606 2365 3661 sciat
2403 3621 2462 3663 se
2500 3608 2760 3679 injuriam
2797 3608 3016 3677 fecisse,
3040 3611 3296 3683 iustitiae.

2123 3697 2399 3769 Sapientis
2423 3699 2673 3754 animum
2697 3714 2802 3755 nec
2834 3700 3046 3757 divitiae
3080 3701 3283 3774 gaudio
3314 3701 3481 3775 585.
3509 3701 3647 3757 elic-

2054 3798 2206 3855 runt,’
2244 3804 2350 3845 nec
2384 3790 2573 3861 inopia
2605 3806 2671 3846 ac
2697 3791 3062 3861 pecuniarum
3107 3800 3325 3864 egestas
3348 3793 3404 3847 in
3436 3793 3649 3848 humile

2054 3882 2337 3954 deprimit,
2372 3899 2542 3954 quem
2594 3885 2807 3941 scilicet
2835 3885 3018 3942 virtus
3057 3900 3124 3942 ac
3170 3886 3441 3956 sapientia
3483 3885 3650 3942 altius

2055 3974 2329 4041 attollant,
2364 3976 2586 4046 illisque
2617 3976 2966 4046 superiorem
3002 3976 3364 4032 constituant.

2127 4066 2395 4122 Philonis.
2437 4099 2507 4110 —
2547 4067 2788 4125 Necesse
2837 4077 2926 4124 est
2991 4068 3203 4141 auriga:
3253 4069 3531 4140 imperitia
3596 4079 3654 4124 et

2056 4158 2292 4226 malitia,
2323 4160 2579 4232 jumenta
2604 4174 2705 4230 per
2738 4175 2990 4231 praeceps
3020 4161 3108 4232 agi
3148 4167 3315 4231 atque
3350 4160 3650 4225 baratbra‘;

2057 4248 2417 4321 vicissimque
2443 4251 2593 4306 illius
2616 4250 2817 4321 peritia
2850 4259 2905 4307 et
2930 4251 3137 4307 virtute
3170 4251 3289 4307 fore
3328 4251 3649 4307 incolumia.
3708 4248 3717 4255 ’

2130 4340 2280 4396 Fieri
2302 4356 2414 4396 non
2448 4348 2634 4413 potest
2667 4348 2728 4395 ut
2760 4342 2987 4413 majora,
3030 4351 3160 4398 ante
3186 4357 3250 4398 ea
3282 4357 3407 4418 quae
3432 4343 3654 4396 minora

2061 4441 2211 4498 sunt,
2240 4433 2515 4490 docearis.

2131 4524 2435 4581 Clementis.
2464 4557 2537 4571 -—
2565 4526 2746 4597 Opera
2787 4526 3079 4582 scientiam
3129 4531 3460 4595 sequuntur,
3503 4524 3653 4579 haud

2063 4634 2225 4675 secus
2257 4634 2323 4675 ac
2358 4619 2579 4690 corpori
2609 4635 2798 4675 comes
2824 4626 2910 4675 est
2938 4617 3155 4673 umbra.
3676 4604 3683 4613 ’

445 4710 867 4783 Πλουτάρχου.
893 4741 964 4751 -
997 4710 1225 4783 Ὀνείρῳ
1267 4708 1446 4763 ἔοικεν
1478 4708 1507 4761 ὁ
1544 4706 1655 4761 τῶν
1694 4701 1949 4759 ἀπαιδεύ-

2132 4710 2426 4766 Plutarchi.
2454 4689 2525 4751 ζ-
2551 4711 2613 4766 Ιη
2638 4711 2856 4766 somnio
2900 4709 3100 4765 similis
3136 4717 3225 4765 est
3272 4707 3498 4773 rudium
3543 4708 3656 4763 vita

368 4819 490 4857 των
518 4800 651 4881 βίος,
679 4801 845 4868 κενὰς
871 4801 1017 4874 ἔχων
1053 4802 1391 4873 φαντασίας.

455 4980 596 5036 οὔτε
625 4982 686 5037 ὲν
726 4980 907 5053 ἰχθύσι
953 4980 1160 5052 φωνὴν,
1203 4978 1327 5033 οὔτε
1356 4980 1415 5033 ὲν
1453 4976 1800 5038 ἀπαιδεύτοις
1835 4975 1964 5045 ἀρε-

377 5075 487 5146 τὴν
513 5074 595 5128 δεῖ
635 5074 839 5146 ζητεῖν.

458 5189 598 5244 Ούτε
638 5190 783 5263 ὕδωρ
830 5189 1072 5262 θολερὸν,
1116 5186 1240 5242 οὔτε
1289 5185 1614 5240 ἀπαίδευτον
1652 5183 1833 5254 ψυχὴν
1871 5200 1964 5237 τα-

382 5282 557 5356 ράασε
565 5300 612 5335 ιν
643 5283 743 5338 δεῖι

456 5394 793 5465 Δυσάρεστοι
843 5393 997 5456 ὄντες
1051 5393 1099 5445 οἱ
1135 5389 1476 5455 ἀπαίδευτοι,
1511 5387 1764 5458 καθάπερ
1803 5386 1864 5451 ἐξ
1895 5386 1973 5440 οἰ-

382 5485 549 5552 κιῶν,
579 5486 687 5541 τῶν
716 5485 1091 5560 προαιρέσεων
1134 5482 1258 5537 καθ’
1285 5480 1499 5553 ἡμέραν
1542 5478 1968 5552 μετοικίζονται.

462 5601 528 5654 Οί
560 5599 657 5671 μὲν
683 5599 848 5667 ξένοι,
884 5601 944 5652 ὲν
984 5600 1107 5663 ταῖς
1152 5596 1315 5663 ὁδοῖς,
1354 5596 1404 5648 οἱ
1453 5594 1513 5649 δὲ
1548 5595 1885 5663 ἀπαίδευτοι,
1916 5597 1974 5650 ἐν

386 5692 507 5756 τοῖς
533 5692 824 5764 πράγμασι
842 5691 1265 5748 διαπλανῶνται.

474 5807 816 5877 Πλάτωνος.
845 5837 915 5891 τ-τ
958 5809 1117 5887 Πᾶσα
1168 5806 1450 5881 ἐπιστήμη
1495 5804 1843 5878 χωριζομένη
1905 5806 1981 5861 δι-

2065 4813 2131 4854 ac
2164 4799 2539 4867 indoctorum,
2591 4801 2788 4856 inanes
2832 4798 3018 4870 specie
3057 4798 3317 4854 ludentes
3370 4797 3693 4869 cogitatio-'

2065 4907 2166 4947 nes
2190 4891 2424 4947 habens.

2096 5004 2103 5010 ι
2135 4984 2327 5054 Neque
2367 4984 2424 5038 in
2459 4984 2708 5054 piscibus
2736 5001 2865 5051 vox,
2892 5001 3072 5057 neque
3111 4985 3167 5039 in
3198 4981 3437 5039 indoctis
3468 4996 3533 5037 ac
3570 4981 3660 5035 in-

2068 5074 2435 5146 disciplinatis
2456 5076 2637 5132 virtus
2665 5078 2965 5148 querenda
2995 5085 3101 5132 est.

2141 5189 2255 5244 Nec
2284 5205 2484 5259 aquam
2514 5190 2814 5255 turbidam,
2853 5204 2956 5245 nec
2999 5189 3285 5244 indoctum
3316 5186 3560 5242 animum
3597 5203 3661 5243 ac

2073 5278 2570 5349 indisciplinatum,
2612 5293 2963 5335 commovere
2996 5295 3094 5348 par
3130 5286 3237 5333 est.

2141 5391 2377 5459 lndoai,
2406 5408 2532 5448 cum
2562 5394 2771 5448 morosi
2821 5392 2954 5458 sint,
2991 5390 3147 5461 quasi
3194 5406 3263 5446 ex
3318 5389 3555 5456 aedibus,
3594 5406 3665 5447 ex

2070 5486 2189 5541 suis
2209 5486 2461 5556 quotidie
2489 5484 2771 5541 institutis
2794 5485 3055 5555 migrant.

2145 5598 2431 5670 Peregrini
2454 5597 2703 5668 quidem,
2738 5598 2793 5651 in
2825 5597 2969 5664 viis;
2992 5595 3203 5652 indocti
3228 5612 3382 5660 vero,
3408 5595 3464 5650 in
3491 5608 3665 5666 nego-

2076 5689 2169 5744 tiis
2198 5697 2405 5745 errant.

2140 5803 2343 5903 'Omnis
2383 5802 2638 5871 scientia,
2691 5802 2923 5877 justitizc
2979 5803 3332 5875 reliquisque.
3368 5780 3671 5856 virtutibus
