3990 6356
343 318 448 387 823

1543 321 1604 384 S.
1647 321 1932 382 MAXIMI
1974 322 2486 390 CONFESSOKIS

3527 331 3674 398 825

342 440 572 496 minime
600 440 916 511 conjuncta,
966 437 1234 504 versutia,
1269 435 1420 494 haud
1463 453 1594 494 vero
1637 438 1930 510 sapientia,

2064 441 2334 512 εαιοσύνης
2385 455 2479 500 καὶ
2527 449 2620 519 τῆς
2667 448 2832 521 ἄλλης
2867 450 3091 523 ἀρετῆς,
3140 451 3475 523 πανουργία,
3509 449 3672 505 ἀλλ’

305 562 308 565 -
340 542 592 606 apparet.

408 625 682 681 Isocratis.
711 652 780 666 -
804 625 896 683 Uti
924 641 1107 697 apem,
1143 625 1489 698 quibuslibet
1531 622 1762 678 ﬂoribus
1801 608 1939 678 insi-

343 719 590 786 dentem,
631 734 699 774 ex
727 719 962 790 singulis
985 718 1132 790 quod
1165 720 1238 775 sit
1269 720 1426 784 utile,
1458 718 1718 773 videmus
1743 717 1939 773 decer-

341 825 514 883 pere;
573 813 658 868 sic
705 820 760 868 et
824 813 1135 884 disciplinae
1196 812 1430 883 cupidos
1486 811 1670 877 decet,
1728 811 1936 867 nullius

343 915 626 976 expertes,
663 921 728 961 ea
757 921 882 978 qua:
919 905 1255 971 conducant,
1290 903 1537 976 undique
1568 904 1780 976 legere.

417 1081 752 1154 Diligentius
771 1082 1070 1140 verborum
1094 1089 1262 1153 atque
1297 1079 1570 1138 doctrina:
1625 1093 1790 1149 quam
1839 1092 1938 1148 pe-

348 1176 640 1230 cuniarum
671 1175 924 1246 deposita
949 1181 1190 1231 servato.

416 1267 638 1322 Aristot.
665 1299 736 1308 —-
764 1268 1082 1334 Beatitudo,
1139 1283 1250 1323 non
1295 1267 1351 1322 in
1395 1267 1697 1322 multarum
1747 1277 1933 1318 rerum

347 1369 515 1415 censu
543 1360 798 1432 ponenda
826 1370 932 1427 est,
965 1361 1060 1418 sed
1103 1361 1159 1416 in
1204 1362 1390 1416 animo
1443 1360 1584 1415 bene
1608 1356 1930 1413 constituto.

346 1447 538 1524 Neque
569 1455 718 1510 enim
743 1455 1038 1526 quisquam
1071 1469 1274 1527 corpus
1312 1452 1537 1508 beatum
1567 1451 1740 1516 dicat,
1783 1449 1933 1520 quod

349 1545 656 1616 splendidis
680 1547 930 1604 vestibus
961 1546 1258 1612 colluceat,
1297 1544 1394 1602 sed
1440 1543 1590 1616 quod
1625 1558 1818 1599 sanum
1862 1541 1937 1597 sit

347 1659 415 1700 ac
443 1643 757 1705 robustum,
805 1641 1025 1696 etiamsi
1075 1656 1267 1696 eorum
1323 1653 1447 1710 quae
1491 1636 1640 1692 dicta
1689 1643 1841 1700 sunt,
1881 1633 1935 1689 ei

347 1735 487 1790 nihil
516 1741 796 1806 suppetat.
833 1733 1045 1789 Eodem
1093 1733 1262 1789 modo
1303 1741 1363 1787 et
1407 1731 1632 1787 animus
1657 1729 1702 1784 si
1761 1726 1935 1782 fuerit

347 1828 625 1893 eruditus,
685 1827 783 1898 qui
842 1826 1120 1898 ejusmodi
1175 1825 1380 1890 fuerit,
1427 1825 1660 1895 ejusque
1713 1819 1937 1891 generis

346 1919 538 1986 homo,
571 1921 773 1977 beatus
799 1919 1071 1975 dicendus
1096 1928 1214 1986 est;
1255 1934 1366 1973 non
1403 1917 1451 1973 si
1488 1915 1654 1971 rebus
1690 1912 1936 1969 externis

347 2011 696 2083 splendidius
723 2021 976 2076 ornatus,
1009 2010 1128 2081 ipse
1169 2010 1336 2065 homo
1364 2007 1525 2062 nihili
1572 2007 1760 2066 fuerit.
1797 2004 1935 2061 Nam

347 2121 453 2163 nec
471 2120 699 2178 equum,
732 2108 776 2161 si
803 2112 1131 2162 ornamenta
1162 2119 1331 2158 aurea
1361 2103 1567 2157 habeat
1603 2110 1660 2157 et
1691 2100 1936 2171 pretiosa

347 2197 532 2268 magni
558 2195 922 2260 azstimamus,
945 2209 1072 2249 cum
1094 2193 1324 2264 ignavus
1352 2191 1456 2247 sit:
1491 2190 1586 2246 sed
1609 2189 1705 2260 qui
1729 2186 1937 2260 optime

347 2301 586 2357 corpore
606 2285 944 2342 constitutus
971 2294 1058 2340 est
1080 2300 1144 2339 ac
1165 2297 1488 2354 generosus,
1519 2281 1668 2336 hunc
1697 2280 1936 2336 maxime

345 2380 577 2436 laudare
642 2379 910 2435 solemus.
973 2375 1450 2445 Quemadmodum
1503 2375 1653 2430 enim
1713 2375 1759 2430 si
1809 2377 1938 2444 quis

345 2469 520 2527 herus
547 2471 738 2526 vernis
767 2470 890 2526 suis
928 2469 1178 2525 deterior
1209 2468 1301 2534 sit,
1336 2467 1684 2524 deridiculus
1731 2465 1940 2521 habea—

346 2573 441 2620 tur
465 2583 480 2620 :
517 2565 598 2621 sic
623 2563 787 2636 585
811 2579 909 2620 eos
932 2563 1166 2619 miseros
1189 2561 1527 2635 judicamus,
1559 2560 1763 2631 quibus
1797 2574 1936 2614 con-

348 2659 513 2730 tingit
561 2667 623 2714 ut
655 2675 795 2730 quas
825 2658 1114 2728 possident
1161 2671 1320 2727 opes,
1354 2656 1477 2727 ipso
1517 2667 1713 2710 eorum
1748 2651 1934 2724 genio,

345 2753 545 2826 majori
574 2752 631 2808 in
668 2752 854 2824 pretio
881 2750 1155 2807 habendae
1193 2751 1327 2806 sint.

416 2934 688 2990 Demosth.
721 2963 793 2974 —-
820 2929 1225 2988 Demosthenes
1277 2924 1464 2983 aiebat
1493 2924 1761 2982 doctrina:
1785 2921 1938 2979 radi-

347 3041 469 3084 cem
489 3041 731 3083 amaram
764 3040 888 3081 esse
905 3064 922 3090 ,
947 3023 1163 3084 fructus
1185 3027 1372 3077 autem
1403 3019 1617 3076 dulces.

2036 536 2097 589 οὐ
2141 540 2304 605 σοφία
2338 539 2610 608 φαίνεται.

2121 629 2419 700 Ἰσοκράτ.
2448 664 2519 674 -—
2544 632 2757 706 Ὥσπερ
2813 634 2913 707 τὴν
2968 635 3225 707 μέλιτταν
3255 636 3500 708 ὁρῶμεν,
3549 633 3662 702 ἐφ’

2037 723 2255 777 ἅπαντα
2293 723 2392 794 μὲν
2424 723 2494 778 τὰ
2529 721 2892 796 βλαστήματα
2918 726 3335 792 καθιζάνουσαν,
3374 727 3470 795 ἀφ’
3491 727 3665 780 ἑκά-

2038 833 2166 869 στου
2195 816 2250 870 δὲ
2271 816 2339 870 τά
2365 819 2612 890 χρήσιμα
2631 817 3019 890 λαμσάνουσαν
3037 837 3053 852 ο
3085 817 3232 874 οὕτω
3260 819 3339 874 δεῖ
3369 819 3467 874 καῖ⁵
3496 819 3664 882 τοὺς

2037 909 2284 973 παιδείας
2325 911 2709 982 ὀρεγομένους,
2759 911 2988 984 μηδενὸς
3039 913 3140 983 μὲν
3181 913 3426 987 ἀπείρως
3453 911 3660 983 ἔχειν,

2037 1003 2378 1073 πανταχόθεν
2402 1004 2460 1056 δὲ
2487 1004 2554 1057 τὰ
2595 1004 2848 1076 χρήσιμα
2890 1003 3190 1072 συλλέγειν.

2109 1097 2330 1152 Μᾶλλον
2369 1097 2532 1167 τήρει
2551 1097 2652 1162 τὰς
2683 1096 2794 1150 τῶν
2825 1094 3025 1167 λόγων,
3057 1096 3092 1168 ἦ
3125 1097 3226 1162 τάς
3260 1095 3370 1151 τῶν
3401 1095 3659 1168 χρημά·

2035 1206 2144 1246 των
2175 1194 2672 1265 παρακαταθήκας.

2126 1285 2424 1352 Ἀριστοτ.
2451 1314 2520 1326 -
2553 1285 2870 1358 Νομίζομεν
2917 1285 2976 1342 δὲ
3019 1285 3121 1359 τὴν
3144 1283 3496 1356 εὐδαιμονίαν
3521 1281 3662 1336 οὒκ

2035 1377 2094 1430 ὲν
2139 1375 2422 1449 regem:
2455 1377 2757 1444 κεκτῆσθαι
2797 1378 3068 1448 γίνεσθαι·
3115 1377 3317 1449 μᾶλλον
3343 1376 3421 1442 δὲ,
3454 1377 3514 1430 ὲν
3543 1372 3659 1444 τῷ

2034 1471 2101 1540 τῇ
2147 1468 2292 1541 ψυχῇ
2345 1468 2406 1524 εὖ
2455 1471 2783 1527 διακεῖσθαι.
2818 1471 2930 1526 Καὶ
2975 1471 3085 1543 γὰρ
3144 1471 3208 1525 τὸ
3259 1469 3420 1540 σῶμα
3468 1467 3533 1521 οὐ
3567 1465 3658 1519 τὸ

2035 1560 2266 1634 λαμπρᾷ
2309 1561 2499 1633 ἐσθῆτι
2551 1563 2992 1634 κεκοσμημένον,
3053 1561 3186 1632 φαίη
3238 1578 3324 1624 τις
3373 1559 3438 1614 ἀν
3478 1553 3654 1612 εἶναι

2041 1654 2336 1726 μακάριον,
2381 1654 2517 1710 ἀλλά
2557 1655 2620 1709 τὸ
2658 1653 2757 1725 τήν
2791 1655 2981 1723 ὑγεὲαν
3024 1653 3145 1725 ἕχον
3187 1652 3283 1708 καὶ
3313 1649 3655 1712 σπουδαίως

2037 1746 2406 1824 διακείμενον,
2465 1749 2573 1803 κᾶν
2633 1748 2798 1819 μηδὲν
2841 1747 2952 1802 τῶν
2993 1741 3422 1818 παρακειμένων
3469 1739 3650 1810 αύτῷ

2041 1841 2212 1912 παρῇ.
2248 1841 2352 1895 Τὺν
2408 1841 2572 1896 αὑτὸν
2621 1839 2685 1910 δὴ
2718 1841 2922 1912 τρόπον
2963 1839 3059 1893 καὶ
3093 1837 3293 1909 ψυχὴν,
3328 1835 3424 1888 ἐὰν
3519 1850 3644 1886 πε-

2039 1933 2402 2006 παιδευμένη,
2438 1935 2539 2005 τὴν
2579 1934 2842 2003 τοιαύτην
2874 1931 2970 1986 καλ⁵
3012 1930 3102 1986 τὸν
3127 1929 3414 2000 ἄνθρωπον
3443 1922 3646 1979 εὐδαί-

2041 2042 2179 2096 μονα
2209 2027 2683 2098 προσαγορευτέον
2713 2026 2894 2080 ἐστίν·
2927 2025 3029 2078 οὐκ
3057 2024 3219 2084 em;
3241 2013 3451 2092 ἐκτὸςῇ
3479 2017 3644 2086 λαμ.-

2039 2114 2195 2186 πρῶς
2229 2117 2685 2195 κεκοσμημένος-η
2726 2115 2888 2180 αὐτὸς
2923 2115 2980 2168 δὲ
3025 2112 3253 2184 μηδενὸς
3282 2109 3450 2174 ἄξιος.
3481 2106 3645 2161 Οὔτε

2041 2206 2151 2276 γὰρ
2184 2207 2352 2262 ἵππον
2376 2208 2472 2262 ἐὰν
2507 2209 2704 2279 ψέλλια
2729 2209 2908 2280 χρυσᾶ
2929 2206 3024 2261 καὶ
3048 2203 3218 2274 σκεύη
3251 2201 3366 2273 ἔχει
3396 2199 3646 2254 πολυτε-

2039 2297 2127 2367 λῆ,
2159 2297 2362 2368 φαῦλος
2409 2298 2506 2363 ὢν,
2537 2299 2629 2354 τὸν
2658 2299 2904 2352 τοιοῦτον
2950 2297 3100 2361 ἄξιόν
3149 2310 3295 2356 τινος
3323 2290 3644 2362 νομίζομεν

2039 2383 2200 2440 εἶναι·
2229 2387 2347 2443 ἀλλ’
2383 2387 2444 2452 ὃς
2483 2387 2550 2442 ἂν
2581 2387 2927 2458 διακείμενος
3059 2383 3390 2446 σπουδαίως,
3429 2379 3646 2434 τοῦτον

2042 2477 2244 2550 μᾶλλον
2276 2477 2632 2550 ἐπαινοῦμεν.
2665 2479 2882 2550 Ὠσπερ
2915 2476 3024 2547 γὰρ
3051 2476 3105 2529 εἴ
3137 2492 3222 2537 τις
3257 2473 3378 2528 τῶν
3393 2469 3642 2526 οἰκετῶν

2039 2568 2205 2624 αὐτοῦ
2266 2569 2468 2642 χείρων
2527 2570 2639 2640 εἴη,
2694 2569 3100 2639 καταγέλαστος
3163 2567 3232 2622 ἂν
3264 2565 3496 2633 γένοιτω
3533 2562 3636 2617 τὸν

2039 2664 2202 2717 αύτδν
2232 2663 2456 2735 τρόπον,
2489 2658 2571 2728 οἷς
2602 2663 2852 2727 πλείονος
2896 2663 3055 2727 ἀξίαν
3094 2661 3194 2732 τὴν
3239 2660 3432 2729 κτῆσιν
3483 2651 3651 2710 εἶναι

2042 2758 2395 2829 συμϐἐΰηκεν
2423 2758 2520 2829 τῆς
2550 2758 2688 2822 ἰδίας
2708 2757 2947 2829 φύσεως,
2983 2755 3204 2820 ἀθλίους
3229 2753 3456 2818 τούτους
3485 2747 3634 2806 εἶναι

2039 2849 2122 2905 δεῖ
2151 2869 2210 2906 νο
2221 2850 2428 2922 μίζεινδ

2109 2947 2371 3014 Amic-0’0.
2407 2974 2479 2985 —
2505 2935 2696 3009 Οὗτος,
2754 2946 2853 3014 τὴν
2893 2943 2992 3015 μὲν
3051 2941 3207 3014 ῥίζαν
3240 2938 3341 3009 τῆς
3373 2934 3636 2998 παιδείας

2041 3037 2143 3108 ἔφη
2178 3035 2315 3090 εἶναι
2346 3037 2549 3109 πικράν
2580 3052 2594 3068 ⁸
2622 3037 2752 3100 τοὺς
2785 3035 2841 3090 δὲ
2862 3035 3132 3107 καρτωὺς,
3153 3033 3398 3102 γλυκεῖς.

421 3121 708 3176 Democrit.
746 3150 818 3160 --
849 3117 1180 3188 Disciplina,
1226 3114 1295 3170 iis
1345 3113 1573 3184 quidem
1623 3111 1722 3182 qui
1767 3109 1937 3164 rebus

2113 3129 2428 3198 Δημοκρίτ.
2464 3158 2536 3170 --
2593 3129 2657 3182 Ἢ
2699 3127 2940 3195 παιδεία,
3003 3125 3292 3197 εὐτυχοῦσι
3363 3121 3468 3194 μέν
3507 3121 3626 3174 ἐστι

351 3212 616 3270 secundis
649 3220 902 3276 utantur,
947 3216 1338 3265 ornamentum
1366 3214 1498 3272 est;
1546 3204 1618 3260 iis
1663 3218 1798 3258 vero
1841 3200 1936 3272 qui

2064 3223 2264 3294 ιόσμος,
2292 3223 2560 3294 ἀτυχοῦσι
2597 3222 2674 3288 δὲ,
2701 3205 3066 3294 καταφύγιον.

347 3303 618 3366 adversis,
647 3301 948 3374 refugium.

345 3409 348 3413 ‘
417 3395 692 3472 Civitates
729 3393 990 3464 appensis
1031 3389 1316 3458 donariis;
1369 3386 1584 3444 animos
1626 3385 1940 3458 disciplinis

347 3487 634 3545 ornandos
661 3501 807 3542 esse.

417 3579 685 3636 Socrates.
717 3611 790 3620 —
807 3579 1046 3638 Divitem
1069 3579 1367 3652 quemdam
1393 3577 1685 3634 indoctum
1715 3573 1938 3644 conspi-

347 3684 538 3733 catus:
572 3671 736 3741 Ecee,
775 3674 978 3745 inquit,
1017 3689 1250 3729 aureum
1289 3671 1652 3742 mancipium.

415 3769 566 3824 Idem
602 3768 998 3840 interrogatus,
1033 3767 1182 3822 inter
1211 3765 1476 3822 animalia
1501 3761 1782 3834 quodnam
1817 3758 1943 3830 pul-

347 3861 686 3916 cherrimum
713 3867 883 3926 esset,
935 3857 1260 3932 respondit:
1311 3855 1488 3912 Homo
1517 3855 1614 3926 qui
1644 3855 1720 3910 sit
1767 3853 1938 3909 disci-

347 3951 518 4023 plinis
549 3962 803 4008 ornatus.

420 4043 809 4116 Exprobrantc
846 4043 1086 4116 quodam
1122 4039 1272 4114 quod
1303 4041 1544 4098 barbare
1573 4039 1938 4110 loqueretur:

348 4133 463 4209 Ego
511 4137 761 4209 quidem.
798 4135 1003 4207 inquit,
1032 4149 1292 4191 sermone
1341 4133 1616 4190 barbarus
1646 4147 1794 4199 sum,
1841 4145 1943 4188 vos

351 4238 534 4284 autem
579 4226 851 4281 moribus.

419 4320 571 4376 Idem
611 4317 1005 4390 interrogatus,
1033 4331 1288 4389 quasnam
1329 4317 1542 4388 optima
1571 4323 1722 4372 esset
1771 4314 1943 4382 disci-

349 4411 529 4483 plina:
553 4409 852 4466 Dediscere
873 4409 1037 4474 mala,
1062 4407 1372 4479 respondit.

2116 3411 2229 3476 Τάς
2256 3409 2356 3480 μὲν
2385 3409 2570 3474 πόλεις
2605 3407 2922 3481 ἀναθήμασι
2943 3421 2956 3435 ⁶
2993 3404 3092 3468 τὰς
3121 3401 3180 3457 et.
3211 3399 3408 3472 ψυχὰς.
3445 3393 3627 3467 μαθή-

2043 3519 2180 3575 μασι
2215 3503 2294 3556 δεῖ
2316 3504 2563 3571 κοσμεῖν.

2111 3590 2374 3662 Σωκριίτ.
2421 3591 2564 3644 Ἰδὼν
2595 3590 2851 3644 πλούσιον
2903 3586 3247 3650 ἀπαίδευτον,
3297 3579 3425 3652 ἔφη,
3490 3575 3631 3630 Ἰδοὺ

2042 3689 2136 3743 καὶ
2163 3687 2226 3740 τὺ
2251 3684 2486 3758 χρυσοῦν
2509 3685 2865 3756 ἀνδράποδον.

2124 3781 2184 3833 '0
2207 3779 2371 3842 αὐτὸς
2395 3774 2692 3846 ἐρωτηθεὶς
2713 3819 2726 3839 ,
2754 3773 2808 3828 τί
2849 3771 2962 3827 τῶν
2986 3771 3140 3836 ζώων
3167 3763 3455 3824 κάλλιστόν
3485 3763 3629 3826 ἐστι,

2041 3873 2171 3944 ἔφη,
2209 3870 2535 3943 ’Ἄνθρωπος
2565 3865 2784 3938 παιδεία
2814 3864 3210 3936 κοσμούμενος.

2070 4017 2086 4029 .
2125 4043 2550 4119 Ὀνειδιζόμενος
2609 4043 2715 4098 ὑπό
2766 4059 2907 4105 τινος
2961 4041 3046 4094 ὃτι
3095 4032 3454 4110 βαρϐαρίζει,
3498 4029 3622 4106 ἔφη,

2055 4139 2198 4212 Ἐγὼ
2229 4141 2328 4211 μὲν
2349 4138 2428 4211 τῷ
2443 4137 2606 4210 λόγῳ,
2636 4137 2792 4208 ὑμεῖς
2814 4134 2870 4188 δὲ
2892 4131 2970 4204 τῷ
2993 4131 3201 4202 τρόπῳ.

2123 4321 2184 4376 '0
2230 4320 2392 4384 αὑτὸς
2433 4316 2728 4391 ἐρωτηθεὶς
2752 4352 2769 4378 ,
2822 4313 2877 4368 τί
2921 4310 3144 4382 ἄριστόν
3189 4309 3305 4362 ἐστι
3364 4302 3619 4375 μάθημα,

2043 4414 2170 4484 ἔφη,
2205 4413 2279 4467 Τὸ
2308 4409 2614 4482 ἀπομαθεῖν
2639 4407 2708 4462 τὰ
2739 4405 2908 4460 κακά.

421 4501 732 4556 Demonact.
755 4530 827 4540 -—-
847 4499 1084 4566 Indocti,
1111 4508 1370 4571 tanquam
1391 4499 1586 4570 pisces
1606 4500 1776 4590 capti,
1805 4499 1938 4556 dum

2087 4481 2458 4574 ’Δημώνακτζ
2491 4531 2562 4544 --
2589 4501 2654 4554 Οἱ
2679 4496 3018 4560 ἀπαίδευτοι,
3050 4488 3306 4560 καθάπερ
3331 4485 3384 4541 oi
3415 4481 3625 4539 ἁλιευό-

357 4597 678 4660 trahuntur,
721 4594 905 4649 silent.

421 4689 645 4760 Diogen.
669 4718 739 4730 —
762 4689 1006 4760 Rogatus
1037 4687 1187 4760 quod
1216 4703 1357 4744 onus
1383 4695 1530 4742 terra
1549 4687 1940 4759 gravissimum

353 4781 698 4838 sustineret:
731 4779 1046 4845 lndoctum,
1084 4780 1287 4851 inquit,
1315 4779 1621 4836 hominem.

425 4872 743 4942 Eristippus
775 4871 1115 4944 Cyrenaicus
1162 4871 1530 4948 philosophus
1557 4872 1942 4928 adolescentes

354 4962 564 5021 hortari
619 4963 858 5031 solebat,
899 4973 962 5018 ut
1014 4964 1145 5019 talia
1173 4963 1280 5018 sibi
1341 4963 1542 5018 viatica
1600 4972 1940 5034 quaererent,

355 5071 479 5124 qua:
505 5069 631 5110 cum
671 5053 808 5124 ipsis
830 5053 883 5108 in
919 5052 1208 5124 naufragio
1231 5062 1458 5108 enatare
1482 5065 1729 5123 possent.

425 5145 610 5202 Solon.
641 5177 714 5186 —
739 5145 876 5202 Cum
913 5145 965 5200 ei
993 5143 1328 5216 quandoque
1365 5144 1575 5216 probro
1603 5152 1942 5208 verteretur,

356 5239 502 5308 qUod
533 5237 802 5292 intentata
831 5237 930 5291 lite
949 5243 1228 5292 oratorem
1267 5235 1525 5290 mercede
1581 5235 1944 5290 redemisset:

2041 4616 2194 4672 μενοι
2227 4596 2430 4668 ἰχθύες,
2463 4593 2747 4662 ἑλκόμενοι
2778 4587 2992 4658 σιγῶσι.

2111 4666 2416 4760 Διογένης.
2457 4716 2526 4728 --
2579 4681 2943 4756 Ἐρωτηθεὶς,
2979 4679 3036 4733 τί
3071 4679 3144 4748 γῆ
3188 4672 3491 4747 βαρύτερον
3537 4666 3622 4738 βά-

2041 4783 2248 4848 στάζει,
2284 4781 2413 4848 ἔφη,
2448 4777 2771 4847 ¹Ἄνθρωπον
2795 4771 3142 4827 ἀπαίδευτον.

2122 4873 2472 4945 Ἐρίστιππος
2517 4868 2564 4901 ⁸⁸
2595 4871 2624 4922 ὀ
2665 4863 3010 4940 Κυρηναῖκὸς
3048 4861 3358 4934 φιλόσοφος,
3390 4869 3619 4926 παρεκε-

2043 4969 2233 5026 λεύετο
2249 4967 2360 5028 τοῖς
2377 4963 2519 5025 νέοις
2533 4960 2759 5015 τοιαῦτα
2783 4957 2968 5027 ἐφόδια
2985 4953 3242 5020 κτᾶσθαι,
3266 4951 3428 5006 ἀτινα
3449 4947 3620 5008 αὐτοῖς

2047 5061 2141 5115 καὶ
2165 5057 2511 5126 ναυαγήσασι
2543 5049 3068 5120 συνεκκολυμόήσει.

2119 5152 2263 5210 Σόλ.
2283 5178 2354 5192 --
2395 5142 2814 5216 Ὀνειδιζόμενός
2864 5158 3015 5200 ποτε,
3048 5140 3130 5192 ὅτι
3159 5137 3317 5203 δίκην
3343 5133 3484 5202 ἔχων
3517 5129 3622 5199 ἐμι-

2051 5240 2298 5296 σθώσατο
2351 5239 2580 5310 ῥήτορα,
2617 5235 2728 5288 Καὶ
2765 5231 2897 5302 γὰρ,
2941 5231 3068 5298 ἔφη,
3096 5229 3224 5280 ὅταν
3259 5223 3473 5278 δεῖπνον
3505 5219 3620 5288 ἔχω.

358 5330 522 5395 Sane,
559 5330 761 5400 inquit,
793 5344 921 5384 nam
961 5335 1018 5383 et
1049 5342 1266 5384 cmnam
1295 5327 1674 5382 instructurus
1705 5341 1938 5396 coquum

2064 5335 2318 5406 μάγειρον
2342 5327 2674 5400 μισθώμαιί-

359 5425 633 5480 conduco.
738 5425 749 5434 '

431 5515 737 5572 Cleanthes.
765 5545 836 5556 —
855 5512 1059 5572 Aiebat
1081 5513 1380 5570 Cleanthes
1427 5527 1544 5575 eos,
1582 5510 1674 5581 qui
1701 5508 1950 5579 discipli-

361 5606 452 5665 nis
471 5607 950 5676 carerentt‘orma,
983 5607 1253 5663 duntaxat
1283 5622 1318 5662 a
1355 5603 1551 5660 bestiis
1588 5603 1838 5659 ditl‘erre.

2127 5505 2379 5563 Κυέειὶνθ.
2413 5535 2480 5546 -
2527 5500 2845 5570 Κλεάνθης,
2891 5501 3019 5562 τοὺς
3068 5491 3450 5557 ἀπαιδεύτους,
3501 5485 3620 5560 μόνῃ

2053 5604 2120 5674 τῇ
2150 5601 2330 5671 μορφῇ
2362 5596 2470 5651 τῶν
2501 5595 2706 5668 θηρίων
2732 5592 3033 5664 διαφέρειν.

1641 5720 1880 5778 VARUE
1915 5717 2322 5782 LECTIONES.

358 5789 417 5871 ,⁸⁸
465 5799 778 5870 Ἀρίστιππε.
800 5797 968 5855 Gesn.
