3990 6366
202 375 348 438 825

1563 373 1732 440 LOCI
1771 375 2212 437 COMMUNES.

3409 369 3525 435 89.6

311 491 596 548 Γλύκων.
637 520 705 530 -—
735 488 955 543 Γλύκων
975 490 1003 542 6
1037 488 1335 560 σοφὸς,“τὴν
1368 488 1612 541 naiasin
1630 488 1816 557 ἔλεγεν

2019 489 2239 559 Glycon.
2267 488 2573 559 —Gl)'coii
2625 487 2870 557 sapiens,
2915 487 3227 543 doctrinam
3306 500 3526 541 sacrum

220 585 394 657 EEpr
427 583 623 637 ἄσυλον
652 579 810 638 εἶναι.

331 675 683 746 Ἐμπεδοκλ.
725 707 797 719 -—
849 676 1216 747 Ἐμπεδοκλῆς
1245 677 1272 729 6
1308 675 1537 745 φυσικὸς
1581 675 1715 744 πρὸς
1748 675 1838 728 τὸν

218 766 498 836 λέγοντα,
519 769 602 820 ὅτι
627 768 833 822 Οὐδένα
861 769 1023 839 σοφὸν
1045 768 1279 838 δύναμαι
1302 768 1482 839 εὑρεῖν
1500 767 1639 820 κατὰ
1657 767 1836 835 λόγον,

230 853 401 925 εἷπε,
436 860 476 911 Τ
479 860 533 910 ὸν
562 858 673 929 γὰρ
709 857 979 931 ζητοῦντα
1010 859 1191 929 σοφὸν,
1217 859 1380 912 αὑτὸν
1415 858 1677 929 πρότερον
1700 854 1838 911 εἶναι

233 950 339 1004 δεῖ
364 951 534 1021 σοφόν.

340 1132 555 1200 Ἱέρων.
583 1165 655 1178 -η-
692 1133 873 1205 Ἱέρων
905 1135 932 1189 6
962 1134 1181 1198 Σικελὸς
1202 1133 1486 1204 τύραννος,
1507 1130 1841 1202 Ξενοφάνους

200 1216 347 1277 ’τοῦ
376 1226 720 1294 Κολοφωνίου
757 1226 981 1298 ποιητοῦ
1034 1226 1297 1295 ψέγοντος
1357 1227 1640 1296 Ὅμηρον,
1692 1224 1840 1297 ἡρώ-

228 1332 419 1387 τησεν
454 1316 638 1381 αὐτὸν,
662 1318 870 1383 Πόσους
908 1319 1127 1383 οἰκέτας
1150 1319 1323 1390 ἕχεις;
1360 1318 1455 1372 τοῦ
1488 1318 1545 1371 δὲ
1570 1317 1839 1381 εἰπόντος,

233 1407 394 1474 Δύο,
451 1410 546 1463 καὶ
596 1410 820 1473 τούτους
882 1412 1044 1481 μόγις
1088 1410 1345 1482 τρέφειν’
1413 1411 1527 1464 Οὐκ
1576 1408 1837 1481 αἰσχύνῃ,

237 1501 445 1570 φησὶν,
476 1502 725 1574 Ὅμηρον
776 1502 981 1573 ψέγων,
1025 1503 1084 1568 ὃς
1130 1500 1482 1574 μετηλλαχὼς
1528 1500 1777 1564 πλείονας
1804 1499 1838 1569 ἢ

241 1592 491 1660 μυρίους
511 1593 743 1663 τρέφειξ

315 1684 628 1740 Καπιόνου
660 1686 950 1755 φίλου-δερ.
988 1715 1059 1726 ——
1084 1685 1377 1755 Φιλόσοφος
1399 1685 1443 1715 ’⁷
1470 1683 1608 1755 ἔχων
1633 1685 1727 1739 δύο
1746 1702 1843 1755 μα-

232 1772 442 1842 θητὰς,
465 1774 562 1829 ἕνα
591 1776 692 1844 μὲν
714 1777 887 1849 ἀφυῆ,
915 1777 1201 1845 φιλόπονον
1225 1776 1283 1837 δέ
1310 1793 1324 1809 ⁸
1348 1776 1537 1848 ἕτερον
1556 1775 1615 1829 δὲ
1641 1775 1837 1845 εὐφυῆ,

1948 580 2159 651 asylum
2181 595 2301 634 esse
2337 579 2577 634 dicebat.

2017 671 2323 742 Empedocl.
2348 702 2420 710 —
2442 670 2824 740 Empedocles,
2853 667 3120 722 naturalis
3136 665 3528 738 philosophus,

1946 770 2215 833 querente
2269 762 2509 832 quodam
2574 761 2719 831 quod
2764 759 3042 815 neminem
3094 756 3309 811 ratione
3362 765 3530 824 atque

1936 856 2134 923 animo
2181 854 2488 925 sapientem
2544 853 2885 916 oﬂ‘enderet,
2944 847 3274 919 respondit:
3320 846 3531 915 Nempe

1945 954 2167 1017 oportet
2218 961 2368 1010 eum,
2402 946 2499 1016 qui
2532 945 2840 1016 sapientem
2879 942 2954 996 sit
2985 940 3348 1012 quaesiturus,
3376 938 3532 1008 prius

1947 1039 2257 1109 sapientem
2284 1053 2428 1093 esse.

2019 1131 2241 1185 Hieron.
2267 1160 2340 1170 —
2364 1129 2573 1186 Hieron
2599 1127 2817 1183 Siculus
2843 1137 3132 1199 tyrannus,
3170 1136 3296 1178 eum
3347 1119 3534 1174 Xeno-

1947 1223 2158 1294 phanes
2191 1220 2568 1290 Colophonius
2611 1228 2775 1291 poeta
2805 1219 3108 1274 Homerum
3150 1214 3530 1283 vituperaret,

1947 1322 2084 1385 quot
2130 1313 2364 1369 famulos
2421 1313 2674 1379 haberet,
2730 1309 3115 1382 interrogavit.
3167 1307 3380 1375 Illoque
3445 1317 3535 1355 re—

1948 1407 2277 1476 spondente,
2303 1421 2362 1462 se
2387 1406 2529 1460 duos
2552 1405 2780 1470 habere,
2803 1405 3006 1473 vixque
3024 1401 3136 1456 illis
3156 1397 3354 1454 alendo
3379 1409 3532 1450 esse:

1947 1499 2070 1554 Non
2101 1510 2154 1555 te
2196 1498 2388 1569 pudet,
2427 1496 2609 1567 inquit
2655 1506 2943 1568 tyrannus,
2976 1495 3279 1549 Homerum
3308 1488 3533 1555 vitupe-

1949 1608 2098 1655 rare,
2126 1593 2221 1663 qui
2253 1592 2440 1663 plures
2477 1591 2671 1646 decem
2705 1590 2954 1646 millibus
2984 1588 3098 1643 fato
3123 1585 3349 1641 functus
3392 1578 3535 1634 alit?

2018 1682 2227 1752 Capion
2289 1681 2656 1752 philosophus
2714 1681 2877 1736 binos
2927 1677 3144 1733 habens
3201 1670 3533 1742 discipulos,

1949 1774 2185 1828 alterum
2238 1773 2470 1842 quidem
2518 1773 2679 1828 tardo
2725 1772 2976 1843 ingenio,
3025 1769 3123 1826 sed
3152 1767 3347 1822 labore
3387 1771 3533 1819 stre-

233 1864 417 1936 ὰργὸν
436 1866 517 1930 δὲ,
540 1862 713 1932 εἶπεν,
733 1868 1059 1941 Ἀμφότεροι
1085 1867 1410 1930 ἀπόλλυσθε,
1435 1867 1516 1919 ὅτι
1541 1866 1606 1920 σὺ
1631 1866 1728 1937 μὲν
1749 1864 1836 1918 θέ-

1967 1880 2161 1941 iuum_;
2224 1865 2462 1919 alterum
2528 1879 2665 1920 vero
2729 1864 2905 1934 proba
2970 1861 3161 1917 indole
3221 1867 3535 1924 naturaque

233 1952 376 2016 λων.
409 1954 471 2007 0'3
505 1955 742 2031 δυνήσῃ·
772 1958 837 2013 σὺ
865 1958 1257 2028 δὲδυνὰμενος,
1281 1958 1341 2012 οὐ
1368 1956 1562 2018 θέλεις.

1947 1933 2215 2022 habilem,
2250 1957 2348 2012 sed
2377 1957 2620 2012 otiosum
2658 1933 2996 2028 acisegnem,
3041 1954 3202 2009 dixit.
3235 1950 3400 2021 586
3426 1946 3538 2003 Vo-

235 2048 338 2104 bis
396 2049 669 2107 ambobus
714 2061 901 2109 actum
955 2062 1061 2119 est,
1124 2053 1337 2108 ideirco
1384 2051 1539 2122 quia,
1596 2056 1655 2103 tu
1712 2063 1840 2103 cum
1879 2050 2041 2115 velis,
2079 2065 2190 2104 non
2247 2051 2495 2121 poteris;
2539 2060 2597 2105 tu
2666 2059 2854 2105 autem
2924 2048 3021 2119 qui
3064 2039 3537 2111 valeas,Jnini1ue

238 2156 363 2196 τις.

337 2238 395 2291 '0
426 2237 582 2302 αὐτὸς
608 2239 786 2309 ἔλεγε,
822 2239 1092 2310 μεγάλους
1124 2238 1204 2292 δεῖ
1245 2236 1547 2307 λαμϐάνειν
1608 2234 1838 2302 μισθοὺς

236 2328 510 2402 μαθητῶν
545 2333 669 2395 τοὺς
701 2331 1056 2394 διδασκάλους
1085 2346 1099 2360 ·
1126 2328 1278 2400 παρὰ
1320 2328 1420 2399 μὲν
1454 2327 1562 2380 τῶν
1594 2326 1836 2393 εὐφυῶν,

230 2422 325 2474 ὅτι
379 2421 554 2476 πολλὰ
610 2422 981 2493 μανθάνουσι·
1024 2422 1178 2494 παρὰ
1221 2421 1279 2474 δὲ
1326 2420 1435 2475 τῶν
1495 2417 1708 2487 ἅφυῶν,
1754 2416 1837 2469 ὅτι

232 2513 418 2570 πολὺν
446 2516 616 2571 κόπον
643 2517 998 2588 παρέχουσιν.

325 2691 391 2746 '0
421 2692 585 2757 αὐτὸς
614 2693 944 2769 ἐρωτηθεὶς,
990 2693 1044 2747 τί
1084 2693 1235 2764 αὗτῷ
1266 2692 1492 2761 γέγονεν
1519 2694 1583 2745 ἐκ
1618 2690 1835 2760 φιλοσο-

228 2783 396 2854 φίας,
431 2783 559 2856 ἔφη,
598 2786 672 2840 Τὸ
717 2786 1098 2850 ἀνεπιτάκτως
1147 2787 1338 2847 ποιεῖν,
1374 2783 1410 2837 ἆ
1438 2799 1581 2846 τινες
1618 2781 1715 2839 ,διὰ
1746 2780 1837 2833 τὸν

223 2877 306 2933 εκ
335 2877 453 2933 τῶν
480 2878 662 2950 νόμων
687 2879 851 2950 φόϐον
886 2878 1154 2934 ποιοῦσιν.

876 3058 1216 3115 Φιλιστίων.

386 3150 1078 3223 Μαθημάτωννφρόντιζε
1113 3151 1377 3223 peritior,
1420 3151 1463 3223 ἢ
1498 3145 1834 3218 χρημάτων.

392 3222 472 3302 Et
502 3222 929 3302 pojlaOﬁllgt’
950 3221 1193 3302 δι’)πορεῐ
1218 3224 1291 3274 τὰ
1313 3221 1614 3302 χρήματα.

401 3285 521 3362 Ἐκ
541 3285 650 3346 τοῦ
691 3285 907 3347 παόεῑν
937 3285 1196 3362 γίνωὸίκε
1230 3285 1448 3362 καΓτῦ
1472 3285 1833 3362 συμπαθεῖν.

385 3361 501 3417 Καὶ
523 3361 621 3416 σοὶ
651 3362 762 3430 γὰρ
792 3359 985 3425 ἄλλος
1013 3361 1477 3431 συμπαθήσεται
1508 3359 1733 3415 παθών.

394 3433 473 3485 Τὰ
489 3431 801 3503 σπουδαῖα
824 3431 1049 3503 μελέτα
1077 3433 1172 3485 καὶ
1206 3432 1315 3485 τὸν
1334 3433 1542 3501 νόμον.

396 3500 542 3557 Ἐάν
571 3520 625 3556 τι
648 3500 1044 3572 παρηκμακὼς
1069 3503 1499 3572 μανθάνῃς,μὴ
1518 3503 1837 3572 αἰσχύνοι),

314 3618 541 3672 Βέλτιον
563 3618 671 3689 γὰρ
701 3618 945 3689 ὀψιμαθῆ
973 3617 1258 3673 καλεῖσθαι
1288 3618 1319 3689 ἣ
1349 3617 1557 3689 ἀμαθῆ.

328 3797 586 3865 Θεόκριτ.
623 3825 694 3837 —-
727 3794 1020 3867 Θεόκριτος
1072 3795 1101 3847 ό
1160 3796 1290 3858 Χῖος
1348 3795 1558 3865 ἀφυοῦς
1610 3795 1838 3866 ποιητοῦ

242 3889 516 3959 ἀκρόασιν
540 3888 885 3958 ποιούμενος,
938 3887 1296 3958 ἐρωτώμενος
1325 3887 1419 3941 ὑπ’
1461 3887 1662 3958 αὐτοῦς,
1713 3888 1842 3949 ποῖά

243 3981 367 4034 {cru
397 3979 577 4045 καλῶς
607 3979 891 4051 εἰρημένα,
926 3978 1052 4049 ἔφη,
1089 3980 1157 4031 ’Δ
1186 3978 1515 4049 παρέλιπες.

323 4073 438 4128 Τοῦ
466 4071 675 4133 αὐτοῦ.
709 4102 777 4114 -
814 4072 874 4126 ὐ
907 4071 1005 4141 μὲν
1028 4071 1293 4140 γεωργὸς,
1317 4070 1415 4140 τὴν
1443 4072 1545 4142 γῆν
1564 4087 1577 4101 σ
1608 4074 1636 4126 ὁ
1668 4072 1723 4126 δὲ
1754 4090 1842 4142 φι.

244 4162 478 4232 λόσοφος
503 4163 602 4234 τὴν
633 4162 813 4234 ψυχὴν
845 4160 938 4230 ὲξη
950 4161 1127 4233 μεροῖ.

332 4257 436 4309 Ἐκ
466 4255 575 4309 τοῦ
594 4254 916 4323 Δημοκράτ.
936 4252 1228 4333 ξισοκράτ.
1264 4254 1359 4307 καὶ
1377 4255 1754 4321 Ἐπικτήτου.
1775 4283 1842 4294 --

245 4344 364 4415 Τῆς
396 4346 646 4409 παιδείας
679 4345 867 4417 ὥσπερ
896 4345 1102 4417 χρυσοῦ
1134 4345 1193 4398 τὸ
1221 4344 1383 4399 καλὸν
1410 4348 1468 4399 ἐν
1496 4347 1664 4399 παντὶ
1686 4346 1841 4416 τόπῳ

244 4428 455 4507 ιὲίμιον.

319 4501 369 4562 θ’
402 4528 605 4599 Σοφίαν
652 4532 681 4584 6
715 4530 939 4596 ἀσκῶν,
1001 4529 1315 4600 ἐπιστήμην
1369 4527 1471 4598 τὴν
1526 4526 1656 4598 περὶ
1704 4527 1839 4580 Θεοῦ

248 4624 433 4677 ἀσκεῖ.

2010 2228 2160 2282 Idem
2217 2226 2462 2293 dicebat,
2522 2226 2816 2298 magistros
2875 2241 2905 2281 a
2966 2224 3263 2294 discipulis
3323 2223 3530 2293 ingenti

1939 2320 2222 2391 stipendio
2266 2319 2556 2374 donandus
2595 2335 2758 2375 esse:
2807 2320 2877 2375 ab
2905 2319 2975 2373 iis
3003 2319 3101 2389 qui
3130 2317 3282 2373 felici
3314 2317 3538 2388 ingenio

1938 2414 2053 2469 sint
2083 2428 2149 2467 ae
2181 2410 2434 2482 ingenui,
2478 2400 2628 2481 quod
2663 2413 2840 2466 multa
2887 2411 3141 2475 discant;
3183 2409 3252 2464 ab
3284 2408 3351 2464 iis
3400 2424 3538 2463 vero

1938 2504 2035 2575 qui
2075 2504 2232 2559 tardo
2253 2518 2319 2558 ac
2344 2501 2493 2567 rudi,
2523 2502 2673 2572 quod
2725 2503 3000 2558 molestia:
3044 2501 3348 2571 plurimum
3378 2499 3538 2554 exhi-

1939 2598 2128 2654 beant.

2007 2690 2156 2745 ldem
2208 2689 2620 2760 interrogatus,
2671 2688 2804 2762 quid
2850 2703 2918 2743 ex
2971 2687 3325 2758 philosophia
3371 2700 3525 2741 com-

1939 2783 2088 2838 modi
2111 2790 2258 2839 esset
2286 2791 2642 2847 consecutus,
2682 2780 3005 2852 respondit:
3051 2780 3120 2835 Ut
3154 2796 3184 2834 a
3213 2795 3298 2834 me
3332 2779 3448 2848 ipse
3472 2795 3537 2833 ac

1940 2875 2186 2944 iniussus
2245 2872 2467 2939 faciam,
2527 2890 2651 2945 quae
2710 2874 2804 2929 alii
2862 2873 3088 2945 quidam
3146 2873 3333 2944 legum
3381 2886 3534 2926 metu

1940 2973 2227 3037 praestant.

2590 3059 2892 3115 Pbilistion.

1945 3152 2208 3225 Majorem
2240 3153 2535 3225 disciplinis
2581 3169 2768 3205 curam
2822 3153 3033 3225 adhibe,
3069 3168 3227 3222 quam
3263 3149 3537 3223 pecuniis:

1942 3222 2083 3294 Nam
2117 3222 2412 3294 disciplinae
2445 3224 2698 3294 pecunias
2733 3224 3102 3292 suppeditant.

1950 3291 2184 3348 Dolendo
2218 3291 2379 3349 etiam
2418 3291 2696 3347 condolere
2725 3291 2932 3358 discito,

1861 3359 1904 3417 C
1938 3362 2079 3433 Nam
2110 3373 2161 3418 et
2193 3364 2334 3419 alius
2362 3365 2452 3419 tibi
2477 3363 2828 3427 condolescet,
2872 3363 2963 3432 qui
3011 3366 3125 3433 ipse
3152 3362 3292 3418 alias
3340 3362 3531 3418 doluit.

1945 3432 2072 3506 Quae
2105 3445 2230 3488 sunt
2249 3437 2393 3490 seria
2428 3435 2697 3506 legemque
2720 3436 3021 3488 meditator.

1943 3503 2001 3559 Si
2031 3506 2158 3575 quid
2188 3508 2336 3577 effeta
2363 3503 2493 3577 jani
2529 3514 2688 3561 mtate
2710 3506 2977 3568 didiceris,
3005 3521 3107 3559 non
3134 3513 3183 3559 te
3212 3504 3427 3575 pudeat.

2016 3617 2247 3673 Praestat
2280 3618 2431 3674 enim
2463 3618 2679 3683 audire,
2717 3618 2815 3687 qui
2866 3632 2993 3673 sero
3048 3617 3336 3682 didiceris,
3369 3632 3537 3686 quam

1940 3709 2037 3778 qui
2068 3708 2329 3766 indoctus
2354 3710 2450 3765 sis.

2016 3797 2274 3853 Theocrit.
2302 3829 2374 3839 —
2405 3796 2739 3852 Theocritus
2760 3796 2934 3853 Chius
2969 3796 3162 3852 audito
3217 3796 3343 3852 rudi
3372 3805 3539 3867 poeta

1942 3900 1999 3947 et
2033 3889 2298 3959 illepido,
2348 3896 2712 3960 percontante
2758 3888 2905 3944 illo:
2957 3888 3219 3954 Quaenam
3274 3889 3412 3944 scite
3472 3905 3538 3944 ac

1941 3984 2225 4051 eleganter
2259 3981 2408 4037 dicta
2460 3988 2685 4036 essent:
2726 3980 2825 4045 Ea,
2877 3980 3080 4050 inquit,
3120 3995 3242 4049 quae
3276 3979 3535 4034 omisisti.

2012 4074 2290 4144 Ejusdem.
2318 4072 2669 4145 —Agricola
2720 4080 2946 4137 terram,
2995 4071 3361 4143 philosophus
3408 4073 3533 4126 ani-

1942 4183 2094 4221 mum
2122 4167 2345 4222 excolit.
2938 4237 2945 4243 δ

2013 4259 2099 4314 Ex
2139 4259 2471 4313 Democratis
2499 4260 2592 4330 (al.
2629 4237 2990 4327 Demonact.).
3045 4255 3289 4311 Isocrat.
3321 4264 3371 4310 et
3404 4236 3540 4327 Epi—

1941 4354 2063 4406 cteti
2094 4352 2385 4406 sententiis.
2414 4381 2485 4391 ——
2507 4352 2787 4417 Scientitc,
2830 4353 2975 4406 sicut
3003 4349 3145 4416 auri,
3171 4364 3368 4421 magna
3409 4350 3540 4404 ubi-

1941 4459 2048 4513 que
2072 4444 2407 4498 existimatio
2435 4454 2541 4500 est.
2600 4508 2609 4513 μ

2014 4536 2086 4599 ls,
2116 4536 2211 4604 qui
2250 4535 2580 4619 sapientiam
2629 4535 2784 4599 colit,
2829 4549 2949 4590 eam
2980 4548 3105 4604 quae
3158 4532 3227 4588 de
3280 4533 3396 4591 Deo
3429 4540 3539 4592 est.

1943 4625 2230 4680 scientiam
2262 4625 2414 4679 colit.

330 4713 444 4767 Τοῦ
464 4712 749 4769 αὐτοῦ.-
771 4713 936 4767 Οὐδὲν
970 4714 1027 4766 ἐν
1077 4711 1237 4776 ζώοις
1306 4711 1599 4766 κάλλιστόν
1650 4712 1798 4764 ἐστιν
1822 4748 1837 4777 ,

2018 4714 2294 4786 Ejusdem.
2326 4744 2396 4754 —-
2426 4713 2651 4768 Nullum
2682 4722 2767 4768 est
2798 4713 2940 4769 adeo
2978 4712 3275 4783 pulchrum
3310 4711 3542 4776 animal,

252 4807 331 4871 ὡς
376 4806 664 4879 ἄνθρωπος
702 4806 924 4876 παιδείᾳ
949 4805 1387 4875 κεκοσμημένος.

335 4898 709 4967 Ἀριστοτ.-
725 4898 860 4961 Ταῖς
890 4897 991 4969 μὲν
1019 4896 1206 4950 πόλεσι
1228 4896 1299 4950 τὰ
1312 4895 1493 4967 τείχη,
1515 4897 1635 4959 ταῖς
1658 4895 1715 4948 δὲ
1742 4894 1847 4963 ψυ-

253 4991 381 5063 χαῖς
426 4992 455 5043 6
504 4991 570 5043 ὲκ
631 4988 888 5054 παιδείας
935 4988 1093 5055 νοῦς,
1141 4988 1349 5059 κόσμον
1398 4985 1494 5041 καὶ
1543 4987 1847 5056 ἀσφάλειαν

255 5082 585 5152 παρέχεται.

328 5173 643 5243 Δημοκρίτ.
680 5174 727 5206 ²⁹
748 5202 824 5219 --
854 5172 1160 5226 Νεανίσκου
1208 5173 1266 5226 ἐν
1301 5171 1516 5242 θεάτρῳ
1554 5171 1847 5244 ὲναϐρυνο-

261 5261 450 5337 μένου,
497 5266 592 5321 καὶ
631 5265 887 5335 λέγοντος
924 5264 1088 5333 σοφὸν
1127 5258 1291 5329 εἶναι,
1334 5262 1553 5327 πολλοῖς
1579 5264 1847 5334 ὁμιλήσας

260 5360 484 5426 σοφοῖς,
527 5353 648 5411 εῐπέ
704 5376 810 5423 τις,
856 5358 1029 5427 Κάγὼ
1088 5357 1304 5421 πολλοῖς
1351 5355 1630 5422 πλουσίοις
1654 5396 1670 5423 ,
1713 5357 1848 5411 ἀλλὰ

258 5448 519 5514 πλούσιος
539 5449 639 5504 οὐκ
667 5449 805 5521 εἰμί.
837 5439 873 5473 ⁸

1946 4815 2008 4861 ut
2042 4807 2209 4861 homo
2236 4806 2440 4861 litteris
2471 4821 2536 4860 ac
2569 4806 2884 4861 eruditione
2924 4814 3178 4861 ornatus.

2014 4898 2236 4953 Aristot.
2268 4929 2339 4938 —
2363 4897 2612 4953 Urbibus
2640 4899 2868 4968 quidem
2919 4899 3148 4965 mcenia,
3188 4898 3392 4953 animis
3444 4912 3543 4951 au-

1944 4998 2077 5053 tem,
2108 5003 2266 5044 mens
2299 5004 2365 5042 ex
2424 4976 2737 5059 disciplinis
2785 4990 3003 5044 exculta
3042 4989 3216 5045 decus
3248 4999 3305 5044 et
3363 4987 3543 5041 muni-

1944 5089 2190 5135 mentum
2222 5088 2467 5148 praestat.

2018 5168 2299 5222 Democrit.
2334 5198 2404 5207 -—
2430 5166 2568 5222 Cum
2596 5167 2819 5238 juvenis
2850 5167 2904 5222 in
2942 5168 3160 5222 theatro
3186 5167 3539 5236 gloriaretur,

1944 5269 2001 5314 ct
2049 5261 2357 5330 sapientem
2407 5275 2467 5314 se
2513 5260 2862 5329 praedicaret,
2922 5266 2984 5312 ut
3035 5259 3130 5327 qui
3174 5273 3301 5312 cum
3353 5257 3542 5312 multis

1946 5350 2293 5421 sapientibus
2359 5360 2611 5407 versatus
2670 5358 2839 5415 esset,
2911 5349 3204 5418 respondit
3262 5347 3539 5418 quidam:

1947 5442 2061 5513 Ego
2089 5443 2256 5496 etiam
2281 5458 2407 5510 cum
2439 5440 2627 5516 multis
2669 5439 2940 5495 divitibus
2979 5446 3260 5499 versatus.
3291 5453 3399 5493 non
3453 5444 3538 5491 ta-
3577 5506 3582 5511 ι

1951 5550 2077 5589 men
2112 5536 2267 5591 dives
2302 5551 2442 5590 sum.

1535 5650 1770 5707 VARIAS
1806 5651 2218 5707 LECTIONES.

324 5751 372 5785 ’⁷
401 5748 709 5823 ln_Melissa
752 5750 874 5807 aliis
906 5748 1187 5808 Theocriti
1228 5750 1558 5823 subjectum.
1637 5751 1682 5783 ”
1714 5750 1828 5804 Bal.
1859 5748 1953 5804 τοῦ
1981 5748 2166 5816 αὐτοῦ,
2205 5747 2257 5802 id
2286 5756 2371 5804 est
2405 5743 2849 5811 Democralis,ut
2887 5753 2942 5801 et
2971 5741 3277 5814 sequentia.
3333 5744 3393 5801 ί²⁹
3425 5738 3530 5793 Τοῦ

261 5819 428 5878 αὐτοῦ
463 5819 629 5877 Gesn.
