3990 6394
203 410 375 473 829‘

840 527 1060 581 ΛΟΓΟΣ
1111 527 1198 581 lH’
1219 528 1286 581 ³¹.

589 615 730 684 Περὶ
762 617 1048 686 εὐτυχίας
1079 619 1178 672 καὶ
1217 616 1573 687 δυστυχίας.

343 711 538 763 Δουκ.
573 704 672 772 ις’.
696 738 770 749 ——
810 708 1109 774 Ἀπέλαϐες
1147 711 1212 763 σὺ
1246 709 1321 762 τὰ
1368 708 1551 778 ἀγαθά
1585 726 1681 761 σου
1714 710 1771 763 ἐν
1803 710 1871 779 τῇ

247 799 399 870 ζωῇ
440 815 554 861 σου,
586 800 681 853 καὶ
702 798 951 872 Λάζαρος
976 802 1178 872 ὁμοίως
1208 802 1277 856 τὰ
1324 800 1503 855 κακά’
1538 800 1634 855 νῦν
1673 801 1750 868 δὲ,
1785 801 1874 855 ὅδε

253 891 705 964 παρακαλεῖται,
743 892 809 946 σὺ
838 891 893 946 δὲ
923 892 1202 948 ὀδυνᾶσαι.

346 990 437 1038 Α’.
468 987 606 1051 Κορ.
643 981 716 1037 δ’.
740 984 994 1055 -Ἂχρι
1014 984 1117 1055 τῆς
1148 984 1275 1056 ἄρτι
1299 983 1452 1056 ὥρας
1484 986 1579 1039 καὶ
1599 983 1875 1055 πεινῶμεν

254 1079 375 1131 καὶ
432 1076 677 1148 διψῶμεν
716 1076 812 1130 καὶ
840 1076 1282 1149 γυμνητεύομεν,
1313 1078 1409 1131 καὶ
1444 1077 1873 1147 κολαφιζόμεθα,

250 1172 372 1225 καὶ
414 1169 760 1240 ἀστατοῦμεν
793 1170 1154 1241 ἐργαζόμενοι
1176 1172 1296 1235 ταῖς
1341 1170 1500 1235 ἰδίαις
1526 1170 1738 1241 χερσίν.

343 1344 537 1415 Σιρὰχ
570 1345 745 1409 ιβ’.-
787 1345 876 1400 Ἐν
901 1346 1129 1415 ἀγαθοῖς
1157 1346 1372 1416 ἀνδρὸς,
1412 1347 1463 1400 cl
1498 1347 1685 1419 ἐχθροὶ
1709 1347 1873 1401 αὐτοῦ

249 1434 333 1490 ἓν
362 1436 536 1508 λύπῃ,
584 1436 680 1490 καὶ
713 1438 771 1490 ὲν
810 1437 981 1508 κακίᾳ
1026 1436 1192 1491 αὑτοῦ
1227 1438 1322 1492 καὶ
1359 1440 1387 1491 6
1416 1438 1569 1507 φίλος
1614 1438 1874 1509 διαχωρι-

256 1526 384 1599 σθή
394 1545 545 1581 σεται
574 1527 672 1598 ’u).

350 1621 541 1690 Σφὰχ
582 1625 677 1689 ιη’.
708 1651 779 1661 —-
807 1618 1098 1694 Μνήσθητι
1141 1621 1335 1693 καιρὸν
1372 1621 1534 1693 λιμοῦ
1585 1623 1645 1675 ἐν
1693 1620 1874 1694 καιρῷ

252 1710 604 1782 πλησμονῆς
619 1725 634 1740 ⁸
658 1712 933 1782 πτωχείαν
956 1716 1053 1767 καὶ
1090 1712 1297 1767 ἔνδειαν
1314 1715 1371 1767 ὲν
1404 1714 1590 1786 ἡμέρᾳ
1616 1713 1871 1770 πλούτου.

269 1803 428 1857 Ἀπὸ
460 1802 609 1874 πρωῒ
646 1804 752 1869 ἕως
791 1805 1032 1876 ἑσπέρας
1054 1806 1384 1877 μεταϐάλλει
1412 1807 1442 1858 6
1467 1806 1678 1877 καιρός.

344 1895 537 1966 Σιρὰχ
572 1898 642 1951 θ’.
674 1926 743 1938 -
771 1898 866 1968 Μὴ
893 1895 1146 1973 ζηλώσῃς
1174 1898 1335 1965 δόξαν
1366 1898 1729 1970 ἁμαρτωλῶν.

902 2010 1004 2077 Ἐξ
1043 2012 1265 2082 Ἐπιπ).

423 2106 531 2173 Ὠς
564 2122 636 2159 κε
676 2103 781 2178 [ὡς
810 2103 899 2177 δὲ]
934 2105 1111 2178 *φέρει
1156 2105 1225 2160 τὸ
1279 2104 1470 2178 φέρον
1515 2119 1591 2158 σε
1621 2103 1826 2178 φέρειν
1851 2142 1866 2169 ,

933 2175 945 2247 [
957 2175 1144 2243 φέρου
1163 2177 1208 2208 ³⁸
1229 2192 1244 2206 ⁸
1274 2180 1327 2230 ει
1349 2175 1799 2247 δ’-ἀπειθήσεις,

422 2246 526 2300 Καὶ
555 2244 1086 2315 σαυτόνβλάψεις,
1111 2247 1211 2303 καὶ
1245 2247 1312 2300 τὸ
1341 2244 1528 2315 φέρον
1550 2262 1624 2299 σε
1645 2245 1868 2315 φέρειν.

347 2360 671 2431 Θεολόγου.
703 2390 773 2401 -
803 2361 970 2415 Ὅταν
1013 2363 1294 2430 εὐπλοεῖς,
1337 2361 1577 2433 μάλιστα
1623 2360 1872 2432 μέμνησο

257 2447 469 2523 ζάλης-
1445 2469 1448 2473 '

344 2543 445 2607 Τίς
479 2537 641 2610 οἶδεν,
667 2544 715 2597 ei
748 2544 777 2597 6
809 2544 910 2615 μὲν
936 2542 1027 2599 διὰ
1068 2542 1270 2599 κακίαν
1300 2542 1615 2607 κολάζεται,
1644 2544 1677 2597 6
1713 2541 1769 2595 δὲ
1795 2541 1871 2606 ὡς

263 2636 642 2711 ὶπαιρόμενος
662 2640 732 2711 (υ)
763 2639 982 2711 αἴρεται
1004 2659 1019 2674 ο
1065 2639 1204 2695 ἀλλὰ
1245 2641 1322 2711 μὴ
1352 2639 1686 2702 τούναντίον,
1713 2639 1741 2691 6
1772 2636 1870 2707 μὲν

259 2730 364 2785 διὰ
389 2732 658 2802 πονηρίαν
713 2733 966 2804 ὑψοῦται,
993 2735 1023 2788 6
1073 2732 1131 2786 δὲ
1153 2731 1220 2786 δι’
1241 2733 1443 2804 ἀρετὴν
1468 2729 1829 2802 δοκιμάζεται
1851 2745 1866 2794 ;

344 2912 745 2980 Χρυσοστμι-
770 2908 869 2962 Ἒν
907 2907 1067 2980 μόνον
1098 2907 1389 2979 πεισθῆναι
1431 2906 1560 2979 χρὴ,
1614 2906 1696 2959 ὅτι
1730 2922 1870 2974 συμ-

262 3002 557 3073 φερόντως
605 3003 740 3072 ἡμῖν
793 3001 1014 3055 ἅπαντα
1067 3003 1440 3074 οἰκονομεῖται
1507 2998 1660 3070 παρὰ
1707 2996 1867 3052 Θεοῦ.

263 3090 384 3144 Τὸν
445 3089 503 3143 δὲ
562 3090 763 3161 τρόπον
812 3091 1011 3161 μηκέτι
1058 3089 1274 3161 ζητεῖν,
1327 3092 1467 3161 μήτε
1534 3089 1873 3158 ἀγνοοῦντας

264 3180 570 3251 ἀσχάλλειν
619 3182 653 3253 ἢ
716 3181 974 3252 ἀθυμεῖν.
1048 3182 1187 3237 Οὔτε
1251 3184 1360 3255 γὰρ
1423 3182 1648 3236 δυνατὸν
1700 3181 1943 3269 murac

264 3275 498 3340 εἰδέναι,
538 3273 664 3327 οὔτε
726 3276 1039 3345 συμφέρον·
1094 3275 1156 3329 τὸ
1215 3274 1337 3346 μὲν,
1404 3274 1494 3328 διὰ
1540 3273 1603 3327 τὺ
1643 3272 1874 3344 θνητοὺς

265 3363 416 3423 εἶναι
438 3385 453 3400 ο
498 3367 557 3421 τὸ
586 3368 663 3434 δὲ,
722 3367 812 3423 διὰ
839 3369 899 3422 τὸ
929 3367 1146 3439 ταχέως
1177 3368 1257 3432 εἰς
1288 3366 1548 3422 ἀπόνοιαν
1597 3363 1872 3436 αἴρεσθαι.

348 3661 590 3718 Νείλου.
611 3688 685 3700 —-
713 3661 794 3727 Οὐ¹
820 3659 928 3732 χρὴ
962 3660 1053 3714 ἐπὶ
1086 3660 1251 3714 παντὶ
1287 3660 1544 3732 πτώματι
1580 3660 1677 3714 καὶ
1720 3660 1871 3732 πάσῃ

283 3753 528 3826 ἁμαρτία
557 3752 849 3824 ἀνθρώπου
871 3752 1220 3823 ἐπαίρεσθαι,
1261 3753 1373 3807 οὐδ’
1403 3740 1714 3824 ἐπιχαίρειν
1743 3753 1873 3807 ποτὲ

283 3844 367 3915 τῷ
412 3844 880 3909 ὑποσκελισθέντι,
929 3844 1036 3899 κᾶν
1086 3846 1135 3898 εί
1174 3845 1381 3899 δοκεῖὸ
1408 3844 1656 3924 τοιρῦτος
1678 3844 1874 3915 ἐχθρὸς

280 3937 466 4008 φόνιος
496 3932 661 3991 εἶναι.

351 4030 552 4100 Θρήνει
584 4029 675 4082 τὸν
706 4028 1034 4099 ἁμαρτωλὸν
1056 4026 1388 4099 εὐθηνοῦντα
1412 4045 1424 4058 ·
1461 4029 1524 4082 τὸ
1580 4028 1738 4099 ξίφος
1761 4029 1871 4100 γὰρ

283 4123 433 4194 αὐτῷ
451 4119 554 4192 τῆς
573 4121 728 4193 δίκης
751 4122 1103 4201 ἐπέτείνεται.

352 4214 507 4268 Διατί
558 4214 759 4268 δίκαιοι
811 4214 1104 4269 άσὸενοῦσι
1162 4216 1256 4268 καὶ
1297 4216 1569 4276 πένονται,
1595 4215 1772 4273 ἄδικοι
1814 4215 1873 4268 δὲ

285 4313 531 4374 αἴρονται
575 4305 670 4359 καὶ
695 4304 1022 4373 πλουτοῦσις
1060 4306 1230 4375 Φημὶ,
1264 4306 1352 4360 ἵνα
1372 4309 1420 4359 oi
1460 4306 1559 4376 μὲν
1597 4323 1872 4376 στεφανωσ

286 4399 471 4459 θῶσιν,
502 4399 551 4451 οἱ
580 4397 637 4451 δὲ
669 4397 905 4461 αἰωνίως
931 4398 1345 4469 τιμωρηθῶσιν.

1601 417 1773 479 LOCI
1811 415 2237 478 COMMUNES

1900 532 1948 588 Α

3457 418 3573 482 830

2540 530 2772 589 SERMO
2803 534 2991 591 XVIII.
3012 488 3054 530 .

2260 617 2334 671 De
2366 622 2609 675 secundis
2639 623 2792 678 rebus
2827 633 2986 696 atque
3021 624 3275 680 adversis.

2044 710 2172 765 Luc.
2209 728 2319 777 xw,
2348 713 2439 768 25.
2469 745 2537 756 -
2573 715 2851 786 Recepisti
2903 728 2959 772 ιιι
3016 719 3159 772 bona
3202 727 3294 772 tua
3335 715 3391 769 in
3448 713 3562 769 vita

1972 808 2065 856 tua
2088 811 2143 857 et
2166 802 2407 860 Lazarus
2426 805 2683 862 similiter
2718 808 2880 863 mala.
2914 809 3077 864 Nunc
3101 814 3289 877 autem
3317 808 3408 862 hic
3427 823 3564 862 con-

1972 895 2299 951 solationem
2326 897 2512 964 habet,
2550 905 2606 953 tu
2638 915 2773 955 vero
2797 901 3080 956 cruciaris.

2045 985 2075 1040 1
2102 984 2225 1041 Cor.
2258 1002 2332 1049 ιν.
2364 988 2452 1041 Η.
2481 1018 2549 1028 -
2574 989 2761 1060 Usque
2788 991 2845 1044 in
2875 991 3027 1046 hanc
3055 991 3248 1045 horam
3293 994 3351 1043 et
3381 986 3532 1042 esuri
3552 1016 3565 1025 -

1975 1093 2118 1145 mus,
2148 1086 2205 1133 et
2232 1078 2473 1144 sitimus,
2502 1088 2560 1135 et
2585 1081 2720 1136 nudi
2767 1097 2979 1149 sumus,
3019 1090 3077 1136 et
3105 1080 3354 1150 colaphis
3398 1078 3566 1133 caldi-

1976 1185 2124 1239 mur,
2157 1179 2215 1225 et
2246 1170 2545 1228 instabiles.
2589 1189 2783 1230 sumus
2828 1184 3124 1246 operantes
3176 1173 3434 1228 manibus
3460 1186 3566 1225 no-

1984 1266 2136 1321 stris.
2686 1294 2693 1299 -
3504 1340 3508 1345 Δ

2046 1357 2213 1413 Eccli.
2249 1374 2345 1422 xu,
2388 1359 2442 1414 9.
2474 1390 2546 1399 —
2580 1358 2640 1415 in
2690 1359 2853 1415 bonis
2891 1358 3029 1426 viri,
3080 1356 3291 1413 inimici
3334 1356 3456 1427 ejus
3507 1354 3565 1409 in

1975 1449 2239 1516 tristitia;
2273 1448 2440 1521 583
2464 1449 2521 1505 in
2550 1451 2713 1507 malis
2744 1459 2957 1517 autem,
2991 1451 3159 1506 etiam
3192 1448 3405 1504 amicus
3447 1445 3569 1502 dis-

1966 1543 2254 1614 iungetur.
3376 1549 3384 1555 '

2047 1634 2212 1689 Eccli.
2251 1651 2402 1701 mn,
2433 1636 2525 1690 25.
2565 1668 2634 1678 —
2672 1636 2950 1692 Memento
2995 1635 3159 1692 famis
3212 1634 3271 1689 in
3316 1641 3569 1700 tempore

1975 1728 2317 1794 saturitatis;
2346 1729 2722 1785 mendicitatis
2741 1737 2799 1785 et
2824 1730 3085 1801 egestatis
3122 1729 3186 1783 in
3220 1728 3311 1783 die
3340 1724 3567 1781 divitia-

1976 1836 2121 1875 rum.
2159 1819 2201 1874 A
2235 1835 2395 1875 mane
2424 1820 2492 1874 ad
2515 1836 2805 1891 vesperam
2838 1830 3087 1876 mutatur
3114 1827 3354 1889 tempus.

2046 1908 2212 1965 Eccli.
2247 1926 2321 1977 Ix,
2342 1910 2430 1964 l6.
2444 1940 2513 1950 —
2528 1911 2650 1965 Noli
2671 1911 2915 1966 aemulari
2939 1911 3168 1982 gloriam
3188 1915 3565 1980 peccatorum.

2570 2017 2652 2072 Ea;
2693 2017 2976 2088 Epigram.

1980 2110 2125 2195 Ut_te
2153 2109 2270 2181 fata
2297 2107 2502 2175 volunt,
2535 2109 2613 2163 sic
2645 2109 2850 2178 fertor:
2883 2110 2967 2162 sin
3004 2108 3200 2173 minus,
3241 2106 3361 2177 ipse

2085 2242 2356 2298 Maerorem
2381 2257 2609 2312 quazres,
2643 2240 2860 2313 fataque
2889 2251 2938 2295 te
2979 2242 3213 2312 rapient.

2046 2354 2308 2426 Tlieologi.
2332 2386 2399 2398 ——
2418 2354 2555 2410 Cum
2590 2353 2832 2408 secunda
2855 2352 3031 2408 uteris
3052 2352 3427 2424 navigatione,
3455 2358 3570 2407 tum

1975 2448 2317 2517 tempestatis
2342 2447 2580 2501 maxime
2609 2444 2781 2501 debes
2803 2444 3142 2500 meminisse.

1992 2553 1998 2558 ‘
2041 2538 2179 2605 Quis
2210 2539 2354 2594 scire
2377 2538 2574 2607 possit,
2612 2553 2689 2591 an
2727 2535 2821 2591 hic
2862 2546 3089 2606 propter
3114 2535 3248 2591 vitia
3276 2535 3586 2606 puniatur,

1972 2628 2065 2683 ille
2095 2644 2203 2698 qua
2245 2634 2470 2698 praestat
2505 2626 2729 2681 virtutis
2756 2626 2919 2681 laude
2941 2626 3237 2692 eﬂ‘eratur;
3271 2633 3365 2679 aut
3393 2639 3566 2679 econ-

1975 2726 2101 2784 tra,
2163 2719 2259 2774 hic
2316 2726 2547 2789 propter
2606 2716 3021 2787 improbitatem
3074 2717 3413 2782 extollatur,
3477 2714 3570 2770 ille

1971 2820 2201 2881 propter
2223 2810 2487 2865 virtutem
2517 2808 2823 2878 probetur?
2852 2858 2857 2869 ,

2043 2900 2311 2972 Chrysost.
2371 2930 2445 2939 —
2472 2899 2654 2956 Unum
2676 2900 2783 2954 hoc
2815 2906 3029 2955 certum
3058 2907 3251 2954 tenere
3276 2898 3567 2965 debemus;

1973 2993 2053 3047 sic
2084 3000 2146 3047 ut
2170 2992 2334 3047 nobis
2357 2992 2494 3046 utile
2522 3001 2628 3059 est,
2660 2999 2860 3047 cuncta
2890 2992 3062 3046 Deum
3084 2991 3438 3061 dispensare;
3468 3005 3570 3045 nec

1972 3086 2173 3141 modus
2197 3085 2344 3156 quod
2393 3085 2450 3140 id
2485 3085 2600 3151 ﬁat,
2638 3080 2917 3141 curiosius
2957 3081 3359 3154 inquirendus;
3406 3081 3490 3135 vel
3521 3080 3569 3135 si

1976 3179 2067 3235 ille
2114 3194 2216 3234 nos
2267 3179 2456 3243 lateat,
2502 3193 2646 3249 aegre
2699 3178 2988 3233 ferendum
3042 3187 3207 3245 atque
3245 3173 3569 3230 dolendum.

1975 3269 2111 3325 Nam
2152 3284 2335 3339 neque
2368 3268 2485 3323 ﬁeri
2519 3277 2699 3339 potest
2732 3278 2794 3324 ut
2840 3269 2963 3323 haec
3002 3260 3263 3328 sciamus,
3302 3280 3408 3319 nec
3441 3280 3570 3322 vero

1975 3359 2123 3415 scire
2170 3374 2239 3413 ex
2283 3359 2489 3413 nostris
2531 3358 2747 3413 exsistit
2816 3355 3164 3431 rationibus;
3223 3359 3341 3406 tum
3420 3353 3569 3421 quod

1976 3453 2240 3507 mortales
2268 3466 2485 3512 sumus,
2521 3458 2636 3505 tum
2676 3449 2826 3520 quod
2866 3447 3015 3503 inani
3043 3445 3185 3500 fastu
3216 3458 3281 3497 ac
3327 3442 3571 3499 insolen-

1976 3545 2055 3599 tia
2088 3543 2246 3599 facile
2284 3543 2625 3598 exlollimur.
3369 3531 3372 3535 ’

2045 3658 2179 3713 Mli.
2210 3656 2584 3727 —Quidquid
2638 3658 2811 3712 ruinze
2844 3658 3009 3712 alicui
3061 3658 3347 3721 acciderit,
3403 3653 3568 3724 quid-

1976 3748 2109 3819 quid
2161 3748 2496 3818 peccaverit,
2556 3748 2866 3817 cavendum
2912 3763 2983 3802 ne
3039 3746 3167 3813 inde
3216 3747 3565 3809 extollamur,

1977 3847 2140 3893 autve
2168 3838 2219 3892 ei
2252 3838 2345 3908 qui
2385 3838 2772 3909 supplantatus
2818 3837 3009 3904 fuerit,
3045 3854 3288 3909 unquam
3341 3836 3568 3892 insulte-

1976 3942 2121 3993 mus,
2145 3927 2233 3981 vel
2262 3928 2307 3982 si
2338 3927 2431 3982 ille
2462 3927 2714 3999 capitalis
2746 3928 2924 3984 hostis
2961 3937 3152 3985 noster
3194 3927 3492 3985 exstiterit.

2049 4017 2403 4072 Peccatorem
2434 4017 2558 4089 Iuge
2580 4019 2839 4073 secundis
2870 4019 3038 4074 rebus
3058 4027 3336 4086 utentem;
3363 4018 3568 4089 quippe

1977 4109 2068 4164 cui
2095 4108 2296 4165 divina:
2328 4110 2558 4165 ultionis
2582 4111 2797 4182 gladius
2829 4112 3162 4167 intentetur.

2048 4200 2195 4268 Quid
2217 4217 2396 4258 causa;
2424 4210 2507 4258 est
2536 4218 2638 4258 cur
2679 4205 2813 4274 justi
2852 4203 3057 4258 inﬁrmi
3108 4203 3221 4259 sint
3268 4217 3567 4274 rerumque

1975 4301 2222 4365 egestate
2254 4303 2617 4363 premantur;
2655 4295 2844 4366 iujusti
2880 4310 3014 4350 vero
3045 4295 3285 4350 honores
3314 4310 3379 4349 ac
3425 4293 3572 4348 divi-
3678 4296 3687 4304 ’

1978 4386 2084 4440 tias
2132 4385 2582 4464 consequantur?
2617 4386 2824 4456 Nempe
2871 4396 2934 4440 ut
2988 4386 3068 4440 illi
3119 4392 3478 4451 coronentur,
3512 4385 3570 4440 hi

1976 4494 2113 4533 vero
2133 4479 2356 4533 aeternis
2389 4478 2674 4549 suppliciis
2711 4478 3048 4533 crucientur.
3122 4514 3125 4517 λ

358 4572 582 4627 Πάντων
604 4591 698 4627 σου
728 4573 838 4627 τῶν
870 4573 1215 4645 πραγμάτων
1242 4573 1744 4643 κατευοδουμένων,
1778 4574 1871 4628 ὲκ-

2043 4572 2181 4627 Cum
2209 4573 2309 4627 tibi
2344 4588 2607 4643 prospere
2641 4574 2847 4628 cedunt
2899 4574 3104 4639 omnia,
3137 4582 3253 4628 tum
3302 4572 3568 4628 mutatio-

283 4663 440 4757 δέχου
472 4666 809 4738 μεταϐολήνο
860 4665 958 4718 καὶ
995 4664 1159 4720 πάλιν
1207 4665 1338 4719 ποτὲ
1377 4665 1483 4718 ὑπὸ
1528 4665 1871 4735 ἀπροσδοκήα

1980 4680 2108 4720 nem
2162 4664 2341 4731 time;
2395 4680 2460 4718 ac
2512 4681 2740 4729 rursus,
2800 4664 2846 4719 si
2894 4664 3116 4734 quando
3179 4664 3572 4736 incxspectatis

1476 4821 1481 4825 υ
1558 4796 1799 4853 VARI/E
1838 4796 2247 4853 LECTIONES.

358 4880 402 4919 "
429 4886 490 4943 In
513 4886 683 4946 Gesn.
715 4889 871 4946 Stob.
894 4890 1023 4946 248.
1099 4890 1144 4923 ⁸³
1173 4890 1333 4945 ἀλλ’.
1364 4891 1427 4944 El
1457 4890 1516 4944 τὸ
1538 4890 1703 4960 φέρον
1727 4907 1786 4943 σε
1820 4890 1997 4960 φέρει,
2037 4890 2171 4962 φέρε
2199 4889 2295 4944 καὶ
2318 4889 2511 4961 φέρου.

1823 5003 2052 5062 ΝΟΤίΕ.

359 5093 439 5163 (u)
500 5093 565 5148 Ὀ
621 5094 802 5163 φίλος
849 5092 1412 5165 διαχωρισθήσεται.
1461 5098 1553 5154 Sic
1596 5105 1651 5154 et
1705 5099 1871 5154 modo

291 5163 502 5240 Graeca.
543 5165 702 5240 Vulg.
733 5165 799 5240 I_n
823 5163 1045 5240 maiitia
1067 5163 1215 5240 illius
1266 5170 1468 5223 amicus
1513 5170 1735 5240 agnitus
1762 5179 1874 5236 est;

293 5234 437 5321 pride
470 5234 869 5321 liquetlegisse
892 5237 1404 5321 ‘6tava56ijcsrat',
1438 5234 1592 5321 velut
1616 5239 1785 5321 etiam
1812 5234 1872 5321 ll,

294 5299 382 5369 30,
412 5305 468 5358 in
499 5299 625 5376 filiis
669 5299 779 5360 suis
817 5299 1139 5376 agnoscitur
1161 5299 1260 5373 vir,
1297 5299 1400 5363 ubi
1443 5306 1653 5373 Graeca,
1705 5313 1762 5363 ὲν
1793 5299 1876 5362 τέὲ

297 5392 438 5437 κνοις
474 5375 639 5428 αὑτοῦ
655 5375 1033 5449 γνωσθήσεται
1059 5378 1358 5449 ἀνήρ’ίηιιο
1382 5389 1617 5449 utroque
1641 5381 1763 5434 loco
1795 5380 1878 5433 in-

300 5454 519 5513 terpret.
548 5452 784 5519 tempus
811 5448 1050 5519 mutavit
1074 5465 1094 5519 _:
1153 5448 1251 5519 sed
1299 5465 1490 5519 parum
1536 5448 1725 5504 refert.
1758 5450 1879 5505 Vox

301 5466 519 5513 terprel.
548 5466 766 5514 tempus
814 5466 1094 5501 mutavit:
1153 5466 1251 5503 seu
1334 5466 1490 5504 arum
1536 5466 1725 5504 reteri.
1768 5466 1872 5505 vox

298 5530 511 5587 quoque
552 5515 694 5569 nihil
736 5515 1019 5572 abhorret.
1056 5517 1129 5571 At
1170 5466 1330 5587 quod)
1363 5519 1560 5572 κακίαν
1605 5519 1872 5574 malitiam

297 5584 495 5659 reddit,
521 5601 717 5659 parum
747 5596 936 5659 aptum
969 5598 1071 5651 est,
1106 5584 1203 5643 aut
1237 5606 1304 5642 ex
1348 5604 1452 5645 usu
1500 5590 1622 5659 ejus
1675 5591 1867 5645 vocis:

298 5655 465 5724 liqnet
489 5656 639 5710 enim
661 5657 861 5710 κακίαν
886 5657 1030 5713 idem
1056 5659 1151 5713 hic
1172 5674 1295 5714 esse
1322 5676 1387 5714 ac
1410 5655 1676 5717 κάκωσιν.
1700 5660 1868 5724 mala,

301 5724 659 5801 afﬂictionem,
692 5743 1012 5801 a’rumuam,
1060 5729 1205 5801 ct_si
1251 5730 1384 5799 quid
1439 5730 1711 5801 ejusmodi
1762 5740 1866 5795 est,

303 5794 420 5865 qua:
450 5794 644 5849 Latine
671 5812 834 5852 nemo
857 5797 1006 5853 dicat
1040 5794 1326 5853 malitiam.

367 5863 438 5937 (υ)
494 5866 589 5932 ’.Ως
608 5867 1021 5940 ἐπαιρόμενος.
1077 5869 1335 5925 Mendum
1385 5886 1505 5928 esse
1550 5871 1745 5943 liquet,
1777 5872 1868 5927 cui

1980 5098 2182 5154 vellem
2207 5097 2431 5153 fecisset
2461 5096 2793 5155 medicinam
2821 5095 3101 5154 Gesnerus
3131 5096 3398 5153 medicus.
3428 5097 3568 5154 For.

1981 5170 2128 5240 sitan
2156 5169 2348 5240 videar
2382 5169 2603 5240 fecisse,
2634 5169 2903 5224 mutando
2922 5169 3012 5221 ἐπ’
3061 5171 3255 5240 ἀρετῇ,
3288 5168 3435 5240 quod
3463 5185 3565 5240 op-

1980 5239 2225 5308 positum
2257 5239 2356 5307 τῷ,
2385 5239 2475 5292 διὰ
2502 5241 2720 5293 κακίαν.
2758 5240 2852 5294 Sic
2907 5247 3059 5294 certe
3132 5237 3274 5292 clara
3313 5237 3563 5308 Gregorii

1982 5310 2282 5371 sententia,
2321 5309 2439 5380 ipsa
2456 5325 2717 5378 expressa
2749 5309 2803 5362 in
2835 5309 3190 5380 Ecclesiaste,
3246 5308 3391 5380 quod
3415 5325 3564 5380 _om-

1982 5379 2074 5433 nia
2101 5377 2364 5434 omnibus
2387 5377 2680 5445 eveniant;
2708 5394 2815 5433 nec
2846 5395 2973 5433 raro
3018 5379 3256 5432 tristiora
3294 5377 3459 5447 justis
3500 5396 3565 5437 ac

1982 5449 2199 5520 probis,
2233 5466 2398 5520 quam
2434 5450 2595 5503 malis
2622 5458 2684 5520 et
2706 5450 3012 5520 sceleratis,
3039 5464 3109 5503 ne
3135 5449 3263 5520 quis
3303 5449 3416 5520 jam
3448 5456 3564 5520 ter-

1977 5517 2126 5575 rente
2153 5517 2436 5575 felicitatis
2452 5535 2618 5574 causa
2639 5519 2902 5572 virtutem
2928 5519 3093 5580 colat,
3113 5517 3382 5588 quidquid
3408 5519 3563 5588 iolim

1976 5591 2227 5644 carnales
2252 5590 2450 5645 Judaei.
2489 5659 2492 5660 ν
2518 5590 2612 5644 Sic
2640 5589 2939 5643 tenendum
2962 5587 3255 5660 judicium,
3292 5587 3564 5657 quidquid

1976 5660 2106 5715 boni
2136 5669 2230 5714 aut
2256 5659 2670 5730 malicuiquam
2695 5660 2952 5730 evenerit
2994 5677 3007 5713 :
3054 5660 3214 5730 cujus
3254 5673 3557 5715 memorem

1946 5729 2230 5785 'crebrius
2263 5729 2565 5783 voluissem
2590 5729 2761 5783 illust.
2795 5729 3092 5784 Annalium
3128 5729 3401 5794 ’Patrem;
3439 5744 3560 5785 ma—

1976 5816 2084 5870 gno
2110 5816 2280 5871 onere
2307 5801 2437 5854 hinc
2465 5815 2596 5854 suos
2619 5800 2932 5871 levaturum
2958 5801 3217 5867 Annales,
3251 5799 3557 5871 puriusque

1975 5887 2040 5926 ex
2073 5870 2324 5928 historici
2357 5870 2748 5947 munere'illos
2787 5871 3091 5927 editurum.
