3990 6374
104 308 274 374 837
1522 306 1699 368 LOCI
1739 307 2173 373 COMMUNES.
2242 318 2247 321 τ
2525 292 2533 302 ’
2598 275 2609 287 ’
2686 334 2694 341 -
3369 330 3492 395 «333

245 423 432 487 ’Egz.
475 417 546 470 δ’.
578 445 647 456 —-
676 413 737 467 '0
777 414 930 487 ⁸ιζλιος
972 412 1047 485 μὴ
1091 412 1356 466 ἐπιδυέτω
1381 412 1473 465 ἐπὶ
1500 413 1578 485 τῷ
1610 432 1817 487 παρορ-

1994 415 2186 488 Ephes.
2225 434 2303 484 iv,
2326 418 2416 483 26,
2444 420 2533 474 51.
2558 447 2627 457 -
2649 418 2741 474 Sol
2772 435 2877 475 non
2903 424 3123 481 occidat
3166 441 3333 499 super
3380 434 3483 488 ira-

120 509 398 581 γισμῷ
433 506 625 578 ὑμῶν·
658 505 797 574 μηδέ
826 504 1000 558 δίδοτε
1027 504 1193 557 τόπον
1230 503 1310 574 τῷ
1341 504 1596 576 διαϐόλῳ.

1915 507 2179 562 cundiam
2208 517 2487 563 vestram:
2529 519 2587 565 et
2618 511 2791 567 nolite
2818 512 3003 568 locum
3039 516 3172 573 dare
3207 519 3448 578 diabolo.

231 603 451 656 Πᾶσα
501 598 702 669 πικρία
741 595 838 650 καὶ
892 594 1031 666 ὀργὴ
1078 594 1300 667 ἀρθήτω
1342 596 1438 664 ἀφ’
1485 595 1663 666 ὑμῶν,
1714 595 1807 649 σὺν

1984 598 2178 655 Omnis
2208 602 2523 657 amaritudo
2560 611 2615 658 et
2662 604 2742 659 ira
2789 606 3014 662 tollatur
3065 625 3095 664 a
3149 612 3329 681 vobis,
3364 631 3490 672 cum

134 696 359 764 πάσῃ
403 691 608 762 κακίᾳ.

1912 692 2064 746 omni
2091 692 2320 747 malitia.

230 790 545 853 -napoqt.
582 778 781 840 κζ’.-
813 778 963 850 Βαρὺ
1023 777 1208 865 λίθος,
1265 779 1361 832 καὶ
1405 776 1806 834 δυσϐάστακτον

1975 780 2143 835 ςΡνου.
2175 798 2346 847 xxv",
2376 781 2428 837 5.
2450 814 2513 824 -
2535 783 2735 839 Gravis
2764 794 2848 840 est
2890 786 3052 858 lapis,
3095 799 3153 846 et
3199 807 3341 864 aegre
3363 811 3491 866 por-

149 879 400 948 ἆμμος
423 893 438 906 ·
485 872 625 944 ὀργὴ
655 871 712 925 δὲ
738 873 977 942 ἄφρονος
1005 869 1280 941 βαρυτέρα
1312 871 1662 941 ἀμφοτέρων,

1913 870 2102 937 tabilis
2135 888 2341 929 arena:
2374 873 2472 929 sed
2499 875 2582 929 ira
2620 876 2780 931 stulti
2806 879 3029 948 gravior
3055 891 3315 955 utroque.

253 971 543 1033 Παροιμ.
580 963 1053 1030 ις’.-Κρείσσον
1095 960 1237 1031 ἀνὴρ
1271 961 1629 1032 μακρόθυμος
1657 964 1809 1034 ισχυ-

1952 961 2422 1033 Ρτου.χνι,52;ι4.
2446 966 2705 1022 —Melior
2734 978 2822 1024 est
2860 969 2945 1024 vir
2981 972 3145 1039 lenis,
3180 974 3311 1031 forti
3343 995 3357 1031 :
3395 979 3488 1049 qui

146 1056 293 1127 ροῦ
330 1073 349 1086 ·
389 1057 422 1108 ὁ
453 1055 513 1108 δέ
549 1051 771 1123 κρατῶν
800 1051 992 1122 ὀργῆς,
1039 1050 1115 1114 ὡς
1156 1050 1593 1121 καταλαμϐάνων
1632 1055 1722 1108 πὸλ

1741 1071 1805 1109 ιν.
1912 1062 2101 1109 autem
2123 1054 2222 1110 irae
2243 1053 2586 1122 dominatur,
2622 1057 2770 1113 sicut
2799 1060 2895 1130 qui
2924 1062 3125 1117 urbem
3150 1065 3317 1136 capit.

252 1145 482 1215 Θυμὸς
513 1143 800 1215 βασιλέως,
844 1138 1075 1210 ἄγγελος
1111 1141 1373 1196 θανάτοιν
1407 1142 1544 1213 ἀνὴρ
1570 1143 1626 1197 δὲ
1649 1144 1812 1215 σοφὸς

1981 1146 2069 1201 lra
2103 1148 2270 1218 regis,
2302 1148 2531 1204 nuntius
2556 1151 2789 1207 mortis:
2815 1153 2905 1207 vir
2923 1143 3109 1210 autem
3131 1158 3353 1227 sapiens
3373 1159 3488 1230 pla-

158 1240 468 1306 ὲξιλάσει
496 1236 683 1290 αὐτόν.

658 1254 683 1289 ι.
1911 1236 2064 1292 cabit
2092 1252 2234 1292 eam.

252 1330 482 1400 Σιρὰχ
531 1325 608 1383 λ’.
635 1356 708 1367 --
747 1325 917 1399 Ὄργὴ
962 1326 1059 1380 καὶ
1110 1324 1282 1398 θυμὸς
1326 1326 1639 1384 ἐλαττοῦτιν
1677 1328 1813 1401 ἠμέν

1765 1328 1813 1383 ἑ·
1850 1374 1853 1377 λ
1981 1327 2152 1385 Eccli.
2186 1347 2315 1397 xxx,
2341 1331 2433 1388 26.
2460 1364 2528 1376 -
2547 1332 2640 1389 Ira
2664 1343 2721 1390 et
2741 1333 2899 1391 furor
2922 1337 3180 1393 minuunt
3203 1338 3341 1396 dies.

157 1441 334 1497 ρας·
1093 1440 1101 1446 ·

264 1516 516 1570 Βασιλ.
546 1541 619 1554 —-
646 1509 1013 1584 Ἀμυνὸμενος
1041 1510 1099 1564 δέ
1144 1510 1237 1565 καὶ
1273 1512 1353 1574 είς
1393 1509 1505 1565 ἴσον
1553 1512 1811 1567 ἀντικαθ-

1980 1506 2432 1564 Basilii—Dum
2458 1524 2628 1580 porro
2660 1509 2971 1578 ulcisceris,
3008 1528 3218 1585 parque
3246 1513 3369 1583 pari
3400 1530 3489 1570 re-

173 1607 521 1677 ιστάμενος
567 1602 647 1674 τῷ
705 1602 964 1673 λοιδόρῳς
1019 1602 1072 1655 τί
1116 1604 1211 1656 καὶ
1268 1603 1621 1674 ἁπολογήσῃς
1689 1604 1749 1656 Ὅ

1913 1599 2028 1655 fers
2058 1598 2441 1666 convitiatori,
2489 1601 2624 1671 quid
2681 1603 3059 1657 excusationis
3106 1603 3489 1659 habebis?“

161 1696 515 1768 ’παρώξυνε
564 1694 878 1766 κατάρξας;
921 1693 1033 1747 Καὶ
1082 1697 1244 1757 ποίας
1266 1694 1425 1748 τοῦτο
1477 1693 1737 1765 συγγνώμ

1914 1687 2063 1758 quod
2091 1687 2246 1757 prior
2274 1688 2367 1744 ille
2394 1689 2745 1745 irritaverit?
2774 1690 2883 1747 Sed
2904 1691 3051 1746 istud
3080 1707 3191 1761 qua
3222 1694 3383 1749 venia
3404 1693 3490 1748 di-

164 1791 365 1855 ἄξιον
393 1807 412 1856 ;
457 1787 595 1842 Οὐδὲ
624 1786 733 1858 γὰρ
764 1789 792 1839 ὁ
818 1786 1017 1857 πόρνος
1044 1785 1140 1837 ἐπὶ
1180 1786 1280 1855 τὴν
1321 1786 1545 1855 ἑταίραν
1582 1803 1740 1855 μετα-ι

1913 1794 2080 1849 gnum
2114 1788 2200 1834 est
2220 1778 2244 1831 ?
2265 1778 2455 1849 Neque
2474 1781 2625 1836 enim
2656 1790 2961 1849 scortator,
2988 1783 3119 1838 dum
3144 1783 3206 1839 in
3230 1787 3489 1841 meretri-

176 1871 317 1944 οεὶς
355 1881 469 1950 τὴν
511 1880 714 1946 αἰτίαν,
758 1879 833 1942 ὼς
869 1877 1007 1948 πρὸς
1052 1876 1151 1948 τὴν
1192 1879 1465 1949 ἁμαρτίαν
1505 1878 1752 1950 δίερεθίσι

1912 1886 2029 1925 cem
2066 1870 2284 1925 confert
2310 1873 2551 1941 culpam,
2581 1872 2729 1942 quod
2766 1874 2859 1928 illa
2903 1875 2971 1929 ad
3010 1883 3301 1945 peccatum
3347 1877 3488 1933 inci-

184 1992 333 2039 σαν,
362 1968 538 2045 ἦττον
562 1973 660 2043 τῆς
686 1972 1069 2042 κατακρίσεως
1097 1971 1362 2038 ἀξιοῦται.

1904 1964 2135 2028 laverit,
2161 1962 2506 2017 damnationi
2533 1974 2649 2020 sua
2675 1965 2980 2036 quidquam
3014 1967 3280 2022 detrahit.

272 2066 352 2119 Τί
396 2067 573 2136 ὀργῆς
617 2063 1058 2133 ἁφρονέστερον;
1100 2062 1225 2116 Ἐάν
1259 2062 1462 2133 ’μείνῃς
1512 2062 1804 2133 άόργητος,

1977 2052 2121 2119 Quid
2147 2053 2231 2109 ira
2258 2053 2610 2109 dementius?
2636 2056 2779 2110 Iram
2806 2056 2855 2110 si
2880 2056 3244 2124 continueris,
3273 2058 3491 2130 injuria:

187 2160 469 2229 11710“;
499 2157 571 2211 τά
604 2156 926 2225 ὑδρίσαντα,
958 2154 1106 2225 ἔργῳ
1154 2154 1252 2228 τὴν
1294 2155 1651 2226 σωφροσύνην
1683 2158 1763 2210 ἐπι

1915 2151 2196 2197 auctorem
2231 2144 2444 2213 pudore
2485 2143 2738 2211 aﬂ'ecisti,
2774 2143 2869 2215 qui
2889 2146 3094 2202 mentis
3138 2146 3338 2203 sobriae
3370 2149 3491 2220 ipso

180 2249 559 2320 πδειξάμενος.

1907 2249 2074 2304 opere
2106 2235 2390 2306 specimen
2418 2236 2540 2307 ipse
2570 2236 2835 2293 edideris.

281 2342 481 2411 Θυμὺς
512 2339 715 2410 ἐγείρει
745 2337 948 2410 μάχην,
984 2338 1129 2409 μάχη
1154 2337 1211 2391 δὲ
1226 2338 1393 2408 γεννᾷ
1424 2337 1726 2410 λοιδορίας·
1747 2340 1806 2393 at

1977 2326 2063 2380 lra
2090 2326 2298 2382 excitat
2329 2328 2528 2395 rixam,
2578 2329 2699 2384 rixa
2733 2329 2883 2399 parit
2932 2329 3214 2396 convitia;
3248 2329 3492 2386 convitia

188 2433 264 2487 δὲ
300 2432 598 2502 λοιδορίαι,
635 2430 885 2499 πληγάς·
937 2430 1145 2498 πληγαὶ
1173 2429 1229 2483 δὲ
1258 2428 1555 2501 τραύματα
1577 2446 1588 2460 ·
1631 2431 1697 2484 ἐκ
1745 2430 1764 2484 ἓ

1914 2417 2071 2486 ictus,
2087 2421 2230 2476 ictus
2247 2421 2499 2487 vulnera,
2531 2437 2636 2478 nec
2669 2412 2798 2477 rato
2852 2422 3084 2478 vulnera
3122 2437 3277 2478 mors
3295 2436 3490 2479 consc-

195 2524 578 2595 τραυμάτων,
623 2521 887 2584 πολλάκις
920 2521 1174 2585 Θάνατος.

740 2522 887 2584 λάκις
920 2521 1174 2585 θάνατος.
1907 2512 2118 2581 quitur.
2314 2516 2316 2519 ’

272 2615 693 2682 Θεολότουρ-
714 2610 851 2667 Οὔτε
881 2611 1136 2680 στέφανοι
1164 2612 1333 2685 χωρὶς
1359 2613 1800 2683 ἀνταγωνιστῶνο

1971 2602 2240 2674 Theologi.
2269 2633 2335 2642 —
2359 2602 2475 2658 Nec
2498 2617 2708 2659 corona
2757 2602 2923 2658 datur
2967 2603 3088 2660 sine
3129 2605 3487 2674 adversariis,

196 2707 341 2761 οὗτε
379 2706 584 2777 πτῶμα
613 2706 783 2777 χωρὶς
812 2704 1128 2759 ἀντιπάλου.
1451 2758 1463 2764 ,

1911 2709 2012 2754 nec
2050 2696 2171 2753 sine
2233 2695 2595 2753 colluctatore
2638 2695 2932 2768 quisquam
2981 2697 3253 2755 sternitur
3311 2698 3487 2756 cadit-

1906 2808 2037 2863 que.

287 2882 511 2953 Τυφλδν
541 2882 569 2933 ὁ
603 2880 775 2951 θυμὸς
813 2878 909 2933 κςιύ⁵
958 2877 1244 2942 ἐπίλυπον,
1278 2878 1374 2934 καὶ
1410 2880 1646 2952 μάλιστα
1674 2881 1800 2935 ὅταν

1970 2884 2060 2938 ira
2089 2898 2179 2940 res
2215 2898 2359 2938 caeca
2389 2890 2475 2939 est
2500 2889 2557 2939 et
2582 2884 2969 2940 molestiarum
2997 2884 3185 2955 plena,
3216 2898 3273 2944 et
3314 2890 3488 2945 maxi-

202 2977 279 3032 τδ
307 2975 536 3035 δικαίως
566 2975 915 3041 ἀγανακτεῖν
941 2975 1114 3044 παρῇ.

1898 2992 1992 3031 me
2023 2993 2151 3032 cum
2174 2992 2339 3032 causa
2378 2975 2705 3047 indignandi
2730 2977 2879 3048 justa
2919 2978 3131 3034 subest.

295 3071 598 3135 Χρυσοστ.
633 3096 702 3111 —-
732 3066 901 3118 Ὅταν
932 3066 990 3117 σέ
1030 3083 1114 3129 τις
1150 3065 1369 3137 ὑϐρίσῃ,
1411 3066 1663 3134 ἐννόησον
1691 3066 1789 3138 τὴν
1824 3099 1867 3159 c

1975 3067 2248 3140 Chrysost.
2270 3066 2414 3121 ——Si
2446 3067 2573 3136 quis
2605 3067 2662 3120 in
2696 3074 2748 3122 te
2794 3068 3235 3123 contumeliosus
3262 3071 3489 3125 exstite-

208 3158 444 3213 κόλασιν
495 3159 562 3229 ἢν
620 3156 951 3220 κολάζεται·
1017 3156 1114 3209 καὶ
1173 3157 1234 3209 ού
1298 3156 1459 3227 μόνον
1508 3158 1605 3228 οὐχ
1652 3157 1784 3223 ἕξεις

1909 3161 1974 3216 rit
2001 3152 2067 3216 ac
2096 3160 2360 3233 injuriam
2388 3159 2606 3225 fecerit,
2640 3160 2822 3230 cogita
2873 3161 2994 3230 ejus
3014 3160 3325 3215 cruciatum
3353 3179 3369 3229 ;
3401 3179 3485 3227 ac,

210 3250 417 3321 ὀργὴν,
461 3250 598 3304 ἀλλὰ
644 3250 741 3304 καὶ
776 3249 989 3317 δάκρυα
1038 3249 1292 3320 ἀφήσεις.
1355 3249 1489 3302 Ούδέ
1528 3249 1636 3321 γὰρ
1664 3252 1786 3320 πρὸς

1913 3252 2105 3307 nedum
2138 3268 2251 3306 non
2280 3251 2560 3317 irasceris,
2587 3251 2681 3306 sed
2715 3261 2771 3306 et
2797 3251 3074 3323 lacrymas
3099 3250 3334 3307 fuderis.
3376 3254 3489 3309 Nec

214 3340 563 3411 πυρέττοντά
601 3356 685 3402 τις
742 3338 1131 3410 παροξύνεται,
1165 3337 1290 3392 ούτε
1341 3339 1478 3409 πρὸς
1512 3340 1602 3392 τὸν
1635 3340 1790 3409 φλεγ‹

1912 3344 2052 3401 enim
2077 3343 2358 3414 quispiam
2384 3342 2597 3397 febrem
2628 3341 2869 3411 patienti
2893 3340 3173 3407 irascitur,
3195 3351 3291 3396 aut
3316 3343 3366 3397 ci
3391 3342 3488 3412 qui

218 3433 485 3504 μαίνοντα
541 3430 658 3485 ἀλλ’
692 3430 836 3483 ἐλεεῖ
865 3431 1087 3494 πάντως
1115 3430 1212 3483 καὶ
1242 3430 1486 3500 δακρύει.
1525 3432 1588 3485 Εἰ
1620 3432 1674 3485 δὲ
1705 3434 1794 3487 καὶ

1913 3446 2122 3493 tumore
2143 3437 2371 3505 languet
2394 3450 2459 3489 ac
2494 3433 2891 3499 inﬂammatur,
2925 3434 3018 3488 sed
3062 3449 3293 3504 prorsus
3318 3435 3489 3490 mise—

210 3521 534 3597 ἀμύνασθαι
565 3522 768 3592 βούλει,
801 3522 1044 3592 σίγησον,
1080 3523 1173 3576 καὶ
1205 3524 1429 3593 καιρίαν
1458 3523 1668 3587 ἔδωκας
1702 3527 1786 3578 αύ-

1911 3536 2065 3582 retur
2101 3526 2348 3595 ﬂetuque
2377 3525 2760 3596 prosequitur.
2792 3524 2889 3579 Sin
2936 3533 3120 3579 autem
3147 3525 3314 3579 etiam
3349 3525 3487 3580 ulci-

219 3614 305 3687 τῷ
336 3614 431 3685 τὴν
461 3615 698 3686 πληγήν.
734 3615 832 3666 Ἂν
886 3613 941 3665 δὲ
990 3613 1209 3685 δηχθεὶς
1262 3613 1512 3685 ὑϐρίσῃς,
1550 3613 1795 3685 ἀναγκά-

1907 3619 1985 3675 Sci
2013 3618 2119 3683 vis,
2152 3617 2274 3682 sile,
2307 3630 2640 3687 gravemque
2676 3615 2726 3669 ei
2758 3612 2961 3668 dedisti
2987 3614 3224 3684 plagam.
3248 3613 3402 3679 Quod
3439 3615 3483 3668 si

230 3707 343 3771 ζεις
373 3706 544 3777 ἀληθῆ
588 3704 907 3776 νομίζεσθαι
937 3705 1006 3759 τὰ
1061 3706 1349 3776 λεγόμενα.
1409 3708 1568 3762 Διατί
1616 3708 1725 3779 γὰρ
1770 3711 1799 3763 ὁ

1907 3700 2140 3767 convitii
2191 3723 2360 3765 sensu
2411 3712 2769 3775 exasperatus
2828 3704 3088 3775 injuriam
3150 3704 3483 3774 regeris,tu

236 3795 479 3860 πλούσιος
512 3796 729 3849 ἀκούων
761 3797 843 3848 ὅτι
874 3794 1043 3864 πένης
1072 3794 1212 3858 ἐστὶ,
1247 3793 1421 3864 γελᾷ;
1457 3795 1539 3847 ὅτι
1574 3795 1649 3866 μὴ
1676 3796 1802 3851 σύν-

1904 3802 2022 3871 ipse
2047 3816 2112 3856 ea
2140 3815 2262 3870 quae
2303 3799 2359 3853 in
2389 3806 2443 3852 te
2472 3797 2759 3860 dicuntur,
2788 3809 2918 3849 vera
2942 3792 3251 3848 existimari
3308 3794 3479 3865 cogis.

233 3885 376 3941 οιδεν
413 3885 586 3957 ἐαυτῴ
613 3886 827 3939 πενίαν.
857 3885 919 3936 El
948 3884 1127 3937 τοίνυν
1165 3885 1434 3955 μέλλομεν
1464 3885 1631 3958 γελᾷν
1706 3889 1801 3943 ἐπὶ

1907 3889 2040 3943 Nam
2073 3905 2195 3954 cur,
2224 3904 2380 3959 rogo,
2409 3888 2457 3942 si
2508 3888 2636 3957 quis
2668 3887 2850 3941 virum
2883 3885 3110 3939 divitem
3134 3899 3203 3939 ac
3250 3884 3483 3953 opulen-

230 3981 350 4041 ταῖς
376 3978 581 4049 ὖΰρεσι,
616 3978 883 4048 μεγίστην
906 3975 1184 4041 ἀπόδειξιν
1212 3978 1586 4048 παρεξόμεθα,
1630 3980 1691 4034 τὸ
1721 3981 1798 4053 μὴ

1907 3991 2043 4049 tum,
2076 3997 2374 4053 pauperem
2419 3980 2643 4044 dixerit,
2681 3980 2728 4034 is
2775 3978 2914 4042 risu,
2964 3975 3116 4045 quod
3146 3974 3222 4029 ita
3271 3975 3483 4030 dictum

234 4069 525 4123 συνειδέναι
563 4071 675 4132 τοῖς
699 4068 1035 4138 λεγομένοις.

1908 4083 2008 4139 est,
2039 4073 2275 4144 excipit!
2307 4071 2465 4139 Quod
2496 4070 2761 4126 nimirum
2816 4069 2924 4124 sibi
2974 4068 3091 4137 ipse
3142 4067 3484 4136 paupertatis

230 4161 452 4216 minime
502 4160 769 4217 conscius
813 4167 918 4214 est.
959 4158 1053 4213 Sic
1107 4157 1301 4228 igitur,
1340 4159 1393 4214 "si
1425 4176 1530 4229 pro
1584 4160 1828 4234 injuriis,
1868 4178 1992 4233 quae
2057 4165 2395 4235 irrogantur,
2434 4163 2608 4217 risum
2661 4159 2820 4231 593
2861 4158 3303 4228 reposuerimus,
3346 4158 3487 4216 nihil

231 4271 334 4310 nos
362 4270 550 4310 eorum
589 4269 714 4324 qua:
760 4252 1107 4323 objiciuntur
1160 4251 1415 4307 conscios
1468 4268 1613 4319 esse,
1647 4263 1805 4309 certo
1842 4256 2142 4311 admodum
2175 4263 2504 4326 argumento
2537 4252 2915 4323 probabimus.

307 4348 459 4401 Οὐδὲν
507 4345 650 4401 οὕτω
679 4340 1033 4416 καθαρότητα
1065 4345 1157 4399 νοῦ
1187 4346 1283 4399 καὶ
1324 4346 1385 4400 τὸ
1418 4346 1614 4411 διειδές
1648 4349 1798 4402 θολοί
1828 4353 1873 4407 D

1952 4351 2127 4406 .Nihil
2165 4364 2323 4420 aeque
2352 4349 2560 4404 mentis
2589 4347 2889 4417 puritatem
2915 4335 3275 4414 lucidumque
3310 4347 3483 4402 animi

235 4443 299 4497 τδ
321 4441 418 4495 τῶν
442 4439 679 4512 φρενῶν,
708 4438 784 4502 ὡς
814 4438 986 4509 θυμὸς
1014 4437 1269 4504 ἄτακτος,
1301 4439 1400 4494 καὶ
1431 4439 1570 4510 μετὰ
1595 4441 1795 4512 πολλῆς

1905 4442 2122 4497 oculum
2158 4440 2369 4507 turbat,
2402 4455 2466 4494 ac
2495 4439 2579 4493 ira
2631 4434 2943 4492 inordinata
2980 4441 3036 4489 et
3101 4449 3225 4503 quae
3282 4451 3481 4507 magno

237 4534 338 4605 τῆς
374 4533 546 4605 ῥύμης
585 4531 910 4603 φερόμενος.

843 4548 910 4595 υς.
1893 4532 2107 4602 impetu
2140 4537 2419 4600 erumpat.

311 4624 680 4697 Εὑτονωτέρας
711 4624 804 4676 ἐπὶ
829 4625 928 4694 τῆς
975 4622 1146 4695 ὀργῆς
1170 4621 1455 4693 χρῄζομεν
1495 4623 1596 4693 τῆς
1627 4640 1797 4677 σπου-

1963 4622 2296 4679 Contentior
2325 4620 2488 4676 nobis
2522 4612 2810 4689 diligentia
2839 4617 2894 4670 in
2919 4616 3003 4670 ira
3025 4615 3341 4671 adhibenda
3373 4629 3476 4674 est.

241 4719 354 4788 δῆς.
382 4717 716 4788 Τυραννικδν
752 4716 862 4787 γὰρ
887 4715 948 4768 τὸ
977 4715 1165 4778 πάθος,
1200 4714 1298 4768 καὶ
1331 4715 1590 4778 πολλάκις
1620 4733 1801 4787 παρα-

1908 4718 2155 4773 Violenta
2183 4715 2333 4771 enim
2351 4714 2676 4790 passioest;
2711 4726 2817 4766 nec
2853 4725 2981 4764 raro
3003 4717 3355 4766 transversos
3368 4714 3484 4783 agit

245 4809 391 4881 σύρει
411 4811 536 4873 τοὺς
567 4808 644 4880 μὴ
669 4809 964 4879 νήφοντας,
996 4807 1090 4860 καὶ
1112 4807 1248 4880 πρὸς
1275 4807 1335 4861 τὸ
1358 4808 1634 4879 βάραθρον
1664 4809 1799 4863 αὐτὸ

1904 4808 1997 4877 qui
2020 4808 2206 4861 minus
2231 4805 2405 4860 sobrii
2441 4805 2573 4870 sint,
2605 4812 2662 4858 et
2693 4802 2764 4858 ad
2796 4801 2977 4872 ipsum
3007 4800 3342 4870 perditionis
3378 4803 3480 4859 ba—

244 4903 450 4971 κατάγει
485 4902 585 4973 τῆς
613 4900 894 4963 ἀπωλείας
910 4931 925 4951 .

1899 4900 2152 4954 rathrum
2189 4897 2461 4953 detrudit.
3159 4940 3164 4945 .

325 4993 552 5064 Ὀργίλος
614 4989 666 5046 εἷ
704 5009 720 5059 ;
757 4992 850 5045 ἔσο
878 4991 1036 5065 ¹κατά
1221 4990 1331 5046 τῶν
1382 4993 1797 5064 ἁμαρτημάτων

1969 4989 2277 5045 Iracundus
2299 4988 2405 5043 es?
2431 4987 2580 5043 Talis
2622 4996 2745 5043 esto
2782 4987 3049 5046 adversus
3099 5000 3325 5062 peccata
3352 4995 3478 5041 tua:

236 5070 351 5140 ’τῶν
375 5075 567 5138 σαυτού
599 5083 844 5146 τοιοῦτος
871 5099 884 5114 ·
924 5082 1231 5153 ἐπίπληττε
1256 5086 1330 5156 τῇ
1370 5083 1514 5155 ψυχῇ
1551 5101 1564 5114 ·
1602 5085 1796 5154 μάστι-

1902 5083 2145 5136 animum
2181 5081 2445 5149 increpa:
2482 5079 2631 5134 caede
2680 5080 3032 5138 conscientia:
3068 5083 3302 5153 ﬂagello.
3346 5079 3478 5134 Esto

248 5179 310 5243 ξε
354 5178 410 5247 τῇ
455 5174 759 5247 συνειδήσει
795 5189 891 5226 σου
928 5172 1030 5243 (α).
1074 5173 1313 5243 Σφοδρὸς
1359 5175 1451 5227 ἔσο
1480 5175 1674 5245 κριτὴς
1705 5176 1795 5228 καὶ

1903 5174 2203 5228 vehemens
2240 5171 2593 5240 acerbusque
2625 5170 2799 5242 judex
2847 5181 3012 5242 atque
3047 5182 3276 5228 exactor
3303 5172 3360 5225 in
3383 5171 3479 5225 de-

1733 5262 1966 5318 ΝΟΤᾹΞ.

248 5345 415 5414 nostra
463 5334 570 5389 alia
630 5333 776 5414 aliis,
842 5333 1000 5414 quasi
1056 5332 1334 5414 malorum.
1374 5333 1609 5414 quadam
1659 5335 1803 5388 serie
1897 5332 2027 5414 _sola
2053 5330 2276 5414 articuli
2319 5328 2723 5414 compositione
2770 5328 3474 5414 cum.suo‘substantivo.

250 5405 393 5461 nobis
415 5415 663 5460 conserta
702 5404 833 5468 vita,
860 5399 924 5457 in
975 5417 1213 5472 quorum
1246 5403 1368 5456 aliis
1393 5399 1653 5456 aliorum
1681 5420 1799 5458 me-

1897 5401 2212 5456 lnauditum
2252 5415 2386 5454 sane
2416 5400 2550 5454 caedi
2603 5400 2702 5472 vel
2722 5401 2982 5472 συνειδὸς,
3005 5401 3092 5455 vel
3120 5422 3125 5429 ι
3149 5399 3472 5472 συνείδησιν,

253 5476 451 5546 niinisse
476 5476 672 5546 juvat:
710 5490 827 5546 quo
847 5470 1136 5546 facitillud
1164 5480 1367 5546 poetae:
1563 5542 1580 5546 Α
1897 5472 2045 5542 quod
2078 5481 2377 5546 utrumque
2405 5478 2491 5546 est
2533 5470 2872 5546 ερηδείςηιξα,
2906 5487 3017 5546 non
3063 5470 3297 5546 caedere,
3356 5485 3479 5538 qua:

319 5544 355 5600 0
377 5538 505 5615 passi
543 5538 830 5615 graviora!
857 5542 1001 5615 dgbit
1031 5538 1179 5615 Deus
1200 5543 1510 5615 hisquqque
1544 5542 1728 5615 ﬁnem.
1898 5538 2121 5615 semper
2137 5542 2454 5615 incorrupta
2472 5538 2645 5608 judex
2683 5539 2774 5603 sit,
2818 5539 3137 5615 etgemalo
3166 5553 3478 5615 remurmu-

322 5601 386 5687 (ιιὶ
407 5601 566 5681 Quod
584 5614 836 5687 habebat
884 5613 1050 5687 Gesn.
1091 5601 1327 5687 μάστιξέ
1358 5601 1432 5678 τῇ
1456 5684 1473 5687 _
1494 5601 1802 5687 σύνειδήσει

1898 5601 2313 5687 rem-ofﬁciique
2346 5601 2673 5687 admoneat:
2707 5601 2818 5678 quo
2844 5601 2983 5687 nihil
3035 5608 3474 5687 communiusnin

263 5677 362 5749 σοὺ,
408 5677 843 5753 εἰηεηόαῦειιιιιιο
899 5683 960 5736 τὸ
1019 5677 1258 5740 συνειδός
1297 5677 1620 5752 cou,ﬂagris
1663 5677 1801 5736 ccede
1899 5680 2151 5753 doctrina
2168 5677 2692 5753 _morum,uisi.ipsa
2722 5677 3013 5752 peregrina
3043 5688 3125 5735 est
3170 5694 3282 5737 non
3328 5678 3475 5735 mili-

262 5747 628 5824 conicientiam,
688 5747 905 5810 meliori
966 5761 1102 5825 puto
1157 5747 1471 5823 conjectura
1512 5747 1798 5829 irestituo,
1901 5753 2036 5806 tanti
2079 5752 2134 5807 in
2167 5747 2427 5804 Ecclesiae
2450 5749 2664 5803 castris.
