3990 6364
429 324 546 386 -839
1458 353 1473 380 ι

1617 308 1699 368 "S.
1737 301 2028 366 MAXIMI
2064 294 2574 361 COXFESSORIS

3623 287 3737 355 840

452 431 606 488 lictis
640 427 772 484 tuis.
828 427 946 481 Hoc
999 425 1095 479 im
1147 423 1629 480 emolumentum:
1665 433 1788 474 eam
1835 419 1888 471 in
1922 432 2038 472 rem

2184 410 2346 481 ςικρὸς
2397 407 2660 477 δικαστὴς
2711 408 2820 468 τοῖς
2868 405 3092 467 οἰκείοις
3135 403 3525 474 ἁμαρτήμασι.
3555 402 3733 457 Τοῦτο

453 521 620 579 nobis
651 520 799 575 Deus
823 532 944 574 eam
979 515 1200 572 indidit.

524 703 770 776 Evagrii.
795 733 864 744 -—
889 701 994 768 Qui
1022 715 1081 756 se
1107 716 1138 755 a
1173 699 1315 755 cibis
1329 706 1578 768 potuque
1604 693 1916 755 abstinens,
1943 704 2041 744 ex-

457 809 541 854 tra
611 797 886 850 rationem
941 794 1026 848 ira
1073 792 1360 856 incitatur,
1413 788 1612 844 similis
1642 796 1728 842 est
1767 784 1893 840 navi
1928 783 2043 838 alto

457 904 682 961 aequore
717 887 1022 942 daemonem
1055 884 1482 955 gubernatorem
1509 879 1758 934 habenti.

530 979 743 1054 Cyrilli.
765 1010 834 1020 —
863 977 996 1045 ρυω
1017 976 1198 1031 bestia
1234 983 1344 1028 tam
1373 987 1515 1028 saeva
1563 981 1620 1027 et
1669 967 1932 1024 immanis
1957 973 2046 1022 est

454 1081 518 1128 ut
543 1069 983 1135 vir'iracundus,
1011 1081 1074 1122 ac
1099 1065 1195 1138 qui
1223 1065 1422 1120 effreni
1468 1063 1566 1118 ira:
1617 1061 1777 1116 velut
1807 1071 2044 1131 tyranno

455 1165 656 1238 paret?

529 1259 614 1314 Ea:
640 1253 1273 1320 Petrinum—Quatuor
1317 1267 1384 1306 ex
1407 1250 1577 1306 rebus
1624 1247 1710 1302 ira
1747 1244 2040 1302 nascitur:

456 1369 526 1410 ex
549 1351 717 1408 dandi
748 1357 804 1405 et
831 1345 1142 1417 accipiendi
1183 1343 1516 1408 rationibus,
1543 1356 1612 1396 ex
1653 1354 1720 1395 eo
1741 1337 1891 1410 quod
1919 1338 2046 1409 quis

455 1458 570 1498 sua:
596 1454 806 1496 morem
832 1447 988 1509 gerat
1013 1435 1316 1498 v'oluntati,
1339 1450 1410 1490 ex
1441 1432 1628 1487 studio
1653 1429 1860 1494 litium,
1891 1443 1959 1483 ex
1979 1444 2046 1483 ea

455 1534 719 1604 opinione
751 1547 862 1602 qua
895 1529 1023 1600 quis
1053 1537 1317 1598 tanquam
1340 1527 1588 1598 prudens
1622 1526 1714 1589 sit,
1747 1523 1856 1578 sibi
1883 1521 2044 1576 blan-

455 1627 630 1682 ditur.

526 1716 772 1788 Dionysii
795 1715 1082 1771 "alicam.
1135 1712 1345 1768 —Hoc
1367 1709 1514 1782 apud
1559 1724 1664 1764 nos
1713 1708 1954 1766 termino
1983 1705 2048 1760 fi—

441 1811 659 1867 'nicnda
683 1813 786 1875 ira,
807 1809 988 1864 donec
1017 1815 1239 1862 cessent
1270 1815 1518 1875 peccata.
1543 1804 1636 1860 Ait
1660 1804 1813 1860 enim
1853 1821 1865 1856 :

453 1901 686 1968 scimini,
721 1908 771 1953 et
817 1897 983 1953 nolite
1017 1912 1236 1976 peccare
1269 1895 1436 1968 (Bsal.
1483 1911 1558 1960 tv,
1595 1894 1666 1960 5;
1709 1893 1913 1964 Ephes.
1967 1908 2042 1956 ιν,

453 1989 569 2060 se).

526 2081 819 2153 Apollonii.
881 2109 955 2122 --
1007 2079 1109 2134 ira:
1168 2075 1355 2148 passio
1415 2075 1530 2132 nisi
1574 2075 2046 2132 sermocinatione

458 2182 719 2244 erumpat
741 2186 994 2241 voceque
1029 2169 1304 2240 prodatur
1333 2183 1397 2223 ac
1427 2167 1730 2224 deliniatur
1751 2207 1768 2235 ,
1812 2167 2048 2222 morbus

455 2263 734 2320 naturalis
755 2260 1010 2317 efficitur.
1381 2269 1386 2275 '

528 2356 902 2411 Plutarch.—
956 2353 1076 2416 iraa,
1110 2348 1262 2406 haud
1305 2365 1467 2405 secus
1521 2365 1584 2405 ac
1631 2366 1820 2416 canes,
1875 2365 2048 2407 eazeas

456 2443 1150 2519 pariuntcriminationes.
1253 2472 1260 2478 -

528 2539 672 2611 Equi
697 2539 846 2604 duri,
881 2537 1092 2603 frenis;
1127 2543 1184 2590 at
1228 2535 1326 2591 irze
1366 2543 1540 2590 acuta-3
1571 2543 1742 2606 atque
1771 2545 2048 2606 praepetes

455 2635 682 2690 ratione
711 2638 983 2703 reguntur
1012 2639 1180 2700 atque
1208 2627 1491 2682 sedantur.
1830 2692 1839 2702 Ι

528 2727 600 2784 Ut
626 2741 769 2796 aqua
799 2725 944 2779 bene
969 2730 1273 2793 temperata
1297 2719 1794 2786 inflammationes;
1821 2719 1900 2774 sic
1919 2735 2049 2775 ora—

457 2819 539 2874 tio
569 2818 714 2872 lenis
741 2817 882 2870 iram
906 2815 1094 2869 diluit.

527 2907 600 2963 Ut
623 2907 775 2961 enim
809 2904 1003 2960 caecias
1046 2903 1244 2970 nubes,
1273 2903 1354 2959 sic
1387 2901 1771 2974 improborum
1825 2899 1940 2955 vita
1994 2901 2051 2954 in

457 3015 518 3057 se
545 2999 792 3056 convicia
823 2995 1073 3052 attrahit.

533 3089 807 3148 Aristotel.
832 3121 892 3131 —
912 3090 980 3146 Ut
1001 3089 1188 3144 fumus
1219 3088 1399 3143 oculis
1432 3087 1704 3142 immeans
1732 3085 2053 3156 lmdensque

2145 504 2244 573 τῆς
2274 499 2447 571 ὀργῆς
2482 499 2544 551 τὺ
2597 497 2790 570 κέρδος
2840 498 2956 550 ἐστε
2987 514 3002 528 ο
3033 495 3124 550 διὰ
3170 495 3332 550 τοῦτο
3381 496 3516 566 ἡμῖν
3559 495 3734 566 αὐτὴν

2145 593 2404 662 ἐνέθηκεν
2433 592 2462 644 6
2495 589 2648 654 Θεός.

2222 683 2540 758 Εὺαπρίου.
2577 715 2651 726 -
2677 681 2998 754 Βρωμάτων
3021 678 3054 749 ἢ
3085 677 3350 748 πομάτων
3365 676 3732 746 ἀπεχόμενος,

2145 776 2318 848 θυμὸν
2372 775 2430 828 δὲ
2479 775 2693 844 ἀλόγως
2733 771 2922 836 κινῶν,
2959 763 3115 834 οὗτος
3143 769 3289 822 ἔοικε
3317 765 3734 838 ποντοποροῦσῃ

2145 869 2258 942 νηῒ,
2294 869 2393 922 καὶ
2424 867 2628 938 ἐχούσῃ
2654 865 2890 934 δαίμονα
2919 861 3290 933 κυϐερνήτην.

2217 963 2546 1034 Κυρίλλου.
2572 989 2646 1002 -—
2675 961 2840 1014 Ποῖον
2886 956 3032 1012 οὕτω
3087 954 3280 1027 Θηρίον
3305 953 3457 1024 ὠμὸν
3493 953 3590 1007 καὶ
3632 953 3735 1006 ἀνα

2145 1057 2382 1129 ήμερον,
2417 1054 2495 1118 ὠς
2539 1052 2804 1124 δύσοργος
2866 1048 3028 1122 ἀνὴρ,
3057 1047 3155 1102 καὶ
3182 1047 3409 1118 ἀκράτῳ
3441 1042 3600 1118 θυμῷ
3633 1061 3735 1097 τυ-

2149 1147 2345 1222 ραννοῦ
2355 1163 2518 1219 μενος
2539 1163 2557 1212 ;

2229 1243 2332 1298 Ἐκ
2360 1239 2481 1294 τῶν
2505 1234 2984 1308 Πατέρων.-Διά
3007 1233 3293 1304 τεσσάρων
3326 1231 3679 1304 πραγμάτων
3695 1229 3732 1300 ἠ

2145 1335 2285 1409 ὀργὴ
2299 1335 2600 1404 ἐγγίνεται,
2621 1329 2716 1386 τοῦ
2733 1327 2917 1384 δοῦναι
2933 1328 3029 1382 καὶ
3050 1325 3259 1392 λαϐεῖν,
3278 1323 3485 1378 καὶτοῦ
3509 1323 3734 1392 ποιῆσαι

2145 1428 2208 1482 τὺ
2243 1428 2373 1480 ἴδιον
2399 1425 2638 1496 θέλημα,
2669 1419 2885 1477 καὶτοῦ
2915 1420 3138 1490 ἀγαπᾷν
3165 1417 3346 1484 δίκας,
3379 1415 3479 1470 καῖ⁵
3517 1415 3614 1470 τοῦ
3640 1431 3732 1468 νο-

2151 1521 2329 1594 μίζειν
2361 1519 2624 1592 φρόνιμον
2649 1513 2788 1571 εἶναι
2811 1512 3025 1568 ἑαυτὸν.

2217 1694 2542 1752 Διονυσίου
2569 1694 2862 1761 Ἀλικαρν.
2901 1689 2998 1761 (6).
3019 1717 3092 1731 —-
3117 1689 3192 1742 Τὸ
3237 1687 3554 1759 ὀργίζεσθαι
3605 1687 3738 1760 παρ’

1925 1801 2046 1856 Ινα,
2078 1807 2118 1861 Β
2148 1790 2284 1862 ἡμῖν
2318 1789 2447 1859 ἄχρι
2481 1784 2579 1839 τοῦ
2606 1783 2804 1840 παύειν
2833 1783 2904 1837 τὰ
2955 1782 3335 1852 ἁμαρτήματα
3380 1779 3741 1850 περιορισθή-

2150 1899 2324 1935 σεται.
2349 1898 2370 1932 ι
2411 1875 2734 1951 Ὄργίζεσθε
2759 1874 2890 1947 γὰρ,
2919 1874 3076 1946 φησὶ,
3101 1873 3196 1928 καὶ
3228 1871 3302 1944 μὴ
3326 1865 3690 1942 ἁμαρτάνετε.
3714 1891 3734 1925 ι

2233 2055 2669 2114 Ἀπολλωνίου.
2698 2083 2769 2095 —-
2827 2054 2906 2108 Τὸ
2931 2053 3034 2124 τῆς
3068 2053 3238 2125 ὀργῆς
3281 2051 3454 2116 πάθος
3489 2051 3564 2122 μὴ
3607 2050 3743 2104 καθ-

2149 2148 2509 2220 ομιλούμενον
2551 2145 2620 2216 (c)
2657 2145 2794 2218 μηδὲ
2833 2145 3296 2217 ϐεραπευόμενον,
3331 2142 3538 2214 φυσικὴ
3586 2142 3742 2207 νόσος

2149 2242 2380 2311 γίνεται.

2221 2326 2565 2401 Πλουτάρχ.
2600 2361 2672 2372 --
2705 2332 2768 2384 Οί
2802 2331 2987 2402 θυμοὶ,
3021 2329 3279 2400 καθάπερ
3327 2331 3378 2384 oi
3425 2331 3610 2397 κύνες,
3644 2348 3742 2385 τυ-

2151 2426 2261 2498 φλὰ
2293 2427 2576 2479 τίκτουσιν
2602 2423 2772 2494 ὲγκλή
2783 2441 2950 2494 ματα.
3363 2463 3372 2471 .

2225 2519 2290 2570 Οἱ
2339 2516 2438 2588 μὲν
2495 2518 2721 2587 τραχεῖς
2755 2515 2914 2568 ἵπποι
2965 2517 3080 2580 τοῖς
3107 2514 3350 2584 χαλινοῖς
3384 2533 3398 2546 ·
3430 2516 3479 2568 οί
3511 2514 3568 2569 δὲ
3597 2515 3739 2584 ὀξεῖς

2152 2609 2340 2680 θυμοὶ,
2376 2607 2708 2679 μετάγονται
2736 2609 2851 2670 τοῖς
2876 2607 3180 2676 λογισμοῖς.

2225 2702 2300 2756 Τὸ
2328 2702 2428 2774 μὲν
2452 2699 2721 2772 εὔκρατον
2743 2697 2891 2769 ’ὕδωρ
2916 2698 3016 2762 τὰς
3043 2698 3355 2769 φλεγμονὰς
3380 2714 3392 2728 ·
3424 2699 3452 2752 6
3481 2697 3539 2752 δὲ
3572 2699 3743 2752 ἐπιει-

2153 2795 2259 2867 κὴς
2291 2795 2472 2865 λόγος,
2506 2794 2604 2858 τὰς
2633 2793 2812 2863 ὁρμὰς
2835 2790 3064 2845 διαλύει.

2240 2884 2329 2949 Ὠς
2363 2885 2474 2956 γὰρ
2501 2882 2530 2934 6
2559 2883 2785 2945 καικίας
2821 2881 2892 2934 τὰ
2955 2881 3116 2952 νέφη,
3155 2880 3251 2935 καὶ
3295 2883 3324 2936 6
3375 2879 3579 2950 φαῦλος
3627 2879 3744 2953 βίος

2155 2977 2242 3046 ἐφ’
2269 2977 2463 3030 ἑαυτὸν
2485 2976 2637 3028 ἕλκει
2661 2975 2951 3045 λοιδορίας.

2250 3070 2535 3138 Ἆριστοτ.
2579 3097 2650 3108 ——
2703 3067 2926 3138 -Ὠσπερ
2979 3066 3188 3132 καπνὸς
3267 3066 3578 3122 ἐπιδάκνων
3642 3067 3744 3133 τὰς

457 3184 748 3256 pupillam,
779 3183 927 3254 quod
951 3190 1039 3237 est
1068 3189 1197 3237 ante
1222 3182 1394 3252 pedes
1417 3179 1742 3252 prospicere
1759 3195 1870 3233 non
1895 3177 2049 3234 sinit:

2184 3163 2332 3232 ψεις,
2368 3161 2470 3214 οὐκ
2502 3161 2566 3230 ἐᾷ
2595 3159 2928 3232 προϐλέπειν
2959 3159 3018 3214 τὸ
3057 3158 3310 3230 κείμενον
3334 3161 3395 3214 ὲν
3426 3164 3540 3224 τοῖς
3559 3159 3744 3228 ποσὶν,

460 3275 540 3330 sic
569 3283 624 3330 et
658 3274 741 3328 ira
772 3275 1060 3344 ingruens,
1114 3273 1292 3329 menti
1355 3273 1616 3328 tenebras
1651 3269 1914 3332 offundit,
1953 3283 2054 3323 nec

2185 3255 2324 3319 ὖτως
2353 3257 2380 3308 6
2415 3253 2586 3324 Ουμὸς
2610 3253 3002 3324 ἐπερχόμενος,
3030 3251 3110 3324 τῷ
3141 3253 3391 3326 λογισμῷ
3419 3257 3741 3322 ἐπισκοτεῖ,

457 3367 596 3436 quid
629 3366 756 3421 inde
811 3366 1040 3421 absurdi
1095 3364 1412 3436 proveniat,
1479 3363 1730 3418 animum
1777 3361 2054 3432 dispicere

2184 3348 2252 3400 :al.
2303 3347 2366 3400 τὸ
2427 3347 2848 3417 σνμὸησόμενον
2877 3347 2938 3412 ἐξ
2974 3345 3142 3400 αὐτοῦ
3177 3349 3382 3417 ἄτοπον
3412 3348 3515 3402 οὐκ
3547 3347 3745 3420 ἀφίησι

2155 3442 2224 3508 τῇ
2257 3438 2466 3508 διανοίᾳ
2491 3438 2846 3510 προὸλέπειν.

2231 3530 2345 3601 Οὐχ
2371 3531 2502 3602 ὁρᾷς
2532 3531 2616 3583 ὅτι
2647 3531 2758 3585 τῶν
2785 3532 2842 3584 ὲν
2880 3533 3020 3606 ὀργῇ
3051 3533 3542 3606 διαπραττομένων
3567 3535 3746 3592 ἁπάν-

2159 3642 2270 3680 των
2299 3627 2328 3679 6
2357 3625 2616 3697 λογισμὸς
2647 3626 2944 3698 ἀποδημεῖ,
2971 3627 3192 3698 φεύγων
3221 3631 3314 3684 τὸν
3343 3630 3518 3702 θυμὸν
3548 3630 3624 3696 ὡς
3653 3648 3747 3700 πι-

2163 3718 2296 3789 κρὸν
2325 3718 2389 3771 τύ
2401 3721 2592 3790 ραννον
2619 3736 2634 3784 ;

2247 3810 2306 3864 '0
2336 3810 2512 3882 Θυμὸς
2541 3813 2658 3864 ἐστι
2689 3811 2884 3877 πάθος,
2920 3811 3190 3884 θηριῶδες
3219 3814 3320 3886 μὲν
3361 3817 3431 3887 τῇ
3485 3814 3748 3880 διαθέσει,

460 3458 760 3530 permittit.

533 3549 615 3604 An
653 3566 764 3604 non
808 3551 966 3607 vides
1011 3551 1212 3606 abesse
1265 3549 1540 3604 rationem
1567 3547 1638 3602 ab
1670 3547 1739 3601 iis
1769 3543 2057 3609 omnibus,

459 3654 584 3709 qua:
623 3640 679 3694 in
715 3641 798 3696 ira
830 3651 1103 3713 aguntur;
1141 3656 1264 3711 qua!
1292 3639 1556 3695 videlicet
1599 3638 1857 3693 furorem
1881 3634 2056 3706 fugiat
2091 3693 2096 3699 ,

461 3729 616 3784 velut
645 3730 913 3785 acerbum
945 3729 1280 3801 tyrannum?

533 3824 620 3879 Ira
658 3824 1012 3894 perturbatio
1039 3832 1127 3878 est
1158 3822 1361 3878 all‘ectu
1395 3820 1566 3878 animi
1591 3819 1788 3876 bestiis
1831 3819 2054 3885 similis,

463 3912 729 3967 continue
757 3927 1045 3982 premens,
1083 3911 1222 3965 dura
1251 3925 1341 3964 res
1377 3907 1541 3980 59ἥ⁵
1560 3924 1626 3962 ac
1659 3907 1923 3972 violenta,
1955 3922 2054 3960 ca:-

2184 3901 2394 3972 ῖυνεχές
2419 3905 2484 3974 τῇ
2514 3903 2716 3974 θλίψει,
2747 3905 2984 3975 σκληρὸν
3025 3905 3083 3959 δὲ
3130 3908 3225 3960 καὶ
3268 3907 3444 3979 βίαιον
3471 3910 3540 3981 τῇ
3585 3908 3750 3962 δυνά-

461 4003 616 4060 dium
640 4019 830 4067 causa,
885 4001 1216 4057 calamitatis
1273 3998 1647 4072 oppugnando
1705 3997 2054 4066 soeia,dam—

2184 4014 2276 4062 ιει,
2302 3997 2466 4068 φόνου
2493 3996 2690 4060 αἴτιον,
2717 4000 3007 4070 συμφορᾶς
3041 3999 3355 4072 σύμμαχον,
3384 4000 3594 4073 βλὰσης
3625 4018 3753 4054 συν-

463 4113 666 4153 norum
699 4111 904 4166 parens
949 4111 1014 4150 ac
1050 4095 1312 4158 infamite,
1351 4093 1718 4165 pecuniarum
1775 4092 2054 4164 perditio;

2184 4090 2328 4161 ;ργὺν
2376 4089 2472 4144 καὶ
2509 4090 2760 4163 ἀτιμίας,
2800 4092 2896 4146 καὶ
2927 4091 3229 4164 χρημάτων
3277 4093 3525 4150 ἀπώλεια
3548 4111 3562 4124 ·
3585 4075 3752 4148 ἔτιδὲ

448 4186 534 4242 ad
559 4187 676 4244 haec
708 4187 876 4244 etiam
908 4186 1288 4258 corruptionis
1317 4185 1574 4256 labisque
1599 4184 1775 4256 origo.

2184 4185 2262 4238 ιαὶ
2293 4182 2504 4256 φθορᾶς
2537 4185 2802 4259 ἀρχηγόν.

1993 4359 2244 4418 ’ΝΟΤᾹΞ.

549 4502 960 4586 (hlium-vomu
999 4503 1296 4573 Ἀλικαρν.
1331 4504 1496 4586 ,ριξρά
1533 4504 1607 4559 ita
1645 4503 1921 4586 scriptum
1944 4512 2058 4586 est,
2094 4507 2138 4562 ι)
2168 4503 2304 4586 bere
2358 4504 2644 4576 potuerit:
2679 4504 2881 4586 sicque.
2915 4511 3120 4573 passim
3171 4503 3229 4558 in
3281 4504 3757 4586 eatpnisﬂexstant

452 4573 1002 4654 qnendisuospieio‘ne
1028 4591 1141 4654 non
1191 4576 1531 4654 ea_ret._Q_uaa
1577 4575 1736 4654 enim
1767 4573 2060 4654 sententia
2167 4573 2552 4654 virorumnon
2577 4573 3079 4654 ecclesiasticarum
3134 4573 3442 4654 sententiag.
3485 4575 3558 4632 Ut
3607 4578 3757 4632 enim

454 4648 551 4704 illi
591 4643 877 4708 tribuitur,
913 4644 1216 4699 Christiani
1249 4646 1492 4700 hominis
1514 4657 1599 4700 est
1635 4653 1692 4700 et
1723 4645 1778 4698 in
1812 4643 2061 4713 Seriptu-
2168 4660 2234 4700 ex
2265 4644 2474 4701 Graecis
2501 4645 2804 4700 corradunt
2831 4643 3102 4698 Maximus
3133 4653 3189 4700 et
3221 4644 3518 4710 Antonius,
3544 4647 3625 4702 sic
3653 4663 3759 4704 nec

468 4719 550 4774 ris
574 4715 812 4786 versati,
827 4730 1071 4786 quarum
1118 4716 1439 4772 testimonio
1487 4717 1635 4771 illam
1668 4715 1910 4786 probat,»
1933 4729 2059 4786 eum
2169 4729 2234 4769 ex
2262 4714 2538 4771 haaretieis
2558 4713 2872 4786 corradere
2897 4713 3198 4786 quidquam
3227 4722 3376 4769 vetat
3397 4732 3418 4786 :7
3435 4731 3758 4786 quanquam

468 4785 770 4858 Dionysius
799 4785 1256 4858 Halicarnasseus
1283 4794 1450 4855 (unus
1474 4795 1530 4841 et
1559 4783 1726 4858 alter)
1759 4785 1815 4858 in
1853 4783 2059 4839 Christi
2169 4799 2282 4858 non
2337 4787 2500 4841 video
2548 4787 2690 4841 alios
2723 4785 2904 4855 palam
2953 4783 3246 4842 hazreticos
3292 4786 3350 4842 in
3408 4783 3536 4842 is'tis
3574 4783 3644 4842 ab
3673 4789 3757 4844 eis

455 4855 672 4914 castris
723 4870 836 4909 non
885 4856 1210 4911 meruerint.
1246 4859 1434 4913 Voluit
1481 4858 1624 4912 forte
1678 4855 1946 4910 Maximus
2006 4863 2063 4908 et
2169 4857 2384 4912 referri.

457 4927 697 5006 scripsit
727 4925 1011 5006 ἐξιονυσίου
1056 4927 1485 5006 ,Ἀλεξανδρέως
1513 4925 1776 5006 amongst?
1827 4923 2054 5006 Alexan-

2244 4926 2314 5006 (ο)
2345 4929 2459 5006 Μὴ
2480 4928 3020 4997 καθομιλούμενον.
3046 4927 3148 5006 De
3176 4927 3556 5006 ira_loquitur,
3588 4945 3758 4998 quam

457 4995 638 5070 .dririi,
667 4995 763 5070 qui
800 4995 916 5070 ipse
961 4997 1186 5070 scriptis
1213 4995 1338 5070 suis
1364 5013 1479 5070 rem
1507 4995 1881 5070 Christianam
1912 4995 2066 5070 locu-
2169 4995 2302 5070 quis
2330 4995 2496 5054 corde
2553 4995 2789 5070 premat,
2814 4995 2937 5054 nec
2995 4999 3182 5054 verbis
3233 4995 3407 5070 sinat_
3432 4995 3751 5069 erumpere.

460 5065 790 5140 pletaverit.
825 5065 1172 5140 Nec,anita
1208 5067 1520 5140 scripserit,
1566 5065 1918 5140 fugientibus
1966 5065 2067 5140 mi-

471 5137 644 5197 itiatis
677 5137 878 5192 litteris
905 5138 1116 5196 codicis
1148 5137 1390 5194 Ballesd.
1413 5137 1855 5208 deprehendere
1883 5137 2063 5208 licuit.

473 5209 771 5281 Subjungit
827 5209 1204 5281 Apollonium,
1265 5209 1380 5281 qui
1410 5207 1528 5281 ipse
1578 5208 1674 5281 Δ(εἰΔ
1695 5215 1876 5281 tamen
1919 5207 2066 5281 ipse)

463 5277 776 5336 llouimoilo
800 5277 1095 5334 et‘Severo
1150 5279 1320 5348 impp.
1370 5277 1712 5334 in’Eeclesia
1769 5277 1980 5341 ﬂoruit,
2009 5286 2066 5332 et

472 5295 776 5336 Lemniouo
800 5295 857 5334 et
889 5295 1095 5334 nevere
1150 5295 1223 5332 1m
1270 5295 1320 5348 p.
1370 5295 1424 5332 in
1465 5295 1712 5334 necnesia
1769 5295 1980 5341 uorum,
2009 5295 2058 5332 el

472 5351 741 5407 adversus
770 5349 1092 5404 Montanum
1141 5357 1199 5403 et
1225 5295 1556 5415 Briscillam,
1586 5356 1812 5404 auctore
1865 5349 2058 5402 Hiero-

471 5437 508 5494 η
513 5438 658 5494 ymo,
682 5421 929 5494 scripsi_t._
945 5419 1043 5474 Vel
1055 5418 1291 5494 _p0tiu_s,_
1308 5421 1670 5494 eumcitasset
1685 5435 1762 5494 exA
1775 5419 2059 5494 Pati-ibus,

473 5489 614 5548 duos
647 5493 748 5546 hos
794 5489 1117 5558 subiunxit,
1149 5490 1244 5558 qui
1279 5491 1333 5545 in
1363 5490 1494 5556 illis,
1523 5490 1819 5546 sententiis
1870 5489 2064 5558 hujus-

473 5563 620 5618 modi
645 5562 777 5617 cla-ri
804 5560 1053 5632 fuerint,
1067 5561 1183 5615 sive
1200 5576 1360 5632 error
1378 5561 1580 5632 aliquis
1619 5561 1680 5632 in
1728 5559 2064 5632 nominibus

475 5633 744 5702 obrepsit,
773 5630 890 5686 sive
911 5646 1056 5702 non.
1076 5633 1185 5686 Aut
1214 5629 1489 5702 deniquc_
1518 5647 1620 5702 pro
1653 5631 1876 5688 Juliano
1929 5629 2062 5684 Dio-

477 5700 671 5772 nysius
700 5700 969 5772 obrepsit.
995 5701 1172 5756 Notus
1197 5700 1450 5757 Julianus
1494 5700 1970 5772 Halicarnasseus,
1995 5717 2065 5756 ex

478 5771 606 5839 quo,
627 5773 758 5828 licet
782 5771 1064 5839 hwretico,
1101 5773 1242 5828 hanc
1265 5773 1534 5828 Maximus
1591 5773 1928 5843 sententiam
1961 5771 2063 5827 ha-

2173 5067 2290 5141 llec
2314 5071 2462 5141 enim
2496 5067 2820 5141 passionem
2839 5078 3024 5141 auget,
3057 5083 3161 5141 nec
3187 5085 3312 5124 raro
3333 5067 3504 5122 etiam
3531 5067 3755 5140 corpori

2171 5140 2352 5196 labem
2380 5140 2573 5204 atl‘ert;
2605 5155 2731 5194 cum
2755 5139 2890 5211 alias
2917 5139 3075 5210 quasi
3103 5149 3440 5211 evaporante
3466 5139 3756 5211 sanguinis

2174 5211 2268 5264 illa
2295 5211 2444 5264 circa
2479 5225 2576 5264 cor
2616 5209 2950 5265 accensione
2993 5209 3311 5280 querulosis
3362 5209 3489 5266 irati
3540 5209 3754 5275 verbis,

2167 5281 2394 5352 animus
2417 5280 2467 5336 ei
2493 5280 2728 5352 leyetur,
2763 5296 2828 5336 ac
2852 5295 3054 5351 corpus
3081 5281 3260 5352 ipsum
3293 5281 3484 5352 mitius
3527 5281 3754 5336 habeat.

2167 5352 2289 5406 Non
2326 5350 2470 5410 bene
2515 5349 2682 5423 Gesn.
2721 5352 2784 5423 si,
2815 5349 3057 5406 sernione
3101 5349 3246 5423 ἠοηί
3271 5351 3562 5406 deﬁniatur
3601 5361 3762 5423 atque

2161 5429 2398 5494 curetur.
2420 5421 2578 5494 quasi
2615 5421 2684 5494 de
2717 5422 3127 5494 alioloquatur,
3157 5422 3251 5494 qui
3281 5437 3536 5494 sermone
3555 5421 3758 5476 iratum

2163 5492 2413 5547 deliniat.
2439 5491 2512 5546 ’ld
2552 5493 2701 5548 enim
2735 5491 3300 5559 aceidehtarium'est,
3349 5509 3454 5548 nec
3479 5493 3581 5557 ira,
3645 5508 3760 5546 non

2163 5562 2245 5618 sic
2274 5563 2524 5627 delinita,
2557 5579 2589 5618 a
2617 5579 2674 5619 se
2697 5563 2953 5618 morbum
2981 5563 3274 5633 labemq’ue
3315 5564 3545 5632 corpori
3562 5561 3758 5628 affert;

2133 5633 2259 5698 ,sed
2292 5649 2458 5704 quam
2489 5633 2764 5698 dicebam,
2785 5650 2907 5704 quae
2937 5635 3018 5692 sic
3041 5635 3229 5690 animo
3260 5633 3634 5700 incrudescat,
3663 5647 3762 5688 vo-

2163 5720 2398 5776 cemque
2428 5704 2604 5777 ipsam
2631 5704 2868 5763 auferat.
