3990 6368
364 373 461 440 841

366 571 670 639 Πολλάκις
700 572 1024 642 ἀνθρώπων
1053 573 1199 641 ὁρτὴ
1226 572 1376 642 ’νόον
1401 566 1749 635 ὲξεκάλυψε

365 641 820 715 Κρυπτόμενονέ
850 643 1073 712 μανίας
1103 641 1263 696 πολὺ
1289 641 1515 710 χεῖρον.
1691 649 1696 655 ·
1754 687 1759 693 .

999 734 1284 804 Φιλήμον.

365 831 710 898 Μαινόμεθα
740 829 964 893 πάντες
993 824 1530 898 ὅταιςόργιιζζμεθοιε

371 902 440 956 Τὸ
465 890 576 971 γὰρ
605 890 1062 969 κατασχεῖνέπὶ
1083 890 1207 966 τῆς(
1222 890 1422 965 ὁρτῆς,
1453 893 1640 956 πόνος
1661 890 1868 960 μέγας.

1033 988 1286 1057 Εὑριπίδ
1295 1027 1308 1041 .

366 1084 559 1148 Αἰδὼς
585 1084 696 1153 γὰρ
724 1080 907 1151 ὀργῆς
935 1068 1153 1153 πλεῖον
1166 1079 1392 1153 ὠφελεῖ
1407 1076 1676 1153 βροτοῖς.

366 1147 605 1222 Ὥσπὲρ
625 1147 694 1206 δὲ
725 1147 948 1219 dvitior
970 1151 1070 1204 καὶ
1095 1150 1161 1204 τὸ
1191 1147 1340 1220 ἁῶμ⁹
1360 1147 1531 1218 ἡμῶν
1558 1148 1701 1216 ἔφυ,

363 1290 535 1343 Οὕτω
566 1286 862 1356 προσήκει
884 1283 1041 1354 μηδὲ
1058 1283 1176 1352 τὴν
1195 1253 1572 1356 ρργῂνλὲχειν

381 1352 716 1420 Ἀθάναὲον,
743 1352 912 1420 ὅστις
936 1353 1272 1423 σωφρονεῖν
1303 1352 1642 1405 ἐπίσταται.

451 1467 719 1541 Ἡροδότ.
765 1496 830 1506 -
873 1467 962 1528 Ὡς
995 1467 1054 1518 ὲν
1080 1466 1191 1528 τοῖς
1228 1462 1333 1517 ὠσὶ
1359 1462 1470 1516 τῶν
1502 1457 1808 1532 ἀνθρώπων
1838 1457 1942 1534 οὐκ

371 1561 482 1616 αἰεὶ
508 1547 547 1612 ὁ
567 1558 736 1628 θυμός
762 1557 860 1629 (d).
895 1556 1126 1629 Χρηστὰ
1155 1555 1256 1626 μὲν
1288 1553 1397 1625 γὰρ
1415 1551 1674 1614 ἀκούσας,
1695 1548 1944 1621 τέρψεως

367 1651 618 1722 ὲμπιπλᾷ
666 1650 727 1704 τὸ
787 1649 954 1719 σῶμα.
980 1664 992 1678 ’
1028 1647 1324 1703 ὑπεναντία
1379 1647 1438 1698 δὲ
1475 1645 1592 1708 τοῖς
1639 1641 1942 1696 τουτέοισιν

365 1743 632 1806 ἀκούσας,
661 1740 977 1796 ἀνοιδαίνει.

1668 354 1841 419 LOCI
1878 345 2320 416 COMMUNES.

1011 479 1274 548 Εὐήνου.
1970 481 2017 527 A

3511 365 3617 432 812

2737 469 2922 526 Eveni.

2047 563 2291 638 Prodidit
2317 564 2400 616 ira
2433 561 2534 615 viri
2567 572 2817 638 mentem,
2855 582 2971 638 qua;
2997 583 3135 638 swpe
3159 570 3372 627 lateret.

2219 632 2419 716 Insano
2448 641 2497 686 et
2529 635 2742 703 gravior
2768 632 2905 689 tecta
2933 632 3110 705 furore
3148 642 3299 710 foret.

2663 727 3005 798 Philemonis.

2045 817 2248 889 Furore
2265 821 2555 874 incitamur
2578 837 2756 875 omnes
2785 839 2903 876 cum
2925 824 3238 889 irascimur;

2044 888 2237 959 Ingens
2263 892 2405 945 enim
2433 890 2584 945 labor
2614 901 2689 946 est
2712 895 2768 946 in
2797 893 2885 946 ira
2912 895 3200 948 continere.

2713 983 2960 1056 Euripid.

2047 1073 2229 1147 Ijudor
2257 1075 2570 1147 mortalibus
2592 1094 2756 1147 quam
2782 1078 2868 1131 ira
2897 1079 3102 1145 utilior,

2043 1142 2501 1209 Quemadmodum
2550 1142 2728 1200 autem
2785 1157 2834 1202 et
2883 1142 3118 1219 nostrum
3171 1165 3360 1219 corpus
3407 1150 3622 1205 mortali

3069 1218 3294 1290 [origine
3328 1221 3544 1289 prodiit,

2044 1282 2132 1354 Sjc
2160 1300 2226 1336 ne
2254 1285 2396 1338 iram
2428 1284 2623 1339 habere
2649 1288 2888 1340 convenit
2914 1282 3302 1354 immortalem,

2043 1353 2184 1408 Eum
2213 1355 2304 1424 qui
2331 1355 2646 1409 modestiam
2670 1373 2732 1409 ac
2754 1355 3003 1412 virtutem
3027 1359 3197 1413 colere
3219 1353 3440 1414 nouerit.

2117 1464 2370 1520 Herodot.
2391 1494 2461 1508 --
2483 1466 2628 1543 Ergo
2661 1467 2721 1520 in
2759 1467 3048 1522 hominum
3077 1470 3309 1525 auribus
3343 1485 3454 1525 non
3475 1485 3622 1526 sem-

2044 1571 2146 1625 per
2197 1556 2290 1610 ira.
2333 1555 2564 1612 residet.
2615 1555 2675 1612 Si
2729 1557 2880 1612 enim
2901 1559 3148 1629 jucunda
3178 1560 3442 1626 audierit,
3462 1561 3621 1615 volu-

2043 1655 2198 1718 ptate
2227 1663 2431 1718 corpus
2461 1649 2647 1720 explet
2681 1666 2695 1702 :
2722 1649 2811 1704 sin
2838 1665 2973 1706 vero
2995 1651 3082 1706 his
3096 1651 3378 1706 contraria
3412 1653 3620 1717 audiat,

2044 1741 2385 1797 intumescit.

448 1827 774 1898 Ἇῤῥιανοῦ.
810 1859 883 1869 -
915 1828 1302 1899 Μεγαλόθυμοι
1331 1827 1522 1899 πράως
1548 1827 1617 1898 (e)
1642 1827 1750 1880 εἰσί
1774 1842 1939 1891 τινες,

2114 1834 2336 1888 Arrian.
2365 1864 2433 1875 ο-
2464 1831 2605 1888 Sunt
2651 1835 2912 1889 nonnulli
2959 1835 3165 1890 leniter
3208 1836 3445 1891 animosi
3480 1877 3494 1903 ,
3529 1837 3624 1906 qui

365 1921 551 1992 ἠσυχῆ
601 1921 697 1973 καὶ
735 1914 846 1972 οἷον
898 1920 1183 1991 ἀοργήτως
1230 1920 1582 1991 πράττοντες,
1618 1919 1718 1971 ὅσα
1752 1917 1848 1970 καὶ
1895 1918 1943 1969 οι

368 2011 575 2081 σφόδρα
603 2009 680 2080 τῷ
718 2009 874 2082 θυμῷ
909 2012 1223 2082 φερόμενοι.
1254 2010 1562 2064 Φυλακτέον
1591 2005 1685 2064 οὖν
1737 2008 1835 2062 καὶ
1881 2008 1944 2060 τὸ

367 2101 572 2156 τούτων
602 2100 950 2172 ἀϐλέπτημα,
976 2101 1052 2165 ὼς
1082 2101 1218 2155 πολὺ
1253 2103 1436 2172 χεῖρον
1468 2099 1528 2154 ὃν
1555 2099 1648 2153 τοῦ
1678 2099 1944 2159 διατεινό-

376 2207 534 2261 μενον
584 2191 918 2262 ὸργίζεσθαι.
967 2185 1128 2246 Οὗτοι
1178 2191 1278 2262 μὲν
1311 2194 1421 2262 γὰρ
1467 2191 1605 2261 ταχὺ
1651 2191 1812 2261 κόρον
1848 2190 1950 2260 τῆς

368 2283 640 2352 τιμωρίας
667 2282 1037 2352 λαμϐάνουσιν
1070 2278 1084 2313 ³
1131 2285 1181 2337 οἱ
1213 2284 1271 2337 δὲ
1312 2285 1394 2346 εἰς
1451 2281 1662 2354 μακρὸν
1726 2279 1944 2351 προτεί-

369 2389 578 2437 νουσιν,
609 2373 685 2438 ὡς
707 2375 754 2427 οἱ
783 2373 996 2438 λεπτῶς
1030 2374 1412 2444 πυρέττοντες.

454 2549 859 2616 Ἀπολλώνιος
916 2551 1368 2622 Δημοκράτ.’-
1428 2551 1487 2605 '0
1540 2549 1680 2622 ὑπὲρ
1724 2549 1947 2620 ,μικρῶν

369 2642 790 2712 ἁμαρτημάτων
857 2643 1283 2716 ἀνυπερϐλήτως
1326 2643 1702 2715 ὀργιζόμενος,
1743 2642 1843 2695 οὐκ
1883 2640 1950 2712 ἐᾷ

367 2731 666 2799 διαγνῶναι
716 2732 809 2785 τὸν
867 2734 1274 2804 ἁμαρτάνοντα,
1325 2730 1456 2787 πότε
1505 2733 1748 2800 ἔλαττον,
1805 2730 1938 2785 πότε

383 2819 572 2892 μεῖζον
598 2821 878 2893 ἠδίκησεν.
962 2836 967 2840 ·
1061 2839 1064 2842 ’

446 2914 681 2968 Σωτίων
708 2915 779 2968 ἐκ
810 2915 920 2969 τοῦ
951 2915 1092 2983 Περὶ
1125 2915 1330 2986 ὀργῆς.
1357 2942 1430 2958 --
1457 2917 1582 2980 Τοῖς
1612 2918 1796 2986 σοφοῖς
1828 2916 1950 2970 ἀντὶ

368 3004 566 3076 ὀργῆς,
624 3005 978 3080 Ἡρακλείτῳ
1011 3009 1132 3078 μὲν,
1182 3009 1400 3081 δάκρυα
1428 3026 1444 3041 ⁶
1490 3009 1820 3081 Δημοκρίτῳ
1869 3009 1948 3073 δὲ,

369 3096 549 3168 γέλως
573 3100 753 3171 ἐπῄει.
810 3128 822 3143 .

447 3190 658 3262 Ὥσπερ
685 3191 847 3246 πλοῖα
875 3195 1118 3261 γενναῖα,
1151 3192 1248 3263 οὐχ
1271 3194 1374 3247 ὅσα
1399 3195 1457 3247 ὲν
1487 3193 1638 3266 εὑδίᾳ
1661 3194 1808 3261 πλεῖ,
1833 3193 1947 3248 ἀλλ’

369 3284 474 3337 ὅσα
513 3283 653 3356 πρὸς
709 3284 958 3355 χειμῶνα.
980 3285 1194 3356 ἀντέχει
1217 3289 1313 3341 καὶ
1347 3285 1583 3353 σώζεται
1615 3305 1629 3320 ο
1665 3288 1818 3344 οὕτω.
1853 3273 1980 3344 καὶ.

369 3372 654 3446 ἄνθρωποι
682 3376 819 3448 ὀργῇ
853 3378 948 3432 καὶ
984 3377 1199 3449 κινήσει
1237 3379 1576 3450 ἀντέχοντες,
1607 3381 1837 3452 μεγάλοι
1856 3382 1950 3435 καὶ

369 3465 634 3536 ἀνδρεῖοι.

449 3561 769 3629 Δημοκρίτ.
800 3562 1060 3634 -Θυμῷ
1096 3564 1367 3636 μάχεσθαι
1399 3566 1502 3636 μὲν
1547 3564 1790 3638 χαλεπόν
1822 3583 1835 3598 ’
1863 3569 1958 3624 άν-

370 3649 501 3721 δρὸς
523 3650 581 3704 δὲ
612 3651 675 3704 τὸ
699 3654 955 3724 κρατέειν
987 3655 1330 3724 εὐλογίστου.
1448 3671 1450 3674 '

448 3825 817 3884 Πλάτων.--
853 3830 1240 3902 Ὀργιζόμενὸς
1286 3850 1420 3887 ποτε
1459 3835 1539 3905 τῷ
1573 3835 1784 3905 οἰκέτῃ,
1831 3838 1958 3891 ὲπι-

373 3920 606 3984 στάντος
626 3917 1020 3995 Ξενοκράτους,
1045 3925 1243 3980 Λαϐὼν
1265 3924 1458 3980 τοῦτον
1475 3967 1491 3993 ,
1515 3927 1642 3999 ἔφη,
1678 3931 1958 4001 μαστίγω-

376 4024 476 4060 σον
499 4025 512 4039 ·
538 4009 652 4080 ἐγὼ
688 4011 798 4084 γὰρ
828 4013 1140 4085 ὀργίζομαι.

451 4103 592 4155 Φασὶ
625 4103 684 4157 δὲ
711 4105 874 4160 αὑτὸν
897 4107 993 4160 καὶ
1024 4109 1522 4185 ὲπανατεινόμενον
1543 4112 1622 4184 τῷ
1657 4114 1814 4168 παιᾶ
1853 4115 1955 4185 βαί-

366 4191 635 4263 -κτηρίαν,
694 4194 917 4250 ἑστάναι
945 4197 1154 4266 χρόνον
1203 4200 1368 4255 πολὺν
1429 4204 1710 4276 μετέωρον
1752 4205 1959 4276 ταύτην

374 4282 577 4352 ἔχοντα
596 4301 609 4314 ·
635 4287 734 4339 καὶ
753 4286 851 4358 τὴν
881 4288 1060 4342 αἰτίαν
1091 4290 1469 4362 ἐρωτώμενον,
1510 4293 1959 4365 φῆσαικολάζειν

375 4370 474 4425 τὸν
535 4373 596 4439 ἐξ
633 4377 798 4430 αὐτοῦ
829 4380 1262 4450 προορμήσαντα
1300 4381 1492 4452 θυμόν.

2047 1925 2236 1981 sedate
2267 1940 2333 1979 ac
2366 1925 2520 1980 velut
2552 1933 2764 1980 remota
2807 1926 2887 1980 ira
2922 1935 2980 1980 et
3016 1925 3473 1982 excandescentia
3509 1940 3627 1980 om-

2045 2016 2140 2070 nia
2169 2025 2356 2086 agant,
2392 2032 2514 2086 qua:
2542 2025 2601 2072 et
2638 2017 2719 2071 ira
2752 2003 2942 2072 acrius
3000 2017 3237 2071 incitati.
3267 2017 3479 2071 Horum
3522 2015 3629 2070 ita-

2047 2124 2156 2178 que
2187 2108 2356 2164 etiam
2380 2124 2526 2164 noxa
2552 2109 2800 2164 cavenda
2841 2125 2906 2164 ac
2931 2110 3172 2174 caecitas,
3205 2109 3367 2178 longe
3415 2107 3630 2163 scilicet

2049 2199 2322 2264 deterior,
2357 2216 2523 2270 quam
2549 2215 2744 2255 eorum
2771 2200 2868 2271 qui
2895 2200 3211 2256 vehementi
3263 2200 3342 2254 ira
3366 2207 3624 2270 aguntur.

2047 2291 2185 2345 Nam
2235 2292 2336 2346 hos
2363 2292 2588 2361 quidem
2633 2294 2746 2347 cito
2785 2294 2933 2362 capit
2983 2293 3214 2347 ultionis
3249 2289 3508 2355 taedium;
3547 2289 3626 2344 illi

2049 2396 2182 2436 vero
2213 2381 2271 2434 in
2300 2381 2525 2452 longum
2549 2383 2886 2451 protrahunt
2911 2393 3149 2454 tempus,
3193 2382 3342 2438 haud
3371 2395 3533 2438 secus
3562 2395 3629 2434 ac

2051 2469 2089 2524 ii
2119 2472 2216 2540 qui
2241 2472 2394 2527 lenta
2423 2471 2582 2527 febre
2608 2472 2922 2528 tabescunt.
3388 2471 3392 2476 ’

2118 2562 2432 2634 Apollonius
2488 2565 2558 2620 ad
2601 2565 2846 2620 Democr.
2883 2597 2956 2605 —
2983 2566 3088 2632 Qui
3135 2566 3207 2620 ob
3237 2565 3377 2620 levia
3425 2563 3627 2624 delicta

2049 2651 2440 2708 vehementius
2495 2654 2578 2708 ira
2612 2655 2944 2720 concitatur,
2975 2670 3088 2709 non
3145 2654 3280 2708 sinit
3307 2654 3628 2708 discernere

2051 2748 2397 2810 peccantem,
2424 2751 2616 2797 utrum
2655 2743 2874 2809 leviter,
2923 2730 2994 2798 an
3027 2744 3269 2814 graviter
3301 2741 3625 2813 deliquerit.

2037 2906 2047 2919 ’
2119 2919 2354 2976 Sotionis
2396 2937 2460 2976 ea:
2515 2929 2750 2976 tractatu
2798 2922 2877 2977 De
2898 2923 3260 2979 ira.—Viris
3286 2899 3634 2993 sapientibus

2054 3029 2154 3083 pro
2187 3014 2307 3080 ira,
2367 3013 2648 3069 Heraclito
2676 3013 2927 3083 quidem,
2980 3014 3270 3084 lacryma';
3312 3013 3630 3068 Democrito

1975 3138 2021 3198 ο
2051 3123 2212 3173 vero,
2241 3109 2389 3163 risus
2415 3109 2702 3163 exstitere.

2123 3195 2195 3250 Ut
2247 3211 2420 3251 naves
2458 3195 2695 3267 egregiae
2741 3203 2890 3261 sunt,
2919 3211 3031 3250 non
3059 3211 3182 3266 qua:
3239 3205 3436 3250 sereno
3490 3192 3633 3248 cutio

2055 3289 2341 3360 navigant,
2384 3288 2484 3344 sed
2517 3304 2641 3359 quae
2682 3289 3004 3358 tempestati
3047 3289 3336 3354 resistunt,
3361 3287 3634 3343 evadunt-

2055 3394 2164 3449 que
2202 3379 2272 3434 ab
2293 3395 2359 3435 ea
2397 3381 2744 3437 incolumes:
2777 3381 2859 3436 sic
2887 3381 3144 3436 homines
3177 3381 3280 3436 irae
3312 3381 3636 3436 resistentes

2055 3485 2122 3527 ae
2145 3472 2528 3537 commotioni,
2561 3473 2746 3544 magni
2766 3482 2896 3528 sunt
2919 3488 2986 3528 ac
3021 3473 3210 3528 fortes.

2127 3564 2416 3620 Democrit.
2436 3595 2502 3604 —
2525 3566 2634 3622 Res
2664 3565 2840 3620 ardua
2883 3575 2971 3620 est
3001 3566 3094 3620 irte
3129 3581 3442 3636 repugnare
3467 3583 3482 3631 ;
3513 3563 3638 3619 vin-

2059 3670 2188 3712 cere
2214 3666 2422 3724 autem,
2451 3657 2560 3712 viri
2597 3666 2690 3712 est
2715 3672 2914 3728 magna
2964 3657 3262 3728 prudentia
3307 3673 3371 3713 ac
3401 3657 3636 3713 rationis

2057 3746 2111 3799 vi
2139 3747 2376 3816 praediti.
3488 3732 3492 3737 ’

2128 3838 2392 3893 Platonis.
2410 3867 2478 3879 —
2500 3836 2637 3893 Cum
2669 3837 2966 3907 aliquando
3001 3837 3156 3894 Plato
3179 3852 3340 3893 servo
3363 3837 3635 3894 irascere—

2061 3941 2154 3988 tur
2168 3937 2438 4004 praasente
2466 3930 2817 3986 Xenocrate:
2852 3929 3031 3996 Hunc,
3078 3930 3175 3995 ait,
3210 3945 3388 3997 sume,
3418 3939 3475 3986 et
3510 3947 3645 3986 ver-

2062 4023 2295 4078 beribus
2311 4023 2488 4088 caede;
2515 4021 2581 4076 ad
2605 4038 2693 4078 me
2704 4021 2856 4078 enim
2871 4023 3022 4093 quod
3040 4025 3266 4087 attinet,
3287 4024 3513 4080 incessit
3531 4024 3634 4079 ira.

2133 4113 2404 4170 Eumdem
2433 4115 2607 4180 aiunt,
2637 4129 2765 4170 cum
2790 4130 2950 4171 servo
2975 4115 3177 4170 fustem
3201 4117 3522 4179 intentaret,
3541 4113 3637 4168 diu

2061 4206 2284 4263 stetisse
2308 4220 2642 4277 suspensum
2674 4206 2916 4261 tenendo
2941 4207 3216 4262 elevatum
3249 4224 3268 4273 ;
3306 4221 3638 4274 causamque

2063 4307 2340 4370 rogatum,
2367 4299 2726 4370 respondisse
2762 4299 2860 4354 ira:
2909 4314 2970 4355 se
3007 4307 3242 4365 motum,
3281 4300 3378 4370 qui
3421 4314 3490 4354 ex
3517 4298 3640 4367 ipso

2065 4402 2419 4466 proruperat,
2455 4394 2748 4463 castigare.

453 4465 755 4534 Ναυκράτ.
782 4497 854 4509 -
874 4469 1209 4542 Ναυκράτης
1225 4473 1256 4526 ὁ
1279 4474 1463 4543 σοφὸς,
1491 4476 1814 4541 τοὺς-ὀξυθύ
1823 4495 1950 4548 μους

2137 4483 2455 4539 Naucrates.
2480 4513 2547 4527 --
2571 4483 2879 4538 Naucrates
2909 4480 3150 4551 sapiens,
3179 4480 3246 4534 iis
3263 4480 3358 4550 qui
3389 4478 3482 4533 ira:
3506 4493 3640 4533 acu-

354 4555 488 4627 νέφη
536 4560 921 4632 παραπλήσιον
969 4566 1082 4627 τοῖς
1120 4564 1336 4636 λύχνοις
1396 4567 1629 4639 πάσχειν
1663 4571 1808 4624 ’καὶ
1858 4570 1968 4642 γὰρ

373 4647 604 4712 τούτους
629 4650 836 4707 πλείονι
856 4653 1024 4727 ὲλαιῳ
1055 4657 1397 4711 ὲκκαίεσθαι.

2066 4578 2227 4632 tioris
2254 4575 2389 4642 sint,
2411 4576 2556 4631 idem
2584 4574 2986 4645 propemodum
3018 4573 3270 4628 accidere
3309 4571 3469 4642 595
3494 4570 3642 4624 dice-

2065 4671 2183 4735 bat,
2216 4684 2281 4725 ac
2311 4669 2556 4725 lucernis
2583 4687 2596 4726 :
2637 4668 2842 4739 quippe
2873 4668 2974 4722 has
3002 4681 3224 4736 quoque
3257 4681 3371 4735 prae
3405 4663 3513 4719 olei
3543 4677 3640 4718 co-

2066 4765 2158 4836 pia
2179 4761 2360 4818 exuri.
2641 4783 2654 4788 ν

1804 4984 1812 4993 ι
1857 4912 2092 4974 nom.
2191 4977 2208 4984 _

455 5009 532 5082 (d)
592 5011 714 5064 Οὐκ
743 5010 836 5082 del
865 5013 899 5065 δ
928 5014 1133 5082 θυμός.
1161 5014 1381 5076 Praetuli
1404 5015 1698 5074 lectionem
1723 5016 1956 5082 Ballesd‘.

375 5080 520 5157 (ξω.
536 5080 1012 5157 nec_acquiescere
1035 5084 1239 5157 possim
1257 5082 1419 5139 Gesn.
1441 5088 1528 5141 cui
1557 5089 1726 5157 θυμὸς
1749 5080 1960 5151 animus

380 5151 476 5223 sit,
504 5165 616 5204 non
648 5150 752 5216 ira,
787 5167 886 5205 seu
921 5150 1096 5223 (uror,
1124 5153 1192 5209 de
1244 5170 1352 5223 qua
1405 5164 1554 5212 totus
1613 5150 1720 5214 hicv
1749 5150 1956 5220 sermo.

378 5221 505 5276 Non
537 5236 670 5291 ergo
701 5235 920 5291 semper
954 5221 1012 5275 in
1049 5221 1278 5278 auribus
1310 5223 1412 5288 ira,
1445 5228 1541 5281 sed
1575 5236 1689 5283 tum
1733 5231 1958 5290 demum

363 5307 511 5370 cum
545 5293 672 5360 quis
697 5291 992 5370 auditnon
1013 5293 1306 5370 placentia.
1335 5295 1502 5370 Quod
1520 5307 1577 5352 et
1591 5309 1858 5370 argutum
1905 5315 1962 5361 et

381 5360 628 5426 clarum;
656 5360 795 5434 nihil
818 5362 905 5434 τὸ,
945 5360 1087 5415 οἰκεῖ
1132 5362 1299 5418 Gesn.
1357 5367 1505 5434 quod
1557 5368 1626 5422 ab
1666 5360 1762 5425 Veis
1819 5360 1960 5429 iram

379 5447 615 5501 prorsus
639 5431 915 5497 excludat,
947 5440 1139 5487 contra
1167 5431 1411 5488 mentem
1457 5436 1741 5494 Herodoti.

458 5501 527 5572 (e)
596 5504 1017 5578 Μεγαλόᾷυμοι
1045 5501 1263 5578 πράως.
1300 5504 1470 5578 Quasi
1501 5524 1822 5578 magnarum
1844 5515 1957 5568 irae

384 5571 513 5644 rum
535 5573 705 5642 specie
729 5571 963 5644 quadam
988 5573 1120 5626 lenis
1145 5575 1310 5644 animi
1331 5591 1350 5638 ;
1380 5576 1474 5644 qui
1498 5571 1710 5634 scilicet
1751 5583 1956 5639 acriter

383 5641 747 5706 ulciscantur,
763 5642 866 5696 etsi
888 5641 1162 5698 fervorem
1181 5641 1576 5701 irarum'solita
1596 5649 1949 5707 irascentium

384 5712 755 5783 commotione
819 5728 932 5765 non
964 5712 1247 5783 Aprodant.
1299 5713 1508 5768 Leniter
1553 5719 1683 5783 (leni
1740 5722 1951 5777 scilicet

386 5781 594 5853 specie)
655 5783 900 5836 animosi.
963 5781 1060 5836 Est
1111 5783 1257 5837 enim
1310 5781 1716 5859 μεγαλόθυμος,
1769 5793 1949 5861 poclis

706 5881 976 5940 PATROL.
1023 5879 1142 5941 Gn.
1193 5880 1326 5938 XCI
1337 5917 1356 5940 .

2070 5031 2233 5086 metri
2269 5043 2436 5084 causa
2473 5027 2814 5096 μεγάθυμος,
2877 5026 3025 5082 idem
3082 5023 3509 5096 ιὶοάθυ-μοειδήςζ
3545 5026 3643 5079 tri-

2069 5101 2371 5178 buiturque
2426 5093 2796 5178 etiarn-equo
2839 5105 2896 5150 et
2937 5109 3103 5178 apro:
3148 5093 3275 5149 Nec'
3308 5093 3448 5149 bene
3471 5093 3637 5178 Gesn.

2069 5169 2205 5224 Sunt
2233 5164 2480 5222 nonnulli
2512 5164 3054 5237 leniterrmagnanimi
3069 5181 3088 5237 ς
3136 5180 3242 5237 qua
3260 5179 3421 5237 voce,
3489 5164 3637 5237 nulla

2068 5239 2155 5293 vis
2176 5240 2383 5292 irarum
2412 5233 2871 5306 designatur,-séd
2915 5234 3086 5288 animi
3140 5234 3365 5306 celsitas
3396 5243 3454 5306 et
3483 5233 3640 5288 forti-

2069 5309 2226 5374 tudo,
2254 5307 2322 5362 de
2352 5323 2460 5376 qua
2486 5303 2596 5362 non
2647 5313 2731 5376 est
2761 5306 2853 5359 hic
2874 5375 2880 5376 γ
2905 5319 3108 5359 sermo.
3149 5304 3223 5354 Τὸ
3281 5303 3637 5376 aciemque.

2067 5372 2224 5433 Suid.
2274 5372 2561 5442 delictum;
2614 5375 2706 5430 hic
2761 5375 3049 5429 caecitatem
3093 5387 3292 5427 sonare
3356 5372 3636 5434 existimo.

2063 5463 2260 5516 eorum
2284 5448 2519 5509 scilicet,
2557 5446 2651 5516 qui
2676 5445 2902 5516 virtutis
2927 5442 3111 5516 specie
3133 5443 3269 5516 vitia
3320 5458 3636 5516 exsequun-

2062 5528 2172 5573 tur.
2217 5514 2400 5572 Minus
2429 5526 2514 5571 est
2542 5512 2690 5585 q'uod
2743 5515 2924 5570 reddit
2983 5512 3146 5585 Gesn.
3204 5513 3638 5585 inconsideratio-

2061 5605 2211 5642 nem:
2247 5587 2436 5642 malim
2470 5582 2764 5654 stuporem,
2809 5601 2874 5639 ac
2899 5585 2943 5638 si
2989 5582 3121 5654 quid
3172 5584 3456 5654 ejusmodi
3511 5597 3636 5636 eam

2059 5659 2262 5713 mentis
2317 5653 2603 5725 recteque
2661 5655 2895 5710 rationis
2971 5653 3277 5708 absentiam
3308 5653 3513 5708 clarius
3541 5666 3638 5706 ex—

2054 5727 2268 5796 primit.

3183 5880 3260 5942 27
