3990 6366
315 373 420 437 845

235 479 248 486 ’
385 487 525 555 Λέγε
561 485 721 555 σιγῆς
757 502 807 537 τι
843 482 1173 552 ιιρεῖσσον,ῆ
1211 479 1370 549 σιγὴν
1397 479 1508 548 ἔχε.

385 667 692 733 Χρυσοστ.
723 659 792 700 4—
815 662 880 712 Οί
941 667 1035 711 πο)
1047 659 1128 711 Aci.
1175 656 1286 711 τῶν
1321 655 1650 727 ἀνθρώπων,
1675 652 1897 706 ἐπειδὰν

312 754 514 809 σῐπωσί
543 771 597 805 τι
625 751 735 805 τῶν
765 751 1116 821 ἀπορρήτων,
1146 745 1526 818 παρακαλοῦσι
1547 745 1640 798 τὸν
1674 743 1901 798 ἀκούον-

312 864 386 902 τα
414 846 509 900 καὶ
539 843 768 916 όρκοῦσι
799 841 989 912 μηδενὶ
1011 840 1200 894 λοιπὸν
1231 841 1406 892 εἰπεῖν
1429 837 1601 908 ἑτέρῳ
1628 852 1643 868 ’
1675 835 1901 890 αὐτόθεν

313 936 628 1008 δηλοῦντες,
667 935 750 988 ὅτι
775 936 1008 1004 πρᾶγμα
1041 932 1190 997 ἄξιον
1220 928 1561 1000 κατηγορίας
1614 927 1898 996 ἐποίησαν.

317 1029 384 1082 Ei
441 1029 550 1100 γὰρ
601 1029 811 1080 ἐκεῖνον
865 1023 1056 1094 μηδενὶ
1096 1024 1271 1075 είπεῖν
1315 1020 1488 1091 ἑτέρῳ
1539 1019 1902 1090 παρακαλεῖς,

321 1119 504 1188 πολλῷ
537 1117 743 1188 μᾶλλον
785 1115 849 1168 σὲ
901 1113 1168 1185 πρότερον
1190 1111 1365 1183 τούτῳ
1387 1110 1560 1165 ταῦτα
1597 1111 1776 1164 εἰπεῖν
1801 1111 1904 1163 οὐκ

321 1211 512 1280 ἐχρῆν.

407 1301 510 1353 Ἐκ
551 1297 673 1352 τῶν
719 1297 1052 1363 Γερόντων.
1081 1323 1154 1338 --
1199 1295 1417 1363 Ἀγάπα
1459 1294 1522 1348 τὸ
1561 1296 1720 1366 σιγᾷν
1765 1293 1908 1364 ὑπὲρ

322 1392 389 1445 τὸ
406 1392 588 1444 λαλεῖν
620 1407 633 1420 ·
663 1391 696 1460 ή
728 1390 911 1460 σιωπὴ
957 1391 1068 1460 γὰρ
1111 1386 1466 1460 θησαυρίζειν
1519 1388 1580 1440 τὸ
1627 1387 1686 1440 δὲ
1724 1386 1909 1441 λαλεῖν

327 1481 652 1552 διασκορπίζ⁹
657 1498 725 1532 ει.

403 1574 516 1643 Πρὸ
543 1571 736 1626 πασῶν
761 1570 870 1624 τῶν
896 1569 1130 1624 ἐντολῶν
1158 1569 1258 1640 τὴν
1281 1569 1518 1640 ἡσυχίαν
1545 1567 1622 1640 (lt)
1661 1567 1914 1635 ἐξελέξα-

325 1683 389 1718 το
433 1666 463 1716 ὁ
509 1663 643 1725 Θεός
678 1679 694 1693 ο
733 1661 1046 1732 γέγραπται
1093 1660 1224 1730 γὰρ,
1265 1660 1554 1714 Ἐπίτίνα
1585 1657 1910 1727 ἐπιϐλέψω,

323 1754 466 1809 ἀλλ’
495 1755 534 1822 ἢ
569 1753 670 1806 ἐπὶ
696 1753 804 1807 τὸν
828 1752 1118 1806 ταπεινὸν
1140 1750 1237 1805 καί
1269 1752 1573 1819 ήσύχιον;

411 1935 472 1988 Ὅ
516 1934 690 1988 θέλων
741 1934 1005 2004 σωθῆναι,
1051 1932 1298 1998 διωξάτω
1361 1933 1462 2004 τὴν
1513 1930 1912 2001 ἀκτημοσύνην

332 2026 430 2079 καὶ
457 2025 556 2096 τὴν
585 2024 823 2095 σιωπήν.

419 2117 739 2169 Ἀπολλων.
771 2144 842 2154 -
869 2113 1080 2184 Πολλὴν
1115 2114 1437 2184 ἐπιμέλειαν
1481 2107 1753 2165 ποιεῖσθαι
1782 2110 1911 2180 χρὴ,

334 2207 464 2276 περὶ
503 2205 595 2258 τοῦ
640 2205 717 2276 μὴ
745 2204 925 2273 λέγειν
957 2203 992 2258 ἃ
1023 2206 1099 2275 μὴ
1130 2204 1228 2258 δεῖ.
1261 2201 1547 2265 Παντελῶς
1588 2201 1697 2272 γὰρ
1749 2205 1918 2255 ἀπαι-

329 2297 522 2348 δεύτου
578 2296 724 2358 τινός
783 2297 902 2348 ἐστι
960 2295 1022 2348 τὸ
1073 2295 1148 2365 μὴ
1200 2294 1464 2348 δύνασθαι
1531 2294 1766 2364 σιωπᾷν,
1797 2291 1915 2347 ἀλλ’

332 2388 582 2440 ὲκλαλεῖν
607 2387 676 2440 τὰ
707 2386 783 2457 μὴ
814 2385 994 2449 καλῶς
1024 2385 1239 2456 ἔχοντα.

407 2561 578 2630 Σοφδς
605 2559 748 2630 ἀνὴρ
793 2558 890 2613 καὶ
922 2558 1090 2626 σιγῶν
1123 2556 1214 2610 τὸν
1249 2556 1384 2609 Θεὸν
1427 2556 1582 2626 τιμᾷ,
1620 2554 1775 2618 εἰδὼς
1823 2552 1918 2606 καὶ

332 2653 481 2708 διατί
509 2652 660 2721 σιγᾷ.

409 2742 748 2811 Πλουτάρχ.
775 2741 1050 2812 -Ἂπερ
1089 2741 1154 2794 ἂν
1198 2738 1514 2794 σιωπᾶσθαι
1568 2739 1769 2809 βούλει,
1811 2753 1917 2807 μη-

334 2837 453 2891 δενὶ
498 2838 660 2906 εἴπῃς
690 2834 766 2903 ’ἢ
809 2832 926 2895 πῶς
964 2831 1118 2902 παρὰ
1161 2849 1304 2896 τινος
1332 2833 1588 2894 ἀπαιτεῖς
1617 2831 1678 2883 τὸ
1717 2830 1910 2882 πιστὸν

336 2927 441 2996 τῆς
476 2925 711 2995 σιωπῆς,
742 2924 770 2976 ὃ
799 2923 873 2994 μὴ
907 2924 1182 2993 παρέσχες
1223 2923 1440 2994 σεαυτῷ
1472 2940 1486 2989 ;

410 3020 484 3072 Τὸ
545 3019 757 3088 σιωπᾷν
804 3018 866 3070 ού
931 3018 1090 3086 μόνον
1149 3016 1339 3086 ἄδιψον
1373 3056 1388 3080 ,
1451 3017 1528 3080 ὥς
1592 3035 1758 3089 φησιν
1807 3019 1918 3072 Ἰπο

337 3110 646 3180 ποκράτης,
681 3107 820 3162 ἀλλὰ
851 3107 943 3160 καὶ
972 3107 1180 3161 ἄλυπον
1214 3107 1308 3158 καὶ
1341 3106 1634 3160 ἀνώδυνον.

414 3287 644 3355 Ζήνων.
674 3313 746 3324 ——-
778 3284 910 3335 Ὅτε
945 3281 1085 3346 ξένοι
1113 3282 1257 3346 τινὲς
1296 3283 1356 3334 ὲν
1391 3284 1683 3356 συμποσίῳ
1713 3286 1920 3355 παρὸνο

336 3396 434 3444 τες
480 3374 969 3447 φιλοφρονούμενοι
1017 3376 1276 3444 Ζήνωνα,
1342 3375 1671 3446 προπιόντες
1728 3378 1922 3449 αὐτῷ,

338 3473 538 3542 ἤροντο
561 3467 792 3539 ἡσυχίαν
819 3465 1048 3534 ἄγοντα,
1073 3466 1208 3535 Περὶ
1235 3464 1329 3517 σοῦ
1349 3466 1406 3519 δὲ
1439 3467 1492 3519 τί
1522 3467 1628 3539 χρὴ
1652 3467 1852 3538 λέγειν,
1882 3465 1928 3524 ὧ

339 3563 548 3633 Ζήνων,
573 3559 649 3630 τῷ
683 3558 897 3630 βασιλεῖ
925 3574 940 3622 ;
972 3558 1224 3620 κάκεῖνος
1270 3557 1398 3628 ἔφη,
1434 3557 1598 3612 Ἀλλο
1651 3560 1818 3628 μηδὲν
1848 3600 1863 3624 ,
1892 3561 1926 3632 ἢ

339 3657 425 3707 ὅτι
455 3649 772 3723 πρεσϐύτης
809 3649 956 3703 ἐστὶν
997 3650 1054 3701 ὲν
1091 3648 1346 3719 Ἀθήναις
1389 3651 1543 3720 παρὰ
1585 3653 1750 3705 πότον
1797 3670 1926 3706 σιω-

347 3745 456 3814 πᾷν
486 3743 810 3812 δυνάμενος.

432 3832 873 3900 Ἀνὰχαρσις.-
890 3823 1059 3892 Οὗτος
1098 3828 1370 3891 ἑστιαθεὶς
1397 3829 1547 3900 παρὰ
1578 3831 1800 3899 Σόλωνι,
1830 3836 1930 3888 καῖ⁸

343 3924 689 3996 κοιμώμενος
724 3919 904 3991 ὤφθη,
953 3921 1052 3992 τὴν
1101 3921 1197 3990 μὲν
1247 3921 1545 3990 ἀριστερὰν
1605 3925 1766 3994 χεῖρα
1822 3929 1935 3989 τοῖς

1625 367 1792 428 LUCI
1833 363 2152 425 COMMUN
2159 363 2268 422 ES.

1923 486 1968 535 Α
2068 471 2250 526 Dicito
2279 469 2565 540 quidpiam
2625 469 2849 524 silentio
2894 469 3112 536 melius,
3151 479 3246 525 aut
3291 471 3577 529 silentium

1943 1824 1992 1883 Β

3473 361 3576 425 846

2003 575 2151 619 tene.

2074 653 2345 724 Chrysost.
2389 684 2455 693 —-
2495 652 2752 721 Plerique
2792 653 3112 717 hominum,
3166 669 3291 708 cum
3321 670 3584 712 arcanum

2004 746 2216 816 aliquid
2256 745 2697 809 enuntiaverint,
2733 745 2880 799 serio
2927 743 3239 798 auditorem
3275 755 3505 801 monent
3531 757 3590 801 et

2007 838 2384 903 obtestantur,
2415 837 2758 907 adiguntque
2801 836 3142 905 iuramento,
3199 838 3409 891 nemini
3441 839 3590 892 ultra

2006 927 2290 981 dicturum
2319 943 2332 979 :
2369 927 2586 995 hocque
2621 926 2764 994 ipso,
2804 941 2922 978 rem
2956 941 3015 979 se
3054 925 3274 994 dignam
3310 927 3591 996 vituperio

2007 1018 2246 1082 fecisse,
2284 1017 2434 1072 haud
2467 1017 2707 1071 obscure
2762 1016 3081 1070 recludunt.
3127 1015 3262 1071 Nam
3326 1017 3373 1071 si
3437 1018 3592 1072 illum

2007 1107 2257 1162 hortaris
2285 1122 2550 1178 ac‘rogas
2577 1115 2638 1161 ut
2663 1107 2802 1161 nulli
2826 1107 2985 1162 alteri
3018 1107 3204 1172 dicat,
3237 1109 3441 1177 potiori
3468 1111 3593 1181 jure

2008 1213 2113 1254 nec
2139 1209 2190 1254 te
2221 1199 2302 1254 illi
2331 1199 2488 1269 prius
2510 1198 2696 1253 dicere
2724 1199 3038 1268 oportebat.

2082 1289 2474 1345 Seniorum.—
2511 1290 2649 1344 Ama
2681 1289 2963 1344 silentium
2996 1290 3170 1360 magis
3215 1306 3378 1360 quam
3405 1292 3592 1363 loqui;

2011 1383 2213 1438 horum
2247 1383 2398 1439 enim
2426 1383 2667 1437 altermn
2691 1383 3016 1438 thesaurum
3068 1385 3406 1451 accumulat,
3453 1387 3594 1443 alte-

2015 1490 2138 1529 rum
2172 1475 2462 1545 dispergit.

2086 1568 2204 1622 Prae
2225 1568 2485 1622 omnibus
2517 1566 2809 1637 praeceptis
2838 1566 2984 1621 Deus
3008 1568 3185 1636 quieti
3226 1569 3396 1622 animi
3422 1570 3597 1624 silen-

2015 1658 2160 1712 tium
2190 1658 2378 1728 elegit.
2410 1656 2688 1726 Scriptum
2715 1657 2866 1711 cnim
2897 1665 3016 1710 est:
3043 1655 3212 1727 Super
3245 1675 3400 1728 quem
3431 1661 3598 1729 respi-

2018 1751 2180 1812 ciam,
2222 1750 2324 1802 nisi
2376 1765 2536 1818 super
2586 1747 2837 1802 humilem
2859 1758 2907 1802 et
2941 1751 3180 1818 quietum
3234 1767 3328 1803 seu
3374 1753 3600 1806 tacitum

2024 1841 2162 1912 (Isa.
2193 1856 2338 1905 LXVI,
2355 1840 2446 1908 2)?

2093 1931 2202 1998 Qui
2237 1931 2424 1986 salvus
2444 1944 2564 1984 esse
2595 1928 2896 1994 desiderat,
2928 1930 3273 2001 paupertatis
3299 1947 3362 1986 ac
3392 1931 3602 1986 silentii

2023 2023 2204 2077 cultor
2231 2021 2483 2076 exsistat.

2092 2112 2386 2182 Apollonii.
2411 2114 2686 2184 —Magna
2717 2113 2912 2169 sedulo
2957 2113 3271 2167 adhibenda
3317 2112 3606 2182 diligentia

2024 2212 2131 2268 est,
2159 2211 2221 2258 ut
2253 2219 2319 2258 ea
2350 2203 2580 2260 minime
2614 2205 2882 2274 loquaris,
2927 2219 3049 2274 quae
3085 2219 3196 2258 non
3245 2203 3397 2272 loqui
3423 2202 3604 2256 decet.

2025 2295 2265 2351 Omnino
2295 2296 2444 2350 enim
2496 2297 2696 2351 insulsi
2743 2304 2830 2351 est
2870 2305 2922 2350 cl
2958 2294 3382 2365 indisciplinati,
3438 2293 3608 2347 silen-

2025 2388 2164 2443 tium
2193 2389 2300 2444 sibi
2333 2389 2582 2446 indicere
2612 2407 2724 2445 non
2752 2405 2935 2460 posse,
2979 2388 3075 2445 sed
3105 2405 3228 2459 qua:
3263 2406 3374 2444 non
3405 2403 3610 2443 conve-

2025 2474 2142 2528 niat
2179 2475 2402 2544 garrulo
2425 2491 2524 2530 ore
2547 2476 2790 2533 eli‘utire.

2095 2565 2194 2620 Vir
2218 2565 2462 2636 sapiens,
2496 2568 2660 2622 etiam
2693 2568 2825 2622 dum
2848 2568 2994 2632 silet,
3028 2568 3204 2622 Deum
3229 2569 3489 2635 honorat,
3511 2569 3607 2638 qui

2025 2665 2082 2710 et
2111 2657 2252 2712 sciat
2279 2657 2641 2726 quamobrem
2665 2659 2846 2713 sileat.

2097 2747 2375 2804 Plutarch.
2426 2780 2498 2791 -—
2537 2751 2669 2817 Qua:
2701 2751 2843 2805 velis
2867 2751 3090 2806 silentio
3127 2751 3343 2815 haberi,
3398 2753 3609 2806 nemini

2027 2839 2270 2906 dixeris;
2296 2848 2393 2894 aut
2423 2842 2704 2910 quomodo
2737 2841 2808 2896 ab
2831 2840 2939 2894 alio
2975 2841 3182 2895 silentii
3215 2841 3378 2896 ﬁdem
3411 2842 3606 2912 exigis,

2027 2948 2192 3002 quam
2227 2941 2285 2987 tu
2319 2934 2438 3003 ipse
2471 2934 2569 2988 tibi
2604 2949 2717 2988 non
2757 2919 3104 2988 servaveris?

2098 3023 2276 3078 Silere
2299 3039 2409 3078 non
2446 3025 2613 3079 modo
2667 3025 2817 3079 sitim
2853 3024 3135 3094 prohibet,
3169 3034 3229 3078 ut
3276 3026 3354 3080 ait
3404 3023 3610 3095 llippo-

2030 3124 2232 3178 crates,
2259 3131 2453 3171 verum
2479 3117 2648 3171 etiam
2671 3117 2812 3170 nihil
2843 3117 3140 3171 molestum
3172 3132 3483 3187 expersque
3513 3117 3612 3171 do-

1953 3177 1998 3238 c
2029 3206 2164 3260 loris
2188 3177 2298 3261 est.

2095 3297 2342 3353 Zeno.—
2361 3298 2499 3353 Cum
2534 3300 2782 3370 hospites
2812 3300 3038 3370 quidam
3068 3300 3123 3354 in
3156 3300 3412 3355 convivio
3436 3301 3613 3356 Zeno-

2025 3402 2155 3442 nem
2186 3388 2420 3443 hilarius
2444 3390 2810 3459 accipientes,
2847 3405 3088 3460 eumque
3118 3391 3336 3460 poculis
3370 3390 3612 3444 invitan-

2025 3487 2128 3543 tes,
2165 3479 2394 3534 tacitum
2442 3480 2900 3549 interrogassent,
2947 3481 3081 3550 quid
3123 3481 3192 3534 de
3232 3497 3292 3536 se
3324 3481 3437 3550 regi
3471 3497 3615 3534 nun-

2027 3565 2154 3619 tiari
2178 3566 2385 3620 vellet:
2419 3567 2568 3622 Nihil
2591 3568 2764 3632 aliud,
2796 3567 3177 3638 inquit,quam
3214 3569 3423 3624 vorsari
3449 3569 3617 3623 Athe-

2036 3654 2124 3709 nis
2152 3672 2365 3723 senem,
2395 3657 2492 3727 qui
2529 3657 2587 3711 in
2635 3659 3048 3729 compotatione
3093 3660 3272 3728 possit
3328 3660 3617 3714 silentium

2037 3758 2248 3804 tenere.

2107 3848 2540 3904 Auacharsis.—
2565 3850 2666 3905 Hic
2686 3865 2718 3906 a
2748 3849 2950 3905 Solone
2981 3851 3148 3920 epulo
3180 3860 3462 3921 acceptus,
3491 3867 3617 3906 cum

2035 3950 2093 3990 se
2126 3936 2376 3992 cubitum
2403 3939 2731 4009 recepisset,
2765 3940 2847 3994 sic
2873 3941 3220 4010 compositus
3241 3943 3621 4011 deprehensus

346 4017 588 4089 μορίοις,
647 4014 748 4085 τὴν
803 4014 860 4066 δὲ
905 4013 1090 4078 δεξιὰν
1121 4011 1200 4081 τῷ
1245 4012 1472 4082 στόματι
1525 4017 1922 4088 προσκειμένηι

2039 4032 2139 4090 est,
2177 4034 2237 4080 ut
2272 4027 2502 4082 sinistra
2532 4044 2732 4084 manus
2752 4030 3034 4096 verendis,
3069 4030 3294 4086 dextera
3325 4031 3407 4086 ori
3447 4031 3624 4102 impo-

344 4109 511 4178 ἔχων.
554 4103 1019 4175 Ἑγκρατεστέρου
1051 4102 1158 4172 γὰρ
1188 4101 1328 4171 ᾧετο
1356 4101 1578 4171 χαλινοῦ
1607 4104 1817 4160 δεῖσθαι
1836 4108 1922 4178 rip

2039 4116 2138 4171 sita
2165 4126 2338 4173 esset.
2364 4119 2575 4190 Nempe
2605 4121 2821 4176 fortiori
2868 4122 3028 4177 freno
3072 4122 3316 4194 linguam
3376 4101 3624 4194 indigere

345 4199 623 4272 γλῶτταν.

2033 4208 2288 4276 putabat.

1876 4357 2109 4416 ΝΟΤᾹΞ.

427 4479 501 4550 (h)
540 4478 658 4551 Thr
679 4477 968 4551 ἡσυχίαν.
998 4479 1434 4551 Ηθεγεύμειίιιιη
1475 4479 1715 4551 ἐρημίαν
1751 4491 1922 4551 expo-

2039 4476 2157 4551 liori
2184 4477 2513 4551 quandoque
2556 4478 2894 4551 iabulatione
2922 4481 3253 4551 rumpendo,
3284 4480 3352 4534 iis
3379 4495 3616 4548 praeser-

347 4547 470 4614 nit‘;
495 4547 788 4621 redditque
810 4547 1007 4621 Cicero
1035 4547 1178 4619 apud
1210 4547 1635 4621 XenOphantem
1679 4547 1926 4621 solitudi-

347 4636 494 4678 nem,
522 4633 624 4689 nec
651 4617 855 4689 mirum
881 4616 1208 4689 Christianae
1236 4616 1606 4689 philosophia:
1652 4616 1930 4689 profe_sso~

350 4705 466 4754 res,
489 4687 586 4756 qui
619 4687 724 4742 sibi
759 4703 789 4740 a
821 4688 1008 4742 saeculi
1049 4686 1595 4745 rebus—vacationem
1637 4686 1692 4743 et
1754 4686 1933 4740 otium

389 4757 688 4815 eculiarius
718 4757 1062 4821 indixerunt,
1099 4767 1158 4812 ut
1183 4759 1275 4812 uni
1305 4760 1418 4814 Deo
1452 4759 1672 4827 sibique
1709 4765 1930 4820 vacent,

392 4843 460 4883 oc
512 4827 617 4881 sibi
667 4842 869 4881 nomen
915 4843 1229 4896 usurpasse,
1287 4829 1357 4883 ad
1411 4829 1734 4884 solitudinis
1780 4827 1931 4880 illam

348 4899 598 4970 quietem
630 4897 886 4970 religioso
915 4903 1166 4970 cultuuet‘
1212 4899 1437 4970 silentio
1483 4896 1930 4970 signiﬁcandam,

347 4967 422 5025 ex
447 4984 553 5038 qua
583 4977 638 5047 et
668 4967 1009 5047 'Hauxaqra}
1037 4967 1192 5034 dicti,
1226 4969 1434 5047 quisic
1475 4967 1711 5023 solitarii
1739 4977 1930 5047 agunt,
1966 4981 1968 4983 ·

348 5031 532 5108 eoque
560 5037 783 5092 silentio
811 5031 999 5108 's'cipsi
1025 5031 1192 5108 supra
1223 5031 1282 5093 se
1338 5031 1549 5100 lévant,
1577 5049 1634 5093 et
1683 5031 1931 5108 pro'xime

350 5105 678 5165 caelestibus
722 5107 1008 5178 mentibus
1052 5105 1239 5162 divina
1296 5105 1768 5178 contemplatione
1804 5107 1934 5175 jun-

392 5187 587 5232 untur:
618 5194 650 5231 a
669 5192 780 5246 quo
800 5176 1097 5244 necipsum
1135 5178 1388 5232 monachi
1413 5176 1617 5232 nomen
1645 5178 1928 5231 abhorret.

392 5196 587 5232 untur:
618 5196 650 5231 3
669 5196 780 5246 quo
800 5196 1097 5244 ﬂBClpSUlﬂ
1135 5196 1388 5232 monacm
1413 5196 1617 5232 nomen
1645 5196 1928 5231 annorret.

350 5196 448 5303 gic
473 5249 618 5303 enim
642 5247 768 5318 soli,
805 5246 892 5318 vel
939 5261 1074 5318 cum,
1120 5247 1432 5309 coenobitae,
1477 5256 1533 5302 et
1573 5247 1929 5318 Ἠσυχασταί,

351 5319 451 5388 qui
487 5317 766 5388 silentium
800 5315 962 5388 uni_ce
994 5317 1199 5388 colant,
1231 5333 1297 5388 ac
1328 5317 1519 5388 mundi
1574 5315 1743 5388 curis
1772 5317 1930 5370 vacui

350 5386 639 5444 exsistant.
667 5386 844 5441 Etiam
892 5386 1264 5456 Pythagorici,
1305 5387 1452 5456 quod
1509 5388 1616 5442 sibi
1646 5387 1930 5441 silentium

398 5460 536 5513 rimo
583 5456 848 5527 tirocinio
896 5454 1215 5527 indicebant
1248 5496 1264 5520 ,
1324 5454 1566 5527 ἡσυχίαν
1634 5457 1927 5527 vocabant.

385 5537 539 5582 .aert.
597 5526 904 5597 πενταετὴς
936 5525 1578 5597 ἡσυχίαΑΠυθαγορείων,
1611 5525 1771 5596 Apud
1820 5525 1932 5579 Lu-

353 5601 498 5654 cian.
531 5599 598 5652 de
621 5597 817 5652 eodem
844 5595 1065 5649 silentio
1093 5613 1106 5648 :
1143 5595 1394 5666 Ἡσυχίη
1413 5596 1600 5666 μακρὴ
1648 5595 1742 5666 καί
1779 5599 1932 5666 ἀφωέ

354 5671 468 5730 νία,
497 5667 589 5722 καὶ
619 5671 780 5720 πέντε
815 5665 954 5718 ὅλων
1013 5666 1178 5718 ἐτέων
1217 5664 1440 5736 ,λαλέειν
1475 5664 1664 5736 μηδέν.
1716 5664 1808 5736 Sic
1852 5665 1930 5718 illi

354 5739 550 5809 primae
606 5735 1330 5809 disciplinmsuperstitioso
1381 5735 1447 5789 ad
1480 5734 1655 5809 annos
1685 5734 1931 5809 quinque

356 5804 616 5867 silentio:
653 5804 827 5862 nostri
862 5804 928 5860 ad
954 5819 1172 5860 omnem
1211 5804 1382 5861 vitam
1405 5815 1460 5861 et
1500 5805 1780 5877 religioso,
1819 5805 1930 5858 uti~

2034 4546 2318 4620 tim,_:qui
2372 4546 2579 4620 Christi
2613 4560 2704 4620 et
2759 4546 3138 4619 apostolorum
3207 4551 3334 4604 vita:
3379 4546 3627 4620 propius

2038 4617 2241 4682 aemuli,
2268 4617 2583 4672 institutum
2611 4617 2848 4684 habent,
2881 4621 3085 4674 nedum
3115 4629 3175 4674 ut
3224 4617 3449 4674 silentio
3485 4617 3624 4674 con-

2038 4687 2397 4759 templemur,
2457 4688 2552 4742 sed
2614 4699 2676 4744 ut
2716 4690 2883 4744 ctiam
2941 4691 3313 4759 contemplata
3372 4705 3628 4744 sermone

2038 4757 2278 4831 tradant,
2324 4759 2717 4831 praecipueque
2753 4760 3032 4831 episcopis
3081 4757 3311 4814 munere
3344 4760 3628 4831 adjutores

2035 4826 2338 4900 exsistant,
2360 4844 2479 4900 eam
2501 4826 2564 4882 in
2596 4826 2712 4884 rem
2737 4826 3247 4899 cunctis'aptiores,
3274 4845 3386 4900 quo
3412 4826 3441 4884 ξι
3471 4846 3628 4885 mun-

2036 4895 2092 4949 di
2116 4897 2233 4970 salo
2267 4899 2612 4970 remotior-es,
2634 4901 2866 4970 ejusque
2896 4895 3101 4963 securi,
3127 4916 3195 4956 eo
3223 4895 3624 4969 periclitantes.

2037 4967 2318 5022 saecularis
2356 4967 2570 5024 militia:
2594 4967 2744 5024 viros
2784 4967 2844 5026 et
2881 4972 3147 5026 mulieres
3205 4967 3389 5024 omnis
3427 4977 3624 5030 status.

2035 5050 2313 5108 propense
2341 5040 2571 5108 juvant:
2606 5055 2730 5093 cum
2766 5041 2995 5096 mallent
3055 5051 3236 5094 tacere
3273 5039 3508 5108 unisque
3539 5039 3625 5092 di-

2036 5105 2182 5159 vinis
2206 5105 2450 5179 impendi
2480 5108 2738 5163 laudibus
2797 5125 2860 5163 ac
2893 5105 3483 5179 contemplationibus,
3517 5108 3623 5179 nisi

2037 5190 2200 5249 secus
2228 5178 2508 5249 suaderet,
2534 5187 2590 5232 et
2621 5195 2756 5233 vero
2777 5188 3020 5249 cogeret,
3073 5178 3353 5243 cbaritas;
3387 5178 3630 5249 concilia

2037 5245 2170 5318 item
2221 5247 2524 5318 generalia,
2574 5245 2888 5318 summique
2919 5249 3202 5304 antistites
3246 5248 3625 5302 necessarium

2037 5314 2149 5387 sibi
2173 5315 2483 5371 subsidium
2500 5314 2820 5383 duxissent}
2845 5327 2902 5372 et
2927 5333 3060 5372 vero
3084 5318 3179 5387 qui
3209 5332 3352 5371 onus
3378 5317 3510 5380 satis
3539 5319 3628 5370 in-

2040 5385 2310 5456 telligant,
2364 5403 2703 5456 suorumque
2752 5387 2936 5454 saluti,
2993 5385 3117 5442 non‘
3163 5387 3404 5440 humano
3457 5387 3623 5441 fastui

2038 5455 2316 5520 studeant,
2349 5457 2543 5512 sedulo
2566 5455 2905 5523 adhibeant;
2936 5473 3040 5512 nec
3066 5457 3197 5510 hinc
3251 5456 3625 5513 hierarchiam

2038 5525 2319 5598 so‘|_vi,sed
2341 5527 2547 5598 fulciri,
2585 5537 2664 5598 ut,
2713 5527 2876 5598 linem
2922 5537 3268 5598 assequatur.
3306 5526 3485 5598 probe
3538 5528 3626 5582 in-

2041 5594 2322 5664 telligant;
2396 5597 2544 5649 velut
2594 5597 2762 5650 etiam
2819 5597 3025 5652 divinis
3065 5594 3523 5653 'revelationibus
3571 5600 3624 5652 in

2037 5663 2330 5788 ξοναὲρίπο
2369 5674 2423 5722 et
2465 5665 2772 5733 Dominico,
2804 5668 2972 5723 semel
3004 5678 3060 5723 et
3093 5669 3294 5723 iterum
3337 5667 3480 5722 Deus
3531 5682 3624 5724 os—

2066 5749 2134 5788 cn
2178 5745 2240 5788 ιι.

2066 5745 2240 5788 οῐιαιι.
