3990 6376
269 384 391 449 849

1585 366 1760 431 LOCI
1795 365 2239 430 COMMUNES.

3444 365 3567 431 850‘
3610 444 3611 447 χ

367 490 758 558 Ὀνειδίξοντος
806 485 955 557 αὐτῷ
984 504 1163 552 τινος,
1192 486 1277 541 ὅτι
1318 484 1385 538 eo
1424 482 1602 554 στόμα
1626 477 1865 541 δυσῶδες

2036 479 2418 550 Expro‘brante
2435 478 2673 550 quodam
2695 480 2843 551 quod
2875 495 2974 538 ore
2994 480 3166 538 fetido
3184 489 3355 548 esset,
3386 484 3557 548 Sane,

267 585 430 660 εἶχεο
459 584 647 640 πολλά
678 582 811 657 γὰρ,
844 577 1023 648 εἶπεν,
1056 578 1208 650 αὐτῷ
1251 576 1361 632 τῶν
1394 566 1733 647 ἀπορρήτων
1760 570 1867 637 ἐγ·

267 696 419 734 κατε
428 677 599 749 σάπῃ.

839 851 1061 906 ΛΟΓΟΣ
1098 851 1209 904 KA'
1246 849 1315 905 ⁸⁸.

468 942 612 1013 Περὶ
638 943 1245 1016 πολυπραγμοσύνης
1273 939 1374 994 καὶ
1397 937 1686 1008 ἡσυχίας.

355 1147 541 1198 Amm.
590 1145 645 1194 ι’.
674 1170 746 1181 -
789 1139 1014 1211 Μάρθα,
1049 1136 1276 1209 Μάρθα,
1302 1134 1583 1209 μεριμνᾷς
1609 1131 1706 1186 καὶ
1739 1147 1872 1202 rupe

273 1231 432 1303 ὅάζῃ
458 1231 590 1299 περὶ
624 1229 820 1284 πολλά.
864 1228 1015 1293 Ἑνδς
1061 1228 1120 1281 δέ
1169 1229 1289 1280 ἐστι
1344 1224 1536 1297 χρεία*
1568 1222 1770 1295 ’Μαρία
1804 1219 1870 1274 δὲ

268 1323 385 1394 τὴν
413 1322 627 1392 ἀγαθὴν
665 1320 862 1392 μερίδα
887 1319 1192 1386 ἐξελέξατο,
1222 1318 1347 1390 ἥτις
1373 1317 1475 1372 οὒκ
1503 1313 1873 1387 ἀφαιρεθήσεο

270 1433 376 1469 ’ται
416 1414 511 1470 ἀπ’
535 1414 727 1486 αὐτῆς.

356 1512 421 1563 A'
444 1509 582 1560 Θεσ.
604 1503 1069 1576 ὅπη-Παρακαλῶ
1092 1497 1189 1558 οῦν
1215 1501 1382 1573 ὑμᾶς,
1417 1498 1662 1570 ἀδελφοὶ,
1683 1515 1870 1572 περισ-

273 1599 468 1653 σεύειν
533 1597 737 1667 μᾶλλον
788 1598 885 1651 καὶ
931 1595 1340 1667 φιλοτιμεῖσθαι
1391 1592 1716 1666 ἡσυχάζειν,
1773 1592 1869 1647 καὶ

270 1693 556 1764 πράσσειν
574 1692 644 1745 τά
675 1691 802 1754 ἴδια,
828 1689 925 1744 καὶ
953 1685 1284 1760 ἐργάζεσθαι
1313 1689 1434 1750 ταῖς
1466 1686 1656 1758 χερσὶν
1689 1684 1872 1756 ὑμῶν.

1971 567 2072 635 ait,
2097 570 2271 624 multa
2300 570 2361 624 in
2390 584 2460 625 eo
2488 577 2703 627 secreta
2730 580 3147 643 computruerc.

2504 896 2507 899 .
2552 838 2788 923 suum
2822 840 2965 895 mu.

1970 927 2052 983 De
2099 929 2413 1003 curiositate
2455 932 2894 1003 negotiorumque
2947 933 3345 1000 sollicitudine,
3397 944 3447 988 et
3491 937 3573 988 de-

2323 1001 2497 1078 quiete
2521 1009 2689 1072 atque
2722 1003 2787 1057 ab
2802 1001 2890 1058 eis
2914 1006 3209 1059 vacatione.

2039 1131 2169 1187 ’Luc.
2202 1149 2259 1197 κ,
2294 1134 2386 1190 ω.
2422 1165 2497 1176 -
2520 1132 2757 1204 Martha,
2782 1134 3015 1193 Martha
3061 1138 3303 1194 sollicita
3357 1154 3439 1206 es,
3502 1148 3558 1193 et

1969 1225 2220 1282 turbaris
2245 1238 2379 1299 erga
2414 1228 2686 1300 ‘plurima.
2712 1228 2891 1287 Ῥοττο
2946 1247 3120 1287 unum
3170 1241 3257 1288 est
3284 1247 3557 1288 :necessa-
3666 1228 3675 1235 ’

1970 1316 2151 1373 rium-
2175 1318 2343 1375 Maria
2368 1321 2637 1391 Optimam
2657 1332 2874 1393 partem
2894 1323 3084 1392 elegit,
3111 1339 3235 1395 qua:
3260 1338 3374 1380 non
3398 1325 3555 1379 aufe-

1910 1433 1917 1442 ·
1969 1421 2129 1469 retur
2148 1412 2226 1469 ab
2262 1429 2349 1470 ea.

2040 1504 2075 1559 1
2103 1498 2280 1561 Thess.
2311 1521 2386 1574 IV,
2429 1506 2519 1561 ll.
2554 1537 2624 1547 —
2648 1506 2814 1579 Rogo,
2834 1507 3021 1579 itaque
3067 1522 3191 1573 vos,
3224 1506 3453 1573 fratres,
3497 1516 3583 1563 ut,

1976 1596 2275 1653 abundetis
2313 1598 2489 1670 magis
2517 1639 2532 1665 ,
2560 1606 2620 1655 et
2662 1613 2889 1670 operam
2916 1598 3061 1655 detis
3089 1608 3154 1654 ut
3201 1599 3374 1670 quieti
3412 1599 3579 1658 sitis,

1972 1698 2029 1745 et
2059 1692 2369 1760 operem-iui
2402 1689 2663 1749 manibus
2696 1692 2927 1761 ,vestris.

366 1784 517 1848 Ἰὼϐ,
550 1791 644 1842 ια’.
698 1813 769 1826 ——
810 1755 1163 1853 Ἠσυχάσεις,
1197 1781 1295 1836 καὶ
1323 1780 1424 1834 οὐκ
1461 1755 1617 1833 ἔσται
1648 1779 1677 1831 6
1706 1755 1869 1830 πολε-

2041 1755 2140 1836 Job
2192 1797 2270 1848 tu,
2301 1783 2387 1838 15.
2419 1757 2798 1852 —Quiesces,
2848 1792 3049 1841 etnon
3089 1783 3203 1842 erit
3248 1784 3345 1855 qui
3382 1799 3570 1855 oppuo

273 1890 404 1943 μων
438 1888 522 1927 σε.
1790 1915 1795 1919 .

294 1982 303 1985 ⁷
366 1964 518 2030 Ἰὼϐ,
562 1965 654 2020 10'
662 2005 676 2019 .
738 1995 811 2005 -
846 1962 1197 2032 ’Καταγελῶν
1251 1959 1579 2031 πολυοχλίαν
1638 1957 1870 2026 πόλεως,

279 2053 500 2125 μέμψιν
523 2052 821 2124 φορολόγου
853 2053 954 2107 οὐκ
989 2051 1207 2106 ἀκούει.
1541 2065 1545 2069 ·

359 2150 541 2219 Σιρὰχ
595 2156 692 2204 ια’.
721 2178 789 2188 -
843 2148 1069 2216 Τέκνον,
1107 2147 1183 2217 μὴ
1230 2145 1364 2217 περὶ
1400 2144 1574 2199 πολλὰ
1626 2142 1872 2198 ἔστωσαν

281 2242 349 2294 ai
404 2242 632 2313 πράξεις
696 2258 825 2296 σου·
867 2239 965 2296 ὲάν
1016 2239 1128 2311 γὰρ
1184 2237 1488 2311 πληθύνῃς,
1538 2237 1641 2292 οὐκ
1693 2236 1872 2302 ἀθῶος

277 2333 407 2405 ἔσῃ.

356 2427 704 2482 Βασιιείου,
739 2455 810 2470 --
841 2426 1054 2496 Ὥσπερ
1087 2423 1197 2494 γὰρ
1227 2423 1296 2479 τά
1344 2422 1512 2495 θηρία
1561 2420 1875 2492 εὐκαταγώ-

276 2520 448 2574 νιστά
506 2522 612 2573 εἰσι
656 2509 1124 2592 καταψηχθένταο
1189 2516 1385 2582 οὕτως·
1439 2515 1730 2588 ἐπιθυμίαι
1776 2515 1873 2570 καὶ

276 2596 450 2683 ὅργαὶ
488 2612 584 2667 καὶ
629 2611 785 2682 φόϐοι
835 2611 931 2665 καὶ
957 2611 1146 2672 λύπαι,
1197 2611 1267 2664 τά
1325 2608 1507 2665 ίοὸόλα
1546 2608 1646 2681 τῆς
1691 2607 1874 2679 ψυχῆς

279 2704 459 2771 κακὰ,
502 2704 944 2761 κατευνασθέντα
981 2706 1071 2760 διά
1110 2706 1211 2777 τῆς
1240 2704 1495 2777 ἡσυχίας,
1517 2702 1622 2758 ,καὶ
1677 2701 1753 2777 μὴ
1785 2700 1874 2767 ἑξ-

278 2795 690 2867 αγριαινόμενα
746 2795 824 2866 τῷ
863 2798 1082 2867 συνεχεῖ
1134 2794 1440 2869 ἐρεθισμῷ,
1495 2794 1872 2863 εὐκαταγωνι-

278 2887 521 2957 στότερα
555 2889 624 2960 τῇ
657 2888 890 2959 δυνάμει
912 2889 1009 2944 τοῦ
1041 2889 1203 2957 λόγου
1234 2889 1465 2958 γίνεται.

370 2975 605 3047 Ἡσυχία
673 2968 768 3032 οῦν
815 2978 961 3051 ἀρχὴ
1009 2978 1335 3051 καθάρσεως
1372 2973 1449 3050 ’τῇ
1506 2976 1676 3049 ψυχῇ,
1732 2976 1870 3048 μήτε

1971 1881 2102 1944 gnet
2124 1882 2204 1929 te.

2040 1963 2140 2019 Job
2189 1980 2376 2033 nm,
2414 1966 2467 2022 7.
2498 1998 2570 2008 —
2612 1966 2858 2025 Irridens
2898 1970 3116 2026 turbam
3150 1970 3394 2027 civitatis
3418 2010 3432 2034 ,
3472 1985 3563 2024 re-

1972 2056 2404 2127 prehensionem
2439 2059 2712 2116 cxactoris
2739 2075 2856 2116 non
2882 2061 3060 2119 audit.

2047 2136 2211 2213 Eccfi.
2247 2165 2323 2215 ιι,
2360 2149 2447 2205 10.
2471 2182 2543 2191 -
2565 2150 2690 2219 Fili,
2736 2167 2808 2208 ne
2844 2153 3203 2209 circa'multa
3248 2154 3360 2210 sint
3403 2161 3578 2210 actus.

1974 2240 2057 2296 tui
2088 2258 2102 2295 :
2136 2242 2185 2297 si
2216 2243 2366 2298 enim
2394 2242 2878 2315 multiplicaveris,
2903 2245 3099 2303 insons
3127 2261 3243 2302 non
3273 2245 3430 2327 erisa

2048 2416 2262 2473 Basilii.
2285 2444 2357 2458 -—
2381 2419 2453 2475 Ut
2487 2419 2639 2475 enim
2680 2420 2875 2477 bestiae
2895 2420 2944 2476 si
2973 2414 3322 2478 defricentur
3365 2437 3430 2477 ac
3464 2421 3564 2477 de-

1975 2509 2349 2577 inulceantur,
2398 2510 2563 2567 facile
2608 2521 3029 2584 expugnantur;
3069 2513 3153 2569 sic
3186 2511 3567 2583 cupiditates,

1977 2601 2095 2667 irae,
2120 2602 2352 2658 timores
2380 2644 2395 2669 ,
2449 2602 2691 2672 dolores,
2709 2611 2992 2661 venenata
3034 2605 3206 2661 animi
3255 2607 3421 2671 mala,
3454 2620 3563 2660 va-

1974 2693 2289 2751 cationeaac
2328 2696 2552 2753 silentio
2583 2704 2751 2769 atque
2782 2697 2901 2754 otio
2938 2699 3258 2770 consepita,
3312 2709 3418 2754 nec
3440 2697 3574 2769 jug‘r

1974 2785 2341 2856 proritatione
2392 2786 2656 2855 efferata,
2707 2788 2766 2844 vi
2819 2787 3058 2845 rationis
3112 2789 3338 2846 facilius
3417 2788 3560 2845 edo-

1975 2875 2120 2930 mari
2149 2885 2404 2947 possunt.

2045 2966 2217 3036 Quies
2245 2969 2415 3041 igitur
2438 2978 2503 3027 et
2523 2968 2744 3029 vacatio
2773 2986 2873 3030 seu
2903 2974 3101 3043 Otium,
3146 2971 3563 3055 emundationis

277 3065 545 3138 γλώσσης
572 3067 844 3139 λαλούσης
869 3070 942 3123 τά
974 3070 1085 3123 τῶν
1110 3069 1440 3141 ἀνθρώπων,
1484 3071 1625 3141 μήτε
1674 3067 1870 3138 ὀφθαλ-

1996 3060 2177 3116 minue
2193 3062 2539 3133 principium
2575 3071 2682 3131 est,
2733 3080 2861 3121 cum
2889 3080 3072 3137 neque
3097 3064 3287 3137 lingua
3320 3077 3412 3119 res
3452 3062 3563 3117 huc

278 3159 411 3232 μῶν
458 3161 717 3234 εὐχροίας
768 3161 1039 3233 σωμάτων
1071 3162 1167 3217 καὶ
1208 3161 1554 3233 συμμετρίας
1612 3177 1874 3230 περισκο⁶

278 3252 562 3320 πούντων,
599 3253 739 3325 μήτε
767 3254 937 3325 ἀκοῆς
971 3252 1062 3308 τὸν
1097 3253 1253 3308 τόνον
1298 3253 1399 3324 τῆς
1440 3252 1620 3324 ψυχῆς
1647 3250 1875 3306 ἐκλυού-

281 3362 395 3418 σης
427 3346 488 3400 ὲν
515 3346 783 3418 ἀκροάσει
810 3347 1003 3419 μελῶν
1027 3347 1166 3419 πρὸς
1205 3347 1401 3418 ἡδονὴν
1443 3345 1833 3417 πεποιημένων
1855 3362 1871 3380 ο

278 3438 433 3510 μήτε
482 3426 728 3511 ῥήμασιν
752 3440 1108 3511 εὐτραπέλων
1153 3440 1249 3493 καὶ
1289 3436 1625 3507 γελοιαστῶν
1664 3436 1877 3509 ἀνθρὼ-

278 3547 433 3594 πων,
456 3530 486 3584 ὃ
518 3531 756 3602 μάλιστα
793 3531 944 3586 λύειν
971 3530 1075 3601 τῆς
1098 3530 1282 3603 ψυχῆς
1306 3529 1399 3585 τὸν
1422 3529 1577 3584 τόνον
1604 3527 1869 3599 πέφυκεν.

360 3704 508 3770 Νοῦς
551 3706 661 3776 μὲν
710 3705 821 3778 γὰρ
870 3706 947 3780 μὴ
1007 3689 1437 3779 σκεδαννύμενος
1484 3705 1578 3759 ἐπὶ
1622 3705 1693 3760 τὰ
1742 3702 1870 3773 ἔξω,

292 3797 433 3867 μηδὲ
456 3797 563 3851 ὑπὸ
591 3797 702 3853 τῶν
727 3798 1102 3871 αἰσθητηρίων
1147 3799 1253 3853 ἐπὶ
1284 3797 1379 3853 τὸν
1414 3798 1621 3870 κόσμον
1662 3797 1875 3868 διαχεό-

289 3904 475 3956 μενος,
502 3890 754 3944 ὲπάνεισι
783 3890 885 3961 μὲν
912 3890 1051 3962 πρὸς
1079 3891 1273 3944 ἑαυτόν
1290 3906 1304 3920 ’
1333 3890 1401 3944 δι’
1431 3888 1626 3945 ἑαυτοῦ
1653 3889 1711 3943 δὲ
1737 3887 1875 3961 πρὸς

282 3977 391 4049 τὴν
424 3980 554 4049 περὶ
583 3977 721 4034 Θεοῦ
748 3979 962 4034 ἔννοιαν
990 3979 1275 4034 ἀναϐαίνει
1294 3996 1309 4011 ο
1338 3978 1582 4051 κάκείνῳ
1609 3979 1687 4051 τῷ
1736 3978 1872 4034 κάλ-

280 4070 375 4121 λει
409 4068 895 4141 περιλαμπόμνός
923 4086 985 4121 τε
1033 4070 1127 4123 καὶ
1156 4064 1597 4140 ¹ἔῑλλαμπόμενος,
1642 4067 1740 4122 καὶ
1778 4068 1877 4122 αὑ-

279 4162 393 4230 τῆς
423 4160 522 4229 τῆς
551 4159 770 4230 φύσεως
800 4159 974 4231 λήθην
1003 4159 1292 4230 λαμϐάνει,
1327 4160 1468 4230 μήτε
1500 4160 1639 4232 πρὸς
1667 4158 1875 4231 τροφῆς

280 4250 572 4321 φροντίδα,
634 4244 772 4323 μήτε
818 4252 955 4323 πρὸς
1005 4249 1374 4324 περιϐολαίων
1427 4250 1722 4323 μέριμναν,
1773 4250 1874 4321 τὴν

278 4341 471 4414 ψυχὴν
495 4336 895 4416 καθελκόμενος
919 4360 932 4373 ”
971 4342 1108 4397 ἀλλὰ
1154 4340 1349 4414 σχολὴν
1381 4341 1489 4395 ἀπὸ
1531 4340 1641 4394 τῶν
1669 4340 1874 4410 γηΐνων

1978 3163 2169 3205 manas
2190 3150 2460 3221 loquitur,
2506 3167 2613 3208 nec
2638 3154 2788 3209 oculi
2839 3155 3090 3210 colorum
3131 3153 3290 3209 fucos
3321 3159 3562 3223 apteque

1977 3235 2246 3307 disposita
2298 3253 2365 3294 ac
2409 3242 2681 3297 conciam
2733 3242 3067 3315 corporibus
3107 3242 3357 3298 membra
3387 3241 3565 3312 ἀίερί-

1977 3327 2154 3394 ciunt,
2180 3343 2288 3385 nec
2313 3344 2477 3387 aures
2500 3333 2671 3389 animi
2700 3341 2951 3391 tenorem
2970 3333 3215 3400 solvunt,
3264 3333 3572 3389 audiendis-

1976 3420 2211 3478 canticis
2238 3421 2308 3478 ad
2334 3425 2677 3495 vdluptatem
2700 3426 3027 3493 modulatis,
3063 3434 3161 3481 aut
3201 3425 3370 3480 dictis
3402 3436 3562 3480 scur-

1977 3510 2175 3569 rilibus
2217 3529 2283 3569 ac
2322 3510 2584 3573 ridiculis
2612 3559 2627 3585 ,
2680 3534 2806 3590 qua:
2861 3519 3034 3575 animi
3095 3517 3429 3590 gravitatem
3470 3517 3563 3573 vel

1976 3603 2214 3660 maxime
2237 3598 2447 3664 elidere
2464 3608 2889 3669 'aclabe'factare
2910 3610 3110 3666 solent.
3234 3592 3243 3601 ’

2039 3695 2364 3754 ﬂensenim
2388 3714 2514 3757 cum
2540 3701 2609 3757 ad
2640 3718 2730 3759 res
2787 3712 3046 3759 externas
3083 3720 3194 3760 non
3237 3703 3561 3775 dissipetur,
3592 3754 3595 3759 .

1976 3802 2084 3844 nec
2111 3804 2143 3844 a
2174 3791 2436 3849 sensibus
2459 3790 2529 3848 ad
2565 3808 2631 3849 ea
2660 3804 2785 3866 qua:
2823 3796 3013 3851 saeculi
3044 3805 3178 3852 sunt
3224 3803 3577 3866 terrenaque

1976 3880 2338 3951 diffunditur,
2368 3886 2439 3941 ad
2470 3887 2710 3959 seipsam
2744 3887 3069 3956 revertitur,
3105 3903 3172 3944 ac
3217 3903 3318 3959 per
3349 3902 3409 3943 se
3442 3888 3595 3958 ipsa.»

1976 3977 2044 4032 ad
2086 3976 2185 4032 Dei
2212 3976 2469 4032 ascendit
2494 3976 2960 4049 intelligentiam;
2994 3994 3107 4050 quo
3153 3978 3418 4035 videlicet
3442 3978 3562 4034 col-

1975 4069 2210 4125 lustrata
2241 4067 2542 4140 splendore
2577 4084 2643 4125 ac
2695 4069 3071 4137 circumfusa,
3120 4070 3307 4142 ipsius
3339 4086 3583 4142 quoque-

1975 4154 2188 4216 natura:
2212 4159 2602 4227 obliviscitur;
2631 4159 2796 4233 599
2812 4176 2926 4217 non
2948 4161 3201 4217 alimenti
3228 4167 3423 4228 causa,
3450 4177 3565 4217 non

1974 4251 2295 4307 vestimenti
2329 4252 2580 4306 animum
2603 4251 2932 4318 sollicitans,
2964 4251 3062 4307 sed
3114 4252 3355 4308 terrenis
3411 4252 3598 4307 curis.

1975 4341 2214 4397 liberata
2246 4382 2263 4407 ,
2310 4341 2555 4397 studium
2591 4354 2758 4397 omne
2783 4350 2952 4412 atque
2979 4356 3206 4411 operam
3233 4341 3301 4396 ad
3357 4342 3563 4411 sempi-

283 4433 594 4502 φροντίδων
630 4434 801 4503 ἄγων,
827 4433 927 4505 τὴν
950 4435 1130 4488 πᾶσαν
1162 4432 1362 4486 ἑαυτοῦ
1394 4431 1629 4506 σπουδὴν
1649 4432 1743 4486 ἐπὶ
1769 4432 1869 4504 τὴν

1996 4442 2144 4487 Lerna
2172 4432 2321 4487 bona
2353 4431 2728 4503 comparanda
2775 4431 3029 4498 confert;
3070 4429 3354 4501 quomodo
3412 4429 3565 4486 scili-

180 4534 189 4539 '
283 4521 492 4592 κτῆσιν
511 4524 620 4577 τῶν
641 4523 874 4577 αἰωνίων
894 4521 1119 4593 ἀγαθῶν
1147 4521 1499 4594 μετατίθησι,
1521 4520 1640 4586 πῶς
1682 4539 1882 4593 κατορ-

282 4612 444 4683 Θωθῇ
483 4612 631 4684 αὐτῷ
665 4615 699 4685 ἡ
736 4616 1061 4685 σωφροσύνη
1091 4615 1187 4668 καὶ
1230 4615 1264 4686 ή
1309 4613 1533 4684 ἀνδρεία
1557 4629 1572 4645 ⁸
1603 4612 1720 4676 πῶς
1752 4613 1809 4666 δὲ
1845 4613 1880 4683 ἡ

282 4705 611 4775 δικαιοσύνη
647 4707 743 4781 καὶ
771 4708 805 4777 ἡ
848 4707 1147 4779 φρόνησις,
1170 4705 1265 4761 καὶ
1290 4706 1346 4759 αἱ
1371 4704 1560 4759 λοιπαὶ
1596 4704 1809 4776 ἀρεταί.

380 4797 470 4851 Ἑν
498 4799 612 4860 τοῖς
642 4798 863 4851 ἕλκουσι
892 4798 1006 4869 ’τὴν
1034 4797 1215 4869 ψυχὴν
1259 4796 1354 4852 καὶ
1388 4796 1648 4868 ἀσχολίας
1694 4795 1879 4867 βιωτι-

285 4886 399 4949 κὰς
429 4887 775 4958 ἐμποιοῦσιν,
802 4888 1193 4962 περιγενέσθαι
1211 4888 1311 4960 τῆς
1332 4888 1597 4943 ἐπιπόνου
1620 4888 1876 4961 μελέτης,

284 4978 600 5048 ἀμήχανον.

369 5068 689 5138 Θεολόγυυ.
712 5100 785 5110 -
810 5068 932 5143 Χρή
963 5088 1016 5124 τι
1046 5070 1142 5124 καὶ
1166 5070 1484 5143 ἡσυχάζειν,
1511 5068 1653 5124 ὥστε
1676 5069 1880 5127 ἀθολὼ-

288 5175 409 5222 τως
438 5161 792 5232 προσομιλεῖν
821 5163 901 5233 τῷ
929 5163 1052 5233 Θεῷ
1077 5179 1093 5194 ο
1129 5163 1230 5218 καὶ
1281 5162 1479 5236 μικρόν
1521 5181 1576 5217 τι
1620 5163 1879 5233 συνάγειν

286 5251 387 5307 τὸν
415 5251 540 5310 νοῦν
574 5253 684 5308 ἀπὸ
711 5253 816 5309 τῶν
858 5253 1209 5310 πλανώντων.

363 5494 657 5604 Τηροῦμεν
697 5494 794 5595 τάς
827 5532 1075 5602 ἀλλήλων
1103 5532 1406 5605 ἁμαρτίας,
1437 5534 1536 5605 οὐχ
1562 5534 1647 5589 ἵνα
1680 5532 1884 5607 θρηνή-

291 5638 506 5693 σωμεν.
533 5621 649 5675 ἀλλ’
702 5622 769 5676 ἶν’
814 5623 1200 5694 ὀνειδίσωμεν·
1242 5624 1365 5678 οὐδὲ
1403 5624 1489 5679 ἵνα
1524 5623 1879 5697 θεραπεῦσω-

367 5779 414 5810 ⁵⁸
448 5779 543 5835 Est
575 5778 629 5833 in
658 5778 821 5835 Gesn.
858 5778 1014 5834 Stob.
1059 5781 1148 5837 49.

1984 4535 2078 4581 cet
2100 4523 2526 4596 temperantiam
2579 4532 2638 4579 et
2680 4521 3069 4579 fortitudinem
3091 4563 3107 4587 ,
3151 4521 3436 4593 quomodo
3467 4522 3563 4592 ju-

1982 4615 2192 4672 stitiam
2228 4622 2287 4671 et
2337 4613 2692 4686 prudentiam
2718 4654 2734 4679 ,
2766 4627 2834 4673 ae
2872 4613 3118 4668 virtutes
3136 4612 3388 4683 reliquas
3418 4627 3563 4682 prae-

1983 4715 2093 4764 stet
2124 4716 2184 4763 et
2217 4707 2464 4778 impleat.

2052 4800 2204 4857 Fieri
2238 4804 2357 4870 non
2390 4788 2668 4870 potestut
2712 4799 2860 4854 inter
2889 4812 2954 4854 ea
3008 4813 3133 4868 quae
3175 4795 3424 4852 animum
3449 4795 3578 4851 dis-

1986 4893 2242 4959 trahunt,
2291 4908 2357 4948 ac
2385 4892 2573 4949 saeculi
2620 4905 2788 4948 curas
2842 4891 3125 4963 injiciunt,
3175 4898 3409 4949 strenuo
3444 4888 3580 4960 quis

1985 4995 2191 5043 conatu
2216 4987 2527 5042 caelestium
2561 4984 2926 5042 meditatione
2950 4983 3226 5054 potiatur.

2058 5079 2324 5151 Theologi.
2357 5110 2429 5120 —
2466 5078 2739 5134 Nonnihil
2767 5078 2936 5133 etiam
2981 5076 3233 5133 dandum
3282 5074 3456 5145 quieti
3502 5088 3571 5154 ac

1990 5171 2243 5238 silentio,
2278 5182 2343 5229 ut
2373 5172 2659 5229 inturbata
2697 5180 2886 5227 mente
2911 5186 3038 5227 cum
3062 5171 3177 5225 Deo
3202 5182 3581 5232 consuescere

1989 5264 2610 5335 liceat,familiariaque
2640 5260 2785 5321 tum
2846 5279 2917 5320 eo
2963 5263 3200 5319 miscere
3252 5260 3568 5335 colloquia;

1982 5347 2050 5409 ac
2084 5355 2362 5415 tantisner
2386 5369 2419 5410 a
2455 5355 2627 5410 rebus
2668 5353 2965 5409 fallacibus
2992 5363 3049 5408 et
3080 5368 3203 5424 quae
3231 5352 3287 5406 in
3316 5365 3567 5407 errorem

1983 5446 2233 5509 mittunt,
2258 5446 2659 5502 subducendus
2688 5445 2927 5501 animus.

2050 5535 2158 5589 Alii
2192 5537 2428 5591 aliorum
2481 5545 2666 5592 errata
2712 5535 3097 5600 observamus,
3133 5551 3246 5589 non
3286 5542 3347 5588 ut
3374 5532 3569 5602 lugea-

1984 5642 2128 5692 mus,
2176 5628 2274 5682 scd
2319 5636 2380 5683 ut
2437 5628 2887 5698 exprobremus,
2941 5643 3121 5699 neque
3174 5638 3235 5683 ut
3285 5639 3582 5686 curemus,.
