3990 6362
425 329 528 396 851

1575 335 1636 396 S.
1679 334 1967 395 MAXIMI
2011 333 2522 396 CONFESSORIS

3580 328 3691 395 852

424 440 520 495 sed
555 449 616 494 ut
646 455 788 495 noxa
818 441 1074 510 graviore
1100 455 1439 510 premamus,
1487 439 1837 518 proximique
1882 441 1990 495 vul-

2124 461 2233 510 1.8V,
2257 443 2376 498 ἀλλ’
2411 444 2498 497 ἵνα
2528 441 2990 514 προσπλήξωμεν,
3019 439 3115 496 καὶ
3140 438 3439 510 ἀπολογίαν
3468 437 3692 510 ἔχωμεν

421 546 558 585 nera
587 540 906 588 nostrorum
973 533 1243 587 malorum
1307 532 1724 588 excusationem
1795 533 2003 587 habea-

417 637 564 679 mus.

490 712 776 769 Subducta
809 714 1054 786 negotiis
1083 717 1245 785 quies
1289 730 1354 769 ac
1400 716 1618 770 vacatio
1665 717 1734 772 iis
1773 716 2004 786 quaesita

417 806 673 862 claritate
720 822 1132 878 munerumquc
1174 807 1401 901 infulis‘
1453 811 1807 878 praestantior
1859 809 2006 864 exsi-

416 899 537 954 stit.

439 1046 447 1052 ,
489 992 650 1046 Prov.
678 997 806 1059 xvn,
844 993 894 1046 1.
952 991 1220 1065 Chrysost.
1252 1024 1323 1032 —
1372 993 1565 1049 Melior
1611 1001 1699 1049 est
1751 993 2003 1048 buccella

416 1085 580 1153 panis
612 1084 671 1139 in
703 1086 816 1141 sale
840 1100 966 1140 cum
998 1085 1188 1155 quiete
1223 1094 1281 1141 et
1324 1086 1644 1150 securitate,
1673 1100 1837 1154 quam
1882 1085 2002 1138 lau-

418 1183 600 1230 tarum
639 1177 932 1246 epularum
973 1187 1274 1247 apparatus
1319 1193 1385 1232 ac
1431 1192 1625 1232 mensa
1682 1191 1810 1231 eum
1849 1175 2001 1230 curis

415 1268 661 1322 animum
689 1268 1139 1324 distrahentibus
1162 1277 1221 1324 et
1255 1268 1761 1324 sollicitudinibus.

485 1360 609 1415 Non
633 1361 784 1415 enim
821 1361 942 1416 fieri
979 1371 1182 1431 potest,
1214 1371 1277 1417 ut
1301 1360 1397 1431 qui
1431 1361 1667 1415 alienam
1711 1360 1883 1414 vitam
1935 1376 2000 1416 ac

413 1465 601 1506 mores
632 1452 910 1507 curiosius
958 1453 1215 1517 rimatur,
1267 1451 1314 1506 is
1353 1467 1594 1521 unquam
1641 1466 1772 1506 suos
1817 1459 1995 1506 curet.

410 1541 551 1597 Cum
580 1544 728 1598 enim
756 1542 1029 1613 quidquid
1059 1543 1137 1596 illi
1172 1558 1354 1612 operae
1377 1550 1464 1597 est
1492 1543 1548 1596 in
1571 1558 1691 1597 eam
1713 1558 1830 1597 rem
1861 1559 1996 1598 con-

408 1632 556 1689 ferat
587 1649 652 1690 ac
685 1634 961 1699 insumat,
1014 1649 1246 1689 necesse
1281 1642 1366 1688 est
1419 1641 1478 1687 ut
1518 1649 1642 1703 quae
1687 1633 1839 1688 illius
1867 1644 1998 1690 sunt

413 1734 624 1780 temere
652 1726 1019 1796 neglectaque
1044 1711 1289 1796 jaceant.

2105 536 2215 589 τῶν
2242 535 2527 608 ἡμετέρων
2559 535 2747 591 κακῶν
2774 535 2844 589 τὰ
2871 534 2980 589 τῶν
3009 535 3235 605 πλησίον
3258 533 3574 606 τραύματα.

2188 716 2254 769 Ἢ
2283 714 2595 786 ἀπράγμων
2629 714 2852 785 ἡσυχία,
2881 713 2981 784 τῆς
3030 713 3088 768 ὲν
3119 713 3408 784 πράγμασι
3452 728 3693 784 περιφα-

2105 809 2253 872 νείας
2287 805 2615 877 τιμιωτέρα.

2173 990 2549 1056 Χρυσοστ.-
2580 987 2624 1038 Κ
2637 987 2850 1057 ρεῖσσον
2890 984 3000 1054 γάρ
3027 983 3219 1054 ψωμδς
3256 984 3314 1036 ὲν
3360 982 3518 1036 ἆλατι
3563 977 3688 1050 μεθ’

2102 1081 2334 1152 ἡσυχίας
2393 1079 2488 1133 καὶ
2547 1077 2904 1150 ἀμεριμνίας,
2947 1077 2980 1148 ἢ
3031 1076 3337 1147 παράθεσις
3367 1073 3688 1140 ἐδεσμάτων

2103 1169 2408 1224 πολυτελῶν
2438 1171 2496 1223 ὲν
2529 1169 2936 1240 περισπασμοῖς
2965 1166 3059 1221 καί
3096 1165 3412 1236 μερίμναις.

2176 1353 2251 1407 Ού
2296 1351 2406 1421 γὰρ
2451 1349 2602 1402 ἔστιν
2653 1347 2939 1418 ἄνθρωπον
2983 1345 3114 1406 τοὺς
3166 1341 3483 1413 ἀλλοτρίους
3511 1341 3688 1394 πολυ-

2103 1441 2529 1518 πραγμονοῦντα
2556 1440 2726 1511 βίους,
2752 1438 2857 1508 τῆς
2887 1438 3096 1500 οἰκείας
3120 1434 3524 1506 ἐπιμεληθῆναί
3549 1451 3684 1486 ποτε

2101 1537 2267 1608 ζωῆς.
2303 1534 2415 1604 Τῆς
2447 1533 2556 1602 γὰρ
2593 1531 2829 1601 σπουδῆς
2859 1527 3008 1599 αὐτῷ
3055 1527 3240 1598 πάσης
3288 1529 3370 1590 είς
3424 1525 3523 1596 τὴν
3570 1525 3684 1577 τῶν

2099 1629 2305 1700 ἐτέρων
2328 1623 2866 1694 πολυπραγμοσύνην
2890 1619 3344 1690 άναλισκομένης,
3371 1617 3585 1686 ἀνάγκη
3609 1615 3682 1670 τά

2101 1720 2269 1776 αὐτοῦ
2299 1717 2488 1780 ἁπλῶς
2515 1715 2729 1770 κεῖσθαι
2763 1716 2860 1769 καὶ
2880 1711 3266 1784 ἠμελημένως.

482 1791 754 1871 Philonis:
775 1848 845 1856 —
874 1791 974 1873 Vir
1013 1791 1240 1887 sapiens
1279 1817 1600 1873 solitudinis
1639 1817 1754 1873 otia
1797 1819 1990 1873 vitam-

2173 1812 2461 1876 Φίλωνος.
2490 1837 2562 1852 ο-
2601 1808 2661 1861 '0
2711 1805 2875 1875 σοφὸς
2921 1804 3158 1875 ἠρεμίαν
3189 1803 3285 1856 καὶ
3317 1799 3681 1873 ἀπραγμοσύ-

409 1925 519 1980 que
547 1925 576 1964 a
607 1910 847 1980 negotiis
877 1925 1110 1964 vacuam
1135 1925 1200 1965 ac
1221 1910 1590 1965 cessationem
1614 1911 1994 1980 persequitur,

409 2015 522 2070 quo
565 2000 831 2054 nimirum
889 1998 1095 2054 divinis
1159 1999 1731 2070 contemplationibus
1772 2001 1996 2056 silentio

409 2108 580 2163 agens
611 2101 961 2148 consuescat.

478 2183 577 2238 Vir
625 2184 848 2253 sapiens
890 2183 1122 2255 perfuga
1151 2193 1256 2250 est,
1300 2185 1769 2255 transmigratque
1809 2201 1839 2239 a
1880 2186 1995 2238 vita

408 2273 740 2342 perturbata
788 2283 955 2344 atque
998 2273 1229 2330 confusa
1267 2275 1335 2329 ad
1380 2275 1598 2330 beatam
1647 2291 1768 2330 eam
1797 2275 1991 2341 vitam,

407 2381 532 2434 qua:
557 2365 818 2435 paciﬁcos
847 2365 1029 2421 decet.

481 2456 722 2527 Evagrii.
758 2458 986 2512 Praestat
1036 2459 1092 2512 in
1146 2467 1331 2513 storca
1367 2459 1646 2528 jacentem
1687 2475 1856 2530 agere
1890 2463 1993 2514 bo-

405 2565 592 2620 noque
613 2550 800 2605 animo
827 2566 972 2617 csse,
1005 2567 1171 2621 quam
1203 2553 1258 2606 in
1282 2551 1430 2606 lecto
1474 2567 1644 2607 aureo
1679 2553 1830 2608 curis
1861 2569 1993 2623 per-

405 2641 643 2696 turbari.

473 2733 726 2802 Quatuor
773 2751 842 2790 ex
889 2736 1061 2792 rebus
1116 2738 1339 2793 animus
1396 2740 1645 2794 incultus
1697 2739 1989 2804 redditur,

403 2826 552 2896 quod
576 2842 687 2881 non
715 2827 833 2897 ipse
863 2843 1057 2883 secum
1090 2830 1279 2899 quiete
1305 2840 1474 2901 atque
1509 2832 1626 2886 otio
1649 2841 1792 2903 agat,
1839 2833 1991 2901 quod

405 2915 639 2970 distrahi
670 2917 1058 2987 rerumcuris
1112 2933 1179 2973 ac
1223 2920 1465 2990 negotiis
1513 2921 1714 2975 lubens
1762 2921 1989 2986 habeat,

404 3007 555 3077 quod
585 3015 807 3062 terrena
829 3009 1207 3078 concupiscat,
1233 3026 1298 3065 ac
1345 3012 1493 3082 quod
1539 3027 1860 3083 praepareus
1889 3027 1990 3066 ex-

403 3095 588 3151 sistat.

473 3189 604 3244 Nili.
636 3191 852 3247 —-Vita
895 3192 1081 3264 quieta
1103 3203 1269 3265 atque
1305 3197 1520 3266 privata
1575 3205 1846 3266 extraque
1886 3212 1989 3252 ne-

403 3280 575 3348 gotia,
604 3280 925 3338 divitiarum
960 3285 1304 3342 abundantia
1329 3287 1602 3343 illustrior
1632 3287 1872 3342 exsistit.

478 3365 588 3422 Res
618 3367 758 3424 dura
780 3380 867 3426 est
891 3370 958 3426 iis
993 3372 1090 3441 qui
1126 3373 1238 3443 jam
1259 3388 1459 3428 recens
1481 3373 1684 3428 saeculo
1729 3373 1990 3427 nuntium

406 3458 722 3526 remittunt,
748 3461 1069 3517 solitudinis
1101 3465 1264 3533 quies
1285 3478 1350 3517 ac
1369 3463 1534 3534 600
1561 3463 1810 3530 vacatio;
1837 3462 1989 3532 quod

405 3558 542 3604 tunc
577 3553 846 3630 memoria
875 3554 1228 3610 occasionem
1279 3564 1442 3610 nacta
1489 3553 1715 3609 insitam
1767 3569 1989 3610 omnem

405 3639 818 3700 immunditiem
842 3657 1212 3712 commoveat,
1246 3664 1381 3704 .eum
1416 3648 1473 3703 id
1498 3656 1628 3704 ante
1663 3647 1716 3703 ei
1747 3648 1989 3704 liberum

402 3745 517 3785 non
565 3741 736 3799 esset,
780 3734 853 3789 ob
903 3737 1076 3791 multa
1136 3738 1229 3792 illa
1286 3737 1494 3808 quibus
1544 3737 1986 3804 distrahebatur,

399 3822 641 3892 negotia.

470 3911 1021 3984 Cyrilli.—Turbato
1049 3919 1234 3974 animo
1262 3929 1430 3991 atque
1457 3921 1642 3987 anxio,
1670 3934 1851 3992 neque
1886 3922 1989 3976 ho-

396 4005 542 4058 nesti
576 4014 745 4076 atque
771 4007 1045 4064 virtutum
1073 4011 1182 4064 ulla
1213 4012 1498 4082 cogitatio,
1525 4027 1707 4083 neque
1735 4013 1834 4068 Dei
1861 4029 1986 4084 gra-

400 4093 474 4148 tia
503 4096 739 4151 accedit.

467 4185 771 4242 Athanasii.
805 4220 876 4228 —
923 4191 1121 4248 Melius
1155 4202 1240 4249 cst
1274 4203 1335 4249 ut
1401 4196 1692 4254 dubietate
1735 4197 1983 4252 animum

396 4275 674 4345 pulsante,
712 4277 975 4336 sileamus
1009 4291 1176 4352 atque
1226 4284 1556 4352 credamus,
1611 4303 1775 4358 quam
1813 4297 1874 4342 ut
1916 4303 1985 4342 ex

397 4367 513 4429 illa,
550 4383 581 4422 a
608 4367 941 4427 credulitate
973 4382 1032 4429 et
1065 4373 1172 4430 ﬁde
1205 4376 1544 4434 resiliamus.

2101 1925 2199 1978 νην
2247 1904 2454 1969 διώκει,
2493 1904 2583 1957 ἴνα
2623 1904 2737 1965 τοῖς
2785 1900 2951 1964 θείοις
2998 1899 3351 1970 θεωρήμασιν
3383 1898 3440 1952 ἐν
3473 1895 3680 1967 ἠσυχίᾳ

2098 1997 2333 2068 ἐπιτύχῃ
2362 1997 2429 2050 ⁸⁸.

2174 2173 2346 2242 Σοφὸς
2378 2171 2628 2243 μέτοικος
2656 2170 2754 2224 καὶ
2795 2167 3140 2240 μετανάστης
3187 2165 3335 2218 ἐστὶν
3357 2166 3423 2216 ὲκ
3447 2161 3542 2216 τοῦ
3575 2178 3677 2214 πε-

2098 2266 2381 2338 φυρμένου
2419 2264 2557 2335 βίου,
2589 2263 2725 2336 πρὸς
2751 2261 2849 2332 τὴν
2879 2261 3177 2333 εἱρηναίοις
3227 2259 3544 2331 πρέπουσαν
3582 2254 3678 2309 καὶ

2101 2358 2378 2432 μακαρίαν
2413 2357 2580 2428 ζωήν.

2167 2449 2487 2521 Εὐαγρίου.
2519 2477 2589 2486 -
2627 2448 2734 2518 Ζᾷν
2757 2445 2980 2517 ἄμεινον
3011 2444 3103 2498 ἐπὶ
3147 2441 3398 2504 στιϐάδος
3421 2439 3681 2494 κατακεί-

2100 2559 2261 2614 μενον
2309 2541 2405 2593 xui.
2435 2538 2682 2610 θαρρεῖν,
2729 2536 2762 2608 ἢ
2813 2534 3186 2607 ταράσσεσθαι
3230 2534 3438 2631 χρυσῆν
3485 2531 3678 2602 ἔχοντα

2096 2633 2305 2703 κλίνην.

2165 2725 2266 2780 Διά
2291 2725 2580 2796 τεσσάρων
2611 2721 2957 2794 πραγμάτων
2989 2723 3023 2792 ἡ
3048 2718 3196 2790 ψυχὴ
3217 2717 3315 2787 ἕρη
3327 2733 3426 2787 μος
3445 2714 3674 2782 γίνεται,

2094 2818 2191 2872 τοῦ
2240 2818 2316 2888 μὴ
2362 2817 2658 2888 ἡσυχάσαι,
2709 2815 2804 2867 καλ⁸
2844 2813 2933 2866 διὰ
2983 2811 3077 2865 τοῦ
3111 2809 3334 2881 ἀγαπᾷν
3381 2807 3474 2860 τὸν
3516 2820 3678 2876 περι-

2097 2909 2374 2980 σπασμὸν,
2403 2909 2500 2962 καὶ
2538 2907 2634 2960 τοῦ
2661 2904 2946 2960 ὲπιποθεῖν
2976 2903 3075 2974 τὴν
3107 2902 3264 2972 ὓλην,
3295 2900 3389 2954 καὶ
3414 2897 3510 2952 τοῦ
3556 2911 3674 2950 κνι-

2096 3003 2384 3058 πεύεσθαι.

2163 3177 2405 3233 Νείλου.
2433 3176 2638 3239 -Βίος
2669 3174 2916 3244 ἡσύχιος,
2948 3169 3250 3242 χρημάτων
3281 3165 3492 3220 πολλῶν
3521 3179 3676 3236 περι-

2096 3271 2326 3342 φανέστε
2336 3286 2450 3341 ρος.

2181 3362 2471 3424 Ἐπίπονος
2504 3362 2618 3424 τοῖς
2647 3356 2848 3412 νεωστὶ
2887 3351 3359 3422 ἀποτασσομένοις
3387 3352 3422 3421 η
3451 3347 3669 3420 ἡσυχία.

2093 3452 2229 3507 Τότε
2257 3453 2366 3522 γάρ
2390 3451 2581 3523 καιρὸν
2604 3447 2852 3503 λαϐοῦσα
2893 3449 2926 3517 ἡ
2959 3447 3170 3517 μνήμη,
3216 3444 3397 3496 πᾶσαν
3426 3440 3678 3496 ἀνακινεῖ

2092 3544 2192 3616 τὴν
2218 3545 2551 3615 ὲγκειμένην
2578 3539 2948 3611 ἀκαθαρσίαν,
2979 3539 3042 3590 οὐ
3093 3534 3431 3606 σχολάζουσα
3477 3530 3672 3600 πρότε-

2095 3654 2188 3707 ρον
2212 3635 2373 3689 τοῦτο
2407 3637 2584 3689 ποιεῖν
2628 3633 2717 3689 διὰ
2763 3631 2826 3684 τὺ
2878 3629 3083 3707 πλῇθος
3123 3627 3235 3682 τῶν
3279 3621 3673 3698 περισπώντων

2093 3728 2464 3802 πραγμάτων.

2160 3910 2491 3978 Κυρίλλου.
2558 3933 2625 3945 -
2683 3905 2771 3957 Ἐν
2829 3898 3217 3973 θορυϐουμένῳ
3283 3893 3381 3949 καὶ
3433 3889 3671 3960 ἀγωνίαν

2089 4003 2268 4075 ἔχοντι
2297 4000 2394 4070 νῷ,
2448 3996 2574 4052 οὔτε
2629 3995 2811 4052 ἔννοιά
2859 4010 2943 4059 τις
2991 3993 3101 4046 τῶν
3130 3987 3335 4054 καλῶν,
3380 3984 3505 4038 οὔτε
3535 3978 3669 4037 Θεοῦ

2087 4097 2248 4168 χάρις
2273 4094 2572 4164 ἐγγίνεται.

2173 4192 2450 4245 Ἀθανασ.
2485 4216 2558 4228 —
2593 4183 2814 4238 Βέλτιον
2842 4178 3187 4252 ἀποροῦντας
3221 4174 3436 4245 σιωπᾷν
3462 4168 3557 4224 καὶ
3577 4183 3664 4220 πι-

2091 4279 2324 4346 στεύειν,
2366 4278 2400 4350 ῆ
2429 4277 2681 4332 άπιστεῖν
2715 4273 2802 4328 διὰ
2836 4273 2898 4326 τὸ
2923 4273 3173 4344 ἀπορεῖν.

465 4456 675 4514 Sucrat.
705 4492 776 4500 —
803 4461 1060 4520 Socrates
1105 4466 1503 4539 interrogatus,
1555 4471 1785 4540 quinam
1828 4482 1982 4528 tran-

2160 4457 2498 4527 Σωκράτης.
2515 4484 2582 4496 —
2601 4450 2950 4523 Ἐρωτηθεὶς,
2982 4447 3140 4510 Τίνες
3165 4442 3455 4514 ἀταράχως
3481 4435 3661 4503 ζῶσινς

395 4550 570 4620 quillo
595 4553 782 4610 animo
799 4570 863 4611 ac
886 4557 1277 4628 imperturbati
1307 4563 1565 4618 viverent
1591 4581 1602 4617 :
1625 4563 1752 4632 Qui,
1779 4565 1982 4636 inquit,

396 4643 607 4699 nullius
635 4646 744 4701 sibi
778 4649 1010 4704 sceleris
1043 4653 1285 4722 malique
1315 4655 1528 4710 conscii
1560 4665 1714 4712 sunt.

467 4734 752 4791 .‘lloschion.
783 4769 855 4778 —
877 4739 981 4807 Qui
1014 4743 1308 4798 turbarum
1334 4761 1500 4802 causa
1539 4747 1792 4816 secessit,
1816 4765 1982 4821 quam

395 4824 528 4882 fecit
549 4829 821 4899 jacturam
853 4833 1011 4889 lucro
1047 4835 1223 4892 ducit.

463 4916 796 4990 Aristipp.—
825 4921 1145 4994 Aristippus
1174 4928 1415 4998 quodam
1441 4929 1521 4984 illi
1547 4930 1771 4987 dicente
1799 4950 1812 4987 :
1843 4933 1982 4988 Pro-

394 5017 520 5078 pter
551 5019 603 5066 te
637 5027 769 5083 ager
813 5015 981 5084 perit,
1035 5021 1327 5089 respondit
1361 5040 1373 5074 :
1407 5023 1552 5092 Ergo
1585 5032 1813 5093 praestat
1855 5041 1985 5096 pro-

393 5111 519 5177 pter
548 5119 637 5159 me
666 5105 927 5174 periisse,
961 5125 1127 5179 quam
1159 5120 1221 5165 ut
1263 5128 1365 5182 ego
1398 5113 1548 5168 illius
1602 5129 1773 5170 causa
1801 5117 1980 5186 perie-

391 5209 521 5250 rim.
1288 5236 1326 5268 ,

462 5284 732 5343 Demosth.
766 5321 836 5330 -—-
863 5291 1000 5347 Cum
1055 5293 1281 5362 quidam
1347 5295 1397 5349 ei
1454 5294 1670 5351 diceret
1715 5314 1727 5350 :
1770 5286 1977 5370 Agrum

391 5378 626 5450 negligis
658 5397 766 5436 nec
788 5397 952 5437 curas
976 5400 1092 5438 rem
1119 5384 1471 5453 familiarem,
1492 5388 1593 5443 tibi
1615 5405 1749 5445 vero
1776 5407 1973 5446 vacas:

390 5464 526 5539 Ejus
558 5469 857 5538 nimirum,
895 5473 1114 5542 inquit,
1163 5490 1353 5529 curam
1412 5493 1550 5548 ago,
1605 5481 1765 5552 cujus
1811 5496 1978 5536 causa

392 5562 562 5616 etiam
597 5580 790 5635 agrum
830 5568 1167 5635 comparavi.

2087 4555 2149 4606 Οί
2183 4551 2350 4623 μηδὲν
2383 4550 2617 4610 ἑαυτοῖς,
2653 4541 2830 4608 εἶπεν,
2861 4542 3062 4597 ἄτοπον
3097 4537 3420 4597 συνειδότες.

2159 4735 2535 4804 Μοσχίωνος.
2602 4763 2670 4774 -
2737 4727 3101 4796 ’Δπαλλαγεὶς
3149 4723 3314 4778 ἓνεκα
3365 4717 3657 4791 ὀχλήσεως,

2085 4829 2273 4900 κέρδος
2304 4827 2522 4895 ἡγεῖται
2547 4825 2576 4878 ὁ
2613 4822 2899 4894 ἄνθρωπος
2927 4820 3026 4891 τὴν
3055 4817 3279 4888 ζημίαν.

2168 4918 2504 4989 Ἀριστίππ.
2535 4945 2606 4956 -
2634 4915 2901 4983 Λέγοντος
2931 4910 3081 4981 αὐτῷ
3111 4926 3276 4972 τινος,
3305 4907 3403 4961 Διά
3438 4905 3498 4958 σὲ
3558 4903 3662 4956 ἀπα

2081 5010 2280 5064 όλωλεν
2301 5011 2328 5062 ὁ
2377 5006 2548 5077 ἀγρός
2574 5023 2588 5038 ·
2623 5003 2858 5068 Οὐκοῦν,
2913 5003 3040 5073 ἔφη,
3092 5001 3310 5057 κάλλιον
3337 4999 3404 5052 δι’
3443 4995 3544 5068 ἐμὲ
3575 4992 3661 5047 τὸν

2083 5101 2278 5172 ἀγρὸν,
2312 5099 2345 5170 ἢ
2370 5097 2462 5153 διὰ
2493 5097 2586 5152 τὸν
2616 5097 2786 5170 ἀγρὸν
2809 5095 2932 5166 ἐμέ.

2154 5280 2412 5349 Δημοσθ.
2443 5307 2513 5317 -
2540 5276 2808 5345 Λέγοντος
2838 5273 2986 5344 αὐτῷ
3016 5290 3179 5340 τινος,
3215 5271 3297 5324 ὅτι
3331 5267 3438 5322 Τοῦ
3497 5262 3662 5336 ἀγροῦ

2085 5373 2331 5444 ἀμελεῖς,
2365 5367 2546 5440 ἑαυτῷ
2583 5368 2641 5422 δὲ
2682 5364 2968 5438 σχολάζεις
2990 5380 3006 5396 ·
3056 5363 3262 5417 Τούτου
3291 5361 3338 5392 δ’
3367 5359 3500 5431 γὰρ,
3539 5357 3661 5428 ἔφη.

2084 5463 2477 5536 ἐπιμελοῦμαι,
2509 5462 2578 5515 δι’
2613 5461 2671 5515 ὃν
2708 5460 2804 5513 καὶ
2830 5458 2921 5512 τὸν
2950 5455 3120 5528 ἀγρὸν
3147 5454 3491 5525 ἐκτησάμην.

1675 5665 1909 5720 νΑΒΙίΕ
1948 5668 2345 5724 LECTIONES.

477 5741 523 5774 δ’
559 5743 727 5800 Gesn.
759 5747 865 5803 τῶν
891 5748 1050 5805 θείων
1075 5753 1131 5806 ἐν
1167 5753 1423 5828 εὐκαιρίᾳ
1449 5756 1711 5831 ἐπιτύχῃ.
1785 5759 1829 5790 ¹⁵²
1869 5759 2035 5816 Gesn.
2063 5762 2205 5817 male
2234 5761 2442 5816 τούτων
2487 5771 2539 5817 et
2575 5763 2642 5816 δι’
2671 5754 2763 5816 ὧν.
2835 5787 2837 5796 ι
