3990 6378
399 363 506 425 853

1683 361 1851 420 LOCI
1891 361 2332 424 COMMUNES.

3533 346 3643 413 854‘

471 471 739 538 Σερίνου.
787 499 856 510 -
885 469 1064 540 Θαλῆν
1096 473 1178 534 είς
1215 469 1306 524 τὸν
1344 465 1571 540 οὐρανὸν
1608 465 1842 536 ὁρῶντα,
1875 465 1969 520 καὶ

2141 469 2336 523 Serini.
2370 499 2440 508 ——
2469 468 2754 523 Thaletem
2793 465 2971 520 oculis
3015 465 3070 518 in
3101 461 3304 518 coelum
3346 457 3650 519 intentum,

399 563 714 632 ἐμπεσόντα
761 563 842 624 είς
890 560 1165 632 βάραθρον
1214 564 1249 631 ἡ
1302 559 1611 632 θεράπαινα
1660 557 1967 628 θεωροῦσα,

393 653 620 716 δικαίως
659 651 707 684 ⁸³
763 652 957 706 παθεῖν
1006 651 1134 721 ἔφη,
1185 651 1272 713 Ὠς
1323 649 1432 719 γὰρ
1483 648 1554 703 τὰ
1613 646 1764 718 παρά
1809 645 1971 700 ποσὶν

395 745 631 814 ἀγνοῶν,
661 744 730 798 τά
750 745 809 797 ιν
834 741 1049 814 οὐρανῷ
1083 740 1330 795 ἐσκόπει.

479 922 768 988 Ἂριστοτ.
799 947 870 958 -
897 915 1283 988 Ἀριστοτέλης
1305 914 1430 977 τοὺς
1455 911 1525 966 τά
1558 911 1762 981 ἐναργῆ
1790 909 1971 979 πράγ-

400 1027 545 1080 ματα
597 1009 974 1080 πειρωμένους
1023 1005 1340 1069 δεικνύναι,
1399 1005 1584 1074 ὅμοιον
1625 1002 1729 1071 ἔφη
1795 1001 1973 1053 ποιεῖν

397 1105 512 1167 τοῖς
540 1101 720 1173 λύχνῳ
752 1101 843 1154 τὸν
879 1099 1033 1170 ἥλιον
1060 1095 1540 1168 φιλοτιμουμένοις
1564 1092 1862 1147 δεικνύναι.

470 1277 828 1346 Εὐκλείδης.
879 1305 950 1316 -
981 1273 1280 1344 Εὐκλείδης
1331 1273 1360 1325 ὁ
1409 1270 1717 1341 φιλόσοφος,
1759 1268 1972 1338 ἐρωτη-

401 1373 516 1432 θεὶς
550 1370 657 1424 ὐπὸ
687 1387 856 1434 τινος,
895 1366 1102 1422 Ὀποῖοί
1131 1368 1278 1428 τινές
1318 1366 1454 1417 εἰσιν
1481 1363 1533 1417 ot
1564 1361 1700 1427 θεοὶ,
1748 1361 1842 1414 καὶ
1866 1360 1972 1412 τίνι

405 1463 656 1534 χαίρουσι
687 1479 701 1526 ;
727 1459 808 1514 Τά
842 1460 940 1530 μὲν
964 1458 1100 1514 ἄλλα
1133 1458 1234 1511 οὐκ
1257 1452 1394 1520 οἴδα,
1424 1450 1603 1509 εἶπεν·
1635 1453 1762 1516 τοὺς
1790 1451 1974 1522 μέντοι

407 1553 862 1624 φιλοπράγμονας
885 1551 966 1604 ὅτι
998 1547 1269 1620 μισοῦσιν,
1301 1546 1564 1616 ἀσφαλῶς
1595 1542 1733 1599 οἶδα.

473 1646 805 1712 Δημόνακτ.
840 1673 912 1683 -
945 1640 1238 1709 ’Υγιαίνων
1262 1642 1412 1694 νοσεῖ
1436 1640 1545 1702 πᾶς
1591 1636 1910 1708 περίεργος,
1947 1633 1975 1684 ὃ

399 1734 470 1788 τὰ
503 1734 767 1805 ἀλλότρια
802 1731 1302 1802 πολυπραγμονῶν.

2074 575 2202 613 cum
2242 560 2298 614 in
2332 561 2547 615 foveam
2572 559 2890 629 prolapsum
2927 556 3123 610 ancilla
3153 552 3372 607 videret
3396 566 3408 602 :
3430 547 3647 609 Merito,

2074 649 2172 714 ait,
2223 650 2279 705 id
2305 645 2424 705 viro
2449 652 2668 715 evenit;
2716 649 2876 719 quasi
2926 646 3077 701 enim
3114 643 3372 698 nesciens
3414 655 3504 693 res
3546 651 3650 708 pro

2074 739 2312 810 pedibus
2344 741 2572 812 positas,
2608 756 2730 812 quae
2779 740 2835 794 in
2859 739 3000 794 coelo
3043 745 3172 791 sunt
3201 742 3350 788 totus
3389 729 3656 786 conside»

2075 833 2252 888 rabat.

2147 924 2414 979 Aristotel.
2450 955 2519 965 —
2556 925 2881 980 Aristoteles
2909 964 2923 986 ,
2982 935 3082 974 eos
3107 917 3200 988 qui
3231 932 3321 972 res
3347 916 3652 971 evidentes

2075 1013 2461 1070 demonstrare
2495 1026 2772 1071 conentur
2799 1054 2815 1079 ,
2856 1011 3115 1068 similiter
3172 1008 3357 1062 facere
3407 1006 3650 1066 dicebat.

2075 1118 2140 1158 ac
2162 1103 2208 1158 si
2246 1104 2374 1174 quis
2396 1105 2639 1160 lucernae
2667 1102 2976 1175 fulgoribus
2997 1101 3170 1156 solem
3197 1097 3492 1154 ostendere
3517 1112 3653 1152 con-

2074 1195 2285 1250 tendat.

2146 1285 2416 1342 Euclides.
2456 1318 2526 1326 —
2554 1285 2815 1341 Euclides
2858 1282 3260 1354 philosophus,
3303 1277 3540 1350 quodam
3589 1292 3658 1332 ex

2075 1392 2142 1432 eo
2172 1387 2455 1447 quaerente
2492 1397 2506 1432 :
2540 1377 2743 1444 Quales
2768 1376 2882 1429 sint
2913 1374 2990 1429 dii
3021 1383 3076 1429 et
3101 1387 3209 1442 qua
3242 1386 3300 1425 re
3333 1367 3651 1440 gaudeant:

2073 1467 2285 1523 Caetera
2316 1468 2564 1538 quidem,
2590 1466 2794 1536 inquit,
2827 1465 3058 1534 ignoro;
3109 1459 3292 1515 odisse
3320 1468 3504 1512 tamen
3557 1470 3656 1510 cu«

2076 1557 2276 1620 riosos,
2329 1566 2481 1612 certo
2510 1556 2646 1611 scio.

2145 1644 2455 1702 Demonact.
2483 1677 2556 1686 —-
2576 1646 2778 1701 Valens
2799 1659 2946 1714 aeger
2984 1641 3203 1697 laborat
3241 1635 3425 1692 omnis
3469 1633 3656 1690 curio-

2076 1751 2192 1798 sus,
2223 1752 2313 1792 res
2343 1737 2581 1792 aliorum
2612 1736 2773 1792 anxie
2804 1733 3160 1805 perquirens.

471 1825 682 1880 Ἀλλων
722 1823 1087 1892 ἐξεταζόντων
1125 1822 1175 1875 εί
1221 1821 1250 1874 ὁ
1298 1819 1504 1888 κόσμος
1555 1816 1822 1888 ἔμψυχος,
1873 1813 1970 1868 καὶ

2141 1813 2578 1897 Exquirentibus
2610 1827 2755 1891 aliis,
2799 1843 2870 1881 an
2899 1823 3142 1879 mundus
3165 1821 3442 1875 animatus
3472 1824 3654 1876 esset,

397 1913 558 1980 αὖθις
591 1918 642 1970 εί
719 1914 1066 1988 σφαιροειδὴς
1085 1954 1102 1976 ,
1149 1913 1360 1982 Ὑμεῖς,
1390 1907 1564 1974 εἶπεν,
1603 1908 1733 1979 περὶ
1761 1906 1860 1978 μὲν
1878 1905 1971 1958 τοῦ

386 2005 611 2080 ’κόσμου
642 2007 1155 2078 πολυπραγμονεῖτε
1176 2021 1191 2037 ο
1247 2003 1376 2075 περὶ
1401 2003 1458 2057 δὲ
1494 2005 1595 2074 τῆς
1638 1999 1818 2055 αὐτῶν
1843 1999 1975 2053 ἀκο-

405 2102 570 2172 σμίας
607 2101 671 2154 οὐ
702 2100 1043 2173 φροντίζετε.

941 2371 1161 2426 ΛΟΓΟΣ
1199 2367 1307 2422 KB'
1345 2369 1415 2420 “.

908 2462 1050 2529 Περὶ
1099 2459 1360 2524 πλεονεξ
1363 2459 1481 2524 [ας.

471 2557 656 2610 Λουκ.
694 2553 794 2620 ιβ’.
846 2583 916 2594 -
969 2553 1164 2624 ὐρᾶτε
1216 2551 1312 2604 καὶ
1358 2547 1700 2618 φυὶάσσεσθε
1751 2546 1860 2599 ἀπὸ
1881 2547 1977 2614 τῆς

397 2644 750 2711 πλεονεξίαςο
784 2645 866 2698 ὃτι
901 2645 1001 2698 οὐκ
1033 2646 1091 2697 ὲν
1133 2643 1212 2714 τῷ
1258 2641 1607 2712 περισσεύειν
1645 2640 1754 2694 τινὶ
1793 2640 1828 2708 ή
1863 2637 1977 2709 ζωή

395 2738 553 2806 αὐτῷ
577 2739 728 2791 ἐστιν
758 2739 823 2791 ὲκ
847 2737 956 2791 τῶν
979 2736 1337 2806 ὑπαρχόντων
1365 2733 1536 2804 αὐτῷ.

478 2834 538 2882 A'
569 2833 706 2896 Kop.
739 2834 814 2893 ς’.
833 2827 1056 2880 -Διατί
1087 2827 1209 2897 οὐχὶ
1255 2825 1454 2895 μᾶλλον
1489 2823 1761 2878 ἀδικεῖσθε
1786 2841 1801 2888 ς
1827 2823 1979 2876 Διατί

397 2920 525 2991 οὐχὶ
548 2919 751 2988 μᾶλλον
781 2917 1173 2988 ἀποστερεῖσθε
1200 2934 1213 2981 ;
1259 2916 1400 2970 Ἀλλ’
1424 2917 1584 2987 ὑμεῖς
1617 2916 1854 2969 ἀδικεῖτε
1883 2915 1980 2970 καὶ

399 2993 782 3080 ἀποστερεῖτε,
836 3010 932 3063 καὶ
972 3009 1147 3063 ταῦτα
1177 3006 1459 3074 ἀδελφούςο
1496 3005 1652 3076 ἢούκ
1682 3005 1858 3060 οἴδατε
1897 3006 1979 3058 ὅτι

403 3101 584 3155 ἄδικοι
623 3101 905 3172 βασιλείαν
933 3100 1067 3154 Θεοῦ
1093 3100 1155 3153 οὐ
1186 3097 1690 3170 κληρονομήσουσιν
1719 3115 1733 3163 ;

481 3283 696 3346 Σολομ.
732 3279 807 3335 α’.
835 3309 905 3320 --
925 3279 1039 3333 Οὐκ
1083 3278 1532 3348 ἐμπλησθήσεται
1562 3277 1842 3350 ὀφθαλμὸς
1890 3277 1983 3331 τοῦ

401 3372 565 3442 ὁρᾷν,
587 3371 682 3424 καὶ
703 3371 766 3424 οὐ
793 3371 1215 3439 πληρωθήσεται
1245 3364 1337 3431 οὖς
1362 3369 1471 3422 ἀπὸ
1502 3368 1843 3440 ἀκροάσεως.

483 3464 665 3532 Σιρὰχ
693 3462 764 3516 δ’.
801 3491 870 3502 -
923 3461 1014 3531 Μὴ
1049 3459 1190 3514 ἔστω
1243 3462 1277 3529 ή
1316 3460 1435 3530 χείρ
1500 3477 1593 3513 σου
1645 3460 1986 3532 ἐκτεταμένη

405 3555 493 3617 είς
523 3555 584 3606 τδ
610 3553 820 3619 λαϐεῖν,
849 3554 946 3606 καὶ
991 3555 1049 3605 ὲν
1093 3551 1172 3621 τῷ
1218 3552 1530 3606 ἀποδιδόναι
1558 3553 1985 3623 συνεσταλμένη.

483 3644 665 3713 Σιρὰχ
686 3649 768 3712 μ’.
787 3643 1133 3713 -Χρήματα
1166 3642 1390 3708 ἀδίκων,
1409 3641 1484 3704 ὡς
1510 3641 1760 3712 ποταμὸς
1788 3643 1988 3712 ξηραν-

407 3735 692 3808 θήσονται,
722 3736 818 3790 καὶ
846 3735 922 3800 ὡς
958 3735 1156 3806 βροντὴ
1195 3735 1404 3806 μεγάλη
1432 3735 1491 3789 ἐν
1533 3735 1676 3806 ὐετῷ
1700 3735 1987 3806 ὲξηχήσει.

494 3915 677 3983 Σιρὰχ
700 3913 763 3968 ε’.
793 3942 860 3953 -
889 3913 980 3984 Μὴ
1010 3913 1266 3984 ὲπίχαιρε
1312 3913 1374 3981 (ἰ)
1409 3912 1503 3964 ἐπὶ
1549 3911 1830 3983 χρήμασιν
1871 3913 1991 3967 ἀδία-

412 4017 552 4066 κοις·
587 4003 741 4056 οὐδὲν
773 4003 882 4073 γὰρ
912 4001 1292 4071 ὠφελήσουσιν
1337 4003 1396 4055 ὲν
1439 4002 1627 4072 ήμέρα
1667 4003 1988 4072 ἐπαγωγῆς.

491 4095 672 4165 Σιρὰχ
722 4094 812 4149 ιδ’.
865 4123 935 4136 --
980 4093 1313 4147 11λεονέκτου
1349 4092 1633 4164 ὀφθαλμὸς
1692 4094 1795 4148 οὐκ
1836 4095 1996 4164 ὲμπι-

412 4186 622 4240 πλᾶται
650 4187 709 4240 ὲν
751 4185 950 4255 μερίδι.

488 4277 674 4346 suae;
709 4282 820 4331 xa'.
855 4305 926 4316 —
955 4275 1014 4330 '0
1037 4274 1340 4343 οἰκοδομῶν
1382 4273 1484 4342 τὴν
1513 4273 1690 4326 οίκίαν
1734 4275 1902 4328 αὐτοῦ
1937 4278 1994 4329 ἐν

415 4368 697 4438 χρήμασιν
724 4367 1046 4438 ἀλλοτρίοις,
1073 4365 1151 4430 ὡς
1197 4367 1226 4418 ὁ
1259 4363 1508 4418 συνάγων
1531 4367 1659 4428 τοὺς
1690 4364 1874 4430 λίθους
1899 4368 1996 4422 αὐ-

414 4458 517 4513 τοῦ
545 4459 625 4522 εἰς
649 4459 743 4512 τὸν
771 4457 1107 4530 χειμάρρουν
1144 4457 1233 4528 (j).
1889 4463 1892 4466 '

2078 1931 2144 1972 ac
2208 1932 2442 1982 rursus,
2499 1935 2570 1973 au
2630 1916 2915 1988 sphaaricm
2958 1913 3198 1985 ﬁgurae?
3248 1912 3397 1972 Vos,
3451 1905 3670 1976 inquit,.

2079 2006 2241 2061 anxie
2270 2009 2438 2063 nimis
2463 2024 2528 2064 ac
2553 2010 2774 2064 curiose
2829 2008 2898 2062 de
2948 2003 3156 2062 mundo
3185 2000 3501 2080 exquiritis,
3554 2011 3669 2050 nec

2079 2097 2185 2166 ipsi
2216 2097 2284 2153 de
2316 2099 2478 2154 vobis
2503 2141 2518 2165 ,
2568 2100 2714 2171 quod
2744 2099 2894 2154 omni
2933 2096 3142 2152 mundo
3167 2092 3402 2150 careatis
3428 2105 3492 2144 ac
3537 2102 3660 2142 sor-

2081 2186 2280 2255 deatis,
2314 2191 2544 2246 curatis.
2746 2185 2750 2188 ’

2658 2370 2740 2424 SE
2749 2368 2892 2425 RMO
2921 2366 3091 2423 XXII.

2065 2455 2183 2516 'De
2235 2463 2466 2518 avaritia
2521 2478 2584 2514 ac
2628 2461 2746 2532 plus
2793 2459 3019 2514 habendi
3068 2458 3272 2528 injusta
3323 2455 3636 2524 cupiditate.

2150 2553 2278 2610 Luc.
2310 2570 2404 2633 xu,
2431 2553 2516 2608 15.
2548 2584 2616 2592 -
2641 2552 2835 2608 Videte
2862 2559 2919 2606 et
2940 2559 3131 2604 cavete
3163 2547 3231 2602 ab
3257 2545 3510 2610 avaritia;
3529 2544 3684 2614 quia~

2079 2659 2192 2697 non
2219 2642 2273 2697 in
2308 2641 2651 2697 abundantia
2671 2642 2998 2713 cujusquam
3031 2640 3143 2693 vita
3165 2637 3288 2707 ejus
3312 2644 3418 2702 est,
3447 2650 3512 2690 ex
3548 2635 3672 2697 his.

2081 2749 2203 2802 quae
2226 2733 2492 2802 possidet.

2147 2825 2308 2896 601
2335 2825 2363 2879 1
2385 2824 2509 2880 Cor.
2543 2841 2619 2888 vi,
2658 2826 2710 2878 7.
2740 2854 2811 2863 -
2829 2821 3011 2890 Quare
3033 2837 3145 2876 non
3174 2819 3352 2891 magis
3399 2819 3682 2890 injuriam.

2082 2915 2391 2986 patimini?
2442 2916 2626 2983 Quare
2667 2930 2778 2970 non
2831 2914 3007 2986 magis
3049 2913 3313 2969 damnum
3371 2909 3664 2980 accipitis?

2082 3005 2190 3061 Sed
2217 3021 2318 3062 vos
2344 3007 2602 3078 injuriam
2646 3006 2831 3061 facitis
2868 3014 2925 3061 et
2953 3004 3158 3060 damno
3199 3001 3434 3066 allicitis,
3492 3001 3662 3070 idque

2085 3097 2306 3154 fratres.
2332 3097 2415 3152 An
2440 3097 2669 3154 nescitis
2705 3096 2837 3168 quia
2885 3095 3077 3168 iniusti
3125 3109 3359 3165 regnum
3408 3092 3506 3147 Dei
3551 3106 3664 3146 non

2086 3189 2493 3260 possidebunt?

2161 3283 2338 3338 Eccle.
2371 3302 2410 3349 ι,
2448 3282 2502 3337 8.
2531 3283 2724 3339 -Νοῐι
2753 3281 3050 3338 satiabitur
3079 3279 3276 3335 oculus
3303 3278 3451 3343 visu,
3476 3285 3532 3332 et
3553 3292 3682 3332 non.

2088 3375 2410 3446 implebitur
2439 3375 2594 3430 auris
2627 3374 2844 3429 auditu.

2161 3467 2332 3522 Eccti.
2365 3485 2436 3532 IV,
2475 3467 2566 3524 56.
2599 3497 2670 3507 —
2697 3465 2778 3520 Ne
2826 3465 2899 3519 sit
2939 3479 3138 3518 manus
3173 3472 3268 3517 tua
3303 3468 3561 3532 porrecta
3597 3459 3691 3516 ad.

2089 3557 2500 3626 accipiendum,
2531 3563 2590 3611 et
2617 3556 2673 3610 in
2707 3555 2893 3610 dando
2923 3561 3230 3609 contracta.

2159 3647 2326 3702 Eccli.
2354 3664 2444 3712 ιι,
2473 3648 2566 3702 15.
2593 3678 2665 3688 -—
2699 3645 2916 3701 Divitiae
2958 3641 3463 3723 iniquorumoquasi
3487 3640 3669 3695 amnis

2090 3745 2435 3801 exarescent,
2477 3745 2535 3793 et
2567 3737 2724 3808 quasi
2760 3750 3018 3805 magnum
3040 3732 3352 3789 tonitruum
3390 3731 3448 3786 in
3482 3731 3690 3801 pluvia.

2091 3829 2493 3898 personabunt.

2158 3918 2322 3974 Eccli.
2345 3935 2400 3982 v,
2436 3917 2520 3973 10.
2549 3917 2716 3972 —-—Ne
2753 3917 2855 3971 tibi
2896 3913 3192 3986 gratuleris
3223 3913 3292 3967 de
3335 3911 3550 3966 divitiis
3582 3910 3674 3966 in-

2088 4012 2293 4084 iustis;
2320 4011 2460 4065 nihil
2488 4010 2636 4064 enim
2661 4009 2936 4079 iuvabunt
2977 4006 3032 4060 in
3057 4005 3150 4061 die
3175 4003 3424 4059 ultionis.

2166 4101 2336 4158 Eccli.
2365 4116 2476 4170 11v,
2505 4102 2559 4157 9.
2599 4128 2668 4142 --
2706 4099 2870 4156 Avari
2920 4097 3116 4154 oculus
3163 4110 3277 4150 non
3332 4091 3686 4150 satiatur.in'

2095 4201 2280 4263 parte.
2679 4200 2682 4203 '

2167 4285 2335 4340 Eccli.
2369 4301 2480 4350 χχι,
2510 4285 2566 4339 9.
2600 4313 2664 4327 -—
2704 4283 2810 4349 Qui
2855 4280 3092 4336 aediﬁcat
3141 4279 3371 4333 domum
3415 4290 3571 4332 suam
3599 4275 3688 4328 in;

2097 4377 2296 4432 alienis
2319 4375 2774 4447 pecuniisysicut
2796 4372 2892 4443 qui
2941 4375 3241 4442 congregat
3279 4365 3495 4437 lapides
3541 4378 3694 4422 suos.

2027 4475 2071 4530 ι)
2102 4465 2156 4519 in
2187 4474 2452 4520 torrente.

1696 4571 1928 4629 VARIIE
1967 4575 2376 4633 LECTIONES.

495 4671 541 4706 “
589 4670 754 4728 Gesn.
801 4671 1004 4725 δίκαια.
1082 4668 1126 4703 ⁸⁸
1159 4669 1216 4724 In
1239 4667 1404 4725 Gesn.
1428 4666 1581 4723 Stob.
1607 4669 1694 4724 54.

1936 4765 2169 4822 NOTAE.

500 4853 584 4927 (i_)
632 4853 740 4927 Μὴ
769 4852 1230 4927 ἐπιχαιρεηΝοίὶ
1279 4852 1528 4927 gaudere.
1591 4852 1823 4927 Videtur
1859 4855 1998 4927 ﬁlia-c

429 4923 646 4980 Maximi
678 4925 856 4978 littera
889 4923 1258 4993 sincerissima
1283 4932 1340 4976 et
1369 4923 1627 4993 genuina.
1686 4923 1826 4978 [llud
1854 4923 1992 4979 Sixt.

427 4996 614 5063 ἔπεχε,
642 4994 736 5048 ubi
775 4994 1006 5062 interpr.
1061 4992 1185 5063 Noli
1254 4992 1634 5063 attentusAesse
1675 4994 1732 5047 in
1760 4994 1996 5063 divitiis,

427 5061 626 5119 durius
653 5061 1087 5132 est;‘magisque
1117 5062 1250 5116 illud
1284 5061 1442 5130 Vulg.
1488 5061 1610 5116 Noli
1641 5061 1832 5117 anxius
1889 5081 2000 5118 esse

430 5137 487 5188 in
510 5135 702 5190 divitiis
736 5133 974 5202 injustis.
999 5131 1147 5201 quod
1177 5131 1352 5202 magis
1385 5139 1543 5202 sonat
1565 5147 1658 5186 eas
1682 5133 1999 5202 displicere,

431 5213 489 5258 et
515 5203 672 5274 quasi
699 5201 856 5257 sacer
887 5201 1126 5274 scriptor
1157 5202 1263 5255 hoc
1293 5201 1784 5274 prohibeat,.velut
1813 5203 1998 5257 dicat:

440 5271 684 5329 Securus
716 5282 839 5326 esto
873 5271 941 5326 de
965 5272 1092 5334 illis,
1125 5286 1249 5325 cum
1282 5271 1597 5340 oppositum
1644 5273 1890 5335 suadeat,
1917 5281 1995 5326 at-

434 5359 552 5414 que
597 5342 652 5397 id
698 5341 861 5414 clara
898 5342 1130 5414 ratione,
1173 5340 1336 5414 quod
1361 5341 1526 5414 nulla
1568 5356 1762 5414 earum
1814 5342 2000 5414 futura

434 5409 647 5468 utilitas
695 5412 752 5465 in
808 5411 899 5464 die
951 5409 1269 5478 ἐπαγωγῆς,
1323 5409 1482 5464 idest
1522 5410 1770 5475 ultionis;
1822 5412 1912 5464 ubi
1948 5422 2005 5467 et

435 5483 570 5537 illud
605 5481 919 5542 obscurius,
949 5481 1003 5533 in
1026 5480 1110 5532 die
1155 5480 1497 5543 obductiouis,
1550 5481 1693 5548 quod
1752 5481 2004 5537 Nobilius

437 5553 686 5606 retinuit.
714 5551 832 5606 Non
867 5549 1444 5620 gaudenduluilaque
1501 5549 1568 5603 de
1597 5551 1704 5604 illis
1751 5551 2001 5620 pra-cipi-

438 5631 550 5684 tur,
584 5621 731 5692 quod
793 5611 1173 5692 [nullaeorum
1221 5611 1404 5692 futura
1438 5619 1665 5692 utilitas.
1717 5611 1798 5692 ὅτι
1850 5611 2001 5674 οὐδὲν

440 5687 814 5760 ὠφελήσουσιν
831 5707 842 5720 ⁸
870 5689 971 5760 111ιί
990 5690 1152 5743 etiam
1175 5689 1498 5760 mendosum
1537 5689 1598 5741 τὸ
1617 5687 1920 5759 ὠφελήσεις
1947 5700 2001 5743 ct

446 5759 709 5817 solmcus:
740 5761 818 5825 τὸ,
853 5759 1123 5830 ὠφελήσει
1157 5776 1236 5824 σε,
1270 5759 1560 5830 vestigium
1603 5760 1787 5829 potius
1829 5761 2000 5814 nostri

2101 4855 2265 4926 hujus
2317 4853 2787 4926 ὠφελήσουσινεή
2975 4919 3015 4926 _
3117 4916 3127 4926 _
3172 4925 3178 4926 γ
3245 4857 3275 4926 _‘

2174 4914 2258 4996 (ἱ)
2281 4914 2389 4990 Ek“
2418 4914 2524 4996 τρδθ
2547 4921 2924 4996 χειμίὶρῤουν.
2953 4919 3088 4996 -Εξεῑι
3115 4914 3436 4996 151111101111111
3477 4917 3671 4996 genui-

2102 4983 2269 5051 nuiii':
2300 4983 2380 5057 εἰς
2417 4993 2508 5046 τὸν
2527 4983 2796 5062 galileae,
2821 4993 2969 5062 quod
3003 4987 3206 5062 habent
3234 4983 3371 5062 Sint.
3402 4985 3456 5036 in
3485 4985 3668 5062 hieme,

2105 5082 2213 5120 non
2241 5065 2315 5119 ita
2339 5052 2586 5134 planum.
2608 5052 2950 5134 Certe—nihil
2979 5063 3126 5134 velat
3157 5056 3212 5109 in
3259 5053 3440 5134 hieme
3461 5052 3676 5134 _colligi

2105 5122 2358 5205 lapides;
2376 5131 2706 5205 unde__utilis
2739 5127 3032 5205 aediﬁcatio
3058 5129 3408 5205 consurgat:
3459 5122 3514 5205 i_n
3539 5131 3671 5205 _tor-

2111 5190 2264 5260 re'nte
2287 5190 2420 5258 vero
2447 5202 2729 5269 colligere,
2773 5200 2869 5269 qui
2922 5190 3332 5269 omnia_rapiat
3377 5190 3667 5269 traha-tque

2112 5218 2264 5260 rente
2287 5219 2420 5258 VCI'O
2447 5218 2572 5257 COIII
2611 5218 2729 5264 ere,
2773 5218 2869 5269 QUI
2922 5218 3108 5252 omnia
3157 5218 3332 5261 raplal.
3379 5218 3667 5260 nullasque:

2112 5290 2176 5328 ac
2199 5272 2512 5342 disperdat;
2542 5218 3141 5342 itfvcrostultum,_uti
3175 5263 3341 5342 etiam
3371 5275 3438 5314 ex
3475 5261 3670 5342 alienis

2108 5330 2404 5407 :ediﬁcare,
2451 5330 2574 5410 quae
2614 5338 2915 5410 pnesertim
2976 5334 3176 5410 injuste
3227 5331 3351 5410 quis
3403 5330 3672 5410 possidet:

2107 5413 2288 5484 Facile
2313 5399 2654 5484 fuitmutare
2679 5408 3010 5484 χειμάρρουν
3030 5399 3088 5458 in
3135 5399 3413 5484 laudum:
3446 5411 3502 5480 at
3523 5399 3668 5484 quod

2108 5482 2164 5538 in
2195 5482 2317 5537 aliis
2343 5481 2562 5551 legitur,
2594 5471 3214 5551 eiﬁxﬁiuqiﬁﬁg‘rucpﬁc
3243 5471 3430 5551 absab,
3477 5471 3530 5521 in
3589 5477 3673 5551 tne

2110 5553 2310 5606 mulum
2352 5545 2636 5620 sepultura:
2676 5545 2808 5620 suae,
2841 5546 2897 5601 id
2948 5545 3168 5620 quidem
3225 5545 3514 5620 remotius,
3565 5546 3669 5616 etsi

2106 5638 2301 5677 sensus
2352 5609 2596 5689 optimus
2625 5627 2750 5689 est;
2789 5609 3157 5689 forc_s'cilicet
3186 5627 3280 5689 cas
3321 5609 3468 5664 audes
3513 5609 3668 5678 quasi

2106 5681 2522 5747 monumentum
2558 5697 2611 5742 et
2641 5688 2858 5742 titulum
2891 5687 3008 5758 ejus
3051 5681 3350 5755 injustitize.
