3990 6392
336 290 469 383 ,εδει

1520 303 1584 361 s.
1625 302 1917 370 MAXIMI
1958 269 2474 366 CQNFESSORIS

3510 314 3619 378 856

387 381 394 390 ’
430 383 737 481 Basilii._—
757 400 1088 484 Alienorum.
1124 405 1418 474 expetitor,
1473 410 1638 478 paulo
1682 422 1811 480 post
1849 411 1942 465 lu-

2118 415 2464 468 Βασιλείου.
2498 444 2564 458 -—
2609 414 2669 468 Ὀ
2713 414 2823 470 τῶν
2870 417 3168 490 ἀλλοτρίων
3214 418 3379 489 ἐρῶν,
3417 422 3536 493 μετ’
3559 425 3622 478 οὐ

363 489 517 559 gebit
550 475 668 544 suis
693 477 986 558 Spoliatus.

433 577 590 634 Prov.
624 597 751 645 xxx,
772 583 940 638 l6.—
963 583 1182 650 Quanta
1236 586 1387 642 videt
1416 589 1632 651 oculus.
1666 598 1817 644 tanta
1847 589 1949 645 de-

363 672 572 753 siderat
615 683 838 728 aVarus.
884 675 1140 732 Infernus
1189 680 1300 733 non
1343 679 1801 746 dixit:Suﬂicit;
1845 696 1948 736 nec

365 780 562 820 avarus
588 781 653 820 ac
702 767 930 838 iniquus
962 774 1154 839 raptor
1195 786 1439 841 unquam
1477 771 1619 826 dixit
1650 791 1663 826 :
1703 771 1942 828 Sufﬁcit.

363 858 538 913 Malus
586 859 680 913 hic
750 860 804 913 in
860 860 999 914 urbe
1059 877 1345 927 convena,
1397 864 1579 919 malus
1626 864 1750 918 ruri
1797 863 1940 918 vici-

362 938 666 1004 nus.'Mare
699 963 852 1005 suos
872 950 1020 1007 ﬁn’es'
1052 955 1303 1023 agnoscit
1334 973 1348 1019 ;
1415 963 1528 1010 nox
1557 972 1780 1027 quoque
1808 957 1942 1011 olim

361 1043 574 1111 positos
611 1043 883 1099 terminos
929 1061 1040 1100 non
1097 1049 1439 1103 transcendit
1483 1049 1599 1123 (Job
1645 1065 1791 1115 xxvi,
1833 1051 1942 1116 10;

363 1133 495 1190 (ἔτή.
523 1152 560 1200 ι,
580 1135 667 1208 9).
689 1136 905 1192 Avarus
927 1145 1112 1193 autem
1129 1141 1346 1194 nullum
1376 1149 1596 1212 tempus
1621 1139 1911 1198 reveretur
1931 1161 1965 1195 :-

365 1227 666 1282 terminum
708 1245 820 1284 non
860 1231 1147 1300 agnoscit,
1185 1248 1290 1288 nec
1336 1235 1710 1301 successionis
1759 1235 1946 1292 ordini

361 1318 620 1373 concedit
646 1337 676 1385 ς’
723 1319 821 1375 sed
873 1321 1018 1391 ignis
1063 1317 1388 1392 violentiam
1431 1326 1708 1391 imitatur;
1755 1326 1943 1380 omnia

363 1410 618 1479 corripit,
651 1412 837 1466 omnia
858 1401 1187 1470 'absumitet
1215 1416 1552 1489 depascitur.
1587 1417 1730 1484 Quid
1772 1419 1944 1488 igitur

360 1503 597 1569 postea?
630 1503 826 1558 Nonne
860 1513 974 1559 tres
1004 1497 1310 1562 univcrslm
1355 1517 1409 1564 te
1441 1509 1618 1565 cubiti
1669 1509 1946 1564 manent?

359 1591 555 1646 Nonne
612 1609 921 1673 paucorum
980 1597 1227 1668 lapidum
1265 1601 1439 1658 moles
1464 1602 1532 1656 ad
1595 1601 1944 1656 condendam

359 1681 616 1736 miseram
647 1699 868 1740 carnem
903 1685 1137 1743 sufﬁciet
1163 1689 1188 1741 ?
1210 1689 1292 1744 Ad
1323 1689 1457 1761 quid
1491 1691 1658 1764 igitur
1684 1690 1948 1747 laboras?

358 1772 633 1839 Quorsum
661 1775 849 1846 inique
871 1779 1025 1849 agis?
1405 1781 1460 1788 ““
1509 1798 1522 1810 ί

383 1881 386 1888 '
429 1864 666 1920 Praestat
716 1869 982 1937 paulatim
1030 1857 1310 1928 industria
1353 1889 1418 1929 ac
1465 1875 1718 1930 consiliis
1759 1875 1946 1930 levare

360 1955 836 2028 inopiam,'quam
888 1970 1119 2031 repente
1151 1965 1348 2020 alienis
1387 1967 1692 2032 sublatum,
1736 1966 1802 2036 ad
1853 1982 1950 2022 ex-

362 2037 604 2101 tremum
636 2037 796 2104 omni.
815 2049 1130 2108 substantia
1169 2055 1393 2109 nudari.
1565 2123 1571 2127 _
1708 2122 1712 2128 ,
1759 2125 1764 2130 .

433 2138 542 2205 Qui
559 2155 622 2194 ea
653 2157 774 2210 quae
800 2151 931 2197 sunt
956 2145 1187 2200 alterids
1209 2147 1703 2220 accipien’s,'alteri
1727 2147 1944 2212 tribuit,

364 2232 414 2286 is
456 2247 570 2286 non
602 2233 1004 2291 misericordiae
1033 2251 1174 2306 opus
1205 2247 1448 2305 exercet,
1483 2239 1583 2294 sed
1629 2247 1940 2294 extremam

365 2323 700 2394 injustitiam
729 2324 885 2381 facit.
936 2326 1073 2384 Nam
1106 2328 1152 2384 si
1189 2343 1256 2384 ex
1304 2330 1506 2386 ablatis
1548 2346 1652 2402 per
1686 2330 1950 2400 injuriam

365 2411 804 2468 misericordiam
848 2415 1145 2484 impendis,
1191 2416 1306 2495 illis
1339 2419 1618 2495 impende.
1654 2435 1683 2476 a
1740 2419 1950 2492 quibus

365 2503 669 2570 abstulisti.
698 2505 916 2571 Etenim
951 2507 1077 2582 pius
1124 2517 1210 2578 est
1236 2491 1306 2564 ac.
1332 2491 1649 2582 religiosus,
1703 2491 1815 2566 non
1853 2510 1950 2581 qui

2045 500 2182 557 πολὺ
2219 501 2484 573 θρηνήσει
2510 503 2620 557 τῶν
2655 498 2804 560 ἰδίων
2833 507 3334 579 ἀποστερούμενος.

2119 593 2258 647 Ὀσα
2289 593 2478 664 βλέπει
2513 595 2811 666 ὀφθαλμὸς,
2843 615 3081 652 τοσαυτα
3097 599 3364 670 ἐπιθυμεῖ
3382 604 3411 656 ὁ
3436 603 3623 663 πλεον·

2046 679 2229 755 ἕκτης.
2263 681 2266 686 ’
2299 685 2360 739 '0
2399 683 2533 756 ᾅδης
2565 687 2665 741 οὐκ
2703 684 2878 754 εἶπεν,
2921 675 3129 762 Ἀρκεῖ·
3191 692 3315 747 οὐδὲ
3354 697 3383 748 ὁ
3431 694 3622 749 πλεον-

2042 773 2211 844 έκτης
2239 775 2360 828 εῖπέ
2377 791 2529 842 ποτε,
2559 779 2763 848 Ἀρκεῖ.
2801 779 3045 851 Πονηρὸς
3070 784 3128 836 ὲν
3163 775 3317 837 πόλει
3351 785 3620 850 σύνοικος,

2051 867 2289 942 πονηρὸς
2338 868 2396 920 ὲν
2436 868 2646 940 ἀγροῖς.
2694 870 2758 924 Ἦ
2792 869 3037 928 θάλασσα
3065 873 3206 927 οἶδεν
3252 877 3322 930 τά
3373 877 3498 948 ὅρια
3526 879 3626 930 αὐ-

2042 957 2232 1028 τῆς’ὴ
2287 957 2385 1023 νὺξ
2437 958 2535 1028 οὐχ
2579 959 2898 1030 ὑπερϐαίνει
2947 963 3231 1038 ὁροθεσίας
3263 967 3519 1037 ἀρχαίας.
3565 969 3624 1022 '0

2047 1040 2378 1119 πλεονέκτης
2409 1049 2510 1102 οὐκ
2550 1051 2780 1105 αἰδεῖται
2828 1054 3041 1124 χρόνον,
3086 1056 3147 1108 οὐ
3190 1057 3449 1128 γνωρίζει
3475 1059 3626 1132 ὅρον,

2045 1140 2106 1193 οὺ
2137 1142 2410 1210 συγχωρεῖ
2448 1141 2744 1213 ἀκολουθίᾳ
2783 1143 3055 1214 διαδοχῆςο
3087 1147 3225 1202 ἀλλά
3256 1152 3504 1218 μιμεῖται
3530 1152 3624 1204 τοῦ

2050 1232 2224 1303 πυρὸς
2271 1232 2371 1303 τὴν
2422 1231 2568 1302 βίαν·
2604 1233 2784 1288 πάντα
2813 1235 3266 1306 ἐπιλαμϐάνεται,
3301 1241 3483 1295 πάντα
3509 1243 3629 1294 ἐπι·-

2053 1309 2402 1405 νέμεταιξξΓί
2433 1321 2574 1380 εἰναι
2627 1326 2768 1397 μετά
2819 1327 3020 1396 ταῦτα;
3057 1330 3193 1400 Οὐχὶ
3226 1333 3378 1402 τρεῖς
3429 1349 3492 1385 σε
3523 1333 3629 1401 πή-

2052 1431 2165 1496 χεις
2201 1419 2564 1487 ἀναμένουσιν
2598 1419 2648 1470 οἰ
2686 1419 2923 1486 πάντεςς
2961 1421 3081 1492 οὐχὶ
3110 1422 3272 1476 λίθων
3301 1422 3501 1490 ὀλίγων
3532 1423 3627 1493 βά-

2064 1525 2154 1580 ρος
2188 1510 2418 1581 ἀρκέσει
2451 1510 2588 1582 πρὸς
2630 1510 2877 1581 φυλακὴν
2931 1511 3178 1584 δυστήνῳ
3225 1515 3436 1585 σαρκί;
3478 1514 3631 1586 ὑπὲρ

2052 1599 2197 1663 τίνος
2235 1600 2329 1654 οὖν
2373 1600 2622 1671 μοχθεῖς-ς
2654 1601 2795 1672 ὑπὲρ
2831 1603 2976 1667 τίνος
3005 1607 3344 1676 παρανομεῖς
3365 1621 3380 1670 ἱ

2122 1866 2342 1918 Βέλτιον
2369 1865 2489 1926 ταῖς
2530 1864 2674 1920 κατά
2730 1864 2928 1936 μικρὸν
2977 1867 3248 1930 ἐπινοίαις
3304 1866 3402 1936 τὴν
3435 1865 3631 1938 χρείαν

2049 1976 2198 2033 παρα
2208 1957 2572 2030 μυθήσασθαι,
2592 1959 2625 2029 ἢ
2645 1957 2858 2028 ἀθρόως
2875 1957 3184 2027 ἐπαρθέντα
3198 1960 3310 2021 τοῖς
3326 1958 3631 2030 ἀλλοτρίοις

2051 2039 2279 2121 ὕστερον
2305 2050 2525 2103 πάντων
2545 2048 2679 2120 ὁμοῦ
2706 2050 3024 2120 προσόντων
3049 2049 3521 2120 ἀπογυμνοῦσθαι,

2131 2143 2192 2195 Ὁ
2220 2144 2288 2197 τὰ
2317 2141 2537 2212 ἑταίρου
2567 2140 2882 2211 λαμϐάνων,
2920 2128 3016 2194 καί
3062 2142 3274 2212 ἑτέροις
3306 2142 3504 2204 διδοὺς,
3527 2140 3633 2194 οὐκ

2048 2233 2302 2304 ἠλέησεν,
2331 2232 2448 2284 ἀλλ’
2482 2230 2744 2300 ἠδίκησεν
2775 2231 2991 2284 ἀδικίαν
3012 2230 3111 2301 τὴν
3145 2230 3406 2301 ἐσχάτην.
3437 2231 3501 2283 Εἰ
3531 2229 3633 2299 μὲν

2051 2325 2161 2395 γὰρ
2193 2323 2363 2386 ἐλεεῖς
2395 2321 2455 2386 ἐξ
2492 2314 2567 2374 ὧν
2610 2322 2837 2386 ἀδικεῖς,
2874 2321 3097 2393 ἐλέησον
3125 2319 3221 2384 οὓς
3261 2321 3488 2384 ἀδικεῖς.
3524 2321 3631 2374 Εὐ-

2054 2415 2219 2487 σεϐὴς
2242 2414 2352 2485 γὰρ
2379 2415 2604 2484 ἐκεῖνος,
2633 2414 2734 2483 οὐχ
2768 2415 2798 2478 δ
2822 2399 3053 2478 πολλοὺς
3084 2401 3276 2480 ἐλεῶν,
3312 2412 3430 2466 ἀλλ’
3460 2414 3489 2466 ὁ
3525 2429 3634 2483 μη-

2051 2507 2178 2568 δὲνα
2205 2506 2434 2566 ἀδικῶν.
2566 2494 2570 2499 ’

366 2597 423 2652 in
453 2597 661 2653 multos
695 2597 935 2654 effundit
967 2601 1414 2672 eleemosynam,
1466 2601 1563 2656 sed
1586 2602 1682 2672 qui
1731 2601 1958 2680 nullum
2070 2661 2074 2664 ,

366 2687 572 2758 injuria
600 2686 772 2741 laedit.
1807 2758 1813 2764 Α
1849 2759 1851 2762 ι

430 2777 694 2848 Theologi.
717 2809 790 2818 —
821 2777 1004 2834 Scorti
1036 2795 1250 2840 merces
1269 2797 1382 2842 non
1411 2791 1562 2837 caste
1588 2782 1946 2854 dispertitur.

365 2869 639 2924 Extrema:
670 2869 820 2924 enim
853 2869 1097 2936 miseria:
1122 2880 1228 2938 est,
1283 2879 1396 2928 nOn
1426 2873 1482 2927 in
1517 2871 1636 2930 suis
1678 2873 1950 2929 munitio-

365 2965 546 3029 ribus,
572 2963 668 3019 sed
689 2964 746 3026 in
771 2963 972 3019 alienis
1004 2963 1300 3040 fragilibus
1327 2949 1510 3030 tutum
1539 2979 1685 3020 esse.

433 3141 598 3212 602
633 3140 898 3211 Chrysost.
928 3171 1001 3180 -——
1036 3138 1142 3206 Qui
1172 3154 1284 3194 non
1318 3139 1533 3208 indiget
1567 3136 1802 3200 alienis,
1852 3135 1950 3190 sed

365 3245 464 3286 sua
499 3230 608 3286 sibi
640 3229 893 3285 suﬂicere
915 3230 1228 3296 existimat,
1281 3229 1330 3284 is
1351 3230 1602 3283 omnium
1632 3225 1958 3281 ditissimus-

349 3330 470 3378 est.

434 3414 540 3481 Qui
570 3430 683 3470 sua:
709 3412 1000 3484 cupiditati
1044 3411 1272 3466 modum
1325 3412 1608 3482 imponere
1643 3409 1844 3474 nescit,
1903 3409 1951 3464 is

363 3504 472 3560 etsi
503 3505 691 3559 omnia
737 3503 988 3559 omnium
1034 3502 1143 3558 sibi
1196 3503 1480 3572 acquirat,
1531 3501 1810 3580 quomodo
1849 3515 1954 3555 un-

343 3612 530 3668 aquam
557 3596 715 3652 dives
747 3596 919 3652 fuerit
945 3599 969 3650 ?
1864 3649 1874 3664 ,

435 3687 734 3741 Plutarchi.
763 3717 834 3726 —
862 3687 970 3766 Qui
991 3703 1060 3742 ex
1083 3686 1230 3756 turpi
1263 3686 1421 3740 lucro
1449 3685 1503 3739 in
1523 3683 1792 3756 praeclara
1820 3698 1950 3736 mu-

366 3795 502 3836 nera
530 3789 784 3850 sumptus
816 3780 1052 3846 faciunt,
1101 3780 1286 3835 simile
1320 3777 1456 3849 quid
1482 3777 1718 3841 faciunt,
1759 3790 1825 3831 ac
1854 3774 1952 3845 qui

362 3873 540 3926 Deum
573 3887 643 3926 ex
673 3871 964 3942 sacrilegio
1000 3873 1216 3926 colunt.

433 3963 720 4017 Democrit.
747 3993 818 4002 —
839 3963 1062 4031 Divitiae
1081 3964 1227 4017 malo
1249 3961 1496 4019 facinore
1522 3970 1714 4032 partas,
1753 3958 1951 4032 majori

363 4054 724 4125 possidentur
754 4055 1046 4110 dedecore.

281 4210 286 4214 ἠ
436 4147 594 4201 Haud
619 4147 844 4217 quidem
873 4147 1070 4202 inutile
1106 4147 1330 4202 divitias
1377 4162 1617 4217 parare;
1668 4149 1770 4216 per
1810 4145 1955 4218 inju-

279 4227 282 4230 ’
369 4236 581 4292 stitiam
619 4244 804 4291 autem
835 4237 998 4308 longe
1024 4237 1326 4306 pessimum
1365 4245 1470 4291 est.
1686 4311 1688 4314 ι

402 4333 404 4336 ’
437 4327 703 4384 Socrates.
726 4359 797 4368 ——
835 4328 1094 4384 Socrates
1121 4344 1318 4386 avaros
1341 4327 1538 4384 avibus
1562 4327 1950 4400 comparabat,

2126 2768 2443 2838 Θεοσίόγου.
2471 2797 2544 2806 -
2570 2765 2850 2836 Μίσθωμα
2895 2765 3101 2836 πόρνης
3142 2763 3320 2834 ἁγνῶς
3361 2764 3424 2818 οὐ
3473 2765 3632 2836 μερί-

2053 2861 2226 2926 ζεται.
2261 2862 2417 2914 Ἔστι
2444 2859 2552 2932 γὰρ
2583 2859 2686 2934 τῆς
2733 2859 2912 2929 ἄκρας
2955 2857 3408 2927 κακοδαιμονίας,
3455 2857 3530 2929 μὴ
3574 2860 3643 2928 ἐν¹

2052 2956 2168 3019 τοῖς
2204 2953 2357 3016 ἰδίοις
2393 2953 2635 3025 ἰσχυροῖς
2677 2950 2738 3003 τὸ
2776 2947 3019 3019 ἀσφαλὲς
3065 2949 3231 3021 ἔχειν,
3275 2950 3390 3004 ἀλλ’
3422 2952 3480 3004 ὲν
3520 2951 3635 3014 τοῖς

2053 3045 2353 3118 ἀλλοτρίων
2385 3043 2625 3116 σαθροῖς.
2915 3027 2924 3036 ⁸
3056 3038 3058 3040 ’
3356 3033 3360 3036 ’

2125 3139 2431 3205 Χρυσοστ.
2487 3167 2552 3176 -
2602 3136 2661 3190 '0
2704 3135 2815 3208 γὰρ
2849 3136 2925 3208 μὴ
2994 3135 3251 3205 δεόμενος
3305 3134 3415 3188 τῶν
3474 3132 3634 3187 ἀλλο-

2052 3232 2245 3302 τρίων,
2278 3230 2394 3283 ἀλλ’
2444 3232 2502 3284 ὲν
2549 3227 2854 3300 αὐταρκείᾳ
2891 3226 3129 3298 νομίζων
3184 3223 3347 3292 εἶναι,
3415 3225 3635 3280 πάντων

2054 3313 2204 3378 ἔστὶν
2233 3321 2634 3394 εὐπορώτερος.
3020 3302 3040 3313 ’
3567 3305 3570 3308 ’

2137 3417 2198 3470 '0
2231 3418 2332 3487 τὴν
2374 3413 2571 3468 ἑαυτοῦ
2627 3412 2702 3484 μὴ
2745 3413 3043 3484 δυνάμενος
3087 3412 3283 3482 στῆσαι
3315 3410 3633 3482 ἐπιθυμίαν,

2054 3510 2158 3563 κᾶν
2212 3509 2281 3562 τὰ
2333 3509 2551 3565 πάντων
2590 3505 3012 3577 περιϐέϐληται,
3047 3505 3166 3569 πῶς
3206 3498 3362 3570 οὗτος
3396 3503 3549 3563 ἔσται
3577 3503 3636 3554 ὲν

2055 3598 2289 3670 εὐπορίᾳ
2320 3596 2451 3651 ποτε
2476 3613 2491 3662 ς

2074 3673 2080 3679 ”
2130 3683 2544 3760 Πλουτάρχου.
2575 3719 2645 3734 —-
2670 3689 2735 3741 Οἰ
2771 3687 2878 3746 ἀπὸ
2914 3687 3023 3742 τῶν
3057 3689 3298 3760 αἰσχρῶν
3323 3686 3531 3760 κερδῶν
3557 3687 3638 3749 είς

2054 3776 2155 3848 τὰς
2212 3783 2386 3846 καλὰς
2463 3781 2846 3843 ἀναλίσκοντες
2900 3781 3285 3852 λειτουργίας,
3338 3778 3525 3850 ὅμοιόν
3581 3795 3637 3832 τι

2055 3875 2294 3942 ποιοῦσι,
2324 3875 2438 3938 τοῖς
2480 3873 2590 3930 ἀπὸ
2637 3873 2739 3944 τῆς
2786 3871 3093 3944 ἱεροσυλίας
3123 3872 3491 3932 θεοσεϐοὖσιν.

2125 3958 2542 4037 Δημοκρίτ.’-
2567 3963 2804 4040 Πλοῦτος
2841 3965 2954 4020 ἀπὸ
2989 3965 3180 4038 ,κακῆς
3219 3965 3484 4035 ἐργασίας
3515 3964 3639 4016 επι-

2057 4059 2369 4131 γινόμενος,
2398 4055 2494 4136 ἐπὶ
2521 4055 2904 4129 φανερώτερον
2934 4056 3149 4121 ὄνειδος.
3169 4057 3456 4128 κέκτηται.

2129 4153 2410 4225 Χρήματα
2442 4143 2691 4223 πορίζειν
2732 4149 2853 4223 μὲν,
2901 4149 3003 4202 οὐκ
3030 4148 3270 4219 ἀχρεῖον·
3305 4147 3374 4214 ἐξ
3424 4146 3638 4209 ἀδικίας

2055 4245 2134 4310 δὲ,
2163 4243 2382 4306 πάντων
2420 4241 2636 4302 κάκιον.

2127 4335 2468 4412 Σωκράτης.
2493 4366 2566 4376 —
2595 4334 2736 4397 Τοὺς
2773 4331 3104 4412 πλεονέκτας
3141 4326 3330 4396 εἴκαζε
3377 4332 3499 4393 ταῖς
3545 4329 3639 4401 ὅρ-

366 4433 604 4492 quarum
633 4435 742 4474 una
779 4419 1006 4490 quidem
1036 4419 1270 4491 deglutit
1311 4419 1585 4490 quidquid
1614 4419 1945 4486 occurrerit,

2069 4449 2213 4487 lt'J’W'
2239 4423 2316 4485 ὧν
2347 4430 2381 4500 ἡ
2417 4427 2518 4499 μὲν
2560 4426 2878 4490 καταπίνει,
2931 4423 2960 4476 ὅ
2993 4440 3047 4492 τι
3098 4421 3164 4476 ἂν
3197 4422 3509 4496 προσεύχῃ,
3540 4421 3638 4474 καὶ

366 4525 432 4566 ac
474 4509 814 4580 quandoque
859 4509 1198 4572 sutl'ocatur;
1243 4511 1477 4580 reliquae
1531 4524 1668 4564 vero
1718 4508 1956 4564 comites

367 4602 559 4657 volant
591 4609 648 4657 et
674 4613 1040 4667 assectautur,
1081 4612 1143 4656 ut
1165 4613 1382 4673 partem
1414 4604 1639 4673 rapiant
1659 4617 1727 4659 ac
1746 4602 1956 4673 partim

368 4693 734 4749 suﬂ‘ocentur.

439 4786 663 4857 Diogen.
689 4787 1048 4856 —-Diogenes
1078 4787 1452 4856 interrogatus
1479 4801 1732 4856 quaenam
1757 4786 1956 4843 bestiae

371 4877 646 4933 truciores
673 4885 880 4942 essent,
914 4875 1205 4948 respondit
1237 4894 1250 4928 :
1293 4877 1354 4929 ln
1406 4878 1693 4932 montibus
1726 4878 1955 4947 quidem

369 4969 486 5025 ursi
514 4976 571 5025 et
599 4968 824 5035 leones;
873 4969 928 5022 in
985 4966 1218 5022 urbibus
1265 4983 1402 5024 vero
1441 4967 1728 5038 publicani
1765 4977 1823 5024 et
1867 4983 1959 5025 ca-

372 5063 768 5118 lumniatores.
1096 5075 1100 5077 '

441 5153 734 5222 Antiphon.
764 5183 835 5192 —
867 5151 1004 5207 Mala
1033 5151 1211 5216 lucra,
1247 5151 1448 5207 breves
1465 5150 1804 5220 voluptates,
1833 5150 1958 5205 lon—

373 5257 473 5313 gos
502 5242 724 5297 dolores
757 5241 992 5298 habent.

1013 5383 1310 5454 Euripidis.

377 5495 478 5578 Qui
512 5495 668 5578 plura
694 5513 896 5578 semper
925 5497 1160 5578 appetit,
1183 5495 1275 5563 jus
1314 5492 1535 5578 negiigit
1555 5530 1570 5553 ,

377 5567 483 5622 Nec
511 5563 648 5622 idem
676 5563 857 5622 amicis
885 5583 940 5620 se
962 5563 1163 5629 sociat,
1193 5581 1284 5618 nec
1315 5563 1528 5618 civibus.

2057 4524 2207 4578 ἐστιν
2263 4521 2394 4578 ὅταν
2450 4517 2726 4584 πνίγεται·
2775 4513 2830 4566 αἰ
2876 4515 2921 4566 δ’
2946 4505 3638 4585 ἄλλαιπαρακολουθοῠσιν

2056 4613 2280 4685 ἀφελεῖν
2315 4608 2448 4663 αὐτὸ
2501 4604 2859 4670 σπεύδουσαι,
2893 4603 2984 4660 ἴνα
3035 4604 3189 4674 παρὰ
3224 4605 3391 4676 μέρος
3435 4601 3639 4674 πνιγῷ..

2059 4722 2433 4860 σωΣωγένης.
2466 4813 2538 4825 -
2579 4781 2930 4854 Ἐρωτηθεὶς,
2973 4780 3098 4833 ποῖα
3143 4778 3232 4848 εἴη
3269 4777 3434 4848 θηρία
3475 4775 3636 4847 χαλε-

2057 4883 2311 4953 πώτερα,
2362 4872 2518 4930 εἶπεν
2543 4914 2559 4940 ,
2616 4875 2705 4927 Ἐν
2747 4872 2850 4944 μὲν
2896 4873 3009 4935 τοῖς
3045 4870 3268 4942 ὄρεσιν,
3329 4869 3488 4940 ἄρκοι
3541 4867 3638 4923 καὶ

2057 4975 2293 5037 λέοντες·
2321 4972 2380 5024 ὲν
2409 4968 2468 5021 δὲ
2486 4967 2608 5031 ταῖς
2633 4965 2844 5031 πόλεσι,
2862 4962 3094 5024 τελῶναι
3123 4962 3218 5017 καὶ
3244 4962 3599 5031 συκοφάνται.

2143 5144 2558 5216 Ἀντιφάνους.
2584 5173 2654 5182 --
2679 5141 2761 5194 Τά
2799 5139 2899 5210 μὲν
2925 5140 3141 5212 πονηρὰ
3182 5141 3372 5214 κέρδη,
3409 5143 3507 5207 τὰς
3537 5140 3639 5214 μὲν

2061 5240 2255 5313 ἡδονὰς
2289 5237 2403 5308 ἔχει
2435 5235 2661 5306 μικράς,
2693 5232 2792 5298 τὰς
2824 5233 2882 5286 δὲ
2913 5232 3093 5298 λύπας
3124 5233 3366 5304 μακράς.

2711 5367 2991 5438 Εὐριπίδ.

2142 5483 2351 5547 ’Ὅστις
2377 5481 2488 5550 γὰρ
2521 5481 2616 5534 ἐπὶ
2654 5479 2719 5533 τὸ
2761 5479 2981 5550 πλεῖον
3000 5479 3166 5547 ἔχειν·
3210 5477 3428 5546 πέφυκ’
3461 5475 3637 5544 ἀνὴρ,

2142 5551 2336 5620 θύδὲν
2367 5549 2579 5620 φρονεῖ
2603 5551 2839 5604 δίκαιον
2884 5549 3026 5620 οὐδὲ
3047 5550 3358 5620 βούλεται,

2140 5618 2348 5687 Φίλοις
2372 5618 2422 5674 τ’
2445 5621 2690 5685 ἄμικτός
2728 5621 2877 5682 ἐστι,
2915 5619 3012 5674 καί
3043 5618 3210 5688 πάσῃ
3239 5619 3433 5672 πόλει.
