  <div class='ocr_page' id='page_1' title='image "/cluster/home/n/w/nwhite01/storage/ocr_20150623/91:no.2/coo.31924054869957/453.png"; bbox 0 0 3990 6366; ppageno 0'>
   <div class='ocr_carea' id='block_1_1' title="bbox 469 354 3748 426">
    <p class='ocr_par' dir='ltr' id='par_1_1' title="bbox 469 354 3748 426">
     <span class='ocr_line' id='line_1_1' title="bbox 469 354 3748 426; baseline -0.001 -3"><span class='ocrx_word' id='word_1_1' title='bbox 469 361 576 426; x_wconf 70' lang='lat'><strong>€39</strong></span> <span class='ocrx_word' id='word_1_2' title='bbox 1645 357 1707 415; x_wconf 91' lang='lat' dir='ltr'><strong>S.</strong></span> <span class='ocrx_word' id='word_1_3' title='bbox 1748 354 2038 416; x_wconf 75' lang='lat' dir='ltr'><strong>MAXIMI</strong></span> <span class='ocrx_word' id='word_1_4' title='bbox 2078 357 2592 418; x_wconf 73' lang='lat' dir='ltr'><strong>CONFESSORIS</strong></span> <span class='ocrx_word' id='word_1_5' title='bbox 3653 361 3748 420; x_wconf 72' lang='grc' dir='ltr'><strong>8Εο</strong></span> 
     </span>
    </p>
   </div>
   <div class='ocr_carea' id='block_1_2' title="bbox 546 463 2060 541">
    <p class='ocr_par' dir='ltr' id='par_1_2' title="bbox 546 466 2056 541">
     <span class='ocr_line' id='line_1_2' title="bbox 546 466 2056 541; baseline -0.001 -17"><span class='ocrx_word' id='word_1_6' title='bbox 546 468 756 541; x_wconf 81' lang='lat' dir='ltr'><strong>Cyrilli.</strong></span> <span class='ocrx_word' id='word_1_7' title='bbox 797 498 861 508; x_wconf 88' lang='lat'><strong>--</strong></span> <span class='ocrx_word' id='word_1_8' title='bbox 903 466 1344 523; x_wconf 86' lang='lat' dir='ltr'><strong>Christianorum</strong></span> <span class='ocrx_word' id='word_1_9' title='bbox 1395 467 1571 537; x_wconf 88' lang='lat' dir='ltr'><strong>prima</strong></span> <span class='ocrx_word' id='word_1_10' title='bbox 1617 467 1791 521; x_wconf 80' lang='lat' dir='ltr'><strong>virtus</strong></span> <span class='ocrx_word' id='word_1_11' title='bbox 1835 467 2056 523; x_wconf 87' lang='lat' dir='ltr'><strong>laudem</strong></span> 
     </span>
    </p>
   </div>
   <div class='ocr_carea' id='block_1_3' title="bbox 2187 463 3752 541">
    <p class='ocr_par' dir='ltr' id='par_1_3' title="bbox 2237 463 3752 540">
     <span class='ocr_line' id='line_1_3' title="bbox 2237 463 3752 540; baseline -0.001 -17"><span class='ocrx_word' id='word_1_12' title='bbox 2237 471 2564 537; x_wconf 79' lang='grc' dir='ltr'>Κυρίλλου.</span> <span class='ocrx_word' id='word_1_13' title='bbox 2625 500 2694 508; x_wconf 89' lang='grc'><strong><em>-</em></strong></span> <span class='ocrx_word' id='word_1_14' title='bbox 2757 463 3101 540; x_wconf 79' lang='grc' dir='ltr'><strong>Χριστιανῶν</strong></span> <span class='ocrx_word' id='word_1_15' title='bbox 3164 465 3434 537; x_wconf 74' lang='grc' dir='ltr'><strong>ἐνάρετος</strong></span> <span class='ocrx_word' id='word_1_16' title='bbox 3512 465 3752 522; x_wconf 77' lang='grc' dir='ltr'>εὐσέϐεια</span> 
     </span>
    </p>
   </div>
   <div class='ocr_carea' id='block_1_4' title="bbox 472 555 2046 628">
    <p class='ocr_par' dir='ltr' id='par_1_4' title="bbox 472 555 2046 628">
     <span class='ocr_line' id='line_1_4' title="bbox 472 555 2046 628; baseline -0.003 -14"><span class='ocrx_word' id='word_1_17' title='bbox 472 560 701 624; x_wconf 86' lang='lat' dir='ltr'><strong>habens,</strong></span> <span class='ocrx_word' id='word_1_18' title='bbox 734 559 908 628; x_wconf 91' lang='lat' dir='ltr'><strong>pietas</strong></span> <span class='ocrx_word' id='word_1_19' title='bbox 945 567 1052 618; x_wconf 81' lang='lat' dir='ltr'><strong>est,</strong></span> <span class='ocrx_word' id='word_1_20' title='bbox 1086 565 1145 611; x_wconf 93' lang='lat' dir='ltr'><strong>ut</strong></span> <span class='ocrx_word' id='word_1_21' title='bbox 1188 565 1445 627; x_wconf 90' lang='lat' dir='ltr'><strong>parentes</strong></span> <span class='ocrx_word' id='word_1_22' title='bbox 1482 556 1690 610; x_wconf 84' lang='lat' dir='ltr'><strong>honore</strong></span> <span class='ocrx_word' id='word_1_23' title='bbox 1727 555 2046 621; x_wconf 83' lang='lat' dir='ltr'><strong>alliciamus,</strong></span> 
     </span>
    </p>
   </div>
   <div class='ocr_carea' id='block_1_5' title="bbox 473 631 2044 721">
    <p class='ocr_par' dir='ltr' id='par_1_5' title="bbox 473 631 2044 721">
     <span class='ocr_line' id='line_1_5' title="bbox 473 631 2044 721; baseline 0 -16"><span class='ocrx_word' id='word_1_24' title='bbox 473 663 639 721; x_wconf 87' lang='lat' dir='ltr'><strong>atque</strong></span> <span class='ocrx_word' id='word_1_25' title='bbox 683 652 769 706; x_wconf 87' lang='lat' dir='ltr'><strong>his</strong></span> <span class='ocrx_word' id='word_1_26' title='bbox 807 651 901 719; x_wconf 85' lang='lat' dir='ltr'><strong>qui</strong></span> <span class='ocrx_word' id='word_1_27' title='bbox 931 657 1268 720; x_wconf 85' lang='lat' dir='ltr'><strong>genuerunt,</strong></span> <span class='ocrx_word' id='word_1_28' title='bbox 1305 649 1523 702; x_wconf 87' lang='lat' dir='ltr'><strong>labores</strong></span> <span class='ocrx_word' id='word_1_29' title='bbox 1563 631 1952 717; x_wconf 74' lang='lat' dir='ltr'><strong>rependamus,</strong></span> <span class='ocrx_word' id='word_1_30' title='bbox 1983 665 2044 706; x_wconf 83' lang='lat' dir='ltr'><strong>ac</strong></span> 
     </span>
    </p>
   </div>
   <div class='ocr_carea' id='block_1_6' title="bbox 473 737 2052 811">
    <p class='ocr_par' dir='ltr' id='par_1_6' title="bbox 473 737 2052 811">
     <span class='ocr_line' id='line_1_6' title="bbox 473 737 2052 811; baseline -0.001 -16"><span class='ocrx_word' id='word_1_31' title='bbox 473 749 677 811; x_wconf 87' lang='lat' dir='ltr'><strong>quanta</strong></span> <span class='ocrx_word' id='word_1_32' title='bbox 708 739 939 794; x_wconf 76' lang='lat' dir='ltr'><strong>facultas</strong></span> <span class='ocrx_word' id='word_1_33' title='bbox 973 739 1284 794; x_wconf 90' lang='lat' dir='ltr'><strong>necessaria</strong></span> <span class='ocrx_word' id='word_1_34' title='bbox 1315 739 1441 793; x_wconf 69' lang='lat' dir='ltr'><strong>vita:</strong></span> <span class='ocrx_word' id='word_1_35' title='bbox 1472 737 1718 792; x_wconf 87' lang='lat' dir='ltr'><strong>subsidia</strong></span> <span class='ocrx_word' id='word_1_36' title='bbox 1751 753 1816 792; x_wconf 89' lang='lat' dir='ltr'><strong>ac</strong></span> <span class='ocrx_word' id='word_1_37' title='bbox 1848 738 2052 808; x_wconf 86' lang='lat' dir='ltr'><strong>quibus</strong></span> 
     </span>
    </p>
   </div>
   <div class='ocr_carea' id='block_1_7' title="bbox 473 829 2052 900">
    <p class='ocr_par' dir='ltr' id='par_1_7' title="bbox 473 829 2052 900">
     <span class='ocr_line' id='line_1_7' title="bbox 473 829 2052 900; baseline -0.001 -14"><span class='ocrx_word' id='word_1_38' title='bbox 473 832 813 895; x_wconf 81' lang='lat' dir='ltr'><strong>reﬁciantur,</strong></span> <span class='ocrx_word' id='word_1_39' title='bbox 842 831 895 884; x_wconf 90' lang='lat' dir='ltr'><strong>in</strong></span> <span class='ocrx_word' id='word_1_40' title='bbox 931 831 1052 884; x_wconf 92' lang='lat' dir='ltr'><strong>illos</strong></span> <span class='ocrx_word' id='word_1_41' title='bbox 1078 831 1440 885; x_wconf 83' lang='lat' dir='ltr'><strong>conferamus.</strong></span> <span class='ocrx_word' id='word_1_42' title='bbox 1469 829 1584 884; x_wconf 85' lang='lat' dir='ltr'><strong>Etsi</strong></span> <span class='ocrx_word' id='word_1_43' title='bbox 1614 831 1760 884; x_wconf 89' lang='lat' dir='ltr'><strong>enim</strong></span> <span class='ocrx_word' id='word_1_44' title='bbox 1790 831 2052 900; x_wconf 87' lang='lat' dir='ltr'><strong>pleraque</strong></span> 
     </span>
    </p>
   </div>
   <div class='ocr_carea' id='block_1_8' title="bbox 476 921 2052 991">
    <p class='ocr_par' dir='ltr' id='par_1_8' title="bbox 476 921 2052 991">
     <span class='ocr_line' id='line_1_8' title="bbox 476 921 2052 991; baseline -0.001 -14"><span class='ocrx_word' id='word_1_45' title='bbox 476 923 584 978; x_wconf 89' lang='lat' dir='ltr'><strong>illis</strong></span> <span class='ocrx_word' id='word_1_46' title='bbox 628 922 1058 986; x_wconf 89' lang='lat' dir='ltr'><strong>reddiderimus,</strong></span> <span class='ocrx_word' id='word_1_47' title='bbox 1107 922 1212 977; x_wconf 91' lang='lat' dir='ltr'><strong>hoc</strong></span> <span class='ocrx_word' id='word_1_48' title='bbox 1257 931 1438 976; x_wconf 88' lang='lat' dir='ltr'><strong>tamen</strong></span> <span class='ocrx_word' id='word_1_49' title='bbox 1484 921 1629 991; x_wconf 89' lang='lat' dir='ltr'><strong>quod</strong></span> <span class='ocrx_word' id='word_1_50' title='bbox 1679 923 2052 990; x_wconf 90' lang='lat' dir='ltr'><strong>sustulerunt,</strong></span> 
     </span>
    </p>
   </div>
   <div class='ocr_carea' id='block_1_9' title="bbox 475 1012 1499 1082">
    <p class='ocr_par' dir='ltr' id='par_1_9' title="bbox 475 1012 1499 1082">
     <span class='ocr_line' id='line_1_9' title="bbox 475 1012 1499 1082; baseline -0.004 -14"><span class='ocrx_word' id='word_1_51' title='bbox 475 1029 760 1082; x_wconf 85' lang='lat' dir='ltr'><strong>nunquam</strong></span> <span class='ocrx_word' id='word_1_52' title='bbox 789 1013 894 1067; x_wconf 91' lang='lat' dir='ltr'><strong>illis</strong></span> <span class='ocrx_word' id='word_1_53' title='bbox 919 1013 1146 1066; x_wconf 90' lang='lat' dir='ltr'><strong>reddere</strong></span> <span class='ocrx_word' id='word_1_54' title='bbox 1175 1012 1499 1082; x_wconf 86' lang='lat' dir='ltr'><strong>poterimus.</strong></span> 
     </span>
    </p>
   </div>
   <div class='ocr_carea' id='block_1_10' title="bbox 546 1104 2053 1180">
    <p class='ocr_par' dir='ltr' id='par_1_10' title="bbox 546 1104 2053 1180">
     <span class='ocr_line' id='line_1_10' title="bbox 546 1104 2053 1180; baseline 0 -21"><span class='ocrx_word' id='word_1_55' title='bbox 546 1105 668 1160; x_wconf 85' lang='lat' dir='ltr'><strong>Filii</strong></span> <span class='ocrx_word' id='word_1_56' title='bbox 711 1105 1034 1175; x_wconf 89' lang='lat' dir='ltr'><strong>parentibus</strong></span> <span class='ocrx_word' id='word_1_57' title='bbox 1076 1120 1283 1158; x_wconf 87' lang='lat' dir='ltr'><strong>morem</strong></span> <span class='ocrx_word' id='word_1_58' title='bbox 1319 1111 1513 1173; x_wconf 87' lang='lat' dir='ltr'><strong>gerant</strong></span> <span class='ocrx_word' id='word_1_59' title='bbox 1549 1117 1775 1158; x_wconf 90' lang='lat' dir='ltr'><strong>necesse</strong></span> <span class='ocrx_word' id='word_1_60' title='bbox 1813 1114 1917 1180; x_wconf 82' lang='lat' dir='ltr'><strong>est.</strong></span> <span class='ocrx_word' id='word_1_61' title='bbox 1947 1104 2053 1160; x_wconf 86' lang='lat' dir='ltr'><strong>Ubi</strong></span> 
     </span>
    </p>
   </div>
   <div class='ocr_carea' id='block_1_11' title="bbox 479 1193 2056 1263">
    <p class='ocr_par' dir='ltr' id='par_1_11' title="bbox 479 1193 2056 1263">
     <span class='ocr_line' id='line_1_11' title="bbox 479 1193 2056 1263; baseline 0 -13"><span class='ocrx_word' id='word_1_62' title='bbox 479 1204 659 1250; x_wconf 87' lang='lat' dir='ltr'><strong>tamen</strong></span> <span class='ocrx_word' id='word_1_63' title='bbox 689 1195 939 1250; x_wconf 85' lang='lat' dir='ltr'><strong>veritatis</strong></span> <span class='ocrx_word' id='word_1_64' title='bbox 963 1195 1104 1249; x_wconf 86' lang='lat' dir='ltr'><strong>ratio</strong></span> <span class='ocrx_word' id='word_1_65' title='bbox 1134 1210 1198 1249; x_wconf 88' lang='lat' dir='ltr'><strong>ac</strong></span> <span class='ocrx_word' id='word_1_66' title='bbox 1227 1193 1477 1249; x_wconf 89' lang='lat' dir='ltr'><strong>doctrina</strong></span> <span class='ocrx_word' id='word_1_67' title='bbox 1508 1193 1673 1263; x_wconf 85' lang='lat' dir='ltr'><strong>cogit,</strong></span> <span class='ocrx_word' id='word_1_68' title='bbox 1705 1194 1816 1248; x_wconf 90' lang='lat' dir='ltr'><strong>Deo</strong></span> <span class='ocrx_word' id='word_1_69' title='bbox 1847 1195 2056 1250; x_wconf 90' lang='lat' dir='ltr'><strong>haben-</strong></span> 
     </span>
    </p>
   </div>
   <div class='ocr_carea' id='block_1_12' title="bbox 476 1285 2058 1357">
    <p class='ocr_par' dir='ltr' id='par_1_12' title="bbox 476 1285 2058 1357">
     <span class='ocr_line' id='line_1_12' title="bbox 476 1285 2058 1357; baseline 0.001 -16"><span class='ocrx_word' id='word_1_70' title='bbox 476 1287 581 1342; x_wconf 88' lang='lat' dir='ltr'><strong>dus</strong></span> <span class='ocrx_word' id='word_1_71' title='bbox 614 1287 810 1351; x_wconf 89' lang='lat' dir='ltr'><strong>honor,</strong></span> <span class='ocrx_word' id='word_1_72' title='bbox 835 1301 900 1341; x_wconf 89' lang='lat' dir='ltr'><strong>ac</strong></span> <span class='ocrx_word' id='word_1_73' title='bbox 932 1303 1054 1356; x_wconf 75' lang='lat' dir='ltr'><strong>qua:</strong></span> <span class='ocrx_word' id='word_1_74' title='bbox 1085 1287 1236 1340; x_wconf 82' lang='lat' dir='ltr'><strong>illius</strong></span> <span class='ocrx_word' id='word_1_75' title='bbox 1266 1296 1416 1353; x_wconf 91' lang='lat' dir='ltr'><strong>sunt,</strong></span> <span class='ocrx_word' id='word_1_76' title='bbox 1440 1285 1680 1341; x_wconf 89' lang='lat' dir='ltr'><strong>naturali</strong></span> <span class='ocrx_word' id='word_1_77' title='bbox 1707 1288 1826 1356; x_wconf 90' lang='lat' dir='ltr'><strong>ipso</strong></span> <span class='ocrx_word' id='word_1_78' title='bbox 1861 1303 2058 1357; x_wconf 77' lang='lat' dir='ltr'><strong>paren~</strong></span> 
     </span>
    </p>
   </div>
   <div class='ocr_carea' id='block_1_13' title="bbox 476 1378 1652 1450">
    <p class='ocr_par' dir='ltr' id='par_1_13' title="bbox 476 1378 1652 1450">
     <span class='ocr_line' id='line_1_13' title="bbox 476 1378 1652 1450; baseline 0.001 -18"><span class='ocrx_word' id='word_1_79' title='bbox 476 1389 594 1434; x_wconf 92' lang='lat' dir='ltr'><strong>tum</strong></span> <span class='ocrx_word' id='word_1_80' title='bbox 623 1395 808 1434; x_wconf 87' lang='lat' dir='ltr'><strong>amore</strong></span> <span class='ocrx_word' id='word_1_81' title='bbox 840 1379 1054 1450; x_wconf 87' lang='lat' dir='ltr'><strong>potiore</strong></span> <span class='ocrx_word' id='word_1_82' title='bbox 1081 1379 1203 1433; x_wconf 92' lang='lat' dir='ltr'><strong>loco</strong></span> <span class='ocrx_word' id='word_1_83' title='bbox 1226 1378 1475 1434; x_wconf 90' lang='lat' dir='ltr'><strong>ducenda</strong></span> <span class='ocrx_word' id='word_1_84' title='bbox 1502 1389 1652 1433; x_wconf 89' lang='lat' dir='ltr'><strong>sunt.</strong></span> 
     </span>
    </p>
   </div>
   <div class='ocr_carea' id='block_1_14' title="bbox 546 1470 2057 1542">
    <p class='ocr_par' dir='ltr' id='par_1_14' title="bbox 546 1470 2057 1542">
     <span class='ocr_line' id='line_1_14' title="bbox 546 1470 2057 1542; baseline -0.001 -15"><span class='ocrx_word' id='word_1_85' title='bbox 546 1472 804 1528; x_wconf 79' lang='lat' dir='ltr'><strong>Philonis.</strong></span> <span class='ocrx_word' id='word_1_86' title='bbox 832 1503 904 1512; x_wconf 92' lang='lat'><strong>—</strong></span> <span class='ocrx_word' id='word_1_87' title='bbox 929 1473 1098 1526; x_wconf 91' lang='lat' dir='ltr'><strong>Deum</strong></span> <span class='ocrx_word' id='word_1_88' title='bbox 1135 1486 1299 1526; x_wconf 89' lang='lat' dir='ltr'><strong>nemo</strong></span> <span class='ocrx_word' id='word_1_89' title='bbox 1330 1485 1440 1541; x_wconf 94' lang='lat' dir='ltr'><strong>quo</strong></span> <span class='ocrx_word' id='word_1_90' title='bbox 1473 1486 1573 1540; x_wconf 88' lang='lat' dir='ltr'><strong>par</strong></span> <span class='ocrx_word' id='word_1_91' title='bbox 1599 1478 1686 1524; x_wconf 86' lang='lat' dir='ltr'><strong>est</strong></span> <span class='ocrx_word' id='word_1_92' title='bbox 1718 1470 2057 1542; x_wconf 87' lang='lat' dir='ltr'><strong>dignumque</strong></span> 
     </span>
    </p>
   </div>
   <div class='ocr_carea' id='block_1_15' title="bbox 476 1563 2059 1634">
    <p class='ocr_par' dir='ltr' id='par_1_15' title="bbox 476 1563 2059 1634">
     <span class='ocr_line' id='line_1_15' title="bbox 476 1563 2059 1634; baseline 0 -15"><span class='ocrx_word' id='word_1_93' title='bbox 476 1566 686 1620; x_wconf 85' lang='lat' dir='ltr'><strong>honore</strong></span> <span class='ocrx_word' id='word_1_94' title='bbox 707 1564 963 1634; x_wconf 89' lang='lat' dir='ltr'><strong>prosequi</strong></span> <span class='ocrx_word' id='word_1_95' title='bbox 1004 1572 1204 1634; x_wconf 88' lang='lat' dir='ltr'><strong>potest,</strong></span> <span class='ocrx_word' id='word_1_96' title='bbox 1235 1563 1327 1619; x_wconf 89' lang='lat' dir='ltr'><strong>sed</strong></span> <span class='ocrx_word' id='word_1_97' title='bbox 1365 1565 1512 1634; x_wconf 82' lang='lat' dir='ltr'><strong>justo</strong></span> <span class='ocrx_word' id='word_1_98' title='bbox 1535 1563 1746 1629; x_wconf 89' lang='lat' dir='ltr'><strong>solum;</strong></span> <span class='ocrx_word' id='word_1_99' title='bbox 1789 1579 1914 1618; x_wconf 88' lang='lat' dir='ltr'><strong>cum</strong></span> <span class='ocrx_word' id='word_1_100' title='bbox 1955 1579 2059 1619; x_wconf 89' lang='lat' dir='ltr'><strong>nec</strong></span> 
     </span>
    </p>
   </div>
   <div class='ocr_carea' id='block_1_16' title="bbox 477 1639 2056 1726">
    <p class='ocr_par' dir='ltr' id='par_1_16' title="bbox 477 1639 2056 1726">
     <span class='ocr_line' id='line_1_16' title="bbox 477 1639 2056 1726; baseline 0.001 -17"><span class='ocrx_word' id='word_1_101' title='bbox 477 1655 593 1710; x_wconf 83' lang='lat' dir='ltr'><strong>ﬁeri</strong></span> <span class='ocrx_word' id='word_1_102' title='bbox 632 1655 825 1726; x_wconf 90' lang='lat' dir='ltr'><strong>possit,</strong></span> <span class='ocrx_word' id='word_1_103' title='bbox 857 1662 917 1708; x_wconf 92' lang='lat' dir='ltr'><strong>ut</strong></span> <span class='ocrx_word' id='word_1_104' title='bbox 951 1664 1008 1710; x_wconf 89' lang='lat' dir='ltr'><strong>et</strong></span> <span class='ocrx_word' id='word_1_105' title='bbox 1046 1639 1368 1726; x_wconf 84' lang='lat' dir='ltr'><strong>parentibus</strong></span> <span class='ocrx_word' id='word_1_106' title='bbox 1410 1669 1569 1725; x_wconf 90' lang='lat' dir='ltr'><strong>pares</strong></span> <span class='ocrx_word' id='word_1_107' title='bbox 1604 1655 1808 1726; x_wconf 78' lang='lat' dir='ltr'><strong>gratias</strong></span> <span class='ocrx_word' id='word_1_108' title='bbox 1849 1654 2056 1710; x_wconf 80' lang='lat' dir='ltr'><strong>refera-</strong></span> 
     </span>
    </p>
   </div>
   <div class='ocr_carea' id='block_1_17' title="bbox 478 1745 2058 1817">
    <p class='ocr_par' dir='ltr' id='par_1_17' title="bbox 478 1745 2058 1817">
     <span class='ocr_line' id='line_1_17' title="bbox 478 1745 2058 1817; baseline 0.002 -18"><span class='ocrx_word' id='word_1_109' title='bbox 478 1761 603 1800; x_wconf 90' lang='lat' dir='ltr'><strong>mus</strong></span> <span class='ocrx_word' id='word_1_110' title='bbox 627 1763 640 1798; x_wconf 90' lang='lat'><strong>:</strong></span> <span class='ocrx_word' id='word_1_111' title='bbox 666 1761 790 1800; x_wconf 87' lang='lat' dir='ltr'><strong>nam</strong></span> <span class='ocrx_word' id='word_1_112' title='bbox 815 1762 994 1816; x_wconf 91' lang='lat' dir='ltr'><strong>neque</strong></span> <span class='ocrx_word' id='word_1_113' title='bbox 1016 1747 1260 1802; x_wconf 83' lang='lat' dir='ltr'><strong>vicissim</strong></span> <span class='ocrx_word' id='word_1_114' title='bbox 1290 1747 1417 1802; x_wconf 91' lang='lat' dir='ltr'><strong>illos</strong></span> <span class='ocrx_word' id='word_1_115' title='bbox 1439 1745 1658 1817; x_wconf 76' lang='lat' dir='ltr'><strong>gignere</strong></span> <span class='ocrx_word' id='word_1_116' title='bbox 1687 1745 1852 1816; x_wconf 90' lang='lat' dir='ltr'><strong>inque</strong></span> <span class='ocrx_word' id='word_1_117' title='bbox 1881 1747 2058 1802; x_wconf 90' lang='lat' dir='ltr'><strong>lucem</strong></span> 
     </span>
    </p>
   </div>
   <div class='ocr_carea' id='block_1_18' title="bbox 476 1838 1100 1908">
    <p class='ocr_par' dir='ltr' id='par_1_18' title="bbox 476 1838 1100 1908">
     <span class='ocr_line' id='line_1_18' title="bbox 476 1838 1100 1908; baseline 0.005 -17"><span class='ocrx_word' id='word_1_118' title='bbox 476 1838 758 1907; x_wconf 87' lang='lat' dir='ltr'><strong>suscipere</strong></span> <span class='ocrx_word' id='word_1_119' title='bbox 786 1853 1100 1908; x_wconf 65' lang='lat' dir='ltr'><strong>possumus,</strong></span> 
     </span>
    </p>
   </div>
   <div class='ocr_carea' id='block_1_19' title="bbox 542 1927 2060 2002">
    <p class='ocr_par' dir='ltr' id='par_1_19' title="bbox 542 1927 2060 2002">
     <span class='ocr_line' id='line_1_19' title="bbox 542 1927 2060 2002; baseline 0.003 -20"><span class='ocrx_word' id='word_1_120' title='bbox 542 1927 708 2000; x_wconf 66' lang='grc'><strong>604</strong></span> <span class='ocrx_word' id='word_1_121' title='bbox 735 1929 1006 1984; x_wconf 83' lang='lat' dir='ltr'><strong>Aristotel.</strong></span> <span class='ocrx_word' id='word_1_122' title='bbox 1034 1960 1106 1970; x_wconf 90' lang='lat'><em>--</em></span> <span class='ocrx_word' id='word_1_123' title='bbox 1132 1929 1325 2001; x_wconf 64' lang='lat' dir='ltr'><strong>Opera:</strong></span> <span class='ocrx_word' id='word_1_124' title='bbox 1350 1930 1587 2002; x_wconf 89' lang='lat' dir='ltr'><strong>pretium</strong></span> <span class='ocrx_word' id='word_1_125' title='bbox 1618 1937 1681 1984; x_wconf 86' lang='lat' dir='ltr'><strong>ut</strong></span> <span class='ocrx_word' id='word_1_126' title='bbox 1710 1929 1859 1985; x_wconf 87' lang='lat' dir='ltr'><strong>ﬁlius</strong></span> <span class='ocrx_word' id='word_1_127' title='bbox 1887 1931 2060 2000; x_wconf 86' lang='lat' dir='ltr'><strong>magis</strong></span> 
     </span>
    </p>
   </div>
   <div class='ocr_carea' id='block_1_20' title="bbox 475 2019 2059 2092">
    <p class='ocr_par' dir='ltr' id='par_1_20' title="bbox 475 2019 2059 2092">
     <span class='ocr_line' id='line_1_20' title="bbox 475 2019 2059 2092; baseline 0.002 -21"><span class='ocrx_word' id='word_1_128' title='bbox 475 2019 649 2088; x_wconf 90' lang='lat' dir='ltr'><strong>patris</strong></span> <span class='ocrx_word' id='word_1_129' title='bbox 671 2034 863 2075; x_wconf 87' lang='lat' dir='ltr'><strong>servus</strong></span> <span class='ocrx_word' id='word_1_130' title='bbox 887 2021 978 2085; x_wconf 91' lang='lat' dir='ltr'><strong>sit,</strong></span> <span class='ocrx_word' id='word_1_131' title='bbox 1003 2036 1165 2092; x_wconf 82' lang='lat' dir='ltr'><strong>quam</strong></span> <span class='ocrx_word' id='word_1_132' title='bbox 1190 2020 1430 2076; x_wconf 82' lang='lat' dir='ltr'><strong>famulus</strong></span> <span class='ocrx_word' id='word_1_133' title='bbox 1452 2031 1549 2075; x_wconf 90' lang='lat' dir='ltr'><strong>aut</strong></span> <span class='ocrx_word' id='word_1_134' title='bbox 1570 2019 1900 2075; x_wconf 85' lang='lat' dir='ltr'><strong>vernaculus</strong></span> <span class='ocrx_word' id='word_1_135' title='bbox 1929 2038 1942 2074; x_wconf 92' lang='lat'><strong>:</strong></span> <span class='ocrx_word' id='word_1_136' title='bbox 1969 2020 2059 2075; x_wconf 91' lang='lat' dir='ltr'><strong>ille</strong></span> 
     </span>
    </p>
   </div>
   <div class='ocr_carea' id='block_1_21' title="bbox 476 2113 1576 2184">
    <p class='ocr_par' dir='ltr' id='par_1_21' title="bbox 476 2113 1576 2184">
     <span class='ocr_line' id='line_1_21' title="bbox 476 2113 1576 2184; baseline 0.004 -21"><span class='ocrx_word' id='word_1_137' title='bbox 476 2126 716 2181; x_wconf 88' lang='lat' dir='ltr'><strong>namque</strong></span> <span class='ocrx_word' id='word_1_138' title='bbox 746 2122 961 2178; x_wconf 91' lang='lat' dir='ltr'><strong>natura,</strong></span> <span class='ocrx_word' id='word_1_139' title='bbox 992 2113 1082 2167; x_wconf 92' lang='lat' dir='ltr'><strong>hic</strong></span> <span class='ocrx_word' id='word_1_140' title='bbox 1109 2115 1226 2184; x_wconf 89' lang='lat' dir='ltr'><strong>lege</strong></span> <span class='ocrx_word' id='word_1_141' title='bbox 1251 2122 1335 2169; x_wconf 91' lang='lat' dir='ltr'><strong>est</strong></span> <span class='ocrx_word' id='word_1_142' title='bbox 1364 2128 1576 2169; x_wconf 85' lang='lat' dir='ltr'><strong>servus.</strong></span> 
     </span>
    </p>
   </div>
   <div class='ocr_carea' id='block_1_22' title="bbox 548 2201 2063 2276">
    <p class='ocr_par' dir='ltr' id='par_1_22' title="bbox 548 2201 2063 2276">
     <span class='ocr_line' id='line_1_22' title="bbox 548 2201 2063 2276; baseline 0.001 -20"><span class='ocrx_word' id='word_1_143' title='bbox 548 2201 772 2258; x_wconf 88' lang='lat' dir='ltr'><strong>Isocrat.</strong></span> <span class='ocrx_word' id='word_1_144' title='bbox 802 2235 869 2244; x_wconf 95' lang='lat'><strong>—</strong></span> <span class='ocrx_word' id='word_1_145' title='bbox 899 2204 1047 2259; x_wconf 88' lang='lat' dir='ltr'><strong>Talis</strong></span> <span class='ocrx_word' id='word_1_146' title='bbox 1073 2213 1192 2259; x_wconf 87' lang='lat' dir='ltr'><strong>esto</strong></span> <span class='ocrx_word' id='word_1_147' title='bbox 1223 2220 1349 2275; x_wconf 88' lang='lat' dir='ltr'><strong>erga</strong></span> <span class='ocrx_word' id='word_1_148' title='bbox 1381 2211 1656 2275; x_wconf 89' lang='lat' dir='ltr'><strong>parentes,</strong></span> <span class='ocrx_word' id='word_1_149' title='bbox 1682 2205 1876 2276; x_wconf 88' lang='lat' dir='ltr'><strong>quales</strong></span> <span class='ocrx_word' id='word_1_150' title='bbox 1905 2213 2063 2274; x_wconf 91' lang='lat' dir='ltr'><strong>optes</strong></span> 
     </span>
    </p>
   </div>
   <div class='ocr_carea' id='block_1_23' title="bbox 481 2291 1670 2366">
    <p class='ocr_par' dir='ltr' id='par_1_23' title="bbox 481 2291 1670 2366">
     <span class='ocr_line' id='line_1_23' title="bbox 481 2291 1670 2366; baseline 0.003 -19"><span class='ocrx_word' id='word_1_151' title='bbox 481 2291 538 2347; x_wconf 91' lang='lat' dir='ltr'><strong>in</strong></span> <span class='ocrx_word' id='word_1_152' title='bbox 571 2303 624 2348; x_wconf 87' lang='lat' dir='ltr'><strong>te</strong></span> <span class='ocrx_word' id='word_1_153' title='bbox 651 2294 790 2362; x_wconf 81' lang='lat' dir='ltr'><strong>fore,</strong></span> <span class='ocrx_word' id='word_1_154' title='bbox 817 2311 955 2366; x_wconf 93' lang='lat' dir='ltr'><strong>quos</strong></span> <span class='ocrx_word' id='word_1_155' title='bbox 978 2295 1187 2351; x_wconf 89' lang='lat' dir='ltr'><strong>liberos</strong></span> <span class='ocrx_word' id='word_1_156' title='bbox 1217 2296 1331 2366; x_wconf 88' lang='lat' dir='ltr'><strong>ipse</strong></span> <span class='ocrx_word' id='word_1_157' title='bbox 1356 2296 1670 2354; x_wconf 88' lang='lat' dir='ltr'><strong>sustuleris.</strong></span> 
     </span>
    </p>
   </div>
   <div class='ocr_carea' id='block_1_24' title="bbox 550 2471 2060 2543">
    <p class='ocr_par' dir='ltr' id='par_1_24' title="bbox 550 2471 2060 2543">
     <span class='ocr_line' id='line_1_24' title="bbox 550 2471 2060 2543; baseline 0 -17"><span class='ocrx_word' id='word_1_158' title='bbox 550 2471 870 2527; x_wconf 73' lang='lat' dir='ltr'><strong>Alexander.</strong></span> <span class='ocrx_word' id='word_1_159' title='bbox 894 2503 963 2513; x_wconf 88' lang='lat'><strong>——</strong></span> <span class='ocrx_word' id='word_1_160' title='bbox 983 2471 1295 2527; x_wconf 81' lang='lat' dir='ltr'><strong>Alexander</strong></span> <span class='ocrx_word' id='word_1_161' title='bbox 1315 2487 1409 2527; x_wconf 81' lang='lat' dir='ltr'><strong>rex</strong></span> <span class='ocrx_word' id='word_1_162' title='bbox 1442 2473 1833 2543; x_wconf 81' lang='lat' dir='ltr'><strong>interrogatus,</strong></span> <span class='ocrx_word' id='word_1_163' title='bbox 1873 2482 2060 2528; x_wconf 91' lang='lat' dir='ltr'><strong>utrum</strong></span> 
     </span>
    </p>
   </div>
   <div class='ocr_carea' id='block_1_25' title="bbox 479 2563 2062 2634">
    <p class='ocr_par' dir='ltr' id='par_1_25' title="bbox 479 2563 2062 2634">
     <span class='ocr_line' id='line_1_25' title="bbox 479 2563 2062 2634; baseline 0 -16"><span class='ocrx_word' id='word_1_164' title='bbox 479 2563 654 2633; x_wconf 88' lang='lat' dir='ltr'><strong>magis</strong></span> <span class='ocrx_word' id='word_1_165' title='bbox 699 2571 906 2617; x_wconf 86' lang='lat' dir='ltr'><strong>amaret</strong></span> <span class='ocrx_word' id='word_1_166' title='bbox 947 2563 1258 2634; x_wconf 87' lang='lat' dir='ltr'><strong>Philippum</strong></span> <span class='ocrx_word' id='word_1_167' title='bbox 1312 2570 1553 2633; x_wconf 89' lang='lat' dir='ltr'><strong>patrem,</strong></span> <span class='ocrx_word' id='word_1_168' title='bbox 1594 2579 1664 2618; x_wconf 91' lang='lat' dir='ltr'><strong>an</strong></span> <span class='ocrx_word' id='word_1_169' title='bbox 1711 2563 2062 2618; x_wconf 86' lang='lat' dir='ltr'><strong>Aristotelem</strong></span> 
     </span>
    </p>
   </div>
   <div class='ocr_carea' id='block_1_26' title="bbox 481 2653 2064 2724">
    <p class='ocr_par' dir='ltr' id='par_1_26' title="bbox 481 2653 2064 2724">
     <span class='ocr_line' id='line_1_26' title="bbox 481 2653 2064 2724; baseline 0.001 -18"><span class='ocrx_word' id='word_1_170' title='bbox 481 2653 834 2724; x_wconf 86' lang='lat' dir='ltr'><strong>magistrum,</strong></span> <span class='ocrx_word' id='word_1_171' title='bbox 884 2653 1169 2723; x_wconf 82' lang='lat' dir='ltr'><strong>respondit</strong></span> <span class='ocrx_word' id='word_1_172' title='bbox 1222 2668 1236 2706; x_wconf 92' lang='lat'>:</span> <span class='ocrx_word' id='word_1_173' title='bbox 1292 2653 1388 2707; x_wconf 91' lang='lat' dir='ltr'><strong>llle</strong></span> <span class='ocrx_word' id='word_1_174' title='bbox 1440 2653 1702 2708; x_wconf 87' lang='lat' dir='ltr'><strong>nimirum</strong></span> <span class='ocrx_word' id='word_1_175' title='bbox 1759 2653 1955 2708; x_wconf 86' lang='lat' dir='ltr'><strong>tribuit</strong></span> <span class='ocrx_word' id='word_1_176' title='bbox 2002 2662 2064 2708; x_wconf 90' lang='lat' dir='ltr'><strong>ut</strong></span> 
     </span>
    </p>
   </div>
   <div class='ocr_carea' id='block_1_27' title="bbox 480 2742 2062 2815">
    <p class='ocr_par' dir='ltr' id='par_1_27' title="bbox 480 2742 2062 2815">
     <span class='ocr_line' id='line_1_27' title="bbox 480 2742 2062 2815; baseline 0 -17"><span class='ocrx_word' id='word_1_177' title='bbox 480 2759 682 2808; x_wconf 88' lang='lat' dir='ltr'><strong>essem,</strong></span> <span class='ocrx_word' id='word_1_178' title='bbox 718 2743 810 2798; x_wconf 91' lang='lat' dir='ltr'><strong>hic</strong></span> <span class='ocrx_word' id='word_1_179' title='bbox 855 2745 975 2815; x_wconf 86' lang='lat' dir='ltr'><strong>ejus</strong></span> <span class='ocrx_word' id='word_1_180' title='bbox 1020 2742 1166 2814; x_wconf 90' lang='lat' dir='ltr'><strong>quod</strong></span> <span class='ocrx_word' id='word_1_181' title='bbox 1214 2753 1300 2798; x_wconf 90' lang='lat' dir='ltr'><strong>est</strong></span> <span class='ocrx_word' id='word_1_182' title='bbox 1344 2743 1486 2798; x_wconf 87' lang='lat' dir='ltr'><strong>bene</strong></span> <span class='ocrx_word' id='word_1_183' title='bbox 1533 2759 1596 2798; x_wconf 89' lang='lat' dir='ltr'><strong>ac</strong></span> <span class='ocrx_word' id='word_1_184' title='bbox 1640 2743 1871 2799; x_wconf 88' lang='lat' dir='ltr'><strong>honeste</strong></span> <span class='ocrx_word' id='word_1_185' title='bbox 1924 2744 2062 2798; x_wconf 88' lang='lat' dir='ltr'><strong>mihi</strong></span> 
     </span>
    </p>
   </div>
   <div class='ocr_carea' id='block_1_28' title="bbox 481 2843 804 2890">
    <p class='ocr_par' dir='ltr' id='par_1_28' title="bbox 481 2843 804 2890">
     <span class='ocr_line' id='line_1_28' title="bbox 481 2843 804 2890; baseline 0 -2"><span class='ocrx_word' id='word_1_186' title='bbox 481 2843 566 2888; x_wconf 89' lang='lat' dir='ltr'><strong>est</strong></span> <span class='ocrx_word' id='word_1_187' title='bbox 592 2843 804 2890; x_wconf 89' lang='lat' dir='ltr'><strong>auctor.</strong></span> 
     </span>
    </p>
   </div>
   <div class='ocr_carea' id='block_1_29' title="bbox 550 2923 2060 2996">
    <p class='ocr_par' dir='ltr' id='par_1_29' title="bbox 550 2923 2060 2996">
     <span class='ocr_line' id='line_1_29' title="bbox 550 2923 2060 2996; baseline 0 -18"><span class='ocrx_word' id='word_1_188' title='bbox 550 2923 721 2984; x_wconf 85' lang='lat' dir='ltr'><strong>Idem.</strong></span> <span class='ocrx_word' id='word_1_189' title='bbox 750 2932 921 2980; x_wconf 88' lang='lat' dir='ltr'><strong>matre</strong></span> <span class='ocrx_word' id='word_1_190' title='bbox 943 2925 1262 2996; x_wconf 85' lang='lat' dir='ltr'><strong>Olympiade</strong></span> <span class='ocrx_word' id='word_1_191' title='bbox 1291 2940 1455 2996; x_wconf 86' lang='lat' dir='ltr'><strong>grave</strong></span> <span class='ocrx_word' id='word_1_192' title='bbox 1484 2923 1693 2994; x_wconf 88' lang='lat' dir='ltr'><strong>aliquid</strong></span> <span class='ocrx_word' id='word_1_193' title='bbox 1722 2923 2060 2994; x_wconf 90' lang='lat' dir='ltr'><strong>imperante:</strong></span> 
     </span>
    </p>
   </div>
   <div class='ocr_carea' id='block_1_30' title="bbox 483 3002 2063 3079">
    <p class='ocr_par' dir='ltr' id='par_1_30' title="bbox 483 3002 2063 3079">
     <span class='ocr_line' id='line_1_30' title="bbox 483 3002 2063 3079; baseline 0.001 -13"><span class='ocrx_word' id='word_1_194' title='bbox 483 3011 529 3066; x_wconf 92' lang='grc' dir='ltr'>Ο</span> <span class='ocrx_word' id='word_1_195' title='bbox 570 3021 768 3079; x_wconf 88' lang='lat' dir='ltr'><strong>mater,</strong></span> <span class='ocrx_word' id='word_1_196' title='bbox 803 3014 901 3077; x_wconf 88' lang='lat' dir='ltr'><strong>ait,</strong></span> <span class='ocrx_word' id='word_1_197' title='bbox 939 3015 1188 3070; x_wconf 89' lang='lat' dir='ltr'><strong>acerbam</strong></span> <span class='ocrx_word' id='word_1_198' title='bbox 1236 3002 1433 3072; x_wconf 78' lang='lat' dir='ltr'><strong>novem</strong></span> <span class='ocrx_word' id='word_1_199' title='bbox 1483 3013 1543 3069; x_wconf 90' lang='lat' dir='ltr'><strong>in</strong></span> <span class='ocrx_word' id='word_1_200' title='bbox 1588 3022 1747 3069; x_wconf 88' lang='lat' dir='ltr'><strong>utero</strong></span> <span class='ocrx_word' id='word_1_201' title='bbox 1789 3013 2063 3068; x_wconf 89' lang='lat' dir='ltr'><strong>mensium</strong></span> 
     </span>
    </p>
   </div>
   <div class='ocr_carea' id='block_1_31' title="bbox 484 3103 1284 3178">
    <p class='ocr_par' dir='ltr' id='par_1_31' title="bbox 484 3103 1284 3178">
     <span class='ocr_line' id='line_1_31' title="bbox 484 3103 1284 3178; baseline 0.008 -21"><span class='ocrx_word' id='word_1_202' title='bbox 484 3103 709 3174; x_wconf 88' lang='lat' dir='ltr'><strong>hospitii</strong></span> <span class='ocrx_word' id='word_1_203' title='bbox 744 3107 1054 3162; x_wconf 90' lang='lat' dir='ltr'><strong>mercedem</strong></span> <span class='ocrx_word' id='word_1_204' title='bbox 1087 3108 1284 3178; x_wconf 78' lang='lat' dir='ltr'><strong>exigis!</strong></span> 
     </span>
    </p>
   </div>
   <div class='ocr_carea' id='block_1_32' title="bbox 554 3195 2064 3270">
    <p class='ocr_par' dir='ltr' id='par_1_32' title="bbox 554 3195 2064 3270">
     <span class='ocr_line' id='line_1_32' title="bbox 554 3195 2064 3270; baseline 0.001 -20"><span class='ocrx_word' id='word_1_205' title='bbox 554 3195 817 3252; x_wconf 80' lang='lat' dir='ltr'><strong>Socrates.</strong></span> <span class='ocrx_word' id='word_1_206' title='bbox 835 3229 904 3238; x_wconf 96' lang='lat'>—</span> <span class='ocrx_word' id='word_1_207' title='bbox 924 3198 1061 3256; x_wconf 88' lang='lat' dir='ltr'><strong>Cum</strong></span> <span class='ocrx_word' id='word_1_208' title='bbox 1089 3217 1226 3256; x_wconf 80' lang='lat' dir='ltr'><strong>uxor</strong></span> <span class='ocrx_word' id='word_1_209' title='bbox 1247 3200 1700 3270; x_wconf 86' lang='lat' dir='ltr'><strong>reprehenderet,</strong></span> <span class='ocrx_word' id='word_1_210' title='bbox 1718 3196 1864 3267; x_wconf 90' lang='lat' dir='ltr'><strong>quod</strong></span> <span class='ocrx_word' id='word_1_211' title='bbox 1889 3196 2064 3252; x_wconf 83' lang='lat' dir='ltr'><strong>ﬁlium</strong></span> 
     </span>
    </p>
   </div>
   <div class='ocr_carea' id='block_1_33' title="bbox 484 3288 2066 3358">
    <p class='ocr_par' dir='ltr' id='par_1_33' title="bbox 484 3288 2066 3358">
     <span class='ocr_line' id='line_1_33' title="bbox 484 3288 2066 3358; baseline 0.001 -16"><span class='ocrx_word' id='word_1_212' title='bbox 484 3289 736 3344; x_wconf 89' lang='lat' dir='ltr'><strong>inutilem</strong></span> <span class='ocrx_word' id='word_1_213' title='bbox 767 3305 831 3345; x_wconf 85' lang='lat' dir='ltr'><strong>ac</strong></span> <span class='ocrx_word' id='word_1_214' title='bbox 858 3291 1145 3347; x_wconf 90' lang='lat' dir='ltr'><strong>socordem</strong></span> <span class='ocrx_word' id='word_1_215' title='bbox 1175 3306 1286 3345; x_wconf 92' lang='lat' dir='ltr'><strong>non</strong></span> <span class='ocrx_word' id='word_1_216' title='bbox 1312 3290 1648 3354; x_wconf 88' lang='lat' dir='ltr'><strong>admitteret,</strong></span> <span class='ocrx_word' id='word_1_217' title='bbox 1673 3298 1838 3358; x_wconf 89' lang='lat' dir='ltr'><strong>atque</strong></span> <span class='ocrx_word' id='word_1_218' title='bbox 1871 3303 1940 3343; x_wconf 77' lang='lat' dir='ltr'><strong>ex</strong></span> <span class='ocrx_word' id='word_1_219' title='bbox 1973 3288 2066 3343; x_wconf 91' lang='lat' dir='ltr'><strong>illo</strong></span> 
     </span>
    </p>
   </div>
   <div class='ocr_carea' id='block_1_34' title="bbox 482 3377 2066 3450">
    <p class='ocr_par' dir='ltr' id='par_1_34' title="bbox 482 3377 2066 3450">
     <span class='ocr_line' id='line_1_34' title="bbox 482 3377 2066 3450; baseline 0.001 -19"><span class='ocrx_word' id='word_1_220' title='bbox 482 3393 610 3436; x_wconf 85' lang='lat' dir='ltr'><strong>eum</strong></span> <span class='ocrx_word' id='word_1_221' title='bbox 642 3393 763 3434; x_wconf 89' lang='lat' dir='ltr'><strong>esse</strong></span> <span class='ocrx_word' id='word_1_222' title='bbox 789 3379 1018 3447; x_wconf 89' lang='lat' dir='ltr'><strong>diceret,</strong></span> <span class='ocrx_word' id='word_1_223' title='bbox 1052 3380 1327 3450; x_wconf 88' lang='lat' dir='ltr'><strong>despuens</strong></span> <span class='ocrx_word' id='word_1_224' title='bbox 1355 3380 1444 3432; x_wconf 89' lang='lat' dir='ltr'><strong>ille</strong></span> <span class='ocrx_word' id='word_1_225' title='bbox 1479 3395 1491 3430; x_wconf 94' lang='lat'><strong>:</strong></span> <span class='ocrx_word' id='word_1_226' title='bbox 1521 3381 1590 3434; x_wconf 88' lang='lat' dir='ltr'><strong>Et</strong></span> <span class='ocrx_word' id='word_1_227' title='bbox 1617 3379 1741 3443; x_wconf 91' lang='lat' dir='ltr'><strong>hoc,</strong></span> <span class='ocrx_word' id='word_1_228' title='bbox 1769 3377 1971 3447; x_wconf 89' lang='lat' dir='ltr'><strong>inquit,</strong></span> <span class='ocrx_word' id='word_1_229' title='bbox 1998 3393 2066 3433; x_wconf 84' lang='lat' dir='ltr'><strong>ex</strong></span> 
     </span>
    </p>
   </div>
   <div class='ocr_carea' id='block_1_35' title="bbox 483 3472 1530 3546">
    <p class='ocr_par' dir='ltr' id='par_1_35' title="bbox 483 3472 1530 3546">
     <span class='ocr_line' id='line_1_35' title="bbox 483 3472 1530 3546; baseline 0.001 -21"><span class='ocrx_word' id='word_1_230' title='bbox 483 3485 572 3526; x_wconf 88' lang='lat' dir='ltr'><strong>me</strong></span> <span class='ocrx_word' id='word_1_231' title='bbox 599 3481 702 3536; x_wconf 88' lang='lat' dir='ltr'><strong>est,</strong></span> <span class='ocrx_word' id='word_1_232' title='bbox 730 3487 833 3527; x_wconf 89' lang='lat' dir='ltr'><strong>nec</strong></span> <span class='ocrx_word' id='word_1_233' title='bbox 861 3472 1026 3528; x_wconf 91' lang='lat' dir='ltr'><strong>ullius</strong></span> <span class='ocrx_word' id='word_1_234' title='bbox 1054 3482 1238 3527; x_wconf 91' lang='lat' dir='ltr'><strong>tamen</strong></span> <span class='ocrx_word' id='word_1_235' title='bbox 1266 3487 1400 3527; x_wconf 92' lang='lat' dir='ltr'><strong>usus</strong></span> <span class='ocrx_word' id='word_1_236' title='bbox 1427 3481 1530 3546; x_wconf 80' lang='lat' dir='ltr'><strong>est.</strong></span> 
     </span>
    </p>
   </div>
   <div class='ocr_carea' id='block_1_36' title="bbox 553 3562 2065 3635">
    <p class='ocr_par' dir='ltr' id='par_1_36' title="bbox 553 3562 2065 3635">
     <span class='ocr_line' id='line_1_36' title="bbox 553 3562 2065 3635; baseline 0.001 -18"><span class='ocrx_word' id='word_1_237' title='bbox 553 3562 774 3618; x_wconf 83' lang='lat' dir='ltr'><strong>Melesii.</strong></span> <span class='ocrx_word' id='word_1_238' title='bbox 804 3593 874 3603; x_wconf 66' lang='grc' dir='ltr'><strong>-ο</strong></span> <span class='ocrx_word' id='word_1_239' title='bbox 912 3563 1106 3630; x_wconf 84' lang='lat' dir='ltr'><strong>Qualia</strong></span> <span class='ocrx_word' id='word_1_240' title='bbox 1157 3564 1401 3635; x_wconf 84' lang='lat' dir='ltr'><strong>symbola</strong></span> <span class='ocrx_word' id='word_1_241' title='bbox 1446 3563 1502 3618; x_wconf 92' lang='lat' dir='ltr'><strong>in</strong></span> <span class='ocrx_word' id='word_1_242' title='bbox 1544 3575 1803 3634; x_wconf 87' lang='lat' dir='ltr'><strong>parentes</strong></span> <span class='ocrx_word' id='word_1_243' title='bbox 1844 3573 1903 3619; x_wconf 85' lang='lat' dir='ltr'><strong>tu</strong></span> <span class='ocrx_word' id='word_1_244' title='bbox 1948 3565 2065 3635; x_wconf 90' lang='lat' dir='ltr'><strong>ipse</strong></span> 
     </span>
    </p>
   </div>
   <div class='ocr_carea' id='block_1_37' title="bbox 483 3654 2066 3727">
    <p class='ocr_par' dir='ltr' id='par_1_37' title="bbox 483 3654 2066 3727">
     <span class='ocr_line' id='line_1_37' title="bbox 483 3654 2066 3727; baseline 0.004 -19"><span class='ocrx_word' id='word_1_245' title='bbox 483 3654 808 3721; x_wconf 88' lang='lat' dir='ltr'><strong>contuleris,</strong></span> <span class='ocrx_word' id='word_1_246' title='bbox 839 3655 966 3710; x_wconf 87' lang='lat' dir='ltr'><strong>talia</strong></span> <span class='ocrx_word' id='word_1_247' title='bbox 997 3654 1053 3709; x_wconf 90' lang='lat' dir='ltr'><strong>in</strong></span> <span class='ocrx_word' id='word_1_248' title='bbox 1083 3663 1367 3711; x_wconf 88' lang='lat' dir='ltr'><strong>senectute</strong></span> <span class='ocrx_word' id='word_1_249' title='bbox 1400 3664 1452 3711; x_wconf 90' lang='lat' dir='ltr'><strong>te</strong></span> <span class='ocrx_word' id='word_1_250' title='bbox 1485 3663 1833 3726; x_wconf 90' lang='lat' dir='ltr'><strong>recepturum</strong></span> <span class='ocrx_word' id='word_1_251' title='bbox 1865 3673 2066 3727; x_wconf 76' lang='lat' dir='ltr'><strong>exspe-</strong></span> 
     </span>
    </p>
   </div>
   <div class='ocr_carea' id='block_1_38' title="bbox 483 3745 858 3801">
    <p class='ocr_par' dir='ltr' id='par_1_38' title="bbox 483 3745 858 3801">
     <span class='ocr_line' id='line_1_38' title="bbox 483 3745 858 3801; baseline -0.003 -2"><span class='ocrx_word' id='word_1_252' title='bbox 483 3752 570 3799; x_wconf 88' lang='lat' dir='ltr'><strong>cta</strong></span> <span class='ocrx_word' id='word_1_253' title='bbox 595 3760 626 3798; x_wconf 88' lang='lat' dir='ltr'><strong>a</strong></span> <span class='ocrx_word' id='word_1_254' title='bbox 650 3745 858 3801; x_wconf 83' lang='lat' dir='ltr'><strong>liberis.</strong></span> 
     </span>
    </p>
   </div>
   <div class='ocr_carea' id='block_1_39' title="bbox 1153 3879 1396 3950">
    <p class='ocr_par' dir='ltr' id='par_1_39' title="bbox 1153 3879 1396 3950">
     <span class='ocr_line' id='line_1_39' title="bbox 1153 3879 1396 3950; baseline -0.004 -16"><span class='ocrx_word' id='word_1_255' title='bbox 1153 3879 1396 3950; x_wconf 84' lang='lat' dir='ltr'><strong>Euripid.</strong></span> 
     </span>
    </p>
   </div>
   <div class='ocr_carea' id='block_1_40' title="bbox 485 3968 1604 4040">
    <p class='ocr_par' dir='ltr' id='par_1_40' title="bbox 485 3968 1604 4040">
     <span class='ocr_line' id='line_1_40' title="bbox 485 3968 1604 4040; baseline 0.003 -17"><span class='ocrx_word' id='word_1_256' title='bbox 485 3968 734 4040; x_wconf 77' lang='lat' dir='ltr'><strong>Quisquis</strong></span> <span class='ocrx_word' id='word_1_257' title='bbox 762 3978 938 4024; x_wconf 84' lang='lat' dir='ltr'><strong>autem</strong></span> <span class='ocrx_word' id='word_1_258' title='bbox 963 3979 1207 4040; x_wconf 71' lang='lat' dir='ltr'><strong>parentes</strong></span> <span class='ocrx_word' id='word_1_259' title='bbox 1230 3973 1284 4024; x_wconf 88' lang='lat' dir='ltr'><strong>in</strong></span> <span class='ocrx_word' id='word_1_260' title='bbox 1315 3972 1420 4025; x_wconf 83' lang='lat' dir='ltr'><strong>vita</strong></span> <span class='ocrx_word' id='word_1_261' title='bbox 1451 3972 1604 4038; x_wconf 80' lang='lat' dir='ltr'><strong>colit,</strong></span> 
     </span>
    </p>
   </div>
   <div class='ocr_carea' id='block_1_41' title="bbox 483 4040 2066 4130">
    <p class='ocr_par' dir='ltr' id='par_1_41' title="bbox 483 4040 2066 4130">
     <span class='ocr_line' id='line_1_41' title="bbox 483 4040 2066 4130; baseline 0.004 -34"><span class='ocrx_word' id='word_1_262' title='bbox 483 4040 583 4096; x_wconf 84' lang='lat' dir='ltr'><strong>Hic</strong></span> <span class='ocrx_word' id='word_1_263' title='bbox 609 4041 861 4094; x_wconf 85' lang='lat' dir='ltr'><strong>nimirum</strong></span> <span class='ocrx_word' id='word_1_264' title='bbox 886 4041 1059 4095; x_wconf 81' lang='lat' dir='ltr'><strong>vivens</strong></span> <span class='ocrx_word' id='word_1_265' title='bbox 1081 4041 1285 4111; x_wconf 83' lang='lat' dir='ltr'><strong>pariter</strong></span> <span class='ocrx_word' id='word_1_266' title='bbox 1307 4051 1354 4094; x_wconf 87' lang='lat' dir='ltr'><strong>et</strong></span> <span class='ocrx_word' id='word_1_267' title='bbox 1383 4043 1490 4096; x_wconf 87' lang='lat' dir='ltr'><strong>vita</strong></span> <span class='ocrx_word' id='word_1_268' title='bbox 1515 4044 1723 4114; x_wconf 78' lang='lat' dir='ltr'><strong>functus</strong></span> <span class='ocrx_word' id='word_1_269' title='bbox 1751 4043 1845 4130; x_wconf 73' lang='lat' dir='ltr'><strong>pei</strong></span> <span class='ocrx_word' id='word_1_270' title='bbox 1865 4050 2066 4104; x_wconf 85' lang='lat' dir='ltr'><strong>amicus</strong></span> 
     </span>
    </p>
   </div>
   <div class='ocr_carea' id='block_1_42' title="bbox 483 4114 1994 4249">
    <p class='ocr_par' dir='ltr' id='par_1_42' title="bbox 483 4114 1994 4249">
     <span class='ocr_line' id='line_1_42' title="bbox 483 4114 1994 4249; baseline -0.012 -13"><span class='ocrx_word' id='word_1_271' title='bbox 483 4179 706 4235; x_wconf 84' lang='lat' dir='ltr'><strong>Nullum</strong></span> <span class='ocrx_word' id='word_1_272' title='bbox 738 4179 911 4235; x_wconf 84' lang='lat' dir='ltr'><strong>liberis</strong></span> <span class='ocrx_word' id='word_1_273' title='bbox 934 4181 1029 4234; x_wconf 82' lang='lat' dir='ltr'><strong>hoc</strong></span> <span class='ocrx_word' id='word_1_274' title='bbox 1050 4183 1388 4249; x_wconf 78' lang='lat' dir='ltr'><strong>prwstantius</strong></span> <span class='ocrx_word' id='word_1_275' title='bbox 1418 4200 1641 4248; x_wconf 87' lang='lat' dir='ltr'><strong>munus,</strong></span> <span class='ocrx_word' id='word_1_276' title='bbox 1751 4114 1994 4186; x_wconf 45' lang='lat' dir='ltr'><strong><em>[munt</em></strong></span> 
     </span>
    </p>
   </div>
   <div class='ocr_carea' id='block_1_43' title="bbox 491 4249 1677 4322">
    <p class='ocr_par' dir='ltr' id='par_1_43' title="bbox 491 4249 1677 4322">
     <span class='ocr_line' id='line_1_43' title="bbox 491 4249 1677 4322; baseline 0.003 -20"><span class='ocrx_word' id='word_1_277' title='bbox 491 4249 670 4322; x_wconf 77' lang='lat' dir='ltr'><strong>Quam</strong></span> <span class='ocrx_word' id='word_1_278' title='bbox 701 4260 758 4304; x_wconf 91' lang='lat' dir='ltr'><strong>ut</strong></span> <span class='ocrx_word' id='word_1_279' title='bbox 785 4260 1000 4304; x_wconf 83' lang='lat' dir='ltr'><strong>strenuo</strong></span> <span class='ocrx_word' id='word_1_280' title='bbox 1029 4252 1265 4321; x_wconf 84' lang='lat' dir='ltr'><strong>bonoque</strong></span> <span class='ocrx_word' id='word_1_281' title='bbox 1291 4255 1396 4306; x_wconf 90' lang='lat' dir='ltr'><strong>sati</strong></span> <span class='ocrx_word' id='word_1_282' title='bbox 1428 4263 1677 4322; x_wconf 86' lang='lat' dir='ltr'><strong>parente,</strong></span> 
     </span>
    </p>
   </div>
   <div class='ocr_carea' id='block_1_44' title="bbox 486 4318 1940 4392">
    <p class='ocr_par' dir='ltr' id='par_1_44' title="bbox 486 4318 1940 4392">
     <span class='ocr_line' id='line_1_44' title="bbox 486 4318 1940 4392; baseline 0.004 -18"><span class='ocrx_word' id='word_1_283' title='bbox 486 4318 815 4391; x_wconf 82' lang='lat' dir='ltr'><strong>Condignum</strong></span> <span class='ocrx_word' id='word_1_284' title='bbox 839 4337 1042 4392; x_wconf 83' lang='lat' dir='ltr'><strong>quoque</strong></span> <span class='ocrx_word' id='word_1_285' title='bbox 1070 4318 1375 4392; x_wconf 74' lang='lat' dir='ltr'><strong>parentibus</strong></span> <span class='ocrx_word' id='word_1_286' title='bbox 1401 4318 1654 4377; x_wconf 79' lang='lat' dir='ltr'><strong>honorem</strong></span> <span class='ocrx_word' id='word_1_287' title='bbox 1683 4326 1940 4380; x_wconf 81' lang='lat' dir='ltr'><strong>tribuant.</strong></span> 
     </span>
    </p>
   </div>
   <div class='ocr_carea' id='block_1_45' title="bbox 556 4409 2068 4483">
    <p class='ocr_par' dir='ltr' id='par_1_45' title="bbox 556 4409 2068 4483">
     <span class='ocr_line' id='line_1_45' title="bbox 556 4409 2068 4483; baseline 0.005 -17"><span class='ocrx_word' id='word_1_288' title='bbox 556 4409 738 4466; x_wconf 83' lang='lat' dir='ltr'><strong>Solon.</strong></span> <span class='ocrx_word' id='word_1_289' title='bbox 772 4443 846 4452; x_wconf 84' lang='lat'><strong>——-</strong></span> <span class='ocrx_word' id='word_1_290' title='bbox 884 4413 1128 4483; x_wconf 85' lang='lat' dir='ltr'><strong>Rogatus</strong></span> <span class='ocrx_word' id='word_1_291' title='bbox 1164 4412 1332 4467; x_wconf 90' lang='lat' dir='ltr'><strong>Solon</strong></span> <span class='ocrx_word' id='word_1_292' title='bbox 1369 4413 1502 4482; x_wconf 89' lang='lat' dir='ltr'><strong>quid</strong></span> <span class='ocrx_word' id='word_1_293' title='bbox 1545 4429 1723 4470; x_wconf 73' lang='lat' dir='ltr'><strong>causa:</strong></span> <span class='ocrx_word' id='word_1_294' title='bbox 1755 4426 1932 4482; x_wconf 87' lang='lat' dir='ltr'><strong>esset,</strong></span> <span class='ocrx_word' id='word_1_295' title='bbox 1967 4432 2068 4473; x_wconf 89' lang='lat' dir='ltr'><strong>cur</strong></span> 
     </span>
    </p>
   </div>
   <div class='ocr_carea' id='block_1_46' title="bbox 2152 555 3752 630">
    <p class='ocr_par' dir='ltr' id='par_1_46' title="bbox 2152 555 3752 630">
     <span class='ocr_line' id='line_1_46' title="bbox 2152 555 3752 630; baseline -0.001 -20"><span class='ocrx_word' id='word_1_296' title='bbox 2152 557 2366 630; x_wconf 83' lang='grc' dir='ltr'><strong>πρώτη,</strong></span> <span class='ocrx_word' id='word_1_297' title='bbox 2399 559 2460 612; x_wconf 84' lang='grc' dir='ltr'><strong>τὸ</strong></span> <span class='ocrx_word' id='word_1_298' title='bbox 2491 561 2658 630; x_wconf 76' lang='grc' dir='ltr'>τιμᾷν</span> <span class='ocrx_word' id='word_1_299' title='bbox 2695 560 2822 621; x_wconf 80' lang='grc' dir='ltr'>τοὺς</span> <span class='ocrx_word' id='word_1_300' title='bbox 2867 557 3271 628; x_wconf 74' lang='grc' dir='ltr'>γεννήσανταςο</span> <span class='ocrx_word' id='word_1_301' title='bbox 3298 555 3361 608; x_wconf 82' lang='grc' dir='ltr'><strong>τὸ</strong></span> <span class='ocrx_word' id='word_1_302' title='bbox 3391 555 3522 618; x_wconf 73' lang='grc' dir='ltr'>τοὺς</span> <span class='ocrx_word' id='word_1_303' title='bbox 3569 556 3752 621; x_wconf 86' lang='grc' dir='ltr'>πόνους</span> 
     </span>
    </p>
   </div>
   <div class='ocr_carea' id='block_1_47' title="bbox 2151 645 3755 721">
    <p class='ocr_par' dir='ltr' id='par_1_47' title="bbox 2151 645 3755 721">
     <span class='ocr_line' id='line_1_47' title="bbox 2151 645 3755 721; baseline -0.001 -18"><span class='ocrx_word' id='word_1_304' title='bbox 2151 651 2492 721; x_wconf 71' lang='grc' dir='ltr'><strong>ἀμείψασθαι</strong></span> <span class='ocrx_word' id='word_1_305' title='bbox 2517 652 2626 706; x_wconf 85' lang='grc' dir='ltr'>τῶν</span> <span class='ocrx_word' id='word_1_306' title='bbox 2659 652 2896 721; x_wconf 81' lang='grc' dir='ltr'>φύντων,</span> <span class='ocrx_word' id='word_1_307' title='bbox 2932 651 3024 704; x_wconf 83' lang='grc' dir='ltr'><strong>καὶ</strong></span> <span class='ocrx_word' id='word_1_308' title='bbox 3056 649 3216 720; x_wconf 79' lang='grc' dir='ltr'>πάσῃ</span> <span class='ocrx_word' id='word_1_309' title='bbox 3249 647 3494 716; x_wconf 82' lang='grc' dir='ltr'>δυνάμει</span> <span class='ocrx_word' id='word_1_310' title='bbox 3530 645 3598 699; x_wconf 80' lang='grc' dir='ltr'><strong>τά</strong></span> <span class='ocrx_word' id='word_1_311' title='bbox 3627 649 3755 717; x_wconf 81' lang='grc' dir='ltr'>πρὸς</span> 
     </span>
    </p>
   </div>
   <div class='ocr_carea' id='block_1_48' title="bbox 2151 739 3758 812">
    <p class='ocr_par' dir='ltr' id='par_1_48' title="bbox 2151 739 3758 812">
     <span class='ocr_line' id='line_1_48' title="bbox 2151 739 3758 812; baseline -0.002 -16"><span class='ocrx_word' id='word_1_312' title='bbox 2151 743 2459 796; x_wconf 74' lang='grc' dir='ltr'>ἀνάπαυσιν</span> <span class='ocrx_word' id='word_1_313' title='bbox 2502 745 2686 807; x_wconf 73' lang='grc' dir='ltr'>αὐτοῖς</span> <span class='ocrx_word' id='word_1_314' title='bbox 2740 744 3006 812; x_wconf 76' lang='grc' dir='ltr'>ἐνεγκεῖν.</span> <span class='ocrx_word' id='word_1_315' title='bbox 3065 741 3189 795; x_wconf 75' lang='grc' dir='ltr'><strong>Κᾶν</strong></span> <span class='ocrx_word' id='word_1_316' title='bbox 3240 740 3362 810; x_wconf 75' lang='grc' dir='ltr'>γὰρ</span> <span class='ocrx_word' id='word_1_317' title='bbox 3420 739 3494 791; x_wconf 80' lang='grc' dir='ltr'>τὰ</span> <span class='ocrx_word' id='word_1_318' title='bbox 3541 739 3758 792; x_wconf 83' lang='grc' dir='ltr'>πλεῖστα</span> 
     </span>
    </p>
   </div>
   <div class='ocr_carea' id='block_1_49' title="bbox 2151 828 3756 904">
    <p class='ocr_par' dir='ltr' id='par_1_49' title="bbox 2151 828 3756 904">
     <span class='ocr_line' id='line_1_49' title="bbox 2151 828 3756 904; baseline -0.004 -18"><span class='ocrx_word' id='word_1_319' title='bbox 2151 832 2360 897; x_wconf 80' lang='grc' dir='ltr'><strong>τούτοις</strong></span> <span class='ocrx_word' id='word_1_320' title='bbox 2417 834 2726 904; x_wconf 81' lang='grc' dir='ltr'><strong>ἀποδῶμεν,</strong></span> <span class='ocrx_word' id='word_1_321' title='bbox 2779 834 2895 888; x_wconf 85' lang='grc' dir='ltr'>ἀλλ’</span> <span class='ocrx_word' id='word_1_322' title='bbox 2948 831 3350 902; x_wconf 82' lang='grc' dir='ltr'>άντιγεννῆσαι</span> <span class='ocrx_word' id='word_1_323' title='bbox 3405 829 3639 893; x_wconf 79' lang='grc' dir='ltr'><strong>τούτους</strong></span> <span class='ocrx_word' id='word_1_324' title='bbox 3671 828 3756 880; x_wconf 75' lang='grc' dir='ltr'>οὗ·</span> 
     </span>
    </p>
   </div>
   <div class='ocr_carea' id='block_1_50' title="bbox 2155 922 2714 994">
    <p class='ocr_par' dir='ltr' id='par_1_50' title="bbox 2155 922 2714 994">
     <span class='ocr_line' id='line_1_50' title="bbox 2155 922 2714 994; baseline 0.004 -19"><span class='ocrx_word' id='word_1_325' title='bbox 2155 941 2244 977; x_wconf 86' lang='grc' dir='ltr'><strong>πω</strong></span> <span class='ocrx_word' id='word_1_326' title='bbox 2275 922 2317 954; x_wconf 74' lang='grc'>⁸⁷</span> <span class='ocrx_word' id='word_1_327' title='bbox 2351 923 2714 994; x_wconf 76' lang='grc' dir='ltr'>δυνησόμεθα.</span> 
     </span>
    </p>
   </div>
   <div class='ocr_carea' id='block_1_51' title="bbox 2228 1104 3760 1180">
    <p class='ocr_par' dir='ltr' id='par_1_51' title="bbox 2228 1104 3760 1180">
     <span class='ocr_line' id='line_1_51' title="bbox 2228 1104 3760 1180; baseline -0.008 -13"><span class='ocrx_word' id='word_1_328' title='bbox 2228 1113 2412 1166; x_wconf 83' lang='grc' dir='ltr'>Είκειν</span> <span class='ocrx_word' id='word_1_329' title='bbox 2461 1114 2758 1180; x_wconf 79' lang='grc' dir='ltr'>ἀναγκαῖον</span> <span class='ocrx_word' id='word_1_330' title='bbox 2808 1110 3049 1180; x_wconf 76' lang='grc' dir='ltr'>πατράσι</span> <span class='ocrx_word' id='word_1_331' title='bbox 3081 1110 3211 1172; x_wconf 76' lang='grc' dir='ltr'>τοὺς</span> <span class='ocrx_word' id='word_1_332' title='bbox 3254 1108 3485 1169; x_wconf 81' lang='grc' dir='ltr'>παῖδας·</span> <span class='ocrx_word' id='word_1_333' title='bbox 3538 1104 3656 1158; x_wconf 82' lang='grc' dir='ltr'>ἀλλ’</span> <span class='ocrx_word' id='word_1_334' title='bbox 3679 1104 3760 1156; x_wconf 72' lang='grc' dir='ltr'>ἔνο</span> 
     </span>
    </p>
   </div>
   <div class='ocr_carea' id='block_1_52' title="bbox 2157 1193 3762 1274">
    <p class='ocr_par' dir='ltr' id='par_1_52' title="bbox 2157 1193 3762 1274">
     <span class='ocr_line' id='line_1_52' title="bbox 2157 1193 3762 1274; baseline -0.006 -20"><span class='ocrx_word' id='word_1_335' title='bbox 2157 1201 2332 1274; x_wconf 87' lang='grc' dir='ltr'>θαπερ</span> <span class='ocrx_word' id='word_1_336' title='bbox 2367 1202 2432 1256; x_wconf 81' lang='grc' dir='ltr'><strong>ἂν</strong></span> <span class='ocrx_word' id='word_1_337' title='bbox 2483 1205 2512 1255; x_wconf 87' lang='grc' dir='ltr'>ὁ</span> <span class='ocrx_word' id='word_1_338' title='bbox 2553 1202 2654 1270; x_wconf 77' lang='grc' dir='ltr'><strong>τῆς</strong></span> <span class='ocrx_word' id='word_1_339' title='bbox 2712 1199 2972 1270; x_wconf 82' lang='grc' dir='ltr'>ἀληθείας</span> <span class='ocrx_word' id='word_1_340' title='bbox 3024 1198 3226 1268; x_wconf 74' lang='grc' dir='ltr'>ἐλαύνῃ</span> <span class='ocrx_word' id='word_1_341' title='bbox 3277 1196 3468 1264; x_wconf 88' lang='grc' dir='ltr'>λόγος,</span> <span class='ocrx_word' id='word_1_342' title='bbox 3509 1193 3762 1264; x_wconf 81' lang='grc' dir='ltr'>τιμάσθω</span> 
     </span>
    </p>
   </div>
   <div class='ocr_carea' id='block_1_53' title="bbox 2155 1285 3760 1358">
    <p class='ocr_par' dir='ltr' id='par_1_53' title="bbox 2155 1285 3760 1358">
     <span class='ocr_line' id='line_1_53' title="bbox 2155 1285 3760 1358; baseline -0.007 -12"><span class='ocrx_word' id='word_1_343' title='bbox 2155 1292 2287 1356; x_wconf 84' lang='grc' dir='ltr'>Θεὸς</span> <span class='ocrx_word' id='word_1_344' title='bbox 2314 1293 2408 1346; x_wconf 76' lang='grc' dir='ltr'>καὶ</span> <span class='ocrx_word' id='word_1_345' title='bbox 2430 1293 2638 1347; x_wconf 82' lang='grc' dir='ltr'>νικάτω</span> <span class='ocrx_word' id='word_1_346' title='bbox 2663 1292 2734 1345; x_wconf 81' lang='grc' dir='ltr'>τὰ</span> <span class='ocrx_word' id='word_1_347' title='bbox 2763 1289 2932 1345; x_wconf 81' lang='grc' dir='ltr'>αὑτοῦ</span> <span class='ocrx_word' id='word_1_348' title='bbox 2967 1291 3061 1344; x_wconf 73' lang='grc' dir='ltr'>καὶ</span> <span class='ocrx_word' id='word_1_349' title='bbox 3097 1287 3503 1358; x_wconf 82' lang='grc' dir='ltr'>φιλοστοργίας</span> <span class='ocrx_word' id='word_1_350' title='bbox 3531 1285 3760 1354; x_wconf 83' lang='grc' dir='ltr'>δύναμιν</span> 
     </span>
    </p>
   </div>
   <div class='ocr_carea' id='block_1_54' title="bbox 2157 1385 2413 1453">
    <p class='ocr_par' dir='ltr' id='par_1_54' title="bbox 2157 1385 2413 1453">
     <span class='ocr_line' id='line_1_54' title="bbox 2157 1385 2413 1453; baseline 0 -17"><span class='ocrx_word' id='word_1_351' title='bbox 2157 1385 2413 1453; x_wconf 85' lang='grc' dir='ltr'>φυσικήν.</span> 
     </span>
    </p>
   </div>
   <div class='ocr_carea' id='block_1_55' title="bbox 2228 1465 3764 1541">
    <p class='ocr_par' dir='ltr' id='par_1_55' title="bbox 2228 1465 3764 1541">
     <span class='ocr_line' id='line_1_55' title="bbox 2228 1465 3764 1541; baseline -0.007 -13"><span class='ocrx_word' id='word_1_352' title='bbox 2228 1477 2445 1529; x_wconf 83' lang='grc' dir='ltr'>Φίλων.</span> <span class='ocrx_word' id='word_1_353' title='bbox 2481 1497 2551 1514; x_wconf 83' lang='lat'><strong>—-</strong></span> <span class='ocrx_word' id='word_1_354' title='bbox 2586 1473 2780 1541; x_wconf 79' lang='grc' dir='ltr'>Ἀξίως</span> <span class='ocrx_word' id='word_1_355' title='bbox 2818 1473 2994 1536; x_wconf 72' lang='grc' dir='ltr'>οὐδεὶς</span> <span class='ocrx_word' id='word_1_356' title='bbox 3023 1471 3115 1526; x_wconf 75' lang='grc' dir='ltr'><strong>τὸν</strong></span> <span class='ocrx_word' id='word_1_357' title='bbox 3139 1471 3278 1524; x_wconf 82' lang='grc' dir='ltr'>Θεὸν</span> <span class='ocrx_word' id='word_1_358' title='bbox 3304 1470 3474 1540; x_wconf 84' lang='grc' dir='ltr'>τιμᾷ,</span> <span class='ocrx_word' id='word_1_359' title='bbox 3513 1466 3656 1522; x_wconf 84' lang='grc' dir='ltr'><strong>ἀλλά</strong></span> <span class='ocrx_word' id='word_1_360' title='bbox 3692 1465 3764 1518; x_wconf 88' lang='grc' dir='ltr'>δι-</span> 
     </span>
    </p>
   </div>
   <div class='ocr_carea' id='block_1_56' title="bbox 2158 1558 3761 1638">
    <p class='ocr_par' dir='ltr' id='par_1_56' title="bbox 2158 1558 3761 1638">
     <span class='ocr_line' id='line_1_56' title="bbox 2158 1558 3761 1638; baseline -0.007 -17"><span class='ocrx_word' id='word_1_361' title='bbox 2158 1568 2330 1631; x_wconf 85' lang='grc' dir='ltr'>καίως</span> <span class='ocrx_word' id='word_1_362' title='bbox 2362 1567 2544 1638; x_wconf 89' lang='grc' dir='ltr'>μόνον,</span> <span class='ocrx_word' id='word_1_363' title='bbox 2565 1565 2728 1620; x_wconf 82' lang='grc' dir='ltr'>ὁπότε</span> <span class='ocrx_word' id='word_1_364' title='bbox 2763 1565 2892 1618; x_wconf 80' lang='grc' dir='ltr'>οὐδὲ</span> <span class='ocrx_word' id='word_1_365' title='bbox 2928 1567 3044 1628; x_wconf 84' lang='grc' dir='ltr'>τοῖς</span> <span class='ocrx_word' id='word_1_366' title='bbox 3075 1563 3337 1632; x_wconf 79' lang='grc' dir='ltr'>γονεῦσιν</span> <span class='ocrx_word' id='word_1_367' title='bbox 3381 1561 3512 1623; x_wconf 83' lang='grc' dir='ltr'>ίσας</span> <span class='ocrx_word' id='word_1_368' title='bbox 3541 1558 3761 1612; x_wconf 70' lang='grc' dir='ltr'>ἀποδού-</span> 
     </span>
    </p>
   </div>
   <div class='ocr_carea' id='block_1_57' title="bbox 2157 1644 3760 1727">
    <p class='ocr_par' dir='ltr' id='par_1_57' title="bbox 2157 1644 3760 1727">
     <span class='ocr_line' id='line_1_57' title="bbox 2157 1644 3760 1727; baseline -0.006 -16"><span class='ocrx_word' id='word_1_369' title='bbox 2157 1675 2246 1711; x_wconf 89' lang='grc' dir='ltr'><strong>ναι</strong></span> <span class='ocrx_word' id='word_1_370' title='bbox 2275 1659 2504 1727; x_wconf 87' lang='grc' dir='ltr'>χάριτας</span> <span class='ocrx_word' id='word_1_371' title='bbox 2541 1656 2834 1726; x_wconf 75' lang='grc' dir='ltr'>ἐνδέχεται·</span> <span class='ocrx_word' id='word_1_372' title='bbox 2865 1655 3247 1725; x_wconf 82' lang='grc' dir='ltr'>ἁντιγεννῆσαι</span> <span class='ocrx_word' id='word_1_373' title='bbox 3276 1651 3395 1724; x_wconf 82' lang='grc' dir='ltr'>γὰρ</span> <span class='ocrx_word' id='word_1_374' title='bbox 3423 1651 3532 1721; x_wconf 82' lang='grc' dir='ltr'>οὐχ</span> <span class='ocrx_word' id='word_1_375' title='bbox 3561 1644 3674 1703; x_wconf 75' lang='grc' dir='ltr'>οἷόν</span> <span class='ocrx_word' id='word_1_376' title='bbox 3706 1665 3760 1701; x_wconf 85' lang='grc' dir='ltr'><strong>τε</strong></span> 
     </span>
    </p>
   </div>
   <div class='ocr_carea' id='block_1_58' title="bbox 2158 1766 2403 1814">
    <p class='ocr_par' dir='ltr' id='par_1_58' title="bbox 2158 1766 2403 1814">
     <span class='ocr_line' id='line_1_58' title="bbox 2158 1766 2403 1814; baseline 0.004 -12"><span class='ocrx_word' id='word_1_377' title='bbox 2158 1766 2403 1814; x_wconf 79' lang='grc' dir='ltr'>τούτους.</span> 
     </span>
    </p>
   </div>
   <div class='ocr_carea' id='block_1_59' title="bbox 2244 1913 3758 1998">
    <p class='ocr_par' dir='ltr' id='par_1_59' title="bbox 2244 1913 3758 1998">
     <span class='ocr_line' id='line_1_59' title="bbox 2244 1913 3758 1998; baseline -0.011 -16"><span class='ocrx_word' id='word_1_378' title='bbox 2244 1929 2527 1998; x_wconf 81' lang='grc' dir='ltr'>Ἀριστοτ.</span> <span class='ocrx_word' id='word_1_379' title='bbox 2564 1957 2635 1966; x_wconf 91' lang='grc'><strong><em>-</em></strong></span> <span class='ocrx_word' id='word_1_380' title='bbox 2669 1913 2792 1998; x_wconf 82' lang='grc' dir='ltr'>Χρὴ</span> <span class='ocrx_word' id='word_1_381' title='bbox 2821 1923 2916 1979; x_wconf 73' lang='grc' dir='ltr'><strong>τὸν</strong></span> <span class='ocrx_word' id='word_1_382' title='bbox 2960 1924 3074 1978; x_wconf 85' lang='grc' dir='ltr'>υίδν</span> <span class='ocrx_word' id='word_1_383' title='bbox 3105 1921 3294 1977; x_wconf 80' lang='grc' dir='ltr'>δοῦλον</span> <span class='ocrx_word' id='word_1_384' title='bbox 3334 1914 3483 1973; x_wconf 74' lang='grc' dir='ltr'>εἶναι</span> <span class='ocrx_word' id='word_1_385' title='bbox 3521 1913 3620 1970; x_wconf 80' lang='grc' dir='ltr'>τοῦ</span> <span class='ocrx_word' id='word_1_386' title='bbox 3652 1929 3758 1966; x_wconf 81' lang='grc' dir='ltr'>πα-</span> 
     </span>
    </p>
   </div>
   <div class='ocr_carea' id='block_1_60' title="bbox 2159 2002 3759 2091">
    <p class='ocr_par' dir='ltr' id='par_1_60' title="bbox 2159 2002 3759 2091">
     <span class='ocr_line' id='line_1_60' title="bbox 2159 2002 3759 2091; baseline -0.01 -17"><span class='ocrx_word' id='word_1_387' title='bbox 2159 2021 2285 2091; x_wconf 73' lang='grc' dir='ltr'>τρὸς</span> <span class='ocrx_word' id='word_1_388' title='bbox 2343 2021 2376 2090; x_wconf 82' lang='grc' dir='ltr'>ἢ</span> <span class='ocrx_word' id='word_1_389' title='bbox 2435 2020 2526 2074; x_wconf 79' lang='grc' dir='ltr'><strong>τὸν</strong></span> <span class='ocrx_word' id='word_1_390' title='bbox 2578 2018 2815 2089; x_wconf 57' lang='grc' dir='ltr'>οἰκέτην</span> <span class='ocrx_word' id='word_1_391' title='bbox 2851 2017 2881 2070; x_wconf 81' lang='grc' dir='ltr'>ὁ</span> <span class='ocrx_word' id='word_1_392' title='bbox 2917 2014 3152 2088; x_wconf 81' lang='grc' dir='ltr'>μὲνγὰρ</span> <span class='ocrx_word' id='word_1_393' title='bbox 3180 2012 3348 2083; x_wconf 86' lang='grc' dir='ltr'>φύσει</span> <span class='ocrx_word' id='word_1_394' title='bbox 3397 2008 3501 2064; x_wconf 78' lang='grc' dir='ltr'>τοῦ</span> <span class='ocrx_word' id='word_1_395' title='bbox 3555 2002 3759 2077; x_wconf 80' lang='grc' dir='ltr'>πατρὸς</span> 
     </span>
    </p>
   </div>
   <div class='ocr_carea' id='block_1_61' title="bbox 2159 2112 3147 2182">
    <p class='ocr_par' dir='ltr' id='par_1_61' title="bbox 2159 2112 3147 2182">
     <span class='ocr_line' id='line_1_61' title="bbox 2159 2112 3147 2182; baseline -0.002 -14"><span class='ocrx_word' id='word_1_396' title='bbox 2159 2114 2344 2177; x_wconf 79' lang='grc' dir='ltr'>δοῦλός</span> <span class='ocrx_word' id='word_1_397' title='bbox 2370 2114 2541 2167; x_wconf 78' lang='grc' dir='ltr'><strong>ἐστιν⁶</strong></span> <span class='ocrx_word' id='word_1_398' title='bbox 2579 2115 2606 2168; x_wconf 85' lang='grc' dir='ltr'>ὁ</span> <span class='ocrx_word' id='word_1_399' title='bbox 2633 2113 2691 2166; x_wconf 82' lang='grc' dir='ltr'>δὲ</span> <span class='ocrx_word' id='word_1_400' title='bbox 2719 2112 2892 2182; x_wconf 89' lang='grc' dir='ltr'>νόμῳ.</span> <span class='ocrx_word' id='word_1_401' title='bbox 3136 2134 3147 2143; x_wconf 93' lang='grc'><strong>·</strong></span> 
     </span>
    </p>
   </div>
   <div class='ocr_carea' id='block_1_62' title="bbox 2245 2189 3755 2276">
    <p class='ocr_par' dir='ltr' id='par_1_62' title="bbox 2245 2189 3755 2276">
     <span class='ocr_line' id='line_1_62' title="bbox 2245 2189 3755 2276; baseline -0.015 -14"><span class='ocrx_word' id='word_1_402' title='bbox 2245 2208 2539 2276; x_wconf 83' lang='grc' dir='ltr'>Ἰσοκράτ.</span> <span class='ocrx_word' id='word_1_403' title='bbox 2577 2236 2649 2245; x_wconf 96' lang='lat'><strong>—</strong></span> <span class='ocrx_word' id='word_1_404' title='bbox 2680 2203 2933 2266; x_wconf 83' lang='grc' dir='ltr'>Τοιοῦτος</span> <span class='ocrx_word' id='word_1_405' title='bbox 2976 2202 3129 2270; x_wconf 91' lang='grc' dir='ltr'>γίνου</span> <span class='ocrx_word' id='word_1_406' title='bbox 3183 2197 3320 2268; x_wconf 71' lang='grc' dir='ltr'>περὶ</span> <span class='ocrx_word' id='word_1_407' title='bbox 3363 2195 3502 2258; x_wconf 75' lang='grc' dir='ltr'>τοὺς</span> <span class='ocrx_word' id='word_1_408' title='bbox 3559 2189 3755 2260; x_wconf 86' lang='grc' dir='ltr'>γονεῖς,</span> 
     </span>
    </p>
   </div>
   <div class='ocr_carea' id='block_1_63' title="bbox 2161 2275 3756 2366">
    <p class='ocr_par' dir='ltr' id='par_1_63' title="bbox 2161 2275 3756 2366">
     <span class='ocr_line' id='line_1_63' title="bbox 2161 2275 3756 2366; baseline -0.016 -13"><span class='ocrx_word' id='word_1_409' title='bbox 2161 2300 2308 2360; x_wconf 85' lang='grc' dir='ltr'>οἴους</span> <span class='ocrx_word' id='word_1_410' title='bbox 2340 2298 2406 2352; x_wconf 82' lang='grc' dir='ltr'><strong>ἂν</strong></span> <span class='ocrx_word' id='word_1_411' title='bbox 2451 2296 2606 2362; x_wconf 75' lang='grc' dir='ltr'>εὖξαι</span> <span class='ocrx_word' id='word_1_412' title='bbox 2640 2295 2770 2366; x_wconf 76' lang='grc' dir='ltr'>περὶ</span> <span class='ocrx_word' id='word_1_413' title='bbox 2812 2292 3037 2347; x_wconf 82' lang='grc' dir='ltr'>σεαυτὸν</span> <span class='ocrx_word' id='word_1_414' title='bbox 3078 2288 3341 2360; x_wconf 87' lang='grc' dir='ltr'>γενέσθαι</span> <span class='ocrx_word' id='word_1_415' title='bbox 3377 2287 3512 2349; x_wconf 80' lang='grc' dir='ltr'>τοὺς</span> <span class='ocrx_word' id='word_1_416' title='bbox 3557 2275 3756 2336; x_wconf 77' lang='grc' dir='ltr'>σαυτοῦ</span> 
     </span>
    </p>
   </div>
   <div class='ocr_carea' id='block_1_64' title="bbox 2165 2393 2382 2456">
    <p class='ocr_par' dir='ltr' id='par_1_64' title="bbox 2165 2393 2382 2456">
     <span class='ocr_line' id='line_1_64' title="bbox 2165 2393 2382 2456; baseline 0 -12"><span class='ocrx_word' id='word_1_417' title='bbox 2165 2393 2382 2456; x_wconf 88' lang='grc' dir='ltr'>παῖδας.</span> 
     </span>
    </p>
   </div>
   <div class='ocr_carea' id='block_1_65' title="bbox 2244 2467 3756 2554">
    <p class='ocr_par' dir='ltr' id='par_1_65' title="bbox 2244 2467 3756 2554">
     <span class='ocr_line' id='line_1_65' title="bbox 2244 2467 3756 2554; baseline -0.009 -12"><span class='ocrx_word' id='word_1_418' title='bbox 2244 2485 2584 2554; x_wconf 79' lang='grc' dir='ltr'>Ἀλεξάνδρ.</span> <span class='ocrx_word' id='word_1_419' title='bbox 2613 2515 2684 2526; x_wconf 87' lang='grc'><strong><em>--</em></strong></span> <span class='ocrx_word' id='word_1_420' title='bbox 2720 2482 3068 2553; x_wconf 78' lang='grc' dir='ltr'>Ἀλέξανδρος</span> <span class='ocrx_word' id='word_1_421' title='bbox 3094 2480 3122 2532; x_wconf 86' lang='grc' dir='ltr'>ὁ</span> <span class='ocrx_word' id='word_1_422' title='bbox 3149 2475 3412 2548; x_wconf 81' lang='grc' dir='ltr'>βασιλεὺς</span> <span class='ocrx_word' id='word_1_423' title='bbox 3433 2467 3756 2545; x_wconf 68' lang='grc' dir='ltr'>ἐρωτηθεὶς»</span> 
     </span>
    </p>
   </div>
   <div class='ocr_carea' id='block_1_66' title="bbox 2161 2562 3756 2650">
    <p class='ocr_par' dir='ltr' id='par_1_66' title="bbox 2161 2562 3756 2650">
     <span class='ocr_line' id='line_1_66' title="bbox 2161 2562 3756 2650; baseline -0.009 -17"><span class='ocrx_word' id='word_1_424' title='bbox 2161 2579 2282 2634; x_wconf 90' lang='grc' dir='ltr'>τίνα</span> <span class='ocrx_word' id='word_1_425' title='bbox 2345 2579 2544 2650; x_wconf 83' lang='grc' dir='ltr'>μᾶλλον</span> <span class='ocrx_word' id='word_1_426' title='bbox 2576 2576 2758 2640; x_wconf 80' lang='grc' dir='ltr'>ποθεῖ,</span> <span class='ocrx_word' id='word_1_427' title='bbox 2796 2575 2889 2628; x_wconf 87' lang='grc' dir='ltr'><strong>τδν</strong></span> <span class='ocrx_word' id='word_1_428' title='bbox 2935 2572 3150 2642; x_wconf 82' lang='grc' dir='ltr'>πατέρα</span> <span class='ocrx_word' id='word_1_429' title='bbox 3187 2568 3491 2629; x_wconf 73' lang='grc' dir='ltr'>Φίλιππον,</span> <span class='ocrx_word' id='word_1_430' title='bbox 3525 2564 3560 2634; x_wconf 82' lang='grc' dir='ltr'>ἢ</span> <span class='ocrx_word' id='word_1_431' title='bbox 3612 2562 3756 2629; x_wconf 80' lang='grc' dir='ltr'>’Δρι-</span> 
     </span>
    </p>
   </div>
   <div class='ocr_carea' id='block_1_67' title="bbox 2164 2652 3754 2741">
    <p class='ocr_par' dir='ltr' id='par_1_67' title="bbox 2164 2652 3754 2741">
     <span class='ocr_line' id='line_1_67' title="bbox 2164 2652 3754 2741; baseline -0.004 -16"><span class='ocrx_word' id='word_1_432' title='bbox 2164 2671 2418 2741; x_wconf 88' lang='grc' dir='ltr'>στοτέλην</span> <span class='ocrx_word' id='word_1_433' title='bbox 2445 2670 2537 2722; x_wconf 79' lang='grc' dir='ltr'><strong>τὸν</strong></span> <span class='ocrx_word' id='word_1_434' title='bbox 2569 2667 2921 2734; x_wconf 87' lang='grc' dir='ltr'>διδάσκαλον,</span> <span class='ocrx_word' id='word_1_435' title='bbox 2965 2665 3092 2735; x_wconf 80' lang='grc' dir='ltr'>ἔφη,</span> <span class='ocrx_word' id='word_1_436' title='bbox 3135 2663 3195 2716; x_wconf 85' lang='grc' dir='ltr'><strong>Ὀ</strong></span> <span class='ocrx_word' id='word_1_437' title='bbox 3241 2661 3345 2739; x_wconf 61' lang='grc' dir='ltr'>μὲν</span> <span class='ocrx_word' id='word_1_438' title='bbox 3375 2657 3493 2728; x_wconf 85' lang='grc' dir='ltr'>γὰρ</span> <span class='ocrx_word' id='word_1_439' title='bbox 3528 2652 3624 2708; x_wconf 73' lang='grc' dir='ltr'><strong>τοὖ</strong></span> <span class='ocrx_word' id='word_1_440' title='bbox 3667 2665 3754 2718; x_wconf 81' lang='grc' dir='ltr'>γε·</span> 
     </span>
    </p>
   </div>
   <div class='ocr_carea' id='block_1_68' title="bbox 2162 2749 3416 2825">
    <p class='ocr_par' dir='ltr' id='par_1_68' title="bbox 2162 2749 3416 2825">
     <span class='ocr_line' id='line_1_68' title="bbox 2162 2749 3416 2825; baseline -0.01 -11"><span class='ocrx_word' id='word_1_441' title='bbox 2162 2760 2370 2825; x_wconf 89' lang='grc' dir='ltr'>νέσθαι,</span> <span class='ocrx_word' id='word_1_442' title='bbox 2407 2761 2434 2812; x_wconf 91' lang='grc' dir='ltr'><strong>ό</strong></span> <span class='ocrx_word' id='word_1_443' title='bbox 2464 2760 2522 2813; x_wconf 81' lang='grc' dir='ltr'><strong>δὲ</strong></span> <span class='ocrx_word' id='word_1_444' title='bbox 2555 2757 2650 2812; x_wconf 82' lang='grc' dir='ltr'><strong>τοῦ</strong></span> <span class='ocrx_word' id='word_1_445' title='bbox 2681 2757 2862 2821; x_wconf 85' lang='grc' dir='ltr'>καλῶς</span> <span class='ocrx_word' id='word_1_446' title='bbox 2896 2753 3152 2824; x_wconf 88' lang='grc' dir='ltr'>γενέσθαι</span> <span class='ocrx_word' id='word_1_447' title='bbox 3213 2749 3416 2812; x_wconf 76' lang='grc' dir='ltr'>αἴτιος.</span> 
     </span>
    </p>
   </div>
   <div class='ocr_carea' id='block_1_69' title="bbox 2246 2916 3760 3022">
    <p class='ocr_par' dir='ltr' id='par_1_69' title="bbox 2246 2916 3760 3022">
     <span class='ocr_line' id='line_1_69' title="bbox 2246 2916 3760 3022; baseline -0.015 -25"><span class='ocrx_word' id='word_1_448' title='bbox 2246 2943 2308 2997; x_wconf 87' lang='lat'><strong>&#39;0</strong></span> <span class='ocrx_word' id='word_1_449' title='bbox 2339 2941 2502 3022; x_wconf 59' lang='grc' dir='ltr'>αρτδς</span> <span class='ocrx_word' id='word_1_450' title='bbox 2541 2941 2678 3012; x_wconf 86' lang='grc' dir='ltr'>βαρύ</span> <span class='ocrx_word' id='word_1_451' title='bbox 2714 2957 2766 2992; x_wconf 91' lang='grc' dir='ltr'><strong>τι</strong></span> <span class='ocrx_word' id='word_1_452' title='bbox 2796 2932 3196 3001; x_wconf 83' lang='grc' dir='ltr'>ὲπιταττούσης</span> <span class='ocrx_word' id='word_1_453' title='bbox 3225 2927 3380 3022; x_wconf 77' lang='grc' dir='ltr'>αὐτῷ</span> <span class='ocrx_word' id='word_1_454' title='bbox 3412 2916 3760 3022; x_wconf 42' lang='grc' dir='ltr'>τῆς-μηίτρδς</span> 
     </span>
    </p>
   </div>
   <div class='ocr_carea' id='block_1_70' title="bbox 2176 3009 3760 3104">
    <p class='ocr_par' dir='ltr' id='par_1_70' title="bbox 2176 3009 3760 3104">
     <span class='ocr_line' id='line_1_70' title="bbox 2176 3009 3760 3104; baseline -0.018 -16"><span class='ocrx_word' id='word_1_455' title='bbox 2176 3009 2572 3104; x_wconf 52' lang='grc' dir='ltr'>Ὀλυμπιάδος,</span> <span class='ocrx_word' id='word_1_456' title='bbox 2609 3032 2738 3100; x_wconf 75' lang='grc' dir='ltr'>ἔφη,</span> <span class='ocrx_word' id='word_1_457' title='bbox 2779 3024 2851 3080; x_wconf 80' lang='grc' dir='ltr'><strong><em>Ὦ</em></strong></span> <span class='ocrx_word' id='word_1_458' title='bbox 2907 3027 3106 3097; x_wconf 84' lang='grc' dir='ltr'>μῆτερ,</span> <span class='ocrx_word' id='word_1_459' title='bbox 3150 3019 3360 3091; x_wconf 79' lang='grc' dir='ltr'>πικρόν</span> <span class='ocrx_word' id='word_1_460' title='bbox 3410 3032 3478 3086; x_wconf 85' lang='grc' dir='ltr'><strong>γε</strong></span> <span class='ocrx_word' id='word_1_461' title='bbox 3533 3009 3760 3066; x_wconf 74' lang='grc' dir='ltr'>ἐνοίκιον</span> 
     </span>
    </p>
   </div>
   <div class='ocr_carea' id='block_1_71' title="bbox 2091 3119 3150 3221">
    <p class='ocr_par' dir='ltr' id='par_1_71' title="bbox 2091 3119 3150 3221">
     <span class='ocr_line' id='line_1_71' title="bbox 2091 3119 3150 3221; baseline -0.028 -22"><span class='ocrx_word' id='word_1_462' title='bbox 2091 3166 2135 3221; x_wconf 73' lang='lat' dir='ltr'><strong>c</strong></span> <span class='ocrx_word' id='word_1_463' title='bbox 2165 3131 2265 3201; x_wconf 85' lang='grc' dir='ltr'><strong>τῆς</strong></span> <span class='ocrx_word' id='word_1_464' title='bbox 2298 3127 2660 3199; x_wconf 77' lang='grc' dir='ltr'>ἐνναμηναίου</span> <span class='ocrx_word' id='word_1_465' title='bbox 2692 3125 2738 3158; x_wconf 69' lang='grc'>⁸⁸</span> <span class='ocrx_word' id='word_1_466' title='bbox 2772 3141 2840 3191; x_wconf 90' lang='grc' dir='ltr'><strong>με</strong></span> <span class='ocrx_word' id='word_1_467' title='bbox 2877 3119 3150 3221; x_wconf 73' lang='grc' dir='ltr'>ἀπαιτεῖς.</span> 
     </span>
    </p>
   </div>
   <div class='ocr_carea' id='block_1_72' title="bbox 2238 3195 3754 3288">
    <p class='ocr_par' dir='ltr' id='par_1_72' title="bbox 2238 3195 3754 3288">
     <span class='ocr_line' id='line_1_72' title="bbox 2238 3195 3754 3288; baseline -0.016 -13"><span class='ocrx_word' id='word_1_468' title='bbox 2238 3195 3033 3288; x_wconf 71' lang='grc' dir='ltr'>Σωκράτης.-Μεμφομένης</span> <span class='ocrx_word' id='word_1_469' title='bbox 3058 3207 3209 3279; x_wconf 82' lang='grc' dir='ltr'>αὐτῷ</span> <span class='ocrx_word' id='word_1_470' title='bbox 3229 3207 3329 3277; x_wconf 83' lang='grc' dir='ltr'>τῆς</span> <span class='ocrx_word' id='word_1_471' title='bbox 3361 3200 3634 3274; x_wconf 77' lang='grc' dir='ltr'>γυναικὸς</span> <span class='ocrx_word' id='word_1_472' title='bbox 3660 3195 3754 3250; x_wconf 83' lang='grc' dir='ltr'><strong>αὖ·</strong></span> 
     </span>
    </p>
   </div>
   <div class='ocr_carea' id='block_1_73' title="bbox 2166 3293 3752 3380">
    <p class='ocr_par' dir='ltr' id='par_1_73' title="bbox 2166 3293 3752 3380">
     <span class='ocr_line' id='line_1_73' title="bbox 2166 3293 3752 3380; baseline -0.016 -12"><span class='ocrx_word' id='word_1_473' title='bbox 2166 3313 2280 3380; x_wconf 81' lang='grc' dir='ltr'>τοῦ,</span> <span class='ocrx_word' id='word_1_474' title='bbox 2307 3314 2391 3366; x_wconf 84' lang='grc' dir='ltr'>ὅτι</span> <span class='ocrx_word' id='word_1_475' title='bbox 2410 3311 2503 3364; x_wconf 80' lang='grc' dir='ltr'><strong>τὸν</strong></span> <span class='ocrx_word' id='word_1_476' title='bbox 2529 3309 2645 3363; x_wconf 84' lang='grc' dir='ltr'>υίδν</span> <span class='ocrx_word' id='word_1_477' title='bbox 2675 3305 2842 3361; x_wconf 78' lang='grc' dir='ltr'>αὑτοῦ</span> <span class='ocrx_word' id='word_1_478' title='bbox 2877 3304 2939 3358; x_wconf 83' lang='grc' dir='ltr'><strong>οὐ</strong></span> <span class='ocrx_word' id='word_1_479' title='bbox 2973 3301 3259 3374; x_wconf 87' lang='grc' dir='ltr'>προσίεται</span> <span class='ocrx_word' id='word_1_480' title='bbox 3293 3298 3583 3370; x_wconf 79' lang='grc' dir='ltr'>ἄχρηστον</span> <span class='ocrx_word' id='word_1_481' title='bbox 3603 3293 3752 3380; x_wconf 60' lang='grc' dir='ltr'>ὄντα,</span> 
     </span>
    </p>
   </div>
   <div class='ocr_carea' id='block_1_74' title="bbox 2166 3379 3755 3474">
    <p class='ocr_par' dir='ltr' id='par_1_74' title="bbox 2166 3379 3755 3474">
     <span class='ocr_line' id='line_1_74' title="bbox 2166 3379 3755 3474; baseline -0.017 -13"><span class='ocrx_word' id='word_1_482' title='bbox 2166 3379 2274 3460; x_wconf 61' lang='grc' dir='ltr'>καὶ.</span> <span class='ocrx_word' id='word_1_483' title='bbox 2311 3403 2578 3474; x_wconf 85' lang='grc' dir='ltr'>λεγούσης</span> <span class='ocrx_word' id='word_1_484' title='bbox 2613 3403 2694 3455; x_wconf 83' lang='grc' dir='ltr'>ὅτι</span> <span class='ocrx_word' id='word_1_485' title='bbox 2746 3399 2807 3464; x_wconf 76' lang='grc' dir='ltr'><strong>ὲξ</strong></span> <span class='ocrx_word' id='word_1_486' title='bbox 2859 3395 3025 3453; x_wconf 80' lang='grc' dir='ltr'>αὐτοῦ</span> <span class='ocrx_word' id='word_1_487' title='bbox 3081 3394 3201 3462; x_wconf 78' lang='grc' dir='ltr'>εἴη,</span> <span class='ocrx_word' id='word_1_488' title='bbox 3255 3388 3608 3450; x_wconf 84' lang='grc' dir='ltr'>ἀποπτύσας·</span> <span class='ocrx_word' id='word_1_489' title='bbox 3649 3379 3755 3436; x_wconf 75' lang='grc' dir='ltr'>Καὶ</span> 
     </span>
    </p>
   </div>
   <div class='ocr_carea' id='block_1_75' title="bbox 2165 3483 3579 3566">
    <p class='ocr_par' dir='ltr' id='par_1_75' title="bbox 2165 3483 3579 3566">
     <span class='ocr_line' id='line_1_75' title="bbox 2165 3483 3579 3566; baseline -0.014 -15"><span class='ocrx_word' id='word_1_490' title='bbox 2165 3498 2276 3566; x_wconf 85' lang='grc' dir='ltr'>γὰρ</span> <span class='ocrx_word' id='word_1_491' title='bbox 2305 3495 2484 3557; x_wconf 79' lang='grc' dir='ltr'>τοῦτο,</span> <span class='ocrx_word' id='word_1_492' title='bbox 2526 3490 2700 3556; x_wconf 81' lang='grc' dir='ltr'>εἶπεν,</span> <span class='ocrx_word' id='word_1_493' title='bbox 2737 3491 2798 3558; x_wconf 76' lang='grc' dir='ltr'><strong>ἐξ</strong></span> <span class='ocrx_word' id='word_1_494' title='bbox 2827 3486 2986 3561; x_wconf 69' lang='grc' dir='ltr'>ἐμοῦ,</span> <span class='ocrx_word' id='word_1_495' title='bbox 3023 3485 3139 3540; x_wconf 87' lang='grc' dir='ltr'>ἀλλ’</span> <span class='ocrx_word' id='word_1_496' title='bbox 3167 3484 3230 3537; x_wconf 79' lang='grc' dir='ltr'><strong>οὐ</strong></span> <span class='ocrx_word' id='word_1_497' title='bbox 3278 3483 3579 3552; x_wconf 78' lang='grc' dir='ltr'>χρήσιμον.</span> 
     </span>
    </p>
   </div>
   <div class='ocr_carea' id='block_1_76' title="bbox 2237 3569 3753 3649">
    <p class='ocr_par' dir='ltr' id='par_1_76' title="bbox 2237 3569 3753 3649">
     <span class='ocr_line' id='line_1_76' title="bbox 2237 3569 3753 3649; baseline -0.015 -7"><span class='ocrx_word' id='word_1_498' title='bbox 2237 3585 2564 3642; x_wconf 82' lang='grc' dir='ltr'>Μελεσίου.</span> <span class='ocrx_word' id='word_1_499' title='bbox 2593 3583 2842 3644; x_wconf 83' lang='grc' dir='ltr'>-Οἴους</span> <span class='ocrx_word' id='word_1_500' title='bbox 2875 3580 2940 3635; x_wconf 82' lang='grc' dir='ltr'><strong>ἀν</strong></span> <span class='ocrx_word' id='word_1_501' title='bbox 2975 3578 3204 3649; x_wconf 78' lang='grc' dir='ltr'>ἐράνους</span> <span class='ocrx_word' id='word_1_502' title='bbox 3243 3573 3480 3644; x_wconf 75' lang='grc' dir='ltr'>ἐνέγκῃς</span> <span class='ocrx_word' id='word_1_503' title='bbox 3519 3569 3636 3630; x_wconf 84' lang='grc' dir='ltr'>τοῖς</span> <span class='ocrx_word' id='word_1_504' title='bbox 3661 3579 3753 3632; x_wconf 79' lang='grc' dir='ltr'>γο-</span> 
     </span>
    </p>
   </div>
   <div class='ocr_carea' id='block_1_77' title="bbox 2166 3651 3755 3744">
    <p class='ocr_par' dir='ltr' id='par_1_77' title="bbox 2166 3651 3755 3744">
     <span class='ocr_line' id='line_1_77' title="bbox 2166 3651 3755 3744; baseline -0.017 -11"><span class='ocrx_word' id='word_1_505' title='bbox 2166 3679 2341 3744; x_wconf 81' lang='grc' dir='ltr'>νεῦσι,</span> <span class='ocrx_word' id='word_1_506' title='bbox 2371 3675 2647 3738; x_wconf 84' lang='grc' dir='ltr'>τοιούτους</span> <span class='ocrx_word' id='word_1_507' title='bbox 2679 3672 2878 3735; x_wconf 80' lang='grc' dir='ltr'>αὐτοὺς</span> <span class='ocrx_word' id='word_1_508' title='bbox 2923 3672 2981 3722; x_wconf 83' lang='grc' dir='ltr'><strong>έν</strong></span> <span class='ocrx_word' id='word_1_509' title='bbox 3026 3666 3104 3738; x_wconf 80' lang='grc' dir='ltr'><strong>τῷ</strong></span> <span class='ocrx_word' id='word_1_510' title='bbox 3138 3666 3288 3736; x_wconf 66' lang='grc' dir='ltr'>γήρᾳ</span> <span class='ocrx_word' id='word_1_511' title='bbox 3317 3663 3480 3734; x_wconf 79' lang='grc' dir='ltr'>παρὰ</span> <span class='ocrx_word' id='word_1_512' title='bbox 3515 3658 3627 3713; x_wconf 86' lang='grc' dir='ltr'><strong>τῶν</strong></span> <span class='ocrx_word' id='word_1_513' title='bbox 3667 3651 3755 3706; x_wconf 82' lang='grc' dir='ltr'><strong>τὲ-</strong></span> 
     </span>
    </p>
   </div>
   <div class='ocr_carea' id='block_1_78' title="bbox 2167 3768 2673 3840">
    <p class='ocr_par' dir='ltr' id='par_1_78' title="bbox 2167 3768 2673 3840">
     <span class='ocr_line' id='line_1_78' title="bbox 2167 3768 2673 3840; baseline -0.002 -17"><span class='ocrx_word' id='word_1_514' title='bbox 2167 3787 2313 3825; x_wconf 89' lang='grc' dir='ltr'>κνων</span> <span class='ocrx_word' id='word_1_515' title='bbox 2346 3768 2673 3840; x_wconf 85' lang='grc' dir='ltr'>προσδέχου.</span> 
     </span>
    </p>
   </div>
   <div class='ocr_carea' id='block_1_79' title="bbox 2811 3873 3165 3945">
    <p class='ocr_par' dir='ltr' id='par_1_79' title="bbox 2811 3873 3165 3945">
     <span class='ocr_line' id='line_1_79' title="bbox 2811 3873 3165 3945; baseline -0.017 -13"><span class='ocrx_word' id='word_1_516' title='bbox 2811 3873 3088 3945; x_wconf 77' lang='grc' dir='ltr'>Εὐριπίδ.</span> <span class='ocrx_word' id='word_1_517' title='bbox 3163 3913 3165 3916; x_wconf 59' lang='grc' dir='ltr'><strong>ι</strong></span> 
     </span>
    </p>
   </div>
   <div class='ocr_carea' id='block_1_80' title="bbox 2240 3959 3507 4040">
    <p class='ocr_par' dir='ltr' id='par_1_80' title="bbox 2240 3959 3507 4040">
     <span class='ocr_line' id='line_1_80' title="bbox 2240 3959 3507 4040; baseline -0.009 -12"><span class='ocrx_word' id='word_1_518' title='bbox 2240 3976 2452 4037; x_wconf 83' lang='grc' dir='ltr'>Ὅστις</span> <span class='ocrx_word' id='word_1_519' title='bbox 2481 3971 2551 4025; x_wconf 84' lang='grc' dir='ltr'>δὲ</span> <span class='ocrx_word' id='word_1_520' title='bbox 2579 3970 2721 4040; x_wconf 86' lang='grc' dir='ltr'>τοὺς</span> <span class='ocrx_word' id='word_1_521' title='bbox 2737 3969 3032 4040; x_wconf 59' lang='grc' dir='ltr'>τεκόντας</span> <span class='ocrx_word' id='word_1_522' title='bbox 3165 3961 3284 4040; x_wconf 54' lang='lat' dir='ltr'><strong>ﬁfty</strong></span> <span class='ocrx_word' id='word_1_523' title='bbox 3316 3959 3507 4040; x_wconf 62' lang='grc' dir='ltr'>(ζέϐεςε</span> 
     </span>
    </p>
   </div>
   <div class='ocr_carea' id='block_1_81' title="bbox 2241 4029 3612 4100">
    <p class='ocr_par' dir='ltr' id='par_1_81' title="bbox 2241 4029 3612 4100">
     <span class='ocr_line' id='line_1_81' title="bbox 2241 4029 3612 4100; baseline -0.014 -2"><span class='ocrx_word' id='word_1_524' title='bbox 2241 4043 2367 4098; x_wconf 79' lang='grc' dir='ltr'><strong>’Ὧδ’</strong></span> <span class='ocrx_word' id='word_1_525' title='bbox 2395 4029 2530 4096; x_wconf 62' lang='grc' dir='ltr'>ἐστὶ</span> <span class='ocrx_word' id='word_1_526' title='bbox 2561 4040 2662 4096; x_wconf 80' lang='grc' dir='ltr'>καὶ</span> <span class='ocrx_word' id='word_1_527' title='bbox 2693 4029 2806 4100; x_wconf 66' lang='grc' dir='ltr'><strong>ζῶν</strong></span> <span class='ocrx_word' id='word_1_528' title='bbox 2863 4037 2964 4093; x_wconf 78' lang='grc' dir='ltr'><strong>καί</strong></span> <span class='ocrx_word' id='word_1_529' title='bbox 2990 4029 3190 4093; x_wconf 76' lang='grc' dir='ltr'><strong>θανὼν</strong></span> <span class='ocrx_word' id='word_1_530' title='bbox 3220 4029 3370 4086; x_wconf 84' lang='grc' dir='ltr'>Θεοῦ</span> <span class='ocrx_word' id='word_1_531' title='bbox 3403 4029 3612 4098; x_wconf 73' lang='grc' dir='ltr'>φίλος.</span> 
     </span>
    </p>
   </div>
   <div class='ocr_carea' id='block_1_82' title="bbox 2236 4162 3493 4234">
    <p class='ocr_par' dir='ltr' id='par_1_82' title="bbox 2236 4162 3493 4234">
     <span class='ocr_line' id='line_1_82' title="bbox 2236 4162 3493 4234; baseline -0.01 -3"><span class='ocrx_word' id='word_1_532' title='bbox 2236 4181 2360 4233; x_wconf 80' lang='grc' dir='ltr'><strong>Οὐκ</strong></span> <span class='ocrx_word' id='word_1_533' title='bbox 2388 4177 2522 4232; x_wconf 75' lang='grc' dir='ltr'>ἔστι</span> <span class='ocrx_word' id='word_1_534' title='bbox 2553 4175 2726 4230; x_wconf 78' lang='grc' dir='ltr'>παισί</span> <span class='ocrx_word' id='word_1_535' title='bbox 2751 4175 2969 4229; x_wconf 80' lang='grc' dir='ltr'>τούτου</span> <span class='ocrx_word' id='word_1_536' title='bbox 2989 4170 3249 4224; x_wconf 80' lang='grc' dir='ltr'>κάλλιον</span> <span class='ocrx_word' id='word_1_537' title='bbox 3285 4162 3493 4234; x_wconf 75' lang='grc' dir='ltr'>γέρας,</span> 
     </span>
    </p>
   </div>
   <div class='ocr_carea' id='block_1_83' title="bbox 2243 4232 3538 4317">
    <p class='ocr_par' dir='ltr' id='par_1_83' title="bbox 2243 4232 3538 4317">
     <span class='ocr_line' id='line_1_83' title="bbox 2243 4232 3538 4317; baseline -0.015 -13"><span class='ocrx_word' id='word_1_538' title='bbox 2243 4252 2325 4304; x_wconf 88' lang='grc' dir='ltr'><em>Ἦ</em></span> <span class='ocrx_word' id='word_1_539' title='bbox 2347 4232 2579 4317; x_wconf 77' lang='grc' dir='ltr'>πατρὸς</span> <span class='ocrx_word' id='word_1_540' title='bbox 2600 4245 2830 4317; x_wconf 63' lang='grc' dir='ltr'>ἐσθλοῦ</span> <span class='ocrx_word' id='word_1_541' title='bbox 2863 4232 3538 4317; x_wconf 46' lang='grc' dir='ltr'><strong>Δκάγαθοῦπεφυκέναι,</strong></span> 
     </span>
    </p>
   </div>
   <div class='ocr_carea' id='block_1_84' title="bbox 2239 4302 3492 4384">
    <p class='ocr_par' dir='ltr' id='par_1_84' title="bbox 2239 4302 3492 4384">
     <span class='ocr_line' id='line_1_84' title="bbox 2239 4302 3492 4384; baseline -0.014 -10"><span class='ocrx_word' id='word_1_542' title='bbox 2239 4302 2344 4375; x_wconf 64' lang='lat' dir='ltr'><strong>kin</strong></span> <span class='ocrx_word' id='word_1_543' title='bbox 2375 4302 2501 4384; x_wconf 68' lang='grc' dir='ltr'>τοῒξ-</span> <span class='ocrx_word' id='word_1_544' title='bbox 2533 4302 2822 4370; x_wconf 65' lang='grc' dir='ltr'>ίεκοῦσιν</span> <span class='ocrx_word' id='word_1_545' title='bbox 2845 4302 3026 4376; x_wconf 77' lang='grc' dir='ltr'>ἀξίάν</span> <span class='ocrx_word' id='word_1_546' title='bbox 3050 4306 3230 4378; x_wconf 77' lang='grc' dir='ltr'>τιμὴν</span> <span class='ocrx_word' id='word_1_547' title='bbox 3250 4302 3492 4371; x_wconf 48' lang='grc' dir='ltr'>νέμειν.</span> 
     </span>
    </p>
   </div>
   <div class='ocr_carea' id='block_1_85' title="bbox 2242 4384 3750 4476">
    <p class='ocr_par' dir='ltr' id='par_1_85' title="bbox 2242 4384 3750 4476">
     <span class='ocr_line' id='line_1_85' title="bbox 2242 4384 3750 4476; baseline -0.019 -12"><span class='ocrx_word' id='word_1_548' title='bbox 2242 4413 2538 4476; x_wconf 80' lang='grc' dir='ltr'>Σόλωνος.</span> <span class='ocrx_word' id='word_1_549' title='bbox 2564 4439 2636 4448; x_wconf 91' lang='lat'>—</span> <span class='ocrx_word' id='word_1_550' title='bbox 2662 4407 2841 4460; x_wconf 86' lang='grc' dir='ltr'>Σόλων</span> <span class='ocrx_word' id='word_1_551' title='bbox 2889 4399 3216 4474; x_wconf 72' lang='grc' dir='ltr'>ἐρωτηθεὶς,</span> <span class='ocrx_word' id='word_1_552' title='bbox 3247 4395 3390 4450; x_wconf 87' lang='grc' dir='ltr'>διατί</span> <span class='ocrx_word' id='word_1_553' title='bbox 3443 4391 3592 4448; x_wconf 83' lang='grc' dir='ltr'><strong>κατά</strong></span> <span class='ocrx_word' id='word_1_554' title='bbox 3646 4384 3750 4476; x_wconf 55' lang='grc' dir='ltr'><strong>των</strong></span> 
     </span>
    </p>
   </div>
   <div class='ocr_carea' id='block_1_86' title="bbox 485 4472 2060 4574">
    <p class='ocr_par' dir='ltr' id='par_1_86' title="bbox 485 4502 2060 4573">
     <span class='ocr_line' id='line_1_86' title="bbox 485 4502 2060 4573; baseline 0.004 -18"><span class='ocrx_word' id='word_1_555' title='bbox 485 4503 666 4556; x_wconf 86' lang='lat' dir='ltr'><strong>nullas</strong></span> <span class='ocrx_word' id='word_1_556' title='bbox 721 4502 989 4558; x_wconf 91' lang='lat' dir='ltr'><strong>adversus</strong></span> <span class='ocrx_word' id='word_1_557' title='bbox 1047 4517 1147 4558; x_wconf 93' lang='lat' dir='ltr'><strong>eos</strong></span> <span class='ocrx_word' id='word_1_558' title='bbox 1195 4503 1289 4572; x_wconf 92' lang='lat' dir='ltr'><strong>qui</strong></span> <span class='ocrx_word' id='word_1_559' title='bbox 1350 4511 1611 4573; x_wconf 89' lang='lat' dir='ltr'><strong>parentes</strong></span> <span class='ocrx_word' id='word_1_560' title='bbox 1663 4506 2060 4573; x_wconf 85' lang='lat' dir='ltr'><strong>percussissem</strong></span> 
     </span>
    </p>
   </div>
   <div class='ocr_carea' id='block_1_87' title="bbox 2187 4472 3750 4574">
    <p class='ocr_par' dir='ltr' id='par_1_87' title="bbox 2187 4472 3750 4569">
     <span class='ocr_line' id='line_1_87' title="bbox 2187 4472 3750 4569; baseline -0.019 -9"><span class='ocrx_word' id='word_1_561' title='bbox 2187 4472 2648 4564; x_wconf 30' lang='grc' dir='ltr'>τυπτόντων-τοὺς</span> <span class='ocrx_word' id='word_1_562' title='bbox 2686 4472 2934 4569; x_wconf 78' lang='grc' dir='ltr'>πατέρας</span> <span class='ocrx_word' id='word_1_563' title='bbox 2981 4491 3257 4560; x_wconf 77' lang='grc' dir='ltr'>ἐπιτίμιον</span> <span class='ocrx_word' id='word_1_564' title='bbox 3290 4487 3389 4556; x_wconf 83' lang='grc' dir='ltr'>οὐχ</span> <span class='ocrx_word' id='word_1_565' title='bbox 3413 4484 3640 4555; x_wconf 81' lang='grc' dir='ltr'>ὥρισεν,</span> <span class='ocrx_word' id='word_1_566' title='bbox 3674 4472 3750 4530; x_wconf 83' lang='grc' dir='ltr'>εί-</span> 
     </span>
    </p>
   </div>
   <div class='ocr_carea' id='block_1_88' title="bbox 483 4592 2072 4664">
    <p class='ocr_par' dir='ltr' id='par_1_88' title="bbox 483 4592 2072 4664">
     <span class='ocr_line' id='line_1_88' title="bbox 483 4592 2072 4664; baseline 0.004 -17"><span class='ocrx_word' id='word_1_567' title='bbox 483 4609 677 4664; x_wconf 74' lang='lat' dir='ltr'><strong>poenas</strong></span> <span class='ocrx_word' id='word_1_568' title='bbox 703 4595 1012 4660; x_wconf 88' lang='lat' dir='ltr'><strong>statuisset,</strong></span> <span class='ocrx_word' id='word_1_569' title='bbox 1037 4592 1329 4664; x_wconf 89' lang='lat' dir='ltr'><strong>respondit</strong></span> <span class='ocrx_word' id='word_1_570' title='bbox 1356 4607 1370 4646; x_wconf 89' lang='lat'><strong>:</strong></span> <span class='ocrx_word' id='word_1_571' title='bbox 1394 4593 1554 4660; x_wconf 85' lang='lat' dir='ltr'><strong>Quod</strong></span> <span class='ocrx_word' id='word_1_572' title='bbox 1580 4595 1768 4650; x_wconf 90' lang='lat' dir='ltr'><strong>nullos</strong></span> <span class='ocrx_word' id='word_1_573' title='bbox 1794 4596 1932 4652; x_wconf 90' lang='lat' dir='ltr'><strong>tales</strong></span> <span class='ocrx_word' id='word_1_574' title='bbox 1953 4597 2072 4652; x_wconf 82' lang='lat' dir='ltr'><strong>exi-</strong></span> 
     </span>
    </p>
   </div>
   <div class='ocr_carea' id='block_1_89' title="bbox 483 4683 943 4739">
    <p class='ocr_par' dir='ltr' id='par_1_89' title="bbox 483 4683 943 4739">
     <span class='ocr_line' id='line_1_89' title="bbox 483 4683 943 4739; baseline 0 -1"><span class='ocrx_word' id='word_1_575' title='bbox 483 4683 774 4738; x_wconf 87' lang='lat' dir='ltr'><strong>stimabam</strong></span> <span class='ocrx_word' id='word_1_576' title='bbox 803 4684 943 4739; x_wconf 83' lang='lat' dir='ltr'><strong>fore.</strong></span> 
     </span>
    </p>
   </div>
   <div class='ocr_carea' id='block_1_90' title="bbox 559 4771 2071 4844">
    <p class='ocr_par' dir='ltr' id='par_1_90' title="bbox 559 4771 2071 4844">
     <span class='ocr_line' id='line_1_90' title="bbox 559 4771 2071 4844; baseline 0.004 -18"><span class='ocrx_word' id='word_1_577' title='bbox 559 4771 732 4826; x_wconf 85' lang='lat' dir='ltr'><strong>Plato.</strong></span> <span class='ocrx_word' id='word_1_578' title='bbox 763 4803 834 4813; x_wconf 89' lang='lat'><strong>——</strong></span> <span class='ocrx_word' id='word_1_579' title='bbox 868 4775 1048 4838; x_wconf 89' lang='lat' dir='ltr'><strong>Plato,</strong></span> <span class='ocrx_word' id='word_1_580' title='bbox 1077 4788 1203 4828; x_wconf 94' lang='lat' dir='ltr'><strong>cum</strong></span> <span class='ocrx_word' id='word_1_581' title='bbox 1241 4773 1536 4844; x_wconf 89' lang='lat' dir='ltr'><strong>quemdam</strong></span> <span class='ocrx_word' id='word_1_582' title='bbox 1578 4775 2071 4832; x_wconf 88' lang='lat' dir='ltr'><strong>animadvertisset</strong></span> 
     </span>
    </p>
   </div>
   <div class='ocr_carea' id='block_1_91' title="bbox 484 4865 2072 4938">
    <p class='ocr_par' dir='ltr' id='par_1_91' title="bbox 484 4865 2072 4938">
     <span class='ocr_line' id='line_1_91' title="bbox 484 4865 2072 4938; baseline 0.002 -19"><span class='ocrx_word' id='word_1_583' title='bbox 484 4865 816 4920; x_wconf 87' lang='lat' dir='ltr'><strong>insolentius</strong></span> <span class='ocrx_word' id='word_1_584' title='bbox 849 4881 975 4921; x_wconf 91' lang='lat' dir='ltr'><strong>cum</strong></span> <span class='ocrx_word' id='word_1_585' title='bbox 1008 4875 1166 4936; x_wconf 90' lang='lat' dir='ltr'><strong>patre</strong></span> <span class='ocrx_word' id='word_1_586' title='bbox 1200 4877 1454 4938; x_wconf 88' lang='lat' dir='ltr'><strong>agentem</strong></span> <span class='ocrx_word' id='word_1_587' title='bbox 1483 4881 1652 4937; x_wconf 89' lang='lat' dir='ltr'><strong>seque</strong></span> <span class='ocrx_word' id='word_1_588' title='bbox 1683 4867 1740 4921; x_wconf 90' lang='lat' dir='ltr'><strong>in</strong></span> <span class='ocrx_word' id='word_1_589' title='bbox 1772 4882 1901 4922; x_wconf 92' lang='lat' dir='ltr'><strong>eum</strong></span> <span class='ocrx_word' id='word_1_590' title='bbox 1934 4867 2072 4922; x_wconf 80' lang='lat' dir='ltr'><strong>eﬂ‘e-</strong></span> 
     </span>
    </p>
   </div>
   <div class='ocr_carea' id='block_1_92' title="bbox 485 4956 2073 5028">
    <p class='ocr_par' dir='ltr' id='par_1_92' title="bbox 485 4956 2073 5028">
     <span class='ocr_line' id='line_1_92' title="bbox 485 4956 2073 5028; baseline 0.001 -18"><span class='ocrx_word' id='word_1_591' title='bbox 485 4963 696 5010; x_wconf 82' lang='lat' dir='ltr'><strong>rentem</strong></span> <span class='ocrx_word' id='word_1_592' title='bbox 725 4973 738 5009; x_wconf 91' lang='lat'><strong>:</strong></span> <span class='ocrx_word' id='word_1_593' title='bbox 763 4956 883 5011; x_wconf 87' lang='grc' dir='ltr'>Νοιι</span> <span class='ocrx_word' id='word_1_594' title='bbox 898 4957 1142 5023; x_wconf 90' lang='lat' dir='ltr'><strong>desines,</strong></span> <span class='ocrx_word' id='word_1_595' title='bbox 1172 4958 1377 5028; x_wconf 89' lang='lat' dir='ltr'><strong>inquit,</strong></span> <span class='ocrx_word' id='word_1_596' title='bbox 1404 4958 1750 5023; x_wconf 91' lang='lat' dir='ltr'><strong>adolescens,</strong></span> <span class='ocrx_word' id='word_1_597' title='bbox 1783 4973 1912 5014; x_wconf 91' lang='lat' dir='ltr'><strong>eum</strong></span> <span class='ocrx_word' id='word_1_598' title='bbox 1940 4973 2073 5012; x_wconf 88' lang='lat' dir='ltr'><strong>con-</strong></span> 
     </span>
    </p>
   </div>
   <div class='ocr_carea' id='block_1_93' title="bbox 485 5043 1974 5116">
    <p class='ocr_par' dir='ltr' id='par_1_93' title="bbox 485 5043 1974 5116">
     <span class='ocr_line' id='line_1_93' title="bbox 485 5043 1974 5116; baseline 0.001 -19"><span class='ocrx_word' id='word_1_599' title='bbox 485 5053 753 5106; x_wconf 81' lang='lat' dir='ltr'><strong>temnere,</strong></span> <span class='ocrx_word' id='word_1_600' title='bbox 781 5044 853 5100; x_wconf 91' lang='lat' dir='ltr'><strong>ob</strong></span> <span class='ocrx_word' id='word_1_601' title='bbox 882 5061 1047 5115; x_wconf 90' lang='lat' dir='ltr'><strong>quem</strong></span> <span class='ocrx_word' id='word_1_602' title='bbox 1077 5045 1367 5116; x_wconf 70' lang='lat' dir='ltr'><strong>magnifice</strong></span> <span class='ocrx_word' id='word_1_603' title='bbox 1393 5045 1462 5100; x_wconf 93' lang='lat' dir='ltr'><strong>de</strong></span> <span class='ocrx_word' id='word_1_604' title='bbox 1494 5052 1548 5100; x_wconf 90' lang='lat' dir='ltr'><strong>te</strong></span> <span class='ocrx_word' id='word_1_605' title='bbox 1577 5045 1786 5100; x_wconf 90' lang='lat' dir='ltr'><strong>sentire</strong></span> <span class='ocrx_word' id='word_1_606' title='bbox 1809 5043 1922 5099; x_wconf 86' lang='lat' dir='ltr'><strong>vis?</strong></span> <span class='ocrx_word' id='word_1_607' title='bbox 1966 5046 1974 5054; x_wconf 87' lang='lat'>&#39;</span> 
     </span>
    </p>
   </div>
   <div class='ocr_carea' id='block_1_94' title="bbox 457 5134 2069 5218">
    <p class='ocr_par' dir='ltr' id='par_1_94' title="bbox 457 5134 2069 5218">
     <span class='ocr_line' id='line_1_94' title="bbox 457 5134 2069 5218; baseline 0.003 -30"><span class='ocrx_word' id='word_1_608' title='bbox 457 5144 472 5218; x_wconf 61' lang='grc' dir='ltr'>ί</span> <span class='ocrx_word' id='word_1_609' title='bbox 555 5134 642 5189; x_wconf 74' lang='lat' dir='ltr'><em>Ex</em></span> <span class='ocrx_word' id='word_1_610' title='bbox 684 5135 892 5191; x_wconf 59' lang='lat' dir='ltr'><strong>xEliani</strong></span> <span class='ocrx_word' id='word_1_611' title='bbox 933 5136 1188 5191; x_wconf 85' lang='lat' dir='ltr'><strong>Historia.</strong></span> <span class='ocrx_word' id='word_1_612' title='bbox 1217 5167 1287 5176; x_wconf 92' lang='lat'><strong>—</strong></span> <span class='ocrx_word' id='word_1_613' title='bbox 1321 5136 1508 5190; x_wconf 86' lang='lat' dir='ltr'><strong>Prima</strong></span> <span class='ocrx_word' id='word_1_614' title='bbox 1550 5151 1715 5206; x_wconf 90' lang='lat' dir='ltr'><strong>supra</strong></span> <span class='ocrx_word' id='word_1_615' title='bbox 1788 5139 2069 5209; x_wconf 89' lang='lat' dir='ltr'><strong>octogesi-</strong></span> 
     </span>
    </p>
   </div>
   <div class='ocr_carea' id='block_1_95' title="bbox 484 5226 2071 5298">
    <p class='ocr_par' dir='ltr' id='par_1_95' title="bbox 484 5226 2071 5298">
     <span class='ocr_line' id='line_1_95' title="bbox 484 5226 2071 5298; baseline 0.003 -19"><span class='ocrx_word' id='word_1_616' title='bbox 484 5241 631 5280; x_wconf 89' lang='lat' dir='ltr'><strong>mam</strong></span> <span class='ocrx_word' id='word_1_617' title='bbox 662 5226 1003 5298; x_wconf 85' lang='lat' dir='ltr'><strong>Olympiade,</strong></span> <span class='ocrx_word' id='word_1_618' title='bbox 1031 5229 1188 5282; x_wconf 90' lang='lat' dir='ltr'><strong>aiunt</strong></span> <span class='ocrx_word' id='word_1_619' title='bbox 1213 5227 1432 5282; x_wconf 68' lang='lat' dir='ltr'><strong>lEtnam</strong></span> <span class='ocrx_word' id='word_1_620' title='bbox 1468 5227 1596 5298; x_wconf 91' lang='lat' dir='ltr'><strong>igne</strong></span> <span class='ocrx_word' id='word_1_621' title='bbox 1632 5227 1885 5295; x_wconf 84' lang='lat' dir='ltr'><strong>ﬂuxisse;</strong></span> <span class='ocrx_word' id='word_1_622' title='bbox 1925 5237 2071 5283; x_wconf 93' lang='lat' dir='ltr'><strong>tum-</strong></span> 
     </span>
    </p>
   </div>
   <div class='ocr_carea' id='block_1_96' title="bbox 483 5317 2070 5388">
    <p class='ocr_par' dir='ltr' id='par_1_96' title="bbox 483 5317 2070 5388">
     <span class='ocr_line' id='line_1_96' title="bbox 483 5317 2070 5388; baseline 0.003 -17"><span class='ocrx_word' id='word_1_623' title='bbox 483 5333 596 5388; x_wconf 89' lang='lat' dir='ltr'><strong>que</strong></span> <span class='ocrx_word' id='word_1_624' title='bbox 625 5318 1012 5374; x_wconf 85' lang='lat' dir='ltr'><strong>Philonomum</strong></span> <span class='ocrx_word' id='word_1_625' title='bbox 1043 5327 1100 5374; x_wconf 92' lang='lat' dir='ltr'><strong>et</strong></span> <span class='ocrx_word' id='word_1_626' title='bbox 1123 5318 1354 5374; x_wconf 88' lang='lat' dir='ltr'><strong>Calliam</strong></span> <span class='ocrx_word' id='word_1_627' title='bbox 1383 5317 1603 5373; x_wconf 72' lang='lat' dir='ltr'><strong>Catana:</strong></span> <span class='ocrx_word' id='word_1_628' title='bbox 1629 5321 1799 5386; x_wconf 91' lang='lat' dir='ltr'><strong>cives,</strong></span> <span class='ocrx_word' id='word_1_629' title='bbox 1825 5320 2070 5377; x_wconf 89' lang='lat' dir='ltr'><strong>sublatos</strong></span> 
     </span>
    </p>
   </div>
   <div class='ocr_carea' id='block_1_97' title="bbox 485 5404 2074 5478">
    <p class='ocr_par' dir='ltr' id='par_1_97' title="bbox 485 5404 2074 5478">
     <span class='ocr_line' id='line_1_97' title="bbox 485 5404 2074 5478; baseline 0.004 -21"><span class='ocrx_word' id='word_1_630' title='bbox 485 5412 747 5472; x_wconf 88' lang='lat' dir='ltr'><strong>parentes</strong></span> <span class='ocrx_word' id='word_1_631' title='bbox 774 5420 872 5474; x_wconf 90' lang='lat' dir='ltr'><strong>per</strong></span> <span class='ocrx_word' id='word_1_632' title='bbox 901 5404 1109 5460; x_wconf 90' lang='lat' dir='ltr'><strong>medias</strong></span> <span class='ocrx_word' id='word_1_633' title='bbox 1136 5405 1402 5468; x_wconf 85' lang='lat' dir='ltr'><strong>ﬂammas,</strong></span> <span class='ocrx_word' id='word_1_634' title='bbox 1431 5405 1555 5460; x_wconf 88' lang='lat' dir='ltr'><strong>aliis</strong></span> <span class='ocrx_word' id='word_1_635' title='bbox 1587 5407 1793 5476; x_wconf 88' lang='lat' dir='ltr'><strong>spretis</strong></span> <span class='ocrx_word' id='word_1_636' title='bbox 1824 5407 2074 5478; x_wconf 90' lang='lat' dir='ltr'><strong>pignori-</strong></span> 
     </span>
    </p>
   </div>
   <div class='ocr_carea' id='block_1_98' title="bbox 487 5493 2077 5566">
    <p class='ocr_par' dir='ltr' id='par_1_98' title="bbox 487 5493 2077 5566">
     <span class='ocr_line' id='line_1_98' title="bbox 487 5493 2077 5566; baseline 0.004 -18"><span class='ocrx_word' id='word_1_637' title='bbox 487 5493 614 5558; x_wconf 91' lang='lat' dir='ltr'><strong>bus,</strong></span> <span class='ocrx_word' id='word_1_638' title='bbox 643 5496 938 5562; x_wconf 79' lang='lat' dir='ltr'><strong>extulisse;</strong></span> <span class='ocrx_word' id='word_1_639' title='bbox 978 5497 1136 5566; x_wconf 84' lang='lat' dir='ltr'><strong>cujus</strong></span> <span class='ocrx_word' id='word_1_640' title='bbox 1166 5505 1223 5552; x_wconf 90' lang='lat' dir='ltr'><strong>ct</strong></span> <span class='ocrx_word' id='word_1_641' title='bbox 1249 5495 1412 5551; x_wconf 85' lang='lat' dir='ltr'><strong>ollicii</strong></span> <span class='ocrx_word' id='word_1_642' title='bbox 1447 5497 1622 5566; x_wconf 88' lang='lat' dir='ltr'><strong>gratia</strong></span> <span class='ocrx_word' id='word_1_643' title='bbox 1653 5513 1683 5550; x_wconf 90' lang='lat' dir='ltr'><strong>a</strong></span> <span class='ocrx_word' id='word_1_644' title='bbox 1718 5498 1831 5553; x_wconf 91' lang='lat' dir='ltr'><strong>Deo</strong></span> <span class='ocrx_word' id='word_1_645' title='bbox 1863 5514 2077 5554; x_wconf 75' lang='lat' dir='ltr'><strong>merce-</strong></span> 
     </span>
    </p>
   </div>
   <div class='ocr_carea' id='block_1_99' title="bbox 488 5587 2074 5661">
    <p class='ocr_par' dir='ltr' id='par_1_99' title="bbox 488 5587 2074 5661">
     <span class='ocr_line' id='line_1_99' title="bbox 488 5587 2074 5661; baseline 0.003 -19"><span class='ocrx_word' id='word_1_646' title='bbox 488 5587 614 5642; x_wconf 89' lang='lat' dir='ltr'><strong>dem</strong></span> <span class='ocrx_word' id='word_1_647' title='bbox 658 5604 943 5659; x_wconf 87' lang='lat' dir='ltr'><strong>accepcre.</strong></span> <span class='ocrx_word' id='word_1_648' title='bbox 979 5589 1091 5645; x_wconf 93' lang='lat' dir='ltr'><strong>lllis</strong></span> <span class='ocrx_word' id='word_1_649' title='bbox 1132 5605 1370 5660; x_wconf 87' lang='lat' dir='ltr'><strong>namque</strong></span> <span class='ocrx_word' id='word_1_650' title='bbox 1413 5590 1578 5644; x_wconf 84' lang='lat' dir='ltr'><strong>celeri</strong></span> <span class='ocrx_word' id='word_1_651' title='bbox 1621 5606 1681 5645; x_wconf 93' lang='lat' dir='ltr'><strong>se</strong></span> <span class='ocrx_word' id='word_1_652' title='bbox 1721 5590 1845 5661; x_wconf 84' lang='lat' dir='ltr'><strong>fuga</strong></span> <span class='ocrx_word' id='word_1_653' title='bbox 1888 5592 2074 5661; x_wconf 58' lang='lat' dir='ltr'><strong>proric</strong></span> 
     </span>
    </p>
   </div>
   <div class='ocr_carea' id='block_1_100' title="bbox 2172 4575 3663 4664">
    <p class='ocr_par' dir='ltr' id='par_1_100' title="bbox 2172 4575 3663 4664">
     <span class='ocr_line' id='line_1_100' title="bbox 2172 4575 3663 4664; baseline -0.018 -11"><span class='ocrx_word' id='word_1_654' title='bbox 2172 4615 2295 4664; x_wconf 83' lang='grc' dir='ltr'>πεν,</span> <span class='ocrx_word' id='word_1_655' title='bbox 2326 4598 2408 4652; x_wconf 78' lang='grc' dir='ltr'>ὅτι</span> <span class='ocrx_word' id='word_1_656' title='bbox 2461 4595 2576 4664; x_wconf 81' lang='grc' dir='ltr'><strong>Οὐχ</strong></span> <span class='ocrx_word' id='word_1_657' title='bbox 2620 4589 2892 4646; x_wconf 75' lang='grc' dir='ltr'>ὑπέλαϐον</span> <span class='ocrx_word' id='word_1_658' title='bbox 2919 4585 3200 4646; x_wconf 88' lang='grc' dir='ltr'>τοιούτους</span> <span class='ocrx_word' id='word_1_659' title='bbox 3237 4579 3389 4642; x_wconf 82' lang='grc' dir='ltr'>τινὰς</span> <span class='ocrx_word' id='word_1_660' title='bbox 3421 4575 3663 4631; x_wconf 74' lang='grc' dir='ltr'>ἔσεσθαι.</span> 
     </span>
    </p>
   </div>
   <div class='ocr_carea' id='block_1_101' title="bbox 2246 4748 3745 4836">
    <p class='ocr_par' dir='ltr' id='par_1_101' title="bbox 2246 4748 3745 4836">
     <span class='ocr_line' id='line_1_101' title="bbox 2246 4748 3745 4836; baseline -0.022 -6"><span class='ocrx_word' id='word_1_661' title='bbox 2246 4772 2590 4836; x_wconf 78' lang='grc' dir='ltr'>Πλάτωνος.</span> <span class='ocrx_word' id='word_1_662' title='bbox 2623 4798 2693 4808; x_wconf 92' lang='grc'><strong>-</strong></span> <span class='ocrx_word' id='word_1_663' title='bbox 2723 4763 2955 4820; x_wconf 82' lang='grc' dir='ltr'>Πλάτων</span> <span class='ocrx_word' id='word_1_664' title='bbox 2996 4755 3400 4830; x_wconf 86' lang='grc' dir='ltr'>θρασυνόμενον</span> <span class='ocrx_word' id='word_1_665' title='bbox 3456 4748 3583 4805; x_wconf 81' lang='grc' dir='ltr'><strong>ἰδὼν</strong></span> <span class='ocrx_word' id='word_1_666' title='bbox 3634 4756 3745 4800; x_wconf 75' lang='grc' dir='ltr'>τινα</span> 
     </span>
    </p>
   </div>
   <div class='ocr_carea' id='block_1_102' title="bbox 2175 4839 3748 4938">
    <p class='ocr_par' dir='ltr' id='par_1_102' title="bbox 2175 4839 3748 4938">
     <span class='ocr_line' id='line_1_102' title="bbox 2175 4839 3748 4938; baseline -0.02 -18"><span class='ocrx_word' id='word_1_667' title='bbox 2175 4865 2311 4935; x_wconf 74' lang='grc' dir='ltr'>πρὸς</span> <span class='ocrx_word' id='word_1_668' title='bbox 2371 4863 2465 4916; x_wconf 81' lang='grc' dir='ltr'>τὸν</span> <span class='ocrx_word' id='word_1_669' title='bbox 2521 4855 2717 4913; x_wconf 77' lang='grc' dir='ltr'>ἑαυτοῦ</span> <span class='ocrx_word' id='word_1_670' title='bbox 2754 4853 3007 4924; x_wconf 85' lang='grc' dir='ltr'>πατέρα.</span> <span class='ocrx_word' id='word_1_671' title='bbox 3067 4843 3407 4938; x_wconf 21' lang='grc' dir='ltr'>Ούᾼπαύσῃ,</span> <span class='ocrx_word' id='word_1_672' title='bbox 3445 4839 3748 4938; x_wconf 55' lang='grc' dir='ltr'>μειράκιογ,</span> 
     </span>
    </p>
   </div>
   <div class='ocr_carea' id='block_1_103' title="bbox 2175 4931 3750 5018">
    <p class='ocr_par' dir='ltr' id='par_1_103' title="bbox 2175 4931 3750 5018">
     <span class='ocr_line' id='line_1_103' title="bbox 2175 4931 3750 5018; baseline -0.022 -10"><span class='ocrx_word' id='word_1_673' title='bbox 2175 4931 2299 5007; x_wconf 78' lang='grc' dir='ltr'>εἷπε</span> <span class='ocrx_word' id='word_1_674' title='bbox 2328 4994 2343 5018; x_wconf 94' lang='grc'><strong>,</strong></span> <span class='ocrx_word' id='word_1_675' title='bbox 2402 4949 2596 5004; x_wconf 87' lang='grc' dir='ltr'>τούτου</span> <span class='ocrx_word' id='word_1_676' title='bbox 2664 4941 3052 5014; x_wconf 81' lang='grc' dir='ltr'>καταφρονεῖν,</span> <span class='ocrx_word' id='word_1_677' title='bbox 3103 4936 3171 4990; x_wconf 86' lang='grc' dir='ltr'>δι’</span> <span class='ocrx_word' id='word_1_678' title='bbox 3220 4933 3280 4988; x_wconf 83' lang='grc' dir='ltr'>ὃν</span> <span class='ocrx_word' id='word_1_679' title='bbox 3341 4931 3486 5004; x_wconf 86' lang='grc' dir='ltr'>μέγα</span> <span class='ocrx_word' id='word_1_680' title='bbox 3540 4931 3750 4999; x_wconf 85' lang='grc' dir='ltr'>φρονεῖν</span> 
     </span>
    </p>
   </div>
   <div class='ocr_carea' id='block_1_104' title="bbox 2177 5045 2380 5112">
    <p class='ocr_par' dir='ltr' id='par_1_104' title="bbox 2177 5045 2380 5112">
     <span class='ocr_line' id='line_1_104' title="bbox 2177 5045 2380 5112; baseline -0.015 -13"><span class='ocrx_word' id='word_1_681' title='bbox 2177 5045 2350 5112; x_wconf 82' lang='grc' dir='ltr'>ἀξιοῖς</span> <span class='ocrx_word' id='word_1_682' title='bbox 2366 5061 2380 5110; x_wconf 88' lang='lat'><strong>;</strong></span> 
     </span>
    </p>
   </div>
   <div class='ocr_carea' id='block_1_105' title="bbox 2259 5110 3750 5200">
    <p class='ocr_par' dir='ltr' id='par_1_105' title="bbox 2259 5110 3750 5200">
     <span class='ocr_line' id='line_1_105' title="bbox 2259 5110 3750 5200; baseline 0.004 -14"><span class='ocrx_word' id='word_1_683' title='bbox 2259 5137 2355 5188; x_wconf 83' lang='grc' dir='ltr'>Ἐκ</span> <span class='ocrx_word' id='word_1_684' title='bbox 2384 5133 2494 5200; x_wconf 80' lang='grc' dir='ltr'>τῆς</span> <span class='ocrx_word' id='word_1_685' title='bbox 2509 5127 2797 5186; x_wconf 79' lang='grc' dir='ltr'>Αιλιανοῦ</span> <span class='ocrx_word' id='word_1_686' title='bbox 2819 5121 3107 5191; x_wconf 76' lang='grc' dir='ltr'>ιστορίας.</span> <span class='ocrx_word' id='word_1_687' title='bbox 3131 5151 3202 5163; x_wconf 90' lang='grc'><strong>-</strong></span> <span class='ocrx_word' id='word_1_688' title='bbox 3223 5116 3424 5188; x_wconf 71' lang='grc' dir='ltr'>Πρώτη</span> <span class='ocrx_word' id='word_1_689' title='bbox 3457 5115 3550 5167; x_wconf 53' lang='grc' dir='ltr'><strong>καὶ</strong></span> <span class='ocrx_word' id='word_1_690' title='bbox 3568 5110 3750 5200; x_wconf 62' lang='grc' dir='ltr'><strong>ὀγδθηῖ</strong></span> 
     </span>
    </p>
   </div>
   <div class='ocr_carea' id='block_1_106' title="bbox 2178 5192 3751 5299">
    <p class='ocr_par' dir='ltr' id='par_1_106' title="bbox 2178 5192 3751 5299">
     <span class='ocr_line' id='line_1_106' title="bbox 2178 5192 3751 5299; baseline -0.02 -20"><span class='ocrx_word' id='word_1_691' title='bbox 2178 5227 2348 5299; x_wconf 73' lang='grc' dir='ltr'>κρστῇ</span> <span class='ocrx_word' id='word_1_692' title='bbox 2382 5192 2709 5291; x_wconf 67' lang='grc' dir='ltr'>Ὀλυμπιάδι</span> <span class='ocrx_word' id='word_1_693' title='bbox 2741 5216 2875 5284; x_wconf 73' lang='grc' dir='ltr'>φασὶ</span> <span class='ocrx_word' id='word_1_694' title='bbox 2915 5212 3015 5284; x_wconf 78' lang='grc' dir='ltr'><strong>τὴν</strong></span> <span class='ocrx_word' id='word_1_695' title='bbox 3053 5211 3251 5278; x_wconf 80' lang='grc' dir='ltr'>Αἴτνην</span> <span class='ocrx_word' id='word_1_696' title='bbox 3299 5205 3514 5299; x_wconf 78' lang='grc' dir='ltr'>ῥυῆναι,</span> <span class='ocrx_word' id='word_1_697' title='bbox 3550 5202 3636 5299; x_wconf 52' lang='lat' dir='ltr'><strong>ore</strong></span> <span class='ocrx_word' id='word_1_698' title='bbox 3663 5192 3751 5297; x_wconf 49' lang='grc' dir='ltr'><strong>καὶ</strong></span> 
     </span>
    </p>
   </div>
   <div class='ocr_carea' id='block_1_107' title="bbox 2176 5294 3751 5383">
    <p class='ocr_par' dir='ltr' id='par_1_107' title="bbox 2176 5294 3751 5383">
     <span class='ocr_line' id='line_1_107' title="bbox 2176 5294 3751 5383; baseline -0.02 -14"><span class='ocrx_word' id='word_1_699' title='bbox 2176 5294 2470 5383; x_wconf 46' lang='grc' dir='ltr'>Φ-ιλόνομος</span> <span class='ocrx_word' id='word_1_700' title='bbox 2508 5311 2604 5365; x_wconf 76' lang='grc' dir='ltr'>καὶ</span> <span class='ocrx_word' id='word_1_701' title='bbox 2651 5307 2889 5371; x_wconf 82' lang='grc' dir='ltr'>Καλλίας</span> <span class='ocrx_word' id='word_1_702' title='bbox 2933 5305 2982 5358; x_wconf 81' lang='lat' dir='ltr'><strong>oi</strong></span> <span class='ocrx_word' id='word_1_703' title='bbox 3025 5301 3348 5360; x_wconf 84' lang='grc' dir='ltr'>Καταναῖοι,</span> <span class='ocrx_word' id='word_1_704' title='bbox 3383 5295 3510 5356; x_wconf 77' lang='grc' dir='ltr'>τοὺς</span> <span class='ocrx_word' id='word_1_705' title='bbox 3550 5294 3751 5345; x_wconf 78' lang='grc' dir='ltr'>ἑαυτῶν</span> 
     </span>
    </p>
   </div>
   <div class='ocr_carea' id='block_1_108' title="bbox 2180 5383 3756 5474">
    <p class='ocr_par' dir='ltr' id='par_1_108' title="bbox 2180 5383 3756 5474">
     <span class='ocr_line' id='line_1_108' title="bbox 2180 5383 3756 5474; baseline -0.018 -15"><span class='ocrx_word' id='word_1_706' title='bbox 2180 5405 2425 5474; x_wconf 85' lang='grc' dir='ltr'>πατέρας</span> <span class='ocrx_word' id='word_1_707' title='bbox 2454 5403 2741 5473; x_wconf 88' lang='grc' dir='ltr'>ἀράμενοι,</span> <span class='ocrx_word' id='word_1_708' title='bbox 2784 5397 2871 5452; x_wconf 72' lang='grc' dir='ltr'><strong>διὰ</strong></span> <span class='ocrx_word' id='word_1_709' title='bbox 2921 5395 3092 5468; x_wconf 83' lang='grc' dir='ltr'>μέσης</span> <span class='ocrx_word' id='word_1_710' title='bbox 3120 5393 3219 5463; x_wconf 80' lang='grc' dir='ltr'><strong>τῆς</strong></span> <span class='ocrx_word' id='word_1_711' title='bbox 3265 5386 3463 5458; x_wconf 77' lang='grc' dir='ltr'>φλογὸς</span> <span class='ocrx_word' id='word_1_712' title='bbox 3493 5383 3756 5474; x_wconf 67' lang='grc' dir='ltr'>ἐκόμισαν</span> 
     </span>
    </p>
   </div>
   <div class='ocr_carea' id='block_1_109' title="bbox 2178 5468 3755 5571">
    <p class='ocr_par' dir='ltr' id='par_1_109' title="bbox 2178 5468 3755 5571">
     <span class='ocr_line' id='line_1_109' title="bbox 2178 5468 3755 5571; baseline -0.016 -23"><span class='ocrx_word' id='word_1_713' title='bbox 2178 5497 2286 5548; x_wconf 84' lang='grc' dir='ltr'><strong>τῶν</strong></span> <span class='ocrx_word' id='word_1_714' title='bbox 2321 5468 2509 5548; x_wconf 67' lang='grc' dir='ltr'><strong>ύιλλων⁷</strong></span> <span class='ocrx_word' id='word_1_715' title='bbox 2534 5468 2830 5564; x_wconf 78' lang='grc' dir='ltr'>κτημάτων</span> <span class='ocrx_word' id='word_1_716' title='bbox 2859 5485 3394 5557; x_wconf 70' lang='grc' dir='ltr'>καταφρονήσαντες·</span> <span class='ocrx_word' id='word_1_717' title='bbox 3425 5477 3543 5532; x_wconf 83' lang='grc' dir='ltr'>ἀνθ’</span> <span class='ocrx_word' id='word_1_718' title='bbox 3563 5468 3636 5528; x_wconf 79' lang='grc' dir='ltr'>ὢν</span> <span class='ocrx_word' id='word_1_719' title='bbox 3666 5469 3755 5571; x_wconf 50' lang='grc' dir='ltr'><strong>καὶ</strong></span> 
     </span>
    </p>
   </div>
   <div class='ocr_carea' id='block_1_110' title="bbox 2183 5573 3754 5658">
    <p class='ocr_par' dir='ltr' id='par_1_110' title="bbox 2183 5573 3754 5658">
     <span class='ocr_line' id='line_1_110' title="bbox 2183 5573 3754 5658; baseline -0.017 -14"><span class='ocrx_word' id='word_1_720' title='bbox 2183 5589 2418 5658; x_wconf 76' lang='grc' dir='ltr'>ἀμοιϐῆς</span> <span class='ocrx_word' id='word_1_721' title='bbox 2468 5587 2661 5657; x_wconf 79' lang='grc' dir='ltr'>ἔτυχον</span> <span class='ocrx_word' id='word_1_722' title='bbox 2711 5585 2811 5656; x_wconf 76' lang='grc' dir='ltr'>τῆς</span> <span class='ocrx_word' id='word_1_723' title='bbox 2848 5585 2910 5635; x_wconf 83' lang='grc' dir='ltr'><strong>ὲκ</strong></span> <span class='ocrx_word' id='word_1_724' title='bbox 2957 5580 3050 5634; x_wconf 78' lang='grc' dir='ltr'><strong>τοῦ</strong></span> <span class='ocrx_word' id='word_1_725' title='bbox 3093 5577 3262 5631; x_wconf 82' lang='grc' dir='ltr'>θείου.</span> <span class='ocrx_word' id='word_1_726' title='bbox 3295 5573 3369 5626; x_wconf 79' lang='grc' dir='ltr'><strong>Τὸ</strong></span> <span class='ocrx_word' id='word_1_727' title='bbox 3387 5573 3493 5642; x_wconf 79' lang='grc' dir='ltr'><strong>γάρ</strong></span> <span class='ocrx_word' id='word_1_728' title='bbox 3528 5587 3608 5624; x_wconf 83' lang='grc' dir='ltr'><strong>τοι</strong></span> <span class='ocrx_word' id='word_1_729' title='bbox 3652 5576 3754 5624; x_wconf 86' lang='grc' dir='ltr'><strong>πυρ</strong></span> 
     </span>
    </p>
   </div>
   <div class='ocr_carea' id='block_1_111' title="bbox 1764 5705 2456 5765">
    <p class='ocr_par' dir='ltr' id='par_1_111' title="bbox 1764 5705 2456 5765">
     <span class='ocr_line' id='line_1_111' title="bbox 1764 5705 2456 5765; baseline -0.007 0"><span class='ocrx_word' id='word_1_730' title='bbox 1764 5711 1847 5765; x_wconf 81' lang='lat'><strong>\&#39;.\</strong></span> <span class='ocrx_word' id='word_1_731' title='bbox 1861 5709 1996 5765; x_wconf 68' lang='lat' dir='ltr'><strong>RLIC</strong></span> <span class='ocrx_word' id='word_1_732' title='bbox 2056 5705 2456 5764; x_wconf 77' lang='lat' dir='ltr'><strong>LECTIONES.</strong></span> 
     </span>
    </p>
   </div>
   <div class='ocr_carea' id='block_1_112' title="bbox 565 5780 1653 5851">
    <p class='ocr_par' dir='ltr' id='par_1_112' title="bbox 565 5780 1653 5851">
     <span class='ocr_line' id='line_1_112' title="bbox 565 5780 1653 5851; baseline -0.004 -15"><span class='ocrx_word' id='word_1_733' title='bbox 565 5781 609 5814; x_wconf 76' lang='grc'><strong>⁵⁷</strong></span> <span class='ocrx_word' id='word_1_734' title='bbox 647 5781 758 5836; x_wconf 85' lang='lat' dir='ltr'><strong>Bal.</strong></span> <span class='ocrx_word' id='word_1_735' title='bbox 786 5780 845 5834; x_wconf 71' lang='grc' dir='ltr'><strong>οὗ</strong></span> <span class='ocrx_word' id='word_1_736' title='bbox 868 5797 1016 5835; x_wconf 81' lang='grc' dir='ltr'>ποτε.</span> <span class='ocrx_word' id='word_1_737' title='bbox 1098 5781 1140 5811; x_wconf 67' lang='grc'><strong>⁸⁸</strong></span> <span class='ocrx_word' id='word_1_738' title='bbox 1183 5780 1297 5836; x_wconf 80' lang='lat' dir='ltr'><strong>Bal.</strong></span> <span class='ocrx_word' id='word_1_739' title='bbox 1333 5780 1653 5851; x_wconf 68' lang='grc' dir='ltr'>ἐνναμὴνω.</span> 
     </span>
    </p>
   </div>
  </div>
