3990 6366
287 353 389 417 861

1571 351 1738 413 LOCI
1781 352 2219 415 COMMUNES.

3443 364 3550 426 862

286 467 521 520 θεόντων
569 465 748 520 αὐτῶν
783 467 988 538 διέστη,
1042 466 1218 521 καθ“ὃ
1267 466 1433 536 μέρος
1482 467 1682 519 ἐκεῖνοι
1725 483 1865 536 παρ-

2001 464 2275 533 ientibus,
2303 483 2408 538 qua
2445 475 2608 539 parte
2637 483 2700 524 se
2725 478 3031 540 verterem,
3058 473 3200 546 ignis
3232 474 3437 532 divisus
3467 476 3553 530 lo-

285 559 553 625 εγένοντο.

324 699 332 706 _
371 647 466 699 Ἐκ
514 648 628 699 τῶν
669 645 1024 712 Ἐπικτήτου
1081 645 1469 713 Ἐτχειριδίου
1502 647 1599 700 καὶ
1645 647 1863 712 Ἰσοκρ.

281 736 424 797 Τοὺς
479 735 626 798 υἱοὺς
673 733 942 797 σπούδαζε
999 732 1464 802 πεπαιδευμένους
1525 733 1766 803 μᾶλλον,
1831 730 1866 801 ἢ

283 825 571 888 πλουσίους
598 825 940 878 καταλιπεῖν.

353 916 614 984 Θυγάτηρ
651 915 928 986 ἀλλότριον
961 914 1145 984 κτῆμα
1177 912 1414 982 ὑπάρχει
1447 911 1527 981 τῷ
1559 913 1745 993 πατρί.

372 1006 430 1058 Ὀ
474 1006 636 1068 αὐτὸς
685 1009 801 1068 τοῖς
851 1005 1011 1059 παισὶ
1089 1003 1508 1056 συνεϐούλευσεν
1573 1003 1708 1056 αἱδὼ
1756 1003 1868 1056 δεῖν

284 1097 634 1160 καταλιπεῖν,
671 1097 703 1166 ἢ
733 1114 834 1166 χρυ
843 1097 955 1150 σόν.

359 1188 573 1258 Πατρός
605 1188 785 1260 ὕϐρις,
820 1188 919 1259 ἡδὺ
961 1189 1271 1259 φάρμακον·
1316 1185 1478 1240 πλέον
1513 1185 1622 1254 γὰρ
1661 1185 1776 1254 ἔχει
1806 1183 1868 1237 τὸ

281 1278 532 1346 ὠφελοῦν
571 1278 662 1331 τοῦ
688 1278 996 1340 δάκνοντος.

347 1368 397 1402 υ
435 1368 538 1438 Υίῷ
570 1369 666 1421 καὶ
712 1369 944 1438 θυγατρὶ
1008 1370 1084 1439 μὴ
1135 1367 1586 1440 προσμειδιάνσῃς,
1638 1367 1728 1419 ἴνα
1780 1365 1858 1436 μὴ

279 1461 513 1534 ὕστερον
533 1463 833 1534 δακρύσῃς.

839 1644 1056 1698 ΛΟΓΟΣ
1095 1645 1199 1697 ΚΔ⁹
1230 1643 1299 1696 ⁵⁸.

881 1737 1022 1804 Περὶ
1057 1738 1269 1805 φόϐου.

351 1833 543 1885 Marti.
575 1829 689 1895 σις’.
721 1859 794 1870 --
824 1828 899 1881 Τό
944 1828 1044 1898 μὲν
1094 1812 1673 1898 πνεῦμαπρόθυμονο
1719 1823 1755 1895 ἡ
1809 1824 1868 1879 δὲ

276 1925 425 1995 σὰρξ
458 1923 709 1994 ἀσθενής.

353 2016 543 2085 Πράξ.
589 2023 644 2072 ι’.
692 2044 764 2056 -
817 2013 939 2085 Ἐπ’
991 2003 1257 2082 ἀληθείας
1309 2008 1738 2079 καταλαμϐάνω,
1783 2009 1868 2062 ὅτι

274 2109 384 2163 οὐκ
416 2107 531 2160 ἔστι
559 2103 1034 2177 προσωπολήπτης
1063 2104 1093 2156 ό
1119 2100 1275 2166 Θεὸς,
1304 2100 1421 2153 ἀλλ’
1448 2101 1506 2152 ὲν
1534 2105 1701 2152 παντὶ⁵
1724 2097 1870 2152 ἔθνει

273 2201 306 2251 ὁ
342 2195 681 2267 φοϐούμενος
712 2194 872 2249 αὑτὸν
936 2193 1032 2246 καὶ
1075 2191 1442 2263 ἐργαζόμενος
1494 2187 1868 2257 δικαιοσύνην,

273 2290 472 2353 δεκτὸς
493 2287 642 2358 αὐτῷ
676 2289 847 2342 ἐστιν.

355 2384 600 2449 Παροιμ.
637 2379 728 2433 ιδ’.
766 2407 839 2419 -
872 2377 1044 2440 Φόϐος
1096 2374 1317 2444 Κυρίου
1357 2373 1457 2443 (m)
1487 2373 1642 2443 πηγὴ
1685 2371 1866 2442 ζωῆς’

276 2474 432 2536 ποιεῖ
451 2471 510 2524 δὲ
539 2471 806 2525 ἐκκλίνειν
833 2470 900 2522 ἐκ
931 2467 1158 2536 παγίδος
1183 2466 1438 2520 θανάτου.

355 2565 573 2632 Σολομ.
605 2561 702 2626 ιβ’.
733 2589 806 2601 -
833 2558 1000 2622 Τέλος
1041 2557 1225 2625 λόγου,
1278 2555 1340 2608 τὸ
1387 2555 1498 2607 πᾶν
1537 2553 1724 2616 ἄκουε,
1779 2551 1870 2604 τὸν

276 2651 417 2706 Θεὸν
472 2649 664 2719 φοϐοῦ,
713 2647 810 2702 καὶ
853 2647 950 2710 τὰς
993 2644 1213 2708 ἒντολάς
1270 2642 1435 2696 αὑτοῦ
1485 2640 1746 2710 φύλασσε,
1787 2639 1869 2692 ὅτι

277 2743 446 2797 τοῦτο
476 2744 586 2804 πᾶς
609 2740 709 2796 ἀνθ
717 2757 925 2812 ρωπος.

357 2834 538 2903 Σιράχ
561 2831 642 2901 μ’.
672 2861 744 2871 -
774 2831 1051 2900 Χρήματα
1112 2824 1211 2878 καὶ
1257 2825 1412 2894 ἰσχὺς
1439 2820 1706 2892 ἀεδυψοῦσι
1734 2836 1871 2890 καρ-

277 2925 402 2979 δίαν
423 2943 435 2956 ·
463 2927 558 2978 καὶ
587 2922 731 2992 ὑπὲρ
761 2920 1048 2990 ἀμφότερα
1083 2915 1245 2984 φόϐος
1276 2914 1505 2984 Κυρίου.

1964 570 2091 609 cum
2118 556 2270 612 fecit.

2239 649 2323 702 Ex
2359 649 2585 720 Epicteti
2641 651 2945 706 Enchiridio
2979 664 3027 707 et
3058 654 3279 711 Isocrat.
3351 691 3356 695 -

1967 740 2200 794 Liberos
2229 741 2388 795 stude
2421 742 2720 808 doctiores,
2745 760 2909 813 quam
2941 745 3174 800 ditiores
3213 747 3546 817 relinquere.

1971 917 2132 982 Filia,
2165 917 2343 972 aliena
2370 919 2511 988 patri
2545 921 2820 989 possessio
2843 929 2948 976 est.

2039 1006 2222 1071 ldem,
2279 1007 2472 1062 liberis
2535 1008 2808 1077 pudorem
2863 1009 3038 1081 magis
3092 1009 3548 1081 relinquendum,

1969 1112 2134 1166 quam
2165 1113 2361 1150 aurum
2395 1099 2739 1178 consulebat.
3071 1103 3076 1109 '

2039 1187 2359 1259 Obiurgatio
2415 1191 2588 1259 patris
2652 1191 2814 1246 dulce
2870 1192 3369 1259 medicamentum;
3425 1192 3551 1262 plus

1966 1279 2114 1332 enim
2150 1279 2405 1348 prodest,
2434 1296 2599 1350 quam
2637 1285 2880 1338 mordet.

2035 1369 2198 1440 605
2224 1401 2296 1410 —
2323 1372 2461 1426 Filio
2491 1372 2728 1445 ﬁliaeque
2757 1389 2828 1429 ne
2853 1374 3102 1430 arrideas
3120 1413 3134 1439 ,
3167 1388 3237 1429 ne
3272 1372 3328 1427 in
3362 1381 3551 1444 poste-

1967 1475 2088 1513 rum
2118 1460 2326 1531 lugeas.

1897 1654 1941 1709 Β
2529 1651 2762 1707 SERMO
2799 1652 2992 1709 XXIV.

2605 1743 2682 1796 De
2709 1745 2918 1797 timore.
3439 1789 3442 1792 .

2035 1827 2228 1904 Matth.
2249 1847 2392 1895 xxvr,
2414 1833 2504 1886 41.
2527 1861 2599 1874 -μ
2622 1832 2862 1901 Spiritus
2881 1833 3105 1903 quidem
3129 1844 3417 1905 promptus
3441 1845 3549 1900 est.

1969 1937 2097 1978 caro
2128 1931 2310 1977 autem
2340 1923 2579 1978 inﬁrma.
3161 1973 3167 1982 .

2038 2015 2157 2070 Act.
2189 2032 2244 2080 κ,
2271 2015 2361 2070 54.
2395 2046 2467 2055 —
2500 2017 2559 2070 ln
2591 2018 2825 2072 veritate
2863 2018 3129 2087 comperi,
3159 2019 3288 2088 quia
3321 2035 3429 2073 non
3466 2027 3550 2075 est

1969 2117 2334 2172 personarum
2361 2114 2617 2174 acceptor
2643 2105 2788 2159 Deus
2814 2122 2829 2158 :
2862 2105 2959 2160 sed
2990 2105 3049 2159 in
3073 2107 3221 2160 omni
3247 2119 3431 2176 gente,
3456 2109 3552 2178 qui

1971 2192 2130 2248 timet
2161 2194 2333 2249 Deum
2362 2203 2421 2251 et
2445 2195 2575 2250 facit
2599 2196 2894 2266 justitiam,
2920 2205 3178 2267 acceptus
3201 2205 3288 2252 est
3316 2199 3417 2252 illi.

2041 2368 2201 2424 Prov.
2231 2386 2342 2435 xlv,
2369 2370 2460 2425 27.
2487 2401 2558 2412 —-
2585 2372 2776 2428 Timor
2803 2374 3024 2429 Domini
3055 2374 3178 2430 fons
3209 2375 3337 2430 vita:
3374 2393 3388 2430 :
3423 2375 3554 2431 facit

1970 2467 2155 2514 autem
2186 2459 2467 2516 declinare
2501 2479 2532 2518 a
2566 2464 2765 2533 laqueo
2795 2466 3009 2520 mortis.

2041 2550 2218 2605 Eccle.
2237 2564 2327 2618 ιιι,
2358 2553 2447 2606 15.
2465 2584 2538 2594 -
2565 2555 2716 2609 Finis
2744 2557 3042 2618 sermonis,
3072 2557 3218 2626 quod
3244 2565 3418 2612 totum
3445 2566 3552 2623 est,

1971 2642 2100 2698 audi
2131 2660 2144 2697 :
2177 2643 2353 2699 Deum
2394 2645 2547 2710 time,
2580 2654 2638 2701 et
2677 2647 2934 2702 mandata
2974 2648 3094 2719 ejus
3134 2648 3409 2704 observa:
3447 2650 3555 2705 hoc

1970 2740 2054 2786 est
2082 2733 2232 2787 enim
2263 2734 2444 2789 omnis
2475 2733 2662 2790 homo.

2042 2822 2209 2877 Eccti.
2236 2840 2322 2887 XL,
2345 2824 2436 2879 26.
2459 2856 2531 2864 —
2550 2825 2861 2882 Facultates
2883 2837 2940 2883 et
2962 2827 3133 2883 robur
3155 2829 3396 2884 exaltant
3415 2844 3514 2885 cor
3532 2815 3568 2888 :-

1972 2921 2029 2968 et
2054 2929 2224 2983 super
2247 2923 2481 2984 utraque
2511 2916 2678 2971 timor
2701 2918 2941 2972 Domini.

357 3015 702 3071 Βασιλείου.
735 3041 805 3052 -
845 3013 933 3074 Ὠς
974 3008 1085 3079 γὰρ
1129 3010 1157 3062 ὁ
1198 3005 1592 3076 ἐμπεπηγότας
1634 3005 1772 3075 ἔχων
1807 3005 1865 3056 έν

2040 3001 2252 3056 Basilii.
2279 3034 2351 3044 —
2379 3003 2453 3059 Ut
2477 3004 2624 3058 enim
2663 3005 2730 3070 is,
2758 3006 2850 3073 qui
2889 3005 3088 3061 inﬁxos
3120 3008 3337 3076 corpori
3373 3009 3556 3066 clavos

281 3106 463 3178 ἑαυτῷ
504 3106 634 3169 τοὺς
681 3102 1028 3173 σωματικοὺς
1074 3098 1258 3169 ἥλους,
1291 3096 1654 3168 ἀνενέργητός
1694 3097 1864 3175 ἐστιν,

281 3201 392 3255 ὑπὸ
429 3199 539 3254 τῶν
581 3195 784 3251 ὀδυνῶν
811 3192 1207 3263 κατεχόμενος·
1242 3187 1414 3252 οὕτως
1438 3191 1466 3242 ό
1488 3187 1568 3258 τῷ
1593 3186 1742 3257 φόϐῳ
1768 3185 1866 3239 τοῦ

280 3289 422 3345 Θεοῦ
457 3287 921 3358 κατειλημμένος,
943 3285 1046 3337 οὐκ
1088 3279 1357 3352 ὀφθαλμῷ
1391 3279 1700 3349 χρήσασθαι
1731 3278 1868 3348 πρὸς

279 3383 318 3439 ἃ
350 3382 427 3454 μὴ
477 3381 579 3446 δεῖ,
632 3379 692 3432 οὐ
738 3380 927 3448 χεῖρας
963 3374 1189 3443 κινῆσαι
1233 3371 1373 3442 πρὸς
1406 3369 1868 3440 ἀπηγορευμένας

285 3473 538 3547 πράξεις,
567 3470 665 3539 οὐχ
696 3470 836 3531 ὅλως
871 3467 1067 3538 μικρὸν
1096 3465 1130 3535 ἢ
1169 3462 1354 3533 μεῖζον
1379 3462 1678 3530 ἐνεργῆσαι
1712 3458 1867 3526 παρὰ

277 3565 341 3616 τὸ
372 3561 618 3632 καθῆκον
657 3559 904 3624 δύναται,
945 3551 1057 3609 οἷον
1090 3553 1250 3624 ὀδύνῃ
1283 3551 1395 3605 τινὶ
1445 3553 1511 3622 τῇ
1565 3548 1866 3622 προσδοκίᾳ

277 3654 391 3708 τῶν
415 3651 821 3723 ἀπειληθέντων
853 3667 916 3702 συ
925 3646 1337 3719 μπεπαρμένος.
1587 3681 1591 3685 -

353 3745 676 3812 Θεολόγου.
704 3769 777 3782 --
803 3741 918 3794 Οὐκ
964 3738 1073 3792 ἀπὸ
1123 3736 1360 3804 θεωρίας
1393 3732 1758 3805 ἀρξαμένους,
1785 3732 1866 3795 είς

280 3836 452 3906 φόϐον
504 3835 612 3907 χρὴ
675 3833 1032 3903 καταλήγειν.
1084 3828 1300 3899 Θεωρία
1353 3827 1462 3896 γὰρ
1513 3825 1864 3895 ἀχαλίνωτος,

278 3930 426 4000 τάχα
459 3929 528 3983 ἂν
549 3926 801 3982 καὶκατὰ
826 3920 1091 3996 κρημνῶν
1121 3919 1314 3974 ὤσειεν
1337 3934 1352 3950 ·
1384 3917 1518 3971 ἀλλά
1542 3916 1693 3987 φόϐῳ
1718 3933 1866 3969 στοι-

280 4020 620 4093 χειωμένους
642 4020 739 4072 καὶ
763 4014 1220 4086 καθαιρομένους,
1243 4010 1358 4074 καὶ,
1383 4009 1472 4064 ἵνα
1499 4008 1673 4073 οὕτως
1705 4008 1866 4074 εἴπω,

282 4111 747 4184 λεπτυνομένους,
780 4111 860 4174 εἰς
888 4107 1024 4177 ὕψος
1049 4103 1324 4174 αἴρεσθαι.

360 4294 463 4347 Ἕν
513 4290 842 4364 φοϐηθῶμεν
901 4287 1082 4360 μόνον,
1130 4283 1195 4338 τὸ
1253 4244 1561 4355 φοϐηθῖγναι
1617 4279 1754 4334 Θεοῦ
1806 4295 1865 4333 τι

285 4386 450 4441 πλέον
478 4384 579 4458 (nl.

287 4481 547 4534 Ψύλλων
565 4475 840 4548 λαγωοὺς
876 4472 1244 4548 ἐκφοϐοῦσιν
1267 4472 1322 4548 οἱ
1349 4469 1588 4548 κτύποι.

292 4533 548 4617 Ἅνδρας
575 4548 628 4599 δ’
657 4533 995 4613 ἂνάνδροῦς
1028 4546 1090 4597 αἱ
1121 4539 1291 4596 σκιαὶ
1315 4538 1434 4593 τῶν
1457 4533 1832 4606 πραγμάτων.

360 4663 663 4731 Χρυσοστ.
696 4686 768 4697 ——
798 4655 872 4709 Οὐ
917 4652 1174 4707 τοσοῦτον
1197 4647 1540 4722 ἐργάσασθαι
1586 4645 1875 4715 δυνήσεται

289 4749 473 4813 λόγος,
518 4747 642 4798 ὅσον
689 4743 987 4815 ἐργάζεται
1026 4741 1214 4811 φόϐος.
1257 4738 1322 4793 Ὀ
1355 4737 1464 4807 γὰρ
1507 4736 1607 4805 τῆς
1640 4734 1866 4803 γεέννης

293 4838 459 4907 φόϐος
495 4835 590 4891 τὸν
617 4835 718 4905 τῆς
747 4833 1024 4904 βασιλείας
1047 4833 1180 4902 ἡμῖν
1209 4830 1394 4900 κομιεῖ
1435 4827 1717 4896 στέφανον.
1780 4825 1868 4877 Δί-

1974 3091 2160 3156 habet,
2183 3092 2455 3162 quidquid
2481 3095 2753 3164 agendum
2782 3096 2854 3150 sit
2879 3097 3028 3151 iners
3053 3106 3156 3163 est,
3178 3098 3325 3167 quod
3351 3100 3559 3155 dolori-

1973 3181 2078 3237 bus
2109 3198 2172 3237 ac
2199 3184 2448 3238 cruciatu
2481 3192 2628 3240 totus
2655 3195 2959 3257 occupetur
2991 3206 3005 3242 :
3039 3189 3119 3243 sic
3144 3205 3306 3259 quem
3337 3191 3556 3246 Domini

1974 3271 2140 3326 timor
2166 3272 2454 3342 corripuit,
2477 3288 2589 3328 non
2617 3275 2779 3329 oculo
2801 3276 2880 3329 uti
2905 3286 3092 3347 potest
3114 3279 3181 3333 ad
3209 3295 3274 3334 ea
3300 3295 3424 3349 quae
3446 3295 3555 3335 non

1974 3369 2105 3416 sunt
2135 3361 2322 3428 oﬂicii,
2348 3379 2459 3419 non
2491 3365 2622 3421 ullis
2646 3366 2834 3422 vetitis
2863 3383 3059 3423 manus
3087 3369 3410 3435 admovere;
3446 3385 3558 3425 non

1972 3467 2202 3522 prorsus
2229 3452 2414 3507 minus
2445 3454 2654 3523 aliquid
2687 3463 2785 3510 aut
2809 3457 2985 3527 majus
3019 3466 3208 3513 contra
3241 3474 3306 3514 ac
3338 3459 3556 3514 honesti

1973 3545 2116 3598 ratio
2141 3544 2339 3612 poscit,
2367 3552 2662 3612 praestare;
2693 3562 2858 3615 quem
2888 3548 3150 3603 nimirum
3176 3549 3329 3603 velut
3351 3550 3559 3606 doloris

1973 3633 2200 3703 quidam
2233 3634 2476 3698 aculeus,
2504 3634 2792 3690 intentata:
2820 3639 2984 3692 minae
3011 3638 3360 3694 conﬁxerint.

2045 3725 2310 3795 Theotogi.
2334 3723 2485 3780 Orat.
2510 3727 2567 3780 in
2594 3726 2846 3781 Lumina.
2866 3759 2937 3768 —
2956 3729 3077 3784 Non
3103 3731 3497 3799 auSpicandum
3524 3748 3556 3788 a

1973 3817 2463 3887 contemplatione,
2490 3827 2552 3872 ut
2579 3819 2634 3872 in
2664 3819 2862 3874 timore
2888 3820 3039 3874 velut
3065 3829 3312 3876 extremo
3341 3822 3560 3878 desina-

1975 3925 2116 3964 mus.
2153 3909 2558 3980 Contemplatio
2597 3911 2746 3966 enim
2786 3909 2945 3966 freno
2981 3912 3178 3976 soluta,
3214 3912 3354 3969 forte
3391 3915 3558 3969 etiam

1975 4000 2030 4053 in
2070 4015 2316 4070 praeceps
2358 4001 2644 4070 impulerit
2679 4019 2693 4056 :
2730 4003 2824 4057 sed
2858 4002 3053 4073 primis
3084 4004 3240 4074 quasi
3273 4006 3561 4062 elementis

1973 4091 2174 4146 timore
2223 4091 2533 4156 institutos,
2569 4102 2974 4164 purgatasque,
3009 4105 3094 4160 et,
3128 4105 3190 4151 ut
3233 4097 3310 4151 ita
3346 4097 3556 4164 dicam,

1976 4191 2259 4250 tenuatos,
2294 4185 2374 4239 sic
2403 4184 2462 4238 in
2497 4184 2735 4240 sublime
2769 4187 2907 4257 erigi
2941 4188 3220 4242 convenit.

2047 4274 2230 4331 Unum
2278 4275 2543 4330 duntaxat
2587 4277 2898 4344 timeamus,
2933 4294 3006 4332 ne
3056 4277 3188 4348 quid
3233 4278 3346 4333 Deo
3387 4277 3561 4349 magis

1899 4343 1946 4400 Β
1983 4364 2293 4419 timeamus.

2077 4453 2305 4525 Iieporos
2337 4455 2592 4525 foliorum
2622 4459 2850 4525 crepitus
2882 4466 3078 4512 terrent
3108 4475 3127 4512 :

2078 4520 2169 4577 Sic
2197 4520 2347 4578 viros"
2362 4542 2557 4596 parum
2584 4520 2781 4590 viriles,
2810 4527 3011 4582 umbrm
3039 4543 3237 4581 rerum.

2044 4639 2312 4712 Chrysost.
2348 4673 2420 4681 —
2471 4643 2590 4698 Non
2643 4650 2856 4697 tantum
2902 4643 3090 4698 verbis
3139 4641 3284 4698 effici
3331 4643 3557 4713 poterit,

1977 4741 2246 4802 quantum
2276 4741 2502 4802 praestat
2525 4734 2712 4789 timor.
2734 4735 2872 4789 Nam
2903 4733 3168 4806 gehennae
3196 4735 3383 4800 timor,
3409 4734 3562 4805 regni

1980 4824 2152 4879 nobis
2202 4839 2464 4879 coronam
2512 4825 2725 4882 aﬂ‘eret.
2763 4827 3056 4892 Diabolus,
3092 4825 3255 4881 modo
3301 4824 3564 4894 velimus,

1599 4915 1828 4974 VABUE
1864 4914 2164 4972 LECTION
2171 4915 2278 4971 ES.

367 5019 411 5053 ⁸³
436 5018 498 5074 In
535 5016 798 5081 Antonio,
829 5013 1097 5080 Solonit.;
1126 5013 1271 5069 idem
1288 5011 1424 5067 fere.
1457 5010 1626 5066 Eccli.
1652 5019 1794 5074 xxx;
1813 5006 1871 5062 9.
1945 5008 1992 5040 ⁸ο
2021 5008 2120 5063 Est
2149 5008 2208 5062 in
2235 5005 2402 5063 Gesn.
2428 5006 2585 5064 Stob.
2623 5007 2749 5064 288.

1811 5104 2049 5163 NOTAE.

372 5205 468 5281 (nt)
493 5208 682 5270 Φόϐος
715 5204 955 5281 Κυρίου.
985 5204 1166 5281 Sic_et
1186 5205 1602 5281 Yulg._i_psaqn_e
1641 5202 1872 5281 Hebrai-

301 5273 396 5345 ω,
450 5273 579 5335 'mm
639 5285 785 5337 nrt-1?
858 5276 1016 5345 timor
1067 5273 1317 5330 Dominif
1356 5273 1470 5330 Nec
1514 5273 1694 5330 'aliter
1745 5273 1873 5345 ned—

303 5343 454 5406 dit'ur
475 5348 601 5402 aliis
630 5346 788 5416 locis,
810 5343 1016 5416 quibus
1041 5346 1162 5416 ejus
1182 5345 1336 5416 vocis
1362 5347 1497 5400 uSus
1541 5343 1874 5416 frequentis-

305 5421 480 5475 simus
505 5425 612 5471 est.
641 5413 734 5470 Sic
757 5411 937 5484 etiam,
958 5411 1244 5484 Syriacaet
1267 5411 1661 5484 Paraphrastes—
1681 5411 1876 5470 Chalda

304 5488 538 5546 Arabica
569 5493 753 5539 tamen
787 5482 1036 5552 proxime
1065 5499 1133 5538 ex
1157 5483 1358 5540 Graecis
1382 5483 1492 5537 τῶν
1511 5482 1570 5538 0'
1593 5498 1872 5554 expressa,

306 5555 539 5629 perinde
587 5555 900 5629 imperium,
953 5563 1308 5629 prazceptgm,
1350 5554 1496 5623 quod
1543 5553 1875 5629 οειξῶ-ᾳξοο

310 5623 673 5698 Ξιτρόσταγιμαὶί
695 5625 898 5698 Notant
924 5634 1134 5698 _tame_n
1178 5623 1427 5678 Romana
1479 5625 1711 5686 scholia,
1727 5623 1874 5678 :alios

312 5691 522 5753 habere
539 5691 729 5761 φόϐος,
770 5692 851 5762 uti
882 5691 972 5747 hic
998 5693 1218 5762 codices
1251 5704 1663 5762 repraesentant.

387 5766 466 5837 (η)
499 5767 567 5820 Τὸ
595 5761 928 5834 φοϐηθῆναι
984 5761 1132 5818 Θεοῦ
1158 5779 1209 5816 τι
1234 5761 1444 5818 πλέον.
1480 5763 1712 5821 Gcsncri
1737 5778 1871 5817 con-

1975 5201 2307 5276 j_ectura,_ut
2336 5198 2410 5254 sit
2450 5198 2830 5276 reponendum
2882 5195 2998 5260 τοῦ,
3037 5194 3182 5276 ἀντὶ.
3210 5191 3290 5275 το.
3326 5193 3562 5276 maxima

1979 5263 2287 5346 ᾆστοχασία
2331 5277 2455 5346 est;
2500 5263 2753 5346 nihilque
2791 5277 2977 5337 aptum
3035 5263 3184 5346 quod
3217 5263 3298 5316 sic
3349 5263 3561 5346 di'slsute

1984 5334 2387 5408 interrogando
2422 5334 2625 5402 reddit,
2646 5334 2992 5408 κ’Μειιιὶιηιιιε-
3027 5342 3270 5408 tantam,-
3325 5334 3451 5402 quid
3482 5345 3559 5390 est

1980 5409 2037 5480 in
2075 5403 2229 5480 metu
2263 5407 2479 5480 Domini
2506 5407 2785 5480 amplius?
2832 5403 2995 5460 Aliud
3025 5403 3264 5472 theologi
3306 5417 3559 5480 acumen,

1985 5477 2120 5546 ipsis
2137 5479 2258 5548 ejus
2279 5479 2478 5548 verbis
2496 5471 2721 5548 nullagvi
2743 5490 3101 5548 expressum;
3127 5471 3325 5541 nempe
3351 5471 3562 5548 _Timea-

1984 5540 2122 5611 titus,
2165 5540 2243 5622 ita
2304 5546 2556 5622 prte_Deo
2608 5540 2830 5615 aliquid-
2857 5540 3367 5622 timeamusaquod
3414 5551 3558 5622 certe

1983 5611 2361 5685 evangelicum
2406 5611 2828 5681 documentum,
2893 5623 2953 5668 ut
3017 5613 3114 5669 Dei
3185 5611 3370 5666 timori
3424 5611 3560 5666 nihil

1983 5696 2400 5756 anteponamus.
