3990 6358
194 343 318 430 865

1438 344 1451 351 ’
1512 358 1684 420 LOCI
1722 358 2161 421 COMMUNES.

3389 349 3499 435 {66'

198 478 405 547 ἀφρων
436 471 507 543 τῇ
542 465 742 525 ἑαυτοῦ
769 466 940 541 κακίᾳ
977 466 1326 540 ἀναστρέψας
1354 468 1450 522 ἐπὶ
1474 470 1578 543 τὴν
1606 469 1802 526 ἑαυτοῦ

1938 472 2196 528 »ἱεηεέυιι
2225 472 2435 527 malitia
2494 481 2783 530 revertens
2847 475 2915 531 ad
2981 489 3268 548 peceatum
3314 497 3499 539 suum.

198 566 514 642 ἁμαρτίαν.

277 657 479 727 Σιρὰχ
491 652 606 710 λδ.
643 684 717 731 -έ
732 651 1056 723 Ἀνθρωπος
1084 656 1361 725 νηστεύων
1383 655 1475 710 ἐπὶ
1493 654 1735 725 τῶνάμα
1744 672 1803 719 ρ-

198 751 343 809 τιῶν
401 749 596 812 αὐτοῦ,
649 746 746 801 καὶ
789 744 956 800 πάλιν
1003 749 1376 819 πορευόμενος
1418 750 1515 802 καὶ
1541 748 1611 802 τὰ
1666 748 1813 801 αὐτὰ·

198 843 407 907 ποιῶν,
456 840 559 911 τῆς
596 836 918 910 προσευχῆς
968 839 1135 891 αὐτοῦ
1169 839 1253 903 τίς
1286 840 1672 906 είσακούεται;
1707 838 1804 893 καὶ

195 935 259 989 τί
287 933 582 1003 ὠφέλησεν
609 932 668 984 ἐν
696 928 777 1000 τῷ
804 929 1211 1000 ταπεινωθῆναι
1237 932 1402 985 αὐτόν
1433 949 1448 998 ;

276 1022 503 1081 Βαὰιλ.
558 1052 628 1065 --
667 1024 726 1076 '0
780 1023 842 1075 ἐν
894 1025 1151 1093 προκοπῇ
1200 1024 1495 1094 γενόμενος
1577 1022 1804 1093 ἀγαθῶν

197 1116 416 1188 ἔργων,
449 1110 571 1169 εἶτα
600 1112 1049 1184 παλινδρομήσας
1074 1116 1211 1184 πρὸς
1232 1117 1331 1186 τὴν
1395 1117 1635 1187 ἀρχαίαν
1676 1133 1805 1169 συν-

202 1208 435 1279 ήθειαν,
460 1207 522 1260 οὗ
562 1206 724 1277 μόνον
759 1205 853 1259 τὸν
877 1205 975 1258 ἐπὶ
1016 1209 1132 1269 τοῖς
1176 1209 1576 1278 πεπονημένοις
1609 1210 1805 1279 μισθὸν

199 1297 529 1369 ἐζημιώθη,
563 1294 702 1350 ἀλλά
749 1298 849 1350 καὶ
880 1295 1191 1368 βαρυτέρας
1217 1297 1466 1363 ἀξιοῦται
1498 1298 1599 1366 τῆς
1630 1317 1801 1352 κατα-

199 1398 475 1461 κρίσεως.

248 1416 664 1552 ρέἓωῐύκολος
712 1486 853 1557 πρὸς
902 1483 1210 1555 μεταϐολὴν
1242 1486 1276 1554 ἡ
1312 1484 1543 1548 διάνοια,
1590 1484 1802 1548 τούτοις

198 1579 369 1634 οὐδὲν
401 1577 632 1641 ἀπεικὸς
657 1576 754 1629 καὶ
786 1575 877 1629 τὸν
913 1574 1025 1645 βίον
1051 1571 1193 1628 εἶναι
1230 1574 1305 1646 μὴ
1332 1576 1687 1644 τεταγμένον.

277 1670 491 1741 Μηδεὶς
532 1670 592 1721 ὲν
640 1668 811 1738 κακίᾳ
847 1667 1072 1736 διάγων,
1119 1667 1310 1720 ἑαυτὸν
1348 1666 1798 1734 ἁπογινωσκέτω,

198 1762 374 1825 εἰδὼς
406 1763 490 1814 ὃτι
529 1758 776 1830 γεωργία
819 1760 918 1828 μὲν
980 1757 1088 1811 τῶν
1133 1757 1320 1827 φυτῶν
1366 1757 1465 1819 τὰς
1506 1758 1801 1827 ποιότητας

1982 648 2151 703 Eccli'.
2185 664 2369 715 xxxw,
2402 648 2501 715 50;
2543 649 2697 721 εντα.
2728 650 2820 704 εί..
2849 681 2921 690 ——
2950 651 3126 707 llomo
3160 654 3254 724 qui
3288 656 3504 727 jejunat

1910 752 2014 808 pro
2047 740 2291 808 peccatis
2326 740 2462 807 suis,
2489 741 2802 810 iterumque
2822 734 2989 798 'vadit
3019 752 3077 798 et
3108 746 3302 801 eadem
3336 748 3509 816 facit;

1910 831 2220 884 oralionem
2277 830 2428 886 illius
2479 832 2606 903 quis
2660 832 2956 889 exaudiet?
3007 835 3213 904 quidve
3265 840 3503 907 profecit

1911 922 2258 979 humiliando
2291 940 2349 980 se
2369 926 2394 978 ?
2530 962 2533 965 .
2806 922 2809 927 ‘
3215 942 3221 946 -
3252 922 3257 927 ’
3334 940 3339 945 .
3508 926 3511 929 -

1979 1012 2193 1070 Basilii;
2220 1012 2293 1056 ‘4-
2322 1015 2427 1083 Qui
2466 1026 2755 1089 postquam
2791 1018 2845 1073 in
2881 1018 3043 1075 bonis
3074 1023 3339 1092 operibus
3372 1040 3504 1094 pro-

1909 1105 2072 1172 fecit,
2118 1107 2322 1163 iterum
2371 1110 2440 1164 ad
2486 1111 2769 1180 antiquam
2819 1114 3281 1169 consuetudinem
3326 1117 3500 1183 redit,

1908 1213 2020 1252 non
2055 1200 2234 1254 solum
2271 1202 2626 1271 superiorum
2661 1203 2915 1257 laborum
2950 1205 3263 1260 mercedem
3298 1208 3501 1279 perdit,

1908 1305 2113 1346 verum
2139 1293 2309 1347 etiam
2338 1294 2534 1365 majori
2567 1309 2741 1365 pmna-
2760 1296 2964 1367 dignus
2994 1295 3251 1377 edicitur.

1978 1482 2225 1549 Quorum
2256 1484 2414 1539 facile
2438 1484 2662 1541 mobilis
2688 1486 2925 1553 animus,
2951 1487 3102 1543 haud
3128 1490 3334 1545 mirum
3360 1493 3501 1547 nihil

1907 1574 1990 1628 eis
2018 1590 2085 1626 ex
2112 1574 2328 1632 honesti
2362 1575 2574 1630 ratione
2598 1577 2767 1631 vitam
2801 1580 3164 1648 compositam
3197 1596 3338 1637 esse.

1978 1666 2153 1719 Nemo
2179 1667 2283 1736 qui.
2305 1666 2363 1720 in
2384 1667 2522 1721 vitio
2545 1670 3072 1739 versetur,seipsum
3101 1672 3379 1743 deSperet,
3404 1674 3501 1745 qui

1908 1757 2047 1811 sciat
2070 1759 2407 1828 agricultura
2437 1761 2639 1814 mutari
2666 1760 2923 1829 stirpium
2952 1764 3275 1832 qualitates;
3307 1760 3499 1821 animi-

204 1853 578 1928 μεταϐάλλει·
604 1855 636 1921 ἡ
665 1852 722 1904 δὲ
757 1850 880 1904 κατ’
911 1849 1112 1922 ἀρετὴν
1145 1850 1245 1927 τῆς
1292 1848 1475 1919 ψυχῆς
1495 1849 1802 1919 -ὲπιμέλεια

1938 1865 2014 1917 que
2050 1850 2277 1904 colenda
2306 1848 2512 1915 virtute
2546 1850 2850 1921 diligentia,
2882 1854 3065 1909 omnis
3098 1854 3317 1927 generis
3350 1857 3501 1913 illius

200 1944 415 2016 δυνατή
455 1944 571 1996 ἐστι
614 1940 975 1995 παντοδαπῶν
1001 1940 1459 2011 ἀρρωστημάτων
1502 1940 1806 2011 ἐπικρατῆ-

205 2055 327 2092 σαι.

282 2125 609 2197 Ἄνθρωποι
652 2124 773 2185 ταῖς
801 2121 1059 2190 νεφέλαις
1092 2120 1329 2187 ἐοίκασι,
1381 2121 1519 2193 πρὸς
1558 2120 1658 2185 τὰς
1696 2119 1805 2173 τῶν

204 2220 548 2288 πνευμάτων
581 2212 888 2287 μεταϐολὰς
947 2211 1138 2267 ἄλλοτε
1180 2213 1303 2265 κατ’
1351 2212 1481 2267 ἄλλο
1514 2212 1678 2284 μέρος
1708 2210 1803 2264 τοῦ

201 2314 378 2383 ἀέρος
405 2306 837 2380 ὲμφερομέναις.
1393 2315 1401 2318 “
1560 2378 1563 2381 Δ

278 2406 361 2461 Οὐ
409 2407 604 2477 χρόνου
652 2400 936 2471 ποσότητι,
977 2398 1221 2454 διαθέσει
1251 2399 1309 2454 δὲ
1356 2399 1599 2471 ψυχῆςή
1639 2398 1805 2471 μετάο

199 2515 328 2555 νοια
357 2497 629 2569 κρίνεται.

278 2590 607 2658 Θεολόγου.
660 2615 734 2627 -
786 2584 916 2637 Δέον
963 2583 1432 2655 εύμετακινήτους
1496 2582 1597 2654 μὲν
1660 2576 1804 2636 εἶναι

203 2680 349 2750 πρὸς
404 2677 467 2730 τὸ
520 2678 771 2747 κρεῖττον
826 2672 936 2727 ἀπὸ
977 2672 1075 2725 τοῦ
1105 2672 1372 2743 χείρονος,
1401 2673 1703 2743 ἀκινήτους
1743 2674 1801 2728 δὲ

204 2770 347 2840 πρὸς
370 2768 436 2823 τὸ
459 2769 639 2838 χεῖρον
672 2765 781 2819 ἀπὸ
801 2764 910 2836 τοῦ,
930 2762 1225 2834 βελτίονος.

275 2862 397 2933 υύχ
429 2862 462 2932 ή
497 2856 789 2930 μετάθεσις
818 2855 913 2909 τοῦ
963 2855 1137 2909 κακοῦ
1167 2855 1228 2908 τὸ
1254 2854 1481 2926 αἰσχρὸν
1509 2853 1624 2926 ἔχει
1642 2871 1655 2885 °
1682 2854 1799 2909 ἀλλ’

202 2958 240 3027 ή
273 2954 473 3009 τούτου
504 2955 739 3025 τήρησις
767 2950 869 3022 τὴν
907 2948 1215 3003 ἀπώλειαν.

279 3049 358 3103 Τὸ
410 3046 487 3118 μὴ
539 3044 885 3116 ἁμαρτάνειν
951 3041 1317 3113 ἀναισθήτως,
1370 3039 1486 3096 ἀλλ’
1541 3041 1801 3112 ἐπιγινώ-

202 3159 364 3198 σκειν
393 3140 487 3194 καὶ
517 3136 750 3208 συνορᾷν
777 3134 835 3188 τὸ
866 3134 1285 3206 πλημμεληθὲν,
1311 3134 1412 3189 οὒκ
1433 3133 1552 3189 ἐστι
1580 3135 1795 3207 μικρόν’

202 3231 329 3288 ἀλλ’
354 3231 475 3295 ὁδός
500 3228 587 3293 τίς
607 3230 727 3281 ὲστι
761 3226 858 3280 καὶ
886 3225 1030 3296 ἀρχὴ
1050 3213 1059 3218 ’
1078 3224 1215 3296 πρὸς
1249 3223 1538 3297 διόρθωσιν
1566 3223 1799 3293 ἄγουσα,

203 3325 304 3379 καὶ
337 3323 434 3377 ἐπὶ
462 3320 524 3375 τὸ
547 3320 801 3389 κρεῖττον
831 3316 1159 3387 μεταϐολήν.

276 3414 538 3484 Κούφους
577 3411 675 3465 καὶ
721 3409 987 3479 ἀνοήτους
1039 3407 1269 3470 τούτους
1318 3406 1800 3479 ὑπολαμὸάνομεν,

202 3509 334 3570 τοὺς
363 3504 563 3577 ῥᾳδίως
602 3501 688 3555 ἐπ’
731 3500 1022 3570 ἀμφότερα
1064 3490 1427 3569 φερομένους,
1464 3499 1561 3552 καὶ¹
1593 3500 1802 3569 μεταρμ-

203 3599 456 3668 ῥέοντας,
497 3594 755 3664 καθάπερ
807 3590 987 3663 αὔρας
1051 3590 1587 3663 μεταπιπτούσας,ῆ
1626 3609 1796 3662 μετα-

203 3690 373 3753 ϐολὰς
406 3688 505 3743 καὶ
539 3683 868 3757 παλιρροίας
903 3682 1170 3755 Εὐρίπου,
1227 3682 1262 3752 ἢ
1285 3681 1561 3751 θαλάσσης
1593 3684 1802 3738 ἀστατα

204 3780 274 3834 κύ
285 3798 456 3851 ματα.
709 3852 719 3860 _

276 3875 588 3942 Χρυσοστ.
634 3901 705 3912 -—
744 3871 805 3925 '0
837 3873 1181 3944 μετανοήσας
1210 3874 1298 3943 ἐφ’
1325 3869 1407 3940 οἷς
1437 3872 1643 3946 ἔπραξε
1688 3870 1802 3924 δει-

203 3966 341 4026 νοῖς,
366 3960 472 4015 κᾶν
507 3961 583 4032 μὴ
630 3960 743 4014 τῶν
788 3962 1211 4034 ἁμαρτημάτων
1245 3963 1408 4029 ἀξίαν
1447 3962 1803 4033 ἀποδείξηται

204 4056 309 4125 τὴν
347 4054 665 4126 μετάνοιαν,
702 4054 799 4108 καὶ
825 4055 996 4126 αὐτῆς
1026 4054 1233 4127 ταύτης
1263 4056 1417 4128 ὅμως
1440 4055 1554 4123 ἕξει
1578 4057 1678 4127 τὴν
1710 4056 1806 4109 ἀν-

202 4149 428 4203 τίδοσιν.

279 4237 603 4309 Εὐαγρίου.
626 4267 697 4278 -
714 4238 887 4293 Φυτδν
914 4238 1358 4311 μεταφερόμενον
1389 4236 1651 4309 συνεχῶς,
1672 4253 1807 4308 καρ-

207 4327 313 4383 πὸν
341 4329 405 4383 ού
434 4330 602 4383 ποιεῖ.

280 4421 550 4490 Σωκρὰτ.
573 4448 644 4460 —-
683 4420 936 4493 Ἀνδριάς
969 4422 1068 4494 μὲν
1120 4422 1215 4477 ἐπὶ
1237 4421 1473 4493 βάσεως,
1517 4420 1806 4485 σπουδαῖος

1907 1941 2266 2012 aegritudines
2293 1957 2455 2011 posse
2486 1945 2759 2014 superari.

1978 2112 2243 2170 llomines
2290 2115 2539 2171 nubibus
2584 2118 2794 2173 similes
2842 2128 3001 2185 sunt,
3034 2136 3157 2191 quae
3194 2137 3298 2192 pro
3344 2123 3503 2179 vario

1908 2215 2203 2290 ventorum
2228 2206 2360 2261 ﬂatu
2391 2208 2501 2263 huc
2523 2208 2856 2281 quandoque
2882 2220 3047 2281 atque
3070 2211 3201 2266 illuc
3221 2211 3499 2268 feruntur.

1975 2397 2095 2451 Non
2129 2399 2395 2469 temporis
2423 2414 2600 2466 mora,
2624 2399 2720 2455 sed
2748 2400 2918 2455 animi
2947 2400 3147 2457 affectu
3172 2403 3500 2473 pmnitentia

1900 2487 2204 2559 iudicatur.

1979 2580 2243 2653 Theologi.
2271 2613 2343 2622 —
2375 2582 2536 2638 Tales
2573 2598 2676 2639 nos
2709 2598 2832 2639 esse
2872 2585 3153 2650 convenit,
3184 2590 3256 2641 ‘ut
3292 2602 3325 2642 a
3362 2588 3502 2643 vitio

1904 2673 1972 2728 ad
2000 2673 2261 2729 virtutem
2297 2675 2471 2729 facilis
2506 2676 2668 2730 nobis
2701 2674 2935 2731 mutatio
2965 2664 3060 2739 zsit,
3082 2660 3123 2731 Ia
3154 2678 3363 2735 virtute
3398 2695 3504 2734 au-

1906 2773 2015 2819 tem
2052 2765 2119 2821 ad
2157 2766 2355 2821 vitium
2393 2768 2613 2823 animus
2647 2769 2721 2822 sit
2752 2784 2983 2838 prorsus
3018 2769 3335 2825 immobilis.

1973 2857 2197 2931 Nullum
2234 2858 2476 2913 dedecus
2507 2873 2537 2913 a
2568 2858 2704 2914 vitio
2737 2861 2942 2914 mutari
2980 2878 2994 2914 :
3032 2861 3168 2916 illud
3196 2877 3330 2917 vero
3363 2864 3501 2920 reti-

1902 2944 2037 3002 nere
2056 2989 2070 3012 ,
2098 2950 2272 3004 exitio
2302 2950 2539 3005 exsistit.

1970 3040 2092 3096 Non
2122 3043 2470 3115 nullosensu
2497 3058 2750 3114 peccare,
2778 3043 2873 3099 sed
2908 3043 3170 3100 delictum
3200 3061 3500 3117 agnoscere

1902 3132 2131 3204 ejusque
2172 3134 2455 3189 conscium
2499 3150 2649 3200 esse,
2684 3128 2833 3205 haud
2873 3150 2963 3190 res
3003 3134 3200 3207 exigua
3239 3145 3355 3203 est;
3401 3138 3499 3193 sed

1900 3222 1990 3277 via
2026 3223 2276 3295 quaedam
2315 3233 2373 3279 et
2410 3224 2631 3280 initium
2674 3225 2741 3281 ad
2780 3225 3224 3281 emendationem
3264 3227 3501 3295 ducens,

1903 3329 1969 3370 ac
1997 3317 2361 3391 mutationem
2395 3317 2463 3391 ad
2493 3317 2704 3388 frugem
2734 3319 3039 3374 meliorem.

1975 3409 2155 3466 Leves
2182 3426 2247 3465 ac
2276 3410 2478 3466 stultos
2504 3410 2840 3481 iudicamus,
2868 3411 2962 3481 qui
2997 3412 3159 3470 facile
3192 3414 3247 3468 in
3285 3423 3501 3470 utram-

1903 3519 2011 3574 que
2044 3511 2259 3574 partem
2294 3502 2569 3566 feruntur,
2601 3500 2891 3572 ﬂuuntque
2924 3518 2990 3558 ac
3024 3504 3268 3559 refluunt
3301 3514 3498 3561 vento-

1904 3611 2027 3651 rum
2068 3610 2247 3660 more,
2282 3594 2417 3649 alias
2458 3609 2529 3648 ex
2570 3594 2693 3647 aliis
2737 3610 2902 3649 auras
2938 3597 3294 3661 mutantium,
3331 3606 3495 3667 atque

1904 3687 2099 3758 Euripi
2127 3688 2439 3759 reciprocos
2463 3693 2652 3753 aestus,
2681 3702 2745 3741 ae
2773 3686 2943 3742 maris
2973 3687 3264 3744 instabiles
3293 3687 3498 3744 ﬂuctus

1826 3836 1834 3841 _
1906 3778 2278 3847 inconstantia
2304 3776 2572 3832 referunt.

1976 3869 2245 3942 Chrysost.
2268 3900 2340 3909 —
2371 3869 2549 3937 Quem
2582 3869 2853 3951 paeniteat
2882 3871 3176 3951 malorum,
3203 3888 3327 3943 quas
3358 3872 3517 3944 egit,

1905 3961 2010 4017 etsi
2042 3978 2143 4033 pro
2176 3962 2449 4018 scelerum
2483 3962 2749 4033 gravitate
2783 3958 3005 4036 dignam
3042 3964 3175 4020 satis
3210 3966 3495 4035 poeniten-

1906 4055 2039 4109 tiam
2075 4070 2187 4110 non
2219 4052 2415 4127 egerit,
2443 4054 2610 4124 hujus
2638 4055 2831 4126 ipsius,
2858 4055 3006 4128 quod
3039 4056 3120 4113 sic
3150 4072 3276 4112 eum
3313 4056 3490 4129 pumi-

1908 4147 2035 4212 tuit,
2065 4147 2378 4202 mercedem
2410 4146 2661 4202 habebit.

1979 4237 2226 4309 Evagrii.
2270 4268 2343 4277 —
2390 4237 2523 4304 Quae
2572 4238 2778 4310 jugiter
2825 4238 3003 4293 solum
3046 4246 3257 4316 mutet,
3294 4234 3493 4311 stirps,

1906 4330 2090 4385 omnis
2124 4346 2323 4400 expers
2359 4330 2571 4386 fructus
2602 4331 2728 4386 erit.
2784 4394 2790 4399 θ
2850 4320 2853 4323 ’
2964 4324 2981 4399 ἰ
3522 4374 3528 4379 .

1976 4420 2146 4491 608
2179 4418 2389 4475 Socrat.
2411 4451 2482 4460 —
2508 4420 2581 4476 Ut
2608 4427 2789 4476 statua
2824 4421 2884 4475 in
2918 4419 3056 4485 basi,
3089 4420 3170 4476 sie
3199 4415 3288 4474 vir
3315 4420 3492 4475 bonus
3520 4414 3523 4419 ’

207 4510 266 4566 δὲ
300 4513 443 4584 ἀνὴρ
481 4513 576 4567 ἐπὶ
625 4513 799 4585 καλῆς
833 4515 1209 4587 προαιρέσεως
1238 4514 1432 4582 ἑστὼς,
1459 4512 1801 4587 ἀμετακίνη-

1939 4528 1969 4568 c
1997 4511 2304 4577 studiosus,
2327 4511 2383 4566 in
2414 4510 2563 4567 bono
2588 4511 2877 4582 proposito
2905 4511 3099 4567 ﬁrmus
3129 4521 3278 4567 stare
3305 4512 3491 4567 debet.

209 4618 303 4666 τος
324 4600 528 4672 ὀφείλει
558 4595 720 4656 εἶναι.

783 4805 1007 4862 ΛΟΓΟΣ
1040 4806 1249 4874 κεῖσαι.

424 4900 567 4970 Περὶ
602 4898 896 4970 ἁμαρτίας
928 4900 1029 4953 καὶ
1059 4899 1533 4970 ἐξατορεύσεως.

291 4990 483 5047 Ἰωαν.
513 4997 590 5058 ητ.
616 5019 684 5029 -
716 4990 833 5054 Πᾶς
858 4991 887 5044 ό
916 4989 1089 5045 ποιῶν
1137 4990 1436 5063 ἁμαρτίαν,
1464 4988 1650 5054 δοῦλός
1687 4991 1804 5043 ἐστι

211 5080 307 5153 τῆς
332 5080 636 5153 ἁμαρτίας.

279 5172 485 5242 Σιρὰχ.
508 5171 798 5234 arm—'0;
814 5170 923 5225 ἀπὸ
950 5169 1246 5243 προσώπου
1278 5169 1478 5239 ὄφεως,
1502 5170 1670 5240 φεῦγε
1695 5170 1804 5224 ἀπὸ

216 5260 529 5332 ἁμαρτίας
565 5261 662 5314 ὲάν
693 5261 805 5331 γὰρ
845 5259 1177 5333 προσέλθῃς,
1224 5259 1446 5332 δήξεταί
1495 5279 1578 5316 σε.
1625 5262 1802 5316 ‘0de—

2466 4796 2700 4854 SERMO
2737 4797 2931 4853 XXVI.

2308 4887 2386 4946 De
2415 4897 2628 4962 peccato
2661 4897 2709 4944 et
2744 4890 3093 4959 confessione.

1971 4986 2132 5041 Joan.
2163 5000 2275 5047 vui,
2301 4982 2392 5038 54.
2421 5010 2490 5021 —-
2521 4979 2716 5037 Omnis
2746 4979 2845 5050 qui
2872 4979 3006 5047 facit
3038 4986 3353 5050 peccatum,
3380 4995 3487 5036 ser-

1899 5094 2009 5135 vus
2037 5086 2124 5132 est
2157 5074 2390 5146 peccati.
2703 5148 2712 5158 '

1973 5173 2140 5229 Ereti.
2172 5189 2282 5237 ut,
2305 5172 2363 5226 2.
2394 5201 2464 5211 —
2490 5170 2776 5240 Tanquam
2805 5184 2836 5223 a
2863 5168 3003 5223 facie
3035 5167 3271 5236 colubri,
3304 5166 3431 5240 fuge
3462 5185 3491 5223 a

1901 5273 2163 5337 peccato;
2209 5263 2255 5319 si
2304 5262 2453 5319 enim
2497 5258 3126 5333 accesserismordebit
3166 5268 3245 5315 te.
3290 5260 3492 5315 Dentes

214 5328 301 5417 τες
329 5328 545 5417 λέοντος
567 5354 623 5408 οἱ
646 5328 860 5418 ὀδόντες
886 5328 1081 5425 αὐτῆς,
1097 5328 1213 5407 ⁷οιαὶ
1240 5328 1595 5424 ἀναιροῦντες
1623 5355 1802 5425 ψυχὰς

1938 5354 2079 5411 tonis
2118 5328 2315 5409 dentes
2350 5353 2501 5423 ejus,
2527 5359 2583 5407 et
2622 5349 2717 5420 qui
2755 5328 3098 5405 interficiunt
3137 5350 3351 5404 animas
3387 5348 3490 5404 lio-

216 5445 543 5517 ἀνθρώπων.

279 5538 442 5606 Πρὸς
482 5537 651 5609 Ῥωμ.
686 5536 764 5603 ς’.
797 5566 867 5578 -
895 5538 989 5610 Μὴ
1031 5539 1128 5593 οὖν
1167 5538 1501 5611 βασιλευέτω
1549 5542 1583 5611 ἡ
1621 5539 1803 5614 ἀμαρ-

219 5627 303 5684 τία
334 5631 392 5684 ὲν
414 5628 503 5699 τῷ
518 5627 701 5699 θνητῷ
718 5628 876 5700 ὑμῶν
903 5629 1143 5701 σώματι,
1171 5633 1250 5697 είς
1272 5631 1335 5686 τὸ
1357 5630 1653 5687 ὑπακούειν
1681 5633 1807 5694 ταῖς,

284 5815 332 5848 ⁸²
355 5813 419 5872 ιιι
445 5814 612 5873 Gesn.
645 5816 933 5881 Stob.297.

1899 5448 2133 5503 minum.

1973 5540 2128 5595 Rom.
2152 5555 2226 5606 νι,
2254 5538 2342 5592 12.
2366 5566 2438 5577 -
2463 5535 2543 5591 Ne
2571 5548 2702 5605 ergo
2733 5542 2925 5604 regnet
2947 5540 3233 5605 peccatum
3261 5534 3314 5588 in
3345 5549 3488 5588 mor-

1907 5633 2000 5689 tali
2043 5639 2229 5688 vestro
2276 5643 2542 5699 corpore,
2589 5635 2652 5683 ut
2700 5625 2977 5684 obediatis
3025 5626 3488 5698 concupiscentiis
