3990 6364
509 341 613 406 867
1653 339 1712 398 S.
1751 337 2042 398 MAXIMI
2081 336 2221 398 CON
2231 335 2595 399 FESSORIS
3654 342 3755 407 868

507 455 633 527 ejus
673 472 686 509 :
727 467 904 524 neque
944 450 1251 507 exhibeatis
1289 449 1536 507 membra
1574 459 1756 507 vestra
1795 467 1946 506 arma
1984 452 2083 506 ini-

2197 450 2518 522 ἐπιθυμίαις
2545 446 2743 502 αὐτοῦ·
2777 447 2914 519 μήτε
2966 446 3336 518 παριστάνετε
3360 444 3431 501 τὰ
3460 448 3595 522 μέλη
3620 452 3755 523 ὑμῶν

507 544 737 613 quitatis
772 550 1017 611 peccato.

2195 540 2339 593 ὅπλα
2364 539 2580 600 ἀδικίας
2608 539 2676 608 τῇ
2701 537 2974 609 ἁμαρτίᾳ.
3702 549 3708 555 ”

577 638 746 693 Eccli.
776 654 947 703 xxvu,
976 637 1064 691 il.
1087 666 1158 676 —
1190 635 1303 691 Leo
1335 634 1611 690 venationi
1649 634 1980 702 insidiatur;
2015 636 2095 691 sic

2263 630 2469 701 Σιρὰχ.
2502 628 2835 691 κζ’π-Δέων
2857 629 3002 700 θήρᾳ
3023 629 3318 701 ἐνεδρεύει,
3342 630 3517 695 οὕτως
3541 632 3758 705 ἀμαρτία

506 738 792 800 peccatum
826 727 1159 782 facientibus
1193 725 1402 795 iniqua.

2192 724 2321 787 τοὺς
2345 721 2751 793 ἐργαζομένους
2783 720 2970 775 ἄδικα.
3696 792 3738 805 Ἰ

576 821 743 875 Εεσιὶ.
778 836 968 883 xxxix,
1006 820 1094 874 50.
1126 850 1199 859 -
1239 820 1388 874 Bona
1428 818 1596 874 bonis
1632 826 1820 874 creata
1859 827 1990 875 sunt
2025 817 2095 873 ab

2266 812 2469 882 Σιρὰχ.
2506 815 2621 867 .10’.
2650 841 2723 853 —
2762 811 3118 881 ’A‘faOd‘roi;
3159 812 3394 882 ἀγαθοῖς
3433 814 3656 886 ἐκτίσθη
3681 817 3759 870 ἀπ’

506 915 698 980 initio;
734 913 814 969 sic
843 922 900 969 et
929 913 1312 983 peccatoribus
1339 912 1500 967 mala.

2194 904 2392 976 ἀρχῆς,
2425 904 2570 957 οὕτω
2595 904 2692 958 καὶ
2721 906 2834 969 τοῖς
2869 904 3220 975 ἁμαρτωλοῖς
3248 905 3421 960 κακά.

574 1006 786 1062 Basilii.
815 1037 886 1046 —
910 1004 1384 1072 Quemadmodum
1419 1012 1481 1059 ut
1512 1003 1805 1059 incidenda
1839 1004 1913 1060 sit
1939 1018 2091 1070 caro,

2266 999 2482 1051 Βασιλ.
2505 1025 2577 1037 --
2611 997 2827 1066 Ὠσπερ
2857 996 2957 1067 τῆς
2977 995 3153 1066 τομῆς
3180 997 3212 1067 ἢ
3237 996 3334 1050 τοῦ
3370 999 3662 1069 καυτῆρος,
3680 994 3764 1071 οὐχ

503 1100 591 1153 vel
620 1098 869 1153 cauterio
896 1096 1198 1163 exurenda,
1223 1111 1337 1151 non
1368 1096 1620 1151 medicus
1648 1103 1735 1151 est
1757 1105 1970 1161 auctor,
1997 1098 2079 1152 sec

2196 1088 2225 1141 ό
2257 1087 2444 1159 ἰατρὸς
2472 1087 2668 1151 αἴτιος,
2694 1086 2812 1142 ἀλλ’
2843 1088 2877 1156 ἡ
2907 1090 3060 1151 νόσος
3087 1105 3100 1118 ·
3134 1087 3280 1142 οὕτω
3328 1089 3425 1143 καὶ
3466 1090 3520 1142 οί
3544 1090 3652 1143 τῶν
3677 1093 3762 1145 πό-

502 1189 770 1243 morbus:
806 1187 887 1241 sic
918 1194 974 1241 et
1004 1186 1291 1241 civitatum
1325 1186 1541 1241 excidia
1573 1194 1944 1255 extremaeque
1976 1186 2078 1241 cla-

2191 1178 2331 1232 λεων
2360 1178 2661 1250 ἀφανισμοὶ
2691 1179 2758 1230 ἐκ
2800 1177 2900 1248 τῆς
2941 1179 3215 1249 ἀμετρίας
3244 1178 3358 1232 τῶν
3389 1182 3764 1252 ἁμαρτανομέ-

466 1308 473 1314 -
501 1277 622 1344 des,
640 1293 762 1346 qua:
782 1293 849 1331 ex
872 1284 1221 1346 peccatorum
1242 1276 1605 1331 exuberantia
1629 1286 1810 1331 ortum
1831 1276 2042 1332 babean

2194 1286 2300 1323 νων
2336 1268 2436 1341 τὴν
2478 1270 2655 1342 ἀρχὴν
2687 1269 2925 1341 ἔχοντες,
2968 1270 3061 1323 τὸν
3088 1270 3223 1324 Θεὸν
3249 1271 3476 1342 ἀπάσης
3524 1272 3764 1341 μέμψεως

501 1370 653 1425 omni
680 1368 1031 1423 accusatione
1060 1368 1232 1421 Deum
1262 1367 1522 1421 liberant.

966 1382 1031 1421 ne
1060 1368 1232 1421 Deum
1262 1367 1522 1421 liberant.
2191 1359 2541 1415 ἀπολύουσιν.

538 1462 864 1516 ~Peccatum
915 1457 1158 1529 quandiu
1210 1448 1434 1527 quidem
1488 1457 1831 1527 parturitur,
1878 1456 2093 1527 aliquid

2276 1453 2339 1506 'H
2380 1451 2625 1523 ἁμαρτία
2675 1452 2750 1517 ὡς
2793 1453 2894 1523 μὲν
2943 1452 3214 1522 ὠδίνεται,
3280 1454 3403 1524 ἔχει
3434 1454 3560 1509 τινά
3591 1456 3765 1526 αἰσχύ-

500 1550 727 1621 pudoris
770 1549 937 1603 habet
979 1566 991 1601 :
1042 1547 1135 1601 ubi
1179 1554 1362 1601 autem
1404 1546 1573 1601 fuerit
1611 1554 2076 1613 consummatum,

2191 1562 2320 1615 νην·
2378 1543 2605 1598 ἐπειδάν
2662 1544 2720 1596 δὲ
2771 1542 3028 1615 τελεσθῇ.
3086 1546 3210 1598 τότε
3265 1547 3766 1617 ἀναισχυντοτέρους

498 1641 596 1710 qui
652 1641 770 1710 ejus
827 1645 1084 1692 auctores
1140 1636 1284 1703 sint,
1333 1636 1597 1694 omnibus
1653 1638 2074 1710 impudentiore:

1569 1652 1597 1694 s
1653 1638 2093 1710 impudentiores
2187 1631 2340 1690 ’ποιεῖ
2360 1636 2487 1699 τοὺς
2511 1634 2919 1707 ἐργαζομένους
2945 1635 3139 1706 αὑτήν.

500 1731 704 1787 reddit.

566 1824 640 1880 Ut
673 1823 857 1878 fumus
898 1837 1061 1891 apes,
1094 1829 1151 1876 et
1191 1820 1332 1876 fetor
1366 1820 1654 1876 columbas
1689 1820 1872 1892 fugat,
1906 1820 1990 1876 sic
2028 1828 2086 1876 et
2119 1808 2142 1864 Ῑ

2274 1808 2362 1873 Ὦς
2395 1808 2508 1880 γάρ
2535 1807 2637 1873 τάς
2681 1808 2942 1880 μελίσσας
2971 1809 3185 1871 καπνὸς
3217 1810 3520 1880 φυγαδεύει
3562 1802 3765 1875 καὶτὰς

496 1914 624 1969 vita:
662 1922 865 1968 nostrae
906 1916 1192 1967 custodem
1235 1912 1487 1982 angelum
1522 1927 1612 1967 res
1640 1913 1804 1985 longe
1837 1914 2072 1970 luctuos:

2193 1900 2532 1973 περιστερὰς
2565 1900 2800 1955 δυσωδία
2820 1916 2835 1929 ⁸
2869 1898 3014 1953 οὕτω
3046 1900 3143 1953 καὶ
3159 1901 3250 1954 τὸν
3279 1901 3503 1970 φύλακα
3522 1905 3616 1973 τῆς
3636 1902 3766 1971 ζωῆς

493 2021 562 2062 ac
594 2005 773 2060 fetens
801 2014 1093 2075 peccatum
1123 2003 1319 2073 abigit.

2189 1993 2351 2064 ἡμῶν
2376 1993 2659 2065 ἀγγελονή
2691 1991 3037 2063 πολύδακρυς
3084 1994 3178 2046 καὶ
3207 1992 3456 2065 δυσώδης
3488 1995 3765 2064 ἀφίστησιν

2197 2085 2465 2139 ἁμαρτία.

572 2182 730 2238 Sicut
762 2182 957 2237 umbra
990 2180 1210 2252 corpori
1242 2195 1429 2235 comes
1459 2191 1565 2245 est,
1595 2180 1677 2236 sic
1717 2179 1919 2235 animis
1951 2195 2091 2250 pec-

2197 2101 2232 2138 α
2279 2103 2313 2137 α
2354 2101 2465 2139 τια.

2236 2101 2481 2247 μὍρσπερ
2508 2176 2542 2246 ἡ
2592 2176 2722 2230 σκιά
2760 2178 2840 2250 τῷ
2889 2179 3129 2251 σώματι,
3166 2177 3311 2233 οὕτω
3343 2181 3467 2241 ταῖς
3496 2177 3691 2248 ψυχαῖς
3716 2178 3766 2230 ai

496 2283 641 2341 cata,
673 2276 931 2345 claraque
963 2281 1185 2328 actuum
1222 2272 1518 2327 simulacra
1546 2272 1844 2327 exsistunt.

2201 2264 2474 2337 ἁμαρτίαι
2503 2266 2870 2338 παρέπονται,
2894 2268 3149 2339 ἐναργεῖς
3177 2267 3277 2331 τάς
3317 2267 3554 2338 πράξεις
3585 2268 3767 2321 είκονί-

2227 2374 2417 2412 ουσαι.

565 2449 777 2506 Natura
824 2464 1060 2520 pronum
1102 2448 1300 2503 vitium
1346 2455 1464 2513 est,
1505 2463 1858 2519 pnecepsque
1899 2458 1987 2505 est
2031 2450 2089 2505 in

2227 2374 2326 2410 ουσ
2371 2375 2417 2412 ι.

2192 2356 2226 2421 ζ
2264 2374 2431 2499 Φύασει
2465 2445 2817 2519 πρόχειρονή
2851 2446 3042 2523 κακία,
3065 2447 3163 2500 καὶ
3190 2447 3365 2510 πολὺς
3387 2448 3484 2502 ἐπὶ
3513 2446 3573 2501 τὸ
3604 2447 3767 2518 χεῖρον

495 2538 746 2594 deterius
774 2555 996 2594 cursus.

899 2555 996 2593 sus.
2195 2540 2225 2593 ό
2255 2538 2475 2610 δρόμος.

566 2631 678 2686 Res
706 2628 867 2684 facile
899 2628 1306 2685 aemulationem
1341 2628 1555 2685 habens
1587 2644 1763 2699 eaque
1798 2629 2086 2699 proclivis,

2266 2630 2594 2702 Εύζήλωτον
2621 2631 2808 2703 μέντοι
2843 2631 2941 2687 καὶ
2974 2632 3267 2703 πρόχειρον
3308 2633 3549 2704 ⁸πρᾶγμα
3580 2632 3612 2702 ἠ
3679 2647 3764 2700 μο-

496 2723 825 2793 improbitas
868 2730 981 2788 est;
1022 2736 1127 2777 nec
1162 2721 1466 2792 quidquam
1509 2723 1590 2777 sic
1632 2721 1987 2792 expeditum,
2025 2740 2072 2778 a1

2192 2723 2393 2795 χθηρία
2409 2740 2424 2754 ·
2450 2724 2545 2778 καὶ
2567 2725 2717 2778 οὐδὲν
2738 2725 2880 2778 οὕτω
2907 2724 3090 2796 ῥᾴδιον
3113 2724 3191 2789 ὡς
3221 2725 3282 2779 τὸ
3311 2724 3571 2794 γενέσθαι
3594 2724 3763 2777 κακόν.

495 2814 613 2871 ﬁeri
649 2814 876 2868 malum.

564 2906 644 2961 Ne
673 2905 923 2975 graveris
947 2912 1236 2974 peccatum
1268 2910 1422 2959 tuum
1455 2903 1733 2970 confiteri,
1759 2912 1821 2959 ut
1848 2921 2093 2976 praesen-

2262 2901 2358 2974 Μὴ
2410 2902 2739 2977 ἀπαξιὼσῃς.
2784 2904 3150 2976 ὲξαγορεῦσαί
3204 2923 3301 2959 σου
3353 2906 3455 2978 τὴν
3484 2905 3765 2977 ἁμαρτίαν,

493 2996 567 3051 tis
593 2995 694 3049 aevi
729 2994 961 3064 pudore,
996 2993 1171 3047 futuri
1206 2993 1453 3048 dedecus
1483 2995 1863 3066 probrumque
1895 3011 2069 3051 cavea:

2194 2995 2281 3049 ἵνα
2309 2997 2375 3066 τῇ
2405 2994 2658 3049 ἐντεῦθεν
2708 2995 2942 3070 αἰσχύνῃ
2991 2997 3090 3067 τὴν
3124 2997 3337 3050 ἐκεῖθεν
3365 2997 3546 3069 φύγῃς
3577 2994 3766 3064 (ἐπειδὴ

495 3086 647 3156 (nam
677 3093 733 3139 et
762 3085 879 3140 hzec
913 3085 1062 3140 illius
1094 3101 1222 3156 pars
1255 3084 1513 3156 supplicii
1547 3086 1688 3160 est),
1716 3088 2071 3158 ostendasqui

2198 3085 2365 3156 μέρος
2411 3086 2508 3139 καὶ
2551 3084 2714 3140 τοῦτο
2764 3087 2866 3157 τῆς
2917 3087 3101 3140 ἐκεῖσε
3151 3086 3457 3159 κολάσεως)
3483 3086 3578 3141 καὶ
3602 3084 3766 3156 δείξῃς

493 3175 678 3228 odisse
714 3183 765 3228 te
799 3190 930 3228 vere
960 3182 1248 3244 peccatum
1287 3193 1300 3229 :
1338 3176 1485 3246 quod
1520 3177 1777 3232 traducas
1809 3193 1874 3233 ac
1908 3178 2069 3249 tripu-

2191 3177 2276 3231 ὅτι
2334 3177 2437 3247 τὴν
2485 3177 2768 3248 ἁμαρτίαν
2822 3178 2993 3241 ὅντως
3026 3178 3375 3250 μεμίσηκαςγ
3410 3177 3767 3251 παραδειγμα-

360 3314 375 3326 ,
492 3266 588 3320 diu
622 3274 866 3320 ostentes
900 3277 1065 3334 atque
1102 3266 1444 3338 triumphes,
1480 3268 1646 3340 609
1684 3279 1745 3323 ut
1775 3271 1927 3340 quod

2189 3268 2347 3334 τίσας
2385 3267 2555 3340 αὐτὴν
2585 3269 2683 3322 καὶ
2710 3268 3112 3341 θριαμϐεύσας,
3144 3270 3220 3333 ὼς
3249 3270 3410 3335 ἀξίαν
3443 3269 3670 3342 ὕϐρεως.

491 3358 722 3428 dignum
751 3359 1085 3414 contumelia
1112 3367 1217 3414 est.

564 3450 861 3505 Circumda
923 3459 1194 3516 stercora,
1251 3450 1549 3525 laerymas,
1595 3456 1858 3524 gemitus,
1919 3471 2087 3527 quam

2262 3443 2567 3515 Περιϐαλοῦ
2624 3445 2868 3516 κόπρια,
2931 3444 3179 3516 δάκρυα,
3237 3446 3623 3517 στεναγμοὺς,
3676 3441 3765 3503 τὴν

491 3543 843 3598 confessione
871 3543 1284 3614 humilioreque
1314 3560 1379 3601 ac
1409 3555 1600 3616 spreta
1624 3546 1919 3617 disciplina
1948 3564 2067 3619 prae

2187 3537 2256 3591 δι’
2316 3535 2739 3607 ἐξαγορεύσεως
2794 3537 2891 3591 καὶ
2925 3536 3257 3608 ἀτιμοτέρας
3294 3537 3525 3608 ἀγωγῆς
3544 3534 3763 3604 ἐπανόρ-

491 3643 608 3689 ειεε
640 3634 929 3689 meliorem
971 3633 1212 3705 frugem.

1127 3650 1212 3688 :m.
2192 3629 2380 3684 θωσιν.
2697 3696 2703 3702 ε

562 3726 725 3780 Nulla
762 3725 848 3781 bis
877 3725 973 3796 qui
1008 3736 1375 3791 excesserunt
1429 3726 1487 3781 in
1533 3726 1757 3782 inferno
1808 3727 2088 3783 confessio

2265 3721 2381 3773 υύκ
2406 3716 2523 3774 ἔστι
2574 3722 2686 3784 τοῖς
2747 3717 3076 3773 ἀπελθοῦσιν
3133 3722 3193 3773 ἐν
3237 3719 3342 3792 ᾄδῃ
3391 3718 3763 3791 ἐξομολόγησις

489 3824 577 3872 εει
622 3832 685 3871 ac
720 3817 1061 3872 emendatio.
1089 3815 1380 3872 Conclusit
1410 3817 1562 3872 enim
1610 3818 1778 3883 Deus,
1814 3826 2065 3888 praesent

2188 3811 2284 3866 καὶ
2331 3810 2638 3883 διόρθωσις.
2682 3810 3001 3869 Συνέκλεισε
3027 3810 3138 3883 γὰρ
3169 3815 3197 3865 ό
3224 3810 3380 3877 Θεὸς,
3412 3811 3641 3868 ἐνταῦθα
3676 3808 3764 3879 μὲν

490 3908 721 3979 quidem
766 3924 905 3974 aevo,
952 3909 1125 3963 vitam
1170 3917 1230 3965 et
1281 3909 1593 3976 actionem;
1636 3910 1828 3965 futuro
1874 3919 2061 3965 autem

2190 3905 2304 3976 βίον
2335 3906 2432 3958 καὶ
2487 3904 2685 3976 πρᾶξιν
2710 3920 2723 3933 ⁸
2771 3905 2891 3958 ἐκεῖ
2943 3904 3023 3969 δὲ,
3061 3907 3162 3975 τὴν
3196 3905 3307 3960 τῶν
3364 3903 3764 3979 πεπραγμένων

490 4016 687 4057 eorum
722 4016 845 4070 qua:
879 4010 1032 4071 gesta
1071 4001 1315 4067 fuerint,
1349 4001 1596 4056 rationes
1630 4009 1800 4072 atque
1831 4016 2082 4057 examen.
2187 3998 2461 4063 ἐξέτασιν.

563 4092 775 4148 Vitium
814 4094 1042 4149 silentio
1073 4109 1327 4166 pressum
1360 4086 1529 4165 atque
1556 4094 1862 4160 occultum,
1905 4095 2087 4150 latens

2257 4092 2441 4146 Κακία
2489 4091 2864 4163 σιωπηθεῖσα,
2922 4092 3079 4156 νόσος
3129 4092 3364 4159 ῦπουλὸς
3419 4095 3568 4147 ἐστιν
3615 4091 3670 4143 ἐν
3699 4087 3759 4156 τῇ

491 4184 666 4239 animi
717 4185 944 4240 morbus
987 4186 1224 4242 exsistit.
1576 4208 1581 4215 ο
1711 4222 1719 4230 -

778 4185 944 4240 orbus
987 4186 1224 4242 exsistit.
1576 4208 1581 4215 -
1711 4222 1719 4230 -
2184 4186 2354 4259 ψυχῇ.

564 4276 1181 4347 Theologi.—Faci|ius
1227 4278 1354 4348 quis
1399 4277 1585 4334 tenuis
1630 4278 1755 4334 vitii
1799 4278 2085 4350 copiosius

2257 4279 2578 4348 Θεολόγου.
2612 4307 2682 4319 —-
2706 4278 2916 4333 Θᾶττον
2945 4278 3055 4348 γάρ
3097 4279 3162 4333 ἀν
3192 4296 3278 4343 τις
3325 4279 3524 4349 ὀλίγης
3575 4272 3760 4332 κακίας

489 4368 619 4423 labe
667 4369 973 4433 imbuatur,
1017 4386 1183 4440 quam
1228 4371 1354 4425 alue
1397 4369 1624 4425 virtutis
1659 4371 1926 4442 paulatim
1978 4373 2065 4426 hos

2189 4369 2485 4440 μεταλάϐοι
2509 4369 2811 4436 πλουσίως,
2835 4371 2868 4441 ἢ
2894 4372 3098 4440 ἀρετῆς
3131 4370 3355 4439 βαθείας
3390 4368 3535 4424 κατὰ
3559 4363 3757 4438 μικρόν-

490 4471 762 4518 nestatem
816 4462 1075 4518 asciseat.
1122 4462 1259 4518 Nam
1304 4472 1362 4518 et
1415 4463 1523 4518 mel
1572 4464 1759 4535 exigui
1811 4464 2066 4518 absinthi:

2199 4464 2352 4517 Ἐπεὶ
2388 4464 2486 4517 καὶ
2518 4462 2698 4533 μέλιτι
2731 4462 2830 4532 μὲν
2858 4464 3056 4532 μικρὸν
3098 4461 3347 4531 ἀψίνθιον
3399 4463 3633 4533 τάχιστα
3668 4471 3757 4527 με·

488 4555 578 4610 vis
611 4555 878 4610 citissime
927 4554 1140 4618 inﬁcit;
1192 4555 1373 4625 ipsum
1426 4572 1584 4621 vero,
1635 4571 1739 4611 nec
1769 4556 1817 4609 si
1850 4556 2064 4626 dupluu

2182 4554 2435 4608 ταδίδωσι
2458 4553 2553 4607 τοῦ
2583 4551 2807 4623 πικροῦ,
2832 4552 2954 4621 μέλι
2983 4552 3042 4605 δὲ
3063 4553 3185 4607 οὐδὲ
3213 4555 3276 4607 τὸ
3302 4553 3582 4610 διπλάσιον
3614 4549 3758 4619 ἀψιν-

489 4648 717 4717 quidem
754 4647 1054 4713 exstiterit,
1107 4647 1390 4702 absinthio
1412 4647 1767 4703 dulcedinem
1818 4646 2062 4702 infundit

2187 4645 2290 4716 θίῳ
2318 4646 2420 4715 τῆς
2457 4643 2655 4698 ἐαυτοῦ
2684 4644 3047 4713 γλυκύτητος.
3741 4696 3747 4703 ,

561 4735 1039 4807 Chysost.—Tale
1086 4737 1222 4808 quid
1272 4748 1560 4808 peccatum
1605 4747 1710 4793 est.
1773 4737 2085 4808 Antequam

2258 4739 2563 4806 Χρυσοστ.
2614 4766 2684 4778 -
2714 4735 2971 4789 Τοιοῦτον
3000 4737 3033 4807 ἡ
3064 4735 3309 4808 ἁμαρτία
3340 4753 3355 4767 ·
3396 4724 3530 4807 πρὶν
3585 4733 3618 4805 ἢ
3670 4728 3760 4801 μὲν

493 4826 835 4901 perficiatur,
863 4842 1024 4893 eum,
1056 4829 1151 4899 qui
1187 4843 1246 4884 se
1280 4829 1357 4884 illi
1390 4844 1547 4883 reum
1588 4827 1897 4893 addixerit,
1930 4844 2068 4899 quas

2192 4827 2623 4899 ἀπαρτισθῆναι.
2659 4828 2879 4898 μεθύειν
2907 4829 3057 4881 ποιεῖ
3085 4828 3177 4881 τὸν
3204 4828 3435 4882 ἁλόνταο
3467 4820 3685 4880 ἐπειδὰν
3710 4818 3760 4872 δὲ

494 4916 865 4972 temulentum
913 4918 1117 4973 reddit.
1152 4913 1257 4975 Ubi
1289 4926 1478 4973 autem
1518 4917 1881 4987 adimpletum
1917 4919 2070 4973 fueril

2192 4919 2459 4992 πληρωθῇ
2506 4921 2603 4973 καὶ
2660 4918 2997 4990 ἀπαρτισθῇ,
3039 4921 3162 4973 τότε
3215 4920 3286 4973 τὰ
3321 4921 3421 4992 μὲν
3452 4920 3551 4989 τῆς
3581 4912 3758 4986 ἡδονῆς

491 5014 549 5061 ει
576 5007 689 5077 jam
726 5017 1039 5076 peractum,
1087 5025 1211 5078 qua:
1259 5007 1439 5063 fuerat
1474 5008 1757 5077 voluptas,
1814 5006 1932 5061 haec
1959 5022 2067 5063 ses<

2189 5011 2396 5081 ταύτης
2414 5011 2772 5076 ὑπεξίσταται
2800 5011 2896 5063 καὶ
2922 5010 3209 5065 σδέννυται
3226 5027 3242 5041 ·
3270 5011 3481 5082 γυμνὸς
3498 5011 3553 5063 δὲ
3573 5008 3757 5073 ἔστηκε

491 5100 756 5154 subducit
805 5116 871 5155 ac
918 5101 1323 5172 exstinguitur;
1367 5100 1551 5155 nudus
1599 5105 1787 5153 autem
1838 5107 1947 5155 stat
1991 5116 2067 5155 ac‘

2188 5102 2376 5155 λοιπὸν
2404 5103 2433 5155 ό
2456 5103 2763 5173 κατήγορος
2783 5139 2799 5165 ,
2836 5101 2930 5156 τοῦ
2956 5102 3259 5167 συνειδότος
3293 5103 3371 5175 (ρ)
3395 5101 3592 5175 δημίου
3618 5095 3759 5160 τάξιν

561 5284 638 5359 (p)_
670 5284 781 5339 Τοῦ
814 5286 1189 5359 συνειδότος.
1232 5284 1400 5359 Gesn.
1437 5302 1562 5359 cum
1594 5300 1729 5340 voce
1771 5217 2137 5359 κατήγορῗὲη

2180 5217 2335 5342 li:ch
2371 5285 2560 5358 positi,
2588 5296 2665 5359 _ut
2687 5286 2867 5359 solent
2898 5288 3099 5359 passim
3124 5287 3299 5359 Graeci
3336 5282 3583 5342 moderni
3606 5291 3756 5354 usuro-

486 5352 702 5425 jungit;
760 5357 919 5426 quasi
971 5357 1089 5430 ipsa
1145 5356 1489 5430 conscientia
1543 5371 1657 5430 non
1705 5352 1953 5430 accuset,
1980 5352 2077 5430 sed
2187 5373 2340 5430 pare,
2369 5352 2993 5430 proquibusgignendi
3018 5374 3151 5430 casu
3179 5358 3603 5430 Chrysostomus
3631 5352 3783 5430 scrij‘

489 5420 801 5490 accusetur,
846 5442 950 5481 nec
993 5420 1113 5549 egus
1159 5427 1314 5495 quasi
1347 5427 1525 5480 active
1561 5426 1799 5480 tribunal
1839 5420 1945 5491 sit,
1980 5427 2078 5481 sed
2188 5420 2386 5498 pserit.
2417 5420 2581 5482 Libet
2603 5420 2987 5498 conjécturam
3022 5427 3239 5482 firmare
3285 5420 3353 5482 ἑκ
3386 5442 3495 5481 uno
3518 5432 3572 5479 et
3595 5420 3759 5499 altero

489 5497 740 5549 passive:
787 5496 934 5549 auod
990 5497 1005 5549 i
1050 5510 1138 5549 em
1165 5511 1220 5548 ιι.
1250 5496 1339 5549 50.
1382 5496 1437 5549 in
1482 5511 1550 5549 eo
1586 5496 1936 5549 reprehendi.
1963 5496 2079 5549 E20
2176 5498 2297 5549 eius
2320 5497 2466 5549 loco.
2492 5499 2799 5549 concionel
2830 5499 2959 5549 etii.
2986 5498 3041 5549 in
3059 5498 3286 5549 divitem
3309 5505 3366 5549 et
3391 5498 3671 5549 Lazarum.
3695 5484 3757 5538 Et

489 5497 740 5568 passive:
787 5483 934 5568 quod
990 5483 1220 5568 idem
1250 5496 1339 5559 50,
1382 5496 1437 5549 in
1482 5511 1559 5568 eo
1586 5483 1936 5565 reprehendi.
1963 5496 2079 5566 Ego
2176 5483 2466 5568 ejusloco,
2492 5483 2799 5553 concionel
2830 5499 2959 5562 ett,
2986 5498 3041 5551 in
3059 5498 3286 5568 divitem
3309 5505 3366 5553 et
3391 5498 3671 5568 Lazarum.
3695 5483 3757 5568 Ιεξῐ

492 5561 690 5640 potius
708 5561 1014 5635 genitivum
1042 5566 1357 5619 absolutum
1391 5567 1627 5640 accipio.
1648 5561 1712 5640 et
1743 5581 1854 5640 quo
1904 5561 2068 5635 expli-

2179 5561 2485 5640 Iquidemd
2520 5569 2886 5640 Δικαστήριον
2900 5561 3069 5640 χωρὶς
3094 5567 3355 5640 ἐλέγχων,
3383 5571 3475 5620 καὶ
3504 5561 3755 5640 ἀπελογίοξ

494 5630 654 5717 catur
827 5646 1117 5721 accusator
1149 5644 1205 5689 et
1232 5644 1429 5717 tortor,
1456 5630 1572 5707 ipsa
1624 5630 1916 5719 nimirum.
1948 5630 2070 5690 con-

2281 5638 2349 5718 at;
2381 5630 3383 5721 κατηγορίαςξκαὶ”ἀ·ἱτόδειξιξ’ἀνευ
3434 5630 3752 5721 μαρτύξξιίξξ
3849 5668 3857 5676 ο

498 5697 752 5779 scientia,
792 5722 931 5776 .qua:
973 5706 1190 5779 borum
1250 5697 1425 5779 vices
1456 5697 1652 5779 g'erat.
1689 5707 1771 5779 sic
1830 5707 2074 5779 animum

2177 5697 2362 5779 αὐτῶν
2404 5697 2523 5761 τῶν
2642 5697 2878 5779 πρᾶγμα
2935 5697 3331 5779 ἐργασαμένων
3360 5697 3592 5779 ἑαυτοὺς
3609 5697 3751 5779 ἐλεγέ

500 5776 761 5829 caedendo
803 5771 858 5830 e't
905 5776 1234 5831 vellicando.
1264 5771 1482 5842 Quare'
1508 5778 1835 5832 nominativi
1883 5778 1959 5831 illi
1979 5792 2076 5832 so-

2177 5778 2405 5848 χόντων,
2430 5779 2527 5831 καὶ
2561 5778 2622 5831 τὸ
2670 5771 2846 5849 λάθρα
2888 5771 3257 5850 γεγενημένον
3278 5771 3746 5849 ἐκπομπευόντων·
