3990 6364
554 364 616 425 71
1699 361 1759 418 S.
1785 358 2088 418 ’ΜΑΧΙΜΙ

2238 358 2637 428 ἸΕΕΞΞΟΒΙΞ

3661 371 3769 435 8'72

507 472 627 526 rius
651 468 837 534 allicit,
866 467 962 523 sed
1005 475 1230 538 peccata
1256 465 1403 520 unde
1458 465 1552 520 ille
1579 466 1830 532 exsistit;
1889 466 2090 520 animi-

2238 483 2306 531 εν,
2347 465 2464 519 ἀλλ’
2501 468 2898 539 ἁμαρτήματα,
2919 469 2986 524 δι’
3007 469 3096 542 ei;
3122 472 3274 538 νόσος
3298 489 3312 505 ο
3348 475 3445 530 καὶ
3483 477 3630 534 νόσον
3670 483 3779 553 ψυ-

505 577 613 633 que
653 561 1060 632 mgritudinem.
1095 574 1206 613 non
1241 557 1510 627 corporis.

575 653 849 708 Theotimi.
873 683 941 694 —
959 652 1257 706 Peccatum
1307 650 1458 704 velut
1480 649 1656 705 obicis
1693 648 1980 720 cujusdam
2008 663 2097 703 ra-

506 744 716 797 tionem
772 744 980 809 habet,
1027 743 1124 798 Dei
1183 744 1238 797 in
1293 759 1397 798 nos
1451 740 1900 797 benevolentiam
1943 741 2094 796 inhi-

506 833 665 887 bens.

578 923 814 992 Josephi.
839 954 907 963 —
927 924 1092 978 Ratio
1127 923 1363 978 allectus
1412 939 1521 978 non
1551 924 1834 994 exstirpat,
1867 920 1971 976 sed
1994 921 2095 976 ad-

508 1029 700 1069 versus
738 1029 837 1068 eos
877 1015 1142 1068 luctatur.

571 1106 685 1160 Nec
714 1104 895 1174 ignem
929 1106 1100 1174 pallio
1139 1104 1271 1159 licet
1297 1105 1602 1171 involvere,
1635 1119 1736 1159 nec
1769 1111 1932 1173 turpe
1961 1116 2096 1172 pec-

422 1242 424 1245 .
505 1207 688 1252 catum
739 1207 982 1266 tempore
1029 1198 1314 1268 obtegere.

578 1289 1117 1344 Aristotel.—llaud
1172 1289 1365 1359 procul
1415 1289 1484 1343 ab
1537 1288 1879 1351 innocentia,
1936 1295 1998 1342 et
2035 1295 2098 1342 ut

505 1379 647 1434 labis
686 1395 864 1449 purus
908 1381 1203 1446 habeatur,
1231 1381 1501 1445 abscedit,
1547 1380 1643 1450 qui
1689 1379 1938 1435 modeste
1964 1394 2096 1450 pec-

503 1481 691 1526 eatum
734 1473 1023 1528 confessus
1066 1474 1159 1527 sit.

573 1564 1142 1634 Pythagor.—-Stude
1175 1574 1402 1634 peccata
1433 1572 1526 1619 tua
1552 1579 1664 1618 non
1692 1564 1879 1620 verbis
1907 1564 2098 1620 occul-

502 1663 642 1718 tare,
686 1655 782 1708 sed
814 1671 1012 1710 curare
1064 1656 1565 1725 reprehensionum
1614 1656 1846 1710 aculeis.

571 1747 808 1802 Demost.
837 1747 1397 1813 —Quemadmodum
1447 1749 1700 1818 corporis
1747 1747 1998 1812 morbus,
2048 1749 2092 1803 si

2197 557 2320 627 χῆς,
2360 558 2483 628 οὐχὶ
2504 559 2777 629 σώματος.

2271 650 2909 718 Θεοτίμου.-Ἐοικεν
2969 655 3002 720 ή
3069 657 3313 728 ἁμαρτία
3385 661 3778 735 παραθλὴματι

2195 737 2458 792 κωλύοντι
2476 741 2573 810 τὴν
2589 740 2802 796 εὓνοιαν
2829 743 2923 797 τοῦ
2949 745 3084 799 Θεοῦ
3118 750 3178 800 ὲν
3207 750 3338 819 ἡμῖν
3357 752 3630 820 γενέσθαι.

2281 917 2644 986 ’1ωσήππου.
2672 918 2744 963 ὶ--
2779 921 2894 976 Οὑκ
2919 925 3226 999 ὲκριζωτὴς
3257 930 3368 984 τῶν
3401 933 3616 1000 παθῶν,
3666 936 3780 990 ἁλλ’

2197 1011 2614 1080 ἀνταγωνιστής
2643 1013 2791 1066 ἐστιν
2817 1016 2846 1066 ὁ
2866 1015 3150 1087 λογισμός.

2269 1098 2409 1153 Οὕτε
2427 1098 2540 1171 πῦρ
2563 1101 2763 1172 ἱματίῳ
2781 1107 3119 1174 περιστεῖλαι
3137 1107 3383 1174 δυνατδν,
3405 1109 3532 1165 οὔτε
3551 1114 3784 1186 αἰσχρὸν

2153 1245 2158 1250 .
2198 1192 2508 1263 ἁμάρτημα
2534 1193 2736 1265 χρόνῳ.
2821 1241 2828 1246 .

2281 1285 2574 1352 Ἀριστοτ.
2623 1315 2696 1326 -
2747 1288 2823 1341 Οὐ
2883 1290 3073 1362 πόρρω
3094 1291 3186 1346 τοῦ
3227 1295 3620 1368 άναμαρτήτου
3655 1299 3789 1353 καθὸ

2202 1372 2416 1444 εστησιν
2473 1376 2696 1441 ἑαυτὸν,
2737 1379 2766 1431 δ
2824 1378 2886 1432 τὸ
2913 1381 3236 1453 άμαρτηθὲν
3286 1387 3547 1452 ἐπιεικῶς
3591 1389 3786 1460 ὁμολο-

2199 1465 2398 1536 γήσας.

2271 1557 2645 1628 Πυθαγόρου.
2683 1590 2756 1602 --
2789 1562 2871 1616 Τὰ
2902 1564 3278 1635 ἁμαρτήματά
3333 1585 3425 1621 σου
3466 1569 3670 1641 πειρῶ,
3710 1571 3786 1642 μὴ

2199 1648 2378 1717 λόγοις
2411 1651 2818 1717 ὲπικαλύπτειν,
2846 1654 2982 1706 ἀλλὰ
3011 1655 3334 1725 θεραπεύειν
3367 1657 3633 1729 ἐλέγχοις.

2271 1745 2530 1812 Δημοσθ.
2558 1774 2631 1786 -
2658 1745 2870 1816 Ὠσπερ
2909 1748 3218 1816 σωματικὸν
3247 1750 3421 1814 πάθος
3452 1752 3514 1804 οὺ
3541 1753 3784 1823 κρυπτό·

500 1846 722 1908 tegatur
747 1847 912 1908 atque
941 1840 1219 1904 laudetur,
1247 1839 1394 1892 haud
1421 1855 1552 1893 sane
1578 1839 1830 1894 sanitatis
1851 1839 2092 1894 remedia

2238 1852 2373 1889 ιενον
2419 1835 2543 1889 οὐδὲ
2593 1838 2985 1908 ἐπαινούμενον
3038 1839 3325 1907 ὑγιάζεται
3359 1858 3374 1872 ·
3428 1817 3604 1908 οὕτως
3663 1845 3788 1905 οὐδὲ

501 1930 730 1998 recipit;
778 1929 859 1984 sic
910 1945 1014 1984 nec
1062 1931 1204 1985 male
1256 1939 1410 1985 tutus
1443 1931 1664 1985 animus
1702 1929 1862 1984 facile
1915 1931 2097 1986 curari

499 2021 728 2091 poterit.

570 2112 1272 2178 Moschionis.—Pr2estat,
1324 2129 1450 2167 cum
1494 2129 1618 2168 raro
1659 2113 1885 2168 virtutis
1923 2113 2099 2167 culto-

501 2218 620 2256 rem
657 2205 987 2273 proﬁtearis,
1026 2205 1228 2274 saepius
1285 2205 1597 2260 modestum
1635 2214 1800 2276 atque
1845 2206 2096 2261 sobrium

500 2309 655 2360 esse;
705 2310 869 2364 quam
920 2305 980 2349 ut
1034 2312 1161 2351 raro
1217 2307 1506 2366 peccatum
1535 2314 1860 2368 agnoscens,
1894 2298 2099 2368 saepius

501 2385 722 2440 delictis
766 2385 1092 2454 impliceris.

571 2477 736 2532 Zeno.
759 2479 1001 2544 —Vive,
1036 2479 1225 2544 homo,
1258 2495 1366 2534 non
1413 2480 1594 2535 solum
1628 2487 1689 2533 ut
1737 2479 1869 2535 edas
1898 2489 1955 2535 et
2007 2478 2096 2535 bi-

499 2569 621 2634 bas,
667 2570 765 2625 sed
796 2579 858 2624 ut
897 2571 1045 2641 quod
1089 2571 1230 2626 vivis
1271 2572 1520 2627 abutaris
1556 2580 1616 2627 ut
1649 2572 1791 2627 bene
1821 2572 2097 2642 beateque

500 2660 676 2716 vivas.

570 2750 1219 2808 Phavorini.—All‘ectio
1268 2753 1520 2824 quaedam
1566 2752 1812 2808 animum
1858 2753 2094 2820 invasit;

499 2857 569 2897 ac
603 2843 830 2912 quidem
875 2845 1009 2913 quid
1060 2845 1153 2899 illa
1195 2845 1292 2910 sit,
1346 2845 1556 2901 nescio.
1597 2845 1770 2899 Aiunt
1812 2845 1908 2916 qui
1948 2843 2097 2899 docti

499 2944 634 2988 sunt
654 2951 719 2989 ac
742 2935 966 3001 initiati,
995 2952 1240 2991 amorem
1271 2953 1413 2992 esse.
1443 2938 1634 2993 Invide
1669 2953 1732 2992 ac
1762 2937 2095 3002 inconsulte,

2199 1926 2346 1997 ψυχὴ
2375 1925 2562 1990 κακῶς
2597 1928 2989 1999 φρουρουμένη
3023 1929 3408 1999 θεραπεύεται.

2270 2103 2648 2170 Μοσχίωνος.
2702 2131 2773 2143 --
2825 2104 3046 2160 Βέλτιον
3109 2105 3362 2176 ὀλιγάκις
3415 2109 3789 2178 ὁμολογοῦντα

2200 2193 2522 2265 κατορθοῦν,
2575 2198 2869 2266 σωφρονεῖν
2920 2197 3210 2263 πολλάκις,
3247 2200 3280 2270 ἢ
3323 2200 3572 2272 ὀλιγάκις
3603 2204 3790 2274 ἀμαρ-

2197 2287 2384 2340 τάνειν
2409 2287 2660 2357 λέγοντα,
2690 2288 3033 2361 πλημμελεῖν
3058 2292 3338 2357 πολλάκις.

2271 2470 2509 2540 Ζήνων.
2538 2501 2609 2512 --
2635 2469 2788 2540 Ζῆθι,
2827 2465 2873 2524 ὦ
2921 2470 3198 2543 ἄνθρωπε,
3251 2471 3326 2544 μὴ
3363 2473 3523 2544 μόνον
3559 2475 3650 2528 ἵνα
3679 2475 3788 2544 φάρ

2201 2580 2309 2636 γῃς
2341 2563 2436 2617 καὶ
2467 2562 2628 2636 πίῃς,
2662 2561 2776 2616 ἀλλ’
2812 2562 2900 2616 ῑνα
2920 2562 3000 2633 τῷ
3028 2562 3128 2634 ζῇν
3169 2564 3308 2635 πρὸς
3347 2564 3409 2617 τὸ
3448 2559 3507 2619 εὖ
3535 2565 3638 2637 ζῇν
3687 2585 3790 2622 κα-

2198 2657 2472 2727 ταχρήση·

2270 2745 2641 2815 Φαυωρίνου.
2673 2775 2745 2786 -
2769 2743 2950 2808 Πάθος
2971 2743 3024 2798 τι
3061 2760 3162 2816 μου
3179 2745 3488 2816 προσέπεσε
3515 2747 3583 2816 τῇ
3607 2745 3789 2818 ψυχῇ,

2199 2840 2296 2894 κοιλ¹
2332 2838 2386 2892 τί
2428 2839 2526 2909 μέν
2577 2839 2726 2891 ἐστιν
2769 2836 2869 2890 οὒκ
2903 2832 3040 2890 οἶδα.
3070 2837 3293 2906 Ἔρωτα
3325 2837 3382 2891 δὲ
3422 2838 3552 2892 αὐτὸ
3585 2838 3789 2907 λέγου-

2202 2948 2286 2984 σιν
2309 2930 2448 3001 (q)ol
2482 2929 2848 3000 μεμυημένοι.
2877 2928 3128 2983 Βάσκανε
3155 2928 3350 3000 δαῖμον
3379 2930 3474 2984 καὶ
3499 2930 3787 3000 άλόγιστε,

499 3023 737 3088 daemon,
769 3024 1048 3079 inﬁrmum
1082 3041 1284 3096 corpus
1309 3025 1537 3096 adortus
1559 3041 1639 3091 es,
1683 3025 1831 3096 quod
1861 3032 1913 3080 te
1942 3026 2092 3080 ferre

2241 3018 2422 3072 σθενεϊ
2459 3016 2872 3088 προσελήλυθας
2904 3016 3139 3087 σώματι,
3185 3017 3375 3088 φέρειν
3409 3036 3469 3072 σε
3518 3019 3596 3090 μὴ
3621 3020 3790 3074 δυνα-

500 3129 616 3168 non
647 3123 849 3184 potest.
877 3115 990 3170 Abs
1025 3127 1077 3171 te
1117 3117 1377 3182 abscedo,
1409 3117 1655 3184 daemon;
1688 3133 1716 3172 a
1756 3125 1849 3171 tua
1876 3132 1966 3172 me
1993 3132 2092 3187 pu-

2238 3109 2368 3180 ,ἐνῳ.
2409 3108 2732 3179 Ἐξίσταμαί
2773 3125 2888 3173 σου,
2922 3108 3149 3178 δαῖμον·
3185 3109 3505 3181 παραχωρῶ
3549 3127 3648 3165 σου
3681 3113 3787 3183 τῆς

500 3221 608 3277 gua
641 3207 870 3276 recipio,
900 3224 1011 3263 non
1056 3225 1176 3263 sum
1221 3216 1349 3263 tuus
1377 3208 1557 3264 miles.

2238 3203 2384 3274 ,άχης
2411 3219 2425 3233 ⁸
2460 3204 2562 3256 οὐκ
2587 3200 2704 3272 εἰμί
2727 3219 2821 3254 σου
2855 3199 3216 3272 στρατιώτης.

573 3298 919 3369 TheOphrast.
937 3331 1008 3339 —
1025 3301 1216 3364 Amor,
1246 3299 1551 3354 nescientis
1579 3297 1852 3353 rationem
1875 3296 2092 3368 cupidi-

2271 3289 2600 3361 Θεοςρράστ.
2626 3321 2695 3334 --
2723 3291 2901 3360 Ἔρως
2932 3291 3079 3343 ἐστὶν
3098 3290 3381 3360 ἀλογίστου
3409 3293 3553 3359 τινὸς
3588 3294 3787 3349 ἐπιθυ-

501 3390 636 3445 tatis
663 3391 948 3461 cujusdam
977 3391 1370 3460 exsuperantia
1396 3401 1510 3457 est;
1539 3389 1778 3445 celerem
1807 3404 2092 3445 accessum

2238 3385 2334 3446 ,ιας
2361 3382 2658 3455 ὑπερδολὴ,
2689 3385 2916 3453 ταχεῖαν
2957 3383 3060 3454 μὲν
3088 3384 3291 3454 ἔχουσα
3345 3385 3445 3456 τὴν
3495 3386 3782 3458 πρόσοδον,

501 3479 736 3548 habens,
767 3491 825 3536 at
852 3497 976 3552 quae
1019 3481 1174 3536 tarde
1198 3479 1466 3535 dimittat.

2240 3475 2462 3548 ραδεῖαν
2471 3474 2528 3528 δὲ
2549 3475 2650 3545 τὴν
2671 3473 2958 3528 ἀπόλυσιν.

927 3709 1088 3778 61],
1152 3707 1384 3763 SERMO
1439 3706 1660 3763 XXVII.

783 3795 861 3850 De
888 3797 1124 3852 ciborum
1150 3800 1535 3854 incontinentia
1567 3817 1630 3853 ac
1658 3798 1808 3869 gula.

572 3887 705 3943 Luc.
737 3905 813 3956 vr,
849 3889 1028 3944 25-
1049 3891 1141 3946 Vae
1167 3892 1325 3947 vobis
1362 3893 1459 3962 qui
1504 3893 1738 3948 saturati
1767 3892 1922 3956 estis,
1965 3890 2097 3960 quia

2791 3702 3010 3756 ΛΟΓΟΣ
3049 3701 3175 3757 KZ"

2432 3793 2574 3863 Περὶ
2599 3794 2894 3862 ἀκρασίας
2919 3795 3020 3848 καὶ
3052 3794 3536 3864 γαστριμαργίας.

2268 3893 2455 3943 Λουκ.
2485 3893 2559 3950 ς’.
2590 3915 2663 3926 --
2689 3885 2826 3939 Οὐαὶ
2866 3887 2918 3938 οἱ
2958 3885 3432 3957 ἐμπεπλησμένοι,
3473 3887 3557 3941 ὅτι
3584 3885 3776 3958 πεινά-

501 3980 798 4046 esurietis;
847 3997 928 4036 va:
980 3981 1141 4036 vobis
1177 3983 1273 4052 qui
1323 3984 1540 4050 ridetis,
1573 3984 1704 4055 quia
1748 3982 2010 4054 lugebitis
2041 3989 2092 4036 et

2238 3997 2324 4034 ετε
2353 3995 2368 4009 ο
2415 3979 2540 4032 οὐαὶ
2572 3979 2622 4032 οἱ
2663 3977 2954 4046 γελῶντες,
3007 3979 3092 4032 ὅτι
3131 3971 3435 4041 πενθήσετε
3469 3979 3564 4032 καὶ
3605 3976 3778 4033 κλαύ-

503 4064 729 4123 ﬂebitis.

573 4160 694 4214 Jac.
718 4177 771 4226 ν,
801 4161 853 4216 5.
876 4192 947 4201 —
965 4163 1186 4233 Epulati
1225 4165 1359 4219 estis
1385 4165 1651 4221 deliciose
1689 4181 1856 4235 super
1891 4173 2094 4219 terram

2237 4090 2324 4126 ετε
2331 4113 2344 4126 .

2237 4091 2344 4126 ετε.

2202 4091 2233 4128 σ
2277 4167 2411 4219 Ἰακ.
2443 4171 2508 4219 ε’.
2543 4193 2615 4204 -
2655 4162 3035 4234 Ἐτρυφὴσατε
3084 4161 3177 4215 ἐπὶ
3199 4161 3303 4231 τῆς
3327 4162 3434 4232 γῆς
3469 4164 3561 4216 καὶ
3606 4164 3778 4217 ὲσπα-

501 4259 561 4306 et
588 4252 923 4321 eluxuriati;
951 4255 1248 4312 enutristis
1281 4257 1450 4312 corda
1499 4265 1682 4313 vestra
1732 4257 1876 4312 sicut
1919 4257 1975 4310 in
2007 4255 2092 4310 die

2238 4258 2468 4329 κλήσατε
2495 4273 2511 4290 ο
2546 4256 2813 4329 ὲτρέψατε
2847 4256 2944 4320 τὰς
2973 4255 3201 4326 καρδίας
3234 4254 3388 4326 ὑμῶν
3416 4255 3492 4320 ὡς
3507 4257 3564 4310 ὲν
3591 4257 3776 4328 ἡμέρᾳ

501 4343 820 4412 occisionis.

574 4433 734 4490 Prov.
765 4454 912 4504 xxrv,
947 4438 1032 4494 15.
1055 4469 1126 4479 --
1143 4439 1223 4496 Ne
1252 4439 1544 4496 seducaris
1567 4441 1624 4495 in
1645 4439 1938 4496 saturitate
1961 4454 2097 4494 ven-

502 4525 605 4580 tris
632 4528 734 4582 tui.

571 4617 730 4673 Prov.
783 4637 907 4687 xxv,
957 4623 1044 4678 16.
1073 4624 1268 4679 —Mel
1297 4634 1513 4689 nactus,
1565 4634 1837 4696 quantum
1888 4622 2090 4680 sullicit

497 4707 670 4771 edito,
700 4726 769 4764 ne
799 4711 943 4766 forte
971 4715 1217 4782 repletus
1264 4731 1510 4771 evomas.

571 4798 736 4852 Eccli.
771 4817 856 4865 xc,
889 4802 1182 4860 50.—Vir
1227 4807 1532 4877 respiciens
1569 4806 1626 4861 in
1671 4821 1918 4861 mensam
1957 4805 2093 4860 alie-

498 4902 646 4950 nam,
689 4905 801 4944 non
833 4901 919 4946 est
959 4893 1070 4948 vita
1099 4896 1218 4967 ejus
1246 4897 1302 4950 in
1339 4897 1753 4966 computatione
1785 4896 1934 4950 vitae.

473 4983 486 4994 ‘
567 4979 874 5036 Basilii.—
904 4985 1131 5040 Nullum
1182 5003 1310 5043 cum
1346 4997 1544 5045 ventre
1596 4988 1768 5044 ﬁdum
1815 5001 2094 5044 commer-

567 5163 613 5194 ⁸³
646 5162 706 5218 ln
737 5161 901 5218 Gesn.
937 5162 1093 5221 Stob.
1127 5163 1216 5218 87.

2196 4367 2520 4512 σφῗΙᾞοιμ.
2551 4441 2661 4496 κδ’.
2689 4470 2738 4482 -
2788 4439 2882 4512 Μὴ
2913 4439 3202 4512 άπατηθῇς
3255 4441 3314 4493 ὲν
3361 4438 3631 4511 χορτασίᾳ
3657 4456 3774 4494 κοι-

2121 4521 2166 4576 Ῑ)
2193 4531 2314 4594 λξας
2347 4547 2461 4586 σου.

2262 4627 2514 4693 Παροιμ.
2551 4627 2655 4677 κε’.
2687 4653 2757 4664 -—
2781 4621 2921 4676 Μὲλι
2958 4621 3239 4694 εὑρὼν,τὸ
3274 4623 3458 4676 ἱκανὸν
3491 4621 3656 4691 φάγε,
3695 4624 3772 4694 μή

2195 4730 2328 4766 ποτε
2354 4711 2619 4782 πλησθεὶς
2647 4710 2935 4782 ὲξεμέσῃς.
3759 4737 3772 4750 .

2266 4808 2392 4872 Σιρ.
2417 4810 2497 4873 μ’.
2525 4833 2590 4843 -
2623 4802 2785 4875 Ἀνὴρ
2801 4802 3012 4873 βλέπων
3041 4803 3122 4867 εἰς
3151 4800 3433 4880 τράπεζαν
3456 4799 3770 4872 ἀλλοτρίαν,

2195 4896 2295 4950 οὐκ
2319 4895 2464 4949 ἔστιν
2491 4895 2520 4948 ὁ
2547 4894 2662 4964 βίος
2699 4885 2864 4948 αὑτοῦ
2885 4895 2942 4946 ἐν
2960 4893 3206 4964 λογισμῷ
3237 4894 3402 4964 ζωῆς.

2268 4987 2617 5041 Βασιλείου.
2646 5016 2714 5027 -
2735 4987 2953 5059 Γαστὴρ
2977 4985 3350 5056 συναλλάκτης
3373 4983 3521 5038 ἐστὶν
3545 4981 3774 5036 ἀπιστό-

2024 5282 2262 5342 ΝΟΤιλΕο

570 5375 905 5444 ((1)Ἕρωτα
955 5375 1024 5429 δὲ
1076 5374 1221 5428 αὐτὸ
1272 5374 1546 5443 λέγουσι.
1601 5371 1750 5427 Istud
1777 5373 1844 5426 dc
1893 5387 2084 5428 amore

2193 5389 2316 5427 cum
2344 5371 2433 5428 ille
2461 5389 2666 5444 pravus
2688 5383 2793 5439 est,
2813 5382 2869 5448 et
2883 5375 3068 5448 qualis
3096 5377 3245 5448 viget
3271 5376 3544 5448 ,innatura
3568 5391 3772 5432 corru.

495 5445 600 5517 hac
629 5455 686 5500 et
721 5447 978 5515 sequenti
1014 5445 1310 5508 sententia,
1347 5446 1506 5517 paulo
1539 5444 1810 5497 remotius
1851 5460 1880 5498 a
1915 5444 2080 5517 titulo
2184 5454 2274 5517 pta
2306 5459 2407 5517 nec
2431 5455 2641 5517 sanata,
2669 5444 3212 5516 experiebanturque
3239 5449 3286 5500 οἱ
3315 5447 3420 5512 ἔξω
3447 5447 3763 5517 philosophi

495 5515 741 5576 videtur,
761 5513 825 5571 ac
842 5517 1027 5585 potius
1043 5517 1149 5570 alio
1168 5513 1436 5583 spectare.
1459 5515 1636 5585 Forte?
1655 5523 1773 5568 erat
1802 5529 1975 5585 novus
2010 5513 2079 5585 ti-

496 5587 648 5646 tulus
679 5601 742 5639 ac
761 5584 963 5649 sermo,
987 5588 1145 5655 cujus
1163 5585 1374 5654 reliqua
1394 5584 1742 5639 exciderint:
1774 5584 1879 5638 nisi
1907 5584 2074 5638 Maxi-

2179 5512 2374 5585 (βιτεοὶ
2395 5515 2606 5570 scilicet
2628 5521 2684 5585 et
2717 5512 2946 5585 ethnici)

3003 5533 3032 5571 a
3062 5517 3266 5572 Christi
3299 5518 3468 5587 gratia
3494 5521 3760 5573 extranei.

2177 5579 2354 5658 Etiam
2384 5600 2508 5639 cum
2541 5585 2607 5658 ad
2635 5579 3211 5658 divinatransfertur,
3264 5579 3417 5643 venit
3466 5588 3762 5658 quamdam

494 5671 618 5728 mus
647 5657 927 5710 subtiliter
954 5656 1173 5728 adjecit,
1197 5664 1258 5728 ut
1290 5656 1627 5728 signiﬁcaret
1671 5670 1791 5709 esse
1823 5669 2068 5728 amorem
2171 5655 2486 5728 passionem
2531 5656 2583 5728 vi
2632 5656 2875 5728 nominis
2933 5657 3218 5725 importat,
3254 5655 3761 5728 ipsaquc'divinius

495 5726 790 5803 allectuum
851 5724 1098 5803 omnium
1151 5727 1456 5796 principem
1484 5742 1548 5780 ac
1581 5727 1840 5803 fontem,_
1884 5726 2064 5803 ipsum
2167 5724 2301 5803 quid
2333 5735 2390 5803 et
2444 5726 2922 5803 majus__charitate
2957 5724 3198 5803 videtur,
3241 5724 3301 5785 ut
3351 5724 3772 5803 Dionysius-De

495 5795 658 5862 plane
676 5795 1213 5866 insuperabilem,¢x
1243 5795 1353 5867 quo
1369 5806 1657 5868 peccatum
1681 5805 1738 5852 et
1767 5797 2060 5868 injustttia,

2162 5793 2395 5868 |_divinis
2432 5793 2750 5853 nominibus
2776 5797 3048 5867 exposuit.
