3990 6372
263 340 373 405 873

1568 327 1735 388 LOCI
1778 321 2217 387 COMMUNES.

3426 315 3533 384 874

260 472 454 519 τατος,
517 454 744 524 ταμεῖον
790 450 1104 522 ἀφύλακτον
1131 462 1146 477 ⁸
1196 443 1410 501 πολλῶν
1448 442 1844 504 ἀποτεθέντων,

1987 437 2134 503 ium;
2168 449 2314 505 penu
2339 442 2425 489 est
2456 429 2879 486 incustoditum.
2913 428 3119 500 lnjecta
3150 426 3205 481 in
3228 438 3356 480 eum
3390 424 3545 479 cibo-

259 547 369 619 τὴν
403 547 504 618 μὲν
536 544 742 617 βλάϐην
778 542 1258 617 παρακατέχουσα,
1287 538 1359 594 τά
1384 538 1442 592 δὲ
1468 533 1846 608 παραδοθέντα

263 640 329 692 οὐ
368 637 694 709 κατέχουσα.
1464 630 1471 636 ’

341 730 516 801 Δίχνη
560 727 796 799 γαστὴρ,
827 729 862 800 ἡ
888 726 976 781 ἀεὶ
1007 721 1316 780 ἀπαιτοῦσα
1349 719 1446 775 καὶ
1464 717 1730 790 μηδέποτε
1750 717 1851 790 λή-

264 840 466 892 γουσα.
506 821 576 875 Ἦ
616 820 972 892 λαμϐάνουσα
998 818 1263 888 σήμερον,
1306 813 1403 867 καὶ
1430 810 1620 883 αΰριον
1646 808 1851 864 λανθαο

262 914 495 986 νομένη.
526 913 696 966 Ὅταν
749 909 1041 982 ἐμπλησθῇ
1072 949 1087 975 ,
1140 906 1271 977 περὶ
1321 901 1650 976 ἐγκρατείας
1689 901 1847 970 φιλο-

266 1007 467 1074 σοφετο
525 1003 652 1058 ὅταν
705 1000 1060 1071 διαπνευσθῇ,
1123 994 1544 1053 ἐπιλανθάνεται
1605 990 1717 1047 τῶν
1760 988 1852 1044 δο-

263 1097 523 1167 γμάτων.

338 1273 615 1346 Φοϐήθητι
651 1273 712 1327 τὸ
757 1270 1068 1342 ὑπόδειγμα
1112 1269 1208 1325 τοῦ
1260 1267 1540 1323 πλουσίου.
1613 1265 1857 1319 Ἐκεῖνον

266 1360 559 1434 παρέδωκε
580 1363 658 1435 τῷ
681 1364 868 1434 πυρὶή
896 1361 985 1415 διὰ
1006 1361 1124 1432 βίου
1147 1362 1351 1432 τρυφή.
1381 1360 1456 1414 Οὐ
1475 1358 1585 1429 γὰρ
1608 1356 1853 1422 ἀδικίαν,

1954 543 2079 583 rum
2112 527 2273 598 copia
2320 525 2502 581 labem
2543 523 2779 589 retinet;
2831 537 2953 592 quae
3004 518 3082 575 illi
3125 519 3340 575 credita
3387 526 3540 581 sunt,

1952 637 2065 675 non
2095 627 2299 675 servat.

2023 713 2232 769 Venter
2257 709 2517 781 liguritor
2554 715 2660 771 est,
2692 706 2786 777 qui
2819 718 3040 774 semper
3066 704 3301 773 expetit,
3338 711 3396 758 et
3424 704 3555 758 nul-

1950 807 2069 861 lum
2109 818 2354 874 unquam
2387 801 2553 856 ﬁnem
2595 799 2747 855 facit.
2783 797 2889 865 Qui
2929 796 3097 852 sumit
3130 795 3316 859 hodie,
3362 810 3466 850 nec
3491 796 3548 851 in

1952 896 2257 953 crastinum
2290 894 2564 949 meminit.
2597 892 2734 949 Cum
2765 891 3013 961 repletus
3042 887 3209 942 fuerit
3242 900 3306 940 ac
3337 885 3547 940 disten-

1953 998 2065 1054 tus,
2096 987 2165 1043 de
2188 985 2551 1056 temperantia
2577 992 2634 1038 et
2671 981 2853 1038 victus
2893 978 3163 1050 parcitate
3189 973 3551 1047 philosopha-

1954 1088 2077 1146 tur;
2114 1079 2209 1134 uhi
2239 1092 2475 1148 vapores
2503 1075 2850 1139 discusserit,
2883 1086 3077 1129 eorum
3119 1084 3241 1140 qua:
3279 1072 3555 1123 statuerat

1954 1170 2166 1226 oblivio
2195 1169 2365 1224 subit.

2026 1256 2399 1311 Formidabile
2434 1254 2623 1310 divitis
2680 1253 2993 1323 exemplum
3060 1251 3213 1321 (Luc.
3254 1248 3388 1320 xvi).
3432 1247 3551 1319 lgni

1953 1350 2047 1405 ille
2079 1349 2319 1405 traditus
2351 1358 2437 1405 est
2488 1350 2559 1404 ob
2599 1349 2724 1403 vitae
2770 1347 3025 1410 delicias,
3062 1346 3227 1400 Nullo
3258 1344 3411 1399 enim
3462 1340 3553 1397 in-

266 1455 409 1510 ἀλλά
442 1456 504 1508 τὸ
542 1454 881 1526 άὸροδίαιτον
903 1452 1215 1523 ἐγκληθεὶς,
1237 1449 1670 1522 ἀπετηγανίζετο
1698 1449 1757 1501 ὲν
1786 1448 1854 1518 τῇ

1987 1443 2183 1500 [ιειίιίω
2206 1452 2386 1508 reatu,
2425 1443 2520 1498 sed
2546 1443 2673 1498 vita:
2707 1441 2965 1497 lautioris
2994 1440 3404 1508 luxuriosaaque
3437 1438 3554 1508 pia—

268 1548 435 1619 φλογὶ
470 1550 569 1619 τῆς
596 1548 855 1619 καμίνου.

359 1642 456 1695 Ἐκ
484 1640 593 1710 γὰρ
640 1639 741 1711 τῆς
785 1637 1025 1710 παχείας
1057 1637 1264 1709 τροφῆς
1293 1634 1389 1690 καὶ
1422 1632 1591 1699 οἴνου,
1622 1625 1857 1685 αἰθαλώ-

264 1735 383 1798 δεις
427 1735 573 1795 τινὲς
625 1731 1023 1802 ἀναθυμιάσεις
1070 1726 1554 1799 ἀναπεμπόμεναι,
1622 1720 1857 1791 νεφέλης

263 1824 429 1894 δίκην
455 1821 691 1892 πυκνῆς,
717 1821 818 1885 τὰς
844 1821 953 1875 ἀπὸ
980 1819 1075 1874 τοῦ
1098 1819 1256 1889 ἁγίου
1305 1816 1447 1870 Πνεύ
1457 1831 1628 1887 ματος
1657 1810 1861 1882 ἐλλάμ-

262 1917 394 1987 ψεις
422 1914 517 1968 ἐπὶ
544 1914 638 1969 τὸν
664 1913 790 1968 νοῦν
813 1914 1191 1968 διακόπτουσι.
1213 1910 1308 1965 Διὸ
1333 1910 1429 1964 καὶ
1452 1904 1698 1975 Μωῦσῆς
1722 1902 1863 1975 πρὸς

268 2005 514 2076 θεωρίαν
564 2002 699 2057 Θεοῦ
759 2003 1071 2058 ἀναϐαίνων
1113 2002 1204 2058 διὰ
1244 2000 1341 2056 τοῦ
1371 1999 1489 2064 νοῦ,
1528 2000 1716 2062 ἄσιτος
1766 1996 1864 2050 καὶ

264 2098 477 2160 ἄποτος
529 2093 757 2167 ἡμερῶν
835 2094 1248 2166 τεσσαράκοντα
1317 2092 1655 2155 διετέλεσεν,
1732 2087 1863 2144 ἀθό-

264 2189 443 2244 λωτον
461 2185 734 2258 διαμένειν
751 2185 905 2257 αὒτῷ
928 2185 990 2239 τὸ
1011 2182 1341 2257 ἡγεμονικὸν
1360 2180 1756 2252 διοικούμενος.

351 2374 534 2427 Θεολ.
564 2399 638 2411 -
667 2367 911 2431 Ἀῦπνός
940 2370 1055 2421 ὲστι
1094 2368 1191 2421 καὶ
1242 2364 1542 2434 άκοίμητος
1589 2360 1725 2431 πρὸς
1765 2359 1865 2431 τὴν

268 2464 372 2520 τοῦ
408 2463 658 2527 πλείονος
687 2460 990 2532 ἐπιθυμίαν
1014 2462 1047 2530 ή
1081 2457 1401 2532 ἀνθρωπίνη
1430 2454 1612 2525 φύσις.

343 2689 459 2755 Δὸς
490 2683 623 2743 εἷπε
652 2685 905 2757 γαστήρ.
934 2688 1051 2757 'Hr
1075 2681 1353 2757 ξλαϐοῦσα
1381 2677 1735 2757 σωφρονεῖς,

345 2750 525 2813 Δώὶτω
545 2750 861 2827 πρυθύμωξ
879 2772 896 2787 ο
929 2756 1007 2822 ἣν
1025 2753 1094 2827 δέ
1118 2753 1241 2827 τοῖς
1257 2752 1413 2806 κάτω
1433 2750 1611 2827 δίδως

346 2818 620 2895 ΚόπρονἿ
652 2818 860 2893 dri-dou}
882 2818 1018 2895 μέν,
1040 2825 1180 2895 ἀλλ’
1205 2818 1361 2892 ὅμως
1373 2822 1463 2895 μὴ
1483 2818 1814 2895 πλουσίαν.

344 2903 417 2956 El
453 2889 505 2953 δ’
536 2895 654 2955 οὖν
676 2889 1027 2967 κατάσχοις,
1056 2889 1343 2963 δώσωλων
1372 2889 1470 2946 καί
1502 2889 1834 2945 πλουσίαν.

356 3033 630 3106 ’Δκρασία
644 3033 752 3105 γὰρ
782 3032 927 3104 ἐμοὶ,
954 3032 1064 3087 πᾶν
1092 3029 1154 3084 τὸ
1182 3027 1440 3100 περιττὸν
1469 3025 1568 3081 καὶ
1602 3024 1746 3095 ὑπὲρ
1767 3022 1866 3095 τὴν

1957 1537 2085 1592 culo
2118 1535 2175 1590 in
2203 1535 2407 1591 camini
2447 1534 2668 1589 ﬂamma
2696 1532 3073 1589 cruciabatur.

2028 1630 2110 1684 Ex
2137 1628 2411 1683 crassiore
2441 1626 2566 1683 cibo
2588 1626 2816 1696 vinique
2838 1632 2993 1695 potu,
3021 1620 3304 1692 fuliginosi
3331 1620 3554 1691 quidam

1958 1735 2198 1791 vapores
2240 1720 2466 1785 sublati,
2509 1719 2686 1774 instar
2741 1717 3036 1773 condensae
3072 1714 3261 1779 nubis,
3311 1713 3557 1783 Spiritus

1889 1793 1932 1849 Β
1961 1813 2139 1868 sancti
2164 1811 2566 1868 illustrationes
2587 1811 2643 1865 in
2678 1809 2922 1864 animam
2944 1806 3312 1877 intercipiunt
3333 1820 3398 1860 ac
3418 1819 3557 1874 pra:-

1964 1905 2219 1975 pediunt.
2275 1903 2648 1970 Quamobrem
2688 1902 2859 1957 etiam
2897 1902 3130 1972 Moyses,
3180 1913 3309 1954 cum
3354 1897 3420 1952 ad
3459 1896 3557 1951 Dei

1965 1995 2492 2065 contemplationem
2543 2001 2731 2048 mente
2782 1992 3128 2056 ascenderet,
3165 1990 3285 2044 dies
3323 1989 3560 2059 quadra-

1965 2088 2118 2160 ginta
2148 2086 2359 2156 absque
2385 2084 2510 2140 cibo
2557 2093 2804 2155 potuque
2848 2082 3074 2155 jejunus
3111 2080 3245 2151 egit,
3291 2079 3400 2134 hoc
3431 2079 3561 2134 inde

1966 2189 2246 2250 satagens,
2280 2186 2342 2234 ut
2375 2177 2460 2233 vis
2484 2177 2655 2233 animi
2684 2183 2853 2247 atque
2881 2175 3030 2231 acies
3070 2174 3207 2229 nihil
3232 2174 3313 2229 illi
3343 2173 3561 2230 turbata

1967 2274 2268 2325 constaret.
3060 2268 3063 2271 λ

1996 2394 1999 2397 -
2040 2362 2576 2435 Theologi.—Nullo
2623 2360 2888 2431 torpescit
2931 2374 3148 2424 somno,
3191 2374 3255 2414 ac
3293 2368 3564 2429 perpetuo

1968 2457 2099 2528 vigil
2135 2465 2223 2513 est
2252 2457 2494 2511 humana
2525 2463 2745 2520 natura,
2775 2455 2971 2509 insana
2993 2451 3220 2524 majoris
3247 2449 3563 2520 compendii

1910 2606 1915 2609 .
1968 2550 2206 2620 plusque
2245 2547 2492 2603 habendi
2523 2546 2690 2603 fame.

1968 2685 2075 2752 Da,
2096 2686 2269 2753 inquit
2298 2693 2499 2739 venter.
2535 2682 2594 2739 Si
2626 2700 2746 2737 cum
2780 2681 3045 2752 acceperis
3079 2680 3343 2753 modestus
3375 2679 3561 2749 fueris,

1968 2752 2220 2826 Prompte
2261 2755 2418 2809 dabo.
2452 2753 2547 2809 Sin
2580 2753 2917 2826 inferioribus
2960 2752 3279 2826 transmittis

1969 2820 2217 2892 Stercus;
2250 2826 2475 2894 accipies
2514 2820 2751 2895 quidem,
2786 2823 2877 2895 sed
2923 2838 3029 2875 non
3061 2820 3339 2893 opulente.

1968 2895 2066 2952 Sin
2114 2896 2384 2963 retinebis,
2424 2894 2672 2966 opulente
2720 2894 2988 2948 dabimus.

2040 3031 2122 3087 Ad
2156 3047 2245 3088 me
2286 3030 2435 3102 quod
2470 3031 2688 3096 attinet,
2724 3029 3124 3086 incontinentia
3150 3037 3235 3084 est
3259 3043 3323 3084 ac
3344 3027 3567 3084 luxuria

272 3126 469 3201 χρείαν
518 3123 844 3190 καὶταῦτα,
888 3122 1190 3177 πεινόντων
1219 3118 1398 3175 ἀλλων
1426 3117 1521 3171 καὶ
1567 3114 1863 3187 δεομένων,

1987 3125 2241 3196 μιίᾱῳιὶά
2287 3122 2632 3195 superfluum
2662 3138 2727 3178 ac
2768 3123 2912 3177 ultra
2941 3123 3146 3195 justam
3174 3121 3566 3176 necessitatem

272 3220 384 3274 τῶν
413 3221 480 3273 ὲκ
518 3216 614 3272 τοῦ
645 3215 815 3271 αὐτοῦ
852 3214 1028 3282 πηλοῦ
1056 3213 1152 3268 καὶ
1179 3211 1489 3283 κράματος.

346 3400 518 3455 Οὐδὲν
577 3398 722 3454 οὕτω
760 3397 1036 3470 ὲπίμαχόν
1074 3412 1135 3449 τε
1170 3393 1268 3449 καὶ
1320 3391 1650 3462 φιλόνεικον,
1703 3390 1779 3452 ὼς
1828 3390 1863 3459 ὴ

278 3496 516 3565 γαστήρ.

343 3591 620 3656 Χρυσοσ.
673 3615 744 3627 -
784 3580 982 3652 Φαγὼν
1013 3579 1110 3636 καὶ
1148 3578 1291 3633 πιὼν
1345 3577 1443 3632 καὶ
1502 3573 1865 3647 ἐμπλησθεὶς,

276 3681 519 3751 πρόσεχε
577 3676 816 3749 σεαυτῷ.
872 3675 1262 3747 ’Δπόκρημνος
1299 3672 1412 3743 γάρ
1456 3672 1605 3725 ἐστιν
1634 3671 1663 3723 ὁ
1700 3668 1868 3732 τόπος

274 3771 374 3842 τῆς
416 3769 658 3843 τρυφῆς.

360 3862 476 3919 Ἰω.
497 3862 676 3931 Κλίμ.
700 3890 771 3902 -
800 3857 1140 3928 Θλισομένης
1173 3855 1381 3920 κοιλίας
1418 3855 1488 3928 (r)
1510 3852 1869 3909 ταπεινοῦται

279 3955 478 4026 καρδία
508 3971 524 3988 ο
556 3952 1008 4024 θεραπευομένης
1034 3950 1113 4017 δὲ,
1162 3949 1372 4019 γαυριᾷ
1408 3947 1689 4017 λογισμός.

348 4132 555 4186 Νυσσ.
591 4159 664 4170 -
695 4128 868 4198 Ὀψον
923 4142 1006 4180 σοι
1040 4123 1285 4195 γενέσθω
1313 4121 1490 4176 ἔνδεια
1514 4135 1529 4151 °
1566 4118 1666 4175 καὶ
1700 4117 1761 4172 τὸ
1794 4115 1871 4191 μὴ

279 4222 600 4277 ἐπιϐάλλειν
659 4219 823 4293 κόρον
877 4217 956 4291 τῷ
988 4218 1162 4290 κόρῳ,
1226 4214 1364 4288 μηδὲ
1427 4211 1730 4285 ἀμϐλύνειν
1798 4213 1869 4282 τῇ

280 4315 570 4389 κραιπάλῃ
605 4314 700 4387 τὴν
728 4312 931 4387 δρεξιν.

364 4408 522 4475 Ῥίζα
555 4406 668 4461 τῶν
711 4407 842 4477 περὶ
880 4404 971 4460 τὸν
1004 4402 1119 4476 βίον
1166 4398 1666 4474 πλημμελημάτων
1695 4396 1866 4464 ἐστὶν,

279 4502 315 4573 ἡ
342 4500 477 4569 περὶ
511 4499 604 4553 τὸν
634 4498 835 4569 λαιμὸν
868 4496 1116 4569 ἀσχολία.

349 4594 531 4664 Μέχρι
564 4591 667 4663 τῆς
703 4589 964 4661 ὑπερώας
993 4592 1027 4661 ἠ
1065 4588 1175 4643 τῶν
1229 4585 1560 4658 ἡδυσμάτων
1612 4588 1869 4661 αἴσθησις

278 4684 376 4738 τὸν
404 4684 530 4756 ὅρον
556 4684 703 4754 ἔχει’
738 4682 868 4736 ἀπὸ
915 4681 974 4736 δὲ
1027 4679 1312 4750 ύπςρώας,
1349 4678 1669 4751 ἀδιάκριτος
1700 4682 1734 4753 η
1763 4680 1873 4735 τῶν

281 4775 714 4848 ἐμϐαλλομένων
737 4773 995 4845 διαφορὰ,
1023 4771 1306 4844 ὁμοτίμως
1334 4770 1401 4825 τὰ
1430 4772 1610 4826 πάντα
1636 4772 1740 4843 τῆς
1768 4772 1872 4843 φύ-

283 4887 425 4934 σεως
454 4871 592 4940 πρὸς
617 4868 885 4923 δυσωδίαν
914 4866 1259 4936 ἀλλοιούσης.
1348 4872 1361 4879 ’
1748 4930 1755 4935 _

355 4965 648 5030 Φίλωνος.
681 4991 753 5003 -
800 4961 1161 5034 Ἐγκρατείας
1198 4959 1298 5031 μὲν
1341 4957 1493 5024 ῐδιον,
1546 4959 1734 5029 ὑγίεια
1778 4960 1872 5016 καὶ

1969 3225 2054 3271 est
2084 3235 2096 3270 :
2124 3216 2288 3288 idque
2313 3232 2440 3272 cum
2467 3214 2560 3271 alii
2590 3216 2840 3270 esuriant
2861 3231 2927 3271 ac
2949 3221 3194 3286 egestate
3223 3224 3566 3285 premantur,

1967 3310 2132 3383 612
2168 3310 2261 3381 qui
2289 3325 2355 3367 ex
2384 3309 2581 3366 eodem
2614 3310 2734 3365 luto
2757 3325 3047 3380 massaque
3102 3308 3349 3365 concreti
3378 3317 3527 3364 sunt.

2040 3402 2190 3457 Nihil
2233 3410 2345 3456 tam
2380 3401 2792 3458 contentiosum
2822 3410 2880 3457 et
2917 3417 3155 3472 pronum
3197 3401 3264 3457 ad
3314 3403 3463 3470 lites,
3505 3417 3571 3459 ac

1969 3503 2187 3548 venter.

2043 3583 2468 3657 Chrys.—-Cum
2499 3583 2809 3640 comederis
2846 3593 3015 3654 atque
3043 3584 3255 3639 biberis
3282 3583 3567 3655 fuerisque

1971 3688 2275 3744 saturatus,
2306 3678 2531 3734 attende
2563 3678 2663 3733 tibi
2684 3686 2741 3734 et
2773 3686 2973 3734 cautus
2995 3687 3115 3734 esto
3143 3696 3156 3731 :
3191 3680 3396 3733 etenim
3427 3695 3568 3751 prm-

1971 3786 2103 3841 ceps
2134 3769 2460 3826 deliciarum
2491 3770 2670 3825 locus.

2042 3860 2287 3917 Climaci.
2310 3861 2550 3917 —Inter
2575 3862 2788 3917 ventris
2827 3861 3111 3934 angustias
3142 3862 3372 3934 ejusque
3404 3878 3564 3933 pres-

1973 3968 2124 4018 sura,
2156 3969 2253 4009 cor
2274 3953 2636 4020 humiliatur;
2669 3955 2819 4010 illius
2842 3970 2972 4010 vero
3000 3956 3286 4012 curatione
3314 3959 3567 4029 superbit

1973 4060 2209 4100 animus.
2710 4090 2721 4099 ρ

2042 4136 2602 4207 Nyssen.—Obsonii
2635 4138 2757 4195 loco
2794 4138 2894 4194 tibi
2926 4138 2997 4196 sit
3044 4138 3269 4210 inopia;
3320 4149 3377 4195 et
3418 4140 3563 4212 quod

1974 4226 2285 4281 satietatem
2314 4227 2568 4283 satietate
2591 4244 2703 4285 non
2732 4228 3001 4295 cumules,
3030 4244 3134 4284 nec
3157 4230 3436 4301 appetitus
3464 4230 3566 4287 he-

1974 4317 2201 4373 betetur
2241 4335 2343 4389 per
2382 4321 2688 4391 crapulam.

2044 4409 2222 4464 Radix
2261 4426 2539 4478 errorum,
2577 4412 2672 4483 qui
2706 4411 2762 4467 in
2790 4412 2901 4468 vita
2940 4423 3255 4482 versantur,
3299 4422 3387 4470 est
3425 4416 3566 4486 gulae

1899 4490 1944 4546 1)
1974 4501 2242 4557 studium.

2049 4593 2545 4651 Condimentorum
2583 4611 2781 4652 sensus
2802 4597 2869 4652 ad
2901 4597 3144 4667 palatum
3178 4614 3355 4670 usque
3382 4603 3568 4657 termi-

1970 4693 2140 4739 natur
2171 4703 2184 4739 :
2219 4686 2483 4757 deinceps
2503 4703 2636 4742 vero
2659 4702 2856 4743 eorum
2881 4704 3005 4759 qua:
3036 4689 3382 4760 injiciuntur,
3414 4694 3563 4749 nulla

1972 4778 2260 4844 discretio,
2301 4789 2500 4835 cuncta
2545 4795 2611 4835 ex
2641 4796 2800 4850 sequo
2841 4781 2897 4835 in
2932 4790 3123 4852 putres
3170 4781 3331 4838 feces
3362 4784 3565 4839 immu-

1969 4876 2122 4925 tante
2156 4879 2378 4926 natura.

2043 4962 2305 5019 Philonis.
2328 4996 2396 5004 —
2418 4963 2769 5035 Temperatae
2799 4965 2983 5022 victus
3007 4968 3227 5034 rationi,
3252 4983 3439 5024 comes
3474 4984 3565 5024 sa-

1845 5104 2055 5164 ΝΟΤᾹ]

354 5200 432 5273 (r)
469 5198 846 5273 Θλιὸομένης
861 5200 1119 5273 κοιλίας.
1152 5196 1710 5273 δθηιεηιίαᾭιίιῃοοί
1746 5197 1864 5273 ipsa

284 5267 738 5343 aperta,_ventris
771 5270 1141 5343 aﬂlictatione
1184 5268 1445 5343 maloque
1479 5267 1864 5343 inediaeuani-

286 5337 436 5399 nium
456 5341 523 5395 ad
542 5341 914 5407 humilitatem
933 5342 1077 5409 cogi,
1093 5339 1322 5409 ejusque
1340 5337 1862 5401 luxuriaetdeliciis,

286 5414 352 5468 ad
401 5411 938 5483 superbiamderigi;
972 5409 1138 5483 idque
1177 5409 1483 5483 Scriptura
1512 5409 1723 5483 phrasi,
1757 5423 1866 5479 qua

285 5478 548 5559 iubemur
569 5478 882 5559 _humiliare'
899 5478 1114 5559 animas
1136 5488 1358 5559 nostras
1385 5479 1439 5532 in
1466 5478 1701 5559 jejunio,
1727 5478 1865 5559 _etc.

286 5548 492 5609 absone
532 5554 693 5621 plane
717 5551 884 5606 Gesn.
909 5552 1023 5607 sive
1044 5551 1232 5621 (cujus
1261 5549 1354 5604 ille
1385 5548 1697 5621 versionem
1725 5548 1870 5621 inta-

286 5634 429 5679 ctam
461 5619 657 5691 voluit)
682 5621 986 5687 Ribbitius,
1023 5619 1257 5677 Onerato
1319 5628 1513 5691 ventre»
1550 5619 1869 5690 deprimitur
1902 5684 1905 5685 ν

284 5710 411 5748 cor:
438 5694 486 5747 si
507 5689 688 5747 autem
712 5694 849 5747 ratio
872 5692 985 5762 ejus
1034 5691 1314 5762 habeatur,
1363 5689 1597 5744 exsultat
1619 5689 1685 5744 ac
1711 5691 1869 5762 gestit
1896 5692 1901 5703 '

284 5766 515 5822 animus.
545 5764 692 5833 Ergo
734 5760 1011 5817 θλίϐεσθαι
1040 5772 1096 5818 et
1121 5760 1320 5832 θλίψις,
1364 5776 1588 5817 onerare
1615 5768 1669 5816 et
1696 5760 1871 5816 onus?
1913 5810 1921 5817 .

449 5857 723 5923 ΡΑτειοι..
756 5854 873 5917 Gn.
906 5855 1065 5918 XCI.

1971 5199 2168 5267 Quale,
2233 5202 2406 5270 rogo?
2444 5198 2998 5270 escarumneHstudi
3045 5214 3209 5270 quam
3264 5199 3475 5270 morale
3504 5208 3563 5254 et

1974 5271 2205 5341 dignum
2254 5269 2524 5333 Climaco.
2580 5271 2947 5341 severissima:
2973 5269 3282 5341 disCiplina:
3311 5269 3556 5341 homine.

1972 5339 2106 5396 cura
2135 5344 2349 5399 ventris
2380 5344 2661 5399 exsultare
2702 5349 2760 5397 et
2811 5340 3012 5410 gestire
3064 5339 3346 5404 animum;
3402 5340 3558 5410 quasi

1969 5427 2092 5467 eam
2125 5414 2217 5468 ille
2247 5429 2434 5468 curam
2460 5411 2711 5475 suadeat,
2738 5426 2802 5465 ac
2825 5411 2869 5465 si
2897 5410 3010 5465 fere
3030 5410 3278 5465 medicus
3307 5410 3562 5480 praescri-

1970 5483 2067 5538 bat
2099 5485 2348 5548 cteliaco.
2375 5499 2485 5539 non
2517 5498 2623 5553 qua
2653 5496 2856 5553 corpus
2884 5482 3049 5547 levet,
3073 5480 3168 5536 sed
3181 5495 3289 5549 qua
3313 5481 3560 5553 annuum

1972 5554 2279 5627 diﬂitnndatA;
2303 5570 2413 5609 non
2454 5549 2629 5627 magis
2676 5549 2859 5627 ab'_ea
2892 5560 3136 5627 revocet,
3186 5549 3347 5627 quasi
3403 5551 3560 5606 Pauli

1938 5626 2178 5689 .verbis,
2225 5624 2418 5681 Carnis
2442 5621 2627 5678 curam
2657 5638 2722 5677 ne
2766 5622 3013 5693 feceritis,
3056 5632 3115 5677 ut
3152 5621 3337 5676 animo
3366 5636 3562 5693 super-
3647 5632 3652 5635 ·

1972 5696 2120 5752 biam
2147 5695 2424 5753 detrahat.

3086 5848 3163 5910 28
