3990 6366
500 307 627 372 £75
1689 302 1750 362 S.
1790 301 2079 367 MAXlMl
2123 302 2634 365 CONFESSORIS
3653 318 3742 386 876

507 423 568 480 ni
578 430 659 476 tas
679 406 994 486 viriumque
1019 414 1223 482 robur;
1255 413 1676 471 incontinentiae
1698 429 1832 471 vero
1852 429 1921 469 ac
1946 414 2083 469 luxu

2167 441 2181 473 ι
2212 413 2369 485 ίσχύς
2406 431 2419 445 ο
2462 402 2742 490 ἀκρασίας
2770 417 2852 486 δὲ,
2890 420 3149 478 ἀσθένεια
3172 424 3269 481 καὶ
3294 425 3445 491 νόσος
3484 432 3743 497 γειτνιῶσιν

514 514 629 580 τίω,
679 510 974 566 inﬁrmitas
1002 524 1067 564 ac
1095 507 1367 580 aegritudo
1401 511 1519 579 ipsa
1565 522 1735 580 prope
1784 505 1982 562 mortis
2014 505 2090 560 in-

869 511 974 564 itas
1002 524 1067 564 ac
1095 507 1367 580 aegritudo
1401 511 1519 579 ipsa
1565 522 1735 580 prope
1784 505 1982 562 mortis
2014 505 2103 560 in-
2208 506 2445 579 θανάτῳ.

512 602 764 661 teritioni
810 601 1048 656 haerens.

581 693 952 749 Plutarch.-—
970 689 1212 755 Deliciae,
1247 688 1398 744 velut
1429 702 1499 744 ex
1522 685 1741 752 castris,
1772 701 1841 743 ex
1871 682 2105 743 indisci-

2277 688 2616 758 Πλουτάρχ.
2661 720 2735 733 -
2806 692 2878 748 Ἦ
2940 697 3122 770 τρυφὴ
3152 735 3169 763 ,
3225 698 3481 773 καθάπερ
3550 720 3748 777 στρατο-

504 786 850 857 plinatorum
894 782 1103 849 animo,
1152 780 1363 853 optima
1397 793 1628 852 qumque
1660 777 1940 834 auferunt.

2206 777 2397 882 πέραν,
2427 779 2529 851 τῆς
2550 781 2665 835 τῶν
2695 783 3043 867 ἀπαιδεῦτων
3087 787 3266 861 ψυχῆς
3294 791 3364 844 τά
3389 792 3583 865 ἄριστα
3604 797 3749 866 ἀφαι-

2243 884 2403 923 ειται.

584 958 1288 1018 Democrit.-—Sanitatem
1338 972 1369 1014 a
1411 958 1531 1013 Deo
1574 964 1885 1028 exposcunt
1919 953 2104 1010 homi-

2208 884 2403 938 ρειται.

2274 962 2588 1032 Δημοκρίτ.
2615 993 2690 1005 -
2724 964 2946 1037 Ὑγείαν
2985 967 3128 1040 ἔχειν
3155 970 3306 1043 παρὰ
3333 972 3467 1028 Θεοῦ
3505 974 3754 1034 αἰτοῦντα-ι

512 1070 649 1123 nes;
680 1068 921 1123 cumque
950 1052 1070 1123 ejus
1108 1051 1254 1121 apud
1285 1065 1344 1106 se
1371 1050 1637 1105 virtutem
1682 1047 1942 1111 habeant,
1991 1060 2088 1100 nor

2205 1057 2254 1109 οί
2294 1054 2577 1127 ἄνθρωποι
2606 1069 2621 1086 ⁶
2651 1057 2749 1128 τὴν
2790 1059 2850 1113 δὲ
2891 1060 3095 1134 ταύτης
3134 1063 3364 1137 δύναμιν
3395 1067 3525 1138 παρ’
3561 1068 3752 1134 ἑαυτοῖς

513 1145 857 1217 intelligunt.
890 1144 997 1198 Per
1022 1140 1483 1197 incontinentiam
1513 1139 1662 1195 enim
1684 1139 1921 1208 vitaeque
1941 1138 2089 1192 luxu-

2205 1150 2453 1221 ἔχοντες,
2501 1152 2603 1207 οῦκ
2675 1152 2876 1210 ἴσασιν.
2949 1155 3215 1229 ’Λκρασίᾳ
3267 1159 3382 1230 γὰρ
3434 1158 3502 1213 τὰ
3556 1162 3754 1217 ἐναντία

513 1239 652 1293 riam
684 1213 962 1293 contraria
993 1240 1342 1306 praestantes,
1376 1232 1481 1301 ipsi
1504 1229 1758 1286 sanitatis
1786 1228 2089 1300 proditores

2089 1241 2106 1283 ⁵
2208 1213 2575 1316 πράσσοντες,
2601 1247 2756 1301 αὐτοὶ
2778 1213 3168 1323 προδόταιιτῆς
3412 1253 3665 1321 γίνονται.

512 1331 809 1386 exsistunt.

583 1420 1067 1489 Quemadmodum
1106 1419 1299 1475 unctio
1325 1432 1438 1472 non
1469 1431 1591 1487 qua:
1624 1414 1831 1481 suavis,
1856 1423 1955 1469 aut
1981 1428 2107 1485 quae

2276 1426 2490 1496 Ὠσπερ
2518 1426 2763 1501 ἄλειμμα
2779 1428 2844 1483 οὐ
2875 1427 2939 1482 τὺ
2966 1429 3064 1503 ἡδὺ
3095 1430 3282 1496 καλὸν,
3305 1431 3429 1488 οὑδὶ
3453 1432 3516 1488 τὸ
3544 1432 3756 1506 μακρὸν,

512 1514 750 1584 prolixa,
806 1512 954 1567 bona
1004 1520 1108 1577 est,
1161 1510 1259 1566 sed
1304 1525 1427 1579 quae
1465 1523 1661 1564 sanum
1716 1514 1970 1578 praestat;
2023 1505 2088 1562 sic

2206 1520 2343 1575 ἀλλὰ
2382 1522 2443 1575 τὸ
2487 1523 2756 1591 ὑγιεινόν·
2808 1522 2952 1577 οὕτω
3003 1525 3096 1578 καὶ¹
3135 1526 3347 1599 τροφὴ,
3400 1527 3499 1600 οὐχ
3543 1531 3576 1599 ἠ
3622 1505 3758 1599 ἡδεῖα

511 1605 692 1670 cibus,
715 1619 843 1705 'non
881 1603 974 1673 qui
1021 1602 1318 1658 deliciosus
1345 1609 1443 1655 aut
1473 1599 1754 1669 copiosus,
1785 1596 1967 1654 bonus
1996 1604 2082 1653 est

1683 1613 1754 1664 ns.
1785 1596 1967 1654 bonus
1996 1604 2101 1662 est.
2207 1613 2372 1687 καλὴ,
2403 1615 2524 1669 οὐδὲ
2544 1618 2580 1686 ἠ
2601 1614 2794 1687 πολλὴ,
2820 1615 2938 1670 ἀλλ’
2964 1617 2998 1689 ἡ
3024 1596 3259 1691 ὑγιεινὴ.

510 1696 608 1751 scd
634 1688 738 1764 qui
772 1693 842 1748 ad
884 1691 1261 1747 valetudinem
1311 1688 1595 1745 conducit.

581 1786 662 1841 Ne
696 1786 809 1841 cito
872 1783 1158 1859 nimiaque
1189 1781 1549 1838 festinatione
1605 1777 1921 1835 comederis
1955 1793 1969 1832 :
2020 1783 2107 1832 est
2135 1757 2157 1812 Ῑ

2277 1786 2455 1856 Τάχος
2496 1786 2591 1841 καὶ
2628 1785 2836 1852 ἔπειξις
2877 1787 3102 1842 ἀπέστω
3130 1786 3225 1843 τοῦ
3274 1786 3513 1843 ἐσθίειν·
3543 1787 3759 1852 κυνῶδες

507 1876 658 1932 enim
705 1876 813 1931 hoc
855 1875 1143 1940 caninum,
1190 1888 1256 1929 ac
1290 1870 1587 1945 ejusmodi,
1614 1878 1675 1925 ut
1708 1869 1943 1925 bestiam
1986 1882 2083 1924 ma-

2205 1879 2316 1952 γὰρ
2345 1877 2523 1944 τοῦτο,
2552 1879 2649 1934 καὶ
2677 1877 2855 1951 θηρίῳ
2885 1878 3086 1951 μᾶλλον
3114 1880 3147 1953 ἢ
3180 1879 3455 1953 ἀνθρώπῳ
3484 1880 3700 1952 πρέπον.

507 1971 592 2041 gis
628 1984 792 2039 quam
828 1966 1114 2022 hominem
1148 1965 1364 2021 deceat.

579 2060 818 2118 Catonis.
840 2089 912 2100 —
931 2059 1004 2123 Is,
1026 2073 1154 2112 cum
1178 2054 1505 2111 deliciarum
1524 2058 1781 2124 sumptus
1805 2050 2106 2123 reprehen—

2274 2059 2572 2126 Κάτωνος.
2626 2090 2698 2101 -
2724 2052 2895 2125 Οὗτος
2945 2059 3046 2131 τῆς
3087 2058 3442 2125 πολυτελείας
3501 2055 3757 2114 καθαπτόο

507 2154 702 2208 deret;
734 2152 910 2218 Quam
943 2148 1188 2215 difﬁcile,
1213 2147 1417 2213 aiebat,
1456 2154 1544 2201 est
1593 2145 1662 2201 ad
1689 2152 1962 2211 ventrem,
2006 2160 2081 2215 qu

2209 2168 2391 2222 μενος,
2426 2146 2604 2216 εἶπεν,
2632 2150 2720 2216 Ὦς
2742 2151 2980 2223 χαλεπόν
3003 2151 3315 2222 ἔστιλέγειν
3350 2150 3486 2222 πρὸς
3512 2148 3757 2222 γαστέρα,

507 2246 744 2301 auribus
790 2250 998 2306 careat,
1036 2240 1206 2295 verba
1257 2239 1469 2294 facere!

2205 2238 2322 2300 ὦτα
2357 2245 2434 2315 μὴ
2468 2244 2719 2314 ἔχουσαν.
3178 2234 3182 2237 ’

578 2335 809 2392 Antistii.
832 2365 899 2374 ——
914 2332 1277 2388 Antisthenes
1294 2330 1700 2399 interrogatus:
1726 2325 1870 2395 Quid
1895 2326 1970 2383 sit
1991 2325 2101 2383 diei

2287 2336 2610 2391 Ἆντισθέν.
2640 2365 2712 2379 -
2756 2334 3102 2406 Ἀντισθένης
3132 2334 3448 2407 ἐρωτηθεὶς,
3501 2331 3567 2387 Τί
3619 2333 3754 2386 ἐστιν

502 2429 637 2487 festi
678 2425 1017 2483 celebritas?
1062 2423 1218 2479 Gula:
1262 2421 1509 2487 occasio,
1542 2420 1746 2491 inquit.
2000 2484 2007 2488 _

1743 2463 1746 2473 ν
2000 2484 2007 2488 _
2202 2429 2387 2507 ἑορτὴ,
2418 2426 2562 2493 εἷπε,
2591 2429 3044 2501 Γαστριμαργίας
3073 2430 3319 2499 ἀφορμή.

579 2514 1083 2594 Epicteti.—-Cura
1120 2532 1191 2572 ne
1225 2523 1276 2571 te
1303 2515 1439 2580 cibi,
1480 2513 1574 2584 qui
1605 2513 1662 2567 in
1691 2519 1943 2567 ventrem
1975 2508 2106 2566 mit-
2144 2589 2155 2600 .

2287 2528 2663 2595 Ἐπικτήτου.
2689 2556 2760 2568 -
2791 2525 3053 2597 Φρόντιζε
3099 2528 3249 2588 ὅπως
3280 2541 3340 2578 σε
3380 2524 3451 2596 μὴ
3497 2519 3566 2577 τὰ
3605 2520 3660 2575 ἑν
3697 2516 3756 2589 τῇ

504 2624 721 2681 tuntur,
745 2612 1008 2686 pinguius
1038 2610 1210 2672 alant,
1241 2607 1335 2662 sed
1358 2621 1481 2677 quae
1508 2605 1695 2659 animo
1718 2603 1867 2659 inest
1889 2602 2079 2658 laetitia

2203 2621 2403 2691 Turpi.
2438 2620 2585 2673 σιτία
2609 2606 2836 2681 πιαίνει,
2869 2617 2986 2672 ἀλλ’
3013 2618 3047 2688 ή
3080 2618 3137 2670 ὲν
3176 2620 3245 2689 τῇ
3292 2617 3441 2688 ψυχῇ
3485 2610 3756 2684 εὐφρασία.

502 2709 586 2764 ltli
608 2708 758 2764 enim
795 2707 850 2761 in
872 2711 1227 2761 excrementa
1246 2706 1563 2765 vertuntur,
1594 2709 1817 2765 unaque
1842 2708 1969 2749 cum
1993 2692 2078 2748 illi:

2217 2712 2370 2767 Ἐπεὶ
2420 2710 2490 2765 τὰ
2546 2710 2645 2780 μὲν
2703 2706 3236 2773 ἀποσκυϐαλίξεται,
3292 2711 3391 2761 καὶ
3451 2702 3696 2773 συνεκρεϊ
3733 2698 3759 2751 ὁ

502 2804 623 2856 laus
649 2799 876 2867 deﬂuit;
874 2798 1128 2885 inimus
1149 2806 1336 2851 autem
1362 2808 1393 2848 a
1428 2805 1663 2863 corpore
1684 2790 1989 2863 sejunctus,
2019 2785 2078 2841 in

2202 2805 2425 2867 ἔπαινος
2447 2817 2460 2831 ·
2494 2803 2530 2873 ἡ
2550 2800 2608 2853 δὲ
2636 2799 2783 2871 ψυχὴ
2811 2798 3165 2871 χωρισθεῖσα,
3187 2799 3484 2862 διαπαντὸς
3505 2795 3754 2865 ἀκήρατος

501 2899 800 2962 corruptus
829 2897 1102 2961 perpetuo
1138 2893 1350 2941 manet.

1977 2969 1986 2970 ί
2205 2897 2379 2970 μένει.
3466 2938 3472 2947 ,

572 2982 631 3035 In
662 2980 936 3036 conviviis
978 2977 1265 3046 coenisque
1294 2972 1591 3039 obeundis,
1631 2978 1913 3028 memento
1959 2969 2101 3025 duos

2213 2969 2216 2970 ν
2286 2989 2376 3043 Ἐν
2401 2989 2521 3051 ταῖς
2549 2982 2860 3050 ἑστιάσεσι,
2893 2983 3144 3056 μέμνησο
3170 2985 3250 3037 ὅτι
3277 2982 3375 3037 δύο
3391 2978 3727 3050 ὑποδέχονται
3744 2990 3756 3005 ·

500 3090 625 3129 esse
650 3073 745 3144 qui
782 3072 1156 3137 excipiantur,
1182 3077 1298 3123 tum
1326 3068 1541 3123 scilicet
1577 3081 1801 3137 corpus,
1826 3073 1943 3119 tum
1976 3064 2076 3117 ani-

2201 3079 2263 3134 τό
2302 3095 2364 3133 τε
2417 3078 2576 3149 σῶμα
2608 3077 2703 3131 καὶ
2748 3077 2781 3146 ή
2819 3075 2968 3148 ψυχή
2991 3093 3003 3108 ·
3068 3068 3160 3120 καὶ
3190 3074 3217 3127 ὅ
3246 3090 3298 3126 τι
3327 3072 3397 3128 ἂν
3438 3070 3517 3142 τῷ
3567 3066 3758 3136 σώματι

503 3183 681 3233 mam;
718 3181 784 3223 ac
816 3163 1089 3235 quidquid
1120 3160 1345 3231 corpori
1376 3158 1619 3223 dederis,
1653 3157 1838 3214 statim
1868 3166 1922 3211 te
1949 3155 2079 3210 εσυ-

2200 3171 2326 3242 δῷς,
2358 3169 2521 3223 τοῦτο
2559 3168 2689 3223 εὐθὺ
2736 3167 2961 3239 ἐξέχεας
2989 3182 3005 3198 ο
3058 3166 3088 3221 ὅ
3119 3184 3172 3221 τι
3199 3164 3244 3219 δ’
3294 3164 3362 3219 ἂν
3390 3166 3458 3236 τῇ
3485 3160 3628 3235 ψυχῇ
3659 3155 3760 3209 δια-

502 3258 652 3313 disse
690 3276 703 3311 :
745 3257 798 3311 in
821 3265 1155 3327 perpetuum
1202 3267 1338 3309 vero
1363 3266 1615 3317 servare,
1662 3248 1811 3320 quod
1838 3247 1895 3303 in
1921 3246 2078 3302 animi

1067 3269 1155 3308 um
1202 3267 1338 3309 vero
1363 3266 1615 3317 servare,
1662 3248 1811 3320 quod
1838 3247 1895 3303 in
1921 3244 2093 3302 animi
2201 3261 2403 3325 παντὸς
2434 3261 2643 3333 τηρεῖς,

503 3367 568 3421 pa
578 3359 714 3404 rtem
757 3346 1011 3404 cesserit.
3022 3364 3025 3367 λ

570 3442 733 3513 613
765 3440 986 3511 Diogen.
1012 3469 1084 3480 —
1110 3438 1326 3506 Quibus
1349 3437 1406 3492 in
1450 3436 1666 3492 aedibus
1712 3435 1909 3507 ingens
1939 3431 2097 3487 cibo-

2272 3440 2571 3511 Διογένης.
2610 3470 2682 3482 ——
2722 3439 2847 3493 Τῶν
2896 3436 3085 3495 οἰκιῶν
3139 3437 3269 3492 ἔνθα
3312 3435 3542 3506 πλείστη
3578 3425 3760 3503 τροεξὴο

506 3549 627 3588 rum
663 3532 820 3603 copia
852 3541 957 3598 est,
979 3532 1189 3587 versari
1215 3540 1272 3587 et
1296 3529 1542 3585 murium
1598 3527 1908 3596 feliumque
1943 3522 2082 3579 mul-

2199 3535 2429 3599 πολλοὺς
2482 3532 2587 3604 μῦς
2629 3528 2771 3587 εἶναι
2829 3531 2924 3587 καὶ
2961 3531 3166 3601 γαλάς·
3232 3529 3326 3584 καὶ
3372 3526 3594 3599 σώματα
3620 3516 3758 3576 δὲτὰ

504 3626 834 3711 titudinem;
867 3624 964 3680 sed
993 3632 1050 3679 et
1080 3638 1319 3694 corpora
1349 3621 1541 3677 multis
1571 3620 1714 3676 cibis
1738 3617 1961 3684 inferta,
1989 3629 2080 3687 prc

2199 3620 2402 3700 πολλὴν
2423 3627 2631 3699 τροφὴν
2651 3625 2937 3699 δεχόμενα,
2956 3624 3051 3679 καὶ
3074 3623 3262 3687 νόσους
3288 3622 3410 3687 ῐσας
3433 3611 3752 3691 ἐφέλκεσθαι.

503 3709 697 3778 eorum
762 3721 981 3777 ratione
1034 3719 1244 3776 multos
1293 3719 1504 3791 pariter
1571 3716 1799 3772 morbos
1867 3720 2091 3768 contra-
2392 3746 2409 3751 -
3247 3709 3256 3717 '

504 3815 664 3870 bere.

546 3831 664 3870 ere.

577 3903 785 3960 Crates.
813 3934 885 3943 —
905 3902 1045 3959 Cum
1065 3900 1297 3972 Delphis
1318 3901 1569 3972 Phrynes
1617 3900 1793 3955 scorti
1848 3906 2091 3954 statuam

2268 3894 2524 3965 Κράτης.
2560 3923 2633 3936 -
2678 3893 2902 3967 Κράτης
2950 3892 3076 3949 ἰδὼν
3110 3894 3321 3966 χρυσῆν
3349 3890 3536 3947 εἰκόνα
3564 3880 3758 3959 Φρῦνις

507 4012 735 4051 auream
762 3994 1015 4061 vidisset,
1044 3993 1376 4049 exclamavit
1405 4010 1420 4047 :
1451 3991 1569 4047 Hoc
1590 3992 1791 4061 nempe
1819 4001 2083 4061 tropaeum

2196 3988 2296 4059 τῆς
2339 3987 2563 4059 ἑταίρας
2607 3988 2667 4040 ὲν
2710 3985 2936 4056 Δελφοῖς
2974 3986 3255 4054 ἑστῶσαν,
3297 3986 3640 4057 ἀνέκραγεν,
3686 3974 3759 4027 δτι

507 4097 687 4143 exstat
717 4087 1041 4142 Graecorum
1079 4083 1459 4155 impudicitiae.
1758 4076 1764 4085 ’

2197 4080 2371 4136 Τοῦτο
2399 4080 2502 4150 τῆς
2534 4078 2801 4151 Ἐλλήνων
2831 4078 3101 4151 ἀκρασίας
3128 4078 3391 4149 τρόπαιον
3417 4076 3664 4145 ἕστηκεν.

574 4178 730 4232 .ldem
752 4178 1020 4248 juvenem
1050 4174 1380 4229 luctatorem
1426 4171 1641 4234 videns,
1674 4168 1806 4224 vino
1826 4178 1883 4225 et
1909 4170 2091 4226 carni-

2281 4175 2340 4228 'O
2369 4173 2532 4238 αὐτὸς
2557 4173 2842 4228 νεανίσκον
2876 4171 2998 4227 ἰδὼν
3021 4169 3315 4241 ἀθλητικὸν
3342 4169 3472 4238 οἴνῳ
3499 4164 3592 4220 καὶ
3618 4170 3761 4248 κρεο-

506 4272 635 4336 bus,
663 4238 867 4346 aqqua
895 4267 1212 4331 exercebat,
1243 4266 1406 4335 longe
1430 4262 1900 4332 corpulentiorem
1925 4261 2047 4319 ﬁeri
2073 4281 2082 4317 :

2199 4265 2376 4336 φαγίᾳ
2409 4265 2505 4318 καὶ
2537 4265 2773 4335 ἀσκήσει
2808 4262 2992 4334 σάρκα
3022 4238 3222 4333 πολλὴν
3251 4257 3656 4346 ὑποστρέφοντα,
3687 4238 3759 4346 εἴ·

506 4365 551 4420 0
584 4343 773 4430 miser,
799 4363 1003 4433 inquit,
1039 4360 1235 4416 desine
1288 4356 1562 4413 adversus
1594 4355 1832 4427 teipsum
1865 4355 2082 4413 ﬁrmum

2198 4373 2322 4421 πεν,
2371 4358 2414 4410 Ω
2454 4356 2703 4428 δαιμόνιε
2723 4393 2740 4421 ,
2792 4352 2998 4408 παῦσαι
3033 4350 3157 4407 καθ’
3183 4349 3379 4406 ἑαυτοῦ
3411 4345 3580 4405 ποιῶν
3605 4340 3663 4397 τδ
3683 4336 3759 4391 δε-

505 4459 648 4514 adeo
675 4468 893 4513 struere
923 4469 1224 4511 carcerem.

1214 4491 1224 4510 .
2125 4460 2171 4517 ι)
2201 4448 2515 4522 σμωτήριον
2548 4446 2790 4519 ἰσχυρόν.

1148 4567 1480 4641 Theognidis.

2808 4558 3142 4628 Θεόγνιδος.

506 4664 678 4723 Παίιο
712 4665 890 4734 plures
911 4665 1034 4736 jam
1057 4635 1304 4727 satietas,
1335 4659 1713 4736 quamfames,
1730 4656 1987 4736 perdidit.
2017 4725 2030 4736 .
2055 4722 2066 4736 ι

2305 4653 2524 4736 μολὶιῷ
2550 4670 2655 4736 τοι
2669 4652 2937 4736 πλέονας
2964 4650 3162 4736 λιμοῦ.
3173 4650 3352 4736 κόρος

512 4703 703 4791 ἷῗεῖἒῖῗιι
712 4703 1321 4807 ’νὶἱῗίιῖἷοῗέὲἱρῖἆᾙιῗᾶι
1335 4703 2088 4868 3ἷὲἲὲἷᾶἱῦἷᾶίῗῂἇὲῖὶίξῑάο

1786 4811 1975 4850 ιπεεεει
2005 4836 2019 4849 .

2305 4703 3434 4795 τ’ᾉῖἑρἷᾱέξδᾶὁῖρὸὶρἠξὲέλέῖὸὲᾙέιῖ
3445 4703 3727 4774 £08.10?"-

581 4919 849 4977 Socrates.
878 4951 949 4960 —
970 4917 1240 4973 Homines
1260 4916 1452 4971 vivere
1471 4920 1536 4968 ut
1561 4911 1753 4978 edant,
1778 4909 1999 4976 aiebat;
2038 4922 2101 4964 se

2272 4902 2610 4973 Σωκράτης.
2655 4930 2728 4945 --
2772 4895 2941 4966 Οῦτος
2978 4900 3103 4964 τοὺς
3132 4899 3232 4971 μὲν
3262 4894 3583 4969 ἀνθρώπους
3619 4880 3760 4944 ελεγι

510 5024 695 5071 autem
726 5014 893 5070 edere
918 5021 986 5067 .ut
1006 5011 1241 5066 viveret.

2200 4998 2302 5072 ζῇν
2329 4997 2417 5051 ἵνα
2444 4994 2722 5050 ἐσθίωσιν·
2759 4994 2872 5063 ἐγὼ
2894 4995 2952 5048 δὲ
2981 4994 3147 5048 ἐσθίω
3178 4993 3265 5048 ενα
3292 4990 3390 5055 ζῶ.

1043 5100 1277 5159 SERMO
1324 5097 1563 5156 XXVIII.

2761 5085 2981 5141 ΛΟΓΟΣ
3008 5085 3121 5139 κη’
3142 5085 3206 5137 ⁵⁵.

655 5195 731 5249 De
752 5195 1006 5260 tristitia,
1037 5192 1309 5262 animique
1335 5188 1518 5244 dolore
1568 5200 1632 5243 ac
1680 5186 1949 5241 mnditia.

1809 5186 1949 5241 titia.
2596 5178 2738 5248 Περὶ
2755 5179 2962 5246 λύπης
2989 5177 3098 5231 καᾰ
3110 5173 3385 5243 ἀθυμίας.

655 5236 1006 5260 νυ....ν......,
1037 5236 1201 5247 πη...
1247 5236 1306 5244 π-
1336 5236 1515 5244 πη-.-
1569 5236 1626 5243 _-

584 5286 774 5340 Matth.
806 5287 861 5349 v',
880 5285 936 5339 5.
974 5313 1047 5323 --
1073 5236 1235 5337 Beati,
1277 5280 1373 5350 qui
1410 5280 1622 5350 lugent,
1674 5276 1936 5347 quoniam
1990 5274 2097 5347 ipsi

2269 5276 2455 5330 Ματθ.
2479 5270 2545 5329 ε’.
2566 5296 2638 5313 -·
2662 5236 2953 5343 ᾗίακάριοι
2987 5270 3039 5324 ot
3083 5236 3409 5329 πενθοῦντες
3430 5303 3448 5329 ,
3497 5257 3580 5312 ὅτι
3617 5236 3759 5303 ιιιῦτί)ὶ

512 5377 970 5434 consolabuntur.
998 5370 1001 5373 ’

2199 5366 2744 5437 παρακληθήσονται.

582 5471 640 5527 II
659 5472 783 5527 Gor.
810 5488 868 5537 ιι,
894 5470 950 5524 2.
971 5499 1041 5510 -
1067 5467 1205 5534 Quis
1228 5473 1313 5522 est
1336 5465 1434 5537 qui
1464 5480 1551 5521 me
1573 5462 1834 5528 laetiﬁcet,
1866 5460 1973 5516 nisi
1997 5459 2094 5531 qui

2207 5415 2829 5527 ῙΓίς
2868 5454 3017 5510 ἐστιν
3061 5453 3092 5507 ὁ
3131 5449 3440 5523 εὐφραίνων
3471 5457 3573 5517 με,
3610 5429 3656 5485 εἶ
3689 5415 3758 5495 μὴ

514 5564 881 5641 contristatur
914 5577 984 5617 ex
1019 5559 1154 5617 me?

2197 5555 2227 5607 ὁ
2257 5550 2594 5621 λυπούμενος
2623 5548 2683 5617 ἐξ
2708 5546 2872 5619 ἐμοῦ;

1830 5666 2065 5747 vanus
2114 5665 2520 5725 LECTIONES.
2550 5714 2553 5717 .

583 5768 633 5802 “
658 5768 723 5823 B.
763 5768 1037 5824 ἐθέλουσιν
1066 5768 1233 5838 ἔχειν.
1339 5766 1384 5799 ⁸⁸
1416 5765 1516 5821 Est
1546 5764 1601 5819 in
1624 5762 1795 5819 ‘Gesn.
1832 5760 1985 5818 Stob.
2019 5759 2144 5817 240.
