3990 6358
307 345 412 410 877

1614 338 1782 398 LOCI
1823 337 2144 398 COMMUN
2153 339 2261 397 ES.

3465 351 3574 416 878

376 451 890 522 Σολομ.-Ὦσπερ
918 452 1016 523 σὴς
1043 450 1246 522 ίματίῳ
1263 449 1330 520 (s)
1361 447 1456 502 καὶ
1481 445 1696 517 σκώληξ
1723 446 1885 518 ξύλῳ,

2064 447 2222 502 Prov.
2261 464 2386 514 xxv,
2450 445 2541 500 ετ).
2598 478 2670 486 —
2715 448 2868 502 Sicut
2934 449 3081 504 tinea
3137 450 3464 506 vestimento
3518 464 3576 509 et

304 545 452 599 οὕτω
481 545 629 615 λύπη
661 545 856 616 ἀνδρὸς
886 543 1118 614 βλάπτει
1144 543 1394 615 καρδίαν.

377 638 562 707 Σιρὰχ
582 636 921 703 αἰτίη-Ἀπὸ
945 635 1122 708 λύπης
1146 633 1660 697 ὲκὸαίνενθάνατος·
1689 632 1783 686 καὶ
1805 631 1898 686 λύ-

300 748 380 802 πη
413 730 641 801 καρδίας
672 729 880 800 κάμψει
910 730 1081 800 ἰσχύν.

375 821 720 876 Βασιλείου.
748 853 816 862 -
839 822 1053 893 Ὥσπερ
1085 820 1134 874 οἱ
1166 818 1448 889 σκώληκες
1473 819 1586 882 τοῖς
1609 815 1896 871 ἁπαλωτὲ-

305 929 423 983 ροις
453 916 564 968 τῶν
597 915 770 979 ξύλων
795 915 1135 968 ἐντίκτονται
1163 912 1421 981 μάλιστα,
1451 909 1625 974 οὕτως
1653 911 1708 962 αί
1729 908 1897 962 λύπαι

298 1009 419 1070 τοῖς
453 1006 868 1078 μαλακωτέροις
901 1005 1057 1076 ῆθεσι
1090 1004 1200 1058 τῶν
1231 1003 1538 1074 ἀνθρώπων
1567 1002 1892 1072 ἐμφύονται.

390 1099 450 1151 Ὀ
479 1098 656 1167 λέγων
687 1099 762 1170 μὴ
792 1097 1025 1168 πρέπειν
1056 1093 1132 1166 τῷ
1160 1094 1355 1164 δικαίῳ
1384 1095 1486 1165 τὴν
1515 1093 1717 1163 θλίψιν,
1747 1093 1897 1146 οὐδὲν

297 1189 495 1261 ἓτερον
525 1189 695 1258 λέγει,
726 1189 760 1260 ἢ
799 1188 874 1260 μὴ
899 1186 1164 1259 ἁρμόζειν
1194 1186 1270 1256 τῷ
1293 1185 1501 1257 ἀθλητῇ
1529 1186 1622 1239 τὸν
1649 1186 1897 1253 ἀνταγω-

297 1295 518 1348 νιστην.

376 1369 698 1437 Θεολόγου.
747 1397 812 1408 -
849 1368 1010 1439 Φέρει
1043 1364 1403 1437 παραμυθίαν
1440 1363 1749 1436 ὀδυνομὲνῳ
1779 1383 1897 1420 κοι-

294 1460 474 1514 νωνία
507 1459 615 1512 τῶν
649 1457 994 1528 στεναγμῶν.

377 1553 542 1605 Ἐστι
573 1550 704 1604 ποτὲ
735 1551 935 1622 ἡδονῆς
964 1550 1109 1621 λύπη
1143 1551 1474 1622 τιμιωτέρα,
1502 1550 1596 1603 καὶ
1622 1551 1896 1621 κατήφεια

295 1640 700 1712 πανηγύρεως’
754 1640 852 1693 καὶ
885 1640 1122 1709 γέλωτος
1157 1641 1218 1694 ού
1246 1640 1436 1708 καλοῦ,
1466 1640 1704 1711 δάκρυον
1733 1643 1895 1694 ἐπαιο

293 1733 475 1787 νετόν.

1997 539 2392 610 vermisligno,
2423 539 2503 594 sic
2531 538 2756 593 tristitia
2789 539 2893 593 viri
2919 548 3082 596 nocet
3113 541 3266 596 cordi

2065 632 2230 686 Eccli.
2263 647 2481 695 xxxvi",
2514 631 2602 685 l9.
2637 661 2706 670 —
2737 631 2817 685 Ex
2849 631 3071 687 tristitia
3105 634 3362 702 provenit
3387 651 3575 703 mors;

1995 734 2052 780 et
2083 725 2307 780 tristitia
2326 724 2512 780 cordis
2544 724 2653 779 vim
2685 724 2890 780 ﬂectet.

2066 816 2275 871 Basilii.
2307 845 2375 856 -—-
2415 815 2891 882 Quemadmodum
2936 817 3216 874 teredines
3282 822 3579 876 teneriori-

1995 905 2104 962 bus
2158 906 2323 978 lignis
2379 907 2615 962 maxime
2673 907 3072 974 innascuntur;
3135 911 3214 965 sic
3240 911 3466 966 tristitia
3513 929 3578 968 ac

1995 995 2153 1050 dolor
2185 997 2534 1052 mollioribus
2567 997 2853 1052 hominum
2887 998 3090 1053 animis
3115 1015 3180 1055 ac
3212 1000 3470 1072 ingeniis.

2065 1087 2170 1154 Qui
2199 1097 2362 1158 negat
2392 1089 2590 1144 decere
2611 1091 2846 1161 justum,
2866 1090 3015 1159 quod
3051 1091 3241 1162 afﬂigit
3261 1108 3323 1146 ac
3344 1086 3586 1160 cruciat,

1995 1180 2137 1235 nihil
2191 1181 2342 1235 aliud
2407 1182 2565 1248 dicit,
2618 1197 2784 1252 quam
2836 1184 2880 1236 si
2941 1181 3162 1238 athleta:
3199 1183 3579 1239 adversarium

1996 1272 2190 1327 deesse
2225 1273 2566 1329 conveniens
2610 1282 2838 1330 statuat.

2069 1364 2330 1436 Theologi.
2359 1396 2427 1407 —
2456 1364 2789 1421 Connnunio
2806 1374 2863 1422 et
2900 1368 3140 1423 societas
3171 1368 3378 1435 luctus,
3402 1367 3453 1422 ei
3485 1383 3579 1422 so-

1995 1457 2130 1511 latio
2157 1466 2265 1521 est,
2297 1457 2392 1527 qui
2433 1457 2487 1511 in
2513 1458 2708 1513 dolore
2735 1459 2868 1529 agit.

2069 1549 2315 1604 Tristitia
2336 1551 2668 1620 quandoque
2716 1551 2996 1621 voluptate
3046 1551 3415 1621 praestabilior
3469 1561 3576 1617 est,

1996 1640 2302 1711 festivaque
2331 1642 2681 1712 jucunditate
2714 1643 2979 1697 mcestitia
3017 1661 3029 1696 :
3061 1643 3358 1698 inhonesto
3416 1643 3579 1699 deni-

1997 1747 2106 1801 que
2139 1731 2250 1786 risu
2277 1732 2542 1786 meliores
2573 1732 2880 1787 laudabiles
2906 1733 3184 1804 lacrymaa.

372 1825 536 1894 Μέγα
551 1822 660 1895 γὰρ
682 1823 742 1877 τὸ
764 1823 913 1896 παρά
939 1822 1346 1892 συναλγούντων
1368 1826 1681 1896 φάρμακον.
1705 1826 1768 1879 Οἱ
1785 1825 1885 1897 γὰρ

2067 1823 2320 1893 Magnum
2345 1824 2554 1878 scilicet
2587 1825 2656 1878 ab
2673 1825 2754 1878 eis
2790 1825 3120 1890 remedium,
3145 1824 3238 1894 qui
3271 1823 3391 1894 pari
3427 1830 3579 1879 sorte

291 1915 364 1969 τὸ
396 1909 516 1971 ἴσον
557 1915 653 1969 τοῦ
690 1917 893 1980 πάθους
923 1915 1139 1986 ἔχοντες
1159 1955 1174 1981 ,
1223 1916 1385 1972 πλέον
1416 1919 1555 1972 εἰσὶν
1599 1920 1682 1982 είς
1713 1935 1894 1988 παραυ

297 2010 409 2079 μυθ
421 2010 505 2062 ίαν
536 2011 648 2074 τοῖς
677 2009 1002 2079 πάσχουσιν.

372 2103 984 2174 Χρυσόστ.-Καιρὸς
1013 2103 1270 2174 ἀθυμίας,
1305 2103 1405 2174 οὐχ
1431 2103 1561 2160 ὅταν
1592 2105 1894 2176 πάσχωμεν

296 2191 514 2259 κακῶς,
547 2194 660 2247 ἀλλ’
677 2196 808 2249 ὅταν
832 2195 1050 2266 δρῶμεν
1079 2195 1288 2259 κακῶς.

370 2372 715 2440 Πλουτάρχ.
770 2401 840 2413 -
889 2373 1043 2426 Ὀδὸν
1096 2375 1194 2446 μὲν
1258 2375 1359 2447 τὴν
1405 2374 1692 2447 λειοτάτην
1738 2375 1894 2429 ἐκλέ-

295 2464 518 2533 γεσθαι’
559 2463 674 2533 βίον
702 2463 781 2528 δὲ,
814 2464 908 2518 τὸν
937 2467 1296 2523 ἀλυπότατον.

379 2643 770 2700 Ἐπενδύεσθαι
795 2645 904 2712 δεῖ,
955 2644 1032 2716 τῷ
1062 2646 1162 2716 μὲν
1191 2645 1420 2717 θώρακι,
1449 2645 1680 2716 χιτῶνα·
1737 2647 1802 2716 τῇ
1838 2645 1895 2698 δὲ

298 2737 474 2810 λύπῃ,
508 2738 656 2792 νοῦν.
819 2790 840 2814 ,
1659 2793 1672 2798 -

370 2830 712 2898 Σωκράτης.
738 2829 1176 2901 -Ἐρωτηθε“ις,
1205 2831 1273 2884 Τί
1296 2830 1457 2884 λύπει
1480 2831 1608 2896 τοὺς
1627 2830 1892 2900 ἀγαθοὺς,

294 2917 472 2987 εἷπεν,
511 2922 746 2992 Εὑτυχία
777 2922 1051 2994 πονηρῶν.

381 3015 440 3067 ὐ
470 3013 636 3075 αὐτὸς
678 3011 978 3086 ἐρωτηθεὶς
999 3055 1012 3080 ,
1066 3014 1191 3078 Πῶς
1222 3015 1287 3070 ἄν
1323 3032 1408 3077 τις
1434 3013 1660 3076 ἀλύπως
1689 3014 1891 3082 διάγει,

296 3103 470 3157 Τοῦτο
502 3104 786 3171 ἀδύνατον,
820 3102 975 3158 εἶπεν
1000 3121 1016 3137 ο
1072 3106 1131 3158 ού
1169 3105 1281 3176 γάρ
1314 3107 1431 3158 ἐστι
1467 3106 1620 3158 πόλιν
1649 3105 1681 3175 ἢ
1714 3107 1894 3158 οἰκίαν

293 3195 552 3249 οἰκοῦντα
585 3196 681 3249 καὶ
713 3195 1037 3268 ἀνθρώπους
1065 3195 1359 3268 ὁμιλοῦντα
1397 3196 1472 3268 μὴ
1499 3195 1807 3250 λυπεῖσθαι.

361 3461 618 3519 Λευκίπ.
642 3493 713 3506 -—-
737 3463 911 3518 Τοῦτο
934 3463 1044 3537 γὰρ
1068 3465 1200 3520 ἴδιον
1227 3465 1337 3519 τῶν
1360 3466 1678 3538 ὀφθαλμῶν,
1705 3468 1762 3521 ὲν
1779 3470 1894 3532 τοῖς

297 3556 561 3627 μεγάλοις
612 3559 802 3620 κακοῖς
858 3556 933 3628 μὴ
982 3558 1198 3627 ἐκχέειν
1245 3557 1515 3626 δάκρυον·
1569 3560 1630 3612 ὲν
1670 3559 1727 3612 δὲ
1770 3562 1888 3625 ταῖς

300 3651 558 3730 μετρίαις
587 3652 926 3720 συμφοραῖς,
981 3650 1234 3720 ἀφθόνως
1262 3651 1329 3706 τὰ
1357 3652 1573 3724 δάκρυα
1599 3655 1886 3725 καταρρεῖ.

361 3831 629 3898 Χαρακλ.
667 3859 738 3870 -
773 3828 1047 3892 Πολλάκις
1077 3828 1187 3901 γὰρ
1218 3829 1280 3882 τὸ
1308 3831 1486 3900 χαρᾶς
1516 3831 1886 3902 ὑπερϐάλλον,

291 3923 372 3986 είς
397 3921 647 3990 ἀλγεινὸν
677 3921 1014 3992 περιίστησι’
1052 3920 1146 3973 καὶ
1175 3920 1278 3991 τῆς
1303 3921 1498 3991 ἡδονῆς
1530 3922 1592 3974 τὸ
1620 3922 1884 3996 ἄμετρον,

289 4013 632 4066 ἐπίσπαστον
664 4012 843 4082 λύπην
872 4012 1152 4080 ἐγέννησε.

358 4202 669 4272 Μοσχίων.
703 4232 771 4242 -
809 4200 1080 4254 Ἕπεσθαι
1134 4200 1248 4262 τοῖς
1291 4202 1547 4269 τερπνοῖς
1585 4199 1747 4254 εἴωθε
1787 4201 1882 4254 καὶ

289 4292 360 4346 τὰ
390 4292 536 4360 λυπη
548 4292 635 4360 ρά.
1011 4276 1013 4278 ’

358 4381 704 4450 Δημώνακτ.
754 4414 826 4425 --
886 4383 978 4435 Δεῖ
1030 4380 1222 4453 ὥσπερ
1275 4382 1494 4453 φορτίον
1551 4381 1650 4454 τὴν
1701 4382 1880 4456 λύπην

288 4475 646 4545 ἀναθέμενον,
679 4475 757 4546 μὴ
787 4474 1012 4528 στέοντα
1041 4473 1346 4548 [στένοντα]
1379 4476 1589 4547 φέρειν.

358 4569 605 4636 Rapaci.
639 4597 710 4608 -—
755 4567 819 4619 Οἱ
847 4565 1126 4637 ἄνθρωποι
1156 4567 1364 4636 τάφους
1390 4567 1489 4636 μὲν
1526 4567 1872 4621 κατασκευά-

287 4659 442 4723 ζουσι
477 4661 570 4712 καὶ
599 4660 831 4728 ἐντάφια
866 4658 1058 4728 ὥσπερ
1091 4659 1379 4730 μέλλοντες
1406 4659 1590 4723 αὐτοῖς
1615 4660 1874 4731 χρῆσθαι·

289 4751 523 4820 ἀφοὸίαν
549 4751 606 4804 δὲ
637 4752 732 4804 καὶ
760 4751 997 4806 ἀλυπίαν
1024 4751 1126 4822 τὴν
1155 4753 1284 4824 περὶ
1307 4753 1400 4807 τοῦ
1425 4752 1656 4808 θανάτου
1741 4755 1876 4826 χρή-

1994 1915 2205 1971 dolent.
2236 1915 2341 1982 Qui
2368 1917 2516 1971 enim
2542 1917 2828 1986 mqualiter
2875 1917 3151 1981 laborant,
3187 1917 3313 1986 plus
3364 1914 3580 1986 aliquid

1994 2005 2380 2060 laborantibus
2399 2006 2582 2061 solatii
2610 2005 2809 2062 aﬂ‘erre
2831 2015 3083 2077 possunt.

2068 2096 2256 2168 Chrys.
2307 2129 2378 2138 ——
2408 2098 2566 2152 Tunc
2613 2099 2879 2152 nimirum
2933 2098 3256 2169 indulgendi
3304 2099 3581 2154 mmstitia:

1998 2197 2216 2258 tempus
2229 2199 2334 2256 est,
2361 2203 2474 2244 non
2508 2204 2637 2244 cum
2656 2190 2811 2246 malis
2835 2189 3128 2258 allicimur,
3156 2189 3253 2246 sed
3277 2205 3405 2245 cum
3437 2190 3582 2246 mala

1995 2289 2301 2350 patramus.

2006 2382 2023 2400 ·
2065 2373 2365 2428 Plutarchi.
2392 2403 2461 2413 --
2503 2373 2603 2427 Via
2642 2373 2868 2443 quidem
2908 2373 3162 2442 eligenda
3221 2371 3580 2443 planissima;

1995 2463 2108 2517 vita
2135 2463 2300 2535 614
2321 2479 2473 2530 vero,
2501 2480 2531 2519 a
2556 2464 2749 2519 dolore
2774 2479 2838 2519 ac
2869 2463 3144 2519 maestitiae
3203 2479 3369 2519 sensu
3401 2479 3582 2518 remo-

1998 2555 2229 2609 tissima.

2069 2644 2306 2701 Thoraci
2349 2646 2608 2710 tunicam,
2650 2646 2818 2700 menti
2867 2645 3152 2701 tristitiam
3209 2645 3582 2717 superindua-

1996 2752 2121 2792 mus
2153 2753 2337 2808 operte
2366 2739 2604 2809 pretium
2647 2748 2752 2794 est.
3113 2780 3122 2785 -

2068 2829 2277 2885 Socrat.
2310 2861 2380 2870 —
2403 2831 2645 2902 Rogatus
2678 2831 2935 2886 Socrates
2960 2849 2974 2884 .:
3009 2829 3151 2898 Quid
3203 2829 3368 2886 bonis
3405 2829 3580 2884 mole-

1997 2929 2145 2976 stum
2181 2922 2289 2977 sit:
2319 2922 2611 2988 Malorum,
2645 2923 2846 2992 inquit,
2880 2922 3242 2992 prosperitas.

2064 3013 2216 3068 Idem
2245 3023 2489 3085 rogatus,
2523 3031 2632 3084 qua
2656 3014 2782 3084 quis
2803 3015 3016 3069 ratione
3043 3029 3072 3068 a
3103 3012 3325 3068 tristitia
3374 3012 3578 3066 immu-

1998 3105 2086 3159 nis
2115 3114 2266 3176 agat:
2293 3107 2422 3171 Res,
2457 3107 2658 3175 inquit,
2681 3118 2767 3162 est
2797 3105 3181 3176 impossibilis.
3213 3105 3403 3175 Neque
3429 3105 3580 3160 enim

1909 3180 1949 3238 Ο
1986 3187 2105 3250 ﬁeri
2154 3205 2338 3266 potest
2371 3206 2433 3252 ut
2483 3197 2610 3267 quis
2653 3199 2708 3252 in
2761 3198 2922 3264 urbe,
2977 3207 3075 3253 aut
3106 3199 3257 3253 domi
3289 3207 3570 3264 versetur,

1990 3286 2392 3358 hominumque
2426 3290 2833 3345 consuetudine
2893 3299 3106 3357 utatur,
3167 3300 3224 3347 et
3275 3308 3304 3346 a
3353 3291 3580 3347 tristitia

1994 3380 2258 3437 immunis
2285 3384 2519 3438 exsistat
2542 3400 2722 3453 neque
2753 3385 2960 3439 doleat.

2066 3470 2362 3541 Leucippte.
2396 3472 2513 3527 lloc
2542 3473 2693 3526 enim
2726 3474 3017 3529 oculorum
3065 3473 3376 3544 proprium,
3408 3482 3469 3529 ut
3521 3475 3578 3530 in

1970 3562 2208 3634 .magnis
2242 3563 2400 3619 malis
2431 3565 2704 3636 lacrymas
2734 3581 2846 3620 non
2881 3565 3199 3631 eﬂ'undant;
3232 3565 3286 3622 in
3343 3566 3579 3622 minori-

1995 3653 2098 3707 bus
2129 3669 2314 3708 autem
2347 3663 2402 3709 et
2441 3672 2564 3726 quae
2587 3671 2697 3710 non
2737 3672 2969 3726 prorsus
2993 3657 3293 3720 excedant,
3354 3658 3579 3727 copiose

1991 3744 2102 3800 illis
2133 3745 2473 3816 indulgeant.

2065 3835 2314 3892 Characl.
2345 3867 2417 3878 --
2451 3836 2605 3892 Haud
2642 3851 2769 3891 raro
2806 3851 3046 3908 namque
3077 3837 3358 3893 excellens
3385 3839 3578 3910 longe-

1992 3945 2102 4000 que
2136 3937 2403 4000 prtestans
2425 3929 2710 4000 gaudium,
2733 3930 2790 3984 in
2821 3929 3033 3985 doloris
3053 3945 3277 3985 sensum
3296 3931 3571 3998 vertitur;

1991 4033 2049 4078 et
2080 4038 2203 4094 qum
2220 4022 2447 4077 modum
2470 4023 2681 4080 nesciat
2708 4025 2985 4095 voluptas,
3020 4022 3299 4078 tristitiam
3329 4039 3436 4078 una
3475 4040 3573 4079 co-

1988 4115 2182 4170 mitem
2214 4114 2408 4169 trahit.

2059 4208 2350 4263 Moschion.
2381 4235 2446 4250 -
2475 4206 2616 4264 Cum
2651 4207 2722 4264 iis
2747 4223 2872 4279 quae
2903 4217 3159 4264 recreant
3187 4208 3396 4279 pariter
3412 4208 3568 4279 sequi

1983 4307 2416 4365 consueverunt,
2450 4316 2573 4371 qua:
2594 4302 2827 4357 molesta
2851 4309 3000 4356 sunt.

2056 4391 2370 4447 Demonact.
2421 4421 2493 4432 —
2551 4392 2802 4447 Tristitia
2860 4392 3015 4446 velut
3069 4405 3212 4446 onus
3285 4391 3567 4460 quoddam

1910 4488 1953 4543 D
1982 4485 2304 4555 impositum
2329 4483 2478 4538 haud
2508 4484 2678 4540 invite
2703 4484 2933 4540 ferenda
2960 4493 3126 4554 atque
3150 4483 3386 4555 gemitu.

2053 4577 2361 4634 Charicleﬂ.
2397 4579 2752 4634 —Mortales
2814 4577 3072 4647 sepulcra
3133 4585 3451 4641 exstruunt,
3507 4585 3566 4632 et

1979 4679 2103 4734 qua:
2131 4664 2200 4718 ad
2259 4665 2424 4722 funus
2473 4675 2531 4721 et
2552 4666 2890 4735 sepulturam
2923 4665 3206 4735 pertinent
3233 4675 3567 4738 praeparant.

1975 4757 2138 4826 quasi
2160 4756 2248 4812 his
2271 4760 2384 4814 sint
2406 4758 2562 4814 usuri
2593 4775 2605 4812 :
2637 4757 2920 4828 quomodo
2945 4765 3132 4812 autem
3183 4757 3380 4813 mortis
3414 4766 3566 4812 metu

293 4859 500 4909 σονται,
532 4844 594 4896 ού
627 4842 1167 4914 παρασκευάζονται.

2022 4856 2041 4902 t
2063 4848 2256 4904 dolore
2283 4860 2758 4923 vacent,quorum
2785 4866 2920 4906 usus
2939 4850 3163 4906 futurus
3177 4860 3283 4917 est,
3303 4850 3440 4906 nihil
3460 4850 3570 4906 tale

2023 4951 2314 4996 mearent.

361 5029 664 5097 Θεοπόμπ.
717 5059 787 5071 —-
840 5029 907 5081 Εῐ
952 5045 1036 5091 τις
1086 5026 1318 5080 πλεῖστα
1366 5026 1474 5079 τῶν
1519 5025 1740 5094 ἀγαθῶν
1787 5044 1877 5080 κε-

2023 4956 2314 5011 rteparant.

2051 5035 2388 5106 Theopompi.
2428 5065 2496 5076 -
2550 5036 2606 5092 Si
2634 5036 2764 5106 quis
2796 5035 3064 5106 pleraque
3109 5033 3384 5088 bonorum
3431 5032 3566 5087 ade-

288 5122 561 5193 κτημένος
598 5123 738 5192 μετά
766 5124 862 5176 τοῦ
893 5122 1184 5176 λυπεῖσθαι
1212 5121 1390 5190 διάγει
1419 5121 1510 5175 τὸν
1539 5120 1675 5192 βίον,
1703 5123 1878 5176 ἀπάν-

287 5229 395 5266 των
427 5216 494 5269 ἆν
524 5217 611 5285 εἴη
649 5216 744 5269 καὶ
771 5217 880 5270 τῶν
910 5215 1081 5270 ὄντων
1116 5213 1347 5268 καὶτῶν
1379 5213 1654 5285 ἐσομένων
1679 5213 1877 5268 ἀθλιώ-

282 5322 462 5376 τερος.

1976 5137 2124 5198 ptus,
2149 5145 2342 5184 eorum
2374 5144 2603 5199 compos
2623 5128 2858 5185 eﬂectus
2882 5143 3008 5183 cum
3047 5125 3269 5180 tristitia
3304 5140 3564 5196 aegroque

1975 5220 2162 5274 animo
2210 5220 2383 5274 vitam
2442 5221 2593 5292 agit,
2654 5221 2742 5284 is,
2802 5234 2887 5274 me
2940 5215 3257 5272 mortalium
3317 5214 3566 5269 omnium

1975 5311 2488 5367 miserabilissimus
2518 5312 2614 5383 qui
2650 5311 2736 5366 vel
2772 5309 3048 5365 exsistunt
3077 5314 3172 5362 aut
3199 5305 3372 5360 futuri
3403 5306 3567 5362 sunt?

1761 5399 1996 5460 NOTAE.

356 5495 425 5566 (ε)
455 5497 688 5568 Ὥσπερ
716 5495 837 5562 σὴς
872 5496 1097 5568 ίματίῳ.
1163 5495 1253 5568 Ait
1309 5493 1563 5568 Nobilius
1620 5509 1737 5568 non
1745 5511 1873 5568 _e1-

2021 5513 2070 5564 e,
2103 5506 2165 5554 ut
2192 5501 2432 5563 videtur,
2469 5513 2631 5568 quam
2662 5513 2729 5553 ex
2779 5496 3044 5552 Hebrasis.
3077 5494 3298 5566 Syriaca
3348 5492 3514 5568 etiam
3543 5504 3557 5550 ς

285 5564 432 5622 stare
465 5567 902 5638 iianulgsquod
925 5567 1098 5638 multa
1121 5582 1186 5620 ex
1206 5566 1290 5638 eis
1331 5565 1670 5638 desiderent.
1719 5564 1869 5638 Hen-
1977 5569 2211 5638 proinde
2257 5585 2369 5625 non
2406 5564 2684 5638 immerito
2723 5564 3144 5638 servatumest,
3195 5580 3291 5620 seu
3331 5565 3561 5638 restitu-

285 5634 914 5710 ten.obel_ocoi1ﬁgen_s,
948 5651 1058 5710 non
1088 5637 1366 5691 invenisse
1412 5637 1467 5690 in
1492 5637 1691 5710 decem
1718 5635 1874 5690 codi-
1977 5634 2095 5695 tum
2147 5641 2203 5694 in
2248 5651 2528 5710 postrema
2576 5637 2902 5694 Latinorum
2954 5636 3260 5692 Bibliorum
3309 5634 3560 5707 recogni-

284 5707 447 5778 cihus
490 5705 786 5778 admonet;
834 5707 953 5761 Non
1001 5707 1203 5778 desunt
1246 5716 1453 5778 tamen
1475 5705 1573 5778 qui
1605 5705 1865 5778 habeant.
1979 5712 2148 5766 tione.

289 5776 519 5833 Hebraea
549 5791 662 5832 non
700 5776 926 5844 habent,
959 5777 1055 5832 sed
1079 5776 1315 5846 Targum
1351 5774 1538 5844 habet,
1571 5791 1672 5832 nec
1692 5774 1871 5830 aliun-
