3990 6390
492 328 599 391 879

489 533 548 589 Si
580 537 665 591 vis
693 537 931 594 tristitiae
955 550 1241 610 expertem
1263 542 1430 595 vitam
1460 556 1644 612 agere,
1667 557 1788 612 qua:
1803 550 2072 598 eventura

487 637 620 681 sunt
654 627 734 682 sic
768 629 1049 695 existima,
1075 646 1140 686 ac
1166 633 1210 688 si
1231 633 1341 704 jam
1370 633 1724 688 accidissent.

558 720 668 776 Fac
719 721 888 777 animi
931 723 1123 778 dolore
1177 740 1360 791 vaces,
1416 707 1528 781 non
1581 734 1642 781 ut
1685 726 1896 782 doloris
1950 727 2071 798 ipso

487 827 656 868 sensu
688 828 901 880 careas,
939 815 1229 871 brutorum
1262 833 1452 885 more;
1479 833 1585 873 nec
1615 829 1675 874 ut
1709 819 1942 875 rationis
1968 835 2068 875 ex-

487 921 638 974 pers,
663 907 818 961 velut
841 909 1198 978 insipientes;
1218 910 1314 966 sed
1337 919 1599 981 tanquam
1614 912 1844 967 virtutis
1864 913 2067 978 cultor,

484 997 583 1069 qui
611 998 872 1054 videlicet
921 1015 1024 1070 pro
1070 999 1280 1056 doloris
1343 1001 1591 1057 remedio
1639 1002 1914 1058 rationem
1968 1002 2068 1056 ha-

483 1091 640 1148 beas.

551 1181 635 1236 Illi
662 1183 746 1237 vir
769 1185 981 1254 probus
1002 1186 1259 1256 gratique
1299 1186 1469 1241 animi
1495 1197 1600 1255 est,
1628 1188 1723 1258 qui
1755 1203 1866 1242 non
1895 1186 2069 1243 tristis

480 1273 612 1344 agit,
647 1283 741 1329 aut
770 1275 919 1331 d-olet
948 1277 1020 1332 ob
1046 1293 1110 1332 ea
1135 1295 1258 1349 quae
1285 1295 1398 1333 non
1426 1279 1615 1346 habet,
1644 1280 1740 1336 sed
1771 1279 1973 1351 gaudet
1997 1279 2066 1335 de

480 1363 548 1417 iis
571 1379 693 1432 qua:
728 1365 913 1420 habet.

548 1455 653 1522 Qui
703 1458 775 1511 ob
844 1459 1184 1515 calamitates
1243 1471 1354 1516 tum
1416 1461 1646 1517 minime
1701 1462 1890 1517 animo
1945 1461 2063 1517 dis-

477 1549 818 1615 cruciantur,
870 1559 987 1604 tum
1054 1551 1198 1606 facto
1270 1554 1506 1609 maxime
1568 1555 1860 1617 resistunt,
1913 1556 1950 1610 ii
2009 1563 2066 1610 et

476 1638 760 1694 civitatum
820 1648 877 1694 ct
917 1641 1071 1696 rudis
1109 1643 1259 1712 vulgi
1307 1645 1753 1714 praestantissimi
1819 1645 2062 1701 habendi

474 1740 624 1785 sunt.

565 1823 796 1896 Epiclet.
865 1857 937 1868 —-
989 1828 1368 1900 Interrogatus
1437 1830 1760 1900 Epictetus,
1827 1831 2142 1902 quonamB

469 1917 598 1988 quis
632 1920 799 1974 modo
835 1920 982 1975 hosti
1012 1921 1262 1977 dolorem
1300 1923 1604 1978 incusserit
1640 1941 1652 1977 :
1704 1923 1760 1978 Si
1794 1925 1942 1995 quis,
1975 1925 2061 1979 in-

469 2013 612 2077 quit,
653 2013 727 2066 ita
759 2029 816 2068 se
847 2024 1154 2085 comparet,
1189 2024 1250 2069 ut
1277 2031 1444 2084 quam
1463 2015 1673 2085 optime
1700 2016 1870 2070 vitam
1903 2016 2063 2070 insti-

471 2112 615 2160 tuat.

531 2196 894 2267 insipientes,
931 2205 1190 2268 tempus;
1221 2198 1503 2268 sapientes
1529 2205 1715 2253 autem
1754 2198 1898 2253 ratio
1923 2212 2058 2254 mua-

467 2301 594 2343 rore
615 2289 838 2343 liberat.

537 2379 856 2454 Possidippi.
880 2411 950 2423 —
986 2381 1165 2438 “Nemo
1193 2390 1300 2448 est,
1362 2381 1531 2436 homo
1579 2396 1706 2436 cum
1737 2381 1829 2445 sit,
1859 2381 1955 2451 qui
1985 2381 2055 2437 ab

464 2475 958 2532 omni‘immunem
976 2475 1174 2531 dolore
1200 2489 1265 2531 ac
1296 2475 1522 2531 tristitia
1551 2475 1720 2530 vitam
1739 2475 1904 2546 615
1925 2490 2055 2545 ege-

463 2567 578 2637 rit;
612 2584 718 2624 nec
741 2569 831 2625 cui
861 2567 1099 2624 inﬁnem
1135 2585 1314 2640 usque
1345 2569 1525 2624 fauste
1543 2583 1608 2623 ac
1632 2583 1900 2639 prospere
1929 2582 2052 2623 ces-

463 2662 628 2720 serit.

531 2755 781 2828 Euripid.
808 2787 876 2796 —
910 2756 970 2812 In
997 2757 1151 2813 nullo
1182 2756 1296 2811 vita
1314 2754 1572 2811 ‘inveniri
1617 2761 1804 2826 potest
1842 2753 1912 2810 ab
1939 2767 2060 2809 om-

460 2846 521 2906 ni
543 2847 736 2907 dolore
770 2865 834 2906 ac
863 2850 1091 2907 tristitia
1123 2849 1412 2904 immunis.

1015 3004 1249 3062 SERMO
1286 3003 1484 3060 XXIX.

1096 3101 1176 3154 De
1197 3117 1403 3156 somno.

1666 337 1727 395 S.
1771 335 2060 396 ΜΑΧΙΜΙ
2098 338 2609 400 CONFESSORIS

562 443 646 497 Ex
680 443 930 515 Epictet.,
966 444 1194 502 Isocrat.
1252 456 1301 500 et
1359 447 1646 504 Demotrit.
1685 451 1981 504 sententiis.
2008 479 2078 488 --
2110 455 2155 511 Α

3636 357 3724 420 836

2266 451 2366 505 Ἐκ
2409 451 2530 506 τῶν
2574 452 2946 520 Ἐπικτήτου.
2990 454 3280 524 Ἰσοκράτ,
3317 446 3561 532 Δημοκρ,
3589 497 3649 509 ...
3677 471 3728 522 ΕΞ

2184 541 2365 612 βούλει
2420 543 2627 599 ἄλυπον
2679 544 2794 614 βίον
2843 544 2980 614 ζῇν,
3035 547 3106 601 τὰ
3147 547 3410 616 μέλλοντα
3441 550 3730 625 συμϐαίνειν

2179 638 2252 701 ὡς
2285 636 2386 708 ἤδη
2417 637 2807 708 συμϐεϐηκότα
2836 637 3077 706 λογίζου.

2255 730 2496 793 ’Ἄλυπος
2544 731 2654 784 ἴσθι
2678 770 2693 794 ,
2761 731 2837 802 μὴ
2871 731 2972 800 τὴν
3001 730 3273 786 ἀπάθειαν
3298 777 3313 800 ,
3365 735 3439 799 ὡς
3469 736 3536 790 τὰ
3561 739 3730 808 ἀλόγια

2177 822 2289 875 τῶν
2321 823 2478 885 ζώων
2500 839 2514 854 ·
2579 823 2713 893 μηδέ
2744 824 2846 895 τὴν
2872 823 3119 892 ἀλογίαν,
3155 825 3231 889 ὼς
3257 828 3305 879 oi
3331 827 3554 897 ἄφρονες
3573 845 3585 858 °
3633 831 3731 884 ἀλλ’

2175 915 2251 980 ὡς
2279 916 2558 988 ἐνάρετος,
2588 915 2682 969 τὸν
2706 915 2865 986 λόγον
2893 915 2996 989 τῆς
3016 915 3196 990 λύπης
3222 918 3361 992 ἔχων
3388 923 3728 995 παραμύθιον.

2249 1177 2562 1250 Εύγνὼμων
2597 1180 2626 1233 ὁ
2657 1179 2732 1250 μὴ
2762 1179 3104 1252 λυπούμενος
3137 1180 3196 1236 ἐν
3220 1175 3300 1246 οἷς
3325 1180 3427 1237 οὐκ
3451 1182 3580 1256 ἔχει,
3611 1185 3731 1240 ἀλλὰ

2174 1273 2382 1344 χαίρων
2417 1275 2502 1342 ἐφ’
2524 1267 2605 1336 οἷς
2638 1273 2773 1344 ἔχει.

2253 1452 2414 1506 ’Ὅσοι
2438 1452 2582 1515 τινὲς
2611 1453 2746 1522 πρὸς
2766 1451 2865 1516 τὰς
2891 1451 3201 1522 συμφορὰς,
3219 1452 3416 1526 γνώμῃ
3442 1451 3536 1524 μὲν
3553 1453 3733 1524 ἥκιστα

2169 1544 2506 1607 λυποῦνται,
2555 1543 2702 1615 ἔργῳ
2727 1543 2783 1595 δέ
2819 1543 3056 1612 μάλιστα
3086 1544 3438 1614 ἀντέχουσιν,
3484 1537 3622 1599 οὗτοι
3651 1543 3734 1596 καὶ

2169 1635 2281 1689 τῶν
2309 1635 2518 1688 πόλεων
2555 1641 2647 1688 καὶ
2679 1634 2906 1688 ἰδιωτῶν
2941 1636 3228 1705 κράτιστοί
3259 1637 3416 1690 εἰσιν.

2253 1827 2630 1916 Ἐπικτήτου.
2694 1859 2764 1870 --
2824 1829 3159 1900 Ἐρωτηθεὶς
3224 1829 3344 1895 πῶς
3401 1830 3466 1885 ἄν
3521 1845 3602 1892 τις
3653 1827 3734 1880 τὸν

2164 1920 2359 1992 ἐχθρὸν
2409 1920 2626 1991 λυπήσῃ
2652 1962 2668 1986 ,
2719 1919 2854 1992 ἔφη,
2893 1920 3123 1975 Ἑαυτὸν
3154 1923 3589 1993 παρασκευάζων
3623 1919 3731 1989 βέλ-

2164 2028 2325 2065 τιστα
2359 2011 2647 2082 πράττειν.

2231 2190 2373 2254 Τοὺς
2422 2191 2666 2262 ἄφρονας
2704 2192 2732 2244 ὁ
2770 2191 2990 2261 χρόνος·
3041 2193 3168 2256 τοὺς
3196 2192 3251 2246 δέ
3287 2191 3584 2264 φρονίμους
3610 2189 3636 2242 ὀ
3658 2186 3735 2240 λό-

2160 2299 2258 2352 γος
2285 2283 2384 2353 τῆς
2413 2282 2594 2353 λύπης
2621 2283 2980 2338 ἀπαλλάττει.
3615 2328 3639 2357 ο

2237 2373 2560 2428 Ποσσιδιπ.
2609 2406 2684 2416 -
2733 2376 2924 2439 Οὐδεὶς
2962 2375 3168 2440 ἄλυπος
3201 2375 3292 2430 τὸν
3321 2376 3439 2446 βίον
3464 2373 3731 2444 διήγαγεν.

2162 2467 2450 2540 ἄνθρωπος
2477 2465 2552 2522 ῶν
2567 2483 2582 2498 ⁸
2636 2466 2746 2520 οὐδ’
2768 2467 2898 2538 ἄχρι
2923 2467 3015 2522 τοῦ
3037 2468 3224 2532 τέλους
3250 2467 3465 2538 ἔμεινεν
3487 2461 3730 2532 εὐτυχῶν.

2220 2754 2569 2825 Εὐριπίδ.-
2583 2754 2695 2811 Οὐκ
2721 2754 2868 2810 ἔστιν
2896 2754 3076 2828 εὑρεῖν
3101 2753 3216 2828 βίον
3243 2753 3451 2810 ἄλυπον
3480 2751 3538 2807 ἐν
3554 2745 3734 2804 οὐδενί.

2729 3002 2953 3057 ΛΟΓΟΣ
2985 3003 3094 3057 ΚΘ¹
3111 3004 3178 3062 ³⁸.

2755 3098 2899 3167 Περὶ
2927 3099 3144 3154 ὕπνου.

532 3192 727 3252 Matth.
759 3210 908 3259 xxvr,
945 3193 1035 3260 40,
1061 3194 1162 3259 ιη
1196 3193 1365 3247 Marc.
1391 3209 1502 3253 xw,
1541 3193 1630 3248 57.
1655 3221 1725 3236 -—
1766 3189 2049 3247 Venit-Je-

2229 3191 2414 3245 Ματθ.
2447 3195 2562 3254 κςα
2597 3191 2750 3258 Map.
2779 3187 2870 3242 ιδ’.
2909 3194 3096 3243 Λουκ.
3123 3188 3234 3243 κδ’.
3254 3187 3546 3245 -Ἐλθὼν
3573 3185 3601 3240 ὁ
3635 3184 3731 3251 Ἰη-

459 3303 580 3354 sus,
612 3297 670 3344 et
695 3286 909 3342 invenit
933 3285 1246 3356 discipulos
1276 3299 1409 3340 suos
1455 3283 1834 3350 dormientes;
1891 3289 2050 3338 erant

459 3379 612 3438 enim
648 3379 796 3434 oculi
828 3393 1025 3433 eorum
1056 3376 1292 3448 gravati,
1324 3384 1381 3431 et
1402 3375 1537 3431 dicit
1559 3376 1671 3431 eis:
1696 3375 1789 3431 Sic
1812 3390 2050 3445 nonpo-

460 3472 651 3531 tuistis
719 3487 831 3527 una
883 3471 1021 3525 hora
1078 3470 1311 3540 vigilare
1373 3467 1640 3524 mecum?
1693 3469 1796 3523 Vel
1845 3468 2047 3523 Jud-am

459 3565 674 3632 videte,
723 3563 1004 3636 quomodo
1059 3579 1172 3618 non
1225 3562 1455 3618 dormit.
1517 3561 1752 3632 Vigilate
1808 3575 1941 3632 ergo
1990 3569 2049 3616 et

458 3664 637 3712 orate.

528 3749 560 3806 Ι
586 3747 764 3805 Thess.
793 3764 849 3814 v,
889 3749 941 3804 6.
971 3779 1041 3790 —-
1073 3748 1249 3819 Igitur
1302 3762 1413 3802 non
1461 3745 1802 3802 dormiamus
1823 3743 1968 3798 sicut
1991 3749 2048 3797 et

458 3842 668 3906 caeteri,
694 3841 788 3896 sed
811 3841 1126 3911 vigilemus,
1179 3847 1236 3895 et
1278 3839 1451 3894 sobrii
1499 3838 1692 3893 simus.
1745 3835 1850 3902 Qui
1895 3837 2046 3889 enim

455 3934 763 3999 dormiunt,
788 3941 954 3988 nocte
984 3932 1306 3998 dormiunt;
1342 3939 1398 3986 et
1423 3931 1519 4001 qui
1541 3928 1684 3985 ebrii
1704 3937 1854 3990 sunt,
1880 3935 2044 3980 nocte

456 4025 600 4080 ebrii
633 4031 782 4080 sunt.
832 4023 945 4079 Nos
978 4031 1166 4078 autem
1207 4022 1306 4093 qui
1338 4022 1450 4077 diei
1493 4035 1707 4085 sumus,
1760 4017 1932 4074 sobrii
1965 4016 2044 4070 si-

457 4133 604 4174 mus.

524 4207 690 4263 Prov.
750 4201 965 4272 xxtnﬂ.
1000 4237 1070 4247 --
1132 4205 1392 4262 Induitur
1451 4205 1703 4276 disrupta
1740 4213 1802 4258 et
1859 4202 2044 4257 lacera

459 4299 642 4356 omnis
663 4302 1062 4356 somnolentus.

379 4375 383 4386 ί
513 4391 690 4447 Eccli.
717 4391 909 4460 x1.u,9.
999 4394 1066 4434 —'—-
1101 4390 1433 4448 Sollicitudo
1485 4389 1804 4460 vigiliarum
1867 4386 2043 4441 intuer-

457 4483 687 4554 pellabi-t
717 4483 1193 4539 dormitationem.

2154 3281 2282 3344 σοῦς
2306 3324 2320 3349 ,
2350 3277 2483 3353 ἐὗρε
2514 3281 2643 3344 τοὺς
2673 3282 2923 3353 μαθητὰς
2951 3282 3118 3336 αὑτοῦ
3147 3283 3512 3346 καθεύδοντας
3533 3298 3548 3313 ⁸
3603 3275 3732 3350 ἦσαν

2149 3375 2260 3446 γὰρ
2314 3377 2362 3428 οἱ
2417 3373 2690 3443 ὀφθαλμοὶ
2743 3375 2924 3428 αὐτῶν
2980 3374 3396 3449 βεϐαρημένοι,
3458 3375 3552 3431 καὶ
3598 3370 3734 3437 λέγει

2150 3468 2366 3533 αὐτοῖς,
2417 3464 2607 3528 Οὕτως
2637 3467 2741 3520 οὐκ
2770 3466 3028 3537 ἰσχύσατε
3061 3468 3190 3539 μίαν
3220 3468 3373 3540 ὥραν
3401 3463 3733 3539 γρηγορῆσαι

2153 3561 2269 3629 μετ’
2314 3557 2471 3627 ἐμοῦ.
2537 3557 2658 3612 Κᾶν
2700 3558 2794 3612 τὸν
2833 3559 3033 3613 Ἰούδαν
3094 3561 3370 3616 θεάσασθε
3413 3564 3475 3634 (t)
3521 3557 3634 3620 πῶς
3677 3549 3732 3604 οὗ

2149 3650 2425 3705 καθεύδει.
2461 3651 2797 3721 Γρηγορεῖτε
2828 3645 2924 3704 οὖν
2955 3651 3051 3704 καὶ
3082 3655 3478 3725 προσεύχεσθε.

2221 3743 2274 3797 α’
2306 3745 2444 3796 Θεσ.
2467 3748 2532 3797 ε’.
2574 3771 2646 3783 -—
2688 3742 2831 3813 ’Λρα
2873 3737 2966 3796 οὖν
3024 3744 3100 3816 μὴ
3146 3746 3502 3818 καθεύδωμεν
3544 3739 3617 3801 ὡς
3647 3732 3732 3788 καὶ

2148 3836 2196 3888 οἱ
2238 3834 2440 3898 λοιποὶ,
2491 3833 2628 3888 ἀλλὰ
2665 3835 3035 3907 γρηγορῶμεν
3080 3838 3178 3892 καὶ
3210 3840 3496 3911 νήφωμεν.
3544 3833 3604 3886 Οἱ
3631 3826 3732 3896 γὰρ

2150 3926 2536 3990 καθεύδοντες,
2573 3927 2769 3990 νυκτὸς
2799 3927 3124 3984 καθεύδουσι
3151 3948 3165 3964 υ
3227 3932 3323 3985 καὶ
3374 3936 3423 3987 ot
3471 3919 3726 4000 μεθυσκὸ-

2153 4037 2325 4092 μενοι,
2379 4019 2575 4083 νυκτὸς
2621 4019 2953 4089 μεθύουσιν’
3015 4023 3181 4093 ἡμεῖς
3218 4023 3278 4078 δέ
3325 4025 3542 4097 ἡμέρας
3563 4017 3727 4073 ὄντες.

2151 4115 2435 4186 νήφωμεν.

2224 4210 2472 4276 Παροιμ.
2499 4213 2610 4276 κτλ.
2631 4236 2704 4250 -
2735 4207 3012 4263 Ἐνδύεται
3039 4209 3418 4284 διερῤηγμένα
3446 4209 3538 4267 καλ¹
3564 4197 3732 4277 ῥακώ-

2147 4300 2235 4371 δη,
2266 4302 2375 4365 πᾶς
2401 4300 2673 4370 ὑπνώδης.

2218 4393 2401 4462 Σιρὰχ
2444 4394 2562 4448 λα’.
2588 4422 2656 4434 -
2683 4392 2943 4465 Μέριμνα
2973 4395 3286 4468 ἀγρυπνίας
3319 4396 3618 4464 ἀπαιτήσει
3639 4399 3730 4438 νυ-

2150 4485 2413 4557 σταγμόν.

525 4574 831 4629 Basitii.-—
857 4573 1074 4629 Gratias
1096 4588 1218 4645 age,
1252 4587 1285 4627 θ
1317 4573 1505 4637 homo,
1532 4572 1614 4626 illi
1654 4573 1750 4642 qui
1807 4579 1864 4625 et
1897 4570 2042 4624 invi-

2220 4553 2647 4632 Βασιλείου.-
2670 4578 3020 4649 Εὐχαρίστει,
3051 4553 3336 4649 ἄνθρωπε,
3364 4582 3446 4653 .τῷ
3471 4566 3730 4634 ἀκουσίως

450 4667 532 4722 tis
555 4683 658 4738 per
683 4683 936 4722 somnum
958 4667 1282 4722 continuam
1302 4666 1512 4723 laboris
1530 4665 1908 4736 fatigationem
1931 4663 2048 4718 sol-

453 4757 560 4823 vit,
590 4757 857 4826 brevique
884 4766 1101 4828 captata
1146 4757 1340 4828 requie
1389 4757 1460 4812 ad
1511 4755 1775 4827 potentiae
1803 4754 2047 4826 vigorem

461 4850 666 4905 iterum
696 4849 936 4906 reducit.
1319 4927 1322 4930 γ

527 4943 816 5016 Theologi.,
847 4973 918 4985 —
975 4946 1072 5001 Vir
1121 4948 1508 5002 somnolentus
1558 4947 1908 5002 somniorum
1962 4948 2052 5002 in-

457 5047 659 5092 ventor
687 5045 771 5092 est
797 5056 813 5106 ;
839 5054 1068 5094 somnus
1095 5041 1243 5094 enim
1269 5041 1406 5107 visa,
1441 5055 1556 5094 non
1589 5056 1682 5096 res
1711 5040 1896 5095 docet.

527 5127 794 5199 Chrysost.
824 5159 897 5170 ——
922 5129 1162 5185 Somnus
1200 5130 1351 5184 aliud
1404 5130 1544 5184 nihil
1571 5140 1656 5185 est
1688 5147 1854 5201 quam
1887 5139 2040 5186 .tem-

457 5237 700 5292 poranea
727 5237 898 5286 mors,
927 5230 984 5277 et
1022 5222 1381 5292 quotidianus
1410 5223 1693 5278 interitus.

522 5339 572 5373 εδ
592 5339 774 5410 Apud.
810 5340 964 5397 Stob.
998 5339 1088 5394 ου.

528 5509 626 5582 (ε)
662 5509 788 5582 Kay
826 5507 933 5560 τὸν
975 5500 1566 5582 'I0136(tv_'_()_§daa008.
1785 5501 2037 5582 perinde,

456 5572 579 5652 quae.
595 5572 999 5652 desiderantur
1016 5578 1076 5652 in
1099 5573 1389 5652 codicibus
1409 5572 1764 5652 evapgelicis,
1807 5579 2041 5638 usurpat

454 5643 699 5705 Ecclesna
731 5649 941 5712 Latina,
979 5646 1114 5699 feria
1142 5646 1195 5708 5,
1229 5646 1282 5697 in
1306 5643 1740 5703 Coena-Domini,
1776 5658 1840 5696 ex
1862 5657 2042 5695 secre-

461 5720 587 5774 tiori
620 5721 759 5772 forte
808 5719 989 5791 aliqua
1033 5717 1617 5791 script.ura__accepta,
1659 5713 1953 5791 additque,
1989 5719 2037 5791 et

459 5791 685 5861 festinat
713 5804 793 5842 me
829 5783 1040 5843 irridere
1077 5786 1300 5841 Judwis.
1329 5784 1597 5840 Maximus
1628 5784 1707 5840 sic
1733 5783 1862 5840 olim
1896 5783 2038 5838 seri-

2145 4671 2292 4740 ἡμᾶς
2315 4667 2413 4722 διὰ
2435 4668 2530 4722 τοῦ
2555 4669 2732 4722 ὕπνου
2759 4670 2858 4739 τῆς
2883 4668 3165 4739 συνεχείας
3193 4669 3304 4723 τῶν
3329 4673 3510 4725 πόνων
3535 4661 3727 4718 λύοντι.

2146 4762 2241 4815 καὶ
2276 4762 2340 4815 ἐκ
2375 4763 2578 4832 μικρᾶς
2607 4761 3003 4824 ἀναπαύσεως,
3055 4761 3220 4815 πάλιν
3253 4765 3393 4833 πρὸς
3424 4763 3522 4832 τὴν
3552 4748 3729 4821 ἀκμὴν

2144 4853 2247 4923 τῆς
2275 4852 2563 4923 δυνάμεως
2593 4854 2946 4921 ἐπανάγοντι.

2219 4944 2534 5014 Θεολόγου.
2561 4974 2631 4982 ——
2661 4943 2826 5014 Ἀνὴρ
2855 4943 3129 5019 ὑπνώδης,
3161 4947 3393 5018 εὑρετὴς
3419 4937 3724 5014 ὀνειράτων

2150 5036 2361 5109 μύστης
2386 5037 2494 5105 γὰρ
2530 5035 2697 5099 ὕπνος
2729 5036 3054 5105 φασμάτων,
3091 5040 3153 5091 οὐ
3187 5041 3564 5110 πραγμάτων.

2220 5126 2523 5196 Χρυσόστ.
2546 5125 2843 5187 -’¹Υπνος
2872 5126 3026 5181 οὐδέν
3057 5131 3230 5196 ἐστιν,
3258 5129 3292 5201 ἢ
3318 5129 3548 5188 θάνατος
3571 5111 3727 5186 πρῶτ’

2145 5235 2364 5290 -καιρος,
2403 5217 2498 5272 καὶ
2532 5217 2812 5287 ἐφήμερος
2837 5216 3084 5289 τελευτή.

1991 5399 2232 5457 ΝΟΤᾸΕ.

2141 5505 2240 5571 pta
2265 5497 2704 5571 _inve_ni_t,_quod
2768 5500 2840 5555 ita
2879 5502 3032 5570 quasi
3084 5500 3383 5571 Scriptura:
3424 5492 3588 5554 verba
3611 5492 3727 5571 pf:

2147 5557 2277 5622 {luci
2319 5585 2332 5620 :
2363 5568 2480 5641 g-nisi
2511 5557 2912 5641 'Tractalorum'
2949 5572 3150 5641 aliquis
3188 5557 3497 5626 enarrando
3525 5557 3723 5641 ῑεξίξζτξξ

2147 5639 2530 5764 ῗνιέιιᾳριὶοιιιέι
2561 5640 2842 5710 adhibuit,
2879 5643 3026 5712 quod
3045 5626 3248 5712 postea
3289 5642 3448 5713 quasi
3479 5649 3547 5693 ex
3574 5626 3722 5682 textu

2167 5725 2217 5763 ia
2264 5720 2402 5764 itum
2437 5725 2482 5765 Si
2507 5727 2530 5765 ·.
