3990 6358
285 399 387 467 88!

1596 414 1768 477 LOCI
1806 410 2248 481 COMMUNES.

3458 427 3580 492 883’

362 519 545 588 Γρηγ.
569 519 850 590 Νύσσης.
869 521 1171 598 -”Ωσπερ
1199 523 1292 582 ἐπὶ
1318 527 1422 598 τῆς
1449 527 1727 600 καθύγρου
1751 527 1874 597 γῆς,

2051 528 2210 600 Greg.
2246 527 2401 601 Nyss.
2441 557 2500 569 -—
2522 529 2594 588 Ut
2617 530 2673 585 in
2708 531 2972 588 humente
3004 539 3172 602 terra,
3203 535 3565 592 calidioribus

282 609 511 678 ἐπειδὰν
579 611 940 686 θερμοτέραις
1000 616 1571 691 ἀκτῖσιν-ἐπιλάμψαι
1621 624 1650 674 6
1690 621 1876 691 ἥλιος,

281 701 452 768 ἀτμοί
479 720 627 768 τινες
653 705 981 790 δμιχλὼδεις
1025 709 1134 762 ἀπὸ
1168 709 1268 764 τοῦ
1299 711 1494 782 βάθους
1522 713 1840 766 ἁνέλκονται
1863 727 1876 741 ⁸

282 793 472 864 ὅμοιόν
495 812 550 848 τι
580 797 791 864 γίνεται
821 804 916 852 καὶ
943 802 1002 854 ὲν
1027 805 1093 872 τῇ
1121 802 1246 856 καθ’
1264 805 1414 874 ἡμᾶς
1435 807 1527 874 γῇ,
1549 805 1650 875 τῆς
1670 804 1881 875 τροφῆς

283 885 392 939 ὐπὸ
418 887 520 957 τῆς
544 890 782 960 φυσικῆς
815 890 1152 964 θερμότητος
1183 895 1545 966 ἀναζεούσης·
1575 900 1880 969 ἀνωφερετς

279 977 346 1032 δὲ
397 977 552 1041 ὄντες
599 981 648 1033 oi
693 981 860 1052 ἀτμοὶ
911 987 1055 1039 κατὰ
1103 986 1264 1055 φύσιν
1303 989 1398 1041 καὶ
1434 988 1728 1059 ἀερώδεις,
1785 989 1881 1042 καὶ

280 1071 427 1142 πρὸς
452 1073 514 1124 τὸ
539 1073 941 1146 ὑπερκείμενον
973 1079 1358 1146 ἀναπνέοντες,
1395 1084 1452 1136 ἐν
1480 1084 1588 1146 τοῖς
1617 1082 1760 1138 κατὰ
1782 1083 1880 1152 τὴν

280 1161 533 1232 κεφαλὴν
562 1163 805 1232 γίνονται
831 1167 1058 1239 χώροις.

357 1253 577 1306 Φίλων.
601 1283 672 1293 -
696 1256 938 1322 Εἰκότως
966 1259 1199 1333 μελέτην
1227 1262 1481 1319 Θανάτου·
1521 1266 1682 1320 σκιὰν
1702 1267 1758 1320 δὲ
1782 1267 1880 1321 καὶ

281 1343 657 1415 ὑπογραμμὸν
709 1348 813 1417 τῆς
864 1346 1023 1415 αὖθις
1066 1354 1750 1427 ὲσομένηςάναὸιώσεως,
1787 1361 1878 1414 τὸν

281 1433 454 1488 ὕπνον
485 1437 536 1488 οἱ
566 1437 776 1509 τάληθῆ
808 1444 1214 1513 πεφρονηκότες
1240 1447 1587 1520 ἀπεφήναντο
1607 1467 1619 1480 ·
1681 1451 1876 1504 ἐκατέ-

285 1541 400 1618 pinv
437 1527 548 1597 γὰρ
596 1531 852 1601 ἐναργεῖς
893 1535 1049 1605 φέρει
1077 1537 1175 1603 τὰς
1199 1541 1412 1605 εἰκόνας
1437 1583 1453 1610 ,
1513 1545 1611 1598 καὶ
1645 1545 1879 1618 μεθιστᾷ

281 1617 379 1670 τὸν
401 1618 565 1672 αὐτὸν
600 1620 658 1685 ἐξ
686 1623 1010 1696 ὁλοκλήρου.

357 1707 730 1798 Κλήμεντμ-
746 1711 894 1768 ’Ὀσα
919 1717 1048 1789 περὶ
1073 1717 1241 1774 ὕπνου
1261 1721 1498 1792 λέγουσι,
1521 1724 1588 1779 τὰ
1605 1727 1744 1780 αὐτὰ
1770 1728 1876 1798 χρὴ

1981 621 2116 676 solis
2142 619 2311 677 ra'diis
2334 623 2605 679 illustrata
2627 640 2691 680 ac
2715 624 2846 689 fota,
2882 642 3123 696 vapores
3173 628 3401 698 quidam
3460 644 3564 682 nc-

1982 710 2166 767 bulosi
2185 729 2252 768 ex
2282 712 2394 769 imo
2421 715 2769 781 excitantur;
2809 715 2952 771 idem
2979 718 3377 787 propemodum
3433 732 3567 771 con—

1983 803 2146 872 tingit
2185 805 2241 858 in
2264 805 2438 860 nostri
2474 807 2724 876 corporis
2760 809 3077 873 terra,dum
3102 810 3337 863 naturali
3381 809 3566 863 calore

1983 895 2144 951 cibus
2197 895 2565 954 effervescit:
2614 914 2857 968 cumque
2913 915 3148 969 vapores
3209 909 3406 970 suapte
3464 915 3566 952 na-

1982 997 2106 1043 tura
2163 1004 2387 1044 sursum
2455 989 2706 1045 ferantur
2759 999 2815 1045 et
2865 992 3004 1046 aerii
3061 991 3192 1052 sint,
3251 992 3566 1062 exspirem-

1982 1097 2092 1152 que
2141 1081 2194 1136 in
2230 1082 2412 1137 locum
2448 1083 2812 1154 superiorem,
2853 1083 2910 1138 in
2963 1083 3160 1153 capitis
3192 1082 3323 1138 sede
3381 1081 3568 1137 consi-

1981 1174 2131 1229 dent.

2053 1265 2310 1321 Philonis.
2350 1266 2642 1322 -—Merito
2696 1267 2891 1322 mortis
2949 1267 3395 1330 meditalionem,
3444 1281 3567 1319 uma

1983 1357 2250 1429 bramque
2283 1367 2339 1414 et
2369 1357 2604 1414 formam
2637 1359 2840 1414 futura:
2863 1374 3057 1413 rursus
3103 1359 3231 1412 vitae
3291 1357 3540 1411 inslaura

1983 1451 2175 1516 tionis,
2198 1451 2304 1506 viri
2328 1467 2460 1506 vera
2478 1453 2757 1521 sapientes
2777 1460 2988 1506 asserte
3019 1451 3373 1505 tradiderunt
3408 1469 3423 1504 :
3448 1467 3566 1504 am-

1981 1544 2176 1598 borum
2224 1543 2372 1599 enim
2426 1544 2577 1598 clara
2638 1542 2747 1598 fert
2805 1542 3098 1596 simulacra
3129 1557 3194 1596 ac
3224 1541 3292 1596 de
3350 1541 3566 1612 integro

1981 1635 2238 1692 eumdem
2256 1652 2323 1690 ex
2353 1637 2527 1690 altero
2551 1635 2603 1688 in
2638 1635 2875 1688 alterum
2917 1631 3205 1688 transfert.

2050 1725 2355 1784 Clementis.
2405 1758 2473 1768 ——
2505 1725 2700 1782 Omnia
2724 1741 2846 1796 quae
2889 1725 2958 1779 de
3019 1739 3216 1779 somno
3273 1724 3560 1786 dicuntur,

279 1797 382 1890 καὶ
440 1801 570 1867 περὶ
614 1803 848 1858 θανάτου
897 1807 1202 1875 ἐξακούειν.
1245 1813 1539 1888 Ἐκάτερος
1578 1819 1688 1890 γὰρ
1728 1797 1875 1890 δηλοί

2007 1819 2174 1875 adem
2205 1828 2261 1874 et
2286 1819 2354 1874 de
2385 1828 2567 1873 morte
2601 1818 2746 1872 dicta
2776 1816 3101 1887 accipienda
3134 1821 3264 1870 sunt
3291 1832 3305 1880 ;
3341 1824 3558 1870 utrum-
3579 1847 3591 1858 .

277 1888 384 1958 τὴν
412 1892 756 1950 ἀποστασίαν
782 1898 885 1970 τῆς
904 1900 1103 1974 ψυχῆςο
1137 1908 1166 1958 6
1191 1906 1290 1977 μὲν
1315 1908 1540 1978 μᾶλλον,
1567 1913 1594 1965 6
1613 1888 1669 1964 δέ
1689 1888 1874 1983 ἦττον.

363 2069 501 2164 "iis":
528 2071 606 2140 δὲ,
653 2075 732 2140 ὡς
771 2075 902 2143 ἔπος
935 2081 1133 2148 εἰπεῖν,
1169 2085 1539 2159 διαμαχητέον
1573 2092 1704 2162 ὑμῖν
1739 2094 1878 2164 πρὸς

279 2158 376 2213 τδν
405 2160 592 2231 ὕπνον,
631 2166 709 2231 ὡς
737 2169 958 2225 πλείονα
987 2175 1179 2246 χρόνον
1210 2178 1305 2233 τοῦ
1336 2179 1436 2252 ζῇν
1467 2181 1556 2236 διὰ
1585 2158 1685 2256 τὴν
1709 2158 1876 2258 ἐγρή-

281 2267 478 2324 γορσιν
511 2258 976 2331 μεταλαμϐάνειν.

349 2342 433 2448 :11
446 2346 586 2448 ’γὰρ
630 2349 797 2448 ὕπνος
847 2354 1038 2430 ὥσπερ
1084 2361 1327 2434 τελώνης
1367 2365 1459 2422 τὸν
1490 2369 1698 2440 ἦμισυν
1738 2371 1874 2443 ἡμῖν

277 2435 376 2490 τοῦ
404 2435 524 2507 βίου
557 2443 949 2516 συνδιαιρεῖται
976 2453 1190 2522 χρόνον.

353 2528 562 2583 Πολλοῦ
605 2549 669 2600 γε
715 2535 798 2588 δεῖ
851 2539 969 2608 μεθ’
996 2543 1211 2615 ἡμέραν
1251 2548 1539 2606 καθεύδειν
1564 2592 1579 2617 ,
1633 2555 1744 2619 τοῖς
1777 2556 1873 2610 καὶ

277 2617 380 2688 τῆς
413 2620 610 2687 νυκτὸς
641 2624 702 2678 τὸ
736 2627 986 2685 πλεῖστον
1020 2636 1101 2698 είς
1129 2638 1463 2712 ἐγρήγορσιν
1491 2617 1871 2716 ἀποτεμνομέ-

278 2727 414 2774 νοις.

345 2800 1097 2899 Δ-ημοκρίτζ-ς-ΑἊγρυπνος
1121 2813 1213 2869 έσο
1243 2820 1383 2875 κατὰ
1410 2821 1502 2878 τὸν
1527 2824 1652 2879 νοῦν
1675 2843 1688 2859 ·
1737 2845 1869 2899 συγ-

276 2889 443 2960 γενὴς
460 2890 574 2962 γὰρ
599 2893 693 2948 τοῦ
716 2895 974 2969 ἀληθινοῦ
999 2901 1230 2959 θανάτου
1260 2910 1288 2962 6
1312 2912 1445 2984 περὶ
1463 2913 1655 2971 τοῦτον
1674 2889 1866 2984 ὕπνος.

347 3063 412 3116 Oi
460 3065 756 3167 m‘mpﬁctO}
801 3071 966 3167 ὐπνοι
1017 3076 1272 3150 σώματος
1311 3084 1536 3158 ὄχλησιν
1552 3127 1570 3156 ,
1626 3092 1868 3167 ἢψυχῆς

1981 1917 2090 1982 que
2117 1911 2267 1967 enim
2290 1910 2460 1966 animi
2491 1909 2858 1965 defectionem
2893 1907 3178 1964 declarat:
3223 1904 3560 1976 haecmagi-s,

1978 2006 2072 2060 ille
2095 2004 2300 2058 minus.

2049 2094 2206 2150 Totis
2233 2094 2472 2158 viribus,
2513 2101 2577 2148 ut
2605 2107 2817 2147 summa
2844 2091 3051 2156 dicam,
3084 2106 3211 2146 cum
3232 2090 3528 2161 616mm
3547 2115 3563 2126 -

1977 2202 2052 2242 no
2082 2187 2246 2242 nobis
2269 2185 2705 2258 digladiandum,
2737 2194 2799 2240 ut
2849 2181 2949 2255 per
2981 2183 3250 2254 vigiliam,
3310 2180 3559 2250 longiora

1975 2278 2104 2333 vitae
2133 2278 2309 2348 spatia
2333 2290 2762 2345 consequamur.

2048 2371 2287 2427 Somnus
2317 2369 2471 2423 velut
2507 2367 2732 2438 quidam
2761 2367 3112 2437 publicanus,
3170 2379 3343 2435 prope
3399 2361 3564 2417 dimi-

1974 2463 2129 2518 dium
2160 2462 2284 2517 vitae
2305 2468 2534 2529 tempus
2557 2458 2718 2514 nobis
2744 2456 2950 2512 aufert.

2047 2555 2285 2610 Tantum
2317 2552 2475 2607 abest
2508 2559 2570 2606 ut
2599 2549 2844 2604 interdiu
2876 2546 3269 2602 dormiendum
3343 2544 3439 2606 sit,
3498 2551 3565 2597 ut

1973 2657 2030 2705 et
2081 2648 2262 2704 noctis
2297 2655 2512 2717 partem
2561 2643 2856 2698 maximam
2888 2639 3120 2710 ,vigiliae
3181 2638 3252 2693 sit
3301 2636 3559 2691 tribuen-z

1972 2740 2125 2796 dum.

2043 2830 2327 2885 Democrit;
2379 2857 2450 2868 —
2494 2825 2677 2882 Mente
2730 2823 2870 2904 vigil
2909 2830 3067 2889 esto;
3129 2820 3225 2892 qui
3279 2819 3428 2874 enim
3475 2817 3562 2871 illi

1972 2935 2201 2976 somnus
2234 2918 2484 2984 obvenit,
2537 2931 2682 2972 vera:
2731 2914 2926 2971 mortis
2967 2921 3236 2984 cognatus
3285 2919 3342 2967 et
3379 2907 3559 2964 amnis
3652 2907 3659 2910 ’

1970 3004 2209 3059 exsistit.

2042 3093 2238 3150 Diurni
2273 3092 2452 3149 somni
2495 3106 2700 3161 corpus
2757 3096 3023 3161 gravant,
3087 3095 3183 3143 aut
3231 3085 3418 3141 animo
3464 3091 3562 3137 ta:-

275 3153 627 3229 ἀδημοσύγην
649 3201 665 3229 ,
719 3163 752 3233 ἢ
788 3164 990 3238 ἀργίην
1021 3169 1054 3241 ἢ
1087 3153 1450 3233 ἀπαιδευσίαν
1482 3153 1862 3253 σημαὲνὸυέιῖ

2015 3189 2124 3242 ium
2155 3203 2220 3242 ac
2251 3186 2692 3254 mmstitudinem
2717 3182 2978 3246 afferunt,
3015 3190 3112 3236 aut
3144 3178 3307 3233 otiosi
3341 3176 3559 3248 segnis-

343 3338 704 3410 Φιλοστράτ.
722 3371 792 3388 -~
806 3346 940 3402 Οὐδὲ
963 3350 1072 3422 γὰρ
1094 3353 1144 3406 oi
1172 3355 1449 3428 σώφρονες
1472 3363 1568 3417 καὶ
1591 3369 1869 3425 σπουδαῖοι

1971 3296 2078 3352 que
2138 3280 2307 3335 animi
2337 3279 2546 3335 indicio
2577 3287 2727 3344 sunt,
2768 3285 2864 3332 aut
2894 3271 3313 3342 indisciplinati.

2039 3369 2377 3424 Philostrati.
2406 3368 2600 3434 —Qui
2641 3366 2926 3437 sapientes
2953 3372 3010 3418 et
3031 3361 3200 3418 sobrii
3252 3368 3403 3425 sunt,
3435 3367 3558 3412 stu-

272 3431 598 3542 νυστάζουσι
623 3474 638 3501 ,
693 3439 800 3492 κᾶν
844 3445 1036 3514 πορρω
1068 3445 1177 3499 τῶν
1201 3440 1415 3506 νυκτῶν
1444 3457 1864 3523 σπουδάζουσιν.

272 3525 345 3548 n..
397 3525 505 3548 --L_
562 3527 618 3548 ΕΡ
671 3530 696 3548 Λ
861 3535 874 3548 ⁸
956 3537 968 3548 ³
1077 3540 1091 3548 ⁸
1141 3539 1164 3548 “
1360 3545 1383 3548 ’“

2009 3460 2225 3530 iosique
2241 3475 2307 3514 ac
2337 3459 2575 3524 strenui,
2602 3471 2890 3526 nunquam
2943 3453 3272 3516 dormitant,
3335 3449 3563 3505 etiamsi

272 3523 348 3632 9:3
386 3525 509 3632 Ι’γὰρ
560 3527 763 3632 ἕξωθρν
813 3535 1096 3632 αὐτοὺς-δ
1140 3539 1307 3632 ὐλπνος
1349 3545 1540 3620 ὥσπερ
1573 3551 1863 3626 δεσπότης,

2007 3552 2152 3608 tudia
2177 3567 2276 3606 sua
2303 3552 2359 3606 in
2385 3551 2612 3604 multam
2644 3523 2866 3602 noctem
2888 3545 3220 3616 producant.
3245 3543 3368 3598 Non
3386 3541 3552 3603 enim

273 3613 506 3708 ύδρίσας
552 3619 632 3683 είς
660 3620 753 3675 τὸν
782 3624 986 3694 αὐχένα
1011 3627 1408 3700 δεδουλωμένον
1437 3613 1545 3690 ὑπὸ
1568 3639 1663 3692 τοῦ
1685 3613 1862 3695 οἴνουί

2007 3655 2196 3695 smnus
2233 3649 2495 3708 tanquam
2527 3636 2790 3692 dominus
2823 3650 2920 3690 eos
2945 3633 3214 3701 extrudit,
3276 3629 3565 3686 cervicem

269 3705 387 3758 ἀλλ’
411 3708 692 3803 έλεύθεροί
721 3730 779 3766 τε
815 3716 911 3769 καὶ
938 3717 1091 3789 ὀρθοὶ
1120 3723 1426 3788 φαίνονται.
1472 3729 1862 3803 Καταδαρθένο

2007 3733 2097 3787 ino
2131 3732 2416 3787 subactam
2435 3728 2787 3784 contumeliae
2810 3727 3022 3782 habens
3036 3739 3270 3794 eamque
3295 3729 3551 3784 tentans;

268 3814 366 3906 τες
407 3799 469 3906 δέ
522 3801 744 3906 καθαρᾷ
791 3809 858 3906 τῇ
900 3807 1044 3881 ψυχῇ
1086 3811 1333 3882 δέχονται
1373 3818 1465 3872 τὸν
1500 3819 1668 3876 ὕπνον
1685 3799 1712 3888 ,⁷
1737 3825 1861 3880 οὔτε

2007 3823 2062 3878 ad
2088 3823 2254 3878 liberi
2278 3821 2529 3890 rectique
2555 3818 2999 3888 conspiciuntur.
3023 3815 3368 3870 Dormientes
3395 3825 3549 3873 vero,

272 3890 377 3943 ὑπὸ
402 3892 512 3999 τιῖιν
536 3895 857 3999 εὐπραγιῶν
885 3902 1402 3977 ἀνακουφιζόμενοι,
1424 3911 1550 3966 οὐτε
1574 3913 1678 3968 ὐπὸ
1701 3933 1866 3970 κακο-

2007 3902 2113 3972 ora:
2134 3923 2322 3971 mente
2347 3929 2601 3971 somnum
2636 3911 2967 3981 suscipiunt,
2996 3917 3058 3964 ut
3087 3920 3267 3976 neque
3295 3901 3561 3958 secundis

269 3987 519 4086 πραγίας
559 3987 706 4086 τινὸς
739 3991 1175 4086 ,ὲκτρὼσκοντεᾳ
1233 4000 1558 4073 Σύμμετρος
1583 4005 1694 4077 γὰρ
1725 4007 1863 4079 πρὸς

2007 4006 2134 4062 ebus
2157 4006 2339 4062 levius
2361 4004 2689 4067 efferantur,
2721 4015 2905 4070 neque
2940 3999 3070 4053 ullis
3120 3993 3372 4050 adversis
3415 3991 3563 4061 deji-

268 4071 438 4176 ἄμιρο)
491 4075 668 4176 ταῦτα
723 4079 870 4176 Ψυχὴ
922 4085 1202 4176 νηφουσα,
1269 4071 1369 4143 καὶ.
1415 4071 1701 4165 οὐδετέρου

2007 4097 2206 4151 lantur.
2236 4097 2297 4151 In
2319 4095 2572 4166 utrisque
2603 4093 2754 4149 enim
2782 4107 2939 4146 mens
2965 4087 3152 4145 sobria
3209 4083 3555 4140 moderatio-

270 4164 462 4219 παθῶν
492 4167 693 4276 ηττων·
731 4170 856 4225 ὅθεν
889 4175 983 4228 καὶ
1014 4178 1269 4234 καθεύδει
1303 4182 1500 4253 ἥδιστα
1530 4164 1626 4240 καλ
1655 4189 1858 4244 ἀλυπό-

2007 4204 2092 4243 em
2127 4197 2300 4254 tenet,
2336 4164 2647 4258 neuti-eque
2665 4201 2724 4240 se
2751 4183 2952 4240 aﬂectu
2985 4179 3131 4235 vinci
3180 4176 3409 4248 patitur.
3440 4175 3550 4228 Ita-

267 4271 428 4323 τατα,
468 4263 544 4332 μὴ
578 4263 910 4338 ἐξισταμένη
941 4269 1034 4323 τοῦ
1063 4269 1254 4328 ὕπνου.

2007 4295 2072 4335 ue
2093 4289 2149 4336 et
2181 4281 2508 4336 suavissime
2543 4279 2736 4335 etsine
2767 4275 3042 4340 molestia,
3071 4287 3266 4330 somno
3300 4285 3413 4326 non
3468 4268 3554 4322 in-.

1963 4381 2237 4445 tercepto,
2267 4372 2497 4430 dormit.

3464 4445 3501 4466 ο

863 4553 1083 4610 ΛΟΓΟΣ
1116 4559 1173 4612 Λ¹
1196 4559 1261 4614 ⁵τ.

2527 4569 2759 4626 SERMO
2802 4567 2972 4622 XXX.

872 4670 1014 4737 Περὶ
1037 4672 1246 4742 μέθης.

2558 4685 2636 4738 De
2672 4683 2943 4738 ebrietate.

335 4775 519 4876 Λριικ.
548 4775 661 4876 xa':
718 4808 788 4820 —
823 4779 1149 4876 *Προσέχετε
1202 4788 1456 4856 ἑαυτοῖς,
1502 4790 1714 4863 μήποτε
1757 4793 1856 4865 βα-

2030 4795 2159 4851 Luc.
2183 4810 2295 4859 χιι,
2323 4794 2413 4848 54.
2440 4822 2509 4832 -
2530 4792 2817 4848 Attendite
2851 4789 3033 4855 vobis,
3066 4804 3137 4844 ne
3174 4787 3398 4858 quando
3423 4805 3552 4860 gra-

273 4863 542 4958 ρυνθῶσιν
599 4870 656 4922 αἱ
707 4870 930 4941 καρδίαι
978 4874 1136 4945 ὑμῶν
1179 4877 1238 4931 ἐν
1271 4880 1554 4955 κραιπάλῃ
1589 4883 1684 4937 καὶ
1716 4863 1856 4958 μέθῃ

2007 4895 2159 4943 antur
2189 4885 2357 4941 corda
2386 4892 2571 4940 vestra
2593 4883 2651 4938 in
2681 4884 2910 4954 crapula
2943 4891 3000 4938 et
3023 4881 3298 4937 ebrietate
3320 4889 3378 4935 et
3398 4882 3562 4936 curis

270 4955 365 5056 afui.
400 4958 696 5056 μερίμναις
722 4961 1018 5032 βιοτικαῖς⁶
1058 4968 1154 5022 καὶ
1185 4971 1469 5041 αἰφνιδίως
1504 4972 1630 5040 ὑμῖν
1657 4955 1856 5048 ἐπιστῇ

2007 4980 2129 5051 ujus
2157 4977 2283 5033 vitae
2321 4995 2334 5032 :
2361 4985 2418 5032 et
2449 4976 2808 5048 superveniat
2867 4975 2925 5030 in
2976 4989 3077 5030 vos
3106 4973 3396 5044 repentina
3427 4973 3549 5030 dies

271 5048 304 5117 ἦ
334 5049 516 5119 ἡμέρα
547 5052 755 5125 ἐκείνη.
1473 5090 1481 5094 -

2007 5072 2077 5126 la.

355 5141 526 5212 Ῥωμ.
552 5151 645 5212 ιγ’.
670 5146 842 5211 -Ὢς
867 5147 926 5202 ὲν
951 5150 1136 5223 ἡμέρᾳ
1165 5153 1524 5227 εὐσχημόνως
1550 5166 1860 5235 περιπατή-

2037 5163 2190 5218 Rom.
2222 5178 2336 5226 XIII,
2393 5163 2479 5218 i5.
2501 5192 2571 5202 —
2601 5159 2756 5216 Sicut
2790 5159 2847 5213 in
2903 5158 2993 5214 die
3024 5158 3255 5214 honeste
3305 5158 3539 5213 ambule-

271 5250 486 5340 σωμεν.’
543 5235 620 5310 μὴ
669 5237 888 5310 κώμαις
940 5243 1038 5297 καὶ
1080 5245 1316 5315 μέθαις,
1378 5250 1452 5323 μὴ
1513 5253 1722 5320 κοίταις
1766 5258 1860 5312 καὶ

2007 5272 2094 5312 ius
2128 5275 2140 5310 :
2180 5269 2290 5310 non
2314 5255 2372 5309 in
2401 5250 3386 5314 eomessationibusetebrietatibus,
3436 5265 3560 5305 non.

271 5326 573 5393 ὰσελγίαις.

347 5419 458 5442 ν-.
516 5417 557 5442 κ
695 5420 885 5442 σιμ...
1137 5430 1197 5442 --
1359 5435 1371 5442 .
1455 5431 1481 5442 -
1662 5439 1730 5442 __

2007 5372 2023 5410 ι
2055 5353 2337 5410 cubilibus
2366 5362 2424 5406 et
2451 5347 2836 5419 impudicitiis.

337 5419 492 5527 2:01..
511 5417 575 5480 ζ’.
595 5420 926 5527 --.⁹Αγαθδν
957 5430 1295 5504 πορευθῆναι
1325 5435 1406 5500 είς
1428 5431 1577 5491 οἷκον
1607 5439 1858 5507 πένθους,

2037 5443 2214 5500 Eccle.
2249 5459 2342 5509 vn,
2377 5443 2431 5496 5.
2461 5440 2758 5493 —Bonum
2789 5445 2874 5491 est
2901 5436 2984 5492 ire
3007 5435 3061 5490 in
3087 5435 3310 5490 domum
3342 5435 3556 5500 luctus,

269 5505 297 5574 ἢ
332 5511 414 5573 είς
440 5507 592 5566 οἶκον
621 5513 810 5569 πότου.
834 5535 836 5537 ·
1821 5505 1850 5507 ἡ

2007 5553 2130 5593 uam
2167 5537 2220 5590 in
2253 5535 2476 5589 domum
2507 5529 2766 5586 convivii.

340 5603 586 5673 Παροιμ.
748 5639 817 5648 -
840 5611 931 5681 Μὴ
965 5611 1076 5667 ἴσθι
1107 5617 1421 5691 οἰνοπότης·
1479 5625 1585 5690 πᾶς
1617 5625 1726 5696 γὰρ
1763 5627 1858 5698 μέ-

2035 5627 2195 5682 Prov.
2224 5642 2374 5688 xxm,
2403 5623 2492 5686 20,
2525 5621 2616 5673 21.
2651 5619 2862 5674 -Νοιὶ
2891 5636 3014 5675 esse
3040 5619 3156 5676 viui
3190 5619 3389 5686 bibax;
3424 5635 3543 5675 om~

273 5691 432 5756 ουτος
464 5698 789 5768 πτωχεύσει.
1629 5691 1637 5694 ⁷
1698 5691 1707 5696 ’
1763 5691 1773 5698 ⁷

2007 5719 2060 5774 is
2079 5718 2226 5774 enim
2252 5717 2382 5770 vino
2405 5713 2622 5769 deditus
2654 5711 3008 5767 mendicabit.

347 5811 388 5841 ⁸⁷
419 5813 475 5867 In
509 5813 674 5870 Gesn.
701 5815 917 5876 διοικιτο
945 5819 1033 5876 88.
