3990 6358
489 383 596 448 833

489 586 797 642 nitionibus
831 585 947 640 suis
973 585 1251 656 relinquet
1276 586 1576 642 infamiam.

560 677 728 732 Eccli.
781 692 926 743 χιιι,
963 678 1050 732 41.
1087 678 1240 732 -Ιιι
1298 679 1552 734 convivio
1599 679 1712 734 vini
1756 695 1828 735 ne
1875 692 2077 748 arguas

489 771 829 840 proximum,
865 777 921 825 et
968 784 1078 824 non
1135 770 1406 839 despicias
1458 786 1585 826 eum
1618 771 1675 826 in
1731 770 2076 844 iucunditate

492 861 663 916 illius.

562 953 772 1010 Basilii.
801 985 874 996 —
910 956 981 1012 Ut
1029 955 1176 1009 enim
1232 969 1375 1025 aqua
1430 956 1756 1012 adversatur
1818 955 1951 1027 igni,
1996 955 2078 1010 sic

492 1045 609 1100 vini
645 1046 1042 1102 immoderatus
1070 1056 1236 1116 potus
1259 1047 1535 1103 rationem
1572 1046 1898 1117 exstinguit.

563 1136 821 1208 Optimus
842 1138 957 1192 vini
990 1148 1156 1209 potus
1173 1138 1372 1194 modus
1395 1149 1501 1204 est,
1537 1139 1792 1210 corporis
1824 1151 2078 1192 necessa-

495 1242 612 1281 I'IUS
637 1243 792 1282 usus.

550 1319 716 1389 617
739 1319 995 1376 Ebrietas
1039 1320 1333 1376 Dominum
1366 1339 1477 1377 non
1511 1322 1775 1392 suscipit;
1807 1320 2077 1391 Spiritum

491 1421 744 1467 sanctum
779 1413 1026 1482 expellit.
1071 1413 1207 1468 Nam
1243 1413 1428 1468 fumus
1457 1413 1682 1482 quidem
1729 1427 1860 1484 apes
1891 1409 2076 1481 fugat;

493 1503 718 1572 crapula
746 1519 880 1558 vero
913 1503 1184 1574 spiritalia
1207 1503 1350 1558 dona
1381 1503 1653 1558 eliminat.

557 1595 818 1666 Theologi.
849 1626 917 1636 —
949 1597 1129 1667 Atque
1167 1597 1226 1650 hi
1259 1597 1482 1666 quidem
1512 1596 1581 1651 ad
1609 1597 1758 1650 hunc
1784 1594 2010 1650 modum
2062 1611 2075 1649 :

491 1701 594 1741 nos
612 1696 794 1742 autem
831 1687 886 1742 in
914 1687 1042 1743 altis
1063 1695 1120 1743 et
1147 1688 1485 1743 sublimibus
1509 1689 1688 1752 lectis,
1721 1687 2078 1757 eximiisque,

1664 386 1724 445 S.
1765 382 2053 444 MAXIMI
2087 381 2599 444 CONFESSORIS
3638 377 3726 442 885

559 491 663 560 Qui
693 491 928 548 libenter
950 490 1006 545 in
1033 490 1143 545 vini
1169 492 1548 561 potationibus
1574 501 1843 558 moratur,
1868 495 1926 549 in
1950 511 2075 550 mu-
2106 497 2154 555 Δ

2261 492 2366 558 ’Ὀς
2395 495 2543 546 ἔστιν
2569 487 2705 563 ’ἡδὺς
2731 492 2790 546 ἐν
2815 490 2976 545 οἴνων
2998 489 3325 558 διατριϐαῖς,
3354 487 3412 540 έν
3431 487 3538 553 τοῖς
3559 489 3726 546 ἑαυτοῦ

2175 586 2500 658 ὀχυρώμασι
2533 584 2858 654 καταλείψει
2886 583 3136 653 ἀτιμίαν.

2247 679 2429 750 Σιρὰχ
2475 683 2592 734 .la'.
2619 708 2688 720 —
2718 678 2806 731 Ἐν
2839 675 3126 748 συμποσίῳ
3154 675 3299 728 οἴνου
3338 673 3412 746 μὴ
3442 673 3624 745 ἔλεγχε
3650 677 3729 731 τὸν

2178 771 2446 842 πλησίον,
2499 771 2596 824 καὶ
2649 770 2726 840 μὴ
2762 765 3131 840 ἐξουδενώσῃς
3160 765 3324 821 αὑτὸν
3370 768 3426 819 ἐν
3451 766 3730 838 εὐφροσύνῃ

2179 860 2368 915 αὑτοῦ.

2251 956 2466 1009 Βασιλ.
2485 953 2554 992 4—
2589 951 2807 1023 ’Ὠσπερ
2836 950 2946 1022 γὰρ
2980 949 3125 1023 ὕδωρ
3173 948 3432 1018 πολέμιόν
3460 949 3572 1001 ἐστι
3596 948 3732 1018 πυρὶ,

2177 1027 2353 1109 οὕτως
2373 1045 2614 1116 ἀμετρία
2630 1043 2774 1098 οἴνου
2799 1043 3058 1112 λογισμὸν
3073 1041 3468 1096 κατασὸέννυσι
3485 1037 3732 1110 σώφρονα.

2249 1139 2466 1210 Μέτρον
2495 1137 2720 1209 ἄριστον
2751 1135 2853 1205 τῆς
2885 1136 2980 1188 τοῦ
3009 1136 3155 1190 οἴνου
3187 1133 3437 1205 χρήσεως
3459 1173 3475 1198 ,
3531 1133 3564 1202 ἡ
3596 1131 3737 1202 χρεία

2179 1228 2274 1284 τοῦ
2303 1227 2582 1299 σώματος.

2250 1320 2430 1392 Μέθη.
2465 1319 2670 1391 Κύριον
2698 1319 2798 1390 οὐχ
2818 1316 3162 1390 ὑποδέχεται.
3194 1313 3420 1384 Πνεῦμα
3451 1312 3600 1380 ἅγιον
3622 1310 3738 1364 ἀπο-

2179 1411 2390 1466 διὼκει.
2437 1413 2660 1475 Καπνὺς
2693 1413 2791 1482 μὲν
2825 1412 2936 1482 γὰρ
3001 1407 3295 1480 φυγαδεύει
3327 1405 3617 1477 μελίσσας·
3648 1420 3736 1474 χα-

2185 1504 2427 1577 ρίσματα
2453 1505 2509 1558 δὲ
2540 1504 2892 1574 πνευματικὰ
2922 1500 3222 1557 ἀποδιὼκει
3253 1495 3554 1568 κραιπάλη.

2256 1598 2428 1649 Θεολ.
2465 1625 2536 1634 -
2569 1596 2680 1648 Καὶ
2720 1596 2770 1648 οί
2808 1594 2908 1666 μὲν
2945 1593 3216 1661 πένητες,
3263 1588 3472 1651 οὕτως’
3504 1588 3654 1657 ἡμεῖς
3691 1585 3739 1639 δὲ

2183 1686 2593 1756 ἀνακεισόμεθα
2623 1687 2870 1758 λαμπροὶ
2898 1684 3188 1756 λαμπρῶς,
3221 1682 3316 1736 ἐπὶ
3351 1679 3598 1741 στιϐάδος
3624 1677 3741 1746 ὕψηο

490 1786 548 1832 οι
585 1793 706 1847 qua:
737 1793 876 1846 pene
910 1785 1136 1848 tangere
1170 1780 1322 1834 nefas
1350 1780 1443 1845 sit,
1474 1778 1764 1849 stragulis,
1802 1777 2078 1849 splendidi

2186 1779 2280 1850 λῆς
2308 1797 2368 1833 τε
2401 1780 2494 1832 καὶ
2525 1779 2804 1851 μετεώρου
2829 1822 2844 1846 ,
2893 1779 2990 1833 καὶ
3024 1775 3132 1830 τῶν
3161 1773 3436 1845 περιττῶν
3465 1773 3558 1825 καὶ
3583 1769 3741 1838 ἀψαύ-

491 1868 782 1944 splendide
831 1847 1244 1925 recumbemus.
1297 1869 1367 1924 Et
1406 1847 1631 1940 quidem
1679 1868 1758 1924 illi
1818 1847 2080 1940 praeclare

2186 1847 2327 1926 στων
2356 1847 2766 1942 ἐπιϐλημάτων.
2792 1871 2904 1925 Καὶ
2935 1871 3048 1933 τοῖς
3085 1867 3184 1940 μὲν
3209 1865 3377 1928 πολὺς
3394 1864 3440 1897 ⁸⁸
3477 1862 3632 1933 κόρος
3660 1861 3741 1913 καὶ

490 1977 677 2016 secum
725 1961 812 2032 agi
859 1961 1165 2031 putabunt,
1199 1961 1244 2016 si
1271 1961 1358 2016 vel
1405 1977 1546 2031 aqua
1584 1960 1948 2030 expleantur;
1983 1976 2084 2016 nos

491 2063 676 2108 autem
706 2053 819 2106 vini
846 2053 1044 2123 pocula
1073 2069 1246 2124 usque
1271 2053 1337 2108 ad
1366 2054 1694 2125 ebriQatem
1721 2053 2042 2109 hauriemus
2067 2070 2080 2106 :

492 2143 606 2198 imo
654 2143 820 2198 etiam
857 2144 1001 2198 ultra
1031 2145 1410 2199 temulentiam
1438 2187 1452 2206 .
1485 2144 1634 2215 quod
1667 2145 1861 2200 saltem
1889 2145 1958 2199 ad
1986 2161 2085 2201 eos

492 2231 696 2288 attinet
727 2233 820 2303 qui
854 2235 1062 2304 majore
1113 2235 1543 2304 intemperantia
1591 2235 1876 2302 laborant;
1913 2245 2081 2306 atque

492 2338 562 2378 ex
616 2324 871 2394 pluribus
922 2310 1068 2380 vinis
1118 2326 1225 2380 alia
1254 2326 1606 2397 rejiciemus;
1659 2328 1788 2393 alia,
1836 2336 1898 2382 ut
1952 2344 2082 2383 sua-

495 2413 582 2468 via
615 2422 671 2468 et
705 2422 880 2485 grata,
934 2415 1331 2486 probabimus,
1363 2416 1432 2471 de
1473 2417 1598 2471 aliis
1645 2417 1815 2472 etiam
1840 2418 2088 2487 philoso-

493 2505 815 2575 phabimur,
849 2516 1016 2577 atque
1051 2507 1392 2562 detrimento
1416 2497 1706 2574 ducemus,
1746 2507 1852 2564 nisi
1880 2508 1949 2563 ad
1985 2525 2084 2579 pa-

496 2592 684 2658 trium,
712 2594 879 2650 etiam
929 2596 1207 2651 exoticum
1255 2597 1534 2668 quoddam
1565 2598 1754 2653 vinum
1804 2598 1950 2654 inter
1977 2599 2085 2654 alia

495 2685 715 2742 celebre
749 2687 903 2743 velut
934 2677 1555 2760 tyrannus'accesserit.
1595 2689 1706 2745 Nos
1733 2691 1938 2760 quippe
1963 2691 2086 2745 lau-

2185 1960 2381 2026 ὓδατος
2401 1977 2415 1991 ⁶
2450 1963 2582 2032 ἡμῖν
2612 1962 2670 2014 δὲ
2712 1961 2806 2015 καὶ
2839 1961 2999 2032 μέχρι
3043 1958 3215 2029 μέθης
3246 1957 3296 2009 οἱ
3326 1954 3420 2008 τοῦ
3450 1952 3590 2006 οἴνου
3623 1967 3742 2019 κρα-

2178 2059 2379 2128 τῆρες·
2415 2057 2617 2128 μᾶλλον
2660 2057 2716 2111 δὲ
2751 2055 2848 2110 καὶ
2891 2056 3031 2126 ὑπὲρ
3066 2053 3238 2123 μέθην
3264 2053 3377 2113 τοῖς
3414 2042 3744 2102 ἀκολαστοτέ-

2185 2164 2300 2218 ροις
2321 2165 2335 2179 ·
2367 2149 2463 2202 καὶ
2489 2149 2584 2202 τὸν
2619 2148 2716 2218 μὲν
2749 2145 3196 2215 ἀποπεμψάμεθα
3224 2140 3335 2195 τῶν
3365 2141 3547 2202 οἴνων,
3575 2135 3663 2188 τὸν
3693 2132 3742 2184 δὲ

2180 2239 2546 2310 ἐκκρινοῦμεν
2576 2241 2651 2303 ὼς
2683 2238 2981 2308 ἀνθοσμίαν
3005 2251 3020 2266 ⁸
3067 2235 3197 2306 περὶ
3243 2234 3301 2288 δὲ
3331 2231 3427 2286 τοῦ
3469 2226 3744 2298 φιλοσοφή-

2184 2349 2387 2403 σομεν·
2429 2333 2606 2402 ζημία
2634 2331 2715 2397 δὲ,
2748 2333 2798 2384 εί
2827 2330 2902 2402 μὴ
2929 2329 3229 2401 προσέσται
3263 2325 3340 2396 τῷ
3365 2321 3630 2393 ἐγχωρίῳ,
3661 2317 3745 2370 καὶ

2181 2423 2293 2478 τῶν
2321 2423 2740 2495 ὀνομαζομένων
2768 2423 2934 2490 ξένων
2974 2438 3058 2485 τις
3077 2460 3093 2485 ,
3125 2419 3318 2490 ὥσπερ
3346 2415 3630 2487 τύραννος.
3668 2409 3748 2495 Δεῖ

2182 2512 2293 2584 γὰρ
2323 2493 2472 2584 ἡμᾶς
2502 2493 2706 2582 ἁδροὺς
2744 2511 2840 2564 καὶ
2870 2511 2970 2580 τῆς
3000 2509 3188 2581 χρείας
3234 2502 3648 2586 περιττοτέρως
3676 2493 3745 2550 εί-

2187 2622 2278 2660 ναι
2299 2623 2312 2635 ·
2347 2605 2538 2678 ὥσπερ
2574 2603 3024 2676 αἰσχυνομένους,
3051 2602 3100 2654 εί
3129 2601 3204 2671 μὴ
3238 2598 3406 2654 κακοὶ
3435 2590 3747 2667 νομιζόμεθα

2183 2698 2281 2751 καὶ
2307 2697 2484 2751 δοῦλοι
2514 2697 2776 2768 γαστρὸς,
2808 2695 2903 2749 καὶ
2940 2693 3049 2747 τῶν
3071 2691 3179 2746 ὑπὸ
3209 2690 3479 2762 γαστέρα.

494 2789 582 2836 tos
606 2790 663 2836 et
704 2782 1004 2849 delicatos,
1036 2799 1100 2839 ac
1129 2799 1294 2855 supra
1335 2800 1500 2854 quam
1536 2801 1669 2840 usus
1709 2784 1912 2854 exigat,
1973 2787 2320 2856 profusiores
2357 2807 2480 2848 esse
2523 2799 2693 2862 atque
2732 2790 2928 2846 haberi
2967 2787 3162 2852 decet;
3199 2783 3436 2856 perinde
3468 2790 3630 2851 atque
3660 2789 3748 2831 ve-

495 2885 718 2926 reamur
747 2887 819 2926 ne
850 2887 962 2927 non
1010 2873 1140 2927 mali
1172 2874 1558 2929 existimemur
1583 2915 1598 2939 ,
1645 2875 1969 2944 ventrisque
2019 2891 2085 2933 ac
2121 2895 2495 2938 venereorum
2526 2881 2822 2952 mancipia.

568 2959 835 3031 Chrysost.
868 2990 938 3000 -
965 2960 1070 3027 Qui
1106 2961 1378 3017 ebrietate
1422 2970 1479 3016 et
1519 2963 1738 3017 luxuria
1770 2963 1941 3017 vitam
1977 2963 2085 3018 du-

496 3059 654 3113 cunt,
691 3051 779 3106 his
807 3052 863 3106 in
889 3052 1070 3107 noctis
1098 3053 1357 3107 tenebras
1386 3052 1506 3108 dies
1527 3054 1764 3109 vertitur
1787 3072 1798 3106 :
1824 3070 1935 3108 non
1966 3055 2084 3110 vel-

2263 2972 2566 3039 Χρυσόστ.
2585 3001 2657 3010 —
2678 2971 2804 3034 Τοῖς
2829 2971 2886 3022 έν
2916 2967 3055 3040 μέθῃ
3099 2965 3194 3020 καὶ
3237 2962 3507 3035 ἀκολασίᾳ
3541 2957 3748 3032 βιοῦσιν,

2192 3064 2227 3136 ἡ
2253 3065 2442 3136 ἡμέρα
2471 3064 2608 3136 πρὸς
2633 3064 2696 3118 τδ
2724 3063 2828 3133 τῆς
2857 3062 3056 3125 νυκτὸς
3091 3058 3530 3130 μεταστρέφεται
3559 3051 3747 3113 σκότος·

497 3153 562 3198 ut
610 3144 692 3198 sol
726 3144 1130 3214 exstinguatur,
1179 3145 1274 3200 sed
1309 3145 1456 3216 quod
1487 3160 1681 3200 eorum
1717 3146 1937 3200 animus
1969 3145 2086 3201 vini

2192 3159 2252 3213 ού
2301 3159 2396 3213 τοῦ
2443 3160 2595 3230 ¹ἡλίου
2645 3157 3032 3228 σϐεννυμένου,
3068 3153 3206 3210 ἀλλά
3252 3153 3356 3224 τῆς
3400 3150 3618 3207 ἐκείνων
3657 3146 3752 3200 δια·

496 3235 721 3305 crapula
749 3235 1195 3292 obtenebrescat.

567 3327 807 3398 Evagrii.
829 3327 1053 3394 Vinum,
1085 3345 1320 3401 corpus;
1351 3332 1448 3388 Dei
1491 3348 1676 3389 sermo
1718 3333 1966 3390 animum
1997 3351 2088 3390 ro-

499 3421 681 3476 borat.

567 3511 864 3568 Plutarchi.
897 3544 967 3554 —
1018 3515 1206 3572 Mundi
1250 3518 1477 3588 quidem
1511 3519 1622 3590 igni
1659 3529 1717 3576 et
1751 3536 1910 3591 aqua:
1934 3520 2092 3576 labes

497 3621 563 3660 ac
604 3605 866 3662 interitus
894 3615 1013 3674 est;
1047 3609 1456 3666 luxuriosorum
1479 3629 1614 3669 vero
1643 3629 1778 3684 opes
1803 3613 2091 3670 amoribus

497 3702 768 3750 corruunt
790 3704 847 3752 et
879 3698 1228 3753 temulentia.

558 3805 840 3878 Diogenes.
869 3839 936 3851 —
963 3809 1101 3866 Cum
1135 3811 1216 3866 illi
1248 3811 1303 3867 in
1337 3813 1577 3882 quodam
1605 3815 1862 3870 convivio
1883 3815 2091 3888 largius

499 3913 714 3978 merum
745 3901 1167 3970 propinaretur,
1206 3903 1260 3957 id
1289 3903 1508 3960 eﬁ‘udit.
1545 3904 1706 3970 Quod
1743 3921 1882 3962 vero
1916 3906 2091 3976 aliqui

500 4004 619 4043 rem
663 3990 1053 4060 improbabant
1093 4009 1106 4046 :
1144 3993 1201 4048 Si
1235 3994 1489 4061 ebibero,
1526 3995 1727 4066 inquit,
1763 4013 1877 4052 non
1909 3998 2090 4053 solum

503 4079 692 4135 vinum
721 4081 948 4150 peribit,
987 4083 1082 4138 sed
1110 4092 1167 4139 et
1196 4100 1282 4140 me
1310 4101 1419 4141 una
1445 4101 1636 4142 secum
1667 4088 1882 4158 perdet.

577 4191 1170 4267 Menandri.—lnjuria
1215 4199 1519 4269 vinumque
1550 4199 1861 4255 amicorum
1906 4216 2093 4258 mores

503 4299 568 4338 ac
598 4286 841 4343 indolem
873 4289 1067 4346 amicis
1098 4289 1358 4362 detegere
1382 4291 1586 4348 solent.

503 4405 734 4462 Multum
763 4406 896 4458 meri
930 4421 1124 4475 parum
1147 4421 1334 4474 sapere
1363 4407 1520 4476 cogit.

505 4478 625 4530 Non
667 4476 878 4546 quidem
916 4476 1068 4546 copia
1098 4483 1271 4545 polus,
1296 4477 1341 4529 si
1365 4479 1480 4546 quis
1515 4477 1771 4543 observet,

503 4547 755 4616 Desipere
791 4546 936 4615 facit,
965 4546 1054 4598 sed
1078 4547 1310 4615 potantia
1331 4547 1622 4617 ingenium.

503 4617 782 4690 yolestugn
803 4624 878 4668 est
901 4623 1079 4690 autern
1107 4632 1225 4669 cum
1247 4617 1495 4690 quis‘pra:
1516 4619 1634 4670 vino
1661 4619 1818 4672 nimis
1832 4617 2086 4690 loquitur,

504 4685 652 4740 Nihil
671 4686 860 4748 sciens,
887 4685 1147 4739 simulans
1168 4685 1286 4740 vero
1309 4687 1456 4740 scire.

577 4797 805 4867 Pythag.
832 4825 905 4836 -—
945 4795 1049 4851 Hic
1077 4797 1260 4852 aiebat
1286 4797 1614 4854 ebrietatem
1656 4799 1892 4853 vesaniae
1931 4813 2091 4853 exer-

507 4890 867 4945 citamentum
890 4902 1034 4942 esse.

575 5002 866 5058 Cleostrat.
919 5033 991 5044 —
1036 5001 1381 5059 Cleostratus
1430 5005 1649 5060 cuidam
1681 5005 1788 5060 sibi
1841 5006 2097 5060 dicenti:

2189 3251 2339 3316 νοίας
2369 3250 2760 3324 σκοτιζομένης
2783 3252 2850 3320 τῇ
2886 3248 3048 3320 μέθῃ.

2258 3346 2581 3416 Εὑαγρίου.
2621 3374 2693 3386 -
2720 3341 2982 3398 Ῥώννυσι
3027 3339 3126 3412 μὲν
3171 3333 3314 3402 οἶνος
3351 3335 3544 3408 σῶμαο
3576 3329 3670 3402 τὴν
3705 3327 3752 3380 δὲ

2145 3513 2164 3533 .
2189 3440 2370 3513 ψυχὴν
2399 3440 2560 3509 λόγος
2588 3437 2752 3493 Θεοῦ.

2260 3508 2599 3599 ἠᾷουτάρχ.
2639 3558 2710 3570 -
2756 3527 3046 3599 Φθείρεται
3097 3526 3198 3596 μὲν
3251 3524 3460 3594 κόσμος
3503 3515 3631 3587 πυρὶ
3671 3508 3753 3564 καὶ

2192 3623 2345 3678 ὕδατι
2361 3640 2376 3655 ο
2407 3625 2436 3678 ό
2453 3623 2510 3678 δὲ
2536 3621 2643 3676 τῶν
2667 3621 2984 3676 ἀκολάστων
3009 3618 3263 3681 πλοῦτος,
3294 3615 3461 3687 έρωτι
3489 3609 3582 3665 καὶ
3607 3601 3751 3678 μέθῃ-

2262 3821 2490 3894 Διοτέν.
2509 3852 2583 3864 -
2614 3821 2706 3874 Ἐν
2737 3817 3027 3890 συμποσίῳ
3062 3816 3190 3879 τινὶ,
3222 3812 3424 3868 πολλοῦ
3451 3806 3597 3878 αύτῷ
3625 3803 3753 3859 οἴνου

2190 3914 2495 3985 διδομένου,
2542 3911 2734 3967 τοῦτον
2791 3908 3042 3980 ἐξέχεεν·
3109 3906 3234 3960 ἐπεῖ⁸
3293 3904 3354 3959 δέ
3410 3917 3554 3963 τινες
3609 3894 3756 3985 αύτὸν

2192 3982 2528 4076 ἐμέμφοντο,
2579 4001 2708 4056 Ἐὰν
2747 3999 2859 4070 γὰρ
2887 3998 3076 4061 αὑτὸν,
3109 3995 3214 4066 ἔφη
3243 4033 3257 4057 ,
3293 3992 3490 4057 ἐκπίω,
3517 3988 3576 4042 ού
3612 3982 3755 4056 μόνον

2193 4095 2357 4160 αὐτὸς
2383 4094 2707 4156 ἀπόλλυται,
2742 4091 2882 4146 ἀλλὰ
2908 4089 3055 4161 κάμὲ
3083 4085 3548 4159 προσαπόλλυσιν.

2263 4203 2566 4273 Μενάνδρ.
2586 4233 2658 4244 --
2680 4202 2879 4274 ’Ὕϐρις
2902 4200 2997 4255 καὶ
3023 4195 3168 4263 οἶνος
3201 4193 3614 4252 ἀποκαλύπτειν
3643 4180 3757 4237 εἰώ-

2195 4299 2354 4352 θασιν
2389 4297 2570 4366 φίλοις
2593 4295 2663 4350 τὰ
2689 4293 2796 4366 ἢθη
2829 4294 2939 4346 τῶν
2970 4293 3166 4362 φίλων.

2205 4413 2269 4465 '0
2307 4408 2502 4470 πολὺς
2529 4407 2808 4478 ἄκρατος,
2830 4403 2989 4478 ρλίτ’
3021 4399 3338 4478 ἀναγκάζει
3369 4391 3633 4478 ςξροτςεῒν.

2188 4483 2273 4534 Οὐ
2298 4479 2411 4548 γὰρ
2434 4467 2500 4532 τὸ
2531 4467 2804 4548 πλῆθοςί,
2821 4474 2899 4548 ᾂν
2920 4467 3128 4548 ἀξιοπῇ
3152 4467 3268 4548 τις,
3303 4467 3414 4548 τοῦ
3451 4467 3635 4520 πότου

2125 4557 2167 4612 D
2199 4540 2711 4615 Ποιὲῖίτταροινεῗν,
2741 4540 2848 4615 ea}?
2882 4543 3130 4606 πιόντος
3159 4540 3275 4615 εἷ’-ἠ
3299 4541 3507 4615 φύσις.

2196 4605 2478 4674 Χαλεπὸῦ
2509 4615 2656 4670 ὅταν
2681 4605 2770 4680 τις
2797 4608 2884 4667 ὧν
2919 4616 3065 4678 πίνῃ
3105 4605 3518 4676 πλέον’λατῑῇ,

2197 4687 2408 4756 Μηδὲν
2438 4685 2717 4748 κατιδὼν,
2750 4680 2912 4738 ἀλλὰ
2937 4680 3476 4748 προσποιούμενος.

2268 4806 2496 4872 Πυθαγ.
2518 4830 2590 4842 -
2611 4793 2782 4863 Οὗτος
2812 4797 2968 4865 έλεγε
2995 4837 3012 4863 ,
3039 4794 3151 4866 Τὴν
3185 4792 3380 4864 μέθην,
3412 4787 3604 4863 μανίας
3632 4771 3758 4832 εἶναι

2203 4897 2459 4966 μελέτην.

2270 5007 2644 5072 Klsed-spat.
2693 5031 2760 5041 —
2798 4999 3180 5069 Κλεόστρατος
3225 4993 3364 5066 πρὸς
3411 4992 3502 5045 τὸν
3556 4981 3759 5072 εἰπόντα

509 5097 632 5150 Non
671 5105 723 5150 te
750 5095 944 5166 pudet,
974 5095 1070 5165 qui
1089 5096 1280 5150 ebrius
1308 5096 1386 5150 sis
1411 5138 1426 5161 ,
1449 5097 1737 5167 respondit
1773 5115 1784 5151 :
1821 5098 1935 5152 Nec
1967 5111 2086 5163 vere

2196 5096 2372 5168 αὐτῷ,
2401 5071 2517 5150 Οὐιι
2546 5091 2780 5167 αἰσχύνῃ
2814 5091 3051 5162 μεθύων,
3081 5089 3209 5159 ἔφη,
3237 5088 3310 5141 Σὺ
3333 5087 3390 5140 δὲ
3417 5087 3516 5138 οὐκ
3544 5071 3756 5146 αἰσχύνη

512 5185 748 5254 teipsum
783 5184 977 5256 pudet,
1009 5185 1156 5256 quod
1193 5185 1475 5240 hominem
1505 5188 1723 5241 ebrium
1753 5187 2036 5257 corripis?

572 5279 802 5350 Epictet.
830 5309 900 5318 —
928 5277 1179 5342 Cicades,
1205 5293 1420 5333 canorae
1437 5289 1565 5332 sunt
1589 5298 1601 5345 ;
1624 5280 1864 5335 cochleae
1891 5289 2099 5346 autem,

2201 5189 2468 5262 μεθύοντα
2495 5185 2766 5240 νουθετῶν
2786 5201 2801 5250 ;
2833 5214 2835 5216 -

2283 5272 2660 5345 Ἐπικτήτού.
2687 5309 2756 5318 —-
2791 5276 2855 5330 Οἱ
2897 5275 3140 5342 τέττιγες
3191 5268 3475 5341 μουσικοί·
3509 5264 3557 5316 οἱ
3589 5258 3639 5312 δὲ
3673 5267 3756 5308 κο-

514 5379 711 5438 mutae;
771 5370 1158 5442 gaudentque,
1192 5370 1275 5425 ha:
1324 5371 1549 5440 quidem
1582 5413 1595 5435 ,
1632 5372 1799 5442 618
1869 5373 2086 5428 humidc

2206 5372 2354 5443 χλῑαι
2380 5412 2395 5436 ,
2444 5371 2652 5439 ἄφωνοι
2674 5385 2686 5397 °
2740 5368 2992 5440 χαίρουσι
3026 5365 3084 5418 δὲ
3107 5403 3121 5427 ,
3153 5364 3202 5415 οἱ
3236 5363 3334 5462 μέν
3368 5352 3756 5462 ύγραινξδμενξξ,’

517 5463 826 5527 allahcnte;
876 5462 983 5516 illa:
1017 5477 1172 5524 vero,
1205 5462 1387 5516 calido
1428 5462 1779 5517 confovente.
1831 5461 2086 5518 Cochlea:

2207 5464 2255 5516 οί
2283 5463 2360 5522 δὲ,
2396 5460 2812 5530 ἀλεαινώμενοι.
2835 5458 3069 5509 Ἔπειτα
3097 5451 3473 5523 προκαλεῖται,
3498 5449 3618 5504 τοὺς
3629 5449 3758 5530 ,μξνν

518 5571 610 5609 ros
633 5554 869 5619 excitat,
902 5568 1011 5622 qua
1051 5552 1377 5608 infundente
1413 5553 1724 5625 gurgitibus
1750 5563 1991 5618 exeunt;
2021 5553 2100 5608 ci-

519 5645 681 5699 cadas
720 5645 799 5698 sol
843 5642 1140 5697 ardoribus
1165 5655 1448 5714 provocat,
1491 5661 1590 5714 per
1614 5661 1754 5716 quos
1799 5644 2097 5700 stridulum

2207 5557 2241 5624 ἠ
2268 5551 2487 5624 δρόσοςο
2525 5523 2753 5604 καὶ-ἐπὶ
2800 5547 2972 5617 ταύτῃ
3008 5544 3321 5599 ἑκδύνουσιο
3357 5541 3482 5602 τοὺς
3519 5537 3562 5588 δ’
3592 5523 3756 5624 (ιδ-..δι’

2207 5613 2413 5712 ἐγείρει
2440 5613 2714 5712 ὰκμάςων
2742 5641 2770 5694 ὁ
2812 5613 2984 5706 ἤλιοξ,
3021 5635 3118 5687 και
3143 5633 3200 5686 έν
3233 5630 3383 5701 αὐτῷ
3413 5629 3610 5702 ᾄδουσι.
3643 5613 3758 5667 To:-

1827 5732 2058 5788 VARIA‘]
2097 5731 2502 5789 LECTIONES.

593 5803 638 5834 ⁵⁸
669 5804 725 5856 Β.
767 5804 896 5855 πολύ
923 5821 992 5855 τι.
