3990 6360
239 371 346 434 885

1547 376 1722 437 LOCI
1760 375 2197 438 COMMUNES.

238 488 444 561 γαροῦν
473 489 522 542 εί
553 487 734 560 βούλει
763 490 1026 561 μουσικὸς
1055 491 1148 544 καὶ
1175 490 1517 562 εὐάρμοστος
1549 494 1821 565 ὑπάρχειν

1965 497 2100 551 telos
2133 494 2466 550 cantilantes
2507 495 2704 550 edunt.
2758 495 2904 568 Ergo
2933 497 2979 551 si
3029 497 3238 550 musice
3271 510 3505 549 canorus

237 580 382 650 ἀνὴρ
407 622 422 648 ,
457 582 620 651 ἡνίκα
662 581 760 652 μὲν
789 583 845 634 ἐν
878 585 990 645 τοῖς
1021 583 1207 647 πότοις
1243 584 1347 636 ὑπὸ
1393 584 1485 638 τοῦ
1516 587 1661 640 οἴνου
1693 589 1816 656 δρο-

236 674 398 745 σισθῇ
429 674 632 745 ἡψυχὴ
661 716 674 739 ,
706 676 829 728 τότε
858 675 1027 746 αὐτὴν
1069 677 1146 746 μὴ
1176 676 1241 729 ἔα
1266 676 1567 747 προϊοῦσαν
1595 677 1821 748 μολύνε-

238 765 395 819 σθαι’
443 765 563 821 ἀλλ’
595 766 758 836 ἡνίκα
794 769 851 819 ἐν
880 771 996 831 τοῖς
1043 768 1342 839 συνεδρίοις
1375 769 1482 822 ὑπὸ
1521 771 1618 823 τοῦ
1657 770 1818 838 λόγου

232 858 556 929 διαπρωθῇ
584 898 599 923 ,
625 859 744 911 τότε
773 857 1054 925 θεσπίζειν
1082 861 1177 914 καὶ
1202 860 1349 933 ᾄδειν
1373 861 1442 915 τὰ
1469 861 1574 932 τῆς
1615 861 1822 916 δικαιο-
1862 867 1870 872 ’

239 948 408 1018 σύνης
441 949 631 1002 κέλευε
662 948 840 1016 λόγια.

302 1042 540 1110 Αίσχίν.
570 1071 641 1083 -
673 1041 1002 1114 Κάτοπτρον
1047 1041 1225 1107 εἴδους
1267 1042 1468 1114 χαλκός
1499 1045 1633 1111 ἐστ’,
1681 1039 1824 1110 οἶνος

235 1132 295 1186 δὲ
323 1130 439 1186 νοῦ.

324 1224 698 1296 Ἀνάχαρσις.
725 1255 796 1266 -
819 1225 1169 1296 Κιρναμένου
1214 1227 1496 1298 κρατῆρος
1544 1227 1824 1298 ὲφεστίου,

237 1317 334 1372 τὸν
370 1317 472 1387 μὲν
503 1317 724 1388 πρῶτον
750 1317 942 1387 ὑγείας
963 1333 976 1348 ·
1027 1318 1118 1372 τὸν
1163 1313 1220 1372 δὲ
1266 1318 1542 1390 δεύτερον,
1591 1319 1789 1391 ἡδονῆς
1810 1335 1822 1348 ·

237 1408 335 1463 τὸν
361 1407 417 1462 δὲ
448 1408 654 1480 τρίτον,
684 1407 896 1480 ὖσρεως
917 1425 930 1439 ο
961 1409 1055 1462 τὸν
1084 1407 1143 1461 δὲ
1169 1408 1499 1476 τελευταῖον,
1536 1410 1754 1480 μανίας.

314 1585 586 1655 Πλάτων,
619 1617 690 1627 -
713 1585 944 1641 Μεθύων
970 1587 1335 1658 κυϐερνήτης,
1361 1586 1456 1640 κα)⁵
1486 1589 1594 1648 πᾶς
1629 1588 1828 1653 παντὸς

239 1679 452 1749 ἄρχων,
497 1676 795 1748 ἀνατρέπει
844 1679 1058 1744 πάντα,
1106 1679 1215 1732 εττε
1250 1679 1454 1744 πλοῖον,
1496 1680 1606 1733 εἴτε
1653 1680 1826 1753 ἆρμα,

239 1768 357 1822 εἴτε
391 1769 779 1838 στρατόπεδον,
811 1769 922 1823 εἴτε
955 1770 984 1823 ὅ
1022 1769 1076 1824 τί
1108 1787 1239 1824 ποτε
1273 1771 1357 1842 εῐη
1387 1771 1448 1825 τὸ
1478 1772 1830 1845 κυϐερνώμε-

240 1879 336 1916 νον
359 1861 451 1915 ὑπ⁹
484 1859 674 1918 αὐτοῦ.

319 1954 746 2022 Σοφοκλείους.
795 1984 864 1996 --
903 1956 1180 2026 Σοφοκλῆς
1226 1957 1508 2028 ἐμέμφετο
1552 1959 1827 2030 Αἰσχύλῳ,

241 2046 330 2099 ὅτι
389 2045 604 2115 μεθύων
653 2045 885 2119 ἔγραφε.
933 2048 1045 2106 Καὶ
1078 2049 1188 2121 γὰρ
1219 2052 1267 2105 εἱ
1313 2052 1384 2105 τὰ
1423 2051 1617 2106 δέοντα
1663 2055 1826 2121 ποιεῖ,

244 2138 438 2207 φησὶν,
463 2136 579 2191 ἀλλ’
608 2138 708 2192 οὐκ
737 2137 895 2204 είδώς
921 2157 1010 2208 γε.
1626 2175 1628 2178 ν

332 2227 635 2295 Ἐπικτήτ.
668 2257 739 2268 -
775 2230 842 2282 Ἥ
873 2229 1120 2300 ἄμπελος
1164 2235 1316 2306 τρεῖς
1362 2234 1598 2306 βότρυας
1643 2237 1827 2308 φέρει,

243 2317 342 2371 τὸν
379 2319 480 2387 μὲν
512 2320 728 2389 πρῶτον
769 2323 991 2394 ἡδονῆς·
1042 2324 1134 2380 τὸν
1179 2325 1435 2399 δεύτερον
1485 2327 1684 2400 μέθης*
1731 2330 1833 2400 ,τὸν

248 2410 437 2481 τρίτον
473 2408 705 2483 ὕϐρεως.

335 2503 426 2556 Ἐν
459 2503 588 2557 οῐνω
615 2503 690 2576 μὴ
718 2505 1032 2576 πολυλόγει,
1071 2508 1522 2582 ἐπιδεικνύμενος
1552 2510 1832 2567 παιδείανο

249 2597 455 2670 χολερά
483 2598 593 2671 γὰρ
617 2601 959 2675 ἀποφθέγξῃ.
979 2585 996 2590 ’

251 2688 539 2762 Μᾴθυοήός
562 2691 735 2746 ἐστιν
768 2696 800 2746 d
833 2693 1014 2762 τριῶν
1039 2695 1234 2751 πίνων
1253 2695 1466 2761 πλέον,

252 2759 386 2815 Κᾶν
402 2760 491 2831 μὴ
513 2764 776 2831 μεθύση,
807 2759 1068 2835 ὑπερέϐη
1101 2766 1167 2820 τὸ
1191 2766 1430 2838 μέτρον.

822 2923 1041 2977 ΛΟΓΟΣ
1079 2921 1184 2978 AA'
1203 2924 1268 2977 ".

509 3008 647 3073 Περὶ
673 3012 1015 3079 παρῤησίας
1040 3012 1139 3066 καὶ
1175 3014 1279 3067 τοῦ
1305 3013 1581 3085 ἐλέγχου.

341 3099 532 3155 ’1ωάν.
558 3100 900 3165 ζ’.-Οὐδεὶς
931 3105 989 3157 ὲν
1024 3104 1252 3175 κρυπτῷ
1285 3105 1337 3160 τί
1364 3109 1526 3171 ποιεῖ,
1561 3107 1654 3159 καὶ
1687 3107 1839 3177 ζητεί

254 3193 422 3256 αὐτὸς
458 3194 517 3246 ὲν
542 3194 826 3265 παρρησία
858 3187 999 3248 εἶναι
1030 3195 1138 3265 (u).

322 3290 380 3338 a'
417 3284 528 3340 Ἰω.
561 3283 632 3354 γ’.
664 3287 790 3340 Ἐὰν
821 3291 854 3360 ἡ
885 3290 1083 3360 καρδία
1120 3292 1280 3361 ἡμῶν
1312 3291 1391 3363 μὴ
1433 3292 1843 3360 καταγινώσκει

221 3441 228 3446 _
254 3374 441 3446 ἡμῶν,
468 3377 787 3448 παρρησίαν
817 3377 1018 3450 ἔχομεν
1065 3381 1202 3452 πρὸς
1230 3382 1320 3434 τὸν
1350 3382 1485 3436 Θεόν
1506 3399 1520 3417 ·
1561 3386 1653 3436 καὶ
1679 3383 1707 3437 ὃ
1746 3385 1847 3454 μὲν

255 3466 552 3538 αἰτοῦμεν,
594 3468 954 3542 λαμϐάνομεν
995 3471 1129 3543 παρ’
1157 3472 1350 3538 αὑτοῦ,
1380 3475 1463 3527 ὅτι
1493 3474 1592 3539 τὰς
1623 3475 1848 3540 ἐντολὰς

253 3559 430 3614 αὑτοῦ
463 3561 745 3634 τηρῶμεν,
772 3563 868 3618 καὶ
897 3562 970 3618 τὰ
991 3565 1201 3635 ἀρεστὰ
1226 3565 1461 3621 ἐνώπιον
1487 3567 1656 3621 αὑτοῦ
1683 3567 1851 3623 ποιῶ-

255 3668 364 3721 μεν
393 3654 467 3708 ιο.

330 3740 581 3806 Παροιμ.
630 3735 716 3796 ιζ’.
752 3767 826 3779 --
861 3738 1144 3804 Ἐξουσίαν
1189 3739 1375 3796 δίδωσι
1420 3739 1639 3812 λόγοις,
1699 3742 1844 3814 ἀρχὴ

256 3828 650 3900 δικαιωσύνης.
1419 3879 1423 3882 .

331 3919 520 3988 Σιρὰχ
547 3919 620 3987 η’.
647 3949 718 3962 —
738 3921 830 3992 Μὴ
886 3921 1121 3995 ὲκκαίῃς
1161 3922 1442 3995 ἄνθρακας
1483 3925 1846 3996 ἁμαρτωλοὺς

262 4013 528 4082 ἐλέγχων,
576 4009 651 4083 μὴ
683 4013 1010 4085 ὲμπρησθῇς
1039 4016 1097 4069 ἐν
1139 4015 1302 4085 φλογὶ
1335 4016 1508 4088 πυρὸς
1556 4016 1812 4088 ἁμαρτιῶ

261 4101 472 4157 αὐτῶν.
1795 4130 1808 4140 .

336 4198 687 4256 Βασίλειον.
727 4228 800 4240 -
837 4197 1056 4252 Ἔοικεν
1082 4199 1110 4252 ὁ
1141 4198 1238 4270 μὲν
1268 4198 1493 4270 ἔλεγχος
1516 4199 1670 4263 τέλος
1699 4198 1846 4268 ἔχειν

280 4286 380 4358 τὴν
407 4288 695 4360 διόρθωσιν
729 4288 826 4343 τοῦ
859 4292 1300 4362 ἁμαρτάνοντος·
1350 4292 1380 4344 ὁ
1419 4291 1476 4345 δὲ
1523 4291 1843 4363 ὀνειδισμὸς,

266 4377 360 4434 ἐπὶ
390 4377 750 4452 ἀσχημοσύνῃ
778 4379 874 4434 τοῦ
905 4381 1231 4445 ὲπταικότος
1260 4383 1501 4450 γίνεται.

351 4467 413 4521 '0
449 4469 832 4541 ἑφησυχάζων,
879 4474 974 4526 καὶ
1021 4473 1095 4545 μὴ
1136 4472 1380 4544 ἐλέγχων
1424 4474 1525 4545 τὴν
1571 4473 1848 4544 ἁμαρτίαν

266 4557 364 4613 τοῦ
397 4559 630 4631 ἀδελφοῦ
655 4603 670 4629 ,
701 4563 1048 4635 ἄσπλαγχνός
1098 4567 1248 4620 ἐστιν
1268 4607 1284 4630 ,
1317 4566 1508 4639 ὥσπερ
1562 4565 1590 4618 ὁ
1627 4566 1718 4620 τὸν
1772 4565 1848 4620 ίὺν

269 4652 492 4720 ὲναφεὶς
518 4653 598 4724 τῷ
629 4655 879 4726 δηχθέντι
913 4657 1018 4711 ὑπὸ
1049 4657 1143 4710 τοῦ
1179 4657 1413 4711 ῐοὸόλου.

345 4747 664 4815 Θεολόγιου.
700 4777 771 4787 -
806 4747 996 4818 Πολλῷ
1033 4749 1237 4818 βέλτιον
1285 4746 1492 4818 βραχέα
1529 4747 1848 4816 λυπήσαντα

277 4836 516 4905 μέγιστα
559 4837 844 4908 ὠφελῆσαι
864 4881 879 4903 ,
911 4841 944 4910 ἢ
969 4840 1030 4894 τὸ
1061 4841 1197 4912 πρὸς
1228 4829 1421 4912 ἡδονὴν
1449 4838 1713 4892 διώκοντα
1752 4839 1852 4908 ζη-

276 4928 480 5000 μιῶσαι
515 4929 593 5002 τῷ
623 4931 929 5003 κεφαλαίῳ.

345 5108 547 5174 Μεῖζον
575 5109 686 5181 γὰρ
716 5110 920 5181 ἀγαθὸν
949 5111 1010 5165 τὸ
1039 5111 1363 5182 ἐλεγχθῆναι
1388 5110 1483 5180 (υ),
1512 5108 1604 5162 τοῦ
1634 5107 1852 5175 ἐλέγξαι

1921 587 2025 651 vir,
2058 586 2321 656 omnique
2344 601 2413 640 ex
2440 593 2595 655 parte
2625 593 2785 656 aptus
2809 602 2930 642 esse
2960 588 3117 652 velis,
3141 602 3267 641 cum
3300 586 3354 639 in
3379 599 3522 638 cun-

1918 679 2081 732 viviis
2102 676 2322 731 animus
2350 677 2500 741 vino,
2539 684 2796 747 tanquam
2834 693 2958 732 rore
2996 675 3369 738 immaduerit,
3393 687 3508 729 tum

1921 785 2053 824 cave
2093 770 2330 826 ulterius
2381 785 2712 840 progressus
2764 769 3092 839 polluatur:
3131 767 3229 822 sed
3282 783 3407 822 cum
3453 765 3508 820 in

1921 865 2174 921 conciliis
2234 879 2300 918 ac
2344 862 2704 923 concessibus
2749 863 2967 916 ratione
3015 859 3340 922 incaluerit,
3393 867 3511 912 tum

1922 957 2136 1013 sancire
2161 957 2325 1027 jube,
2368 971 2432 1010 ac
2456 955 2687 1026 justitiae
2711 954 2914 1024 placita
2946 961 3002 1008 et
3023 953 3250 1007 oracula
3283 965 3506 1006 canere.

1994 1047 2281 1101 Eschinis.
2306 1076 2376 1086 —
2405 1044 2704 1116 Speculum
2733 1040 3266 1104 formam'refcrens,
3298 1055 3372 1094 aes
3392 1046 3519 1101 est;

1923 1139 2139 1202 vinum,
2164 1146 2407 1191 mentem
2427 1136 2732 1205 explicans.

1991 1229 2339 1285 Anacharsis.
2363 1258 2435 1268 —
2456 1229 2584 1298 Ejus
2609 1227 2794 1296 poculi
2823 1225 2969 1295 quod
3009 1221 3321 1279 honestatis
3351 1235 3517 1275 causa-

1927 1320 2074 1376 domi
2113 1327 2477 1389 temperatur,
2511 1319 2750 1387 primum
2781 1316 3058 1381 sanitatis,
3095 1315 3332 1368 alterum
3356 1311 3516 1365 volu-

1926 1411 2116 1484 ptatis,
2140 1411 2362 1466 tertium
2387 1409 2623 1481 injuriae,
2646 1417 2991 1480 postremum
3014 1405 3241 1460 insaniae
3257 1404 3516 1457 haustum

1928 1503 2068 1560 bibi.

2000 1591 2263 1646 Platonis.
2286 1622 2356 1630 —
2391 1591 2598 1646 Ebrius
2631 1589 2997 1661 gubernator,
3032 1602 3097 1642 ac
3131 1585 3386 1656 quisquis
3409 1583 3520 1636 ullo

1930 1685 2096 1741 modo
2120 1693 2340 1754 praeest,
2389 1683 2576 1738 omnia
2614 1683 2837 1744 evertit,
2872 1681 2990 1737 sive
3012 1680 3218 1756 navim,
3249 1678 3365 1732 sive
3397 1691 3522 1730 cur-

1933 1793 2081 1842 rum,
2135 1776 2251 1831 sive
2281 1775 2612 1838 exercitum,
2639 1775 2758 1829 sive
2800 1771 3072 1843 quidquid
3122 1771 3341 1825 tandem
3371 1768 3521 1823 illius

1933 1884 2082 1924 cura;
2115 1858 2414 1937 regendum
2447 1866 2805 1921 commissum
2829 1864 3019 1919 fuerit.

2007 1957 2301 2028 Sapitoclis.
2321 1986 2393 1996 -—
2420 1955 2729 2025 Sophocles
2769 1954 3091 2025 [Eschylum
3140 1949 3521 2028 reprehende-

1932 2049 2050 2114 bat,
2075 2049 2224 2119 quod
2247 2048 2439 2103 ebrius
2465 2047 2758 2102 scriberet.
2778 2045 2896 2100 Etsi
2915 2043 3088 2108 enim,
3110 2041 3313 2110 inquit,
3346 2046 3521 2101 recta,

1932 2149 1993 2196 at
2020 2156 2130 2195 non
2156 2139 2512 2211 prudentem,
2541 2153 2605 2193 ac
2627 2138 2722 2208 qui
2749 2136 2888 2192 sciat
2913 2149 3044 2192 eum
3076 2133 3282 2190 facere.

2006 2232 2254 2303 Epicteti.
2305 2230 2548 2286 —-Vitis
2601 2238 2715 2284 tres
2768 2225 3028 2298 producit
3078 2239 3259 2278 uvas:
3291 2221 3535 2292 primam-

1935 2321 2238 2394 voluptatis
2256 2338 2280 2389 ;-
2304 2321 2536 2378 alteram
2553 2319 2878 2385 ebrietatis;
2908 2315 3125 2373 tertiam
3153 2309 3530 2369 contumeliae.

2009 2499 2162 2554 Inter
2185 2497 2384 2570 pocula
2412 2497 2527 2552 noli
2551 2496 2848 2551 verborum
2882 2491 3096 2560 copiam
3120 2487 3376 2550 fundere,
3399 2499 3531 2539 eru-

1941 2589 2172 2646 ditionis
2188 2589 2530 2645 ostentandae
2545 2602 2711 2643 causa
2728 2603 2742 2652 ;
2768 2586 2863 2639 ﬁet
2875 2583 3024 2637 enim
3047 2589 3109 2635 ut
3128 2579 3239 2634 bile
3258 2573 3530 2647 loquaris.

1943 2699 2197 2771 Ebriosus
2226 2709 2325 2766 est,
2357 2702 2448 2771 qui
2475 2697 2828 2771 pluraitribus
2858 2695 2982 2771 bibit
3000 2690 3230 2765 pocula;
3471 2756 3482 2767 .

1943 2771 2016 2825 Ac
2039 2770 2155 2826 licet
2173 2789 2277 2826 non
2301 2765 2459 2842 fuerit
2476 2765 2796 2832 inebriatus,
2837 2765 3047 2820 modum
3080 2771 3258 2816 tamen
3289 2765 3528 2813 excessit.

2515 2919 2746 2976 ΞΕΝΜο
2782 2917 2971 2972 XXXI.

2150 3014 2228 3069 De
2269 3014 2508 3068 libertate
2535 3011 2781 3082 loquendi
2811 3019 2858 3064 et
2898 3007 3326 3079 reprehendendi.

2015 3104 2177 3158 Joan.
2214 3119 2311 3166 vn,
2358 3103 2412 3156 4.
2441 3131 2513 3141 -
2541 3100 2718 3154 Nemo
2767 3099 2824 3153 in
2862 3099 3083 3154 occulto
3114 3096 3250 3167 quid
3290 3093 3441 3156 facit,
3479 3099 3536 3147 et

1948 3196 2146 3268 quaerit
2163 3195 2277 3265 ipse
2306 3194 2491 3248 clarus
2520 3206 2664 3246 esse.

2007 3285 2036 3339 I
2058 3283 2219 3338 Joan.
2241 3281 2395 3344 "1,2!
2417 3323 2428 3334 .
2451 3278 2597 3334 --Si
2630 3295 2727 3334 cor
2763 3287 3016 3334 nostrum
3045 3294 3154 3332 non
3179 3274 3546 3346 reprehendit

1948 3390 2073 3439 nos,
2106 3373 2362 3428 fiduciam
2393 3371 2664 3426 habemus
2700 3371 2769 3425 ad
2798 3371 2974 3425 Deum
3009 3387 3026 3424 :
3052 3379 3110 3424 et
3138 3367 3408 3439 quidquid
3439 3381 3538 3436 pe-

1951 3466 2228 3529 tierimus,
2261 3463 2598 3532 accipiemus
2622 3462 2691 3516 ab
2727 3459 2816 3526 eo,
2841 3461 3105 3531 quoniam
3137 3459 3393 3514 mandata
3417 3459 3544 3528 ejus

1950 3555 2316 3622 custodimus,
2348 3563 2405 3610 et
2445 3569 2511 3609 ea
2551 3569 2672 3624 qua:
2697 3562 2827 3609 sunt
2855 3554 3054 3622 placita
3096 3566 3286 3607 coram
3325 3565 3414 3616 eo,
3451 3549 3535 3603 fa-

1951 3648 2149 3702 cimus.

2021 3737 2182 3791 Prov.
2214 3752 2356 3801 xvn,
2395 3738 2484 3792 M.
2511 3768 2582 3778 -—
2623 3737 2962 3792 Potestatcm
3009 3731 3104 3787 dat
3162 3731 3538 3798 sermonibus,

1951 3827 2288 3899 principium
2314 3827 2569 3898 iustitiae.

2021 3921 2185 3992 Eccli.
2216 3937 2328 3985 νιιι,
2363 3920 2449 3974 i5.
2471 3949 2542 3959 -—
2563 3917 2643 3973 Ne
2662 3917 2934 3974 accendas
2962 3919 3238 3974 carbones
3258 3913 3542 3986 arguendo

1951 4023 2292 4084 peccatores,
2331 4029 2402 4069 ne
2430 4011 2744 4068 incendaris
2773 4009 2990 4067 ﬂamma
3013 4011 3154 4082 ignis
3187 4017 3542 4080 peccatorum

1954 4107 2224 4177 ipsorum.
3423 4101 3439 4116 '

2024 4195 2234 4261 Basilii.
2274 4226 2344 4235 —
2373 4195 2604 4250 Videtur
2629 4191 2992 4263 reprehensio
3023 4191 3130 4246 hoc
3177 4181 3454 4260 spectare,
3485 4197 3546 4242 ut

1955 4285 2001 4340 is
2027 4286 2120 4356 qui
2155 4286 2410 4355 deliquit,
2439 4285 2799 4348 emendetur;
2824 4281 3138 4337 convicium
3170 4295 3326 4345 vero,
3357 4290 3420 4334 ut
3443 4280 3539 4350 qui

1955 4374 2206 4438 offendit,
2235 4374 2442 4444 probro
2470 4373 2760 4429 afﬁciatur.

2027 4465 2196 4535 619
2223 4464 2327 4530 Qui
2357 4473 2522 4528 tacet,
2561 4478 2666 4516 nec
2701 4468 2990 4537 peccatum
3026 4459 3215 4514 fratris
3255 4457 3542 4528 coarguit,

1960 4557 2357 4611 immiscricors
2391 4563 2497 4619 est,
2540 4553 2686 4608 haud
2721 4568 2884 4608 secus
2908 4567 2972 4607 ac
3000 4552 3096 4622 qui
3132 4552 3189 4606 in
3234 4564 3479 4604 morsum
3513 4563 3545 4604 a

1959 4656 2220 4718 serpente
2255 4662 2530 4700 venenum
2556 4643 2824 4698 immittit.

2033 4738 2298 4810 Tlteologi.
2337 4768 2406 4778 —
2439 4737 2625 4807 Longe
2673 4743 2932 4805 praestat,
2992 4733 3195 4789 minori
3243 4732 3434 4787 dolore
3482 4748 3549 4787 ac

1961 4832 2213 4887 molestia
2246 4829 2539 4882 maximam
2571 4827 2868 4882 utilitatem
2899 4824 3130 4892 ail‘erre,
3163 4840 3326 4896 quam
3355 4840 3546 4895 perse-

1959 4922 2184 4994 quendo
2243 4921 2392 4991 quod
2439 4920 2723 4990 voluptate
2770 4919 3024 4984 deliniat,
3065 4919 3240 4989 ipsius
3296 4917 3548 4988 capitalis

1954 5018 2183 5088 jactura:
2213 5022 2496 5068 auctorem
2531 5027 2672 5067 esse.

1948 5125 1960 5140 ί
2034 5107 2231 5162 Melius
2280 5107 2542 5161 existimo
2588 5104 2768 5175 argui,
2827 5117 2990 5173 quam
3021 5116 3290 5172 arguere;
3337 5108 3546 5169 quanto

1543 5222 1781 5278 VAHIAE
1824 5220 2236 5277 LECTIONES.

347 5313 392 5346 ³³
422 5315 481 5368 In
507 5313 673 5371 Gesn.
709 5313 858 5370 Stob.
894 5315 982 5371 67.
1055 5315 1100 5348 ⁶⁰
1139 5314 1303 5371 GeSn.
1335 5314 1569 5386 τηροῦμ.
1612 5312 1829 5385 ποιοῦμ.

1837 5403 2072 5461 NOTAE.

350 5498 368 5570 (

350 5498 435 5624 (ne:
465 5498 648 5566 Ζητεῖ
662 5499 843 5565 αὐτὸς
875 5500 946 5554 ἐν
980 5503 1286 5570 παρῤησίςι
1323 5498 1496 5556 εἶναι.
1523 5501 1676 5583 Quod
1711 5502 1858 5572 lege-

281 5578 367 5622 rat
440 5585 561 5641 esu.
622 5571 772 5630 αὐτὸ,
823 5571 1098 5640 habetque
1134 5572 1366 5627 Ballesd.
1417 5573 1587 5641 αύτῳ,
1622 5572 1858 5641 probare

285 5654 388 5712 non
412 5639 589 5712 potui,
617 5654 722 5712 nec
763 5641 907 5712 ullos
950 5639 1284 5712 interpretes
1338 5639 1637 5712 agnovisse
1663 5641 1861 5710 depre-

465 5498 648 5566 Ζητεῖ
662 5499 843 5572 αὐτὸς
875 5500 946 5572 ἐν
980 5503 1286 5570 παρῤησίςι
1323 5497 1496 5556 εἶναι.
1523 5501 1676 5568 Quod
1711 5502 1859 5572 lege-

1963 5503 2172 5557 clarum
2197 5517 2340 5566 esse,
2374 5502 2512 5555 fama
2552 5498 2851 5572 celebrem,
2878 5505 2949 5572 et
2992 5499 3087 5572 qui
3121 5499 3366 5572 omnium
3400 5514 3542 5572 praef

1965 5574 2128 5628 conio
2153 5573 2486 5632 celebretur,
2508 5584 2617 5623 non
2659 5568 2979 5639 priorrvidit
3001 5569 3160 5632 Bcza,
3202 5568 3296 5623 sed
3327 5569 3542 5639 antiqui

1966 5645 2234 5712 praaivere
2279 5641 2612 5711 interpretes
2641 5637 2672 5702 ,ί
2718 5646 2774 5691 et
2823 5638 2878 5691 in
2937 5637 3046 5694 illis
3101 5639 3193 5709 qui
3265 5637 3545 5710 Polyglut.

289 5707 492 5782 bendi;
525 5709 813 5782 emendavi
842 5726 992 5782 ergo,
1024 5707 1170 5781 quod
1203 5727 1358 5768 sacer
1376 5707 1565 5767 textus
1602 5707 1859 5782 vulgatus
1966 5707 2201 5777 exstant.

289 5776 473 5846 habet,
499 5780 681 5846 αὐτὸς,
707 5776 951 5851 ρεῑίιψῐο
975 5776 1084 5836 tota
1125 5784 1317 5840 series.
1345 5783 1426 5849 τὸ,
1467 5785 1523 5835 ὲν
1549 5776 1855 5853 παρρῆσίᾳ,

2044 5782 2114 5854 (υ)
2175 5780 2388 5842 Μεῖζον
2426 5779 2490 5834 τὸ
2519 5777 2902 5848 ἐλεγχθῆναι.
2932 5777 3021 5835 Sic
3053 5781 3190 5836 bene
3247 5782 3412 5837 Gesn.
3444 5784 3544 5838 etsi

3399 380 3503 442 886
3600 415 3603 418 -
