3990 6364
516 371 619 434 887

1651 368 1710 427 s.
1748 364 2037 427 MAXIMI
2073 362 2585 431 CONFESSORIS
3670 382 3757 449 εδδ

512 482 703 552 potius
748 486 833 535 est
871 486 923 534 te
963 494 992 534 a
1036 477 1183 534 malo
1207 477 1435 534 liberari
1462 518 1476 545 ,
1515 493 1678 551 quam
1715 486 1779 534 ut
1813 478 1983 534 alium
2037 478 2089 534 li-

2210 480 2454 550 νομίζωί
2506 483 2618 554 ὅσῳ
2655 481 2840 555 μεῖζόν
2870 480 3017 539 ἐστιν
3041 526 3055 551 ,
3101 484 3164 540 τδ
3207 484 3376 541 αὐτὸν
3409 485 3760 565 ἀπαλλαγῆναι

512 574 951 736 Βεὲἓῗῃδοει..-
981 662 1192 729 Quovis
1222 661 1387 717 modo
1420 661 1619 717 libere:
1640 661 1815 732 loqui,
1854 661 2101 734 vulgaris

509 756 677 810 etiam
720 755 968 810 hominis
996 767 1382 824 saepenumero
1414 751 1519 819 sit;
1558 753 1640 808 sic
1688 768 1823 808 vero
1851 753 2003 823 loqui
2040 762 2102 808 ut

487 846 677 908 ,oflicii
710 847 852 902 ratio
884 847 1086 916 poscit,
1117 854 1174 900 et
1206 845 1557 901 convenienti
1593 854 1863 916 tempore,
1893 855 2101 902 etcum

511 938 894 994 moderatione
943 948 1282 1010 congruaet
1329 939 1626 1010 prudentia
1662 953 1778 993 rem
1806 947 2098 1008 praestare,

509 1028 567 1084 id
596 1044 727 1084 vero
752 1043 1012 1100 magnum
1031 1030 1191 1085 valde
1226 1030 1473 1086 animum
1503 1040 1571 1087 et'
1592 1030 1981 1087 admirandum
2013 1047 2103 1087 re-

510 1121 708 1190 quirit.

577 1215 698 1271 Vita
726 1216 945 1288 legibus
984 1216 1258 1281 instituta,
1285 1215 1552 1285 loquendi
1586 1216 1904 1273 libertatem
1944 1216 2096 1274 facit.

577 1309 811 1365 Maxima
842 1311 1076 1366 libertas
1115 1326 1180 1365 ac
1209 1309 1432 1374 ﬁducia,
1465 1309 1791 1365 existimare
1831 1325 1952 1365 eam
1993 1311 2097 1366 tibi

504 1400 739 1465 deesse;
771 1408 833 1454 ut
878 1409 935 1456 et
979 1410 1173 1457 contra
1206 1399 1388 1470 pudor
1441 1400 1736 1467 maximus,
1788 1401 2097 1471 justifieare

508 1492 750 1561 seipsum
781 1493 928 1562 apud
973 1492 1268 1547 Dominum
1297 1510 1309 1545 :
1346 1508 1412 1548 ac
1436 1493 1518 1548 rei
1551 1501 1744 1560 testes,
1785 1494 2096 1550 Pharisaeus

504 1588 563 1635 ct
605 1581 939 1650 publicanus
973 1581 1278 1650 locupletes
1301 1590 1450 1637 sunt.

563 1667 865 1722 Pliocionis.
889 1699 960 1708 ——
991 1668 1130 1725 Cum
1159 1669 1458 1739 aliquando
1502 1670 1753 1727 Phocion
1786 1670 2092 1727 Athenien-

502 1761 598 1827 sis,
626 1776 735 1816 non
769 1761 837 1816 ad
864 1762 1118 1833 gratiam,
1144 1762 1241 1819 sed
1272 1763 1340 1817 ad
1364 1763 1662 1819 utilitatem
1692 1763 1926 1819 Athenis
1955 1780 2092 1821 con-

2210 571 2406 634 κακοῦ,
2432 573 2527 658 τοῦ
2553 574 2715 631 ἄλλον
2740 577 3073 645 ἀπαλλάξαι.

2280 665 2584 732 Χρυσόσε.
2610 695 2682 707 -
2704 666 2781 722 Τὸ
2810 668 2909 738 μὲν
2933 668 3122 732 ἁπλῶς
3150 668 3645 742 παρρησιάζεσθαι,
3679 678 3764 731 καὶ

2207 756 2318 810 τῶν
2358 756 2628 830 τυχόντων
2647 760 2691 792 ⁸⁸
2739 760 3035 826 πολλάκις’
3077 761 3141 815 τδ
3186 762 3243 816 δὲ
3288 764 3371 827 είς
3418 763 3480 818 τδ
3524 765 3636 819 δέον
3680 770 3765 824 καὶ

2206 848 2389 919 καιρῷ
2422 849 2501 921 τῷ
2542 852 2876 923 προσήκοντι
2901 895 2916 921 ,
2948 852 3046 906 καὶ
3099 854 3239 923 μετὰ
3275 855 3377 925 τῆς
3411 855 3764 931 ἁρμοττούσης

2154 970 2155 973 η
2207 941 2556 1012 συμμετρίας
2583 943 2679 996 καὶ
2702 943 2972 1008 συνέσεως
3008 944 3087 1016 τῷ
3132 946 3424 1017 πράγματι
3452 949 3761 1021 χρήσασθαι,

2207 1031 2452 1104 μεγάλης
2472 1032 2595 1088 λίαν
2621 1035 2715 1088 καὶ
2744 1034 3071 1107 θαυμαστῆς
3102 1036 3276 1090 δεῖται
3303 1036 3505 1109 ψυχῆς.

2277 1213 2542 1283 Ἔννομος
2576 1211 2689 1284 ζωὴ
2708 1251 2726 1277 ,
2756 1213 3076 1286 παρρησίας
3097 1213 3459 1286 δημιουργός.

2271 1304 2524 1376 Μεγίστη
2552 1304 2840 1378 παρρησία
2864 1345 2880 1370 ,
2906 1304 2970 1359 τὸ
3001 1305 3078 1377 μὴ
3106 1306 3356 1376 νομίζειν
3386 1306 3534 1377 ἔχειν
3564 1309 3767 1382 παρῤη-

2204 1397 2352 1450 σίαν’
2385 1395 2576 1469 ὥσπερ
2601 1392 2696 1453 οὖν
2734 1398 2964 1470 αἰσχύνη
3000 1399 3261 1470 μεγίστη,
3297 1398 3362 1453 τὸ
3387 1399 3630 1455 δικαιοῦν
3656 1404 3767 1457 ἐαυ-

2199 1488 2290 1541 τὸν
2315 1487 2547 1543 ἐνώπιον
2579 1489 2789 1562 Κυρίου
2812 1506 2827 1523 ο
2880 1492 2977 1545 καὶ
3008 1492 3223 1562 μάρτυς
3248 1491 3360 1545 τῶν
3388 1491 3710 1565 λεγομένων,
3743 1498 3766 1550 ὁ

2197 1581 2494 1651 Φαρισαῖος
2533 1581 2627 1635 καὶ
2661 1582 2689 1634 ὁ
2727 1580 3002 1653 Τελώνηςκ

2269 1673 2628 1728 Φωκίων.·-
2653 1672 2943 1737 Φωκίωνος
2994 1673 3129 1728 ποτὲ
3153 1672 3250 1728 τοῦ
3291 1674 3584 1744 Ἀθηναίου
3609 1676 3767 1746 δημη-

2198 1761 2509 1835 γοροῦντος,
2536 1763 2600 1816 οὐ
2627 1763 2697 1817 τὰ
2722 1762 2858 1834 πρὸς
2879 1764 3064 1835 χάριν,
3088 1763 3228 1819 ἀλλὰ
3250 1764 3324 1819 τὰ
3353 1764 3493 1837 πρὸς
3518 1765 3766 1834 ὠφέλειαν

503 1853 860 1919 cionaretur,
902 1854 1068 1924 eique
1105 1854 1378 1910 Damades
1404 1863 1595 1910 orator
1618 1848 1851 1911 dixisset
1888 1855 2089 1912 :Occi-

2203 1825 2312 1917 τοίς
2349 1825 2660 1926 Ἀθηναίοις
2679 1872 2693 1888 ·
2723 1825 2978 1924 Acad-dou
3011 1825 3070 1910 δέ
3101 1856 3196 1911 τοῦ
3233 1825 3766 1931 ῥήτορος-εἰρηκότκ

498 1947 596 2002 det
628 1957 681 2004 te
726 1948 990 2019 populus,
1040 1948 1290 2003 Phocion
1311 1989 1327 2013 ,
1362 1948 1408 2003 si
1443 1949 1773 2005 insanierit:
1808 1950 1887 2006 Te
1934 1966 2090 2021 vero,

501 2036 684 2106 inquit
710 2036 823 2102 ille,
854 2037 901 2092 si
932 2052 1081 2092 sana:
1103 2037 1303 2092 mentis
1331 2038 1632 2095 exstiterit.

577 2126 1099 2183 Plutarchi.—Nec
1122 2144 1153 2183 e
1186 2129 1394 2184 mundo
1430 2131 1511 2186 sol
1539 2130 1844 2199 tollendus,
1877 2150 1982 2190 nec
2009 2134 2093 2191 lo-

503 2218 712 2288 quendi
743 2219 974 2276 libertas
994 2235 1058 2275 ex
1080 2220 1373 2276 hominum
1401 2222 1741 2281 eliminanda
1768 2241 2091 2297 congressu.

575 2308 873 2365 Xenochar.
899 2340 968 2354 -—
999 2311 1350 2368 Xenocharis
1382 2314 1753 2385 philosophus
1782 2316 1850 2372 de
1895 2319 2093 2375 obsce-

500 2401 591 2458 nis
611 2402 945 2472 quibusdam
970 2403 1268 2473 aliquando
1289 2411 1533 2475 rogatus,
1557 2419 1683 2460 cum
1705 2406 1843 2462 nihil
1863 2423 2095 2480 respon-

501 2495 686 2561 deret,
710 2504 769 2551 et
802 2495 849 2550 is
868 2494 964 2566 qui
990 2495 1436 2567 interrogaverat
1462 2496 1669 2552 silentii
1700 2513 1922 2555 causam
1946 2517 2095 2571 quaa-

500 2595 654 2643 reret
688 2604 702 2640 :
728 2587 806 2643 De
838 2587 1063 2655 talibus,
1094 2588 1295 2658 inquit,
1338 2597 1392 2644 te
1427 2603 1627 2659 rogare
1655 2589 1835 2657 decet,
1867 2607 1956 2647 me
1990 2608 2093 2647 au-

498 2686 612 2734 tem
641 2687 848 2736 tacere.

570 2770 825 2827 Isocratis
839 2803 921 2826 .--
941 2774 1021 2828 Da
1066 2773 1381 2830 libertatem
1403 2767 1670 2845 loquendi
1696 2776 1832 2855 viris
1853 2778 2095 2848 pruden-

2195 1946 2367 2018 αὐτῷ,
2402 1947 2790 2001 Ἀποκτενοῦσί
2820 1965 2902 2013 σε,
2934 1945 2981 2002 ὦ
3002 1949 3252 2014 Φωκίων,
3288 1950 3319 2003 ὁ
3352 1949 3551 2021 δῆμος,
3577 1950 3643 2021 ἣν
3671 1967 3766 2021 μα-

2196 2039 2330 2093 νῶσι
2352 2054 2366 2069 ο
2400 2039 2470 2093 Σὲ
2499 2039 2580 2101 δὲ,
2612 2034 2791 2105 εἴπεν,
2827 2039 2894 2094 ἂν
2926 2040 3305 2111 σωφρονῶσιν.
3778 2096 3786 2105 ,

2266 2135 2489 2187 Πλουτ.
2518 2130 2743 2186 -Οῦτε
2774 2134 2840 2186 ἐκ
2865 2131 2961 2185 τοῦ
2993 2132 3202 2203 κόσμου
3231 2132 3326 2186 τὸν
3355 2131 3535 2203 ἥλιον,
3560 2129 3681 2185 οὔτε
3707 2129 3764 2186 ἐκ

2195 2225 2293 2296 τῆς
2318 2226 2538 2296 ὁμιλίας
2568 2226 2665 2299 τὴν
2689 2224 3028 2298 παρρησίαν.

2265 2317 2556 2389 Ξενόχαρ.
2579 2349 2652 2361 -
2675 2317 2973 2390 Ξενόχαρις
3021 2318 3051 2371 ὁ
3101 2317 3401 2387 φιλόσοφος
3430 2357 3446 2384 ,
3486 2314 3763 2389 ἐρωτηθεὶς

2196 2410 2304 2465 ὑπό
2348 2428 2495 2474 τινος
2534 2410 2664 2481 περί
2691 2426 2855 2464 τινων
2882 2410 3147 2482 αἰσχρῶν,
3177 2410 3274 2463 καὶ
3303 2410 3380 2480 μὴ
3413 2407 3763 2480 ἀποκρινόμε-

2192 2520 2317 2567 νος·
2366 2501 2577 2556 ἐκείνου
2609 2500 2668 2555 δὲ
2697 2501 2969 2566 εἰπόντος,
3014 2499 3081 2553 Τί
3115 2501 3367 2570 σιωπᾷςς
3418 2498 3556 2570 Περῖ⁵
3598 2495 3761 2550 τοιού-

2192 2613 2323 2662 των,
2356 2595 2484 2666 ἔφη,
2517 2594 2603 2648 σοὶ
2633 2593 2733 2666 μὲν
2755 2593 2990 2665 ἐρωτᾷν,
3022 2591 3149 2664 ἐμοὶ
3175 2591 3232 2646 δέ
3264 2590 3344 2663 μὴ
3373 2586 3761 2662 ἀποκρίνασθαι

2194 2689 2420 2762 πρέπει.
2558 2734 2563 2739 ,
3590 2724 3609 2745 ε,

2286 2775 2574 2851 Ἰσοκράτ.
2602 2807 2675 2823 —-
2707 2779 2862 2834 Δίδου
2895 2776 3215 2851 παρρησίαν
3240 2778 3356 2841 τοῖς
3378 2771 3441 2830 εὖ
3465 2769 3759 2846 φρονοῦσιν,

500 2860 673 2931 tibus,
704 2872 766 2919 ut
786 2863 855 2920 de
884 2864 1090 2935 quibus
1120 2865 1384 2937 ambigis,
1410 2866 1616 2923 habeas
1640 2868 1737 2938 qui
1774 2877 1962 2925 tecum
1993 2885 2089 2926 ex-

2203 2877 2283 2931 ἵνα
2329 2874 2461 2947 περὶ
2510 2867 2587 2928 ὧν
2641 2870 2979 2944 άμφιγνοίης
3008 2910 3028 2938 ,
3078 2869 3209 2942 ἔχῃς
3264 2870 3398 2933 τοὺς
3448 2860 3759 2936 συνδοκιμά-

499 2956 729 3025 quirant
756 2971 821 3011 ac
844 2956 1120 3029 judicent.

566 3046 856 3102 Democrit.
893 3079 963 3091 -—
1004 3048 1144 3104 Cum
1190 3049 1542 3106 Democritus
1582 3067 1688 3122 pro
1738 3051 2093 3109 Atheniensi-

2194 2981 3003 3128 σωῖφῗιῗοκρίινμ-Δημοκρίτου
3038 3049 3443 3122 πρεσϐεύοντός
3474 3063 3605 3103 ποτε
3628 3042 3757 3114 ὑπὲρ

498 3140 606 3194 bus
662 3139 810 3210 apud
885 3139 1204 3211 Philippum
1256 3141 1535 3212 legatione
1589 3142 1961 3214 fungeretur,
2024 3160 2089 3200 ac

2206 3154 2510 3226 Ἀθηναίων
2543 3150 2682 3220 πρὸς
2711 3149 2978 3203 ⁴Ιιίλιππον
2998 3187 3014 3213 ,
3065 3146 3163 3201 καὶ
3197 3145 3487 3219 παρρησίᾳ
3526 3140 3756 3209 διαλεγο-

498 3229 738 3285 liberius
780 3230 1126 3300 loqueretur,
1180 3231 1249 3287 ad
1289 3248 1418 3287 eum
1458 3232 1745 3304 Philippus
1780 3235 2087 3306 :Nunquid

498 3319 664 3375 times
715 3335 787 3374 ne
840 3319 944 3374 tibi
993 3328 1162 3391 caput
1207 3323 1432 3394 jubeam
1469 3325 1891 3395 amputari?Ad
1920 3344 2086 3398 quem

498 3409 595 3465 ille
626 3410 835 3477 :Nihil,
870 3411 1128 3483 inquam;
1160 3430 1286 3471 nam
1311 3415 1359 3470 si
1388 3425 1553 3487 caput
1573 3417 1887 3485 abstuleris,
1909 3420 2085 3490 patria

497 3500 679 3570 ipsum
714 3502 849 3556 mihi
885 3503 1198 3559 immortale
1227 3515 1481 3576 reponet.

565 3591 902 3664 Pythagora.
935 3625 1006 3634 —
1028 3594 1257 3652 Dicente
1283 3596 1524 3668 quodam
1563 3617 1576 3653 :
1607 3598 1780 3655 Valde
1822 3616 1911 3656 me
1952 3617 2085 3671 pero

494 3685 722 3757 stringis
756 3687 1127 3760 suggillasque
1158 3706 1172 3744 :
1200 3689 1367 3755 Sane,
1399 3690 1614 3775 inquit_;
1656 3708 1785 3748 nam
1821 3689 2083 3763 splenicis

429 3781 435 3787 ’
492 3791 687 3848 aspera
712 3788 948 3849 prosunt
999 3787 1165 3850 atque
1222 3792 1446 3839 austera
1496 3792 1555 3839 et
1602 3785 1841 3853 acerba,
1898 3786 2082 3842 dulcia

491 3885 624 3926 vero
658 3871 821 3927 noxia
847 3884 997 3928 sunt.

561 3958 790 4030 Epicteti
815 3971 864 4016 et
903 3961 1171 4018 Isocratis.
1198 3995 1269 4006 -—
1295 3964 1487 4036 Neque
1512 3964 1694 4037 gladio
1725 3965 1945 4031 obtuso,
1976 3981 2081 4021 ne-

490 4057 613 4117 que;
640 4049 957 4106 inordinata
980 4051 1239 4109 libertate
1274 4054 1542 4125 loquendi
1570 4056 1841 4111 utendum
1863 4065 1972 4111 est.

560 4141 647 4195 Ea:
684 4141 922 4198 Ariston.
951 4174 1024 4184 -—
1064 4141 1552 4212 Quemadmodum
1601 4148 1711 4204 mel
1762 4148 2079 4204 exulcerata

488 4231 655 4305 620
681 4233 916 4302 mordet,
953 4235 1023 4290 iis
1036 4244 1216 4292 autem
1254 4254 1378 4310 qua:
1407 4249 1539 4295 sunt
1569 4255 1637 4294 ex
1658 4247 1883 4305 natura,
1910 4238 2078 4296 su'ave

488 4333 605 4391 est;
658 4325 739 4380 sic
769 4332 826 4381 et
858 4326 1318 4399 philosophorum
1361 4347 1547 4387 sermo
1577 4347 1642 4386 ac
1689 4330 1967 4387 doctrina.

559 4415 796 4472 Perinde
826 4418 984 4484 facit,
1007 4421 1105 4491 qui
1147 4436 1216 4475 ex
1238 4422 1492 4477 oratione
1544 4422 1861 4479 libertatem
1909 4423 2073 4490 tollit,

488 4523 553 4564 ac
583 4508 629 4564 si
658 4508 726 4564 ex
757 4510 1042 4567 absinthio
1071 4512 1436 4569 acrimoniam
1476 4514 1752 4570 sublatam
1776 4514 1929 4571 velit.

556 4597 768 4654 Hermat
817 4610 866 4655 et
902 4601 1116 4657 Isidori.
1147 4633 1220 4645 —~
1243 4605 1633 4675 Reprehensio
1669 4605 1890 4676 agnita,
1921 4621 1955 4661 ο
1988 4623 2076 4663 re-

486 4706 616 4763 gum
644 4693 904 4759 maxime,
929 4709 1058 4748 eum
1091 4695 1187 4765 qui
1222 4696 1295 4750 sit
1344 4697 1741 4766 reprehensus,
1784 4698 1854 4753 ad
1878 4714 2073 4754 eorum

2196 3247 2362 3318 μένου
2386 3263 2400 3280 ο
2433 3246 2463 3300 ὁ
2491 3244 2779 3305 Φίλιππος,
2829 3240 2905 3293 Οὐ
2933 3236 3100 3308 φοϐοῦ
3140 3237 3215 3309 μὴ
3244 3237 3345 3309 τὴν
3375 3236 3617 3306 κεφαλήν
3649 3235 3754 3294 σου,

2190 3340 2297 3411 εφη
2322 3381 2339 3407 ,
2388 3335 2683 3410 προστάξω
2724 3329 3132 3401 άφαιρεθῆναι;
3164 3331 3262 3396 Οὐ,
3308 3329 3475 3402 φησίν
3494 3346 3509 3362 ·
3539 3327 3631 3381 ἐὰν
3661 3322 3756 3393 γὰρ

2192 3433 2258 3488 σύ
2301 3449 2404 3501 μου
2445 3427 2653 3499 ταύτην
2697 3424 2938 3495 ἀφέλῃς,
2973 3423 3009 3494 ἠ
3051 3421 3252 3496 πατρίς
3304 3440 3398 3493 μοι
3433 3419 3602 3491 αὐτὴν
3632 3414 3755 3471 ἀθά-

2188 3542 2348 3580 νατον
2378 3523 2667 3593 ἀναθήσει.

2260 3614 2856 3687 Πυθατ.-Φήσαντός
2884 3620 3055 3679 τϊνος,
3083 3611 3224 3667 Δίαν
3256 3627 3354 3680 μοι
3384 3602 3752 3663 ἐπισκώπτεις,

2186 3710 2327 3781 ἔφης
2371 3710 2483 3763 Καὶ
2521 3708 2631 3779 γὰρ
2668 3708 2784 3771 τοῖς
2833 3706 3153 3777 σπληνικοῖς
3177 3702 3249 3756 τὰ
3282 3700 3389 3771 μὲν
3416 3696 3640 3771 δριμαϊα
3671 3689 3756 3746 καὶ

2188 3801 2384 3873 πικρὰ,
2411 3798 2671 3871 ὠφέλιμα
2688 3817 2703 3831 ο
2734 3799 2804 3854 τὰ
2827 3797 2886 3854 δέ
2911 3799 3174 3868 γλυκαῖα,
3214 3791 3507 3875 βλαϐερά.

2266 3973 2360 4026 Ἐκ
2396 3971 2515 4025 τῶν
2558 3972 2789 4026 Ἐπικτ.
2816 3968 2919 4047 καί
2954 3969 3178 4036 Ἰσοκρ.
3208 3993 3279 4006 -
3315 3962 3461 4019 Οὔτε
3492 3957 3751 4032 μάχαιραν

2184 4064 2453 4136 ἀμϐλείαν
2472 4079 2486 4093 °
2517 4061 2643 4116 οὔτε
2672 4061 2990 4134 παρρησίαν
3023 4059 3260 4114 ἄτακτον
3287 4054 3438 4126 ἔχειν
3475 4053 3573 4106 δεῖ.
3660 4099 3664 4105 .

2268 4159 2369 4211 Ἐκ
2408 4155 2530 4210 τῶν
2579 4132 3034 4223 Ἀριστονύμοω
3079 4182 3150 4193 -
3172 4150 3388 4220 Ὠσπερ
3428 4145 3491 4201 τδ
3538 4141 3656 4214 μέλι
3687 4132 3750 4190 τὰ

2182 4245 2480 4318 ἡλκωμένα
2522 4244 2741 4299 δάκνειο
2775 4244 2890 4306 τοῖς
2931 4242 2988 4295 δὲ
3034 4240 3178 4295 κατὰ
3223 4238 3391 4309 φύσιν
3435 4231 3534 4308 ήδῦ
3576 4232 3744 4285 ἐστιν·

2182 4337 2327 4392 οὕτω
2358 4336 2454 4391 καὶ
2477 4336 2529 4389 οἱ
2553 4337 2620 4389 ἐκ
2651 4334 2973 4403 φιλοσοφίας
3002 4333 3175 4400 λόγοι.

2252 4430 2484 4499 Ὅμοιον
2507 4425 2755 4498 ἀψινθίου
2778 4425 2966 4498 δριμὺ,
2998 4422 3093 4477 καὶ
3120 4423 3280 4491 λόγου
3310 4420 3413 4491 τὴν
3448 4407 3747 4488 παρρησίαν

2106 4528 2151 4583 D
2179 4519 2412 4589 ἐκκόψαι
2427 4560 2441 4581 ,
2477 4520 2687 4588 ὅμοιον.

2268 4579 2480 4681 Ἑρμοῦ
2511 4579 2609 4664 καί
2650 4607 2869 4665 Ἰωδά).
2896 4635 2967 4650 -—
2994 4606 3256 4674 Ἔλεγχος
3289 4592 3645 4670 ἐπιγνωσθεὶς
3665 4631 3680 4657 ,
3704 4579 3745 4640 ὧ

2184 4698 2677 4772 μέγιστεΒασιλεῦ,
2696 4699 2777 4763 είς
2802 4695 3098 4767 ἐπιθυμίαν
3122 4693 3278 4766 φέρει
3305 4692 3398 4746 τὸν
3415 4681 3743 4757 ἐλεγχθέντα,

487 4782 852 4867 cupiditatem
892 4783 1082 4853 ducit,
1109 4800 1347 4858 quorum
1393 4796 1553 4842 antea
1585 4788 1892 4859 ignorantia
1924 4789 2079 4846 labo-

2203 4787 2251 4850 ὅν
2283 4794 2549 4867 πρότερον
2576 4791 2677 4845 οὐκ
2705 4789 2845 4862 ᾔδει.

487 4875 668 4930 rabat.

557 4963 767 5021 Socrat.
799 4965 1192 5022 —Libertatis
1245 4965 1544 5058 loquendi,
1583 4966 1734 5021 velut
1782 4982 2075 5037 pomorum

484 5055 706 5113 dulcior
723 5057 901 5128 gratia
926 5072 1172 5129 congruo
1209 5055 1456 5127 tempore
1480 5056 1719 5112 exsistit.

2246 4969 2508 5039 Σωκράτ.
2536 4998 2608 5009 —
2640 4967 2753 5038 Τῆς
2775 4966 3093 5039 παρρησίας
3124 4964 3314 5035 ὥσπερ
3343 4925 3565 5031 ὀπώρας
3586 4947 3660 5025 (ω)
3684 4944 3740 5000 ἒν

2177 5062 2356 5134 καιρῷ
2382 5064 2415 5132 ἡ
2447 5060 2608 5134 χάρις
2632 5058 2790 5130 ἡδεῖα
2806 5058 2874 5113 θ’.

1736 5202 1741 5207 -
1797 5169 1884 5226 VA
1894 5173 2031 5229 BHE
2061 5173 2470 5235 LECTIONES.

558 5262 601 5292 ¹⁶
628 5258 794 5316 Gesn.
830 5259 923 5313 τοῦ
964 5260 1239 5330 τυχόντος.
1318 5261 1362 5292 θ’
1402 5258 1569 5315 Gesn.
1624 5260 1807 5331 ἡδίων.

2050 5380 2281 5438 NOTAE.

483 5468 766 5523 contrario
796 5484 961 5524 sensu
994 5467 1221 5531 reddat;
1244 5467 1398 5523 velut
1426 5467 1589 5523 etiam
1618 5468 1786 5524 habet
1823 5468 2061 5528 Ballesd.

480 5538 576 5591 τοῦ
606 5538 928 5609 ἐλεγχθῆναι
957 5540 1018 5593 τὸ
1049 5538 1393 5606 ἐλέγξαι,ουί
1419 5540 1635 5593 Maximi
1669 5540 1809 5595 ratio
1831 5552 2059 5609 pugnat,

483 5622 607 5728 ﬂuat
642 5609 841 5662 nititur
864 5609 1018 5675 utili;
1055 5609 1203 5695 quod
1230 5609 1445 5665 scilicet
1506 5609 1571 5677 is,
1626 5610 1720 5679 qui
1754 5609 2057 5678 reprehen-

526 5685 656 5728 Itur.
682 5678 810 5728 inde
839 5679 1036 5728 melior
1067 5684 1177 5728 hat-
1213 5695 1281 5728 en
1336 5681 1484 5728 aitnd
1548 5680 1892 5728 emendetur.
1932 5698 2055 5728 num

526 5675 656 5740 itur,
682 5678 810 5733 inde
839 5679 1036 5734 melior
1066 5675 1177 5742 fiat,
1213 5695 1281 5735 eo

486 5748 915 5819 reprehendenti
949 5749 1086 5819 nihil
1117 5751 1250 5805 lucri
1282 5748 1552 5819 ejusmodi
1593 5751 1839 5806 accedat.

2168 5486 2401 5544 prorsus
2439 5485 2626 5544 sensu,
2653 5465 2923 5544 quidquid
2951 5465 3146 5544 Gesn._
3170 5463 3290 5537 (seu
3305 5457 3615 5544 _Ribbitius)
3643 5465 3732 5544 ςίξ-

2642 5521 2784 5606 duid
2799 5521 2976 5593 ‘éhim
3002 5535 3149 5606 frugi
3175 5521 3325 5605 quod
3368 5521 3622 5590 reddunt,

2164 5597 2402 5675 bertatis,
2432 5622 2487 5666 ut
2511 5597 2766 5681 cujuswque
2785 5609 3021 5681 partium
3050 5597 3207 5681 mini,-
3228 5607 3290 5681 in_
3315 5597 3729 5681 ιεηιρονςρτςιξςι

1336 5681 1484 5749 quod
1548 5667 1892 5744 emendetur,
1932 5698 2055 5736 cum
2166 5667 2472 5750 iucundior.
2500 5667 2645 5750 Ergo
2676 5667 2735 5735 et
2763 5667 3345 5750 gsmvissimaedhiemis,
3381 5667 3486 5728 etc.
3524 5667 3728 5750 Utvgrzo

2161 5744 2476 5814 emendavi,
2513 5744 2805 5820 de'pomis
2858 5756 2914 5801 et
2937 5746 3499 5820 fru_c_t_ibus,_quornm
3542 5744 3725 5820 priest-

562 5800 639 5886 (ιτ)
693 5800 916 5885 *οάὲέέρ
951 5800 1842 5892 65635;;'Eiii'ﬁjs’éaﬁ'agié,
1900 5824 2051 5879 nullo
2159 5800 2595 5893 pucvprovcyntus
2622 5800 2910 5885 autumno,
2958 5816 3096 5872 nihil
3128 5800 3353 5871 clarius.
3406 5810 3603 5875 Nempe
3631 5800 3722 5855 ho-
