3990 6426
304 379 441 445 889

1638 391 1807 453 LOCI
1845 392 2288 457 COMMUNES.

3497 401 3605 466 890

395 493 798 550 aneszou.—
811 494 1036 568 Ἐχθρὸς
1069 494 1141 551 τὰ
1163 496 1339 569 ἀληθῆ
1372 496 1566 564 ειπὼν,
1598 498 1694 552 τοῦ
1729 517 1901 572 προσ-

2078 504 2312 559 Eusebii.
2343 534 2413 547 -—
2448 505 2716 563 Inimicus
2749 508 2845 579 qui
2887 524 3018 565 vera
3069 508 3368 580 loquatur,
3423 510 3603 580 pluris

301 591 652 660 ποιουμένου
698 589 855 659 φίλου
904 590 1043 661 πρὸς
1073 591 1268 662 χάριν,
1314 592 1439 645 ἐστὶ
1495 592 1716 657 πάντως
1753 595 1909 663 αἱρε-

301 681 461 736 τώτε
467 698 560 754 ρος
571 682 640 738 ⁸³.

888 798 1112 853 ΛΟΓΟΣ
1141 798 1257 853 'AB'
1269 801 1335 853 “.

820 890 963 958 Περὶ
1015 892 1404 960 φιλοπονίας.

403 981 589 1038 ’1ωάν.
622 978 688 1036 ε’.
718 1012 790 1023 -
819 982 880 1035 '0
916 983 1109 1054 Πατήρ
1153 1001 1257 1055 μου
1288 984 1395 1050 ἕως
1434 985 1560 1059 ἄρτι
1589 987 1905 1060 ἐργάζεται,

303 1074 480 1144 κάγὼ
520 1074 852 1145 ἐργάζομαι.
1244 1096 1256 1107 ·
1834 1152 1840 1156 _

385 1165 575 1235 Πράξ.
613 1165 685 1222 κ’.
712 1199 783 1209 -
814 1157 981 1223 Αὐτοὶ
1018 1167 1318 1238 γινώσκετε
1342 1210 1359 1237 ,
1404 1170 1488 1225 ὅτι
1521 1174 1643 1245 ταῖς
1692 1172 1908 1244 χρείαις

308 1270 424 1329 μου
472 1260 570 1312 καὶ
597 1262 716 1324 τοῖς
742 1256 863 1314 οὖσι
893 1262 1013 1332 μετ’
1043 1260 1178 1332 ἐμοῦ
1203 1302 1219 1328 ,
1249 1261 1606 1333 ὑπηρέτησαν
1635 1265 1692 1317 αἱ
1725 1267 1908 1335 χεῖρες

302 1341 499 1403 αὗται.
533 1350 721 1405 Πάντα
743 1351 998 1419 ὑπέδειξα
1030 1352 1183 1423 ὑμῖν,
1214 1353 1296 1407 ὅτι
1326 1353 1471 1409 οὕτω
1494 1357 1803 1424 κοπιῶντας
1829 1359 1912 1412 δεῖ

303 1440 822 1511 ἀντιλαμϐάνεσθαι
850 1441 962 1497 τῶν
990 1443 1391 1499 ἀσθενούντων.

383 1532 615 1603 Σολομ.
657 1540 730 1603 τ’.
749 1530 1078 1604 -Ἀγαθῶν
1107 1535 1308 1601 πόνων,
1343 1538 1556 1610 καρπὸς
1586 1539 1833 1612 εὐκλεής.

380 1710 511 1779 Sep.
540 1708 653 1765 ra'.
688 1739 761 1751 -—-
786 1708 1122 1783 Ἐργάζεσθε
1166 1710 1227 1764 τὸ
1256 1710 1419 1781 ἔργον
1452 1712 1612 1782 ἡμῶν
1645 1711 1753 1784 πρὸ
1783 1730 1909 1767 και-

307 1801 434 1874 ροῦ,
465 1803 561 1856 καὶ
582 1800 745 1856 δώσει
770 1800 863 1856 τὸν
892 1801 1085 1874 μισθὸν
1114 1800 1270 1875 ὑμῶν
1302 1804 1362 1857 ὲν
1392 1803 1572 1877 καιρῷ
1605 1805 1796 1859 αὐτοῦ.

388 1987 610 2040 Βασιλ.
647 2011 719 2024 -—
747 1982 823 2037 Τὸ
853 1981 1148 2055 γάρλπόνῳ
1196 1981 1399 2054 κτηθὲν
1443 1983 1763 2055 περιχαρῶς
1797 1985 1906 2038 ύπ-

307 2077 544 2146 εδέχθη,
624 2077 718 2130 καλ⁵
787 2075 1095 2145 φιλοπόνως
1155 2076 1515 2148 διεφυλάχθη.
1577 2070 1680 2131 Ὧν
1725 2077 1908 2148 μέντοι

309 2170 614 2241 πρόχειρος
657 2170 685 2223 ό
721 2169 1029 2241 πορισμὸς,
1077 2169 1285 2223 τούτων
1338 2170 1373 2240 ὴ
1424 2170 1622 2241 κτῆσις
1664 2171 1907 2225 εὐκατα-

310 2263 611 2334 φρόνητος.

385 2354 453 2408 Τί
481 2354 593 2408 τῶν
621 2353 843 2422 ἀγαθῶν
880 2352 1142 2422 εὖκολον;
1182 2354 1281 2418 Τίς
1314 2353 1598 2408 καθεύδων
1642 2355 1910 2426 τρόπαιον

313 2443 551 2516 ἔστησες
603 2445 702 2509 Τίς
747 2444 976 2516 τρυφῶν
1026 2444 1126 2498 καὶ
1173 2443 1620 2516 καταυλούμενος
1656 2447 1769 2510 τοῖς
1808 2446 1909 2517 τῆς

313 2535 601 2599 εὐσεϐείας
645 2536 934 2605 στεφάνοις
979 2535 1404 2608 κατεκοσμήθης
1455 2536 1643 2600 Οὐδεὶς
1676 2535 1752 2608 μὴ
1778 2537 1909 2607 δρα-

318 2626 436 2700 μὼν
467 2628 712 2682 ἀνείλετο
743 2626 1016 2699 βραϐεῖον.
1055 2627 1216 2684 Πόνοι
1237 2627 1476 2699 γεννῶσι
1518 2628 1700 2695 δόξαν,
1726 2628 1910 2700 κάμα-

313 2738 396 2776 τοι
419 2721 749 2793 προξενοῦσι
782 2720 1103 2790 στεφάνους.

390 2899 564 2953 Θεολ.
591 2928 663 2938 -
695 2895 1088 2967 Γενναιότερον
1137 2895 1204 2950 ὲκ
1259 2895 1358 2949 τοῦ
1405 2895 1600 2951 παθεῖν
1643 2897 1706 2951 τδ
1754 2897 1908 2968 φιλό-

319 3007 505 3060 σοφον,
548 2989 741 3062 ὥσπερ
784 2988 981 3061 ψυχρῷ
1012 2989 1231 3063 σίδηρος
1254 3029 1270 3056 ,
1301 2989 1448 3045 οὕτω
1479 2993 1595 3055 τοῖς
1637 2990 1909 3057 κινδύνοις

319 3084 713 3154 στομούμενον.

1938 1843 1987 1899 Β

2008 597 2236 651 omnino
2284 596 2613 664 faciendus,
2659 600 2839 656 amico
2903 600 3163 656 simulato
3208 601 3478 671 loquente
3531 602 3604 659 ad

2008 686 2264 757 gratiam.

2564 800 2795 857 SERMO
2831 801 3053 857 XXXII.

2343 891 2419 946 De
2446 890 2644 947 laboris
2671 893 2847 947 studio
2872 910 2937 947 ac
2976 892 3279 964 diligentia.

2077 977 2237 1034 Joau.
2264 998 2318 1045 ν,
2355 981 2444 1038 l7.
2470 1011 2541 1024 ——
2560 982 2723 1038 Pater
2736 997 2894 1039 meus
2920 997 3098 1052 usque
3125 981 3292 1038 modo
3312 991 3598 1053 operatur,

2007 1078 2065 1126 et
2086 1085 2189 1141 ego
2219 1086 2445 1142 operor.

2081 1163 2195 1218 Act.
2228 1178 2319 1230 xx,
2359 1166 2449 1222 '54.
2480 1197 2552 1208 —
2586 1158 2698 1238 Ipsi
2721 1161 2919 1232 scitisﬁ
2952 1166 3215 1237 quoniam
3251 1167 3320 1223 ad
3352 1184 3438 1232 ea,
3479 1185 3605 1239 quae

2007 1253 2146 1307 mihi
2172 1269 2312 1323 opus
2327 1264 2507 1322 erant,
2558 1264 2615 1312 et
2648 1257 2737 1311 his
2758 1256 2853 1326 qui
2877 1271 3095 1311 mecum
3132 1266 3286 1323 sunt,
3312 1252 3604 1312 ministra2

2007 1352 2210 1398 verunt
2239 1361 2436 1400 manus
2465 1346 2619 1401 istan
2641 1345 2838 1401 Omnia
2869 1346 3088 1401 ostendi
3109 1346 3291 1412 vobis,
3335 1348 3602 1417 quoniam

2009 1434 2090 1491 sic
2109 1435 2424 1492 laborantes
2447 1444 2667 1507 oportet
2710 1436 2994 1505 suscipere
3020 1437 3278 1492 infirmos

2081 1523 2212 1598 Sap.
2240 1544 2320 1592 ιιι,
2359 1527 2447 1583 15.
2483 1558 2555 1568 -
2580 1527 2862 1583 Bonorum
2906 1528 3161 1584 laborum
3199 1529 3477 1600 gloriosus
3516 1537 3603 1586 est

2010 1618 2247 1673 fructus.

2083 1709 2251 1764 Eccli.
2279 1726 2353 1774 LI,
2396 1710 2486 1765 58.
2532 1741 2604 1750 —
2645 1709 2965 1781 Operamini
3007 1726 3150 1780 opus
3187 1720 3436 1767 vestrum
3469 1721 3599 1769 ante

2013 1808 2248 1871 tempus,
2272 1810 2329 1856 et
2358 1801 2512 1856 dabit
2532 1800 2692 1856 vobis
2723 1801 3036 1856 mercedem
3084 1809 3328 1856 vestram
3376 1801 3432 1856 in
3459 1811 3602 1857 tem-

2010 1906 2144 1961 pore
2193 1906 2316 1946 suo.

2078 1976 2291 2035 Basilii.
2318 2011 2390 2023 --
2410 1979 2568 2047 Quod
2590 1980 2739 2034 enim
2765 1979 2959 2034 labore
2992 1988 3211 2049 partum
3236 1988 3356 2045 est,
3391 1980 3602 2051 majore

2010 2071 2201 2126 laetitia
2225 2072 2498 2140 accipitur
2539 2069 2976 2142 diligentiusque
3011 2081 3298 2140 servatur;
3357 2088 3599 2142 quorum

2009 2170 2196 2217 autem
2232 2162 2408 2218 facilis
2451 2172 2536 2219 est
2578 2160 2907 2234 acquisitio,
2943 2164 3143 2219 horum
3182 2166 3427 2235 proclive
3466 2181 3603 2222 con-

2009 2265 2293 2313 temnatur
2326 2259 2632 2329 possessio.

2078 2350 2221 2417 Quid
2243 2351 2300 2405 in
2320 2351 2424 2416 eis,
2448 2367 2573 2421 quas
2604 2349 2673 2408 de
2699 2354 2913 2423 genere
2930 2352 3206 2407 bonorum
3230 2361 3383 2418 sunt,
3411 2351 3609 2406 facile?

2009 2440 2146 2508 Quis
2181 2457 2378 2498 somno
2406 2442 2629 2497 deditus
2668 2453 2939 2513 tropaeum
2976 2442 3198 2498 erexit?
3231 2441 3367 2508 Quis
3391 2442 3608 2497 deliciis

2009 2532 2313 2604 fractisque
2360 2532 2604 2588 modulis
2635 2542 2803 2603 atque
2846 2534 3042 2598 tibii's,
3091 2533 3316 2603 pietatis
3367 2548 3605 2587 coronas

2011 2633 2348 2680 consecutus
2368 2625 2495 2680 est?
2523 2624 2697 2680 Nemo
2733 2624 2840 2680 nisi
2881 2623 2974 2695 qui
2999 2624 3330 2688 cucurrerit,
3364 2624 3605 2693 palmam

2010 2716 2224 2771 retulit.
2258 2716 2503 2772 Labores
2532 2716 2763 2787 gloriam
2811 2715 3074 2785 pariunt;
3108 2713 3344 2770 sudores
3383 2715 3605 2770 strenui

2011 2809 2273 2879 anxiique
2297 2824 2633 2865 coronarum
2654 2809 2932 2864 exsistunt
2955 2807 3182 2878 pararii.

2081 2896 2346 2971 Theologi.
2378 2931 2449 2941 —
2471 2900 2552 2956 Ex
2587 2901 2856 2955 malorum
2888 2899 3250 2970 perpessione
3275 2899 3454 2953 virtus
3486 2897 3606 2967 ipsa

2013 2995 2336 3065 generosior
2363 2994 2673 3065 fortiorque
2700 2993 2989 3062 redditur;
3040 3008 3184 3064 quae,
3223 2993 3369 3048 sicut
3395 2992 3607 3048 ferrum

2014 3085 2236 3157 frigida,
2268 3086 2350 3141 sic
2368 3087 2638 3157 periculis
2661 3085 2908 3147 duretur.

383 3174 694 3239 Χρυσόστ.
722 3203 792 3213 -
819 3172 1109 3243 Πανταχοῢ
1149 3173 1237 3227 διὰ
1266 3173 1547 3238 δισκολίας
1592 3175 1686 3230 καὶ
1727 3177 1901 3229 πόνων

2084 3176 2355 3249 Chrysost.
2388 3207 2461 3218 —
2484 3178 2703 3248 Ubique
2738 3194 2837 3248 per
2874 3177 3230 3232 difﬁcultates
3261 3185 3321 3232 et
3358 3176 3605 3244 labores,

316 3265 429 3328 τοῖς
467 3263 780 3336 ἀνθρώποις
811 3264 1026 3333 πέφυκε
1072 3265 1142 3317 τὰ
1189 3265 1440 3338 χρήσιμα
1483 3266 1905 3340 παραγίνεσθαι.

386 3354 681 3418 Φίλωνος.
709 3383 781 3393 -
811 3352 871 3407 '0
897 3354 997 3425 μὲν
1016 3354 1120 3408 ,τὸν
1148 3355 1310 3409 πόνον
1343 3355 1585 3426 φεύγων,
1616 3357 1810 3426 φεύγει
1840 3357 1909 3411 τὰ

316 3444 532 3514 ἀγαθάο
586 3447 615 3500 δ
652 3446 711 3501 δὲ
751 3447 1027 3520 τλητικῶς
1076 3449 1170 3502 καὶ
1203 3448 1467 3521 ἀνδρείως
1507 3449 1800 3521 ὑπομένων
1837 3449 1908 3504 τὰ

315 3537 755 3610 δυσκαρτέρητα,
785 3538 1009 3593 σπεύδει
1040 3538 1178 3611 πρὸς
1207 3540 1615 3613 μακαριότητα.

394 3629 609 3698 Ἰσοκρ.
631 3659 704 3670 -
732 3630 986 3703 Γύμναζε
1026 3631 1224 3687 σαυτὸν
1256 3633 1443 3697 πόνοις
1476 3633 1750 3698 ἑκουσίοις
1772 3674 1787 3701 ,
1818 3632 1908 3687 ἳνα

314 3720 473 3795 δόξῃς
498 3723 596 3776 καὶ
625 3723 753 3787 τοὺς
782 3723 1081 3789 ἀκουσίους
1112 3723 1431 3796 ὑπομένειν.

692 3994 701 4004 ι
979 3921 1228 3990 Καρκίν’.

309 4013 520 4080 Οὐδείς
547 4012 804 4068 ἔπαινον
830 4014 1077 4082 ἡδοναῖς
1100 4013 1401 4082 ἐκτήσατο
1427 4031 1442 4045 ⁸

316 4083 524 4150 Οὐδεὶς
546 4083 819 4153 ῥάθυμος
845 4084 1110 4151 εὐκλεὴς
1132 4083 1289 4153 ἀνήρ
1322 4101 1338 4117 ⁸

323 4152 482 4209 Ἀλλ’
517 4156 572 4209 oi
612 4152 787 4208 πόνοι
816 4154 1094 4209 τίκτουσι
1124 4152 1617 4226 τὴνεὺανδρίαν.

379 4270 625 4323 Φιλίσκ.
655 4297 728 4309 —
755 4268 868 4321 Οὐκ
900 4266 1073 4332 ἔστιν,
1111 4259 1156 4321 ὧ
1192 4268 1411 4339 μάταιε,
1439 4270 1537 4323 σὺν
1564 4268 1809 4342 ῥᾳθυμίᾳ
1835 4268 1903 4323 τὰ

313 4360 418 4415 τῶν
442 4360 750 4416 πονούντων
782 4360 859 4431 μὴ
881 4361 1222 4432 πονήσαντας
1252 4359 1455 4416 λαϐεῖν.

2011 3271 2157 3327 bona
2193 3271 2515 3326 hominibus
2547 3269 2814 3325 obvenire
2843 3271 3044 3325 solent.

2081 3362 2343 3417 Philonis.
2366 3388 2437 3402 —-—
2463 3362 2569 3429 Qui
2597 3362 2844 3418 laborem
2869 3361 3032 3432 fugit,
3064 3363 3110 3416 is
3135 3361 3283 3416 bona
3309 3360 3448 3433 fugit
3472 3378 3486 3428 ;
3512 3360 3611 3433 qui

2009 3463 2194 3510 autem
2225 3456 2495 3510 tolerante
2540 3463 2885 3524 strenuoque
2914 3455 3117 3509 mentis
3154 3454 3445 3525 proposito
3486 3470 3612 3524 quae

2009 3548 2147 3603 dura
2187 3556 2319 3603 sunt
2351 3548 2614 3613 sustinet,
2638 3547 2709 3602 ad
2738 3547 3062 3602 beatitatem
3092 3546 3297 3602 festine
3328 3546 3529 3602 currit.

2080 3639 2304 3694 Isocrat.
2336 3670 2405 3680 —
2434 3639 2642 3695 Excrce
2679 3640 2922 3709 teipsum
2963 3639 3267 3708 assumptis
3300 3646 3497 3708 sponte
3527 3639 3610 3693 la-

2002 3728 2262 3797 boribus,
2297 3739 2359 3786 ut
2381 3738 2437 3787 et
2457 3746 2575 3798 eos,
2610 3731 2706 3802 qui
2736 3728 2926 3787 invitis
2949 3729 3281 3797 obveniant,
3328 3729 3609 3784 sustinere

2006 3821 2280 3893 proberis.

2006 4003 2173 4079 genio
2210 4023 2448 4076 unquam
2499 3936 3100 4079 lauggzlvoggggxilms
3159 4014 3471 4061 consecutus
3505 4014 3606 4061 est.

2005 4074 2442 4149 Nullusseguior
2468 4080 2550 4132 vir
2580 4074 2876 4148 magniﬁce
2899 4079 3079 4134 clarus
3112 4079 3284 4149 factus
3318 4084 3414 4136 est.

2005 4144 2112 4201 Sed
2137 4144 2343 4201 labores
2384 4149 2539 4219 fortis
2570 4144 2742 4203 animi
2767 4144 3085 4209 claritatem
3112 4144 3404 4203 adducunt.

2078 4263 2318 4319 Philisci.
2351 4295 2424 4305 —
2470 4265 2618 4320 Fieri
2672 4282 2784 4321 non
2830 4273 3035 4335 potest,
3096 4265 3264 4320 stulte
3310 4265 3500 4330 homo,
3549 4274 3611 4320 ut

2006 4370 2134 4410 cum
2190 4354 2446 4425 segnitie,
2484 4354 2590 4425 ipsi
2661 4370 2775 4410 non
2826 4355 3167 4420 laborantes,
3230 4355 3609 4410 laborantium

1893 4468 1897 4472 '
2004 4446 2230 4517 praemia
2268 4462 2693 4517 consequamur.

312 4585 319 4593 .
378 4537 702 4608 Εὐαγρίου.
725 4568 795 4578 -
828 4537 1063 4590 Ἀτοπόν
1096 4537 1245 4591 ἐστιν
1275 4536 1544 4592 διώκοντα
1586 4536 1896 4608 τὰςτιμὰς,

2074 4537 2313 4609 Evagrii.
2357 4567 2413 4577 —
2446 4537 2764 4593 Absurdum
2788 4545 2905 4609 est,
2927 4546 2989 4593 ut
3012 4539 3104 4609 qui
3146 4538 3387 4593 honores
3410 4553 3610 4595 conse-

315 4630 534 4701 φεύγειν
560 4632 691 4695 τοὺς
729 4630 949 4694 πόνους,
971 4632 1038 4686 δι’
1064 4625 1141 4686 ὧν
1169 4632 1226 4685 αἱ
1245 4630 1426 4702 τιμαί.

377 4722 603 4775 Πλουτ.
632 4749 703 4761 -
736 4720 952 4791 Ὠσπερ
1004 4720 1239 4792 ὄργανον
1291 4721 1476 4776 ἄνεσιν
1513 4721 1611 4776 καὶ
1649 4719 1902 4775 ἐπίτασιν

313 4808 581 4883 λαμϐάνον
605 4811 705 4882 ἡδὺ
745 4812 981 4882 γίνεται,
1008 4812 1153 4867 οὕτω
1182 4814 1278 4868 καὶ
1313 4812 1449 4884 βίος.
1854 4798 1869 4812 ’

373 4991 604 5047 Νικίου.
632 5021 704 5032 -
725 4983 894 5056 Οὗτος
924 4990 1067 5047 οὕτω
1090 4992 1374 5061 φιλόπονος
1402 4990 1493 5065 ἦν,
1526 4991 1669 5046 ὥστε
1693 4991 1897 5046 πολλά-

313 5097 393 5144 κις
415 5084 626 5154 ἐρωτᾷν
645 5084 776 5146 τοὺς
805 5083 1112 5150 οίκέτας,εἰ
1148 5084 1422 5149 λέλουται,
1447 5085 1480 5157 ἢ
1505 5085 1555 5138 εἰ
1575 5084 1894 5156 ἠρίστηκεν.

383 5170 692 5243 Ἀρχιμήδ.
724 5205 796 5214 -
835 5174 1173 5246 Ἀρχιμήδην
1199 5176 1265 5245 τῇ
1301 5174 1474 5227 σανίδι
1500 5175 1898 5247 προσκείμενον

2003 4634 2208 4695 ctatur,
2249 4626 2470 4682 labores
2526 4625 2720 4696 fugiat,
2752 4626 2959 4696 quibus
3018 4627 3257 4683 honores
3311 4636 3603 4698 parantur.

2072 4717 2375 4773 Plutarchi.
2412 4748 2481 4758 —-
2514 4717 2997 4784 Quemadmodum
3051 4735 3322 4790 organum
3389 4721 3603 4774 alterna

2001 4810 2332 4866 remissione
2384 4826 2449 4865 ac
2504 4809 2820 4866 intensione
2873 4828 3044 4867 suave
3094 4812 3373 4877 redditur,
3412 4812 3490 4867 sic
3547 4823 3604 4867 et

2000 4900 2136 4954 vita.

2067 4991 2272 5045 Nicias.
2302 5018 2371 5030 —-
2400 4989 2502 5047 Hic
2531 4991 2672 5047 adeo
2714 4992 2894 5048 labori
2934 4992 3156 5050 deditus
3195 4992 3322 5058 fuit,
3364 4998 3425 5046 ut
3456 5007 3599 5063 smpe

1995 5082 2232 5138 famulos
2262 5092 2516 5154 rogaret,
2545 5100 2676 5139 num
2704 5084 2951 5150 lavisset,
2987 5100 3051 5140 ac
3080 5099 3316 5155 pransus
3355 5091 3525 5139 esset.

2062 5173 2528 5228 Archimedes;-—
2565 5172 2955 5230 Archimedem
3017 5174 3219 5229 tabulae
3266 5174 3595 5229 incumben-

314 5259 667 5329 ἀποσπῶντες
698 5264 789 5337 βίᾳ
816 5266 865 5317 οἱ
896 5264 1253 5337 θεράποντες,
1284 5264 1526 5335 εἴλειφον
1564 5282 1577 5297 ο
1631 5266 1660 5317 ὁ
1688 5265 1767 5329 δὲ,
1799 5265 1896 5320 καὶ

2035 5280 2127 5331 :m,
2170 5280 2298 5320 cum
2352 5265 2544 5321 famuli
2601 5282 2699 5336 per
2732 5267 2842 5321 vim
2892 5266 3233 5321 abstractum
3289 5271 3593 5337 ungerent;

314 5350 398 5406 ἐπὶ
422 5358 516 5417 τοῦ
546 5354 799 5426 σώματος
823 5356 1206 5426 ἀληλιμμένου
1227 5355 1492 5426 διέγραφε
1517 5356 1585 5411 τὰ
1616 5358 1891 5426 σχήματα.

1992 5355 2088 5412 ille
2127 5357 2183 5411 in
2218 5358 2338 5429 ipsa
2371 5358 2622 5415 delibuta
2654 5367 2783 5415 cute
2809 5357 3012 5430 ﬁguras
3055 5358 3415 5429 depingebat.

1583 5467 1812 5523 VARIIE
1848 5467 2147 5526 LECTION
2157 5469 2261 5525 ES.

294 5562 299 5567 '
370 5558 554 5613 “Bal.
606 5559 860 5632 Σωκράτ.
936 5560 983 5593 ⁸⁸
1017 5559 1077 5614 In
1108 5559 1275 5617 Gesn.
1310 5560 1469 5617 Stob.
1502 5561 1625 5617 H8.

1399 5705 1403 5708 .
1788 5650 2020 5709 ΝΟΤᾸΞ..

312 5757 420 5819 rum
447 5743 717 5819 cujusqtie
752 5744 941 5813 καιρὸς
967 5754 1060 5819 est
1110 5753 1166 5798 et
1200 5752 1518 5819 tempestas,
1544 5760 1644 5815 per
1694 5734 1861 5819 quinm
1976 5741 2849 5819 arguto__ser_mo_neetsententia,
2912 5741 3149 5819 diversis
3191 5747 3312 5819 cjus
3360 5747 3578 5819 generis

309 5813 594 5890 jucundior
618 5829 810 5869 eorum
840 5814 1049 5885 gratia;
1078 5815 1224 5886 quod
1257 5816 1436 5885 ipsum
1485 5813 1559 5871 de
1580 5813 1861 5886 parabola,

1973 5812 2241 5884 exemplis
2270 5813 2552 5870 declarant
2581 5813 2697 5884 ipsa
2737 5812 2923 5868 divina
2953 5814 3200 5884 eloquia.
