3990 6422
290 394 426 462 833

1632 388 1806 450 LOCI
1844 388 2170 452 COMMUN
2173 391 2288 452 ES.

3492 384 3599 448 8οὲ

385 512 562 565 Θεολ.
590 536 663 548 -
705 507 764 561 '0
795 506 894 577 μὲν
925 504 1035 578 γάρ
1060 504 1324 578 εύορκῶν,
1344 504 1506 576 τυχὸν
1531 503 1597 560 ἄν
1641 521 1772 559 ποτε
1811 505 1905 561 καὶ

2078 505 2344 577 Theologi.
2380 529 2451 545 -
2485 503 2590 572 Qui
2625 517 2755 559 vere
2777 517 2841 557 ac
2857 509 3046 557 sancte
3066 499 3234 571 iurat,
3265 498 3408 555 forte
3431 504 3601 558 etiam

291 600 704 675 παρασφαλείη
731 617 746 632 ·
768 602 797 654 ό
828 600 883 655 δὲ
911 599 987 670 μὴ
1037 599 1278 668 ὀμνύων,
1330 598 1423 653 τὸν
1473 599 1574 668 τῆς
1617 597 1903 669 ἐπιορκίας

289 696 564 751 κίνδυνον
588 691 946 761 διαπέφευγε.
1686 700 1693 709 '

273 824 288 835 .
400 774 459 842 ’ὁ
487 786 652 857 νόμος
676 786 862 858 φησὶν,
894 785 1017 839 οὐκ
1041 783 1437 852 ἐ.τιορκήσῃς’
1462 782 1527 837 σὺ
1552 782 1608 837 δὲ
1629 782 1765 838 Οὐδὲ
1794 782 1903 854 όμῇ

286 882 417 950 τὴν
453 879 652 952 ἀρχὴν,
683 878 744 932 οὐ
797 875 995 949 μικρὸν
1023 875 1085 929 οὐ
1114 874 1298 945 μεῖζον
1329 891 1344 906 ο
1383 874 1460 939 ὡς
1488 872 1584 928 τοῦ
1613 875 1777 946 ὅρκου
1802 873 1904 945 τὴν

287 969 607 1041 ἐπιορκίαν
636 968 939 1031 τίκτοντος.

384 1145 691 1214 Χρυσόστ.
723 1173 795 1184 -
826 1143 890 1198 Oi
943 1141 1280 1211 συκοφάνται
1333 1141 1397 1196 τὸ
1449 1139 1649 1211 ψεῦδος
1693 1140 1903 1213 πιπρά-

297 1254 544 1293 σκουσιν
573 1253 586 1267 ’
621 1235 888 1306 ἀλλήλους
923 1233 1249 1304 ψευδόμενοι
1279 1232 1408 1297 τοὺς
1447 1233 1646 1304 ὅρκους
1696 1233 1908 1303 ἀνήλω-

299 1347 445 1392 σαν,
467 1328 547 1393 είς
562 1326 623 1382 τὸ
646 1325 894 1397 ὀμνύειν,
917 1324 1015 1380 καὶ
1038 1324 1219 1395 μόνον,
1243 1324 1335 1378 τὸν
1362 1324 1496 1379 Θεὸν
1526 1326 1901 1396 ἐπιστάμενοι.

390 1506 731 1578 Σωκράτης.
756 1537 826 1549 -
854 1507 947 1560 Δεῖ
975 1505 1086 1578 γὰρ
1110 1507 1239 1571 τοὺς
1267 1506 1507 1575 ἀγαθοὺς
1531 1507 1754 1578 ἄνδρας,
1781 1507 1906 1579 τρό-

305 1622 423 1661 πον
460 1605 627 1676 ὅρκου
649 1601 972 1673 πιστότερον
998 1600 1294 1671 φαίνεσθαι
1329 1600 1760 1673 παρεχομένους.

392 1789 598 1852 Ὅρκον
642 1785 879 1840 ἐπακτὸν
930 1783 1229 1855 προσδέχου
1283 1783 1372 1837 διά
1419 1781 1513 1836 δύο
1550 1782 1856 1852 προφάσεις
1885 1795 1904 1814 ο

222 1936 227 1939 ,
305 1878 347 1950 ἢ
383 1878 611 1931 σεαυτὸν
648 1876 829 1940 αἰτίας
880 1853 1163 1943 ἀπολύων,
1204 1875 1237 1946 ἢ
1295 1875 1486 1944 φίλους
1540 1875 1605 1928 ὲκ
1653 1874 1908 1945 μεγάλων
1940 1853 1981 1908 Β

306 1969 584 2024 κινδύνων
617 1967 921 2031 διασὼζων.

392 2056 623 2109 Ἕνεκεν
657 2056 962 2126 χρημάτων
1011 2054 1278 2126 μηδαμῶς
1318 2055 1457 2109 Θεὸν
1493 2056 1701 2127 ὀμόσῃς
1724 2072 1740 2087 ο
1785 2055 1911 2128 μηδ’

304 2143 382 2197 ἂν
397 2142 650 2213 εὐορκεῖν
679 2143 892 2214 μέλλεις
912 2160 927 2177 ο
968 2143 1141 2209 δόξεις
1162 2146 1293 2215 γάρ,
1324 2147 1437 2208 τοῖς
1464 2145 1563 2216 μὲν
1603 2147 1908 2218 ἐπιορκεῖν,

303 2238 428 2300 τοῖς
454 2235 513 2290 δὲ
546 2235 975 2308 φιλοχρημάτως
1000 2236 1167 2307 ἔχειν.

967 2347 1270 2420 Ἀμφίδος.

448 2441 653 2514 Ὅστις
674 2442 784 2514 γὰρ
816 2443 1099 2512 ὀμνύοντι
1115 2445 1312 2514 μηδὲν
1342 2447 1626 2513 πείθεται,

446 2513 639 2578 Αὐτὸς
665 2513 968 2582 ἐπιορκεῖν
991 2513 1216 2582 ῥᾳδίως
1249 2517 1589 2571 ἐπίσταται.

383 2601 455 2655 Ol
488 2600 677 2655 πολλοὶ
707 2604 821 2668 τοῖς
853 2603 1168 2675 ἀνθρώποις
1195 2605 1257 2660 τὸ
1291 2606 1556 2679 εύόρκους
1598 2602 1738 2660 εἶναι
1769 2623 1915 2677 παρ-

307 2691 567 2747 αινοῦσιν
605 2708 620 2724 ο
679 2692 792 2761 ἐγὼ
823 2693 882 2749 δὲ
914 2697 1012 2751 καὶ
1040 2696 1140 2768 τὴν
1168 2698 1345 2770 ἀρχὴν
1383 2699 1507 2770 μηδ’
1530 2699 1778 2764 εὐπετῶς
1806 2700 1912 2771 όμ-

307 2784 469 2838 νῦναι
506 2784 656 2838 ὅσιον
681 2786 1079 2857 ἀποφαίνομαι.

305 2878 738 2957 Εὐσεσίουμ-
768 2877 986 2950 Τρόπου
1017 2881 1450 2953 καλοκαγαθίαν,
1486 2884 1652 2958 ὅρκου
1685 2886 1768 2942 δεῖ
1820 2899 1910 2940 πιι

315 2966 585 3039 στοτὲραν
608 2966 698 3039 ἔχε
707 2985 775 3026 ιν.
1408 2994 1421 3003 λ

849 3086 852 3089 λ
883 3102 1104 3158 ΛΟΓΟΣ
1142 3106 1243 3160 ΛΔ’
1274 3106 1339 3160 ετ.

837 3195 979 3264 Περὶ
1011 3196 1383 3264 κενοδοξίας-ο

402 3280 666 3339 ’1ωαν.ι’.
697 3314 772 3327 -
796 3284 966 3351 Δόξαν
1027 3288 1160 3357 παρ’
1213 3287 1460 3360 ἀλλήλων
1511 3288 1908 3361 λαμϐάνοντες,

318 3371 418 3445 τὴν
445 3371 607 3439 δόξαν
634 3375 734 3447 τὴν
766 3377 916 3448 παρά
944 3376 1109 3448 μόνου
1134 3378 1273 3434 Θεοῦ
1305 3383 1366 3435 οὐ
1401 3382 1635 3453 ζητεῖτε.

393 3553 542 3606 Γαλ.
589 3557 653 3606 ε’.
697 3582 766 3593 -
791 3546 882 3623 Μὴ
943 3554 1236 3626 γενώμεθα
1293 3558 1590 3629 κενόδοξοι,
1647 3559 1911 3632 ἀλλήλους

320 3642 779 3715 προκαλούμενοι,
807 3643 1071 3717 ἀλλήλους
1093 3647 1138 3679 ⁸⁸
1167 3647 1515 3718 φθονοῦντες.

388 3839 634 3908 Παροιμ.
668 3835 769 3903 ιβ’.
803 3840 1190 3911 -Κρείσσων
1231 3843 1372 3916 ἀνὴρ
1426 3845 1486 3898 ὲν
1535 3845 1730 3918 ἀτιμία
1780 3846 1907 3901 δου-

318 3928 491 3983 λεύων
537 3930 738 4001 ἑαυτῷ,
778 3931 812 4002 ἢ
848 3934 876 3987 ό
908 3932 1076 4005 τιμὴν
1108 3934 1290 4007 ἑαυτῷ
1322 3938 1571 4007 περιθεὶς
1600 3939 1696 3995 καὶ
1730 3956 1905 4013 προσ-

320 4020 569 4091 δεόμενος
588 4021 777 4095 άρτου.

389 4114 575 4182 Σιρὰχ
608 4120 682 4167 a'.
728 4144 796 4155 -
827 4114 920 4185 Μὴ
954 4114 1158 4187 ὲξύψου
1190 4121 1440 4187 σεαυτὸν,
1469 4121 1558 4178 ἵνα
1588 4124 1662 4196 μὴ
1711 4125 1907 4198 πέσῃς,

323 4203 413 4258 καὶ
442 4204 658 4278 ἐπάγῃς
680 4207 748 4276 τῇ
783 4205 933 4277 ψυχῇ
969 4224 1064 4261 σου
1088 4208 1338 4281 ἀτιμίαν.

389 4294 575 4363 Σιρὰχ
628 4300 683 4350 ι’.
713 4323 787 4335 -
820 4296 1046 4367 Μισητὴ
1105 4298 1350 4355 ἐναντίον
1407 4303 1617 4374 Κυρίου
1667 4306 1762 4360 καὶ
1814 4306 1908 4361 ἀν-

329 4385 555 4457 θρώπων
585 4386 619 4457 ἡ
646 4386 925 4454 κενοδοξία
950 4389 1016 4442 ⁸⁸.

328 4564 350 4618 ε
394 4476 680 4543 Κενόδοξοί
705 4479 845 4532 εἰσιν
898 4481 949 4533 oi
1000 4481 1381 4548 πλουτίζοντες
1431 4485 1685 4553 ἑαυτοὺς,
1740 4490 1908 4561 μηδὲν

354 4583 556 4618 νοντες.

354 4583 556 4636 χοντες.

389 4657 607 4710 Βασιλ.
641 4686 716 4698 —
743 4657 1038 4725 Κενόδοξός
1067 4661 1237 4729 ἐστιν,
1261 4665 1291 4717 ό
1325 4664 1487 4738 ψιλῆς
1521 4667 1708 4723 ἕνεκεν
1725 4673 1827 4744 τῆς
1853 4673 1913 4726 ἐν

331 4745 516 4818 κόσμῳ
552 4747 713 4820 δόξης
748 4749 921 4805 ποιῶν
940 4768 994 4804 τι
1021 4752 1053 4824 ἢ
1076 4752 1275 4823 λέγων.

390 4920 480 4993 Τῷ
508 4921 625 4977 δντι
661 4923 1078 4996 θεραπευόμενα
1107 4927 1177 4982 τὰ
1202 4929 1531 5001 ὑπερήφανα
1590 4931 1721 5005 ἤθη,
1776 4932 1910 4987 ἑαυ-

330 5013 429 5069 τῶν
458 5017 949 5091 ὑπεροπτικώτερα
975 5021 1188 5090 πέφυκε
1212 5023 1481 5091 γίνεσθαι.

403 5108 639 5180 Ὁμοίως
659 5112 770 5183 γάρ
799 5113 918 5165 ἐστι
939 5114 1173 5184 χαλεπὸν
1205 5116 1261 5170 ἐν
1288 5135 1348 5170 τε
1369 5119 1679 5186 δυσκολίαις
1718 5134 1911 5192 ,πραγ-

340 5199 519 5270 μάτων
552 5202 923 5257 ἀταπείνωτον
950 5205 1047 5277 τὴν
1079 5206 1257 5278 ψυχὴν
1294 5210 1690 5280 διασώσασθαι,
1729 5216 1825 5269 καὶ¹
1850 5217 1908 5268 ἐν

332 5293 443 5356 ταῖς
469 5292 908 5365 ὑπερηφανείαις
944 5296 1021 5368 μὴ
1057 5298 1388 5371 ἐπαρθῆναι.

395 5469 566 5532 Θερλ.
598 5498 673 5510 -
692 5469 855 5539 Μέγα
873 5472 986 5537 τοῖς
1006 5471 1318 5545 ἀνθρώποις
1358 5476 1392 5547 ἡ
1424 5478 1716 5546 κενοδοξία
1766 5432 1906 5552 πρὸς

331 5557 521 5633 ἀρετὴν
551 5560 833 5639 ἐμπόδιον.

2007 598 2350 670 quandoque
2373 594 2687 661 erraverit;
2720 601 2796 659 at,
2824 594 2922 663 qui
2949 608 3062 649 non
3077 594 3251 664 iurat,
3279 606 3446 648 omne
3472 608 3603 664 per-

2004 691 2138 765 iurii
2174 690 2485 761 periculum
2532 687 2752 759 eﬂ‘ugit.

2079 784 2191 839 Lex
2218 784 2328 838 ait:
2361 781 2482 838 Non
2512 764 2814 853 perjurabis
2847 777 3290 851 (Leoit.x1x,l%)
3331 795 3347 844 ;
3396 786 3453 832 tu
3501 793 3604 832 au-

2006 882 2120 931 tem
2178 892 2193 929 :
2238 874 2430 944 Neque
2498 872 2728 928 omnino
2780 871 2991 940 iurato,
3042 867 3314 939 quidquid
3365 867 3602 921 minoris

2004 964 2301 1036 maiorisve
2340 962 2641 1035 iuramenti
2667 970 2753 1017 est
2767 959 2979 1032 (Matth.
3006 976 3062 1023 ν,
3093 960 3207 1030 53);
3262 960 3410 1029 quod
3435 959 3603 1013 nimi-

2004 1071 2130 1112 rum
2154 1058 2536 1128 iuramentum
2556 1053 2791 1124 periurii
2816 1067 3019 1122 parens
3056 1067 3121 1107 ac
3144 1059 3339 1105 auctor
3359 1049 3598 1105 exsistit.

2077 1144 2347 1217 σὴν-μισεῖ.
2371 1171 2439 1186 -ο
2465 1143 2854 1216 Sycophanta,
2875 1140 3166 1197 mendacia
3192 1140 3480 1206 vendunt;
3507 1140 3601 1195 alii

2004 1238 2144 1295 alios
2202 1237 2477 1302 fallentes,
2534 1238 2851 1308 iuramenta
2921 1235 3260 1298 insumunt;
3332 1246 3444 1285 uno
3496 1231 3604 1286 hoc

2005 1330 2179 1385 Deum
2206 1329 2469 1393 scientes,
2501 1326 2651 1398 quod
2683 1325 2832 1380 inter
2846 1324 3161 1396 iuramenta
3188 1322 3309 1393 eius
3329 1321 3599 1376 memine-

2006 1428 2157 1476 runt.

2076 1510 2341 1567 Socrates.
2391 1537 2457 1551 —-
2497 1507 2680 1563 Bonos
2721 1506 2877 1562 viros
2933 1504 3114 1569 decet,
3170 1518 3292 1558 eam
3334 1503 3604 1557 exhibere

2007 1614 2223 1656 morum
2297 1598 2665 1668 probitatem,
2725 1608 2851 1665 quae
2890 1593 3257 1665 iureiurando
3315 1591 3383 1646 ad
3436 1589 3603 1645 ﬁdem

2007 1693 2223 1748 ﬁrmior
2241 1692 2523 1747 videatur.

2078 1785 2479 1856 Jusjurandum
2529 1783 2777 1839 oblatum
2820 1781 3028 1851 duplici
3078 1795 3146 1835 ex
3195 1794 3360 1835 causa
3419 1779 3601 1833 susci-

2008 1880 2159 1953 pito;
2199 1887 2263 1935 ut
2292 1894 2493 1949 nempe
2545 1886 2600 1933 te
2657 1878 2774 1948 ipse
2827 1893 2858 1931 a
2901 1876 3137 1931 crimine
3180 1875 3456 1939 absolvas,
3507 1883 3603 1928 aut

2010 1974 2219 2029 amicos
2244 1989 2276 2028 a
2303 1971 2518 2043 magnis
2552 1970 2812 2040 periculis
2844 1968 3071 2023 liberes.

2078 2065 2448 2121 Pecuniarnm
2501 2079 2669 2119 causa
2707 2077 2779 2117 ne
2831 2062 3005 2115 Deum
3049 2059 3351 2131 iuraveris,
3397 2073 3501 2113 nec
3556 2059 3607 2115 si

2011 2172 2209 2213 verum
2269 2157 2567 2228 iuraturus
2609 2153 2722 2220 sis;
2774 2152 2899 2207 aliis
2945 2151 3094 2206 enim
3144 2150 3422 2220 periurus,
3482 2149 3606 2204 aliis

2012 2247 2263 2302 avaritiae
2294 2244 2490 2300 morbo
2523 2244 2777 2298 laborare
2804 2240 3108 2295 videberis.

2655 2353 2696 2408 Α
2707 2352 2952 2423 mphidis.

2190 2446 2294 2514 Qui
2322 2446 2457 2502 nihil
2490 2445 2618 2514 ﬁdei
2655 2445 2866 2513 iuranti
2902 2443 3108 2509 tribuit,

2068 2562 2072 2567 .
2186 2517 2309 2589 Ipse
2333 2518 2573 2589 pejerare
2611 2514 2766 2585 facile
2806 2516 2971 2568 novit.

2082 2610 2342 2680 Plerique
2415 2607 2671 2663 homines
2737 2606 3036 2661 hortantur
3111 2604 3462 2673 suadentque
3542 2611 3607 2657 ut

2008 2718 2207 2759 verum
2241 2702 2463 2772 iurent;
2510 2714 2614 2770 ego
2641 2713 2778 2753 vero
2802 2713 2873 2752 ne
2910 2698 3151 2767 primum
3183 2697 3411 2766 quidem
3440 2695 3605 2750 facile

2006 2793 2229 2865 iurare;
2255 2798 2511 2847 sanctum
2535 2788 2797 2859 religiosn
2807 2803 2971 2858 mque
3007 2787 3237 2841 allirmo.
3524 2792 3535 2801 ‘

2040 2912 2045 2919 -
2083 2881 2323 2936 Eusebii.
2360 2910 2429 2921 --
2461 2879 2674 2934 Morum
2703 2877 3040 2947 probitatem
3091 2883 3150 2931 et
3198 2874 3603 2940 innocentiam,

2013 2972 2218 3028 habere
2245 2971 2407 3027 decet
2437 2966 2804 3041 iurisiurandi
2852 2967 3124 3038 religione
3164 2966 3493 3041 ﬁrmiorem.

2515 3103 2784 3160 SERMO
2842 3103 3120 3159 XXXIV.

2579 3197 2654 3250 De
2681 3199 2833 3251 inani
2858 3196 3052 3267 gloria.

2081 3291 2243 3348 Joan.
2275 3307 2330 3357 v,
2363 3291 2455 3345 44.
2484 3319 2550 3328 -
2575 3286 2681 3353 Qui
2732 3286 2963 3358 gloriam
2997 3287 3067 3341 ab
3109 3284 3345 3341 invicem
3396 3286 3607 3356 accipi-

2012 3382 2119 3449 tis,
2154 3391 2212 3438 et
2241 3380 2497 3454 gloriam,
2552 3393 2675 3448 quae
2727 3392 2760 3432 a
2819 3378 2938 3433 solo
2978 3377 3092 3434 Deo
3129 3386 3235 3438 est.
3297 3393 3412 3433 nou
3458 3393 3610 3448 quae-

2012 3476 2160 3531 ritis.

2083 3567 2250 3640 623
2305 3564 2487 3622 Galat.
2525 3580 2580 3629 v,
2630 3563 2725 3620 26.
2768 3592 2838 3603 —
2891 3563 3013 3618 Non
3062 3561 3371 3619 eﬁiciamur
3423 3563 3606 3620 inanis

2011 3661 2205 3733 gloriae
2240 3659 2453 3731 cupidi,
2484 3656 2723 3712 invicem
2753 3664 3148 3727 provocantes,
3192 3657 3429 3711 invicem
3463 3656 3608 3710 invi--

2010 3753 2230 3809 dentes.

2081 3844 2240 3900 Prov.
2268 3860 2364 3910 xu,
2404 3844 2458 3900 9.
2481 3871 2550 3884 -—
2574 3841 2768 3896 Melior
2789 3848 2874 3897 est
2904 3840 2990 3895 vir
3011 3841 3068 3896 in
3102 3840 3318 3895 vilitate
3348 3839 3602 3896 serviens

2010 3934 2142 4002 sibi,
2193 3950 2361 4007 quam
2409 3933 2505 4004 qui
2566 3929 2674 3986 sibi
2725 3931 2997 3986 honorem
3042 3928 3338 3996 adhibens,
3391 3927 3607 4000 indiget

1980 4044 2173 4111 /pane.

2080 4117 2247 4172 Eccli.
2281 4133 2320 4180 ι,
2354 4116 2444 4173 58.
2480 4147 2549 4159 -
2580 4117 2661 4172 Ne
2686 4115 2899 4172 exaltes
2925 4112 3191 4182 teipsum,
3222 4127 3293 4166 ne
3321 4109 3511 4175 cadas,
3551 4119 3605 4165 et

2010 4209 2244 4265 inducas
2270 4208 2470 4265 animae
2500 4216 2609 4264 ture
2644 4205 3153 4263 inlionorationem.
3562 4224 3565 4227 ι

2079 4300 2249 4355 Εοιίὶ.
2282 4317 2336 4365 x,
2371 4301 2422 4355 7.
2456 4332 2527 4344 —
2549 4299 2790 4356 Odibilis
2837 4311 3024 4352 coram
3051 4294 3290 4350 Domino
3334 4302 3394 4348 et
3416 4294 3606 4349 homi-

2009 4392 2182 4448 nibus
2217 4374 2404 4447 inanis
2442 4391 2636 4463 gloria.

2079 4481 2264 4538 Inanis
2303 4482 2496 4553 gloria:
2532 4483 2672 4538 vitio
2718 4480 2997 4545 laborant,
3027 4478 3123 4549 qui
3155 4492 3214 4532 se
3278 4476 3481 4532 divites
3522 4478 3607 4549 ia-

2016 4581 2190 4638 ctant,
2214 4589 2343 4629 cum
2376 4573 2515 4628 nihil
2550 4572 2814 4628 habeant.
2916 4580 2921 4583 '

2079 4664 2290 4720 Basilii.
2318 4695 2386 4706 —
2418 4664 2610 4721 Inanis
2655 4666 2843 4739 gloria
2889 4662 3127 4734 cupidus
3171 4677 3237 4716 ac
3275 4677 3453 4716 vanus
3497 4671 3604 4727 est,

2009 4756 2106 4827 qui
2129 4756 2297 4812 nudas
2326 4744 2519 4828 gloria:
2552 4756 2740 4812 saeculi
2784 4770 2974 4822 causa,
3017 4753 3308 4825 quidpiam
3345 4751 3479 4808 facit
3509 4761 3606 4807 aut
3660 4766 3668 4772 '

2009 4846 2165 4902 dicit.

2078 4938 2248 4993 Plane
2283 4938 2513 5009 superbi
2558 4953 2745 4993 mores
2790 4936 3063 5006 obsequio
3110 4934 3353 5001 deliniti,
3403 4934 3607 5006 seipsis

1899 5037 1918 5058 ‘
2007 5029 2425 5100 arrogantiores
2454 5030 2576 5086 ﬁeri
2599 5045 2968 5087 consuevere.

2076 5122 2315 5179 Perinde
2350 5123 2500 5178 enim
2531 5139 2697 5195 grave
2728 5138 2794 5177 ac
2822 5122 3058 5177 arduum
3084 5128 3192 5185 est,
3243 5128 3358 5175 tum
3406 5134 3597 5174 rerum

2007 5211 2280 5282 angustiis
2344 5213 2525 5283 iisque
2580 5212 2797 5267 afﬂictis
2850 5226 2963 5265 non
3012 5209 3200 5265 animo
3238 5209 3428 5278 deiici,
3482 5215 3601 5261 tum

1963 5354 1971 5360 .
2006 5303 2118 5357 illis
2148 5301 2480 5359 ﬂorentibus
2526 5303 2833 5374 mundique
2875 5292 3161 5373 superbia,
3195 5316 3305 5356 non
3345 5315 3414 5355 eo
3445 5299 3605 5355 exal-

2010 5393 2134 5450 tari.

2086 5486 2350 5558 Theologi.
2381 5517 2452 5529 -
2480 5485 2667 5542 Inanis
2687 5485 2859 5557 gloria
2916 5484 3115 5552 grande
3146 5482 3474 5540 mortalibus
3506 5496 3598 5553 par

2014 5577 2203 5633 randae
2231 5578 2457 5633 virtutis
2498 5578 2848 5634 obstaculum
2888 5577 3065 5649 ponit.

1598 5704 1831 5763 VARIIE
1866 5708 2274 5768 LECTIONES.

392 5782 440 5818 "
464 5784 526 5841 In
562 5783 733 5843 Gesn.
769 5785 926 5843 Stob.
960 5788 1080 5845 163.
1159 5791 1388 5850 “Gesn.
1422 5795 1693 5866 ἀλλήλοις.
1769 5800 1822 5838 σοι
1849 5801 1989 5857 Bibl.
2030 5803 2062 5870 ὴ
2099 5803 2327 5869 ὑπερηφ
2382 5802 2655 5874 superbia.
