3990 6436
380 388 502 465 ἲ95
1563 399 1623 459 S.
1654 398 1948 459 ΜΑΧῘΜῘ

2153 398 2507 461 FESSORIS
3626 401 3729 468 ξςῧὶ

466 508 626 578 Quod
664 506 840 564 videri
869 507 1028 574 velis,
1067 509 1230 579 longe
1264 506 1558 579 plurimam
1599 509 1723 580 ejus
1765 519 1980 580 partem
2013 517 2042 570 Α

2013 517 2060 570 Α
2161 510 2235 563 Τὸ
2265 510 2492 572 οἴεσθαι.
2516 508 2611 565 τοῦ
2641 503 2781 565 εἶναι
2813 511 2875 566 τδ
2900 512 3151 571 πλεῖστον
3182 515 3571 588 ἀφαιρεῖται.

398 601 581 660 aufert
607 602 760 673 quod
778 603 1021 657 exsistis.
1530 628 1537 633 -
2863 602 2880 615 '

469 691 739 747 Proclivis
765 700 854 747 est
883 692 969 747 sui
1011 690 1186 762 ipsius
1210 691 1490 762 deceptio,
1523 700 1580 749 et
1606 703 1669 748 ut
1691 692 1900 763 aliquid
1931 702 1983 748 te

2170 696 2398 767 Ῥᾷστον
2418 696 2613 750 ἑαυτὸν
2643 696 2861 769 ἀπατᾷν
2885 698 2983 752 καὶ
3011 698 3225 754 οἴεσθαι
3261 694 3430 754 εἷναί
3460 715 3548 764 τι,
3579 698 3736 753 οὐδὲν

398 799 521 839 esse
573 784 897 851 existimes,
960 799 1088 839 cum
1178 784 1315 839 nihil
1368 785 1482 850 sis,
1547 785 1700 840 inani
1761 784 1974 841 inﬂatus

1684 785 1700 839 i
1761 784 1987 841 inﬂatus
2086 786 2234 851 ὄντα,
2257 789 2363 842 ὑπὸ
2386 788 2486 859 τῆς
2522 789 2688 860 κενῆς
2720 789 2881 862 δόξης
2907 790 3259 863 φυσώμενον.

398 874 595 946 gloria.

473 965 663 1036 Turpe
697 976 814 1032 est,
845 969 942 1037 qui
984 967 1262 1024 minorum
1295 982 1526 1039 compos
1560 968 1796 1024 exsistas
1821 1008 1837 1036 ,
1871 984 1989 1024 ma-

2168 964 2405 1036 Αίσχρὸν
2431 965 2475 997 ⁷ο
2525 966 2741 1037 μικρῶν
2791 967 3117 1039 κρατοῦντα,
3178 971 3527 1043 φυσᾶοσθαι
3563 972 3734 1044 μέγα.

400 1071 539 1128 gnos
560 1059 774 1113 animos
799 1073 1103 1115 assumere.
2756 1094 2764 1100 -
3112 1080 3125 1083 “

579 1149 706 1222 Noli
735 1150 870 1222 uelle
898 1151 1064 1206 uideri
1089 1152 1247 1206 malis
1283 1154 1492 1217 melior,

2233 1139 2330 1222 ῌὴ
2362 1140 2567 1222 φράζει
2593 1140 2714 1222 τῶν
2742 1144 2951 1222 nandi!-
2973 1147 3305 1222 φαίνεσθαι
3341 1149 3662 1218 κρείττων
3684 1167 3701 1187 ο

576 1218 684 1274 Sed
708 1220 849 1285 dole,
877 1222 1016 1291 quod
1044 1223 1118 1276 sis
1142 1223 1291 1278 bonis
1316 1209 1563 1294 inferior.
1953 1270 1957 1275 .

1953 1270 1957 1275 ,
2228 1211 2441 1265 Aman)
2478 1209 2547 1265 δὲ
2585 1212 2706 1266 τῶν
2735 1209 3393 1287 ἀγαθῶν’ήττώμενοςξ

470 1310 738 1383 Chrysosl.
770 1341 840 1354 —
880 1313 1079 1370 Merito
1114 1315 1285 1385 igitur
1314 1316 1385 1372 ab
1426 1316 1674 1386 antiquis
1711 1314 1858 1371 dicta
1905 1321 1992 1371 est

2163 1302 2466 1369 Χρυσόστ.
2496 1331 2568 1344 -
2595 1304 2838 1370 Εἰκότως
2865 1307 2976 1377 ἄρα
3013 1308 3230 1381 εἴρηται
3264 1311 3447 1383 παρά
3476 1311 3599 1368 τῶν
3624 1331 3735 1369 πα-

402 1400 582 1456 inanis
604 1401 815 1473 gloria;
860 1402 1044 1459 inanis
1092 1406 1242 1461 enim
1294 1415 1425 1473 est,
1475 1422 1597 1476 quae
1646 1405 1788 1459 nihil
1840 1406 1978 1459 intus

2159 1392 2264 1446 16w
2318 1392 2615 1458 κενοδοξία.
2644 1395 2904 1467 Διάκενος
2954 1398 3066 1471 γάρ
3121 1402 3300 1469 ἐστιν,
3355 1402 3528 1457 ἔνδον
3578 1406 3735 1459 οὐδὲν

401 1478 612 1547 haheat
638 1492 806 1547 utile:
843 1493 962 1557 sed,
998 1493 1146 1548 sicut
1188 1495 1358 1550 larvas
1392 1494 1701 1565 splendidae
1738 1493 1977 1564 quidem

2154 1482 2300 1552 [ουσά
2322 1499 2376 1535 τι
2407 1484 2681 1554 χρήσιμον
2715 1502 2730 1516 ο
2786 1486 2904 1540 ἀλλ’
2964 1486 3156 1561 ὥσπερ
3204 1490 3282 1545 τά
3352 1495 3730 1561 προσωπεῖα,

400 1582 655 1654 etdignae
682 1599 809 1653 quae
841 1585 1017 1639 amori
1049 1585 1384 1651 habeantur,
1422 1585 1673 1641 exterius
1698 1594 1971 1656 apparent

2158 1576 2245 1627 κεί
2297 1574 2397 1644 μὲν
2426 1571 2566 1630 εἶναι
2585 1576 2815 1649 λαμπρά
2848 1578 2942 1632 καὶ
2965 1580 3265 1652 ὲπέραστα,
3304 1582 3465 1637 κενὰ
3490 1583 3555 1637 δὲ
3581 1584 3732 1638 ἔνδο-

404 1674 504 1728 sed
538 1675 688 1730 intus
728 1676 922 1731 inanes
951 1686 1116 1743 sunt;
1156 1693 1269 1747 quo
1294 1678 1375 1741 lit,
1409 1688 1473 1734 ut
1523 1678 1658 1734 licet
1688 1678 1836 1733 veris
1867 1678 1980 1732 vul-

2155 1665 2193 1719 ἱν
2240 1665 2357 1735 ἐστι
2385 1682 2399 1697 ’
2449 1667 2531 1721 διὸ
2569 1669 2666 1723 καὶ
2694 1669 2804 1724 τῶν
2836 1673 3166 1742 σωματικῶν
3199 1672 3402 1744 ὄψεων
3439 1675 3731 1748 εὐπρεπέ-

401 1765 553 1821 tibus
581 1767 951 1838 elegantiores
992 1769 1125 1835 sint,
1181 1772 1460 1826 neminem
1510 1778 1697 1825 tamen
1749 1785 1977 1839 unquan

2154 1772 2270 1824 τερα
2292 1755 2442 1822 ὄντα,
2476 1757 2669 1812 οὐδένα
2693 1759 2950 1814 οὐδέποτε
2981 1762 3119 1833 πρὸς
3177 1763 3272 1817 τὸν
3324 1764 3537 1834 ἔρωτα
3597 1766 3730 1819 ίδεῖν

399 1862 458 1917 in
481 1859 566 1914 sui
599 1876 844 1917 amorem
874 1862 1219 1918 induxerint.
1249 1863 1382 1919 Tale
1406 1863 1542 1933 quid
1564 1864 1756 1928 etiam,
1780 1863 1919 1934 quin
1943 1879 1972 1918 e

2148 1863 2288 1900 τεισε
2310 1846 2401 1901 τὸν
2451 1847 2662 1902 ἑαυτῶν
2694 1866 2709 1880 ο
2756 1848 2921 1918 οὕτω,
2979 1850 3180 1922 μᾶλλον
3227 1851 3289 1906 δὲ
3342 1852 3724 1926 ἀθλιώτερον,

400 1951 780 2008 miserabilius
808 1954 1043 2025 aliquid,
1067 1956 1218 2027 vulgi
1256 1956 1451 2027 gloria.
1542 1980 1545 1983 η

2091 1942 2188 1994 καὶ
2212 1941 2244 2011 ἡ
2278 1940 2428 2012 παρά
2453 1940 2562 1995 τῶν
2590 1940 2802 1995 πολλῶν
2832 1942 2980 2008 δόξα.
3220 2004 3222 2007 ,

470 2042 629 2115 Greg.
657 2044 806 2116 Nysa.
845 2071 913 2085 η·-
936 2045 1261 2100 Divitiarum
1297 2062 1462 2102 causa
1497 2046 1803 2102 fastuosum
1845 2062 1990 2113 esse,

2162 2034 2347 2102 Γρητ.
2369 2033 2520 2087 Νύσ.
2548 2033 2722 2121 -ςΤὺ
2758 2034 2855 2087 ἐπὶ
2881 2033 3099 2106 πλούτῳ
3141 2032 3502 2105 κομπάζειν,
3558 2034 3595 2106 ἢ
3634 2051 3729 2103 γι-

403 2147 503 2192 aut
532 2136 699 2191 claris
732 2137 1016 2192 natalibus
1075 2137 1393 2208 superbire,
1440 2139 1553 2205 vel
1586 2140 1821 2211 gloriam
1875 2155 1979 2194 am-

2150 2140 2239 2176 σει
2276 2121 2663 2192 σεμνύνεσθαι,
2709 2122 2743 2194 ἦ
2797 2122 2935 2211 προς
2985 2122 3147 2188 δόξαν
3197 2124 3365 2195 όρᾷν,
3433 2122 3473 2193 ἢ
3539 2122 3726 2197 δοκεῖν

404 2228 548 2294 bire,
579 2238 675 2284 aut
718 2230 973 2299 proximo
1025 2230 1311 2286 clariorem
1343 2230 1520 2287 videri
1570 2231 1713 2287 velle
1769 2231 1980 2303 (quibus

2150 2213 2237 2285 ιὲρ
2256 2213 2349 2266 τὸν
2381 2213 2549 2277 πέλας
2573 2208 2734 2277 εἶναι,
2766 2213 2833 2267 δι’
2853 2206 2929 2269 ὧν
2953 2215 3011 2268 αί.
3033 2213 3392 2287 ἀνθρώπιναι
3426 2212 3726 2286 πληροῦν-ν

406 2319 576 2374 rebus
606 2318 833 2373 humani
865 2318 1233 2389 perﬁciuntur
1285 2319 1581 2391 honores),
1628 2329 1829 2375 cuncta
1875 2321 1982 2376 haec

2148 2323 2184 2358 ιι
2212 2304 2392 2376 τιμαὶ,
2422 2304 2600 2359 ταῦτα
2632 2305 2811 2360 πάντα
2846 2304 3164 2380 καθαίρεσις
3206 2307 3310 2379 τῆς
3343 2305 3724 2380 ἀνθρωπίνης

407 2410 635 2466 humani
660 2411 891 2466 honoris
913 2413 1260 2467 eversionem
1295 2428 1360 2468 ac
1395 2412 1639 2468 dedecus
1682 2413 1983 2468 continent.

1301 2428 1360 2468 ac
1395 2412 1639 2468 dedecus
1682 2413 1989 2468 continent.
2093 2397 2259 2468 τιμῆς
2285 2396 2380 2451 καὶ
2414 2396 2616 2461 δνειδος
2644 2397 2877 2466 γίνεται.

476 2500 738 2555 Philonis.
772 2501 922 2556 -ln
967 2501 1211 2570 politicis
1273 2517 1340 2557 ac
1384 2502 1670 2573 republica
1704 2503 1749 2558 si
1800 2503 1996 2558 titulos

2169 2491 2459 2545 Φίλωνο-
2482 2490 2604 2544 Τῶν
2640 2490 2935 2546 πολιτικῶν
2971 2490 3068 2545 ἐὰν
3109 2490 3210 2555 τὰς
3260 2490 3412 2557 ὕλας
3466 2489 3709 2563 ἀφέλῃς,

407 2606 775 2663 pompamque
834 2592 1153 2660 abstuleris,
1211 2604 1417 2663 prater
1478 2594 1704 2649 inanem
1764 2592 1983 2651 fastum.

1688 2609 1704 2648 ι
1764 2592 1992 2654 fastum,
2090 2578 2256 2651 κενὸν
2283 2579 2452 2650 τύφον
2478 2580 2735 2653 εὑρήσεις
2760 2579 2886 2635 νοῦν
2914 2580 3018 2635 οὐκ
3047 2579 3264 2652 ἔχοντα.

407 2683 554 2754 quod
575 2684 698 2739 sani
733 2698 932 2739 sensus
958 2683 1031 2738 sit
1054 2684 1195 2738 nihil
1224 2684 1528 2741 inveneris.

475 2773 717 2845 Evagrii.
746 2804 816 2816 —
840 2773 1071 2830 Dillicile
1110 2784 1197 2830 est
1226 2776 1407 2832 inanis
1446 2776 1641 2847 gloriae
1683 2776 1995 2833 daemonem

2166 2774 2390 2843 Εὐαγρ.
2423 2802 2479 2815 -
2524 2771 2781 2825 Χαλεπὸν
2806 2770 3099 2839 διαφυγεῖν
3128 2770 3222 2825 τὸν
3250 2770 3361 2839 τῆς
3395 2767 3728 2833 κενοδοξίας.

409 2864 614 2920 vitare:
647 2865 797 2936 quod
818 2866 968 2921 enim
994 2866 1199 2923 feceris
1232 2868 1382 2924 illius
1414 2867 1771 2926 destruenda:
1801 2884 1985 2936 causa,

2153 2864 2332 2937 ιίμονα
2356 2880 2370 2895 ·
2400 2863 2429 2917 ὃ
2459 2862 2571 2935 γὰρ
2601 2863 2836 2935 ποιήσῃς
2868 2861 3226 2934 καθαιρήσων
3281 2860 3509 2933 αὐτὴν,
3552 2858 3729 2915 τοῦτα

408 2956 515 3013 hoc
551 2956 650 3012 tibi
681 2957 862 3014 inanis
881 2958 1071 3029 gloriae
1094 2960 1318 3015 initium
1343 2959 1473 3016 erit.
1526 3026 1529 3029 _

1469 3000 1473 3012 .
1526 3026 1529 3029 _
2098 2959 2241 3031 ἀρχή
2275 2975 2358 3011 σοι
2393 2955 2700 3021 κενοδοξίας
2727 2956 3045 3026 γενήσεται.

475 3049 824 3121 625.10“.
854 3050 1013 3106 Clim.
1045 3083 1114 3092 —
1145 3051 1329 3108 Solem
1351 3052 1439 3107 fur
1466 3052 1854 3121 abominatur;
1900 3060 1999 3109 ευ-

2190 3051 2306 3106 ’1ω.
2336 3049 2513 3120 Κλίμ.
2537 3079 2609 3090 --
2631 3048 2988 3103 Βδελύττεται
3017 3048 3170 3120 ἥλιον
3199 3047 3460 3121 κλέπτης
3495 3064 3511 3080 ο
3550 3046 3719 3121 ὕπερ-

409 3141 615 3212 perbus
636 3156 772 3197 vero
798 3157 894 3197 eos
941 3153 1188 3213 spernet,
1220 3145 1316 3215 qui
1344 3144 1487 3201 lenis
1518 3145 1632 3202 sint
1658 3160 1722 3200 ac
1757 3143 1985 3200 modesti

1472 3160 1487 3201 ι
1518 3145 1632 3202 sint
1658 3160 1722 3200 ac
1757 3143 1996 3200 modesti
2029 3207 2067 3223 Α
2101 3143 2308 3216 ήφανος
2338 3141 2419 3208 δὲ,
2447 3141 2655 3223 πρηνεῖς¹
2675 3139 3048 3208 ὲξουδενῶσει.

408 3207 600 3291 animi.
970 3207 989 3213 —
1173 3207 1182 3211 ⁷
1236 3207 1255 3215 -
2024 3207 2070 3267 θ

480 3325 747 3383 Socrates.
787 3359 859 3370 -—
892 3329 1060 3386 Utres
1110 3346 1316 3386 vacuos
1358 3341 1562 3388 ventus
1624 3332 1781 3388 inﬂat
1833 3342 2000 3405 atque

2171 3336 2434 3406 Σωκράτ.
2469 3365 2542 3378 ——
2575 3335 2727 3399 Τοὺς
2746 3335 2844 3404 μὲν
2872 3332 3062 3396 κενοὺς
3094 3333 3317 3397 ἀσκοὺς,
3372 3331 3441 3387 τδ
3502 3327 3718 3400 πνεῦμα

411 3419 710 3484 distendit;
738 3422 941 3478 stultos
964 3422 1221 3479 homines
1255 3423 1439 3480 inanis
1472 3427 1557 3481 sui
1588 3425 1800 3497 opinio.

2101 3428 2380 3501 Marnas"
2420 3428 2548 3493 τοὺς
2568 3427 2627 3481 δὲ
2661 3428 2923 3499 ἀνοήτους
2954 3425 3275 3499 ἀνθρώπους
3299 3423 3367 3477 τὸ
3408 3423 3610 3493 οἴημα.

478 3510 760 3584 Diogenes.
790 3543 862 3557 —
891 3514 1089 3570 Fastus
1114 3522 1298 3572 tumor
1326 3516 1475 3572 haud
1517 3533 1679 3574 secus
1702 3533 1767 3574 ac
1789 3524 2000 3590 pastor,

2175 3521 2479 3592 Διογένης.
2512 3550 2583 3562 —-
2626 3519 2685 3575 '0
2713 3519 2885 3591 τύφος
2919 3501 3110 3591 ὥσπερ
3160 3515 3399 3588 ποιμὴν,
3452 3506 3518 3569 οὗ
3575 3508 3718 3565 θέλει

394 3617 525 3672 .quo
547 3602 700 3667 velit,
734 3603 934 3676 vulgus
967 3605 1258 3662 hominum
1302 3607 1495 3665 trahit.

1104 3606 1258 3662 inum
1302 3607 1495 3665 trahit.
2104 3615 2232 3680 τοὺς
2259 3614 2492 3678 πολλοὺς
2529 3613 2675 3683 ἀγει.

480 3692 808 3753 Alexander.
832 3668 913 3739 :—
940 3698 1258 3756 Alexander
1289 3702 1452 3773 longa
1472 3702 1827 3761 conﬂictatus
1844 3705 2007 3776 aegri-

2225 3668 2543 3773 Ueﬁdrdp.
2575 3668 3043 3772 Ζ--Ἃλιίξανδρος
3087 3698 3327 3769 νοσήσας
3364 3693 3599 3769 μακρὰν
3624 3692 3713 3746 νό-
3796 3668 3801 3675 ί

413 3783 630 3867 tudine,
676 3785 771 3841 ubi
829 3789 1223 3859 convaluisset,
1274 3792 1415 3847 nihil
1473 3808 1533 3849 se
1591 3796 1751 3866 pejus
1800 3795 1989 3852 haberi

2131 3815 2225 3863 πον,
2259 3796 2337 3860 ὡς
2361 3795 2696 3868 ἀνέρῤωσεν,
2727 3783 2902 3858 οὐδέν,
2954 3792 3084 3862 ἔφη,
3134 3788 3440 3844 διατιθέναι
3491 3787 3670 3858 χεῖρον
3693 3798 3707 3813 ·

411 3875 573 3932 dixit.
618 3878 921 3936 Admonuit
978 3884 1128 3939 enim
1172 3900 1276 3941 nos
1321 3886 1568 3951 morbus,
1620 3903 1735 3943 non
1782 3903 1987 3960 magno:

2138 3891 2395 3961 ιπέμνησε
2416 3887 2526 3960 γὰρ
2554 3887 2700 3959 ἡμᾶς
2728 3887 2762 3958 ή
2796 3885 2973 3955 νόσος,
3011 3883 3086 3957 μὴ
3138 3882 3283 3955 μέγα
3307 3883 3538 3955 φρονεῖν
3590 3877 3714 3946 θνητ-

413 3983 635 4054 3umere
670 3972 906 4041 animos,
939 3975 1034 4045 qui
1073 3976 1341 4032 mortales
1378 3978 1574 4033 simus.

877 3989 906 4041 ι,
939 3975 1034 4045 qui
1073 3976 1341 4032 mortales
1378 3978 1574 4033 simus.
2110 3983 2239 4046 τοὺς
2270 3981 2453 4045 ὄντας.

1065 4109 1369 4166 Philistion.

2739 4113 3083 4170 Φιλιστίων.

418 4227 476 4284 Si
501 4242 725 4297 pravum
749 4241 812 4278 ac
842 4242 1075 4297 nequam
1104 4225 1386 4289 hominem
1400 4226 1581 4297 altum
1618 4226 1750 4297 ferri
1793 4228 1987 4283 videris

1809 4228 2009 4295 rideris,
2125 4230 2271 4285 Ἐὰν
2297 4228 2432 4296 ιδῃς
2457 4227 2728 4293 πονηρὸν
2747 4227 2841 4297 εἰς
2859 4225 3021 4297 ὕψος
3042 4223 3385 4297 αιρόμενον,

422 4293 850 4366 υἱὸίεἰαηιηιᾳιιε
866 4293 1152 4367 splendore
1182 4306 1345 4366 atque
1380 4296 1598 4365 fortuna
1618 4293 1868 4439 'sluperiw
1896 4298 1998 4369 glo-

1680 4384 1805 4422 rzan
1832 4386 1936 4433 em,

1924 4293 2014 4353 ιίοέ-
2116 4293 2461 4370 Λαμπρῷτε
2485 4297 2731 4359 πλούτῳ
2752 4296 2851 4351 καὶ
2870 4293 2942 4349 τύ
2947 4312 3027 4364 zu
3053 4293 3500 4363 ταυρούμενον,

423 4437 497 4493 Ac
524 4438 615 4510 qui
664 4436 1009 4511 supercilium
1058 4436 1221 4493 altius
1251 4454 1415 4510 quam
1451 4453 1550 4507 pro
1598 4422 1999 4522 fortunaea'tu-

1894 4422 2014 4493 πἰα.
2129 4430 2354 4501 Ὀφρῦν
2389 4446 2454 4486 τε
2474 4427 2647 4499 μείζω
2673 4426 2784 4497 τῆς
2812 4425 3003 4495 τύχης
3030 4424 3371 4492 καθῃρκότα
3402 4422 3470 4492 ⁷⁸,

426 4578 598 4657 Hujus
626 4581 1068 4657 tu_muta_t_ionem
1094 4581 1415 4651 ruinamque
1443 4583 1597 4657 ocius
1619 4508 1904 4653 εωδρὲίςῖὲί
1921 4552 1934 4566 ⁸

1744 4508 1934 4634 ἐξελ
2047 4544 2092 4600 D
2126 4580 2348 4657 Τούτου
2381 4579 2594 4657 τάχιον⁸
2614 4574 2962 4657 μεταβολήν
2989 4572 3320 4657 προᾳδόθέει.

427 4637 597 4705 Altius
621 4651 761 4733 enim
794 4650 1028 4733 tollitur,
1059 4660 1116 4704 ut
1148 4667 1275 4706 casu
1304 4637 1550 4722 g'raviore
1573 4637 1726 4707 ruat:
1774 4694 1787 4704 .

2134 4637 2494 4719 Ἐπαίρεταῗ
2512 4637 2632 4717 rap-
2646 4644 2871 4717 μεῖζον,
2901 4637 3006 4699 ἵνα
3027 4637 3124 4698 καὶ
3151 4639 3352 4713 μεῖζον
3380 4637 3573 4707 πέσῃ,

496 4785 797 4840 Menandri.
848 4816 921 4826 —
966 4784 1011 4841 0
1066 4786 1161 4856 qui
1218 4786 1275 4841 in
1329 4785 1529 4857 seipsis
1575 4786 1747 4841 altum
1798 4792 2016 4840 tument

2195 4785 2572 4855 Μενάνδρου.
2609 4814 2675 4825 -
2696 4784 2761 4835 Ὦ
2788 4779 3095 4854 τρισάθλιοι
3125 4778 3371 4841 ἅπαντες
3401 4778 3452 4830 οἱ
3488 4769 3696 4845 φυσῶν⁸

428 4885 597 4947 atque
646 4877 890 4946 sapiunt,
938 4885 1028 4932 ter
1052 4892 1249 4933 omnes
1294 4886 1605 4948 quaterque
1645 4876 1856 4932 miseri.
1890 4875 2004 4959 Non

2122 4896 2214 4942 τες
2238 4877 2322 4946 ἐφ’
2357 4876 2588 4939 ἑαυτοὺς
2616 4873 2831 4944 μεγάλα
2858 4887 2874 4905 ο
2929 4870 3085 4926 αὐτοὶ
3123 4869 3233 4941 γὰρ
3259 4869 3359 4923 οὐκ
3401 4867 3580 4921 ἴσασιν
3609 4860 3698 4914 ἀν·

429 4968 577 5023 enim
612 4967 799 5021 sciunt
824 4966 1070 5023 hominis
1093 4977 1350 5024 naturam
1370 4977 1427 5024 et
1460 4969 1726 5025 indolem.

990 4968 1070 5023 nis
1093 4977 1350 5024 naturam
1370 4977 1427 5024 et
1460 4969 1726 5025 indolem.
2123 4970 2346 5055 θρώπου
2380 4969 2566 5039 φύσιν.

502 5058 777 5114 Aristotel.
806 5088 875 5100 -
903 5058 1256 5125 Aristoteles,
1308 5067 1610 5130 conspecto
1663 5059 2014 5116 adolescente

2123 5044 2133 5055 ³
2203 5063 2492 5130 Ἀριστοτ.
2525 5088 2598 5101 ——
2636 5053 3019 5127 Ἀριστοτέλης
3054 5050 3391 5120 θεασάμενος
3427 5042 3698 5130 νεανίσκον

434 5147 578 5205 fastu
612 5149 785 5205 nimio
812 5149 1168 5221 superbiente
1205 5128 1593 5215 :Adoleseens,
1643 5150 1848 5221 inquit,
1902 5150 2010 5206 nti-

2119 5128 2614 5219 κατωφρυωμένον,
2632 5145 2927 5207 Νεανίσκε,
2953 5142 3082 5212 ἔφη,
3109 5134 3223 5201 οἷος
3266 5138 3363 5210 μὲν
3386 5135 3559 5195 δοκεῖς
3602 5128 3695 5184 αὑ·

435 5257 564 5300 nam
595 5242 774 5313 qualis
812 5251 871 5299 tu
915 5242 1014 5298 tibi
1062 5242 1272 5299 videris
1318 5245 1437 5314 ipse
1481 5220 1779 5299 exsistaml
1838 5243 2011 5314 qualis

2118 5243 2209 5306 τὸς
2241 5239 2404 5303 εἶναι,
2432 5238 2542 5307 ἐγὼ
2567 5236 2829 5308 γενοίμην
2860 5252 2873 5265 ·
2906 5231 3018 5298 οἷος
3038 5234 3093 5287 δὲ
3125 5235 3190 5303 τῇ
3250 5229 3478 5302 ἀληθείᾳ
3528 5220 3694 5293 ὑπάρ-

437 5348 572 5390 vero
604 5334 786 5405 reipsa
815 5334 1056 5399 exsistis,
1088 5334 1301 5389 inimici
1330 5334 1436 5389 mei
1478 5334 1767 5390 exsistant.

1642 5341 1767 5388 :ant.
2020 5359 2035 5371 -
2116 5350 2253 5405 χεις,
2284 5329 2515 5385 τοιοῦτοί
2545 5345 2646 5399 μου
2676 5329 2725 5381 οἱ
2759 5324 2940 5397 ἐχθροὶ
2958 5325 3218 5393 γένοιντο.

512 5425 662 5482 Idem
692 5398 994 5496 conspecto
1033 5428 1238 5498 juvene
1271 5428 1515 5498 pretiosa
1550 5426 1656 5482 sibi
1695 5432 1848 5479 veste
1901 5423 2022 5493 pla-

2118 5398 2151 5405 "
2205 5425 2264 5478 '0
2290 5422 2455 5486 αὐτὸς
2500 5398 2849 5491 κατανοήσας
2917 5416 3201 5489 μειράκιον
3251 5412 3346 5466 ἐπὶ
3392 5398 3693 5498 πολυτελείᾳ

443 5524 602 5571 cente
636 5532 812 5587 eaque
833 5491 1154 5587 gloriante:
1188 5491 1313 5572 Non
1344 5517 1589 5584 desines,
1619 5515 1819 5585 inquit,
1863 5513 2019 5584 juve-

2133 5517 2230 5587 τῆς
2250 5515 2521 5587 χλαμύδος
2548 5512 2964 5584 σεμνυνόμενον,
2992 5511 3066 5563 Οὐ
3117 5507 3326 5578 παύσῃ,
3354 5505 3485 5577 ἔφη,
3520 5491 3692 5571 μειράσ

443 5607 551 5674 nis,
588 5608 657 5664 de
686 5609 807 5666 ovis
834 5609 933 5665 tibi
960 5609 1165 5665 virtute
1184 5609 1416 5679 placere
1435 5609 1460 5661 ?

2138 5607 2375 5666 κιον,ὲπὶ
2402 5605 2674 5678 προϐάτου
2710 5601 3104 5676 σεμνυνόμενος
3135 5599 3326 5671 ἀρετῇ.

1753 5720 1986 5778 νΑΙίίιΕ
2025 5717 2427 5776 LECTIONES.

524 5811 567 5842 "
596 5810 762 5867 Gesn.
795 5813 1014 5883 μικρὸν.
1070 5813 1112 5843 ⁷¹
1144 5810 1311 5866 Gesn.
1344 5808 1698 5880 καθαίροντα.
