3990 6360
276 331 383 402 991
1587 334 1760 398 LOCI
1799 336 2237 400 COMMUNES.
3432 351 3542 418 902

273 443 506 514 χρόνους
561 441 810 512 μακρούς
834 455 848 470 ·
921 440 1125 513 ἀρεστὴ
1175 442 1284 514 γὰρ
1321 443 1383 496 δν
1425 444 1617 516 Κυρίῳ
1641 447 1676 517 ἡ
1704 444 1851 516 ψυχὴ

1982 462 2149 517 ongos
2180 462 2354 503 annos
2382 466 2396 514 ;
2426 448 2627 518 placita
2658 451 2805 507 enim
2840 462 2960 509 erat
2988 454 3044 509 in
3076 455 3310 513 Domino
3358 460 3543 517 anima

275 531 467 598 αὑτοῦ,
491 530 580 585 διὰ
602 531 762 586 τοῦτο
788 531 1053 588 ἔσπευσεν
1085 535 1151 588 ὲκ
1183 537 1350 605 μέσου
1390 537 1679 609 πονηρίας.

348 706 539 776 Σιρὰχ
573 710 650 761 .1'.
698 736 772 748 —
825 707 1112 778 Κρείσσων
1141 709 1370 774 Θάνατος
1402 709 1543 782 ὑπὶρ
1578 709 1727 781 ζωὴν
1764 727 1857 763 πιο

275 797 494 868 κρίιν.ἢ
531 795 876 868 ἀρρώστημα
902 798 1142 869 ἔμμονον
1178 799 1271 871 (ε).

343 888 531 956 Σιρὰχ
560 891 679 954 λη’,
727 917 800 929 -—
835 889 1060 955 Τέκνον,
1097 890 1192 944 ἐπὶ
1222 891 1403 964 νεκρῷ
1435 893 1717 961 κατάγαγε
1765 893 1860 947 δά·-

275 993 446 1048 κρυα,
487 978 582 1030 καὶ
612 978 843 1049 ποίησον
873 980 1074 1044 πένθος
1108 981 1253 1035 κατὰ
1290 983 1388 1053 τὴν
1429 983 1586 1050 τάξιν
1613 983 1660 1015 ⁷⁸
1693 983 1858 1038 αὐτοῦ

276 1069 498 1140 ἡμέραν
530 1069 661 1139 μίαν
690 1069 921 1133 καὶδύο,
951 1072 1115 1141 χάριν
1140 1073 1416 1145 διαϐολῆς,
1452 1076 1546 1128 καὶ
1575 1076 1861 1147 παρακλή-

276 1162 404 1233 θητι
452 1162 630 1232 λύπης
663 1162 850 1217 ἕνεκα.
906 1163 1086 1216 Γνῶθι
1122 1164 1233 1235 γὰρ
1265 1165 1347 1219 ὅτι
1381 1166 1481 1219 οὐκ
1514 1166 1662 1219 ἔστιν
1691 1168 1859 1222 ἐπάν-

274 1253 420 1320 οδος,
453 1252 549 1307 καὶ
585 1252 776 1309 τοῦτον
805 1254 911 1324 γὰρ
934 1254 1036 1309 οὐκ
1060 1254 1496 1326 ὠφελήσεις,καὶ
1530 1257 1727 1311 σαυτὸν
1754 1275 1858 1311 κα-

275 1344 500 1411 κώσεις.
538 1346 671 1400 ’Λπδ
693 1345 802 1417 γὰρ
830 1345 1010 1417 λύπης
1039 1346 1280 1400 ὲκδαίνει
1307 1347 1561 1412 θάνατος.

342 1438 697 1492 Βασιλείου.
751 1466 823 1479 -
846 1437 1060 1507 ’Ὠσπερ
1112 1437 1221 1509 γὰρ
1276 1439 1326 1492 οί
1379 1440 1438 1492 ὲν
1485 1442 1599 1503 τοῖς
1652 1440 1860 1504 πλοίοις

276 1527 656 1595 καθεύδοντες,
694 1529 1021 1600 αὐτομάτως
1057 1528 1162 1582 ύπδ
1191 1528 1287 1582 τοῦ
1334 1529 1648 1602 πνεύματος
1690 1532 1859 1602 ἄγον·-

274 1637 390 1685 ται,
428 1618 536 1674 κᾶν
573 1619 731 1674 αὐτοὶ
772 1619 848 1691 μὴ
878 1618 1279 1675 αἰσθάνωνταιο
1329 1621 1445 1676 ἀλλ’
1474 1624 1504 1677 ὁ
1528 1622 1728 1696 δρόμος
1762 1624 1860 1679 αὑ-

1960 539 2110 594 illius
2143 557 2156 593 :
2194 550 2422 610 propter
2474 541 2580 597 hoc
2630 545 2951 614 properavit
3003 546 3070 602 de
3111 548 3296 604 medio
3337 548 3542 620 iniqui-

1960 631 2108 686 tatis.

2033 722 2201 777 Eccli.
2234 738 2361 787 xxx,
2401 723 2487 777 17.
2526 754 2598 769 -—-
2639 724 2832 779 Melior
2880 736 2968 782 est
3014 743 3165 785 mors
3210 746 3375 800 quam
3432 733 3543 787 vita

1959 829 2165 878 amara,
2197 824 2293 868 aut
2322 814 2589 885 aegritudo
2615 815 2898 871 diuturna.
2972 862 2976 871 .

2031 905 2201 960 Eccli.
2236 921 2463 971 xxxvm,
2499 908 2588 962 16.
2624 933 2696 948 -ι
2720 907 2843 973 Fili,
2874 923 3043 979 super
3064 917 3346 965 mortuum
3366 912 3547 968 deduc

1962 997 2274 1069 lacrymas;
2310 1006 2367 1052 et
2406 998 2494 1053 fac
2519 998 2731 1053 luctum
2760 1000 3065 1055 secundum
3102 1003 3364 1057 meritum
3400 1006 3545 1075 ejus,

1960 1105 2135 1145 unum
2166 1089 2313 1146 diem
2339 1090 2589 1146 autduos
2626 1101 2853 1161 propter
2871 1091 3300 1173 detractionem;
3324 1102 3382 1149 et
3410 1110 3548 1150 con-

1961 1182 2141 1235 solare
2201 1189 2431 1250 propter
2483 1181 2784 1237 tristitiam.
2846 1181 3003 1238 Scias
3058 1185 3210 1239 enim
3263 1201 3376 1241 non
3420 1199 3547 1244 esse

1960 1270 2359 1326 reversionem.
2389 1270 2582 1341 Neque
2614 1271 2765 1326 enim
2796 1271 2876 1327 illi
2914 1273 3191 1343 proderis,
3230 1284 3288 1331 et
3334 1282 3394 1332 tu
3425 1276 3547 1348 ipse

1960 1361 2359 1428 discruciabis;
2384 1377 2452 1417 ex
2489 1363 2713 1418 tristitia
2741 1364 2890 1418 enim
2917 1380 3067 1420 mors
3087 1367 3296 1421 evenit.

2030 1452 2240 1507 Basilii.
2273 1483 2340 1494 —-
2385 1453 2865 1521 Quemadmodum
2910 1458 3007 1527 qui
3039 1457 3097 1511 in
3131 1458 3366 1528 navigiis
3411 1458 3548 1514 dor-

1962 1545 2162 1608 miunt,
2188 1544 2332 1598 ultro
2362 1559 2393 1599 a
2442 1546 2627 1601 ventis
2677 1555 2945 1618 aguntur;
2992 1563 3059 1604 ac
3101 1548 3233 1604 licet
3276 1550 3383 1619 ipsi
3432 1565 3546 1605 non

1959 1633 2221 1698 sentiant,
2273 1647 2471 1689 cursus
2515 1644 2699 1690 tamen
2741 1636 2811 1690 ad
2863 1636 3029 1692 ﬁnem
3089 1645 3249 1708 urget
3300 1638 3545 1709 suscepti

272 1710 405 1774 τοὺς
435 1710 574 1782 πρὸς
615 1710 680 1764 τὸ
724 1710 882 1775 τέλος
926 1712 1173 1778 ἐπείγει·
1236 1712 1380 1768 οὕτω
1434 1716 1530 1768 καὶ⁸
1569 1715 1729 1785 ὑμεῖς
1760 1717 1857 1770 τοῦ

1987 1724 2180 1778 tineris
2213 1740 2229 1777 :
2272 1725 2355 1779 sic
2399 1735 2457 1781 et
2493 1741 2616 1790 nos,
2651 1728 2782 1783 vita;
2825 1739 3031 1783 nostra:
3077 1737 3331 1800 tempore
3359 1732 3546 1801 pere!-

271 1804 472 1877 χρύνου
504 1805 603 1875 τῆς
654 1804 802 1876 ζωῆς
853 1806 1013 1877 ἡμῶν
1063 1807 1490 1880 παραρρέοντος,
1535 1784 1699 1864 οἱονεί
1752 1828 1859 1865 τινι

1982 1812 2198 1877 luente,
2242 1815 2395 1869 velut
2428 1816 2543 1887 jugi
2565 1784 2805 1887 quodam
2830 1834 2897 1873 ac
2924 1784 3213 1875 indefesso'
3239 1784 3416 1887 motu,
3473 1820 3545 1877 ad

271 1897 492 1967 κινήσει
522 1898 757 1966 συνεχεῖ,
797 1898 894 1950 καὶ
925 1897 1213 1967 ἀπαύστῳ,
1251 1899 1389 1971 πρὸς
1413 1899 1474 1954 τὸ
1497 1901 1696 1954 οἰκεῖον
1728 1901 1861 1956 ἓκα-

273 2004 401 2052 στος
433 1987 610 2058 πέρας
640 1987 719 2058 τῷ
770 1988 1086 2044 λανθάνοντι
1140 1990 1330 2062 δρόμῳ
1370 1990 1472 2061 τῆς
1516 1989 1665 2062 ζωῆς
1703 1993 1862 2064 ἡμῶν

273 2083 745 2152 κατεπειγόμεθα.

356 2175 418 2228 '0
454 2175 555 2245 μὲν
579 2176 640 2228 ὲν
667 2175 746 2247 τῷ
799 2175 900 2249 βίῳ
952 2177 1257 2248 τυγχάνων,
1308 2178 1466 2233 οὔπω
1520 2180 1862 2252 μακαριστὸς

269 2264 365 2320 διὰ
397 2266 459 2318 τδ
506 2265 701 2336 ἄδηλον
754 2266 854 2337 τῆς
908 2266 1218 2332 ἐκϐάσεως⁹
1266 2270 1295 2323 ὁ
1343 2269 1401 2323 δὲ
1452 2271 1861 2341 συμπληρώσας

269 2355 343 2410 τὰ
377 2355 765 2421 ἐπιϐάλλοντα,
813 2357 909 2410 καὶ
963 2357 1344 2429 ἀναντιρῤήτῳ
1381 2359 1525 2412 τέλει
1571 2361 1671 2429 τὴν
1714 2358 1860 2431 ζωὴν

269 2445 666 2513 κατακλείσας,
701 2440 858 2511 οὗτος
887 2446 989 2523 ἥδη
1020 2448 1281 2517 ἀσφαλῶς
1313 2447 1704 2521 μακαρίξεται.

343 2536 538 2601 οὐδεὶς
572 2537 711 2607 μετά
757 2538 820 2591 τὸ
864 2537 1096 2608 λυθῆναι
1123 2538 1220 2610 τὴν
1256 2541 1566 2611 πανήγυριν
1596 2555 1859 2611 πραγμα-

267 2626 517 2694 τεύεται,
556 2627 679 2681 οὐδὲ
735 2627 879 2699 μετά
909 2629 1037 2692 τοὺς
1079 2627 1301 2696 ἀγῶνας
1346 2630 1629 2700 παρελθὼν
1663 2646 1861 2700 στεφα-

270 2714 493 2770 νοῦνται
510 2732 525 2746 ·
558 2715 682 2770 οὐδὲ
716 2717 859 2789 μετὰ
881 2718 1007 2780 τοὺς
1028 2716 1303 2788 πολέμους
1328 2716 1679 2788 ἀνδραγαθεΐ.

908 2855 1227 2925 Θεολόγου.

270 2945 462 3017 Παντὶ
500 2944 705 3015 ,βροτῷ
730 2945 1059 3017 Maxera
1088 2945 1260 3003 πᾶσα
1296 2944 1372 3017 γῆ
1399 2946 1608 3017 τάφος.

268 3016 407 3072 Πᾶν
433 3014 553 3088 γὰρ
580 3019 649 3071 τὸ
677 3017 747 3071 ἐκ
775 3016 890 3087 τῆς
918 3014 996 3087 τῆ
1025 3034 1090 3071 τε
1129 3018 1229 3071 καί
1263 3014 1352 3083 εἷς
1382 3014 1502 3088 τῆκ
1542 3016 1749 3072 πάλιν.

341 3168 650 3237 Χρυσόστ.
683 3197 755 3209 --
802 3168 867 3222 Ei
919 3169 1077 3247 πέλιν
1111 3169 1176 3223 ἐκ
1210 3170 1420 3235 πόλεως
1476 3168 1857 3240 ἀμειὸοῦντες,

270 3257 369 3315 τοῦ
398 3258 877 3331 χειραγωγοῦντος
913 3260 1183 3329 δεόμεθαδ
1226 3260 1410 3332 πολλῷ
1446 3260 1649 3331 μᾶλλον
1691 3262 1725 3332 ή
1764 3261 1861 3331 ψυ-

269 3350 368 3423 χὴ,
413 3351 517 3421 τῆς
564 3350 768 3421 σαρκὸς
813 3351 1096 3421 ἀπάρασα,
1133 3352 1229 3405 καὶ
1262 3353 1401 3423 πρὸς
1428 3354 1527 3424 τὴν
1557 3352 1861 3424 μέλλουσαν

273 3438 659 3513 μεθισταμένη
691 3438 861 3511 ζωὴν,
894 3440 1005 3494 τῶν
1036 3440 1416 3512 ὀδηγησόντων
1440 3443 1716 3515 δεήσεται.

343 3528 617 3600 Καθάπερ
644 3528 806 3599 σῶμα
837 3529 1221 3602 ψυχορραγοῦν
1246 3530 1339 3585 καὶ
1374 3533 1542 3602 ἐγγὺς
1572 3532 1647 3586 ὢν
1676 3534 1862 3586 τελευ-

269 3625 397 3691 τῆς,
432 3622 639 3692 μυρίας
683 3622 985 3676 ἐπισπᾶται
1034 3622 1313 3687 κακώσεις
1338 3640 1352 3655 ⁸
1400 3625 1496 3678 καὶ
1521 3626 1698 3691 οἰκίας
1732 3626 1863 3695 μελ-

270 3712 478 3786 λούσης
505 3712 898 3778 καταπίπτειν,
928 3714 1103 3769 πολλὰ
1141 3715 1474 3788 προπίπτειν
1519 3716 1732 3782 εἴωθεν,
1766 3718 1863 3771 καὶ

271 3806 385 3858 ἀπὸ
435 3804 537 3875 τῆς
584 3804 811 3875 ὀροφῆς,
866 3805 963 3859 καὶ
994 3805 1105 3861 ἀπὸ
1138 3806 1246 3860 τῶν
1278 3808 1506 3879 τοίχωψ
1567 3808 1711 3862 οὕτω
1769 3809 1863 3863 καὶ

271 3894 376 3967 τῆς
406 3896 738 3968 οἰκουμένης
792 3898 961 3965 ἐγγὺς
994 3897 1090 3951 καὶ
1117 3894 1176 3950 ὲν
1209 3897 1403 3969 θύραις
1425 3900 1574 3953 ἐστὶν
1602 3902 1635 3972 ἡ
1674 3898 1862 3952 συντέ-

273 3982 419 4053 ista,
453 3987 552 4042 καὶ
580 3987 671 4042 διὰ
707 3986 865 4041 τοῦτο
891 3987 961 4042 τὰ
995 3988 1171 4061 μυρία
1215 3988 1540 4061 διέσπαρται
1580 3989 1859 4061 πανταχοῦ

272 4075 445 4129 κακά.

358 4165 648 4234 Ἀριστοτ.
682 4192 753 4208 -
793 4166 891 4220 Ἐκ
936 4165 1031 4221 τοῦ
1083 4165 1201 4238 βίου
1230 4168 1523 4239 κράτιστόν
1562 4171 1708 4226 ἐστιν
1759 4172 1862 4226 ὑπ-

273 4250 517 4318 εξελθεῖν
565 4253 641 4317 ὡς
691 4255 757 4308 ἐκ
811 4255 1140 4326 συμποσίου,
1199 4259 1338 4328 μήτε
1403 4257 1665 4329 διψῶντα,
1719 4262 1859 4332 μήτε

279 4343 575 4416 μεθύοντα.

1963 1905 2249 1974 proprium
2279 1906 2515 1977 quisque
2542 1906 2727 1976 linem,
2751 1910 2970 1965 occulto
2991 1911 3118 1967 vita:
3146 1920 3353 1968 nostra:
3374 1928 3547 1970 cursu

1960 1994 2307 2052 festinamus.

2031 2168 2137 2236 Qui
2158 2169 2343 2226 adhuc
2371 2171 2531 2237 vivit,
2560 2175 3053 2240 eventusincerto,
3079 2176 3317 2234 necdum
3346 2177 3546 2236 beatus

1959 2262 2348 2332 praedicandus
2366 2271 2479 2318 est:
2514 2263 2609 2333 qui
2640 2279 2771 2322 vero
2812 2264 3061 2336 implevit
3096 2284 3219 2339 qua:
3243 2285 3371 2326 eum
3416 2287 3550 2328 con-

1961 2355 2250 2425 tingebant
2273 2364 2437 2425 atque
2461 2355 2788 2425 perfunctus
2821 2356 2992 2412 vitam
3015 2358 3247 2417 indubio
3276 2361 3386 2419 ﬁne
3408 2377 3547 2419 con-

1960 2446 2151 2510 clusit,
2178 2446 2271 2501 hic
2289 2446 2406 2517 jam
2436 2453 2555 2501 tuto
2585 2446 2783 2502 beatus
2821 2448 2933 2504 dici
2967 2458 3154 2519 queat.

2028 2536 2205 2593 Nemo
2272 2538 2473 2593 solutis
2530 2538 2644 2607 jam
2706 2539 2974 2596 nundinis
3025 2541 3388 2612 negotiatur;
3449 2553 3547 2600 aut

1960 2634 2089 2695 post
2114 2627 2419 2681 certamina
2440 2626 2673 2682 veniens
2712 2639 3041 2696 coronatur;
3086 2632 3173 2687 vel
3205 2639 3330 2702 post
3357 2632 3545 2701 praelia

1961 2714 2131 2770 fortia
2168 2715 2314 2770 facta
2344 2716 2622 2788 designat.

2614 2852 2658 2908 Τ
2655 2852 2881 2925 heologi.

1959 2939 2136 3014 Quivis
2167 2942 2411 3014 morienti
2439 2943 2635 3012 qumvis
2667 2952 2812 2997 terra
2847 2943 3150 3014 sepulcrum
3176 2955 3272 3002 est.

1959 3008 2232 3082 Quidquid
2258 3013 2399 3066 enim
2425 3008 2489 3065 ea:
2515 3020 2661 3068 terra
2687 3022 2784 3079 est,
2800 3021 2850 3066 et
2874 3008 2951 3068 est
2980 3024 3163 3158 terra,[
3181 3025 3231 3070 et
3256 3019 3311 3072 in
3345 3024 3547 3101 terram

3170 3097 3476 3146 revertitur.

2031 3171 2300 3244 Chrysost.
2328 3202 2398 3213 —
2419 3171 2500 3238 Si,
2536 3172 2632 3243 qui
2656 3189 2721 3229 ex
2753 3185 2864 3230 una
2890 3176 2946 3231 in
2975 3177 3136 3233 aliam
3170 3180 3365 3235 urbem
3398 3196 3550 3236 com-

1960 3265 2225 3337 migrant,
2266 3266 2499 3322 ductore
2548 3267 2831 3338 indigent;
2892 3271 3098 3340 potiori
3137 3273 3299 3345 longe
3333 3274 3550 3329 ratione

1961 3360 2148 3415 anima
2171 3358 2392 3413 solvens
2423 3374 2455 3412 a
2476 3372 2735 3428 corpore,
2773 3368 2939 3431 atque
2977 3361 3047 3416 ad
3075 3362 3320 3419 futuram
3363 3373 3551 3421 trans-

1963 3447 2213 3518 migrans
2236 3445 2430 3509 vitam,
2459 3446 2564 3501 viae
2591 3446 2833 3504 ducibus
2858 3448 3152 3521 indigebit.

2032 3537 2105 3593 Ut
2158 3536 2306 3606 quod
2367 3536 2605 3591 animam
2652 3538 2785 3607 agit,
2832 3540 3059 3609 jamque
3125 3541 3293 3596 morti
3342 3558 3550 3613 corpus

1959 3620 2206 3674 vicinum
2237 3626 2342 3684 est,
2375 3618 2695 3674 innumeras
2722 3622 3084 3691 aegritudines
3120 3638 3185 3676 ac
3209 3639 3381 3679 noxas
3414 3640 3547 3679 con-

1960 3711 2166 3777 trahit;
2212 3709 2491 3780 domoque
2540 3710 2759 3764 ruinam
2825 3712 3110 3780 minante,
3165 3694 3339 3768 inulta
3389 3715 3548 3785 prius

1962 3803 2147 3859 delabi
2186 3801 2386 3868 solent,
2416 3810 2534 3856 tum
2565 3816 2595 3857 e
2636 3810 2802 3868 tecto,
2835 3812 2954 3859 tum
2993 3819 3025 3859 e
3066 3806 3410 3882 parietibus;
3464 3807 3548 3861 sic

1960 3898 2019 3946 et
2037 3890 2371 3962 propinqua,
2399 3890 2624 3961 jamque
2660 3890 2716 3944 in
2744 3890 2932 3961 januis
2966 3893 3159 3947 mundi
3188 3909 3546 3949 consumma-

1962 3982 2137 4049 tione,
2166 3983 2458 4037 innumera
2494 3982 2701 4052 ubique
2728 3998 2920 4053 sparsa
2951 3984 3095 4040 mala
3117 3984 3405 4057 ingruunt.

2035 4157 2309 4220 Aristoni.
2339 4160 2716 4232 —Optimum
2763 4171 2848 4217 est
2901 4161 2983 4218 sic
3026 4164 3139 4218 vita
3177 4164 3332 4219 exire
3382 4178 3445 4218 ac
3480 4179 3549 4218 ex

1963 4254 2249 4318 convivio,
2305 4262 2369 4309 ut
2431 4244 3003 4324 neque‘siticulosus
3051 4271 3156 4311 nec
3210 4256 3550 4310 temulentus

1962 4344 2215 4400 exsistas.

361 4434 424 4489 '0
445 4435 505 4488 ὲν
531 4434 673 4507 νόσῳ
697 4433 964 4506 διαθήκας
982 4438 1231 4510 γράφων,
1258 4441 1616 4513 παραπλήσια
1636 4443 1857 4515 πάσχει,

2035 4432 2142 4499 Qui
2196 4432 2309 4502 jam
2359 4447 2505 4501 aeger
2563 4432 2879 4487 testamenti
2941 4432 3247 4488 conscribit
3306 4432 3547 4497 tabulas,

274 4528 390 4594 τοῖς
425 4527 658 4599 χειμῶνι
706 4528 982 4602 θαλαττίῳ
1018 4531 1367 4603 εὐτρεπίζειν
1417 4535 1742 4607 ἀρχομένοις
1787 4539 1857 4592 τὰ

276 4618 377 4690 τῆς
414 4619 545 4692 νηὸς
573 4619 735 4676 ὅπλα.

318 4797 611 4943 ιΣιιικεριίτ.
635 4829 706 4839 -—
744 4798 913 4871 Δίροῦ
946 4798 1127 4866 καλῶς
1150 4802 1406 4860 τεθνάναι
1431 4764 1657 4875 μᾶλλον,
1688 4804 1721 4876 ἢ
1756 4800 1857 4877 ζῇν

338 4904 542 4943 name.

278 4904 542 4960 αισχρως.

1963 4525 2115 4581 haud
2137 4523 2411 4580 absimilis
2442 4523 2522 4577 illi
2561 4532 2665 4588 est,
2700 4526 2796 4593 qui
2825 4534 2946 4579 orta
2978 4525 3089 4595 jam
3118 4533 3447 4595 tempestate
3484 4542 3550 4583 ac

1964 4618 2227 4674 saaviente
2261 4616 2528 4686 procella,
2565 4616 2730 4687 627
2761 4616 2917 4671 navis
2957 4632 3109 4672 arma
3161 4617 3356 4687 incipit
3385 4631 3547 4688 appa-

1957 4724 2107 4765 rare.

2043 4799 2398 4857 Socratis.'—-
2419 4796 2661 4853 Honeste
2690 4797 2879 4869 potius
2908 4797 3050 4853 mori
3067 4796 3414 4868 velis,quam
3438 4806 3546 4853 tur-

1963 4893 2112 4965 piter
2140 4889 2355 4948 vivere.

1557 5020 1799 5078 VARME
1842 5025 2252 5082 LECTIONES.

1785 5166 2023 5223 NOTAE.

344 5093 393 5126 ”
421 5092 510 5149 ἄλ.
540 5090 717 5159 ἀξίαν.

279 5258 470 5314 dinem
520 5258 725 5314 divinae
773 5258 1169 5324 Providentiae,
1217 5275 1290 5315 ne
1353 5273 1516 5316 secus
1558 5269 1872 5317 mutaretur

279 5344 385 5401 pro
416 5330 660 5401 humana
688 5330 1068 5401 vertibilitate.
1095 5330 1238 5397 Quid
1265 5330 1654 5401 εἰδυσάρεστος
1679 5334 1867 5387 κακῶν

280 5398 689 5471 scripsitsaccr
706 5400 984 5471 scriptor?
1013 5401 1249 5470 quadrat
1283 5410 1434 5456 certe
1462 5398 1688 5471 'optime
1745 5405 1892 5471 vul-_

280 5470 422 5538 gatis
482 5469 709 5523 Gracis.
774 5468 932 5536 Quod
965 5468 1190 5525 taederet
1218 5485 1343 5524 cum
1394 5468 1668 5526 malorum
1718 5474 1867 5539 vitaz,

281 5553 376 5611 seu
402 5539 571 5611 etiam
596 5540 807 5611 saeculi,
838 5539 1107 5611 ἔσπευσεν
1136 5543 1200 5592 ὲκ
1225 5542 1391 5610 μέσου
1446 5544 1733 5611 πονηρίας*
1768 5542 1870 5597 Se-

282 5608 407 5663 dulo
435 5608 641 5680 studuit
698 5609 762 5661 de
785 5610 994 5680 medio,
1016 5608 1306 5680 pravitatis
1366 5613 1531 5677 exire,
1571 5608 1868 5680 festinavit,

283 5679 612 5733 contendit:
686 5679 829 5732 votis
882 5679 1115 5742 sciliCet,
1174 5696 1299 5748 quze
1352 5681 1500 5738 Deus
1543 5679 1603 5737 in
1652 5698 1720 5739 eo
1786 5684 1869 5740 sic

285 5757 616 5818 pramature
638 5758 796 5819 rapto
822 5749 1069 5819 proclive
1102 5750 1421 5819 impleverit.

2050 5263 2121 5340 (ε)
2154 5261 2606 5340 Ἦμὰρῥῴστῃμα
2635 5264 2917 5340 ἔμμονον.
2948 5259 3188 5340 .lndicio
3209 5265 3342 5340 sunt
3365 5328 3378 5340 _
3396 5257 3549 5340 Vulg,

1978 5328 2189 5410 Syriae.
2220 5328 2443 5389 Arabio.
2475 5328 2809 5410 interpretes
2844 5330 3155 5410 desiderari
3174 5328 3379 5410 aliquid
3402 5331 3549 5410 quod

1976 5400 2048 5459 si't
2081 5406 2225 5459 idem
2249 5419 2313 5459 ac
2334 5419 2487 5458 mors
2522 5400 2660 5473 ipsa.
2693 5420 2847 5458 more
2878 5402 3039 5457 solito
3074 5400 3550 5473 Seripturdeem

1968 5476 2095 5529 aliis
2144 5474 2336 5528 verbis
2400 5466 2726 5541 repetendi,
2765 5490 2875 5528 uno
2931 5478 2987 5525 et
3055 5466 3230 5541 altero
3301 5466 3548 5541 monilirc

1965 5544 2225 5624 ejusdem.
2270 5538 2563 5624 sementim
2594 5543 2755 5624 Y‘ulg.
2782 5552 2996 5624 αῑιιιιςηίιΔ
3025 5538 3548 5624 regiiies,.quasille-

1964 5609 2363 5689 geritaidmoc;
2407 5610 2580 5689 λῆξις,
2607 5609 2823 5689 Syriae.
2871 5610 3188 5689 et_Aral)ic.
3236 5609 3549 5689 descendere

1964 5680 2021 5739 in
2049 5686 2280 5754 foveam,
2320 5682 2436 5737 sive
2456 5682 2571 5752 ipse
2595 5680 2766 5754 fouea,
2794 5691 2851 5737 et
2882 5680 3343 5754 infernus;_quod
3374 5680 3551 5748 ipsum

1967 5750 2108 5809 mori
2146 5762 2312 5824 atque
2344 5750 2496 5807 mors
2527 5761 2632 5816 est,
2663 5752 2964 5823 Scriptura!
3000 5750 3207 5825 plirasi.
