3990 6366
432 330 538 407 903

1604 320 1665 379 S.
1704 316 1993 377 MAXIM]
2034 313 2550 377 CONFESSORIS

3600 310 3705 375 904

498 434 776 492 Clitarcln‘.
799 462 866 475 —
897 429 1083 486 Satius
1110 436 1197 485 est
1225 427 1389 494 mori,
1418 441 1582 498 quam
1622 423 2025 480 incontinentia

2205 425 2590 494 Κλητάρχου.
2623 456 2692 466 —
2720 424 2986 497 Κρεῖττον
3027 423 3343 488 ἀποθανεῖν,
3370 422 3407 492 ἦ
3435 422 3505 477 δι’
3529 420 3709 479 ἀκοα-

427 529 677 583 animum
705 526 1003 581 oli‘uscare.

497 617 833 672 Moschiouis.
874 643 945 653 —
987 611 1128 667 Aliis
1187 601 1312 664 aliis
1377 605 1769 678 ingruentibus
1813 604 2022 660 morbis

427 727 681 783 peneque
716 708 1023 774 continuis,
1056 720 1163 761 nec
1197 718 1349 759 mors
1398 702 1518 773 ipsa
1565 700 1762 757 adesse
1799 707 2026 755 cuncta-

432 812 545 858 ιυΓ.

501 896 589 950 Ea:
608 892 902 949 Phavorini
932 890 1164 961 scriptis.
1214 916 1286 928 —
1341 885 1614 941 Aristides
1659 892 2025 956 cognomento

428 988 642 1052 Justus,
665 997 927 1057 rogatus,
969 982 1221 1054 quandiu
1263 981 1428 1036 liceat
1454 979 1735 1034 hominem
1769 979 1902 1050 justi
1934 993 2025 1033 re-

431 1079 618 1148 ctique
639 1086 890 1133 tenacem
916 1076 1109 1130 vivere
1138 1091 1150 1126 :
1196 1072 1420 1139 Quoad,
1450 1071 1652 1141 inquit,
1684 1068 2026 1125 existimabit

431 1180 697 1241 praestare
734 1169 895 1233 mori,
929 1182 1094 1238 quam
1142 1166 1351 1221 vivere.

504 1263 737 1318 Amasis.
772 1292 842 1301 ——
869 1260 1087 1316 Amasis
1110 1258 1495 1331 Egyptiorum
1521 1271 1640 1323 rex,
1671 1254 1740 1310 ad
1785 1253 2024 1309 amicum

432 1355 638 1411 amisso
676 1354 793 1409 ﬁlio
822 1353 1250 1409 consolatoriam
1313 1350 1567 1405 scribens
1620 1364 1633 1402 :
1697 1345 1777 1410 Si,
1821 1344 2022 1414 inquit,

435 1463 562 1503 eum
580 1447 827 1502 nondum
857 1453 1004 1501 esset
1032 1460 1142 1500 non
1171 1443 1421 1508 dolebas,
1465 1456 1536 1520 ne
1576 1454 1726 1494 nunc
1775 1436 2023 1507 quidem,

433 1557 561 1597 cum
597 1557 708 1596 non
732 1539 970 1610 amplius
998 1537 1223 1592 futurus
1249 1543 1354 1599 est,
1393 1533 1583 1588 dolere
1619 1530 1808 1586 debes.

504 1633 729 1703 Diogen.
756 1660 826 1671 ο·-
860 1631 1134 1700 Diogenes
1152 1627 1393 1699 Cynicus
1408 1625 1733 1695 deplorante
1762 1622 2025 1693 quodam,

428 1724 576 1794 quod
601 1738 834 1794 peregre
851 1722 979 1777 fatis
1017 1720 1312 1775 iuncturus
1339 1724 1508 1779 esset,
1530 1716 1609 1770 ait
1639 1732 1654 1769 :
1689 1714 1855 1781 Quid,
1890 1714 2029 1769 stul-

430 1824 485 1869 te
504 1855 518 1880 ,
569 1813 828 1884 deploras
858 1826 923 1866 ac
954 1808 1233 1881 quereris,
1270 1821 1396 1863 cum
1413 1821 1480 1861 ex
1496 1804 1647 1861 omni
1677 1805 1802 1860 loco
1831 1804 2025 1860 eadem

430 1906 499 1961 ad
525 1905 809 1959 infernum
834 1903 923 1958 via
939 1902 1054 1957 sit?

506 1996 753 2052 Docebat
776 1994 1027 2066 quidem,
1065 2008 1170 2049 nos
1190 1984 1390 2048 macto
1417 1998 1587 2055 ccetu,
1636 2005 1764 2045 eum
1796 1988 1893 2059 qui
1924 2003 2026 2043 na-

434 2097 528 2143 tus
552 2088 647 2152 sit,
673 2085 899 2156 quantis
931 2084 1094 2139 malis
1116 2082 1391 2137 obnoxius
1415 2082 1623 2146 veniat,
1658 2081 1808 2135 luctu
1834 2094 2026 2150 prose-

435 2178 533 2248 qui
555 2195 575 2252 ;
609 2184 805 2232 contra
833 2189 970 2230 vero
999 2174 1143 2228 vivis
1171 2172 1452 2227 sublatum
1486 2172 1831 2227 etlaborum
1861 2170 2027 2226 ﬁnem

437 2269 722 2339 adeptum,
747 2266 968 2338 gaudio,
997 2264 1192 2320 faustis
1220 2262 1480 2319 laudibus
1504 2279 1570 2319 ac
1592 2263 1893 2330 ominibus,
1926 2262 2027 2318 do-

438 2376 531 2416 mo
556 2360 780 2416 efferre.

509 2453 752 2522 Epicuri.
780 2482 853 2491 —
880 2450 1165 2507 Adversus
1202 2449 1311 2504 alia
1344 2449 1566 2520 quidem
1596 2464 1655 2504 se
1689 2457 1868 2505 tutum
1892 2465 2031 2521 prae-

433 2556 582 2601 stare
607 2544 739 2600 licet
769 2561 784 2611 ;
812 2544 882 2599 ad
907 2551 1142 2599 mortem
1163 2550 1349 2597 autem
1376 2542 1526 2613 quod
1560 2542 1780 2609 attinet,
1835 2557 2031 2598 omnes

435 2639 634 2698 urbem
659 2637 898 2693 colimus
928 2637 1082 2691 nullo
1103 2635 1363 2706 praesidio
1389 2635 1679 2690 munitam.

506 2730 761 2785 Musonii.
787 2760 860 2769 —
883 2730 1006 2785 Non
1031 2737 1210 2799 potest
1246 2736 1580 2798 praesentem
1613 2728 1761 2784 diem
1796 2728 2031 2785 honeste

433 2822 648 2890 vivere,
683 2821 781 2892 qui
808 2837 921 2878 non
945 2818 1301 2892 proposuerit
1323 2834 1453 2874 eum
1470 2834 1530 2875 se
1580 2826 1894 2875 extremum
1944 2819 2031 2874 vi-

434 2925 681 2971 Cllll‘llm.

508 3004 772 3077 Polymni.
794 3036 865 3045 —
888 3005 969 3061 Ne
1000 3006 1190 3063 doleas
1216 3020 1383 3076 super
1399 3005 1487 3059 his
1531 3004 1629 3074 qui
1667 3005 1986 3059 moriuntur
2013 3021 2029 3071 ;

2126 516 2252 581 σίας
2285 516 2464 590 ψυχὴν
2491 517 2848 588 ἀμαυρῶσαι.

2195 606 2575 675 Μοσχίωνος.
2609 635 2674 646 -
2725 606 2861 669 Ταῖς
2903 604 3086 668 νόσοις
3118 605 3147 658 ό
3180 602 3414 670 θάνατος
3448 602 3711 676 ἀλλήλαις

2123 697 2796 768 ὲπικαταλαμὸανούσαις,
2842 698 2951 752 οὐδ’
2982 698 3147 762 αὐτὸς
3182 699 3441 768 παρεῖναι
3472 696 3713 752 ἀναόάλ-

2123 787 2295 842 λεται.

2206 879 2303 935 Ἐκ
2339 880 2460 935 τῶν
2488 881 2776 951 Φαϐωρίν.
2803 910 2875 924 --
2916 881 3248 953 Ἀριστείδης
3279 882 3308 935 ὁ
3330 881 3541 946 δίκαιος
3572 883 3719 953 ἐρωο

2121 973 2330 1043 τηθεὶς,
2352 974 2525 1028 Πόσον
2556 976 2673 1027 ἐστὶ
2702 975 2892 1045 χρόνον
2912 975 3206 1051 ⁵ἄνθρωπον
3235 974 3403 1029 καλὸν
3430 976 3551 1047 ζῇν,
3581 975 3716 1047 ἔφη,

2124 1067 2273 1131 Ἕως
2321 1067 2388 1123 ἂν
2438 1066 2689 1140 ὑπολάϐῃ
2743 1066 2805 1121 τδ
2864 1067 3121 1124 τεθνάναι
3162 1068 3261 1122 τοῦ
3312 1071 3414 1142 ζῇν
3459 1073 3717 1141 κρεῖττον

2126 1155 2289 1214 εἶναι.

2201 1253 2481 1321 Ἄμασις.
2506 1281 2577 1292 -
2600 1251 2847 1321 ’Ἄμασις
2872 1253 2900 1306 ό
2929 1252 3038 1308 τῶν
3077 1253 3397 1322 Αἰγυπτίων
3429 1251 3717 1323 βασιλεὺς,

2126 1342 2266 1415 φίλῳ
2298 1343 2631 1398 ἀποϐαλόντι
2663 1343 2800 1412 υίδν,
2832 1344 3065 1416 γράφων
3093 1346 3581 1417 παραμυθητικὸν,
3632 1343 3717 1400 εἷ-

2081 1458 2087 1463 ’
2125 1452 2247 1504 πεν,
2277 1437 2343 1491 Ei
2371 1437 2459 1490 ὅτε
2488 1435 2703 1491 οὐδέπω
2731 1431 2801 1507 ἦν
2828 1437 2929 1490 οὐκ
2956 1437 3181 1504 ὲλύπου,
3208 1437 3346 1508 μηδὲ
3375 1438 3472 1492 νῦν
3503 1439 3587 1493 δτι
3611 1439 3720 1492 οὐκ

2125 1528 2207 1582 ἔτι
2248 1527 2404 1582 ἔσται
2439 1528 2711 1601 λυπηθῇς.

2197 1620 2505 1688 Διογένης.
2536 1649 2607 1661 -
2638 1621 2899 1693 Διογένης
2923 1621 2952 1675 ό
2980 1620 3219 1685 Κυνικὸς
3262 1612 3589 1694 ὀδυρομένου
3626 1639 3719 1676 τι·-

2128 1714 2219 1777 νδς
2267 1715 2457 1785 ἐπειδὴ
2510 1715 2603 1769 ἐπὶ
2664 1713 2824 1784 ξένης
2869 1712 3071 1785 ἤμελλε
3117 1713 3399 1785 τελευτᾷν,
3457 1712 3600 1779 εἷπε,
3641 1712 3720 1767 Τί

2128 1808 2319 1879 ὀδύρῃ,
2368 1801 2414 1862 ὦ
2451 1807 2671 1879 μάταιε,
2715 1806 3059 1877 πανταχόθεν
3086 1805 3198 1879 γὰρ
3240 1806 3357 1870 ὁδὸς
3394 1808 3429 1878 ἠ
3461 1805 3599 1879 αὑτὴ
3630 1807 3719 1871 εἰς

2128 1897 2277 1951 διδου.
2888 1906 2891 1907 ⁷

2213 1988 2414 2059 Ἐχρῆν
2438 1988 2537 2060 μὲν
2563 1989 2712 2060 ἡμᾶς
2734 1987 2991 2058 σύλλογον
3012 1986 3393 2057 ποιουμένους,
3414 1986 3509 2041 τὸν
3537 1985 3719 2058 φῦντα

2130 2081 2349 2154 θρηνεῖν
2379 2085 2460 2147 είς
2499 2082 2580 2137 ὅσ¹
2611 2082 2831 2152 ἔρχεται
2858 2080 3034 2136 κακά·
3064 2080 3157 2134 τὸν
3185 2079 3230 2134 δ’
3258 2076 3327 2135 αὖ
3351 2079 3581 2137 θανόντα
3615 2082 3723 2135 καὶ

2129 2178 2309 2231 πόνων
2335 2177 2716 2247 πεπαυμένον,
2739 2175 3054 2248 χαίροντας,
3073 2173 3481 2247 εὐφημοῦντας,
3510 2174 3725 2248 ἐκπέμ-

2129 2283 2258 2321 πειν
2286 2266 2490 2337 δόμων.

2215 2445 2513 2514 Ἑπικούρ.
2570 2474 2641 2484 -
2693 2444 2838 2517 Πρὸς
2870 2444 2971 2516 μὲν
3000 2444 3051 2509 τῗ
3076 2443 3212 2499 ἄλλα
3257 2444 3483 2500 δυνατὸν
3535 2446 3724 2517 ἀσφά-

2132 2535 2291 2590 λειαν
2322 2535 2655 2607 πορίσασθαι
2674 2553 2688 2568 ·
2728 2536 2889 2608 χάριν
2919 2536 2977 2590 δὲ
3007 2535 3240 2590 θανάτου
3271 2535 3473 2602 πάντες
3498 2537 3724 2612 ἄνθρω-

2132 2646 2226 2683 ποι
2253 2630 2408 2685 πόλιν
2437 2632 2747 2702 ἀτείχιστον
2779 2631 3060 2704 οἰκοῦμεν.

2202 2724 2587 2780 Μουσωνίου.
2611 2754 2683 2765 -
2711 2723 2829 2781 Οὐκ
2856 2726 2975 2780 ἐστι
2996 2727 3094 2801 τὴν
3116 2730 3470 2803 ἐνεστηκυῖαν
3500 2729 3725 2803 ἡμέραν

2134 2814 2317 2881 καλῶς
2357 2816 2574 2888 βιῶναι,
2629 2818 2707 2892 μὴ
2756 2819 3095 2893 προθέμενον
3140 2822 3311 2897 αὐτὴν
3358 2824 3437 2889 ὡς
3475 2824 3728 2897 ἐσχάτην

2134 2906 2352 2983 βιῶσαι.

2203 3003 2571 3059 Πολυαίνου.
2594 3037 2663 3046 -
2695 3006 2819 3061 Ἐπὶ
2845 3009 2960 3071 τοῖς
2980 3008 3386 3082 ἀποθνήσκουσι
3420 3009 3496 3082 μὴ
3518 3010 3723 3066 λυποῦ·

434 3106 522 3151 est
551 3098 700 3151 enim
742 3097 859 3153 haec
881 3098 1208 3153 necessariae
1259 3098 1385 3152 vitae
1432 3097 1679 3164 functio;
1721 3096 1819 3151 sed
1862 3111 2029 3167 super

2163 3098 2433 3165 ιναγκαῖον
2462 3098 2572 3169 γάρ
2592 3114 2605 3128 '
2646 3099 2764 3153 ἀλλ’
2789 3101 2883 3154 ἐπὶ
2912 3102 3026 3165 τοῖς
3054 3102 3299 3174 αἰσχρῶς
3326 3103 3681 3159 τελευτῶσιν.

436 3188 529 3243 his
550 3189 647 3258 qui
674 3189 911 3267 turpiter
931 3188 1078 3244 diem
1104 3188 1390 3243 claudunt.

510 3281 801 3334 Democrit.
828 3280 1282 3346 ——Democritus,
1307 3293 1435 3334 cum
1478 3293 1547 3333 ex
1600 3276 1930 3348 aegritudine
1975 3277 2034 3333 in

436 3372 753 3443 lethargum
837 3371 1170 3438 incidisset,
1201 3380 1427 3441 tumque
1465 3370 1786 3426 emersisset
1818 3386 1831 3424 :
1883 3369 2034 3424 Nihil

439 3462 601 3526 mihi,
634 3460 837 3530 inquit,
868 3460 994 3515 vitae
1037 3475 1194 3517 amor
1242 3461 1492 3532 imponet
1520 3477 1534 3516 :
1558 3475 1730 3531 seque
1772 3459 1955 3530 ipsum
1988 3474 2033 3514 'e

438 3554 553 3609 vita
589 3553 805 3611 eduxit.

1079 3643 1363 3700 Menandri
1384 3685 1399 3700 .

690 3737 789 3791 Ter
825 3739 1019 3792 misera
1059 3745 1111 3790 et
1152 3754 1455 3793 wrumnosa
1492 3745 1693 3793 natura
1714 3754 1735 3805 ;

689 3807 980 3881 Multisque
998 3810 1140 3863 curis
1167 3810 1279 3862 vita
1310 3808 1533 3879 referta.
1730 3822 1735 3827 ‘

512 3898 683 3970 Major
705 3900 1012 3955 necessitas
1041 3899 1299 3954 medendi
1322 3899 1532 3965 animo,
1569 3915 1737 3969 quam
1772 3900 2029 3972 corpori:

441 3999 669 4060 prastat
697 3991 847 4045 enim
884 3990 1048 4055 mori,
1077 4005 1244 4059 quam
1272 3991 1416 4046 male
1438 3991 1646 4045 vivere.

1095 4081 1387 4153 Sophoclis.

584 4172 746 4227 Fidus
779 4173 887 4238 tibi,
915 4171 1136 4236 tumule,
1162 4174 1278 4243 quis
1304 4189 1368 4227 ea:
1393 4173 1704 4228 mortalibus
1725 4176 1752 4229 ?

586 4243 704 4315 ﬁcu
726 4245 944 4297 mortuis
974 4244 992 4295 !
1023 4260 1185 4315 quam
1212 4245 1315 4297 cito
1329 4246 1447 4315 ﬂuit
1477 4244 1805 4312 brevissima,

589 4313 659 4367 Et
687 4315 915 4384 pristina
941 4330 1118 4368 omnes
1144 4313 1338 4368 deserit
1358 4315 1491 4368 inita
1520 4316 1751 4387 gratia}?

514 4404 666 4461 Bias.
687 4437 756 4446 —-
779 4406 928 4473 Bias,
966 4421 1091 4461 cum
1120 4406 1246 4476 quis
1280 4406 1337 4460 in
1380 4406 1684 4461 liberorum
1741 4407 2029 4463 interitum

2060 4452 2106 4508 D

2205 3276 2518 3345 Δημοκρίτ.
2552 3308 2621 3320 --
2648 3272 2818 3344 Οὗτος
2850 3281 3086 3351 νοσήσας
3120 3281 3216 3335 καὶ
3248 3281 3511 3355 ληθαργῷ
3557 3299 3734 3355 περι-

2135 3365 2342 3432 πεσὼν,
2371 3368 2447 3432 ὡς
2481 3370 2769 3442 ἀνένηψεν,
2813 3372 2981 3426 Οὐδέν
3011 3391 3100 3444 με,
3136 3373 3264 3446 ἔφη,
3293 3374 3631 3447 ὲξαπατήσει
3695 3365 3735 3434 ἧ

2135 3456 2401 3525 φιλοξωῖα
2420 3476 2436 3492 ο
2479 3461 2573 3515 καὶ
2603 3462 2874 3534 ἐξήγαγεν
2899 3464 3094 3519 ἑαυτὸν
3125 3464 3219 3519 τοῦ
3244 3464 3382 3537 βίου.

2740 3642 3114 3714 Μενάνδρου.

2246 3733 2600 3808 [ρισάρλιόν
2626 3751 2695 3804 γε
2721 3736 2819 3789 καὶ
2857 3738 3239 3808 ταλαίπωρον
3263 3739 3466 3808 φύσει.

2241 3803 2501 3858 Πολλῶν
2527 3821 2593 3858 τε
2629 3803 2856 3873 μεστόν
2880 3807 3015 3861 ἐστι
3046 3803 3238 3876 tam,
3264 3803 3642 3879 'gpportlowr.

2204 3896 2400 3969 Ψυχὴν
2449 3897 2704 3983 σῴματος
2736 3900 3164 3974 ἀναγκαιότερον
3201 3901 3407 3957 ἰᾶσθαι.
3461 3901 3571 3956 Τοῦ
3608 3902 3730 3975 γὰρ

2133 3987 2324 4053 κακῶς
2345 3989 2468 4061 ζῇν,
2499 3990 2562 4045 τὸ
2587 3990 2843 4047 τεθνάναι
2875 3997 3148 4066 κρεῖσσον.

2793 4089 3054 4156 Σοφοκλ.

2139 4176 2344 4253 Τύέιόφ
2370 4175 2486 4253 γὰρ
2532 4177 2729 4253 οὐδεὶς
2759 4180 2975 4253 πιστὸς
3009 4180 3336 4253 ᾴνθρῴπων
3370 4184 3571 4253 φίλος.

2133 4246 2252 4322 get")
2289 4246 2399 4322 τοῦ
2419 4249 2742 4322 θανόντος,
2773 4251 2855 4315 ὠς
2882 4246 3089 4322 ταχεῖα
3114 4246 3240 4317 τοῖς
3275 4246 3522 4320 ,ϐροτοῖς

2132 4314 2314 4384 Χάρις
2362 4317 2611 4386 διαρῤεῖ,
2638 4314 2738 4374 καὶ
2767 4314 3057 4389 προδοῧσ¹
3091 4314 3430 4380 ἁλίσκεται.

2205 4408 2371 4475 Βίας.
2405 4439 2479 4449 -—
2530 4410 2664 4476 Βίας
2717 4413 3148 4486 ἐπικαλουμένου
3181 4415 3326 4481 τινὸς
3357 4417 3453 4473 τὸν
3484 4417 3727 4474 θάνατον

445 4509 680 4555 mortem
727 4498 1031 4554 invocaret:
1085 4498 1229 4565 Quid
1272 4507 1379 4565 est,
1433 4499 1635 4570 inquit,
1694 4499 1881 4566 homo,
1927 4515 2028 4555 cur

2166 4502 2227 4557 πὶ
2255 4504 2463 4558 τέκνων
2491 4505 2767 4578 ἀπωλείᾳ,
2811 4508 2940 4578 ἔφη,
2973 4510 3040 4563 Τί
3068 4510 3234 4565 αὑτὸν
3263 4511 3468 4581 καλεῖς,
3500 4511 3728 4584 ἄνθρω-

445 4593 593 4649 illam
623 4607 871 4647 arcessas
899 4592 923 4645 ?
946 4592 1200 4662 nunquid
1225 4607 1338 4647 non
1366 4593 1553 4648 veniet
1566 4592 1674 4647 nisi
1705 4594 2033 4650 arcesseris?

515 4684 683 4755 628
720 4683 869 4738 Idem
900 4694 1200 4752 conSpecto
1223 4685 1469 4755 projecto
1523 4684 1789 4755 humique
1815 4685 2032 4755 jaceute

447 4775 649 4846 gladio,
679 4774 877 4841 Quem,
912 4776 1008 4841 ait,
1037 4775 1353 4845 perdidisti,
1383 4785 1480 4832 aut
1500 4776 1627 4846 quis
1651 4776 1742 4831 te?

518 4866 668 4921 Idem
712 4874 954 4936 rogatus,
988 4882 1237 4936 quaenam
1294 4868 1440 4922 inter
1466 4874 1673 4922 mortes
1706 4881 1856 4922 mors
1891 4866 2033 4921 mala

451 4958 612 5023 ioret,
641 4960 930 5030 respondit
980 4975 996 5014 :
1038 4958 1170 5026 Quae
1211 4961 1361 5031 justa
1417 4960 1603 5031 legum
1662 4974 1900 5015 censura
1954 4960 2035 5014 in-

451 5049 677 5121 ﬂigilur.

519 5142 727 5199 Socrat.
762 5143 1111 5200 —Socrates
1149 5145 1220 5200 ab
1264 5143 1697 5201 Atheniensibus
1744 5144 2038 5216 praecipitii

446 5234 759 5301 damnatus,
796 5236 962 5292 ﬂente
994 5239 1116 5309 ejus
1149 5253 1322 5292 uxore
1356 5236 1653 5306 Xantippe,
1711 5247 1878 5308 atque
1948 5237 2036 5291 di-

443 5340 607 5383 cente
638 5347 650 5382 :
679 5329 852 5396 Quam
894 5329 1105 5399 inique,
1142 5345 1176 5385 o
1206 5328 1484 5395 Socrates,
1531 5329 1767 5384 moreris
1797 5331 1810 5384 l
1853 5330 2037 5387 Velles

446 5420 637 5492 igitur,
655 5422 857 5492 inquit,
896 5424 1144 5495 mejuste
1173 5422 1314 5476 mori
1340 5423 1363 5475 ?

518 5595 690 5660 Idem,
724 5595 944 5651 dicente
978 5594 1215 5665 quodam
1254 5594 1626 5651 Athenienses
1665 5597 1865 5652 mortis
1902 5613 2032 5652 sen-

449 5686 678 5743 tentiam
715 5687 771 5742 in
795 5703 922 5743 eum
957 5688 1163 5744 dixisse
1208 5706 1220 5742 :
1257 5687 1401 5754 Quin
1451 5696 1580 5745 ante
1639 5689 1786 5757 illos,
1830 5689 2031 5761 inquit,

447 5787 643 5832 natura
653 5816 666 5831 .

2135 4613 2243 4662 πε;
2272 4597 2372 4651 οὐκ
2403 4597 2469 4652 ἂν
2512 4598 2588 4670 μὴ
2618 4600 2855 4672 καλέσῃς
2880 4601 2999 4672 ἣξει
3024 4620 3040 4670 ;

2207 4681 2377 4751 Οὗτος
2422 4688 2761 4760 θεασάμενος
2814 4691 3094 4765 μάχαιραν
3157 4692 3525 4766 ἐρριμμένην,
3583 4693 3724 4768 ἔφη.

2138 4777 2235 4843 Τίς
2268 4794 2330 4832 σε
2358 4779 2666 4846 ἀπώλεσεν,
2694 4782 2728 4852 ἢ
2758 4781 2881 4837 τίνα
2918 4782 3007 4838 σύ.
3248 4840 3261 4845 ν
3668 4812 3673 4817 ι

2214 4871 2276 4924 '0
2306 4871 2470 4935 αὐτὸς
2501 4872 2823 4944 ἐρωτηθεὶς,
2879 4874 3039 4939 Ποῖος
3086 4874 3197 4929 τῶν
3242 4875 3491 4932 θανάτων
3521 4877 3721 4945 κακὸς,

2135 4962 2262 5035 ἔφη,
2306 4965 2363 5018 '0
2396 4964 2505 5019 ἀπὸ
2529 4964 2639 5020 τῶν
2666 4966 2847 5038 νόμων
2880 4967 3241 5039 ἐπαγόμενος.

2208 5145 2547 5215 Σωκράτης.
2603 5176 2674 5186 —-
2746 5148 3044 5220 Σωκράτης
3123 5149 3548 5215 καταδικασθεὶς
3613 5151 3722 5206 ὑπὸ

2148 5237 2453 5308 Ἀθηναίων
2481 5242 3053 5312 κατακριμνησθῆναι,
3084 5242 3184 5312 τῆς
3211 5242 3469 5312 γυναικὸς
3489 5242 3724 5298 Ξανθίπ·

2136 5346 2248 5399 πης
2275 5330 2569 5402 κλαιούσης
2607 5335 2701 5386 καὶ
2731 5333 3021 5405 λεγούσης,
3049 5329 3122 5387 Ὦ
3156 5333 3465 5406 Σώκρατες,
3500 5335 3577 5401 ὡς
3602 5336 3721 5391 ἀδί-

2099 5456 2110 5464 -
2137 5436 2248 5483 κως
2276 5420 2670 5494 ἀποθνήσκεις,
2708 5419 2853 5491 εἷπε,
2895 5426 2967 5479 Σὺ
3006 5421 3102 5479 οὖν
3140 5425 3364 5479 ἐϐούλου
3394 5443 3464 5497 με
3491 5425 3719 5493 δικαίως

2134 5511 2428 5567 ἀποθανεῖν
2448 5531 2464 5581 ;

2216 5604 2276 5657 '0
2304 5571 2471 5670 αὐτὸς
2518 5607 2766 5673 εἰπόντος
2810 5608 2960 5680 αὐτῷ
3002 5571 3168 5675 τινὸς,
3217 5610 3280 5664 Oi
3317 5609 3589 5681 Ἀθηναῖοι
3621 5628 3716 5666 σου

2132 5696 2364 5753 θάνατον
2404 5701 2768 5772 ἐψηφίσαντο,
2801 5700 2928 5775 ἔφη,
2958 5702 3072 5773 Πρὸ
3095 5702 3275 5760 αὐτῶν
3308 5704 3363 5757 δὲ
3390 5704 3423 5774 ἡ
3462 5701 3643 5773 φύσις.
