3990 6360
283 301 404 365 9X7

1572 299 1743 360 LOCI
1781 298 2220 362 COMMUNES.

3459 302 3571 372 οη

363 414 548 480 Elpei);
575 417 678 465 κε’.
721 442 790 453 -—
826 409 911 473 Ὠς
967 410 1167 481 ὡραῖον
1229 410 1442 474 πολιαῖς
1494 410 1718 482 κρίσις,
1778 409 1870 461 καὶ

2051 411 2214 481 Εςείὶ.
2251 426 2355 464 xxv
2388 452 2399 471 .
2432 411 2496 476 6;
2573 418 2602 471 7
2627 451 2640 474 ,
2684 414 2733 466 ιι.
2764 413 3007 479 —Quam
3049 412 3361 482 Speciosum
3412 413 3567 469 canis

276 502 694 574 πρεσϐυτέροις
724 501 1022 570 ἐπιγνῶναι
1052 502 1283 574 βουλήνῑ

373 595 462 659 *Ως
508 593 689 665 ὡραία
738 592 1011 665 γερόντων
1066 593 1264 662 σοφία,
1327 594 1422 646 καὶ
1469 590 1876 662 δεδοξασμένοις

273 684 633 758 διανοήματα
651 686 696 717 ⁸⁸
722 684 918 756 βουλῆς
943 685 956 738 l

380 776 680 847 Ἐμίσησεν
715 780 747 850 ή
773 776 920 849 ψυχή
951 795 1053 849 μου
1080 777 1312 849 γέροντα
1340 777 1528 849 μοιχὸν
1552 817 1566 843 ,
1623 776 1878 832 ἐλαττού-

286 886 462 941 μενον
499 867 734 923 συνέσει.

363 964 583 1016 Βασιλ.
633 991 703 1001 -
748 961 920 1015 Πλέον
968 961 1048 1033 τῷ
1089 961 1206 1016 ὄντι
1237 964 1339 1034 τῆς
1368 961 1482 1016 ὲν⁸⁷
1514 962 1660 1033 θριξὶ
1688 961 1878 1016 λευκό-

278 1067 458 1122 τητος
509 1053 591 1114 είς
635 1050 1016 1124 πρεσϐυτέρου
1064 1051 1368 1120 σύστασιν,
1421 1037 1481 1107 τὸ
1529 1055 1586 1107 ὲν
1619 1053 1880 1125 φρονήσει

282 1164 399 1218 πρε
409 1146 752 1218 σϐυτερικὸν.

361 1239 625 1309 Διαφέρει
657 1239 751 1297 τοῦ
781 1239 976 1313 νηπίου
1010 1238 1135 1294 καθ’
1158 1238 1378 1312 ήλικίαν
1408 1239 1586 1304 οὐδὲν,
1619 1238 1648 1291 ὀ
1677 1239 1736 1293 ὲν
1757 1239 1881 1303 ταῖς

284 1330 462 1402 φρεσὶ
492 1333 796 1401 νηπιάζων.

365 1423 686 1492 Θεολόγου.
714 1455 785 1465 -
809 1423 1046 1494 Δίσχρδν
1077 1421 1177 1496 τήν
1211 1423 1310 1495 μὲν
1338 1422 1559 1495 ἠλικίαν
1586 1422 1877 1495 παρακμά-

289 1529 409 1577 σαι,
448 1513 524 1583 μὴ
551 1516 919 1585 παρακμάσαι
946 1516 1003 1569 δὲ
1033 1515 1135 1587 τὴν
1164 1515 1458 1584 ἀσέλγειαν
1473 1517 1539 1571 ⁸⁸.

363 1605 687 1663 Παιδεύεταί
713 1624 766 1659 τι
802 1607 898 1661 καὶ
929 1606 1122 1670 πολιὰ,
1169 1607 1264 1661 καὶ
1292 1608 1355 1661 οὐ
1381 1608 1558 1679 πάντη
1587 1607 1650 1661 τὸ
1676 1606 1875 1678 γῆρας,

287 1696 369 1760 ὡς
403 1696 604 1764 ἔοικεν,
637 1700 715 1762 είς
742 1697 961 1763 σύνεσιν
990 1698 1320 1766 ἀξιόπιστον.

366 1874 667 1940 Χρυσοστ.
692 1904 763 1915 -ο
790 1872 960 1929 Πολιὰ
986 1873 1048 1930 οὐ
1074 1874 1259 1946 τρίχες
1283 1872 1500 1941 λευκαὶ,
1539 1873 1680 1931 ἀλλὰ
1700 1874 1885 1947 divxer

286 1963 514 2019 ἀρεταί.

368 1980 514 2019 εται.

328 1980 462 2124 ρΜὴ
514 2054 606 2107 τὸν
657 2056 774 2109 νέον
822 2055 1078 2111 διάϐαλλε
1104 2072 1118 2088 ο
1177 2057 1315 2128 μηδὲ
1380 2058 1474 2111 τὸν
1530 2058 1880 2131 γεγηρακότα

1977 501 2275 572 judicium,
2304 510 2359 555 et
2390 501 2730 572 presbyteris
2764 502 2908 557 seire
2939 503 3267 558 consilium!
3318 574 3329 579 _

2051 590 2222 657 Quam
2250 591 2500 662 speciosa
2527 606 2721 645 senum
2750 591 3041 661 sapientia,
3071 601 3127 647 et
3155 593 3410 663 gloriosis
3438 609 3571 651 con-

1981 683 2088 738 silii
2121 683 2516 754 intelligentia!

2053 775 2183 830 Odit
2213 776 2392 830 anima
2428 791 2550 830 mea
2585 791 2775 831 scncm
2804 773 3142 837 adulterum,
3174 782 3230 829 et
3258 776 3353 845 qui
3402 792 3569 835 sensu

1981 865 2289 922 deﬁciatur.

2053 958 2263 1015 Basilii.
2285 989 2355 998 —
2377 959 2506 1014 Plus
2552 973 2744 1013 revera
2788 958 2857 1012 ad
2904 957 3218 1030 presbyteri
3250 958 3333 1029 (id
3368 968 3453 1013 est
3486 974 3572 1015 se-
3631 1014 3636 1039 ί

1983 1048 2179 1119 nioris)
2217 1050 2754 1105 commendationem
2805 1048 2958 1115 facit,
2989 1049 3187 1104 senilis
3251 1048 3570 1119 prudentia,
3632 1050 3637 1063 '

1982 1158 2145 1214 quam
2179 1141 2431 1197 canities.

2052 1232 2200 1287 Nihil
2239 1232 2431 1287 dill‘ert
2474 1232 2543 1287 ab
2592 1248 2658 1287 eo
2697 1231 2793 1303 qui
2835 1232 2998 1289 annis
3038 1248 3212 1303 puer,
3256 1231 3353 1302 qui
3401 1229 3572 1285 animi

1981 1341 2145 1380 sensu
2183 1325 2483 1390 puerascit.

2055 1414 2613 1486 Tlieologi.—Turpe
2664 1421 2750 1469 est
2798 1414 3003 1486 pubem
3054 1412 3416 1480 deﬂoruissc,
3468 1428 3572 1469 nec

1980 1508 2267 1577 libidinem
2302 1507 2664 1563 deferbuisse.

2050 1599 2226 1656 Etiam
2256 1600 2485 1654 canities
2518 1600 2725 1669 aliquid
2770 1599 2958 1665 discit,
2992 1615 3096 1654 nec
3139 1600 3369 1655 omnino
3411 1616 3572 1655 sene-

1982 1702 2130 1758 ctus,
2184 1692 2262 1748 uti
2307 1710 2407 1765 par
2448 1702 2554 1757 est,
2598 1708 2820 1748 omnem
2880 1702 3044 1747 nacta
3102 1692 3432 1763 sapientiam
3468 1708 3572 1763 pu-

1908 1756 1957 1822 Β
1985 1756 2149 1841 tanda
2184 1796 2286 1843 est.

2054 1871 2322 1945 Clirysost.
2345 1905 2413 1914 ——
2434 1872 2594 1940 Cani,
2627 1889 2737 1929 non
2762 1873 3069 1929 albicantes
3096 1872 3301 1945 capilli,
3337 1872 3435 1929 sed
3462 1872 3577 1928 vir-

1986 1974 2131 2019 tutes
2155 1966 2344 2019 animi.

2054 2055 2131 2110 Ne
2162 2054 2355 2125 juveni
2402 2055 2685 2120 detrahas,
2718 2072 2859 2111 neve
2894 2071 3022 2112 eum
3052 2055 3246 2111 laudes
3285 2055 3382 2126 qui
3411 2055 3576 2126 longe

287 2144 508 2197 ἐπαίνει
534 2160 547 2175 ·
605 2144 728 2199 οὔτε
758 2145 868 2217 γὰρ
901 2148 959 2199 ὲν
980 2150 1047 2218 τῇ
1073 2150 1311 2220 διαφορᾷ
1338 2148 1434 2220 τῆς
1458 2148 1678 2220 ἡλικίας
1709 2150 1879 2222 ἁρετὴ

2025 2138 2278 2200 revectus
2315 2145 2471 2200 senio
2501 2145 2573 2200 sit
2600 2162 2612 2198 :
2644 2160 2754 2198 non
2787 2145 3022 2213 enimvin
3054 2145 3233 2200 aetatis
3256 2145 3577 2200 discrimine

290 2236 393 2289 καὶ
425 2237 616 2304 κακία,
652 2237 767 2291 ἀλλ’
789 2239 848 2292 ὲν
876 2241 943 2311 τῇ
970 2239 1201 2311 διαφορᾷ
1235 2240 1334 2308 τῆς
1360 2240 1608 2311 γνώμης.

364 2421 556 2488 Γρηγ.
581 2422 850 2476 Νύσσ.-
893 2422 1017 2475 Ἐπὶ
1044 2425 1248 2487 παντὸς
1291 2423 1367 2487 ώς
1404 2423 1501 2476 ἐπὶ
1527 2424 1663 2478 πολὺ
1699 2425 1880 2494 πράγ-
1960 2495 1965 2499 _

295 2527 504 2580 ματος,
539 2511 846 2581 ἐπισφαλὴς
876 2513 1180 2584 σύμϐουλος
1210 2516 1244 2585 ἠ
1272 2516 1463 2585 νεότης
1483 2532 1498 2548 ο
1557 2517 1652 2570 καὶ
1686 2518 1788 2571 οὐκ
1814 2518 1880 2573 ἄν

292 2619 382 2665 τις
433 2604 635 2673 ῥᾳδίως
685 2603 1021 2675 κατώρθωσέ
1041 2623 1094 2660 τι
1128 2606 1234 2660 τῶν
1289 2608 1527 2676 σπουδῆς
1577 2608 1783 2675 ἀξίων,
1834 2601 1880 2678 ᾧ

294 2695 375 2764 μὴ
389 2693 484 2748 καὶ⁵
500 2694 659 2748 πολιὰ
682 2713 743 2749 συ
750 2698 1118 2771 μπαρελήφθη
1140 2701 1275 2772 πρὸς
1299 2701 1584 2755 κοινωνίαν
1604 2700 1698 2757 τοῦ
1717 2702 1880 2776 σκέμ-

293 2802 491 2854 ματος.
1016 2800 1026 2808 ·

366 2880 587 2933 Φίλων.
606 2910 674 2921 -
706 2881 763 2934 Ὀ
790 2870 1020 2955 ἀληθεία
1050 2883 1452 2956 πρεσῦύτερος,
1497 2885 1599 2939 οὐκ
1626 2886 1682 2939 ὲν
1709 2886 1877 2958 μήκει

291 2972 513 3045 χρόνον,
552 2973 960 3045 ἀλλ’ὲπαινετῷ
990 2960 1093 3039 καί
1114 2975 1304 3046 τελείῳ
1336 2975 1437 3047 βίῳ
1466 2975 1773 3047 θεωρεῖται.

360 3148 680 3217 Ε’ὑαγρίου.
704 3178 774 3192 --
796 3149 869 3204 Τὸ
892 3149 1107 3223 ἔντιμον
1138 3152 1195 3206 ὲν
1221 3153 1369 3224 γήρᾳ
1394 3150 1532 3206 εῖναι
1555 3199 1570 3221 ,
1605 3153 1882 3220 ἀπόδειξις

291 3240 713 3311 τοῦίφιλόπονον
740 3243 846 3315 πρὸ
867 3245 1054 3316 γήρως
1081 3247 1386 3315 γεγονέναι·
1420 3247 1483 3300 τὸ
1506 3248 1563 3301 δὲ
1592 3248 1882 3304 σπουδαῖον

293 3333 356 3389 ἐν
391 3336 519 3407 νέῳ,
552 3335 816 3408 ἐχέγγυον
850 3337 945 3392 τοῦ
972 3337 1192 3410 ἔντιμον
1218 3342 1278 3393 ὲν
1301 3341 1448 3414 γήρα
1475 3341 1716 3397 ἔσεσθαι.

382 3520 563 3576 Ἀνθεῖ
598 3521 731 3593 προς
763 3522 1078 3594 ἐπιστήμην
1107 3522 1289 3594 ψυχὴ,
1341 3523 1505 3577 ὁπότε
1546 3522 1603 3577 αἱ
1642 3522 1735 3577 τοῦ
1774 3522 1884 3578 σώ-

297 3633 472 3689 ματος
506 3616 683 3687 ἀκμαὶ
713 3617 904 3688 χρόνου
938 3617 1104 3687 μήκει
1139 3616 1513 3688 περαίνονται.

363 3709 605 3762 Νείλου.
652 3737 720 3748 —-
766 3705 901 3778 Θρὶξ
932 3706 1304 3778 λελευκαμένη
1324 3748 1339 3772 ,
1374 3707 1475 3779 τὴν
1505 3704 1884 3776 ἐντεῦθενιτῆς

296 3801 480 3872 ψυχῆς
511 3800 827 3871 ἀποδημίαν
857 3800 955 3872 βοᾷ
989 3801 1086 3855 καὶ
1112 3801 1567 3875 διαμαρτύρεται.

371 3892 857 3961 Πλουτάρχ.ο-⁹Ο
883 3891 996 3965 μὲν.
1009 3891 1243 3964 χειμὼν,
1268 3894 1499 3969 σκέπης
1525 3895 1586 3950 τὸ
1604 3894 1661 3950 δὲ
1682 3897 1880 3972 γῆρας,

295 3984 538 4048 ἀλυπίας
571 3984 764 4041 δεῖται.

375 4157 687 4228 Πλουτὰρκ
704 4156 988 4214 ⁸⁹.--Ἦδύ
1022 4160 1170 4212 ἐστιν
1198 4156 1390 4231 ὥσπερ
1421 4159 1561 4231 φίλῳ
1583 4161 1879 4234 σπουδαίῳ,

294 4250 441 4306 οὕτω
470 4252 564 4305 καὶ
595 4253 737 4321 λόγῳ
769 4250 920 4321 καλῷ
952 4250 1380 4323 συγγηράσκειν.

1982 2237 2160 2306 posita
2201 2237 2364 2308 635
2410 2238 2588 2292 virtus
2637 2243 2724 2291 est
2778 2251 2843 2292 ac
2887 2238 3122 2304 malitia,
3168 2237 3263 2293 sed
3310 2238 3366 2293 in
3405 2238 3579 2293 animi

1980 2330 2085 2384 alia
2127 2330 2343 2398 aliaque
2383 2330 2681 2385 sententia.

2054 2423 2208 2493 Grcg.
2240 2422 2398 2493 Nyss.
2421 2453 2493 2462 --
2510 2421 2569 2477 In
2596 2422 2752 2477 omni
2779 2422 2893 2483 fere
2915 2423 3139 2494 negotio
3155 2423 3422 2494 juvenum
3446 2437 3581 2478 con-

1980 2518 2103 2573 silia
2135 2533 2326 2587 parum
2369 2525 2486 2572 tuta
2520 2524 2675 2581 sunt,
2716 2532 2992 2586 nemoque
3028 2517 3150 2587 ejus
3190 2516 3372 2571 aetatis
3413 2513 3577 2570 facile

1980 2611 2209 2680 dignum
2260 2610 2468 2680 aliquid
2521 2610 2873 2669 aemulatione
2932 2610 3285 2680 ptmstiterit,
3341 2624 3406 2664 ac
3464 2609 3583 2670 nisi,

1981 2702 2103 2755 cani
2139 2701 2346 2756 auxilio
2379 2700 2611 2755 fuerint.

2054 2879 2526 2947 Philonis—Qui
2574 2880 2810 2936 veritate
2856 2882 3045 2935 senior
3087 2888 3192 2944 est,
3239 2895 3350 2933 non
3397 2879 3588 2936 :etatis

1979 2972 2349 3044 longitudine,
2381 2972 2476 3028 sed
2504 2972 2767 3027 laudabili
2799 2989 2861 3028 ac
2888 2974 3143 3045 perlecta.
3165 2974 3278 3030 vita
3315 2974 3579 3030 conside-.

1908 3094 1953 3154 ο
1985 3072 2156 3118 ratur.

2057 3159 2529 3230 Evagrii.—Quod
2559 3163 2870 3217 veneranda
2890 3165 3015 3233 quis
3046 3171 3329 3221 senectute
3348 3164 3584 3236 fulgeat,

1985 3252 2190 3308 indicio
2214 3260 2298 3307 est
2326 3249 2455 3308 ante
2481 3262 2828 3310 senectutem
2866 3255 3094 3311 virtutis
3122 3255 3344 3311 labores
3382 3256 3577 3313 sedulo

1984 3344 2253 3408 coluisse;
2284 3344 2535 3400 studiose
2571 3354 2756 3400 autem
2783 3346 2930 3401 culta
2965 3346 3079 3400 vita
3104 3347 3345 3419 juvenis,
3379 3348 3577 3419 pignus

1983 3442 2069 3488 est
2098 3434 2401 3488 senectutis
2430 3434 2483 3487 in
2511 3441 2795 3504 posterum
2829 3420 3174 3491 venerationi
3212 3436 3503 3492 habendaa.

2055 3526 2210 3581 Tunc
2252 3525 2415 3580 ﬂoret
2454 3527 2672 3582 animus
2709 3525 2775 3581 ad
2823 3526 3134 3593 scientiam,
3171 3542 3298 3582 cum
3324 3529 3576 3597 corporis

1985 3617 2140 3686 vigor
2175 3613 2521 3686 longaevitate
2556 3616 2867 3671 marcescit.

2050 3705 2182 3761 Nili.
2205 3704 2429 3759 ——Cani
2461 3704 2787 3769 albicantes,
2820 3706 3015 3761 animae
3037 3708 3147 3778 jam
3185 3706 3314 3762 inde
3337 3707 3574 3780 emigra—

1984 3800 2190 3855 tionem
2230 3799 2487 3861 clamant,
2521 3800 2751 3871 ejusque
2795 3799 3170 3855 testimonium
3203 3798 3361 3857 dant.

2054 3891 2346 3947 Plutarchi.
2372 3888 2645 3947 —Hiems
2670 3884 2894 3962 quidem
2926 3900 2983 3947 et
3013 3892 3220 3964 pluvia,
3260 3900 3408 3949 tecto
3431 3892 3575 3947 indi-

1983 3992 2106 4057 get;
2133 3996 2391 4041 senectus
2434 3994 2642 4047 autem.
2670 3984 2839 4041 animi
2884 3985 3184 4040 serenitate
3223 3991 3279 4040 et
3310 3993 3372 4041 ut
3401 4001 3591 4041 vacua.

1984 4076 2210 4133 tristitia
2234 4075 2326 4132 sit.

2022 4185 2034 4198 ο
2053 4169 2349 4225 Plutarchi.
2372 4200 2442 4209 —-
2461 4167 2779 4224 Iucundum
2816 4168 2978 4238 plane
3005 4176 3064 4222 ut
3095 4184 3221 4224 cum
3252 4170 3432 4226 amico
3457 4187 3575 4225 mo.

1982 4277 2104 4316 rum
2140 4262 2427 4317 honestate
2457 4261 2778 4331 conspicuo,
2810 4261 2890 4317 sic
2917 4276 3041 4316 cum
3087 4261 3319 4320 honesta
3356 4264 3583 4323 ratione-

1982 4353 2408 4425 eruditioneque
2444 4368 2863 4408 consenescere.

374 4424 785 4511 Παρεκελεύετο
812 4425 928 4487 τοῖς
952 4423 1096 4487 νέοις
1123 4423 1254 4494 τρία
1276 4423 1448 4477 ταῦτα
1470 4422 1637 4494 ἔχειν,
1660 4425 1757 4479 ἐπὶ
1779 4424 1880 4495 μὲν

2053 4442 2294 4499 Juvenes
2317 4422 2647 4497 bortabatur
2672 4442 2776 4496 tria
2812 4443 2931 4498 haec
2972 4442 3179 4497 habere
3213 4461 3226 4497 :
3258 4443 3314 4498 in
3360 4444 3568 4509 animo,

296 4523 396 4592 τῆς
443 4521 705 4592 γνώμης,
759 4518 1150 4591 σωφροσύνην·
1210 4519 1304 4572 ἐπὶ
1349 4517 1407 4572 δὲ
1452 4518 1554 4589 τῆς
1595 4518 1877 4591 γλώττης,

300 4614 481 4683 σιγήν·
518 4614 610 4666 ἐπὶ
634 4612 692 4665 δὲ
720 4610 816 4665 τοῦ
845 4608 1165 4682 προσώπου,
1202 4609 1356 4665 αἰδῶ.

381 4708 482 4761 Ἐκ
511 4705 629 4760 τῶν
658 4705 1025 4774 Φαυωρίνου.
1067 4734 1138 4748 --
1169 4705 1568 4776 Ἐρατοσθένης
1616 4709 1644 4761 ὁ
1685 4709 1878 4782 Κυρη-

297 4803 470 4866 ναῖος,
502 4800 597 4871 τῆς
626 4799 843 4872 ἡλικίας
873 4797 1000 4869 ἔφη,
1032 4799 1093 4850 τὸ
1123 4797 1222 4869 μὲν
1253 4798 1526 4869 ἀκμάζον,
1560 4798 1662 4873 εαρ
1714 4797 1877 4856 εἶναι·

299 4891 457 4963 θέρος
482 4892 538 4946 δὲ
570 4894 666 4944 καὶ
692 4890 1030 4963 μετόπωρον,
1061 4890 1122 4943 τὸ
1146 4889 1284 4960 μετὰ
1311 4889 1412 4961 τὴν
1436 4892 1641 4962 ἀκμήνο
1676 4894 1883 4964 χειμῶο

299 5004 366 5041 να
386 4986 466 5051 δὲ,
502 4985 564 5039 τὸ
590 4986 792 5056 γῆρας.
892 5004 898 5010 ’

371 5102 667 5167 Σόλωνος.
693 5130 765 5140 ——
809 5101 995 5171 Γῆρας
1018 5140 1033 5164 ,
1089 5099 1274 5168 ἔλεγεν
1304 5100 1476 5171 ὅρμον
1506 5096 1644 5155 εἶναι
1672 5103 1842 5156 κακόν
1862 5119 1876 5137 ο

298 5196 378 5259 είς
408 5194 539 5249 αὐτὸ
559 5194 668 5263 γὰρ
700 5193 879 5247 πάντα
903 5192 1265 5260 καταφεύγει.

367 5283 651 5354 Διογένης
665 5284 1117 5355 ⁸⁴⁵.-Ἐρομὲνου
1145 5282 1291 5346 τινὸς
1321 5283 1506 5347 αὐτὸν,
1538 5284 1606 5337 Τί
1632 5285 1876 5356 νομίζεις

296 5381 356 5434 τὸ
387 5379 599 5450 γῆρας;
652 5379 1012 5450 ἁπεκρίνατο,
1032 5377 1139 5431 Τοῦ
1164 5379 1262 5448 ζῇν
1287 5377 1556 5449 χειμῶνα.

365 5472 669 5544 Διογένης.
695 5501 763 5510 —
793 5470 939 5525 Ἰδὼν
969 5469 1025 5523 δὲ
1055 5468 1232 5541 γραῦν
1261 5468 1770 5541 καλλωπιζομένην,
1805 5465 1881 5523 εἷ-

1983 4533 2308 4589 modcstiam
2340 4549 2404 4588 ac
2437 4534 2778 4601 castitatem;
2816 4534 2871 4588 in
2921 4534 3129 4606 lingua,
3157 4536 3441 4595 silentium
3467 4553 3483 4607 ;
3514 4537 3569 4593 in

1954 4624 2163 4686 ~vultu,
2194 4622 2611 4678 verecundiam.

2057 4714 2140 4770 Ea:
2178 4714 2457 4786 phavorini
2502 4713 2916 4769 commentariis.
2938 4715 3428 4770 —Eratostlienes
3463 4713 3571 4784 Cy-

1985 4819 2224 4861 renaeus.
2258 4803 2436 4859 aetatis
2474 4800 2687 4868 ﬂorem,
2712 4819 2810 4861 ver
2847 4819 2971 4861 esse
3012 4804 3267 4871 dicebat;
3311 4803 3459 4876 quod
3502 4804 3572 4860 ab

1985 4893 2082 4951 illo
2105 4901 2211 4959 est,
2232 4902 2474 4961 aestatem
2501 4902 2973 4968 autumnumque;
2999 4911 3064 4952 ac
3082 4895 3303 4952 demum
3329 4894 3583 4961 senium,

1980 4986 2240 5042 hiemem.

2050 5099 2280 5155 Solonis.
2304 5130 2374 5140 —-—
2393 5100 2591 5156 Aiebat
2618 5100 2807 5166 Solon,
2840 5108 3187 5157 senectutem
3217 5101 3423 5157 malum
3446 5115 3583 5156 esse

1975 5202 2232 5260 portum;
2259 5190 2463 5260 quippe
2500 5190 2569 5245 ad
2604 5200 2769 5262 quam
2800 5191 2983 5247 omnia
3010 5188 3352 5261 confugiant.

2055 5282 2730 5354 Diageues.—Qu:erente
2763 5282 3024 5354 quodam,
3050 5281 3323 5348 Quidnam
3359 5280 3438 5336 illi
3476 5295 3568 5336 sc-

1985 5385 2182 5431 nectns
2216 5377 2496 5431 videretur
2526 5376 2681 5430 esse?
2710 5374 2993 5445 respondit
3020 5391 3032 5429 :
3065 5371 3202 5429 Vita:
3234 5374 3505 5431 hiemem.

2063 5470 2337 5541 Diogenes.
2360 5469 2736 5541 —Diogenes,
2788 5476 3078 5539 conspecta
3113 5484 3220 5523 anu
3286 5463 3568 5538 superﬂuo

1563 5606 1799 5662 VARUS
1833 5607 2247 5663 LECTlONl‘IS.

365 5722 408 5753 ε⁶
446 5717 505 5776 Β.
528 5721 811 5792 διανόημα.
880 5723 924 5754 ⁸⁷
960 5722 1079 5777 Bal.
1115 5721 1223 5776 ἐπί.
1294 5726 1338 5755 ⁸⁸
1361 5724 1472 5780 Bal.
1504 5723 1774 5776 ᾰσέ6;ιαν.

1858 5723 1900 5754 ⁸9
1932 5720 2068 5774 ἄλλ.
2106 5722 2350 5791 Σωκράτ.
2426 5721 2469 5751 ⁸⁰
2510 5720 2594 5774 ΔΙ.
2628 5719 2823 5773 Σόλων.
