3990 6358
205 324 323 393 921

1494 322 1663 382 LOCI
1702 317 2022 380 COMMUN
2028 315 2138 377 ES.

3372 298 3478 365 922

200 461 363 507 οικος
392 482 409 509 ,
464 439 576 496 οἷόν
627 459 679 495 τι
727 441 843 511 φῶς
901 441 993 494 καὶ
1046 440 1298 507 διαύγεια
1349 434 1486 510 πρὸς
1536 438 1634 509 τὴν
1688 436 1798 490 τῶν

1932 449 2000 489 eu
2028 434 2125 487 lux
2152 427 2398 500 quaedam
2430 438 2496 481 ac
2523 423 2795 478 irradians
2836 420 3037 490 fulgor,
3069 416 3133 471 ad
3175 431 3357 469 rerum
3386 416 3476 485 ju-

202 536 562 609 πραγμάτων
621 534 897 606 διάκρισιν
966 532 1324 595 ἀδιαλείπτως
1396 529 1745 601 παρεχομένη
1774 545 1791 562 ο
1840 542 1845 547 ·

204 632 342 701 ἥτις
372 627 662 700 πόρρωθεν
712 626 810 696 τὴν
832 628 931 696 τῆς
963 625 1141 694 ψυχῆς
1173 641 1267 677 σου
1302 621 1629 676 ἐπιστασίαν
1657 636 1795 689 προ-

206 717 570 788 κατασχοῦσα
594 761 610 783 ,
668 714 764 771 καὶ
810 716 910 779 τὰς
952 717 1176 786 ἀληθεῖς
1217 715 1345 782 περὶ
1378 713 1609 766 ἑκάστου
1639 710 1796 775 δόξας

207 810 724 883 προευτρεπίζουσα
747 849 763 873 ,
823 808 915 863 ὑπ’
941 808 1151 871 οὐδενὸς
1202 807 1352 861 ἐάσει
1389 821 1449 858 σε
1487 805 1597 856 τῶν
1628 814 1798 873 προσ-

209 902 530 955 πιπτόντων
595 899 994 969 ἀλλοιωθῆναι·
1034 898 1201 967 ¹ἀλλά
1263 894 1798 967 προευτρεπισμένω

207 997 278 1065 τῇ
309 992 552 1063 διανοίᾳ,
586 990 777 1062 ὥσπερ
807 991 929 1046 τινὰ
957 989 1219 1044 σκόπελον
1249 987 1526 1057 θαλάσσης
1554 986 1794 1055 γείτονα,

209 1084 481 1154 ἀσφαλῶς
539 1085 636 1139 καὶ
686 1084 954 1147 ἀσείστως
1000 1082 1111 1135 τῶν
1144 1098 1206 1134 τε
1251 1079 1443 1151 βιαίων
1471 1079 1802 1149 πνευμάτων

212 1176 314 1228 καὶ
348 1175 460 1229 τῶν
492 1173 751 1245 κυμάτων
781 1174 881 1237 τὰς
906 1172 1212 1245 προσϐολὰς
1241 1170 1556 1240 ὑπομένειν.

291 1271 467 1322 Θεολ.
491 1297 561 1307 -
589 1267 806 1320 Βέλτιον
838 1267 934 1320 τοῦ
964 1269 1162 1336 τάχους
1196 1267 1229 1336 ἡ
1260 1263 1614 1335 μακροθυμία
1638 1304 1653 1329 ,
1706 1261 1803 1316 καὶ

211 1361 321 1431 τῆς
348 1358 639 1424 αὐθαδείας
669 1362 702 1431 ἡ
738 1358 1170 1445 συγκατάδασις.

221 1571 231 1578 -
302 1534 536 1603 Ἀγαθὸν
551 1535 880 1607 χρηστῧτητι
899 1535 1057 1606 νικᾷν
1080 1532 1418 1604 θρασύτητα,
1443 1533 1537 1586 καὶ
1559 1530 1803 1603 βελτίους

220 1630 405 1681 ποιεῖν
466 1627 594 1691 τοὺς
639 1627 997 1691 ἀδικοῦντας,
1070 1623 1152 1690 οἷς
1225 1624 1608 1697 καρτεροῦμεν
1696 1623 1804 1676 πά-

221 1733 413 1787 σχοντε
421 1734 467 1781 ς.

1897 526 2104 581 dicium
2140 538 2208 582 ac
2256 518 2648 577 discretionem
2690 513 2894 585 jugiter
2949 519 3278 579 suppetens;
3331 505 3476 575 quod

1896 620 2034 674 olim
2068 626 2286 673 nactum
2318 621 2376 668 ut
2405 611 2588 667 animo
2636 618 2729 664 tuo
2759 604 3069 676 prtesideat,
3098 615 3365 670 verasque
3401 598 3479 651 rei

1897 712 2166 781 cujusque
2198 705 2488 777 opiniones
2522 709 2789 771 occupatu
2833 699 3092 760 instruat,
3122 695 3179 748 in
3226 692 3395 747 nullis
3428 700 3479 743 te

1898 802 2121 858 casibus
2151 816 2179 853 a
2211 796 2518 853 constantia
2544 789 2812 849 dimoveri
2840 789 3017 854 sinat;
3051 786 3146 841 sed
3181 792 3361 838 mente
3394 783 3479 835 in-

1897 898 2171 946 structum
2195 895 2358 955 atquc
2380 891 2652 954 paratum,
2679 880 2832 934 velut
2867 876 3155 946 scopulum
3186 872 3480 943 quamdam

1898 982 2037 1037 mari
2098 977 2537 1051 prominentem,
2590 985 2787 1026 secure
2840 969 3176 1034 immotaque
3228 963 3484 1017 firmitate

1899 1067 2173 1129 violentos
2214 1078 2507 1124 ventorum
2540 1066 2703 1118 ﬂatus
2746 1076 2810 1115 ac
2871 1074 2994 1115 sese
3043 1057 3335 1114 allidcntes
3387 1055 3487 1108 llu-

1901 1173 2046 1225 ctus.
2073 1162 2347 1218 sustinere
2377 1159 2565 1215 faciat.

1973 1256 2011 1310 Ἰ
2013 1254 2234 1325 Ιιεοίοθί.
2255 1283 2328 1293 -—-
2347 1252 2540 1307 Melior
2569 1257 2654 1306 est
2677 1247 2876 1303 lenitas
2906 1242 3207 1305 celeritate,
3233 1249 3289 1295 et
3315 1237 3487 1293 comi-

1904 1357 1988 1402 tas
2011 1346 2293 1414 animique
2318 1340 2653 1413 indulgentis
2672 1333 3126 1398 acccnnnodatio,
3144 1331 3304 1402 637
3322 1344 3484 1400 quam

1904 1453 2234 1510 pervrcacxa.

1975 1529 2206 1583 Praestat
2232 1524 2524 1579 audaciam
2553 1518 2981 1575 mansuetudine
3029 1515 3279 1577 vincere,
3315 1519 3482 1579 atque

1906 1620 1973 1675 ad
2007 1620 2292 1673 meliorem
2326 1616 2541 1686 frugem
2598 1610 2816 1683 injuria:
2866 1620 3144 1671 aucwrcs,
3194 1618 3305 1674 qua
3335 1603 3486 1659 tole—

1863 1762 1873 1780 ξ
1909 1714 2087 1768 rantia
2114 1712 2256 1766 mala
2288 1709 2565 1780 patimur,’
2585 1704 2884 1760 adducere.

307 1807 591 1876 Ἀλγοῦσιν
618 1808 714 1862 καὶ
755 1809 805 1862 οἱ
849 1807 929 1878 τῷ
974 1809 1166 1880 κόσμῳ
1218 1797 1656 1878 προστετηκότες
1687 1804 1804 1875 (m),

1985 1805 2179 1858 Dolent
2201 1811 2259 1857 et
2287 1775 2381 1871 qui
2406 1797 2616 1852 mundo
2647 1794 2855 1850 addicti
2882 1801 3033 1856 sunt,
3072 1805 3138 1844 ac
3171 1786 3348 1841 multo
3371 1798 3489 1837 ma-

217 1899 321 1953 καὶ
353 1898 536 1970 πολλῷ
564 1898 726 1954 πλέον
757 1899 839 1971 τῷ
869 1899 990 1971 Θεῷ
1022 1900 1427 1954 δουλευόντωνον
1447 1898 1582 1952 ἀλλά
1616 1895 1810 1969 μισθὸς

218 1991 415 2054 αὐτοῖς
440 1991 500 2044 τὸ
519 1991 707 2060 ἀλγεῖν
733 2007 747 2023 ’
787 1993 923 2062 ημῖν
953 1991 1011 2045 δὲ
1056 1990 1154 2045 καὶ
1181 1991 1243 2044 τὸ
1266 1992 1498 2069 πάσχειν
1517 1987 1808 2059 ἔμμισθον,

219 2081 354 2135 ὅταν
387 2082 475 2136 διὰ
505 2082 594 2137 τὸν
628 2083 761 2136 Θεὸν
797 2084 1178 2155 καρτερῶμεν.

293 2261 389 2332 Μὴ
439 2261 726 2332 γενώμεθα
771 2262 950 2317 δοῦλοι
979 2264 1160 2330 κακοὶ,
1188 2263 1517 2333 ἀγαθύνοντι
1577 2266 1677 2336 μὲν
1720 2265 1803 2332 tg-

218 2353 657 2425 ομολογούμενοι
684 2355 765 2425 τῷ
811 2355 1059 2426 Δεσπότῃ
1089 2371 1103 2385 ·
1146 2356 1544 2426 παιδευόμενοι
1585 2357 1681 2423 δὲ,
1735 2356 1810 2429 μὴ

219 2445 648 2516 προστιθέμενοι
698 2462 712 2475 ·
785 2446 967 2500 καίτοι
1054 2446 1187 2499 ποτὲ
1271 2450 1526 2517 κρεῖσσον
1622 2448 1811 2517 ὑγείας

221 2537 412 2604 πόνος,
450 2537 546 2592 καὶ
572 2536 821 2608 ὑπομονὴ
872 2537 1133 2602 ἀνέσεως,
1179 2540 1276 2592 καὶ¹
1323 2538 1613 2611 ἐπίσκεψις
1673 2541 1811 2612 ἀμε-

221 2628 396 2694 λείας.

292 2723 601 2790 Χρυσοστ.
623 2753 691 2765 --
704 2724 870 2778 Οὐδὲν
895 2723 1068 2788 οὕτως
1088 2722 1261 2777 αίδεσί
1266 2739 1400 2794 μους
1416 2724 1578 2787 ποιεῖ,
1595 2723 1669 2787 ὡς
1685 2724 1810 2787 τοὺς

224 2812 626 2886 ὑϐριζομένους
661 2813 873 2886 φέρειν.

298 2991 572 3062 Καθάπερ
586 2994 702 3057 τοῖς
721 2991 1074 3064 μετανοοῦσιν
1103 2994 1137 3062 ὴ
1170 2991 1263 3046 τοῦ
1293 2992 1429 3045 Θεοῦ
1459 2992 1811 3063 μακροθυμία

1910 1898 2015 1971 gis,
2051 1898 2225 1966 quam
2244 1893 2338 1962 qui
2393 1889 2600 1946 divinis
2652 1884 2936 1955 obsequiis
2968 1878 3268 1949 mancipati
3316 1883 3482 1930 sunt:

1909 2004 2104 2046 verum
2138 1988 2249 2042 illis
2279 1985 2386 2039 hoc
2409 1996 2626 2036 merces
2655 1988 2761 2043 est,
2788 1987 2850 2031 ιιι
2872 1977 3129 2037 doleant;
3153 1970 3316 2025 nobis
3333 1982 3487 2030 vero,

1910 2099 2014 2138 nec
2040 2090 2099 2136 ut
2125 2080 2266 2133 mala
2297 2077 2542 2131 feramus
2574 2068 2831 2127 mercede
2862 2076 3040 2131 vacat,
3080 2062 3245 2119 modo
3263 2067 3491 2131 propter

1911 2175 2083 2230 Deum
2122 2166 2570 2225 toleraverimus.

1982 2265 2063 2322 Ne
2094 2259 2460 2319 simus'servi
2492 2257 2659 2320 mali,
2693 2253 2791 2324 qui
2831 2245 3208 2307 benefacienti
3256 2241 3492 2299 Domino

1911 2359 2116 2431 gratias
2148 2369 2408 2426 agamus;
2441 2350 2736 2421 castiganti
2766 2360 2919 2409 vero,
2970 2343 3215 2398 animum
3252 2348 3362 2391 non
3394 2335 3494 2389 ad-

1911 2422 2208 2505 bibeamus
2236 2464 2248 2499 :
2279 2443 2499 2500 tametsi
2558 2439 2892 2512 quandoque
2928 2422 3216 2504 aegritudo
3258 2428 3493 2483 sanitate

1911 2540 2129 2603 melior,
2160 2544 2495 2609 praestatque
2551 2530 2880 2587 remissione
2930 2522 3220 2596 patientia,
3275 2528 3332 2575 et
3360 2532 3493 2572 cura

1913 2646 2077 2702 quam
2106 2627 2399 2684 securitas.

1985 2720 2252 2791 Chrysost.
2277 2745 2348 2756 -—
2400 2713 2547 2770 Nihil
2585 2719 2793 2767 tantam
2833 2704 3255 2763 venerationem
3304 2698 3491 2753 conci-

1913 2813 2033 2880 liat,
2071 2790 2137 2866 ac
2171 2807 2320 2880 quod
2377 2805 2615 2878 injurias
2676 2800 2992 2872 probraqtre
3034 2795 3314 2867 patienter
3364 2790 3496 2845 feri-

1916 2920 2059 2962 ωυε.

1986 2990 2465 3063 Quemadmodum
2511 2983 2916 3059 paenitentibus
2962 2979 3061 3035 Dei
3092 2977 3291 3032 lenitas
3346 2973 3497 3029 utilis

226 3083 531 3153 ὠφέλιμος,
559 3082 705 3138 οὑτω
731 3086 846 3148 τοῖς
863 3084 1164 3148 ἀνενδότοις
1197 3085 1294 3138 καὶ
1336 3083 1595 3155 σκληροῖς
1625 3085 1810 3156 μειζό-

1932 3098 2021 3152 εει.
2058 3087 2138 3143 sic
2172 3093 2228 3141 ct
2254 3081 2733 3155 pervicacibusac
2761 3076 2904 3131 duro
2931 3070 3096 3128 corde
3123 3067 3350 3140 majoris
3366 3081 3500 3134 sup-

227 3192 337 3228 νων
362 3173 579 3242 γίνεται
601 3174 881 3230 κολάσεων
908 3177 1204 3247 πρόφασις.

264 3302 269 3307 ρ
301 3265 476 3319 Ὅταν
502 3282 588 3329 τις
621 3267 908 3339 ἐπηρεάζῃ
932 3306 948 3331 ,
1011 3267 1088 3338 μὴ
1126 3267 1262 3338 πρὸς
1292 3267 1457 3321 αὑτὸν
1501 3268 1637 3339 ἴδῃς,
1676 3267 1815 3324 ἀλλά

226 3357 366 3430 πρὸς
384 3357 479 3411 τὸν
512 3359 767 3413 κινοῦντα
794 3360 1060 3429 δαίμοναο
1095 3360 1190 3414 καὶ
1232 3360 1331 3431 τὴν
1375 3362 1545 3432 ὀργὴν
1594 3362 1813 3416 ἅπασαν

225 3451 362 3503 κατ’
396 3450 610 3504 ἐκείνου
650 3450 888 3506 κένωσον
913 3469 926 3482 ·
967 3452 1131 3507 αὑτὸν
1179 3453 1234 3506 δὲ
1279 3454 1374 3508 καὶ
1401 3453 1544 3506 ἐλέει
1592 3453 1684 3506 τὸν
1723 3454 1816 3508 ὑπ’

230 3541 448 3595 ἐκείνου
480 3542 824 3613 κινούμενον.
936 3541 943 3545 “

298 3633 468 3688 Οὐδὲν
488 3634 597 3706 γὰρ
618 3633 762 3688 οὕτω
782 3635 1071 3707 λαμπροὺς
1094 3636 1240 3690 ποιεῖ
1259 3636 1354 3690 καὶ
1375 3634 1654 3708 ζηλωτοὺς
1674 3678 1688 3701 ,
1723 3637 1819 3690 καὶ

234 3726 448 3795 μυρίων
475 3727 784 3797 ἐμπίπλησι
813 3728 1171 3797 ἀγαθῶν,.ὼς
1217 3729 1546 3801 πειρασμῶν
1587 3729 1814 3798 πλῆθος,

1913 3181 2065 3254 plicii
2096 3176 2316 3234 occasio
2338 3186 2619 3243 causaque
2644 3169 2902 3226 edicitur.

1984 3271 2122 3327 Cum
2143 3269 2271 3339 quis
2300 3266 2505 3339 injuria
2537 3264 2811 3319 damnove
2847 3259 3118 3321 effecerit,
3156 3270 3224 3309 ne
3265 3251 3329 3306 ad
3367 3262 3497 3304 cum

1917 3363 2204 3434 respicias,
2230 3361 2327 3418 sed
2362 3359 2430 3414 ad
2470 3358 2776 3413 daemonem
2804 3368 2962 3408 11033:
2994 3352 3500 3408 incentorcm,om-

1914 3471 2156 3526 nemque
2187 3455 2244 3508 in
2272 3468 2399 3508 eum
2423 3451 2563 3504 iram
2592 3445 2818 3503 eﬂ'undc
2853 3462 2872 3503 ι
2899 3443 3050 3498 illius
3091 3447 3276 3496 autem
3303 3436 3393 3506 qui
3418 3435 3501 3490 sic

1917 3558 2113 3619 agatur
2143 3561 2207 3600 ac
2238 3542 2576 3612 impellatur,
2612 3537 2780 3593 etiam
2823 3534 3109 3589 miserere.

1986 3642 2148 3698 Nulla
2176 3638 2424 3711 profecto
2470 3650 2560 3690 res
2588 3640 2695 3700 est,
2741 3645 2864 3700 qua:
2910 3627 2991 3682 sic
3043 3622 3367 3695 splendidos
3412 3619 3500 3673 di-

1918 3752 2168 3810 gnosque
2189 3731 2546 3790 aemulatione
2570 3727 2794 3791 cﬂiciat,
2842 3734 2907 3778 et
2944 3718 3217 3776 sexcentis
3278 3716 3499 3771 demum

235 3816 328 3871 καὶ
359 3815 597 3870 κίνδυνοι
616 3817 711 3870 καὶ
742 3817 898 3871 πόνοι
920 3817 1018 3871 καὶ
1038 3816 1266 3888 ἀθυμίαι
1285 3834 1300 3849 ο
1344 3818 1440 3872 καὶ
1467 3818 1529 3871 τὸ
1551 3818 1811 3888 διηνεκῶς

1932 3808 2085 3886 θιῑηίε
2117 3826 2435 3897 adimpleat,
2461 3838 2526 3878 ac
2558 3819 2930 3876 tentationum
2961 3815 3121 3869 turba
3151 3821 3207 3866 et
3254 3808 3500 3879 pericula

231 3906 704 3974 ἐπιϐουλεύεσθαι,
744 3908 841 3963 καὶ
901 3910 1031 3981 παρ’
1057 3903 1134 3964 ὧν
1167 3909 1425 3982 οὐδαμῶς
1474 3911 1665 3981 ἐχρῆν,
1725 3911 1811 3963 καὶ

1932 3923 2253 3990 laboresque
2291 3933 2356 3974 ac
2405 3915 2686 3980 tristitiae;
2720 3907 2942 3966 necnon
2978 3906 3331 3963 continenter
3364 3899 3503 3954 insi-

232 4000 417 4057 πάντα
443 4000 638 4073 πράως
668 3999 876 4071 φέρειν.

309 4179 490 4249 Ὅπερ
540 4176 652 4249 γὰρ
688 4178 757 4232 ἂν
801 4177 1067 4247 πάθωμεν
1089 4177 1290 4242 ἀδίκως
1324 4177 1453 4249 παρ’
1507 4177 1748 4243 ὁτουοῦν,
1784 4178 1818 4249 ἢ

1922 4015 2029 4070 diis
2056 4010 2263 4083 appeti,
2290 4009 2536 4080 ipsorum
2560 4017 2783 4075 quoque
2820 4014 2961 4070 quos
2988 3995 3215 4051 minime
3245 3991 3398 4046 decel
3424 3997 3501 4053 at,

1923 4105 2232 4175 molitione,
2262 4109 2574 4169 cunctaque
2596 4095 2802 4151 leniter
2837 4092 3009 4147 ferre.

1992 4192 2278 4264 Quidquid
2312 4193 2461 4261 enim
2508 4188 2713 4259 injuste
2758 4194 3142 4255 aquocunque
3195 4175 3503 4247 patiamur,

237 4268 320 4335 εἰς
371 4270 789 4341 ἁμαρτημάτων
821 4269 1069 4324 διάλυσιν
1102 4271 1131 4323 ὀ
1171 4269 1305 4334 Θεὸς
1360 4270 1495 4340 ἡμῖν
1541 4269 1811 4339 λογίζεται

1932 4296 2019 4346 aut
2045 4287 2113 4342 ad
2141 4283 2406 4342 diluenda
2437 4290 2665 4353 peccata
2698 4277 2863 4332 nobis
2920 4271 3178 4344 injuriam
3227 4269 3374 4323 Deus
3406 4266 3507 4319 imo

238 4365 341 4434 τὴν
373 4364 594 4418 ἀδικίαν
627 4364 866 4433 ἐκείνην,
899 4363 933 4434 ἢ
970 4365 1053 4427 είς
1083 4362 1281 4434 μισθοῦ
1314 4362 1605 4417 ἀντίδοσιν.

1923 4386 2103 4455 putat.
2134 4384 2229 4434 aut
2255 4375 2324 4430 ad
2354 4371 2628 4428 mercedis
2656 4364 3185 4423 remunerationem.

309 4457 555 4512 Νείλου.
587 4485 659 4496 -
687 4456 760 4511 Τὸ
802 4456 1112 4528 ὀλιγωρεῖν,
1156 4457 1250 4511 καὶ
1284 4457 1358 4529 μὴ
1394 4454 1572 4510 θέλειν
1606 4456 1811 4528 ὑπομέ-

1932 4443 1944 4455 .
1997 4464 2420 4527 Nili.—T:edio
2459 4462 2769 4532 negligere,
2830 4470 2935 4511 nec
2971 4453 3116 4517 mala,
3164 4449 3280 4521 pati
3340 4448 3504 4505 velle,

244 4566 357 4603 νειν
422 4550 735 4620 συμφορὰς,
790 4549 1037 4623 μεγάλης
1066 4550 1162 4605 καὶ
1208 4550 1464 4622 ποικίλης
1510 4550 1811 4624 ἀφροσύνης

1932 4575 2145 4633 magna.r
2166 4557 2438 4625 variaeque
2465 4548 2751 4622 preprium
2799 4543 3129 4616 insipientia:
3151 4549 3255 4596 est.

242 4641 396 4695 ῐδιον.

308 4732 656 4799 Γλύκωνος.
689 4760 759 4773 ·-
781 4733 987 4797 Γνῶσις
1011 4733 1150 4788 Θεοῦ
1173 4734 1262 4788 διά
1295 4735 1684 4807 μακροθυμίας
1720 4738 1818 4791 καὶ

245 4824 552 4896 πραότητος
575 4826 656 4912 εἰς
681 4826 854 4898 ἀνδρα
882 4827 1232 4897 γνωρίζεται.

312 4918 498 4987 Γρηγ.
530 4919 808 4972 Νύσσ.-
844 4920 911 4972 Ἦ
937 4918 1033 4972 τοῦ
1064 4918 1427 4992 λοιδορεῖσθαι
1459 4922 1552 4974 καὶ
1579 4921 1823 4992 ὑϐρίζειν

1997 4740 2216 4811 Glycon.
2257 4706 2456 4788 —7Dei
2508 4728 2744 4786 scientia
2804 4742 2904 4797 per
2932 4725 3220 4781 lenitatem
3248 4730 3305 4776 ct
3356 4733 3510 4773 man-

1928 4830 2283 4890 suetudinem
2321 4826 2378 4880 in
2411 4824 2592 4878 virum
2636 4818 3011 4891 cognoscitur.

1999 4924 2157 4994 Greg.
2186 4919 2341 4991 Nysa.
2364 4945 2431 4957 —-
2451 4914 2845 4971 Conviciorum
2904 4909 3345 4982 injuriarumque
3376 4919 3511 4974 pro-

244 5008 575 5072 ἀκολουθία,
612 5009 702 5063 διὰ
760 5009 1150 5082 μακροθυμίας
1204 5013 1419 5066 ἰσταται
1461 5014 1561 5084 τῆς
1609 5015 1705 5069 ἐπὶ
1753 5015 1811 5068 τέ

1932 5032 2154 5089 gressus
2174 5012 2405 5069 lenitate
2436 5007 2651 5064 ferendi
2684 5005 2923 5061 sistitur.
2945 5002 3081 5058 Nam
3118 5002 3162 5056 si
3200 5000 3325 5069 quis
3370 4996 3510 5064 inju.

246 5100 434 5171 πρόσω
487 5104 695 5173 φορᾶς·
736 5102 814 5166 ὡς
857 5102 910 5156 εἴ
939 5104 1003 5173 γε
1040 5121 1127 5167 τις
1171 5104 1330 5175 ὕϐρει
1386 5105 1486 5177 τὴν
1532 5106 1691 5177 ὓϐριν
1727 5108 1824 5160 καὶ

246 5191 481 5266 λοιδορίᾳ
516 5193 616 5264 τὴν
644 5195 914 5267 λοιδορίαν
942 5195 1226 5267 ἀμύνοιτο,
1254 5198 1543 5253 πλεονάσει
1582 5201 1820 5263 πάντως,

246 5285 460 5356 τρέφων
484 5286 574 5342 διά
605 5289 716 5341 τῶν
738 5288 940 5358 ὁμοίων
961 5290 1023 5342 τὸ
1050 5288 1267 5344 ἄτοπον.

1928 5108 2067 5162 riam
2096 5103 2335 5179 injuria,
2359 5100 2787 5169 conviciumque
2813 5096 3064 5152 convicio
3092 5092 3280 5147 ulcisci
3317 5089 3511 5143 volun-

1929 5198 2024 5260 rit,
2056 5197 2164 5251 hoc
2191 5194 2313 5265 ipso
2349 5194 2515 5264 plane
2549 5191 2682 5245 vitia
2710 5188 2953 5260 augebit,
2979 5187 3110 5241 dum
3137 5184 3284 5254 quod
3311 5182 3508 5236 absur-

1931 5288 2063 5349 dum
2091 5296 2195 5352 est,
2222 5301 2291 5341 ex
2333 5284 2612 5339 similibus
2646 5281 2763 5337 alit.

1753 5422 1984 5483 NOTAE.

320 5517 420 5588 (nt)
448 5521 566 5590 Kal
599 5522 654 5572 cl
682 5519 761 5584 τῷ
787 5522 995 5589 κόσμῳ
1014 5522 1517 5590 προστετηκότες.
1539 5520 1641 5585 Qui
1678 5538 1829 5574 mun-

1928 5519 2163 5588 prwfccti
2193 5525 2337 5571 sunt.
2372 5517 2609 5570 Possunt
2628 5508 2839 5588 (ξιοιυί

2893 5505 3133 5577 prmfccti
3202 5518 3330 5577 esse
3356 5502 3503 5577 serv

252 5588 316 5709 βο
347 5589 708 5671 αάάίεείδυηέρ
744 5590 908 5674 eique
933 5590 1078 5645 afﬁxi
1108 5608 1121 5644 :
1155 5573 1578 5669 metaphoratai;
1599 5590 1687 5653 iis,
1708 5573 1832 5660 qua:
1929 5573 2124 5644 lici'ac
2157 5588 2355 5646 sancti.
2388 5601 2492 5639 nec
2522 5598 2617 5637 eos
2643 5581 2683 5634 Τ
2690 5573 2960 5648 lteolugus
2993 5576 3104 5631 illis
3131 5573 3383 5645 opponit,
3415 5573 3510 5629 sed

275 5659 547 5709 tuuefaeta
612 5661 733 5709 alus
777 5662 1158 5709 nﬂunduntnr-
1218 5674 1383 5709 nium:
1441 5662 1570 5709 hinc
1618 5662 1833 5709 ﬁrmius
1932 5660 2024 5709 nui
2062 5660 2149 5709 sic.
2171 5656 2376 5709 mundo
2403 5654 2578 5709 dediti
2604 5661 2753 5709 sunt.
2781 5661 2836 5706 et
2866 5651 2934 5704 de
2983 5646 3189 5702 mundo
3216 5655 3367 5700 sunt.

275 5658 547 5727 iquefacta
612 5661 733 5733 aliis
777 5646 1176 5733 aii'unduntnr,
1218 5646 1383 5733 atque
1441 5662 1589 5733 hinc
1618 5646 1833 5733 tirniins
1932 5660 2024 5731 qui
2062 5660 2149 5714 sic.
2171 5656 2376 5713 mundo
2403 5654 2578 5709 dediti
2604 5661 2753 5717 sunt,
2781 5661 2836 5706 et
2863 5646 2934 5704 de
2983 5646 3189 5702 mundo
3216 5655 3367 5700 sunt.

256 5726 496 5796 hatrciit;
525 5747 583 5786 rc
602 5731 682 5787 sic
708 5731 961 5802 proclivi,
988 5726 1125 5787 nihil
1154 5726 1494 5804 aptc'Gcsn.
1555 5731 1657 5796 Qui
1721 5732 1832 5785 orbi
