3990 6366
216 312 342 378 9:25

1506 311 1674 372 LOCI
1716 310 1926 371 COMM
1940 311 2157 372 UNES.

3412 315 3519 381 928

310 429 680 501 Κλήμεντος.
731 458 801 471 -—
847 426 1151 499 Θηρεύουσι
1201 428 1315 490 τοῖς
1351 425 1451 497 μὲν
1504 428 1652 488 κυσὶ.
1692 428 1822 491 τοὺς

1998 429 2306 485 Clementis.
2328 459 2398 469 -—
2422 430 2634 485 Venatu
2673 430 2904 501 capiunt
2934 440 3253 498 venatores,
3285 434 3519 492 canibus

218 519 508 589 λαγωοὺς,
540 519 592 572 ei
620 519 852 590 κυνηγοί
872 535 886 550 ο
921 519 1035 583 τοῖς
1051 517 1109 572 δὲ
1131 515 1375 579 ἐπαίνοις
1401 515 1531 581 τοὺς
1563 517 1826 590 ἀνοήτους

218 613 280 666 oi
310 611 522 666 πολλοί.

312 706 421 761 Τὸν
457 707 557 777 μὲν
603 704 924 775 λιϐανωτὸν,
966 706 1080 767 τοῖς
1123 703 1269 770 θεοῖς
1301 721 1316 737 ο

228 801 357 863 τοῖς
387 796 616 867 ἀγαθοῖς
651 796 955 868 ἀπονέμειν
975 797 1106 867 χρή.

325 889 617 959 Ἰσοκράτ.
646 921 716 932 -
754 889 990 953 Πιστοὺς
1021 888 1179 959 ἡγοῦ,
1223 888 1301 960 μὴ
1321 888 1449 953 τοὺς
1480 888 1590 942 πᾶν
1626 888 1655 941 ὅ
1682 903 1736 940 τι
1762 885 1830 940 ἂν

229 986 401 1057 ποιῇς
439 983 537 1038 καὶ
570 982 737 1056 λέγῃς
771 974 1157 1048 ἐπαινοῦντας,
1198 980 1338 1035 ἀλλὰ
1364 983 1482 1045 τοῖς
1514 981 1830 1052 ἁμαρτανο-

234 1076 433 1147 μένοις
475 1073 872 1145 ἐπιτιμῶντας.
1416 1120 1421 1125 .

307 1168 622 1238 Μοσχίων.
653 1197 729 1207 -
754 1168 821 1222 Et
867 1165 1046 1231 θέλεις
1081 1164 1265 1232 καλῶς
1310 1163 1554 1228 ἀκούειν,
1591 1162 1829 1235 μάνθανε

233 1258 425 1323 καλῶς
468 1258 675 1327 λέγειν.
712 1256 899 1330 Πειρῶ
954 1254 1138 1322 καλῶς
1200 1254 1486 1328 πράττειν,
1536 1254 1634 1310 καὶ
1687 1252 1833 1308 οὕτω

236 1349 520 1424 καρπώσῃ
553 1349 618 1404 τὸ
645 1349 832 1414 καλῶς
872 1348 1118 1404 ἀκούειν.

307 1443 682 1499 Πολυαίνου.
701 1470 770 1481 -
797 1441 1052 1512 Παρόντα
1072 1440 1212 1512 μήτε
1238 1438 1401 1510 ψέγε,
1429 1439 1557 1512 μήτ’
1575 1440 1793 1494 ἐπαίνει
1816 1453 1834 1471 ο

235 1534 302 1591 τὸ
335 1535 437 1606 μὲν
468 1534 577 1606 γὰρ
602 1532 805 1605 ἔχθραν
822 1532 980 1605 φέρει
1005 1548 1021 1562 ·
1052 1532 1116 1587 τὺ
1141 1532 1200 1586 δὲ
1229 1530 1543 1586 κολακείαν.

1359 704 1451 760 τὸν
1489 704 1549 758 δὲ
1604 702 1829 758 ἔπαινον

308 1718 667 1807 Ruga-allen.
698 1763 765 1777 —-
805 1730 926 1787 Ζῶν
973 1733 1098 1802 μὲν,
1132 1728 1362 1785 ὲπαινοῦ
1385 1747 1401 1761 ·
1430 1727 1723 1783 ἀποθανὼν
1750 1728 1830 1796 δὲ,

241 1828 577 1904 μακαρίζοι).

322 1920 711 1989 Ἀνταγένης.
741 1949 812 1962 -
849 1908 1022 1979 Οὗτος
1048 1910 1224 1979 εἶπεν,
1265 1914 1435 1969 Ὅταν
1466 1910 1734 1967 ἐπαινῶσί
1764 1912 1831 1982 με

1928 522 2178 593 quidem,
2213 522 2470 593 lepores;
2517 523 2721 594 vulgus
2756 540 2892 580 vero
2926 526 3210 594 laudibus,
3250 528 3347 599 qui
3374 539 3522 584 sunt

1929 614 2279 684 insipientes.

1998 704 2166 775 639
2194 704 2348 760 Thus
2387 704 2640 775 quidem,
2701 705 2845 772 diis;
2883 707 3006 762 laus
3036 723 3171 763 vero
3223 709 3387 766 bonis
3418 711 3520 765 tri-

1929 794 2152 850 buenda
2180 795 2271 850 sit.

1999 884 2323 940 Isacrat.—
2362 886 2583 943 Fideles
2626 888 2911 953 existima,
2970 904 3082 944 non
3132 892 3229 960 qui
3291 892 3525 949 laudent

1931 978 2207 1050 quidquid
2240 980 2424 1050 egeris
2448 990 2545 1036 aut
2569 980 2800 1046 dixeris,
2829 982 2927 1038 sed
2962 983 3058 1053 qui
3086 983 3522 1055 increpentcum

1930 1071 2271 1142 peccaveris.

2004 1162 2345 1220 lose/tionis.
2388 1164 2557 1221 --.Si
2590 1165 2734 1222 bene
2790 1168 2987 1224 audire
3038 1170 3146 1235 vis,
3197 1168 3353 1225 disce
3385 1170 3526 1226 bene

1932 1255 2109 1325 loqui.
2137 1254 2311 1311 Stude
2334 1256 2478 1312 bene
2497 1273 2685 1328 agere,
2717 1267 2886 1330 atque
2905 1268 2966 1315 ut
2994 1259 3138 1315 bene
3163 1261 3379 1327 audias,
3392 1261 3528 1317 boni

1933 1345 2122 1415 operis
2147 1345 2333 1401 fructu
2376 1347 2759 1416 consequeris.

2002 1437 2265 1509 Polywm'.
2291 1466 2360 1479 --
2390 1438 2725 1497 Praesentem
2753 1455 2859 1496 nec
2887 1441 3166 1512 vitupera,
3197 1457 3303 1498 nec
3335 1441 3531 1497 lauda-

1934 1532 2113 1596 veris;
2151 1532 2393 1587 alterum
2426 1532 2577 1587 enim
2622 1533 2980 1590 inimicitiam
3042 1534 3227 1601 aﬂ'ert,
3287 1536 3531 1593 alterum

1936 1623 2334 1683 adulationem.

2006 1716 2261 1789 Cypseui.
2293 1717 2614 1785 --Vivens,
2655 1718 2914 1787 laudare;
2952 1720 3064 1775 vita
3123 1719 3371 1786 functus,
3403 1718 3534 1775 bea-

1937 1818 2028 1865 tus
2061 1810 2418 1880 praedicator.

2000 1902 2328 1974 Antagenes.
2362 1933 2434 1942 —
2455 1902 2656 1958 Aiebat
2682 1902 3045 1974 Antagenes:
3089 1902 3229 1960 Cum
3264 1919 3353 1959 me
3404 1904 3534 1959 vul-

238 2014 459 2076 πολλοὶ,
495 2012 617 2066 τότε
672 2010 884 2081 νομίζω
920 2008 1148 2080 μηδενὸς
1174 2006 1327 2073 ἄξιος
1351 2000 1497 2062 εἶναι
1524 2021 1539 2037 ·
1593 2005 1724 2059 ὅταν
1775 2002 1834 2058 δὲ

1979 2008 2040 2048 us
2062 1992 2351 2048 hominum
2380 1993 2593 2058 laudat,
2627 1994 2841 2049 nullius
2885 2009 2975 2049 me
3025 1995 3253 2065 dignum
3288 2009 3412 2050 esse
3439 2010 3534 2050 ar-

237 2106 441 2177 ὀλίγοι,
482 2104 771 2160 σπουδαῖον
792 2100 1101 2174 ἄνθρωπον.

814 2214 1037 2273 ΛΟΓΟΣ
1063 2214 1175 2269 ΜΔ¹
1195 2213 1260 2267 ⁸⁷.

580 2374 587 2379 ε
802 2308 942 2377 Περὶ
981 2304 1273 2370 κάλλους.

315 2410 507 2464 Ματθ.
547 2384 621 2471 ςδ.
656 2433 728 2446 -
756 2400 1129 2472 Καταμάοετε
1162 2401 1233 2453 τὰ
1272 2398 1436 2470 κρίνα
1488 2396 1582 2450 τοῦ
1637 2394 1833 2468 ἀγροῦ,

240 2499 367 2563 πιῖις
404 2498 625 2563 αὐξάνει
654 2510 668 2525 ⁶
702 2494 762 2548 οὐ
792 2493 964 2564 κοπιᾷ
992 2490 1113 2545 οὐδὲ
1151 2488 1328 2556 νήθει.
1359 2488 1521 2556 Λέγω
1540 2486 1649 2557 γὰρ
1682 2487 1834 2556 ύμῖν,

1935 2087 2117 2142 bitror
2143 2102 2158 2154 ;
2185 2101 2310 2141 cum
2339 2101 2473 2142 vero
2496 2088 2684 2158 pauci,
2712 2088 2897 2142 virum
2948 2086 3285 2142 studiosum.

2509 2196 2744 2254 SERMO
2774 2196 2962 2253 XLIV.
3022 2185 3039 2194 ’

2469 2288 2549 2344 De
2586 2289 3004 2361 pulchritudine.

2010 2380 2202 2436 Matth.
2229 2398 2303 2448 vr,
2333 2382 2427 2438 28.
2454 2411 2517 2421 -—
2538 2380 2904 2437 Considerate
2938 2380 3055 2436 lilia
3088 2381 3227 2453 agri,
3256 2381 3539 2453 quomodo

1940 2480 2243 2539 crescunt;
2270 2488 2387 2527 non
2419 2472 2701 2537 laborant,
2760 2479 2945 2541 neque
2973 2468 3131 2527 nent.
3181 2471 3325 2527 Dico
3349 2481 3537 2530 autem

240 2562 497 2647 ὅτιούδὲ
533 2584 792 2658 Σολομὼν
827 2584 887 2639 ὲν
921 2562 1074 2655 πάσῃ
1108 2582 1177 2653 τῇ
1213 2579 1339 2650 δόξῃ
1373 2578 1539 2632 αὐτοῦ
1572 2575 1839 2648 περιεϐά-

1979 2563 2121 2630 ubis,
2150 2564 2415 2635 quoniam
2442 2579 2569 2618 nec
2595 2562 2863 2618 Salomon
2916 2564 2976 2619 in
3025 2564 3176 2619 omni
3220 2564 3396 2638 gloria
3435 2578 3539 2622 sua

241 2685 374 2740 λετο
397 2683 472 2747 ὡς
496 2680 558 2735 ἒν
597 2681 829 2734 τούτων.

315 2773 382 2833 A.’
425 2777 547 2846 Τιμ.
582 2768 663 2839 β’.
699 2801 771 2813 ——
812 2767 1085 2837 Βούλομαι
1116 2763 1217 2828 τὰς
1247 2764 1515 2832 γυναῖκας
1558 2762 1617 2815 ὲν
1673 2755 1843 2813 κατα-

245 2867 414 2940 στολῇ
445 2863 662 2937 κοσμίῳ
687 2903 702 2928 ,
734 2861 874 2934 μετὰ
905 2857 1084 2921 αἰδοῦς
1110 2856 1204 2910 καὶ
1227 2853 1583 2926 σωφροσύνης
1614 2853 1843 2929 κοσμεῖν

244 2959 462 3023 ἑαυτάς
481 2975 496 2990 ·
525 2956 602 3029 μὴ
628 2958 687 3009 ὲν
715 2954 1024 3024 πλέγμασιν
1057 2949 1092 3020 ἢ
1123 2947 1363 3022 χρυσῷῆ
1394 2946 1784 3019 μαργαρίταις,
1808 2941 1842 3016 ἢ

249 3050 542 3125 ἱματισμῷ
578 3047 886 3102 πολυτελεῖ.

1942 2666 2243 2726 coopertus
2270 2663 2356 2712 est
2379 2656 2715 2712 sicutunum
2750 2671 2819 2712 ex
2853 2656 3000 2712 istis.
3110 2676 3117 2685 κ

2013 2746 2045 2802 Ι
2068 2748 2201 2804 Tim.
2235 2764 2299 2814 ιι,
2331 2749 2385 2803 9.
2409 2777 2482 2788 -
2503 2748 2642 2804 Volo
2657 2748 2927 2805 mulieres
2951 2750 3007 2805 in
3038 2748 3231 2804 habitu
3261 2754 3540 2825 modesto,

1944 2855 2071 2895 cum
2107 2840 2445 2897 verecundia
2478 2847 2537 2896 et
2578 2840 2836 2896 castitate
2874 2855 3075 2895 ornare
3119 2842 3374 2912 seipsas;
3427 2862 3542 2902 non

1946 2933 2112 2989 tortis
2141 2926 2417 3000 crinibus,
2443 2940 2542 2988 aut
2563 2946 2727 3000 auro,
2757 2938 2856 2987 aut
2882 2931 3220 3003 margaritis,
3258 2945 3355 2989 aut
3382 2947 3541 2993 veste

1948 3025 2214 3098 pretiosa.
3056 3044 3061 3047 ·
3280 3058 3289 3063 ο
3528 3006 3536 3015 ”

320 3114 573 3217 adpetit.
603 3150 679 3211 ς’.
710 3173 781 3184 -
809 3142 901 3212 Μή
939 3158 999 3194 σε
1044 3138 1247 3210 νικήσῃ
1276 3131 1508 3195 κάλλους
1538 3127 1806 3200 ἐπιθυμία
1825 3143 1839 3159 ο

2015 3118 2176 3172 Prov.
2206 3133 2285 3183 vr,
2315 3117 2408 3173 25.
2433 3147 2505 3157 -
2530 3117 2613 3173 Ne
2644 3124 2701 3173 te
2740 3115 2931 3173 vincat
2976 3114 3416 3188 pulchritudinis
3443 3127 3543 3168 cu-

254 3241 400 3313 μηδὲ
430 3238 711 3312 ἀγρευθῇς
739 3237 853 3298 σοῖς
881 3230 1203 3302 ὀφθαλμοῖς.

319 3312 510 3401 Σιρὰχ
573 3335 665 3385 ια’.
719 3356 791 3368 -
841 3326 935 3396 Μὴ
994 3322 1221 3393 αἰνέσῃς
1287 3317 1458 3390 ἄνδρα
1539 3315 1601 3369 ὲν
1652 3312 1842 3367 κάλλει

251 3422 450 3480 αὑτοῦ.

319 3517 509 3586 ripa;
536 3513 655 3581 xg'.
689 3540 764 3554 —-
794 3511 1009 3595 Κᾲλλος
1041 3505 1340 3584 προσώπου
1367 3503 1464 3560 ἐπὶ
1485 3501 1678 3576 ἡλικίᾳ
1713 3515 1845 3554 στα-

250 3612 417 3680 cina.

311 3630 673 3761 Ἑζσιλείου.
712 3729 786 3742 -
818 3699 878 3754 '0
927 3698 1172 3770 σήμερον
1218 3689 1451 3762 εὐθαλὴς
1499 3684 1578 3758 τῷ
1629 3681 1845 3754 σώματι

257 3792 829 3868 κατασεσαρκωμένος
882 3789 988 3845 ὑπὸ
1039 3787 1276 3860 τρυφῆς,
1326 3777 1671 3837 ἐπανθοῦσαν
1705 3774 1846 3868 ἔχων

251 3894 353 3962 τὴν
396 3889 677 3961 εὔχροιαν,
720 3884 825 3941 ὑπὸ
879 3885 980 3955 τῆς
1022 3878 1166 3935 κατὰ
1228 3877 1331 3948 τὴν
1377 3872 1598 3947 ἡλικίαν
1658 3867 1848 3962 ἀκμῆς

253 3960 508 4056 σφριγῶν
540 3980 635 4035 καὶ
669 3978 920 4039 σύντονος
948 3972 1047 4028 καὶ
1081 3969 1459 4030 ἀνυπόστατος
1492 3964 1593 4036 τὴν
1627 3960 1809 4056 ὁρμὴ-ν
1830 3999 1845 4027 ,

254 4052 449 4148 αύριον
476 4076 504 4129 ὁ
529 4072 698 4136 αὐτὸς
713 4065 867 4133 οὗτος
885 4064 1142 4131 ἐλεεινὸς,
1161 4060 1196 4135 ἢ
1224 4060 1303 4133 τῷ
1325 4058 1505 4132 χρόνῳ
1524 4052 1847 4129 μαρανθεὶς,

254 4169 289 4240 ἢ
327 4170 469 4240 νόσῳ
494 4165 790 4228 διαλυθείς.

330 4237 656 4329 Θεοὰόγου.
691 4286 764 4300 —-
785 4252 1003 4329 Χρυσδς
1020 4250 1119 4305 καὶ
1135 4247 1301 4315 λίθοι,
1330 4245 1427 4301 καὶ
1445 4242 1723 4313 τὰτέχνης
1755 4237 1852 4295 καὶ

258 4354 447 4427 χειρὸς
510 4352 845 4425 ὠραϊσματα
874 4387 889 4411 ,
947 4346 1049 4418 τὴν
1099 4344 1198 4416 μὲν
1236 4338 1471 4412 αἰσχρὰν
1518 4336 1734 4406 ἐλέγχει

261 4424 588 4518 παραθέσει,
619 4445 686 4514 τῇ
713 4441 856 4511 καλῇ
877 4436 922 4493 δ’
958 4438 1018 4492 ού
1048 4434 1336 4508 προσθήκη
1358 4469 1377 4497 ,
1418 4428 1649 4490 κάλλους
1679 4424 1853 4498 ἡττώ-

268 4549 429 4606 μενα.

335 4712 550 4775 Κάλλος
578 4709 766 4782 νόμιζε
787 4706 887 4779 τὴν
917 4704 1132 4777 φρενῶν
1165 4699 1492 4773 εὐκοσμίαν.

337 4890 479 4945 Οὔτε
505 4887 641 4958 φλὸξ
667 4887 820 4959 μένει
857 4884 957 4956 τῆς
987 4882 1120 4954 ὕλης
1148 4879 1582 4952 δαπανηθείσης,
1613 4875 1752 4931 ἀλλὰ
1778 4875 1856 4947 τῷ

267 4983 559 5037 ἀνάπτοντι
613 4977 1061 5049 συναπέρχεται·
1102 4972 1228 5028 οὔτε
1280 4969 1545 5041 λογισμὸς
1596 4966 1856 5039 ἐμπαθὴς

269 5076 562 5145 ὑφίσταται
601 5069 1006 5145 μαραινομένου
1034 5066 1129 5122 τοῦ
1157 5065 1606 5134 ὑπεκκαύματος.

339 5166 431 5234 Μή
460 5180 520 5217 σε
545 5161 828 5230 νικησὰτω
860 5158 1091 5221 κάλλους
1135 5154 1425 5225 ἐπιθυμία,
1471 5151 1606 5221 μηδὲ
1655 5167 1860 5221 συναρ-

272 5255 487 5328 πασθῇς
513 5257 625 5318 σοῖς
657 5252 973 5325 βλεφάροις,
1002 5249 1051 5302 εί
1081 5247 1330 5311 δυνατὸν,
1372 5244 1535 5317 μέχρι
1563 5242 1659 5297 καὶ
1716 5259 1859 5315 παρ-

271 5348 555 5420 οράματος
584 5345 694 5417 (ο)ι

338 5546 386 5581 "
421 5545 483 5602 In
528 5542 695 5601 Gesn.
724 5521 882 5598 Stob.
917 5540 1039 5617 16!:

1948 3210 2177 3281 piditas,
2208 3225 2315 3266 nec
2344 3209 2588 3281 capiaris
2620 3210 2802 3266 oculis
2837 3208 2972 3266 tuis.

2021 3300 2191 3357 Eccli.
2224 3314 2300 3365 ιιι,
2335 3301 2392 3356 2.
2417 3330 2488 3341 -
2512 3300 2594 3356 Ne
2618 3300 2942 3357 laudaveris
2974 3298 3173 3367 _virum
3218 3297 3276 3352 in
3302 3294 3552 3368 pnlchri-
3648 3318 3651 3321 ·

1954 3388 2151 3444 tudine
2180 3389 2329 3460 ejus.

2020 3481 2190 3538 Eccli.
2223 3497 2375 3548 xxvi,
2409 3481 2501 3537 22.
2535 3509 2608 3522 -ο
2643 3479 3018 3537 Pulchritudo
3068 3479 3261 3536 vultus
3300 3478 3356 3534 in
3385 3485 3551 3534 aetate

1952 3573 2159 3629 stabili.
2624 3612 2629 3613 κ
3550 3584 3555 3587 ·

2020 3662 2234 3720 Basilii.
2269 3695 2336 3708 --
2362 3663 2468 3731 Qui
2502 3663 2671 3719 hodie
2701 3671 2904 3734 vegeto
2931 3671 3017 3719 est
3049 3675 3305 3732 corpore,
3340 3674 3548 3730 corpu-

1953 3758 2143 3814 lentus
2179 3768 2297 3829 prae
2325 3758 2564 3824 deliciis,
2598 3757 2820 3812 ﬂorenti
2851 3757 3027 3812 forma
3076 3769 3143 3812 ac
3190 3760 3430 3810 venusto
3458 3767 3553 3807 co-

1953 3850 2094 3917 lore,
2131 3851 2203 3906 ob
2236 3851 2417 3907 aetatis
2459 3851 2707 3922 vigorem
2774 3849 3051 3905 lascivens
3098 3855 3460 3919 turgensque,
3493 3853 3558 3900 et

1954 3948 2199 4007 torosus,
2225 3956 2290 3996 ac
2328 3942 2491 4013 cujus
2519 3956 2683 3996 nemo
2707 3941 2977 4011 impetum
3004 3939 3181 4005 ferat;
3217 3937 3265 3992 is
3288 3936 3406 4006 ipse
3428 3950 3561 3991 cras

1956 4033 2296 4090 miserabilis
2318 4034 2449 4099 erit,
2475 4033 2561 4090 vel
2610 4043 2859 4104 tempore
2901 4031 3083 4088 factus
3129 4028 3432 4093 marcidus,
3466 4027 3557 4082 vel

1957 4127 2157 4183 morbo
2192 4125 2529 4183 dissolutus.

2031 4219 2298 4291 Theologi.
2324 4217 2643 4285 —-Aurum,
2665 4214 2867 4287 lapilli,
2906 4214 3238 4285 reliquaque
3260 4210 3553 4267 hominum

1959 4310 2097 4366 artis
2129 4325 2440 4380 manusque
2466 4316 2820 4371 ornamenta,
2886 4303 3162 4369 mulieris,
3216 4318 3341 4374 qua:
3376 4300 3559 4371 turpis

1960 4403 2034 4459 sit
2076 4411 2134 4458 et
2158 4402 2475 4467 invenusta,
2535 4399 2623 4457 sui
2660 4399 3082 4469 comparatione
3140 4394 3554 4450 deformitatem

1884 4486 1931 4543 Β
1959 4494 2240 4566 produnt;
2273 4492 2535 4548 formosa:
2560 4505 2691 4547 vero
2724 4489 2865 4545 nihil
2884 4487 3108 4544 decoris
3141 4483 3567 4554 addunt,cujus

1960 4586 2239 4642 venustati
2270 4585 2493 4640 cedant.

2034 4678 2521 4736 Pulchritudinem
2544 4674 2828 4743 existima,
2861 4672 3034 4729 animi
3076 4678 3336 4728 ornatum
3368 4684 3434 4724 ac
3457 4669 3558 4723 dc-

1961 4771 2226 4827 centiam.

2032 4869 2149 4925 Nec
2176 4867 2397 4922 ﬂamma
2421 4875 2611 4922 manet
2630 4874 2968 4936 consumpta
2986 4862 3245 4929 materia,
3276 4859 3375 4916 sed
3393 4857 3566 4916 simul

1965 4976 2091 5017 cum
2123 4959 2373 5016 fomento
2404 4975 2510 5014 suo
2537 4957 2864 5024 evanescit;
2918 4972 3026 5013 nec
3071 4955 3376 5011 libidinosa
3415 4953 3568 5025 cogi-

1971 5052 2106 5108 tatio
2131 5051 2412 5117 consistit,
2431 5050 2586 5105 illius
2608 5057 3023 5104 emarcescente
3051 5048 3319 5104 fomento.

2043 5146 2199 5201 Prov.
2232 5163 2307 5210 vi,
2330 5145 2423 5200 25.
2450 5174 2517 5184 —
2540 5140 2619 5198 Ne
2647 5151 2699 5199 te
2724 5143 2913 5199 vincat
2944 5141 3136 5196 formaa
3159 5138 3569 5210 concupiscen-

1969 5239 2066 5303 tia,
2108 5254 2214 5293 nec
2258 5236 2549 5307 arripiaris
2598 5236 2887 5308 palpebris
2912 5236 3044 5299 tuis,
3095 5235 3149 5289 si-
3186 5233 3308 5288 ﬁeri
3359 5238 3567 5303 potest,

1967 5329 2133 5401 640
2151 5346 2221 5385 ne
2252 5330 2320 5384 ad
2353 5330 2645 5385 minimum
2665 5338 2722 5385 ct
2748 5330 2907 5401 quasi
2934 5326 3368 5384 conniventibus
3389 5324 3570 5381 oculis

1969 5422 2250 5478 obtutum.

1788 5627 2019 5685 NOTAE.

347 5734 423 5805 (0)
447 5734 632 5801 Μέχρι
670 5732 763 5805 καὶ
799 5726 1238 5805 παρρρὰμα-τος.
1274 5721 1676 5803 Utvelsaltcm
1711 5720 1859 5805 limis

1968 5720 2156 5773 Patres
2186 5719 2458 5773 castitatis
2490 5714 2994 5781 observantissimi,
3042 5726 3313 5773 summam
3366 5712 3554 5781 Oculo—

276 5779 1524 5874 ocuvlis‘avu’tiqvua'siheoiiiiiveiitibusaspicias:
1566 5791 1643 5845 sic
1696 5789 1844 5845 cnim
1959 5804 2081 5842 rum
2139 5789 2366 5858 exigunt
2395 5788 2823 5855 continentiam,
2874 5779 3024 5859 quod
3078 5798 3180 5858 per
3232 5800 3329 5841 cos
3385 5779 3549 5838 facile
