3990 6376
310 421 423 486 933

1588 411 1757 473 LOCI
1801 411 2237 472 CUMMUNES.

3464 421 3569 487 934

400 538 574 607 Ῥωμ.
604 543 678 605 η’.
711 565 779 577 ——
802 534 914 590 Ούκ
948 530 1075 601 ἄξια
1104 530 1171 588 τὰ
1202 528 1497 604 παθήματα
1526 529 1620 583 τοῦ
1648 530 1742 582 νῦν
1773 545 1894 582 και-

2071 530 2222 584 Rom.
2256 546 2363 595 \m,
2409 530 2495 584 'lS.
2530 562 2596 570 ——
2641 532 2759 586 Non
2809 544 2936 588 sunt
2976 535 3260 606 condigna:
3303 538 3587 607 passiones

317 630 418 702 ροῦ
462 629 600 703 πρὸς
649 630 747 702 τὴν
800 629 1100 701 μέλλουσαν
1133 625 1294 690 δόξαν
1330 621 1788 693 ἀποκαλυφθῆναι
1820 621 1900 683 είς

313 724 490 794 ἡμᾶς.
570 755 574 759 <

390 818 634 882 "apem.
671 811 740 884 γ’.
772 811 1027 877 -Δόξαν
1053 812 1207 882 σοφοὶ
1230 807 1724 882 κληρονομήσουσι·
1750 807 1810 859 οἱ
1842 802 1900 858 δὲ

311 906 552 971 ἀσεϐεῖς,
589 906 898 976 ὑψώσουσιν
928 905 1173 975 ἀτιμίαν.

386 1000 637 1067 Παροιμ.
673 1004 785 1051 xa’.
819 1028 892 1039 -
928 997 1075 1060 Ὁδὸς
1101 992 1452 1063 δικαιοσύνης
1475 991 1569 1047 καὶ
1596 986 1900 1063 ἐλεημοσύ-

309 1104 417 1160 νης
449 1089 672 1161 εὑρήσει
701 1088 847 1160 ζωὴν
883 1090 978 1142 καὶ
1006 1088 1186 1155 δόξαν.

388 1181 634 1251 Παροιμ.
664 1187 775 1250 κβν.
806 1210 874 1223 —-
899 1181 1066 1251 Γενεᾷ
1098 1181 1238 1252 σοφῇ
1264 1179 1324 1250 (ι)
1352 1177 1516 1248 φόϐος
1546 1178 1774 1249 Κυρίου,
1804 1173 1899 1230 καὶ

310 1273 549 1339 πλοῦτος
578 1275 673 1328 καὶ
702 1273 828 1342 δόξα
857 1277 950 1331 καὶ
978 1274 1114 1343 ζωή.

388 1362 571 1432 Σιρὰχ
604 1360 717 1431 λγ’.
746 1362 921 1434 -Μὴ
959 1360 1064 1433 δῷς
1100 1362 1290 1434 μῶμον
1315 1362 1372 1415 ὲν
1404 1361 1471 1432 τῇ
1501 1359 1628 1431 δόξῃ
1659 1375 1778 1423 σου,
1805 1357 1901 1410 καὶ

312 1458 373 1508 ὲν
409 1455 592 1527 ἡμέρᾳ
630 1452 788 1526 δόξης
821 1454 895 1526 μὴ
935 1456 1183 1527 ὲπαίρου.

389 1547 579 1615 Σιρὰχ
626 1545 691 1607 ζ’.
743 1574 795 1586 --
827 1547 920 1617 Μὴ
956 1548 1108 1618 ζήτει
1144 1545 1294 1618 παρὰ
1327 1546 1536 1617 Κυρίου
1579 1544 1896 1617 ἡγεμονίαν,

316 1640 460 1710 μηδὲ
484 1640 634 1711 παρὰ
667 1639 930 1711 βασιλέως
956 1639 1228 1710 καθέδραν
1261 1638 1467 1708 δόξης.-

391 1732 575 1801 Σιρὰχ
610 1739 704 1785 ια’.
732 1731 1020 1786 -Ἡολλοὶ
1044 1731 1306 1786 δυνάσται
1347 1728 1734 1803 ἡτιμάσθησαν
1767 1728 1899 1799 σφό-

308 1822 441 1893 δρα,
483 1822 578 1876 καὶ
610 1818 814 1887 ἔνδοξοι
843 1821 1225 1893 παρεδόθησαν
1254 1825 1334 1886 εἰς
1365 1825 1556 1894 χεῖρας
1595 1822 1820 1891 ἐτέρων.

385 1913 570 1981 Σιρὰχ
604 1910 674 1966 θ’.
704 1942 772 1952 —~
794 1911 887 1983 Μὴ
925 1911 1175 1984 ζηλώσῃς
1200 1912 1360 1978 δόξαν
1388 1909 1751 1982 ἁμαρτωλῶν.

385 2001 572 2072 Σιρὰχ
590 2001 661 2059 δ’.
684 2032 753 2044 —-
770 2004 1071 2072 Μεγιστᾶνι
1098 2002 1356 2057 ταπείνου
1380 2004 1479 2072 τὴν
1503 2001 1747 2070 κεφαλήν
1777 2018 1893 2055 σου.

385 2091 571 2161 Σιρὰχ
600 2089 675 2159 η’.
712 2121 782 2134 -
811 2093 903 2164 Μὴ
932 2092 1202 2164 διαμάχου
1247 2091 1365 2163 μετ’
1413 2091 1705 2163 ἀνθρώπου
1736 2091 1929 2165 δυνά·-

310 2201 465 2243 στου,
502 2185 711 2256 μήποτε
740 2184 987 2255 ὲμπὲσῃς
1018 2186 1097 2247 είς
1130 2184 1227 2248 τὰς
1267 2186 1457 2254 χεῖρας
1495 2182 1683 2237 αὑτοῦ.

385 2271 567 2343 Σῴὰχ
601 2280 692 2343 ιγ’.
728 2305 793 2314 -
828 2273 1319 2344 Προσκαλουμένου
1354 2291 1413 2327 σε
1448 2275 1735 2340 δυνάστου,
1761 2273 1897 2328 ὑπο-

307 2366 510 2437 χωρῶν
550 2365 718 2434 γίνου,
751 2365 846 2419 καὶ
889 2365 1012 2418 τότε
1057 2365 1293 2435 μάλιστα.
1327 2366 1785 2436 προσκαλέσεται.

383 2454 573 2525 Σιρὰχ
600 2454 912 2520 λβν.-Ἐν
941 2454 1093 2526 μέσῳ
1124 2455 1470 2525 μεγιστάνων
1512 2456 1585 2526 μὴ
1619 2454 1871 2521 ὲξισάζου

386 2632 569 2700 Σιρὰχ
594 2629 720 2701 μβ.
756 2665 825 2675 -
851 2633 964 2686 Ούκ
1003 2632 1263 2702 ἐποίησεν
1310 2633 1464 2687 οὐδὲν
1518 2634 1765 2687 ἐλλεῖπον
1790 2651 1802 2664 ·
1839 2633 1898 2687 ἓν

307 2723 410 2777 τοῦ
448 2723 567 2786 ὲνὺς
597 2723 901 2794 ὲστερὲωσε
935 2724 1004 2778 τὰ
1032 2723 1234 2792 ἁγαθάο
1276 2725 1370 2778 καὶ
1402 2724 1487 2787 τίς
1523 2724 1897 2797 πλησθήσεται

307 2816 459 2888 δρῶν
487 2816 644 2881 δόξαν
674 2815 840 2870 αὑτοῦ
862 2835 894 2882 ;'
1282 2846 1287 2853 ~

386 2911 604 2962 Βασιλ.
639 2936 707 2949 --
754 2908 817 2961 Et
849 2907 1011 2979 δόξης
1046 2907 1357 2979 ἐπιθυμεῖς,
1404 2909 1499 2963 καὶ
1554 2908 1733 2980 βούλει
1790 2909 1899 2963 τῶν

307 2998 527 3053 ⁸πολλῶν
564 2997 1015 3068 ὑπερϐαίνεσθαι,
1038 2999 1133 3053 καὶ
1162 2998 1445 3069 εὐδόκιμος
1479 2999 1537 3052 ὲν
1562 3002 1676 3064 τοῖς
1708 3016 1900 3069 κοσμι-

307 3093 436 3154 κοῖς
480 3090 770 3161 πράγμασι
800 3090 1071 3159 γίνεσθαι,
1095 3090 1187 3145 ἔσο
1214 3090 1446 3154 δίκαιος,
1482 3089 1736 3159 σώφρων,
1762 3091 1899 3161 φρό-

2007 622 2174 693 hnjus
2211 624 2491 693 temporis,
2526 624 2591 678 ad
2630 623 2865 679 futuram
2894 627 3145 697 gloriam,
3171 644 3295 697 qua:
3319 631 3588 687 revelabi-

2007 720 2098 768 tur
2124 715 2178 768 in
2196 714 2378 769 nobis.

2082 804 2235 860 Prov.
2270 821 2347 870 ιιι,
2375 789 2462 860 53.
2491 838 2560 846 —-
2596 806 2838 861 Gloriam
2884 809 3160 878 sapientes
3187 812 3582 880 possidetunt;

2005 895 2157 966 impii
2188 906 2370 951 autem
2402 898 2721 952 exaltahunt
2753 899 3130 966 ignominiam.

2020 998 2041 1009 ί
2078 986 2236 1043 Prov.
2273 1004 2384 1052 ut,
2412 989 2501 1043 2|.
2532 1019 2597 1027 —
2622 989 2720 1043 Via
2746 989 2971 1059 iustitia:
2991 999 3045 1044 et
3071 991 3460 1048 misericordia:
3506 995 3588 1049 in-

1992 1078 2190 1131 ‘veniet
2219 1077 2387 1131 vitam
2417 1086 2471 1131 et
2491 1078 2740 1147 gloriam.
2830 1083 2849 1091 '

2074 1166 2229 1220 Prov.
2260 1180 2388 1231 χχιι,
2418 1169 2471 1221 4.
2500 1198 2564 1208 ——
2590 1168 2873 1237 Progeniei
2903 1171 3134 1240 sapienti
3160 1171 3324 1226 timor
3346 1173 3584 1241 Domini,

2002 1266 2058 1313 et
2085 1258 2288 1312 divitiae
2323 1267 2378 1313 et
2408 1260 2577 1330 gloria
2594 1271 2649 1315 et
2674 1262 2802 1315 vita.

2064 1350 2229 1405 Eccli.
2262 1367 2445 1415 xxxm,
2470 1353 2572 1417 '24;
2602 1369 2673 1418 ιιι,
2702 1355 2755 1407 4.
2795 1354 2873 1409 Ne
2902 1356 2999 1411 des
3021 1359 3287 1414 maculam
3320 1360 3373 1415 in
3411 1362 3584 1431 gloria

2004 1451 2116 1507 tua,
2150 1451 2207 1496 et
2238 1443 2290 1496 in
2318 1444 2406 1498 die
2432 1445 2619 1515 gloria:
2639 1461 2709 1500 ne
2739 1448 3039 1504 cxtollaris.

2060 1535 2224 1591 Ereti.
2259 1552 2353 1600 vn,
2374 1537 2427 1591 4.
2463 1567 2525 1577 -
2561 1537 2684 1592 Noli
2716 1554 2962 1608 qumrere
2985 1556 3013 1594 a
3038 1541 3268 1596 Domino
3302 1544 3583 1610 ducatum,

2000 1639 2104 1681 nec
2124 1641 2155 1680 a
2186 1643 2311 1697 rege
2335 1626 2521 1681 sedem
2549 1628 2755 1698 gloriae.
3222 1650 3231 1655 π

2066 1715 2231 1772 Ecch’.
2276 1734 2348 1783 χι,
2400 1719 2453 1773 6.
2491 1749 2561 1758 —
2593 1720 2748 1774 Multi
2797 1731 3069 1791 potentes
3097 1725 3424 1780 exhonorati
3455 1736 3587 1783 sunt

2001 1809 2182 1872 valde,
2212 1819 2269 1864 et
2293 1809 2517 1880 gloriosi
2546 1809 2735 1864 traditi
2758 1822 2888 1865 sunt
2914 1812 2967 1865 in
2989 1828 3184 1868 manus
3208 1816 3465 1870 aliorum.

1928 1867 1971 1924 Β
2061 1900 2231 1955 Eccli.
2266 1902 2355 1965 1x,’
2373 1887 2634 1955 l6.—Ne
2661 1903 2935 1955 :emuleris
2961 1904 3187 1971 gloriam
3209 1915 3582 1974 peccatorum.

2060 1989 2224 2044 Erdi.
2260 2007 2332 2053 ιγ,
2368 1986 2416 2045 7.
2450 2021 2521 2030 —
2542 1990 2778 2061 Magnati
2808 1993 3036 2049 humilia
3061 2006 3221 2066 caput
3251 2006 3426 2054 tuum.

2055 2081 2220 2137 Ereti.
2258 2097 2374 2145 vnn,
2412 2082 2460 2135 l.
2494 2112 2562 2120 —
2587 2082 2668 2136 Ne
2694 2082 2876 2153 litiges
2903 2101 3029 2140 cum
3050 2087 3293 2143 'homine
3324 2098 3580 2159 polentc,

1997 2189 2066 2228 ne
2094 2174 2236 2229 forte
2272 2174 2485 2229 incidas
2512 2176 2566 2229 in
2595 2190 2792 2231 manus
2826 2176 2998 2233 illius.

2067 2264 2231 2321 Ereti.
2266 2283 2381 2331 xm,
2414 2267 2501 2322 l2.
2529 2298 2599 2310 —
2645 2270 2921 2326 Invitante
2962 2282 3014 2326 te
3047 2280 3293 2343 potente,
3318 2276 3583 2330 modestia

2000 2358 2156 2421 cede,
2183 2367 2237 2412 et
2272 2368 2403 2415 tunc
2433 2362 2607 2432 magis
2634 2354 2912 2418 i‘ni'itabit.
3522 2378 3527 2383 '

2059 2450 2224 2504 Eccli.
2248 2468 2411 2517 xxx",
2434 2452 2593 2506 l3.—-
2612 2440 2874 2510 In'medio
2901 2467 3239 2527 magnatum,
3268 2475 3337 2513 ne
3358 2460 3585 2530 :equalis

1996 2542 2172 2596 videri
2211 2543 2368 2597 velis.
3440 2544 3443 2547 ’

2058 2634 2227 2689 Eccli.
2259 2651 2387 2701 xw,
2430 2636 2521 2691 ‘25.
2548 2667 2621 2676 —
2647 2637 2767 2692 Non
2800 2636 2933 2692 fecit
2977 2637 3275 2708 quidquam
3323 2639 3584 2709 imperfe~

1999 2733 2178 2793 ctum;
2206 2743 2379 2781 unum
2411 2728 2576 2783 unius
2611 2725 3153 2795 confirmavitbona;
3181 2740 3237 2784 et
3264 2730 3390 2801 quis
3415 2733 3583 2786 satia-

1999 2819 2152 2873 bitur
2185 2819 2371 2874 videre
2398 2819 2629 2890 gloriam
2659 2820 2840 2875 illius?

2064 2909 2367 2965 Basilii.-—-
2415 2910 2471 2966 Si
2505 2911 2692 2982 gloria:
2745 2912 3050 2982 cupiditate
3078 2912 3335 2979 duceris,
3387 2915 3583 2986 visque

2003 3003 2219 3075 majori,
2254 3020 2420 3074 quam
2452 3020 2573 3075 qua:
2602 3003 2747 3075 vulgi
2781 3004 2885 3068 sit,
2920 3006 3236 3075 praecellere
3267 3006 3472 3074 gloria,
3519 3020 3584 3062 ac

2003 3094 2186 3149 saeculi
2221 3093 2389 3148 rebus
2435 3093 2701 3163 probatus
2732 3092 2911 3147 videri
2937 3110 2950 3146 ι
2975 3102 3091 3148 esto
3122 3095 3306 3164 justus
3329 3136 3343 3160 ,
3397 3095 3585 3149 mode-

306 3199 495 3252 νιμος,
549 3183 811 3253 ἀνδρεῖος,
842 3182 1246 3253 ὑπομονητ·κὸς
1282 3184 1340 3236 ὲν
1389 3184 1505 3244 τοῖς
1550 3181 1691 3253 ὑπὲρ
1738 3183 1897 3235 εὐσε-

2020 3190 2143 3247 ;tus,
2207 3182 2482 3253 prudens,
2534 3180 2726 3247 fortis,
2775 3182 3117 3237 sustinendis
3161 3182 3381 3252 pietatis
3419 3198 3584 3239 causa

310 3274 477 3336 σείας
515 3273 859 3343 παθήμασιν.
904 3272 1064 3327 Οὕτω
1107 3273 1219 3344 γὰρ
1274 3272 1368 3327 καὶ
1413 3272 1641 3326 σεαυτὸν
1673 3271 1890 3336 σώσεις.

311 3368 412 3421 καὶ
464 3366 557 3419 ἐπὶ
590 3363 841 3436 μείζοσιν
881 3363 1109 3433 ἀγαθοις
1143 3364 1371 3436 μείζονα
1402 3363 1545 3429 ἕξεις
1587 3364 1685 3434 τὴν
1734 3381 1895 3437 περι-

312 3458 571 3525 φάνειαν.

386 3548 494 3601 Τὸν
521 3547 844 3620 προεστῶτα
890 3545 966 3619 μὴ
997 3547 1276 3617 ὲπαιρέτω
1314 3547 1375 3601 τὸ
1404 3546 1643 3618 ἀξίωμα,
1693 3548 1779 3602 ἵνα
1818 3546 1893 3619 μὴ

308 3639 527 3712 ἐκπέσῃ
566 3638 661 3693 τοῦ
709 3638 1065 3710 μακαρισμοῦ
1098 3638 1199 3709 τῆς
1227 3641 1750 3710 ταπεινοφροσύνης.

386 3729 647 3799 Ὄφειλεν
669 3729 958 3801 ἄνθρωπον
989 3731 1047 3782 ὲν
1087 3732 1153 3801 τῇ
1209 3729 1361 3800 παρὰ
1406 3729 1526 3799 Θεῷ
1560 3729 1686 3801 δόξῃ
1724 3747 1897 3800 μεμε-

310 3820 563 3892 νηκέναι,
601 3821 697 3874 καὶ
749 3816 896 3891 εἶχεν
931 3819 999 3874 ἂν
1042 3818 1176 3890 ὕψος
1217 3821 1319 3874 οὐκ
1376 3820 1741 3884 ἐπίπλαστον,
1780 3820 1894 3874 ἁλλ’

310 3909 592 3979 ἀληθινὸν,
633 3910 860 3979 δυνάμει
892 3907 1030 3961 Θεοῦ
1067 3906 1528 3978 μεγαλυνόμενος.
1580 3907 1801 3977 Ἐπειδὴ
1838 3906 1896 3960 δὲ

310 4004 414 4072 τὴν
444 4002 543 4073 τῆς
586 4001 737 4064 θείας
778 3999 936 4070 δόξης
976 3998 1276 4068 ἐπιθυμίαν
1317 3998 1608 4069 μετέθηκε,
1646 3999 1740 4051 καὶ
1775 3997 1898 4068 μεί-

314 4095 450 4159 ζονα
492 4093 901 4165 προσδοκήσας,
940 4089 1187 4153 σπεύσας
1216 4090 1354 4160 ὅπερ
1394 4090 1497 4144 οὐκ
1535 4090 1768 4162 ἠδύνατο
1800 4089 1899 4143 λα·-

315 4186 457 4247 6εῖν,
487 4185 774 4237 ἀπώλεσεν
802 4184 941 4256 ὅπερ
965 4181 1112 4253 ἔχειν
1143 4180 1401 4251 ἠδύνατο.

387 4275 666 4347 Βούλομαι
708 4293 791 4329 σοι
816 4274 1200 4346 «σφοδρότερον
1238 4273 1338 4343 τῆς
1380 4269 1613 4335 κτίσεως
1657 4271 1893 4343 ἐνιδρυν-

317 4369 480 4439 θῆναι
516 4369 579 4423 τὸ
618 4367 827 4438 θαῦμα.
861 4366 1083 4438 Πρῶτον
1119 4359 1373 4437 μὲνοῦν,
1404 4365 1533 4418 ὅταν
1580 4364 1698 4434 ἴδῃς
1736 4363 1898 4435 βοτά-

318 4478 419 4533 νην
454 4462 651 4532 χόρτου
678 4460 776 4514 καὶ
816 4458 999 4522 ἄνθος,
1029 4457 1110 4520 είς
1139 4456 1350 4511 ἔννοιαν
1379 4455 1541 4526 ἔρχου
1556 4456 1661 4526 τῆς
1686 4455 1898 4525 ἀνθρω-

1996 3272 2157 3327 malis
2204 3280 2467 3327 strenuus
2514 3287 2580 3328 ac
2614 3272 2850 3341 patiens.
2885 3272 2976 3327 Sic
3021 3272 3192 3337 enim,
3244 3282 3303 3328 et
3345 3267 3611 3344 teipsum'

1995 3364 2206 3419 salvum
2233 3362 2422 3429 facies,
2463 3379 2527 3421 ac
2559 3363 2869 3435 majoribus
2885 3362 3061 3420 fultus
3093 3365 3274 3431 bonis,
3306 3367 3583 3437 majorem

1994 3454 2304 3509 claritatem
2333 3454 2691 3510 naneisceris.
2856 3468 2859 3469 '

2061 3546 2112 3601 Is
2146 3547 2239 3617 qui
2273 3556 2492 3617 prreest,
2527 3562 2596 3602 ne
2629 3563 2735 3618 qua
2767 3546 2941 3619 fulget
2973 3548 3260 3620 dignitate,
3288 3549 3429 3606 fastu
3451 3550 3585 3607 επε-

1996 3650 2173 3705 ratur,
2208 3655 2278 3696 ne
2307 3640 2543 3695 modesti
2582 3655 2647 3694 ac
2677 3630 2845 3694 sobrii
2879 3640 3048 3695 animi
3085 3641 3302 3695 laudem
3342 3643 3577 3697 amittat.

2060 3734 2280 3790 Utinam
2317 3732 2609 3788 mansisset
2638 3732 2806 3787 homo
2849 3732 2903 3786 in
2935 3748 3001 3787 ea
3032 3733 3306 3797 claritate,
3337 3750 3498 3803 quam
3550 3752 3581 3790 a

1996 3824 2109 3880 Deo
2135 3833 2332 3880 nactus
2363 3835 2485 3880 erat
2512 3826 2525 3879 l
2554 3824 2745 3895 sicque
2773 3824 2886 3879 Deo
2921 3825 3164 3894 potentia
3212 3825 3543 3880 honestantc
3562 3868 3578 3891 ,

1996 3913 2137 3967 nihil
2159 3913 2304 3980 ﬁcta,
2338 3913 2436 3968 sed
2463 3929 2593 3969 vera
2625 3913 2875 3969 celsitate
2916 3914 3168 3984 fulgeret.
3202 3913 3359 3981 Quod
3397 3924 3579 3968 autem

1996 4005 2196 4061 divina
2221 4005 2492 4060 claritatis
2516 4004 2832 4076 posthabito
2851 4004 3149 4071 desiderio,
3167 4006 3371 4076 majora
3389 4021 3583 4075 exspe—

1996 4095 2184 4159 ctavit,
2229 4097 2351 4168 ejus
2379 4095 2577 4151 avidus
2600 4094 2753 4166 quod
2770 4094 2937 4168 6&4
2964 4096 3183 4166 assequi
3212 4111 3322 4151 non
3354 4097 3580 4163 licebat,

1996 4184 2312 4255 ejusipsius
2335 4186 2487 4256 quod
2519 4185 2723 4240 licebat
2753 4186 2992 4256 assequi,
3020 4188 3293 4257 iacturam
3318 4188 3473 4243 fecit.

2067 4274 2203 4330 Volo
2244 4284 2305 4330 ut
2334 4276 2631 4331 creationis
2663 4275 3015 4338 miraculum,
3060 4275 3228 4330 altius
3254 4275 3582 4346 firmiusque

1998 4363 2182 4417 animo
2215 4374 2311 4419 tuo
2352 4363 2641 4434 defigatur.
2673 4364 2919 4419 Primum
2961 4364 3129 4434 igitur
3155 4379 3280 4419 cum
3320 4366 3586 4435 graminis

2000 4453 2231 4508 herbam
2260 4454 2563 4524 floremque
2595 4455 2806 4510 videris
2827 4495 2842 4520 ,
2875 4454 3172 4509 humanam
3207 4465 3459 4509 naturam
3496 4465 3581 4509 te-

323 4555 489 4623 πίνης
520 4552 755 4620 φύσεως,
787 4549 1138 4620 μεμνημένος
1181 4548 1284 4619 τῆς
1340 4548 1550 4610 εἰκόνος
1592 4547 1688 4601 τοῦ
1730 4546 1897 4615 σοφοῦ

2020 4561 2126 4601 :um
2157 4546 2273 4617 ipse
2300 4552 2484 4603 mente
2506 4546 2705 4616 cogita,
2730 4546 3088 4601 simulacrum
3125 4546 3390 4601 memoria
3423 4562 3583 4602 reco-

334 4640 583 4705 Ἥσαῖου,
623 4639 751 4694 Ὅτι
784 4637 953 4694 πᾶσα
981 4637 1139 4707 σὰρξ
1170 4638 1402 4708 χόρτος,
1428 4637 1525 4691 καὶ
1561 4635 1729 4693 πᾶσα
1751 4636 1902 4701 δόξα

321 4732 640 4803 ἀνθρώπου
673 4732 755 4799 ὡς
804 4730 989 4796 ἄνθος
1028 4732 1267 4800 χόρτου.
1301 4729 1375 4783 Τὸ
1400 4728 1508 4800 γάρ
1539 4729 1902 4799 ὀλιγοχρόνιον

321 4825 424 4895 τῆς
477 4825 648 4895 ζωῆς,
696 4824 794 4878 ml.
831 4822 894 4876 τὸ
930 4824 987 4877 ὲν
1024 4822 1193 4894 ὀλίγῳ
1224 4823 1525 4895 περιχαρὲς
1575 4823 1671 4876 καὶ
1717 4821 1901 4893 ἱλαρὸν

322 4916 425 4987 τῆς
451 4915 804 4987 ἀνθρωπίνης
836 4914 1158 4987 εὐημερίας,
1200 4914 1576 4986 καιριωτάτης
1617 4913 1771 4985 παρὰ
1806 4912 1900 4967 τοῦ

325 5009 613 5079 προφήτου
647 5006 915 5077 τετύχηκε
958 5008 1060 5077 τῆς
1107 5006 1338 5068 εἰκόνος.
1380 5006 1628 5077 Σήμερον
1666 5005 1898 5076 εὐθαλὴς

324 5100 403 5170 τῷ
422 5095 1225 5169 οώματι,κατασεσαρκωμένος
1273 5098 1384 5150 ὑπὸ
1436 5098 1672 5168 τρυφῆς,
1728 5098 1897 5149 ἐπαν-

327 5193 528 5246 θοῦσαν
582 5192 722 5262 ἔχων
763 5192 861 5263 τὴν
893 5191 1176 5264 εὔχροιαν,
1213 5191 1318 5244 ὑπὸ
1344 5191 1445 5261 τῆς
1473 5191 1616 5245 κατὰ
1642 5191 1744 5261 τὴν
1775 5190 1897 5260 ήλιο

325 5283 450 5336 κίαν
476 5281 664 5353 ἀκμῆς
693 5281 939 5352 σφριγῶν
966 5283 1060 5335 καὶ
1095 5283 1367 5347 σύντονος,
1403 5282 1498 5336 καὶ
1528 5281 1899 5344 ἀνυπόστατος

326 5375 425 5444 τὴν
465 5377 665 5446 ὁρμήν*
719 5372 909 5445 αὔριον
959 5377 989 5428 ό
1042 5374 1202 5437 αὐτὸς
1248 5368 1404 5437 οὗτος
1459 5373 1777 5443 ὲλεεινὸς,ἢ
1821 5372 1900 5443 τῷ

1998 4638 2119 4693 lens
2157 4639 2305 4708 quod
2340 4638 2794 4709 sapientissimus
2840 4639 3067 4694 adduxit
3117 4640 3285 4695 lsaias
3339 4656 3353 4693 :
3399 4638 3585 4696 Omnis

1998 4745 2124 4784 caro
2169 4731 2372 4800 fenum,
2398 4740 2451 4785 ει
2479 4735 2649 4787 omnis
2675 4731 2849 4803 gloria
2874 4734 2989 4804 ejus
3022 4734 3159 4787 sicut
3186 4735 3284 4805 ﬂos
3311 4733 3416 4802 feni
3447 4732 3583 4803 (Isa.

1997 4838 2085 4888 ιιι,
2133 4822 2209 4893 6).
2233 4824 2370 4879 Viue
2402 4824 2550 4883 enim
2589 4825 2926 4896 angustioris
2966 4840 3173 4890 moras,
3219 4825 3588 4896 humanaeque

1998 4912 2279 4970 felicitatis
2315 4915 2565 4986 fugacem
2617 4917 2864 4973 laetitiam
2920 4933 2984 4972 ac
3040 4918 3477 4989 iucunditatem,
3530 4921 3586 4974 in

2006 5004 2150 5061 hanc
2182 5015 2305 5077 apte
2323 5008 2591 5079 propheta
2630 5008 2923 5080 imaginem
2950 5010 3137 5064 traxit.
3171 5009 3275 5076 Qui
3299 5009 3465 5064 hodie
3495 5024 3589 5063 ve-

2006 5106 2132 5166 geto
2151 5113 2387 5168 corpore
2411 5111 2521 5165 est,
2553 5100 2757 5177 quibus
2784 5115 2844 5156 se
2883 5100 3185 5172 ingurgitat
3213 5100 3427 5155 deliciis
3460 5114 3571 5155 car-

2002 5201 2194 5255 nosus,
2226 5190 2430 5257 coloris
2451 5200 2741 5248 venustate
2770 5191 3020 5257 floridus,
3045 5192 3223 5248 :etatis
3242 5192 3431 5263 vigore
3466 5200 3583 5246 tur-

2002 5298 2222 5354 gensac
2256 5290 2495 5347 torosus,
2517 5285 2677 5354 cujus
2698 5298 2860 5338 nemo
2884 5284 3149 5354 impetum
3184 5283 3330 5338 ferat
3353 5298 3416 5337 ac
3439 5298 3585 5353 prie.

2004 5374 2261 5442 validus;
2300 5375 2390 5430 hic
2428 5374 2573 5431 idem
2617 5391 2741 5430 cras
2788 5374 3142 5440 miserabilis,
3190 5375 3278 5430 vel
3334 5383 3585 5445 tempore

1837 5510 2071 5568 NOTAE.
2106 5519 2109 5521 ’

402 5602 500 5672 (ι)
534 5598 725 5671 Persii
781 5600 966 5674 σοφῇ.
1022 5600 1215 5674 Grznca
1255 5603 1414 5674 ivulg.
1464 5600 1627 5674 γενεὰ
1676 5602 1903 5674 σοφίας·

328 5671 658 5740 videturque
721 5673 989 5727 remotius
1039 5673 1107 5726 ab
1172 5671 1518 5727 Hebrfnisi
1579 5673 1742 5739 γενεά
1799 5688 1902 5741 pro

332 5744 579 5813 γέννημα
600 5741 704 5795 fuit
731 5744 843 5801 τοῖς
877 5741 1227 5801 LXX,proles
1246 5759 1263 5807 ;
1282 5752 1337 5796 et
1367 5743 1513 5813 quod
1534 5742 1653 5803 alii,
1676 5741 1900 5810 fructus,

336 5828 552 5877 merces,
587 5812 744 5877 ﬁnis;
803 5811 858 5865 id
901 5827 1048 5866 cnim
1094 5813 1172 5877 τὸ,
1239 5823 1353 5877 :p';
1411 5814 1470 5865 τὸ
1529 5821 1711 5867 autem
1775 5823 1900 5875 may

336 5811 552 5878 inertes,
587 5812 744 5879 ﬁnis;
803 5811 858 5865 id
901 5827 1048 5866 cnim
1094 5813 1172 5878 τὸ,
1239 5823 1353 5877 :p';
1385 5811 1470 5865 ’τὸ
1529 5821 1711 5867 autem
1775 5823 1903 5875 may

2011 5603 2629 5677 alii,__mansuetn_dinis;
2655 5601 2761 5677 alii
2776 5603 3093 5677 humilitatis
3103 5602 3235 5677 _sive
3282 5605 3586 5677 afﬂictionis

2013 5673 2329 5728 reddidere.
2362 5674 2518 5742 Vulg.
2556 5672 2830 5727 molestia).
2870 5673 3041 5727 Arab.
3100 5673 3217 5743 ipsa
3280 5672 3348 5728 ei
3380 5675 3588 5732 (ἔπει-ις.

2012 5758 2293 5814 expressa,
2319 5743 2550 5814 perinde
2583 5744 2861 5815 sapientia:
2921 5743 3045 5813 ﬁnis
3080 5744 3378 5814 sopienliw.
