3990 6360
317 342 428 412 937

1639 347 1811 413 LOCI
1849 349 2173 414 COMBIUN
2178 352 2285 413 ES.
3473 358 3576 420 933

312 460 589 533 γενομένη
622 458 748 526 δόξα
781 459 876 513 καὶ
913 459 1222 514 δυναστεία.
1246 458 1356 514 Καὶ
1380 459 1633 534 καθάπερ
1654 462 1749 516 τοῦ
1778 464 1899 535 χόρ-

2024 480 2128 533 μιξιε
2154 465 2229 518 illi
2264 464 2436 536 gloria
2461 479 2525 520 ac
2546 466 2794 535 potentia
2821 468 3109 522 accedunt.
3142 471 3219 524 Ac
3249 469 3413 537 sicut,
3450 472 3580 528 {eno

307 569 411 606 του
458 551 872 624 ξηραινομένου,
930 552 993 605 τὸ
1045 551 1205 615 ἄνθος
1256 553 1553 607 ἐκπίπτει·
1608 553 1753 609 οὕτω
1802 556 1898 609 τοῦ

308 644 551 698 θανάτου
576 646 687 710 τοῖς
709 642 1022 716 ἀνθρώποις
1058 645 1327 723 ἐπιόντος,
1360 647 1393 716 ἡ
1426 645 1714 701 δυναστεία
1744 648 1840 703 καὶ
1866 649 1899 719 ἡ

309 736 695 806 ὑπερηφάνεια
738 736 1045 791 σὸἐννυται.

385 827 730 899 Πλουτάρχ.
756 828 912 883 -Τὰ
967 831 1067 900 μὲν
1105 829 1249 901 φυτὰ
1271 829 1381 883 ἀπὸ
1412 830 1512 901 τῆς
1545 830 1727 903 ῥίζης,
1776 834 1810 903 ἡ
1841 833 1900 886 δὲ

307 914 464 983 δόξα,
497 918 606 973 ἀπὸ
631 919 731 990 τῆς
766 918 989 991 πρώτης
1020 919 1238 992 λήψεως
1267 918 1443 985 αὔξει.

374 1010 583 1075 ιΟὑδεὶς
612 1011 915 1081 φροντίζων
941 1011 1101 1083 δόξης
1130 1010 1364 1081 ἀγαθῆς,
1400 1012 1598 1081 γένοιτ’
1643 1011 1711 1069 ἂν
1761 1013 1899 1086 ἀνὴρ

309 1103 525 1176 φαῦλος
549 1119 563 1131 ·
599 1103 765 1159 καλὸν
787 1104 867 1171 δὲ,
903 1104 1023 1157 ἀντὶ
1049 1102 1312 1174 βραχείας
1346 1103 1700 1170 ἀπολαύσεως
1736 1105 1901 1160 ἀλλά-

311 1179 519 1262 ξασθαι
549 1196 708 1262 δόξαν
735 1196 975 1252 αἰώνιον.

397 1370 850 1440 Ἀριστοτέλ.--
888 1369 1133 1442 Ἀξίωμα
1186 1371 1444 1442 μέγιστόν
1497 1372 1668 1440 ἐστιν,
1727 1374 1787 1427 οὑ
1838 1374 1900 1427 τὸ

304 1464 616 1535 κεχρῆσθαι
645 1468 847 1533 τιμαῖς,
879 1463 1017 1518 ἀλλὰ
1038 1463 1101 1517 τὸ
1130 1463 1279 1531 ἄξιον
1302 1463 1495 1518 ἑαυτὸν
1525 1462 1644 1538 [lca
1677 1464 1897 1539 αὐτῶν]

305 1552 455 1610 εῖναι
484 1555 824 1626 νομίζεσθαι.

397 1631 691 1717 Ἰσοκράτ.
710 1679 760 1689 -
800 1642 900 1704 Ὧν
926 1648 1025 1713 τὰς
1053 1646 1211 1715 δόξας
1240 1648 1443 1719 ζηλοῖς,
1472 1648 1681 1702 τούτων
1709 1650 1803 1703 καὶ
1830 1650 1898 1703 τὰ

307 1741 494 1811 ἀγαθὰ
524 1741 759 1815 πράξῃς.

2002 564 2402 624 exarescente,
2446 555 2549 613 ﬂos
2599 557 2838 627 decidit;
2895 561 2977 615 sic
3028 571 3205 617 morte
3263 565 3579 625 incessentc

2000 648 2370 719 exstinguitur
2395 649 2663 720 quidquid
2700 650 2953 708 humanae
2990 655 3247 724 potentiae
3270 673 3332 714 ac
3361 661 3580 718 clarita-

2004 737 2076 792 tis
2107 739 2341 794 exsistit.

2072 829 2351 885 Plutarch.
2384 864 2451 875 —
2486 832 2765 903 Stirpibus
2798 836 3026 906 quidem
3065 855 3094 894 a
3132 841 3316 898 radice
3342 885 3355 909 ,
3393 846 3582 916 gloria:
3613 875 3616 879 ν

2001 938 2133 977 vero
2159 939 2189 978 a
2220 924 2403 994 primo
2425 940 2655 981 munere
2680 936 2765 982 est
2801 939 2862 982 lli.
2885 942 3175 1001 augeatur.

2064 1014 2259 1080 Nemo,
2305 1017 2425 1087 ejus
2471 1019 2660 1088 gloria:
2692 1036 2812 1090 qua:
2853 1021 2996 1075 bona
3049 1035 3133 1078 cst
3171 1025 3324 1096 (boni
3372 1029 3581 1085 scilicet

2001 1104 2267 1177 nominis)
2291 1108 2604 1177 studiosus,
2640 1110 2800 1165 facile
2821 1113 2907 1166 vir
2938 1114 3116 1169 malus
3138 1119 3441 1186 exstiterit;
3487 1121 3585 1176 bo-

1999 1210 2136 1250 num
2159 1207 2347 1252 autem
2376 1207 2487 1264 est,
2523 1217 2623 1270 pro
2657 1202 2810 1257 brevi
2842 1204 3123 1274 voluptate
3143 1248 3157 1272 ,
3193 1212 3582 1282 sempiternam

1999 1287 2231 1359 gloriam
2256 1299 2619 1348 commutare.

2071 1379 2343 1435 Aristotel.
2375 1414 2447 1422 —
2481 1385 2719 1440 Maxima
2754 1386 2993 1459 dignitas
3018 1400 3124 1456 est,
3153 1408 3264 1447 non
3310 1394 3584 1452 bonorum
3681 1419 3685 1424 ’

2000 1481 2312 1541 compotem
2344 1489 2486 1541 esse,
2516 1475 2612 1530 sed
2644 1476 2751 1531 illis
2781 1478 3006 1549 dignum
3031 1483 3229 1538 videri.

2070 1646 2293 1724 Isocrat.
2328 1647 2572 1715 Quorum
2595 1652 2783 1722 gloriae
2806 1653 2998 1711 titulos
3027 1660 3326 1729 aemularis,
3359 1662 3581 1720 illorum

2000 1737 2168 1792 etiam
2202 1740 2350 1794 coles
2369 1741 2622 1796 virtutes.

399 1810 593 1899 Ἰνδὸς
638 1810 1163 1903 τοξευτής.-Τὸν
1207 1834 1380 1890 ’ῐνδόν
1412 1834 1505 1889 τὸν
1553 1835 1788 1907 μέγιστα
1808 1834 1896 1888 δο-

2072 1830 2241 1885 Indus
2276 1834 2609 1903 sagittarius.
2648 1867 2718 1875 —
2745 1836 2941 1893 Indum
2973 1841 3255 1910 hominem
3287 1845 3581 1916 sagittandi

304 1923 535 1991 κοῦντα,
591 1925 685 1979 καὶ
738 1924 1031 1997 λεγόμενον
1088 1926 1177 1981 διὰ
1243 1927 1530 1982 δακτυλίου
1582 1929 1673 1982 τὸν
1721 1929 1900 1984 ὀϊστὸν

306 2017 554 2086 ἀφιέναι,
608 2017 894 2071 ἐκέλευσεν
950 2018 1367 2084 ἐπιδείξασθαιο
1437 2020 1533 2074 καὶ
1592 2023 1665 2092 μὴ
1712 2020 1901 2091 βουλό-

311 2125 497 2180 μενον,
532 2108 808 2180 ὀργισθεὶς
829 2109 1038 2163 ἀνελεῖν
1069 2112 1430 2184 προσέταξεν.
1481 2115 1638 2168 Ἐπεὶ
1696 2115 1753 2169 δὲ
1790 2116 1899 2169 ἀπ-

307 2196 580 2265 αγόμενος
623 2198 651 2249 ὁ
685 2195 971 2266 ἄνθρωπος
999 2198 1153 2268 ἔλεγε
1180 2202 1317 2272 πρὸς
1342 2203 1466 2267 τοὺς
1513 2204 1765 2273 ἄγοντας,
1817 2206 1899 2258 ὄτι

308 2287 485 2351 Πολὺς
539 2288 731 2359 χρόνος
774 2291 925 2344 ἐστὶν
983 2292 1077 2360 ἀφ’
1119 2287 1179 2347 οὗ
1229 2294 1322 2347 ἐπὶ
1372 2297 1562 2366 χεῖρας
1594 2295 1747 2362 τόξον
1799 2301 1899 2351 οὐκ

306 2375 523 2441 ἔλαϐον,
553 2377 649 2432 καὶ
673 2378 735 2431 τὸ
763 2379 1059 2450 ἀποτυχεῖν
1092 2366 1390 2456 ἐφοϐήθην.
1432 2387 1700 2452 Ἀκούσας
1723 2388 1899 2445 ταῦτα

319 2468 696 2541 Ἀλέξανδρος,
750 2472 1032 2544 ἐθαύμασε
1072 2475 1169 2529 xui.
1222 2477 1458 2535 ἀπέλυσε
1514 2481 1656 2551 μετά
1708 2482 1899 2552 δώρων

305 2559 493 2625 αὐτὸν,
528 2561 610 2616 ὅτι
643 2562 844 2632 μᾶλλον
881 2564 1174 2620 ἀποθανεῖν
1213 2561 1526 2637 ὑπέμεινεν,
1559 2570 1711 2643 ἥτῆς
1736 2572 1897 2646 δόξης

308 2649 528 2715 ἀνάξιος
556 2656 815 2724 φανῆναι.

381 2827 802 2897 Θεοφράστ.-
828 2830 904 2884 Οὐ
934 2830 1043 2903 γὰρ
1075 2832 1135 2898 ἐξ
1165 2833 1383 2905 ὁμιλίας
1412 2835 1494 2890 δεῖ
1539 2837 1634 2890 καὶ
1674 2837 1895 2910 χάριτος

304 2917 406 2984 τὰς
436 2919 625 2990 τιμὰς,
656 2920 771 2974 ἀλλ’
806 2923 871 2975 ὲκ
899 2923 1009 2978 τῶν
1030 2925 1294 2995 πράξεων
1323 2925 1645 2997 λαμϐάνειν.

387 3094 1161 3219 Ἡράκλῖ-Σιένίομαέτάταηιν
1189 3100 1307 3156 ὁδὸν
1347 3104 1377 3157 ὁ
1413 3086 1576 3197 αὐτός
1603 3105 1785 3176 ἔλεγεν
1812 3107 1893 3172 είς
1918 3160 1961 3219 C

306 3182 575 3252 εὐδοξίαν,
601 3187 664 3255 τὸ
687 3186 941 3257 γενέσθαι
968 3191 1193 3258 ἀγαθόν.

377 3281 668 3347 Φίλωνος.
691 3312 763 3322 -—
789 3283 846 3337 Ὀ
866 3283 1054 3354 μαθὼν
1078 3285 1367 3356 ἄρχεσθαι,
1397 3290 1491 3342 καὶ
1518 3278 1706 3360 ἄρχειν
1735 3290 1897 3354 εὐθὺς

307 3371 595 3441 μανθάνει.
631 3371 767 3425 Οὐδὲ
804 3375 912 3446 γὰρ
947 3376 997 3428 εί
1040 3378 1222 3448 πάσης
1256 3380 1361 3450 γῆς
1401 3381 1497 3434 καὶ
1534 3381 1809 3453 θαλάσσης
1836 3382 1899 3435 τὸ

306 3463 511 3534 κράτος
553 3464 821 3536 ἅνάψαιτό
851 3485 956 3533 τις,
1008 3467 1195 3539 ἄρχων
1224 3469 1292 3524 ἂν
1330 3472 1415 3542 εἴη
1447 3472 1583 3544 πρὸς
1613 3473 1894 3546 ἀλήθειαν,

305 3557 356 3609 εί
390 3556 469 3628 μὴ
492 3556 645 3632 μάθῃ
671 3559 765 3612 καὶ
793 3560 1216 3633 προπαιδευθείη
1246 3562 1307 3617 τὸ
1340 3562 1627 3635 ἄρχεσθαι.

388 3733 738 3802 Ἰωσήππου
811 3738 1425 3807 Ἀρχαιολ.-Πάντες
1498 3741 1548 3795 οί
1633 3743 1896 3815 ἄρχεσθαι

305 3826 493 3890 καλῶς
523 3828 926 3898 μεμαθηκότες,
965 3830 1060 3884 καὶ
1100 3831 1291 3904 ἄρχειν
1323 3834 1561 3890 εἴσονται
1598 3834 1897 3907 παρελθόν-

304 3934 399 3983 τες
429 3919 513 3983 είς
541 3917 813 3983 ἐξουσίαν.

871 4036 1089 4089 ΛΟΓΟΣ
1130 4037 1241 4091 MZ'
1285 4038 1327 4091 '.

785 4126 926 4195 Περὶ
980 4129 1429 4198 γλωσσαλγίας.

375 4240 568 4303 Ματθ.
606 4238 957 4308 tsi—A9571»
983 4240 1040 4295 δὲ
1089 4243 1241 4313 ὑμῖν,
1275 4244 1358 4298 ὅτι
1388 4247 1498 4298 πᾶν
1525 4246 1700 4317 ῥῆμα,
1736 4249 1765 4302 δ
1798 4248 1896 4305 ἐὰν

305 4328 620 4403 λαλήσωσιν
669 4333 751 4384 οίρ
778 4333 1099 4404 ἄνθρωποι,
1152 4336 1492 4391 ἀποδώσουσι
1550 4338 1708 4407 λόγον
1766 4341 1895 4413 περὶ

1951 1923 1955 1926 ’
2000 1923 2201 1993 peritia
2228 1924 2628 1993 clarissimum,
2652 1929 2857 1998 quique
2888 1946 2988 2000 per
3014 1935 3280 1989 annulum
3325 1938 3583 2008 sagittam

2002 2015 2377 2071 transmittere
2408 2016 2689 2074 diceretur
2710 2060 2726 2084 ,
2768 2021 3081 2079 Alexander
3113 2027 3394 2096 specimen
3450 2032 3586 2086 artis

2000 2102 2133 2159 dare
2151 2106 2355 2177 jussit:
2386 2108 2535 2177 quod
2560 2108 2850 2179 imperium
2877 2128 3001 2167 cum
3025 2118 3369 2179 detrectaret,
3387 2135 3585 2176 accen-

2001 2212 2061 2253 sa
2101 2199 2160 2253 iu
2190 2213 2317 2254 eum
2362 2200 2466 2266 ira,
2484 2202 2679 2257 “occidi
2716 2219 2846 2258 eum
2880 2206 3142 2278 princeps
3173 2209 3482 2280 imperavit.
3534 2215 3587 2270 is

1999 2304 2170 2359 porro
2202 2305 2328 2345 cum
2360 2290 2681 2358 duceretur,
2710 2293 3003 2352 lictoribus
3036 2300 3207 2370 coepit
3242 2302 3453 2371 dicere,
3491 2305 3585 2360 diu

1994 2379 2106 2451 jam
2134 2394 2253 2437 esse
2287 2398 2355 2437 ex
2377 2399 2488 2453 quo
2514 2399 2706 2440 arcum
2740 2385 2797 2441 in
2841 2403 3038 2444 manus
3076 2407 3185 2446 non
3237 2396 3582 2465 sumpsisset,

1998 2460 2062 2524 ac
2098 2486 2167 2526 nc
2196 2471 2502 2540 aberraret,
2540 2474 2812 2531 timuisse.
2850 2476 3065 2544 Quibus
3094 2482 3318 2549 auditis,
3346 2484 3605 2547 Alcxan-,

1998 2560 2098 2616 der
2138 2563 2421 2619 hominem
2454 2565 2708 2631 miratus,
2733 2568 2878 2637 quod
2910 2572 3050 2625 mori
3089 2574 3391 2643 maluisset,
3418 2594 3584 2648 quam

1997 2660 2060 2708 ut
2089 2653 2348 2725 indignus
2387 2656 2554 2729 646
2594 2658 2769 2736 gloria
2802 2659 3109 2727 videretur,
3168 2667 3411 2723 solutum
3456 2688 3580 2725 cum

1997 2746 2325 2801 muneribus
2353 2746 2587 2802 dimisit.

2065 2835 2483 2909 Theophrast.-—
2516 2841 2637 2895 Non
2665 2857 2730 2897 ex
2760 2846 3035 2903 sermonis
3062 2851 3395 2906 commercio
3417 2863 3582 2924 atquc

1996 2929 2169 2998 gratia
2213 2932 2469 2986 sumendi
2515 2934 2779 3002 honores,
2812 2938 2911 2993 sed
2958 2955 3026 2994 ex
3067 2940 3135 2996 iis
3165 2956 3288 3011 qua:
3316 2945 3582 3013 praeclaro

1995 3034 2175 3091 exque
2199 3023 2407 3080 virtute
2438 3040 2615 3096 geras.
3188 3077 3197 3085 .

2061 3113 2382 3171 Heraclitus.
2415 3150 2485 3162 -ο
2508 3118 2663 3173 Viam
2691 3119 2758 3174 ad
2785 3121 3017 3192 gloriam
3044 3127 3283 3181 maxime
3320 3142 3582 3199 compen-

1998 3204 2230 3260 diariam
2254 3222 2375 3263 esse
2404 3208 2647 3277 dicebat,
2674 3214 2718 3268 si
2750 3214 2875 3285 quis
2894 3216 3075 3272 bonus
3096 3232 3218 3273 esse
3246 3218 3517 3274 studeret.

2067 3297 2325 3353 Philonis.
2355 3330 2424 3341 —
2457 3302 2562 3370 Qui
2600 3304 2799 3361 didicit
2827 3307 3056 3363 obedire
3077 3351 3092 3376 ,
3124 3326 3249 3365 mox
3277 3312 3443 3367 etiam
3477 3312 3583 3367 im-

1998 3404 2195 3460 perare
2226 3394 2400 3448 novit.
2428 3395 2533 3463 Qui
2563 3399 2713 3455 enim
2746 3401 3041 3458 obediendi
3070 3412 3244 3459 artem
3281 3422 3391 3460 non
3434 3406 3581 3462 didi-

1996 3482 2157 3547 cerit,
2188 3499 2291 3540 nec
2324 3501 2389 3541 ea
2447 3497 2574 3544 ante
2638 3476 2928 3550 institutus
2976 3495 3166 3562 fuerit,
3199 3512 3303 3552 nec
3332 3498 3377 3553 si
3424 3507 3585 3555 terra:

1996 3575 2181 3629 omnis
2204 3591 2270 3631 ac
2302 3579 2470 3635 maris
2501 3581 2770 3652 impetum
2794 3593 3001 3653 teneat,
3042 3603 3175 3644 vere
3206 3589 3468 3661 princeps
3487 3606 3584 3645 ex—

1998 3665 2228 3723 stiterit.

2057 3757 2273 3831 Josephi
2299 3778 2364 3817 ea:
2386 3766 2651 3837 Antiquis.
2677 3798 2747 3808 --
2787 3768 2992 3827 Omnes
3025 3773 3120 3843 qui
3164 3783 3314 3829 recte
3355 3773 3580 3829 obedire

1998 3849 2327 3921 didicerint,
2380 3857 2549 3911 etiam
2600 3861 2924 3931 magistratu
2971 3866 3131 3934 potiti
3177 3880 3304 3921 cum
3346 3866 3581 3938 imperio

1997 3957 2232 4013 praeesse
2260 3962 2325 4003 ac
2352 3948 2629 4020 imperare
2652 3956 2933 4011 noverint.

2562 4066 2794 4123 SERMO
2831 4069 3039 4127 XLVII.

2209 4152 2288 4206 De
2319 4152 2644 4221 loquacitate
2670 4167 2718 4212 et
2742 4159 2937 4231 lingua:
2955 4164 3357 4218 inrautineutia.

2067 4261 2258 4318 Matth.
2304 4280 2398 4330 xn,
2435 4267 2523 4321 56.
2555 4296 2625 4306 -
2672 4269 2804 4324 Dico
2852 4280 3039 4327 autem
3083 4274 3264 4335 vobis,
3316 4274 3580 4344 quoniam

1997 4364 2159 4405 omne
2182 4354 2410 4408 verbum
2424 4357 2684 4425 otiosum,
2703 4359 2849 4429 quod
2875 4361 3045 4416 locuti
3074 4362 3283 4419 fuerint
3308 4364 3583 4430 homines,

304 4422 498 4477 αὐτοῦ.
543 4423 637 4476 Ἐκ
663 4424 772 4495 γὰρ
796 4424 906 4477 τῶν
953 4425 1130 4495 λόγων
1160 4444 1257 4481 σου
1302 4429 1659 4503 δικαιωθήσῃ,
1693 4433 1786 4487 καὶ
1829 4435 1894 4488 ὲκ

2024 4442 2233 4498 eddent
2260 4446 2532 4502 rationem
2557 4449 2626 4504 de
2658 4422 2743 4505 eo:
2787 4452 2869 4507 Ex
2897 4453 3085 4509 verbis
3118 4456 3265 4510 enim
3303 4444 3411 4511 tuis
3432 4457 3586 4529 judi-

303 4510 418 4566 τῶν
435 4511 615 4581 λόγων
641 4529 738 4566 σου
763 4514 1171 4588 κατακριθήσῃ.

388 4603 539 4660 Ἰάκ.
595 4602 980 4662 ια’-Ἔστω
1024 4611 1130 4672 πᾶς
1166 4610 1452 4683 ἄνθρωπος
1489 4616 1660 4685 ταχὺς
1703 4618 1785 4682 είς
1832 4618 1893 4671 τὸ

301 4696 560 4762 ἀκοῦσαι,
599 4698 694 4755 καὶ
741 4696 942 4768 βραδὺς
974 4701 1055 4764 είς
1085 4700 1146 4755 τὸ
1174 4700 1430 4779 λαλῆσαι.

375 4790 563 4860 Σιρὰχ
589 4796 753 4858 η’μσ-
773 4791 1091 4846 Πωσσὼδει
1145 4794 1422 4867 ἀνθρώπῳ
1463 4799 1538 4869 μὴ
1585 4799 1851 4872 διαμάχου
1876 4818 1890 4832 ·

311 4880 446 4951 μηδὲ
474 4881 825 4946 ὲπιστοίὸαζε
850 4882 943 4935 ἐπὶ
966 4882 1029 4935 τὸ
1054 4882 1164 4955 πῦρ
1193 4886 1360 4940 αὑτοῦ
1384 4887 1536 4953 ξύλα.

292 4987 305 5000 ’
374 4976 623 5042 Παροιμ.
659 4979 813 5043 ιγλ-
845 4976 940 5038 ⁸ος
993 4975 1258 5046 φυλάσσει
1304 4981 1362 5033 τὸ
1422 4983 1622 5038 ἑαυτοῦ
1678 4985 1890 5057 στόμα,

306 5066 466 5135 τηρεῖ
490 5065 589 5135 τὴν
617 5065 812 5119 ἑαυτοῦ
840 5067 1040 5138 ψυχήν.

377 5158 626 5226 Παροιμ.
671 5164 747 5224 ς’·
773 5189 842 5200 -
861 5163 1036 5232 "trgi;
1063 5166 1218 5237 ἀνδρὶ
1256 5168 1471 5240 ἰσχυρὰ,
1494 5170 1564 5223 τὰ
1592 5171 1697 5225 ίδια
1717 5172 1891 5246 χείληο

305 5245 592 5302 ἁλίσκεται
617 5249 675 5304 δὲ
706 5252 951 5321 ῥήμασιν
982 5255 1116 5309 ἰδίου
1149 5259 1439 5328 στόματος.

373 5341 627 5417 Παρριμ.
680 5349 818 5396 ι’.-
847 5344 903 5397 '0
937 5345 1168 5416 ἀστεγος
1198 5349 1432 5420 χείλεσιν
1466 5352 1563 5423 (υ),
1591 5356 1892 5420 σκολιάζων

306 5428 858 5505 ὖτποσκελισθήσεται.

376 5570 395 5600 ι
425 5550 486 5624 tu
511 5570 678 5627 Gesn.
725 5573 880 5628 εισι).
920 5575 1040 5631 ιδι.

1996 4533 2231 4598 caberis,
2258 4544 2313 4591 et
2336 4554 2403 4592 ex
2431 4540 2617 4596 verbis
2648 4542 2757 4597 tuis
2778 4544 3260 4601 condemnaberis.

2058 4623 2178 4681 Jac.
2202 4643 2240 4690 ι,
2300 4629 2386 4683 19.
2418 4661 2487 4670 —
2534 4631 2617 4687 Sit
2650 4636 2835 4691 omnis
2860 4636 3028 4692 homo
3054 4638 3213 4693 velox
3240 4638 3306 4693 ad
3352 4638 3590 4694 audicn~

1996 4715 2150 4781 dum,
2183 4726 2238 4772 ct
2261 4720 2451 4776 tardus
2482 4723 2551 4778 ad
2575 4725 2939 4795 loquendum.
3505 4738 3509 4742 ’

2072 4804 2243 4863 Eccli.
2269 4826 2382 4875 vni,
2413 4812 2466 4867 4.
2505 4844 2574 4854 -——
2602 4815 2724 4870 Noli
2760 4817 2943 4874 rixarc
2973 4834 3098 4874 cum
3124 4798 3350 4876 nomine
3372 4820 3597 4893 linguo-

2000 4912 2083 4963 so,
2110 4908 2167 4953 et
2196 4916 2264 4954 ne
2288 4910 2470 4957 struas
2492 4904 2547 4959 in
2567 4907 2690 4977 ejus
2718 4907 2895 4980 ignem
2920 4910 3089 4983 ligna.

2071 4988 2232 5045 Prov.
2264 5008 2378 5058 xui,
2412 4994 2467 5049 5.
2512 4996 2617 5063 Qui
2640 5000 2884 5055 custodit
2916 5017 2980 5058 os
3023 5018 3206 5068 suum,
3238 5008 3419 5056 servat
3462 5001 3587 5054 ani-

2002 5098 2145 5137 mam
2171 5100 2346 5141 suam.

2075 5175 2237 5231 Prov.
2270 5196 2343 5248 v1,
2371 5182 2425 5236 2.
2450 5214 2519 5224 ——
2543 5184 2798 5255 Laqueus
2827 5186 2989 5240 fortis
3012 5186 3133 5239 viro
3157 5181 3380 5252 propria
3405 5177 3583 5247 labia;

1997 5269 2252 5339 capietur
2283 5284 2468 5331 autem
2497 5279 2690 5333 verbis
2721 5278 2929 5348 pr0prii
2956 5276 3092 5329 oris.

2060 5361 2219 5419 Prov.
2272 5384 2304 5421 x
2333 5410 2347 5433 ,
2394 5370 2447 5423 8.
2477 5398 2547 5412 ο-
2578 5370 2683 5435 Qui
2736 5369 3012 5422 labiorum
3067 5363 3421 5420 incontinens
3471 5376 3583 5433 cst,

1996 5452 2219 5525 oblique
2244 5473 2410 5529 agens
2440 5457 2903 5529 supplantabitur.

1726 5682 1737 5693 -
1781 5656 2014 5716 NOTAE.

372 5776 450 5846 tu)
521 5779 587 5831 ’0
644 5780 901 5851 ᾶστεγος
927 5783 1182 5850 χείλεσι.
1227 5785 1387 5857 Vulg.
1460 5788 1652 5846 stultus
1705 5793 1880 5850 labiis.

2024 5815 2095 5852 Jl'.
2152 5798 2540 5870 propinquius,
2615 5817 2644 5856 a
2701 5817 2811 5874 quo
2842 5818 2944 5859 nec
2994 5807 3044 5859 oi
3077 5799 3220 5861 LXX
3252 5807 3597 5877 abscedant,

556 5873 826 5938 Pn‘uOL.
863 5878 978 5938 Gn.
1016 5879 1166 5939 XCI.

3184 5904 3258 5965 30
