3990 6376
351 317 456 390 941

1656 312 1826 378 LOCl
1867 305 2305 375 COMMUNES.

3493 280 3597 369 oti

430 431 697 488 Πλάτων.
716 463 784 473 -
808 431 1055 494 Πλάτων,
1099 390 1473 493 Ἀντισθένους
1506 429 1562 483 ὲν
1591 432 1659 500 τῇ
1680 423 1929 500 διατριϐῇ

2107 424 2285 479 Plato.
2315 454 2386 464 -—
2433 424 2608 488 Plato,
2640 438 2763 477 cum
2805 422 3163 480 Antisthenes
3203 422 3501 491 aliquando
3553 423 3606 476 in

359 541 489 578 ποτε
555 522 1084 594 μακρολογήσαντος,
1155 523 1415 591 Ἀγνοεῖς,
1462 516 1638 585 εἶπεν,
1703 520 1786 574 ὅτι
1835 519 1928 572 τοῦ

357 616 521 686 λόγου
546 621 745 689 μέτρον
774 618 945 680 ἐστὶν,
979 616 1078 685 οὐχ
1104 617 1131 666 ό
1160 613 1353 681 λέγων,
1386 612 1498 665 ἀλλ’
1520 612 1550 663 ὁ
1576 611 1822 673 ἀκούωνς

428 792 957 861 Νικοστράτ.-Εί
1013 792 1105 844 ἐπὶ
1152 789 1228 859 τῷ
1270 790 1291 821 ⁸
1326 786 1567 857 συνεχῶς
1613 787 1707 839 καὶ
1762 784 1929 837 πολλά

351 885 689 953 καὶῒαχέως
723 884 903 937 λαλεῖν
944 878 1013 952 ἦν
1050 880 1144 933 τοῦ
1192 882 1411 950 φρονεῖν
1470 876 1819 946 παράσημον,
1875 875 1928 926 αἱ

350 978 624 1048 χελιδόνες
649 976 881 1043 ἐλέγοντ’
914 974 979 1027 ἂν
1001 972 1158 1042 ἡμῶν
1188 968 1613 1040 φρονιμώτεραι.

442 1072 542 1124 Ἐκ
579 1067 697 1121 τῶν
737 1065 1095 1133 Ἐπικτήτου
1149 1064 1247 1116 καὶ
1293 1059 1573 1129 Ἰσοκράτ.
1597 1057 1931 1110 -Γλῶσσαν

355 1162 491 1231 μίαν
515 1162 626 1222 τοῖς
667 1157 978 1229 ἀνθρώποις
1021 1158 1053 1226 ἡ
1090 1155 1252 1225 φύσις
1296 1154 1545 1215 δέδωκεν,
1575 1150 1669 1203 δύο
1705 1149 1761 1202 δὲ
1792 1143 1926 1210 ὦτα,

350 1254 446 1307 ἵνα
478 1249 798 1304 διπλασίονα
826 1242 901 1301 ὧν
924 1247 1176 1316 λέγομεν,
1213 1243 1343 1314 παρ’
1378 1243 1580 1312 ἑτέρων
1623 1242 1928 1309 ἀκούωμεν.

426 1339 813 1410 Πυθαγόρ.-
833 1338 1031 1407 Ξίφους
1076 1335 1259 1406 πληγὴ
1298 1333 1598 1403 κουφοτέρα
1644 1329 1893 1398 γλώσσης
1916 1345 1928 1358 ⁸

351 1434 419 1488 τὸ
463 1432 563 1503 μὲν
601 1431 731 1503 γὰρ,
761 1430 942 1498 σῶμα,
974 1430 1008 1499 ἡ
1036 1430 1112 1493 δὲ,
1145 1427 1324 1497 ψυχὴν
1348 1424 1660 1495 τιτρώσκει.

429 1526 729 1589 Αἴσωπος.
748 1516 1003 1585 -Οὒτος
1029 1520 1344 1592 ἐρωτηθεὶς,
1380 1520 1442 1572 Τί
1465 1521 1612 1572 ἐστιν
1635 1518 1691 1570 ὲν
1726 1514 1936 1586 ἀνθρὼ-

354 1634 482 1679 ποις
520 1614 725 1683 ἀγαθόν
754 1632 814 1667 τε
840 1615 933 1668 καὶ
968 1613 1207 1682 φαῦλονς
1249 1612 1374 1680 ἔφη,
1407 1610 1653 1664 Γλῶσσα.

430 1703 869 1773 Δημοκρίτ.⁹-
914 1700 1202 1771 Πλεονεξίη
1258 1701 1327 1753 τά
1379 1700 1554 1753 πάντα
1590 1699 1788 1766 λέγειν,
1844 1696 1937 1750 καὶ

359 1796 537 1865 μηδὲν
561 1793 766 1847 ἐθέλειν
797 1794 1039 1847 ἀκούειν.

447 1888 862 1944 Ἀπολλωνίου.
878 1915 947 1926 —
971 1883 1276 1953 Πολυλογία
1301 1883 1471 1936 πολλὰ
1489 1881 1779 1951 σφάλματα
1803 1880 1933 1951 ἔχει·

363 1980 423 2033 τὸ
450 1979 508 2031 δὲ
535 1978 716 2048 σιγᾷν,
753 1970 1023 2047 ἀσφαλέξί

446 2072 506 2124 'O
554 2070 717 2131 αὐτὸς
766 2071 891 2132 τοὺς
946 2071 1180 2142 ῥήτορας
1220 2069 1325 2141 ἔφη
1379 2068 1602 2137 ὁμοίους
1639 2060 1779 2120 εἶναι
1826 2068 1935 2129 τοῖς

360 2160 693 2233 βατράχοις’
740 2162 865 2222 τοὺς
909 2161 1009 2230 μὲν
1046 2162 1154 2233 γάρ
1198 2164 1256 2215 ὲν
1297 2162 1452 2216 ὕδασι
1502 2158 1767 2222 κελαδεῖν,
1818 2157 1942 2220 τοὺς

360 2254 423 2306 δὲ
468 2253 603 2323 πρὸς
628 2251 956 2321 κλεψύδραν.

437 2344 739 2409 Λύκωνος.
774 2341 1123 2413 -Καθάπερ
1177 2344 1233 2396 αἱ
1284 2342 1549 2412 χελιδόνες
1604 2344 1670 2412 τῇ
1732 2342 1947 2410 συνεχεῖ

362 2438 470 2509 τῆς
486 2437 697 2500 λαλιᾶς,
724 2436 822 2506 τὴν
854 2434 1047 2505 ἡδονὴν
1087 2434 1190 2504 τῆς
1242 2432 1457 2504 ὁμιλίας
1504 2432 1899 2486 ἀποϐάλλουσιν
1928 2448 1942 2461 ⁸

364 2530 544 2593 οὕτως
599 2530 648 2583 οί
699 2526 979 2597 ἀδολέσχαι
1020 2524 1271 2596 ὀχλήσεις
1319 2527 1562 2595 συνεχεῖς
1610 2525 1943 2594 ποιούμενοι,

368 2617 556 2686 ἀηδεῖς
588 2615 983 2684 ἀποφαίνονται
1016 2618 1127 2680 τοῖς
1164 2616 1557 2686 ἀκροωμένοις.

441 2706 672 2776 Νομικῷ
704 2698 930 2777 φλυάρῳ
961 2688 1065 2775 ἔφη
1099 2721 1204 2770 τις,
1238 2707 1311 2758 Ού
1338 2706 1417 2758 δεῖ
1446 2706 1501 2757 ὲν
1529 2703 1738 2768 πολλοῖς
1770 2702 1948 2773 λέγειν

371 2799 551 2868 ὀλίγα,
582 2799 695 2852 ἀλλ’
721 2801 778 2853 ὲν
807 2799 1010 2867 ὀλίγοις
1028 2798 1217 2851 πολλά.

915 2891 1136 2945 ΛΟΓΟΣ
1185 2891 1237 2945 Μ
1246 2882 1306 2943 H'
1348 2889 1408 2942 ¹⁶.

885 2978 1026 3048 Περὶ
1132 2979 1436 3046 προνοίας.

2033 515 2503 586 disputationibus
2549 514 2712 585 longa
2760 525 2944 585 ageret
3000 516 3248 570 oratione
3285 531 3298 566 :
3332 513 3569 583 .lgnoras
3594 554 3611 571 .

2034 609 2235 678 inquit,
2266 608 2534 663 orationis
2559 607 2781 661 modum
2804 621 2946 672 esse,
2991 619 3103 660 non
3143 605 3199 659 in
3231 604 3450 660 dicente
3472 645 3487 671 ,
3514 608 3607 659 Sed

2033 699 2090 752 iu
2127 699 2379 753 auditore
2412 698 2618 753 situm?

2099 791 2409 845 Nicostrati.
2443 819 2515 830 --
2536 790 2592 845 Si
2616 789 2970 844 continenter
2998 796 3054 844 et
3084 788 3253 843 multa
3279 796 3333 843 et
3354 788 3612 843 celeriter

2033 881 2185 950 loqui
2235 882 2451 951 signum
2492 889 2638 935 esset
2680 880 2980 949 sapientiae,
3029 878 3361 934 hirundines
3408 880 3613 950 majore

2035 973 2193 1026 nobis
2221 972 2491 1040 sapientia
2510 980 2772 1041 praestare
2808 969 2917 1025 dici
2946 980 3191 1041 possent.

2115 1062 2195 1115 Ea:
2214 1063 2443 1132 Epictet.
2471 1072 2519 1115 et
2550 1063 2771 1116 lsocrat.
2790 1093 2859 1101 —
2884 1062 3150 1132 Linguam
3176 1077 3340 1116 unam
3375 1058 3604 1116 homini-

2036 1150 2141 1204 bus
2169 1159 2364 1204 natura
2392 1150 2564 1213 dedit,
2593 1159 2647 1204 et
2673 1166 2839 1204 aures
2871 1150 3028 1215 duas,
3050 1160 3110 1204 ut
3139 1150 3370 1220 duplum
3395 1165 3614 1212 eorum,

2035 1258 2158 1313 qua:
2187 1241 2443 1304 dicimus,
2467 1242 2536 1295 ah
2559 1241 2681 1296 aliis
2713 1241 3023 1296 audiamus.

2106 1334 2397 1406 Pyt/tagor.
2425 1352 2501 1373 -ν
2527 1334 2705 1389 Gladii
2760 1335 2902 1389 ictus
2949 1334 3129 1389 leuior
3164 1350 3330 1404 quam
3369 1330 3569 1406 lingua:
3603 1354 3614 1388 :

2039 1426 2129 1481 ille
2156 1425 2303 1480 enim
2330 1441 2532 1496 corpus
2552 1465 2568 1491 ,
2603 1426 2719 1481 haec
2743 1426 2988 1480 animum
3024 1426 3297 1481 vulnerat.

2106 1518 2291 1589 /Esop.
2321 1548 2390 1559 —
2424 1518 2523 1572 llic
2573 1519 2943 1589 interrogatus
2984 1537 2995 1571 :
3024 1518 3167 1586 Quid
3200 1519 3254 1573 in
3298 1518 3621 1572 hominibus

2038 1618 2182 1663 esset
2205 1610 2408 1664 bonum
2436 1620 2492 1664 et
2525 1610 2749 1675 malum,
2783 1610 3027 1680 linguam
3063 1625 3186 1665 esse
3219 1609 3524 1679 respondit.

2105 1702 2391 1758 Dcmocrit.
2439 1733 2509 1743 —
2540 1703 2729 1758 Avida:
2780 1702 3097 1772 rapacitatis
3140 1718 3313 1772 genus
3343 1701 3619 1772 quoddam

2040 1805 2143 1857 est,
2164 1794 2350 1849 dicere
2381 1794 2587 1859 omnia,
2625 1810 2729 1849 nec
2756 1794 2897 1849 velle
2928 1794 3227 1864 quidquam
3253 1794 3463 1849 audire.

2105 1886 2393 1958 Apollonii.
2418 1917 2489 1927 —
2507 1885 2915 1956 Multiloquium
2943 1886 3117 1941 multa
3146 1894 3327 1942 errata
3345 1885 3534 1947 habet,
3568 1894 3621 1939 at

2040 1989 2221 2036 tacere
2253 1987 2455 2034 tutum.

2098 2073 2247 2128 Idem
2267 2081 2515 2127 oratores
2533 2075 2685 2127 ranis
2702 2085 2824 2127 esse
2850 2070 3059 2127 similes
3071 2069 3290 2126 dicebat
3308 2088 3321 2136 ;
3354 2071 3453 2125 has
3473 2070 3622 2125 enim

2044 2164 2306 2233 in,aquis
2339 2178 2594 2229 coaxare,
2630 2163 2752 2219 illos
2777 2162 2946 2235 848
2985 2161 3053 2217 ad
3098 2162 3442 2233 clepsydram
3473 2164 3623 2218 voci-

2041 2256 2156 2310 fera
2167 2256 2233 2309 ri.
2658 2300 2685 2307 ε

2111 2348 2352 2417 Lyconis.
2379 2377 2449 2387 —
2481 2345 2958 2414 Quemadmodum
3003 2347 3333 2403 hirundines
3363 2349 3643 2404 continuo.

2044 2438 2269 2509 garritu,
2306 2438 2626 2493 commercii
2655 2438 2856 2509 linguae
2885 2439 3228 2509 voluptatem
3252 2438 3524 2508 perdunt;
3548 2440 3629 2494 sic

2045 2530 2326 2599 loquaces,
2365 2528 2497 2583 dum
2521 2528 2728 2599 jugiter
2767 2529 3106 2595 obtundunt,
3134 2529 3483 2585 auditoribus
3506 2546 3627 2585 m0—

2047 2620 2261 2676 lcstiam
2281 2619 2517 2674 faciunt.
3035 2619 3045 2628 ’
3209 2606 3218 2617 ’

2112 2708 2517 2765 Juriseonsulto
2542 2711 2761 2782 loquaci
2810 2712 2949 2767 dixit
2983 2711 3209 2783 quidam
3238 2730 3252 2766 :
3288 2712 3408 2769 Non
3441 2710 3629 2767 multis

2053 2817 2249 2872 pauca,
2286 2801 2382 2858 sed
2417 2804 2589 2857 multa
2614 2804 2807 2874 paucis
2832 2819 2955 2858 esse
2986 2794 3378 2873 eloquendum.
3413 2852 3425 2863 .

2575 2894 2810 2953 SERMO
2860 2894 3093 2950 XLVIII.

2602 2987 2683 3041 De
2716 2985 3075 3044 Providentia.

448 3077 636 3129 Ματθ.
678 3070 966 3142 ι’.-Οὺχὶ
1017 3070 1109 3123 δύο
1160 3068 1416 3140 στρουθία
1461 3068 1725 3140 ἀσσαρίου
1760 3068 1950 3122 πωλεῖ-

2125 3077 2312 3133 Matth.
2348 3095 2405 3145 ι,
2434 3078 2523 3136 29.
2541 3107 2612 3120 —
2639 3080 2835 3136 Nonne
2860 3082 2970 3135 duo
3002 3094 3254 3151 passeres
3278 3080 3492 3136 minuto
3509 3093 3632 3137 asse

379 3184 506 3235 ταις
541 3167 634 3220 καὶ
670 3164 729 3219 ἓν
754 3163 813 3229 ἐξ
839 3162 1019 3217 αὐτῶν
1048 3163 1109 3216 οὐ
1140 3162 1386 3215 πεσεῖται
1440 3161 1533 3214 ἐπὶ
1569 3160 1669 3230 τὴν
1696 3161 1799 3231 γῆν
1825 3161 1953 3215 ἄνευ

380 3257 478 3312 τοῦ
515 3258 729 3328 [ἰατρὸς
761 3255 934 3326 ὑμῶν.
968 3252 1154 3324 ’Υμῶν
1182 3250 1242 3305 δὲ
1260 3251 1355 3304 καὶ
1383 3251 1439 3304 αἱ
1463 3250 1649 3321 τρίχες
1675 3251 1771 3322 τῆς
1788 3268 1959 3321 κεφα-

380 3350 479 3421 λῆς
514 3352 685 3403 πᾶσαι
712 3347 1087 3419 ἠριθμημέναι
1122 3345 1300 3409 εἰσίν(

463 3444 636 3513 Ῥωμ.
671 3441 932 3497 (al—"0
988 3438 1150 3510 βάθος
1189 3437 1423 3491 πλούτου
1469 3436 1562 3490 καὶ
1621 3434 1814 3504 σοφίας
1866 3434 1961 3487 καὶ

383 3534 638 3605 γνώσεως
668 3530 839 3585 Θεοῦί
876 3530 951 3592 ὡς
980 3528 1375 3601 ἀνεξερεύνητα
1402 3528 1471 3583 τὰ
1500 3527 1746 3599 κρίματα
1770 3525 1957 3592 αὑτοῦ,

385 3628 477 3682 καὶ
511 3623 903 3693 ἀνεξιχνίαστοι
934 3622 991 3673 αί
1020 3621 1127 3673 ὁδοὶ
1173 3620 1359 3674 αὐτοῦ.

453 3718 672 3782 Σολομ.
710 3711 981 3777 ιβύ-Σὺ
1039 3712 1312 3776 δεσπόζων
1363 3710 1544 3780 ίσχύος
1592 3711 1649 3764 ὲν
1692 3708 1961 3779 ἐπιεικείᾳ

383 3806 614 3877 κρίνεις,
663 3804 758 3858 καὶ
791 3804 930 3874 μετά
956 3798 1405 3875 πολλῆςφειδοῢς
1436 3802 1655 3868 διοικεῖς
1682 3803 1853 3874 ἡμᾶς.

452 3981 578 4048 Σιρ.
630 3977 923 4049 ις¹.--Μὴ
967 3978 1147 4051 εἴπῃς.
1213 3976 1720 4048 ’Λποκρυόήσομαι,
1761 3978 1857 4031 καὶ
1902 3978 1961 4045 ἐξ

386 4067 554 4139 ὕψους
588 4074 667 4130 τίς
706 4085 809 4138 μου
843 4066 1253 4139 μνησθήσεται;
1280 4067 1430 4121 Ἰδοὺ
1469 4069 1501 4121 ὁ
1540 4068 1767 4139 οὐρανὸς
1795 4068 1887 4121 καὶ
1933 4069 1962 4121 ὁ

383 4161 610 4235 οὐρανὸς
657 4159 752 4213 τοῦ
798 4138 1026 4230 οὐρανοῦ
1052 4175 1065 4190 °
1125 4158 1359 4223 ἄϐυσσος
1410 4158 1503 4213 καὶ
1543 4138 1615 4231 γῆ
1670 4160 1864 4213 καὶτὰ
1905 4161 1963 4214 ὲν

272 4248 289 4261 ”
385 4254 595 4317 αὐτοῖς,
628 4255 695 4323 τῇ
723 4253 999 4323 ἐπισκοπῇ
1023 4250 1188 4305 αὑτοῦ
1222 4248 1632 4320 σαλευθήσεται.
1666 4251 1775 4314 Τὰς
1812 4251 1963 4315 ὁδοὺς

385 4344 551 4400 αὑτοῦ
588 4344 671 4409 τίς
709 4342 1182 4414 ἐνθυμηθήσεται;
1235 4340 1491 4407 καταιγὶς
1532 4340 1599 4411 ἢν
1644 4341 1744 4394 οὐκ
1771 4341 1961 4411 ὄψεται

2057 3170 2342 3225 veneunt?
2378 3179 2434 3225 et
2467 3186 2612 3226 unus
2646 3186 2714 3226 ex
2743 3168 2853 3227 illis
2882 3188 2992 3227 non
3031 3170 3193 3230 cadet
3232 3189 3397 3244 super
3431 3182 3634 3229 terrain

2059 3259 2178 3315 sine
2199 3260 2361 3315 Patre
2389 3271 2595 3315 vestro.
2628 3259 2736 3316 Sed
2775 3267 2831 3316 et
2862 3263 3047 3332 capilli
3078 3262 3281 3335 capitis
3307 3264 3476 3319 vestri
3514 3279 3635 3319 Olll-

2059 3365 2158 3405 nes
2190 3353 2460 3406 numerati
2490 3361 2638 3409 sunt.
2657 3379 2661 3383 ν

2127 3442 2280 3497 Rom.
2300 3459 2375 3507 ιι,
2400 3444 2487 3497 55.
2514 3473 2584 3482 —
2600 3442 2645 3499 Ο
2666 3442 2902 3500 altitudo
2929 3444 3248 3501 divitiarum
3271 3454 3327 3501 et
3354 3443 3640 3516 sapientia:

2060 3543 2117 3585 et
2156 3532 2400 3587 scientiae
2446 3531 2583 3587 Deil
2638 3548 2804 3602 quam
2849 3534 3235 3591 inscrutabilia
3276 3544 3406 3590 sunt
3433 3534 3639 3607 judicia

2060 3623 2180 3692 ejus
2206 3632 2263 3676 et
2295 3622 2824 3692 impervestigabiles
2850 3624 2952 3679 vite
2975 3624 3127 3695 ejus!

2132 3715 2264 3784 Sap.
2289 3729 2387 3779 xu,
2413 3713 2499 3769 18.
2523 3743 2592 3753 -
2619 3713 2698 3769 Tu
2722 3753 2736 3779 ,
2765 3714 3087 3771 Dominator
3112 3714 3350 3781 virtutis,
3376 3714 3430 3769 in
3463 3718 3639 3785 tequi-

2065 3811 2173 3859 tate
2210 3801 2449 3876 judicas,
2492 3810 2548 3860 et
2575 3818 2700 3859 eum
2739 3819 2934 3876 magna
2978 3805 3320 3877 indulgentia
3364 3816 3642 3876 gubernas

2061 3911 2186 3950 nos.

2132 3986 2299 4042 Eccli.
2343 4003 2453 4055 xvr,
2509 3986 2597 4043 16.
2630 4018 2696 4031 —-
2719 3988 2801 4045 Ne
2854 3988 3007 4046 dicas
3035 3988 3395 4045 :Abscondar
3420 4029 3435 4057 ,
3484 4000 3542 4047 et
3574 4007 3641 4046 es

2064 4078 2175 4133 alto
2194 4079 2319 4149 quis
2342 4079 2453 4135 mei
2481 4081 2923 4137 memorabitur?
2949 4082 3094 4137 Ecce
3123 4083 3328 4139 coelum
3353 4091 3411 4139 et
3438 4084 3640 4141 caelum

2063 4169 2220 4237 coeli;
2245 4169 2473 4242 abyssus
2503 4178 2561 4226 et
2597 4179 2768 4237 terra,
2803 4180 2859 4227 et
2885 4187 3007 4243 quae
3046 4173 3102 4227 in
3133 4173 3215 4228 eis
3235 4182 3396 4239 sunt,
3433 4174 3490 4228 in
3513 4175 3643 4228 visi-

2064 4261 2274 4316 tatione
2304 4261 2964 4349 ejus,eommovebtmtur.
2998 4260 3129 4319 Vias
3155 4262 3306 4320 illius
3329 4265 3454 4336 quis
3478 4263 3642 4320 intel-

2063 4352 2231 4424 liget?
2257 4353 2527 4420 Procella,
2558 4369 2725 4425 quam
2766 4370 2878 4409 non
2903 4355 3115 4411 videbit
3150 4355 3349 4425 homo;
3373 4365 3430 4412 et
3457 4356 3642 4431 plera-

384 4436 671 4508 ἇνθρωπος
690 4451 705 4467 ο
734 4435 829 4488 καὶ
865 4433 936 4487 τὰ
962 4421 1182 4487 πλείονα
1214 4431 1324 4487 τῶν
1344 4430 1520 4500 ἔργων
1548 4429 1713 4485 αὐτοῦ
1745 4433 1802 4485 ἐν
1823 4433 1950 4486 ἀπο-

2084 4421 2175 4513 ιυο
2204 4445 2325 4515 ejus
2352 4421 2592 4515 operum
2618 4445 2942 4501 abscondita
2964 4454 3112 4503 sunt.

386 4530 639 4600 κρόφοις.

455 4620 672 4674 Βασιλ.
694 4647 765 4659 -—
788 4617 903 4670 Πᾶν
931 4616 1069 4687 ὅπερ
1113 4617 1196 4682 είς
1231 4618 1379 4688 ἡμᾶς
1412 4618 1475 4671 ὲκ
1500 4614 1651 4680 θείας
1678 4615 1962 4688 δυνάμεως

387 4708 595 4779 ἀγαθὸν
619 4708 820 4780 φθάσῃ,
858 4707 957 4776 τῆς
994 4698 1173 4763 πάντα
1204 4707 1534 4779 ἐνεργούσης
1566 4707 1787 4778 χάριτος
1810 4707 1964 4778 ἐνέρυ

388 4818 545 4871 γειαν
576 4798 714 4854 εἷναί
743 4816 946 4870 φαμεν.
1722 4865 1729 4873 _

458 4894 629 4949 οὐδὲν
665 4892 1002 4964 ἀπρονόητον
1023 4891 1144 4945 οὐδὲ
1172 4891 1517 4963 ἠμελημένον
1547 4892 1698 4963 παρά
1727 4892 1805 4963 τῷ
1826 4892 1965 4963 Θεῷ.

392 4984 576 5040 Πάντα
636 4980 894 5036 σκοπεύει
971 4982 1000 5034 ὁ
1064 4981 1366 5051 ἀκοίμητος
1437 4981 1753 5052 ὀφθαλμός·
1833 4984 1967 5035 πᾶσι

393 5070 646 5139 πάρεστι,
687 5069 928 5140 πορίζων
962 5069 1179 5139 ἑκάστῳ
1208 5068 1307 5140 τὴν
1343 5069 1638 5141 σωτηρίαν.

461 5252 724 5305 Θεολ.-
768 5249 1038 5313 Πολλάκις
1081 5245 1418 5318 παραδόξους
1457 5246 1733 5318 σωτηρίας
1761 5245 1868 5302 οἶδε
1906 5248 1967 5302 τὸ

391 5342 543 5396 θεῖον
578 5343 943 5412 καινοτομεῖν,
989 5340 1143 5396 νεῦον
1189 5340 1325 5410 πρὸς
1377 5340 1436 5397 τὸ
1475 5341 1859 5413 φιλάνθρωπον
1897 5343 1964 5413 τῇ

392 5434 585 5491 ἑαυτοῦ
620 5432 867 5504 προνοίᾳ.

459 5525 1058 5596 Χρυσοστ.-Ούδεὶς
1099 5523 1272 5590 οὕτως
1334 5524 1527 5580 ἑαυτοῦ
1582 5527 1841 5595 φείδεται,
1895 5528 1971 5593 ὡς

2137 4620 2351 4677 Basilii.
2380 4653 2449 4664 -
2473 4621 2754 4693 Quidquid
2786 4623 2918 4685 boni
2962 4640 3031 4680 ex
3062 4625 3248 4682 divina
3292 4629 3539 4698 potentia
3580 4631 3646 4684 ad

2069 4731 2172 4772 nos
2198 4717 2369 4782 venit,
2412 4714 2468 4771 id
2491 4717 2676 4788 gratia:
2699 4718 2883 4773 omnia
2912 4719 3197 4789 operantis
3237 4720 3497 4778 eﬂ‘eetum
3528 4736 3651 4781 esse

2074 4806 2355 4882 dicimus,
2633 4805 2637 4809 ’
3292 4870 3315 4891 .

2143 4899 2293 4954 Nihil
2321 4899 2465 4970 apud
2494 4900 2667 4955 Deum
2701 4917 2811 4957 non
2836 4904 3154 4974 provisum;
3186 4905 3327 4963 nihil
3354 4902 3477 4980 ejus
3506 4905 3656 4962 curis

2074 4991 2470 5047 substractum.
2528 4990 2725 5048 Omnia
2769 4992 2923 5050 videt
2971 4996 3364 5068 insoporahilis
3416 4997 3649 5062 oculus;

2074 5080 2334 5138 omnibus
2363 5083 2541 5150 adest,
2573 5085 2828 5155 praebens
2851 5087 3086 5161 singulis
3105 5088 3253 5160 quod
3305 5088 3654 5143 incolumita-

2077 5181 2185 5228 tem
2207 5181 2452 5243 praestet.

2146 5266 2408 5338 Tlieologi.
2440 5298 2511 5308 —
2536 5268 2719 5325 Novas
2737 5269 2883 5325 haud
2912 5285 3039 5327 raro
3063 5279 3120 5325 et
3155 5272 3432 5327 inauditas
3459 5271 3653 5329 salutis

2072 5353 2190 5408 vias
2219 5355 2363 5409 Deus
2395 5357 2643 5425 proferre
2684 5359 2858 5423 novit,
2915 5360 3261 5429 providentia
3304 5376 3404 5416 sua
3429 5361 3507 5417 ad.
3546 5363 3652 5416 hu-

2079 5447 2399 5501 manitatem
2425 5464 2489 5503 ac
2522 5449 2868 5503 clementiam
2904 5450 3194 5508 inclinans.

2152 5534 2416 5606 Clu-ysost.
2444 5567 2515 5579 —
2544 5538 2716 5593 Nemo
2747 5539 2824 5594 sic
2851 5539 2968 5611 ipse
3003 5556 3130 5613 erga
3172 5542 3414 5614 scipsum
3463 5541 3651 5600 induis

1690 5643 1925 5703 VAltl/E
1954 5626 2357 5707 lacrimes.

465 5737 488 5769 ⁸
518 5737 580 5792 Β.
625 5736 715 5802 ἐπὶ
740 5737 802 5790 τό
896 5737 918 5770 ⁹
947 5738 1106 5795 Gesn.
1135 5736 1196 5791 .in
1250 5735 1374 5791 Mel.
1423 5735 1758 5806 Θεοφυλάκτ.

1839 5743 1883 5775 ¹⁰
1916 5744 1972 5800 In
2022 5746 2187 5803 Gesn.
2238 5746 2390 5803 Sto‘b.
2420 5747 2546 5807 286.
