3990 6396
439 400 540 463 947

1601 392 1662 454 S.
1703 388 1992 453 MAXIMI
2037 383 2548 453 CONFESSORIS

3622 383 3721 446 918

511 503 775 558 Socratis.
808 531 874 542 -—
904 497 964 555 In
997 498 1348 570 navigatione
1390 497 1878 571 obtemperantium
1923 512 2025 569 gu-
2059 555 2060 560 η

2203 505 2539 577 Σωκράτης.
2562 503 2734 560 -Ἐν
2761 503 2862 576 μὲν
2888 502 2968 574 τῷ
3001 501 3184 569 πλεῖν,
3213 466 3518 551 πείθεσθαι
3542 495 3622 550 δεῖ
3652 497 3724 571 τῷ

441 599 746 666 bernatori;
794 597 850 654 in
897 596 1042 669 vita,
1089 598 1142 654 ei
1192 595 1284 667 qui
1333 593 1628 667 plurimum
1676 593 1886 659 ratione
1935 603 2032 648 va-

427 697 440 751 l
459 689 622 747 uerit.

985 822 1144 896 εει
1181 823 1411 881 εειιιιο
1439 825 1502 880 1..

1064 937 1144 994 De
1185 939 1416 996 medicis.

524 1046 720 1106 Matth.
751 1066 826 1118 ix,
861 1049 950 1105 12.
970 1079 1043 1092 —--
1071 1051 1193 1106 Non
1225 1060 1313 1108 est
1335 1068 1478 1124 opus
1501 1052 1817 1109 valentibus
1855 1052 2034 1108 medi-

454 1158 570 1205 cus,
596 1143 692 1198 sed
718 1143 862 1199 male
901 1142 1260 1200 habentibus.

524 1233 683 1288 Hebr.
716 1251 810 1299 xu,
846 1233 932 1289 I3.
973 1263 1047 1275 —
1075 1233 1310 1290 Gressus
1348 1241 1532 1290 rectos
1583 1233 1746 1288 facite
1802 1233 2038 1303 pedibus

456 1327 676 1394 vestris,
708 1338 772 1384 ut
811 1342 922 1383 non
950 1327 1274 1384 claudicans
1293 1327 1419 1398 quis
1445 1334 1619 1391 erret,
1648 1327 1824 1398 magis
1851 1335 2036 1381 autem

455 1425 708 1470 sanetur.

529 1507 693 1563 Eccli.
749 1525 972 1575 xxxvm,
1015 1509 1070 1564 5.
1128 1541 1198 1551 -
1243 1509 1486 1567 Scientia
1533 1508 1732 1564 medici
1775 1507 2043 1562 exaltabit

458 1609 626 1669 caput
662 1601 805 1672 ejus,
825 1609 882 1657 et
917 1602 971 1656 in
993 1611 1298 1672 conspectu
1329 1609 1646 1675 maguatum
1680 1600 2040 1670 saepieietur.

528 1690 688 1746 Prov.
733 1708 840 1758 xiv,
871 1692 960 1747 50.
985 1722 1056 1732 -
1079 1693 1398 1748 Mansuetus
1420 1693 1525 1758 vir,
1555 1691 1742 1748 cordis
1767 1689 2040 1744 medicus.

533 1780 738 1838 Basilii.
773 1814 844 1823 —
868 1783 1060 1852 Neque
1087 1783 1317 1840 omnino
1373 1783 1634 1855 fugienda
1664 1798 1756 1837 ars
1804 1781 2042 1847 medica,

2135 599 2447 673 κυϐερνήτῃ
2469 616 2482 630 °
2517 600 2575 655 tv
2603 598 2663 654 δὲ
2691 596 2772 669 τῷ
2803 597 2934 668 ζῇν,
2969 593 3048 668 τῷ
3075 589 3408 664 λογίζεσθαι
3441 589 3722 663 δυναμένῳ

2137 691 2370 763 βέλτιον.

2709 847 2930 903 ΛΟΓΟΣ
2965 846 3026 900 N'
3062 845 3128 902 ¹¹.

2261 1029 2265 1034 ,
2705 961 2844 1032 Περὶ
2899 960 3139 1031 ἰατρῶν.

2179 1081 2394 1134 Ματθ.
2433 1082 2502 1134 θ’.
2538 1075 2706 1131 -Οὔ
2758 1045 2952 1148 χρείαν
3004 1072 3230 1145 ἔχουσιν
3293 1073 3350 1126 ot
3399 1068 3736 1140 ὑγιαίνοντες

2143 1169 2352 1236 ἰατροῦ,
2389 1169 2506 1223 ἀλλ’
2529 1170 2578 1222 οί
2606 1166 2791 1230 κακῶς
2820 1165 3059 1236 ἔχοντες.

2223 1259 2444 1324 Ἐϐραί.
2515 1257 2612 1323 ιβ’.
2643 1285 2713 1297 -
2743 1253 2980 1328 Τροχίας
3043 1253 3214 1325 ὀρθάς
3289 1252 3571 1324 ποιήσατε
3631 1252 3740 1315 τοῖς

2143 1357 2300 1408 ποσὶν
2349 1353 2522 1425 ὑμῶν,
2568 1353 2656 1406 ἵνα
2705 1349 2782 1423 μὴ
2819 1349 2880 1403 τὸ
2921 1347 3094 1419 χωλὸν
3135 1347 3401 1416 ἐκτραπῇ
3435 1385 3452 1410 ,
3509 1345 3634 1415 ἰαθῇ
3687 1343 3740 1397 δὲ

2145 1445 2364 1516 μᾶλλον.

2217 1537 2342 1601 Σιρ.
2375 1536 2490 1602 λη’.
2516 1563 2586 1574 -
2613 1533 2837 1604 Ἐπιστὴ
2849 1551 2923 1604 μη
2951 1530 3140 1606 ἰατροῦ
3172 1527 3469 1596 ἀνυψώσει
3502 1527 3742 1600 κεφαλὴν

2143 1624 2309 1678 αὐτοῦ
2329 1642 2342 1655 ⁸
2375 1627 2472 1680 καὶ
2502 1623 2684 1678 ἔναντι
2718 1623 3063 1695 μεγιστάνων
3091 1619 3674 1694 θαυμαστωθήσεται.

2217 1720 2462 1788 Παροιμ.
2489 1717 2581 1774 ιδ’.
2609 1748 2679 1758 —
2698 1717 3028 1790 Πραῦθυμος
3059 1713 3222 1786 ἀνὴρ,
3259 1713 3508 1786 καρδίας
3539 1711 3740 1781 ἰατρός.

2213 1809 2562 1864 Βασιλείου.
2592 1837 2664 1849 -
2691 1807 2830 1862 Οὔτε
2856 1809 3122 1878 φευκτέον
3151 1807 3342 1876 πάντη
3389 1803 3496 1876 τὴν
3527 1803 3740 1873 τέχνην,

463 1889 564 1931 nec
595 1889 728 1928 vero
753 1889 853 1944 par
871 1884 978 1939 est,
1016 1883 1078 1930 ut
1104 1883 1323 1931 nostras
1363 1889 1560 1930 omnes
1594 1873 1654 1929 in
1697 1888 1820 1930 eam
1867 1874 2046 1946 jacte-

2182 1900 2276 1956 ὗτε
2303 1903 2392 1958 ἐπ’
2418 1903 2555 1975 αὐτῇ
2583 1903 2764 1967 πάσας
2804 1873 2902 1967 τὰς
2934 1902 3159 1966 ἐλπίδας
3211 1873 3368 1971 ἔχειν
3411 1873 3740 1952 ἀκόλουθον·

463 1981 587 2021 mus
621 1981 766 2036 spes.
809 1965 938 2030 Sed,
973 1967 1118 2022 sicut
1171 1968 1383 2021 utimur
1425 1966 1654 2038 quidem
1691 1965 2048 2038 agricultura,

465 2073 594 2112 cum
622 2065 806 2114 tamen
830 2070 860 2113 a
886 2056 1000 2111 Deo
1031 2055 1247 2113 fructus
1267 2064 1558 2128 petamus;
1604 2064 1662 2113 et
1689 2055 2050 2128 gubernatori

467 2152 686 2206 clavum
741 2148 1044 2213 credimus,
1087 2149 1185 2205 sed
1235 2165 1268 2206 a
1317 2150 1433 2205 Deo
1484 2165 1516 2207 a
1565 2149 1760 2221 pelago
1819 2144 2052 2202 liberari

469 2239 860 2310 exposcimus;
889 2239 972 2295 sic
995 2248 1050 2295 et
1079 2239 1354 2296 medicum
1381 2241 1732 2306 adhibentes,
1758 2241 1828 2296 ab
1851 2255 1914 2296 ea
1933 2253 2050 2310 spe,

469 2352 594 2406 qua:
616 2343 702 2391 est
732 2335 788 2390 in
822 2336 1018 2402 Deum,
1047 2351 1160 2392 non
1193 2336 1564 2392 abscedimus.

543 2427 804 2484 Indoctus
832 2427 1084 2484 medicus
1114 2427 1184 2482 ad
1212 2437 1448 2500 aegrotos
1489 2429 1786 2496 admissus,
1850 2425 2054 2484 nedum

470 2522 765 2579 sanitatem
806 2521 916 2576 illis
957 2537 1068 2576 non
1115 2521 1392 2587 restituet,
1429 2537 1624 2578 verum
1682 2522 1850 2578 etiam
1905 2521 2056 2596 quod

468 2613 733 2684 exiguum
763 2613 875 2668 illis
901 2613 1104 2668 virium
1144 2623 1408 2684 superest
1437 2613 1674 2670 auferet.

545 2704 807 2778 Tlteologi.
837 2735 907 2746 -—
935 2704 1192 2761 Nostram
1229 2705 1590 2771 medicinam,
1642 2721 1706 2760 ea
1741 2722 1864 2774 qua:
1911 2705 2059 2760 eirea

471 2811 675 2866 corpus
713 2804 992 2860 versatur,
1045 2795 1207 2868 longe
1264 2795 1632 2850 dimciliorem
1683 2805 1839 2866 puto,
1893 2803 2058 2864 atque

475 2887 683 2942 ideirco
708 2887 1202 2948 honorabiliorem.
1229 2885 1377 2956 quod
1429 2887 1543 2954 illa,
1578 2899 1753 2956 pauca
1807 2884 2058 2955 quaedam

474 2983 529 3042 in
569 2979 842 3052 profundo
874 2979 1103 3034 latentia
1154 2979 1538 3046 considerans,
1575 2978 1878 3049 plurimum
1913 2977 2059 3032 circa

473 3088 561 3135 ea,
601 3087 724 3141 quae
748 3071 853 3126 sub
885 3073 1080 3125 oculos
1114 3068 1342 3134 eadunt,
1396 3079 1680 3134 versetur;
1729 3071 1832 3124 tios
1875 3077 2058 3122 autem

476 3159 698 3218 uccuito
722 3162 906 3218 cordis
948 3161 1172 3220 homine
1206 3161 1453 3216 sanando
1483 3176 1646 3216 omne
1695 3161 1938 3216 studium
1990 3171 2056 3214 ae

478 3270 668 3310 curam
709 3247 1002 3325 ponamus.

479 3363 722 3435 Indigna,
753 3371 913 3435 atque
948 3365 1079 3422 mali
1102 3365 1448 3428 insatiabilis,
1473 3365 1656 3420 ulcera
1687 3365 1886 3430 celans,

585 3422 782 3505 Infelix.
803 3422 1012 3506 semper
1038 3440 1219 3506 putria
1251 3422 1484 3490 membra
1509 3445 1674 3510 geret.

553 3550 824 3623 Chrysost.
853 3580 923 3592 --
953 3551 1225 3608 Existimo
1251 3567 1365 3608 non
1399 3551 1624 3619 frustra,
1657 3566 1763 3608 nec
1786 3552 1890 3608 nisi
1917 3553 2065 3624 justa

485 3644 701 3704 ratione
733 3645 994 3702 statuisse
1031 3655 1253 3702 veteres
1281 3637 1552 3712 medicos,
1607 3653 1670 3701 ut
1716 3638 2064 3702 diversorum

378 3803 384 3811 .
481 3735 548 3790 ad
573 3744 748 3792 artem
774 3737 1046 3792 medicam
1076 3752 1142 3793 ac
1167 3737 1538 3809 chirurgieam
1567 3737 2068 3794 instrumentorum

481 3829 756 3885 exhibitio
801 3844 987 3885 coram
1030 3845 1096 3885 ac
1144 3830 1371 3900 publice
1419 3830 1598 3895 ﬁeret,
1640 3845 1752 3902 quo
1802 3831 2070 3886 nimirum

480 3937 580 3976 eos
617 3921 712 3992 qui
742 3922 861 3976 sani
895 3928 1084 3978 essent
1107 3922 1386 3978 cautiores
1415 3921 1738 3988 redderent,
1786 3937 2069 3994 praemon-

484 4007 728 4070 strantes
771 4013 994 4082 quantis
1052 4013 1164 4070 illis
1206 4028 1370 4084 opus,
1425 4014 1472 4070 si
1521 4014 1906 4085 incomposite,
1967 4029 2073 4070 nec

482 4105 628 4174 justa
663 4103 798 4158 satis
821 4103 1003 4158 victus
1025 4103 1262 4170 ratione,
1289 4103 1528 4175 egerint.

498 4224 502 4227 -
559 4195 718 4268 Greg.
773 4194 930 4268 Nysa.
961 4225 1036 4238 -—
1063 4195 1282 4264 Quanto
1332 4196 1694 4268 priestantior
1730 4205 1815 4252 est
1865 4198 2072 4260 anima,

487 4303 653 4358 quam
701 4303 926 4358 corpus,
970 4296 1124 4344 tanto
1163 4289 1388 4346 cbarior
1440 4289 1724 4361 plurisque
1785 4290 2076 4346 faciendus

487 4381 585 4452 qui
649 4381 904 4437 medetur
973 4381 1295 4448 animabus,
1355 4398 1522 4454 quam
1579 4383 1676 4454 qui
1742 4384 2075 4454 corporibus

491 4487 682 4530 curam
709 4471 1028 4529 conferunt.

2153 1993 2273 2048 ἀλλ’
2304 1994 2380 2058 ὡς
2415 1995 2734 2066 κεχρήμεθα
2764 1993 2865 2063 μὲν
2895 1996 2962 2064 τῇ
2995 1993 3282 2064 γεωργικῇ
3311 2007 3324 2019 °
3355 1987 3667 2058 αἰτούμεθα
3691 1985 3744 2040 δὲ

2154 2087 2308 2158 παρὰ
2331 2086 2410 2158 τῷ
2436 2087 2557 2159 Θεῷ
2581 2089 2708 2150 τοὺς
2735 2087 3009 2157 καρπούς·
3041 2085 3136 2138 καὶ
3188 2082 3269 2153 τῷ
3297 2081 3626 2152 κυϐερνήτῃ
3656 2079 3744 2149 μὲν

2156 2180 2217 2234 τὸ
2243 2172 2508 2252 πηδάλιον
2534 2179 2924 2250 ἐπιτρέπομεν,
2977 2176 3056 2248 τῷ
3083 2176 3204 2248 Θεῷ
3231 2177 3293 2230 δὲ
3322 2169 3748 2246 προσευχόμεθα

2157 2273 2223 2326 ἐκ
2248 2271 2342 2324 τοῦ
2374 2271 2648 2342 πελάγους
2691 2269 3046 2340 ἀποσωθῆναι
3073 2309 3087 2334 ,
3121 2267 3270 2322 οὕτω
3303 2267 3404 2320 καὶ
3435 2265 3530 2320 τὸν
3575 2262 3746 2332 ἰατρὸν

2158 2365 2496 2433 εἰσάγοντες,
2525 2366 2626 2436 τῆς
2653 2363 2789 2435 πρὸς
2812 2362 2944 2416 Θεὸν
2975 2361 3194 2426 ἐλπίδος
3222 2360 3332 2416 οὐκ
3362 2355 3742 2430 ἀφιστάμεθα.

2242 2456 2656 2526 Ἀνεπιστήμων
2714 2453 2898 2526 ἰατρὸς
2951 2452 3087 2526 πρὸς
3153 2451 3482 2522 κάμνοντας
3535 2444 3743 2511 εἰσιὼν,

2160 2547 2280 2601 om
2325 2547 2420 2600 τοῦ
2447 2548 2528 2610 είς
2553 2545 2744 2616 ὑγείαν
2771 2545 2968 2608 αὐτοὺς
2997 2545 3410 2614 ἐπαναγαγεῖν,
3451 2539 3551 2592 καὶ
3573 2537 3634 2591 τὸ
3669 2553 3748 2606 μι·

2162 2639 2294 2710 κρὸν
2321 2639 2569 2709 λείψανον
2598 2639 2696 2709 τῆς
2717 2637 3006 2706 δυνάμεως
3039 2637 3390 2708 ἀφαιρεῖται.
3435 2631 3446 2640 ’

2234 2733 2476 2803 Θεολόγ.
2507 2760 2578 2772 --
2603 2731 2714 2802 Τὴν
2747 2730 2868 2785 καθ’
2907 2731 3058 2802 ἡμᾶς
3094 2729 3355 2801 ἰατρικὴν
3391 2727 3498 2796 τῆς
3528 2725 3657 2798 περὶ
3683 2725 3745 2778 τά

2167 2805 2393 2896 σώματα
2415 2822 2825 2894 ἐργωδεστέραν
2847 2821 3070 2892 τίθεμαι
3095 2819 3321 2894 μακρῷ,
3349 2820 3451 2873 καὶ
3483 2819 3572 2872 διὰ
3594 2815 3744 2893 τοῦτο

2119 2933 2124 2939 ’
2161 2915 2497 2988 τιμιωτέραν
2519 2931 2532 2946 ο
2564 2913 2660 2970 καὶ
2679 2914 2762 2968 ὅτι
2792 2913 3037 2977 ἐκείνους
3067 2911 3371 2981 ὀλίγα-τῶν
3398 2912 3458 2964 ὲν
3487 2907 3568 2980 τῷ
3601 2905 3744 2979 βάθει

2165 3005 2564 3060 κατοπτεύουσι
2593 3043 2610 3070 ,
2660 3005 2790 3076 περὶ⁵
2838 3003 2900 3058 τὺ
2959 3003 3286 3074 φαινόμενον
3423 3001 3609 3054 πλεῖον
3653 2998 3744 3067 τῆς

2165 3097 2553 3169 πραγματείας
2569 3113 2580 3127 ·
2603 3097 2736 3166 ἡμῖν
2763 3095 2819 3149 δὲ
2843 3095 2974 3166 περὶ
2999 3094 3093 3147 τὸν
3117 3094 3366 3165 κρυπτὸν
3392 3095 3495 3164 τῆς
3526 3088 3745 3164 καρδίας

2090 3216 2132 3274 C
2169 3189 2454 3260 ἄνθρωπον
2489 3190 2520 3258 ἡ
2553 3189 2703 3243 πᾶσα
2728 3187 2996 3256 θεραπεία
3029 3202 3086 3238 τε
3112 3182 3470 3254 καὶσπουδή.

2167 3394 2427 3466 Χρηῒζων
2463 3393 2752 3466 :taoéeojq‘
2783 3390 3126 3466 dxepég‘tmc
3147 3390 3214 3466 'f,
3241 3386 3510 3466 ﬂat-atomi:
3548 3383 3744 3450 κεύθῃ,

2241 3459 2472 3521 Οὔποτε
2503 3464 2816 3533 σηπεδόνα
2841 3459 3124 3533 φεύξεται
3154 3459 3492 3531 ἀργαλέην.

2240 3581 2547 3648 Χρυσοστ.
2587 3607 2654 3618 —-
2689 3572 2858 3648 Οἶμαι
2905 3576 3032 3640 τοὺς
3080 3574 3348 3647 ἀρχαίους
3396 3571 3506 3626 τῶν
3557 3564 3746 3638 ἰατρῶν

2169 3673 2270 3744 οὐχ
2307 3671 2498 3734 ἁπλῶς
2525 3669 2648 3723 οὐδὲ
2681 3667 2895 3736 ἀλόγως
2937 3666 3302 3738 νομοθετῆσαι
3331 3656 3747 3736 δημοσιεὺεσθαι

2171 3767 2270 3836 τὴν
2323 3763 2434 3818 τῶν
2480 3761 2741 3820 ποικίλων
2789 3760 3092 3832 ἐργαλείων
3141 3758 3444 3824 ἐπίδειξινο
3507 3751 3621 3810 ἀλλ’
3667 3749 3744 3803 ἵνα

2171 3856 2324 3926 τοὺς,
2347 3854 2688 3922 ὑγιαίνοντας
2727 3851 3137 3922 ἅσφαλίζωνται
3161 3893 3176 3916 ,
3207 3845 3630 3922 προδεικνύντες
3658 3840 3746 3898 αὖ·

2172 3947 2282 4009 τοῖς
2311 3943 2528 3998 ὁπόσων
2554 3941 2920 4006 ἀτακτοῦντες
2947 3941 3256 4013 δεήσονται.

2250 4211 2435 4280 Γρηγ.
2463 4207 2738 4272 Νύσσης.
2763 4230 2831 4270 τι·
2865 4205 3033 4258 Ὅσον
3068 4205 3324 4274 κρεῖσσον
3349 4202 3498 4273 ψυχη
3529 4195 3620 4252 τοῦ
3649 4189 3748 4249 σώο

2181 4316 2386 4369 ματος,
2429 4297 2674 4368 τοσούτῳ
2715 4294 3045 4366 τιμιώτερος
3081 4294 3191 4348 τῶν
3235 4293 3304 4348 τὰ
3336 4291 3570 4364 σώματα.
3602 4286 3746 4356 θερα⁸

2181 4390 2480 4458 πευόντων,
2508 4391 2538 4444 ὀ
2563 4389 2662 4452 τὰς
2694 4386 2872 4460 ψυχάς
2899 4386 3218 4459 ἐξιώμενος.

565 4567 794 4638 Didymi.
845 4594 914 4608 —-
965 4565 1278 4624 Perfectum
1325 4567 1604 4624 medicum
1649 4567 1910 4631 dicimus,
1962 4581 2060 4620 nou

2257 4569 2534 4638 Διδύμου.
2590 4595 2662 4610 --
2709 4565 2929 4621 Τέλειον
2995 4561 3180 4636 ἰατρὸν
3230 4563 3486 4634 λέγομεν,
3547 4557 3608 4614 οὐ
3664 4552 3746 4608 τὸν

490 4659 587 4729 qui
615 4674 809 4714 omnes
831 4666 1010 4725 sanat,
1034 4657 1129 4714 sed
1159 4658 1257 4730 qui
1287 4659 1427 4714 nihil
1449 4658 1662 4716 omittit
1713 4673 1934 4724 eorum,
1959 4673 2060 4728 qua

2186 4663 2560 4736 θεραπεύοντα
2591 4659 2802 4722 πάντας
2821 4699 2836 4724 ,
2877 4658 3014 4712 ἀλλὰ
3053 4657 3143 4711 τίν
3179 4641 3343 4728 μηδέν
3369 4654 3476 4709 τῶν
3507 4653 3586 4715 είς
3617 4644 3748 4716 ὠφέ·

494 4751 560 4809 ad
593 4751 722 4822 aegri
759 4751 1054 4807 utilitatem
1085 4767 1390 4824 curamque
1419 4751 1766 4824 pertineant.
1792 4765 1796 4768 ·

568 4841 866 4914 Trophilus.
900 4871 970 4884 —
998 4843 1241 4916 Rogatus
1273 4843 1575 4915 Trophilus
1605 4842 1892 4908 medicus,
1932 4841 2084 4914 quis-

499 4948 622 4988 nam
644 4933 716 4988 sit
761 4933 1038 5004 perfectus
1071 4935 1358 4992 medicus:
1400 4935 1474 5003 Is,
1532 4935 1735 5004 inquit,
1768 4933 1934 5006 652
1987 4933 2082 5005 qui

496 5043 563 5082 ea
593 5041 715 5096 qua:
744 5023 956 5098 possint
1001 5025 1146 5096 ﬁeri,
1200 5041 1394 5100 quaeve
1425 5042 1542 5083 non
1593 5025 1832 5098 possint,
1886 5025 2084 5097 digno-

496 5117 663 5174 verit.

569 5201 802 5257 Neoclls.
831 5234 900 5244 —-
939 5204 1198 5270 Neocles,
1247 5205 1392 5262 malo
1437 5203 1678 5274 quodam
1724 5204 1944 5260 medico
1991 5220 2088 5276 po-

501 5294 730 5351 tentiam
757 5295 1034 5366 jactante:
1072 5298 1187 5362 Nae,
1243 5297 1446 5368 inquit,
1501 5296 1808 5368 potentiam
1841 5299 2088 5368 iactave-

503 5386 598 5452 ris,
638 5388 734 5458 qui
766 5400 875 5444 tam
907 5391 1359 5462 multosimpune
1385 5386 1696 5447 austuleris.

572 5566 722 5624 Idem
748 5567 939 5626 felices
979 5541 1225 5626 medicos
1271 5569 1512 5637 dicebat,
1555 5569 1704 5642 quod
1741 5585 1936 5626 eorum
1966 5573 2088 5642 qui-

2182 4752 2335 4806 λειαν
2361 4743 2604 4824 ἤκόντων
2633 4750 2730 4804 καὶ
2759 4748 3065 4822 θεραπείαν
3098 4746 3529 4820 παραλείποντα.

2261 4823 2570 4914 Τρόφιλος.
2624 4873 2696 4884 —
2741 4841 3010 4914 Τρόφιλος
3069 4839 3252 4912 ἰατρὸς
3303 4835 3600 4910 ἐρωτηθεὶς
3651 4823 3747 4884 ὑπό

2183 4953 2348 5002 τινος,
2385 4937 2482 5000 Τίς
2515 4935 2582 4989 ἂν
2618 4934 2827 5002 γένοιτο
2857 4932 3066 4996 τέλειος
3103 4931 3310 5004 ἰατρὸς,
3349 4931 3409 4986 '0
3437 4929 3508 4983 τὰ
3537 4918 3743 4986 δυνατὰ,

2187 5029 2314 5102 ἔφη,
2347 5028 2440 5102 καὶ
2471 5028 2540 5082 τά
2567 5027 2642 5099 μὴ
2666 5025 2870 5081 δυνατά
2902 5025 3204 5098 δυνάμενος
3232 5023 3628 5096 διαγινώσκειν.

2260 5205 2652 5273 Νικοκλέους.
2701 5235 2774 5246 -
2811 5202 3090 5274 Νικοκλῆς
3131 5200 3307 5257 κακοῦ
3365 5215 3511 5264 τινος
3575 5185 3742 5262 ἰατροῦ

2189 5303 2468 5371 λέγοντος,
2497 5300 2580 5354 ὅτι
2611 5279 2857 5370 μεγάλὴν
2889 5294 3004 5368 ἔχει
3032 5293 3288 5367 δύναμιν,
3325 5294 3426 5365 ἔφη
3457 5332 3462 5338 .
3495 5289 3616 5350 Πῶς
3645 5281 3740 5352 γὰρ

2191 5393 2250 5446 οὗ
2281 5389 2498 5464 μέλλεις
2519 5389 2724 5459 λέγειν,
2753 5387 2812 5454 ὃς
2836 5387 3126 5452 τοσούτους
3160 5383 3449 5461 ἀνῃρηκὼς
3471 5377 3741 5438 ἀδεύθυνος

2193 5484 2423 5553 γέγονας
2439 5497 2456 5549 ;

2274 5549 2331 5628 Ὅ
2359 5571 2522 5636 αὐτὸς
2564 5570 2691 5636 τοὺς
2743 5569 2964 5643 ἰατροὺς
3015 5567 3264 5641 εὐτυχεῖς
3292 5568 3495 5639 ἔλεγεν,
3533 5559 3611 5616 ὅτι
3649 5549 3738 5612 τὰς

1814 5731 2043 5788 VARUE
2082 5729 2489 5790 LECTIONES.

575 5841 622 5876 “
642 5841 732 5899 Est
765 5842 818 5898 in
845 5842 1008 5899 Gesn.
1043 5843 1193 5901 Stob.
1231 5847 1360 5903 ΜΞ.
1399 5923 1403 5926 ⁴
1443 5848 1486 5928 ί³
1518 5848 1578 5902 Β.
1623 5847 1884 5904 πάθεσειν
1939 5851 2252 5923 ἀκέστοοος.
