  <div class='ocr_page' id='page_1' title='image "/cluster/home/n/w/nwhite01/storage/ocr_20150623/91:no.2/coo.31924054869957/499.png"; bbox 0 0 3990 6406; ppageno 0'>
   <div class='ocr_carea' id='block_1_1' title="bbox 411 359 3709 443">
    <p class='ocr_par' dir='ltr' id='par_1_1' title="bbox 411 359 3709 443">
     <span class='ocr_line' id='line_1_1' title="bbox 411 359 3709 443; baseline -0.006 -9"><span class='ocrx_word' id='word_1_1' title='bbox 411 366 511 434; x_wconf 79' lang='lat'><strong>951</strong></span> <span class='ocrx_word' id='word_1_2' title='bbox 1545 363 1606 422; x_wconf 91' lang='lat' dir='ltr'><strong>s.</strong></span> <span class='ocrx_word' id='word_1_3' title='bbox 1645 361 1934 422; x_wconf 76' lang='lat' dir='ltr'><strong>MAXIMI</strong></span> <span class='ocrx_word' id='word_1_4' title='bbox 1974 359 2488 443; x_wconf 79' lang='lat' dir='ltr'><strong>CONFESSORIS</strong></span> <span class='ocrx_word' id='word_1_5' title='bbox 3243 371 3246 375; x_wconf 56' lang='grc' dir='ltr'><strong>λ</strong></span> <span class='ocrx_word' id='word_1_6' title='bbox 3605 362 3709 428; x_wconf 65' lang='lat'><strong>95,2</strong></span> 
     </span>
    </p>
   </div>
   <div class='ocr_carea' id='block_1_2' title="bbox 479 471 2055 558">
    <p class='ocr_par' dir='ltr' id='par_1_2' title="bbox 479 473 2055 558">
     <span class='ocr_line' id='line_1_2' title="bbox 479 473 2055 558; baseline -0.011 -13"><span class='ocrx_word' id='word_1_7' title='bbox 479 489 584 558; x_wconf 86' lang='lat' dir='ltr'><strong>Qui</strong></span> <span class='ocrx_word' id='word_1_8' title='bbox 617 485 910 556; x_wconf 77' lang='lat' dir='ltr'><strong>religiosus</strong></span> <span class='ocrx_word' id='word_1_9' title='bbox 945 481 1002 535; x_wconf 85' lang='lat' dir='ltr'>in</span> <span class='ocrx_word' id='word_1_10' title='bbox 1047 479 1222 533; x_wconf 90' lang='lat' dir='ltr'><strong>Deum</strong></span> <span class='ocrx_word' id='word_1_11' title='bbox 1253 490 1320 530; x_wconf 90' lang='lat' dir='ltr'><strong>ac</strong></span> <span class='ocrx_word' id='word_1_12' title='bbox 1353 474 1536 530; x_wconf 81' lang='lat' dir='ltr'>lidelis</span> <span class='ocrx_word' id='word_1_13' title='bbox 1569 475 1662 539; x_wconf 91' lang='lat' dir='ltr'><strong>sit,</strong></span> <span class='ocrx_word' id='word_1_14' title='bbox 1720 474 1801 530; x_wconf 90' lang='lat' dir='ltr'><strong>sic</strong></span> <span class='ocrx_word' id='word_1_15' title='bbox 1835 473 1993 528; x_wconf 83' lang='lat' dir='ltr'><strong>ﬁrmo</strong></span> <span class='ocrx_word' id='word_1_16' title='bbox 2025 476 2055 532; x_wconf 73' lang='grc' dir='ltr'><strong><em>Α</em></strong></span> 
     </span>
    </p>
   </div>
   <div class='ocr_carea' id='block_1_3' title="bbox 2135 471 3711 558">
    <p class='ocr_par' dir='ltr' id='par_1_3' title="bbox 2168 471 3711 551">
     <span class='ocr_line' id='line_1_3' title="bbox 2168 471 3711 551; baseline -0.003 -22"><span class='ocrx_word' id='word_1_17' title='bbox 2168 477 2272 530; x_wconf 76' lang='grc' dir='ltr'><strong>Τὸν</strong></span> <span class='ocrx_word' id='word_1_18' title='bbox 2310 479 2510 550; x_wconf 81' lang='grc' dir='ltr'><strong>εὐσεϐῆ</strong></span> <span class='ocrx_word' id='word_1_19' title='bbox 2539 479 2636 534; x_wconf 82' lang='grc' dir='ltr'><strong>καὶ</strong></span> <span class='ocrx_word' id='word_1_20' title='bbox 2672 479 2862 534; x_wconf 72' lang='grc' dir='ltr'><strong>πιστὸν</strong></span> <span class='ocrx_word' id='word_1_21' title='bbox 2893 478 3066 551; x_wconf 80' lang='grc' dir='ltr'><strong>ἄνδρα</strong></span> <span class='ocrx_word' id='word_1_22' title='bbox 3088 478 3235 534; x_wconf 67' lang='grc' dir='ltr'><strong>οὕτω</strong></span> <span class='ocrx_word' id='word_1_23' title='bbox 3291 471 3556 546; x_wconf 79' lang='grc' dir='ltr'><strong>βεϐαίως</strong></span> <span class='ocrx_word' id='word_1_24' title='bbox 3599 471 3711 524; x_wconf 85' lang='grc' dir='ltr'><strong>δια-</strong></span> 
     </span>
    </p>
   </div>
   <div class='ocr_carea' id='block_1_4' title="bbox 409 559 1985 643">
    <p class='ocr_par' dir='ltr' id='par_1_4' title="bbox 409 559 1985 643">
     <span class='ocr_line' id='line_1_4' title="bbox 409 559 1985 643; baseline -0.013 -2"><span class='ocrx_word' id='word_1_25' title='bbox 409 592 466 641; x_wconf 90' lang='lat' dir='ltr'><strong>et</strong></span> <span class='ocrx_word' id='word_1_26' title='bbox 513 579 789 638; x_wconf 86' lang='lat' dir='ltr'><strong>constanti</strong></span> <span class='ocrx_word' id='word_1_27' title='bbox 843 576 1032 632; x_wconf 89' lang='lat' dir='ltr'><strong>animo</strong></span> <span class='ocrx_word' id='word_1_28' title='bbox 1073 559 1217 643; x_wconf 68' lang='grc' dir='ltr'><strong>ἐι-εει</strong></span> <span class='ocrx_word' id='word_1_29' title='bbox 1277 569 1376 626; x_wconf 85' lang='lat' dir='ltr'><strong>Dei</strong></span> <span class='ocrx_word' id='word_1_30' title='bbox 1423 567 1822 640; x_wconf 80' lang='lat' dir='ltr'><strong>promissiones</strong></span> <span class='ocrx_word' id='word_1_31' title='bbox 1869 582 1985 623; x_wconf 89' lang='lat' dir='ltr'><strong>esse</strong></span> 
     </span>
    </p>
   </div>
   <div class='ocr_carea' id='block_1_5' title="bbox 2136 559 3712 643">
    <p class='ocr_par' dir='ltr' id='par_1_5' title="bbox 2136 562 3712 643">
     <span class='ocr_line' id='line_1_5' title="bbox 2136 562 3712 643; baseline -0.003 -21"><span class='ocrx_word' id='word_1_32' title='bbox 2136 569 2312 632; x_wconf 82' lang='grc' dir='ltr'><strong>εἶσθαι</strong></span> <span class='ocrx_word' id='word_1_33' title='bbox 2346 571 2453 643; x_wconf 81' lang='grc' dir='ltr'><strong>χρὴ</strong></span> <span class='ocrx_word' id='word_1_34' title='bbox 2487 572 2622 643; x_wconf 80' lang='grc' dir='ltr'><strong>πρὸς</strong></span> <span class='ocrx_word' id='word_1_35' title='bbox 2663 573 2764 637; x_wconf 77' lang='grc' dir='ltr'><strong>τὰς</strong></span> <span class='ocrx_word' id='word_1_36' title='bbox 2811 571 3146 642; x_wconf 73' lang='grc' dir='ltr'>ἐπαγγελίας</span> <span class='ocrx_word' id='word_1_37' title='bbox 3190 568 3288 626; x_wconf 79' lang='grc' dir='ltr'><strong>τοῦ</strong></span> <span class='ocrx_word' id='word_1_38' title='bbox 3315 564 3513 632; x_wconf 75' lang='grc' dir='ltr'><strong>Θεοῦ,</strong></span> <span class='ocrx_word' id='word_1_39' title='bbox 3569 562 3712 618; x_wconf 84' lang='grc' dir='ltr'><strong>ὥστε</strong></span> 
     </span>
    </p>
   </div>
   <div class='ocr_carea' id='block_1_6' title="bbox 410 655 1986 740">
    <p class='ocr_par' dir='ltr' id='par_1_6' title="bbox 410 661 1986 740">
     <span class='ocr_line' id='line_1_6' title="bbox 410 661 1986 740; baseline -0.011 -8"><span class='ocrx_word' id='word_1_40' title='bbox 410 675 704 737; x_wconf 86' lang='lat' dir='ltr'><strong>condecet,</strong></span> <span class='ocrx_word' id='word_1_41' title='bbox 763 679 826 726; x_wconf 91' lang='lat' dir='ltr'><strong>ut</strong></span> <span class='ocrx_word' id='word_1_42' title='bbox 857 666 1114 740; x_wconf 79' lang='lat' dir='ltr'><strong>quamvis</strong></span> <span class='ocrx_word' id='word_1_43' title='bbox 1167 665 1279 719; x_wconf 83' lang='lat' dir='ltr'><strong>illis</strong></span> <span class='ocrx_word' id='word_1_44' title='bbox 1316 661 1598 724; x_wconf 85' lang='lat' dir='ltr'><strong>contraria</strong></span> <span class='ocrx_word' id='word_1_45' title='bbox 1647 662 1873 716; x_wconf 90' lang='lat' dir='ltr'><strong>evenire</strong></span> <span class='ocrx_word' id='word_1_46' title='bbox 1908 663 1986 716; x_wconf 90' lang='lat' dir='ltr'><strong>vi-</strong></span> 
     </span>
    </p>
   </div>
   <div class='ocr_carea' id='block_1_7' title="bbox 2137 655 3713 740">
    <p class='ocr_par' dir='ltr' id='par_1_7' title="bbox 2137 655 3713 734">
     <span class='ocr_line' id='line_1_7' title="bbox 2137 655 3713 734; baseline -0.001 -18"><span class='ocrx_word' id='word_1_47' title='bbox 2137 661 2202 716; x_wconf 80' lang='grc' dir='ltr'><strong>ἂν</strong></span> <span class='ocrx_word' id='word_1_48' title='bbox 2257 665 2476 718; x_wconf 73' lang='grc' dir='ltr'><strong>ἐναντία</strong></span> <span class='ocrx_word' id='word_1_49' title='bbox 2533 665 2720 730; x_wconf 80' lang='grc' dir='ltr'><strong>αὐτοῖς</strong></span> <span class='ocrx_word' id='word_1_50' title='bbox 2773 665 3024 734; x_wconf 85' lang='grc' dir='ltr'><strong>φαίνεται</strong></span> <span class='ocrx_word' id='word_1_51' title='bbox 3061 665 3132 718; x_wconf 82' lang='grc' dir='ltr'><strong>τὰ</strong></span> <span class='ocrx_word' id='word_1_52' title='bbox 3189 662 3502 732; x_wconf 80' lang='grc' dir='ltr'><strong>γινόμενα,</strong></span> <span class='ocrx_word' id='word_1_53' title='bbox 3579 655 3713 727; x_wconf 77' lang='grc' dir='ltr'><strong>μηδὲ</strong></span> 
     </span>
    </p>
   </div>
   <div class='ocr_carea' id='block_1_8' title="bbox 413 747 1989 830">
    <p class='ocr_par' dir='ltr' id='par_1_8' title="bbox 413 754 1989 830">
     <span class='ocr_line' id='line_1_8' title="bbox 413 754 1989 830; baseline -0.01 -7"><span class='ocrx_word' id='word_1_54' title='bbox 413 767 673 829; x_wconf 83' lang='lat' dir='ltr'><strong>deantur,</strong></span> <span class='ocrx_word' id='word_1_55' title='bbox 727 779 797 818; x_wconf 90' lang='lat' dir='ltr'><strong>ne</strong></span> <span class='ocrx_word' id='word_1_56' title='bbox 839 761 922 817; x_wconf 90' lang='lat' dir='ltr'><strong>sic</strong></span> <span class='ocrx_word' id='word_1_57' title='bbox 945 758 1172 830; x_wconf 84' lang='lat' dir='ltr'><strong>quidem</strong></span> <span class='ocrx_word' id='word_1_58' title='bbox 1220 756 1500 820; x_wconf 91' lang='lat' dir='ltr'><strong>turbetur,</strong></span> <span class='ocrx_word' id='word_1_59' title='bbox 1533 755 1620 810; x_wconf 80' lang='lat' dir='ltr'><strong>vel</strong></span> <span class='ocrx_word' id='word_1_60' title='bbox 1643 754 1736 809; x_wconf 73' lang='lat' dir='ltr'><strong>&#39;de</strong></span> <span class='ocrx_word' id='word_1_61' title='bbox 1791 762 1989 809; x_wconf 86' lang='lat' dir='ltr'><strong>eventu</strong></span> 
     </span>
    </p>
   </div>
   <div class='ocr_carea' id='block_1_9' title="bbox 2137 747 3713 830">
    <p class='ocr_par' dir='ltr' id='par_1_9' title="bbox 2137 747 3713 828">
     <span class='ocr_line' id='line_1_9' title="bbox 2137 747 3713 828; baseline -0.004 -22"><span class='ocrx_word' id='word_1_62' title='bbox 2137 751 2268 820; x_wconf 77' lang='grc' dir='ltr'><strong>5τως</strong></span> <span class='ocrx_word' id='word_1_63' title='bbox 2303 755 2688 827; x_wconf 70' lang='grc' dir='ltr'><strong>ταράττεσθαι,</strong></span> <span class='ocrx_word' id='word_1_64' title='bbox 2713 757 2851 828; x_wconf 77' lang='grc' dir='ltr'><strong>μηδὲ</strong></span> <span class='ocrx_word' id='word_1_65' title='bbox 2875 753 3286 824; x_wconf 78' lang='grc' dir='ltr'><strong>ἀπογινώσκειν</strong></span> <span class='ocrx_word' id='word_1_66' title='bbox 3309 751 3428 822; x_wconf 80' lang='grc' dir='ltr'><strong>τὴν</strong></span> <span class='ocrx_word' id='word_1_67' title='bbox 3449 747 3713 804; x_wconf 74' lang='grc' dir='ltr'><strong>ἑκϐασιν.</strong></span> 
     </span>
    </p>
   </div>
   <div class='ocr_carea' id='block_1_10' title="bbox 411 839 1987 929">
    <p class='ocr_par' dir='ltr' id='par_1_10' title="bbox 411 846 1987 929">
     <span class='ocr_line' id='line_1_10' title="bbox 411 846 1987 929; baseline -0.01 -15"><span class='ocrx_word' id='word_1_68' title='bbox 411 860 690 929; x_wconf 80' lang='lat' dir='ltr'><strong>desperet.</strong></span> <span class='ocrx_word' id='word_1_69' title='bbox 727 855 868 911; x_wconf 76' lang='lat' dir='ltr'><strong>Vide</strong></span> <span class='ocrx_word' id='word_1_70' title='bbox 911 867 1043 908; x_wconf 85' lang='lat' dir='ltr'><strong>sane</strong></span> <span class='ocrx_word' id='word_1_71' title='bbox 1079 849 1299 905; x_wconf 84' lang='lat' dir='ltr'><strong>ﬁdelem</strong></span> <span class='ocrx_word' id='word_1_72' title='bbox 1337 846 1637 912; x_wconf 71' lang='lat' dir='ltr'><strong>Abraham,</strong></span> <span class='ocrx_word' id='word_1_73' title='bbox 1670 861 1834 917; x_wconf 90' lang='lat' dir='ltr'><strong>quam</strong></span> <span class='ocrx_word' id='word_1_74' title='bbox 1864 861 1987 914; x_wconf 88' lang='lat' dir='ltr'><strong>pro-</strong></span> 
     </span>
    </p>
   </div>
   <div class='ocr_carea' id='block_1_11' title="bbox 2143 839 3719 929">
    <p class='ocr_par' dir='ltr' id='par_1_11' title="bbox 2143 839 3719 920">
     <span class='ocr_line' id='line_1_11' title="bbox 2143 839 3719 920; baseline -0.008 -17"><span class='ocrx_word' id='word_1_75' title='bbox 2143 847 2242 916; x_wconf 72' lang='lat' dir='ltr'><strong>)pa</strong></span> <span class='ocrx_word' id='word_1_76' title='bbox 2271 845 2404 914; x_wconf 80' lang='grc' dir='ltr'><strong>γοῦν</strong></span> <span class='ocrx_word' id='word_1_77' title='bbox 2437 847 2466 900; x_wconf 88' lang='grc' dir='ltr'><strong>ό</strong></span> <span class='ocrx_word' id='word_1_78' title='bbox 2507 847 2700 912; x_wconf 74' lang='grc' dir='ltr'><strong>πιστὸς</strong></span> <span class='ocrx_word' id='word_1_79' title='bbox 2759 846 3016 920; x_wconf 81' lang='grc' dir='ltr'><strong>Ἀϐραὰμ</strong></span> <span class='ocrx_word' id='word_1_80' title='bbox 3057 846 3180 902; x_wconf 78' lang='grc' dir='ltr'><strong>τίνα</strong></span> <span class='ocrx_word' id='word_1_81' title='bbox 3231 845 3342 916; x_wconf 73' lang='grc' dir='ltr'><strong>μὲν</strong></span> <span class='ocrx_word' id='word_1_82' title='bbox 3401 839 3719 911; x_wconf 78' lang='grc' dir='ltr'><strong>ὑπόσχεσιν</strong></span> 
     </span>
    </p>
   </div>
   <div class='ocr_carea' id='block_1_12' title="bbox 417 937 1993 1016">
    <p class='ocr_par' dir='ltr' id='par_1_12' title="bbox 417 937 1993 1016">
     <span class='ocr_line' id='line_1_12' title="bbox 417 937 1993 1016; baseline -0.008 -12"><span class='ocrx_word' id='word_1_83' title='bbox 417 951 736 1004; x_wconf 81' lang='lat' dir='ltr'><strong>missionem</strong></span> <span class='ocrx_word' id='word_1_84' title='bbox 783 943 1080 1016; x_wconf 88' lang='lat' dir='ltr'><strong>acceperit,</strong></span> <span class='ocrx_word' id='word_1_85' title='bbox 1126 949 1184 997; x_wconf 93' lang='lat' dir='ltr'><strong>et</strong></span> <span class='ocrx_word' id='word_1_86' title='bbox 1228 955 1480 1012; x_wconf 66' lang='lat' dir='ltr'><strong>quaenam</strong></span> <span class='ocrx_word' id='word_1_87' title='bbox 1520 937 1640 1010; x_wconf 84' lang='lat' dir='ltr'><strong>ipse</strong></span> <span class='ocrx_word' id='word_1_88' title='bbox 1671 937 1855 993; x_wconf 76' lang='lat' dir='ltr'><strong>facere</strong></span> <span class='ocrx_word' id='word_1_89' title='bbox 1899 952 1993 992; x_wconf 91' lang='lat' dir='ltr'><strong>eo-</strong></span> 
     </span>
    </p>
   </div>
   <div class='ocr_carea' id='block_1_13' title="bbox 1687 937 3263 1016">
    <p class='ocr_par' dir='ltr' id='par_1_13' title="bbox 1687 937 3263 1013">
     <span class='ocr_line' id='line_1_13' title="bbox 1687 937 3263 1013; baseline 0.001 -23"><span class='ocrx_word' id='word_1_90' title='bbox 1687 937 1855 993; x_wconf 66' lang='lat' dir='ltr'><strong>Tacere</strong></span> <span class='ocrx_word' id='word_1_91' title='bbox 1899 952 1997 992; x_wconf 90' lang='lat' dir='ltr'><strong>co-</strong></span> <span class='ocrx_word' id='word_1_92' title='bbox 2095 937 2336 1006; x_wconf 66' lang='grc' dir='ltr'><strong>ἐδέξατο,</strong></span> <span class='ocrx_word' id='word_1_93' title='bbox 2365 939 2489 996; x_wconf 80' lang='grc' dir='ltr'><strong>τίνα</strong></span> <span class='ocrx_word' id='word_1_94' title='bbox 2513 939 2572 995; x_wconf 71' lang='grc' dir='ltr'><strong>δὲ</strong></span> <span class='ocrx_word' id='word_1_95' title='bbox 2603 941 2868 1013; x_wconf 80' lang='grc' dir='ltr'><strong>πράττειν</strong></span> <span class='ocrx_word' id='word_1_96' title='bbox 2897 938 3263 1011; x_wconf 74' lang='grc' dir='ltr'><strong>ἠναγκάζετο.</strong></span> 
     </span>
    </p>
   </div>
   <div class='ocr_carea' id='block_1_14' title="bbox 415 1035 3014 1093">
    <p class='ocr_par' dir='ltr' id='par_1_14' title="bbox 415 1035 3014 1093">
     <span class='ocr_line' id='line_1_14' title="bbox 415 1035 3014 1093; baseline -0.015 0"><span class='ocrx_word' id='word_1_97' title='bbox 415 1047 570 1093; x_wconf 79' lang='lat' dir='ltr'><strong>actus</strong></span> <span class='ocrx_word' id='word_1_98' title='bbox 593 1035 685 1090; x_wconf 64' lang='lat' dir='ltr'><strong>sit.</strong></span> <span class='ocrx_word' id='word_1_99' title='bbox 3004 1044 3014 1053; x_wconf 91' lang='lat'><strong>.</strong></span> 
     </span>
    </p>
   </div>
   <div class='ocr_carea' id='block_1_15' title="bbox 487 1110 2063 1194">
    <p class='ocr_par' dir='ltr' id='par_1_15' title="bbox 487 1117 2001 1194">
     <span class='ocr_line' id='line_1_15' title="bbox 487 1117 2001 1194; baseline -0.006 -12"><span class='ocrx_word' id='word_1_100' title='bbox 487 1127 671 1193; x_wconf 77' lang='lat' dir='ltr'><strong>Fides,</strong></span> <span class='ocrx_word' id='word_1_101' title='bbox 715 1126 987 1181; x_wconf 89' lang='lat' dir='ltr'><strong>virtutum</strong></span> <span class='ocrx_word' id='word_1_102' title='bbox 1041 1138 1246 1194; x_wconf 90' lang='lat' dir='ltr'><strong>parens</strong></span> <span class='ocrx_word' id='word_1_103' title='bbox 1301 1129 1359 1177; x_wconf 90' lang='lat' dir='ltr'><strong>et</strong></span> <span class='ocrx_word' id='word_1_104' title='bbox 1420 1135 1628 1176; x_wconf 85' lang='lat' dir='ltr'><strong>corona</strong></span> <span class='ocrx_word' id='word_1_105' title='bbox 1702 1134 1768 1174; x_wconf 92' lang='lat' dir='ltr'><strong>ac</strong></span> <span class='ocrx_word' id='word_1_106' title='bbox 1816 1117 2001 1190; x_wconf 83' lang='lat' dir='ltr'><strong>perfe-</strong></span> 
     </span>
    </p>
   </div>
   <div class='ocr_carea' id='block_1_16' title="bbox 2249 1110 3825 1194">
    <p class='ocr_par' dir='ltr' id='par_1_16' title="bbox 2249 1110 3825 1193">
     <span class='ocr_line' id='line_1_16' title="bbox 2249 1110 3825 1193; baseline -0.005 -22"><span class='ocrx_word' id='word_1_107' title='bbox 2249 1135 2363 1182; x_wconf 86' lang='grc' dir='ltr'><strong>στις</strong></span> <span class='ocrx_word' id='word_1_108' title='bbox 2412 1119 2600 1190; x_wconf 79' lang='grc' dir='ltr'><strong>μήτηρ</strong></span> <span class='ocrx_word' id='word_1_109' title='bbox 2629 1120 2722 1176; x_wconf 76' lang='grc' dir='ltr'><strong>καὶ</strong></span> <span class='ocrx_word' id='word_1_110' title='bbox 2753 1121 2994 1193; x_wconf 77' lang='grc' dir='ltr'><strong>στεφάνη</strong></span> <span class='ocrx_word' id='word_1_111' title='bbox 3017 1121 3116 1176; x_wconf 69' lang='grc' dir='ltr'><strong>καὶ</strong></span> <span class='ocrx_word' id='word_1_112' title='bbox 3136 1113 3586 1190; x_wconf 83' lang='grc' dir='ltr'><strong>συμπεραίωσις</strong></span> <span class='ocrx_word' id='word_1_113' title='bbox 3611 1110 3723 1165; x_wconf 84' lang='grc' dir='ltr'><strong>τῶν</strong></span> <span class='ocrx_word' id='word_1_114' title='bbox 3823 1142 3825 1145; x_wconf 94' lang='grc'><strong>-</strong></span> 
     </span>
    </p>
   </div>
   <div class='ocr_carea' id='block_1_17' title="bbox 418 1207 1994 1296">
    <p class='ocr_par' dir='ltr' id='par_1_17' title="bbox 418 1218 968 1296">
     <span class='ocr_line' id='line_1_17' title="bbox 418 1218 968 1296; baseline 0 -24"><span class='ocrx_word' id='word_1_115' title='bbox 418 1218 531 1272; x_wconf 91' lang='lat' dir='ltr'><strong>ctio</strong></span> <span class='ocrx_word' id='word_1_116' title='bbox 562 1227 666 1272; x_wconf 87' lang='lat' dir='ltr'><strong>est.</strong></span> <span class='ocrx_word' id='word_1_117' title='bbox 942 1282 968 1296; x_wconf 28' lang='grc' dir='ltr'><strong>,ι</strong></span> 
     </span>
    </p>
   </div>
   <div class='ocr_carea' id='block_1_18' title="bbox 1020 1207 2596 1296">
    <p class='ocr_par' dir='ltr' id='par_1_18' title="bbox 2101 1207 2596 1281">
     <span class='ocr_line' id='line_1_18' title="bbox 2101 1207 2596 1281; baseline 0.008 -19"><span class='ocrx_word' id='word_1_118' title='bbox 2101 1207 2312 1280; x_wconf 77' lang='grc' dir='ltr'><strong>ἀρετῶν</strong></span> <span class='ocrx_word' id='word_1_119' title='bbox 2340 1209 2596 1281; x_wconf 82' lang='grc' dir='ltr'><strong>ὑπάρχει.</strong></span> 
     </span>
    </p>
   </div>
   <div class='ocr_carea' id='block_1_19' title="bbox 489 1291 2065 1375">
    <p class='ocr_par' dir='ltr' id='par_1_19' title="bbox 489 1291 2002 1375">
     <span class='ocr_line' id='line_1_19' title="bbox 489 1291 2002 1375; baseline -0.005 -12"><span class='ocrx_word' id='word_1_120' title='bbox 489 1291 968 1375; x_wconf 81' lang='lat' dir='ltr'><strong>Quemadmodum</strong></span> <span class='ocrx_word' id='word_1_121' title='bbox 989 1305 1140 1362; x_wconf 90' lang='lat' dir='ltr'><strong>enim</strong></span> <span class='ocrx_word' id='word_1_122' title='bbox 1166 1304 1271 1359; x_wconf 89' lang='lat' dir='ltr'>nisi</span> <span class='ocrx_word' id='word_1_123' title='bbox 1299 1303 1542 1373; x_wconf 84' lang='lat' dir='ltr'><strong>plantata</strong></span> <span class='ocrx_word' id='word_1_124' title='bbox 1569 1301 1756 1357; x_wconf 85' lang='lat' dir='ltr'>radice</span> <span class='ocrx_word' id='word_1_125' title='bbox 1781 1301 2002 1357; x_wconf 78' lang='lat' dir='ltr'><strong>fruetus</strong></span> 
     </span>
    </p>
   </div>
   <div class='ocr_carea' id='block_1_20' title="bbox 2150 1291 3726 1375">
    <p class='ocr_par' dir='ltr' id='par_1_20' title="bbox 2176 1291 3726 1374">
     <span class='ocr_line' id='line_1_20' title="bbox 2176 1291 3726 1374; baseline -0.003 -24"><span class='ocrx_word' id='word_1_126' title='bbox 2176 1299 2445 1370; x_wconf 76' lang='grc' dir='ltr'><strong>Καθάπερ</strong></span> <span class='ocrx_word' id='word_1_127' title='bbox 2474 1301 2586 1373; x_wconf 84' lang='grc' dir='ltr'><strong>γὰρ</strong></span> <span class='ocrx_word' id='word_1_128' title='bbox 2631 1301 2793 1374; x_wconf 78' lang='grc' dir='ltr'><strong>ῥίζης</strong></span> <span class='ocrx_word' id='word_1_129' title='bbox 2849 1302 2926 1374; x_wconf 83' lang='grc' dir='ltr'><strong>μὴ</strong></span> <span class='ocrx_word' id='word_1_130' title='bbox 2969 1297 3434 1370; x_wconf 78' lang='grc' dir='ltr'><strong>πεφυτευμένης,</strong></span> <span class='ocrx_word' id='word_1_131' title='bbox 3495 1294 3606 1350; x_wconf 80' lang='grc' dir='ltr'><strong>οὐκ</strong></span> <span class='ocrx_word' id='word_1_132' title='bbox 3657 1291 3726 1346; x_wconf 81' lang='grc' dir='ltr'><strong>ἂν</strong></span> 
     </span>
    </p>
   </div>
   <div class='ocr_carea' id='block_1_21' title="bbox 417 1387 1993 1470">
    <p class='ocr_par' dir='ltr' id='par_1_21' title="bbox 417 1393 1993 1470">
     <span class='ocr_line' id='line_1_21' title="bbox 417 1393 1993 1470; baseline -0.004 -15"><span class='ocrx_word' id='word_1_133' title='bbox 417 1415 530 1455; x_wconf 87' lang='lat' dir='ltr'><strong>non</strong></span> <span class='ocrx_word' id='word_1_134' title='bbox 579 1398 994 1470; x_wconf 74' lang='lat' dir='ltr'><strong>germinaverit,</strong></span> <span class='ocrx_word' id='word_1_135' title='bbox 1057 1397 1139 1452; x_wconf 91' lang='lat' dir='ltr'><strong>sic</strong></span> <span class='ocrx_word' id='word_1_136' title='bbox 1170 1412 1273 1451; x_wconf 91' lang='lat' dir='ltr'><strong>nec</strong></span> <span class='ocrx_word' id='word_1_137' title='bbox 1303 1395 1412 1449; x_wconf 84' lang='lat' dir='ltr'>nisi</span> <span class='ocrx_word' id='word_1_138' title='bbox 1451 1395 1619 1464; x_wconf 87' lang='lat' dir='ltr'><strong>jaetis</strong></span> <span class='ocrx_word' id='word_1_139' title='bbox 1669 1395 1824 1465; x_wconf 90' lang='lat' dir='ltr'><strong>prius</strong></span> <span class='ocrx_word' id='word_1_140' title='bbox 1871 1393 1993 1450; x_wconf 81' lang='lat' dir='ltr'><strong>ﬁdei</strong></span> 
     </span>
    </p>
   </div>
   <div class='ocr_carea' id='block_1_22' title="bbox 2150 1387 3726 1470">
    <p class='ocr_par' dir='ltr' id='par_1_22' title="bbox 2150 1387 3726 1466">
     <span class='ocr_line' id='line_1_22' title="bbox 2150 1387 3726 1466; baseline -0.003 -21"><span class='ocrx_word' id='word_1_141' title='bbox 2150 1395 2426 1464; x_wconf 68' lang='grc' dir='ltr'><strong>λαστήσειε</strong></span> <span class='ocrx_word' id='word_1_142' title='bbox 2451 1395 2704 1466; x_wconf 86' lang='grc' dir='ltr'><strong>καρπός·</strong></span> <span class='ocrx_word' id='word_1_143' title='bbox 2739 1393 2886 1450; x_wconf 70' lang='grc' dir='ltr'><strong>οὓτω</strong></span> <span class='ocrx_word' id='word_1_144' title='bbox 2933 1395 3175 1455; x_wconf 74' lang='grc' dir='ltr'><strong>πίστεως</strong></span> <span class='ocrx_word' id='word_1_145' title='bbox 3221 1391 3300 1462; x_wconf 80' lang='grc' dir='ltr'><strong>μὴ</strong></span> <span class='ocrx_word' id='word_1_146' title='bbox 3349 1387 3726 1460; x_wconf 64' lang='grc' dir='ltr'><strong>προκατεδε-</strong></span> 
     </span>
    </p>
   </div>
   <div class='ocr_carea' id='block_1_23' title="bbox 419 1483 1995 1557">
    <p class='ocr_par' dir='ltr' id='par_1_23' title="bbox 419 1487 1995 1556">
     <span class='ocr_line' id='line_1_23' title="bbox 419 1487 1995 1556; baseline -0.003 -10"><span class='ocrx_word' id='word_1_147' title='bbox 419 1491 815 1546; x_wconf 71' lang='lat' dir='ltr'><strong>fundamentis.</strong></span> <span class='ocrx_word' id='word_1_148' title='bbox 839 1490 1107 1543; x_wconf 66' lang='lat' dir='ltr'><strong>doctrina:</strong></span> <span class='ocrx_word' id='word_1_149' title='bbox 1147 1503 1392 1556; x_wconf 82' lang='lat' dir='ltr'><strong>unquam</strong></span> <span class='ocrx_word' id='word_1_150' title='bbox 1420 1502 1606 1541; x_wconf 88' lang='lat' dir='ltr'><strong>sertno</strong></span> <span class='ocrx_word' id='word_1_151' title='bbox 1645 1487 1995 1555; x_wconf 86' lang='lat' dir='ltr'><strong>processerit.</strong></span> 
     </span>
    </p>
   </div>
   <div class='ocr_carea' id='block_1_24' title="bbox 1959 1483 3535 1557">
    <p class='ocr_par' dir='ltr' id='par_1_24' title="bbox 1961 1483 3535 1557">
     <span class='ocr_line' id='line_1_24' title="bbox 1961 1483 3535 1557; baseline 0 -23"><span class='ocrx_word' id='word_1_152' title='bbox 1961 1496 2000 1541; x_wconf 83' lang='lat' dir='ltr'><strong>t.</strong></span> <span class='ocrx_word' id='word_1_153' title='bbox 2105 1484 2404 1556; x_wconf 69' lang='lat' dir='ltr'><strong>6&#39;).~qp.évq:;,</strong></span> <span class='ocrx_word' id='word_1_154' title='bbox 2429 1486 2530 1540; x_wconf 82' lang='grc' dir='ltr'><strong>οὐκ</strong></span> <span class='ocrx_word' id='word_1_155' title='bbox 2559 1485 2624 1543; x_wconf 84' lang='grc' dir='ltr'><strong>ἂν</strong></span> <span class='ocrx_word' id='word_1_156' title='bbox 2664 1487 2918 1557; x_wconf 83' lang='grc' dir='ltr'><strong>προέλθοι</strong></span> <span class='ocrx_word' id='word_1_157' title='bbox 2951 1485 3302 1546; x_wconf 70' lang='grc' dir='ltr'><strong>διδασκαλίας</strong></span> <span class='ocrx_word' id='word_1_158' title='bbox 3331 1483 3535 1550; x_wconf 83' lang='grc' dir='ltr'><strong>λόγος.</strong></span> 
     </span>
    </p>
   </div>
   <div class='ocr_carea' id='block_1_25' title="bbox 489 1561 2065 1651">
    <p class='ocr_par' dir='ltr' id='par_1_25' title="bbox 489 1561 2006 1651">
     <span class='ocr_line' id='line_1_25' title="bbox 489 1561 2006 1651; baseline -0.004 -15"><span class='ocrx_word' id='word_1_159' title='bbox 489 1580 644 1651; x_wconf 77' lang='lat' dir='ltr'><strong>Crcg.</strong></span> <span class='ocrx_word' id='word_1_160' title='bbox 679 1579 834 1651; x_wconf 56' lang='grc' dir='ltr'><strong>Νέβιε.</strong></span> <span class='ocrx_word' id='word_1_161' title='bbox 867 1611 932 1620; x_wconf 86' lang='lat'><strong>——-</strong></span> <span class='ocrx_word' id='word_1_162' title='bbox 957 1580 1083 1634; x_wconf 90' lang='lat' dir='ltr'><strong>Sola</strong></span> <span class='ocrx_word' id='word_1_163' title='bbox 1115 1579 1248 1634; x_wconf 81' lang='lat' dir='ltr'><strong>ﬁdes</strong></span> <span class='ocrx_word' id='word_1_164' title='bbox 1291 1561 1813 1646; x_wconf 73' lang='lat' dir='ltr'><strong>inconiprebensum</strong></span> <span class='ocrx_word' id='word_1_165' title='bbox 1853 1592 2006 1633; x_wconf 89' lang='lat' dir='ltr'><strong>com-</strong></span> 
     </span>
    </p>
   </div>
   <div class='ocr_carea' id='block_1_26' title="bbox 2149 1561 3725 1651">
    <p class='ocr_par' dir='ltr' id='par_1_26' title="bbox 2173 1568 3725 1648">
     <span class='ocr_line' id='line_1_26' title="bbox 2173 1568 3725 1648; baseline -0.01 -13"><span class='ocrx_word' id='word_1_166' title='bbox 2173 1577 2225 1629; x_wconf 87' lang='grc' dir='ltr'><em>Γ</em></span> <span class='ocrx_word' id='word_1_167' title='bbox 2217 1594 2358 1646; x_wconf 68' lang='lat' dir='ltr'><strong>pur.</strong></span> <span class='ocrx_word' id='word_1_168' title='bbox 2405 1580 2560 1634; x_wconf 83' lang='grc' dir='ltr'><strong>Νὐσ.</strong></span> <span class='ocrx_word' id='word_1_169' title='bbox 2583 1610 2652 1620; x_wconf 92' lang='grc'><strong>-</strong></span> <span class='ocrx_word' id='word_1_170' title='bbox 2676 1581 2867 1643; x_wconf 85' lang='grc' dir='ltr'><strong>Πίστις</strong></span> <span class='ocrx_word' id='word_1_171' title='bbox 2917 1579 3054 1648; x_wconf 84' lang='grc' dir='ltr'><strong>μόνη</strong></span> <span class='ocrx_word' id='word_1_172' title='bbox 3091 1578 3286 1647; x_wconf 89' lang='grc' dir='ltr'><strong>κρατεῖ</strong></span> <span class='ocrx_word' id='word_1_173' title='bbox 3320 1573 3424 1627; x_wconf 73' lang='grc' dir='ltr'><strong>τὸν</strong></span> <span class='ocrx_word' id='word_1_174' title='bbox 3465 1568 3725 1641; x_wconf 76' lang='grc' dir='ltr'><strong>-ἁκρὰτη-</strong></span> 
     </span>
    </p>
   </div>
   <div class='ocr_carea' id='block_1_27' title="bbox 418 1657 1994 1742">
    <p class='ocr_par' dir='ltr' id='par_1_27' title="bbox 418 1669 1994 1742">
     <span class='ocr_line' id='line_1_27' title="bbox 418 1669 1994 1742; baseline -0.001 -16"><span class='ocrx_word' id='word_1_175' title='bbox 418 1673 754 1742; x_wconf 80' lang='lat' dir='ltr'><strong>prehendit;</strong></span> <span class='ocrx_word' id='word_1_176' title='bbox 786 1673 900 1728; x_wconf 86' lang='lat' dir='ltr'><strong>sola</strong></span> <span class='ocrx_word' id='word_1_177' title='bbox 953 1671 1226 1742; x_wconf 86' lang='lat' dir='ltr'><strong>conspicit</strong></span> <span class='ocrx_word' id='word_1_178' title='bbox 1272 1672 1368 1741; x_wconf 89' lang='lat' dir='ltr'><strong>qui</strong></span> <span class='ocrx_word' id='word_1_179' title='bbox 1405 1687 1436 1726; x_wconf 91' lang='lat' dir='ltr'><strong>a</strong></span> <span class='ocrx_word' id='word_1_180' title='bbox 1485 1670 1638 1726; x_wconf 88' lang='lat' dir='ltr'><strong>nullo</strong></span> <span class='ocrx_word' id='word_1_181' title='bbox 1674 1669 1851 1724; x_wconf 79' lang='lat' dir='ltr'><strong>videri</strong></span> <span class='ocrx_word' id='word_1_182' title='bbox 1907 1685 1994 1739; x_wconf 88' lang='lat' dir='ltr'><strong>po-</strong></span> 
     </span>
    </p>
   </div>
   <div class='ocr_carea' id='block_1_28' title="bbox 2146 1657 3722 1742">
    <p class='ocr_par' dir='ltr' id='par_1_28' title="bbox 2146 1657 3722 1742">
     <span class='ocr_line' id='line_1_28' title="bbox 2146 1657 3722 1742; baseline 0.003 -22"><span class='ocrx_word' id='word_1_183' title='bbox 2146 1685 2195 1724; x_wconf 77' lang='grc' dir='ltr'><strong>ον</strong></span> <span class='ocrx_word' id='word_1_184' title='bbox 2225 1685 2239 1699; x_wconf 93' lang='grc'><strong>·</strong></span> <span class='ocrx_word' id='word_1_185' title='bbox 2281 1668 2460 1734; x_wconf 80' lang='grc' dir='ltr'><strong>πίστις</strong></span> <span class='ocrx_word' id='word_1_186' title='bbox 2487 1671 2622 1742; x_wconf 75' lang='grc' dir='ltr'><strong>μόνη</strong></span> <span class='ocrx_word' id='word_1_187' title='bbox 2647 1673 2902 1726; x_wconf 79' lang='grc' dir='ltr'><strong>κατανοεῖ</strong></span> <span class='ocrx_word' id='word_1_188' title='bbox 2927 1671 3018 1726; x_wconf 77' lang='grc' dir='ltr'><strong>τὸν</strong></span> <span class='ocrx_word' id='word_1_189' title='bbox 3049 1669 3278 1724; x_wconf 76' lang='grc' dir='ltr'><strong>ἀθέατον</strong></span> <span class='ocrx_word' id='word_1_190' title='bbox 3297 1683 3314 1697; x_wconf 77' lang='grc' dir='ltr'><strong>ο</strong></span> <span class='ocrx_word' id='word_1_191' title='bbox 3343 1664 3555 1724; x_wconf 72' lang='grc' dir='ltr'><strong>πίστις</strong></span> <span class='ocrx_word' id='word_1_192' title='bbox 3583 1657 3722 1728; x_wconf 82' lang='grc' dir='ltr'><strong>μόνη</strong></span> 
     </span>
    </p>
   </div>
   <div class='ocr_carea' id='block_1_29' title="bbox 421 1751 1997 1867">
    <p class='ocr_par' dir='ltr' id='par_1_29' title="bbox 421 1763 1997 1835">
     <span class='ocr_line' id='line_1_29' title="bbox 421 1763 1997 1835; baseline -0.001 -15"><span class='ocrx_word' id='word_1_193' title='bbox 421 1773 563 1830; x_wconf 90' lang='lat' dir='ltr'><strong>test;</strong></span> <span class='ocrx_word' id='word_1_194' title='bbox 608 1767 723 1820; x_wconf 82' lang='lat' dir='ltr'><strong>sola</strong></span> <span class='ocrx_word' id='word_1_195' title='bbox 774 1765 1142 1830; x_wconf 84' lang='lat' dir='ltr'><strong>inaccessum,</strong></span> <span class='ocrx_word' id='word_1_196' title='bbox 1175 1763 1356 1835; x_wconf 85' lang='lat' dir='ltr'><strong>quoad</strong></span> <span class='ocrx_word' id='word_1_197' title='bbox 1404 1765 1527 1834; x_wconf 69' lang='lat' dir='ltr'><strong>ejus</strong></span> <span class='ocrx_word' id='word_1_198' title='bbox 1565 1763 1684 1819; x_wconf 82' lang='lat' dir='ltr'><strong>ﬁeri</strong></span> <span class='ocrx_word' id='word_1_199' title='bbox 1725 1771 1912 1834; x_wconf 80' lang='lat' dir='ltr'><strong>potest</strong></span> <span class='ocrx_word' id='word_1_200' title='bbox 1941 1777 1997 1818; x_wconf 85' lang='lat' dir='ltr'><strong>ac</strong></span> 
     </span>
    </p>
   </div>
   <div class='ocr_carea' id='block_1_30' title="bbox 2150 1751 3726 1867">
    <p class='ocr_par' dir='ltr' id='par_1_30' title="bbox 2155 1751 3726 1836">
     <span class='ocr_line' id='line_1_30' title="bbox 2155 1751 3726 1836; baseline 0.001 -22"><span class='ocrx_word' id='word_1_201' title='bbox 2155 1761 2481 1831; x_wconf 75' lang='grc' dir='ltr'><strong>ροσπελάζει</strong></span> <span class='ocrx_word' id='word_1_202' title='bbox 2513 1764 2588 1836; x_wconf 85' lang='grc' dir='ltr'><strong>τῷ</strong></span> <span class='ocrx_word' id='word_1_203' title='bbox 2617 1765 3080 1836; x_wconf 79' lang='grc' dir='ltr'><strong>ἁπροσπελάστῳ,</strong></span> <span class='ocrx_word' id='word_1_204' title='bbox 3140 1763 3264 1818; x_wconf 86' lang='grc' dir='ltr'><strong>ὅσον</strong></span> <span class='ocrx_word' id='word_1_205' title='bbox 3324 1755 3588 1828; x_wconf 75' lang='grc' dir='ltr'>ἐγχωρεῖ</span> <span class='ocrx_word' id='word_1_206' title='bbox 3633 1751 3726 1804; x_wconf 67' lang='grc' dir='ltr'><strong>καὶ</strong></span> 
     </span>
    </p>
   </div>
   <div class='ocr_carea' id='block_1_31' title="bbox 417 1854 1993 1926">
    <p class='ocr_par' dir='ltr' id='par_1_31' title="bbox 417 1855 837 1926">
     <span class='ocr_line' id='line_1_31' title="bbox 417 1855 837 1926; baseline 0.005 -16"><span class='ocrx_word' id='word_1_207' title='bbox 417 1855 570 1926; x_wconf 89' lang='lat' dir='ltr'><strong>licet,</strong></span> <span class='ocrx_word' id='word_1_208' title='bbox 603 1857 837 1913; x_wconf 85' lang='lat' dir='ltr'><strong>accedit.</strong></span> 
     </span>
    </p>
   </div>
   <div class='ocr_carea' id='block_1_32' title="bbox 984 1854 2560 1926">
    <p class='ocr_par' dir='ltr' id='par_1_32' title="bbox 2040 1854 2560 1926">
     <span class='ocr_line' id='line_1_32' title="bbox 2040 1854 2560 1926; baseline 0.01 -19"><span class='ocrx_word' id='word_1_209' title='bbox 2040 1854 2081 1867; x_wconf 83' lang='lat'><strong>&quot;</strong></span> <span class='ocrx_word' id='word_1_210' title='bbox 2106 1855 2228 1908; x_wconf 82' lang='grc' dir='ltr'><strong>ὅσον</strong></span> <span class='ocrx_word' id='word_1_211' title='bbox 2267 1854 2560 1926; x_wconf 79' lang='grc' dir='ltr'><strong>ἐνδέχεται.</strong></span> 
     </span>
    </p>
   </div>
   <div class='ocr_carea' id='block_1_33' title="bbox 490 1967 2066 2042">
    <p class='ocr_par' dir='ltr' id='par_1_33' title="bbox 490 1969 2005 2042">
     <span class='ocr_line' id='line_1_33' title="bbox 490 1969 2005 2042; baseline -0.001 -16"><span class='ocrx_word' id='word_1_212' title='bbox 490 1969 700 2042; x_wconf 73' lang='lat' dir='ltr'><strong>Cyrilti.</strong></span> <span class='ocrx_word' id='word_1_213' title='bbox 729 2001 799 2011; x_wconf 90' lang='lat'><strong>—</strong></span> <span class='ocrx_word' id='word_1_214' title='bbox 830 1970 988 2036; x_wconf 86' lang='lat' dir='ltr'><strong>Quod</strong></span> <span class='ocrx_word' id='word_1_215' title='bbox 1035 1971 1142 2025; x_wconf 78' lang='lat' dir='ltr'><strong>[ide</strong></span> <span class='ocrx_word' id='word_1_216' title='bbox 1192 1970 1522 2039; x_wconf 84' lang='lat' dir='ltr'><strong>suscipitur,</strong></span> <span class='ocrx_word' id='word_1_217' title='bbox 1563 1985 1676 2025; x_wconf 91' lang='lat' dir='ltr'><strong>non</strong></span> <span class='ocrx_word' id='word_1_218' title='bbox 1703 1969 1871 2026; x_wconf 87' lang='lat' dir='ltr'><strong>debet</strong></span> <span class='ocrx_word' id='word_1_219' title='bbox 1909 1985 2005 2026; x_wconf 89' lang='lat' dir='ltr'><strong>cu-</strong></span> 
     </span>
    </p>
   </div>
   <div class='ocr_carea' id='block_1_34' title="bbox 2150 1967 3726 2042">
    <p class='ocr_par' dir='ltr' id='par_1_34' title="bbox 2183 1967 3726 2040">
     <span class='ocr_line' id='line_1_34' title="bbox 2183 1967 3726 2040; baseline -0.003 -14"><span class='ocrx_word' id='word_1_220' title='bbox 2183 1971 2509 2040; x_wconf 74' lang='grc' dir='ltr'><strong>Κυρίλλοὺ.</strong></span> <span class='ocrx_word' id='word_1_221' title='bbox 2531 2001 2604 2012; x_wconf 92' lang='grc'><strong>--</strong></span> <span class='ocrx_word' id='word_1_222' title='bbox 2626 1971 2700 2024; x_wconf 84' lang='grc' dir='ltr'><strong>Τὸ</strong></span> <span class='ocrx_word' id='word_1_223' title='bbox 2723 1969 2906 2024; x_wconf 87' lang='grc' dir='ltr'><strong>πίστει</strong></span> <span class='ocrx_word' id='word_1_224' title='bbox 2934 1967 3294 2040; x_wconf 80' lang='grc' dir='ltr'><strong>παραδεκτὺν,</strong></span> <span class='ocrx_word' id='word_1_225' title='bbox 3332 1967 3532 2024; x_wconf 78' lang='grc' dir='ltr'><strong>ἁπολυ</strong></span> <span class='ocrx_word' id='word_1_226' title='bbox 3543 1983 3726 2039; x_wconf 85' lang='grc' dir='ltr'><strong>πραγ-</strong></span> 
     </span>
    </p>
   </div>
   <div class='ocr_carea' id='block_1_35' title="bbox 421 2057 1997 2136">
    <p class='ocr_par' dir='ltr' id='par_1_35' title="bbox 421 2061 1997 2134">
     <span class='ocr_line' id='line_1_35' title="bbox 421 2061 1997 2134; baseline 0.001 -18"><span class='ocrx_word' id='word_1_227' title='bbox 421 2062 570 2116; x_wconf 82' lang='lat' dir='ltr'><strong>riose</strong></span> <span class='ocrx_word' id='word_1_228' title='bbox 595 2063 926 2117; x_wconf 77' lang='lat' dir='ltr'><strong>exatuinari.</strong></span> <span class='ocrx_word' id='word_1_229' title='bbox 961 2061 1118 2128; x_wconf 78' lang='lat' dir='ltr'><strong>Quod</strong></span> <span class='ocrx_word' id='word_1_230' title='bbox 1147 2062 1298 2117; x_wconf 84' lang='lat' dir='ltr'><strong>enim</strong></span> <span class='ocrx_word' id='word_1_231' title='bbox 1331 2062 1648 2132; x_wconf 80' lang='lat' dir='ltr'><strong>rationibus</strong></span> <span class='ocrx_word' id='word_1_232' title='bbox 1675 2063 1997 2134; x_wconf 82' lang='lat' dir='ltr'><strong>inquiritur,</strong></span> 
     </span>
    </p>
   </div>
   <div class='ocr_carea' id='block_1_36' title="bbox 2146 2057 3722 2136">
    <p class='ocr_par' dir='ltr' id='par_1_36' title="bbox 2146 2057 3722 2136">
     <span class='ocr_line' id='line_1_36' title="bbox 2146 2057 3722 2136; baseline -0.003 -19"><span class='ocrx_word' id='word_1_233' title='bbox 2146 2063 2346 2134; x_wconf 66' lang='grc' dir='ltr'><strong>ιόνητον</strong></span> <span class='ocrx_word' id='word_1_234' title='bbox 2379 2060 2522 2118; x_wconf 74' lang='grc' dir='ltr'><strong>εἶναι</strong></span> <span class='ocrx_word' id='word_1_235' title='bbox 2551 2063 2683 2136; x_wconf 61' lang='grc' dir='ltr'><strong>χρήι</strong></span> <span class='ocrx_word' id='word_1_236' title='bbox 2733 2062 2808 2116; x_wconf 78' lang='lat' dir='ltr'><strong>To</strong></span> <span class='ocrx_word' id='word_1_237' title='bbox 2853 2062 2964 2134; x_wconf 84' lang='grc' dir='ltr'><strong>γὰρ</strong></span> <span class='ocrx_word' id='word_1_238' title='bbox 3007 2060 3453 2133; x_wconf 77' lang='grc' dir='ltr'><strong>βασανιζόμενον</strong></span> <span class='ocrx_word' id='word_1_239' title='bbox 3490 2058 3618 2123; x_wconf 82' lang='grc' dir='ltr'><strong>πῶς</strong></span> <span class='ocrx_word' id='word_1_240' title='bbox 3647 2057 3722 2112; x_wconf 81' lang='grc' dir='ltr'><strong>ἔτι</strong></span> 
     </span>
    </p>
   </div>
   <div class='ocr_carea' id='block_1_37' title="bbox 421 2154 1997 2224">
    <p class='ocr_par' dir='ltr' id='par_1_37' title="bbox 421 2154 1222 2224">
     <span class='ocr_line' id='line_1_37' title="bbox 421 2154 1222 2224; baseline 0.002 -18"><span class='ocrx_word' id='word_1_241' title='bbox 421 2155 702 2224; x_wconf 80' lang='lat' dir='ltr'><strong>quomodo</strong></span> <span class='ocrx_word' id='word_1_242' title='bbox 723 2155 828 2208; x_wconf 54' lang='lat' dir='ltr'><strong>alii)</strong></span> <span class='ocrx_word' id='word_1_243' title='bbox 841 2171 908 2208; x_wconf 91' lang='lat' dir='ltr'><strong>uc</strong></span> <span class='ocrx_word' id='word_1_244' title='bbox 937 2154 1222 2208; x_wconf 78' lang='lat' dir='ltr'><strong>creditur?</strong></span> 
     </span>
    </p>
   </div>
   <div class='ocr_carea' id='block_1_38' title="bbox 925 2154 2501 2224">
    <p class='ocr_par' dir='ltr' id='par_1_38' title="bbox 937 2154 2501 2223">
     <span class='ocr_line' id='line_1_38' title="bbox 937 2154 2501 2223; baseline 0 -15"><span class='ocrx_word' id='word_1_245' title='bbox 937 2154 1222 2208; x_wconf 83' lang='lat' dir='ltr'><strong>creditur?</strong></span> <span class='ocrx_word' id='word_1_246' title='bbox 2111 2157 2468 2210; x_wconf 77' lang='grc' dir='ltr'><strong>πεπίστευται</strong></span> <span class='ocrx_word' id='word_1_247' title='bbox 2488 2173 2501 2223; x_wconf 92' lang='grc'><strong>;</strong></span> 
     </span>
    </p>
   </div>
   <div class='ocr_carea' id='block_1_39' title="bbox 489 2241 2065 2320">
    <p class='ocr_par' dir='ltr' id='par_1_39' title="bbox 489 2245 2004 2320">
     <span class='ocr_line' id='line_1_39' title="bbox 489 2245 2004 2320; baseline 0.001 -19"><span class='ocrx_word' id='word_1_248' title='bbox 489 2246 657 2301; x_wconf 80' lang='lat' dir='ltr'><strong>Arist.</strong></span> <span class='ocrx_word' id='word_1_249' title='bbox 681 2275 751 2286; x_wconf 82' lang='lat'><strong><em>——</em></strong></span> <span class='ocrx_word' id='word_1_250' title='bbox 784 2245 1263 2320; x_wconf 79' lang='lat' dir='ltr'><strong>Quemadmodum</strong></span> <span class='ocrx_word' id='word_1_251' title='bbox 1284 2245 1340 2300; x_wconf 92' lang='lat' dir='ltr'><strong>in</strong></span> <span class='ocrx_word' id='word_1_252' title='bbox 1372 2246 1648 2304; x_wconf 88' lang='lat' dir='ltr'><strong>medicina</strong></span> <span class='ocrx_word' id='word_1_253' title='bbox 1684 2247 1804 2304; x_wconf 83' lang='lat' dir='ltr'><strong>ﬁeri</strong></span> <span class='ocrx_word' id='word_1_254' title='bbox 1827 2249 2004 2313; x_wconf 88' lang='lat' dir='ltr'><strong>aiunt,</strong></span> 
     </span>
    </p>
   </div>
   <div class='ocr_carea' id='block_1_40' title="bbox 2145 2241 3721 2320">
    <p class='ocr_par' dir='ltr' id='par_1_40' title="bbox 2193 2241 3721 2319">
     <span class='ocr_line' id='line_1_40' title="bbox 2193 2241 3721 2319; baseline -0.005 -17"><span class='ocrx_word' id='word_1_255' title='bbox 2193 2247 2482 2316; x_wconf 82' lang='grc' dir='ltr'><strong>Ἀριστοτ.</strong></span> <span class='ocrx_word' id='word_1_256' title='bbox 2513 2277 2588 2290; x_wconf 93' lang='lat'><strong>-—</strong></span> <span class='ocrx_word' id='word_1_257' title='bbox 2616 2247 2828 2318; x_wconf 81' lang='grc' dir='ltr'><strong>Ὥσπερ</strong></span> <span class='ocrx_word' id='word_1_258' title='bbox 2861 2245 3028 2317; x_wconf 75' lang='grc' dir='ltr'><strong>φασὶν</strong></span> <span class='ocrx_word' id='word_1_259' title='bbox 3083 2245 3143 2300; x_wconf 78' lang='grc' dir='ltr'><strong>ἐν</strong></span> <span class='ocrx_word' id='word_1_260' title='bbox 3197 2244 3482 2319; x_wconf 81' lang='grc' dir='ltr'><strong>ίατρικῇ,-</strong></span> <span class='ocrx_word' id='word_1_261' title='bbox 3514 2241 3589 2296; x_wconf 83' lang='grc' dir='ltr'><strong>τὰ</strong></span> <span class='ocrx_word' id='word_1_262' title='bbox 3649 2241 3721 2312; x_wconf 80' lang='grc' dir='ltr'><strong>μὴ</strong></span> 
     </span>
    </p>
   </div>
   <div class='ocr_carea' id='block_1_41' title="bbox 424 2327 2000 2412">
    <p class='ocr_par' dir='ltr' id='par_1_41' title="bbox 424 2336 2000 2409">
     <span class='ocr_line' id='line_1_41' title="bbox 424 2336 2000 2409; baseline 0.003 -19"><span class='ocrx_word' id='word_1_263' title='bbox 424 2345 487 2391; x_wconf 86' lang='grc' dir='ltr'><strong>ιιι</strong></span> <span class='ocrx_word' id='word_1_264' title='bbox 522 2351 755 2406; x_wconf 85' lang='lat' dir='ltr'><strong>corpora</strong></span> <span class='ocrx_word' id='word_1_265' title='bbox 779 2352 887 2391; x_wconf 91' lang='lat' dir='ltr'><strong>non</strong></span> <span class='ocrx_word' id='word_1_266' title='bbox 915 2351 1052 2405; x_wconf 90' lang='lat' dir='ltr'><strong>pura</strong></span> <span class='ocrx_word' id='word_1_267' title='bbox 1085 2350 1198 2406; x_wconf 89' lang='lat' dir='ltr'><strong>quo</strong></span> <span class='ocrx_word' id='word_1_268' title='bbox 1223 2336 1400 2408; x_wconf 84' lang='lat' dir='ltr'><strong>magis</strong></span> <span class='ocrx_word' id='word_1_269' title='bbox 1428 2337 1718 2402; x_wconf 89' lang='lat' dir='ltr'><strong>nutrieris,</strong></span> <span class='ocrx_word' id='word_1_270' title='bbox 1747 2353 1816 2394; x_wconf 91' lang='lat' dir='ltr'><strong>eo</strong></span> <span class='ocrx_word' id='word_1_271' title='bbox 1838 2339 2000 2409; x_wconf 77' lang='lat' dir='ltr'><strong>magis</strong></span> 
     </span>
    </p>
   </div>
   <div class='ocr_carea' id='block_1_42' title="bbox 2145 2327 3721 2412">
    <p class='ocr_par' dir='ltr' id='par_1_42' title="bbox 2145 2327 3721 2412">
     <span class='ocr_line' id='line_1_42' title="bbox 2145 2327 3721 2412; baseline -0.007 -17"><span class='ocrx_word' id='word_1_272' title='bbox 2145 2339 2332 2412; x_wconf 83' lang='grc' dir='ltr'><strong>αθαρὰ</strong></span> <span class='ocrx_word' id='word_1_273' title='bbox 2373 2339 2483 2394; x_wconf 83' lang='grc' dir='ltr'><strong>τῶν</strong></span> <span class='ocrx_word' id='word_1_274' title='bbox 2538 2327 2809 2410; x_wconf 66' lang='grc' dir='ltr'><strong>σωμάτων</strong></span> <span class='ocrx_word' id='word_1_275' title='bbox 2851 2338 3038 2406; x_wconf 80' lang='grc' dir='ltr'><strong>ὁπόσῳ</strong></span> <span class='ocrx_word' id='word_1_276' title='bbox 3089 2336 3156 2392; x_wconf 88' lang='grc' dir='ltr'><strong>ἂν</strong></span> <span class='ocrx_word' id='word_1_277' title='bbox 3206 2335 3452 2408; x_wconf 77' lang='grc' dir='ltr'><strong>Θρέψῃς,</strong></span> <span class='ocrx_word' id='word_1_278' title='bbox 3519 2333 3721 2406; x_wconf 78' lang='grc' dir='ltr'><strong>μᾶλλον</strong></span> 
     </span>
    </p>
   </div>
   <div class='ocr_carea' id='block_1_43' title="bbox 422 2421 1998 2502">
    <p class='ocr_par' dir='ltr' id='par_1_43' title="bbox 422 2423 1998 2498">
     <span class='ocr_line' id='line_1_43' title="bbox 422 2423 1998 2498; baseline 0.003 -21"><span class='ocrx_word' id='word_1_279' title='bbox 422 2423 613 2488; x_wconf 62' lang='lat' dir='ltr'><strong>laedas,</strong></span> <span class='ocrx_word' id='word_1_280' title='bbox 646 2423 737 2493; x_wconf 85' lang='lat' dir='ltr'><strong>qui</strong></span> <span class='ocrx_word' id='word_1_281' title='bbox 763 2423 1028 2478; x_wconf 91' lang='lat' dir='ltr'><strong>nimirum</strong></span> <span class='ocrx_word' id='word_1_282' title='bbox 1053 2426 1333 2498; x_wconf 86' lang='lat' dir='ltr'><strong>corruptis</strong></span> <span class='ocrx_word' id='word_1_283' title='bbox 1354 2426 1690 2482; x_wconf 89' lang='lat' dir='ltr'><strong>humoribus</strong></span> <span class='ocrx_word' id='word_1_284' title='bbox 1714 2429 1998 2489; x_wconf 82' lang='lat' dir='ltr'><strong>materiam</strong></span> 
     </span>
    </p>
   </div>
   <div class='ocr_carea' id='block_1_44' title="bbox 2145 2421 3721 2502">
    <p class='ocr_par' dir='ltr' id='par_1_44' title="bbox 2149 2421 3721 2501">
     <span class='ocr_line' id='line_1_44' title="bbox 2149 2421 3721 2501; baseline -0.009 -16"><span class='ocrx_word' id='word_1_285' title='bbox 2149 2429 2340 2501; x_wconf 84' lang='grc' dir='ltr'><strong>λάψεις</strong></span> <span class='ocrx_word' id='word_1_286' title='bbox 2403 2429 2537 2499; x_wconf 81' lang='grc' dir='ltr'><strong>ὓλην</strong></span> <span class='ocrx_word' id='word_1_287' title='bbox 2573 2427 2864 2484; x_wconf 78' lang='grc' dir='ltr'><strong>ὑποϐαλὼν</strong></span> <span class='ocrx_word' id='word_1_288' title='bbox 2889 2430 2958 2500; x_wconf 82' lang='grc' dir='ltr'><strong>τῇ</strong></span> <span class='ocrx_word' id='word_1_289' title='bbox 3009 2423 3328 2498; x_wconf 83' lang='grc' dir='ltr'><strong>κακοχυμίᾳ</strong></span> <span class='ocrx_word' id='word_1_290' title='bbox 3361 2439 3378 2452; x_wconf 89' lang='grc'><strong>·</strong></span> <span class='ocrx_word' id='word_1_291' title='bbox 3428 2421 3585 2478; x_wconf 72' lang='grc' dir='ltr'><strong>οὕτω</strong></span> <span class='ocrx_word' id='word_1_292' title='bbox 3631 2421 3721 2474; x_wconf 69' lang='grc' dir='ltr'><strong>καὶ</strong></span> 
     </span>
    </p>
   </div>
   <div class='ocr_carea' id='block_1_45' title="bbox 421 2511 1997 2595">
    <p class='ocr_par' dir='ltr' id='par_1_45' title="bbox 421 2511 1997 2588">
     <span class='ocr_line' id='line_1_45' title="bbox 421 2511 1997 2588; baseline 0.005 -24"><span class='ocrx_word' id='word_1_293' title='bbox 421 2527 496 2565; x_wconf 83' lang='lat' dir='ltr'><strong>ac.</strong></span> <span class='ocrx_word' id='word_1_294' title='bbox 523 2511 824 2566; x_wconf 61' lang='lat' dir='ltr'><strong>renuentum</strong></span> <span class='ocrx_word' id='word_1_295' title='bbox 862 2513 1154 2584; x_wconf 88' lang='lat' dir='ltr'><strong>subjicias;</strong></span> <span class='ocrx_word' id='word_1_296' title='bbox 1191 2515 1274 2570; x_wconf 89' lang='lat' dir='ltr'><strong>sic</strong></span> <span class='ocrx_word' id='word_1_297' title='bbox 1299 2521 1355 2570; x_wconf 89' lang='lat' dir='ltr'><strong>et</strong></span> <span class='ocrx_word' id='word_1_298' title='bbox 1382 2515 1477 2585; x_wconf 90' lang='lat' dir='ltr'><strong>qui</strong></span> <span class='ocrx_word' id='word_1_299' title='bbox 1517 2516 1704 2586; x_wconf 87' lang='lat' dir='ltr'><strong>pravis</strong></span> <span class='ocrx_word' id='word_1_300' title='bbox 1731 2516 1997 2588; x_wconf 87' lang='lat' dir='ltr'><strong>opinioni-</strong></span> 
     </span>
    </p>
   </div>
   <div class='ocr_carea' id='block_1_46' title="bbox 2145 2511 3721 2595">
    <p class='ocr_par' dir='ltr' id='par_1_46' title="bbox 2145 2513 3721 2595">
     <span class='ocr_line' id='line_1_46' title="bbox 2145 2513 3721 2595; baseline -0.006 -24"><span class='ocrx_word' id='word_1_301' title='bbox 2145 2523 2292 2594; x_wconf 67' lang='grc' dir='ltr'><strong>νυχὴν</strong></span> <span class='ocrx_word' id='word_1_302' title='bbox 2321 2522 2618 2595; x_wconf 78' lang='grc' dir='ltr'><strong>μοχθηροῖς</strong></span> <span class='ocrx_word' id='word_1_303' title='bbox 2645 2521 2881 2591; x_wconf 86' lang='grc' dir='ltr'><strong>δόγμασι</strong></span> <span class='ocrx_word' id='word_1_304' title='bbox 2911 2515 3517 2592; x_wconf 79' lang='grc' dir='ltr'><strong>προκατειλημμένην,</strong></span> <span class='ocrx_word' id='word_1_305' title='bbox 3536 2513 3721 2580; x_wconf 73' lang='grc' dir='ltr'><strong>όπόσῳ</strong></span> 
     </span>
    </p>
   </div>
   <div class='ocr_carea' id='block_1_47' title="bbox 423 2601 1999 2685">
    <p class='ocr_par' dir='ltr' id='par_1_47' title="bbox 423 2601 1999 2680">
     <span class='ocr_line' id='line_1_47' title="bbox 423 2601 1999 2680; baseline 0.004 -24"><span class='ocrx_word' id='word_1_306' title='bbox 423 2601 531 2656; x_wconf 90' lang='lat' dir='ltr'><strong>bus</strong></span> <span class='ocrx_word' id='word_1_307' title='bbox 585 2610 1006 2672; x_wconf 84' lang='lat' dir='ltr'><strong>praeoccupatus</strong></span> <span class='ocrx_word' id='word_1_308' title='bbox 1033 2603 1125 2668; x_wconf 88' lang='lat' dir='ltr'><strong>sit,</strong></span> <span class='ocrx_word' id='word_1_309' title='bbox 1153 2619 1266 2674; x_wconf 89' lang='lat' dir='ltr'><strong>quo</strong></span> <span class='ocrx_word' id='word_1_310' title='bbox 1287 2603 1412 2674; x_wconf 86' lang='lat' dir='ltr'><strong>plus</strong></span> <span class='ocrx_word' id='word_1_311' title='bbox 1433 2604 1712 2673; x_wconf 90' lang='lat' dir='ltr'><strong>docueris,</strong></span> <span class='ocrx_word' id='word_1_312' title='bbox 1743 2624 1810 2664; x_wconf 92' lang='lat' dir='ltr'><strong>eo</strong></span> <span class='ocrx_word' id='word_1_313' title='bbox 1836 2609 1999 2680; x_wconf 78' lang='lat' dir='ltr'><strong>magis</strong></span> 
     </span>
    </p>
   </div>
   <div class='ocr_carea' id='block_1_48' title="bbox 2141 2601 3717 2685">
    <p class='ocr_par' dir='ltr' id='par_1_48' title="bbox 2141 2604 3717 2685">
     <span class='ocr_line' id='line_1_48' title="bbox 2141 2604 3717 2685; baseline -0.008 -17"><span class='ocrx_word' id='word_1_314' title='bbox 2141 2632 2181 2668; x_wconf 73' lang='grc' dir='ltr'><strong>ιν</strong></span> <span class='ocrx_word' id='word_1_315' title='bbox 2211 2613 2450 2685; x_wconf 81' lang='grc' dir='ltr'><strong>διδάξῃς,</strong></span> <span class='ocrx_word' id='word_1_316' title='bbox 2489 2611 2689 2684; x_wconf 84' lang='grc' dir='ltr'><strong>μᾶλλον</strong></span> <span class='ocrx_word' id='word_1_317' title='bbox 2721 2611 2970 2683; x_wconf 80' lang='grc' dir='ltr'><strong>βλάψεις,</strong></span> <span class='ocrx_word' id='word_1_318' title='bbox 3029 2608 3288 2683; x_wconf 78' lang='grc' dir='ltr'><strong>μείζονας</strong></span> <span class='ocrx_word' id='word_1_319' title='bbox 3337 2605 3532 2678; x_wconf 81' lang='grc' dir='ltr'><strong>ἀρχὰς</strong></span> <span class='ocrx_word' id='word_1_320' title='bbox 3584 2604 3717 2674; x_wconf 81' lang='grc' dir='ltr'><strong>αὐτῇ</strong></span> 
     </span>
    </p>
   </div>
   <div class='ocr_carea' id='block_1_49' title="bbox 421 2694 1997 2778">
    <p class='ocr_par' dir='ltr' id='par_1_49' title="bbox 421 2694 1997 2770">
     <span class='ocr_line' id='line_1_49' title="bbox 421 2694 1997 2770; baseline 0.005 -22"><span class='ocrx_word' id='word_1_321' title='bbox 421 2694 611 2758; x_wconf 74' lang='lat' dir='ltr'><strong>ltedes,</strong></span> <span class='ocrx_word' id='word_1_322' title='bbox 663 2695 902 2765; x_wconf 85' lang='lat' dir='ltr'><strong>majores</strong></span> <span class='ocrx_word' id='word_1_323' title='bbox 955 2695 1193 2752; x_wconf 89' lang='lat' dir='ltr'><strong>subinde</strong></span> <span class='ocrx_word' id='word_1_324' title='bbox 1239 2697 1382 2756; x_wconf 82' lang='lat' dir='ltr'><strong>male</strong></span> <span class='ocrx_word' id='word_1_325' title='bbox 1442 2697 1690 2770; x_wconf 77' lang='lat' dir='ltr'><strong>falsoque</strong></span> <span class='ocrx_word' id='word_1_326' title='bbox 1728 2700 1997 2756; x_wconf 86' lang='lat' dir='ltr'><strong>sentiendi</strong></span> 
     </span>
    </p>
   </div>
   <div class='ocr_carea' id='block_1_50' title="bbox 1320 2694 2896 2778">
    <p class='ocr_par' dir='ltr' id='par_1_50' title="bbox 1320 2697 2896 2778">
     <span class='ocr_line' id='line_1_50' title="bbox 1320 2697 2896 2778; baseline 0.004 -26"><span class='ocrx_word' id='word_1_327' title='bbox 1320 2697 1382 2752; x_wconf 69' lang='lat' dir='ltr'><strong>ile</strong></span> <span class='ocrx_word' id='word_1_328' title='bbox 1442 2697 1690 2770; x_wconf 78' lang='lat' dir='ltr'><strong>falsoque</strong></span> <span class='ocrx_word' id='word_1_329' title='bbox 1728 2700 2010 2757; x_wconf 81' lang='lat' dir='ltr'><strong>sentiendi</strong></span> <span class='ocrx_word' id='word_1_330' title='bbox 2113 2706 2213 2778; x_wconf 78' lang='grc' dir='ltr'><strong>τῆς</strong></span> <span class='ocrx_word' id='word_1_331' title='bbox 2245 2704 2592 2778; x_wconf 78' lang='grc' dir='ltr'><strong>ψευδοδοξίας</strong></span> <span class='ocrx_word' id='word_1_332' title='bbox 2617 2703 2896 2776; x_wconf 79' lang='grc' dir='ltr'><strong>παρέχων.</strong></span> 
     </span>
    </p>
   </div>
   <div class='ocr_carea' id='block_1_51' title="bbox 420 2787 1058 2858">
    <p class='ocr_par' dir='ltr' id='par_1_51' title="bbox 420 2787 1058 2858">
     <span class='ocr_line' id='line_1_51' title="bbox 420 2787 1058 2858; baseline 0 -16"><span class='ocrx_word' id='word_1_333' title='bbox 420 2787 746 2844; x_wconf 89' lang='lat' dir='ltr'><strong>occasiones</strong></span> <span class='ocrx_word' id='word_1_334' title='bbox 783 2787 1058 2858; x_wconf 80' lang='lat' dir='ltr'><strong>praebens.</strong></span> 
     </span>
    </p>
   </div>
   <div class='ocr_carea' id='block_1_52' title="bbox 1026 2901 2602 2960">
    <p class='ocr_par' dir='ltr' id='par_1_52' title="bbox 1026 2902 1404 2960">
     <span class='ocr_line' id='line_1_52' title="bbox 1026 2902 1404 2960; baseline 0 -2"><span class='ocrx_word' id='word_1_335' title='bbox 1026 2902 1260 2960; x_wconf 75' lang='lat' dir='ltr'><strong>SERMO</strong></span> <span class='ocrx_word' id='word_1_336' title='bbox 1293 2903 1404 2960; x_wconf 88' lang='lat' dir='ltr'><strong>Lll.</strong></span> 
     </span>
    </p>
   </div>
   <div class='ocr_carea' id='block_1_53' title="bbox 1592 2901 3168 2960">
    <p class='ocr_par' dir='ltr' id='par_1_53' title="bbox 2651 2901 3168 2958">
     <span class='ocr_line' id='line_1_53' title="bbox 2651 2901 3168 2958; baseline -0.002 -1"><span class='ocrx_word' id='word_1_337' title='bbox 2651 2903 2872 2958; x_wconf 82' lang='grc' dir='ltr'>ΛΟΓΟΣ</span> <span class='ocrx_word' id='word_1_338' title='bbox 2930 2902 3040 2956; x_wconf 87' lang='lat' dir='ltr'><strong>NB’</strong></span> <span class='ocrx_word' id='word_1_339' title='bbox 3104 2901 3168 2956; x_wconf 79' lang='grc'><strong>⁸⁸.</strong></span> 
     </span>
    </p>
   </div>
   <div class='ocr_carea' id='block_1_54' title="bbox 1027 2992 2603 3064">
    <p class='ocr_par' dir='ltr' id='par_1_54' title="bbox 1027 2992 1409 3050">
     <span class='ocr_line' id='line_1_54' title="bbox 1027 2992 1409 3050; baseline 0.013 -5"><span class='ocrx_word' id='word_1_340' title='bbox 1027 2992 1100 3046; x_wconf 82' lang='lat' dir='ltr'><strong>De</strong></span> <span class='ocrx_word' id='word_1_341' title='bbox 1134 2996 1409 3050; x_wconf 83' lang='lat' dir='ltr'><strong>memoria.</strong></span> 
     </span>
    </p>
   </div>
   <div class='ocr_carea' id='block_1_55' title="bbox 1541 2992 3117 3064">
    <p class='ocr_par' dir='ltr' id='par_1_55' title="bbox 2679 2993 3117 3064">
     <span class='ocr_line' id='line_1_55' title="bbox 2679 2993 3117 3064; baseline -0.009 0"><span class='ocrx_word' id='word_1_342' title='bbox 2679 2995 2817 3064; x_wconf 67' lang='grc' dir='ltr'><strong>Περὶ</strong></span> <span class='ocrx_word' id='word_1_343' title='bbox 2851 2993 3117 3064; x_wconf 74' lang='grc' dir='ltr'><strong>μνήμης·</strong></span> 
     </span>
    </p>
   </div>
   <div class='ocr_carea' id='block_1_56' title="bbox 366 3077 1942 3161">
    <p class='ocr_par' dir='ltr' id='par_1_56' title="bbox 366 3081 1942 3161">
     <span class='ocr_line' id='line_1_56' title="bbox 366 3081 1942 3161; baseline 0.007 -26"><span class='ocrx_word' id='word_1_344' title='bbox 366 3083 379 3094; x_wconf 82' lang='grc'><strong><em>⁸</em></strong></span> <span class='ocrx_word' id='word_1_345' title='bbox 491 3081 621 3137; x_wconf 87' lang='lat' dir='ltr'><strong>Luc.</strong></span> <span class='ocrx_word' id='word_1_346' title='bbox 658 3099 786 3148; x_wconf 82' lang='lat' dir='ltr'><strong>xm,</strong></span> <span class='ocrx_word' id='word_1_347' title='bbox 832 3081 919 3138; x_wconf 84' lang='lat' dir='ltr'><strong>l9.</strong></span> <span class='ocrx_word' id='word_1_348' title='bbox 962 3114 1032 3124; x_wconf 92' lang='lat'><strong>—</strong></span> <span class='ocrx_word' id='word_1_349' title='bbox 1063 3085 1178 3140; x_wconf 84' lang='lat' dir='ltr'><strong>Hoc</strong></span> <span class='ocrx_word' id='word_1_350' title='bbox 1224 3095 1311 3140; x_wconf 88' lang='lat' dir='ltr'><strong>est</strong></span> <span class='ocrx_word' id='word_1_351' title='bbox 1357 3103 1560 3159; x_wconf 88' lang='lat' dir='ltr'><strong>corpus</strong></span> <span class='ocrx_word' id='word_1_352' title='bbox 1609 3104 1817 3155; x_wconf 88' lang='lat' dir='ltr'><strong>meum,</strong></span> <span class='ocrx_word' id='word_1_353' title='bbox 1860 3107 1942 3161; x_wconf 43' lang='lat' dir='ltr'><strong>qui</strong></span> 
     </span>
    </p>
   </div>
   <div class='ocr_carea' id='block_1_57' title="bbox 2139 3077 3715 3161">
    <p class='ocr_par' dir='ltr' id='par_1_57' title="bbox 2189 3077 3715 3156">
     <span class='ocr_line' id='line_1_57' title="bbox 2189 3077 3715 3156; baseline -0.008 -12"><span class='ocrx_word' id='word_1_354' title='bbox 2189 3093 2374 3144; x_wconf 80' lang='grc' dir='ltr'><strong>Λουκ.</strong></span> <span class='ocrx_word' id='word_1_355' title='bbox 2415 3087 2532 3154; x_wconf 71' lang='grc' dir='ltr'><strong>κ,ϐ’.</strong></span> <span class='ocrx_word' id='word_1_356' title='bbox 2552 3117 2626 3130; x_wconf 89' lang='grc'><strong>-</strong></span> <span class='ocrx_word' id='word_1_357' title='bbox 2651 3087 2822 3144; x_wconf 76' lang='grc' dir='ltr'><strong>Τοῦτό</strong></span> <span class='ocrx_word' id='word_1_358' title='bbox 2849 3089 2965 3142; x_wconf 69' lang='grc' dir='ltr'><strong>ἐστι</strong></span> <span class='ocrx_word' id='word_1_359' title='bbox 2994 3086 3056 3139; x_wconf 85' lang='grc' dir='ltr'><strong>τδ</strong></span> <span class='ocrx_word' id='word_1_360' title='bbox 3097 3083 3260 3156; x_wconf 82' lang='grc' dir='ltr'><strong>σῶμά</strong></span> <span class='ocrx_word' id='word_1_361' title='bbox 3319 3099 3456 3154; x_wconf 88' lang='grc' dir='ltr'><strong>μου,</strong></span> <span class='ocrx_word' id='word_1_362' title='bbox 3489 3079 3554 3134; x_wconf 85' lang='grc' dir='ltr'><strong>τδ</strong></span> <span class='ocrx_word' id='word_1_363' title='bbox 3579 3077 3715 3148; x_wconf 79' lang='grc' dir='ltr'><strong>ὑπὲρ</strong></span> 
     </span>
    </p>
   </div>
   <div class='ocr_carea' id='block_1_58' title="bbox 423 3168 1999 3252">
    <p class='ocr_par' dir='ltr' id='par_1_58' title="bbox 423 3173 1999 3246">
     <span class='ocr_line' id='line_1_58' title="bbox 423 3173 1999 3246; baseline 0.005 -18"><span class='ocrx_word' id='word_1_364' title='bbox 423 3188 526 3246; x_wconf 89' lang='lat' dir='ltr'><strong>pro</strong></span> <span class='ocrx_word' id='word_1_365' title='bbox 565 3173 725 3228; x_wconf 87' lang='lat' dir='ltr'><strong>vobis</strong></span> <span class='ocrx_word' id='word_1_366' title='bbox 753 3174 950 3229; x_wconf 85' lang='lat' dir='ltr'><strong>datur:</strong></span> <span class='ocrx_word' id='word_1_367' title='bbox 978 3175 1086 3230; x_wconf 86' lang='lat' dir='ltr'><strong>hoc</strong></span> <span class='ocrx_word' id='word_1_368' title='bbox 1114 3175 1277 3232; x_wconf 80' lang='lat' dir='ltr'><strong>facite</strong></span> <span class='ocrx_word' id='word_1_369' title='bbox 1309 3179 1363 3232; x_wconf 91' lang='lat' dir='ltr'><strong>in</strong></span> <span class='ocrx_word' id='word_1_370' title='bbox 1395 3180 1503 3234; x_wconf 90' lang='lat' dir='ltr'><strong>mei</strong></span> <span class='ocrx_word' id='word_1_371' title='bbox 1539 3181 1999 3238; x_wconf 75' lang='lat' dir='ltr'><strong>recordationem</strong></span> 
     </span>
    </p>
   </div>
   <div class='ocr_carea' id='block_1_59' title="bbox 2141 3168 3717 3252">
    <p class='ocr_par' dir='ltr' id='par_1_59' title="bbox 2141 3169 3717 3252">
     <span class='ocr_line' id='line_1_59' title="bbox 2141 3169 3717 3252; baseline 0.001 -23"><span class='ocrx_word' id='word_1_372' title='bbox 2141 3179 2270 3252; x_wconf 63' lang='grc' dir='ltr'><strong>υμῶν</strong></span> <span class='ocrx_word' id='word_1_373' title='bbox 2301 3179 2578 3250; x_wconf 82' lang='grc' dir='ltr'><strong>διδόμενον</strong></span> <span class='ocrx_word' id='word_1_374' title='bbox 2599 3193 2614 3210; x_wconf 75' lang='grc' dir='ltr'><strong><em>ο</em></strong></span> <span class='ocrx_word' id='word_1_375' title='bbox 2641 3179 2812 3234; x_wconf 74' lang='grc' dir='ltr'><strong>τοῦτο</strong></span> <span class='ocrx_word' id='word_1_376' title='bbox 2865 3180 3070 3232; x_wconf 84' lang='grc' dir='ltr'><strong>ποιεῖτε</strong></span> <span class='ocrx_word' id='word_1_377' title='bbox 3101 3178 3185 3240; x_wconf 85' lang='grc' dir='ltr'><strong>είς</strong></span> <span class='ocrx_word' id='word_1_378' title='bbox 3229 3175 3332 3247; x_wconf 71' lang='grc' dir='ltr'><strong>τὴν</strong></span> <span class='ocrx_word' id='word_1_379' title='bbox 3385 3174 3536 3246; x_wconf 67' lang='grc' dir='ltr'><strong>ἐμὴν</strong></span> <span class='ocrx_word' id='word_1_380' title='bbox 3588 3169 3717 3230; x_wconf 77' lang='grc' dir='ltr'><strong>ἀνά-</strong></span> 
     </span>
    </p>
   </div>
   <div class='ocr_carea' id='block_1_60' title="bbox 1542 3290 2338 3344">
    <p class='ocr_par' dir='ltr' id='par_1_60' title="bbox 1542 3290 2338 3344">
     <span class='ocr_line' id='line_1_60' title="bbox 1542 3290 2338 3344; baseline -0.001 -16"><span class='ocrx_word' id='word_1_381' title='bbox 1542 3312 1553 3319; x_wconf 74' lang='grc'><strong>.</strong></span> <span class='ocrx_word' id='word_1_382' title='bbox 2118 3290 2338 3344; x_wconf 82' lang='grc' dir='ltr'><strong>μνησιν.</strong></span> 
     </span>
    </p>
   </div>
   <div class='ocr_carea' id='block_1_61' title="bbox 464 3347 2040 3442">
    <p class='ocr_par' dir='ltr' id='par_1_61' title="bbox 464 3347 2014 3421">
     <span class='ocr_line' id='line_1_61' title="bbox 464 3347 2014 3421; baseline 0.011 -17"><span class='ocrx_word' id='word_1_383' title='bbox 464 3347 526 3406; x_wconf 77' lang='lat' dir='ltr'><strong>II</strong></span> <span class='ocrx_word' id='word_1_384' title='bbox 559 3351 692 3406; x_wconf 83' lang='lat' dir='ltr'><strong>Tim.</strong></span> <span class='ocrx_word' id='word_1_385' title='bbox 717 3368 778 3418; x_wconf 90' lang='grc' dir='ltr'><strong>ιι,</strong></span> <span class='ocrx_word' id='word_1_386' title='bbox 804 3351 856 3406; x_wconf 88' lang='grc'><strong>8.</strong></span> <span class='ocrx_word' id='word_1_387' title='bbox 882 3381 953 3392; x_wconf 90' lang='grc'><strong><em>-</em></strong></span> <span class='ocrx_word' id='word_1_388' title='bbox 985 3353 1196 3410; x_wconf 85' lang='lat' dir='ltr'><strong>Memor</strong></span> <span class='ocrx_word' id='word_1_389' title='bbox 1221 3367 1344 3414; x_wconf 87' lang='lat' dir='ltr'><strong>esto</strong></span> <span class='ocrx_word' id='word_1_390' title='bbox 1372 3359 1666 3414; x_wconf 90' lang='lat' dir='ltr'><strong>Dominum</strong></span> <span class='ocrx_word' id='word_1_391' title='bbox 1696 3361 1885 3418; x_wconf 84' lang='lat' dir='ltr'><strong>Jesum</strong></span> <span class='ocrx_word' id='word_1_392' title='bbox 1922 3381 2014 3421; x_wconf 88' lang='lat' dir='ltr'><strong>re-</strong></span> 
     </span>
    </p>
   </div>
   <div class='ocr_carea' id='block_1_62' title="bbox 2141 3347 3717 3442">
    <p class='ocr_par' dir='ltr' id='par_1_62' title="bbox 2177 3357 3717 3442">
     <span class='ocr_line' id='line_1_62' title="bbox 2177 3357 3717 3442; baseline -0.001 -45"><span class='ocrx_word' id='word_1_393' title='bbox 2177 3362 2237 3420; x_wconf 72' lang='grc' dir='ltr'><strong>Αν</strong></span> <span class='ocrx_word' id='word_1_394' title='bbox 2284 3367 2407 3434; x_wconf 53' lang='lat' dir='ltr'><strong>Tm.</strong></span> <span class='ocrx_word' id='word_1_395' title='bbox 2435 3363 2501 3435; x_wconf 76' lang='grc' dir='ltr'><strong>βυ,</strong></span> <span class='ocrx_word' id='word_1_396' title='bbox 2537 3363 2956 3435; x_wconf 83' lang='grc' dir='ltr'><strong>...Μνημόνευε</strong></span> <span class='ocrx_word' id='word_1_397' title='bbox 3019 3360 3228 3432; x_wconf 79' lang='grc' dir='ltr'><strong>Ἰησοῦν</strong></span> <span class='ocrx_word' id='word_1_398' title='bbox 3287 3357 3541 3442; x_wconf 82' lang='grc' dir='ltr'><strong>Χριστὸν</strong></span> <span class='ocrx_word' id='word_1_399' title='bbox 3589 3357 3717 3428; x_wconf 66' lang='grc' dir='ltr'><strong>ἐτη-</strong></span> 
     </span>
    </p>
   </div>
   <div class='ocr_carea' id='block_1_63' title="bbox 425 3443 2001 3528">
    <p class='ocr_par' dir='ltr' id='par_1_63' title="bbox 425 3443 1126 3503">
     <span class='ocr_line' id='line_1_63' title="bbox 425 3443 1126 3503; baseline 0.004 -5"><span class='ocrx_word' id='word_1_400' title='bbox 425 3443 740 3501; x_wconf 78' lang='lat' dir='ltr'><strong>surrexisse</strong></span> <span class='ocrx_word' id='word_1_401' title='bbox 767 3459 836 3503; x_wconf 78' lang='lat' dir='ltr'><strong>ex</strong></span> <span class='ocrx_word' id='word_1_402' title='bbox 864 3445 1126 3501; x_wconf 90' lang='lat' dir='ltr'><strong>mortuis.</strong></span> 
     </span>
    </p>
   </div>
   <div class='ocr_carea' id='block_1_64' title="bbox 1180 3443 2756 3528">
    <p class='ocr_par' dir='ltr' id='par_1_64' title="bbox 2117 3455 2756 3528">
     <span class='ocr_line' id='line_1_64' title="bbox 2117 3455 2756 3528; baseline 0.003 -18"><span class='ocrx_word' id='word_1_403' title='bbox 2117 3455 2387 3528; x_wconf 84' lang='grc' dir='ltr'><strong>γερμένον</strong></span> <span class='ocrx_word' id='word_1_404' title='bbox 2427 3459 2492 3509; x_wconf 80' lang='grc' dir='ltr'><strong>ὲκ</strong></span> <span class='ocrx_word' id='word_1_405' title='bbox 2526 3455 2756 3528; x_wconf 83' lang='grc' dir='ltr'><strong>νεκρῶν.</strong></span> 
     </span>
    </p>
   </div>
   <div class='ocr_carea' id='block_1_65' title="bbox 493 3529 2069 3619">
    <p class='ocr_par' dir='ltr' id='par_1_65' title="bbox 493 3529 2011 3617">
     <span class='ocr_line' id='line_1_65' title="bbox 493 3529 2011 3617; baseline 0.012 -29"><span class='ocrx_word' id='word_1_406' title='bbox 493 3532 656 3590; x_wconf 82' lang='lat' dir='ltr'><strong>Prov.</strong></span> <span class='ocrx_word' id='word_1_407' title='bbox 711 3550 767 3600; x_wconf 73' lang='grc' dir='ltr'><strong>κ,</strong></span> <span class='ocrx_word' id='word_1_408' title='bbox 824 3535 874 3590; x_wconf 85' lang='grc'><strong>7.</strong></span> <span class='ocrx_word' id='word_1_409' title='bbox 927 3566 998 3578; x_wconf 83' lang='grc'><strong>--</strong></span> <span class='ocrx_word' id='word_1_410' title='bbox 1043 3539 1308 3598; x_wconf 85' lang='lat' dir='ltr'><strong>Memoria</strong></span> <span class='ocrx_word' id='word_1_411' title='bbox 1359 3543 1496 3614; x_wconf 90' lang='lat' dir='ltr'><strong>justi</strong></span> <span class='ocrx_word' id='word_1_412' title='bbox 1539 3529 1665 3600; x_wconf 85' lang='lat' dir='ltr'><strong>eum</strong></span> <span class='ocrx_word' id='word_1_413' title='bbox 1713 3547 2011 3617; x_wconf 85' lang='lat' dir='ltr'><strong>laudibus;</strong></span> 
     </span>
    </p>
   </div>
   <div class='ocr_carea' id='block_1_66' title="bbox 2137 3529 3713 3619">
    <p class='ocr_par' dir='ltr' id='par_1_66' title="bbox 2187 3541 3713 3619">
     <span class='ocr_line' id='line_1_66' title="bbox 2187 3541 3713 3619; baseline -0.005 -17"><span class='ocrx_word' id='word_1_414' title='bbox 2187 3551 2432 3616; x_wconf 72' lang='grc' dir='ltr'><strong>Παροιμ.</strong></span> <span class='ocrx_word' id='word_1_415' title='bbox 2470 3554 2527 3603; x_wconf 82' lang='grc' dir='ltr'><strong>ι’.</strong></span> <span class='ocrx_word' id='word_1_416' title='bbox 2554 3575 2627 3588; x_wconf 85' lang='lat'><strong>--</strong></span> <span class='ocrx_word' id='word_1_417' title='bbox 2653 3549 2858 3619; x_wconf 84' lang='grc' dir='ltr'><strong>Μνήμη</strong></span> <span class='ocrx_word' id='word_1_418' title='bbox 2920 3545 3132 3601; x_wconf 87' lang='grc' dir='ltr'><strong>δικαίου</strong></span> <span class='ocrx_word' id='word_1_419' title='bbox 3193 3544 3314 3618; x_wconf 82' lang='grc' dir='ltr'><strong>μετ’</strong></span> <span class='ocrx_word' id='word_1_420' title='bbox 3366 3541 3670 3615; x_wconf 71' lang='grc' dir='ltr'><strong>ἐγκωμίων</strong></span> <span class='ocrx_word' id='word_1_421' title='bbox 3697 3553 3713 3570; x_wconf 86' lang='grc'><strong>·</strong></span> 
     </span>
    </p>
   </div>
   <div class='ocr_carea' id='block_1_67' title="bbox 425 3631 2001 3710">
    <p class='ocr_par' dir='ltr' id='par_1_67' title="bbox 425 3631 1974 3706">
     <span class='ocr_line' id='line_1_67' title="bbox 425 3631 1974 3706; baseline 0.008 -22"><span class='ocrx_word' id='word_1_422' title='bbox 425 3643 632 3684; x_wconf 86' lang='lat' dir='ltr'><strong>nomen</strong></span> <span class='ocrx_word' id='word_1_423' title='bbox 667 3643 853 3687; x_wconf 88' lang='lat' dir='ltr'><strong>autem</strong></span> <span class='ocrx_word' id='word_1_424' title='bbox 896 3631 1197 3702; x_wconf 90' lang='lat' dir='ltr'><strong>impiorum</strong></span> <span class='ocrx_word' id='word_1_425' title='bbox 1228 3635 1632 3706; x_wconf 68' lang='lat' dir='ltr'><strong>exstinguetur.</strong></span> <span class='ocrx_word' id='word_1_426' title='bbox 1971 3685 1974 3689; x_wconf 92' lang='lat'><strong>.</strong></span> 
     </span>
    </p>
   </div>
   <div class='ocr_carea' id='block_1_68' title="bbox 1390 3631 2966 3710">
    <p class='ocr_par' dir='ltr' id='par_1_68' title="bbox 1390 3639 2966 3710">
     <span class='ocr_line' id='line_1_68' title="bbox 1390 3639 2966 3710; baseline 0.002 -21"><span class='ocrx_word' id='word_1_427' title='bbox 1390 3646 1632 3706; x_wconf 81' lang='lat' dir='ltr'><strong>lguetur.</strong></span> <span class='ocrx_word' id='word_1_428' title='bbox 1971 3685 1974 3689; x_wconf 95' lang='lat'><strong>.</strong></span> <span class='ocrx_word' id='word_1_429' title='bbox 2119 3640 2292 3710; x_wconf 72' lang='grc' dir='ltr'><strong>ὄνομα</strong></span> <span class='ocrx_word' id='word_1_430' title='bbox 2322 3639 2378 3692; x_wconf 83' lang='grc' dir='ltr'><strong>δὲ</strong></span> <span class='ocrx_word' id='word_1_431' title='bbox 2407 3639 2622 3694; x_wconf 83' lang='grc' dir='ltr'><strong>ἀσεϐῶν</strong></span> <span class='ocrx_word' id='word_1_432' title='bbox 2657 3639 2966 3692; x_wconf 83' lang='grc' dir='ltr'><strong>σϐέννυται.</strong></span> 
     </span>
    </p>
   </div>
   <div class='ocr_carea' id='block_1_69' title="bbox 499 3717 2075 3800">
    <p class='ocr_par' dir='ltr' id='par_1_69' title="bbox 499 3717 2019 3798">
     <span class='ocr_line' id='line_1_69' title="bbox 499 3717 2019 3798; baseline 0.012 -25"><span class='ocrx_word' id='word_1_433' title='bbox 499 3717 668 3774; x_wconf 80' lang='grc' dir='ltr'><strong>Εσείί.</strong></span> <span class='ocrx_word' id='word_1_434' title='bbox 709 3737 804 3787; x_wconf 89' lang='lat' dir='ltr'><strong>vn,</strong></span> <span class='ocrx_word' id='word_1_435' title='bbox 831 3721 922 3777; x_wconf 76' lang='grc'><strong>40.</strong></span> <span class='ocrx_word' id='word_1_436' title='bbox 947 3753 1015 3764; x_wconf 92' lang='grc'><strong>-</strong></span> <span class='ocrx_word' id='word_1_437' title='bbox 1039 3723 1101 3778; x_wconf 88' lang='lat' dir='ltr'><strong>In</strong></span> <span class='ocrx_word' id='word_1_438' title='bbox 1139 3724 1400 3781; x_wconf 90' lang='lat' dir='ltr'><strong>omnibus</strong></span> <span class='ocrx_word' id='word_1_439' title='bbox 1431 3727 1700 3798; x_wconf 86' lang='lat' dir='ltr'><strong>operibus</strong></span> <span class='ocrx_word' id='word_1_440' title='bbox 1739 3731 1851 3788; x_wconf 86' lang='lat' dir='ltr'><strong>tuis</strong></span> <span class='ocrx_word' id='word_1_441' title='bbox 1901 3749 2019 3790; x_wconf 91' lang='lat' dir='ltr'><strong>me-</strong></span> 
     </span>
    </p>
   </div>
   <div class='ocr_carea' id='block_1_70' title="bbox 2141 3717 3717 3800">
    <p class='ocr_par' dir='ltr' id='par_1_70' title="bbox 2191 3723 3717 3800">
     <span class='ocr_line' id='line_1_70' title="bbox 2191 3723 3717 3800; baseline -0.005 -16"><span class='ocrx_word' id='word_1_442' title='bbox 2191 3730 2377 3800; x_wconf 82' lang='grc' dir='ltr'><strong>Σιρὰχ</strong></span> <span class='ocrx_word' id='word_1_443' title='bbox 2409 3728 2468 3790; x_wconf 75' lang='grc' dir='ltr'><strong>ζ’.</strong></span> <span class='ocrx_word' id='word_1_444' title='bbox 2497 3760 2570 3772; x_wconf 84' lang='lat'><strong><em>—-—</em></strong></span> <span class='ocrx_word' id='word_1_445' title='bbox 2611 3731 2700 3782; x_wconf 84' lang='grc' dir='ltr'><strong>Ἑν</strong></span> <span class='ocrx_word' id='word_1_446' title='bbox 2725 3731 2858 3800; x_wconf 65' lang='grc' dir='ltr'><strong>πᾶσι</strong></span> <span class='ocrx_word' id='word_1_447' title='bbox 2889 3731 3004 3793; x_wconf 85' lang='grc' dir='ltr'><strong>τοῖς</strong></span> <span class='ocrx_word' id='word_1_448' title='bbox 3048 3727 3234 3798; x_wconf 76' lang='grc' dir='ltr'><strong>ἔργοις</strong></span> <span class='ocrx_word' id='word_1_449' title='bbox 3268 3745 3366 3782; x_wconf 90' lang='grc' dir='ltr'><strong>σου</strong></span> <span class='ocrx_word' id='word_1_450' title='bbox 3518 3723 3717 3798; x_wconf 67' lang='grc' dir='ltr'><strong>μιμνή-</strong></span> 
     </span>
    </p>
   </div>
   <div class='ocr_carea' id='block_1_71' title="bbox 429 3813 2005 3892">
    <p class='ocr_par' dir='ltr' id='par_1_71' title="bbox 429 3813 1661 3888">
     <span class='ocr_line' id='line_1_71' title="bbox 429 3813 1661 3888; baseline 0.01 -24"><span class='ocrx_word' id='word_1_451' title='bbox 429 3825 650 3866; x_wconf 89' lang='lat' dir='ltr'><strong>morare</strong></span> <span class='ocrx_word' id='word_1_452' title='bbox 674 3813 974 3869; x_wconf 84' lang='lat' dir='ltr'><strong>novissima</strong></span> <span class='ocrx_word' id='word_1_453' title='bbox 1009 3823 1126 3881; x_wconf 88' lang='lat' dir='ltr'><strong>tua,</strong></span> <span class='ocrx_word' id='word_1_454' title='bbox 1160 3824 1352 3872; x_wconf 91' lang='lat' dir='ltr'><strong>etnon</strong></span> <span class='ocrx_word' id='word_1_455' title='bbox 1381 3818 1661 3888; x_wconf 85' lang='lat' dir='ltr'><strong>peccabis.</strong></span> 
     </span>
    </p>
   </div>
   <div class='ocr_carea' id='block_1_72' title="bbox 1815 3813 3391 3892">
    <p class='ocr_par' dir='ltr' id='par_1_72' title="bbox 2123 3819 3391 3892">
     <span class='ocr_line' id='line_1_72' title="bbox 2123 3819 3391 3892; baseline -0.002 -17"><span class='ocrx_word' id='word_1_456' title='bbox 2123 3839 2258 3876; x_wconf 90' lang='grc' dir='ltr'><strong>σκου</strong></span> <span class='ocrx_word' id='word_1_457' title='bbox 2299 3821 2370 3876; x_wconf 78' lang='grc' dir='ltr'><strong>τὰ</strong></span> <span class='ocrx_word' id='word_1_458' title='bbox 2400 3819 2608 3892; x_wconf 71' lang='grc' dir='ltr'><strong>ἔσχατά</strong></span> <span class='ocrx_word' id='word_1_459' title='bbox 2635 3837 2753 3886; x_wconf 89' lang='grc' dir='ltr'><strong>σου,</strong></span> <span class='ocrx_word' id='word_1_460' title='bbox 2781 3821 2874 3874; x_wconf 77' lang='grc' dir='ltr'><strong>καὶ</strong></span> <span class='ocrx_word' id='word_1_461' title='bbox 2901 3821 3001 3890; x_wconf 86' lang='grc' dir='ltr'><strong>οὐχ</strong></span> <span class='ocrx_word' id='word_1_462' title='bbox 3021 3819 3391 3890; x_wconf 82' lang='grc' dir='ltr'><strong>ἀμαρτήσεις.</strong></span> 
     </span>
    </p>
   </div>
   <div class='ocr_carea' id='block_1_73' title="bbox 500 3897 2076 3984">
    <p class='ocr_par' dir='ltr' id='par_1_73' title="bbox 500 3901 2022 3984">
     <span class='ocr_line' id='line_1_73' title="bbox 500 3901 2022 3984; baseline 0.011 -28"><span class='ocrx_word' id='word_1_463' title='bbox 500 3901 711 3958; x_wconf 80' lang='lat' dir='ltr'><strong>Basilii.</strong></span> <span class='ocrx_word' id='word_1_464' title='bbox 741 3937 810 3946; x_wconf 93' lang='lat'><strong><em>—</em></strong></span> <span class='ocrx_word' id='word_1_465' title='bbox 849 3905 998 3961; x_wconf 83' lang='lat' dir='ltr'><strong>Fieri</strong></span> <span class='ocrx_word' id='word_1_466' title='bbox 1041 3922 1155 3962; x_wconf 89' lang='lat' dir='ltr'><strong>non</strong></span> <span class='ocrx_word' id='word_1_467' title='bbox 1186 3914 1391 3980; x_wconf 85' lang='lat' dir='ltr'><strong>potest,</strong></span> <span class='ocrx_word' id='word_1_468' title='bbox 1427 3917 1490 3964; x_wconf 89' lang='lat' dir='ltr'><strong>ut</strong></span> <span class='ocrx_word' id='word_1_469' title='bbox 1527 3925 1559 3966; x_wconf 88' lang='lat' dir='ltr'><strong>a</strong></span> <span class='ocrx_word' id='word_1_470' title='bbox 1607 3913 1700 3967; x_wconf 84' lang='lat' dir='ltr'><strong>via</strong></span> <span class='ocrx_word' id='word_1_471' title='bbox 1745 3913 1896 3984; x_wconf 85' lang='lat' dir='ltr'><strong>justa</strong></span> <span class='ocrx_word' id='word_1_472' title='bbox 1922 3914 2022 3972; x_wconf 89' lang='lat' dir='ltr'><strong>de-</strong></span> 
     </span>
    </p>
   </div>
   <div class='ocr_carea' id='block_1_74' title="bbox 2236 3897 3812 3984">
    <p class='ocr_par' dir='ltr' id='par_1_74' title="bbox 2236 3897 3812 3982">
     <span class='ocr_line' id='line_1_74' title="bbox 2236 3897 3812 3982; baseline -0.01 -16"><span class='ocrx_word' id='word_1_473' title='bbox 2236 3911 2540 3969; x_wconf 63' lang='lat' dir='ltr'><strong>?aa’tleiov.</strong></span> <span class='ocrx_word' id='word_1_474' title='bbox 2571 3941 2643 3950; x_wconf 94' lang='lat'><strong><em>—</em></strong></span> <span class='ocrx_word' id='word_1_475' title='bbox 2680 3909 2987 3982; x_wconf 83' lang='grc' dir='ltr'><strong>Ἀμήχανον</strong></span> <span class='ocrx_word' id='word_1_476' title='bbox 3012 3898 3357 3979; x_wconf 74' lang='grc' dir='ltr'><strong>ἐκτραπῆναι</strong></span> <span class='ocrx_word' id='word_1_477' title='bbox 3379 3905 3483 3975; x_wconf 84' lang='grc' dir='ltr'><strong>τῆς</strong></span> <span class='ocrx_word' id='word_1_478' title='bbox 3505 3897 3716 3960; x_wconf 79' lang='grc' dir='ltr'><strong>δικαίας</strong></span> <span class='ocrx_word' id='word_1_479' title='bbox 3809 3937 3812 3941; x_wconf 66' lang='grc' dir='ltr'><strong>ι</strong></span> 
     </span>
    </p>
   </div>
   <div class='ocr_carea' id='block_1_75' title="bbox 429 3989 2005 4076">
    <p class='ocr_par' dir='ltr' id='par_1_75' title="bbox 429 3989 2005 4066">
     <span class='ocr_line' id='line_1_75' title="bbox 429 3989 2005 4066; baseline 0.01 -20"><span class='ocrx_word' id='word_1_480' title='bbox 429 3989 870 4066; x_wconf 60' lang='lat' dir='ltr'><strong>ﬂectant,654</strong></span> <span class='ocrx_word' id='word_1_481' title='bbox 892 4010 1135 4066; x_wconf 88' lang='lat' dir='ltr'><strong>quorum</strong></span> <span class='ocrx_word' id='word_1_482' title='bbox 1162 3997 1333 4055; x_wconf 87' lang='lat' dir='ltr'><strong>animi</strong></span> <span class='ocrx_word' id='word_1_483' title='bbox 1363 3999 1666 4058; x_wconf 87' lang='lat' dir='ltr'><strong>oblivionis</strong></span> <span class='ocrx_word' id='word_1_484' title='bbox 1693 4003 1790 4058; x_wconf 88' lang='lat' dir='ltr'><strong>Dei</strong></span> <span class='ocrx_word' id='word_1_485' title='bbox 1821 4006 2005 4062; x_wconf 77' lang='lat' dir='ltr'><strong>morbc</strong></span> 
     </span>
    </p>
   </div>
   <div class='ocr_carea' id='block_1_76' title="bbox 1929 3989 3505 4076">
    <p class='ocr_par' dir='ltr' id='par_1_76' title="bbox 1929 3999 3505 4076">
     <span class='ocr_line' id='line_1_76' title="bbox 1929 3999 3505 4076; baseline -0.004 -16"><span class='ocrx_word' id='word_1_486' title='bbox 1929 4006 2020 4062; x_wconf 81' lang='lat' dir='ltr'><strong>rho</strong></span> <span class='ocrx_word' id='word_1_487' title='bbox 2121 4001 2264 4070; x_wconf 77' lang='grc' dir='ltr'><strong>ὁδοῦ,</strong></span> <span class='ocrx_word' id='word_1_488' title='bbox 2293 4001 2372 4074; x_wconf 81' lang='grc' dir='ltr'><strong>μή</strong></span> <span class='ocrx_word' id='word_1_489' title='bbox 2399 4001 2572 4076; x_wconf 84' lang='grc' dir='ltr'><strong>λήθην</strong></span> <span class='ocrx_word' id='word_1_490' title='bbox 2605 3999 2741 4055; x_wconf 80' lang='grc' dir='ltr'><strong>Θεοῦ</strong></span> <span class='ocrx_word' id='word_1_491' title='bbox 2763 4003 2884 4065; x_wconf 74' lang='grc' dir='ltr'><strong>ταῖς</strong></span> <span class='ocrx_word' id='word_1_492' title='bbox 2913 4001 3110 4072; x_wconf 74' lang='grc' dir='ltr'><strong>ψυχαῖς</strong></span> <span class='ocrx_word' id='word_1_493' title='bbox 3138 3999 3505 4068; x_wconf 81' lang='grc' dir='ltr'><strong>νοσήσαντας.</strong></span> 
     </span>
    </p>
   </div>
   <div class='ocr_carea' id='block_1_77' title="bbox 396 4085 3229 4163">
    <p class='ocr_par' dir='ltr' id='par_1_77' title="bbox 396 4085 3229 4163">
     <span class='ocr_line' id='line_1_77' title="bbox 396 4085 3229 4163; baseline 0.008 -25"><span class='ocrx_word' id='word_1_494' title='bbox 396 4159 400 4163; x_wconf 87' lang='lat'><strong>_</strong></span> <span class='ocrx_word' id='word_1_495' title='bbox 429 4100 544 4140; x_wconf 90' lang='lat' dir='ltr'><strong>non</strong></span> <span class='ocrx_word' id='word_1_496' title='bbox 573 4085 972 4142; x_wconf 88' lang='lat' dir='ltr'><strong>laboraverint.</strong></span> <span class='ocrx_word' id='word_1_497' title='bbox 3223 4131 3229 4136; x_wconf 62' lang='grc' dir='ltr'><strong>τ</strong></span> 
     </span>
    </p>
   </div>
   <div class='ocr_carea' id='block_1_78' title="bbox 505 4173 2081 4260">
    <p class='ocr_par' dir='ltr' id='par_1_78' title="bbox 505 4175 2024 4250">
     <span class='ocr_line' id='line_1_78' title="bbox 505 4175 2024 4250; baseline 0.013 -21"><span class='ocrx_word' id='word_1_498' title='bbox 505 4175 770 4231; x_wconf 80' lang='lat' dir='ltr'><strong>Memoria</strong></span> <span class='ocrx_word' id='word_1_499' title='bbox 804 4187 910 4243; x_wconf 91' lang='lat' dir='ltr'><strong>est,</strong></span> <span class='ocrx_word' id='word_1_500' title='bbox 951 4177 1074 4250; x_wconf 87' lang='lat' dir='ltr'><strong>ejus</strong></span> <span class='ocrx_word' id='word_1_501' title='bbox 1101 4180 1252 4250; x_wconf 88' lang='lat' dir='ltr'><strong>quod</strong></span> <span class='ocrx_word' id='word_1_502' title='bbox 1299 4182 1527 4240; x_wconf 88' lang='lat' dir='ltr'><strong>noveris</strong></span> <span class='ocrx_word' id='word_1_503' title='bbox 1576 4195 1792 4243; x_wconf 82' lang='lat' dir='ltr'><strong>servata</strong></span> <span class='ocrx_word' id='word_1_504' title='bbox 1838 4199 2024 4248; x_wconf 87' lang='lat' dir='ltr'><strong>mente</strong></span> 
     </span>
    </p>
   </div>
   <div class='ocr_carea' id='block_1_79' title="bbox 2133 4173 3709 4260">
    <p class='ocr_par' dir='ltr' id='par_1_79' title="bbox 2197 4173 3709 4260">
     <span class='ocr_line' id='line_1_79' title="bbox 2197 4173 3709 4260; baseline -0.005 -20"><span class='ocrx_word' id='word_1_505' title='bbox 2197 4185 2406 4260; x_wconf 83' lang='grc' dir='ltr'><strong>Μνήμη</strong></span> <span class='ocrx_word' id='word_1_506' title='bbox 2439 4186 2588 4240; x_wconf 72' lang='grc' dir='ltr'><strong>ἐστὶν</strong></span> <span class='ocrx_word' id='word_1_507' title='bbox 2621 4187 2655 4257; x_wconf 87' lang='grc' dir='ltr'><strong>ή</strong></span> <span class='ocrx_word' id='word_1_508' title='bbox 2687 4185 2782 4238; x_wconf 83' lang='grc' dir='ltr'><strong>τοῦ</strong></span> <span class='ocrx_word' id='word_1_509' title='bbox 2811 4183 3149 4254; x_wconf 79' lang='grc' dir='ltr'><strong>γνωσθέντος</strong></span> <span class='ocrx_word' id='word_1_510' title='bbox 3177 4181 3436 4254; x_wconf 76' lang='grc' dir='ltr'><strong>τήρησις⁸</strong></span> <span class='ocrx_word' id='word_1_511' title='bbox 3462 4173 3709 4245; x_wconf 81' lang='grc' dir='ltr'><strong>ἀνάμνη-</strong></span> 
     </span>
    </p>
   </div>
   <div class='ocr_carea' id='block_1_80' title="bbox 381 4269 1957 4356">
    <p class='ocr_par' dir='ltr' id='par_1_80' title="bbox 381 4269 1957 4353">
     <span class='ocr_line' id='line_1_80' title="bbox 381 4269 1957 4353; baseline 0.006 -29"><span class='ocrx_word' id='word_1_512' title='bbox 381 4313 398 4329; x_wconf 83' lang='lat'><strong>.</strong></span> <span class='ocrx_word' id='word_1_513' title='bbox 431 4269 632 4336; x_wconf 84' lang='lat' dir='ltr'><strong>notio;</strong></span> <span class='ocrx_word' id='word_1_514' title='bbox 685 4269 1001 4326; x_wconf 88' lang='lat' dir='ltr'><strong>recordatio</strong></span> <span class='ocrx_word' id='word_1_515' title='bbox 1058 4287 1160 4326; x_wconf 88' lang='lat' dir='ltr'><strong>seu</strong></span> <span class='ocrx_word' id='word_1_516' title='bbox 1207 4273 1648 4345; x_wconf 85' lang='lat' dir='ltr'><strong>reminiscentia,</strong></span> <span class='ocrx_word' id='word_1_517' title='bbox 1707 4280 1830 4352; x_wconf 81' lang='lat' dir='ltr'><strong>ejus</strong></span> <span class='ocrx_word' id='word_1_518' title='bbox 1875 4297 1957 4353; x_wconf 52' lang='lat' dir='ltr'><strong>qui</strong></span> 
     </span>
    </p>
   </div>
   <div class='ocr_carea' id='block_1_81' title="bbox 1547 4269 3123 4356">
    <p class='ocr_par' dir='ltr' id='par_1_81' title="bbox 1552 4275 3123 4356">
     <span class='ocr_line' id='line_1_81' title="bbox 1552 4275 3123 4356; baseline 0.002 -25"><span class='ocrx_word' id='word_1_519' title='bbox 1552 4275 1648 4345; x_wconf 89' lang='lat' dir='ltr'><strong>tia,</strong></span> <span class='ocrx_word' id='word_1_520' title='bbox 1707 4280 1830 4352; x_wconf 81' lang='lat' dir='ltr'><strong>ejus</strong></span> <span class='ocrx_word' id='word_1_521' title='bbox 1875 4283 2025 4353; x_wconf 88' lang='lat' dir='ltr'><strong>quod</strong></span> <span class='ocrx_word' id='word_1_522' title='bbox 2129 4301 2234 4352; x_wconf 87' lang='grc' dir='ltr'><strong>σις,</strong></span> <span class='ocrx_word' id='word_1_523' title='bbox 2265 4285 2301 4356; x_wconf 85' lang='grc' dir='ltr'><strong>ή</strong></span> <span class='ocrx_word' id='word_1_524' title='bbox 2333 4283 2432 4339; x_wconf 77' lang='grc' dir='ltr'><strong>τοῦ</strong></span> <span class='ocrx_word' id='word_1_525' title='bbox 2468 4283 2804 4346; x_wconf 81' lang='grc' dir='ltr'><strong>ἀπελθόντος</strong></span> <span class='ocrx_word' id='word_1_526' title='bbox 2833 4279 3123 4354; x_wconf 76' lang='grc' dir='ltr'><strong>ἀνάληψις.</strong></span> 
     </span>
    </p>
   </div>
   <div class='ocr_carea' id='block_1_82' title="bbox 384 4360 1272 4432">
    <p class='ocr_par' dir='ltr' id='par_1_82' title="bbox 384 4360 1272 4432">
     <span class='ocr_line' id='line_1_82' title="bbox 384 4360 1272 4432; baseline 0.002 -16"><span class='ocrx_word' id='word_1_527' title='bbox 384 4372 392 4380; x_wconf 87' lang='grc'><strong>’</strong></span> <span class='ocrx_word' id='word_1_528' title='bbox 433 4361 529 4416; x_wconf 80' lang='lat' dir='ltr'><strong>illa</strong></span> <span class='ocrx_word' id='word_1_529' title='bbox 557 4360 866 4427; x_wconf 79' lang='lat' dir='ltr'><strong>elliuxerat,</strong></span> <span class='ocrx_word' id='word_1_530' title='bbox 899 4363 1272 4432; x_wconf 88' lang='lat' dir='ltr'><strong>recuperatio.</strong></span> 
     </span>
    </p>
   </div>
   <div class='ocr_carea' id='block_1_83' title="bbox 506 4450 2082 4536">
    <p class='ocr_par' dir='ltr' id='par_1_83' title="bbox 506 4450 2082 4536">
     <span class='ocr_line' id='line_1_83' title="bbox 506 4450 2082 4536; baseline 0.009 -29"><span class='ocrx_word' id='word_1_531' title='bbox 506 4450 773 4522; x_wconf 72' lang='lat' dir='ltr'><strong>Tlteologi.</strong></span> <span class='ocrx_word' id='word_1_532' title='bbox 831 4483 900 4494; x_wconf 91' lang='lat'><strong><em>—</em></strong></span> <span class='ocrx_word' id='word_1_533' title='bbox 959 4452 1058 4508; x_wconf 89' lang='lat' dir='ltr'><strong>Dei</strong></span> <span class='ocrx_word' id='word_1_534' title='bbox 1113 4454 1290 4526; x_wconf 80' lang='lat' dir='ltr'><strong>magis</strong></span> <span class='ocrx_word' id='word_1_535' title='bbox 1353 4456 1672 4516; x_wconf 85' lang='lat' dir='ltr'><strong>meminisse</strong></span> <span class='ocrx_word' id='word_1_536' title='bbox 1728 4459 2020 4532; x_wconf 84' lang='lat' dir='ltr'><strong>debemus,</strong></span> <span class='ocrx_word' id='word_1_537' title='bbox 2056 4517 2082 4536; x_wconf 73' lang='lat'>_</span> 
     </span>
    </p>
   </div>
   <div class='ocr_carea' id='block_1_84' title="bbox 2134 4450 3710 4536">
    <p class='ocr_par' dir='ltr' id='par_1_84' title="bbox 2206 4453 3710 4536">
     <span class='ocr_line' id='line_1_84' title="bbox 2206 4453 3710 4536; baseline -0.014 -12"><span class='ocrx_word' id='word_1_538' title='bbox 2206 4467 2527 4536; x_wconf 73' lang='grc' dir='ltr'><strong>Θεολότου.</strong></span> <span class='ocrx_word' id='word_1_539' title='bbox 2555 4493 2624 4505; x_wconf 93' lang='grc'><strong><em>-</em></strong></span> <span class='ocrx_word' id='word_1_540' title='bbox 2649 4463 3070 4536; x_wconf 80' lang='grc' dir='ltr'><strong>Μνημονευτέον</strong></span> <span class='ocrx_word' id='word_1_541' title='bbox 3101 4459 3238 4514; x_wconf 80' lang='grc' dir='ltr'><strong>Θεοῦ</strong></span> <span class='ocrx_word' id='word_1_542' title='bbox 3271 4457 3502 4530; x_wconf 80' lang='grc' dir='ltr'><strong>μᾶλλον,</strong></span> <span class='ocrx_word' id='word_1_543' title='bbox 3529 4454 3562 4526; x_wconf 82' lang='grc' dir='ltr'><strong>ἦ</strong></span> <span class='ocrx_word' id='word_1_544' title='bbox 3585 4453 3710 4508; x_wconf 75' lang='grc' dir='ltr'><strong>ἀναο</strong></span> 
     </span>
    </p>
   </div>
   <div class='ocr_carea' id='block_1_85' title="bbox 435 4517 2011 4619">
    <p class='ocr_par' dir='ltr' id='par_1_85' title="bbox 435 4517 2011 4616">
     <span class='ocr_line' id='line_1_85' title="bbox 435 4517 2011 4616; baseline 0.004 -19"><span class='ocrx_word' id='word_1_545' title='bbox 435 4559 601 4616; x_wconf 87' lang='lat' dir='ltr'><strong>quam</strong></span> <span class='ocrx_word' id='word_1_546' title='bbox 631 4543 888 4614; x_wconf 85' lang='lat' dir='ltr'><strong>spiritum</strong></span> <span class='ocrx_word' id='word_1_547' title='bbox 919 4543 1146 4602; x_wconf 88' lang='lat' dir='ltr'><strong>dueere.</strong></span> <span class='ocrx_word' id='word_1_548' title='bbox 2005 4517 2011 4532; x_wconf 38' lang='grc' dir='ltr'><strong><em>ι</em></strong></span> 
     </span>
    </p>
   </div>
   <div class='ocr_carea' id='block_1_86' title="bbox 863 4517 2439 4619">
    <p class='ocr_par' dir='ltr' id='par_1_86' title="bbox 863 4517 2439 4619">
     <span class='ocr_line' id='line_1_86' title="bbox 863 4517 2439 4619; baseline 0.005 -13"><span class='ocrx_word' id='word_1_549' title='bbox 863 4560 888 4599; x_wconf 75' lang='lat' dir='ltr'><strong>ll</strong></span> <span class='ocrx_word' id='word_1_550' title='bbox 919 4543 1146 4602; x_wconf 61' lang='lat' dir='ltr'><strong>ducere.</strong></span> <span class='ocrx_word' id='word_1_551' title='bbox 2055 4517 2100 4574; x_wconf 66' lang='grc' dir='ltr'><strong>Β</strong></span> <span class='ocrx_word' id='word_1_552' title='bbox 2124 4517 2439 4619; x_wconf 71' lang='grc' dir='ltr'><strong>πνευστέον.</strong></span> 
     </span>
    </p>
   </div>
   <div class='ocr_carea' id='block_1_87' title="bbox 504 4636 2080 4722">
    <p class='ocr_par' dir='ltr' id='par_1_87' title="bbox 504 4636 2026 4712">
     <span class='ocr_line' id='line_1_87' title="bbox 504 4636 2026 4712; baseline 0.009 -22"><span class='ocrx_word' id='word_1_553' title='bbox 504 4636 682 4691; x_wconf 88' lang='lat' dir='ltr'><strong>Deum</strong></span> <span class='ocrx_word' id='word_1_554' title='bbox 723 4636 992 4706; x_wconf 88' lang='lat' dir='ltr'><strong>operibus</strong></span> <span class='ocrx_word' id='word_1_555' title='bbox 1013 4638 1154 4704; x_wconf 91' lang='lat' dir='ltr'><strong>cole,</strong></span> <span class='ocrx_word' id='word_1_556' title='bbox 1197 4639 1389 4696; x_wconf 88' lang='lat' dir='ltr'><strong>verbis</strong></span> <span class='ocrx_word' id='word_1_557' title='bbox 1412 4641 1600 4712; x_wconf 89' lang='lat' dir='ltr'><strong>lauda,</strong></span> <span class='ocrx_word' id='word_1_558' title='bbox 1632 4653 1821 4702; x_wconf 88' lang='lat' dir='ltr'><strong>mente</strong></span> <span class='ocrx_word' id='word_1_559' title='bbox 1856 4661 2026 4704; x_wconf 85' lang='lat' dir='ltr'><strong>vene-</strong></span> 
     </span>
    </p>
   </div>
   <div class='ocr_carea' id='block_1_88' title="bbox 2130 4636 3706 4722">
    <p class='ocr_par' dir='ltr' id='par_1_88' title="bbox 2197 4636 3706 4722">
     <span class='ocr_line' id='line_1_88' title="bbox 2197 4636 3706 4722; baseline -0.016 -12"><span class='ocrx_word' id='word_1_560' title='bbox 2197 4655 2304 4710; x_wconf 80' lang='grc' dir='ltr'><strong>Τὸν</strong></span> <span class='ocrx_word' id='word_1_561' title='bbox 2359 4652 2494 4707; x_wconf 80' lang='grc' dir='ltr'><strong>Θεὸν</strong></span> <span class='ocrx_word' id='word_1_562' title='bbox 2543 4649 2726 4722; x_wconf 75' lang='grc' dir='ltr'><strong>ἔργοις</strong></span> <span class='ocrx_word' id='word_1_563' title='bbox 2762 4647 2862 4720; x_wconf 80' lang='grc' dir='ltr'><strong>μὲν</strong></span> <span class='ocrx_word' id='word_1_564' title='bbox 2894 4645 3076 4711; x_wconf 84' lang='grc' dir='ltr'><strong>σέϐου,</strong></span> <span class='ocrx_word' id='word_1_565' title='bbox 3105 4643 3286 4714; x_wconf 81' lang='grc' dir='ltr'><strong>λόγοις</strong></span> <span class='ocrx_word' id='word_1_566' title='bbox 3318 4641 3377 4698; x_wconf 75' lang='grc' dir='ltr'><strong>δὲ</strong></span> <span class='ocrx_word' id='word_1_567' title='bbox 3408 4641 3588 4711; x_wconf 78' lang='grc' dir='ltr'><strong>ὕμνει,</strong></span> <span class='ocrx_word' id='word_1_568' title='bbox 3623 4636 3706 4688; x_wconf 79' lang='grc' dir='ltr'><strong>ἐν·</strong></span> 
     </span>
    </p>
   </div>
   <div class='ocr_carea' id='block_1_89' title="bbox 436 4725 2012 4820">
    <p class='ocr_par' dir='ltr' id='par_1_89' title="bbox 436 4725 809 4781">
     <span class='ocr_line' id='line_1_89' title="bbox 436 4725 809 4781; baseline -0.003 0"><span class='ocrx_word' id='word_1_569' title='bbox 436 4741 562 4781; x_wconf 72' lang='lat' dir='ltr'><strong>rare</strong></span> <span class='ocrx_word' id='word_1_570' title='bbox 591 4733 648 4779; x_wconf 92' lang='lat' dir='ltr'><strong>et</strong></span> <span class='ocrx_word' id='word_1_571' title='bbox 672 4725 809 4780; x_wconf 89' lang='lat' dir='ltr'><strong>cole.</strong></span> 
     </span>
    </p>
   </div>
   <div class='ocr_carea' id='block_1_90' title="bbox 943 4725 2519 4820">
    <p class='ocr_par' dir='ltr' id='par_1_90' title="bbox 943 4745 2519 4820">
     <span class='ocr_line' id='line_1_90' title="bbox 943 4745 2519 4820; baseline -0.014 0"><span class='ocrx_word' id='word_1_572' title='bbox 943 4818 982 4820; x_wconf 74' lang='lat'><strong><em>__</em></strong></span> <span class='ocrx_word' id='word_1_573' title='bbox 2127 4749 2248 4820; x_wconf 81' lang='grc' dir='ltr'><strong>νοίᾳ</strong></span> <span class='ocrx_word' id='word_1_574' title='bbox 2273 4747 2330 4802; x_wconf 80' lang='grc' dir='ltr'><strong>δὲ</strong></span> <span class='ocrx_word' id='word_1_575' title='bbox 2363 4745 2519 4814; x_wconf 85' lang='grc' dir='ltr'><strong>τίμα.</strong></span> 
     </span>
    </p>
   </div>
   <div class='ocr_carea' id='block_1_91' title="bbox 509 4815 2085 4909">
    <p class='ocr_par' dir='ltr' id='par_1_91' title="bbox 509 4815 2026 4899">
     <span class='ocr_line' id='line_1_91' title="bbox 509 4815 2026 4899; baseline 0.009 -28"><span class='ocrx_word' id='word_1_576' title='bbox 509 4815 814 4872; x_wconf 80' lang='lat' dir='ltr'><strong>Clementis.</strong></span> <span class='ocrx_word' id='word_1_577' title='bbox 853 4849 908 4858; x_wconf 92' lang='lat'><em>—</em></span> <span class='ocrx_word' id='word_1_578' title='bbox 925 4818 1108 4887; x_wconf 88' lang='lat' dir='ltr'><strong>Clara,</strong></span> <span class='ocrx_word' id='word_1_579' title='bbox 1137 4820 1365 4894; x_wconf 89' lang='lat' dir='ltr'><strong>ipsaque</strong></span> <span class='ocrx_word' id='word_1_580' title='bbox 1389 4827 1576 4880; x_wconf 87' lang='lat' dir='ltr'><strong>animo</strong></span> <span class='ocrx_word' id='word_1_581' title='bbox 1594 4844 1857 4899; x_wconf 65' lang='lat' dir='ltr'><strong>praesens,</strong></span> <span class='ocrx_word' id='word_1_582' title='bbox 1877 4846 2026 4888; x_wconf 87' lang='lat' dir='ltr'><strong>mor-</strong></span> 
     </span>
    </p>
   </div>
   <div class='ocr_carea' id='block_1_92' title="bbox 2128 4815 3704 4909">
    <p class='ocr_par' dir='ltr' id='par_1_92' title="bbox 2202 4815 3704 4909">
     <span class='ocr_line' id='line_1_92' title="bbox 2202 4815 3704 4909; baseline -0.018 -14"><span class='ocrx_word' id='word_1_583' title='bbox 2202 4815 2504 4909; x_wconf 65' lang='grc' dir='ltr'><strong>ίῖλήμεντ.</strong></span> <span class='ocrx_word' id='word_1_584' title='bbox 2527 4865 2600 4877; x_wconf 89' lang='lat'><strong>—-</strong></span> <span class='ocrx_word' id='word_1_585' title='bbox 2626 4834 2832 4904; x_wconf 83' lang='grc' dir='ltr'><strong>Μνήμη</strong></span> <span class='ocrx_word' id='word_1_586' title='bbox 2863 4829 3096 4885; x_wconf 77' lang='grc' dir='ltr'><strong>θανάτου</strong></span> <span class='ocrx_word' id='word_1_587' title='bbox 3151 4826 3388 4900; x_wconf 75' lang='grc' dir='ltr'><strong>ἐναργὴς</strong></span> <span class='ocrx_word' id='word_1_588' title='bbox 3420 4817 3704 4896; x_wconf 69' lang='grc' dir='ltr'><strong>περιέκοψε</strong></span> 
     </span>
    </p>
   </div>
   <div class='ocr_carea' id='block_1_93' title="bbox 347 4908 1923 5006">
    <p class='ocr_par' dir='ltr' id='par_1_93' title="bbox 347 4908 1923 4992">
     <span class='ocr_line' id='line_1_93' title="bbox 347 4908 1923 4992; baseline 0.011 -31"><span class='ocrx_word' id='word_1_589' title='bbox 347 4911 350 4914; x_wconf 81' lang='grc'><strong>’</strong></span> <span class='ocrx_word' id='word_1_590' title='bbox 439 4908 512 4963; x_wconf 90' lang='lat' dir='ltr'><strong>tis</strong></span> <span class='ocrx_word' id='word_1_591' title='bbox 543 4909 832 4975; x_wconf 87' lang='lat' dir='ltr'><strong>memoria,</strong></span> <span class='ocrx_word' id='word_1_592' title='bbox 863 4909 1114 4966; x_wconf 86' lang='lat' dir='ltr'><strong>ciborum</strong></span> <span class='ocrx_word' id='word_1_593' title='bbox 1142 4915 1418 4970; x_wconf 82' lang='lat' dir='ltr'><strong>exscindit</strong></span> <span class='ocrx_word' id='word_1_594' title='bbox 1458 4920 1803 4990; x_wconf 86' lang='lat' dir='ltr'><strong>appetitum;</strong></span> <span class='ocrx_word' id='word_1_595' title='bbox 1831 4938 1923 4992; x_wconf 84' lang='lat' dir='ltr'><strong>qut</strong></span> 
     </span>
    </p>
   </div>
   <div class='ocr_carea' id='block_1_94' title="bbox 2123 4908 3699 5006">
    <p class='ocr_par' dir='ltr' id='par_1_94' title="bbox 2133 4908 3699 5006">
     <span class='ocr_line' id='line_1_94' title="bbox 2133 4908 3699 5006; baseline -0.014 -19"><span class='ocrx_word' id='word_1_596' title='bbox 2133 4931 2400 5006; x_wconf 84' lang='grc' dir='ltr'><strong>βρώματα</strong></span> <span class='ocrx_word' id='word_1_597' title='bbox 2434 4926 2786 5000; x_wconf 80' lang='grc' dir='ltr'><strong>’βρωμάτων</strong></span> <span class='ocrx_word' id='word_1_598' title='bbox 2830 4923 2888 4976; x_wconf 84' lang='grc' dir='ltr'><strong>δὲ</strong></span> <span class='ocrx_word' id='word_1_599' title='bbox 2921 4923 2978 4975; x_wconf 73' lang='grc' dir='ltr'><strong>ἐν</strong></span> <span class='ocrx_word' id='word_1_600' title='bbox 3037 4917 3364 4974; x_wconf 85' lang='grc' dir='ltr'><strong>ταπεινώσει</strong></span> <span class='ocrx_word' id='word_1_601' title='bbox 3412 4913 3699 4972; x_wconf 82' lang='grc' dir='ltr'><strong>κοπέντων,</strong></span> 
     </span>
    </p>
   </div>
   <div class='ocr_carea' id='block_1_95' title="bbox 437 4997 2013 5089">
    <p class='ocr_par' dir='ltr' id='par_1_95' title="bbox 437 4997 2013 5078">
     <span class='ocr_line' id='line_1_95' title="bbox 437 4997 2013 5078; baseline 0.011 -25"><span class='ocrx_word' id='word_1_602' title='bbox 437 4997 755 5055; x_wconf 79' lang='lat' dir='ltr'><strong>humiiitate</strong></span> <span class='ocrx_word' id='word_1_603' title='bbox 791 5002 1063 5066; x_wconf 79' lang='lat' dir='ltr'><strong>exscisso,</strong></span> <span class='ocrx_word' id='word_1_604' title='bbox 1107 5020 1213 5060; x_wconf 90' lang='lat' dir='ltr'><strong>una</strong></span> <span class='ocrx_word' id='word_1_605' title='bbox 1244 5021 1465 5078; x_wconf 91' lang='lat' dir='ltr'><strong>quoque</strong></span> <span class='ocrx_word' id='word_1_606' title='bbox 1503 5009 1638 5066; x_wconf 90' lang='lat' dir='ltr'><strong>vitia</strong></span> <span class='ocrx_word' id='word_1_607' title='bbox 1663 5028 1730 5068; x_wconf 89' lang='lat' dir='ltr'><strong>ac</strong></span> <span class='ocrx_word' id='word_1_608' title='bbox 1759 5013 2013 5072; x_wconf 74' lang='lat' dir='ltr'><strong>libidines</strong></span> 
     </span>
    </p>
   </div>
   <div class='ocr_carea' id='block_1_96' title="bbox 1207 4997 2783 5089">
    <p class='ocr_par' dir='ltr' id='par_1_96' title="bbox 1207 4997 2783 5089">
     <span class='ocr_line' id='line_1_96' title="bbox 1207 4997 2783 5089; baseline 0.006 -31"><span class='ocrx_word' id='word_1_609' title='bbox 1207 5025 1213 5058; x_wconf 85' lang='grc' dir='ltr'><strong>ι</strong></span> <span class='ocrx_word' id='word_1_610' title='bbox 1244 5021 1465 5078; x_wconf 90' lang='lat' dir='ltr'><strong>quoque</strong></span> <span class='ocrx_word' id='word_1_611' title='bbox 1503 5009 1638 5066; x_wconf 90' lang='lat' dir='ltr'><strong>vitia</strong></span> <span class='ocrx_word' id='word_1_612' title='bbox 1663 5028 1730 5068; x_wconf 89' lang='lat' dir='ltr'><strong>ac</strong></span> <span class='ocrx_word' id='word_1_613' title='bbox 1759 5013 2026 5072; x_wconf 87' lang='lat' dir='ltr'><strong>libidines</strong></span> <span class='ocrx_word' id='word_1_614' title='bbox 2130 4997 2575 5089; x_wconf 52' lang='grc' dir='ltr'><strong>ξὺνέξεκάπηέςάν</strong></span> <span class='ocrx_word' id='word_1_615' title='bbox 2613 5015 2783 5086; x_wconf 80' lang='grc' dir='ltr'><strong>πάθη.</strong></span> 
     </span>
    </p>
   </div>
   <div class='ocr_carea' id='block_1_97' title="bbox 437 5093 864 5148">
    <p class='ocr_par' dir='ltr' id='par_1_97' title="bbox 437 5093 864 5148">
     <span class='ocr_line' id='line_1_97' title="bbox 437 5093 864 5148; baseline 0 -1"><span class='ocrx_word' id='word_1_616' title='bbox 437 5093 864 5148; x_wconf 84' lang='lat' dir='ltr'><strong>exscinduntur.</strong></span> 
     </span>
    </p>
   </div>
   <div class='ocr_carea' id='block_1_98' title="bbox 511 5174 2087 5282">
    <p class='ocr_par' dir='ltr' id='par_1_98' title="bbox 511 5184 2026 5270">
     <span class='ocr_line' id='line_1_98' title="bbox 511 5184 2026 5270; baseline 0.009 -30"><span class='ocrx_word' id='word_1_617' title='bbox 511 5184 783 5258; x_wconf 76' lang='lat' dir='ltr'><strong>Chrysost‘.</strong></span> <span class='ocrx_word' id='word_1_618' title='bbox 807 5217 878 5228; x_wconf 88' lang='lat'><strong><em>——</em></strong></span> <span class='ocrx_word' id='word_1_619' title='bbox 915 5187 1208 5259; x_wconf 70' lang='lat' dir='ltr'><strong>Religiosa:</strong></span> <span class='ocrx_word' id='word_1_620' title='bbox 1237 5191 1440 5248; x_wconf 90' lang='lat' dir='ltr'><strong>mentis</strong></span> <span class='ocrx_word' id='word_1_621' title='bbox 1467 5193 1735 5251; x_wconf 90' lang='lat' dir='ltr'><strong>indicium</strong></span> <span class='ocrx_word' id='word_1_622' title='bbox 1756 5206 1862 5264; x_wconf 92' lang='lat' dir='ltr'><strong>est,</strong></span> <span class='ocrx_word' id='word_1_623' title='bbox 1906 5198 2026 5270; x_wconf 83' lang='lat' dir='ltr'><strong>jugi</strong></span> 
     </span>
    </p>
   </div>
   <div class='ocr_carea' id='block_1_99' title="bbox 2120 5174 3696 5282">
    <p class='ocr_par' dir='ltr' id='par_1_99' title="bbox 2203 5174 3696 5282">
     <span class='ocr_line' id='line_1_99' title="bbox 2203 5174 3696 5282; baseline -0.011 -27"><span class='ocrx_word' id='word_1_624' title='bbox 2203 5203 2508 5270; x_wconf 83' lang='grc' dir='ltr'><strong>Χρυσοστ.</strong></span> <span class='ocrx_word' id='word_1_625' title='bbox 2531 5224 2599 5237; x_wconf 72' lang='grc' dir='ltr'><strong>ν·-</strong></span> <span class='ocrx_word' id='word_1_626' title='bbox 2631 5195 2928 5258; x_wconf 81' lang='grc' dir='ltr'><strong>Εὑσεϐείας</strong></span> <span class='ocrx_word' id='word_1_627' title='bbox 2979 5193 3230 5282; x_wconf 80' lang='grc' dir='ltr'><strong>σημεῖον,</strong></span> <span class='ocrx_word' id='word_1_628' title='bbox 3259 5188 3322 5243; x_wconf 81' lang='grc' dir='ltr'><strong>τὺ</strong></span> <span class='ocrx_word' id='word_1_629' title='bbox 3348 5181 3544 5282; x_wconf 60' lang='grc' dir='ltr'><strong>συνεχῆ</strong></span> <span class='ocrx_word' id='word_1_630' title='bbox 3578 5174 3696 5282; x_wconf 43' lang='lat' dir='ltr'><strong>in&quot;?</strong></span> 
     </span>
    </p>
   </div>
   <div class='ocr_carea' id='block_1_100' title="bbox 441 5274 2017 5365">
    <p class='ocr_par' dir='ltr' id='par_1_100' title="bbox 441 5277 2017 5362">
     <span class='ocr_line' id='line_1_100' title="bbox 441 5277 2017 5362; baseline 0.01 -31"><span class='ocrx_word' id='word_1_631' title='bbox 441 5277 710 5333; x_wconf 89' lang='lat' dir='ltr'><strong>memoria</strong></span> <span class='ocrx_word' id='word_1_632' title='bbox 745 5295 870 5349; x_wconf 86' lang='lat' dir='ltr'><strong>quae</strong></span> <span class='ocrx_word' id='word_1_633' title='bbox 901 5288 1033 5334; x_wconf 89' lang='lat' dir='ltr'><strong>sunt</strong></span> <span class='ocrx_word' id='word_1_634' title='bbox 1063 5279 1340 5338; x_wconf 89' lang='lat' dir='ltr'><strong>diviniora</strong></span> <span class='ocrx_word' id='word_1_635' title='bbox 1387 5285 1662 5354; x_wconf 88' lang='lat' dir='ltr'><strong>recolere,</strong></span> <span class='ocrx_word' id='word_1_636' title='bbox 1704 5289 2017 5362; x_wconf 75' lang='lat' dir='ltr'><strong>crebrisque</strong></span> 
     </span>
    </p>
   </div>
   <div class='ocr_carea' id='block_1_101' title="bbox 2201 5274 3777 5365">
    <p class='ocr_par' dir='ltr' id='par_1_101' title="bbox 2201 5274 3777 5365">
     <span class='ocr_line' id='line_1_101' title="bbox 2201 5274 3777 5365; baseline -0.015 -20"><span class='ocrx_word' id='word_1_637' title='bbox 2201 5310 2242 5365; x_wconf 72' lang='grc' dir='ltr'><strong>ιν</strong></span> <span class='ocrx_word' id='word_1_638' title='bbox 2275 5289 2544 5344; x_wconf 86' lang='grc' dir='ltr'><strong>ποιεῖσθαι</strong></span> <span class='ocrx_word' id='word_1_639' title='bbox 2584 5286 2691 5340; x_wconf 85' lang='grc' dir='ltr'><strong>τῶν</strong></span> <span class='ocrx_word' id='word_1_640' title='bbox 2717 5285 3028 5358; x_wconf 79' lang='grc' dir='ltr'><strong>θειοτέρων,</strong></span> <span class='ocrx_word' id='word_1_641' title='bbox 3063 5283 3156 5338; x_wconf 76' lang='grc' dir='ltr'><strong>καὶ</strong></span> <span class='ocrx_word' id='word_1_642' title='bbox 3183 5281 3246 5336; x_wconf 79' lang='grc' dir='ltr'><strong>τὸ</strong></span> <span class='ocrx_word' id='word_1_643' title='bbox 3277 5277 3506 5340; x_wconf 84' lang='grc' dir='ltr'><strong>πυκναῖς</strong></span> <span class='ocrx_word' id='word_1_644' title='bbox 3527 5274 3696 5326; x_wconf 70' lang='grc' dir='ltr'><strong>ὲντεῠσ</strong></span> <span class='ocrx_word' id='word_1_645' title='bbox 3774 5347 3777 5352; x_wconf 19' lang='lat' dir='ltr'><strong>ﬂ</strong></span> 
     </span>
    </p>
   </div>
   <div class='ocr_carea' id='block_1_102' title="bbox 442 5369 2018 5450">
    <p class='ocr_par' dir='ltr' id='par_1_102' title="bbox 442 5369 1386 5445">
     <span class='ocr_line' id='line_1_102' title="bbox 442 5369 1386 5445; baseline 0.006 -19"><span class='ocrx_word' id='word_1_646' title='bbox 442 5369 611 5426; x_wconf 87' lang='lat' dir='ltr'><strong>Deum</strong></span> <span class='ocrx_word' id='word_1_647' title='bbox 640 5371 1118 5430; x_wconf 89' lang='lat' dir='ltr'><strong>obsecrationibus</strong></span> <span class='ocrx_word' id='word_1_648' title='bbox 1144 5375 1386 5445; x_wconf 88' lang='lat' dir='ltr'><strong>placare.</strong></span> 
     </span>
    </p>
   </div>
   <div class='ocr_carea' id='block_1_103' title="bbox 1364 5369 2940 5450">
    <p class='ocr_par' dir='ltr' id='par_1_103' title="bbox 1364 5377 2940 5450">
     <span class='ocr_line' id='line_1_103' title="bbox 1364 5377 2940 5450; baseline -0.001 -18"><span class='ocrx_word' id='word_1_649' title='bbox 1364 5403 1386 5432; x_wconf 72' lang='grc' dir='ltr'><strong>τ.</strong></span> <span class='ocrx_word' id='word_1_650' title='bbox 2135 5384 2280 5450; x_wconf 82' lang='grc' dir='ltr'><strong>ξεσιν</strong></span> <span class='ocrx_word' id='word_1_651' title='bbox 2303 5379 2638 5447; x_wconf 78' lang='grc' dir='ltr'><strong>ὲξιλεοῦσθαι</strong></span> <span class='ocrx_word' id='word_1_652' title='bbox 2669 5380 2760 5433; x_wconf 78' lang='grc' dir='ltr'><strong>τὸν</strong></span> <span class='ocrx_word' id='word_1_653' title='bbox 2788 5377 2940 5431; x_wconf 83' lang='grc' dir='ltr'><strong>Θεόν.</strong></span> 
     </span>
    </p>
   </div>
   <div class='ocr_carea' id='block_1_104' title="bbox 517 5505 2178 5650">
    <p class='ocr_par' dir='ltr' id='par_1_104' title="bbox 517 5505 2178 5650">
     <span class='ocr_line' id='line_1_104' title="bbox 517 5505 2178 5650; baseline 0.061 -94"><span class='ocrx_word' id='word_1_654' title='bbox 517 5505 561 5540; x_wconf 75' lang='grc'>⁸⁸</span> <span class='ocrx_word' id='word_1_655' title='bbox 595 5505 656 5562; x_wconf 85' lang='lat' dir='ltr'><strong>In</strong></span> <span class='ocrx_word' id='word_1_656' title='bbox 699 5507 869 5564; x_wconf 85' lang='lat' dir='ltr'><strong>Gesn.</strong></span> <span class='ocrx_word' id='word_1_657' title='bbox 913 5509 1074 5568; x_wconf 85' lang='lat' dir='ltr'><strong>Stob.</strong></span> <span class='ocrx_word' id='word_1_658' title='bbox 1113 5513 1238 5570; x_wconf 78' lang='lat' dir='ltr'><strong>HO.</strong></span> <span class='ocrx_word' id='word_1_659' title='bbox 1965 5591 2178 5650; x_wconf 73' lang='lat' dir='ltr'><strong>NOTIE</strong></span> 
     </span>
    </p>
   </div>
   <div class='ocr_carea' id='block_1_105' title="bbox 477 5693 2053 5799">
    <p class='ocr_par' dir='ltr' id='par_1_105' title="bbox 477 5715 2024 5799">
     <span class='ocr_line' id='line_1_105' title="bbox 477 5715 2024 5799; baseline 0.01 -31"><span class='ocrx_word' id='word_1_660' title='bbox 477 5785 489 5796; x_wconf 36' lang='grc' dir='ltr'><strong>ι</strong></span> <span class='ocrx_word' id='word_1_661' title='bbox 514 5715 595 5786; x_wconf 85' lang='lat' dir='ltr'><strong>(d)</strong></span> <span class='ocrx_word' id='word_1_662' title='bbox 639 5717 737 5799; x_wconf 64' lang='grc' dir='ltr'><strong>Ἐγ</strong></span> <span class='ocrx_word' id='word_1_663' title='bbox 762 5716 915 5799; x_wconf 57' lang='lat' dir='ltr'><strong>ardor</strong></span> <span class='ocrx_word' id='word_1_664' title='bbox 943 5721 1069 5799; x_wconf 62' lang='grc' dir='ltr'><strong>Ξοῖς</strong></span> <span class='ocrx_word' id='word_1_665' title='bbox 1115 5723 1316 5799; x_wconf 76' lang='grc' dir='ltr'><strong>ἔργοις</strong></span> <span class='ocrx_word' id='word_1_666' title='bbox 1333 5739 1484 5799; x_wconf 61' lang='grc' dir='ltr'><strong>σου.</strong></span> <span class='ocrx_word' id='word_1_667' title='bbox 1515 5725 1610 5782; x_wconf 89' lang='lat' dir='ltr'><strong>Sic</strong></span> <span class='ocrx_word' id='word_1_668' title='bbox 1660 5727 1890 5799; x_wconf 73' lang='lat' dir='ltr'><strong>etVulg.</strong></span> <span class='ocrx_word' id='word_1_669' title='bbox 1925 5727 2024 5799; x_wconf 73' lang='lat' dir='ltr'><strong>Sy-</strong></span> 
     </span>
    </p>
   </div>
   <div class='ocr_carea' id='block_1_106' title="bbox 2146 5693 3722 5799">
    <p class='ocr_par' dir='ltr' id='par_1_106' title="bbox 2146 5695 3684 5788">
     <span class='ocr_line' id='line_1_106' title="bbox 2146 5695 3684 5788; baseline -0.013 -8"><span class='ocrx_word' id='word_1_670' title='bbox 2146 5695 2416 5788; x_wconf 61' lang='lat' dir='ltr'><strong>liabuisse,</strong></span> <span class='ocrx_word' id='word_1_671' title='bbox 2455 5722 2650 5778; x_wconf 88' lang='lat' dir='ltr'><strong>suadet</strong></span> <span class='ocrx_word' id='word_1_672' title='bbox 2689 5732 2808 5782; x_wconf 89' lang='lat' dir='ltr'><strong>tum</strong></span> <span class='ocrx_word' id='word_1_673' title='bbox 2849 5720 3068 5778; x_wconf 75' lang='lat' dir='ltr'><strong>Maximi</strong></span> <span class='ocrx_word' id='word_1_674' title='bbox 3119 5718 3314 5788; x_wconf 78' lang='lat' dir='ltr'><strong>codex,</strong></span> <span class='ocrx_word' id='word_1_675' title='bbox 3369 5729 3481 5774; x_wconf 86' lang='lat' dir='ltr'><strong>tum</strong></span> <span class='ocrx_word' id='word_1_676' title='bbox 3522 5717 3684 5766; x_wconf 82' lang='lat' dir='ltr'><strong>tantus</strong></span> 
     </span>
    </p>
   </div>
   <div class='ocr_carea' id='block_1_107' title="bbox 448 5788 2839 5869">
    <p class='ocr_par' dir='ltr' id='par_1_107' title="bbox 448 5788 2839 5869">
     <span class='ocr_line' id='line_1_107' title="bbox 448 5788 2839 5869; baseline 0.003 -29"><span class='ocrx_word' id='word_1_677' title='bbox 448 5788 581 5843; x_wconf 72' lang='lat' dir='ltr'><strong>riae.</strong></span> <span class='ocrx_word' id='word_1_678' title='bbox 613 5795 670 5844; x_wconf 88' lang='lat' dir='ltr'><strong>et</strong></span> <span class='ocrx_word' id='word_1_679' title='bbox 693 5788 914 5846; x_wconf 75' lang='lat' dir='ltr'><strong>Arabio.</strong></span> <span class='ocrx_word' id='word_1_680' title='bbox 939 5790 1126 5848; x_wconf 79' lang='lat' dir='ltr'><strong>Graeca</strong></span> <span class='ocrx_word' id='word_1_681' title='bbox 1146 5788 1303 5866; x_wconf 61' lang='lat' dir='ltr'><strong>vulg:</strong></span> <span class='ocrx_word' id='word_1_682' title='bbox 1333 5797 1512 5864; x_wconf 72' lang='grc' dir='ltr'><strong>λόγοις</strong></span> <span class='ocrx_word' id='word_1_683' title='bbox 1535 5813 1548 5826; x_wconf 89' lang='grc'><strong>·</strong></span> <span class='ocrx_word' id='word_1_684' title='bbox 1580 5812 1702 5868; x_wconf 67' lang='lat' dir='ltr'><strong>quae</strong></span> <span class='ocrx_word' id='word_1_685' title='bbox 1725 5788 2019 5869; x_wconf 48' lang='lat' dir='ltr'><strong>ipsavﬁyoi;</strong></span> <span class='ocrx_word' id='word_1_686' title='bbox 2129 5798 2493 5867; x_wconf 84' lang='lat' dir='ltr'><strong>interpretum</strong></span> <span class='ocrx_word' id='word_1_687' title='bbox 2515 5807 2839 5850; x_wconf 84' lang='lat' dir='ltr'><strong>consensus.</strong></span> 
     </span>
    </p>
   </div>
  </div>
