3990 6372
295 372 405 438 953

1600 371 1765 433 LOCI
1807 373 2129 437 COMMUN
2136 378 2247 437 ES.

3491 379 3515 395 υ

3491 379 3515 395 υ

3451 378 3551 443 θοαί

357 482 423 536 Εἰ
463 478 649 535 εἰκόνα
691 497 774 544 τις
808 479 1023 550 ἄψυχον
1074 478 1313 544 ἀναθεὶς,
1352 478 1599 551 παιδὸςῆ
1634 481 1790 551 φίλου
1830 483 1861 552 ἦ

2039 487 2096 543 Si
2128 488 2252 558 quis
2279 486 2397 553 lilii,
2424 496 2520 542 aut
2558 487 2743 551 amici,
2784 502 2881 544 seu
2912 488 3092 545 amnis
3139 490 3368 545 inanimi
3417 491 3565 547 inn.-

288 571 608 644 ςυγγένοῦς,
662 572 875 643 νομίζει
914 565 1171 642 παρεῖναι
1200 571 1410 624 ἐκεῖνον
1431 570 1521 624 τὸν
1543 573 1866 638 ἀπελθόντα,

282 668 379 723 καὶ
425 665 514 718 διὰ
546 664 645 733 τῆς
688 654 896 726 εἰὶιόνος
922 663 1086 717 αὐτὸν
1115 661 1452 731 φαντάζεται
1477 664 1576 733 τῆς
1604 662 1813 734 ἀψύχου
1852 682 1873 695 ν

284 757 469 827 πολλῷ
504 755 705 827 μᾶλλον
738 757 902 824 ἡμεῖς
929 753 1019 809 διὰ
1042 754 1151 808 τῶν
1178 754 1334 808 θείων
1358 755 1609 826 Γραφῶν,
1644 757 1742 825 τῆς
1763 757 1870 810 τῶν

278 853 459 920 ἁγίων
484 849 787 921 παρουσίας
840 847 1210 919 ἀπολαύομεν,
1262 847 1383 917 οὐχὶ
1436 848 1546 902 τῶν
1573 850 1871 921 -σωμάτων

280 945 488 1010 αὐτῶν,
525 943 663 997 ἀλλὰ
695 942 804 997 τῶν
845 941 1034 1012 ψυχῶν
1083 940 1182 1005 τὰς
1234 943 1452 1006 εἰκόνας
1505 941 1741 1013 ἔχοντες.
1791 944 1874 997 Τὰ

278 1038 398 1108 γὰρ
436 1036 573 1105 παρ’
613 1035 797 1089 αὐτῶν
844 1035 1112 1105 εἰρημένα
1157 1033 1269 1088 τῶν
1304 1034 1514 1105 «ψυχῶν
1580 1036 1761 1091 αὐτῶν
1802 1037 1875 1089 εἰ-

280 1131 445 1191 κόνες
470 1129 629 1184 εἰσίν.

354 1225 671 1280 Πλωτίνου
695 1225 759 1282 ιθ.
798 1255 870 1267 —-
907 1225 1136 1281 Πλάτων
1174 1226 1350 1295 ἔλεγε,
1385 1228 1511 1290 τοὺς
1574 1227 1671 1298 μὲν
1722 1228 1874 1294 νέους

283 1315 497 1386 σφόδρα
526 1317 624 1370 καὶ
651 1316 777 1380 τοὺς
808 1316 1096 1391 γέροντας,
1125 1317 1270 1389 ἀμνή
1283 1334 1449 1387 μονας
1486 1314 1625 1371 εἶναι
1660 1334 1673 1348 ο
1707 1319 1876 1389 ὑπορο

281 1409 407 1478 ῥεῖν
432 1409 564 1481 γὰρ,
590 1409 700 1464 τῶν
728 1411 847 1479 μὲν,
871 1410 961 1465 διὰ
989 1410 1092 1480 τὴν
1124 1408 1375 1480 αὔξησιν,
1405 1411 1514 1464 τῶν
1543 1410 1623 1471 δὲ.
1654 1412 1742 1466 διὰ
1776 1413 1877 1479 τὴν

278 1500 494 1569 φθίσιν.
540 1502 774 1569 Ὁμοίως
803 1501 862 1555 δὲ
890 1503 1133 1565 καὶτοὺς
1163 1502 1283 1556 λίαν
1308 1506 1494 1573 ταχεῖς
1540 1503 1575 1574 ἢ
1614 1503 1832 1573 βραδεῖς
1859 1518 1873 1533 ⁶

280 1592 414 1653 τοὺς
434 1590 555 1661 γὰρ
578 1591 911 1662 ὑγροτὲρως
968 1587 1110 1645 εἶναι
1168 1590 1260 1644 τοῦ
1315 1591 1546 1655 δέοντος,
1613 1593 1739 1655 τοὺς
1795 1591 1874 1659 δὲ,

284 1682 691 1752 σκληροτέρους
727 1698 740 1712 ·
783 1683 877 1735 καὶ⁴
926 1683 1039 1744 τοῖς
1095 1681 1192 1752 μὲν
1249 1681 1310 1734 οὐ
1354 1682 1535 1752 μένειν
1557 1683 1615 1735 ὲν
1638 1684 1705 1753 τῇ
1730 1681 1875 1752 ψυχῇ

293 1771 371 1826 τὰ
392 1775 786 1843 φαντάσματα,
828 1772 938 1827 τῶν
988 1773 1048 1826 δὲ
1076 1773 1174 1844 οὐχ
1205 1773 1339 1827 ἅπτε
1351 1774 1473 1827 σθαι
1501 1774 1562 1828 τὸ
1591 1775 1873 1845 παράπαν.

359 2037 687 2105 Πλάτωνος
744 2039 816 2092 ἐν
868 2040 1128 2107 Κρατύλ.
1160 2067 1230 2077 -—
1260 2039 1466 2109 Μνήμη
1532 2037 1708 2107 πάντη
1775 2053 1876 2088 που

290 2128 511 2202 μηνύει,
539 2129 622 2183 ὅτι
654 2131 791 2201 μονή
821 2131 969 2184 ἐστιν
1000 2132 1059 2184 ἐν
1098 2133 1164 2202 τῇ
1222 2129 1394 2201 ψυχῇ,
1444 2128 1559 2183 ἀλλ’
1603 2129 1665 2182 οὐ
1711 2129 1875 2198 φορά.

362 2307 477 2381 Τὴν
512 2307 746 2380 κατοχὴν
777 2306 886 2360 τῶν
946 2308 1349 2378 φαντασμάτων
1406 2307 1624 2377 μνήμην
1675 2304 1876 2374 ὀνομά-

287 2401 526 2467 ζεσθαι·
570 2399 671 2472 τὴν
729 2399 788 2452 δὲ
845 2398 1187 2469 ἀναπόλησιν
1230 2398 1455 2463 τούτων,
1518 2395 1826 2468 ἀνάμνησιν
1860 2410 1876 2425 ⁶

289 2491 386 2545 καὶ
434 2490 514 2553 ὡς
570 2489 664 2544 ἐπὶ
712 2488 870 2554 πολὺ,
928 2490 1401 2561 μνημονεστὲρους
1453 2490 1553 2560 μὲν
1611 2488 1878 2559 ὑπάρχειν

288 2584 419 2646 τοὺς
451 2581 670 2654 βραδεῖς
696 2597 711 2612 ·
743 2579 1333 2652 ἀναμνηστικωτέρους
1383 2562 1462 2643 δέ,
1516 2580 1642 2643 τοὺς
1693 2580 1878 2650 ταχεῖς

291 2673 384 2726 καὶ
404 2670 688 2742 εὐμαθεῖς.

361 2766 610 2833 Χαρικλ.
643 2762 896 2831 -Μέγα
943 2761 1053 2831 γὰρ
1122 2761 1203 2825 εἰς
1256 2757 1425 2830 )ήθην
1463 2756 1667 2822 κακῶν,
1721 2758 1756 2828 ἡ
1809 2756 1878 2810 δι’

291 2856 586 2928 ὀφθαλμῶν
610 2857 709 2925 τῆς
732 2854 910 2924 ψυχῆς
934 2853 1241 2924 ὑπόμνησις
1267 2848 1682 2922 ἀμαυρουμένη.

373 3035 480 3091 Ἐκ
538 3032 661 3086 τῶν
723 3030 1103 3100 Ἐπικτήτου.
1135 3060 1207 3072 -
1240 3028 1614 3083 Ἀνανεούσθω
1665 3028 1693 3080 6
1752 3028 1882 3099 περὶ

295 3125 432 3179 Θεοῦ
459 3125 617 3193 λόγος
647 3123 774 3180 καθ’
808 3124 1044 3196 ἡμέραν,
1075 3124 1276 3195 μᾶλλον
1307 3122 1341 3193 ἢ
1370 3121 1440 3175 τὰ
1463 3123 1629 3177 σιτία.

360 3218 762 3291 Συνεχέστερον
792 3218 904 3271 νόει
935 3217 1026 3272 τὸν
1056 3216 1213 3281 Θεὸν,
1244 3217 1277 3289 ἢ
1314 3215 1564 3270 ἀνάπνει.

352 3313 503 3367 νἘὰν
535 3312 625 3368 ἀεὶ
657 3311 1025 3385 μνημονεύῃς,
1061 3308 1143 3366 ὅτι
1268 3308 1477 3383 ἐργάζῃ
1510 3308 1651 3364 κατὰ
1703 3305 1879 3378 ψυχὴν

292 3405 530 3477 ἢσῶμα
562 3404 696 3469 Θεὸς
748 3404 1097 3477 παρέστηκεν
1149 3403 1368 3475 ἔφορος,
1424 3403 1483 3457 ὲν
1535 3402 1738 3462 πάσαις
1787 3416 1879 3452 σου

289 3500 411 3562 ταῖς
450 3499 785 3569 προσευχαῖς
820 3496 918 3549 καὶ
938 3498 1062 3559 ταῖς
1086 3495 1372 3567 πράξεσιν,
1399 3494 1461 3548 οὐ
1495 3493 1571 3566 μὴ
1603 3490 1877 3564 ἁμάρτῃς·

288 3590 433 3656 Εξεις
460 3592 518 3645 δὲ
547 3592 639 3646 τὸν
667 3572 801 3645 θεὸν
834 3591 1103 3673 σύνοικον.

370 3772 464 3835 Ὦς
486 3772 586 3844 ἡδὺ
611 3771 710 3845 τὴν
740 3773 1018 3828 θάλασσαν
1055 3773 1164 3828 ἀπὸ
1208 3774 1312 3846 γῆς
1347 3776 1504 3846 ὀρᾷν,
1558 3771 1731 3838 οὕτως
1779 3774 1879 3845 ἡδὺ

289 3864 370 3938 τῷ
400 3864 634 3919 σωθέντι
668 3865 981 3937 μεμνῆσθαι
1015 3865 1125 3919 τῶν
1149 3865 1353 3921 πόνων.
1686 3875 1711 3903 ο

859 3985 1073 4038 ΛΟΓυΣ
1106 3986 1210 4038 Nl"
1249 3987 1312 4043 ¹⁷.

885 4076 1028 4145 Περὶ
1057 4076 1289 4154 ψυχῆς.

359 4169 546 4224 Maro.
581 4172 637 4224 ι’.
669 4197 740 4207 —
779 4166 837 4220 '0
870 4166 1049 4238 εὑρὼν
1088 4168 1187 4239 τὴν
1217 4168 1398 4239 ψυχὴν
1430 4169 1597 4223 αὑτοῦ
1625 4169 1879 4223 ἀπολέσει

288 4259 463 4330 αὐτήν
495 4273 511 4290 ’
553 4260 650 4314 καὶ
678 4260 706 4313 6
731 4258 1005 4324 ἀπολέσας
1049 4261 1224 4332 αὐτὴν
1257 4261 1443 4316 ἕνεκεν
1475 4262 1631 4333 ἐμοῦ,
1658 4263 1880 4333 εὑρήσει

289 4353 484 4424 αὐτὴν.

360 4443 585 4512 B'Kop.
637 4444 806 4498 δ’.-
838 4445 902 4497 Ei
955 4444 1052 4498 καὶ
1122 4445 1151 4497 6
1218 4445 1324 4512 ἔξω
1379 4447 1537 4517 ἡμῶν
1591 4446 1880 4517 ἄνθρωπος

1971 580 2100 651 gine
2134 580 2334 649 posita,
2366 579 2561 634 adesse
2619 594 2741 634 eum
2779 587 2937 649 putat
2974 580 3070 649 qui
3108 581 3406 636 defunctus
3459 583 3554 645 sit,

1970 687 2151 741 exque
2178 670 2408 725 inanimi
2432 669 2755 736 simulacro,
2787 685 2851 724 ac
2874 670 2919 724 si
2941 685 3127 725 coram
3148 671 3363 727 videret
3385 672 3557 726 animi

1973 764 2312 833 cogitatione
2346 762 2624 828 delineat;
2659 770 2870 831 quanto
2908 762 3081 831 magis
3119 777 3220 817 nos
3242 762 3556 818 divinarum

1973 854 2390 925 Scuipturarum
2437 871 2563 925 ope,
2598 862 2919 909 sanctorum
2965 854 3256 924 praesentia
3300 856 3555 918 fruimur,

1974 948 2179 1018 quibus
2204 963 2315 1001 non
2346 947 2459 1017 jam
2485 948 2732 1016 ipsorum
2782 961 3081 1016 corporum
3118 944 3413 1016 imagines,
3461 949 3557 1002 sed

1974 1038 2286 1093 animorum
2319 1049 2521 1108 praesto
2572 1037 2871 1092 simulacra
2906 1037 3072 1092 sunt?
3122 1035 3255 1103 Qua:
3283 1036 3433 1091 enim
3478 1037 3558 1092 illi

1974 1128 2147 1183 Iocuti
2179 1135 2330 1192 sunt,
2368 1126 2486 1181 haec
2516 1126 2736 1180 illorum
2761 1124 2930 1179 animi
2958 1131 3087 1178 sunt
3111 1123 3424 1177 simulacra.

2044 1219 2268 1274 Plotini.
2299 1216 2590 1272 -—Aiebat
2621 1216 2794 1281 Plato,
2831 1230 3026 1286 parum
3071 1214 3251 1269 felicis
3279 1213 3560 1269 memoriae

1975 1329 2118 1378 esse,
2139 1312 2235 1383 qui
2263 1311 2695 1383 valdejurcncs,
2722 1325 2786 1363 ac
2808 1309 2903 1378 qui
2936 1324 3095 1362 senes
3119 1317 3323 1362 essent.
3361 1306 3561 1360 Animo

1976 1405 2124 1459 enim
2160 1419 2248 1459 res
2274 1402 2543 1464 difﬂuere,
2573 1400 2701 1462 illis,
2730 1399 2879 1469 quod
2910 1407 3247 1468 augeantur;
3284 1396 3374 1451 bis
3398 1410 3556 1459 vero,

1978 1496 2125 1566 quod
2154 1497 2266 1566 jam
2298 1496 2560 1550 fatiscant
2588 1500 2644 1547 ct
2670 1492 2739 1547 ad
2771 1491 3061 1545 interitum
3111 1488 3361 1544 tendant.
3395 1487 3561 1542 Simi-

1978 1589 2106 1642 liter
2136 1602 2357 1657 quoque
2380 1587 2475 1656 qui
2501 1584 2771 1640 celeriore
2812 1590 2908 1636 aut
2934 1581 3101 1651 paulo
3123 1580 3367 1636 tardiore
3408 1581 3562 1648 inge-

1980 1681 2072 1733 nio
2097 1680 2238 1733 sint:
2282 1679 2403 1733 illos
2426 1679 2574 1733 enim
2605 1692 2728 1732 esse
2760 1676 2886 1746 plus
2918 1691 3077 1743 {equo
3108 1673 3423 1739 molliores;
3457 1672 3559 1725 bos

1980 1788 2116 1828 vero
2177 1771 2474 1827 duriores:
2504 1786 2569 1826 ac
2600 1770 2710 1825 illis
2743 1768 2992 1838 quidem,
3027 1782 3140 1821 non
3183 1765 3392 1820 haerere
3440 1764 3560 1817 ani-

1981 1881 2071 1919 mo
2126 1881 2314 1920 rerum
2365 1863 2693 1929 simulacra;
2748 1862 2950 1918 borum
2995 1868 3165 1925 Vero,
3215 1875 3285 1915 ne
3326 1872 3560 1929 prorsus

1981 1958 2207 2029 quidem
2237 1957 2535 2027 attingere.
2564 1979 2570 1986 -

2050 2049 2297 2105 Platonis
2327 2052 2383 2105 in
2415 2048 2654 2121 Cratyla.
2701 2080 2769 2094 —-
2797 2044 3074 2102 Memoriae
3114 2044 3294 2114 ipsum
3329 2057 3559 2112 prorsus

1981 2144 2315 2199 vocabulum
2348 2142 2580 2207 indicat,
2619 2156 2846 2197 manere
2883 2139 2943 2193 in
2990 2137 3198 2202 animo,
3246 2151 3359 2190 non
3405 2144 3561 2189 extra
3630 2169 3643 2175 -

1982 2232 2139 2290 illum
2160 2235 2318 2291 ferri.

2055 2327 2211 2394 Quod
2246 2340 2434 2381 rerum
2458 2324 2757 2379 simulacra
2802 2321 3177 2384 retineantur,
3236 2317 3559 2373 memoriam

1980 2418 2169 2474 vocari
2193 2435 2218 2483 ;.
2239 2416 2391 2487 quod
2433 2431 2568 2470 vero
2618 2415 2673 2469 in
2707 2421 2949 2469 mentem
3007 2410 3256 2474 redeant,
3298 2408 3561 2463 recorda-

1982 2513 2214 2568 tionem.
2283 2509 2616 2577 Plerumque
2667 2522 2835 2571 vero,
2898 2505 2992 2575 qui
3046 2503 3310 2558 tardioris
3353 2501 3560 2571 ingenii

1954 2606 2112 2675 _sint,
2143 2601 2442 2667 tenacioris
2475 2615 2597 2656 esse
2622 2599 2934 2664 memoria);
2967 2597 3062 2667 qui
3114 2612 3246 2651 vero
3276 2595 3563 2650 celerioris

1981 2709 2079 2751 seu
2111 2692 2344 2751 acrioris
2369 2705 2432 2746 ac
2457 2689 2630 2760 magis
2660 2687 2890 2751 dociles,
2929 2685 3148 2741 facilius
3182 2684 3485 2738 reminisci.

2051 2784 2325 2842 Chariclii.
2356 2811 2426 2823 ——
2450 2781 2681 2836 Multum
2718 2779 2947 2852 prodest
2990 2786 3050 2833 ut
3097 2778 3224 2848 quis
3286 2776 3558 2831 malorum

1982 2877 2377 2936 obliviscatur.
2436 2875 2763 2951 obscurata»
2795 2872 2949 2926 velut
3010 2868 3128 2925 fere
3192 2866 3561 2939 caligantibus

1983 2968 2151 3022 animi
2183 2967 2356 3035 oculs,
2394 2962 2775 3020 commonitio.

2058 3057 2138 3112 Ea:
2170 3056 2398 3128 Epicteti
2418 3052 2715 3107 sententiis.
2755 3080 2825 3090 —
2858 3048 3028 3120 Magis
3062 3047 3131 3103 de
3158 3048 3273 3103 Deo
3316 3046 3564 3118 quotidie
3599 3124 3603 3128 ἢ

1905 3172 1953 3235 ο
1983 3163 2170 3205 sermo
2206 3153 2526 3209 renovetur,
2551 3158 2716 3214 quam
2737 3140 2845 3196 cibi
2876 3140 2994 3210 ipsa
3017 3138 3282 3208 sumptio.

2054 3237 2319 3294 Crebrius
2354 3236 2527 3291 Deum
2551 3233 2811 3305 cogitato,
2843 3246 3011 3302 quam
3046 3230 3303 3300 Spiritum
3353 3228 3563 3285 ducito.

2055 3330 2112 3387 Si
2143 3337 2416 3401 perpetuo
2461 3324 2783 3381 memineris
2829 3325 3003 3380 Deum
3054 3322 3154 3377 tibi
3199 3328 3587 3388 spectatorem.

1896 3474 1903 3483 .
1982 3425 2198 3489 adesse,
2234 3420 2502 3492 quidquid
2528 3433 2675 3489 agas,
2713 3418 2828 3471 sive
2851 3430 3049 3471 eorum
3067 3429 3191 3484 quae
3221 3412 3287 3467 ad
3320 3411 3566 3467 animum

1984 3523 2260 3587 spectant,
2291 3514 2407 3570 sive
2442 3511 2605 3584 655
2629 3526 2752 3580 qua:
2780 3508 2851 3563 ad
2892 3522 3120 3577 corpus,
3164 3521 3274 3561 non
3307 3504 3570 3576 peccabis

1982 3607 2039 3662 in
2068 3605 2327 3661 onmibus
2354 3603 2701 3660 orationibus
2750 3600 2863 3655 tuis
2888 3606 2946 3655 et
2988 3597 3322 3663 actionibus,
3356 3596 3568 3650 Deum-

1966 3717 2091 3772 que
2122 3700 2224 3754 tibi
2250 3697 2525 3768 hospitem
2554 3693 2808 3750 habebis.

2055 3794 2122 3849 Ut
2146 3790 2452 3861 jucundum
2480 3796 2616 3843 este
2645 3795 2788 3840 terra
2816 3798 2967 3838 mare
2991 3790 3263 3852 spectare,
3282 3780 3366 3836 sic
3392 3779 3444 3836 ei
3469 3778 3566 3852 qui

1982 3901 2012 3939 a
2043 3882 2304 3955 periculis
2328 3880 2594 3935 liberatus
2621 3878 2713 3943 sit,
2740 3875 2991 3930 laborum
3022 3873 3360 3928 meminisse.

2570 3989 2802 4047 SERMO
2841 3988 2980 4044 LllI.

2618 4085 2697 4140 De
2729 4085 2935 4140 anima.

2054 4181 2244 4235 Matth.
2285 4196 2347 4244 χ,
2386 4179 2474 4234 59.
2513 4208 2582 4218 ——
2626 4176 2731 4244 Qui
2780 4172 3055 4229 invenerit
3095 4171 3334 4227 animam
3379 4184 3568 4234 suam,

1983 4274 2177 4341 perdet
2208 4288 2357 4337 eam;
2394 4281 2451 4325 ct
2484 4271 2577 4340 qui
2616 4268 2926 4339 perdiderit
2965 4264 3204 4319 animam
3245 4277 3397 4317 suam
3437 4277 3567 4332 pro-

1982 4378 2105 4438 pter
2136 4382 2245 4430 me,
2277 4364 2523 4419 inveniet
2552 4378 2694 4416 eam.

2052 4459 2113 4515 ΙΙ
2148 4457 2270 4514 Cor.
2306 4473 2380 4522 ιν,
2410 4455 2498 4510 i6.
2525 4484 2595 4494 —
2637 4452 2795 4507 Licet
2829 4451 2897 4514 is,
2933 4447 3026 4519 qui
3067 4445 3202 4501 l'oris
3239 4454 3344 4510 est,
3378 4451 3569 4499 noster

289 4537 713 4607 διαφθείρεται·
762 4536 876 4591 ἀλλ’
927 4540 955 4591 6
1018 4536 1222 4591 ἔσωθεν
1261 4538 1665 4607 ἀνακαινοῦται⁴
1695 4541 1876 4613 ἡμέρα

2003 4564 2151 4603 temo
2173 4552 2593 4616 corrumpatur;
2624 4552 2807 4597 tamen
2837 4541 2882 4594 is
2911 4537 3008 4609 qui
3035 4537 3183 4591 intus
3210 4542 3312 4602 est,
3339 4550 3571 4591 renova-

290 4632 384 4685 και
421 4631 624 4702 ἡμέρᾳ.

356 4723 544 4791 Σιρὰχ
575 4719 682 4781 λζ’.
713 4751 781 4764 σ-
811 4722 1036 4786 Τέκνον,
1093 4722 1152 4775 ἐν
1196 4724 1470 4793 πραΰτητι
1524 4722 1747 4791 δόξασον
1807 4726 1878 4797 (e)

287 4815 389 4884 τὴν
424 4814 608 4885 ψυχήν
639 4831 760 4877 σου,
801 4814 895 4868 καὶ
938 4815 1018 4868 ἴδε
1053 4814 1110 4867 τί
1146 4815 1384 4886 πονηρὸν
1429 4812 1590 4887 αὐτῇ,
1649 4818 1744 4871 καὶ
1767 4802 1785 4810 δ
1806 4820 1879 4890 μὴ

1981 4653 2076 4700 tur
2101 4643 2169 4698 de
2193 4641 2282 4696 die
2310 4641 2365 4694 in
2395 4639 2565 4694 diem.

2056 4729 2291 4791 Eccli.x,
2322 4729 2420 4794 51;
2451 4741 2651 4791 xxxv",
2678 4724 2767 4788 30,
2795 4724 2886 4779 5i.
2909 4752 2982 4763 -—
3006 4719 3133 4787 Fili,
3163 4718 3221 4773 in
3251 4726 3569 4773 mansuetu-

1980 4823 2111 4879 dine
2134 4820 2380 4894 glorifica
2406 4820 2643 4875 animam
2671 4830 2846 4881 tuam,
2870 4823 2925 4872 et
2945 4814 3075 4870 vide
3098 4812 3232 4883 quid
3259 4811 3337 4866 illi
3363 4811 3570 4866 malum

295 4904 396 4979 δῷς
419 4907 583 4976 αὐτῇ.
613 4906 691 4958 Οὐ
734 4905 842 4977 γὰρ
890 4906 1069 4981 πάντα
1115 4909 1253 4961 πᾶσι
1307 4907 1578 4981 συμφέρει
1606 4925 1621 4938 ⁸
1676 4910 1771 4963 καὶ
1815 4912 1876 4964 οὐ

2003 4913 2072 4979 ιίι,
2096 4922 2153 4969 et
2177 4927 2246 4967 ne
2276 4910 2496 4966 dederis
2519 4910 2592 4965 ei.
2616 4909 2735 4964 Non
2763 4908 2910 4963 enim
2939 4899 3129 4962 omnia
3156 4904 3416 4961 omnibus
3440 4919 3571 4974 pro-

293 5000 442 5052 πᾶσα
473 4997 623 5068 ψυχὴ
657 4999 715 5051 ὲν
736 4998 902 5052 παντὶ
928 4980 1159 5053 εὐδοῖιεῖ.

371 5088 439 5142 Ἡ
496 5089 851 5160 καταστροφὴ
889 5089 998 5141 τῶν
1040 5090 1377 5160 παρανόμων
1438 5089 1503 5160 (f)
1558 5092 1749 5163 κακή·
1806 5095 1873 5164 τῇ

292 5179 401 5252 γὰρ
424 5180 652 5252 ἀσεϐείᾳ
682 5179 779 5252 τὴν
814 5179 992 5235 αὐτῶν
1025 5180 1204 5252 ψυχὴν
1235 5181 1621 5254 ἀφαιροῦνται.

1983 5013 2136 5069 sunt,
2160 5017 2265 5057 nec
2288 5000 2438 5055 omni
2469 5000 2667 5054 animae
2690 4998 2879 5053 omnia-
2902 4996 3229 5068 probantur.

2054 5088 2193 5152 Mala
2217 5103 2304 5151 est
2324 5094 2721 5150 sceleratorum
2753 5090 3072 5156 subversio;
3108 5087 3391 5157 impietate
3418 5085 3567 5140 enim

1985 5198 2141 5238 suam
2175 5182 2279 5252 ipsi
2309 5181 2569 5237 auferunt
2592 5182 2852 5234 animam.

1574 5291 1810 5347 varum
1850 5272 2258 5348 ιεονι-ιωῑςιεε.

366 5382 411 5414 ⁸⁸
446 5381 565 5437 Bal.
615 5380 919 5446 Πλάτωνος.
998 5384 1040 5415 ⁸⁷
1072 5382 1134 5437 In
1180 5383 1349 5439 Gesn.
1399 5381 1560 5438 Stob.
1607 5384 1736 5439 295.

1826 5452 2060 5510 NOTAE.

322 5613 335 5626 ο
361 5542 450 5626 (ἦ).
480 5543 581 5626 ’ἱξν
607 5545 898 5626 πραΰτητι
921 5543 1208 5626 ddi-Sagen.
1243 5544 1630 5626 Fo_rte_lapsus
1665 5561 1877 5626 memo-

285 5614 375 5670 ria
401 5614 695 5687 Maximus,
730 5616 811 5670 sic
847 5614 1289 5687 assulis‘duobus
1319 5616 1475 5681 locis,
1507 5631 1632 5687 eum
1666 5617 1879 5687 integer

290 5693 514 5761 constet
544 5685 722 5761 Eccli._
756 5701 963 5761 xxxv“,
1005 5684 1350 5761 δρτςΐεκνον,
1402 5688 1460 5738 ὲν
1489 5690 1555 5756 τῇ
1607 5686 1727 5761 ζωῇ
1782 5684 1876 5741 σου

293 5755 558 5829 πείρασον
579 5754 677 5829 τὴν
697 5754 876 5829 ψυχῄν
894 5772 1010 5808 σου.
1030 5754 1154 5829 ili,
1174 5757 1229 5808 in
1242 5756 1346 5829 uita
1367 5763 1456 5809 tua
1483 5754 1625 5810 tanta
1639 5754 1878 5810 animum

297 5831 469 5891 tuam,
506 5824 560 5881 id
596 5824 956 5897 estcxplora;
1001 5825 1069 5881 ad
1118 5826 1265 5897 quod
1308 5836 1617 5896 sequuntur
1662 5829 1875 5898 reliqua

1990 5547 2081 5603 hic
2105 5548 2419 5613 subiuncta.
2442 5548 2561 5602 Non
2579 5547 2719 5601 bene
2739 5545 2905 5602 Gesn.
2936 5544 3093 5608 illud,
3133 5544 3209 5599 ἴδε
3247 5544 3299 5596 τί
3329 5544 3566 5613 πονηρὸν

1987 5619 2149 5687 αὐτῇ.
2190 5612 2313 5672 Vide
2335 5618 2459 5688 quid
2481 5619 2534 5671 in
2562 5634 2623 5670 ea
2658 5618 2744 5688 sit_
2776 5615 3098 5688 malillmo,
3119 5615 3332 5688 quidsit
3365 5612 3566 5688 malunt

1987 5691 2054 5751 ei,
2096 5683 2126 5742 5
2158 5703 2268 5757 quo
2297 5683 2508 5742 scilicet
2538 5686 2867 5757 cavendum.
2908 5685 3043 5757 Boni
3087 5683 3442 5755 interpretes,
3472 5683 3568 5753 qui

1984 5758 2143 5811 nobis
2167 5755 2275 5811 una
2303 5758 2422 5811 veri
2453 5756 2547 5812 Dei
2586 5757 2742 5811 verbi
2780 5755 2969 5825 regula
3001 5755 3142 5810 siuti
3302 5756 3307 5761 ’

2057 5826 2120 5898 (ο
2161 5828 2217 5885 Ἠ
2248 5827 2637 5898 καταστροφὴ
2669 5826 2788 5883 τῶν
2814 5826 3193 5897 παρανόμων.
3229 5824 3463 5886 Videtur
3515 5841 3577 5879 es
