3990 6386
281 424 385 491 957

1596 414 1764 476 LOCI
1805 414 2128 476 (ῖῡὲςΙλῙΗΝ
2137 415 2242 475 ES.

3449 411 3555 476 958

356 532 728 602 Μοσχίωνος.
757 561 828 573 -
851 529 1018 602 ὶιὶροῦ
1066 529 1242 584 πάντα
1283 526 1352 582 τὰ
1379 525 1550 597 θνητὰ
1577 525 1672 579 καὶ
1705 526 1867 594 γήϊνα

2043 524 2377 578 Moschiouis.
2419 553 2491 562 —
2539 519 2768 577 Cunctis
2818 521 3149 578 mortalibus
3203 515 3270 576 ac
3322 520 3564 574 terrenis

283 626 583 692 ἀπολέσας,
619 620 719 678 ἕνα
769 623 1040 680 ἀθάνατον
1093 621 1189 677 καὶ
1241 619 1493 694 οὐράνιον
1539 617 1866 691 κτήσασθαι.

357 805 670 876 Δημοκρίτ.
700 832 766 844 -
807 800 1154 875 ’Δνθρώπους
1189 799 1450 872 ἁρμόδιον
1505 795 1686 868 ψυχῆς
1731 796 1870 866 μᾶλ-

283 897 380 951 λον
431 897 466 967 ἦ
526 893 778 966 σώματος
799 894 960 962 λόγον
994 890 1294 946 ποιεῖσθαι.
1325 889 1488 960 Ψυχὴ
1519 887 1622 960 μὲν
1649 887 1760 958 γὰρ
1788 903 1875 939 τε-

283 990 542 1058 λειοτάτη
573 988 798 1060 σκήνεος
831 976 1134 1056 μοχθηρίην
1163 981 1334 1055 ὀρθοῦ
1371 980 1600 1052 σκήνεος
1626 977 1685 1032 δὲ
1721 979 1875 1049 ἰσχὺς

285 1084 419 1139 ἄνευ
448 1076 709 1150 λογισμοῦ
740 1075 920 1150 ψυχὴν
956 1075 1112 1129 οὐδέν
1140 1091 1193 1128 τι
1221 1072 1431 1146 ἀμείνω
1460 1071 1696 1144 τίθησιν.

356 1257 734 1329 Κλειτάρχου.
765 1286 836 1298 -
855 1257 967 1328 Τῆς
995 1253 1178 1326 ψυχῆς
1203 1253 1278 1316 ὡς
1305 1253 1573 1324 ἡγεμόνος
1591 1250 1876 1322 ἐπιμελοῦ·

283 1353 387 1409 τοῦ
414 1352 473 1406 δὲ
501 1351 751 1420 σώματος
775 1347 852 1406 ὡς
887 1344 1222 1418 στρατιώτου
1247 1345 1490 1417 προνόει.

364 1440 712 1497 Φιλιστίων.
733 1436 980 1508 -ηΨυχὴ
1005 1434 1169 1506 σοφοῦ
1207 1434 1506 1506 ἁρμόζεται
1545 1433 1682 1502 πρὸς
1725 1429 1876 1485 Θεόν.

288 1533 491 1604 Ψυχὴν
515 1529 748 1592 θάνατος
772 1527 874 1581 οὐκ
901 1523 1218 1590 ἀπόλλυσιν,
1253 1524 1391 1579 ἀλλὰ
1413 1523 1580 1586 ιιακδς
1603 1521 1736 1592 βίος.

366 1625 703 1680 Ζαλεύκου.
719 1647 787 1662 -
808 1621 1084 1674 Ἕκαστον
1117 1613 1210 1671 οὖν
1233 1615 1378 1687 ἔχειν
1400 1615 1497 1669 καὶ
1526 1613 1882 1682 παρασκευά-

290 1715 412 1782 ζειν
454 1715 537 1769 δεῖ
556 1713 656 1786 τὴν
691 1708 887 1766 ἑαυτοῦ
916 1708 1097 1780 ψυχὴν
1131 1708 1351 1762 πάντων
1379 1704 1626 1774 καθαρὰν
1651 1704 1759 1758 τῶν
1783 1720 1882 1756 κα-

290 1809 433 1865 κῶν.
474 1807 566 1870 Ὠς
590 1805 699 1877 γὰρ
727 1805 788 1858 οὐ
809 1804 1038 1874 τιμᾶται
1060 1801 1193 1865 Θεὸς
1217 1799 1310 1853 ὑπ’
1331 1798 1624 1868 ἀνθρώπου
1650 1797 1881 1868 φαύλου.

288 1899 422 1954 οὐδὲ
473 1895 841 1971 θεραπεύεται
890 1894 1177 1958 δαπάναις,
1227 1892 1349 1947 οὐδὲ
1402 1889 1731 1962 τραγῳδίαις
1777 1887 1887 1941 τῶν

290 1991 674 2064 ἁλισκομένων
713 1989 816 2062 (Ιι),
842 1987 960 2043 ἀλλ’
1007 1987 1188 2058 ἀγαθῇ
1219 1983 1542 2058 προαιρέσει
1569 1981 1679 2036 τῶν
1707 1981 1890 2035 καλῶν

289 2085 476 2158 ῐργων
505 2081 600 2138 καὶ
627 2081 869 2138 δικαίων.

383 2177 764 2246 Ἐπικτήτου.
795 2207 862 2218 -
896 2174 1090 2246 Ψυχὴν
1151 2171 1408 2244 σώματος
1463 2167 1891 2239 ἀναγκαιότερον

295 2271 488 2327 ἰᾶσθαι
516 2287 532 2302 ι
567 2269 662 2325 τοῦ
693 2269 804 2342 γὰρ
838 2268 1026 2333 κακῶς
1057 2267 1158 2338 ζῇν
1195 2266 1258 2320 τὸ
1305 2262 1561 2318 τεθνὰναι
1611 2263 1887 2332 κρεῖσσον.

863 2473 1084 2529 ΛΟΓΟΣ
1115 2469 1220 2526 ΝΔ¹
1256 2469 1322 2526 ³³.

870 2587 1010 2660 Περὶ
1063 2589 1318 2660 φθόνου.

373 2703 560 2758 Ματθ.
604 2705 677 2755 κ’.
708 2725 778 2739 --
815 2693 1100 2756 Ἐλθόντες
1141 2691 1200 2745 δὲ
1230 2691 1327 2746 καὶ
1361 2691 1411 2744 oi
1442 2689 1674 2762 πρῶτοι,
1709 2687 1901 2758 ενόμιι

300 2813 403 2848 σαν
443 2794 530 2848 ὃτι
567 2789 792 2845 πλείονα
851 2786 1142 2858 λήψονται,
1200 2785 1297 2838 καὶ
1355 2781 1547 2837 ἔλαϐον
1599 2781 1694 2835 καὶ
1737 2779 1890 2833 αὐτοὶ

299 2889 407 2942 ἀνὰ
441 2884 722 2957 δηνάριον.
746 2879 1024 2944 Λαϐόντες
1047 2877 1103 2932 δὲ
1133 2875 1458 2948 ἐγόγγυζον,
1491 2891 1547 2929 κ.
1579 2891 1632 2942 τξ
1698 2873 1745 2926 ε.

389 3061 538 3113 Ἰακ.
585 3061 658 3128 τ’.
691 3085 763 3098 -
787 3055 963 3110 Ὅπου
997 3051 1164 3124 ζῆλος
1197 3049 1295 3106 καὶ¹
1325 3051 1560 3124 ἐριθεία,
1601 3050 1720 3104 εκεῖ
1747 3049 1889 3103 ἀκα-

300 3151 575 3211 ταστασία
613 3151 708 3204 καὶ
731 3149 842 3204 πᾶν
866 3145 1071 3218 φαῦλον
1098 3145 1352 3218 πρᾶγμα.

377 3248 624 3314 Παροιμ.
667 3247 778 3312 κγ’.
813 3270 885 3282 --
932 3239 1026 3312 Μὴ
1063 3238 1372 3293 συνδείπνει
1423 3235 1580 3307 ἀνδρὶ
1611 3234 1891 3307 βασκάνῳ,

305 3337 450 3410 μηδὲ
475 3334 826 3407 ἐπιθυμήσῃς
861 3332 972 3387 τῶν
1002 3330 1322 3402 ἐδεσμάτων
1345 3327 1535 3401 αὑτοῦ.

375 3427 580 3490 (rem;
616 3426 720 3481 οὐκ
756 3421 866 3480 οἶδε
900 3424 1176 3496 προτιμᾷν
1212 3421 1274 3475 τὸ
1307 3421 1610 3493 συμφέρον.

377 3520 566 3590 Σιρὰχ
619 3516 732 3580 λζ’.
786 3548 858 3562 -ι-
911 3516 1004 3590 Μὴ
1053 3513 1428 3586 συμϐουλεύου
1483 3511 1624 3585 μετὰ
1662 3511 1896 3566 ὑποϐλε-

300 3613 554 3684 πομένου
585 3627 682 3664 σου
703 3627 718 3644 ο
741 3609 852 3664 ἀπὸ
876 3609 988 3662 τῶν
1014 3607 1322 3680 ζηλούντων
1351 3621 1410 3660 σε
1459 3603 1668 3677 κρύψον
1701 3603 1897 3676 βουλήν

303 3723 431 3760 σου.

380 3796 602 3850 Βασιλ.
641 3823 714 3834 --
751 3793 864 3864 Οὐχ
903 3793 1036 3876 ὁρᾷς
1073 3789 1264 3862 ἡλίκον
1312 3789 1526 3861 ἐστὶνὴ
1573 3787 1896 3860 ὑπόκρισις;

304 3890 423 3945 Καὶ
455 3887 595 3958 αὕτη
627 3883 841 3958 καρπός
883 3885 1000 3937 εστι
1046 3881 1141 3937 τοῦ
1176 3881 1397 3952 φθόνου.
1434 3880 1510 3935 To
1539 3879 1650 3950 γὰρ
1675 3877 1900 3935 διπλοῦν

305 3977 406 4032 τοῦ
437 3977 626 4048 ήθους,
677 3977 744 4028 εκ
795 3959 994 4042 φθόνου
1031 3972 1271 4044 μάλιστα
1323 3973 1438 4034 τοῖς
1465 3968 1779 4042 ἀνθρώποις
1810 3969 1900 4037 γί-

307 4087 489 4125 νεται.
1651 4091 1659 4096 ·

387 4160 454 4214 Τί
487 4155 792 4224 στενάζεις,
819 4154 1083 4226 φθονερές
1116 4151 1180 4206 τὸ
1208 4153 1339 4206 ἴδιον
1375 4149 1568 4216 κακον,
1601 4149 1720 4222 ἧτδ
1749 4149 1903 4204 ἁλλό-

309 4269 342 4306 τ
350 4269 468 4324 ριον
500 4249 706 4318 ἀγαθόν
725 4265 740 4312 ;
1373 4266 1380 4272 -

387 4345 590 4398 Φθόνου
623 4341 734 4412 γὰρ
762 4339 935 4403 πάθος
967 4337 1122 4392 οὐδὲν
1145 4334 1539 4408 ὀλεθριὼτερον
1575 4333 1775 4404 ψυχαῖς
1803 4332 1896 4387 ἀνο

315 4437 556 4510 Θρώπων
585 4432 881 4506 ἐμφύεται.

1971 616 2211 681 amissis,
2236 629 2410 670 unum
2436 612 2806 668 immortalem
2835 629 2898 668 ac
2921 613 3206 669 caelestem
3233 625 3564 682 comparare

1973 717 2186 776 Optato.

2045 796 2350 850 Democriti.
2369 825 2437 835 -
2460 795 2632 850 Decet
2657 794 2942 850 hominem
2968 791 3140 848 animi
3169 793 3378 864 potius,
3397 808 3563 862 quam

1974 885 2226 954 Corporis
2263 899 2454 940 curam
2495 899 2712 956 gerere.
2749 883 2884 938 Nam
2923 883 3019 954 qui
3067 897 3340 937 summam
3378 880 3565 950 perfe-

1977 978 2176 1033 ctionis
2205 993 2388 1032 arcem
2423 972 2688 1046 arripuit,
2715 974 2956 1039 animus,
2989 971 3336 1028 tabernaculi
3368 971 3568 1026 vitium

1977 1069 2235 1140 corrigit;
2283 1067 2631 1123 tabernaculi
2671 1081 2809 1122 vero
2854 1066 3051 1132 robur,
3097 1065 3144 1120 si
3191 1063 3340 1120 desit
3390 1061 3566 1128 ratio,

1978 1161 2225 1217 animum
2257 1159 2396 1214 nihil
2426 1159 2710 1213 meliorem
2743 1158 2948 1214 reddit.

2051 1254 2322 1309 Clitarchi.
2343 1283 2413 1292 —
2433 1250 2619 1306 Animi
2653 1259 2913 1320 tanquam
2945 1247 3104 1302 ducis
3128 1262 3194 1302 ac
3217 1240 3572 1314 imperatoris

1981 1363 2168 1403 curam
2195 1346 2368 1412 habe;
2401 1343 2626 1414 corpori
2654 1351 2839 1398 autem
2871 1348 2934 1395 ut
2957 1339 3121 1394 militi
3149 1336 3461 1408 provideto.

2053 1439 2403 1494 Philistionis.
2429 1449 2499 1477 4—
2520 1434 2722 1490 Anima
2746 1431 3020 1504 sapientis
3046 1432 3162 1485 Deo
3186 1427 3570 1500 coniungitur.

1982 1531 2230 1585 Animam
2265 1545 2376 1584 non
2406 1543 2574 1592 mors,
2603 1526 2702 1582 sed
2734 1525 2875 1580 mala
2904 1525 3018 1578 vita
3052 1521 3258 1592 perdit.

2053 1619 2288 1674 Zaleuci.
2315 1647 2386 1658 -—
2412 1615 2660 1686 Quisque
2689 1613 2860 1685 igitur
2888 1611 3135 1664 animam
3163 1621 3320 1663 suam
3349 1603 3572 1665 habeat,

1985 1729 2050 1768 ac
2097 1718 2324 1783 praestet
2373 1709 2442 1763 ab
2491 1705 2754 1762 omnibus
2799 1701 2964 1756 malis
3014 1715 3230 1771 puram.
3266 1696 3380 1752 Nec
3425 1695 3575 1750 enim

1987 1807 2135 1862 Deus
2167 1804 2237 1859 ab
2269 1803 2495 1857 homine
2529 1799 2682 1856 malo
2719 1797 2946 1861 colitur,
2978 1805 3075 1849 aut
3104 1791 3421 1862 sumptibus
3451 1788 3572 1858 pla-

1989 1908 2172 1964 catur,
2206 1894 2293 1953 vel
2339 1897 2731 1952 damnatorum
2775 1894 3002 1964 planctu
3048 1905 3113 1946 ac
3159 1885 3442 1948 lamentis,
3479 1881 3576 1938 sed

1989 1993 2159 2054 bona,
2184 1991 2460 2045 bonorum
2486 2001 2552 2041 ac
2573 1987 2851 2058 iustorum
2881 1997 3134 2053 operum,
3161 1980 3468 2033 voluntate.

2063 2163 2312 2244 Epicteti.
2339 2199 2411 2210 —
2439 2168 2612 2238 Major
2638 2162 2837 2230 animi,
2862 2175 3030 2232 quam
3061 2154 3318 2227 corporis
3347 2149 3579 2209 sanandi

1991 2243 2298 2322 necessitas
2350 2271 2465 2318 est:
2519 2257 2665 2314 mori
2715 2255 2868 2312 enim
2917 2258 3170 2324 prastat,
3215 2261 3383 2318 quam
3435 2243 3581 2301 male

1993 2373 2205 2414 Vivere.

2581 2459 2816 2520 SERMO
2850 2457 2986 2514 LIV.

2621 2573 2700 2630 De
2732 2570 2954 2626 invidia.

2063 2691 2254 2747 Matth.
2277 2705 2365 2752 xx,
2386 2686 2563 2741 iO.——
2591 2679 2892 2734 Venientes
2922 2681 3106 2729 autem
3136 2678 3189 2728 et
3223 2667 3410 2741 primi,
3437 2665 3585 2720 arbi-

1995 2783 2122 2838 trati
2157 2789 2290 2836 sunt
2319 2775 2466 2848 quod
2502 2774 2628 2846 plus
2661 2777 2845 2827 essent
2877 2765 3162 2836 accepturi
3198 2783 3211 2818 :
3247 2766 3584 2830 acceperunt

1993 2884 2178 2931 autem
2209 2883 2268 2928 et
2297 2869 2401 2941 ipsi
2430 2867 2679 2938 singulos
2704 2861 2866 2935 657
2897 2858 3182 2915 denarios.
3207 2855 3280 2910 Et
3309 2851 3588 2922 accipien-

1995 2975 2078 3020 tes
2108 2961 2553 3023 nmrmurabant,
2581 2963 2692 3011 etc.

2061 3059 2184 3114 Jac.
2218 3071 2298 3118 ιιι,
2339 3053 2426 3108 l6.
2460 3083 2532 3092 —
2573 3047 2679 3104 Ubi
2729 3043 3016 3102 aemulatio
3063 3047 3121 3096 et
3163 3034 3474 3114 contentio,
3509 3031 3588 3086 ibi

1997 3146 2368 3208 inconstantia
2402 3134 2460 3200 et
2491 3157 2658 3199 omne
2693 3154 2839 3209 opus
2875 3135 3105 3189 malum.

2069 3243 2228 3297 Prov.
2256 3253 2410 3300 χχιιι,
2437 3237 2492 3292 6.
2519 3264 2592 3276 -—
2615 3233 2695 3288 Ne
2723 3244 2913 3286 omnes
2936 3240 3063 3280 cum
3094 3223 3218 3279 viro
3248 3219 3460 3284 invido,
3486 3231 3590 3274 nec

1999 3337 2151 3393 illius
2183 3347 2341 3388 escas
2371 3335 2624 3399 appetas.

2067 3425 2257 3485 Nescit
2290 3422 2528 3484 invidia,
2557 3418 2707 3490 quod
2746 3417 2884 3473 utile
2922 3421 3012 3471 est
3042 3409 3276 3480 eligere.

2069 3519 2237 3576 Eccli.
2271 3531 2473 3578 xxxvii,
2498 3515 2552 3567 ’7.
2589 3543 2660 3552 -
2703 3509 2828 3566 Noli
2873 3501 3162 3562 consiliari
3201 3513 3327 3554 cum
3370 3509 3458 3557 eo,
3495 3491 3590 3562 qui

2002 3617 2056 3663 te
2097 3612 2418 3674 suspectum
2463 3600 2632 3655 habet
2680 3615 2692 3651 :
2737 3595 3096 3651 aemulatores
3137 3590 3258 3644 cela
3295 3583 3593 3642 consilium

2001 3711 2181 3758 tuum.

2072 3788 2284 3847 Basilii.
2316 3817 2386 3828 ——
2409 3785 2580 3842 Vides
2612 3781 2778 3852 qurle
2813 3779 3019 3833 malum
3054 3775 3128 3832 sit
3155 3769 3499 3846 hypocrisis?
3526 3769 3595 3823 Et

1999 3887 2120 3942 haec
2168 3881 2394 3938 invidia:
2442 3877 2627 3950 proles
2674 3882 2780 3930 εει.
2818 3869 3170 3949 Quodcnim
3217 3865 3342 3937 quis
3384 3862 3594 3933 duplici

2001 3977 2190 4034 animo
2225 3972 2321 4040 sit,
2353 3968 2593 4026 maxime
2627 3982 2697 4023 ex
2730 3963 2941 4020 invidia
2978 3961 3170 4017 habet.

2071 4156 2235 4225 Quid,
2269 4153 2479 4216 invide,
2509 4148 2721 4222 gemis?
2752 4154 2984 4203 tuumne
3011 4143 3242 4208 malum,
3267 4155 3338 4194 an
3365 4135 3598 4194 alterius

2003 4253 2211 4307 bonum
2227 4249 2251 4302 ?

2037 4341 2294 4408 ,Nullum
2355 4333 2568 4390 invidia
2619 4329 2998 4402 perniciosius
3046 4325 3338 4382 hominum
3393 4319 3598 4376 animis
3651 4389 3658 4394 I

2006 4431 2263 4490 inolescit
2296 4429 2520 4484 vitium.

387 4532 604 4602 Ὥσπερ
624 4505 734 4598 γὰρ
771 4525 849 4590 ἰὸς
895 4525 988 4579 τὸν
1017 4523 1262 4595 σίδηρον,
1314 4520 1486 4584 οὕτως
1516 4523 1544 4574 ὁ
1583 4517 1778 4589 φθόνος
1802 4517 1892 4588 τὴν

2075 4525 2376 4591 Utazrugo
2418 4519 2660 4580 ferrum,
2702 4513 2786 4568 sic
2833 4510 3078 4574 invidia,
3125 4524 3190 4564 ea
3245 4505 3594 4560 laborantem

318 4625 554 4694 ἔχουσαν
576 4619 741 4674 αὐτὸν
768 4617 944 4688 ψυχὴν
968 4615 1332 4684 ἐξαναλίσκει.

391 4713 456 4768 Oi
489 4710 652 4774 κύνες
677 4709 1007 4780 τρεφόμενοι
1054 4705 1413 4777 ἡμεροῦνται,
1456 4703 1550 4756 καὶ
1599 4703 1648 4756 οἱ
1691 4702 1908 4766 λέοντες

323 4803 634 4880 χειροήθεις
659 4799 1098 4872 θεραπευόμενοι
1136 4799 1417 4867 γίνονται·
1447 4800 1498 4854 oi
1543 4798 1600 4852 δὲ
1641 4800 1905 4870 βάσκανοι

328 4905 442 4964 ταῖς
481 4897 808 4982 θεραπείαις
841 4895 1006 4949 πλέον
1054 4894 1518 4966 ἐξαγριαίνονται.

399 4992 562 5052 Ἐθος
581 4990 649 5060 τῇ
681 4987 872 5060 Γραφῇ
907 4985 1177 5058 πολλαχοῦ
1205 4985 1348 5058 μετὰ
1373 4986 1468 5041 τοῦ
1499 4987 1661 5058 φόνου
1688 4987 1909 5041 τάσσειν

327 5085 416 5136 τον
451 5080 665 5151 φθόνον.

391 5174 602 5244 Ὠσπερ
634 5173 669 5242 ἡ
709 5169 937 5242 ἐρυσίση
970 5168 1102 5224 ἴδιόν
1140 5170 1258 5222 εστι
1319 5166 1415 5222 τοῦ
1465 5169 1616 5222 σίτου
1651 5167 1870 5240 νόσημα
1891 5177 1904 5196 ⁴

329 5259 502 5323 οὕτως
530 5261 559 5313 ὁ
595 5259 788 5328 φθόνος
814 5257 999 5326 φιλίας
1043 5257 1193 5309 ἐστὶν
1223 5253 1588 5327 ἀρρώστημα.

401 5353 465 5406 Oi
500 5350 784 5422 μισὸκαλοι
837 5349 1116 5420 δαίμονες,
1173 5347 1397 5401 ἐπειδὰν
1443 5347 1652 5411 οἰκείας
1697 5347 1909 5413 ἑαυτοῖς

331 5442 536 5515 εὕρωσι
569 5441 945 5512 προαιρέσεις,
970 5439 1240 5504 παντοίως
1273 5439 1464 5504 αὐταῖς
1496 5439 1914 5512 ἀποκέχρηνται

405 5583 451 5616 ’⁸
486 5582 547 5638 In
570 5581 736 5638 Gesn.
779 5579 936 5636 Stob.
987 5578 1106 5635 MO.

2010 4615 2291 4674 Consumit
2323 4612 2590 4667 animum.

2081 4709 2258 4766 Canes
2309 4707 2687 4762 nutricatione
2737 4703 3089 4759 cicurantur,
3131 4693 3326 4747 leones
3375 4703 3600 4758 quoque

2013 4804 2164 4858 cultu
2197 4807 2617 4865 mansuescunt;
2655 4793 2830 4851 invidi
2859 4806 2996 4846 vero
3025 4787 3092 4843 ad
3123 4784 3393 4854 obsequia
3428 4779 3602 4851 magis

2013 4893 2340 4950 clicrantur.
2688 4887 2692 4891 ’

2087 4983 2374 5053 Scriptura
2409 4980 2599 5036 multis
2637 4979 2797 5045 locis,
2827 4975 3034 5033 credent
3079 4986 3145 5027 ac
3181 4967 3446 5025 invidiam
3493 4977 3600 5018 una

2009 5077 2246 5148 jungere
2280 5072 2594 5129 consuevit.

2086 5165 2563 5234 Quemadmodum
2609 5163 2806 5234 rubigo
2849 5159 3137 5232 proprium
3186 5152 3357 5211 tritici
3405 5149 3600 5204 vitium

2015 5269 2133 5322 est,
2158 5259 2242 5316 sic
2274 5258 2484 5313 invidia
2518 5258 2778 5314 amicitia:
2813 5255 2966 5310 Iabes
2999 5249 3239 5308 exsistit.
3453 5313 3457 5317 τ

2091 5349 2317 5406 lloncsti
2343 5350 2474 5404 odio
2505 5348 2882 5420 implacabiles
2907 5346 3207 5406 daemones,
3237 5337 3329 5393 ubi
3359 5331 3603 5392 necessi-

2019 5443 2214 5498 tudine
2251 5443 2585 5512 ,conjunctas
2627 5455 2690 5495 ac
2727 5438 2834 5494 sibi
2883 5448 3160 5506 congruas
3195 5428 3345 5486 nacti
3391 5421 3606 5482 fuerint

1833 5646 2071 5706 NOTE.

412 5790 488 5858 (li)
520 5789 672 5844 Οὐδὲ
705 5787 1057 5856 τραγῳδίαις
1073 5783 1512 5858 ἁλισκομένων.
1531 5853 1543 5858 _
1562 5783 1718 5854 Supl.
1734 5856 1743 5858 4
1757 5781 1918 5854 θερα-

2023 5782 2308 5854 ejulatibus
2331 5782 2728 5854 danmatorum.
2779 5779 3092 5835 .‘llaleGosn.
3126 5793 3291 5848 neque
3330 5776 3601 5848 traga'diis

343 5853 708 5918 πεύεταιΝοη
734 5853 1004 5924 delinitur,
1026 5853 1501 5929 plucaturieorum
1525 5853 1924 5927 (amentiadiris
2020 5853 2227 5927 capitur
2242 5869 2262 5929 ί
2293 5869 2362 5918 _ac
2391 5854 2434 5910 si
2478 5853 2780 5908 ἁλίσκεται.
