3990 6366
495 374 598 440 959

1653 375 1696 431 ὃ
1760 372 2046 432 ΜΑΧῘΜΙ

2174 373 2601 436 iNFESSORIS
3622 391 3712 458 960

491 487 827 551 voluntates,
853 485 1034 540 modis
1065 484 1326 539 omnibus
1359 484 1425 539 ad
1460 499 1614 539 suam
1649 485 1934 539 libidinem
1968 485 2070 539 illis

2183 486 2319 558 πρὸς
2340 487 2400 540 τὸ
2425 487 2556 541 ῖδιον
2583 488 2747 558 βούλῃ
2758 507 2854 560 μα,
2883 486 3024 546 ὥστε
3055 493 3286 560 καὶτοῖς
3313 495 3598 571 ὀφθαλμοῖς
3619 505 3713 556 τῶν

491 575 822 639 abutuntur,
848 583 912 629 ut
939 583 996 628 et
1026 574 1340 628 invidorum
1374 574 1554 630 oculis
1579 575 1854 645 cxplendo
1879 577 2077 631 volun-

493 668 624 719 tatis
658 681 770 720 suae
801 665 1066 735 obsequio
1102 673 1347 721 utantur.

563 759 1042 826 Quemadmodum
1067 759 1216 813 bono
1240 774 1426 813 comes
1448 770 1534 814 est
1559 759 1840 814 afﬂuentia
1865 768 1917 814 rt
1941 760 2076 815 libe-

490 849 685 903 ralitas
707 864 907 904 carens
931 848 1158 915 invidia,
1184 850 1264 904 sic
1288 849 1511 904 diabolo.
1533 865 1719 906 comes
1747 850 1890 905 livor
1911 861 1997 907 est
2021 861 2077 906 et

492 938 821 994 invidentia.

565 1031 654 1088 Uti
697 1033 950 1088 vultures
990 1033 1057 1087 ad
1099 1032 1450 1087 malcolentia
1490 1049 1717 1103 corpora
1756 1035 2072 1100 convolant,

493 1121 782 1190 multaque
830 1129 985 1190 prata
1033 1121 1252 1190 aliaque
1303 1120 1426 1175 loca
1474 1136 1686 1174 ammna
1735 1136 1800 1174 ac
1845 1120 2077 1176 floribus

490 1211 750 1276 odorata,
793 1227 988 1266 eorum
1041 1212 1345 1282 cupiditate
1390 1212 1758 1277 transvolant;
1805 1219 1970 1281 atque
2015 1222 2076 1267 ut

493 1317 718 1362 muscae,
740 1303 963 1357 omissis
983 1303 1297 1357 sanioribus
1320 1301 1609 1362 membris,
1631 1301 1696 1354 ad
1716 1301 1899 1355 ulcera
1925 1300 2077 1356 festi-

491 1403 658 1461 nant;
701 1395 782 1449 sic
821 1395 1020 1458 invidi,
1053 1397 1204 1450 clara
1243 1395 1372 1450 vitae
1412 1394 1633 1452 decora,
1667 1408 1975 1463 magnaque
2010 1409 2076 1448 ac

491 1485 658 1539 laude
686 1485 848 1553 digna
877 1484 1142 1548 facinora,
1169 1500 1238 1537 ne
1255 1485 1534 1552 aspiciunt
1557 1482 1784 1552 quidem
1818 1499 1832 1535 :
1867 1483 1912 1536 si
1937 1483 2073 1552 quid

491 1591 628 1631 vero
652 1577 774 1630 vitii
806 1577 996 1642 lueret,
1024 1592 1086 1631 ac
1111 1587 1271 1646 putre
1298 1577 1578 1639 videatur,
1605 1576 1879 1646 ingruunt
1906 1585 2074 1645 atque

491 1667 758 1722 insident.

563 1756 822 1827 Theologi.
844 1787 915 1796 —
935 1756 1080 1812 Cave
1108 1757 1185 1812 illi
1213 1756 1487 1821 invideas,
1511 1757 1603 1812 cui
1631 1771 1896 1826 prospere
1924 1756 2074 1812 cedit

2176 578 2468 650 βασκάνων
2499 583 2580 646 είς
2615 582 2926 655 ὑπηρεσίαν
2955 579 3268 657 χρήσασθαι
3295 587 3388 643 τοῦ
3415 589 3543 644 ἰδίου
3579 591 3716 668 θελή-

2222 688 2368 725 ατος.

2222 688 2368 725 ατος.

2177 687 2216 741 μ
2249 707 2460 833 Ὠθπερ
2493 763 2686 817 ἕπεται
2717 763 2796 834 τῷ
2847 764 3040 836 ἀγαθῷ
3087 768 3122 838 ἡ
3169 767 3406 838 ἀφθονία
3459 769 3538 843 (ἰ),
3568 773 3716 840 οὕτως

2175 853 2463 908 ἀκολουθεῖ
2490 855 2569 925 τῷ
2597 855 2832 928 διαϐόλῳ
2862 857 2896 927 ἡ
2927 856 3214 927 βασκανία.

2249 1031 2461 1103 Ὥσπερ
2511 1030 2568 1082 δὲ
2600 1032 2654 1084 οι
2697 1030 2876 1100 γῦπες
2909 1032 3048 1104 πρὸς
3093 1034 3165 1088 τὰ
3203 1035 3412 1107 δυσώδη
3467 1037 3720 1109 φέρονται,
3796 1019 3810 1035 χ

2177 1121 2404 1184 πολλοὺς
2432 1122 2531 1191 μὲν
2561 1123 2856 1192 λειμῶνας,
2891 1123 3124 1187 πολλοὺς
3149 1125 3206 1178 δὲ
3230 1127 3376 1195 ἡδεῖς
3408 1129 3501 1196 καὶ
3529 1131 3723 1195 εὒώδεις

2174 1212 2373 1276 τόπους
2411 1215 2847 1285 ὑπεριπτάμενοι
2872 1232 2884 1246 ·
2934 1216 3030 1268 καὶ
3064 1217 3121 1270 αἱ
3157 1219 3332 1286 μυῖαι,
3363 1219 3426 1272 τὸ
3449 1220 3545 1290 μὲν
3566 1222 3722 1288 ὑγιαῖτ

2174 1321 2264 1357 νον
2300 1306 2723 1376 παρατρέχουσι,
2755 1307 2894 1377 πρὸς
2930 1304 2988 1360 δὲ
3013 1307 3073 1360 τὸ
3105 1308 3262 1372 ἕλκος
3285 1309 3622 1378 ἐπείγονται·
3649 1312 3726 1366 oi).

2175 1414 2282 1458 τως
2320 1398 2372 1450 oi
2423 1396 2707 1467 βάσκανοι,
2744 1399 2846 1463 τὰς
2882 1399 2982 1470 μὲν
3035 1399 3132 1454 τοῦ
3182 1401 3300 1471 βίου
3353 1402 3726 1475 λαμπρότητας

2174 1489 2365 1543 καὶτὰ
2398 1491 2604 1560 μεγέθη
2650 1491 2760 1544 τῶν
2808 1491 3264 1564 κατορθουμένων
3313 1494 3438 1550 οὐδὲ
3485 1496 3727 1568 προσϐλέ-

2175 1598 2359 1647 πουσι,
2386 1585 2502 1647 τοῖς
2527 1583 2583 1637 δέ
2622 1583 2844 1656 σαθροῖς
2873 1585 3228 1642 ἐπιτίθενται.

2251 1761 2421 1814 Θεολ.
2449 1789 2523 1801 -
2549 1761 2641 1832 Μὴ
2668 1761 2958 1834 φθονήσεις
2992 1764 3071 1833 τῷ
3099 1763 3457 1837 κατορθοῦντι
3505 1766 3581 1830 ώς
3617 1767 3729 1835 φθο-

487 1861 557 1901 ac
601 1847 699 1916 qui
747 1855 898 1903 recte
949 1849 1089 1918 agit,
1134 1857 1394 1917 tanquam
1447 1847 1539 1903 ille
1585 1847 1740 1917 prior
1781 1845 2070 1910 inviderit,

2178 1851 2384 1922 νηθεὶς,
2418 1854 2512 1906 καὶ
2540 1853 2856 1922 φθονεῖσθαι
2886 1838 3151 1924 πεισθεὶς,
3181 1859 3276 1914 καὶ
3299 1859 3388 1914 διά
3417 1859 3576 1914 τοῦτο
3615 1876 3730 1914 κατ-

493 1948 660 2007 teque
698 1938 750 1993 ei
793 1939 1131 1995 invidiosum
1177 1947 1353 2006 ratus,
1386 1954 1451 1994 ac
1494 1939 1591 2008 qui
1629 1954 1696 1994 ea
1733 1939 1954 1994 ratione
1993 1939 2072 1993 illi

489 2029 738 2086 oﬂ'ensus
768 2031 866 2086 sis.

565 2123 762 2179 Pereat
790 2125 1002 2179 utinam
1035 2140 1104 2179 ex
1135 2123 1460 2179 hominibus
1495 2123 1700 2178 invidia
1737 2137 1934 2180 eorum
1973 2123 2070 2192 qui

489 2231 559 2271 ea
597 2217 878 2274 laborant!
922 2217 1040 2287 ipsa
1084 2218 1362 2288 pernicies
1399 2234 1595 2272 eorum
1629 2217 1724 2288 qui
1760 2219 2068 2286 patiuntur,

490 2322 680 2378 aerugo
717 2323 782 2362 ac
812 2309 997 2373 virus;
1042 2309 1189 2362 inter
1219 2309 1352 2363 vitia
1391 2295 1768 2378 aequissimum
1807 2309 1970 2364 simul
2010 2325 2076 2364 ac

491 2398 934 2468 iniquissimum;
968 2401 1210 2454 alterum
1245 2401 1494 2471 quidem,
1525 2401 1674 2472 quod
1704 2401 1866 2456 bonis
1895 2400 2075 2454 omni-

483 2484 599 2544 ‘bus
626 2488 916 2553 obtundit;
945 2489 1179 2546 alterum
1206 2505 1362 2556 vero,
1387 2491 1537 2562 quod
1569 2492 1693 2547 illos
1714 2491 1868 2562 ipsos
1897 2491 2070 2557 ltedit,

487 2579 584 2648 qui
615 2594 737 2634 eam
769 2580 1000 2636 habent.

557 2667 726 2738 658
761 2667 947 2742 Chrys.
977 2701 1049 2712 -—
1085 2668 1130 2726 Ο
1175 2670 1383 2725 invidia
1425 2671 1620 2726 mortis
1663 2671 1840 2734 radix,
1880 2671 2072 2726 multi-

485 2757 613 2828 plex
641 2759 934 2830 mgritudo,
967 2763 1152 2818 cordis
1187 2764 1504 2819 acutissime
1539 2765 1718 2819 clave!
1755 2765 1889 2832 Quis
1921 2767 2069 2820 enim

484 2851 626 2906 adeo
659 2862 856 2908 acutus
890 2854 1102 2919 clavus,
1131 2855 1225 2926 qui
1262 2856 1344 2910 sic
1376 2865 1606 2928 pungat,
1636 2871 1700 2912 ac
1731 2857 1940 2912 invidia
1975 2873 2072 2911 cor

483 2959 551 2999 ea
585 2944 842 3001 laborans
873 2947 1118 3002 sauciat?

554 3034 770 3094 Invidet
815 3038 1040 3108 quidem
1086 3039 1334 3106 daemon,
1379 3040 1476 3097 sed
1526 3039 1882 3108 hominibus;
1929 3041 2067 3096 nulli

481 3139 618 3179 vero
647 3125 960 3182 daemonum
989 3145 1003 3182 :
1035 3137 1094 3184 tu
1125 3145 1256 3184 vero
1285 3145 1414 3185 cum
1443 3130 1520 3186 sis
1548 3129 1716 3185 homo
1748 3131 2068 3186 hominibus

482 3216 730 3284 invides;
763 3234 1125 3289 ecquamnam
1153 3222 1374 3277 veniam
1403 3221 1718 3278 obtinebis?

555 3308 710 3380 Grcg.
740 3310 899 3382 Nysa.
927 3343 999 3354 ——
1025 3313 1274 3379 Invidiae,
1301 3313 1670 3369 infortunium
1702 3323 1788 3370 est
1814 3331 1924 3370 non
1956 3332 2072 3370 ma-

481 3399 596 3454 lum
643 3406 958 3472 proprium,
997 3405 1093 3460 sed
1133 3404 1342 3460 bonum
1389 3406 1634 3463 alienum
1681 3424 1694 3460 :
1737 3422 2068 3477 rursumque

481 3493 758 3559 lviii-itas,
820 3512 933 3550 non
995 3497 1206 3552 bonum
1272 3499 1602 3570 proprium,
1661 3500 1768 3556 sed
1829 3502 2068 3572 proximi

483 3585 710 3639 malum.
802 3651 810 3658 .

551 3684 807 3749 Narrant,
840 3689 1110 3753 vultures,
1134 3690 1464 3746 cadaverum
1499 3709 1669 3750 vorax
1701 3695 1936 3762 animal,
1961 3713 2068 3752 un-

421 3805 445 3818 κ
477 3786 688 3848 guento
736 3779 990 3835 interire.
1029 3781 1104 3837 Ea
1153 3783 1304 3838 enim
1357 3795 1492 3840 sunt
1534 3785 1749 3854 indole,
1786 3797 1846 3843 ut
1893 3789 2069 3846 fetore

481 3867 720 3938 taboque
752 3870 1086 3927 cadaverum
1131 3875 1299 3945 atque
1341 3877 1497 3932 sanie
1534 3876 1850 3935 foveantur.
1883 3881 1977 3936 Sic
2012 3891 2071 3938 et

478 3959 575 4028 qui
601 3959 707 4016 hoc
730 3963 925 4017 morbo
951 3972 1234 4030 tenentur,
1259 3967 1566 4022 amicorum
1595 3970 1854 4026 secundis
1879 3973 2067 4040 rebus,

480 4051 635 4105 velut
669 4051 897 4109 admoto
927 4057 1182 4124 quodam
1231 4073 1536 4130 unguento,
1569 4062 1938 4118 emoriuntur.
1973 4065 2069 4121 Sin

478 4151 668 4199 autem
700 4145 916 4202 adversi
948 4148 1160 4218 aliquid
1189 4167 1348 4206 casus
1379 4153 1620 4224 malique
1653 4157 2067 4226 conspexerint,

469 4243 683 4304 ,pra‘sto
711 4235 988 4302 advolant,
1017 4255 1186 4310 osque
1221 4241 1503 4298 aduncum
1537 4243 1850 4316 infigentes,
1877 4248 2068 4302 occul-

485 4335 594 4381 tam
627 4329 926 4385 extrahunt
953 4332 1327 4404 evulgantque
1353 4334 1661 4390 miseriam.
2052 4335 2060 4342 ’

552 4417 811 4476 Philonis.
841 4453 913 4462 -—-
935 4421 1067 4490 Quae
1097 4425 1330 4481 honesta
1364 4436 1515 4491 sunt,
1549 4444 1864 4498 quanquam
1889 4446 1958 4484 ex
1989 4429 2070 4483 in-

2173 1944 2435 2015 ενεχθείς.

2261 2121 2350 2186 Ὧς
2381 2122 2636 2180 ἀπόλοιτο
2691 2124 2752 2192 ἐξ
2801 2126 3109 2198 ἀνθρώπων
3153 2129 3183 2183 ὁ
3227 2129 3444 2199 φθόνος,
3471 2131 3506 2203 ἡ
3535 2131 3728 2202 δαπάνη

2173 2212 2284 2267 τῶν
2313 2213 2570 2286 ἐχόντων,
2601 2219 2631 2270 ό
2659 2217 2770 2271 τῶν
2817 2220 3138 2295 πασχόντῳν
3163 2221 3240 2286 ίός
3265 2237 3280 2253 ·
3337 2221 3404 2275 τὸ
3445 2222 3606 2293 μόνον
3634 2223 3729 2277 τῶν

2174 2307 2732 2364 παθῶν’ἀδικώτατόν
2763 2327 2822 2364 τε
2851 2310 2969 2382 ἅμα
3001 2313 3098 2365 καὶ
3121 2313 3464 2368 δικαιότατον
3483 2331 3498 2346 ·
3533 2315 3591 2369 τὸ
3622 2317 3726 2386 μὲν,

2172 2399 2254 2452 ὅτι
2273 2401 2414 2480 ,πᾶσι
2451 2401 2651 2473 διοχλεί
2679 2402 2867 2467 καλοῖς
2893 2443 2908 2470 ,
2936 2404 2998 2458 τὸ
3025 2405 3107 2472 δὲ,
3137 2407 3219 2460 ὅτι
3249 2405 3429 2461 ἀδικεῖ
3448 2407 3572 2474 τοὺς
3605 2407 3730 2480 ἔχον.

2149 2477 2292 2554 acac:

2248 2667 2554 2736 Χρυσοσγ.
2589 2698 2657 2709 -
2680 2669 2744 2722 Ὦ
2775 2667 2943 2738 φθόνε
2973 2668 3100 2744 ῥίζα
3124 2671 3382 2740 θανάτου,
3410 2675 3443 2745 ἡ
3477 2675 3727 2730 πολύπλοο

2170 2775 2268 2822 κος
2309 2759 2484 2826 νόσος,
2524 2761 2753 2832 καρδίας
2805 2761 3038 2827 δξύτατε
3092 2761 3222 2838 ἦλεί
3279 2766 3445 2832 Ποῖος
3480 2767 3586 2836 γὰρ
3613 2763 3728 2840 ἧλος

2169 2849 2433 2915 ὀξύτατος
2473 2848 2646 2914 οὕτως
2699 2853 2888 2922 κεντᾷ,
2927 2853 3005 2917 ὡς
3031 2855 3061 2908 ὁ
3098 2854 3294 2925 φθόνος
3348 2857 3449 2929 τὴν
3511 2857 3724 2929 ἔχουσαν

2171 2943 2336 2996 αὐτὸν
2363 2941 2591 3009 καρδίαν
2617 2942 2910 3014 τιτρώσκει
2933 2961 2950 3012 ;

2255 3034 2314 3086 Ὀ
2346 3033 2558 3104 δαίμων
2598 3033 2784 3104 φθονεῖ
2816 3034 2937 3106 μὲν,
2971 3034 3280 3109 ἀνθρώποις
3313 3039 3374 3094 δέ
3395 3057 3410 3072 ·
3443 3039 3647 3109 δαίμονι
3677 3039 3726 3095 δὲ

2175 3122 2372 3176 ούδενί.
2403 3123 2474 3177 Σὺ
2501 3122 2556 3177 δὲ
2587 3123 2874 3196 ἄνθρωπος
2896 3123 2993 3194 ὢν,
3027 3125 3338 3199 ἀνθρώποις
3372 3128 3615 3200 φθονεῖς
3647 3129 3728 3183 καὶ

2176 3216 2336 3278 ποίας
2366 3214 2530 3287 τεύξῃ
2569 3204 2895 3290 συγγνώμης
2920 3237 2936 3278 :

2241 3309 2423 3375 Γρηγ.
2466 3307 2620 3362 Νὐσ.
2645 3337 2716 3347 --
2741 3307 2925 3380 Φθόνῳ
2959 3310 3002 3344 ¹⁹
3031 3309 3290 3383 ἀτύχημα
3325 3313 3427 3384 μέν
3487 3315 3632 3371 ἐστιν
3673 3314 3726 3368 ού

2167 3399 2228 3451 ab
2255 3399 2385 3452 ῖδιον
2414 3399 2609 3463 κακὸν,
2663 3396 2799 3455 ἀλλὰ
2833 3401 2895 3454 τὸ
2928 3399 3210 3474 ἀλλότριον
3245 3404 3454 3472 ἀγαθόν
3479 3423 3494 3438 ·
3547 3405 3726 3478 κατόρ·

2167 3491 2332 3563 θωμα
2353 3491 2408 3546 δὲ
2435 3491 2618 3559 πάλιν,
2647 3493 2707 3546 ού
2732 3494 2794 3547 τδ
2820 3495 3021 3549 οίκεῖον
3049 3495 3237 3565 καλὸν,
3272 3497 3413 3554 ἀλλὰ
3435 3499 3496 3554 τὸ
3524 3498 3615 3553 τοῦ
3644 3498 3729 3551 πέ-

2168 3583 2267 3648 λας
2298 3585 2486 3638 κακόν.

2237 3684 2562 3757 Φθείρεσθαι
2590 3685 2718 3750 τοὺς
2741 3684 3108 3759 νεκροϐόρους
3142 3687 3329 3758 γῦπας
3357 3690 3438 3763 τῷ
3481 3691 3630 3764 μύρῳ
3653 3691 3730 3744 λέ-

2167 3793 2347 3845 γουσι.
2379 3776 2520 3848 Πρὸς
2552 3775 2660 3848 γὰρ
2694 3775 2756 3829 τὸ
2790 3776 3024 3842 δυσῶδες
3054 3781 3150 3834 καὶ
3179 3780 3478 3855 διεφθορὸς·
3501 3783 3671 3838 αὐτῶν
3700 3783 3730 3854 ἡ

2169 3866 2332 3936 φύσις
2361 3864 2653 3938 ᾠκείωται.
2677 3867 2790 3920 Καὶ
2816 3868 2844 3920 δ
2875 3870 2942 3938 τῇ
2973 3869 3112 3940 νόσῳ
3143 3871 3318 3944 ταύτῃ
3349 3873 3728 3945 κρατούμενος,

2166 3961 2234 4030 τῇ
2268 3959 2367 4028 μὲν
2389 3955 2662 4028 εὐημερίᾳ
2690 3957 2801 4010 τῶν
2835 3957 3024 4028 φίλων,
3055 3956 3165 4016 οἷόν
3192 3977 3342 4027 τινος
3374 3963 3554 4036 μύρου
3583 3980 3732 4036 προσ-

2167 4050 2298 4122 ϐολῇ
2357 4051 2808 4123 καταφθείρεται.
2871 4055 2935 4106 El
2991 4054 3048 4108 δέ
3105 4071 3158 4106 τι
3211 4054 3388 4119 πάθος
3431 4059 3497 4110 ἐκ
3531 4070 3728 4125 suntpo-

2170 4125 2280 4212 ρῶν
2319 4141 2365 4173 ’⁸
2395 4141 2514 4208 ἴδοι,
2555 4142 2692 4214 πρὸς
2721 4143 2880 4197 τοῦτο
2909 4144 3261 4209 καθίπταται,
3303 4147 3402 4200 καὶ
3421 4147 3483 4201 τὸ
3513 4145 3730 4216 ἀγκύλον

2168 4234 2364 4302 ἐπάγει
2395 4233 2594 4306 στόμα,
2640 4235 2711 4290 τὰ
2763 4238 3126 4309 κεκρυμμένα
3157 4237 3396 4305 ἐξέλκων
3424 4240 3520 4295 τοῦ
3549 4241 3728 4295 δυστυ-

2283 4344 2430 4382 ατος.

2283 4344 2380 4382 ατο
2416 4364 2430 4380 .

2167 4326 2528 4490 χήειίλιιῗνος.
2581 4453 2646 4462 -
2695 4421 2970 4485 Τὰκαλὰ,
3003 4421 3106 4476 κᾶν
3139 4421 3320 4494 φθόνῳ
3373 4423 3514 4495 πρὸς
3566 4413 3729 4490 ὀλίγον

479 4510 627 4567 vidia
659 4513 724 4567 ad
753 4514 924 4570 breve
959 4525 1176 4586 tempus
1205 4518 1504 4574 obscurata
1535 4519 1766 4583 fuerint,
1790 4537 1889 4591 per
1909 4536 2068 4576 occa-

2174 4512 2502 4582 ἒπισκιασθῇ
2540 4515 2748 4586 χρόνον,
2781 4514 2873 4567 ἐπὶ
2919 4512 3098 4585 καιρῷ
3131 4514 3386 4582 λυθέντα,
3417 4514 3574 4578 αὖθις
3608 4515 3730 4567 ἁνα-

479 4601 695 4657 sioncm
733 4619 798 4658 ac
833 4614 1146 4675 opportune
1179 4609 1382 4673 soluta,
1423 4623 1616 4664 rursus
1653 4610 2064 4680 splendescunt.

555 4693 850 4749 Plutarchi.
893 4726 963 4736 —-—
1011 4695 1090 4750 Ad
1151 4699 1324 4752 solem
1383 4699 1824 4763 ambulantibus,
1871 4703 2069 4755 umbra

481 4786 802 4839 necessario
828 4802 1014 4842 comes
1039 4797 1152 4855 est;
1189 4789 1369 4860 iisque
1396 4791 1490 4860 qui
1525 4792 1832 4849 honoribus
1863 4809 1928 4848 ac
1958 4793 2072 4846 vita

481 4876 618 4930 clari
650 4877 948 4944 habentur,
977 4882 1220 4950 proclive
1256 4881 1466 4936 invidia
1494 4883 1682 4938 lueret.

469 4979 478 4986 ‘
552 4996 624 5004 —
643 4966 928 5022 Ciaritatis
953 4968 1143 5034 decor,
1167 4971 1319 5026 velut
1346 4971 1540 5025 morbo
1569 4971 1832 5051 quodam,
1863 4971 2074 5028 invidia

485 5056 596 5113 cito
627 5061 1028 5129 corrumpitur.

2172 4602 2398 4673 λάμπει.

2243 4696 2654 4767 Πλουτάρχου.
2686 4728 2756 4736 -
2788 4697 2916 4760 Τοῖς
2945 4696 3046 4766 μὲν
3084 4696 3175 4750 διὰ
3212 4698 3305 4750 τοῦ
3332 4697 3486 4768 ἡλίου
3519 4691 3731 4768 πορευοο

2173 4787 2354 4854 μένοις
2383 4787 2578 4840 ἕπεται
2615 4785 2735 4840 κατ’
2765 4786 3013 4858 ἀνάγκην
3044 4787 3171 4840 σκιά
3199 4803 3213 4818 ο
3272 4791 3387 4853 τοῖς
3430 4789 3488 4842 δὲ
3532 4787 3618 4842 διὰ
3642 4785 3730 4855 τῆς

2168 4877 2328 4947 δόξης
2361 4878 2669 4949 βαδίζουσιν
2693 4876 2978 4932 ἀκολουθεί
3004 4877 3218 4948 φθόνος.

2240 4969 2314 5022 Τὸ
2339 4973 2436 5040 τῆς
2467 4966 2626 5039 δόξης
2663 4967 2858 5032 κάλλος
2903 4967 3093 5041 ὥσπερ
3153 4969 3257 5023 ὑπὸ
3289 4969 3449 5024 νόσου
3481 4966 3574 5022 τοῦ
3609 4965 3729 5038 c986-

2171 5079 2266 5116 vou
2306 5063 2445 5132 ταχὺ
2473 5060 2926 5132 καταφθείρεται.

1761 5199 2000 5257 VABUE
2042 5199 2455 5260 LECTthES.
2510 5255 2516 5261 .

555 5289 599 5321 "
627 5287 688 5344 B.
716 5287 930 5358 φθόνος.
1009 5291 1054 5322 ¹⁰
1075 5290 1136 5344 Β.
1161 5292 1469 5364 συμφορᾶς.

561 5498 643 5570 (ἱ)
667 5499 925 5570 "Exstat,
973 5497 1054 5562 τῷ
1091 5500 1290 5569 ἀγαθῷ
1316 5503 1353 5568 ἠ
1383 5501 1661 5570 ἀφθονία.
1712 5503 1891 5558 Nimis
1924 5503 2066 5558 forte

491 5569 782 5644 restringit
816 5569 952 5624 Bud.
989 5585 1109 5644 eam
1141 5572 1526 5644 vocedeum
1565 5572 1769 5644 reddit,
1815 5573 2065 5644 (Equites

496 5640 664 5711 Quinti
689 5657 875 5711 carens
897 5641 1042 5711 omni
1066 5642 1286 5695 invidia.
1347 5643 1526 5696 Malim
1581 5641 1642 5695 τὸ
1697 5640 1920 5711 ἀγαθὸν⁸
1977 5643 2067 5698 hic

496 5707 722 5784 Basilio,
759 5709 938 5784 ipsum
962 5710 1132 5784 Deum
1158 5726 1302 5784 esse,
1340 5721 1397 5784 et
1425 5713 1628 5784 opponi
1661 5707 2064 5784 diabolo,quod

503 5777 648 5832 Deus
671 5777 798 5832 vere
823 5777 1054 5846 ἄφθονος
1088 5781 1178 5844 sit,
1208 5781 1324 5850 ipsa
1356 5777 1763 5851 bon'i'ratio'ne,
1821 5777 2066 5840 liberalis

1995 5381 2235 5459 sorua.

2173 5503 2260 5576 sui
2322 5501 2726 5576 dill'usioneuet
2747 5500 2866 5556 sine
2923 5499 3150 5576 invidia.
3197 5497 3472 5576 Diabolus
3525 5505 3726 5576 semper

2174 5573 2765 5644 φθονερὺςεηιιιᾷιὶιιιθ
2822 5578 3018 5644 auctor
3062 5569 3382 5624 hominibus
3452 5569 3723 5644 exsistens:

2172 5637 2330 5708 Quod
2346 5637 2542 5697 'reddit
2565 5637 2731 5697 Gesn.
2757 5649 2817 5695 ut
2837 5640 2923 5693 vir
2946 5642 3067 5694 viro
3093 5649 3425 5709 opponatur,
3465 5637 3636 5691 bonus
3667 5641 3724 5682 ac

2173 5713 2382 5781 probus
2418 5711 2827 5779 calumniatori,
2857 5709 2994 5765 nihil
3027 5709 3301 5781 approbo.
