3990 6362
207 328 313 395 961
419 345 429 357 '

1532 320 1701 380 LOCI
1742 316 2184 381 COMMUNES.

3384 322 3491 385 962

293 440 679 510 Ἀνάχαρσίς.
705 466 776 477 -
816 434 1142 506 Ἀνάχαρσις
1169 435 1197 487 ὁ
1227 398 1445 501 Σκύθτγς
1476 431 1797 501 ἐρωτηθεὶς,

1974 429 2319 483 Anacharsis.
2356 458 2425 471 -——
2456 430 2792 487 Anacharsis
2832 431 3033 504 Scytha
3060 441 3307 502 rogatus,
3356 432 3492 503 quid

205 533 310 586 Διὰ
343 532 462 585 τίνα
511 529 691 584 αἰτίαν
717 529 997 597 ἂνθρωποι
1031 524 1330 579 λυποῦνται
1363 522 1637 586 πάντοτες
1667 521 1791 591 ἔφη,

207 624 337 677 Ὀτι
359 623 423 676 οὐ
458 622 620 692 μόνον
652 620 852 683 αὐτοὺς
880 620 950 673 τὰ
980 618 1088 673 ἴδιοι
1127 614 1277 670 κακὰ
1312 613 1493 680 λυπεῖ,
1536 612 1674 667 ἀλλὰ
1702 614 1798 667 καὶ

202 714 279 770 τὰ
308 714 567 785 ἀλλότρια
594 712 800 782 ἀγαθά.

295 808 595 875 Ἀριστοτ.
644 835 716 847 -
757 803 977 869 Φθόνος,
1009 802 1199 873 φησὶν,
1240 800 1651 872 ἀνταγωνιστής
1683 799 1798 852 ἐστι

201 898 321 951 τῶν
350 898 742 968 εὐτυχούντων.
1108 880 1125 893 ’

279 990 601 1060 Δημοκρίτ.
636 1020 709 1030 —
758 991 825 1044 'H
852 988 962 1045 τῶν
1010 988 1231 1057 ἀγαθῶν
1282 987 1405 1058 ἔρις
1454 985 1661 1040 ὠφελεῖ
1707 986 1800 1039 τὸν

204 1083 501 1155 ζηλοῦντα,
548 1081 623 1155 μὴ
657 1083 973 1154 βλάπτουσα
1002 1082 1094 1135 τὸν
1119 1080 1475 1152 ζηλούμενον.

278 1178 398 1231 οὐκ
439 1176 508 1230 ἂν
539 1175 783 1230 ἐκώλυον
812 1176 862 1229 oi
893 1175 1049 1245 νόμοι
1090 1173 1191 1244 ζῇν
1241 1173 1475 1226 ἕκαστον
1508 1171 1631 1225 κατ’
1663 1169 1799 1224 ἰδίαν

202 1268 486 1334 ἐξουσίαν,
544 1268 596 1320 εί
645 1267 721 1338 μὴ
756 1267 947 1338 ἕτερος
998 1267 1185 1335 ἕτερον
1231 1266 1573 1336 ἐλυμαίνετο.
1600 1257 1820 1328 Φθόνος

203 1362 315 1433 γὰρ
348 1362 566 1424 στάσιος
596 1361 771 1431 ἀρχὴν
793 1360 1195 1429 ἀπεργάζεται.

291 1452 353 1505 ’0
383 1450 545 1514 αὐτὸς
597 1448 689 1504 τὸν
737 1448 932 1519 φθόνον
970 1446 1126 1502 εἶπεν
1164 1447 1323 1512 ἕλκος
1367 1444 1509 1502 εἶναι
1538 1448 1639 1519 τῆς
1665 1446 1799 1519 ἁλη-

209 1543 385 1606 Θείας.

282 1633 654 1704 Κλειτὰρχου
687 1634 755 1688 ⁸⁸.
798 1663 872 1673 -
900 1632 1113 1704 ’Ὠσπερ
1142 1630 1247 1684 ὐπὸ
1269 1629 1365 1684 τοῦ
1399 1630 1481 1684 ίοῦ
1515 1630 1609 1684 τὸν
1645 1629 1798 1702 σίδη-

216 1743 333 1798 ρον,
361 1724 507 1778 οὕτω
533 1725 661 1788 τοὺς
687 1722 983 1794 φθονεροὺς
1015 1722 1122 1775 ὐπὸ
1149 1720 1248 1775 τοῦ
1298 1721 1433 1775 ἰδίου
1473 1720 1636 1793 ἧθους
1668 1737 1796 1774 κατι

212 1816 520 1871 εσθίεσθαι.

276 1907 620 1980 Σωκράτης.
665 1938 739 1950 -—
795 1903 992 1962 Πολλοὶ
1045 1907 1311 1970 θανόντας
1353 1903 1659 1975 ἀμείϐουσι
1687 1904 1803 1966 τοῖς

208 2001 432 2072 τάφοις,
466 2000 560 2066 οὓς
589 2000 669 2073 τῷ
691 2000 873 2073 φθόνῳ
901 2000 1169 2071 πρότερον
1200 1999 1442 2069 ῆλγυναν
1472 1995 1705 2061 ζῶντας.

290 2180 354 2233 '0
384 2181 545 2245 αὐτὸς
590 2181 682 2235 τὸν
710 2179 907 2250 φθόνον
943 2180 1046 2251 ἔφη
1075 2179 1178 2249 τῆς
1202 2176 1384 2249 ψυχῆς
1406 2171 1547 2230 εἶναι
1580 2176 1804 2246 πρίονα.

300 2272 555 2325 Λευκίπ.
602 2300 677 2336 -τ
739 2269 1056 2338 Ζηλοτυπία
1094 2269 1205 2339 γὰρ
1274 2266 1421 2333 ἅπαξ
1484 2264 1807 2339 ἐμπεσοῦσα

212 2361 384 2432 ψυχῇ,
411 2361 804 2415 δυσέκλειπτον
833 2360 970 2415 ἐστί.

285 2455 619 2508 Κλεόϐουλ.
650 2482 725 2493 -
782 2453 1120 2517 Κλεόϐουλος
1153 2454 1181 2507 ό
1232 2450 1470 2515 Λίνδιος,
1505 2448 1808 2521 ἐρωτηθεὶς

213 2546 322 2599 ὐπό
353 2562 523 2613 τινος,
562 2545 700 2598 Τίνα
753 2545 838 2599 δεῖ
894 2545 1131 2616 μάλιστα
1180 2542 1596 2614 φυλάττεσθαι;
1629 2537 1803 2606 εἶπεν,

214 2636 335 2688 Τῶν
372 2635 477 2705 μὲν
529 2634 700 2703 φίλων
751 2636 844 2688 τὸν
916 2635 1146 2704 φθόνον,
1195 2634 1306 2687 τῶν
1351 2633 1408 2687 δὲ
1459 2630 1674 2703 ἐχθρῶν
1707 2632 1807 2701 τὴν

216 2726 539 2799 ὲπιδουλήν.
784 2744 799 2767 ο
1207 2758 1213 2764 -
1563 2742 1591 2762 δ
1778 2772 1785 2779 .

286 2818 541 2884 Βίωνος.
569 2849 642 2860 ——
679 2818 822 2873 Βίων
850 2820 878 2873 ὁ
915 2818 1201 2890 σοφιστὴς,
1238 2816 1361 2872 ἰδών
1391 2833 1513 2871 τινα
1545 2813 1810 2885 φθονερὸν

217 2909 427 2980 σφόδρα
459 2910 758 2977 κεκυφότα,
796 2907 973 2973 εἶπεν,
1008 2911 1080 2962 Ἢ
1102 2910 1280 2980 τούτῳ
1314 2910 1455 2980 μέγα
1479 2907 1648 2961 κακὸν
1680 2923 1812 2975 συμ-

218 3001 478 3072 ϐέϐηκεν,
519 3001 552 3072 ἢ
585 3002 734 3073 ἄλλῳ
768 3002 911 3073 μέγα
944 3000 1172 3070 ἀγαθόν.

849 3197 1195 3268 Ἀγάθωνος.

362 3295 488 3348 Οὐκ
509 3288 591 3364 ἦν
619 3291 696 3345 ἂν
731 3290 1142 3364 ᾀνθρῴποισιν
1169 3291 1240 3344 ἐν
1266 3291 1386 3355 βίῳ
1418 3292 1664 3359 φθόνος,

355 3366 429 3417 ει
459 3361 687 3428 πάντες
722 3361 877 3431 ἦμεν
904 3362 973 3425 ἐξ
1002 3362 1145 3415 ἴσου
1178 3365 1541 3430 πεφυκότες.

291 3456 630 3526 Θεόφραστ.
668 3485 742 3495 -
788 3454 1139 3525 Θεόφραστος
1203 3450 1362 3518 εἶπε,
1409 3456 1538 3518 τοὺς
1606 3455 1812 3527 μοχθη-

218 3552 353 3624 ροὺς
382 3552 495 3605 τῶν
529 3550 858 3621 ἀνθρώπων,
913 3550 1013 3620 οὐχ
1059 3549 1235 3612 οὕτως
1276 3548 1505 3621 ἥδεσθαι
1559 3549 1654 3603 ἐπὶ
1697 3552 1813 3614 τοῖς

218 3641 375 3702 ἰδίοις
398 3638 647 3707 ἀγαθοῖς,
678 3639 754 3701 ὡς
792 3639 886 3691 ἐπί
918 3641 1034 3702 τοῖς
1064 3637 1373 3708 ἀλλοτρίοις
1400 3640 1617 3701 κακοῖς.

285 3732 562 3786 Πλάτων.
588 3761 660 3770 -
693 3730 922 3799 ’Δγαθὸς
950 3726 1051 3801 ἦν·
1113 3712 1306 3801 ἀγαθῴ
1355 3732 1413 3785 δὲ
1464 3731 1638 3795 οὐδεὶς
1686 3732 1814 3803 περὶ

98 3818 111 3823 ’
218 3824 440 3885 οὐδενὸς
469 3824 727 3877 οὐδέποτε
754 3822 970 3890 γίνεται
996 3822 1219 3892 φθόνος.

308 3915 787 3985 ’Δριστωνύμ-
821 3912 881 3966 '0
917 3912 1132 3983 φθόνος,
1176 3912 1370 3985 ὥσπερ
1400 3913 1604 3982 φαῦλος
1635 3914 1815 3986 δημα-

220 4008 431 4076 γωγὸς,
471 4009 593 4070 ταῖς
625 4006 822 4073 καλαῖς
852 4005 1326 4061 ἀντιπολιτεύεται
1362 4007 1650 4077 πράξεσιν.

285 4098 675 4154 Θουκυδίδου.
706 4128 777 4140 -
803 4098 1002 4163 Φθόνος
1029 4101 1145 4162 τοῖς
1174 4098 1308 4164 ζῶσι
1339 4100 1475 4169 πρὸς
1502 4100 1564 4151 τὸ
1595 4098 1818 4153 ἀντίπαο

227 4191 347 4244 λονο
379 4189 441 4245 τὸ
473 4191 531 4246 δὲ
561 4188 639 4263 μὴ
667 4190 945 4270 ἐμποδὼν,
968 4190 1435 4261 ἀνανταγωνίστῳ
1466 4189 1651 4262 εὐνοίᾳ
1668 4190 1816 4245 τετί-

314 4301 381 4337 τα
388 4303 426 4337 ι.

314 4301 426 4337 ται.

236 4301 652 4446 μηἈν-αξιμέν.
705 4405 777 4415 -
801 4375 961 4428 Ὅσοι
995 4375 1103 4448 γὰρ
1142 4350 1212 4427 cvi
1244 4373 1427 4438 καλῶς
1483 4372 1721 4445 ρηθέντα
1775 4374 1810 4444 ἦ

1906 536 2086 575 causae
2109 530 2256 577 esset
2285 537 2386 576 cur
2424 523 2681 577 homines
2723 539 2945 594 semper
2985 524 3211 579 doleant
3247 542 3261 578 :
3306 522 3489 591 Quod,

1907 612 2112 682 inquit,
2141 628 2254 667 non
2286 615 2463 669 solum
2495 631 2592 669 sua
2623 616 2767 670 mala
2805 615 3050 681 doleant,
3090 615 3188 671 sed
3217 624 3275 671 et
3311 617 3494 671 aliena

1906 704 2075 760 bona.

1982 798 2254 853 Aristotel.
2284 829 2354 838 —
2385 799 2598 854 Invidia
2632 799 2853 854 illorum
2885 796 3239 854 adversarius
3267 809 3370 866 cst,
3401 802 3494 871 qui

1908 892 2079 947 rebus
2105 891 2372 947 secundis
2401 900 2656 946 utuntur.

1980 980 2260 1033 Bonorum
2293 980 2580 1033 contentio
2610 980 2768 1050 juvat
2794 978 3170 1046 aemulantem,
3197 995 3301 1035 nec
3327 979 3378 1035 ei
3409 980 3499 1033 cui

1906 1070 2208 1133 temuleris,
2236 1071 2447 1140 aliquid
2476 1079 2659 1125 nocet.

1979 1161 2265 1216 Democrit.
2293 1192 2365 1201 —
2403 1162 2697 1233 Nunquam
2733 1163 2884 1233 leges
2926 1178 3027 1218 suo
3064 1178 3340 1233 quemque
3373 1163 3499 1238 jure

1907 1270 1973 1308 ac
2021 1253 2298 1309 arbitratu
2345 1255 2536 1311 vivere
2582 1264 2866 1318 vetarent,
2915 1256 3023 1310 nisi
3069 1256 3211 1309 alter
3262 1256 3500 1309 alterum

1908 1347 2137 1402 ltederet
2173 1365 2185 1400 :
2226 1347 2433 1401 invidia
2471 1347 2651 1415 enim,
2686 1348 2983 1403 seditionis
3016 1348 3172 1417 origo
3205 1356 3308 1401 est.

1981 1439 2155 1508 Idem,
2190 1438 2460 1494 invidiam
2496 1439 2659 1494 ulcus
2690 1455 2812 1494 esse
2838 1439 3093 1494 veritatis
3123 1440 3347 1493 dicebat
3372 1457 3390 1489 ι

1979 1619 2253 1676 Clitarchi.
2279 1649 2351 1659 ——
2374 1619 2447 1674 Ut
2472 1617 2754 1690 ferrugine
2778 1616 3009 1684 ferrum,
3038 1617 3121 1673 sic
3152 1616 3371 1670 invidos
3401 1630 3499 1670 sua

1910 1712 2060 1783 ipsos
2087 1712 2272 1765 indole
2300 1710 2578 1766 consumi.

1977 1883 2245 1940 Socrates.
2286 1915 2359 1925 —
2398 1884 2557 1938 Multi
2604 1883 2761 1953 quasi
2810 1884 2950 1955 grati
2999 1884 3171 1939 animi
3220 1884 3500 1956 significa-

1908 1979 2081 2043 tione,
2114 1977 2393 2033 defunctis
2425 1986 2783 2031 inonumenla
2818 1985 3054 2046 ponunt,
3084 1992 3225 2047 quos
3256 1978 3413 2048 prius
3444 1980 3503 2032 In

1906 2071 2052 2125 vivis
2077 2078 2305 2141 agentes
2333 2084 2572 2124 mmrore
2606 2069 2984 2123 confecerant.

1976 2159 2128 2214 Idem
2158 2159 2343 2213 aiebat
2368 2158 2635 2212 invidiam
2668 2159 2836 2213 animi
2886 2174 3010 2214 esse
3037 2176 3274 2215 serram.

1976 2250 2277 2322 Leucippis.
2299 2280 2371 2290 --
2394 2250 2693 2305 Ᾱίηιυὶοιίο
2721 2251 2870 2305 enim
2902 2266 3030 2306 cum
3058 2251 3308 2307 animum
3333 2253 3504 2308 semel

1909 2343 2197 2405 invaserit,
2221 2359 2364 2413 :egre
2396 2351 2583 2413 potest
2613 2344 2847 2398 aboleri.
3275 2351 3283 2358 ”

1979 2435 2279 2491 Cleobulus.
2306 2467 2376 2475 —
2397 2436 2699 2492 Cleobulus
2728 2435 2983 2501 Lindius,
3009 2450 3136 2491 cum
3169 2452 3236 2491 ex
3259 2452 3327 2492 eo
3354 2453 3509 2508 quai-

1907 2533 2127 2580 reretur
2162 2542 2175 2579 :
2208 2525 2376 2596 659
2406 2525 2536 2591 Quae
2569 2527 2808 2579 maxime
2831 2524 3059 2578 vitanda
3087 2533 3335 2594 putaret;
3357 2524 3509 2580 Ami-

1908 2632 2122 2682 corum,
2143 2618 2347 2689 inquit,
2369 2618 2657 2683 invidiam,
2682 2626 2739 2672 et
2762 2617 3117 2672 inimicorum
3144 2616 3393 2672 insidias.

1981 2818 2184 2872 Bionis.
2213 2847 2281 2857 -—
2321 2817 2454 2871 Bion
2497 2817 2776 2887 sophista,
2810 2815 2934 2872 cum
2973 2818 3214 2887 aliquem
3250 2817 3507 2874 invidum

1912 2912 2057 2966 tristi
2088 2911 2247 2967 valde
2284 2925 2348 2964 ac
2377 2910 2619 2964 demisso
2653 2910 2811 2963 vultu
2849 2910 3199 2964 incedentem
3232 2911 3496 2966 vidisset:

1911 3003 2041 3067 Aut,
2064 3002 2269 3071 inquit,
2296 3002 2428 3056 huic
2459 3002 2653 3072 ingens
2688 3002 2893 3055 malum
2930 3000 3147 3065 accidit,
3213 3012 3307 3057 aut
3338 3003 3501 3059 alteri

1913 3095 2107 3166 ingens
2138 3094 2370 3148 bonum.

2547 3205 2860 3274 Agathonis.

1913 3295 2105 3350 Nullas
2140 3297 2193 3349 in
2227 3298 2334 3349 vita
2369 3294 2501 3349 livor
2535 3303 2666 3348 esset
2703 3293 3041 3357 mortalibus,

1912 3367 2071 3422 Nobis
2100 3368 2175 3419 ita
2207 3368 2552 3437 comparatis,
2581 3376 2636 3418 ut
2671 3380 2852 3419 omnes
2883 3364 3115 3435 wquales
3148 3382 3396 3420 essemus.

1987 3459 2328 3530 Thcophrasl.
2348 3487 2414 3499 -—
2437 3457 2808 3527 Theophrasti
2839 3458 3118 3513 sententia
3145 3467 3265 3514 erat
3291 3478 3304 3512 :
3332 3460 3505 3517 Malos

1914 3552 2169 3608 homines
2218 3535 2282 3623 ac
2330 3565 2603 3613 morosos,
2646 3558 2755 3605 non
2803 3558 2913 3604 tam
2958 3550 3075 3606 suis
3121 3550 3302 3617 bonis,
3339 3569 3508 3623 quam

1914 3645 2113 3701 alienis
2145 3645 2306 3700 malis
2338 3641 2625 3697 delectari.

1984 3734 2164 3789 Plato.
2198 3764 2266 3773 —
2296 3733 2483 3787 Bonus
2522 3742 2645 3787 erat
2678 3749 2691 3784 :
2733 3732 2786 3786 ei
2828 3739 3012 3786 autem
3052 3731 3148 3802 qui
3189 3731 3369 3791 bonus
3408 3735 3503 3800 sit,

1913 3827 2068 3881 nulla
2104 3840 2168 3879 ex
2208 3840 2372 3879 causa
2409 3823 2555 3877 nllus
2584 3822 2871 3877 suboritur
2898 3822 3063 3877 livor.

1986 3916 2333 3987 Aristonymi.
2364 3945 2431 3954 —
2462 3913 2693 3976 Invidia,
2725 3913 2869 3968 sicut
2897 3914 3077 3968 malus
3108 3923 3298 3969 orator
3323 3930 3505 3986 popu-

1914 4006 2069 4076 lique
2098 4006 2318 4069 duetor,
2346 4004 2595 4074 honestis
2629 4003 2845 4059 actibus
2875 4003 3222 4057 adversatur.

1989 4095 2303 4166 Theacydid.
2329 4125 2400 4134 —
2434 4094 2705 4149 Invidiam
2744 4094 3009 4148 mortales
3044 4102 3326 4159 exercent,
3355 4093 3412 4148 in
3448 4092 3508 4150 id
3582 4116 3585 4119 λ

1917 4189 2069 4258 quod
2113 4189 2439 4244 adversatur
2486 4206 2499 4241 :
2542 4187 2692 4257 quod
2730 4201 2863 4241 vero
2899 4187 3037 4241 nulli
3077 4187 3363 4244 obstaculo
3397 4198 3509 4256 est,

1917 4281 2054 4335 nihil
2092 4280 2264 4334 invita
2300 4279 2688 4335 benevolentia
2720 4278 2927 4333 colunt.
3373 4342 3377 4347 τ

1988 4372 2309 4426 Anaximen.
2340 4399 2411 4410 —-
2448 4370 2552 4435 Qui
2598 4385 2700 4439 per
2743 4368 3009 4423 invidiam
3048 4384 3172 4438 qum
3213 4369 3319 4423 rite
3360 4369 3505 4426 dicta

234 4469 547 4543 πραχθέντα
573 4469 661 4523 διὰ
693 4471 888 4538 φθόνον
917 4470 1019 4523 οὐκ
1057 4468 1369 4534 ἐπαινοῦσι,
1404 4465 1523 4531 πῶς
1570 4460 1718 4521 οῦτοι
1746 4466 1803 4522 ἂν

1956 4473 2018 4518 ut
2046 4472 2199 4535 gesta
2233 4463 2345 4519 sint
2374 4477 2485 4517 non
2518 4461 2776 4527 laudant;
2810 4460 2901 4527 hi,
2934 4474 3048 4531 quo
3082 4460 3304 4515 tandem
3340 4461 3507 4517 modo

231 4565 341 4626 ⁴τοῖς
368 4561 555 4633 ἔργοις
579 4561 960 4631 ὠφελήσειανς

300 4654 599 4718 Κάτωνος.
630 4683 702 4693 -
726 4654 970 4707 ’Ἡκιστα
1032 4653 1350 4724 φθονεῖσθαι
1404 4652 1557 4723 ἔλεγε
1586 4654 1715 4718 τοὺς
1744 4656 1811 4725 τῇ

234 4745 372 4820 τύχῃ
422 4745 742 4817 χρωμένους
793 4745 1055 4811 επιεικῶς
1094 4746 1190 4812 καὶ
1254 4743 1512 4815 μετρίως.
1568 4745 1647 4799 Οὐ
1701 4744 1811 4816 γὰρ

154 4886 159 4891 .
237 4836 384 4906 ἡμῖν,
417 4835 556 4889 ἀλλὰ
591 4838 705 4901 τοῖς
739 4835 869 4907 περὶ
907 4836 1055 4908 ἡμᾶς
1083 4834 1397 4905 φθονοῦσιν.

315 5014 674 5083 Ἀνωνύμου.
707 5042 780 5051 ——
832 5013 1025 5066 Οὐδενὶ
1080 5013 1413 5082 φθονητέονο
1469 5012 1668 5082 ἀγαθοὶ
1717 5012 1817 5083 μὲν

241 5106 342 5177 γὰρ
379 5106 555 5171 ἄξιοι·
597 5106 759 5161 κακοὶ
797 5105 843 5159 δ’
883 5106 949 5160 ἂν
978 5106 1304 5176 εὐτυχῶσιν,
1336 5106 1525 5170 κακῶς
1555 5106 1742 5169 ζῶσιν.

305 5281 685 5353 Θεμιστοκλῆς
743 5281 1029 5353 μειράκιον
1060 5279 1161 5346 ὣν,
1203 5278 1359 5333 οὐδὲν
1404 5277 1509 5349 ἔφη
1554 5266 1838 5350 πράττειν’

235 5368 489 5441 λαμπρόν
510 5387 537 5401 ἰ
557 5371 714 5425 οὐπω
748 5372 858 5441 γὰρ
902 5368 1246 5439 φθονεῖσθαι.
1288 5368 1558 5440 Καθάπερ
1607 5371 1716 5440 γὰρ
1759 5370 1817 5421 αἱ

231 5465 559 5536 νανθαρίδες
590 5464 893 5535 ἐμφύονται
938 5461 1176 5533 μάλιστα
1212 5459 1293 5530 τῷ
1323 5461 1630 5531 ἀκμάζοντι
1662 5461 1815 5532 σίτῳ,

233 5556 330 5609 καὶ
356 5557 473 5619 τοῖς
526 5555 783 5611 εὐθαλέσι
831 5555 1037 5624 ῥόδοις·
1098 5548 1243 5604 οὕτω
1276 5553 1304 5605 ό
1350 5550 1545 5620 φθόνος
1582 5551 1816 5605 ἅπτεται

305 5743 350 5775 ⁸⁸
381 5739 502 5796 ἄλλ.
546 5739 912 5811 Πλουτάρχου.

1923 4557 2042 4628 ipsa
2073 4571 2132 4609 re
2157 4555 2433 4626 juverint?

1993 4646 2232 4703 Catonis.
2257 4676 2329 4686 —
2358 4645 2517 4701 Ilaud
2548 4658 2680 4701 sane
2714 4642 2937 4705 invidias
2966 4642 3235 4698 obnoxios
3269 4657 3390 4699 esse
3421 4643 3505 4700 di-

1923 4738 2105 4803 cebat,
2131 4738 2224 4808 qui
2260 4736 2509 4792 modeste
2547 4751 2612 4791 ac
2651 4743 2957 4804 temperate
2995 4736 3219 4789 fortuna
3259 4742 3510 4791 utantur.

1922 4830 2046 4885 Non
2076 4829 2224 4884 enim
2258 4844 2362 4884 nos
2394 4828 2659 4883 invidiam
2695 4834 2909 4897 petere,
2941 4825 3038 4881 sed
3073 4840 3165 4882 res
3196 4835 3415 4883 nostras
3445 4842 3511 4883 ac

1925 4936 2049 4992 qua:
2082 4920 2230 4974 circa
2264 4934 2369 4974 nos
2399 4918 2690 4974 exsistant.

1966 5011 2212 5067 ’Incerti.
2251 5040 2322 5052 —-
2361 5012 2536 5066 Nemo
2585 5010 3009 5082 prosequendos
3056 5008 3259 5065 invidia
3310 5025 3323 5061 :
3377 5005 3507 5060 boni

1924 5101 2095 5166 enim,
2124 5102 2274 5172 digni
2311 5111 2441 5156 sunt
2472 5102 2565 5172 qui
2598 5101 2769 5157 rebus
2796 5100 3053 5156 secundis
3082 5107 3308 5153 utantur
3337 5113 3350 5150 :
3380 5077 3584 5180 mallii?)
3642 5132 3649 5138 .

1926 5195 1971 5249 si
2006 5203 2258 5257 utuntur,
2285 5193 2424 5246 male
2450 5194 2666 5247 vivunt.

1999 5278 2403 5337 Themistocles
2445 5282 2629 5335 adhuc
2672 5277 3075 5335 adolescentior
3106 5310 3123 5336 ,
3197 5274 3332 5329 nihil
3377 5274 3509 5330 dum

1923 5393 1983 5433 se
2031 5377 2383 5448 splendidum
2426 5391 2587 5446 agerc
2627 5373 2873 5437 dicebat;
2921 5372 3123 5439 quippe
3166 5367 3260 5439 qui
3303 5365 3511 5422 invidia

1924 5466 2153 5520 minimc
2197 5473 2501 5537 peteretur.
2536 5464 2673 5518 Nam
2719 5461 2861 5515 sicut
2901 5458 3152 5513 canthari
3201 5457 3513 5530 (scarabecs

1922 5558 2145 5626 vocant)
2201 5558 2430 5612 robusto
2483 5555 2715 5608 maxime
2769 5552 3134 5606 innascuntur
3186 5550 3404 5616 tritico,
3445 5564 3511 5607 ac

1518 5668 1747 5723 VARUE
1788 5668 2192 5725 LECTlOI‘iliS.
