3990 6358
211 311 319 377 ινδ

1526 305 1699 367 LOCI
1740 304 2004 365 COMMU
2016 304 2062 362 Ν
2072 301 2179 363 ES.

3380 298 3488 361 96ῑί

272 423 490 490 Ὠσπερ
525 418 604 490 τῷ
646 417 899 491 ,στρουθῷ
953 416 1062 471 τῶν
1116 405 1333 488 πτερῶν
1391 416 1583 486 ὄφελος
1621 417 1795 480 οὐδὲν,

1970 415 2041 470 Ut
2088 412 2405 483 passerculo
2448 412 2588 466 nihil
2631 412 2855 482 prodest
2892 411 3037 481 quod
3085 409 3188 465 alis
3219 410 3489 479 ‘prmditus

205 511 318 566 ὑπὸ
350 512 450 583 τῆς
479 511 707 581 παγίδος
742 511 946 577 ἁλόντι,
978 510 1095 564 ἀλλ’
1130 511 1255 581 είκῆ
1299 510 1394 564 καὶ
1428 509 1617 580 μάτην
1663 526 1798 562 πτε-

1939 514 2008 570 st,
2041 505 2087 560 si
2124 505 2321 591 laqueo
2355 505 2608 558 irretitus
2643 512 2924 571 teneatur;
2957 503 3053 559 sed
3080 502 3285 557 frustra
3309 502 3488 555 nullo-

209 604 522 676 ρύσσεται’
571 601 715 657 οὕτω
744 602 841 656 καὶ
887 603 973 656 σοὶ
1015 602 1124 656 τῶν
1164 600 1444 672 λογισμῶν
1479 600 1637 654 οὐδὲν
1668 600 1796 668 ὀφε-

203 693 325 758 λος,
357 693 454 747 ἐὰν
507 692 854 764 κατακράτος
897 691 1002 744 ὑπὸ
1050 692 1150 761 τῆς
1205 691 1449 761 πονηρᾶς
1503 688 1799 758 ἐπιθυμίας

206 782 381 854 ἁλῷς.
1146 815 1151 818 ~

280 872 628 929 Διονυσίου.
664 902 736 913 —
767 872 882 926 Ούκ
928 871 1357 942 ἡναγκασμένην
1405 869 1550 940 ζωὴν
1603 869 1800 940 ἔχομεν

1903 613 2014 668 que
2055 596 2350 652 commodo
2388 596 2636 651 concutit
2674 597 2817 662 alas;
2858 597 2937 650 sic
2975 605 3033 650 et
3073 595 3174 650 tibi
3214 595 3491 648 rationum

1904 689 2107 743 mentis
2157 689 2309 743 nulla
2354 688 2545 743 futura
2582 687 2815 753 utilitas,
2865 686 2911 741 si
2954 701 3120 757 prava
3191 686 3492 756 cupiditate

1910 783 2140 837 omnino
2184 790 2380 851 captus
2414 779 2673 837 tenearis.

1972 875 2234 946 Dionysii.
2274 905 2345 914 —
2388 873 2510 929 Non
2553 889 2618 928 ea
2661 881 2852 928 nostra
2897 871 3185 926 hominum
3231 870 3339 924 vita
3386 877 3490 933 est,

202 966 260 1018 οί
290 963 598 1036 ἄνθρωποι.
650 960 789 1016 Οὔτε
821 962 933 1032 γάρ
963 962 1054 1016 διὰ
1098 962 1199 1031 τὴν
1239 960 1349 1013 τῶν
1382 960 1800 1030 προνοουμένων

1936 979 2028 1034 uae
2056 962 2385 1018 necessitate
2415 971 2626 1032 agatur.
2652 962 2772 1016 Non
2805 960 2953 1015 enim
2986 959 3196 1013 idcirco
3219 958 3369 1027 quod
3401 956 3491 1027 qui

203 1055 675 1129 αὐτεξουσιότητα
705 1055 775 1108 τά
815 1053 937 1109 θεῖα
965 1053 1123 1124 φῶτα
1177 1054 1281 1124 τῆς
1319 1053 1688 1125 προνοητικῆς
1716 1054 1803 1105 ἑλ-

1936 1055 2254 1110 ιτονίόειιιὶο
2280 1063 2565 1125 reguntur,
2584 1053 2841 1107 libertate
2863 1051 3080 1106 arbitrii
3105 1050 3318 1121 praediti
3344 1057 3494 1113 sunt,

203 1148 476 1220 λάμψεως
506 1147 945 1219 ἀπαμϐλύνεται.

278 1238 566 1307 Διδύμου.
613 1268 684 1277 —
731 1236 813 1289 Τά
846 1237 949 1307 μὲν
999 1235 1231 1291 ἀκούσια
1283 1238 1659 1308 ἁμαρτήματα
1709 1236 1802 1289 καὶ

207 1332 382 1402 νόμος
417 1333 718 1402 συγχωρεῖ,
760 1331 857 1383 καὶ
885 1329 1018 1392 Θεὸς
1044 1331 1263 1402 παρορᾷ
1290 1330 1674 1403 φιλάνθρωπος
1702 1329 1798 1396 ὣν,

209 1424 312 1479 καὶ
335 1424 439 1479 οὐκ
464 1424 681 1494 ἀπηνὴς
709 1422 803 1476 καὶ
827 1421 936 1474 τῶν
962 1422 1250 1476 ἑκουσίων.

281 1604 504 1658 Φίλων.
530 1632 604 1642 -—
627 1603 741 1671 Οὐχ
769 1601 847 1665 ὡς
875 1602 938 1654 τὸ
970 1600 1237 1665 ἑκουσίως
1263 1602 1609 1673 ἁμαρτάνειν
1655 1602 1805 1656 ἐστὶν

1905 1147 2092 1203 divina
2121 1147 2332 1201 lumina
2358 1144 2690 1200 illustrantis
2716 1143 3079 1214 providentia:
3103 1142 3494 1198 obscurantur.

1973 1239 2207 1310 Didymi.
2235 1269 2302 1280 —
2332 1238 2562 1291 Peccata
2596 1251 2704 1289 non
2736 1251 2803 1289 ex
2828 1235 3135 1299 voluntate,
3160 1242 3217 1288 et
3246 1234 3331 1288 lex
3365 1246 3497 1285 conc

1905 1331 2095 1393 donat,
2121 1337 2177 1384 et
2208 1330 2353 1383 Deus
2386 1343 2524 1398 pene
2554 1326 2809 1396 despicit,
2840 1326 3018 1395 utqui
3054 1327 3125 1380 sit
3156 1326 3400 1380 clemens
3432 1338 3498 1378 ac

1906 1421 2245 1487 misericors,
2270 1436 2373 1475 nec
2399 1420 2483 1473 vel
2508 1433 2702 1473 eorum
2730 1433 2853 1488 quae
2879 1417 3189 1471 voluntaria
3220 1422 3371 1481 sunt,
3396 1415 3498 1469 im-

1907 1513 2057 1567 mitis
2084 1514 2228 1567 ultor
2251 1513 2501 1568 exsistat.

1982 1605 2236 1659 Philonis.
2266 1636 2337 1644 ——
2367 1604 2488 1659 Non
2523 1614 2585 1660 ut
2616 1603 2929 1659 voluntarie
2964 1616 3196 1672 peccare
3231 1600 3497 1670 iniustum

212 1694 400 1750 ἄδικον
419 1733 435 1758 ,
471 1691 615 1745 οὕτω
637 1692 734 1744 καὶ
762 1690 1039 1753 ἀκουσίως
1068 1691 1163 1744 καὶ
1185 1692 1329 1745 κατά
1351 1693 1602 1761 ἄγνοιαν,
1635 1693 1805 1757 εὐθὺς

1936 1704 2014 1762 ιεῑ,
2039 1697 2119 1751 sic
2150 1712 2263 1751 non
2291 1697 2607 1752 voluntarie
2639 1706 2697 1751 et
2726 1712 2827 1766 per
2858 1692 3307 1764 imprudentiam,
3333 1692 3493 1762 661

212 1755 461 1836 δίκαιον·
501 1777 641 1832 ἀλλά
680 1779 826 1849 τάχα
879 1786 983 1833 που
1012 1779 1267 1851 μεθόριον
1319 1755 1547 1852 rip-390W,
1585 1755 1801 1836 δικαίου

1936 1789 2179 1842 :ontinuo
2213 1790 2456 1858 justum;
2497 1788 2596 1843 sed
2634 1788 2776 1843 forte
2815 1788 3104 1841 amborum
3142 1784 3362 1839 confine
3398 1785 3499 1837 ali-

214 1875 313 1931 καὶ
358 1874 576 1939 ἀδίκου,
618 1873 678 1927 τὸ
726 1871 834 1928 ὑπό
884 1890 1048 1927 τινων
1099 1873 1437 1945 καλούμενον
1486 1876 1800 1948 ἀδιάφορον.

223 1965 565 2039 ’Δμάρτημα
596 1963 706 2037 γάρ
737 1965 897 2019 οὐδὲν
926 1965 1092 2038 ἔργον
1122 1964 1497 2038 δικαιοσύνης.

284 2240 662 2311 Κλήμεντος.
691 2271 763 2282 -
781 2240 1034 2295 Μάλιστα
1070 2222 1292 2295 πάντων
1321 2242 1676 2311 Χριστιανοῖς
1706 2245 1809 2298 οὐκ

212 2332 434 2403 ἐφίεται
465 2331 526 2385 τὸ
554 2331 692 2404 πρὸς
719 2330 842 2401 βίαν
877 2331 1218 2402 ἐπανορθοῦν
1242 2331 1310 2385 τά
1330 2332 1439 2387 τῶν
1471 2334 1809 2406 ἁμαρτημά-

210 2436 325 2471 των
368 2419 715 2489 πταίσματα.
757 2419 833 2472 Οὐ
877 2413 985 2490 γάρ
1028 2422 1158 2485 τοὺς
1212 2422 1429 2494 ἀνάγκῃ
1470 2424 1573 2494 τῆς
1607 2427 1807 2490 κακίας

211 2509 616 2580 ἀπεχομένους,
657 2507 796 2562 ἀλλά
822 2510 951 2573 τοὺς
986 2510 1310 2581 προαιρέσει
1330 2515 1632 2582 στεφανοῖό
1649 2515 1803 2577 Θεός.

284 2603 364 2656 Οὐ
394 2600 622 2655 δυνατόν
646 2617 770 2653 τινα
800 2599 1005 2668 ἀγαθὸν
1033 2597 1174 2656 εἶναι
1206 2602 1464 2672 βεϐαίως,
1490 2606 1539 2658 εί
1564 2606 1639 2678 μὴ
1668 2610 1811 2661 κατὰ

212 2694 546 2767 προαίρεσιν
575 2693 806 2747 οἰκείαν.
847 2695 904 2747 ’0
927 2694 1037 2764 γὰρ
1061 2695 1150 2764 ὑφ’
1183 2696 1377 2768 ἑτέρου
1402 2699 1648 2770 ἀνάγκης
1677 2702 1805 2769 ἀγα-

212 2785 310 2848 θὸς
338 2784 649 2853 γινόμενος,
686 2783 787 2836 οὐκ
819 2782 1025 2851 ἀγαθός
1050 2800 1063 2813 ·
1104 2784 1188 2837 ὅτι
1235 2786 1310 2858 μὴ
1347 2786 1455 2858 ἰδίᾳ
1488 2776 1810 2861 προαιρέσει

215 2878 373 2931 ἐστὶν
411 2874 442 2928 ὃ
479 2874 649 2937 ἔστιν.
682 2874 757 2927 Τὸ
790 2874 900 2947 γὰρ
935 2877 1168 2930 ἑκάστου
1207 2877 1518 2951 ἐλεύθερον,
1560 2882 1813 2935 ἀποτελεῖ

215 2971 280 3023 τὸ
334 2970 509 3031 ὅντως
560 2966 791 3036 ἀγαθὸν,
839 2969 937 3022 καὶ
995 2970 1233 3025 δεικνύει
1287 2974 1352 3026 τὸ
1403 2973 1573 3039 ὅντως
1621 2976 1808 3031 κακόν.

1912 1882 2043 1951 quid
2071 1881 2223 1951 (justi
2253 1881 2468 1950 scilicet
2491 1896 2556 1936 ac
2588 1879 2799 1951 iniusti)
2824 1878 2971 1948 quod
2999 1877 3274 1939 nonnulli,
3297 1876 3498 1931 horum

1913 1971 2161 2026 medium
2206 1986 2271 2026 ac
2318 1970 2644 2025 indifferens
2682 1977 2902 2024 vocant.
2939 1970 3142 2023 Eorum
3187 1968 3335 2022 enim
3380 1981 3502 2034 qua:

1915 2073 2047 2119 sunt
2081 2072 2366 2133 peccatum
2400 2077 2465 2117 ac
2497 2078 2687 2128 error,
2720 2062 2937 2116 nullum
2964 2061 3195 2132 iustitia:
3226 2073 3368 2129 Opus
3402 2058 3502 2114 ha-

1915 2157 2134 2213 beatur.

1988 2248 2296 2307 Clementis.
2319 2279 2392 2289 —-
2418 2248 2557 2306 Cum
2588 2248 2787 2319 primis
2821 2246 2975 2303 baud
3001 2246 3136 2302 licet
3168 2244 3505 2301 Christianis

1915 2360 2016 2415 per
2039 2343 2153 2399 vim
2181 2342 2481 2398 emendare
2505 2382 2520 2407 ,
2551 2343 2597 2397 si
2624 2342 2759 2412 quid
2790 2349 3188 2413 peccaverunt.
3213 2338 3335 2393 Non
3355 2336 3506 2392 enim

1917 2437 2013 2506 qui
2046 2436 2381 2491 necessitate
2423 2451 2455 2490 a
2480 2434 2626 2490 malo
2656 2450 2716 2489 se
2742 2434 3049 2497 abstinent,
3075 2432 3222 2487 Deus
3248 2437 3509 2499 coronat,

1919 2527 2015 2583 sed
2041 2527 2138 2598 qui
2176 2527 2380 2583 mentis
2415 2526 2705 2596 proposito
2737 2534 2795 2580 et
2823 2525 3127 2580 voluntate.

1988 2620 2136 2675 Fieri
2175 2634 2291 2674 non
2330 2626 2515 2689 potest
2544 2626 2608 2674 ut
2631 2617 2757 2688 quis
2802 2616 2966 2671 aliter
3002 2615 3162 2670 firma
3186 2612 3508 2669 constantia

1916 2711 2099 2767 bonus
2116 2715 2189 2770 sit
2211 2751 2226 2777 ,
2262 2725 2429 2781 quam
2457 2725 2556 2765 sua
2594 2709 2715 2779 ipse
2738 2709 3048 2764 voluntate.
3094 2707 3234 2762 Nam
3264 2705 3363 2775 qui
3391 2705 3505 2761 alio

1917 2813 2150 2878 cogente
2181 2803 2360 2857 bonus
2393 2800 2667 2866 redditur,
2709 2800 2890 2855 bonus
2914 2815 3026 2854 non
3049 2808 3137 2855 est
3162 2800 3347 2870 ;quod
3382 2813 3495 2852 non

1917 2897 2139 2967 propria
2168 2886 2459 2951 voluntate
2484 2895 2576 2961 sit,
2605 2893 2660 2948 id
2687 2892 2838 2964 quod
2868 2902 2976 2948 est.
3024 2892 3141 2959 Qua
3167 2893 3320 2947 enim
3353 2891 3508 2963 quis-

1918 3004 2027 3060 que
2061 2989 2234 3059 pollet
2259 2988 2542 3051 libertate,
2574 2986 2628 3041 id
2656 2995 2904 3056 prastat,
2934 2986 3084 3055 quod
3124 3001 3259 3040 vere
3296 2984 3509 3039 bonum

218 3060 391 3115 ’Ὅθεν
435 3059 526 3113 διὰ
574 3061 686 3113 τῶν
738 3059 1055 3115 ὑποθέσεων
1096 3062 1301 3118 τούτων
1350 3067 1739 3139 ἐμηχανήσατο
1784 3068 1812 3119 ὁ

218 3151 355 3175 D-‘_
390 3151 702 3175 --..-.--_".-_.
734 3152 834 3175 _.‘.--
878 3154 1083 3175 1-_!.__-,
1146 3156 1183 3175 9,
1206 3156 1287 3175 in,
1310 3174 1329 3175 κ

1936 3059 2025 3146 ξεί,
2076 3080 2374 3151 proditque
2425 3079 2575 3150 quod
2630 3094 2764 3135 vere
2807 3080 3014 3134 malum
3062 3086 3169 3134 est.
3236 3077 3511 3145 Quocirca

216 3151 355 3217 Θεὸς
387 3151 705 3227 φανερῶσαι
732 3152 834 3221 τὴν
873 3154 1107 3209 ἑκάστου
1142 3156 1407 3211 διάθεσιν.

294 3347 597 3418 Χορικίου.
621 3378 694 3391 --
726 3348 800 3403 Τὸ
852 3342 918 3404 ἑκ
969 3350 1184 3421 φύσεως
1214 3351 1400 3419 καλὸν,
1437 3354 1727 3425 ἀδόκιμον’
1758 3356 1819 3409 τὸ

220 3441 278 3496 δὲ
305 3444 370 3495 ὲκ
410 3440 809 3512 προαιρέσεως,
840 3444 1154 3497 ἐπαινετόν.

309 3622 865 3691 Ἐπικτήτου.-Εἱ
917 3622 1098 3695 βούλει
1146 3624 1439 3697 ἀταράχως
1481 3629 1577 3681 καὶ
1622 3629 1820 3701 εὐαρέ-

228 3732 371 3776 στως
418 3715 542 3787 ζῇν,
575 3713 753 3786 πειρῶ
790 3715 918 3779 τοὺς
962 3715 1349 3781 συνοικοῦντας
1390 3735 1472 3771 σοι
1498 3718 1822 3790 σύμπαντας

225 3807 472 3875 ἀγαθοὺς
508 3807 677 3878 ἔχειν.
704 3805 889 3873 Ἔξεις
918 3806 976 3860 δὲ
1006 3807 1268 3876 ἀγαθοὺς,
1300 3811 1350 3862 εί
1393 3812 1520 3874 τοὺς
1565 3809 1642 3883 μὴ
1672 3813 1821 3866 ἑκόν-

1918 3174 2202 3244 sapienter
2250 3171 2533 3241 disposuit
2601 3172 2750 3227 Deus
2795 3180 2858 3226 ut
2891 3170 2980 3226 his
3025 3170 3369 3241 argumentis
3399 3184 3512 3241 quo

1918 3266 2152 3335 quisque
2195 3263 2380 3317 animo
2407 3264 2496 3325 sit,
2530 3273 2955 3319 monstraretur.

1993 3357 2242 3413 Cltoricii.
2270 3387 2341 3395 —
2365 3354 2523 3423 Quod
2546 3371 2614 3410 ex
2644 3364 2844 3410 natura
2864 3356 3075 3411 bonum
3100 3363 3208 3419 est,
3239 3368 3354 3409 non
3377 3369 3512 3425 pro-

1915 3447 2119 3512 batur;
2166 3445 2316 3516 quod
2367 3454 2552 3500 autem
2599 3460 2669 3499 ex
2707 3446 2999 3500 voluntate
3055 3445 3342 3515 animique
3387 3459 3517 3515 pro-

1918 3533 2125 3604 posito,
2152 3532 2206 3585 id
2239 3548 2372 3587 vero
2396 3532 2626 3603 dignum
2648 3533 2814 3588 laude
2837 3533 3094 3589 habetur.

1995 3625 2243 3694 Epicteti.
2272 3653 2342 3664 —-
2375 3624 2431 3678 Si
2471 3624 2555 3679 vis
2590 3625 2709 3679 sine
2743 3626 3168 3695 perturbatione
3205 3640 3269 3680 ac
3295 3621 3517 3695 placide

1921 3715 2133 3779 vivere,
2172 3715 2279 3769 hoc
2329 3713 2514 3778 stude,
2560 3721 2619 3767 ut
2653 3728 2795 3782 quos
2830 3712 3171 3767 domesticos
3206 3724 3518 3780 vernasque

1923 3805 2272 3869 adhibueris,
2308 3818 2504 3858 omnes
2540 3803 2670 3857 boni
2707 3802 2839 3857 sint.
2884 3802 2944 3857 ld
2974 3810 3161 3858 autem
3196 3799 3514 3869 contigerit,

225 3916 327 3960 τας
371 3898 672 3965 παιδεύεις,
718 3898 846 3962 τοὺς
874 3897 932 3951 δὲ
973 3896 1208 3964 ἄκοντας
1242 3899 1455 3972 [ἔπειτα
1489 3903 1814 3975 κεχειρωμέ-

1936 3898 1970 3953 si
2002 3912 2100 3951 eos
2128 3895 2225 3966 qui
2260 3894 2467 3959 velint,
2506 3893 2769 3959 erudias;
2818 3906 2917 3948 eos
2948 3901 3135 3947 autem
3193 3891 3289 3963 qui
3332 3891 3518 3947 nolint

227 4006 355 4055 νους
383 3988 494 4062 (Ις)]
520 3989 803 4053 ἀπολύεις.
839 3988 1222 4059 Συμιρεύξεται
1247 3992 1356 4064 γὰρ
1383 3995 1496 4056 τοῖς
1527 3994 1814 4064 φεύγουσιν

1936 4003 1990 4043 ac
2039 3988 2382 4049 reluctantes
2429 3984 2547 4055 (ubi
2608 3984 2811 4039 deinde
2861 3982 3201 4054 cdomueris)
3244 3982 3515 4042 dimittas.

223 4083 264 4151 ἡ
303 4080 577 4152 μοχθηρία
612 4081 733 4151 ἅμα
765 4079 860 4134 καὶ
890 4081 924 4151 ή
976 4080 1227 4135 δουλείαο
1262 4085 1814 4158 συναπολειφθήσεται

1936 4080 2043 4136 Una
2080 4078 2231 4135 enim
2273 4093 2402 4134 cum
2454 4077 2569 4132 illis
2627 4076 2978 4148 fugientibus
3030 4076 3362 4147 improbitas
3399 4075 3517 4145 ipsa

227 4171 286 4228 δὲ
312 4175 428 4235 τοῖς
455 4171 816 4244 συμϐαίνουσι
856 4187 940 4225 σοι
992 4173 1026 4245 ἡ
1056 4174 1365 4246 χρηστότης
1409 4176 1504 4228 καὶ
1537 4177 1572 4248 ή
1602 4176 1814 4232 ἑλευθε.

1936 4173 2365 4242 aufugietatque
2413 4171 2692 4239 servitus;
2734 4172 2955 4240 unaque
3005 4184 3132 4225 cum
3161 4169 3277 4224 illis
3308 4169 3521 4238 quibus

236 4263 350 4332 ρέα.
1714 4307 1721 4315 .
1857 4282 1901 4338 ι)
1931 4273 2115 4343 tecum
2155 4264 2444 4330 convenit,
2471 4264 2723 4334 probitas
2750 4272 2916 4333 atque
2964 4263 3200 4344 libertas
3250 4264 3351 4318 tibi
3397 4278 3520 4317 ma-

306 4443 572 4513 Σωκρὰτ.
607 4474 682 4486 -
739 4445 801 4499 '0
845 4446 944 4517 μὲν
991 4445 1258 4508 ἑκουσίως
1298 4444 1691 4516 ταλαιπωρῶν,
1738 4445 1825 4498 ἐπ’

216 4531 417 4603 ,ἀγαθῇ
441 4531 618 4585 ἑλπίδι
650 4533 830 4587 πονῶν
858 4533 1210 4606 εὐφραίνεται
1237 4550 1251 4566 ’
1279 4535 1335 4588 αἱ
1375 4530 1432 4588 δέ
1477 4533 1825 4606 ῥᾳδιουργίαι

237 4626 331 4678 καὶ
364 4625 428 4676 ἑκ
480 4621 577 4677 τοῦ
619 4625 968 4697 παραχρῆμα
1005 4625 1212 4696 ἡδοναὶ,
1267 4624 1392 4678 οὔτε
1444 4623 1697 4697 σώματος
1737 4626 1823 4677 εύ‹

239 4714 617 4781 εξίαν·ίκαναί
646 4716 787 4768 εἰσιν
827 4715 1181 4787 ἐργάζεσθαι,
1215 4713 1341 4769 οὕτε
1382 4715 1563 4787 ψυχῆς
1598 4715 1821 4787 ἐπιστή-

245 4825 352 4879 μην
375 4805 659 4875 ἀξιόλογον
690 4806 953 4877 οὐδεμίαν
983 4806 1333 4876 ἐμποιοῦσιν.

312 4989 576 5060 Θεαγοῧς
607 4989 1041 5060 Πυθαγορείου.
1076 5018 1147 5028 -
1176 4987 1250 5040 Τὸ
1286 4989 1384 5058 μὲν
1416 4988 1696 5054 ἀκούσιον,
1730 4990 1830 5043 οὐκ

245 5081 369 5135 ἀνευ
393 5078 572 5154 λύπης
588 5081 685 5135 καὶ
705 5079 894 5150 φόϐου*
918 5079 979 5133 τὸ
1003 5080 1059 5134 δὲ
1078 5072 1351 5143 ἑκούσιον,
1373 5079 1475 5133 οὐκ
1492 5079 1619 5134 ἄνευ
1638 5080 1832 5153 ἡδονῆς

247 5176 336 5228 καὶ
369 5162 798 5244 φιλοφροσύνης.

1932 4356 2108 4411 nebit.

2005 4444 2215 4501 Socrat.
2246 4477 2312 4487 —-
2336 4444 2443 4512 Qui
2493 4454 2693 4514 sponte
2732 4444 2786 4498 in
2817 4443 3085 4496 aerumnis
3118 4449 3374 4497 versatur
3410 4456 3519 4512 qua

1934 4553 2031 4608 spe
2054 4536 2201 4592 bona
2244 4536 2496 4607 fulcitur,
2548 4535 2605 4589 in
2658 4532 2949 4589 laboribus
2971 4533 3208 4588 laetatur.
3256 4532 3381 4586 Otia
3419 4547 3524 4587 au-

1937 4632 2049 4679 tem
2086 4632 2143 4678 et
2185 4622 2565 4678 tumultuariae
2604 4621 2919 4691 voluptates
2967 4634 3032 4675 ac
3078 4618 3365 4683 libidines,
3418 4631 3524 4674 nec

1939 4717 2143 4772 bonam
2197 4715 2451 4787 corporis
2507 4714 2895 4769 habitudinem
2956 4723 3221 4785 praestare
3266 4724 3522 4782 possunt,

1939 4825 2045 4864 nec
2076 4807 2248 4863 animi
2278 4806 2568 4862 scientiam
2611 4805 2780 4860 ullam
2812 4805 3161 4875 ingenerant,
3193 4818 3318 4875 quae
3346 4803 3527 4858 alicu-

1934 4901 2029 4972 jus
2058 4900 2225 4970 pretii
2258 4898 2537 4953 videatur.

2016 4993 2235 5062 Theagis
2263 4991 2606 5062 Pythagorei.
2626 4987 2867 5056 ——Quod
2896 4988 3350 5051 involuntarium,
3377 4982 3522 5039 haud

1880 5070 1900 5097 "
1940 5081 2133 5154 dolore
2163 5091 2428 5152 metuque
2475 5088 2665 5147 caret;
2722 5080 2871 5151 quod
2901 5091 3085 5134 autem
3123 5076 3521 5141 voluntarium,

1942 5177 2285 5246 voluptatem
2315 5190 2381 5229 ac
2410 5175 2658 5229 laetitiam
2683 5174 2944 5229 comitem
2982 5172 3173 5226 habet.

1792 5284 2028 5342 NOTAE.

313 5379 390 5454 (k)
437 5379 685 5454 Ἔπειτα
747 5376 1473 5454 κεχειρωμένουςκ-Πιεεξι
1521 5380 1614 5454 hic
1655 5396 1823 5454 Aaqua

241 5447 406 5506 Gesn.
446 5464 551 5504 nec
577 5449 738 5503 aliter
760 5450 1005 5518 expedit.
1032 5465 1199 5518 quam
1242 5447 1504 5513 dicendo,
1536 5451 1592 5503 in
1641 5447 1823 5507 Grd‘ro

240 5522 482 5581 additur,
511 5519 703 5572 ἔπειτα
732 5520 827 5572 καὶ
855 5519 1250 5588 χειρωμένους·
1302 5535 1406 5573 nos
1440 5521 1604 5588 paulo
1628 5536 1821 5574 emen-

233 5591 426 5647 datius
459 5606 525 5645 ex
578 5589 714 5644 Ball.
780 5591 1215 5659 κεχειρωμένους
1268 5605 1376 5643 nec
1424 5604 1622 5643 sensus
1687 5592 1827 5646 adeo

222 5663 473 5717 arduus.
510 5660 637 5715 Vult
661 5659 951 5725 nimirum,
981 5675 1125 5730 quos
1178 5660 1259 5713 sic
1295 5660 1351 5712 in
1384 5660 1648 5713 familiam
1683 5663 1826 5716 asci-

215 5733 392 5788 \eris
418 5732 639 5801 sintque
673 5730 799 5785 duri
832 5746 894 5786 ac
925 5729 1231 5799 pervicacis
1276 5729 1505 5802 ingenii,
1544 5732 1636 5786 ubi
1692 5734 1827 5787 edo-

1933 5383 2165 5447 mueris,
2213 5399 2278 5439 ac
2334 5384 2607 5452 tantisper
2661 5382 2973 5445 delinieris,
3029 5388 3162 5452 tunc
3210 5377 3427 5449 placide
3454 5393 3522 5452 ac

1933 5454 2051 5507 sine
2079 5455 2313 5523 strepitu
2340 5450 2700 5507 dimittendos
2731 5468 2871 5506 esse.
2901 5452 2978 5505 Eo
3003 5451 3151 5523 enim
3208 5461 3417 5517 spectat
3440 5450 3521 5523 τρ,

1923 5519 2396 5593 κεχειρωμένους.
2438 5524 2550 5576 Hoc
2578 5540 2709 5577 sane
2764 5522 3177 5593 pltilosopl‘aum,
3204 5530 3265 5572 ut
3311 5535 3421 5593 nec
3468 5519 3527 5574 in

1940 5589 2061 5661 ipso
2093 5589 2340 5647 diseessu
2380 5593 2652 5663 gravioris
2683 5589 2894 5663 aliquid
2930 5591 3199 5646 tumultus
3223 5603 3319 5646 aut
3343 5589 3524 5645 offen-

1940 5666 2112 5719 sionis
2146 5663 2291 5717 domi
2323 5662 2559 5717 accidat.
2780 5662 2791 5663 “
3254 5678 3265 5686 ·
