3990 6364
481 326 590 390 9ἷῦ

1618 319 1679 380 S.
1724 317 2014 378 ΜΛΧΙΜΙ
2055 316 2565 381 CONFESSORIS

3627 335 3717 399 976

550 438 756 494 Basilii.
793 435 1020 492 -—-—Cum
1076 435 1236 490 bruta
1286 443 1548 506 mutaque
1595 435 1896 490 animantia
1950 449 2046 488 sua

2238 439 2454 492 Βασιλ.
2487 469 2556 480 --
2588 441 2649 492 Εἰ
2684 440 2751 496 τά
2782 442 2952 511 ἄλογα
2975 445 3303 515 ἐπινοητικά
3324 447 3418 501 καὶ
3439 449 3719 517 φυλακτικὲ

477 531 768 588 consulant
797 527 961 584 saluti
993 527 1212 598 sibique
1245 529 1469 582 solertia
1500 535 1840 592 caveant,ae
1864 525 2053 595 piscis,

477 621 612 693 quid
643 620 748 677 sibi
783 618 1232 691 prosequendum
1261 659 1275 683 ,
1337 619 1543 689 quid-ve
1588 617 1912 688 fugiendum
1945 616 2056 682 sit,

475 730 589 772 non
616 715 857 780 nesciat;
907 713 1042 784 quid
1075 727 1177 767 nos
1203 711 1408 767 dicturi
1446 727 1658 776 sumus,
1709 711 1805 780 qui
1847 709 2058 765 doctri—

476 807 565 861 nis
600 805 828 868 exculti,
885 803 1103 875 legibus
1152 803 1436 868 instituti,
1489 801 1780 873 promissis
1815 800 2055 866 invitati,

477 895 691 967 Spiritu
715 895 919 961 edocti,
955 897 1122 951 mutis
1158 902 1339 949 tamen
1363 892 1610 962 piscibus
1636 907 1667 945 a
1692 893 1906 946 ratione
1942 906 2060 945 ser-

475 987 770 1056 monisque
809 987 962 1042 cultu
1012 987 1186 1058 magis
1231 985 1422 1050 alieni,
1478 984 1587 1056 legi
1642 982 1845 1038 cedere
1901 998 2058 1038 recu-

475 1092 662 1134 samus
692 1077 715 1131 ?

549 1164 697 1219 Fieri
728 1179 839 1219 non
879 1173 1065 1235 potest
1093 1174 1152 1219 ut
1176 1166 1223 1220 is
1245 1165 1481 1220 salutem
1526 1172 1904 1234 consequatur
1958 1164 2054 1233 qui

475 1254 845 1312 Deimandata
874 1271 984 1311 non
1009 1257 1348 1323 servaverit;
1375 1272 1478 1311 nec
1498 1258 1944 1328 vacatpericulo,
1970 1256 2055 1310 vel

474 1366 648 1406 unum
672 1351 806 1421 quid
829 1365 1022 1406 eorum
1054 1366 1176 1420 qua:
1200 1349 1362 1404 nobis
1383 1349 1494 1403 sint
1515 1357 1787 1419 prmeepta
1808 1349 2054 1419 negligc~

474 1458 553 1497 re.
572 1441 768 1498 Gravis
787 1442 935 1496 enim
958 1441 1124 1498 elatio
1145 1449 1250 1505 est,
1266 1448 1329 1494 ut
1348 1441 1466 1510 ejus
1491 1439 1586 1509 qui
1603 1440 1781 1509 legem
1806 1438 1933 1492 tulit
1949 1437 2052 1506 ipsi

467 1533 684 1604 judices
700 1533 1008 1599 sedeamus,
1023 1532 1237 1602 aliaque
1252 1532 1372 1603 ejus
1389 1531 1524 1586 scita
1537 1530 1926 1601 approbemus,
1946 1529 2053 1584 alia

472 1622 850 1693 impmbemus
869 1639 934 1678 ac
951 1622 1290 1694 rejiciamus.
1320 1622 1458 1678 Cum
1491 1622 1641 1677 enim
1673 1630 1928 1692 oporteat
1953 1620 2050 1675 Dei

471 1712 748 1770 hominem
769 1713 1076 1785 perfectum
1097 1729 1240 1779 esse,
1264 1714 1493 1770 omnino
1515 1729 1742 1769 necesse
1767 1721 1926 1767 estut
1953 1727 2050 1782 per

2169 529 2270 600 τῆς
2303 532 2483 585 αὐτῶν
2509 536 2786 604 σωτηρίας
2817 537 2944 598 εἰσὶ,
2977 539 3072 592 καί
3103 533 3209 592 οἶδε
3240 541 3303 594 τὸ
3330 542 3545 613 αίρετὺν
3576 544 3719 598 αὐτοῦ

2169 624 2264 677 καὶ
2306 625 2367 678 τὸ
2417 628 2652 694 φευκτὸν
2701 629 2854 700 ἰχθύς
2882 647 2894 661 ο
2925 631 2980 685 τί
3017 632 3252 704 ἐροῦμεν
3301 637 3462 706 ἡμεῖς
3492 637 3540 690 οἱ
3563 637 3723 706 λόγοις

2165 719 2539 786 τετιμημένοι,
2579 720 2673 773 καὶ
2702 721 2888 792 νόμοις
2918 725 3367 796 πεπαιδευμένοι,
3397 728 3726 798 ἐπαγγελίαις

2166 809 2617 878 προτραπέντες,
2680 813 2964 883 Πνεύματι
3017 815 3411 885 σοφισθέντεςο
3464 815 3579 873 εἷτα
3630 822 3725 874 τῶν

2167 899 2376 968 ἀλόγων
2408 901 2608 972 ἰχθύων
2637 903 2976 973 ἀλογώτερον
3011 906 3080 959 τὰ
3112 908 3235 961 καθ’
3259 909 3488 973 ἑαυτοὺς
3517 909 3727 966 διατιθέ-

2167 1008 2341 1060 μενοι,
2380 993 2456 1064 μὴ
2485 994 2796 1063 πειθόμενοι
2825 997 2900 1068 τῷ
2927 997 3078 1071 νόμῳ
3105 999 3356 1054 ὑπείκειν
3384 1017 3400 1067 ;

2238 1145 2312 1198 Ού
2342 1145 2570 1199 δυνατὸν
2602 1147 2841 1217 σωθῆναι
2876 1149 2950 1220 μὴ
2983 1149 3242 1204 ποιοῦντα
3269 1150 3342 1204 τὰ
3374 1159 3506 1204 κατ’
3525 1151 3726 1222 ἐντολὴν

2161 1232 2258 1290 τοῦ
2298 1237 2434 1290 Θεοῦ
2479 1238 2618 1307 ἔργα
2654 1255 2667 1268 ·
2695 1238 2819 1292 οὔτε
2862 1239 2924 1292 τὸ
2964 1241 3214 1312 παριδεῖν
3258 1258 3312 1294 τι
3353 1241 3463 1294 τῶν
3508 1259 3724 1313 προστεο

2163 1329 2453 1400 ταγμένων
2496 1331 2800 1387 ἀκίνδυνον.
2830 1332 3009 1403 Δεινὴ·
3037 1333 3147 1405 γὰρ
3184 1335 3219 1404 ἡ
3261 1333 3516 1406 ἔπαρσις,
3552 1336 3728 1407 κριτὰς

2163 1422 2312 1492 ἡμᾶς
2341 1420 2437 1474 τοῦ
2479 1420 2774 1498 νομοθέτου.
2811 1421 3162 1486 καθέζεσθαι,
3208 1421 3304 1475 καὶ
3349 1423 3478 1486 τοὺς
3512 1424 3606 1494 μὲν
3644 1425 3726 1490 ἐγ-

2163 1512 2372 1582 κρίνειν
2404 1510 2514 1566 τῶν
2545 1512 2746 1584 νόμων,
2777 1513 2906 1576 τοὺς
2931 1513 2988 1566 δὲ
3012 1512 3511 1584 παραπέμπεσθαι.
3538 1515 3599 1568 Ei
3630 1516 3726 1586 γάρ

2161 1604 2244 1656 δεῖ
2287 1603 2495 1657 τέλειον
2527 1599 2670 1656 εἶναι
2707 1603 2798 1657 τὸν
2850 1603 2946 1657 τοῦ
2990 1603 3126 1658 Θεοῦ
3184 1605 3498 1674 ἄνθρωπον,
3528 1606 3726 1676 ἀνάγκη

2162 1697 2316 1750 πᾶσα
2353 1695 2440 1750 διὰ
2476 1695 2660 1766 πάσης
2684 1695 2910 1766 ἐντολῆς
2945 1696 3400 1768 καταρτισθῆναι,
3431 1698 3511 1760 είς
3544 1697 3727 1768 μέτρον

469 1820 631 1860 omne
660 1805 1003 1872 mandatum,
1039 1806 1095 1860 in
1118 1821 1433 1861 mensuram
1454 1815 1677 1861 statura-3
1694 1805 2046 1876 plenitudinis

2162 1786 2378 1856 ἡλικίας
2419 1785 2512 1839 τοῦ
2565 1784 2940 1857 πληρώματος
2977 1784 3068 1839 τοῦ
3115 1786 3361 1856 Χριστοῦ
3396 1803 3412 1819 ο
3446 1789 3569 1841 ἐπεὶ
3601 1787 3726 1842 κατᾶ

465 1894 672 1950 Christi
718 1894 935 1968 (Ephes.
998 1913 1075 1962 ιν,
1121 1897 1188 1950 15
1215 1895 1259 1968 ),
1299 1896 1675 1966 perﬁciatur:
1716 1894 1938 1965 quando
1987 1909 2055 1949 ex

469 1985 656 2040 divina
679 1985 821 2055 lege,
877 2001 1194 2056 quanquam
1229 1986 1500 2041 mundum
1527 1997 1614 2041 est
1648 1985 1797 2056 quod
1851 1985 2056 2039 immo-

471 2078 614 2132 latur
644 2076 776 2148 [nisi
810 2077 1120 2147 perfectum
1154 2093 1219 2133 ac
1280 2076 1584 2149 integrum]
1626 2086 1914 2147 acceptum
1945 2077 2055 2131 Deo

470 2171 526 2225 iu
552 2166 890 2224 sacriﬁcium
916 2185 1026 2224 non
1060 2170 1332 2224 habeatur
1369 2169 1556 2242 (Levii.
1601 2184 1731 2234 xxn,
1762 2168 1876 2240 29).

544 2257 806 2329 Theologi.
839 2289 908 2298 ——
933 2258 991 2313 Si
1017 2260 1166 2329 quod
1197 2241 1443 2325 eramus,
1498 2273 2015 2329 persevaressemus
2037 2297 2050 2324 ,

468 2359 636 2420 atque
664 2349 986 2405 mandatum
1010 2347 1409 2419 servassemus,
1439 2350 1494 2406 id
1514 2349 1663 2420 quod
1699 2365 1810 2406 non
1832 2365 2053 2405 eramus

470 2441 659 2512 utique
692 2441 1030 2497 exstitissem
1041 2457 1123 2497 us.

537 2533 767 2588 Dulcius
795 2533 927 2603 quid
975 2543 1060 2588 est
1093 2533 1283 2590 doceri
1331 2533 1399 2590 de
1431 2533 1566 2600 Deo,
1618 2549 1784 2606 quam
1823 2534 2048 2590 docere.

533 2718 736 2774 Nerbis
778 2719 1002 2793 quidem
1045 2736 1230 2790 parce,
1286 2718 1549 2790 operibus
1600 2728 1785 2774 autem
1829 2719 2050 2774 abunde

464 2812 728 2896 pietatem
745 2810 1043 2880 prodentes
1067 2829 1081 2878 ;
1113 2812 1409 2883 legumque
1426 2811 1612 2880 potius
1635 2811 2049 2877 observatione,

465 2919 632 2974 quam
685 2902 833 2972 quod
885 2902 1257 2973 legislatorem
1311 2901 1695 2968 admiremur,
1747 2902 1956 2958 amoris
1993 2903 2050 2956 in

464 3011 592 3052 eum
620 2995 876 3050 allectum
905 2995 1287 3049 ostendamus.

534 3087 777 3158 Legibus
825 3059 1108 3158 subjedtus
1155 3102 1216 3142 es
1247 3102 1310 3142 ac
1355 3087 1661 3142 Dominicis
1697 3089 1926 3158 regulis,
1980 3105 2046 3143 ex

534 3198 700 3232 larum
728 3197 922 3232 norma
957 3181 1125 3232 vitam
1170 3189 1219 3232 te
1247 3195 1580 3232 componere
1627 3181 1906 3232 convenit.
1948 3184 2046 3232 At-

2223 3065 2428 3136 Νόμοις
2490 3067 2783 3120 ύπόκεισαι
2828 3066 2923 3119 καὶ
2970 3067 3162 3120 κανόσι
3199 3068 3573 3132 Δεσποτικοῖς,
3611 3067 3718 3120 καθ¹

2159 3158 2248 3224 οὖς
2302 3175 2361 3212 σε
2400 3160 2668 3230 προσήκει
2710 3156 2829 3231 ζῇν.
2859 3159 2974 3213 Καὶ
3007 3159 3166 3213 τοῦτο
3203 3159 3311 3214 ἀπὸ
3345 3160 3548 3214 σαυτοῦ
3578 3160 3718 3232 πρῶ-

466 3198 700 3255 quarum
728 3197 922 3237 norma
957 3181 1125 3236 vitam
1170 3189 1219 3235 te
1247 3195 1580 3251 componere
1627 3181 1906 3236 convenit.
1948 3184 2047 3237 At-

466 3289 577 3346 que
616 3273 670 3328 id
703 3273 944 3344 primum
971 3287 1039 3327 ex
1071 3272 1249 3342 teipso
1277 3272 1590 3340 considera,
1621 3272 1799 3342 ipsum
1827 3289 2048 3344 quoque

466 3367 714 3421 animum
748 3374 906 3419 tuum
939 3363 1163 3419 virtutis
1197 3364 1490 3435 praeceptis
1523 3364 1768 3435 undique
1793 3381 1913 3421 esse
1946 3366 2048 3421 ob-

465 3454 716 3512 noxium.
747 3454 962 3525 Corpus
988 3454 1155 3510 etiam
1214 3457 1334 3534 ejus
1363 3455 1457 3526 qui
1491 3455 1760 3522 condidit,
1791 3472 2025 3512 munere

465 3542 748 3613 accepisti,
788 3544 1034 3614 quinque
1065 3545 1322 3600 sensibus
1372 3544 1441 3599 ad
1493 3546 1620 3600 vitae
1663 3546 1854 3601 munia
1891 3561 2046 3602 com-

465 3635 764 3692 munitum.
801 3637 879 3690 Ac
905 3635 1034 3690 neii
1072 3636 1297 3707 quidem
1333 3637 1497 3692 liberi
1525 3645 1680 3703 sunt,
1713 3639 1914 3708 suique
1945 3654 2045 3709 pe-

463 3727 616 3781 nitus
635 3727 796 3798 juris,
827 3726 927 3784 sed
952 3728 1154 3799 singuli
1195 3728 1415 3799 legibus
1445 3729 1766 3800 mancipati.
1795 3731 2048 3786 Primus-

462 3834 570 3889 que
603 3818 657 3873 in
678 3819 760 3875 eis
779 3819 936 3874 audit
967 3820 1161 3874 oculus
1191 3838 1204 3872 :
1238 3819 1396 3888 Vide,
1429 3821 1630 3892 inquit,
1679 3828 1736 3877 et
1775 3829 2046 3878 contuere

462 3926 586 3982 qum
613 3911 730 3966 visu
753 3913 986 3967 honesta
1013 3911 1152 3978 sint;
1177 3923 1439 3981 praestare
1461 3913 1592 3968 item
1622 3914 1802 3984 ipsum
1821 3929 2042 3978 eruere,

464 4003 558 4058 ubi
592 4002 884 4058 inhoneste
906 4011 964 4057 et
993 4018 1117 4072 quas
1148 4004 1313 4058 noxia
1344 4004 1480 4068 sint,
1515 4006 1797 4074 aspexerit
1830 4005 2043 4075 (Matth.

460 4107 613 4157 mu,
633 4090 710 4162 9).
754 4091 920 4146 Auris
959 4106 1182 4162 quoque
1225 4093 1280 4147 in
1322 4093 1602 4148 mandatis
1644 4093 1843 4160 habet;
1876 4094 2047 4150 habet

460 4190 519 4239 et
544 4183 706 4255 667
740 4183 929 4252 lingua
963 4199 1027 4237 ac
1050 4183 1309 4239 similiter
1332 4200 1530 4240 sensus
1561 4184 1784 4254 reliqui.

527 4273 644 4330 Nec
658 4275 978 4344 navigantes
998 4280 1177 4328 tutum
1195 4281 1281 4330 est
1311 4284 1465 4330 extra
1493 4284 1714 4344 portum
1741 4277 2042 4347 appellere,

460 4379 564 4421 nec
637 4377 787 4421 caret
833 4365 1112 4436 periculo,
1147 4367 1242 4437 qui
1273 4367 1478 4433 vivant,
1510 4376 1663 4423 extra
1692 4368 2042 4440 disciplinam

456 4459 664 4516 vivere.
1477 4461 1480 4464 ’

530 4550 692 4621 Leges
718 4550 1019 4615 observans,
1053 4556 1249 4603 metum
1275 4548 1422 4618 foras
1465 4551 1660 4621 mittes;

525 4619 619 4676 Abf
653 4636 711 4673 ea
731 4621 870 4673 enim
894 4621 1141 4673 immunis
1175 4627 1272 4686 est,
1301 4620 1536 4690 quisquis
1567 4619 1704 4690 leges
1734 4629 1926 4676 servat.

515 4734 648 4795 Duo
673 4742 802 4789 sunt
845 4733 1050 4802 quibus
1092 4735 1355 4803 regimur,
1397 4742 1592 4788 natura
1618 4743 1672 4789 et
1697 4735 1820 4800 lex;
1862 4736 2037 4793 vincit

458 4833 644 4882 autem
675 4829 853 4899 legem
887 4837 1106 4884 natura.

526 4916 714 4990 Chrys.
734 4951 805 4961 —
824 4920 1054 4976 Peccata
1082 4936 1150 4975 ex
1181 4922 1513 4977 necessitate
1535 4924 1833 4978 commissa
1863 4922 2033 4978 etiam

455 5010 606 5082 leges
630 5013 811 5067 solent
845 5013 1184 5089 condonare.

525 5104 731 5175 Legum
763 5121 936 5177 genus
964 5107 1184 5177 triplex:
1234 5107 1321 5161 lex
1380 5118 1612 5171 naturae,
1678 5108 1764 5163 lex
1824 5110 2031 5178 scripta

455 5195 623 5268 Moysi
657 5198 875 5263 tradita,
907 5208 963 5255 et
984 5197 1070 5255 lex
1105 5198 1313 5270 gratiae.

2155 1877 2247 1931 τὸν
2295 1876 2442 1931 θεῖον
2484 1875 2650 1947 νόμον
2690 1876 2796 1930 κᾶν
2821 1871 3118 1951 καθαρὸνῇ
3146 1875 3240 1929 τὸν
3267 1876 3616 1947 τελούμενον,
3648 1876 3727 1950 [ἂν

2159 1968 2236 2040 μὴ
2255 1970 2460 2023 τέλειον
2485 1969 2579 2024 καὶ
2599 1967 2791 2040 ὁλόκλη
2801 1966 2941 2040 ρον,]
2955 1967 3322 2038 ἁπρόσδεκτον
3349 1968 3427 2040 (q)
3454 1969 3534 2033 είς
3551 1969 3728 2024 θυσίαν

2155 2059 2231 2130 τῷ
2261 2059 2400 2132 Θεῷ.

2229 2231 2544 2300 Θεολότου.
2576 2261 2646 2272 --
2675 2221 2738 2284 Ei
2775 2231 2876 2302 μὲν
2907 2229 3001 2285 οῦν
3034 2230 3335 2302 ἐμείναμεν
3383 2232 3524 2304 ὅπερ
3572 2227 3723 2303 ἦμεν,

2157 2324 2250 2377 καὶ
2278 2324 2379 2395 τὴν
2410 2323 2631 2394 ἐντολὴν
2657 2323 3026 2394 ἐφυλάξαμεν,
3049 2320 3356 2393 ἐγενόμεθα
3378 2323 3445 2376 ἂν
3471 2325 3604 2393 ὅπερ
3637 2325 3724 2376 οὐκ

2239 2435 2318 2473 εν.

2239 2435 2318 2473 εν.

2152 2413 2323 2573 ἦμὮς
2386 2509 2537 2581 ἣδιόν
2604 2526 2658 2564 τι
2731 2512 3030 2582 μανθάνειν
3064 2554 3078 2580 ,
3145 2515 3178 2585 ἢ
3246 2513 3529 2569 διδάσκειν
3604 2513 3724 2582 περὶ

2152 2601 2312 2656 Θεοῦ.

2224 2695 2383 2767 Λόγῳ
2437 2692 2539 2767 μὲν
2602 2695 2955 2760 εὐσεϐοῦντες
3015 2697 3194 2766 ὀλίγα,
3229 2697 3384 2770 ἔργῳ
3439 2698 3495 2752 δέ
3552 2699 3722 2752 πλείο-

2154 2808 2219 2844 να
2249 2805 2262 2819 ’
2334 2791 2429 2845 καὶ
2484 2785 2847 2862 τῇ’τηρήσει
2899 2790 3008 2843 τῶν
3062 2791 3243 2862 νόμων
3308 2793 3603 2862 μᾶλλον,ἢ
3655 2791 3724 2860 τῷ

2155 2882 2459 2953 θαυμάζειν
2505 2882 2596 2936 τὸν
2649 2883 2968 2953 νομοθέτην,
2989 2884 3049 2936 τὸ
3094 2885 3223 2955 περὶ
3275 2885 3446 2938 αὐτὸν
3504 2883 3714 2954 φίλτρον

2153 2973 2610 3044 ἐπιδεικνύμενοι.

2223 3065 2428 3136 Νόμοις
2490 3067 2783 3120 ύπόκεισαι
2828 3066 2923 3119 καὶ
2970 3067 3162 3120 κανόσι
3199 3068 3573 3132 Δεσποτικοῖς,
3611 3067 3721 3120 καθ’

2149 3268 2242 3306 τον
2306 3252 2669 3322 κατανόησον,
2703 3253 2786 3307 ὅτι
2843 3252 2938 3306 καὶ
2991 3253 3024 3322 ἡ
3071 3253 3216 3324 ψυχή
3251 3270 3346 3306 σου
3397 3253 3720 3324 πανταχόθεν

2149 3348 2258 3409 τοῖς
2291 3345 2392 3417 τῆς
2428 3345 2632 3417 ἀρετῆς
2658 3345 2944 3398 ὑπόκειται
2986 3344 3468 3416 παραγγέλμασιν.
3501 3344 3721 3407 Ἐλαδες

2150 3438 2244 3490 καὶ
2274 3436 2437 3506 σῶμα
2465 3442 2618 3507 παρὰ
2638 3435 2732 3490 τοῦ
2760 3435 3080 3502 Κτίσαντος,
3108 3437 3270 3489 πέντε
3298 3437 3620 3509 αἰσθήσεσιν
3647 3437 3721 3498 εις

2147 3528 2248 3592 τὰς
2293 3529 2394 3600 τῆς
2448 3529 2594 3599 ζωῆς
2635 3527 2822 3600 χρείας
2849 3527 3329 3598 οἰκονομούμενον.
3371 3529 3494 3582 Εἰσὶ
3519 3529 3575 3581 δὲ
3600 3527 3716 3581 οὐδὲ

2144 3615 2318 3676 ἀὗται
2367 3619 2645 3693 ἐλεύθεροι
2690 3624 2786 3677 καὶ
2818 3623 3147 3694 αὐτόνομοι·
3181 3624 3296 3677 ἀλλ’
3331 3625 3536 3696 ἑκάστη
3570 3622 3719 3692 δούλη

2148 3715 2331 3786 νόμων
2355 3715 2494 3770 ἐστί.
2531 3715 2641 3770 Καὶ
2671 3715 2888 3787 πρῶτος
2922 3715 3113 3770 ἀκούει
3131 3719 3170 3770 ,ὁ
3198 3716 3508 3788 ὀφθαλμός.
3531 3715 3717 3779 Βλέπε,

2152 3807 2337 3879 φησὶν,
2372 3809 2466 3862 καὶ
2516 3807 2714 3878 θεώρει
2756 3807 2792 3862 ἃ
2853 3807 3076 3877 βλέπειν
3121 3807 3288 3861 καλόν
3321 3825 3334 3838 ·
3374 3810 3489 3872 καὶ,
3517 3806 3718 3878 βέλτιον

2149 3899 2441 3953 ἐκκόπτειν
2470 3898 2655 3963 αὑτὸν,
2688 3898 2816 3953 ὅταν
2838 3895 3052 3960 ἄτακτα
3089 3898 3262 3971 βλέπῃ
3286 3899 3384 3953 καὶ
3432 3898 3712 3969 ἐπιζήμια.

2155 3991 2309 4060 Ἔχει
2341 3989 2435 4044 καὶ
2459 3991 2492 4061 ή
2517 3988 2656 4060 ἀκοὴ
2687 3989 3086 4062 παράγγελμα,
3117 3991 3213 4044 καὶ
3239 3992 3271 4062 ἠ
3298 3991 3524 4060 γλῶσσα
3551 3991 3640 4044 καὶ
3666 3989 3715 4041 αξ

2148 4083 2335 4137 λοιπαὶ
2358 4083 2585 4154 ὁμοίως.

2218 4267 2356 4322 Οὖτε
2403 4267 2666 4331 πλέοντας
2699 4265 2852 4339 παρὰ
2897 4268 3062 4320 τόπον
3087 4267 3280 4337 ὁρμεῖν
3317 4267 3582 4336 ἀσφαλὲς,
3601 4261 3712 4317 οὔτε

2148 4362 2356 4428 ζῶντας
2377 4361 2530 4432 παρὰ
2557 4360 2723 4432 νόμον
2753 4358 2906 4431 βιοῦν
2934 4359 3236 4414 ἀκίνδυνον.

2223 4536 2464 4602 Νόμους
2489 4530 2828 4602 φυλάττωτ,
2857 4529 3244 4602 τοὺςγςοόϐους
3263 4528 3380 4602 ἔξω
3406 4529 3649 4602 βαλείςο

2224 4600 2420 4660 Φόϐου
2441 4600 2552 4672 γὰρ
2572 4602 2688 4667 ἔξω
2711 4601 2830 4667 πᾶς
2850 4603 2883 4655 ὁ
2913 4601 3020 4654 τοῦ
3051 4600 3241 4668 νόμου
3271 4600 3498 4668 φύλαξ,

2216 4718 2319 4772 Δύο
2360 4717 2457 4788 μὲν
2507 4716 2575 4769 τὰ
2613 4714 2868 4782 διάγοντα
2898 4714 3047 4784 ἡμᾶς
3078 4714 3194 4766 ἐστι
3223 4729 3236 4741 ·
3284 4712 3448 4781 φύσις
3482 4712 3575 4765 καὶ
3630 4705 3711 4760 νό-

2149 4829 2247 4881 μος
2281 4824 2295 4838 ⁸
2325 4807 2602 4880 κρατεῖδέ
2629 4805 2724 4858 τοῦ
2755 4805 2922 4875 νόμου
2953 4805 2986 4873 ἡ
3019 4802 3201 4872 φύσις.

2219 4904 2519 4970 Χρυσοστ.
2555 4929 2625 4938 --
2662 4899 2840 4951 Ἵσασι
2869 4896 2959 4950 καὶ
2993 4896 3042 4948 οἱ
3088 4894 3242 4965 νόμοι
3286 4895 3356 4947 τὰ
3385 4895 3444 4959 ἐξ
3487 4892 3713 4960 ἀνάγκης

2150 4986 2545 5056 συγγινώσκειν
2573 4986 2794 5056 ἁμαρτῆ
2807 5002 2971 5054 ματα.

2216 5093 2345 5164 Εἴδη
2377 5094 2483 5145 τῶν
2510 5091 2688 5162 νόμων
2714 5091 2860 5161 τρία·
2891 5090 3052 5160 νόμος
3078 5092 3105 5142 ό
3129 5089 3226 5159 τῆς
3252 5089 3487 5159 φύσεως,
3514 5085 3668 5156 νόμος
3686 5080 3712 5130 ὁ

2146 5187 2240 5239 τοῦ
2293 5186 2640 5256 γράμματος,
2665 5185 2693 5236 ό
2736 5183 2814 5255 τῷ
2857 5185 3085 5237 Μωῦσεῖ
3129 5182 3306 5246 δοθεὶς
3330 5222 3346 5248 ,
3375 5185 3536 5253 νόμος
3562 5180 3588 5230 ὁ
3621 5171 3710 5241 τῆς

2147 5281 2392 5351 χάριτος.

1970 5413 2200 5469 NOTAE.

525 5533 601 5604 (‘1)
651 5533 776 5588 Κᾶν
801 5534 1084 5602 καθαρὸν.
1138 5533 1574 5602 ἀπρόσδεκτον.
1631 5531 1788 5600 Quod
1822 5533 1906 5587 vel
1937 5533 2033 5587 de-

454 5603 748 5670 sideretur,
804 5605 892 5659 vel
946 5604 1284 5658 insinuatum
1336 5604 1539 5658 Basilio
1596 5604 1688 5668 sit,
1738 5603 1936 5673 adjeci,
1967 5619 2029 5658 ac

455 5674 702 5744 clausum
767 5683 1120 5744 repraesento.
1194 5675 1380 5727 Palam
1439 5675 1590 5729 enim
1641 5683 1759 5739 est,
1818 5674 2028 5728 referre

457 5743 634 5797 Levit.
667 5759 797 5804 xxu,
828 5743 918 5808 25,
955 5744 1048 5798 ubi
1085 5744 1369 5814 integritas
1413 5745 1594 5812 vituli,
1633 5755 1691 5800 ut
1725 5747 1796 5800 sit
1843 5745 2024 5798 hostia

2142 5543 2388 5602 accepta,
2420 5531 2778 5595 describitur,
2817 5543 3018 5602 praeter
3043 5531 3162 5600 ejus
3191 5531 3440 5602 ἄμωμον,
3467 5522 3702 5602 ιμιοᾲςει

2138 5591 2386 5671 peritas:
2414 5604 2596 5671 thue
2635 5603 2692 5657 in
2749 5591 3001 5662 victima.
3049 5591 3131 5658 sic
3157 5591 3442 5656 in'nostra
3478 5591 3701 5671 justitia.

2137 5665 2362 5795 itfcesse
2389 5683 2447 5728 ut
2468 5665 2630 5745 plena
2667 5674 2760 5738 sit,
2795 5684 3105 5742 cunctaque
3131 5673 3379 5743 impleat,
3401 5677 3460 5725 ut
3479 5665 3608 5722 'Deo
3633 5665 3700 5712 sil

2137 5759 2168 5798 D
2195 5752 2358 5798 aetta.

2134 5759 2358 5812 praetta.
