3990 6362
381 372 487 437 επ
1474 418 1485 427 .
1687 369 1857 431 LOCI
1898 367 2340 431 COMMUNES.
3540 359 3645 425 9'38

453 485 791 540 Ζαλεύκου..
819 516 886 526 -
911 484 1178 548 Ζάλευκος
1208 484 1237 537 δ
1270 483 1379 538 τῶν
1410 483 1636 555 Λοκρῶν
1667 482 1965 555 νομοθέτης

2162 485 2440 541 Zaleucus.
2472 515 2542 526 ——
2601 485 2866 540 Zaleucus
2918 480 3276 538 Locrensium
3343 477 3646 549 legislator,

378 577 508 640 τοὺς
527 576 726 647 νόμους
737 577 846 639 τοῖς
863 575 1138 647 ἀραχνίοις
1155 572 1306 630 εἶπεν
1324 575 1542 647 ὁμοίους
1556 570 1714 631 εἶναι.
1736 576 1846 629 Καὶ
1861 572 1970 646 γὰρ

382 669 465 733 είς
485 667 670 722 ἐκεῖνα
702 666 798 721 ὲάν
816 668 1032 739 ἐμπέσῃ
1066 665 1247 738 μυίαῆ
1270 665 1493 738 κώνωψ,
1519 666 1810 736 κατέχεται
1836 681 1849 694 ·
1875 663 1971 717 ἐὰν

381 760 444 814 δὲ
477 757 675 830 σφὴξῆ
708 758 963 830 μέλισσα,
995 757 1339 829 διαρρήξασα
1372 757 1690 828 ἀφίσταται.
1740 757 1830 810 Ἐν
1852 756 1969 817 τοῖς

382 852 574 923 νόμοις
633 851 728 907 ὲάν
793 851 1013 922 ἐμπέσῃ
1077 851 1250 921 πένης
1280 889 1296 916 ,
1361 849 1688 920 συνέχεται·
1759 846 1857 902 ὲάν
1910 847 1968 901 δὲ

382 942 652 1009 πλούσιος
704 942 740 1014 ἦ
799 943 1024 1008 δυνατὸς
1080 942 1263 1013 λέγειν
1292 985 1309 1012 ,
1365 940 1668 1015 διαρρήξας
1732 939 1968 1012 ἀποτρέ-

417 1051 491 1091 ει.

417 1052 491 1091 ει.

380 1052 418 1108 χ
453 1125 936 1181 Σόλωνα-Σόλων
959 1125 1259 1204 ἐρωτηθεὶς
1286 1125 1390 1179 ὑπό
1416 1140 1582 1188 τινος,
1620 1122 1739 1186 πῶς
1767 1121 1966 1193 ἄριστα

384 1218 442 1272 αί
490 1217 675 1281 πόλεις
722 1216 1038 1281 οἰκοῦνται,
1098 1216 1239 1289 ἔφη·
1306 1215 1434 1270 Ἐὰν
1493 1215 1592 1285 μὲν
1644 1213 1696 1266 οί
1752 1212 1966 1266 πολῖται

384 1310 501 1373 τοῖς
561 1308 792 1380 ἄρχουσι
847 1308 1145 1363 πείθωνται
1175 1348 1193 1374 ,
1248 1307 1299 1362 οἱ
1343 1306 1400 1361 δὲ
1453 1306 1715 1377 ἄρχοντες
1744 1306 1856 1368 τοῖς
1881 1304 1968 1356 νό-

431 1418 535 1455 οις.

431 1418 535 1464 οις.

387 1418 429 1471 μ
454 1490 786 1560 Δημάδους.
806 1493 1011 1558 -Τοϊς
1044 1491 1144 1564 μὲν
1174 1490 1404 1557 δούλοις,
1435 1491 1470 1562 ἡ
1491 1478 1707 1560 ἀνάγκη
1746 1487 1910 1559 νόμος
1946 1503 1957 1516 ·

270 1570 279 1575 ’
386 1586 499 1648 τοῖς
525 1583 583 1636 δὲ
605 1583 932 1656 ἐλευθέροις,
957 1586 985 1638 δ
1007 1584 1170 1655 νόμος
1191 1583 1429 1654 ἀνάγκη.

468 1674 852 1743 Ἐπικτήτου.
886 1706 952 1721 .-
977 1676 1162 1747 Nouo;
1217 1672 1472 1746 βούλεται
1507 1672 1607 1744 μὲν
1649 1671 1962 1741 εὐεργετεῖν

383 1764 501 1835 βίον
540 1765 846 1837 ἀνθρώπων
883 1785 897 1800 ο
932 1768 993 1822 οὗ
1019 1767 1248 1821 δύναται
1272 1765 1330 1819 δὲ
1353 1766 1482 1819 ὅταν
1506 1763 1660 1817 αὐτοὶ
1711 1761 1950 1832 βούλων-

380 1875 474 1913 ται
506 1860 735 1932 πάσχειν
759 1858 851 1934 (τ’).
888 1861 978 1916 Ἐν
1006 1860 1117 1933 γὰρ
1146 1862 1259 1925 τοῖς
1302 1858 1650 1931 πειθομένοις
1695 1856 1964 1911 ἐνδείκνυ-

378 1967 474 2004 ται
503 1951 603 2021 τὴν
635 1951 775 2007 ίδίαν
797 1952 1020 2025 ἀρετήν.

456 2042 669 2112 Ὠσπερ
714 2046 828 2109 τοῖς
880 2042 1130 2099 νοσοῦσιν
1164 2042 1344 2116 ίατροὶ
1383 2043 1652 2116 σωτῆρες,
1682 2043 1826 2098 οὕτω
1869 2044 1964 2098 καὶ

380 2136 496 2199 τοῖς
523 2134 901 2206 ἀδικουμένοις
927 2138 975 2189 οί
1001 2138 1178 2207 νόμοι.

454 2226 630 2297 Νόμοι
656 2226 1087 2301 ἀληθέστατοιοὶ
1117 2229 1492 2284 δικαιότατοι.

455 2406 630 2478 Νόμῳ
658 2406 756 2460 καὶ
791 2406 1018 2479 ἄρχοντι
1058 2405 1155 2460 καὶ
1200 2404 1279 2478 τῷ
1324 2406 1620 2479 σοφωτέρῳ
1652 2408 1821 2462 εῐκειν
1869 2409 1962 2464 κό-

384 2515 567 2553 σμιον.

466 2516 567 2553 ιον.

423 2516 537 2643 μΤὰ
583 2589 736 2662 παρά
777 2590 940 2661 νόμον
972 2590 1260 2661 γινόμενα,
1288 2590 1411 2644 ἀντὶ
1437 2590 1512 2660 μὴ
1546 2591 1849 2662 γινομένων
1883 2593 1963 2645 εἰ-

385 2681 492 2736 σίν.

463 2774 731 2842 Δημοσθ.
767 2802 834 2815 -—
881 2773 1235 2846 Δημοσθένης
1271 2772 1301 2826 δ
1340 2771 1528 2844 ῥήτωρ
1581 2773 1708 2845 ἔφη,
1755 2774 1964 2837 πόλεως

384 2862 524 2919 εἶναι
554 2866 654 2937 τὴν
669 2864 868 2937 ψυχὴν,
894 2867 1020 2930 τοὺς
1047 2854 1487 2937 νόμους.ὬΞπερ
1516 2868 1623 2939 γὰρ
1654 2868 1815 2939 σῶμα
1846 2885 1964 2921 στε-

386 2954 551 3026 ρηθὲν
573 2954 753 3026 ψυχῆς
774 2955 985 3022 πίπτει,
1007 2954 1149 3010 οὕτω
1171 2956 1267 3011 καὶ
1289 2956 1469 3022 πόλις,
1497 2956 1573 3028 μὴ
1593 2958 1761 3012 ὄντων
1784 2959 1965 3029 νόμων

385 3046 741 3104 καταλύεται.

2072 579 2222 649 leges
2255 577 2433 633 aiebat
2455 592 2784 632 aranearum
2811 574 2937 630 telis
2955 575 3335 630 similesesse.
3360 571 3475 627 Illis
3496 572 3646 626 enim

2072 670 2119 725 si
2162 685 2351 726 musca
2389 669 2477 724 vel
2502 668 2663 725 culex
2696 665 2980 731 inciderit,
3017 665 3334 729 detinetur;
3368 663 3453 717 sin
3482 677 3648 731 vespa

2070 770 2168 819 aut
2190 761 2328 832 apis,
2352 762 2556 816 lacerat
2586 760 2748 815 telam
2765 765 2821 813 et
2844 756 3045 811 avolat.
3073 755 3142 809 Et
3164 753 3223 807 in
3249 754 3417 823 leges,
3442 751 3485 807 si
3516 738 3675 822 pan?

2071 869 2171 925 per
2200 852 2492 919 inciderit,
2525 851 2833 917 detinetur;
2856 849 2949 905 sin.
2967 848 3124 904 dives
3144 845 3419 916 quispiam
3439 851 3537 899 ant
3567 842 3652 898 di-

2070 956 2274 1012 sertus,
2311 959 2679 1016 perrumpens
2721 941 2929 999 evadit.

2157 1123 2343 1182 Solon.
2377 1153 2448 1165 --
2481 1122 2672 1188 Solon,
2701 1121 3079 1192 interrogante
3109 1113 3370 1187 quodam,
3403 1109 3648 1177 Quomo-u

2067 1218 2141 1272 do
2196 1216 2454 1272 civitates
2493 1213 2702 1285 optime
2750 1211 3159 1272 habitarentur,
3194 1204 3374 1260 dixit:
3410 1200 3467 1257 Si
3501 1198 3650 1255 cives

2066 1307 2501 1380 magistratibus,
2537 1305 2894 1378 magistratus
2921 1316 3054 1358 vero
3081 1297 3299 1370 legibus
3338 1293 3652 1362 obsequan-

2069 1409 2189 1455 tur.

2135 1487 2696 1546 Demadis.—-.Servis
2717 1486 2944 1559 quidem
2969 1474 3276 1541 necessitas
3304 1482 3391 1536 lex
3425 1489 3545 1544 est;
3583 1476 3653 1533 li-

2064 1583 2216 1639 beris
2256 1589 2467 1647 autem,
2491 1581 2579 1635 lex
2634 1579 2938 1634 necessitas
2964 1576 3204 1633 exsistit.

2132 1674 2465 1746 Epicteti.—-
2495 1671 2660 1743 Legis
2681 1684 2887 1741 scopus
2914 1676 3023 1734 est,
3048 1675 3111 1723 ut
3133 1666 3204 1721 de
3242 1663 3533 1719 hominum
3555 1660 3642 1714 vi-

2067 1776 2121 1822 ta
2150 1767 2294 1822 bene
2325 1771 2634 1830 mereatur;
2662 1777 2767 1819 nec
2808 1770 2994 1816 tamen
3034 1764 3238 1830 potest,
3272 1769 3401 1810 cum
3431 1751 3512 1808 illi
3542 1749 3646 1822 ipsi

2066 1857 2209 1913 male
2240 1856 2445 1913 habere
2476 1854 2669 1910 velint.
2694 1852 2838 1920 Quid
2866 1852 3015 1907 enim
3034 1848 3215 1904 valeat
3232 1846 3353 1919 ejus
3372 1843 3552 1899 virtus
3586 1839 3645 1895 in

2065 1950 2176 2006 illis
2205 1946 2471 2014 ostendit,
2502 1945 2596 2017 qui
2625 1945 2675 2001 ei
2708 1957 2919 2000 morem
2946 1949 3166 2012 gerunt.

2135 2038 2612 2110 Quemadmodum
2669 2034 2835 2107 azgris
2897 2031 3096 2090 medici
3162 2036 3492 2090 servatores,
3566 2023 3652 2080 sic

2063 2144 2121 2191 et
2158 2134 2228 2189 iis
2260 2133 2356 2204 qui
2392 2131 2601 2202 injuria
2630 2127 2970 2190 afﬁciuntur,
2997 2124 3180 2195 leges-

2136 2227 2314 2299 Leges
2371 2222 2674 2279 verissimae
2726 2228 2879 2285 sunt,
2939 2232 3061 2289 qua:
3128 2228 3342 2270 summa
3394 2212 3651 2267 nituntur

2064 2318 2348 2389 aequitate.

2138 2407 2268 2479 Legi
2306 2415 2362 2462 et
2411 2402 2672 2478 principi,
2699 2416 2764 2457 ac
2785 2400 2837 2456 ei
2877 2399 2970 2470 qui
2993 2396 3283 2469 sapientiae
3316 2393 3484 2449 laude
3509 2407 3680 2463 prae-7.

2063 2500 2254 2573 pollet,
2272 2496 2494 2562 cedere,
2520 2492 2794 2549 modestia
2833 2500 2891 2547 et
2919 2491 3183 2546 honestas
3219 2485 3473 2543 suadent.

2134 2593 2266 2658 Qua:
2290 2589 2431 2644 ﬁunt
2454 2594 2655 2659 praeter
2684 2586 2883 2656 legem,
2927 2592 3189 2653 tanquam
3215 2594 3328 2633 non
3352 2576 3498 2632 facta
3545 2575 3656 2630 lia;

2064 2683 2248 2739 benda
2280 2688 2429 2737 sunt.

2141 2774 2490 2830 Demosth.—
2516 2768 2917 2827 Demosthenes
2962 2770 3170 2827 orator,
3232 2758 3479 2815 civitatis
3533 2757 3651 2811 ani-

2068 2880 2213 2920 mam
2265 2863 2415 2935 leges
2455 2876 2577 2917 esse
2615 2858 2855 2914 diccbat.
2915 2855 2985 2911 Ut
3022 2852 3167 2908 enim
3227 2863 3450 2921 corpus,
3499 2845 3648 2916 quod

2066 2958 2250 3015 anima
2275 2963 2483 3021 careat,
2504 2953 2776 3010 emoritur
2798 2992 2811 3017 ,
2853 2950 2935 3005 sic
2975 2953 3031 3003 et
3067 2944 3264 3002 civitas
3300 2941 3472 2997 nullis
3501 2953 3651 3009 com:

2069 3050 2280 3107 inunita
2308 3033 2523 3119 legibus
2546 3045 2891 3101 dissolvitur.

456 3141 775 3207 Κύρου.-
814 3139 874 3196 '0
938 3141 1101 3206 αὐτὸς
1155 3139 1478 3212 ἐρωτηθεὶς,
1531 3140 1698 3205 Τίνας
1744 3140 1964 3205 ἀδίκους

2142 3140 2288 3214 Cyri.
2316 3170 2384 3181 --
2409 3139 2561 3195 Idem
2582 3138 2979 3206 interrogatus,
3013 3131 3293 3199 Quosnam
3345 3126 3649 3183 arbitrare-

383 3228 627 3299 νομίζεις
673 3225 860 3292 εἷναιξ
910 3231 1046 3295 Τοὺς
1120 3230 1194 3302 μὴ
1250 3230 1599 3303 χρωμένους,
1658 3225 1782 3284 εἶπε
1811 3273 1827 3297 ν
1883 3230 1962 3301 τῷ

2093 3249 2151 3287 ur
2180 3231 2414 3304 injustos
2442 3243 2594 3295 esse;
2621 3228 2751 3294 Eos,
2777 3223 3085 3296 respondit,
3125 3222 3221 3293 qui
3273 3234 3385 3275 non
3416 3225 3650 3273 utantur

385 3316 559 3386 νόμῳ.

459 3407 790 3477 Θεοφράστ.
822 3438 887 3451 -
927 3409 1157 3480 Ὀλίγων
1188 3411 1236 3464 οἱ
1266 3410 1464 3480 ἀγαθοὶ
1486 3411 1668 3482 νόμων
1696 3412 1909 3468 δέονται
1941 3432 1955 3447 ·

386 3497 448 3552 οὐ
477 3498 587 3568 γὰρ
619 3498 688 3552 τὰ
708 3498 1012 3569 πράγματα
1062 3501 1198 3572 πρὸς
1225 3503 1353 3566 τοὺς
1379 3502 1602 3572 νόμους,
1630 3502 1747 3557 ἀλλ’
1778 3507 1826 3557 οἱ
1876 3505 1964 3558 νό-

391 3604 484 3658 μοι
516 3589 652 3663 πρὸς
672 3590 742 3643 τὰ
772 3591 1075 3663 πράγματα
1103 3591 1369 3647 τίθενται.

472 3681 827 3753 Ἀνωνύμου.
888 3713 960 3725 —-
1003 3685 1320 3757 Κρατίστην
1365 3680 1505 3740 εἶναι
1561 3688 1963 3762 δημοκρατίαν,

389 3770 448 3823 ὲν
591 3772 667 3845 οίν
701 3774 903 3840 πάντες
952 3774 1030 3841 ὡς
1078 3776 1342 3849 τύραννον
1385 3777 1679 3847 φοϐοῦνται
1733 3781 1827 3835 τὸν
1878 3782 1964 3836 νό-

395 3880 494 3917 μον
500 3901 513 3916 ο

473 3958 874 4028 Ἀρκεσίλαος.
930 3992 1002 4003 -
1076 3964 1426 4037 Ἀρκεσίλαος
1480 3968 1670 4034 ἔλεγεν
1703 3985 1717 4000 ο
1753 3969 1965 4039 Ὥσπερ

394 4046 526 4099 ὅπου
563 4046 831 4120 φάρμακα
881 4052 1052 4106 πολλά
1109 4056 1203 4108 καὶ⁵
1253 4055 1427 4128 ἰατροὶ
1476 4055 1683 4121 πολλοὶ,
1735 4055 1969 4111 ἐνταῦθα

395 4139 537 4192 νόσοι
592 4139 841 4195 πλεῖσται
871 4158 886 4173 ·
924 4142 1067 4197 οῦτω
1101 4145 1165 4217 δὴ
1203 4148 1299 4200 καὶ
1338 4148 1471 4201 ὅπου
1501 4146 1656 4219 νόμοι
1689 4146 1966 4211 πλεῖστοι,

395 4226 511 4280 ἐκεῖ
535 4223 676 4283 εἶναι
706 4231 801 4285 καὶ
827 4231 1040 4287 ἀδικίαν
1069 4238 1354 4307 μεγίστην.

964 4369 1183 4426 ΛΟΓΟΣ
1205 4370 1311 4424 NO’
1350 4372 1420 4427 ³⁷.

746 4458 884 4527 Περὶ
913 4460 1160 4527 λογικοῦ
1181 4462 1279 4516 καὶ
1302 4463 1619 4533 λογισμοῦ.

471 4570 649 4623 domo.
681 4567 755 4633 ς’.
782 4599 853 4613 --
885 4570 947 4625 Ὀ
976 4573 1179 4642 ἀγαθὸς
1198 4573 1508 4646 ἄνθρωπος,
1538 4579 1603 4631 ὲκ
1635 4578 1732 4632 τοῦ
1765 4581 1974 4650 ἀγαθοῦ

399 4655 674 4729 θησαυροῦ
708 4660 808 4730 τῆς
832 4663 1057 4734 καρδίας
1084 4664 1338 4721 ἐκϐάλλει
1387 4668 1569 4736 ἀγαθά
1596 4683 1609 4698 ⁵
1649 4671 1743 4723 καὶ
1791 4673 1821 4725 ὁ
1875 4689 1975 4727 πο-

397 4751 561 4821 νηρὸς
587 4751 877 4824 ἅνθρωπος
917 4755 982 4809 ἐκ
1010 4755 1103 4810 τοῦ
1144 4759 1379 4829 πονηροῦ
1409 4761 1689 4833 θησαυροῦ
1720 4763 1972 4821 ἐκϐάλλει

398 4845 633 4915 πονηρά..

469 4938 791 5004 ΗΚορινθ.
835 4944 987 4993 t".-—
1018 4938 1101 4993 Τὰ
1152 4940 1261 5011 γὰρ
1322 4928 1463 4994 6m
1515 4944 1615 5013 τῆς
1683 4949 1972 5016 στρατείας

399 5027 559 5097 ἡμῶν
589 5028 651 5081 οὐ
680 5030 943 5101 σαρκικὰ,
972 5030 1110 5085 ἀλλά
1136 5032 1341 5088 δυνατά
1369 5034 1444 5106 τῷ
1466 5035 1586 5108 Θεῷ
1616 5037 1753 5109 πρὸς
1774 5040 1970 5097 καθαί-

468 5187 514 5219 ’⁷
536 5185 596 5242 in
626 5185 794 5247 Gesn.
817 5191 1035 5250 Stobaeo
1064 5195 1155 5251 26.

2063 3324 2214 3396 lege.

2138 3409 2693 3486 Theophrast.—-Qui
2743 3407 2877 3464 boni
2928 3422 2993 3461 ac
3047 3402 3211 3476 probi
3275 3411 3430 3467 sunt,
3463 3399 3655 3473 paucis

2064 3515 2229 3582 egent
2256 3507 2500 3577 legibus;
2542 3517 2652 3557 non
2691 3500 2838 3557 enim
2870 3498 3089 3569 negotia
3127 3510 3226 3567 pro
3274 3494 3457 3565 legum
3488 3491 3659 3545 ratio-

2064 3581 2158 3664 ne,
2184 3597 2281 3654 sed
2308 3602 2474 3668 prout
2500 3592 2721 3664 negotia
2753 3590 3001 3660 exigunt,
3026 3583 3297 3658 ponendae
3330 3590 3459 3637 sunt
3487 3581 3653 3652 leges.

2140 3691 2360 3747 Incerti.
2389 3718 2462 3729 —
2485 3682 3011 3743 Praestantissimum
3046 3694 3169 3736 esse
3206 3677 3529 3753 popularem
3549 3683 3660 3729 sta-

2066 3794 2219 3849 tum,
2272 3783 2349 3837 in‘
2391 3794 2502 3851 quo
2535 3792 2728 3834 omnes
2762 3776 2939 3848 legem
2997 3771 3152 3828 velut
3192 3780 3484 3844 tyrannum
3538 3783 3658 3823 mc-

2067 3882 2254 3934 ῑυυιιι.
2834 3906 2844 3917 ι

2138 3967 2307 4040 668
2332 3963 2652 4020 Arcesilam.
2685 3991 2755 4002 —
2782 3959 2979 4018 Aiebat
3000 3955 3350 4013 Arcesilaus:
3380 3952 3537 4009 Sicut
3562 3951 3658 4007 ubi

2071 4061 2602 4117 medicamentorum
2645 4069 2710 4110 ac
2751 4052 3093 4108 medicorum
3148 4047 3309 4120 copia
3335 4054 3441 4113 est,
3467 4045 3543 4101 ibi
3603 4052 3664 4100 ct

2073 4154 2395 4211 morborum
2416 4150 2656 4223 plurima
2672 4148 2861 4212 labes;
2898 4146 2979 4201 sic
3012 4153 3068 4201 et
3093 4144 3185 4199 ubi
3215 4141 3469 4214 plurimae
3486 4141 3657 4211 leges,

2076 4248 2189 4303 illic
2216 4247 2509 4302 maximam
2537 4243 2727 4315 vigere
2759 4240 3141 4311 iniq_uitatem._

2663 4373 2907 4430 SERMO-
2932 4371 3085 4427 ΗΧ..

2004 4485 2051 4542 ι)
2078 4472 2156 4527 De
2187 4478 2339 4542 parte
2368 4469 2588 4525 rationis
2616 4467 2885 4536 animique
2911 4461 3202 4518 rationibus
3233 4476 3295 4515 ac
3324 4459 3659 4530 cogitatione.

2144 4583 2269 4639 Luc.
2304 4599 2380 4646 v1,
2412 4579 2772 4636 45.-—Bonus
2800 4578 2968 4631 homo
2994 4574 3063 4630 de
3082 4574 3232 4630 bono
3249 4572 3512 4629 thesauro
3538 4587 3662 4627 eer-

2075 4676 2162 4731 dis
2197 4673 2407 4744 profert
2434 4672 2612 4739 bona;
2643 4678 2701 4725 et
2730 4670 2911 4725 malus
2937 4669 3105 4726 homo
3127 4667 3199 4725 de
3221 4667 3367 4725 malo
3395 4667 3662 4725 thesauro

2071 4765 2285 4838 profert
2309 4764 2472 4818 mala.

2154 4943 2203 5001 ll-
2223 4943 2346 4999 Cor.
2390 4964 2419 5002 χ
2448 4982 2463 5006 ,
2491 4942 2545 4995 4.
2569 4969 2640 4982 --
2664 4939 2831 4994 Arma
2867 4939 3018 4994 enim
3060 4938 3274 4995 militiae
3318 4944 3522 4993 nostra:
3547 4950 3663 4993 non

2085 5033 2326 5090 carnalia
2366 5039 2515 5097 sunt,
2555 5029 2651 5085 sed
2690 5028 2937 5099 potentia
2968 5028 3100 5096 Dco,
3125 5028 3192 5084 ad
3237 5028 3659 5084 demolitionem

1798 5260 1807 5267 “
1913 5267 2146 5325 ΝΟΤΛΕ.

478 5391 551 5476 (r)
573 5394 762 5462 Ὀτᾳν
787 5397 959 5452 αὐτοὶ
972 5399 1329 5476 βούλωνται
1361 5400 1645 5476 πάσχειν.
1665 5402 1821 5476 Clara
1845 5418 1967 5476 sem

2093 5413 2267 5476 cumet
2297 5402 2604 5472 beneﬁcium
2631 5402 2868 5476 accipere
2896 5396 3142 5476 voluerit.
3171 5395 3327 5476 Quod
3353 5404 3410 5451 ct
3437 5394 3660 5463 falsum,

404 5468 574 5547 tentia
595 5481 616 5547 Δς
652 5481 762 5519 non
793 5482 954 5547 posse
972 5468 1172 5539 legem,
1198 5468 1757 5547 _quam__pro'positam
1784 5474 1993 5547 habet,-

403 5536 698 5610 utilitatem
725 5536 1006 5605 praestare,
1034 5536 1169 5593 cum
1194 5536 1256 5605 ii',
1300 5536 1670 5610 quibus—lata,
1717 5544 1859 5598 male
1880 5536 1976 5598 ba?

911 5616 1213 5681 aegrotare;
1249 5605 1428 5681 eoque
1480 5611 1600 5680 ejus
1644 5613 1975 5668 medicinam
2083 5614 2207 5680 lint,
2241 5612 2491 5681 nihilque
2520 5611 2623 5681 ipsi
2673 5609 2998 5681 impediant.
3044 5605 3317 5681 Cmterum
3351 5605 3392 5660 δ’
3431 5605 3660 5681 ἀτάσχων

404 5606 538 5660 bere
586 5605 781 5660 volunt
809 5615 866 5662 et

404 5684 696 5758 respuunt,
740 5691 862 5758 quae
895 5672 979 5731 in‘
1004 5678 1137 5758 illis.
1172 5672 1441 5736 duntaxat
1472 5672 1595 5758 vim
1635 5682 1842 5758 habet.._
1878 5684 1971 5751 qui

409 5747 838 5824 suntmorigeri,
862 5763 1029 5824 seque
1062 5747 1139 5802 illi
1168 5760 1362 5819 sponte
1389 5749 1665 5824 curandos
1706 5747 1969 5824 subdunt.

409 5814 556 5870 Nihil
580 5823 703 5884 apte
749 5814 1074 5871 GcsnfNon
1136 5814 1300 5890 potest
1360 5821 1521 5874 cuiuis
1574 5820 1803 5890 beneﬁca
1865 5839 1972 5876 esse

2084 5467 2696 5544 nihilqueai‘gutum.‘
2728 5467 2839 5524 Lex
2897 5467 3062 5544 enim
3115 5483 3256 5544 quae-
3303 5467 3359 5521 in
3413 5481 3664 5544 commu-

2083 5560 2209 5615 nem
2244 5535 2539 5615 utilitatem
2567 5538 2958 5615 in_st_ituta__sit,
2987 5535 3182 5615 omnes
3237 5537 3394 5615 juvat
3423 5535 3517 5615 qui
3560 5552 3658 5592 vc-

2084 5678 2342 5753 llippocr.
2375 5678 2481 5753 pro
2525 5678 2761 5750 aegroto,
2817 5680 3045 5753 hincque
3085 5694 3193 5733 una
3229 5678 3321 5753 hic
3368 5687 3500 5753 apta
3540 5679 3661 5746 ejus

2079 5746 2234 5875 ἷιῲῖε
2266 5746 2698 5874 I:‘iqcceptio:'non
2757 5750 2904 5818 quod
2946 5746 3079 5805 alias
3122 5746 3437 5819 exponitur,
3485 5746 3661 5804 bene--

2100 5839 2205 5877 lClO
2231 5837 2259 5875 a
2303 5836 2390 5877 ιρι.
