3998 6364
393 389 499 453 981

1704 376 1875 439 LOCI
1913 372 2352 436 COMMUNES.‘

3549 356 3673 419 9C3?

482 504 579 558 Ἐκ
611 504 708 576 μὲν
736 502 831 557 τοῦ
868 503 1023 567 ποδὸς
1051 503 1149 576 τὴν
1179 500 1425 557 ἄκανθαν
1445 539 1460 562 ,
1483 499 1546 551 ἐκ
1573 497 1629 550 δὲ
1649 497 1747 565 τῆς
1777 493 1972 562 ἀλόγου
2003 537 2007 547 .

2156 490 2277 546 Pedi
2334 486 2573 558 spinam,
2611 484 2809 540 animae
2836 498 2867 537 a
2912 480 3128 536 ratione
3153 491 3363 534 aversae
3394 474 3654 545 ignorati-

395 595 599 667 ψυχῆς,
631 595 728 666 τὴν
754 595 985 663 ἄγνοιαν
1011 593 1373 660 ὑπεξελέσθαι
1400 592 1496 645 δεῖ.

474 682 812 758 Φιλήμονος(
842 691 909 742 ³⁸.
955 718 1028 731 —
1074 689 1132 741 Ὀ
1179 686 1259 756 τῷ
1312 682 1560 754 λογισμῷ
1621 682 1799 735 πάντα
1845 679 1977 749 παρ’

402 780 585 851 ἑαυτῷ
624 780 863 845 σκοπῶν,
900 780 961 834 τδ
991 779 1160 834 κακὸν
1194 779 1442 849 ἀφαιρεῖ,
1474 775 1714 843 τάγαθὸν
1748 773 1806 826 δὲ
1834 772 1977 842 λαμ-

404 870 583 925 Solvet.

497 962 870 1031 Ἰσοκράτους
888 963 951 1017 ³⁸.
978 992 1049 1001 -
1084 961 1153 1014 ’Ἃ
1195 959 1260 1014 ἄν
1304 973 1386 1013 σοι
1434 954 1774 1026 λογιζομένῳ
1802 955 1970 1027 βέλτιι

412 1071 535 1120 στα,
558 1053 731 1109 ταῦτα
761 1057 871 1118 τοῖς
904 1054 1086 1125 ἔργοις
1118 1049 1380 1105 ἐπιτέλει.

480 1149 574 1200 Δεῖ
616 1145 809 1218 ὥσπερ
857 1143 922 1210 ἐξ
968 1143 1377 1216 εὐνομουμένης
1406 1142 1616 1206 πόλεως
1664 1140 1985 1211 φυγαδεύειν

411 1238 746 1308 στασιαστὴν
803 1237 1093 1308 ἄνθρωπον
1126 1275 1141 1299 ,
1175 1233 1352 1297 οὕτως
1399 1236 1465 1287 ὲκ
1515 1235 1615 1305 τῆς
1662 1233 1843 1305 ψυχῆς
1893 1232 1987 1287 τὸν

407 1329 552 1398 πρὸς
581 1328 649 1382 τά
680 1327 862 1398 φαῦλα
886 1326 1180 1380 κεκλικότα
1201 1323 1486 1395 λογισμόν.

478 1421 577 1492 Τῷ
618 1420 725 1492 γὰρ
771 1419 935 1511 πάθει
980 1418 1075 1472 τοῦ
1111 1418 1399 1489 σώματος,
1444 1416 1543 1470 καὶ»
1571 1416 1634 1469 τὸ
1662 1413 1847 1486 νοερὸν
1890 1415 2006 1486 τῆς.

406 1512 591 1583 ψυχῆς
625 1512 1013 1582 συνομολογεῖν
1046 1510 1322 1579 ἀνέχεται.

496 1602 875 1671 Ἐπικτήτου.
903 1633 974 1643 -
1000 1604 1068 1655 Ἀ
1096 1601 1171 1673 μὴ
1205 1602 1285 1656 δεῖ
1324 1602 1518 1666 ποιεῖν,
1567 1599 1702 1672 μηδὲ
1761 1596 1990 1652 ὑπονοοῦ

412 1698 609 1749 ποιεῖν.
646 1721 651 1725 -

489 1788 867 1858 Πυθαγόρου.
898 1816 971 1827 —
996 1784 1235 1857 Αίσχρδν
1284 1787 1396 1849 τοῖς
1428 1784 1538 1838 τῶν
1586 1782 1850 1854 μελιττῶν
1888 1781 1993 1835 δω-

416 1881 630 1951 ρήμασι
680 1879 1020 1949 γλυκάζοντα
1064 1880 1165 1951 τὴν
1221 1879 1545 1944 κατάποσιν,
1596 1877 1657 1930 τὸ
1707 1875 1804 1930 τοῦ
1856 1873 2011 1928 Θεοῦ’

411 1971 589 2042 δῶρον
620 1972 933 2041 πικράζειν,
962 1973 1055 2027 τὸν
1082 1972 1261 2043 λόγον,
1289 1975 1356 2044 τῇ
1393 1973 1586 2043 κακίᾳ.

492 2146 775 2217 Θεάγους.
806 2178 875 2188 -
912 2149 987 2202 Τὸ
1028 2148 1141 2220 γὰρ
1169 2150 1416 2221 ἀντέχειν
1466 2150 1542 2223 μὴ
1584 2151 1844 2205 δύνασθαι
1883 2152 2001 2215 τοῖς

417 2241 639 2307 πόνοις,
681 2244 1001 2312 ἐπικρατεῖν
1041 2241 1099 2295 δὲ
1130 2244 1230 2313 τὴν
1264 2241 1456 2313 ἡδονὴν
1477 2285 1492 2310 ,
1529 2242 1728 2296 οἰκεῖόν
1777 2243 1894 2296 ἐστι
1924 2241 2002 2313 τῷ

418 2331 602 2402 ἀλόγῳ
639 2332 795 2403 μέρει
824 2333 923 2396 τᾶς
948 2332 1125 2404 ψυχᾶς
1147 2350 1160 2365 ·
1214 2331 1250 2384 ἁ
1277 2333 1334 2386 δὲ
1377 2332 1698 2404 προαίρεσις
1734 2335 1792 2387 ὲν
1820 2335 2002 2405 ἀμφο-

416 2423 606 2493 τέροις
652 2422 838 2487 αὐτοῖς
888 2423 1140 2493 γίνεται,
1185 2425 1279 2478 καὶ
1310 2423 1387 2497 τῷ
1426 2425 1586 2494 λόγον
1633 2424 1811 2496 ἔχοντι
1848 2427 2003 2498 μέρει

419 2517 522 2579 τᾶς
546 2516 746 2588 ψυχᾶς,
777 2518 870 2573 καὶ
898 2516 976 2589 τῷ
1008 2517 1211 2589 ἀλόγῳ.

1002 2655 1221 2710 ΛΟΓΟΣ
1257 2653 1314 2710 Ξ¹
1339 2655 1407 2710 ³¹.

424 2763 569 2835 Περὶ
595 2766 971 2891 ἁφροσύνηὲ,
995 2767 1259 2855 ᾂςρρονος
1286 2769 1385 2822 καὶ
1409 2767 1695 2850 dicunt),
1720 2768 1819 2824 καί
1834 2768 2008 2825 ἀπαι-

955 2854 1134 2891 ευτου
1166 2839 1266 2891 καὶ
1294 2856 1514 2891 ιιωοου.

955 2839 1134 2893 sum
1166 2839 1266 2892 καὶ
1290 2839 1514 2909 μωροῦ.

493 2950 684 3003 Maso.
730 2947 805 3010 ζ’.
850 2980 921 2991 —
948 2951 1066 3014 Πᾶς
1113 2951 1142 3003 ὁ
1185 2950 1399 3005 ἀκούων
1446 2968 1548 3021 μου
1594 2953 1722 3015 τοὺς
1769 2951 2005 3020 λόγους,

423 3039 525 3091 καὶ
560 3037 637 3110 μὴ
665 3038 836 3093 ποιῶν
866 3039 1099 3106 αὐτοὺς,
1132 3039 1531 3112 ὁμοιωθήσεται
1555 3040 1710 3111 ἀνδρὶ
1741 3039 1932 3112 μωρῷ.

2078 584 2210 639 tiam
2243 581 2490 638 eximere
2524 583 2764 649 oportet.

2126 670 2677 738 Philemonis—Qui
2711 667 2897 724 omnia
2927 679 3115 721 secum
3149 661 3364 717 ratione
3406 657 3679 715 conside--

2081 779 2187 836 rat,
2232 770 2439 824 malum
2481 770 2756 827 removet,
2811 760 3019 815 bonum
3059 765 3243 812 autem
3296 752 3497 822 carpit.

2154 954 2428 1009 Isocratis.
2449 982 2514 991 —
2534 949 2671 1015 Quae
2696 944 2798 1001 tibi
2831 938 3097 1014 cogitanti
3129 936 3337 1009 optima
3376 931 3657 995 videntur,

2035 1064 2039 1067 '
2083 1048 2202 1103 haec
2229 1045 2395 1101 rebus
2422 1042 2560 1114 ipsis
2593 1039 2817 1112 perﬁce.

2155 1133 2750 1209 Quemadmodumﬁx
2787 1127 3013 1183 civitate
3045 1121 3210 1179 bonis
3254 1116 3470 1190 legibus
3504 1113 3664 1170 insti-
3728 1170 3741 1181 ,

2088 1238 2227 1295 tuta,
2255 1226 2541 1283 hominem
2564 1221 2923 1284 seditiosum;
2968 1215 3049 1271 sic
3082 1229 3149 1269 ex
3183 1210 3368 1267 animo
3393 1209 3667 1263 rationem

2087 1323 2157 1378 ad
2190 1322 2335 1376 mala
2368 1325 2689 1391 vergentem
2723 1311 3016 1385 proﬂigare
3062 1319 3291 1363 necesse
3324 1310 3429 1360 est.

2158 1412 2425 1484 Corporis
2450 1423 2688 1479 namque
2716 1403 2938 1461 atl'ectui
2968 1395 3294 1462 aclibidini,
3320 1394 3484 1450 etiam
3513 1405 3670 1447 mens

2091 1503 2407 1562 consentire
2455 1500 2712 1556 sustinet.

2162 1592 2409 1665 Epicteti.
2428 1620 2499 1631 —
2518 1589 2649 1657 Quae
2675 1588 2858 1642 facere
2880 1599 2993 1639 non
3011 1581 3162 1645 licet,
3189 1594 3254 1635 ea
3275 1593 3344 1633 ne
3373 1576 3555 1631 facere
3580 1588 3672 1627 co-

2095 1685 2379 1760 gitaveris.

2166 1761 2748 1851 Pythagor.—-Turpe
2792 1777 2875 1825 est
2910 1783 3076 1839 apum
3123 1778 3356 1821 munere
3389 1760 3670 1831 potionem

2098 1869 2321 1925 dulcem
2367 1864 2630 1930 reddere;
2669 1877 2733 1916 ac
2772 1858 2870 1915 Dei
2899 1857 3111 1912 donum
3136 1853 3427 1925 (rationem
3459 1849 3675 1905 scilicet

2097 1972 2264 2034 atque
2311 1955 2647 2026 sermonem)
2699 1950 2906 2008 malitia
2951 1956 3117 2019 atque
3175 1946 3313 2001 vitio
3359 1943 3415 1998 in
3470 1939 3673 1996 amari-

2098 2055 2350 2111 tudinem
2393 2059 2637 2107 vertere.

2172 2145 2409 2216 Theagis.
2428 2171 2496 2183 ——
2520 2137 2829 2196 Laboribus
2859 2148 2970 2190 non
2995 2144 3156 2203 posse
3183 2128 3463 2190 resistere,
3492 2139 3556 2178 ac
3583 2139 3678 2176 vo-

2100 2214 2328 2311 luptatis
2364 2233 2541 2307 premi
2570 2228 2883 2305 tyrannide,
2918 2223 3209 2297 proprium
3243 2225 3329 2274 est
3358 2215 3534 2288 partis
3561 2214 3689 2268 ani-

2101 2348 2206 2389 mae
2233 2347 2263 2386 a
2303 2328 2519 2385 ratione
2566 2338 2806 2387 aversa;
2859 2315 3114 2389 eligentis
3135 2321 3317 2370 autem
3363 2306 3529 2363 animi
3552 2320 3680 2375 pro-

2104 2425 2367 2496 positum,
2420 2418 2642 2488 utrique
2689 2412 2856 2485 parti,
2902 2417 3017 2463 tum
3065 2420 3187 2477 quae
3233 2402 3448 2456 ratione
3481 2397 3677 2460 utitur,

2106 2524 2222 2572 tum
2264 2528 2384 2585 quae
2431 2520 2514 2567 est
2568 2508 2719 2562 illius
2770 2515 2990 2572 expers,
3037 2509 3328 2553 commune
3381 2498 3483 2546 est.

2696 2637 2928 2698 SERMO
2980 2635 3095 2691 LX.

2108 2769 2186 2823 De
2225 2763 2555 2834 insipientia,
2600 2757 2976 2875 insipientelft
3013 2747 3206 2803 stolido
3265 2753 3323 2797 et
3356 2740 3604 2812 imperito
3637 2746 3713 2791 σει-

2810 2833 2895 2875 stu
2944 2838 2994 2874 ο.

2810 2833 2994 2878 stulto.

2178 2948 2369 3003 Matth.
2404 2960 2499 3009 vn,
2532 2940 2624 2996 26.
2651 2934 2929 2992 -—0mnis
2961 2932 3057 3003 qui
3116 2929 3275 2985 audit
3321 2925 3492 2982 verba
3542 2936 3688 2991 mea,

2109 3050 2166 3097 et
2207 3055 2321 3095 non
2364 3036 2502 3092 facit
2550 3047 2636 3098 ea,
2689 3028 2889 3086 similis
2924 3025 3034 3082 erit
3066 3023 3187 3077 viro
3218 3020 3409 3077 stulto.

499 3106 572 3185 Δί
608 3106 746 3199 Κορ.
791 3129 882 3184 ιδ’.
914 3161 985 3171 -
1009 3131 1101 3203 Μὴ
1133 3106 1325 3185 σιταιδία
1360 3106 1591 3200 *γίνεσθε
1624 3106 1754 3195 ιιιιιιίς⁷
1788 3106 2003 3203 φρεσὶν,

2181 3131 2212 3187 Ι
2243 3130 2368 3186 Cor.
2388 3140 2502 3193 xw,
2526 3126 2617 3180 20.
2642 3154 2709 3167 —-
2727 3120 2910 3177 Nolite
2944 3117 3099 3189 pueri
3128 3113 3269 3170 etlici
3293 3110 3567 3173 sensibus,
3596 3106 3715 3162 sed'

427 3222 569 3278 ἀλλὰ
615 3226 681 3294 τῇ
734 3224 905 3295 κακίᾳ
946 3198 1272 3296 νηπιάζετεο
1323 3198 1445 3289 ταῖς
1473 3225 1530 3278 δὲ
1576 3225 1773 3296 φρεσὶ,
1801 3198 2007 3280 τέλειοι

2156 3223 2328 3280 ta‘litia
2368 3219 2591 3292 parvuli
2641 3223 2856 3280 estote;
2916 3209 3174 3267 sensibus
3229 3214 3414 3261 autem
3460 3198 3717 3273 perfecti-

428 3313 669 3384 γίνεσθε.

502 3404 722 3475 Καρδία
754 3404 1012 3476 ἄφρονος.
1044 3403 1205 3476 ὀδύνη
1235 3404 1312 3475 τῷ
1343 3405 1677 3478 κτησαμένῳ
1705 3407 1909 3478 αὐτήν.,

502 3498 726 3565 Σολομ.
761 3503 810 3551 ι’.
842 3527 915 3536 -—
944 3497 1112 3568 Χείλη
1142 3497 1376 3568 ἄφρονος
1420 3498 1878 3554 καταποντιοῦσιν
1916 3499 2016 3552 αύ-

2117 3324 2317 3374 estote.

2186 3407 2297 3463 Cor
2325 3401 2661 3475 insipientis,
2696 3399 2856 3456 dolor
2885 3396 2936 3452 ei
2971 3394 3067 3466 qui
3101 3394 3283 3464 ipsum
3330 3388 3519 3443 habet.

2187 3498 2364 3555 Eccle.
2405 3513 2462 3562 ιι,
2496 3497 2583 3550 12.
2609 3491 2867 3547 —-Labia
2916 3484 3233 3558 insipientis
3278 3476 3717 3551 praecipitabunt.

432 3590 548 3644 τόν.
588 3589 758 3661 Ἀρχὴ
797 3589 972 3658 λόγων
1024 3591 1304 3661 στόματος,
1334 3591 1520 3658 αὑτοῦ,
1573 3591 1882 3663 ἀφροσύνη,
1907 3591 2007 3645 λκαὶ

2156 3607 2267 3645 um.
2316 3588 2544 3645 Initium
2575 3597 2894 3641 sermonum
2938 3579 3055 3635 oris
3082 3578 3226 3647 ejus,
3266 3569 3620 3644 insipientia;
3648 3574 3706 3622 et

434 3683 642 3756 ἐσχάτη
676 3683 945 3754 στόματος
978 3682 1150 3739 αὑτοῦ
1182 3685 1514 3758 περιφέρεια
1541 3687 1774 3756 πονηρά.

505 3778 758 3844 Παροιμ.
813 3781 911 3839 ις’.
966 3806 1036 3817 --
1092 3776 1262 3848 Ἀνὴρ
1311 3776 1503 3849 ἄφρων
1563 3775 1785 3849 ὸρύσσει
1838 3773 2022 3846 ἐαυτῷ

436 3866 619 3920 κακά·
654 3866 749 3918 ἐπὶ
790 3865 848 3918 δὲ
891 3864 999 3919 τῶν
1026 3866 1220 3919 ἑαυτοῦ
1254 3868 1477 3936 χειλέων
1521 3865 1843 3938 θησαυρίζει
1887 3866 2017 3939 πῦρ.

506 3962 757 4029 Παροιμ.
807 3965 902 4027 ιη’.
947 3987 1018 4000 -
1063 3960 1139 4013 Ού
1186 3961 1375 4030 χρείαν
1424 3959 1537 4031 ἔχει
1596 3960 1787 4029 σοφίας
1838 3961 2025 4033 ἐνδεὴς

440 4048 686 4121 φρενῶν·
720 4048 928 4118 μᾶλλον
948 4048 1057 4119 γὰρ
1089 4048 1285 4118 ἄγεται
1318 4049 1623 4121 ἀφροσύνῃ.

508 4146 699 4216 Σιρὰχ
742 4145 861 4210 φιβ’.
928 4176 994 4187 -
1035 4145 1195 4200 Μετὰ
1238 4146 1475 4216 ἄφρονος
1510 4148 1584 4217 μὴ
1614 4146 1896 4221 πληθύνῃς
1944 4147 2033 4201 λό-

439 4251 590 4303 γους,
622 4236 720 4289 καὶ
750 4235 890 4304 πρὸς
919 4234 1180 4288 ἀσύνετον
1207 4235 1284 4306 μὴ
1311 4235 1566 4307 πορεύου.

511 4331 700 4398 Σιρὰχ
732 4329 854 4393 xﬁ'.
887 4356 960 4368 -—
1005 4327 1129 4381 Ἐπὶ
1159 4326 1340 4400 νεκρῷ
1378 4328 1635 4397 κλαύσον,
1672 4328 1890 4394 ἐξέλιπε
1918 4330 2026 4400 γὰρ

442 4422 590 4492 φῶς·
625 4423 723 4475 καὶ
753 4420 847 4474 ἐπὶ
877 4420 1044 4492 μωρῷ
1071 4419 1330 4486 κλαῦσον,
1375 4419 1592 4487 ἐξέλιπε
1648 4422 1756 4492 γὰρ
1790 4421 2027 4486 σύνεσις.

509 4600 700 4672 Σιρὰχ
756 4599 977 4664 κβω-ο
1011 4598 1232 4671 Ἀμμον
1265 4599 1362 4653 καὶ
1396 4599 1530 4664 ἃλας
1553 4600 1649 4652 καὶ
1675 4598 1844 4669 βῶλον
1882 4600 2029 4670 σιδη-

444 4693 594 4765 ροῦν,
628 4690 984 4761 ἀκοπώτερον
1019 4691 1344 4762 ὑπενεγκεῖν
1364 4733 1379 4760 ,
1408 4691 1442 4763 ἢ
1476 4690 1765 4762 ἄνθρωπον
1795 4691 2028 4763 ἄφρονα.

509 4859 700 4944 Σιρὰχ
723 4872 794 4927 δ’.
821 4904 892 4914 —
918 4872 1013 4944 Μὴ
1045 4871 1405 4945 ύποστρώσῃς
1434 4871 1710 4944 ἀνθρώπῳ
1742 4871 1911 4944 μωρῷ
1937 4888 2029 4927 σε·

446 4968 628 5024 αυτόν.

513 5061 719 5131 Σιρὰχη
741 5064 817 5128 η’.
848 5057 1095 5112 -Μετά
1128 5056 1313 5128 μωροῦ
1344 5056 1418 5128 μὴ
1455 5056 1853 5127 συμϐουλεύου.

513 5155 701 5224 Σιρὰχ
741 5152 859 5217 κβί.
886 5181 956 5191 -
986 5149 1308 5219 Συγκολλῶν
1349 5150 1642 5221 ὄστρακον,
1691 5152 1719 5203 ὁ
1764 5149 2033 5205 διδάσκων

492 5249 657 5305 ωοόν.

492 5268 657 5305 ωοον.

450 5268 488 5322 μ
514 5302 720 5411 Ᾰϊσχος
750 5338 941 5410 νόμιζε
964 5335 1064 5407 τὴν
1094 5335 1307 5407 φρενῶν
1338 5335 1635 5406 ἀκοσμίαν.

517 5433 869 5489 Βασιλείου.
908 5459 978 5471 -
1007 5429 1219 5502 Ὠσπερ
1251 5429 1300 5482 oi
1331 5427 1690 5491 ἀσθενοῦντες
1736 5427 2032 5499 χρῄζουσιν

448 5524 726 5599 ἰατρικῆς,
759 5522 904 5578 οὕτω
936 5523 1128 5590 σοφίας
1160 5520 1394 5592 ἄφρονες
1424 5520 1749 5576 ὲπιδέονται.

2119 3678 2589 3750 exmmmis
2622 3677 2763 3749 ejus,
2797 3687 2957 3730 error
2999 3669 3297 3741 pessimus.

2195 3775 2352 3831 Prov.
2396 3789 2509 3839 xw,
2543 3767 2830 3825 27.-—Vir
2864 3761 3188 3833 imprudens
3218 3756 3359 3813 fodit
3390 3754 3495 3810 sibi
3539 3752 3703 3817 mala,

2122 3878 2183 3925 et
2222 3868 2281 3923 in
2324 3866 2490 3922 labiis
2527 3862 2645 3920 suis
2682 3862 2865 3933 ignem
2896 3853 3107 3912 condit.
3173 3861 3176 3863 λ

2196 3960 2355 4015 Prov.
2387 3972 2543 4022 xvm,
2576 3954 2632 4008 2.
2659 3951 2865 4006 —Non
2907 3961 3047 4019 Opus
3093 3944 3263 3999 habet
3307 3937 3579 4011 sapientia
3627 3935 3718 3989 in-

2129 4055 2324 4124 digens
2362 4049 2564 4114 corde;
2612 4044 2789 4116 magis
2841 4042 2994 4097 enim
3044 4036 3268 4094 ducitur
3310 4028 3708 4102 imprudentia.
3805 4047 3809 4051 υ

2200 4122 2369 4202 Evoti.
2400 4157 2532 4207 χχιι,
2586 4139 2675 4194 14.
2693 4134 2918 4193 ——Cum
2947 4131 3118 4187 stulto
3146 4144 3216 4183 ne
3247 4122 3582 4195 multiplices
3605 4135 3714 4176 ser-

2131 4252 2348 4301 mones,
2392 4244 2450 4290 et
2500 4231 2569 4287 ad
2608 4231 2952 4286 insensatum
2996 4237 3109 4277 non
3155 4233 3271 4276 eas.

2202 4324 2369 4398 67o
2392 4321 2559 4378 Eccli.
2606 4333 2740 4383 xm,
2790 4314 2878 4370 10.
2912 4342 2985 4356 -—
3020 4311 3199 4380 Super
3219 4312 3504 4361 mortuum
3538 4301 3713 4371 plora,

2139 4390 2354 4475 defecit
2388 4412 2538 4469 enim
2572 4410 2709 4465 lux:
2743 4414 2801 4462 et
2827 4418 2995 4475 super
3032 4400 3265 4457 stultum
3296 4395 3476 4467 plora,
3513 4390 3718 4446 defecit
3792 4464 3803 4475 '

2064 4517 2113 4578 ι)
2140 4509 2290 4566 enim
2328 4502 2661 4576 prudentia-

2207 4596 2378 4653 Eccli.
2425 4609 2553 4657 χχιι,
2596 4586 3031 4646 18.-Διέιιτιω
3074 4589 3131 4637 et
3165 4580 3335 4635 salem
3381 4584 3438 4632 et
3484 4587 3719 4628 massam

2138 4690 2270 4746 ferri
2304 4686 2522 4743 facilius
2560 4690 2650 4746 est
2690 4679 2989 4744 sustinere,
3033 4690 3199 4747 quam
3242 4671 3428 4727 virum
3451 4666 3720 4737 insipien-

2138 4794 2276 4840 tem.

2212 4875 2378 4933 Eccli.
2430 4889 2502 4938 ιν,
2537 4865 2815 4927 51..-—Ne
2864 4861 3127 4935 subjicias
3158 4868 3212 4915 te
3256 4852 3469 4913 homini
3497 4849 3691 4907 stulto.

2209 5055 2377 5112 Eccli.
2410 5069 2523 5116 νιιι,
2549 5048 2730 5104 20.-
2751 5036 2890 5101 Cum
2921 5041 3092 5097 stulto
3130 5051 3200 5092 no
3221 5030 3513 5099 consilium
3547 5025 3723 5081 ineas.

2211 5147 2380 5204 Eccli.
2411 5163 2542 5208 χιιι,
2571 5144 2625 5199 7.
2644 5170 2713 5183 —-
2732 5135 3135 5208 Conglutinans
3187 5133 3404 5190 testam,
3435 5119 3530 5192 qui
3562 5119 3727 5173 docet

2141 5242 2395 5297 stultum.

2212 5331 2487 5388 Prohrum
2516 5324 2748 5386 mstima,
2804 5316 3009 5373 mentis
3053 5309 3386 5381 neglectum.

2211 5387 2512 5476 Basilii.—-
2534 5416 2692 5471 Sicut
2738 5407 2943 5463 inﬁmi
2998 5407 3163 5473 egent
3204 5393 3501 5458 medicina,
3533 5388 3615 5445 sic
3645 5387 3731 5443 in~

2141 5517 2408 5587 sipientes
2447 5522 2584 5579 opus
2626 5503 2835 5561 habent
2869 5494 3162 5569 sapientia.
3606 5562 3609 5565 _

3569 5576 3599 5602 \

1734 5672 1968 5729 VARIZE
2013 5667 2432 5727 LEGTIONES.

517 5810 568 5847 “
602 5808 772 5864 "AM.
806 5802 1013 5857 Φιλιστ.
1090 5798 1135 5831 ³ο
1171 5792 1336 5854 "All.
1362 5799 1589 5870 Χαρικλ.
1670 5798 1709 5830 ⁸¹
1746 5796 1806 5851 In
1830 5794 1995 5851 Gesn.
2033 5792 2186 5849 Stob.
2222 5790 2313 5844 53.

2440 5852 2451 5891 ί
