3998 6362
258 340 375 408 989

1572 368 1741 430 LOCI
1781 372 2102 469 COMMUN
2108 378 2219 437 ES.

3420 390 3525 457 990

260 455 509 561 ἀνίατος,
544 459 619 526 ὡς
649 460 716 517 τὰ
746 462 917 519 πολλὰ
946 465 1042 537 τῆς
1071 467 1238 536 ἕξεως
1270 474 1349 538 εἰς
1386 492 1548 544 φυσιν
1581 465 1822 550 μεθιστα-

1950 489 2200 553 omnino,
2235 490 2419 544 curari
2445 491 2718 563 possunt;
2748 503 2811 551 ut
2865 497 3017 567 quod
3064 502 3387 575 plerumque
3422 507 3520 561 ba-

265 563 465 616 μενης-

343 641 543 706 Ἐθους
598 646 894 716 χωρισμὸς,
941 651 1035 704 καὶ
1083 655 1195 718 τοῖς
1245 657 1462 727 ἀλόγοις
1489 661 1607 717 ἐστὶ
1643 664 1840 735 δυσφο-

262 730 531 827 ρὼτατος.
566 736 673 827 καί
720 755 850 821 ποτε
883 736 1020 795 εἶδον
1050 745 1162 813 ἐγὼ
1206 746 1332 816 βοῦν
1368 752 1459 804 ἐπὶ
1510 755 1717 827 φάτνης
1744 730 1838 812 δα-

259 822 525 892 κρύοντα,
550 823 638 878 τοῦ
659 830 920 902 συννόμου
950 834 1115 889 αὑτοῦ
1155 840 1248 892 καὶ
1276 840 1547 913 ὁμοζύγου
1585 822 1841 924 τελευτή-

261 930 483 980 σαντος.

336 1006 657 1077 Θεολόγου.
683 1020 755 1051 -'—
782 1009 939 1084 Ῥᾷον
977 1018 1087 1088 γὰρ
1128 1020 1223 1073 ἀπ’
1271 1023 1447 1095 ἀρχῆς
1483 1028 1556 1097 μὴ
1589 1030 1832 1087 ἐνδοῦναι

258 1098 573 1192 κακίαῗκαὶ
617 1108 948 1174 προσιοῦσαν
997 1111 1303 1183 διαφυγεῖν,
1347 1118 1380 1189 ἢ
1432 1121 1834 1192 προϐαίνουσαν

256 1189 530 1260 ἀνακόψαι
562 1194 657 1247 καὶ
689 1198 923 1268 φανῆναι
956 1202 1157 1274 ταύτης
1191 1189 1481 1280 ἀνώτερος.

325 1283 539 1355 Δικτύῳ
580 1288 827 1357 κομίζειν
854 1290 997 1363 ὕδωρ
1025 1298 1119 1350 καὶ
1167 1298 1386 1353 πλίνθον
1420 1302 1641 1358 πλύνειν
1667 1307 1831 1361 εὐπε-

252 1374 367 1439 τὲς,
477 1379 677 1470 κακίαν
707 1384 1061 1450 φυτευθεῖσαν
1091 1390 1268 1463 χρόνῳ
1302 1393 1482 1465 πολλῷ
1511 1396 1570 1450 ἐν
1613 1396 1828 1470 ἀνθρώ-

254 1482 360 1517 που
391 1466 535 1540 ψυχῇ
566 1469 768 1535 ἐξελεῖν
798 1474 1041 1532 δυνατόν.
1719 1466 1747 1501 i‘

325 1556 628 1651 Χρυοοστ.
657 1590 730 1602 -
761 1562 926 1618 Οὐδὲν
957 1565 1131 1633 οὕτως
1178 1572 1397 1644 ἰσχυρὸν
1426 1574 1577 1646 παρὰ
1623 1576 1834 1651 ἀνθρώ-

253 1662 401 1713 ποις,
434 1649 511 1713 ὠς
546 1652 837 1723 συνηθείας
866 1657 1105 1723 παλαιᾶς
1137 1664 1414 1734 τυραννίς.

323 1739 486 1830 τινὲς
521 1739 631 1796 τῶν
676 1742 895 1815 ἔξωθεν,
925 1748 1189 1824 δευτέραν
1220 1754 1384 1825 φύσιν
1410 1756 1511 1829 τὴν
1540 1759 1828 1830 συνήθειαν

249 1828 541 1887 ἐκάλεσαν.

316 1925 558 1996 Δεινὸνὴ
592 1926 847 1998 συνήθεια
871 1935 1170 2003 κατασχεῖν
1206 1935 1342 2007 πρὸς
1368 1937 1587 2010 ἑαυτὴν,
1622 1941 1716 1993 καὶ
1754 1941 1830 2012 μὴ

249 2017 610 2088 συγχωρῆσαι
632 2018 794 2075 πάλιν
819 2020 1174 2095 διαναστῆναι
1208 2027 1302 2081 ἐπὶ
1334 2028 1436 2099 τὴν
1464 2028 1689 2102 πρώτην
1714 2030 1830 2096 ἕξιν

244 2107 352 2179 τῆς
386 2108 612 2180 ἀρετῆς.

236 2238 239 2239 ν
323 2203 377 2255 1"
379 2202 481 2273 υχὴ
508 2201 656 2271 ἅπαξ
689 2204 937 2278 ἁμαρτίᾳ
965 2208 1350 2283 ’σπεισαμὲνη,
1386 2212 1483 2267 καλ⁵
1509 2215 1830 2288 ἀναλγήτως
1882 2266 1887 2269 ς

241 2294 582 2363 διατεθεῖσα,
617 2297 821 2370 πολλὴν
849 2301 1078 2374 παρέχει
1107 2303 1185 2375 τῷ
1223 2306 1493 2377 νοσήματι
1532 2307 1629 2381 τὴν
1661 2326 1829 2381 προσ-

241 2386 445 2460 θήκην.
508 2419 517 2429 -

316 2480 588 2561 Πολλάκις
614 2482 716 2556 τὴν
746 2484 923 2556 φλόγα
952 2487 1082 2558 περὶ
1111 2487 1211 2560 τὴν
1240 2489 1415 2561 ἀρχὴν
1446 2491 1522 2563 μὴ
1570 2491 1825 2546 σϐεννύν-

240 2588 357 2637 τες,
388 2573 470 2635 είς
501 2573 646 2644 μέγα
675 2578 933 2646 ναυάγιον
962 2580 1329 2649 κατήντησαν.
1362 2582 1453 2653 Μὴ
1483 2581 1683 2652 ἔχουσα
1717 2583 1827 2655 γὰρ

240 2664 493 2735 ἁμαρτία
533 2664 625 2719 τὺν
661 2668 743 2731 είς
786 2669 975 2739 πρόσω
1026 2670 1298 2743 προϐῆναι
1344 2673 1645 2739 κωλύοντα,
1672 2675 1827 2747 ἵππῳ

240 2756 389 2809 ἔοικε
443 2757 534 2829 τὸν
566 2758 781 2829 χαλινὸν
828 2760 1195 2833 ἀπορῤίψαντι
1249 2764 1343 2817 καὶ
1386 2764 1479 2818 τὸν
1547 2766 1826 2838 ἀναόάτην

241 2864 276 2901 κ
283 2864 352 2917 ρη
364 2847 626 2918 μνίζοντι.

315 2937 667 3006 Κλήμεντος
699 2938 947 3010 Ῥώμης.
978 2971 1052 2982 -
1084 2941 1152 2995 '0
1189 2942 1298 3014 γὰρ
1332 2945 1484 3013 μισεί
1505 2959 1590 3008 τις
1612 2944 1701 2998 διὰ
1726 2945 1824 3018 τὴν

234 3029 507 3084 ἐπιοῦσαν
546 3035 612 3103 τῇ
649 3032 838 3105 ἡλικίᾳ
889 3032 1125 3100 σύνεσιν,
1174 3034 1333 3089 τοῦτο
1373 3036 1464 3091 διὰ
1520 3035 1617 3109 τὴν
1657 3038 1823 3093 πολυ-

237 3123 459 3194 χρόνιον
512 3124 621 3180 τῶν
662 3126 857 3181 κακῶν
893 3128 1186 3200 συνήθειαν
1236 3123 1503 3202 πράττειν
1548 3147 1820 3203 συναναγ-

240 3215 496 3283 κάζεται,
549 3217 727 3291 δεινὴν
780 3219 1028 3277 σύνοικον
1074 3222 1177 3296 τὴν
1225 3223 1503 3297 ἁμαρτίαν
1553 3226 1821 3299 παρειλη-

238 3326 378 3377 φωςο

309 3401 568 3458 Βοιωτῶν
598 3401 731 3458 ἔνιοι
758 3403 887 3468 τοὺς
922 3403 1205 3476 χρεώστας
1229 3406 1333 3462 οὐκ
1362 3408 1713 3475 ἀποδιδόντας
1750 3411 1816 3478 ³⁸,

237 3494 319 3558 εἰς
347 3493 556 3565 ἀγορὰν
577 3495 1179 3571 ἄγοντες,⁶‹καθῆσ[θ]αι
1213 3498 1551 3554 κελεύουσιψ
1577 3497 1698 3555 εἶτα
1731 3502 1822 3556 κό-

238 3602 394 3655 φινον
417 3587 801 3643 ἑπιὸἀλλουσιν
826 3588 977 3661 αὐτῷ
995 3607 1010 3621 ο
1040 3590 1100 3655 ὃς
1121 3590 1169 3645 δ’
1192 3592 1259 3647 ἂν
1289 3593 1589 3663 κοφινωθῇ,
1624 3594 1820 3665 ἄτιμος

236 3680 471 3748 γίνεται.
514 3682 673 3735 Δοκεῖ
699 3682 757 3736 δὲ
786 3680 948 3736 τοῦτο
979 3684 1307 3741 πεπονθέναι
1341 3686 1437 3740 καί⁵
1459 3686 1488 3739 ὁ
1513 3687 1816 3759 Εὐριπίδου

237 3769 427 3840 πατὴρ
456 3769 690 3834 Βοιωτὸς
719 3769 795 3825 ὢν
823 3771 884 3825 τὸ
924 3771 1102 3841 γένος.

306 3859 547 3929 Πέρσαις
579 3859 608 3913 ὃ
655 3861 731 3932 μὴ
765 3863 939 3914 ποιεῖν
966 3861 1199 3929 ἔξεστιν,
1225 3861 1348 3917 οὐδὲ
1379 3862 1653 3932 λέγουσιν.
1691 3864 1818 3919 Ἐὰν

235 3951 292 4006 δέ
318 3969 404 4014 τις
433 3952 648 4025 πατέρα
670 3954 879 4027 κτείνῃ,
906 3953 1054 4009 λιτδν
1082 3952 1244 4010 αὐτὸν
1266 3954 1472 4012 οἴονται
1501 3956 1596 4029 (b)'
1631 3956 1728 4010 ἐὰν
1760 3956 1818 4011 δέ

233 4060 359 4098 τινα
403 4038 685 4116 προστάξῃ
713 4043 968 4115 βασιλεὺς
998 4044 1371 4116 μαστιγῶσαι,
1404 4046 1719 4118 εὐχαριστεῖ
1740 4047 1818 4113 ὡς

235 4134 444 4204 ἀγαθοῦ
474 4135 674 4208 τυχὼν,
706 4137 789 4191 ὅτι
818 4136 984 4191 αὐτοῦ
1011 4137 1260 4209 ἐμνήσθη
1286 4139 1316 4191 ὁ
1345 4136 1619 4208 βασιλεύς.
1640 4134 1818 4193 *Δθλα

236 4228 296 4285 δὲ
322 4228 666 4300 λαμϐάνουσι
698 4229 851 4300 παρὰ
887 4229 1150 4301 βασιλέως
1205 4230 1566 4293 πολυτεκνίας
1592 4246 1606 4259 ο
1661 4232 1709 4283 οἱ
1758 4231 1815 4286 δὲ

234 4319 427 4381 παῖδες
457 4320 589 4390 παρ’
626 4319 811 4384 αὐτοῖς
856 4318 1046 4392 ὥσπερ
1092 4320 1387 4391 μαθήματα
1418 4319 1479 4372 τὸ
1527 4318 1815 4390 ἀληθεύειν

232 4410 598 4469 διδάσκονται.

1948 578 2100 633 bitus
2128 580 2183 634 in
2208 590 2463 636 naturam
2493 592 2762 640 mutetur.

2015 668 2101 723 Ab
2129 655 2369 726 assuetis
2397 670 2659 746 disjungi,
2718 671 2888 731 etiam
2938 678 3107 733 mutis
3146 680 3519 735 animantibus

1943 760 2403 816 molestissimum
2461 772 2568 819 est.
2627 765 2854 821 Memini
2910 769 3239 838 quandoque
3277 770 3344 824 ad
3380 787 3520 839 prte-

1941 865 2073 920 sepe
2106 851 2305 908 bovem
2338 853 2565 922 vidisse,
2597 859 2691 926 qui
2722 873 3114 928 compascuum
3145 876 3209 915 ac
3252 863 3505 932 conjuga-

1939 942 2049 996 lem
2080 942 2282 998 bovem
2306 946 2640 1002 exstinctum
2674 948 2924 1005 deﬁeret.

2013 1032 2622 1105 Theologi.—Facilius
2655 1045 2741 1092 est
2774 1054 2805 1093 a
2849 1038 3126 1111 principio
3160 1054 3271 1094 non
3290 1054 3358 1094 {se
3380 1040 3516 1094 vitio

1940 1122 2168 1189 dedere,
2187 1140 2572 1198 enascensque
2602 1129 2869 1200 effugere,
2897 1146 3064 1200 quam
3115 1140 3339 1186 auctum
3368 1132 3517 1187 inhi-

1939 1214 2096 1280 bere,
2123 1231 2301 1285 eoque
2335 1219 2680 1288 superiorem
2710 1220 2970 1276 evadere.

2013 1307 2267 1362 Reticulo
2292 1325 2492 1377 aquam
2523 1309 2670 1365 ferre
2700 1317 2758 1365 et
2794 1310 3026 1366 laterem
3072 1311 3257 1366 lavare
3295 1310 3514 1366 facilius

1938 1406 2044 1464 est,
2077 1400 2424 1470 quam‘longi
2459 1401 2726 1471 temporis
2750 1418 2854 1457 usu
2882 1402 2988 1457 alta
3024 1403 3211 1458 radice
3240 1404 3294 1457 in
3335 1404 3515 1458 homi-

1938 1490 2025 1545 nis
2059 1492 2247 1546 animo
2272 1491 2514 1549 deﬁxum
2546 1494 2710 1549 liceat
2733 1495 2927 1550 vitium
2958 1496 3229 1552 eximere.

1997 1581 2267 1653 Chrysost.
2288 1616 2357 1625 —
2378 1584 2529 1638 Nihil
2559 1584 2640 1641 sic
2674 1586 2893 1641 firmum
2946 1588 3093 1643 inter
3140 1587 3417 1654 homines,
3449 1604 3514 1644 ac

1937 1674 2145 1729 veteris
2173 1676 2594 1739 consuetudinis
2624 1678 2729 1732 vis.

2009 1765 2234 1820 Externi
2256 1767 2480 1837 quidam
2511 1769 2970 1825 consuetudinem
2997 1772 3227 1827 alteram
3258 1781 3511 1827 naturam

1865 1837 1905 1893 Β
1935 1854 2215 1912 dixerunt.

2004 1947 2141 2003 Mira
2169 1948 2254 2003 vis
2278 1950 2701 2007 consuetudinis
2728 1961 2790 2007 ut
2832 1953 2900 2008 ad
2924 1969 2984 2009 se
3012 1953 3278 2019 detineat,
3312 1970 3416 2010 nec
3442 1955 3513 2010 ad

1931 2039 2176 2109 priorem
2209 2056 2403 2097 rursus
2428 2042 2657 2097 virtutis
2708 2043 2960 2121 habitum
3012 2061 3303 2117 assurgere
3346 2047 3510 2102 sinat.

1996 2217 2232 2273 Animus
2262 2219 2374 2274 icto
2398 2220 2570 2276 semel
2623 2236 2748 2277 cum
2796 2234 3028 2292 peccato
3071 2222 3300 2288 foedere,
3344 2223 3511 2278 amis-

1929 2323 2104 2379 soque
2162 2310 2374 2367 doloris
2434 2327 2601 2366 sensu
2681 2327 2859 2384 eoque
2924 2317 3183 2384 attonita,
3230 2316 3514 2387 ingentem

1927 2401 2122 2457 morbo
2146 2402 2517 2458 accessionem
2550 2404 2681 2460 facit

1996 2488 2099 2557 Qui
2130 2489 2405 2546 ﬂammam
2431 2493 2501 2547 ab
2530 2493 2688 2550 initio
2720 2511 2832 2551 non
2856 2497 3236 2568 exstinguunt,
3284 2498 3325 2553 ii
3368 2513 3514 2569 sape

1928 2581 1984 2637 in
2011 2598 2269 2654 maguum
2305 2584 2563 2640 incidunt
2614 2588 2962 2657 incendium.
3016 2586 3314 2645 Peccatum
3363 2590 3513 2644 enim

1926 2674 2083 2729 nullo
2143 2676 2265 2746 ejus
2313 2677 2551 2735 ulterius
2600 2679 2894 2736 inhibente
2935 2696 3314 2753 progressum,
3366 2698 3513 2753 equo

1927 2768 2108 2824 simile
2140 2777 2246 2837 est,
2276 2771 2373 2841 qui
2400 2771 2560 2828 freno
2611 2774 2832 2846 abiecto
2884 2791 3158 2832 sessorem
3190 2776 3246 2830 in
3266 2790 3516 2846 praeceps

1924 2861 2057 2932 agit.

1997 2951 2282 3008 Clementis
2313 2953 2558 3011 Romani.
2586 2988 2653 2997 —
2671 2957 2829 3024 Quod
2851 2959 2977 3029 quis
3000 2960 3139 3025 odit,
3168 2976 3275 3031 pro
3294 2977 3358 3018 ea
3379 2977 3513 3031 pru-

1925 3044 2116 3100 dentia
2154 3061 2322 3117 quam
2374 3055 2507 3103 astas
2557 3048 2844 3105 ‘maturior
2884 3053 3135 3119 invexit,
3194 3054 3248 3108 id
3275 3065 3406 3108 vero
3438 3053 3511 3108 ob

1925 3133 2074 3204 longi
2110 3136 2382 3205 temporis
2418 3136 2670 3193 inclitam
2700 3141 3164 3196 consuetudinem
3197 3143 3380 3197 facere
3413 3158 3512 3197 co-

1928 3222 2099 3295 gitur,
2144 3238 2437 3297 peccatum
2486 3244 2713 3299 gravem
2770 3239 2969 3287 nactus
3028 3234 3510 3290 contubernalem.

1996 3404 2163 3477 674
2185 3405 2503 3481 Boeotorum
2537 3404 2762 3476 quidam
2790 3421 2910 3474 eos,
2927 3407 3024 3478 qui
3047 3423 3121 3462 tes
3138 3408 3378 3464 alienum
3401 3426 3512 3465 non

1926 3497 2167 3560 solvunt,
2196 3496 2253 3550 in
2292 3496 2472 3552 forum
2511 3498 2801 3561 adductos,
2834 3499 3272 3570 sederejubent;
3309 3500 3515 3556 deinde

1925 3585 2228 3656 cophinum
2276 3586 2493 3641 sedenti
2552 3588 2831 3659 injiciunt.
2886 3589 2994 3661 Qui
3041 3600 3227 3645 autem
3268 3591 3511 3660 capliiuo

1924 3676 2175 3730 intectus
2194 3673 2384 3741 fuerit,
2409 3674 2630 3731 infamis
2653 3677 2927 3732 habetur:
2960 3679 3104 3749 quod
3148 3692 3204 3733 et
3230 3680 3372 3749 patri
3399 3678 3511 3735 E‘u-
3549 3706 3559 3716 ε

1928 3767 2152 3838 ripidis,
2190 3767 2383 3823 Bmoto
2407 3768 2644 3831 homini,
2674 3770 2943 3825 accidisse
2968 3772 3110 3827 tanta
3143 3780 3230 3826 est

1997 3858 2202 3924 Persae,
2230 3856 2381 3927 quod
2413 3856 2596 3913 facere
2625 3871 2733 3913 non
2764 3859 2914 3926 licet,
2947 3875 3018 3915 ne
3053 3860 3349 3915 dicendum
3378 3861 3507 3932 qui-

1924 3948 2050 4003 dem
2078 3956 2297 4019 putant.
2320 3940 2483 4015 Quod
2517 3948 2561 4005 si
2586 3957 2798 4020 patrem
2825 3950 3030 4021 aliquis
3055 3952 3347 4017 occiderit,
3376 3952 3509 4007 sub-

1924 4040 2171 4095 dititium
2201 4055 2328 4095 eum
2355 4050 2572 4111 putant.
2601 4042 2657 4098 Si
2694 4058 2860 4113 quem
2908 4059 3005 4098 rex
3036 4046 3295 4114 vapulare
3323 4046 3511 4115 jusse-

1923 4130 2019 4195 rit,
2046 4132 2258 4202 gratias
2282 4132 2414 4203 agit,
2439 4134 2597 4203 quasi
2624 4134 2874 4189 muneris
2894 4135 3108 4205 aliquid
3148 4142 3503 4200 consecutus,

1923 4224 2074 4294 quod
2102 4240 2200 4278 rex
2230 4224 2383 4280 illius
2415 4226 2755 4283 meminerit.
2783 4226 2943 4293 Quod
2964 4218 3166 4281 multas
3203 4228 3508 4297 suscipiant

1921 4316 2130 4388 proles,
2163 4317 2389 4388 praemia
2411 4334 2442 4372 a
2473 4334 2601 4389 rege
2640 4307 2959 4381 constituta.
3016 4319 3201 4373 Liberi
3236 4319 3382 4390 apud
3407 4334 3506 4374 eos

1925 4418 2187 4478 tanquam
2217 4408 2542 4480 disciplinas
2567 4411 2791 4465 discunt
2824 4400 3016 4465 verum
3046 4412 3256 4466 dicere.

301 4506 522 4560 Φίλων.
574 4534 647 4545 -
692 4503 1036 4574 Ἐγχρονίζον
1075 4500 1205 4574 ἦθος
1237 4503 1452 4572 φύσεως
1499 4504 1818 4576 κραταιότε-

1993 4501 2257 4557 Philonis.
2284 4533 2340 4543 -
2377 4503 2649 4558 Diuturna
2685 4504 3055 4569 consuetudo,
3080 4511 3276 4558 natura
3304 4502 3503 4558 fortior

234 4595 329 4664 ρόν
368 4596 485 4649 ἐστι
509 4612 524 4626 ·
588 4596 683 4648 καὶ
720 4596 893 4667 μικρὰ
940 4596 1015 4667 μὴ
1051 4596 1368 4666 κωλυόμενα
1416 4596 1812 4667 ἁμαρτήματα,

232 4668 436 4758 φύεται
503 4688 599 4742 καὶ
651 4688 950 4744 ὲπιδίδοται
1023 4690 1161 4760 πρὸς
1241 4688 1469 4760 μέγεθος
1545 4687 1818 4755 συναυξά·’

234 4797 413 4836 νοντα.

303 4870 591 4943 Μηδαμῶς
622 4869 720 4942 τὴν
746 4870 910 4939 φύσιν
932 4869 1238 4939 αἰτιώμεθα
1262 4886 1275 4901 ο
1330 4871 1507 4924 πάντα
1557 4870 1663 4941 γὰρ
1698 4870 1811 4940 βίον

234 4965 365 5037 ἡδὺν
392 4963 426 5035 ἢ
454 4963 597 5035 ἀηδῆ
631 4965 665 5035 ἡ
694 4964 953 5036 συνήθεια
980 4966 1145 5019 ποιεῖ.

298 5145 548 5215 Χαρικλ.
578 5170 650 5182 -—
673 5143 854 5208 Πάθος
884 5142 996 5216 γὰρ
1023 5144 1188 5209 ἅπαν,
1216 5142 1276 5197 τὸ
1309 5142 1408 5214 μὲν
1424 5141 1608 5206 eam;
1651 5159 1808 5211 γινω-

303 5326 350 5359 ³⁵
375 5321 615 5382 Alterius
637 5323 755 5379 haec
781 5336 948 5393 quam
996 5319 1297 5377 Clementis
1346 5318 1507 5374 Rom.

1913 4604 2040 4661 est;
2072 4594 2328 4664 leviaque
2373 4605 2622 4664 peccata,
2659 4596 2767 4650 nisi
2808 4595 3095 4660 cohibeas,
3136 4596 3372 4651 subinde
3399 4612 3503 4652 na-

1918 4695 2177 4753 scuntur,
2221 4695 2460 4755 nataque
2498 4701 2759 4757 magnum
2806 4685 3033 4757 capiunt
3072 4685 3501 4745 incrementum.

1989 4865 2433 4935 Haudquaquam
2461 4864 2766 4920 incusanda
2811 4873 3044 4919 natura:
3090 4879 3307 4919 omnem
3352 4863 3503 4918 enim

1922 4958 2094 5013 vitam
2125 4957 2473 5014 consuetudo
2500 4967 2597 5013 aut
2647 4957 2952 5029 jucundam
2995 4964 3092 5012 aut
3144 4954 3502 5027 injucundam

1959 5065 2060 5105 raes
2068 5057 2164 5104 tat.

1959 5066 2164 5105 raestat.

1918 5066 1952 5121 ρ
1990 5140 2267 5197 Chariclis.
2284 5140 2567 5216 Quidquid
2585 5142 2706 5198 vitii
2721 5158 2787 5199 ac
2802 5142 2981 5199 morbi
3000 5142 3110 5197 cito
3129 5139 3401 5203 noscitur,
3421 5138 3500 5195 fa-

1747 5409 1986 5469 NOTAE.

306 5532 398 5609 (ίν)⁸
433 5531 615 5609 Λιτὸν
683 5529 871 5585 αὐτὸν
927 5528 1176 5609 οἴονται..
1230 5526 1535 5609 Prohatius
1577 5525 1806 5609 videtur

233 5596 565 5678 ὕπὸόλητδν,
595 5609 655 5656 ut
680 5609 885 5678 negent
905 5615 1038 5656 vere
1082 5599 1287 5678 filium,
1319 5598 1414 5678 sed
1435 5596 1805 5678 subdititium

231 5684 293 5730 et
315 5669 698 5749 suppositum,"
731 5669 846 5749 q'ui_
866 5670 1094 5749 parenti
1122 5685 1314 5749 manus
1365 5669 1672 5749 intulerit‘g.
1704 5684 1807 5749 πλεο

276 5731 469 5818 roinde
488 5757 616 5818 reus
636 5731 930 5818 parricidii
953 5741 1044 5804 sit,
1070 5738 1163 5795 sed
1176 5740 1361 5818 solum
1392 5731 1805 5818 homicidii.'l;:o,

272 5816 405 5880 ιτδν,
430 5813 574 5886 quod
605 5806 933 5884 simplicem,
969 5826 1070 5867 nec
1109 5810 1378 5881 urbanum
1406 5808 1539 5865 satis
1568 5817 1661 5863 aut
1689 5806 1808 5862 olli-

1913 5526 2061 5598 cium
2086 5526 2345 5583 edoctum
2378 5533 2558 5598 sonet,
2588 5540 2702 5598 non
2728 5526 2809 5582 sic
2842 5516 3051 5585 crimen
3079 5527 3324 5598 depellit,
3352 5535 3408 5584 et
3437 5535 3500 5588 ut

1915 5597 2191 5669 parricida
2221 5613 2332 5652 non
2352 5597 2559 5662 audiat,
2574 5597 2759 5669 quiea
2783 5599 2941 5668 quasi
2959 5597 3261 5656 stoliditate
3285 5606 3497 5669 patrem

1918 5666 2198 5722 necaverit
2228 5686 2241 5719 :
2272 5682 2397 5721 cum
2438 5666 2747 5735 praesertim
2776 5666 2941 5733 λιτὸς,
2969 5685 3080 5724 non
3117 5677 3227 5724 tam
3261 5666 3495 5724 stolidus

1919 5738 2010 5804 sit,
2042 5752 2204 5808 quam
2235 5737 2418 5793 tenuis
2448 5736 2703 5805 fortunae,
2739 5754 2862 5794 cum
2918 5739 2986 5795 de
3019 5739 3237 5795 homine
3269 5738 3491 5796 dicitur.
