3998 6364
554 351 657 419 991
818 374 821 379 λ
1731 358 1791 417 8.
1836 356 2122 417 MAXIM
2164 322 2672 417 CONFESSORIS
3685 349 3769 415 992

555 463 661 521 cile
694 461 885 518 curari
939 470 1156 533 potest;
1193 462 1346 538 quod
1390 470 1578 520 autem
1639 462 1918 529 diil‘ertur,
1965 476 2134 534 prope

2191 465 2214 518 ι
2245 460 2534 531 σκόμενον,
2565 458 2929 531 εὐϐοήθητονο
2971 455 3115 513 τὸδὲ
3153 452 3329 527 χρόνῳ
3370 456 3770 527 παραπεμπόμεο

556 553 865 609 insanabile
896 554 1174 609 redditur.

2238 568 2349 617 vov,
2377 552 2545 621 ἐγγὺς
2575 552 2817 606 ἀνιάτου.

622 645 872 702 Choricii.
908 647 1228 714 —Natura,
1285 658 1450 704 nacta
1501 648 1674 705 semel
1707 647 1939 704 delicias
1967 662 2033 702 ac
2064 646 2136 701 li-

2310 644 2610 713 Χορικίου.
2635 672 2704 684 -—
2719 639 3007 712 Λαϐομένη
3034 636 3185 703 ἃπαε
3215 634 3545 709 ἡδυπαθείας
3566 637 3609 708 η
3623 637 3772 708 φύσις,

554 736 827 804 bidinem,
863 738 958 793 vix
982 738 1289 808 acquiescit
1320 738 1390 793 ad
1423 738 1645 794 labores
1675 738 1882 794 redire.

1676 738 1882 794 redire.
2242 735 2398 807 μόλις
2428 735 2604 790 ἐθέλει
2630 733 2767 807 πρὸς
2801 732 3000 795 πόνους
3032 731 3255 801 χωρεῖν.

626 828 976 885 Socratis.—
998 830 1149 886 Nihil
1181 830 1343 901 plane
1370 838 1569 886 natura
1588 830 1898 903 jucundum
1928 837 2026 884 aut
2050 829 2137 883 in-

2311 828 2575 899 Σωκράτ.
2626 828 2674 860 ιο
2726 856 2800 868 -
2855 824 3023 879 Οὐδὲν
3078 822 3250 886 ιντως
3298 822 3397 893 ἡδὺ
3458 822 3492 894 ἢ
3543 820 3690 891 ἀηδις
3724 823 3774 892 τῇ

557 922 903 997 jucundum;
965 922 1063 978 sed
1109 933 1309 978 cuncta
1356 921 1765 979 consuetudine
1805 923 2136 978 alterutrum

2241 920 2404 991 φύσει
2436 920 2747 992 ὑφέστηκεν
2766 935 2781 950 ο
2809 916 2994 971 πάντα
3022 914 3082 969 δὲ
3113 916 3183 985 τῇ
3223 912 3485 985 συνηθείᾳ
3514 912 3721 981 γίνεται.

560 1015 821 1071 induunt.
3281 998 3301 1018 ⁸

632 1107 814 1163 Vitam
842 1107 984 1180 elige
1037 1108 1263 1179 optimis
1307 1109 1562 1165 moribus
1611 1084 1963 1164 institutam:
1995 1106 2139 1161 hanc

2311 1103 2436 1156 Blov
2470 1100 2630 1173 αίροῦ
2662 1100 2754 1156 τὸν
2795 1100 3020 1173 ἄριστον
3041 1116 3057 1133 ·
3091 1095 3281 1155 τοῦτον
3310 1093 3420 1166 γὰρ
3460 1093 3586 1166 ἡδὺν
3613 1094 3646 1165 ὴ
3683 1109 3784 1147 συν-

561 1199 710 1255 enim
760 1202 1108 1257 consuetudo
1157 1202 1445 1274 praestabit
1481 1201 1804 1274 jucundam.

1157 1202 1445 1274 praestabit
1481 1201 1804 1274 jucundam.
2242 1194 2404 1267 ήθεια
2449 1194 2690 1267 ποιήσει.

1195 1334 1497 1391 Menandri.

2891 1337 3180 1408 Μενάνδρ.

1623 1443 1946 1515 Νοηροιεδε
2323 1447 3377 1517 ..............ι⁹Δμήχανον

637 1516 816 1591 Longa
840 1516 1196 1591 consuetudo,
1220 1517 1364 1571 brevi
1391 1513 1603 1570 dissolvi
1636 1512 1889 1591 tempore.

2318 1521 2569 1591 Μακρὸν
2591 1520 2925 1586 συνήθειαν
2950 1520 3025 1591 ἐν
3051 1512 3276 1591 ,βῄξεῒ
3294 1518 3480 1591 luctat
3516 1512 3713 1586 χρόνῳ.

637 1584 789 1653 Ωιιοᾶ
817 1588 957 1641 enim
974 1603 1038 1641 ea
1066 1584 1314 1641 inolitum
1337 1593 1436 1653 est,
1461 1601 1566 1639 non
1593 1584 1904 1655 negligitur.

2323 1594 2395 1649 Τὸ
2428 1584 2538 1664 γὰρ
2564 1584 2830 1661 σύνηθες
2861 1584 3129 1660 οὐδαμοῦ
3159 1584 3520 1658 παροπτέον.

629 1722 890 1795 Ροίῃωηί.
941 1752 1012 1765 -
1035 1720 1395 1778 Consuetudo
1427 1738 1496 1778 ex
1521 1721 1711 1793 parvis
1759 1720 1935 1776 trahit
1973 1721 2146 1792 origi-

2322 1726 2686 1782 Πολυαίνου.
2715 1755 2788 1766 -
2819 1724 2983 1790 Ἔθος
3013 1724 3243 1796 ἄρχεται
3287 1720 3395 1793 μὲν
3431 1719 3540 1774 ἀπὸ
3571 1719 3779 1791 μικρῶν·

561 1832 723 1882 nem;
756 1816 1008 1887 neglecta
1042 1824 1250 1882 autem,
1285 1815 1398 1870 vim
1428 1829 1682 1886 magnam
1714 1812 1940 1884 accipit.

2178 1809 2222 1865 Β
2250 1814 2624 1888 ἀμελούμενον
2650 1814 2729 1880 δὲ,
2757 1813 2855 1885 τὴν
2885 1814 3039 1883 ἰσχὺν
3075 1810 3300 1882 μείζονα
3326 1809 3592 1881 λαμϐάνει
3613 1851 3629 1867 .

633 1908 988 1964 Theocriti.—
1004 1907 1314 1965 insidiosos
1346 1922 1557 1973 mores,
1592 1915 1649 1962 et
1673 1905 1885 1977 aliquid
1921 1921 2141 1977 semper

2315 1907 2583 1976 Θεοκρίτ.
2614 1936 2686 1946 -
2725 1903 3044 1959 Ἐπίὸουλον
3072 1899 3202 1976 ἦθος
3232 1902 3330 1956 καὶ
3353 1898 3778 1972 κακομηχανώτα·

563 2002 717 2067 mali,
756 2010 1066 2071 contraque
1101 2016 1298 2057 omnes
1328 2009 1525 2072 argute
1555 2000 1761 2064 moliri,
1794 1999 1849 2054 id
1888 2013 1993 2071 ego
2026 2012 2140 2053 non

2244 2016 2335 2053 τον
2359 1997 2653 2062 διαπαντὸς
2680 1996 2827 2069 ἐχειν
2855 1997 2950 2051 καὶ
2979 1995 3125 2051 κατὰ
3167 1995 3410 2056 πάντων,
3458 1992 3577 2063 οὐχὶ
3618 1993 3678 2063 τῇ
3714 1989 3786 2045 τοῦ

562 2092 825 2159 solertiae,
860 2101 923 2149 ut
942 2093 1196 2148 nonnulli
1230 2092 1570 2158 existimant,
1599 2091 1696 2147 sed
1724 2089 1977 2161 pessimae
1996 2088 2139 2161 parti

2244 2089 2523 2161 άγχινόου,
2557 2088 2632 2153 ὦς
2663 2105 2809 2153 τινες
2848 2087 3053 2143 οίονται
3074 2129 3089 2155 ,
3126 2090 3193 2160 τῇ
3226 2086 3283 2141 δὲ
3315 2084 3411 2140 τοῦ
3462 2082 3786 2155 πονηροτάτου

562 2182 863 2253 ascriptum
892 2181 1082 2237 velim.

2250 2180 2434 2254 μερίδι
2465 2178 2824 2252 προστίθημι.

633 2273 879 2329 Pronum
930 2282 1017 2329 est
1054 2271 1305 2341 laudare,
1345 2287 1470 2343 quae
1498 2286 1612 2327 non
1650 2272 1833 2336 decet,
1890 2286 1956 2326 ac
1991 2270 2141 2326 vitu-

2331 2272 2543 2344 Ῥᾴδιον
2570 2272 2669 2343 μὲν
2693 2272 2960 2339 ἐπαινεῖν,
2991 2269 3028 2326 ἃ
3051 2269 3127 2342 μὴ
3155 2269 3286 2342 χρὴ,
3318 2266 3417 2324 καὶ
3441 2264 3626 2339 ψέγειν
3646 2282 3658 2296 ·
3686 2263 3788 2318 ἐκά-

563 2378 792 2433 perare;
819 2371 1124 2435 utrumque
1147 2379 1280 2420 vero
1308 2364 1463 2434 pravi
1484 2362 1654 2419 animi
1678 2378 1744 2419 ac
1764 2362 1969 2419 indolis
1997 2369 2104 2418 est.

1612 2364 1654 2418 αἱ
1678 2378 1744 2419 ac
1764 2362 1969 2419 indolis
1997 2369 2104 2418 est.
2246 2380 2406 2436 τερον
2434 2363 2513 2426 δὲ,
2552 2362 2794 2437 πονηροῦ
2833 2381 2980 2429 τινος
3006 2362 3191 2436 ἤθους.

634 2455 721 2510 Ea:
744 2453 929 2511 Serani
949 2457 1183 2528 scriptis.
1217 2487 1289 2497 —
1318 2456 1614 2512 Persarum
1654 2471 1813 2527 reges
1846 2468 2144 2525 antequam

2329 2458 2431 2511 Ἐκ
2462 2454 2581 2509 τῶν
2621 2450 2906 2524 Ζερήνου.
2956 2486 3029 2497 -
3057 2456 3141 2509 ’οί
3170 2452 3402 2525 Περσῶν
3435 2450 3680 2524 βασιλεῖς,
3711 2446 3790 2518 πρὸ

565 2546 923 2615 sacriﬁcent,
976 2548 1045 2603 de
1117 2547 1385 2619 religione
1436 2548 1778 2618 disputant;
1846 2554 2143 2616 antequam

2254 2547 2352 2618 μὲν
2383 2545 2490 2600 τῶν
2518 2545 2743 2612 θυσιῶν,
2775 2547 2909 2619 περὶ
2954 2545 3240 2609 εὐσεσείας
3283 2545 3622 2613 διαλέγονται
3644 2560 3656 2573 ·
3710 2541 3790 2610 πρὸ

565 2639 779 2703 bibant,
809 2640 879 2695 de
907 2639 1212 2696 sobrietate
1237 2657 1251 2707 ;
1274 2648 1403 2696 ante
1430 2640 1639 2696 bellum
1673 2654 1739 2694 ac
1766 2637 2041 2709 praelium,
2076 2637 2144 2694 de

2249 2639 2306 2694 δὲ
2330 2638 2426 2693 τοῦ
2460 2638 2661 2708 πίνειν,
2713 2640 2844 2712 ’περὶ⁵
2893 2638 3249 2710 σωφροσύνης
3271 2653 3285 2666 ·
3326 2637 3587 2708 πολεμεῖν
3612 2634 3660 2688 δὲ
3692 2632 3790 2705 μέλ-

558 2728 912 2786 t‘ortitudine.
1292 2740 1305 2749 ‘

2250 2728 2456 2794 λοντες,
2488 2745 2554 2782 πε
2563 2728 2619 2800 pi.
2653 2728 2928 2801 ἀνδρείας.

633 2840 889 2896 Herodot.
936 2873 1009 2884 —
1043 2843 1339 2916 Agathyrsi
1370 2842 1684 2898 mollissimi
1733 2849 1882 2907 sunt,
1938 2840 2151 2896 auratis

2336 2842 2600 2911 Ἡροδότ.
2623 2871 2694 2882 --
2724 2841 3051 2915 Ἀγάθυρσοι
3085 2842 3152 2906 ³⁷,
3181 2841 3476 2914 ἁϐρότατοι
3505 2840 3683 2912 ἄνδρες
3708 2835 3789 2889 εἰσὶ

564 2916 892 3003 plerumque
925 2934 1106 2989 induti
1134 2935 1410 2990 vestibus.
1460 2933 1743 2990 Uxoribus
1776 2932 2143 2988 communiter

2254 2937 2350 2990 καὶ
2380 2936 2714 3007 χρυσοφόροι
2741 2934 2810 2989 τὰ
2838 2935 3094 3006 μάλιστα.
3130 2934 3441 2988 Ἑπίκοινον
3470 2933 3524 2987 δὲ
3554 2928 3790 3002 γυναικῶν

565 3030 823 3090 utuntur,
858 3013 1036 3081 ut'alii
1070 3026 1197 3081 aliis
1224 3027 1428 3082 fratres
1454 3027 1568 3081 sint
1595 3041 1662 3082 ac
1686 3025 1905 3096 COgnati
1930 3040 2144 3089 omnes,

2251 3025 2349 3098 τὴν
2392 3024 2537 3097 μίξιν
2589 3023 2890 3091 ποιοῦνται,
2953 3024 3041 3080 ἵνα
3101 3024 3430 3096 κασίγνητοί
3484 3040 3543 3076 τε
3587 3020 3790 3090 ἀλλήλων

566 3129 744 3184 eaque
778 3116 995 3174 ratione
1021 3119 1164 3173 nihil
1220 3119 1277 3173 in
1307 3119 1389 3174 eis
1418 3118 1636 3185 livoris,
1690 3117 1882 3173 nullus
1913 3117 2025 3173 odii
2068 3116 2145 3171 fo-

2252 3118 2406 3183 ἐῶσι,
2443 3118 2537 3171 καὶ
2562 3119 2756 3171 οἰκεῖοι
2787 3116 2990 3180 ἐόντες,
3048 3117 3185 3188 μήτε
3233 3116 3439 3189 φθόνῳ,
3496 3115 3624 3189 μήτε
3673 3110 3792 3183 ἔχθει

565 3219 686 3263 mes
718 3206 813 3265 sit.

2257 3206 2529 3279 χρέωνται
2560 3208 2621 3271 ἐς
2649 3206 2936 3279 ἀλλήλους.

1016 3414 1180 3488 675
1226 3413 1461 3471 SERMO
1490 3413 1687 3470 LXIII.
2180 3421 2223 3479 C

2180 3421 2223 3479 C
2815 3412 3037 3467 ΛῸΓΟΣ
3073 3411 3168 3465 El"
3207 3411 3274 3465 ³⁸.

947 3502 1024 3558 De
1056 3504 1332 3560 nobilitate
1359 3513 1409 3559 et
1441 3501 1793 3577 ignobilitate.

2541 3503 2679 3574 Περὶ
2719 3503 3027 3574 εὐγενείας
3058 3502 3158 3558 καί
3197 3502 3578 3572 δυσγενείας.

637 3595 798 3653 Joan.
826 3611 905 3661 tu,
936 3596 1255 3664 6.—-Quod
1300 3605 1493 3653 uatum
1549 3605 1637 3654 est
1686 3614 1756 3652 ex
1804 3612 1990 3663 carne,
2020 3614 2153 3654 caro

2337 3601 2527 3654 Ἰωαν.
2561 3595 2631 3668 γ’.
2683 3626 2757 3637 -
2796 3596 2871 3649 Τὸ
2900 3596 3305 3667 γεγεννημένον
3351 3599 3420 3651 ὲκ
3466 3593 3566 3664 τῆς
3604 3588 3787 3663 σαρκὸς.

568 3697 690 3756 est;
723 3698 780 3745 et
801 3689 951 3759 quod
977 3696 1170 3743 natum
1207 3699 1293 3744 est
1324 3704 1393 3744 ex
1425 3689 1652 3759 spiritu,
1677 3686 1909 3759 spiritus
1940 3695 2045 3743 est.

2256 3692 2393 3761 σάρξ
2423 3692 2539 3744 ἐστι
2560 3706 2573 3720 ’
2611 3689 2706 3744 καὶ
2741 3687 2803 3742 τὸ
2831 3687 3232 3761 γεγεννημένον
3272 3689 3338 3744 ὲκ
3367 3686 3465 3743 τοῦ
3499 3683 3786 3755 πνεύματοςι

2270 3781 2488 3851 πνεῦμά
2514 3781 2684 3833 ἐστιν.

639 3870 794 3926 Rom.
826 3887 902 3937 ix,
940 3871 994 3927 8.
1020 3873 1223 3928 —Nou
1263 3872 1360 3944 qui
1399 3871 1497 3927 lilii
1537 3872 1745 3938 carnis,
1786 3871 1845 3928 hi
1881 3871 1978 3927 lilii
2015 3872 2151 3941 Dei',

2322 3896 2330 3903 -
2353 3876 2506 3943 Ρωμ.
2540 3875 2609 3926 θ’.
2626 3900 2699 3912 -
2716 3871 2790 3926 Οὐ
2806 3871 2877 3926 τὰ
2897 3870 3067 3926 τέκνα
3085 3870 3185 3943 τῆς
3212 3873 3450 3945 σαρκὸς,
3474 3869 3639 3925 ταῦτα
3661 3864 3790 3919 τέκνα

568 3963 666 4019 sed
698 3964 795 4034 qui
841 3964 939 4019 lilii
995 3974 1128 4021 sunt
1167 3964 1574 4037 promissionis,
1609 3963 1959 4020 :estimantur
1992 3964 2046 4019 in
2069 3980 2147 4020 se-

2253 3963 2389 4041 Θεοῦ
2415 3985 2425 3996 ·
2474 3962 2612 4018 ἀλλά
2637 3963 2707 4017 τὰ
2729 3963 2898 4018 τέκνα
2927 3962 3030 4036 τῆς
3060 3964 3419 4034 ἐπαγγελίας,
3451 3962 3704 4033 λογίζεται
3725 3955 3785 4017 εις

575 4056 746 4111 mine.
933 4114 938 4117 _
1715 4079 1719 4083 ·

933 4114 938 4117 .
1715 4079 1719 4083 ·
2261 4054 2504 4126 σπέρμα.

643 4148 776 4223 Sap.
803 4166 862 4206 ιιι
887 4192 902 4217 ,
933 4114 1021 4206 l9.
1045 4179 1112 4192 -
1133 4149 1527 4207 Generationis
1570 4148 1790 4221 injustze
1817 4149 2002 4207 acerbi
2026 4159 2156 4206 sunt

2328 4114 2468 4204 27.011.
2502 4156 2572 4219 γ’.
2613 4178 2685 4188 —
2711 4146 2910 4213 Γενεᾶς
2941 4146 3130 4202 ἀδίκου
3167 4147 3259 4220 (c),
3290 4146 3508 4220 χαλεπὰ
3533 4144 3597 4222 τά
3625 4139 3748 4206 τέλη.

574 4239 779 4295 exitus.

644 4331 834 4390 Liberi
866 4334 921 4389 in
962 4341 1285 4406 contemptu
1313 4342 1369 4390 et
1393 4335 1676 4407 imperitia
1706 4334 2030 4407 gloriantes,
2064 4347 2157 4388 co-

2324 4328 2503 4383 Τέκνα
2534 4329 2592 4383 ὲν
2641 4328 3047 4400 καταφρονήσει
3096 4328 3192 4383 καὶ
3223 4327 3551 4398 ἀπαιδευσίᾳ
3581 4316 3782 4393 γαυριὼο

573 4426 849 4498 gnationis
873 4442 988 4483 suae
1016 4427 1417 4500 ingenuitatem
1463 4429 1867 4483 contaminant.

2261 4438 2421 4493 μενας
2460 4420 2783 4489 συγγενείας
2807 4419 3019 4474 ἑαυτῶν
3051 4421 3340 4492 μολύνουσι
3370 4420 3467 4493 τὴν
3496 4415 3760 4510 εὐγένειανί

642 4512 828 4569 Liberi
856 4514 1147 4572 honestam
1180 4516 1352 4571 vitam
1399 4528 1646 4588 agentes,
1687 4525 1983 4588 parentum
2022 4530 2156 4572 suo-

2330 4514 2511 4568 Τέκνα
2536 4515 2594 4566 ἐν
2620 4514 2799 4585 ἀγαθῇ
2828 4513 2939 4585 ζωῇ
2976 4512 3076 4585 τὴν
3108 4514 3459 4585 άναστροφὴν
3484 4511 3678 4581 ἔχοντα.
3705 4511 3785 4552 των

574 4619 698 4658 rum
729 4604 1137 4676 ignobilitatem
1166 4614 1375 4677 tegent.
2116 4608 2119 4609 ⁷

2116 4608 2119 4609 ⁷
2266 4605 2423 4662 ἰδίων
2442 4604 2782 4676 γεννητόρων
2810 4602 3084 4675 κρύψουσι
3110 4604 3447 4673 δυσγένειαν.

640 4674 855 4747 Basilii.
878 4722 946 4732 —
969 4693 1092 4749 Non
1126 4702 1213 4750 est
1230 4674 1359 4749 'cur
1388 4702 1655 4765 parentes
1677 4711 1743 4752 ac
1765 4695 2004 4766 majores
2025 4694 2155 4750 illu-

2330 4674 2685 4751 Bamlelov.
2725 4725 2798 4735 —
2844 4674 2960 4750 Οὐκ
3005 4694 3204 4766 ἔχομεν
3234 4697 3505 4769 ’πατέρας
3532 4689 3695 4757 λέγειν
3718 4674 3778 4733 καὶ

574 4790 717 4838 stres
746 4783 1141 4854 producamus.
1173 4787 1440 4841 Veritatis
1471 4802 1711 4857 namque
1750 4788 1860 4852 lex,
1900 4787 2153 4858 proprias

2192 4769 2231 4824 ί)
2263 4787 2566 4860 προγόνους
2591 4789 2937 4860 περιφανεῖς.
2977 4786 3036 4841 '0
3083 4787 3195 4859 γὰρ
3238 4788 3340 4857 τῆς
3365 4774 3614 4855 ἀληθείας
3642 4774 3771 4842 νόμος,

574 4876 843 4946 cujusque
876 4876 1112 4947 requirit
1138 4878 1355 4934 laudes.
1406 4879 1520 4935 Nec
1552 4879 1704 4935 enim
1740 4879 1950 4935 idcirco
1975 4895 2153 4951 equus

2263 4880 2371 4935 ἴδια
2399 4878 2635 4934 ἑκάστου
2672 4879 2902 4933 ἀπαιτεῖ
2944 4877 3013 4933 τὰ
3050 4879 3328 4950 ἐγκώμια.
3364 4877 3500 4933 Οὐδὲ
3529 4869 3630 4942 γάρ
3658 4864 3776 4917 ἵππον

573 4973 661 5021 est
692 4966 866 5033 celer,
900 4968 1047 5038 quod
1078 4985 1146 5025 ex
1178 4970 1489 5026 celerrimis
1537 4981 1695 5027 ortus
1725 4971 1819 5027 sit.
1853 4971 1982 5039 Sed,
2014 4973 2152 5027 sicut

2259 4972 2431 5044 ταχὺν
2478 4972 2625 5024 ποιεῖ
2671 4970 2737 5025 τδ
2785 4971 2852 5024 ὲκ
2901 4970 3223 5040 ταχυτάτων
3250 4969 3438 5041 φῦναι.
3477 4959 3613 5021 Ἀλλ’
3639 4955 3781 5044 ὥσπέρ

573 5056 846 5128 cujusque
883 5057 1225 5130 reliquorum
1262 5059 1589 5114 animalium
1614 5061 1795 5117 virtus
1826 5060 1883 5116 in
1932 5078 2000 5118 eo
2031 5077 2152 5132 spe-

2259 5035 2370 5117 τῶν
2399 5062 2578 5118 ἄλλων
2624 5061 2781 5126 ζώων
2813 5063 2847 5133 ἡ
2898 5035 3068 5134 ἀρε-τὴ
3100 5063 3161 5117 ὲν
3186 5035 3366 5133 ἑαυτῷ
3390 5055 3659 5130 θεωρεῖται
3686 5035 3782 5134 ἐξά·

573 5156 796 5215 ctatur;
829 5149 910 5205 sic
945 5159 1002 5205 et
1048 5150 1157 5204 viri
1193 5151 1314 5206 laus
1358 5166 1423 5206 ea
1470 5160 1576 5216 est,
1612 5168 1778 5222 quam
1825 5154 1952 5225 ejus
1984 5130 2152 5225 ipsius

2258 5171 2410 5221 στου,
2445 5152 2711 5208 οὖτω⁶καὶ
2752 5130 2952 5227 ἀνδρὸς
2975 5130 3220 5220 ἔπαινος,
3262 5155 3294 5208 ό
3325 5130 3391 5208 ἐκ
3424 5149 3531 5206 τῶν
3558 5130 3782 5209 ὑπαρχόν·

576 5240 797 5311 propria
820 5250 1150 5298 ornamenta
1172 5258 1238 5299 ac
1272 5242 1512 5311 virtutes
1538 5250 1835 5301 testantur.

2261 5263 2370 5301 των
2412 5245 2565 5317 αὐτῷ
2595 5245 3046 5319 κατορθωμάτων
3078 5245 3604 5320 ὲκμαρτυρούμενοςο

1860 5379 2094 5436 VARUS
2126 5381 2535 5439 LECTIONES.

647 5467 695 5502 ⁸⁸
747 5470 1026 5527 Ἀλλ.Ἑκ
1055 5473 1163 5527 τῶν
1207 5473 1530 5545 Ἐπικτήτου
1561 5475 1658 5530 καὶ
1701 5474 1970 5548 Ἰσοκράτ.
2049 5477 2091 5510 ³⁷
2123 5478 2376 5535 Meminit
2425 5487 2483 5536 et
2521 5478 2745 5536 Suidas.
2823 5478 2869 5511 ³⁸
2898 5478 2998 5535 Est
3025 5477 3084 5535 in
3111 5477 3282 5535 Gesn.
3315 5476 3467 5536 Stob.
3500 5467 3617 5528 217·

2081 5610 2306 5668 NOTAE.

598 5765 607 5782 ε
651 5698 725 5782 ⁹(ιι)
757 5699 978 5782 Γειςεᾶς
1009 5702 1244 5782 ἀδίκου.
1277 5704 1434 5776 Vulg.
1474 5708 1552 5782 sic
1584 5704 2159 5782 expressinNationis
2269 5724 2506 5778 sequens
2538 5722 2646 5761 non
2679 5705 2940 5771 occurrit,
2991 5706 3093 5763 etsi
3145 5705 3309 5761 Gesn.
3357 5694 3573 5760 ascribit
3611 5671 3779 5743 Sim”

590 5771 802 5840 iniqum,
846 5771 973 5826 dim
1020 5781 1142 5826 sum
1186 5771 1684 5849 consumvntationcs'.
1738 5780 1979 5849 Uterque
2009 5779 2163 5835 locus
2274 5771 2431 5833 xxiiv
2459 5786 2515 5834 et
2539 5792 2663 5832 xxx.
