3998 6380
227 344 341 409 993

906 464 1146 532 Θεολόγ.

340 551 538 617 Καὸιὸς
571 550 623 604 δ’
648 550 885 605 ἀκούων
915 551 1236 619 αἰσχύνου,
1262 548 1348 618 μὴ
1376 548 1703 618 δυσγενής.

340 623 533 687 Γένος
564 621 677 690 γάρ
722 624 898 690 εἰσιν,
930 619 1198 690 οἱγπάλαι
1232 620 1598 690 σεσηπότες.

341 691 573 761 Γένους
605 689 948 761 προᾴρχειν,
978 689 1016 757 ἢ
1043 689 1415 761 λύεινᾼτένος
1440 691 1641 761 θέλεκ

348 758 446 826 Ὠς
468 756 661 814 καλὸῦ
691 756 845 813 sliat
874 762 955 824 σ’,
991 756 1030 827 ἢ
1078 756 1288 837 misr
1314 756 1666 827 πεφυκέναῖ.

305 875 494 943 Γρητ.
525 872 724 927 Νύσσ.
752 901 825 912 -
855 872 922 926 Ἥ
956 872 1204 940 εὐγένεια
1229 871 1325 925 καὶ
1354 871 1387 941 ἡ
1424 870 1690 940 σεμνότης
1715 868 1811 922 τοῦ

230 965 598 1037 ὑπερηφάνου
639 964 701 1018 τδ
736 965 998 1033 συγγενὲς
1033 964 1170 1036 πρὸς
1190 964 1292 1035 τὴν
1325 961 1546 1016 πλίνθον
1570 960 1701 1031 ἔχει.

306 1059 608 1125 Χρυσοστ.
635 1083 709 1095 —
754 1055 1023 1135 Λαμπρὸν
1072 1056 1168 1109 καὶ
1223 1055 1510 1125 ἐπίσημον,
1548 1054 1611 1106 οὐ
1653 1068 1815 1122 περι-

226 1148 433 1212 φάνεια
465 1147 769 1219 προγόνων,
795 1147 931 1203 ἀλλὰ
955 1146 1136 1218 ψυχῆς
1161 1145 1334 1217 ἀρετὴ
1362 1148 1519 1200 ποεῖν
1544 1143 1734 1198 εἴωθε.

887 1226 1159 1330 Εὐριπῧδ.

308 1358 503 1430 ρύδὲν
522 1359 573 1429 ’ἠ
608 1359 881 1430 εὐγένεια
916 1360 1078 1430 πρὸς,
1099 1362 1173 1414 τὰ
1199 1359 1497 1430 χρήματα.

307 1427 430 1485 Τὸν
462 1426 572 1499 γὰρ
605 1426 901 1484 κάᾶιιστον
931 1426 1330 1496 sacomam
1355 1428 1621 1497 πρώτους
1658 1426 1807 1498 ἄγει.

307 1498 489 1569 Ὅταῄ
513 1498 583 1552 δὲ
621 1500 841 1569 κρηπὶς
860 1499 948 1569 μὴ
984 1499 1334 1569 καταϐληθῇ
1358 1498 1573 1569 γέν-οὺς

317 1567 552 1649 ᾮρθῶς,
573 1567 829 1649 ,ἀνάγκῃ
856 1567 1186 1649 δυστυχεῖν
1218 1567 1374 1649 τοὺς
1386 1570 1700 1649 ῥειγόῖους.

304 1635 447 1701 eeo,
487 1638 652 1708 φαῦλ
680 1635 938 1706 παλαιὸς
987 1635 1157 1706 uiroc
1186 1642 1259 1694 οὐ
1290 1635 1488 1705 καλῶς
1523 1638 1669 1708 ἔχει,

307 1710 433 1763 Οὐκ
468 1707 545 1765 ἂν
588 1707 818 1777 γένοιτο
855 1710 1121 1778 χρηστὸς
1154 1710 1225 1763 ἐκ
1260 1709 1451 1763 κακοῦ
1491 1707 1738 1777 πατρός.

1545 340 1715 402 LOCI
1754 330 2194 401 COMMUNES.

1841 466 1891 524 Δ

3389 326 3493 395 994

2578 444 2840 520 Theoloyi.

1914 542 2077 599 Malae
2102 543 2263 611 {amre
2288 542 2518 612 pudeat;
2544 541 2743 612 humile
2764 556 2869 593 non
2894 548 2945 593 te
2975 556 3136 611 genus

1913 613 2142 693 acuent.
2163 611 2335 669 Genus
2365 621 2489 693 sunt
2518 612 2609 693 qui
2631 611 2757 664 olim
2778 620 3172 693 computruere.

1912 683 2073 738 Malis
2109 699 2273 753 genus
2298 680 2586 752 auspicari,
2625 680 3039 753 quamgsoluere;

1920 753 2006 808 Uti
2036 750 2202 806 bonus
2232 767 2364 817 esse,
2395 750 2557 821 quam
2585 750 2650 804 ex
2677 750 2825 804 bonis
2857 751 3113 820 originem
3144 750 3375 805 trahere.

1987 864 2143 934 Greg.
2200 862 2357 934 Nysa.
2400 891 2467 902 —
2503 862 2743 932 Superbi
2784 860 3051 915 nobilitas
3102 876 3167 916 ac
3218 862 3475 932 majestas

1916 955 2074 1025 operi
2106 954 2297 1026 ﬁglino
2325 969 2389 1009 ac
2415 954 2578 1009 lateri
2616 951 2795 1008 afﬁnis
2826 958 2933 1008 est.

1986 1047 2255 1120 Chrys.—
2275 1047 2396 1102 Non
2417 1047 2691 1118 majorum
2718 1044 3003 1111 nobilitas,
3042 1042 3140 1098 sed
3179 1043 3351 1098 animi
3380 1042 3497 1098 vir-

1915 1146 2025 1204 tus,
2052 1137 2409 1209 splendidum
2437 1151 2502 1192 ac
2533 1136 2781 1191 nobilem
2812 1135 3284 1204 liabetprazstare.

2577 1250 2827 1321 Euripid.

2326 1320 2365 1343 Α

1913 1365 2062 1437 Nihil
2091 1381 2244 1437 gener
2274 1382 2299 1419 ε
2330 1342 2582 1420 nooilitas
2607 1365 2678 1437 ad
2706 1367 2978 1436 pecunias.

1910 1435 2055 1513 1_Vam
2092 1433 2174 1490 uel
2203 1437 2490 1513 pessimum
2533 1433 2822 1513 apulentia_
2837 1438 2976 1513 inter
3001 1436 3204 1506 primos
3247 1433 3494 1513 collocat.

1913 1505 1981 1576 4t
2004 1508 2052 1560 si
2074 1506 2284 1576 generis
2318 1506 2466 1576 origo
2490 1505 2634 1559 recta
2659 1522 2764 1559 non
2794 1506 2975 1575 fuerit,

1913 1575 2162 1631 Posteros
2195 1576 2253 1630 in
2286 1575 2834 1630 cala’mitatemersari
2852 1592 3057 1630 necesse
3080 1588 3178 1631 est.

1912 1644 2033 1699 Non
2057 1655 2193 1699 recte
2217 1661 2273 1699 se
2295 1644 2449 1699 habet
2474 1654 2622 1699 vetus
2651 1646 2760 1699 hrec
2782 1648 3067 1710 sententia,

1914 1712 1999 1769 Ea:
2028 1713 2171 1769 malo
2197 1725 2351 1786 patre
2376 1732 2653 1785 nunquam
2679 1723 2926 1770 nascetur
2945 1716 3128 1773 bonus.

309 1837 607 1905 Θεοπόμπ.
641 1866 715 1876 —
752 1837 1014 1907 Εὐγενεῖς
1057 1832 1195 1892 εἶναι
1227 1835 1442 1909 νόμιζε,
1480 1835 1555 1907 μὴ
1589 1833 1716 1897 τοὺς
1744 1835 1810 1886 ὲκ

1988 1829 2325 1901 Theopompi.
2368 1858 2439 1869 —-
2474 1828 2703 1885 Nobiles
2737 1830 3056 1885 existimato
3085 1846 3150 1886 ac
3198 1830 3492 1903 ingenuos,

227 1926 343 1979 τῶν
378 1927 557 1980 καλῶν
601 1929 697 1981 καὶ
734 1927 954 1997 ἀγαθῶν
1006 1929 1408 1999 γεγενημένους
1432 1943 1447 1959 ο
1510 1925 1650 1981 ἀλλὰ
1682 1925 1811 1988 τοὺς

226 2016 382 2071 καλὰ
412 2017 510 2073 καὶ
548 2018 730 2087 ἀγαθὰ
762 2019 1258 2091 προαιρουμένους.

307 2195 635 2251 Θεσπίόου.
687 2226 757 2236 -
803 2196 929 2249 Ἐπὶ
986 2194 1267 2267 προγόνων
1313 2192 1568 2264 εὐγενείᾳ
1621 2191 1812 2263 μηδεὶς

224 2285 603 2358 ἐγκαυχάσθω
625 2303 639 2318 ·
692 2286 861 2357 πηλὸν
891 2286 1001 2358 γὰρ
1033 2285 1219 2357 έχουσι
1259 2285 1462 2349 πάντες
1490 2283 1586 2338 τοῦ
1619 2284 1813 2353 γένους

229 2379 582 2450 προπάτορα,
616 2379 711 2433 καὶ¹
742 2379 792 2432 oi
825 2379 884 2432 ἐν
909 2377 1173 2450 πορφύρα
1204 2379 1299 2432 καὶ
1325 2376 1513 2449 βύσσῳ
1541 2376 1815 2450 τρεφόμε-

224 2486 336 2538 νοι,
368 2470 464 2524 καὶ
487 2470 538 2525 ol
560 2471 620 2525 ἐν
653 2468 816 2541 πενίᾳ
842 2468 1068 2541 ἀϐύσσῳ
1096 2470 1499 2542 δαπανώμενοι.

856 2582 1177 2651 Σκληρίου.

338 2693 621 2765 Πολλοῖς,
649 2692 895 2765 θνητῶν
920 2696 960 2764 ἢ
982 2695 1099 2765 μὲν
1121 2695 1264 2763 ὄψις
1294 2696 1552 2765 εὐγενής
1576 2713 1590 2728 ο

349 2764 417 2819 '0
453 2764 600 2832 νοῦς
634 2763 687 2818 δ’
712 2763 784 2820 ἐν
816 2763 1309 2835 αὺτιῖδυσγενὴς
1337 2763 1702 2835 εὑρίσκεται.

304 2878 675 2951 Σώστρατος.
709 2908 781 2920 —
810 2878 1130 2952 Σώστρατος
1162 2882 1191 2933 ὁ
1219 2879 1461 2951 αὐλητὴς
1485 2880 1813 2951 ὀνειδιζόμε-

230 2986 323 3034 νος
355 2970 460 3024 ὑπό
486 2987 632 3035 τινος
662 2971 757 3042 ἐπὶ
800 2969 875 3042 τῷ
926 2969 1130 3040 γονέων
1157 2971 1386 3041 ἀσήμων
1416 2967 1579 3037 εἶναι,
1618 2966 1740 3026 εἶπε
1792 2987 1808 3003 ο

1917 1935 2031 1975 non
2069 1921 2166 1990 qui
2237 1934 2306 1974 ex
2365 1919 2620 1974 honestis
2655 1919 2965 1989 probisque
3012 1920 3339 1991 parentibus
3383 1917 3496 1975 orti

1917 2020 2070 2079 sunt,
2095 2010 2192 2068 sed
2223 2011 2320 2082 qui
2357 2011 2624 2067 honestos
2651 2010 2973 2081 probosque
3006 2025 3190 2066 mores
3224 2010 3493 2081 proﬁten-

1920 2113 2033 2159 tur.

1988 2194 2281 2265 Thespidis.
2337 2194 2694 2266 -Majorum
2718 2195 3010 2252 nobilitate
3057 2179 3223 2252 nemo
3267 2194 3495 2266 gloriari

1915 2286 2104 2343 debet.
2143 2285 2374 2343 Cunctis
2406 2288 2557 2343 enim
2585 2289 2806 2359 generis
2833 2289 2991 2359 origo
3024 2289 3205 2345 lutum
3230 2297 3336 2356 est,
3376 2297 3494 2344 tum

1916 2378 2010 2445 iis,
2044 2379 2140 2449 qui
2170 2379 2226 2433 in
2250 2394 2500 2449 purpura
2520 2387 2577 2434 et
2603 2380 2769 2451 b'ysso
2812 2381 3162 2447 nutriuntur,
3181 2380 3349 2452 676
3375 2389 3496 2436 tum

1915 2471 2011 2541 qui
2043 2470 2101 2524 in
2126 2469 2394 2526 altissima
2433 2479 2763 2540 paupertate
2792 2471 3106 2527 tabcscunt.
3182 2527 3187 2531 .

2590 2581 2827 2638 Sclerite.

1919 2694 2097 2764 Multis
2120 2693 2432 2750 mortalium
2465 2696 2697 2764 ingenua
2729 2695 2928 2764 facies;

1915 2763 2020 2820 Sub
2051 2782 2115 2819 ea
2142 2782 2264 2820 vero
2296 2782 2441 2819 mens
2468 2763 2747 2820 illiberalis
2783 2767 3065 2838 obtegitur.

1987 2877 2283 2934 Sostratus.
2307 2910 2376 2921 -—
2413 2877 2699 2934 Sostratus
2725 2878 2947 2945 tibicen,
2973 2895 3099 2935 cum
3134 2880 3357 2951 quidam
3387 2883 3491 2939 ob-

1908 2971 2165 3043 jectaret,
2216 2971 2365 3042 quod
2416 2986 2482 3027 ex
2512 2970 2768 3026 obscuris
2816 2972 3141 3042 parentibus
3187 2984 3493 3046 prognatus

232 3064 348 3116 Καὶ
386 3062 461 3134 μὴ
486 3062 573 3117 διὰ
600 3062 764 3117 τοῦτο
790 3063 991 3135 μᾶλλον
1022 3062 1253 3132 ὤφειλον
1280 3062 1684 3135 θαυμάζεσθαι,
1724 3064 1808 3118 ὅτι

1935 3072 2063 3119 asset
2091 3082 2102 3117 :
2128 3063 2320 3134 Atqui,
2351 3063 2554 3133 inquit,
2581 3064 2654 3119 ob
2680 3064 2734 3119 id
2773 3064 2954 3134 ipsum
2984 3062 3153 3121 debui
3184 3067 3356 3138 magis
3377 3067 3493 3122 lau-

230 3157 333 3211 ἀπ’
365 3154 503 3224 ἐμοῦ
535 3154 693 3224 γένος
718 3156 968 3227 ἄρχεται.

1935 3153 2057 3221 lari,
2093 3154 2242 3225 quod
2277 3170 2309 3207 a
2347 3168 2435 3208 me
2460 3168 2635 3225 genus
2668 3153 2890 3208 initium
2923 3154 3165 3210 duxerit.

309 3247 670 3316 Φαλάριδος.
696 3277 767 3288 -
790 3247 1161 3320 Σεμνύνεσθαι
1188 3248 1288 3318 μὲν
1316 3246 1506 3320 ὥσπερ
1534 3247 1678 3319 ἄλλῳ
1704 3245 1810 3301 τινὶ

1985 3244 2721 3303 Phalaridia.—Nobilitate
2755 3245 2980 3317 generis
3019 3246 3492 3316 quemadmodum

238 3338 357 3393 τῶν
395 3338 578 3394 καλῶν
601 3339 689 3393 ἐπ’
722 3338 994 3411 εὐγενείᾳ,
1034 3340 1137 3393 οὐκ
1180 3339 1412 3402 ἀπεικός
1456 3341 1626 3394 ἐστιν.
1672 3338 1810 3408 Ἐγὼ

1935 3337 2098 3408 ιιίίιιιε
2126 3352 2186 3393 re
2216 3337 2327 3392 alia
2353 3337 2587 3394 honesta
2608 3336 2856 3409 gloriari,
2890 3352 3003 3393 non
3034 3337 3360 3396 indecorum
3384 3350 3492 3398 est.

233 3429 292 3485 δὲ
329 3429 458 3501 μίαν
488 3430 691 3503 ἀρετὴν
716 3425 858 3496 οῖδα,
904 3430 976 3484 τὰ
999 3430 1044 3484 δ’
1088 3430 1225 3484 ἄλλα
1269 3430 1448 3485 πάντα
1477 3429 1669 3502 τύχην.
1703 3430 1810 3483 Καὶ

1935 3428 1997 3484 ld
2035 3443 2123 3484 me
2155 3429 2304 3499 quod
2339 3430 2559 3496 attinet,
2586 3444 2753 3484 unam
2772 3429 3037 3486 virtutem
3082 3430 3248 3498 novi;
3279 3433 3494 3504 reliqua

235 3520 438 3590 γένοιτ’
466 3520 554 3586 ἂν,
584 3523 613 3574 ὁ
636 3521 737 3591 μὲν
765 3522 833 3577 ἐκ
876 3520 1096 3591 φαύλων
1140 3521 1364 3591 ἀγαθὸς,
1410 3521 1513 3575 καὶ·
1544 3520 1810 3592 βασιλέων

1935 3518 2098 3574 >mnia
2116 3516 2418 3574 fortunam.
2448 3519 2522 3574 Et
2540 3519 2661 3574 ﬁeri
2692 3527 2896 3590 potest,
2924 3527 2986 3574 ut
3008 3519 3105 3591 qui
3133 3535 3202 3576 ex
3225 3521 3496 3592 improbis

236 3613 337 3667 καὶ
370 3612 588 3669 πάντων
616 3611 1007 3682 εὐγενέστατος
1032 3631 1049 3648 ο
1096 3615 1125 3667 ὁ
1158 3613 1217 3668 δέ
1246 3613 1306 3681 ἐξ
1335 3612 1559 3682 ἀγαθῶν
1590 3612 1810 3682 φαῦλος,

1935 3618 2023 3674 :st,
2046 3608 2165 3679 ipse
2198 3610 2408 3680 probus
2428 3609 2681 3675 exsistat,
2706 3626 3010 3682 regumque
3030 3619 3088 3666 et
3110 3613 3360 3669 omnium
3389 3629 3462 3668 no
3476 3640 3501 3650 -

236 3704 402 3768 αὐτὸς
436 3702 603 3758 αὐτοῦ
636 3705 732 3760 καὶ
760 3705 874 3760 τῶν
916 3706 1321 3763 ταπεινοτάτων
1365 3705 1810 3776 δυσγενέστατος.

1935 3701 2224 3758 )ilissimus
2254 3700 2502 3772 fulgeat;
2533 3701 2630 3771 qui
2656 3708 2843 3756 autem
2864 3702 3056 3773 probis
3091 3713 3259 3759 natus
3285 3718 3493 3773 paren-

240 3795 405 3849 Ὥστε
428 3794 610 3867 ψυχῆς
635 3797 858 3852 ἔπαινον
882 3796 1062 3870 αὔχει,
1086 3796 1163 3872 μὴ
1181 3797 1465 3872 προγόνων
1480 3796 1810 3870 ’τεθνηκυῖαν

1935 3793 2069 3849 .ibus
2126 3799 2232 3859 est,
2280 3791 2571 3864 improbus
2630 3792 2853 3860 audiat,
2912 3793 3143 3865 ipseque
3195 3795 3376 3865 seipso
3428 3810 3497 3850 ac

236 3887 322 3951 είς
351 3885 700 3960 ἀδοξοτέρους
721 3887 1028 3958 εὐγένειαν.

318 4154 383 4209 Ὅ
421 4155 480 4223 ἐξ
513 4155 716 4230 ἀρετῆς
759 4158 1061 4230 γεννηθεὶς,
1095 4160 1301 4223 ἐκεῖνος
1348 4157 1578 4229 εὐγενὴς
1616 4158 1801 4214 εἰκονί.

378 4268 416 4305 ι.
1570 4274 1575 4277 ’

273 4268 416 4305 εται.
1570 4274 1575 4277 -

238 4250 271 4317 ζ
312 4344 576 4412 Δημοσθ.
603 4370 675 4383 —-
702 4339 841 4395 Οὔτε
872 4343 1019 4397 σῖτον
1045 4343 1271 4414 ἄριστον
1303 4342 1369 4397 ἐκ
1391 4342 1486 4396 τοῦ
1526 4342 1814 4398 καλλίστου

238 4434 427 4489 πεδίου
462 4434 748 4506 κρίνομεν,
796 4433 937 4490 ἀλλὰ
981 4434 1072 4490 τὸν
1113 4433 1334 4490 εὔθετον
1384 4435 1524 4508 πρὸς
1567 4439 1814 4509 τροφήνο

237 4524 362 4580 οὔτε
392 4524 563 4598 ἄνδρα
592 4523 937 4597 σπουδαὶόνῆ
967 4525 1121 4595 φίλον
1144 4524 1356 4592 εὔνουν,
1385 4527 1478 4580 τὸν
1520 4528 1582 4593 ἐξ
1619 4530 1817 4597 ἐπιφα-

168 4662 171 4665 .
237 4615 365 4679 νοῦς
413 4615 546 4671 ὄντα
596 4615 813 4686 γένους,
845 4616 982 4672 ἀλλὰ
1020 4617 1114 4673 τὸν
1143 4618 1462 4691 ὑπάρχοντα
1511 4620 1590 4692 τῷ
1622 4620 1817 4692 τρόπῳ

236 4709 543 4779 κρείττονα.

310 4819 438 4884 Τοῖς
457 4821 708 4891 εὐγενέσι
731 4824 824 4877 καὶ
849 4823 1036 4888 καλοῖς
1057 4823 1294 4895 μάλιστα
1318 4823 1661 4891 κατεπείγει,
1689 4825 1820 4878 κάλ-

235 4910 331 4976 λος
360 4912 463 4984 μὲν
495 4915 588 4967 ἐπὶ
616 4914 715 4984 τῆς
766 4915 964 4986 δψεως,
992 4915 1351 4988 σωφροσύνην
1383 4915 1440 4968 δὲ
1471 4916 1566 4969 ἐπὶ
1592 4916 1819 4986 τῆςψυ-

235 5004 365 5076 χῆς,
400 5005 655 5075 ἀνδρείαν
685 5007 746 5061 δὲ
794 5010 882 5061 ἐπ’
912 5010 1243 5081 ἀμφοτέρων
1273 5007 1482 5063 τούτων
1501 5023 1517 5039 ⁸
1554 5008 1715 5080 χάριν
1760 5009 1817 5062 δέ

234 5098 333 5151 ἐπὶ
359 5096 468 5153 τῶν
486 5098 661 5167 λόγων
687 5100 949 5154 διατελεῖν
973 5101 1179 5172 ἔχουσι.

309 5187 611 5257 Διογένης.
649 5220 722 5230 —
754 5190 1171 5261 Πυνθανομένου
1198 5192 1376 5258 τινὸς,
1406 5192 1566 5257 Τίνες
1591 5192 1699 5249 τῶν
1724 5195 1817 5249 ἁν-

235 5279 476 5353 Βρώπων
525 5281 953 5351 εὐγενέστατοι;
1013 5285 1077 5338 Ol
1125 5283 1615 5356 καταφρονοῦντες,
1674 5282 1814 5354 εἷπε,

235 5369 499 5435 πλούτου,
552 5370 733 5444 δόξης,
786 5372 1002 5444 ἡδονῆς,
1058 5373 1241 5443 ζωῆς·
1300 5372 1407 5427 τῶν
1451 5374 1509 5429 δὲ
1559 5375 1819 5431 ἐναντίων

241 5459 499 5532 inrepde
527 5459 701 5529 ὄντες,
731 5464 945 5529 πενίας,
977 5463 1213 5531 ἀδοξίας,
1240 5464 1428 5534 πόνου,
1453 5465 1709 5520 θανάτου.

308 5735 543 5806 Ζήνων.
590 5765 665 5779 --
720 5737 762 5792 0
796 5736 960 5801 αὐτὸς
1004 5736 1135 5809 ἔφη,
1192 5739 1268 5812 μὴ
1315 5740 1426 5794 δεῖν
1456 5739 1639 5811 ζητεῖν
1686 5720 1816 5805 τοὶς

1917 3884 2132 3939 cunctis
2158 3882 2546 3955 abjectissimis
2576 3879 2876 3954 ignobilior
2906 3884 3151 3940 sordeat.
3182 3884 3496 3953 Quarelau-

1918 3975 2044 4032 dem
2095 3975 2266 4031 animi
2315 3974 2553 4045 gloriose
2581 3973 2752 4044 jacta,
2799 3990 2913 4031 non
2954 3974 3014 4030 in
3065 3975 3492 4033 obscurioribus

1916 4068 2158 4139 posteris
2180 4068 2513 4123 exstinctam
2540 4069 2819 4140 majorum
2849 4067 3223 4125 nobilitatem.
3482 4127 3498 4138 ,

1988 4161 2093 4228 Qui
2127 4161 2425 4245 ex'virtute
2483 4169 2651 4216 natus
2693 4168 2797 4225 est,
2833 4160 2880 4215 is
2939 4174 3242 4231 generosus
3281 4158 3495 4232 cﬂingi-

1921 4260 2031 4308 tur.

1989 4341 2656 4413 Demosth—Optimum
2710 4341 2955 4397 triticum
2997 4356 3109 4396 non
3163 4357 3231 4397 ex
3284 4344 3497 4413 optimo

1921 4450 2052 4507 agro
2093 4435 2460 4498 aestimamus,
2490 4433 2587 4489 sed
2619 4448 2688 4489 ex
2712 4446 2781 4488 eo
2811 4431 2960 4502 quod
2988 4432 3174 4487 cibum
3223 4434 3497 4503 optimum

1845 4510 1893 4567 Ῑ)
1919 4526 2167 4597 praebeat
2201 4543 2215 4580 :
2252 4540 2358 4581 nec
2393 4524 2580 4580 virum
2605 4524 2813 4579 bonum
2841 4532 2940 4578 aut
2979 4523 3221 4603 amicum
3248 4523 3497 4580 benevo-

1917 4618 2057 4684 lum,
2077 4616 2174 4688 qui
2203 4631 2273 4673 ex
2338 4615 2545 4672 illustri
2577 4623 2883 4686 prognatus
2917 4630 3118 4687 genere
3142 4615 3235 4683 sit,
3266 4616 3362 4673 sed
3396 4619 3497 4687 qui

1918 4710 2144 4783 optimis
2172 4709 2425 4766 moribus
2453 4704 2577 4781 ipse'
2600 4710 2799 4764 niteat.

1986 4819 2249 4893 lng’enuis
2284 4821 2583 4892 probisque
2604 4822 2843 4877 maxime
2873 4821 3170 4889 incumbit,
3194 4823 3337 4878 utin
3356 4822 3497 4881 facie

1918 4914 2199 4981 decorem,
2227 4914 2287 4969 in
2310 4915 2498 4970 animo
2532 4913 2893 4971 sobrietatem
2929 4924 2988 4971 et
3035 4914 3412 4986 prudentiam,
3438 4917 3498 4974 in

1917 5006 2190 5062 ambobus
2249 5005 2662 5074 fortitudinem,
2716 5007 2774 5062 in
2816 5022 3075 5064 sermone
3122 5009 3355 5080 gratiam
3398 5008 3499 5063 ha-

1917 5097 2107 5153 beant.

1985 5189 2265 5259 Diogenes.
2294 5221 2313 5233 -
2356 5189 2650 5262 Diogenes,
2681 5190 2922 5261 quodam
2943 5206 3011 5246 ex
3036 5190 3135 5245 illo
3157 5190 3495 5260 sciscitante,

1916 5278 2151 5348 Quinam
2206 5281 2496 5337 hominum
2563 5283 2900 5339 nobilissimi
2942 5290 3131 5339 essent
3171 5299 3497 5355 summeque

1918 5373 2193 5445 ingenui:
2231 5373 2296 5438 li,
2338 5375 2540 5445 inquit,
2593 5375 2690 5445 qui
2723 5375 2966 5440 divitias,
3011 5376 3279 5447 gloriam,
3333 5377 3498 5432 volu-

1917 5474 2149 5538 ptatem,
2185 5467 2355 5523 vitam
2382 5475 2787 5534 contemnunt;
2837 5476 3006 5539 atque
3038 5469 3127 5525 his
3172 5470 3494 5536 contrariis,

1917 5568 2265 5630 paupertate,
2290 5567 2649 5632 contemptu,
2680 5561 2895 5627 labore,
2944 5570 3127 5617 morte
3177 5560 3497 5633 superiores

1920 5649 2215 5707 exsistunt.

1993 5737 2320 5797 lenam—is
2355 5740 2579 5798 dicebat
2607 5759 2620 5797 :
2660 5740 3031 5809 Quaerendum
3058 5759 3171 5801 non
3192 5758 3338 5811 esse,
3357 5741 3497 5799 sint-
