3998 6382
247 322 358 389 9-37

958 437 1128 488 680.1,.

310 531 515 594 Γέλως
546 529 805 598 γέλωτος
829 521 902 598 εὖ
940 526 1274 598 φρονοῦσιν
1297 524 1471 598 ᾷξιος
1492 567 1507 590 ,

315 593 595 654 Μάλιστα
625 597 742 666 μὲν
769 596 888 662 πᾶς
913 593 1024 657 ,τό
1059 595 1258 666 πλέον,
1285 594 1337 666 δ’
1357 597 1405 666 Ad
1439 593 1743 662 πορνικός.

313 668 520 734 Γέλως
552 663 827 733 ἄτακτος,
851 666 1138 735 συλλέγει
1169 664 1267 719 καί
1294 663 1576 732 δάκρυον.

315 801 560 865 Γέλωτος
594 800 765 871 θυμὸς
811 799 1037 871 ἔμφρων
1095 798 1538 871 προτιμὼτερος⁹
1576 797 1827 868 «fame?

236 893 356 965 γὰρ
383 892 625 947 διαθέσει
652 891 972 962 προσώπου,
1015 889 1380 962 κατορθοῦται
1415 888 1583 959 ψυχή.

309 987 383 1039 Δί
422 985 522 1055 μὲν
553 983 734 1038 τοίνυν
772 985 884 1037 τῶν
936 982 1117 1052 σοφῶν
1148 982 1320 1053 ψυχαὶ
1369 980 1824 1051 σκυθρωπάζουσι

237 1079 338 1130 καὶ
378 1078 795 1131 συστέλλονται·
829 1076 888 1129 αἰ
929 1075 987 1128 δὲ
1026 1075 1135 1130 τῶν
1165 1074 1416 1145 ἀφρόνων
1460 1072 1823 1144 ἐπαιρόμεναι

235 1169 567 1241 διαχέονται.

306 1265 625 1331 Χρυσοστ.
651 1290 721 1302 -
746 1262 810 1315 Εἰ
838 1260 1015 1333 βούλει
1039 1257 1208 1324 δεῖξαι
1240 1256 1427 1326 σαφῶς
1454 1258 1608 1327 ἡμῖν,
1640 1255 1721 1309 ὄτι
1759 1255 1821 1309 ού

237 1355 455 1427 χαίρεις
488 1354 689 1425 αἰσχρὰ
738 1354 1130 1424 φθεγγόμενος,
1178 1352 1311 1423 μηδὲ
1345 1349 1565 1405 ἀκούειν
1601 1348 1818 1417 ἀνέχου.

236 1446 356 1502 Νῦν
385 1445 443 1499 δὲ
490 1445 624 1498 πότε
673 1445 881 1518 δυνήσῃ
922 1446 1051 1507 τοὺς
1111 1444 1248 1516 ὑπὲρ
1314 1445 1414 1513 τῆς
1465 1440 1822 1513 σωφροσύνης

241 1537 479 1609 ἱδρῶτας
519 1538 788 1605 ἐνεγκεῖν,
819 1534 961 1590 κατὰ
1017 1537 1215 1607 μικρὸν
1264 1532 1550 1606 ὑπορρέων
1589 1534 1693 1588 ὑπὸ
1725 1532 1821 1587 τοῦ

239 1629 503 1699 γέλωτος,
565 1629 662 1684 καὶ
709 1629 818 1683 τῶν
866 1627 1108 1699 αἰσχρῶν
1136 1627 1340 1682 τούτων
1377 1628 1673 1699 ρημάτων;
1725 1628 1821 1681 καὶ

238 1719 549 1790 ἀγαπητὸν,
608 1720 866 1775 ἁπάντων
912 1720 1120 1774 τούτων
1170 1718 1592 1789 καθαρεύουσαν
1639 1718 1819 1791 ψυχὴν

236 1811 537 1881 δυνηθῆναι
565 1809 821 1878 γενέσθαι
845 1811 1049 1882 σεμνὴν
1072 1809 1169 1864 καὶ
1201 1809 1476 1880 σώφρονα.

308 1903 387 1957 Οὐ
427 1902 508 1955 δεῖ
555 1901 899 1972 φιλογέλωτα
954 1897 1117 1955 εἰναι.
1159 1900 1352 1971 Σχεδὸν
1403 1898 1511 1970 γὰρ
1559 1900 1687 1954 ὅταν
1736 1916 1820 1963 τις

236 1993 568 2064 ἔφηδυνθείη
597 1991 676 2065 τῷ
711 1991 894 2063 πολλῷ
919 1991 1160 2064 Πέλοπι,
1208 1989 1435 2063 ἰσχυρὰν
1459 1989 1554 2044 καί⁵
1584 1988 1818 2060 μεταδο-

240 2084 344 2156 λὴν
371 2083 465 2138 τὸν
499 2083 763 2140 τοιοῦτον.

322 2267 429 2320 Ἐκ
476 2262 596 2319 τῶν
633 2263 1012 2331 Ἐπικτήτου.
1043 2291 1110 2304 —
1149 2260 1234 2316 Τὰ
1274 2258 1446 2314 πολλὰ
1469 2256 1613 2312 δὲτὸ
1656 2254 1822 2327 γελᾷν

236 2355 466 2412 ἀπέστω
519 2355 615 2409 καὶ
658 2355 721 2409 τὸ
767 2355 979 2424 γέλωτα
1029 2355 1222 2408 κινεῖν.
1265 2349 1581 2423 Ὀλισθηρὺς
1649 2347 1759 2421 γὰρ
1794 2348 1824 2400 ό

236 2447 405 2510 τόπος
448 2448 530 2510 εἰς
567 2445 902 2517 ἰδιωτισμόν.

325 2536 390 2592 ὀ
411 2536 584 2607 γέλως
634 2537 708 2608 μὴ
738 2536 907 2601 πολὺς
946 2536 1108 2598 ἔστω,
1140 2533 1277 2606 μηδὲ
1306 2532 1405 2587 ὲπί
1432 2530 1669 2593 πολλοῖς.
1700 2525 1823 2582 Δεί-

240 2646 402 2693 πνοις
428 2632 549 2693 τοῖς
578 2628 685 2694 ἔξω
714 2630 809 2683 καὶ
838 2629 1131 2692 ἰδιωτικοῖς
1158 2628 1220 2681 τὸ
1254 2626 1387 2681 πολὺ
1414 2622 1682 2689 ἀπόταξαι
1706 2639 1723 2657 ο
1758 2620 1826 2675 ἂν

243 2721 305 2776 δὲ
365 2722 605 2792 γένηται
642 2721 870 2793 καιρὸς,
922 2721 1221 2791 φυλάσσου.
1259 2718 1399 2772 Ἰσθι
1456 2718 1567 2789 γὰρ
1619 2717 1703 2770 ὅτι
1758 2714 1825 2768 ἂν

239 2814 430 2885 ἔτερος
451 2808 487 2892 ᾖ
512 2811 943 2884 μεμολυσμένος,
970 2812 1066 2865 καὶ
1092 2810 1184 2865 τὸν
1220 2809 1408 2881 ἕτερον
1443 2804 1827 2879 ἐμπλησθῆναι

241 2906 484 2976 ἀνάγκη.

327 2983 616 3066 Ἰσοκράτῖ
644 3024 717 3038 -
746 2993 840 3067 Μὴ
894 2994 1047 3068 παρὰ
1099 2994 1286 3064 γέλοια
1335 2991 1641 3058 σπούδαζε,
1688 2989 1828 3061 μηδὲ

240 3088 397 3161 παρὰ
428 3088 499 3143 τὰ
530 3089 795 3169 σπουδαῖα
820 3090 933 3152 τοῖς
953 3077 1183 3156 γελοίοις
1218 3086 1398 3157 χαῖρε.
1432 3083 1505 3137 Τὸ
1535 3083 1644 3153 γὰρ
1666 3081 1827 3136 ἄκαι-

245 3196 360 3252 ρον,
392 3178 669 3250 πανταχοῦ
695 3178 961 3250 λυπηρόν.

313 3270 692 3339 Μοσχίωνος.
731 3299 804 3311 --
839 3268 1010 3340 Γελᾷν
1037 3270 1067 3322 6
1093 3267 1262 3322 θέλων
1313 3266 1452 3340 μετᾶ
1514 3266 1823 3340 μειρακίου,

242 3360 478 3431 αἰσχρὰς
504 3357 693 3432 ὕϐρεις
712 3358 967 3431 κερδήσει
1017 3358 1110 3411 καὶ
1140 3358 1369 3429 μέμψιν.

314 3451 618 3517 Κάτωνος.
644 3479 717 3494 ——
739 3452 802 3505 Οἰ
829 3448 1225 3514 σπουδάζοντες
1256 3450 1315 3503 ὲν
1344 3449 1458 3511 τοῖς
1486 3446 1736 3517 γελοίοις,
1768 3446 1827 3500 ὲν

242 3544 357 3607 τοῖς
385 3540 694 3605 σπουδαίοις
722 3540 960 3611 γίνονται
994 3540 1414 3609 καταγέλαστοι.

319 3635 667 3703 Στρατόνικ.
703 3661 774 3673 -
798 3631 1155 3704 Στρατόνικος
1197 3632 1227 3685 6
1263 3630 1590 3702 κιθαριστὴς
1630 3628 1828 3711 θεασά-

248 3724 412 3795 μενός
464 3739 588 3777 τινα
620 3722 812 3794 ἀφυῶς
846 3722 1135 3790 τοξεύοντα
1157 3762 1175 3790 ,
1227 3720 1479 3776 ἀπελθὼν
1514 3721 1644 3791 ἔστη
1675 3718 1829 3792 παρὰ

244 3816 340 3869 τὸν
355 3816 576 3870 σκοπόν.
595 3815 1010 3887 Πυνθανομένου
1032 3814 1089 3869 δέ
1102 3831 1249 3880 τινος
1271 3815 1374 3886 τὴν
1392 3813 1592 3883 αἰτίαν,
1612 3812 1824 3881 Ὅπως,

247 3906 377 3985 ira,
403 3906 480 3979 μὴ
504 3906 719 3978 πληγῶ·

815 4039 1038 4095 ΛΟΓΟΣ
1062 4038 1161 4094 ΞΕ⁹
1190 4039 1256 4095 ⁸⁸.

773 4147 917 4219 Περί
972 4147 1296 4203 ἐνυπνίων.

316 4282 506 4343 Rara.
569 4278 670 4340 κζ’.
710 4311 779 4323 --
810 4280 995 4352 Μηδὲν
1029 4279 1113 4333 σοὶ
1137 4280 1232 4334 καί
1262 4270 1344 4350 τῷ
1375 4279 1570 4352 δικαίῳ
1601 4280 1824 4353 ἐκείνῳ⁹
1898 4273 1909 4280 ’

245 4369 423 4424 πολλὰ
475 4368 585 4440 γὰρ
612 4369 813 4425 ἔπαθον
843 4371 1082 4441 σήμερον
1107 4368 1227 4424 κατ’
1257 4368 1391 4442 ὄναρ
1428 4369 1498 4423 δι’
1531 4371 1714 4425 αὐτόν.

1553 318 1724 381 LOCI
1763 317 2199 380 COMMUNES.

3404 328 3511 392 eos

2602 437 2866 509 Tlieologi.

2006 524 2158 579 Risus
2184 524 2312 579 bene
2334 526 2481 580 sanis
2514 527 2647 579 risui
2675 528 2930 593 habetur;

2004 593 2156 647 Risus
2185 596 2396 664 quidem
2434 598 2625 655 omnis,
2658 598 2887 649 maxime
2909 600 3253 655 meretricius.

2002 664 2156 718 Risus
2182 666 2514 731 immodicus,
2536 667 2701 719 etiam
2727 669 2909 737 ﬂetum
2939 671 3100 737 parit.

2003 800 2087 855 lra
2112 799 2359 870 prudens
2398 801 2516 855 risu
2571 801 2797 870 potior;
2847 808 3071 857 austera
3120 802 3269 857 enim
3318 804 3505 859 vultus

1933 892 2340 961 compositione
2365 892 2584 948 animus
2610 894 2714 948 rite
2742 894 3115 963 componitur.

2004 982 2355 1052 Sapientium
2383 984 2581 1039 animm
2614 993 2827 1040 maesta:
2852 984 3120 1039 incedunt
3146 1000 3215 1039 ac
3239 984 3509 1039 modestia

1930 1081 2397 1142 componuntur;
2481 1075 2779 1129 stultorum
2840 1090 2975 1130 vero
3030 1091 3151 1131 sese
3216 1076 3515 1131 cﬂcrentcs

1930 1158 2214 1213 dﬂﬂuunL

2000 1249 2188 1322 Chrys.
2214 1282 2276 1293 —
2304 1250 2361 1306 Si
2392 1252 2539 1307 clare
2573 1254 2735 1309 nobis
2759 1256 2995 1324 probare
3020 1257 3124 1321 vis,
3170 1266 3223 1311 te
3253 1272 3362 1310 non
3411 1254 3512 1311 de-

1927 1342 2120 1397 lectari
2139 1343 2308 1414 678
2330 1343 2675 1401 obscenitate
2708 1346 3029 1411 verborum,
3059 1363 3127 1401 ne
3162 1347 3354 1401 audire
3384 1346 3512 1416 qui-

1929 1433 2055 1489 dem
2084 1435 2385 1489 sustineas.
2416 1434 2576 1490 Nunc
2606 1451 2740 1491 vero
2767 1437 2989 1507 quando
3028 1439 3250 1492 labores
3275 1439 3509 1491 castita-

1930 1526 2002 1581 tis
2026 1542 2195 1582 causa
2247 1526 2605 1582 desudandos
2650 1528 2803 1583 ferre
2853 1530 3086 1599 poteris,
3126 1529 3220 1599 qui
3270 1529 3508 1583 subinde

1928 1618 2047 1672 risu
2079 1618 2379 1688 verbisque
2408 1619 2753 1690 eiusccmodi
2794 1619 3052 1675 obscenis
3074 1620 3324 1674 diiﬂuas?
3356 1620 3504 1673 Bene

1926 1725 2171 1779 namque
2227 1718 2423 1781 agatur
2453 1710 2828 1782 magnumque
2859 1712 2955 1776 sit,
2984 1720 3047 1765 ut
3099 1712 3188 1766 his
3245 1712 3507 1767 omnibus

1850 1800 1895 1858 B
1924 1801 2170 1856 mundus
2194 1802 2437 1867 animus,
2464 1803 2739 1858 honestus
2763 1818 2829 1858 ac
2857 1813 3045 1858 castus
3077 1802 3216 1858 efﬁci
3250 1803 3444 1873 possit.

1993 1893 2318 1949 Cavendum
2345 1910 2415 1949 ne
2446 1895 2599 1951 risus
2626 1903 2878 1951 amantes
2904 1896 3110 1965 illoque
3135 1895 3510 1966 indulgentio-

1927 2000 2019 2040 res
2048 1985 2245 2040 simus.
2279 1985 2372 2040 Sic
2408 1985 2557 2040 enim
2586 1986 2703 2040 fere
2745 1994 3144 2056 comparatum,
3196 1994 3258 2040 ut
3286 1987 3382 2056 qui
3414 2002 3511 2053 ve.-

1922 2075 2265 2131 hementiori
2297 2077 2412 2130 risu
2458 2075 2797 2143 delectatur,
2844 2076 3253 2132 vehementiori
3289 2091 3509 2147 quoque
3608 2086 3617 2095 ’

1922 2168 2200 2225 obnoxius
2235 2168 2531 2224 mutationi
2557 2168 2849 2225 reddatur.

1993 2261 2079 2315 Ea:
2103 2261 2331 2333 Epictet.
2360 2261 3066 2331 sententiis.-—Plerumque
3094 2260 3328 2318 facessat
3344 2262 3509 2326 risus,

1923 2364 2028 2403 nec
2054 2348 2215 2404 facile
2244 2349 2420 2404 risum
2451 2363 2676 2403 movere
2721 2349 2882 2405 velis.
2936 2349 3036 2403 Est
3084 2349 3514 2405 enimlubricus

1923 2440 2107 2505 locus,
2140 2449 2203 2494 ut
2229 2440 2299 2495 ad
2326 2441 2585 2511 vulgares
2616 2440 2858 2509 ineptias
2880 2440 3102 2494 animus
3132 2448 3403 2495 vertatur.

1995 2532 2133 2586 Risu
2156 2531 2470 2601 profusiore
2494 2546 2565 2586 ne
2596 2531 2793 2596 utitor,
2819 2546 2924 2586 nec
2950 2532 3269 2602 promiscuo
3299 2548 3364 2587 ac
3385 2547 3511 2587 cum

1926 2623 2076 2693 vulgi
2138 2621 2484 2679 hominibus.
2536 2622 2739 2679 Cumas
2792 2633 3087 2679 extraneas
3121 2639 3189 2678 ac
3252 2625 3514 2695 vulgares

1926 2714 2043 2770 fere
2078 2729 2322 2785 respue;
2354 2715 2453 2771 sin
2490 2724 2674 2771 tamen
2730 2716 2800 2771 iis
2840 2716 3115 2772 interesse
3141 2716 3360 2772 occasio
3391 2716 3524 2773 fue-

1928 2805 2025 2870 rit,
2063 2804 2183 2875 ipsc
2235 2815 2434 2861 cautus
2478 2814 2623 2862 esto.
2679 2805 2831 2862 Scito
2853 2807 3026 2873 enim,
3066 2807 3236 2877 quod
3290 2807 3337 2862 si
3371 2807 3516 2862 alter

1926 2894 2099 2951 fuerit
2123 2898 2393 2966 pollutus,
2412 2897 2652 2953 alterum
2672 2913 2897 2969 quoque
2919 2898 3141 2969 impleri
3158 2912 3388 2953 necesse
3404 2906 3511 2953 est.

2001 2985 2228 3041 Ιεοσι-αι.
2250 3017 2317 3028 -
2334 2986 2459 3042 Noli
2487 2988 2669 3043 serius
2697 3003 2820 3044 esse
2847 2988 2906 3043 in
2933 2988 3105 3044 rebus
3126 2987 3355 3058 iocosis,
3409 3002 3516 3042 nec

1932 3077 2083 3134 inter
2127 3079 2276 3134 seria
2336 3079 2595 3136 ridiculis
2639 3080 2841 3151 gaude.
2894 3079 3032 3136 Nam
3059 3079 3217 3151 quod
3242 3079 3516 3149 intempe-

1855 3142 1907 3206 ο
1934 3168 2140 3224 stivum
2169 3177 2278 3235 est,
2310 3170 2522 3241 ubique
2538 3142 2842 3227 molestum
2874 3181 2981 3228 est.

2000 3261 2332 3318 Marc/tionis.
2356 3294 2429 3304 —
2466 3261 2573 3331 Qui
2617 3279 2744 3321 cum
2777 3265 3133 3321 adolescente
3155 3265 3344 3321 ridere
3371 3266 3515 3333 vult,

1929 3361 2122 3424 turpes
2149 3356 2517 3413 contumelias
2542 3357 2997 3430 vituperiumque
3028 3357 3362 3416 lucrabitur.

1998 3444 2546 3503 (latonia—Aiebat
2599 3448 2735 3504 Cato
2772 3467 2785 3503 :
2828 3449 2930 3516 Qui
2988 3450 3047 3504 in
3095 3449 3350 3506 ridiculis
3381 3452 3515 3504 serii

1927 3535 2060 3601 sint,
2103 3536 2159 3590 in
2191 3537 2363 3593 rebus
2394 3540 2559 3594 seriis
2586 3540 2709 3596 ﬁeri
2738 3541 3023 3597 ridiculos.
3100 3546 3105 3555 ‘

1997 3624 2752 3685 Stratonic.—Stratonicus
2800 3630 3165 3697 citharmdus,
3216 3632 3340 3687 viso
3375 3647 3516 3701 quo-

1928 3715 2056 3773 dam
2079 3717 2336 3788 imperite
2360 3720 2667 3790 jaculante,
2728 3721 2798 3775 ad
2854 3702 3036 3792 ipsum
3085 3737 3316 3782 sconum
3349 3737 3529 3785 acce‘,

1928 3806 2090 3875 dens,
2147 3810 2327 3865 stetit.
2368 3810 2603 3869 Causam
2660 3813 2878 3884 roganti
2933 3813 3177 3881 cuidam,
3211 3814 3290 3870 Ne
3317 3813 3512 3881 feriar,

1931 3900 2027 3956 ait.

2505 4040 2733 4097 SERMO
2759 4040 2923 4098 LXV.

2547 4152 2626 4208 De
2644 4155 2887 4210 somniis.

1997 4283 2194 4340 Matth.
2218 4300 2388 4351 xxvn,
2418 4282 2581 4339 l9.—
2601 4284 2752 4342 Nihil
2781 4277 2906 4353 tibi,
2923 4294 2981 4341 et
3003 4285 3164 4343 iusto
3188 4286 3267 4342 illi
3293 4303 3306 4341 :
3331 4288 3510 4345 multa

1944 4376 2092 4434 enim
2121 4392 2282 4447 passa
2308 4391 2433 4431 sum
2455 4376 2625 4431 hodie
2650 4391 2751 4447 per
2782 4377 2964 4431 visum
2996 4386 3226 4447 propter
3256 4393 3406 4433 eum.

315 4462 505 4534 Πράε.
545 4463 615 4517 θ’.
664 4492 733 4504 -
762 4458 872 4517 Ἦν
918 4464 976 4517 δέ
1017 4480 1103 4529 τις
1145 4462 1396 4535 μαθητὴς
1429 4463 1487 4515 ὲν
1524 4462 1824 4534 Δαμασκῷ,

2005 4466 2123 4521 Act.
2149 4482 2226 4532 ix,
2258 4465 2347 4519 10.
2382 4495 2454 4505 —
2500 4466 2634 4520 Erat
2697 4473 2884 4520 autem
2931 4466 3156 4535 quidam
3205 4466 3520 4537 discipulus

243 4554 472 4625 ὀνόματι
520 4554 790 4620 Ἀνανίας,
825 4554 920 4610 καὶ
950 4550 1076 4610 εἷπε
1105 4555 1244 4627 πρὸς
1283 4553 1447 4608 αὐτὸν
1476 4555 1503 4607 6
1532 4555 1738 4625 Κύριος
1767 4557 1827 4611 ἐν

242 4646 488 4718 ὁράματι
511 4661 527 4678 ο
573 4644 813 4700 Ἀνανία.
862 4646 922 4698 Ὀ
959 4646 1017 4700 δὲ
1048 4641 1225 4700 εἶπεν·
1250 4644 1407 4714 ,Ἰδοὺ
1456 4643 1590 4714 ἐγὼ,
1627 4644 1822 4717 Κύριε.

254 4737 320 4792 '0
349 4739 408 4793 δὲ
449 4737 656 4808 Κύριος
682 4736 822 4809 πρὸς
862 4738 1046 4793 αὐτόν·
1092 4735 1356 4801 Ἀναστὰς
1383 4736 1682 4808 πορεύθητι
1733 4737 1827 4791 ἐπὶ

241 4831 347 4901 τὴν
379 4829 561 4902 ῥύμην
594 4828 694 4901 τὴν
719 4829 1064 4901 καλουμένην
1087 4828 1339 4894 Εὐθεῖαν,
1377 4830 1473 4881 καὶ
1500 4824 1737 4899 ζήτησον
1769 4830 1830 4881 ὲν

243 4922 395 4995 οἰκίᾳ
472 4920 666 4989 Ἰούδα,
732 4921 937 4975 Σαῦλον
976 4921 1206 4992 ὀνόματι
1253 4919 1495 4991 Ταρσέα.
1543 4919 1673 4972 Ἰδοὺ
1719 4919 1831 4990 γὰρ

120 5018 132 5028 ‘
245 5010 637 5083 προσεύχεται,
670 5011 767 5064 καὶ
804 5007 948 5065 εἶδεν
997 5011 1058 5065 ὲν
1097 5011 1337 5083 ὁράματι
1384 5010 1553 5081 ἄνδρα
1603 5009 1831 5078 ὀνόματι

259 5105 519 5158 Ἀνανίαν
546 5100 879 5170 εἰσελθόντα,
926 5101 1022 5157 καὶ
1048 5102 1307 5157 ιπιθέντα
1330 5100 1481 5173 αὐτῷ
1507 5102 1610 5166 τὰς
1639 5104 1827 5175 χεῖρας

244 5195 397 5257 ὅπως
430 5191 730 5264 ἀναϐλέψῃ.

317 5289 539 5355 Σολομ.
570 5284 683 5340 λό’.
712 5278 1083 5354 Παραγίνεται
1117 5284 1372 5342 ἐνύπνιον
1401 5285 1461 5341 ὲν
1486 5284 1683 5357 πλήθει
1704 5301 1828 5339 πει-

248 5374 494 5448 ρασμοῦ.
1206 5413 1210 5418 ,

318 5466 505 5536 Σιρὰχ
535 5458 720 5519 416'.—
739 5465 830 5530 Ὠς
854 5466 884 5519 6
913 5464 1278 5537 δρασσόμενος
1315 5468 1473 5533 σκιᾶς
1498 5467 1593 5524 καὶ
1618 5466 1830 5524 διώκων

246 5557 507 5630 ἀνέμους,
541 5555 714 5621 οὔτως
751 5557 780 5611 ὁ
813 5556 1100 5629 προσέχων
1139 5558 1436 5625 ἐνυπνίοις.

320 5737 368 5769 δ’
396 5734 457 5791 In
483 5734 649 5792 Gesn.
678 5735 833 5795 Stob.
865 5738 1007 5811 90.,

1937 4556 2214 4624 Damasci,
2242 4544 2468 4612 nomine
2490 4556 2763 4623 Ananias;
2798 4564 2856 4611 et
2877 4556 3018 4611 dixit
3048 4557 3128 4611 illi
3157 4558 3424 4614 Dominus
3456 4560 3515 4612 in

1933 4649 2060 4704 visu
2094 4664 2107 4701 :
2140 4647 2377 4703 Anania.
2413 4646 2484 4702 At
2519 4647 2610 4702 ille
2649 4648 2766 4702 ait:
2821 4648 2965 4703 Ecce
3005 4662 3129 4719 ego,
3169 4647 3421 4705 Domine.
3448 4651 3517 4705 Et

1936 4740 2206 4795 Dominus
2238 4739 2309 4809 ad
2345 4755 2473 4794 eum
2502 4757 2515 4793 :
2572 4738 2769 4810 Surge,
2801 4749 2859 4795 et
2904 4739 3045 4796 vade
3083 4741 3139 4795 in
3182 4740 3389 4806 vicum,
3417 4741 3515 4811 qui

1936 4841 2171 4889 vocatur
2198 4832 2441 4900 Rectus;
2495 4839 2553 4887 et
2586 4847 2772 4903 quaere
2798 4833 2858 4887 in
2889 4832 3056 4888 domo
3080 4833 3255 4897 Judte,
3284 4832 3517 4889 Saulum

1932 4924 2162 4979 nomine
2183 4923 2548 4978 Tarsensem:
2585 4924 2718 4979 ecCe
2744 4924 2894 4979 enim
2919 4933 3061 4979 orat.
3087 4924 3157 4978 Et
3178 4923 3516 4978 viditvirum

1933 5014 2206 5070 Ananiam
2237 5014 2467 5071 nomine
2496 5014 2900 5082 introeuntem,
2924 5024 2985 5071 et
3010 5016 3385 5085 imponentem
3404 5015 3513 5070 sibi

1934 5122 2154 5173 manus,
2189 5115 2253 5162 ut
2288 5108 2471 5162 visum
2498 5105 2754 5177 recipiat.

2006 5284 2174 5340 Ecclt'.
2201 5299 2388 5349 xntv,
2416 5279 2443 5334 i
2464 5324 2479 5338 .
2497 5312 2569 5323 —
2592 5282 2756 5340 Venit
2782 5282 3125 5338 insomnium
3172 5284 3228 5340 in
3252 5284 3513 5341 multitu-

1935 5376 2067 5433 dine
2100 5377 2441 5433 tentationis.
3040 5354 3071 5371 ”

1962 5466 2131 5536 6‘79
2145 5464 2496 5532 ﬂetuum,
2520 5465 2577 5519 2.
2596 5492 2662 5505 —-
2680 5463 2853 5532 Quasi
2874 5466 2973 5536 qui
2997 5467 3362 5538 apprehendit
3385 5485 3514 5524 um.

1936 5560 2095 5615 bram
2112 5570 2169 5615 et
2179 5557 2532 5630 persequitur
2543 5557 2881 5625 ventum,sic
2899 5559 2998 5630 qui
3010 5560 3243 5616 attendit
3256 5563 3510 5621 somniis.
