3998 6436
437 346 540 410 θῦθ
1606 342 1668 404 S.
1709 335 1997 401 MAXIMI
2036 326 2544 396 CONFESSORIS
2745 380 2753 389 .
3631 312 3765 390 1000

507 451 719 509 Basilii.
752 483 796 494 —
849 451 1184 523 Plerumque
1213 452 1364 507 enim
1411 460 1684 507 nocturna
1726 453 1781 507 in
1811 449 2022 507 somnis
2053 456 2086 510 Δ

2199 443 2546 499 Βασιλείου.
2576 467 2647 481 --
2686 438 2774 503 Ὠς
2807 439 2916 508 γὰρ
2947 433 3039 490 ἐπὶ
3069 434 3235 503 πολὺ,
3300 433 3382 488 τά
3418 431 3557 489 καθ’
3595 432 3761 489 ὕπνον

436 547 581 613 visa,
642 544 862 600 residua
920 544 1171 607 quaedam
1232 553 1365 601 sunt
1425 544 1754 600 diurnarum
1809 543 2015 615 cogita-

2187 536 2510 604 ιντάσματα,
2547 530 2656 584 τῶν
2714 527 3101 601 μεθημερινῶν
3147 523 3406 580 ἐννοιῶν
3466 524 3623 578 εἰσιν
3663 526 3766 579 ἀπο

442 639 675 694 tionum.
712 656 719 661 ·

2124 628 2405 698 ηχήματα·

509 728 705 784 Solent
729 726 878 782 enim
913 727 1053 792 fere,
1079 742 1204 798 quae
1238 728 1296 783 in
1340 724 1553 783 somnis
1577 725 1840 783 accidunt
1880 726 2023 791 visa,

2200 714 2617 788 Πεφύκασιγὰρ
2644 731 2760 778 πως
2799 706 2854 766 αἰ
2891 711 3017 767 καθ’
3073 702 3254 766 ὕπνον
3298 707 3655 780 φαντασίαι,
3695 706 3768 772 ὡς

440 820 767 874 diui-narum
800 833 1060 874 curarum
1092 818 1342 889 quaedam
1372 819 1669 875 simulacra
1703 833 1847 874 esse.
1878 815 2019 884 Qua-

2192 809 2417 885 επολλά,
2448 808 2795 879 smmum
2827 804 2968 860 εἶναι
2998 804 3109 859 τῶν
3146 799 3586 876 μεθημερινῶν
3614 809 3771 871 φρον·

439 911 513 966 lia
542 911 692 966 enim
718 919 849 966 sunt
877 920 1072 966 nostra
1115 911 1172 965 in
1230 910 1344 966 vita
1376 910 1586 976 studia,
1613 909 1745 965 talia
1796 921 2018 964 necesse

2191 904 2312 957 δων.
2370 902 2564 956 Ὀποϊα
2612 898 2724 969 γὰρ
2769 897 2837 952 ἀν
2962 896 3032 952 τά
3081 896 3228 952 κατά
3256 896 3370 950 τὸν
3432 892 3564 965 βίον
3617 893 3770 964 ἡμῶν

441 1012 667 1058 estesse
692 1010 751 1057 et
786 1002 1086 1055 insomnia.

2190 992 2565 1071 ιιτηδεύματα,
2581 990 2813 1045 τοιαῦτα
2838 989 3053 1061 ἀνάγκη
3082 983 3228 1043 εἶναι
3251 987 3366 1044 καὶ
3399 986 3481 1041 τὰ
3509 984 3769 1039 ἐνύπνια.

513 1090 826 1160 Assumptis
849 1096 1045 1145 noctes
1068 1088 1288 1144 diurnis
1313 1087 1487 1154 curis,
1521 1103 1619 1159 per
1647 1101 1839 1143 earum
1875 1098 2035 1155 spec-

2204 1089 2270 1141 Ai
2305 1086 2500 1149 νύκτες
2542 1085 2641 1145 τάς
2699 1083 3077 1155 μεθημερινὰς
3131 1080 3464 1155 φροντίδας
3515 1077 3768 1149 παραλα-

442 1182 543 1238 tati
573 1197 639 1238 ac
666 1181 784 1238 visa
802 1182 976 1237 menti
1011 1180 1273 1236 illudunt.

2192 1180 2349 1247 μῦσαι,
2402 1180 2461 1233 ἐν
2487 1179 2609 1242 ταῖς
2652 1176 2835 1231 αὐτῶν
2884 1174 3211 1247 φαντασίαις
3277 1168 3639 1239 ἐξαπατῶσι
3685 1170 3771 1224 τδι

2137 1288 2262 1325 νουν
2271 1306 2284 1324 ι

516 1357 673 1426 Quod
714 1358 841 1428 quis
880 1358 937 1413 in
992 1358 1224 1424 Samnis,
1269 1372 1508 1429 quorum
1554 1354 1835 1412 desiderio
1882 1362 2037 1410 tene-

2211 1365 2284 1418 Τὸ
2315 1365 2434 1418 κατ’
2462 1364 2595 1437 δναρ
2627 1364 2755 1419 ἰδεῖν
2782 1362 2851 1418 τά
2872 1358 3205 1432 ποθούμενα,
3238 1355 3426 1432 φέρει
3465 1336 3609 1422 τοῖς⁸
3634 1356 3776 1426 ἀγα-

448 1464 562 1519 tur,
587 1452 790 1509 videat.
827 1453 1036 1508 amoris
1085 1451 1348 1507 solatium
1372 1448 1611 1505 exsistit.

1110 1451 1348 1506 lolatium
1372 1448 1611 1505 exsistit.
2146 1456 2292 1512 πῶσι
2314 1456 2689 1529 παραμυθίαν.

518 1542 740 1600 Ebriosi
773 1542 1030 1599 homines
1052 1558 1116 1597 ac
1148 1541 1349 1613 gulosi,
1373 1554 1556 1611 neque
1592 1538 1895 1609 genuinum
1923 1535 2040 1592 sin-

2212 1548 2277 1601 Oi
2311 1547 2455 1621 μέθῃ
2499 1549 2594 1601 καὶ
2621 1547 2896 1620 ἀδηφαγιᾳ
2937 1544 3371 1613 δεδουλωμένοι,
3418 1541 3558 1597 οὔτε
3612 1538 3774 1594 ὕπνον

448 1651 750 1707 carumque
791 1650 1047 1690 somnum
1092 1635 1340 1706 capiunt,
1384 1648 1489 1688 nec
1520 1631 1589 1687 ab
1642 1628 2027 1685 insomniorum

2227 1635 2423 1691 ιοῦνται
2484 1638 2707 1709 γνήσιον
2774 1637 2871 1692 καὶ
2910 1636 3208 1708 εἰλικρινῆ,
3280 1634 3427 1689 οὕτε
3470 1631 3806 1702 ὀνειράτων;

448 1726 759 1782 terroribus
790 1726 1068 1781 immunes
1103 1725 1403 1781 exsistunt.

1292 1732 1403 1780 ant.
2144 1731 2576 1787 ἀπαλλάττονται
2603 1730 2871 1804 φοϐερῶν.

1112 1840 1380 1913 Theologi.
2073 1821 2117 1878 B

2073 1821 2117 1878 Β
2767 1845 3087 1914 Θεολόγου.

520 1933 599 2008 lie
627 1936 954 2008 somniorum
987 1935 1203 1990 ludicris
1237 1936 1535 2008 adhwreas,
1643 2002 1656 2008 _

2248 1933 2346 2006 Μὴ
2381 1936 2595 2008 σφόδρ’
2621 1937 2871 1993 ἕπεσθαι
2897 1934 3195 2008 παιγνίοις
3231 1929 3604 2008 srvatum,

522 2002 628 2077 Nec
662 2004 817 2074 facile
840 2008 1191 2077 constet-neris
1215 2007 1397 2077 animo
1420 2004 1497 2077 ad,
1512 2002 1726 2066 omnia;

2251 2002 2399 2077 Μήδ’
2424 2002 2767 2077 ἓὺσέτόητον
2788 2012 2876 2075 εὶς
2895 2002 3107 2063 ἅπαντ’
3122 2002 3296 2077 ἔχειν
3326 2005 3569 2075 φρένα,

524 2071 631 2159 [Xee
658 2071 769 2159 uisa
798 2084 849 2128 te
880 2075 1073 2159 tollant
1092 2092 1209 2159 quia
1238 2075 1366 2159 b'ene
1394 2075 1633 2159 ominata
1662 2080 1805 2154 sunt.

2258 2071 2428 2159 Μῂδὲ
2460 2071 2680 2159 πτεροῦ
2698 2095 2800 2159 μ.οι
2828 2071 3049 2159 δεξιοῖς
3075 2071 3502 2159 φαῖςτέσᾷιὶκσι
3529 2090 3588 2156 ο-

528 2143 819 2218 Quodth
852 2144 986 2200 mali
1011 2143 1220 2218 insidia:
1251 2146 1360 2215 fere
1395 2145 1500 2199 sint
1530 2143 1805 2200 divinonis.

2253 2143 2451 2218 Λόχος
2472 2143 2600 2204 τάδ’
2623 2143 2754 2203 ἐστὶ
2788 2143 3089 2213 πολλάκις(
3108 2148 3216 2202 τοῦ
3237 2143 3647 2218 δυσμενοῦς.

527 2213 692 2289 S_tulti
710 2215 987 2289 insomniis
1007 2216 1223 2270 ditiores
1249 2213 1395 2289 ξιιηε,
1450 2285 1476 2289 ,Α
1521 2286 1530 2289 ,
1565 2287 1573 2289 _

2249 2213 2600 2289 Πλουτοῦσι
2621 2219 2804 2289 μωροὶ
2831 2218 2954 2285 τοῖς
2979 2218 3250 2287 ὀνείρασι
3288 2213 3532 2289 πλέον,

530 2284 708 2352 Quam
733 2287 826 2357 qui
851 2286 1101 2358 abyssum
1127 2287 1394 2357 possident
1425 2285 1756 2340 divitiarum.

2261 2290 2338 2344 Ἢ
2366 2284 2689 2360 χρημάτων
2707 2284 2998 2344 ⁷ᾶ6υσσὸν
3026 2291 3080 2343 ol
3102 2284 3513 2358 κεκτημένοι.

530 2397 800 2472 Chrysost.
833 2429 905 2440 —
944 2399 1188 2457 Somniis
1226 2398 1481 2466 credens,
1519 2398 1588 2455 ad
1638 2398 1826 2455 omnia
1886 2399 2046 2470 inep-

2218 2398 2530 2472 Χρυσοστ.
2567 2433 2639 2443 -
2671 2396 2731 2457 '0
2758 2405 2872 2467 τοῖς
2898 2402 3128 2475 ὀνείροις
3148 2401 3490 2475 προσέχων,
3520 2401 3608 2464 εις
3633 2399 3771 2456 ἅπαν

461 2500 552 2549 m8
580 2499 688 2548 est.

2151 2495 2434 2568 ἀδόκιμος.

528 2583 692 2638 Joan.
742 2584 903 2640 Clim.
956 2614 1029 2627 —-
1070 2584 1223 2641 Solet
1272 2587 1419 2645 Deus
1478 2586 1801 2644 hominibus
1866 2587 2051 2645 futura

2199 2578 2385 2643 Ἰωαν.
2412 2586 2592 2659 Κλίμ.
2610 2617 2681 2627 -
2700 2586 2851 2673 φιλεῖ
2870 2585 2977 2660 γὰρ
2998 2586 3059 2641 τὸ
3078 2578 3378 2659 δαιμόνιον
3407 2585 3486 2659 (e)
3510 2583 3769 2644 πολλάκις

459 2684 630 2732 noctu
659 2692 959 2748 exponere,
988 2694 1098 2734 non
1124 2686 1185 2733 ut
1218 2695 1341 2750 quae
1375 2688 1644 2736 eventura
1687 2690 1838 2746 sunt,
1872 2681 2038 2737 vitenl

2185 2676 2467 2752 ινθρὼποις
2490 2680 2552 2733 τὸ
2594 2670 2787 2751 μέλλον
2811 2678 3029 2751 νύκτωρ
3073 2678 3440 2750 λαλεῖν,-οὑχ
3474 2677 3567 2733 ἵνα
3608 2675 3764 2746 φυλα-

462 2769 598 2841 (non
631 2769 782 2853 enim
831 2768 1002 2824 fatum
1037 2785 1299 2841 superare
1335 2770 1609 2842 possunt),
1654 2769 1751 2826 Sed
1785 2780 1847 2826 ut
1876 2769 2041 2827 levius

2189 2790 2356 2827 ωνται
2382 2771 2458 2844 μὴ
2487 2772 2683 2827 παθεῖν
2718 2771 2924 2859 (οὐγὰρ
2956 2772 3302 2843 εἱμαρμένης
3335 2771 3611 2826 δύνανται
3639 2783 3768 2840 κραι

460 2858 645 2915 [erant
677 2876 742 2917 ea
771 2874 895 2931 quae
927 2863 1145 2933 passuri
1176 2872 1326 2919 sunt.

2155 2863 2312 2934 τεῖν),
2330 2863 2444 2918 ἀλλ’
2471 2865 2557 2918 ἵνα
2587 2864 2918 2934 κουφότερον
2940 2864 3242 2934 πάσχοντες
3269 2864 3555 2934 φέρωσιν.

537 2956 669 3011 Nili.
702 2986 774 2996 —
796 2955 901 3023 Qui
941 2955 1207 3012 observat
1239 2958 1536 3025 insomnia,
1575 2958 1773 3014 similis
1814 2964 1899 3014 est
1932 2972 2057 3013 um--

2228 2956 2470 3011 Νείλου.
2506 2987 2575 2998 -
2612 2956 2671 3010 '0
2706 2958 2821 3021 τοῖς
2850 2956 3082 3030 ὀνείροις
3108 2956 3412 3028 προσέχων
3442 2992 3462 3023 ,
3513 2954 3662 3010 ἔοικε
3694 2954 3764 3026 τῷ

463 3048 622 3105 bram
659 3063 816 3103 suam
861 3048 1243 3119 persequenti.

2086 3099 2126 3121 η
2161 3042 2262 3121 τὴν
2294 3049 2452 3103 σκιάν
2481 3049 2646 3104 αὑτοῦ
2676 3048 3091 3105 καταδιώκοντι.

536 3139 770 3207 Quando
796 3139 853 3194 in
887 3140 1100 3197 somnis
1146 3126 1493 3199 daemonibus
1545 3141 1779 3200 obedire
1814 3137 2056 3217 cmperi-
2084 3126 2115 3159 ⁸·

2247 3143 2478 3198 Ὀπόταν
2514 3144 2574 3197 ὲν
2588 3144 2701 3208 τοῖς
2736 3132 2926 3207 ὕπνοις
2949 3136 3068 3207 τοῖς
3090 3140 3318 3212 δαίμοσι
3350 3132 3654 3196 πείθεσθαι
3676 3137 3765 3208 ἀρ·

344 3260 353 3267 υ
471 3248 613 3300 uitis,
638 3240 772 3288 tunc
798 3232 1063 3303 deinceps
1087 3241 1143 3287 et
1182 3228 1544 3304 vigilantibus
1581 3235 1842 3291 illudunt.

2165 3232 2407 3306 ξώμεθα,
2431 3235 2555 3289 τότε
2579 3233 2766 3289 λοιπὸν
2791 3235 2887 3290 καὶ
2913 3234 3293 3307 ἐγρηγορότας
3322 3232 3717 3304 ἐμπαίζουσιν.

537 3323 825 3381 ΑΞεεΙιὶηίε.
858 3354 932 3364 -
957 3324 1089 3379 Plus
1116 3340 1280 3395 quam
1324 3324 1484 3383 decet
1523 3325 1790 3395 dormire,
1825 3325 2062 3384 mortuis

2233 3321 2474 3397 Δὶσχιν.
2505 3354 2577 3368 -
2616 3326 2691 3381 Τὸ
2730 3325 2879 3398 πέρα
2930 3325 3221 3380 καθεύδειν
3281 3324 3386 3379 τοῦ
3442 3322 3760 3394 πρέποντος.

471 3416 646 3490 magis
673 3415 956 3481 convenit,
984 3432 1149 3487 quam
1183 3416 1347 3473 vivis.

2162 3417 2279 3482 τοῖς
2301 3417 2592 3489 τεθνηκόσι
2617 3416 2819 3489 μᾶλλον
2851 3413 2999 3490 ἥπερ
3022 3418 3137 3482 τοῖς
3166 3415 3343 3483 ζῶσιν
3373 3415 3664 3490 ἁρμόδιον.

1031 3594 1267 3654 SERMO
1306 3593 1492 3656 LXVI.

2729 3598 2951 3655 ΛΟΓΟΣ
2983 3595 3097 3668 scr
3120 3598 3186 3658 ιι.

468 3685 553 3746 De
574 3688 879 3744 innocentia
909 3696 959 3742 et
987 3688 1348 3761 simplicitate,
1390 3691 1557 3763 deque
1588 3690 1920 3766 injuriarum
1947 3712 2047 3753 me-

1903 3712 1920 3751 ι
1947 3712 2059 3753 me-
2273 3752 2279 3757 ,
2443 3690 2587 3762 Περὶ
2606 3691 2864 3760 ἀκακίας
2892 3691 2993 3747 καὶ
3033 3691 3482 3762 μνησικακίας.

966 3784 1138 3837 moria
1180 3792 1228 3837 et
1270 3783 1566 3841 simultate.

543 3874 737 3931 Matth.
772 3888 925 3939 xvm,
957 3875 1010 3929 5.
1041 3906 1113 3914 —
1151 3875 1349 3941 Amen,
1393 3890 1557 3932 amen
1590 3875 1717 3935 dico
1742 3874 1921 3947 vobis,
1952 3879 2063 3938 nisi

2229 3871 2811 3945 Ματθ.ιη¹.-Ἀμὴν,
2837 3870 3150 3944 ἀμὴνλέγω
3169 3871 3322 3944 ὑμῖν,
3349 3871 3453 3927 ὲάν
3490 3868 3569 3941 μὴ
3600 3882 3752 3939 στρέιι1

472 3966 731 4022 conversi
763 3964 1005 4030 fueritis,
1030 3974 1087 4021 et
1134 3964 1454 4022 ciliciamini
1484 3969 1629 4025 sicut
1663 3970 1904 4042 parvuli,
1948 3987 2051 4028 non

2169 3965 2308 4036 φῆτε
2361 3966 2458 4019 καὶ
2501 3964 2735 4036 γένησθε
2780 3964 2858 4029 ὡς
2890 3965 2959 4019 τά
2987 3964 3198 4032 παιδία,
3240 3964 3306 4018 οὐ
3355 3954 3437 4036 μὴ
3486 3960 3748 4030 εἰσέλθητε

474 4056 762 4113 intrabitis
791 4057 847 4111 in
880 4072 1108 4128 regnum
1133 4057 1424 4114 cmlorum.

2169 4058 2252 4122 εἰς
2285 4057 2386 4128 τὴν
2422 4055 2703 4129 βασιλείαν
2737 4056 2848 4112 τῶν
2882 4055 3152 4128 οὐρανῶν.

546 4149 739 4207 Matth.
772 4150 942 4215 v,25.
988 4180 1058 4190 -—
1091 4149 1149 4205 Si
1202 4150 1471 4207 obtuleris
1529 4167 1734 4209 munus
1779 4161 1937 4209 tuum
1996 4154 2067 4210 ad

2241 4152 2428 4204 Ματθ.
2454 4147 2520 4203 ε’.
2584 4149 2711 4203 Ἐἀν
2736 4148 3116 4224 πρρσενὲγκῃς
3161 4146 3225 4201 τδ
3264 4147 3448 4219 δῶρόν
3474 4163 3571 4200 σου
3599 4144 3677 4206 εἰς
3695 4140 3744 4193 τὸ

476 4241 673 4307 altare,
711 4250 770 4296 et
814 4240 889 4295 ibi
936 4241 1264 4297 recordatus
1311 4242 1485 4299 fueris
1531 4244 1664 4315 quia
1709 4245 1883 4302 frater
1935 4253 2055 4302 tuus

2170 4242 2580 4315 θυσιαστήριον,
2629 4243 2793 4296 κάκεῖ
2823 4240 3075 4313 μνησθῇς
3109 4241 3194 4295 ὅτι
3240 4239 3360 4312 ἔχει
3394 4257 3452 4293 τι
3480 4239 3510 4292 ὁ
3538 4232 3742 4303 ἀδελφός

479 4332 649 4388 habet
685 4332 894 4403 aliquid
919 4333 1214 4389 adversum
1244 4342 1332 4401 te;
1363 4335 1616 4406 relinque
1646 4352 1852 4393 munus
1885 4346 2058 4408 tuum,

2170 4353 2264 4390 σου
2288 4333 2432 4389 κατά
2469 4333 2588 4400 σοῦ,
2616 4334 2751 4403 ἄφες
2778 4335 2840 4387 τὸ
2866 4333 3039 4406 δῶρόν
3069 4349 3190 4400 σου,
3218 4333 3319 4388 καὶ
3348 4332 3533 4401 ὕπαγε
3554 4326 3743 4399 πρῶτον

478 4432 538 4481 et
574 4423 735 4490 vade,
768 4425 926 4495 prius
951 4427 1311 4483 reconciliare
1336 4426 1492 4482 fratri
1531 4434 1648 4496 tuo,
1690 4435 1747 4485 et
1781 4420 1913 4486 tunc
1932 4431 2057 4488 oﬂ‘e-

2172 4416 2498 4496 διαλλάγηθι
2531 4423 2612 4495 τῷ
2636 4420 2858 4495 ἀδελφῷ
2885 4440 3004 4492 σου,
3037 4424 3134 4480 καὶ
3167 4424 3295 4479 τότε
3330 4420 3652 4496 προσφέρῃς
3673 4413 3740 4480 .τδ

482 4532 573 4575 res
593 4533 800 4574 munus
832 4529 1012 4574 tuum.

2168 4517 2344 4591 δῶρόν
2375 4534 2494 4573 σου.
2804 4502 2812 4515 ς

549 4610 719 4681 680
754 4609 782 4665 Ι
832 4608 1008 4666 Thess.
1039 4627 1093 4677 v,
1126 4611 1216 4667 15.
1244 4611 1523 4667 —Videte
1566 4626 1639 4668 ne
1690 4616 1818 4684 quis
1864 4616 2068 4671 malum

2242 4607 2305 4665 A'
2333 4611 2521 4664 Θεσσ.
2550 4608 2617 4663 s’.
2643 4638 2714 4649 —-
2756 4604 2953 4681 Ὁρᾶτε
2986 4609 3063 4680 μή
3109 4624 3197 4673 τις
3231 4608 3407 4664 κακὸν
3437 4605 3560 4662 ἀντὶ
3589 4595 3735 4658 κακθῦ

482 4716 585 4772 pro
614 4703 761 4757 malo
796 4702 963 4757 alicui
1016 4703 1244 4771 reddat;
1291 4704 1388 4759 sed
1428 4718 1650 4776 semper
1681 4705 1830 4777 quod
1863 4706 2061 4763 bonum

1970 4723 2073 4762 .um
2174 4699 2361 4773 ἀποδῷ
2390 4698 2684 4765 meum
2709 4700 2945 4755 πάντοτε
2970 4701 3033 4753 τὸ
3057 4699 3271 4754 δίκαιον
3303 4698 3549 4754 διώκετε.

483 4802 573 4848 est
605 4792 919 4847 sectamini.

558 4879 754 4950 Ephes.
790 4897 864 4948 iv,
896 4882 988 4938 26.
1022 4912 1094 4923 —
1121 4882 1216 4939 Sol
1243 4898 1355 4938 non
1388 4883 1607 4940 occidat
1658 4900 1826 4957 super
1857 4885 2094 4942 iracun-

2265 4886 2390 4954 Ἐςρ.
2412 4884 2486 4938 δ’.
2515 4914 2586 4925 -
2632 4883 2691 4937 '0
2711 4883 2867 4956 ἥλιος
2915 4883 2990 4957 μὴ
3013 4882 3285 4938 ἐπιδυέτω
3319 4879 3418 4935 ἐπὶ
3444 4876 3522 4948 τῷ
3554 4884 3731 4944 παρορ-

487 4969 579 5025 dia
608 4979 811 5027 vestra.

2180 4977 2363 5049 γισμῷ
2388 4974 2565 5044 ὑμῶν.

561 5062 746 5120 Galat.
774 5080 829 5132 v,
861 5064 948 5120 15.
988 5092 1060 5103 -—
1089 5063 1250 5132 Quod
1288 5066 1336 5121 si
1372 5065 1467 5121 alii
1511 5066 1652 5122 alios
1697 5066 1970 5124 mordetis
2021 5076 2081 5123 et

2250 5068 2403 5122 Γαλ.
2425 5072 2492 5120 ε’.
2525 5096 2592 5110 --
2626 5066 2691 5121 Εἰ
2728 5065 2998 5138 ἀλλήλους
3025 5064 3254 5120 δάκνετε
3298 5063 3398 5117 καὶ
3427 5053 3729 5114 κατεσθίετιι

488 5154 803 5222 comeditis,
837 5155 1024 5211 videte
1053 5171 1125 5212 ne
1153 5156 1246 5211 alii
1282 5157 1351 5213 ab
1380 5156 1506 5212 aliis
1543 5157 1966 5213 consumamini.

1718 5157 1966 5213 mamini.
2183 5159 2411 5233 βλέπετε
2440 5159 2517 5230 μὴ
2549 5158 2641 5213 ὑπ’
2672 5158 2922 5232 ἀλλήλων
2951 5156 3293 5231 ἀναλωθῆτε.

558 5311 606 5343 ⁴⁸
634 5310 693 5366 In
722 5311 887 5368 Gesn.
921 5313 1077 5370 Stob.
1112 5314 1166 5370 9.

2014 5403 2249 5460 NOT/E.
2364 5410 2367 5413 ’

560 5497 631 5568 (ε)
649 5490 821 5572 ἀξιλεῖ
839 5498 950 5572 γὰρ
964 5499 1029 5554 τὸ
1048 5498 1382 5572 δαιμόνιον.
1406 5500 1545 5556 Tum
1559 5499 1790 5572 scilicet,
1811 5511 1938 5572 cum
1957 5505 2078 5551 rato

2189 5497 2331 5572 quid
2388 5497 2516 5572 inde
2574 5500 2743 5558 liceat
2796 5502 3073 5559 conferre.
3118 5500 3277 5572 Quod
3312 5503 3399 5562 ubi
3449 5504 3519 5558 ita
3543 5491 3717 5572 liabet.

493 5566 638 5625 Deus
668 5566 923 5623 decrevit
946 5566 1212 5636 consilio;
1243 5581 1305 5626 ut
1351 5586 1475 5625 cum
1512 5570 1706 5625 Davidi
1741 5569 2078 5623 moriturum
2187 5566 2334 5622 haud
2376 5569 2605 5624 dubium
2633 5588 2663 5626 a
2686 5575 2798 5627 Deo
2833 5574 3105 5629 insomnia
3128 5566 3287 5633 Esset
3317 5593 3380 5632 ac
3402 5566 3623 5629 ueneﬁca
3644 5574 3722 5637 ηδ’

493 5654 726 5709 puerum
752 5640 1024 5714 praedixit,
1049 5656 1120 5714 ex
1158 5641 1432 5714 adulterio
1464 5648 1825 5714 susceptum;
1859 5653 1923 5692 ac
1965 5637 2081 5706 ple-
2187 5645 2340 5714 tura;
2371 5656 2546 5714 quam
2589 5642 2765 5713 ipsam
2816 5643 3153 5702 dmmonium
3201 5663 3417 5714 vocare,
3462 5654 3563 5698 non
3610 5637 3719 5688 θέλω

495 5724 729 5786 [intraque
763 5709 841 5786 sic
862 5709 979 5764 visa
1011 5711 1261 5768 videmus
1287 5713 1560 5786 accidere,
1589 5709 1650 5765 ut
1676 5712 1738 5786 in
1766 5709 2076 5786 Pharaone.
2184 5709 2628 5768 ecclesiaStieuui
2656 5714 2832 5771 videri
2861 5723 3065 5786 potest.

498 5777 1063 5847 Nabuchodonosore,
1087 5790 1194 5838 etc.
1224 5783 1428 5853 quibus
1460 5791 1644 5838 tamen
1676 5779 1957 5839 leniendis
1977 5778 2077 5833 ali-
