3998 6374
337 316 472 382 1001

1637 310 1808 372 LOCI
1845 309 2285 371 COMMUNES.
2371 322 2373 324 '

3467 309 3601 372 160-2

407 440 658 505 Παροιμ.
691 435 800 490 κδ’.
825 463 896 476 -
935 433 1062 488 Ἐὰν
1091 431 1234 504 πέσῃ
1261 433 1289 486 ὁ
1316 429 1508 502 ἐχθρός
1535 447 1649 494 σου,
1688 429 1762 500 μὴ
1798 429 1918 481 ἐπι-

2093 425 2253 480 Prov.
2285 441 2428 489 xxiv,
2462 425 2549 480 17.
2577 456 2645 464 ——
2681 423 2736 479 Si
2768 424 3034 480 ceciderit
3061 423 3320 479 inimicus
3363 432 3510 488 tuus,
3532 440 3604 480 ne

335 531 515 601 χαρῇς
566 527 748 598 αὐτῷ·
797 528 854 580 ἐν
890 525 947 579 δὲ
987 523 1066 595 τῷ
1113 522 1548 592 ὑποσκελίσματι
1603 519 1790 583 αὑτοῦ,
1845 519 1922 590 μὴ

2062 520 2267 574 audeas
2296 534 2465 589 super
2493 533 2655 572 eum:
2692 528 2748 572 et
2789 517 2842 571 in
2889 517 3338 587 supplantationc
3382 517 3506 587 eius
3534 533 3606 570 ne

335 619 593 688 ἐπαίρου,
645 619 727 672 ὅτι
757 617 954 687 ὄψεται
981 616 1212 686 Κύριος,
1245 613 1344 666 καὶ
1377 614 1476 666 οὐκ
1507 611 1697 682 ἀρέσει
1736 608 1918 680 αὐτῷ,

337 711 438 764 καὶ
464 709 801 780 ἀποστρέψει
839 709 931 761 τὸν
962 707 1134 778 θυμὸν
1166 704 1333 758 αὐτοῦ
1361 705 1455 756 ἀπ’
1485 701 1676 757 αὑτοῦ.

410 804 660 871 Παροιμ.
697 800 797 864 ιβ’.
827 829 898 838 -
941 797 1085 851 Ὀδοὶ
1116 795 1474 868 μνησικάκων
1503 795 1584 857 εἰς
1614 793 1866 847 θάνατον.

415 986 663 1050 Παροιμ.
689 986 800 1034 xa’.
834 978 978 1032 -Ὀ
1015 977 1396 1050 μνησικακῶν,
1428 973 1770 1046 παράνομος.

412 1156 662 1221 Παροιμ.
691 1149 784 1204 ιδ’.
811 1181 885 1190 -
913 1152 977 1205 Ὀ
1015 1151 1224 1213 ἄκακος
1259 1150 1503 1204 πιστεύει
1525 1150 1689 1203 παντὶ
1713 1149 1877 1220 λόγῳ.

414 1247 662 1312 "apem.
689 1247 765 1296 α’.
803 1270 876 1282 —
903 1241 1070 1294 Ὅσον
1091 1242 1284 1313 χρόνον
1335 1241 1554 1313 ἔχονται
1582 1242 1782 1297 ἄκακοι
1826 1241 1928 1312 τῆς

337 1333 715 1404 δικαιοσύνης,
756 1331 856 1384 οὐκ
885 1331 1364 1402 αἱσχυνθήσονται.

413 1425 598 1493 Σιρὰχ
633 1429 750 1491 κη’.
779 1451 850 1464 -
884 1422 1060 1490 ’Ἄφες
1113 1421 1361 1493 ἀδίκημα
1415 1420 1494 1492 τῷ
1542 1420 1776 1492 πλησίον
1810 1437 1928 1481 σου,

341 1519 441 1570 καὶ
491 1517 613 1569 τότε
663 1512 947 1585 δεηθέντος
987 1528 1103 1578 σου,
1157 1513 1216 1564 αἱ
1278 1512 1548 1584 ἁμαρτίαι
1620 1529 1713 1564 σου
1765 1510 1932 1580 λυθή.

343 1623 558 1662 σονται.

420 1701 639 1756 Βασιλ.
665 1730 736 1742 -
764 1699 840 1753 Οὐ
873 1699 953 1752 δεῖ
990 1698 1084 1751 ἐπὶ
1118 1696 1489 1770 παροργισμῷ
1513 1695 1743 1765 ἀδελφοῦ
1777 1695 1932 1749 δῦναι

340 1792 440 1848 τὸν
472 1791 648 1863 ἣλιον,
691 1793 904 1864 μήποτε
943 1792 976 1860 ἡ
1001 1791 1098 1858 νὺξ
1123 1791 1442 1862 μεταστήσῃ
1465 1790 1670 1861 μεταξὺ
1699 1788 1934 1861 ἀμφοτὲ-
1960 1770 2008 1830 Β

347 1901 485 1955 ρων,
504 1885 599 1937 καὶ
619 1882 900 1954 καταλίπῃ
930 1881 986 1934 ἐν
1010 1881 1194 1952 ἡμέρα
1217 1879 1451 1953 κρίσεως
1470 1880 1727 1952 ἔγκλημα
1746 1881 1930 1950 ἀπαρ-

340 1977 589 2048 αίτητον.

421 2070 662 2124 Ἥκιστα
691 2069 892 2124 κακίαν
919 2069 1021 2141 οὐχ
1047 2068 1316 2140 ὑφορᾶται
1339 2067 1424 2140 (Ῑ),
1464 2067 1525 2120 τὸ
1559 2066 1756 2131 κακίας
1784 2066 1928 2120 ἐλεύ-

342 2161 536 2232 θερον.
1201 2157 1204 2160 ’

423 2253 740 2324 Occidi-av.
773 2283 846 2295 —-
883 2253 942 2308 Ὀ
963 2254 1064 2324 μὲν
1087 2251 1200 2324 γὰρ
1224 2250 1397 2312 κακὸς
1414 2250 1647 2320 τάχιστα
1674 2249 1739 2303 ἂν
1767 2267 1937 2302 κατα-

351 2346 515 2415 γνοίη
546 2347 642 2400 καὶ
674 2344 769 2399 τοῦ
797 2345 1004 2414 ἀγαθοῦ
1032 2361 1045 2375 ·
1082 2346 1110 2398 6
1137 2341 1343 2412 ἀγαθὸς
1364 2342 1442 2406 δὲ,
1473 2342 1595 2396 οὐδὲ
1635 2341 1728 2395 τοῦ
1761 2338 1935 2394 κακοῦ

353 2438 587 2509 ῥᾳδίως.
639 2436 713 2490 Τὸ
749 2437 986 2509 γὰρ,είς
1016 2438 1218 2490 κακίαν
1265 2435 1363 2505 οὐχ
1392 2434 1636 2504 ἕτοιμον,
1687 2432 1797 2488 οὐδ’
1857 2433 1936 2496 είς

355 2530 622 2584 ὑπόνοιαν
647 2529 892 2600 εὐχερές.

422 2620 610 2684 Οὐδεὶς
627 2620 782 2692 κακῷ
811 2620 981 2674 κακὸν
1009 2621 1177 2685 ἰᾶται,
1197 2616 1518 2689 ἀλλ’ἀγαθῷ
1550 2617 1610 2671 τὸ
1640 2617 1830 2672 κακόν.

421 2714 729 2781 Χρυσοστ.
764 2743 834 2754 --
869 2713 1040 2768 Ὅταν
1077 2715 1423 2785 ἐννοήσωμεν
1477 2711 1623 2785 ἅπερ
1663 2711 1939 2783 ἐπάθομεν

348 2803 507 2874 παρά
529 2802 640 2855 τῶν
674 2802 995 2868 συνδούλων,
1019 2801 1371 2874 λογισώμεθα
1401 2802 1495 2856 καὶ
1520 2801 1665 2873 ἅπερ
1685 2803 1842 2873 ἐποιή
1854 2819 1942 2856 σα·-

352 2913 459 2967 μεν
509 2895 592 2957 εἰς
631 2894 722 2948 τὸν
760 2896 1061 2965 Δεσπότην,
1098 2896 1195 2948 καὶ
1245 2895 1324 2964 τῷ
1373 2894 1524 2965 φόϐῳ
1573 2895 1680 2946 τῶν
1720 2895 1940 2949 οἰκείων

355 2989 804 3062 ἁμαρτημάτων,
845 2993 937 3042 τὸν
977 2989 1149 3059 θυμὸν
1191 2989 1285 3042 τὸν
1333 2988 1431 3042 ἐπὶ
1483 2991 1596 3053 τοῖς
1642 2989 1946 3060 ἀλλοτρίοις

350 3083 799 3155 πλημμελήμασι
825 3083 1038 3152 ταχέως
1073 3082 1402 3136 ἀπώσασθαι
1437 3083 1798 3153 δυνησόμεθα.

427 3178 491 3230 El
517 3176 626 3247 γὰρ
660 3176 740 3230 δεῖ
768 3175 1080 3247 μεμνῆσθαι
1103 3175 1546 3246 ἁμαρτημάτων,
1579 3177 1692 3230 τῶν
1724 3177 1941 3230 οἰκείων

352 3266 441 3322 δεῖ
484 3265 799 3337 μεμνῆσθαι
836 3264 1126 3334 μόνον.“Αν
1161 3265 1269 3316 τῶν
1303 3264 1519 3317 οἰκείων
1553 3267 1949 3335 μνημονεύσω-μ

359 3374 463 3429 μεν
494 3395 510 3422 ,
551 3355 810 3410 οὐδέποτε
845 3356 915 3410 τὰ
950 3355 1212 3428 ἀλλότρια
1263 3355 1616 3427 λογιούμεθα.
1912 3345 1924 3353 κ

438 3536 537 3591 Ἂν
583 3531 759 3607 ἀφῆτε
796 3535 912 3600 τοῖς
944 3533 1160 3608 ἐχθροῖς
1198 3535 1377 3606 ὑμῶν,
1433 3536 1767 3609 ἀφεθήσεται
1798 3538 1944 3610 ὑμῖν.

360 3629 535 3698 ’Ἄφες
567 3628 788 3682 δουλικὰ
819 3629 1215 3700 ἁμαρτήματα,
1262 3628 1349 3682 ἵνα
1379 3629 1555 3702 λάϐῃς
1597 3629 1948 3702 συγχώρησιν

358 3717 693 3788 δεσποτικὴν
741 3718 1187 3788 ἁμαρτημάτων.
1230 3719 1295 3772 Ei
1323 3719 1382 3774 δέ
1424 3719 1637 3789 μεγάλα
1667 3721 1946 3791 ἠδίκησεν,

358 3811 584 3882 ὅσῳπερ
609 3811 675 3864 ἂν
711 3811 935 3881 μείζονα
957 3813 1124 3881 ἀφῇς,
1150 3811 1391 3881 τοσούτῳ
1430 3809 1652 3882 μείζονα
1667 3809 1813 3884 λήψῃ
1850 3811 1950 3881 τὴν

364 3900 735 3970 συγχώρησιν.
755 3902 854 3954 Διά
873 3901 982 3972 γὰρ
1003 3899 1158 3954 τοῦτο
1172 3899 1533 3972 ἐδιδάχθημεν
1553 3901 1950 3970 λέγειν,⁸Αφες

359 3991 506 4059 ἡμῖν
523 3990 718 4057 καθὼς
734 3991 986 4060 ἀφίεμεν
1007 4006 1021 4020 °
1057 3991 1144 4045 ἵνα
1162 3991 1445 4061 μάθωμεν,
1464 3991 1546 4045 ὅτι
1560 3991 1622 4044 τδ
1644 3992 1838 4063 μέτρον
1854 3993 1951 4062 τῆς

361 4082 610 4152 ἀφέσεως
628 4083 758 4151 παρ’
775 4081 933 4152 ἡμῶν
948 4081 1166 4153 πρῶτον
1181 4082 1451 4153 λαμϐάνει
1468 4083 1566 4152 τὴν
1581 4083 1949 4155 smmum

359 4175 582 4248 ὅσῳπερ
610 4175 676 4229 ἂν
697 4177 726 4228 6
750 4174 943 4245 ἐχθρὸς
974 4175 1300 4248 ἐργάζηται,
1319 4178 1414 4230 καὶ
1426 4177 1670 4249 τοσούτῳ
1688 4178 1965 4256 μειζόνωςΙ

361 4268 662 4338 εὐεργετεῖ.
695 4267 1022 4339 Σπεύδωμεν
1047 4268 1228 4322 τοίνυν
1259 4269 1353 4324 καὶ
1377 4269 1732 4340 ἐπειγώμεθα
1751 4271 1952 4325 καταλ-

360 4356 653 4411 λάττεσθαι
669 4359 808 4429 πρὸς
832 4358 957 4421 τοὺς
973 4357 1370 4431 λελυπηκότας,
1395 4359 1461 4414 ἄν
1477 4375 1538 4411 τε
1563 4358 1787 4423 δικαίως
1807 4359 1874 4414 ἄν
1888 4376 1949 4412 τε

2023 610 2332 674 extollaris,
2359 611 2625 682 quoniam
2659 607 2874 664 videbit
2902 607 3168 662 Dominus
3197 616 3254 662 et
3288 623 3399 662 non
3427 606 3610 678 place-

2023 703 2106 758 bit
2127 703 2202 768 ei,
2231 712 2289 757 et
2309 711 2524 757 avertet
2559 701 2695 756 iram
2733 713 2892 754 suam
2923 698 2992 753 ab
3018 714 3106 753 eo.

2097 795 2256 848 Prov.
2298 812 2394 858 xu,
2421 795 2512 850 29.
2537 825 2618 835 --
2655 793 2768 849 Via:
2789 806 3007 857 corum,
3044 790 3138 860 qui
3171 803 3448 844 memores
3479 799 3612 845 sunt

2027 885 2374 955 iniuriarum,
2411 885 2465 939 in
2509 893 2767 939 mortem.

2097 978 2258 1032 Prov.
2294 994 2404 1042 xxx,
2437 977 2527 1032 2i.
2577 1007 2646 1016 —
2691 975 2797 1043 Qui
2847 974 3178 1047 iniuriarum
3239 985 3454 1026 memor
3503 978 3611 1033 est,

2029 1046 2256 1140 iniquus
2282 1078 2386 1124 est.

2097 1165 2258 1219 Prov.
2292 1181 2400 1226 xlv,
2447 1162 2533 1218 15.
2562 1193 2630 1202 -
2653 1161 2898 1233 Simplex
2927 1161 3105 1217 credit
3139 1161 3291 1215 omni
3314 1158 3508 1215 verbo.

2101 1257 2262 1311 Prov.
2299 1271 2338 1318 I,
2365 1253 2458 1309 22.
2487 1283 2559 1293 -
2591 1253 2811 1320 Quanto
2837 1260 3090 1324 tempore
3131 1250 3412 1321 simplices
3441 1248 3618 1303 iniuc-

2036 1356 2161 1406 rcnt
2192 1349 2446 1420 iustitiae,
2489 1362 2601 1401 non
2649 1345 3082 1401 confundentur.

2091 1441 2261 1496 Eccli.
2288 1456 2471 1506 xxvm,
2503 1440 2556 1493 2.
2581 1468 2651 1478 ——
2675 1437 2903 1491 Dimitte
2934 1435 3193 1507 iniuriam
3218 1433 3473 1505 proximo
3500 1442 3618 1497 tuo;

2030 1540 2086 1586 et
2129 1539 2261 1585 tunc
2290 1536 2518 1600 rogante
2553 1536 2626 1592 te,
2661 1534 2886 1597 peccata
2915 1534 3009 1580 tua
3041 1525 3350 1580 solventur.

2101 1620 2312 1676 Basilii.
2344 1651 2416 1661 —
2442 1620 2562 1674 Non
2585 1619 2744 1673 decet
2784 1626 2845 1672 ut
2874 1617 2953 1672 sol
2984 1631 3153 1686 super
3194 1614 3481 1670 iracundia
3505 1614 3620 1669 fra-

2036 1716 2138 1770 tris
2195 1714 2414 1771 occidat
2464 1713 2681 1784 (Ephes.
2727 1727 2801 1777 1v,
2838 1711 2955 1782 26),
3000 1725 3072 1765 ne
3135 1710 3280 1764 forte
3323 1723 3429 1762 nox
3475 1707 3624 1760 inter

2038 1815 2340 1875 utrumque
2371 1811 2638 1869 transeat,
2664 1818 2727 1857 ac
2757 1801 2969 1857 crimen
3008 1800 3160 1854 nulla
3201 1799 3429 1869 dignum
3461 1795 3623 1849 venia

2035 1899 2091 1952 in
2121 1895 2425 1967 dieiudicii
2460 1895 2757 1965 relinquat.

2109 2073 2450 2144 Simplicitas
2471 2086 2534 2127 ac
2562 2071 2710 2142 quod
2752 2077 2909 2125 vacat
2942 2068 3179 2134 malitia,
3215 2067 3443 2122 minime
3499 2082 3623 2121 om-

2039 2165 2191 2220 nium
2218 2165 2492 2219 malorum
2525 2163 2785 2232 suspicax
2820 2159 3060 2216 exsistit.

2109 2255 2372 2325 Theologi.
2397 2253 2588 2320 —Qui
2635 2253 2813 2309 malus
2837 2261 2946 2319 est,
2979 2253 3140 2308 facile
3171 2249 3545 2322 reprehendat
3572 2257 3629 2304 et

2039 2348 2187 2420 quod
2220 2348 2429 2401 bonum
2476 2353 2598 2411 est;
2648 2345 2831 2402 bonus
2875 2353 3082 2410 autem,
3111 2359 3206 2410 ‘ne
3258 2344 3464 2399 malum
3499 2344 3630 2414 qui-

2039 2439 2184 2493 dem.
2209 2437 2367 2505 Quod
2399 2435 2548 2491 enim
2571 2435 2637 2491 ad
2677 2436 2943 2492 malitiam
2970 2450 3210 2507 pronum
3245 2450 3356 2489 non
3386 2443 3492 2498 est,
3523 2451 3630 2490 nec

2039 2531 2108 2585 ad
2133 2529 2528 2600 suspicandum
2553 2529 2714 2584 facile
2757 2535 2858 2583 est.

2109 2622 2282 2678 Nemo
2311 2622 2514 2676 malum
2545 2621 2689 2675 malo
2709 2630 2886 2686 sanat,
2922 2620 3018 2676 sed
3052 2620 3199 2675 bono
3226 2619 3456 2674 malum.

2113 2713 2380 2786 Cliryaost.
2401 2743 2470 2754 -ι
2493 2713 2630 2769 Cum
2661 2715 2716 2767 in
2744 2721 2987 2768 mentem
3014 2713 3251 2776 venerit,
3277 2723 3470 2766 eorum
3505 2725 3631 2781 quae

2041 2823 2070 2863 a
2120 2807 2405 2864 conservis
2461 2805 2607 2877 passi
2663 2821 2854 2860 sumus
2889 2820 2902 2858 :
2937 2805 3246 2875 cogitemus
3289 2804 3456 2859 etiam
3505 2818 3630 2873 qua!

2043 2902 2146 2974 ipsi
2184 2902 2237 2957 in
2268 2900 2566 2956 Dominum
2594 2897 3073 2962 commi’scrimus;
3106 2907 3370 2966 metuque
3404 2904 3627 2951 nostro-

2044 3011 2166 3050 rum
2209 2995 2563 3056 delictorum,
2605 2988 2742 3045 iram
2777 3005 2844 3044 ex
2905 2986 3104 3042 alienis
3151 2986 3396 3057 peccatis
3438 3000 3635 3040 susce-

1968 3116 2012 3172 c
2044 3095 2191 3157 ptam
2221 3085 2332 3141 cito
2363 3085 2642 3155 depellere
2661 3081 2992 3152 poterimus.

2119 3179 2175 3233 Si
2205 3178 2428 3248 quidem
2453 3185 2808 3246 peccatorum
2831 3173 2961 3228 licet
3005 3169 3348 3237 meminisse,
3405 3177 3633 3226 nostro-

2048 3287 2170 3327 rum
2226 3271 2496 3325 duntaxat
2542 3265 2862 3324 meminisse
2914 3264 3204 3320 debemus.
3239 3263 3397 3331 Quod
3429 3263 3475 3318 si
3533 3278 3635 3319 uo-

2047 3370 2292 3416 strorum
2323 3375 2597 3415 memores
2628 3357 2861 3422 erimus,
2889 3370 3170 3428 nunquam
3204 3354 3384 3410 aliena
3419 3369 3634 3426 suppu-

2049 3453 2313 3507 tabimus.

2133 3545 2152 3616 (
2180 3545 2364 3601 Matth.
2395 3560 2467 3610 vn,
2507 3541 2632 3610 li.)
2663 3540 2720 3596 Si
2763 3539 3089 3595 dimiseritis
3121 3538 3378 3593 inimicis
3408 3537 3630 3602 vestris,

2049 3634 2359 3689 dimittetur
2385 3633 2565 3688 vobis.
2619 3633 2846 3703 ignosce
2887 3646 3176 3686 servorum
3221 3630 3446 3696 erratis,
3488 3639 3552 3686 ut
3600 3645 3632 3685 ε

2049 3727 2282 3784 Domino
2311 3733 2662 3794 peccatorum
2685 3724 2900 3779 veniam
2945 3715 3329 3793 consequaris.
3384 3721 3545 3788 Quod
3583 3723 3636 3780 si

2049 3832 2271 3890 gravem
2300 3817 2559 3888 iniuriam
2609 3816 2763 3882 fecit,
2814 3824 3024 3886 quanto
3071 3814 3280 3884 maiora
3323 3813 3633 3879 remiseris,

2050 3917 2204 3966 tanto
2231 3909 2498 3978 maiorem
2544 3907 2762 3980 veniam
2813 3904 3161 3976 impetrabis.
3198 3904 3416 3960 idcirco
3461 3903 3632 3960 etiam

2051 4000 2200 4058 docti
2249 4016 2442 4056 sumus
2478 4001 2698 4055 dicere:
2750 3997 2972 4053 Dimitte
3023 3996 3194 4061 nobis,
3228 3998 3364 4052 sicut
3403 3997 3634 4052 dimitti-

2052 4092 2420 4165 mus(ib.,12),
2442 4102 2501 4149 ut
2523 4091 2844 4147 noverimus
2884 4089 3228 4146 dimissionis
3259 4099 3425 4160 atque
3457 4089 3636 4144 veniae
3691 4149 3696 4152 ,

2049 4187 2279 4242 modum
2308 4203 2336 4240 a
2387 4185 2550 4241 nobis
2575 4171 2820 4258 primum
2871 4183 3146 4239 inchoari.
3195 4183 3416 4250 Quanto
3466 4182 3637 4255 igitur

2051 4279 2314 4334 inimicus
2340 4277 2518 4349 magis
2549 4278 2774 4343 laeserit,
2813 4282 2966 4332 tanto
2999 4276 3168 4330 etiam
3199 4277 3412 4347 maiore
3463 4275 3636 4330 benc-

2053 4367 2178 4424 iicio
2195 4366 2378 4424 afficit.
2411 4367 2762 4424 Festinemus
2783 4365 2954 4436 igitur
2981 4365 3242 4439 omnique
3270 4361 3433 4438 σει
3463 4378 3638 4434 opera-

361 4450 564 4513 ἀδίκως
584 4449 935 4521 ὀργίζωνται.
955 4451 1053 4503 Ἂν
1072 4449 1170 4519 μὲν
1197 4449 1306 4520 γάρ
1328 4449 1563 4503 ἐνταῦθα
1574 4446 1941 4522 καταλλαγῆς,

2062 4473 2338 4522 conemur,
2367 4463 2430 4511 ut
2470 4455 2561 4511 his
2590 4453 2684 4526 qui
2731 4454 2986 4524 iniuriam
3041 4450 3318 4519 fecerunt,
3375 4451 3631 4508 reconci-

361 4540 686 4612 ἀπηλλάγης
713 4541 815 4610 τῆς
843 4541 959 4594 ἐκεῖ
973 4540 1238 4614 κρίσεως’
1263 4541 1330 4596 ἂν
1353 4541 1412 4596 δὲ
1440 4542 1647 4612 μεταξὺ
1673 4541 1941 4612 μενούσης

2062 4551 2275 4616 liemur,
2317 4550 2436 4604 sive
2481 4548 2562 4603 illi
2602 4548 2746 4619 iure,
2785 4545 2904 4602 sive
2937 4545 3142 4616 iniuria
3185 4544 3523 4600 irascantur.
3573 4543 3631 4599 Si

363 4633 462 4704 τῆς
491 4633 715 4704 ἔχθρας,
749 4633 976 4696 θάνατος
1009 4635 1237 4697 ἐπιστὰς
1260 4634 1450 4707 ἀπάγῃ
1468 4676 1483 4698 ,
1510 4633 1608 4705 τὴν
1641 4634 1941 4706 ἀπέχθειαν

2062 4645 2200 4701 enim
2231 4643 2342 4696 vita
2372 4641 2477 4696 hac
2503 4638 2720 4696 mortali
2755 4638 3146 4695 reconciliatus
3175 4636 3368 4703 fueris,
3395 4636 3642 4693 afuturo

369 4722 770 4793 μεσολαϐήσας,
800 4725 882 4788 είς
907 4723 968 4776 τὸ
981 4723 1329 4795 δικαστήριον
1353 4723 1541 4777 λοιπὸν
1576 4726 1754 4778 ἐκεῖνο
1773 4725 1833 4777 τὸ
1850 4741 1941 4794 φο-

2062 4734 2194 4790 liber
2215 4731 2428 4803 iudicio
2455 4729 2730 4794 evaseris;
2758 4727 2844 4784 sin
2874 4736 3062 4782 autem
3107 4729 3332 4784 interim
3374 4735 3636 4782 manente

366 4813 530 4885 σερδν
563 4814 884 4885 εἰσαχθῆναι
914 4815 1013 4885 τὴν
1057 4815 1215 4886 δίκην
1246 4814 1490 4885 ἀνάγκη·
1526 4817 1630 4870 καὶ·
1649 4815 1746 4887 τὴν
1775 4816 1941 4887 ἐσχά-

2062 4826 2365 4889 inimicitia,
2390 4839 2544 4880 mors
2571 4823 2875 4880 adveniens
2907 4822 3222 4888 abduxerit,
3269 4822 3492 4895 vigente
3517 4823 3642 4878 ani-

366 4925 467 4980 τήν
500 4905 697 4970 δώσεις
726 4906 885 4977 δίκην
913 4907 1008 4961 ἐπὶ
1035 4909 1102 4980 τῇ
1133 4907 1301 4978 ψήφῳ
1330 4908 1425 4962 τοῦ
1452 4907 1712 4962 δικαστοῦ
1728 4909 1950 4964 πάντων

367 4997 591 5052 ἐκείνων
607 5013 620 5026 ’
647 4997 744 5050 καὶ
765 4998 1066 5068 ἀμφότεροι
1082 4997 1352 5069 τιμωρίαν
1369 4997 1742 5069 ὑποστήσεσθε
1765 4999 1952 5071 ἀπαρ-

367 5093 612 5162 αίτητον,
665 5093 695 5144 6
746 5092 846 5162 μὲν
875 5091 1079 5154 ἀδίκως
1108 5089 1492 5160 ὀργιζόμενος,
1542 5091 1632 5145 διὰ
1668 5091 1828 5146 τοῦτο
1864 5094 1958 5147 ὅτι·

2055 4918 2162 4972 mis
2199 4916 2502 4979 simultate,
2535 4913 2604 4968 ad
2628 4913 2978 4969 tremendum
3031 4908 3168 4968 illud
3223 4912 3488 4984 deinceps
3534 4915 3637 4969 tri-

2052 5008 2221 5063 bunal
2272 5019 2495 5062 causam
2551 5003 2756 5060 deferri
2820 5019 3056 5062 necesse
3117 5012 3223 5069 est,
3277 5015 3644 5076 extremoque

2052 5096 2327 5168 supplicio
2367 5093 2666 5154 addiceris,
2720 5091 2871 5147 illius
2914 5092 3210 5159 sententia,
3257 5094 3354 5164 qui
3407 5095 3632 5149 illorum

366 5185 591 5251 ἀδίκως,
630 5185 659 5238 6
712 5184 770 5238 δὲ
800 5183 1032 5246 δικαίως
1056 5222 1072 5248 ,
1121 5183 1212 5235 διὰ
1241 5182 1399 5236 τοῦτο
1427 5183 1580 5250 αὐτὸ,
1613 5185 1696 5238 δτι
1723 5184 1941 5248 δικαίως

2062 5189 2300 5245 omnium
2335 5186 2506 5258 iudex
2534 5184 2791 5248 exsistit;
2839 5182 3116 5254 amboque
3163 5181 3634 5255 indeprecabilem

365 5281 391 5334 ἐ
402 5281 838 5352 μνησικάκησεν.
1675 5327 1678 5329 ,

2062 5281 2221 5337 luetis
2258 5293 2518 5351 poenam:
2563 5276 2610 5331 is
2647 5274 2870 5347 quidem
2906 5272 3001 5345 qui
3047 5274 3253 5344 iniuria
3305 5275 3478 5332 iratus
3524 5285 3633 5335 εει.

367 5376 579 5433 idcirco
627 5377 774 5447 quod
818 5375 1058 5448 iniuria;
1098 5377 1146 5431 is
1181 5391 1316 5432 vero
1368 5376 1463 5445 qui
1515 5377 1651 5448 justi
1711 5381 1947 5449 quadam
1987 5379 2173 5451 specie
2211 5376 2547 5434 simultatem
2621 5371 2781 5438 fovit,
2828 5368 2977 5439 quod
3026 5363 3112 5424 vel
3155 5370 3235 5426 sic
3309 5370 3634 5442 iniuriarum

368 5489 583 5529 memor
621 5473 808 5527 animo
845 5486 1135 5527 rancorcm
1169 5472 1496 5527 servaverit.

1882 5591 2116 5651 ΝΟΤᾸΞ.

441 5684 792 5811 (ῙὶδἭνιστα
843 5683 1062 5737 κακίαν
1108 5685 1220 5754 οὐχ
1266 5683 1576 5755 ὑφορᾶται.
1633 5685 1732 5741 Hic
1777 5680 1920 5742 idem

441 5772 461 5811 ε
537 5755 805 5810 havorino
835 5755 1140 5811 expositus.

2062 5705 2181 5757 στα,
2214 5687 2361 5760 quod
2404 5687 2664 5760 μάλιστα,
2695 5684 2788 5757 qui
2823 5700 2956 5741 usus
2985 5683 3137 5741 vocis
3198 5695 3444 5754 pervius,
3494 5677 3638 5749 opti-

369 5771 461 5813 me
494 5767 805 5811 I'IHWOI‘II'IO
835 5767 1140 5824 ειροειιυε.

740 5845 1011 5906 ΡΛΠιοῐ..
1059 5844 1170 5906 Gn.
1225 5847 1372 5906 XCI.
3223 5840 3298 5904 3?.
