3998 6392
316 365 460 432 1005

1629 357 1795 418 LOCI
1835 357 2156 418 COMMUN
2163 357 2270 416 ES.

3438 359 3516 424 10:
3539 362 3572 424 6

313 489 438 528 σετε
473 470 568 525 καὶ
597 468 896 540 θρηνήσετε
930 454 1110 538 ὑμεῖς,
1135 465 1260 520 όδὲ
1300 464 1503 535 κόσμος
1552 465 1850 536 χαρήσεται
1882 479 1895 491 ·

2027 462 2301 518 ilorabitis
2325 473 2380 518 et
2415 463 2623 519 ﬂebitis
2647 479 2784 531 vos;
2812 466 3056 522 mundus
3081 477 3264 523 autem
3287 468 3580 538 gaudebit;

313 564 430 618 ἀλλ’
459 564 492 632 η
543 561 687 630 λύπη
744 558 898 629 ὑμῶν
935 559 1016 620 είς
1064 557 1240 628 χαράν
1279 556 1592 626 γενήσεται.
1655 554 1720 607 Ἦ
1765 552 1903 624 γυνὴ

312 653 444 706 ὅταν
476 651 656 722 τίκτῃ,
681 648 860 718 λύπην
900 646 1036 717 ἔχει.
1082 647 1164 700 ὅτι
1211 641 1374 714 ἦλθεν
1431 645 1464 715 ἡ
1510 642 1632 714 ὥρα,
1688 642 1860 710 αὑτῆς
1887 658 1900 671 ·

314 743 446 796 ὃταν
474 739 531 793 δὲ
560 741 802 810 γεννήσῃ
825 736 887 790 τὸ
909 736 1146 802 παιδίον,
1177 737 1278 789 οὐκ
1300 735 1382 787 ἔτι
1420 749 1661 805 μνημονε
1679 733 1752 787 ist
1803 731 1903 800 τῆς

315 833 550 903 θλίψεως
578 830 670 883 διὰ
695 831 794 900 τὴν
824 828 1026 901 χαρὰν,
1057 828 1138 883 ὅτι
1163 825 1430 898 ἐγεννήθη
1483 824 1767 896 ἄνθρωπος
1822 823 1906 880 είς

313 925 409 980 τὸν
439 926 667 995 κόσμον.

380 1016 465 1074 A'.
497 1021 628 1088 Ἤρ.
645 1015 721 1082 ς’.
738 1043 806 1055 -
830 1015 954 1078 Τοῖς
980 1011 1255 1076 πλουσίοις
1285 1013 1342 1065 ὲν
1365 1009 1444 1081 τῷ
1463 1008 1558 1062 νῦν
1580 1008 1735 1062 αἰῶνι
1758 1023 1902 1077 παρ-

314 1109 551 1178 άγγελλε
612 1111 688 1179 μὴ
766 1105 1198 1176 ὑψηλοφρονεῖν,
1260 1101 1395 1174 μηδὲ
1441 1098 1764 1171 ¹ἠλπικέναι
1809 1099 1902 1152 ἐπὶ

314 1201 550 1256 πλούτου
583 1199 899 1270 ἀδηλότητι,
926 1196 1042 1250 ἀλλ’
1081 1196 1139 1264 ὲν
1167 1193 1244 1264 τῷ
1277 1193 1397 1264 Θεῷ
1427 1191 1506 1262 τῷ
1533 1191 1716 1255 ζῶντι.

385 1291 608 1358 Σολομ.
637 1287 718 1354 β’.
742 1319 813 1330 -
832 1287 1058 1350 Καπνὸς
1094 1287 1128 1357 ἡ
1160 1283 1298 1356 πνοὴ
1323 1285 1382 1336 ὲν
1409 1283 1554 1355 ῥισὶν
1581 1281 1739 1353 ἡμῶν
1767 1297 1779 1310 ·
1809 1281 1904 1334 καὶ

314 1382 717 1454 παρελεύσεται
743 1383 770 1434 ὀ
797 1380 911 1449 βίος
936 1377 1093 1451 ἡμῶν
1136 1377 1210 1449 ὡς
1265 1377 1385 1448 ίχνη
1442 1375 1695 1446 νεφέλης.
1739 1374 1905 1438 Σκιᾶς

314 1476 426 1546 γὰρ
453 1473 686 1545 πάροδος
717 1474 747 1525 ὀ
775 1471 888 1543 βίος
912 1471 1092 1542 ἡμῶν.

388 1568 610 1634 Σολομ.
647 1569 712 1619 ε’.
746 1592 816 1604 —-
845 1559 910 1614 Τί
939 1561 1222 1632 ὠφέλησεν
1279 1559 1425 1630 ἡμᾶς
1464 1559 1498 1629 ἡ
1556 1556 1903 1626 ὑπερηφανία

2007 555 2102 611 sed
2128 556 2289 612 dolor
2311 565 2496 612 vester
2527 565 2780 611 vertetur
2812 556 2866 611 in
2897 558 3179 628 gaudium.
3204 559 3428 625 Mulier,
3454 575 3579 615 cum

2005 650 2172 720 parit,
2200 650 2447 712 dolorem
2478 649 2666 713 habet,
2697 648 2828 718 quia
2851 651 3005 705 venit
3055 651 3190 707 hora
3238 652 3398 722 ejus;
3455 668 3580 707 cum

2004 749 2187 796 autem
2214 744 2496 813 pepererit
2545 758 2805 813 puerum,
2840 743 2951 814 jam
2984 758 3094 796 non
3122 745 3375 797 meminit
3406 761 3581 815 angn-

2009 833 2148 898 stiaa,
2182 849 2296 904 pra:
2327 835 2551 905 gaudio,
2589 834 2718 906 quia
2750 843 2916 892 natus
2947 845 3033 890 est
3061 835 3228 894 homo
3269 838 3324 892 in
3355 837 3581 892 mundo.

1983 1004 1985 1008 ’
2028 1004 2032 1006 Ὗ
2073 1013 2104 1069 Ι
2129 1013 2260 1068 Tim.
2286 1030 2359 1078 γι,
2398 1015 2482 1082 l7.
2519 1047 2588 1055 —
2611 994 2888 1071 Divitibus
2918 1017 3081 1088 hujus
3115 1017 3298 1072 saeculi
3354 1017 3589 1090 prmcipe

2010 1124 2121 1162 non
2151 1105 2390 1162 sublime
2421 1123 2636 1178 sapere,
2658 1124 2760 1163 nec
2785 1124 3008 1179 sperare
3039 1109 3090 1163 in
3132 1109 3343 1164 incerto
3374 1108 3593 1163 divitia-

2008 1185 2147 1264 rum,
2175 1199 2272 1254 sed
2311 1200 2365 1253 in
2393 1201 2504 1255 Deo
2530 1201 2680 1254 vivo.
2967 1201 2971 1206 ’
3590 1195 3598 1201 ’

2081 1291 2213 1363 Sap.
2250 1309 2307 1356 ιι,
2339 1291 2407 1359 2,
2472 1291 2528 1356 3,
2575 1293 2628 1348 5.
2677 1324 2748 1332 -
2779 1293 2984 1357 Fumus
3035 1291 3199 1348 ﬂatus
3246 1291 3303 1347 in
3361 1289 3594 1347 naribus

2007 1385 2236 1439 nostris.
2276 1383 2382 1438 Et':
2415 1384 2697 1440 Transihit
2738 1384 2852 1440 vita
2891 1393 3078 1439 nostra
3110 1385 3259 1440 sicut
3298 1384 3592 1455 vestigium

2004 1476 2256 1531 nebulai:
2290 1476 2500 1531 umbrae
2537 1478 2686 1532 enim
2724 1477 2994 1532 transitus
3023 1485 3108 1532 est
3137 1477 3250 1531 vita
3274 1485 3483 1532 nostra.

2076 1565 2285 1637 Sup.v,
2339 1566 2392 1620 8.
2423 1598 2493 1607 -—-
2520 1567 2665 1634 Quid
2717 1568 2880 1623 nobis
2927 1567 3139 1639 profuit
3181 1567 3444 1638 snperbia
3494 1584 3595 1623 no-

316 1655 521 1728 ἡμῶν;
565 1657 630 1710 Τί
679 1659 709 1710 6
752 1655 985 1718 πλοῦτος
1023 1654 1162 1725 μετὰ
1186 1650 1509 1716 ἀλαζονείας
1532 1648 1904 1720 συμϐέϐληται

2027 1656 2166 1710 stra?
2197 1655 2339 1722 Quid
2373 1656 2580 1711 divitia:
2613 1673 2739 1712 cum
2769 1657 3034 1729 jactantia
3057 1657 3220 1712 nobis
3266 1657 3598 1712 contulere?

315 1750 456 1820 ἡμῖν
489 1765 505 1816 ;
538 1748 790 1819 Παρῆλθε
823 1749 1002 1802 πάντα
1033 1748 1218 1799 ἐκεῖνα
1241 1745 1316 1808 ὡς
1356 1742 1508 1809 σκιὰ,
1535 1743 1632 1796 καλ⁹
1677 1741 1753 1803 ὼς
1804 1741 1907 1808 ἀγ·

2027 1748 2369 1804 l‘ransierunt
2396 1749 2584 1804 omnia
2609 1749 2701 1804 illa
2730 1759 2990 1820 tanquam
3013 1750 3228 1814 umbra,
3256 1759 3311 1804 et
3335 1758 3594 1819 tanquam

317 1843 477 1912 γελία
527 1841 928 1912 διατρέχουσα·
970 1839 1046 1900 ὡς
1093 1838 1226 1902 ναῦς
1273 1835 1601 1908 διερχομένη
1655 1832 1913 1903 κυμαινό-

2027 1842 2245 1896 nuntius
2278 1849 2698 1907 transcurrens;
2728 1851 2994 1916 tanquam
3018 1842 3174 1896 navis
3194 1855 3319 1912 quae
3347 1841 3597 1911 praeterit

320 1952 489 2006 μενον
524 1933 689 2004 ὕδωρ,
717 1928 786 2004 ἦς
829 1933 1095 2003 διαϐάσης
1143 1931 1242 1985 οὐκ
1301 1929 1450 1982 εστιν
1497 1928 1642 1997 ῐχνος
1703 1926 1907 1996 εὑρεῖν,

2027 1935 2368 1989 luctuantem
2396 1949 2616 2004 aquam,
2643 1934 2824 2005 cujus,
2845 1948 2970 1988 cum
2995 1933 3348 2004 praeterierit,
3373 1949 3484 1988 non
3511 1942 3598 1988 est

317 2027 444 2081 οὑδὲ
476 2029 720 2101 ἀτραπὸν
755 2027 982 2094 πορείας
1007 2027 1180 2095 αὑτῆς
1215 2023 1292 2095 (g)
1323 2026 1380 2083 έν
1409 2020 1670 2091 κύμασιν,
1701 2018 1778 2081 ὡς
1821 2018 1913 2087 6p-

2027 2023 2312 2093 vestigium
2353 2023 2630 2088 invenire,
2679 2038 2860 2092 neque
2906 2022 3156 2078 semitam
3213 2022 3316 2077 via:
3370 2022 3491 2092 ejus
3542 2021 3599 2074 in

317 2120 448 2173 νέου
484 2120 808 2184 διαπτάντος
851 2120 992 2190 ἀέρα
1047 2117 1201 2171 οὐδὲν
1253 2116 1570 2187 εὑρίσκεται
1612 2111 1912 2182 τεκμήριον

2027 2113 2323 2180 ﬂuctibus;
2398 2113 2543 2167 sicut
2593 2112 2718 2168 avis'
2757 2113 3101 2182 pervolantis
3147 2128 3332 2168 acrem
3387 2113 3596 2167 nullum

318 2212 580 2381 “02:931.
671 2306 766 2356 ta'.
811 2325 884 2342 —-
930 2296 1124 2354 Πολλοὶ⁵
1182 2294 1446 2367 ’τύραννοι
1514 2292 1774 2348 ἐκάθισαν
1821 2291 1915 2346 ἐπὶ

320 2393 557 2462 ἐδάφους
600 2393 675 2464 (It)
711 2406 724 2420 °
757 2391 785 2444 6
842 2389 898 2442 δὲ
951 2388 1320 2459 ἀνυπονόητος
1371 2386 1599 2457 ὲφόρεσε
1646 2384 1912 2460 διάδημα.

400 2572 745 2628 Βασιλείου.
793 2601 862 2612 —-
899 2570 1113 2640 Ὥσπερ
1167 2564 1260 2622 οὖν
1305 2567 1585 2622 θάλασσαν
1636 2565 1917 2635 ἀμήχανον

324 2667 425 2720 tiri.
478 2665 612 2718 πολὺ
641 2663 738 2735 τὴν
789 2664 960 2730 αὑτὴν
1003 2658 1420 2732 διαρκέσαιστὴν
1461 2659 1570 2729 γάρ
1625 2656 1720 2712 νῦν
1769 2655 1918 2710 λείαν

325 2759 427 2814 καὶ
459 2756 759 2828 σταθηράν,
789 2754 986 2826 μικρὸν
1038 2751 1268 2824 ὕστερον
1323 2749 1445 2821 ὄψει
1503 2748 1648 2820 βίαις
1701 2745 1918 2818 ἀνέμων

326 2848 742 2922 τραχυνομένην
771 2863 785 2878 ο
840 2847 936 2900 καὶ
1003 2843 1164 2898 πάλιν
1221 2841 1321 2913 τὴν
1382 2840 1773 2911 ἀγριαίνουσαν
1826 2836 1921 2889 καὶ

332 2943 717 3015 βρασσομένην
742 2939 819 3012 τῷ
846 2938 1097 3003 κλύδωνι,
1134 2936 1323 3008 βαθεῖα
1357 2933 1564 3006 γαλήνη
1595 2929 1921 3001 κατεστόρε-

335 3052 428 3088 σεν
457 3075 473 3099 ,
516 3033 658 3088 οὑτω
691 3033 785 3086 καὶ
805 3032 873 3087 τά
894 3029 990 3084 τοῦ
1026 3029 1140 3100 βίου
1174 3029 1477 3098 πράγματα
1527 3023 1724 3098 ῥᾳδίως
1778 3022 1922 3093 λαμ-

333 3111 893 3196 ϐάνεῖπεριστροφὰς
918 3123 1002 3191 ἐφ’
1027 3121 1284 3192 ἑκάτερα.

251 3214 254 3217 “
410 3214 729 3284 Θεολόγου.
763 3241 834 3252 -
861 3211 1026 3262 Φύσει
1058 3209 1159 3280 μὲν
1187 3206 1341 3260 οὐδὲν
1396 3205 1504 3260 τῶν
1563 3204 1920 3278 ἀνθρωπίνων

339 3306 561 3376 βέϐαιον
617 3304 740 3358 οὐδὲ
794 3301 999 3374 ὁμαλὸν
1043 3301 1170 3357 οὑδὲ
1204 3285 1518 3372 αὔταρκες)
1551 3298 1691 3354 ἀλλά
1722 3297 1922 3366 κύκλος

337 3417 422 3463 τις
474 3399 583 3454 τῶν
618 3397 905 3470 ἡμετέρων
953 3393 1270 3466 περιτρέχει
1322 3393 1681 3465 πραγμάτων,
1734 3390 1920 3446 ἄλλοτε

336 3491 508 3554 ἄλλας
539 3491 632 3543 ἐπὶ
665 3491 794 3560 μιᾶς
830 3488 1043 3560 ἡμέρας
1075 3485 1356 3550 πολλάκις,
1410 3484 1526 3537 ἔστι
1578 3482 1636 3536 δὲ
1688 3484 1777 3537 ὅτε
1829 3483 1923 3536 καὶ

339 3585 510 3657 ὥρας,
545 3583 729 3653 φέρων
767 3579 1114 3651 μεταϐολάς·
1161 3577 1257 3632 καλ⁹
1305 3575 1501 3647 αὔραις
1549 3573 1762 3645 μᾶλλόν
1807 3573 1922 3626 ἐστι

341 3673 623 3741 πιστεύειν
650 3674 749 3744 οὑχ
777 3673 1117 3743 ίσταμέναις,
1171 3669 1266 3724 καὶ
1317 3670 1444 3740 νηὸς
1485 3665 1924 3738 ποντοπορούσης

341 3767 567 3837 ίχνεσιν,
621 3763 716 3817 καὶ
758 3763 951 3826 νυκτὸς
1007 3745 1308 3831 ἀπατηλοῖς
1343 3759 1638 3830 ὀνείρασιν,
1683 3749 1757 3811 ὧν
1787 3755 1924 3828 πρὸς

339 3856 528 3925 ὀλίγον
554 3856 588 3926 ἡ
621 3855 782 3926 χάρις
807 3894 822 3920 ,
852 3856 948 3908 καὶ¹
989 3853 1090 3908 ὅσα
1139 3852 1283 3908 κατὰ
1313 3852 1540 3924 ψάμμον
1589 3851 1778 3915 παῖδες
1831 3867 1924 3902 τυ-

343 3947 509 4002 ποῦσι
536 3946 844 4012 παίζοντες,
873 3946 906 4018 ἢ
935 3944 1031 4000 ἀνθ
1043 3945 1239 4019 ρώπων
1269 3944 1616 4016 εὐημερίαις.

415 4150 721 4217 Χρυσοστ.
752 4175 824 4190 --
854 4143 1067 4218 Ὠσπερ
1091 4146 1200 4218 γὰρ
1226 4146 1258 4217 ὴ
1283 4145 1394 4200 τῶν
1421 4145 1692 4210 πλουσίων
1718 4148 1926 4202 ὑδάτων

347 4240 514 4311 φορά,
543 4239 812 4311 δεξαμένη
839 4239 900 4292 τὸ
921 4239 1197 4311 ἐπιρρέον,
1222 4239 1577 4310 πομφόλυγας
1598 4241 1923 4314 διανίστησι·

346 4333 445 4387 καὶ
495 4333 554 4386 αί
619 4332 717 4402 μὲν
775 4332 955 4385 αὑτῶν
1005 4331 1122 4403 ἃμα
1166 4330 1245 4401 τῷ
1289 4331 1544 4400 γενέσθαι
1587 4334 1925 4406 ὲρράγησαν,

345 4426 404 4478 ui
465 4423 525 4477 δὲ
570 4422 758 4477 πλεῖον
789 4422 1138 4493 όγκωθεῖσαι,
1177 4421 1472 4494 μετέπειτα
1509 4424 1603 4478 καὶ
1632 4425 1797 4479 αὐταὶ
1831 4428 1926 4500 έρ-

2015 2205 2298 2260 invenitur
2321 2206 2586 2260 indicium
2623 2204 2859 2260 itineris.

2086 2297 2254 2353 Eccli.
2295 2315 2370 2363 χι,
2403 2297 2455 2353 5.
2487 2329 2557 2340 --
2587 2298 2742 2353 Multi
2770 2300 2989 2370 tyranni
3034 2299 3088 2354 in
3113 2299 3251 2358 solio
3280 2298 3509 2366 sedere;
3547 2307 3604 2353 et

2017 2378 2085 2446 de
2118 2407 2228 2460 quo
2266 2391 2454 2445 nullus
2500 2406 2742 2461 unquam
2774 2390 3091 2462 suspicatus
3131 2399 3297 2458 esset,
3349 2391 3602 2447 diadema

2019 2482 2270 2554 gestavit.

2010 2641 2013 2644 _
2092 2571 2304 2628 Basilii.
2339 2605 2406 2614 —
2431 2571 2908 2640 Quemadmodum
2941 2572 3059 2628 ﬁeri
3097 2573 3314 2644 nequit,
3347 2584 3408 2629 ut
3453 2589 3604 2630 mare

2008 2647 2236 2726 diutius
2283 2649 2428 2719 idem
2466 2665 2643 2734 ipsum
2675 2675 3034 2734 perseveret:
3068 2663 3215 2730 quod
3265 2665 3413 2720 enim
3453 2681 3605 2718 nunc

2021 2757 2300 2831 placidum
2333 2773 2397 2814 ac
2429 2757 2791 2828 tranquillum
2823 2766 2930 2822 est,
2962 2755 3118 2811 brevi
3145 2766 3270 2828 post
3309 2765 3604 2812 ventorum

2020 2849 2075 2926 yi
2107 2846 2420 2920 exasperari
2469 2847 2822 2922 conspicies;
2862 2841 3025 2918 683
3060 2846 3416 2918 vicissimque
3477 2863 3607 2902 exa-

2023 2949 2306 3012 speratum
2361 2955 2426 2995 ac
2481 2939 2724 3010 procella
2763 2950 3099 3006 exaestuans,
3144 2939 3254 2994 alta
3303 2940 3642 2997 constravit.

2025 3031 2336 3104 sopivitque
2374 3031 2777 3102 tranquillitas:
2817 3029 2886 3085 ad
2929 3044 3054 3084 eum
3105 3029 3328 3086 modum
3361 3030 3485 3086 vitae
3521 3047 3607 3085 rc-

2026 3139 2151 3179 rum
2179 3123 2360 3179 facilis
2382 3123 2452 3179 ad
2477 3121 2806 3177 utrumlibet
2835 3121 3079 3177 inversio
3109 3131 3211 3177 est.

2097 3216 2364 3288 Theologi.
2430 3246 2500 3256 —
2558 3213 2936 3269 Humanarum
2986 3230 3173 3271 rerum
3219 3215 3361 3272 nihil
3408 3224 3606 3272 natura

2027 3307 2246 3364 ﬁrmum
2275 3317 2371 3363 aut
2404 3307 2696 3379 aequabile,
2729 3307 2818 3362 vel
2843 3307 2949 3363 sibi
2984 3308 3298 3376 suﬂiriens;
3333 3309 3429 3366 scd
3456 3309 3610 3366 orbis

2026 3400 2254 3471 quidam
2280 3416 2470 3456 rerum
2513 3411 2827 3456 nostrarum
2868 3399 3138 3456 continuo
3178 3401 3436 3468 vertitur,
3472 3401 3610 3458 alias

2026 3493 2135 3548 alio
2156 3505 2291 3548 'tma
2336 3493 2663 3566 plerumque
2716 3491 2829 3556 die,
2883 3492 3214 3564 quandoque
3261 3509 3395 3548 vero
3439 3493 3608 3549 etiam

2025 3585 2246 3649 horula,
2281 3584 2618 3640 mutationes
2646 3582 2867 3650 ferens;
2911 3589 3248 3654 praestetque
3283 3583 3434 3639 auris
3467 3585 3610 3642 nihil

2025 3676 2484 3740 consistentibus,
2509 3675 2778 3747 navisque
2807 3683 3037 3745 pontum
3061 3675 3298 3730 secantis
3332 3676 3604 3748 vestigiis,

2026 3773 2123 3821 aut
2149 3766 2281 3821 falsa
2312 3765 2632 3820 ludentibus
2673 3764 2854 3834 specie
2889 3763 3070 3819 noctis
3119 3757 3414 3820 insomniis
3441 3765 3608 3837 (quo-

2027 3870 2150 3909 rum
2203 3855 2287 3914 ad,
2330 3855 2590 3927 pusillum
2631 3854 2804 3927 gratia
2852 3853 2981 3926 est),
3037 3851 3306 3926 quidquid
3362 3856 3597 3928 denique

2029 3945 2192 4016 pueri
2227 3945 2361 4002 ludo
2417 3946 2472 4001 in
2531 3961 2699 4001 arena
2746 3945 3050 4014 delineant,
3102 3961 3267 4017 quam
3325 3949 3608 4018 prosperis

2025 4037 2315 4094 hominum
2348 4036 2517 4094 rebus
2547 4037 2797 4094 credere.

2098 4150 2367 4224 Chrysost.
2400 4183 2467 4194 —
2494 4150 2970 4218 Quemadmodum
2998 4153 3145 4208 enim
3179 4153 3404 4225 copioso
3444 4155 3606 4214 latice

2027 4245 2176 4300 aucti
2225 4245 2392 4300 rivuli
2455 4243 2750 4299 inﬂuentes
2807 4259 2978 4314 aquas
3034 4245 3377 4316 excipientes
3427 4229 3607 4304 bullas

2026 4335 2290 4400 excitant,
2320 4335 2549 4404 aliaeque
2593 4349 2719 4389 mox
2767 4343 2910 4390 nata
2942 4335 3336 4404 eﬂ‘ringuntur,
3373 4337 3606 4408 aliaque

2029 4427 2222 4498 majori
2249 4436 2463 4483 tumore
2480 4426 2755 4490 distentae,
2779 4423 2905 4494 ipsae
2927 4439 3152 4500 quoque
3167 4434 3356 4495 postea
3397 4427 3607 4483 dirum-

348 4517 600 4587 ράγησαν
631 4531 648 4550 ο
683 4515 774 4570 τὸν
813 4516 976 4569 αὑτὸν
1026 4516 1225 4588 τρόπον
1273 4517 1308 4586 ἡ
1362 4514 1607 4570 Θάλασσα
1660 4517 1756 4571 τοῦ
1804 4517 1917 4588 βίου

2029 4518 2380 4592 puntur;sic
2411 4524 2468 4573 et
2517 4516 2702 4571 seculi
2749 4530 2920 4580 mare,
2961 4516 3100 4569 alios
3146 4517 3430 4588 paululum
3474 4518 3605 4574 illu-

345 4607 564 4672 τούτου,
614 4608 741 4670 τοὺς
795 4606 895 4677 μὲν
943 4606 1127 4675 ὀλίγον
1178 4605 1445 4675 φανέντας
1503 4607 1763 4678 ἐκάλυψε,
1799 4611 1926 4674 τοὺς

348 4696 406 4750 δὲ
435 4697 716 4752 ἑπιπλεῖον
741 4696 1135 4768 ὀιαρκέσαντας
1166 4696 1264 4751 καὶ
1291 4697 1490 4760 αὐτοὺς
1517 4699 1924 4754 κατεπόντισεν.

2025 4607 2238 4676 centes,
2271 4609 2528 4681 operuit;
2569 4608 2707 4663 alios
2758 4607 2923 4678 paulo
2970 4610 3210 4679 amplius
3273 4612 3606 4683 superstites

2027 4714 2192 4775 atque
2222 4709 2523 4768 exstantes,
2555 4701 2706 4772 ipsos
2735 4715 2962 4770 quoque
3000 4701 3276 4772 profundo
3315 4705 3530 4761 mersit.

1855 4843 2090 4902 NOTAE.

421 4955 496 5028 (g)
530 4954 681 5010 Οὐδέ
714 4955 983 5031 ἀτραπόν
1010 4955 1255 5031 πορείας
1277 4954 1490 5031 αὐτῆς.
1517 4956 1924 5031 δίξιηάτραπον

348 5025 594 5098 τρδπιος,
634 5034 688 5098 ιιι
734 5025 979 5098 ειῃνυιεί.
1027 5028 1272 5098 semitam
1309 5028 1528 5098 carina’.
1556 5025 1921 5096 Codex'Alex;

350 5092 893 5173 τρρτιεωςηὶιιεοιίιιο,
917 5092 1176 5173 gignendi
1211 5092 1668 5173 msmnkefertur
1713 5110 1769 5155 et
1795 5092 1925 5173 196—

352 5165 506 5242 πιδος
526 5181 593 5220 ex
618 5167 782 5242 A_rist.
808 5167 1111 5242 Scholiaste
1133 5167 1293 5242 Arg.;
1331 5165 1545 5242 aliaque
1575 5170 1783 5225 habent
1810 5165 1926 5242 τ’ρί-

352 5237 485 5307 δον,
523 5238 779 5307 semitam
824 5237 1070 5302 uiarum;
1112 5236 1261 5306 quod
1315 5237 1546 5307 propius
1605 5250 1690 5296 est
1731 5236 1926 5298 nostro

351 5306 594 5370 Maximi,
626 5305 866 5376 πορείας.

425 5379 500 5442 (h)
547 5374 871 5430 ‘Exdﬂwar
906 5375 1000 5428 ἐπ’
1034 5374 1314 5444 ἐδάφους.
1353 5375 1514 5432 Humi
1547 5379 1602 5433 in
1635 5380 1746 5438 solo
1775 5382 1925 5438 sede-

351 5456 500 5502 runt.
537 5447 627 5502 Sic
672 5447 846 5515 palam
877 5445 1234 5519 Graecakpro
1261 5461 1370 5515 quo
1407 5448 1566 5519 νυιε.
1599 5453 1842 5507 sederunt
1871 5455 1925 5509 in

354 5520 572 5590 throno;
612 5515 1195 5590 _pu_tatque_Nobilius
1245 5517 1465 5590 excolo
1517 5515 1728 5577 factum
1768 5524 1921 5590 solio,

354 5587 804 5663 quoqu'uispiam
841 5586 1042 5641 deinde
1081 5588 1380 5663 mutaverit
1412 5591 1638 5646 throno:
1663 5586 1808 5663 quod
1840 5586 1922 5649 ta;

356 5656 483 5734 men
512 5657 741 5713 Romani
766 5667 1108 5734 correctores
1135 5656 1271 5712 nihil
1293 5669 1599 5725 mutarunt,
1625 5656 1920 5734 ancipitem

325 5729 539 5787 .locum
592 5735 946 5791 putavean
998 5726 1193 5782 Fateor
1239 5741 1349 5782 non
1387 5741 1684 5788 occurrere
1728 5726 1918 5791 vocem

357 5743 539 5785 locum
627 5743 946 5781 utaverunt.
999 5743 1193 5782 rawor
1239 5743 1349 5782 non
1387 5743 1684 5788 occurrere
1728 5749 1918 5791 vocem

357 5743 731 5864 aﬂineqiﬁuic
756 5796 1005 5867 ἐδάφους,
1037 5810 1161 5866 quae
1184 5796 1382 5853 solium
1414 5800 1500 5858 vel
1527 5801 1788 5859 thronum
1819 5820 1919 5876 po-

2026 4962 2197 5018 tuerit
2223 4961 2456 5034 parere':
2485 4961 2716 5032 perinde
2742 4970 2924 5016 tamen
2970 4961 3094 5034 Syr.
3130 4970 3187 5019 ct
3214 4963 3380 5019 Arab.
3431 4965 3603 5022 unde-

2027 5048 2247 5104 cunque
2267 5032 2596 5104 hauserint;
2628 5034 2723 5103 qui
2748 5041 2806 5104 et
2824 5032 3297 5104 ,tgranniivocem.
3339 5049 3450 5090 non
3473 5037 3606 5094 satis

2027 5101 2336 5186 commode,
2368 5101 2616 5185 despecti.
2648 5101 3216 5186 ‘ignobilésredd'unt;
3245 5106 3607 5186 cumhsitpo-

2027 5176 2159 5238 tius,
2189 5189 2357 5244 reges,
2388 5171 2695 5243 principes:
2733 5173 2789 5228 in
2817 5173 3019 5242 quibus
3040 5173 3162 5242 ejus
3205 5171 3607 5232 vicissitudinis

2026 5245 2174 5300 clara
2209 5243 2358 5297 omni
2409 5251 2527 5299 aevo
2557 5244 2830 5313 exempla,
2877 5252 3178 5312 nostroque
3223 5244 3424 5312 saepius
3447 5245 3600 5300 visa:

2026 5328 2095 5368 ac
2129 5328 2269 5382 pene
2326 5313 2572 5375 coronis.
2618 5313 2677 5369 in
2720 5327 2845 5367 meo
2882 5327 3094 5380 pauper
3125 5328 3344 5382 merens
3383 5315 3600 5379 ordine,

2026 5380 2476 5454 religiosissimus
2527 5382 2587 5439 P.
2658 5382 2748 5438 Fr.
2811 5381 3155 5454 Dominicus
3194 5380 3599 5454 Othomannus,

2025 5451 2250 5536 lbratmj
2283 5454 2352 5523 (si
2377 5462 2735 5538 .tamenyfra
2775 5467 2968 5538 rumor
3011 5451 3279 5538 loquitur)
3327 5457 3604 5538 primqge.

2023 5525 2193 5582 nitus.
2224 5520 2342 5594 ipse
2375 5522 2924 5594 imperiir'l'urcarum
2944 5520 3141 5594 haeres,
3171 5520 3278 5583 nisi
3306 5520 3432 5594 eum
3473 5520 3606 5580 P'ro-

2025 5591 2266 5650 videntia
2293 5591 2496 5649 Christi
2526 5591 2851 5648 militantem
2891 5593 3032 5655 acie,
3071 5609 3134 5652 ac
3174 5593 3605 5652 Praedicatorum

2022 5664 2344 5735 implentem
2384 5676 2642 5735 cuneum,
2704 5677 2902 5735 magno
2954 5659 3033 5735 illi
3078 5674 3304 5733 parente
3352 5663 3603 5735 dueeque

2023 5729 2330 5797 Dominico,
2357 5732 2569 5786 meliori
2605 5729 2839 5802 imperio
2869 5729 3218 5790 destinasset.
