3998 6362
463 415 591 480 ΗΠ
1499 451 1502 454 λ
1615 424 1675 482 S.
1717 419 2003 480 MAXIMI
2041 419 2555 482 CONFESSORIS
3614 420 3742 488 1012

526 533 871 589 Philonis.——
893 534 950 590 Si
985 543 1242 604 utrmque
1293 534 1521 602 clarere,
1580 549 1644 588 ac
1687 531 1869 589 oﬂicio
1907 548 2046 603 pre-
2076 537 2105 591 Δ

2217 532 2504 599 Φίλωνος.
2527 562 2596 571 -
2613 533 2674 588 Εί
2706 532 2889 604 βούλει
2912 531 3106 596 διττῶς
3128 531 3476 602 εὐδοκιμεῖν,
3510 534 3745 604 καὶτοὺς

458 628 604 682 clare
650 625 872 698 defungi
927 625 1083 691 libet,
1134 642 1231 682 eos
1277 627 1372 696 qui
1423 641 1482 682 se
1521 626 1726 696 optime
1761 633 1956 698 gerant
1990 626 2037 680 in

2165 623 2411 678 ιάλλιστα
2440 622 2730 688 ποιοῦντας
2779 622 3042 697 προτίμα,
3094 625 3365 690 καὶτοὺς
3415 624 3489 678 τὰ
3534 627 3744 698 χείρονα

465 718 658 788 primis
685 718 918 784 honora,
955 735 1020 775 ac
1051 719 1146 788 qui
1179 719 1315 773 vitio
1349 717 1689 789 indulgeant,
1727 718 1950 787 increpa
1983 732 2044 771 ac

1190 719 1315 773 vitio
1349 717 1689 789 indulgeant,
1727 718 1950 787 increpa
1983 732 2047 771 ac
2147 717 2489 790 πράττοντας
2521 717 2769 790 ὲπιτίμα.

461 812 688 882 castiga.

524 903 790 960 Socrates.
813 937 884 946 ——
903 905 1280 977 Interrogatus
1332 906 1587 962 Socrates
1619 919 1871 976 quaenam
1905 903 2043 958 civi-

2221 895 2650 964 Σωκράτης.-
2684 895 3013 968 Ἐρωτηθεὶς
3094 896 3222 949 ποία
3298 895 3468 960 πόλις
3559 895 3749 966 ἄριστα

455 1006 541 1053 tas
573 999 779 1068 Optime
813 997 1177 1062 habitaretur,
1211 999 1309 1064 Ea,
1333 983 1532 1069 inquit,
1564 1013 1688 1067 qua:
1713 996 1930 1068 legibus
1959 1011 2034 1052 re-

2171 987 2399 1050 ›ίκεῖται,
2427 985 2636 1055 ἔφη,Ἦ
2661 986 2800 1057 μετὰ
2824 987 2991 1058 νόμου
3031 983 3204 1052 ζῶσα,
3239 987 3345 1040 καὶ
3385 987 3506 1050 τοῖς
3537 985 3750 1040 ἀδικιιῶ

454 1092 624 1167 gitur,
657 1109 722 1149 ac
755 1109 854 1150 eos
891 1093 988 1164 qui
1025 1092 1485 1164 injurialaedunt,
1523 1093 1830 1148 ulciscitur.

1471 1133 1485 1158 9
1523 1093 1830 1148 ulciscitur.
2148 1096 2232 1133 σιν
2257 1077 2567 1144 ἐπεξιοῦσα,
3037 1098 3043 1102 —

1017 1205 1251 1263 SERMO
1289 1207 1478 1262 LXIX.

2717 1193 2937 1248 ΛΟΓΟΣ
2961 1193 3060 1248 ΞΘ¹
3098 1193 3166 1248 ⁸⁸.

771 1301 850 1356 De
880 1318 1015 1358 caeco
1047 1304 1129 1357 sui
1170 1317 1350 1356 amore
1391 1317 1454 1355 ac
1486 1299 1720 1370 proprio.

1624 1299 1720 1352 τεο,
2672 1283 2815 1352 Περὶ
2859 1285 3203 1354 φιλαυτίας.

522 1395 683 1452 Joan.
721 1411 816 1462 ιιι,
848 1395 940 1450 25.
962 1425 1032 1435 —
1051 1393 1157 1462 Qui
1187 1401 1334 1449 amat
1364 1392 1604 1464 animam
1643 1406 1819 1460 suam,
1841 1389 2044 1462 perdet

2229 1375 2410 1431 Ἰωάν.
2470 1376 2742 1442 (βυ-’⁸0
2773 1375 2944 1445 φιλῶν
2999 1376 3098 1446 τὴν
3143 1373 3330 1445 ψυχὴν
3367 1374 3570 1439 αὑτοῦ,
3620 1376 3751 1430 ἀπο-

452 1496 609 1555 eam;
637 1496 697 1544 et
739 1487 837 1557 qui
873 1487 993 1542 odit
1022 1486 1264 1542 animam
1299 1501 1456 1542 suam
1485 1485 1539 1542 iu
1580 1485 1686 1540 hoc
1721 1483 1951 1550 mundo,
1985 1483 2031 1536 in

2171 1468 2290 1523 ηὲσει
2318 1469 2488 1540 αὑτήν
2511 1485 2524 1500 ·
2555 1469 2648 1526 καὶ
2667 1467 2696 1519 ὁ
2719 1467 2896 1538 μισῶν
2915 1466 3087 1537 αὐτὴν
3118 1469 3178 1520 ὲν
3205 1465 3289 1536 τῷ
3324 1466 3534 1536 κόσμῳ
3560 1466 3750 1539 τούτῳ,

451 1582 621 1637 vitam
645 1587 908 1634 aeternam
938 1579 1182 1634 custodit
1209 1594 1348 1632 eam.

2144 1561 2225 1625 είς
2256 1560 2399 1631 ζωὴν
2422 1559 2646 1614 αἰώνιον
2675 1560 2903 1630 φυλάξει
2937 1559 3128 1631 αὐτὴν.

499 1670 554 1729 II
588 1671 710 1729 Cor.
765 1689 820 1738 χ,
869 1672 1194 1728 18.-Νοη
1227 1673 1325 1742 qui
1375 1672 1622 1742 seipsum
1669 1669 2039 1735 commendat,

2255 1649 2294 1725 β’
2348 1656 2586 1722 Κορινθ.
2633 1652 2904 1723 ι’.-υύχ
2934 1653 2963 1705 ὁ
2991 1651 3182 1728 ἑαυτον
3214 1649 3522 1717 συνιστῶν,
3551 1649 3753 1714 ἐκεῖνός

451 1762 544 1820 ille
577 1765 842 1834 probatus
875 1765 1043 1836 686
1074 1741 1296 1836 est,_sed
1315 1741 1479 1834 quem
1502 1766 1646 1819 Deus
1666 1763 2030 1840 commendat.

2017 1801 2038 1816 _
2145 1746 2262 1798 ἐστι
2291 1745 2533 1816 δόκιμος,
2562 1741 2678 1801 ἀλλ’
2709 1745 2768 1798 ὃν
2801 1746 2830 1798 ὁ
2859 1743 3060 1812 Κύριος
3086 1743 3441 1813 συνίστησιν.
3591 1825 3596 1830 1

517 1857 756 1929 Philipp.
776 1875 836 1923 ιι,
865 1859 960 1913 21.
991 1887 1063 1899 --
1090 1857 1296 1914 Omnes
1325 1873 1446 1927 quae
1481 1872 1580 1911 sua
1615 1864 1898 1927 quaerunt,
1931 1858 2096 1939 non!

2217 1865 2483 1929 φιν-πιστῶς.⁴
2509 1847 2590 1926 β’.
2611 1890 2684 1902 —
2705 1861 2770 1914 Oi
2796 1860 2995 1925 πάντες
3027 1860 3099 1916 τὰ
3127 1860 3345 1914 ἑαυτῶν
3377 1859 3665 1932 ζητοῦσιν,
3697 1859 3752 1912 οὐ

449 1965 573 2023 quae
598 1950 727 2024 Jesu
754 1951 984 2007 Christi.
1299 2005 1302 2008 .
1913 1979 1924 1985 ~-

1299 2005 1302 2008 .
1913 1979 1924 1985 ·-
2145 1955 2214 2010 τὰ
2239 1955 2333 2008 τοῦ
2364 1953 2626 2026 Χριστοῦ.

519 2042 687 2098 Eccli.
726 2059 932 2107 xxxv",
969 2041 1303 2107 50.—-Fili,
1335 2042 1390 2096 in
1438 2041 1552 2097 vita
1587 2049 1681 2097 tua
1731 2047 1878 2095 tenta
1924 2040 2044 2094 ani-

2215 2047 2400 2118 Σιρὰχ
2437 2045 2890 2114 λζ’.-Τέκνον,
2939 2046 2998 2098 ὲν
3043 2048 3112 2116 τῇ
3163 2043 3288 2116 ζωῇ
3337 2060 3438 2096 σου
3495 2043 3753 2114 πείρασον

449 2149 598 2190 mam
628 2143 801 2199 tuam,
830 2143 887 2190 et
924 2134 1052 2192 vide
1081 2134 1216 2208 quid
1244 2135 1449 2190 malum
1478 2134 1551 2190 sit
1577 2133 1651 2198 ei,
1681 2140 1738 2188 et
1774 2147 1844 2188 ne
1871 2132 2028 2188 dede-

2174 2139 2240 2213 ὴν
2264 2139 2445 2211 ψυχήν
2469 2156 2586 2205 σου,
2620 2140 2716 2194 καὶ
2745 2139 2822 2192 ἴδε
2851 2137 2904 2191 τί
2935 2137 3170 2209 πονηρὸν
3206 2138 3376 2209 αὐτῇ,
3411 2136 3515 2190 καὶ
3543 2135 3621 2206 μὴ
3653 2135 3753 2206 δῷς

458 2237 532 2282 ns
561 2225 638 2280 illi
670 2245 683 2280 :
715 2241 826 2280 non
861 2226 1010 2281 enim
1041 2227 1225 2282 omnia
1270 2227 1529 2282 omnibus
1557 2225 1897 2281 conducunt.

1658 2225 1897 2280 lducunl-
2143 2235 2280 2304 αὐτῇ
2303 2251 2316 2264 ·
2342 2233 2404 2287 οὐ
2425 2232 2535 2303 γὰρ
2560 2233 2739 2287 πάντα
2777 2234 2912 2286 πᾶσι
2941 2229 3237 2300 συμφέρει.

521 2313 681 2371 Prov.
720 2333 840 2382 ut,
876 2316 931 2372 2.
955 2317 1239 2385 --Omnis
1281 2317 1371 2373 vir
1410 2317 1630 2395 videtur
1675 2316 1785 2371 sibi
1829 2316 2043 2386 justus;

2214 2329 2462 2395 Παροιμ.
2491 2326 2826 2388 παπ-Πᾶς
2857 2323 2996 2394 ἀνὴρ
3028 2322 3280 2392 φαίνεται
3315 2319 3510 2391 ἑαυτῷ
3525 2319 3749 2382 δίκαιος·

453 2411 716 2481 appendit
745 2427 877 2467 vero
911 2411 1080 2472 corda
1115 2391 1414 2467 Dominus:
1539 2453 1548 2461 .
2005 2408 2012 2414 '

1539 2453 1548 2461 κ
2005 2408 2012 2414 ’
2145 2391 2467 2473 κατευθύνει
2499 2416 2556 2480 δὲ
2587 2416 2816 2487 καρδίας
2857 2391 3081 2486 Κύριος.

730 2521 914 2569 xxvn,
965 2503 1348 2559 2.—Laudet
1398 2512 1451 2558 te
1485 2503 1803 2574 proximus,
1840 2514 1900 2559 et
1931 2520 2044 2561 non

2217 2516 2464 2580 Παροιμ.
2503 2508 2700 2570 κζ’.-
2728 2490 3158 2578 Ἐἶγκωμιαζέτω
3210 2523 3272 2559 σε
3319 2505 3352 2558 ὁ
3410 2503 3615 2568 πέλας,
3662 2502 3749 2556 καὶ

443 2605 716 2665 estuum;
744 2597 948 2664 aliena,
984 2607 1042 2652 et
1075 2613 1188 2654 non
1223 2606 1315 2655 tua
1342 2599 1508 2654 labia.

2149 2604 2226 2677 μὴ
2259 2603 2321 2658 τὸ
2349 2603 2440 2658 σὺν
2476 2603 2652 2671 στόμα
2672 2619 2685 2632 ’
2715 2600 2995 2671 ἀλλότρια,
3024 2583 3120 2652 καὶ
3150 2597 3227 2670 μὴ
3265 2598 3339 2651 τὰ
3359 2597 3437 2651 σὰ
3467 2595 3647 2668 χείλη.

517 2692 726 2748 Basilii.
745 2724 816 2736 --
835 2692 1112 2750 Probrum
1131 2704 1218 2750 est
1239 2694 1381 2760 viro,
1404 2695 1500 2766 qui
1530 2696 1634 2752 hac
1673 2711 1805 2752 vere
1843 2695 2047 2768 dignus

2216 2694 2782 2757 Βασιλ.-Ὄνειδος
2813 2693 2923 2765 γὰρ
2957 2693 3133 2761 ἀνδρὶ,
3177 2689 3264 2762 τῷ
3295 2707 3365 2760 γε
3415 2689 3496 2754 ὼς
3536 2685 3747 2758 ἀληθῶς

444 2784 519 2838 sit
542 2785 933 2855 appellatione,
954 2786 1231 2858 superﬂui
1259 2789 1444 2844 cultus
1473 2805 1537 2844 ac
1569 2790 1895 2845 deliciarum
1923 2805 2023 2845 cor

2169 2791 2249 2862 τῆς
2307 2788 2688 2864 προσηγορίας
2733 2787 2942 2855 ταύτης
2995 2782 3152 2854 ἀξίῳ,
3209 2772 3748 2851 καλλωπιστὴν’καὶ

444 2875 598 2945 poris
638 2875 1077 2945 appetentiorem
1122 2892 1266 2942 esse,
1297 2878 1414 2934 sive
1447 2878 1624 2934 cuivis
1655 2879 1750 2936 alii
1783 2880 2023 2951 degener

2168 2880 2530 2952 ριλοσώματον
2562 2875 2724 2944 εἶναι,
2750 2877 2785 2949 ἢ
2825 2876 2963 2949 πρὸς
2993 2876 3122 2930 ἄλλο
3144 2892 3196 2928 τι
3224 2875 3339 2928 τῶν
3371 2871 3568 2927 παθῶν
3594 2872 3747 2940 ἀγεν-

443 2966 652 3032 animo,
687 2965 909 3021 libidini
947 2968 1192 3027 studere.
1224 2967 1456 3025 Omnem
1505 2970 1656 3024 enim
1703 2971 2022 3043 diligentian

2166 2965 2256 3038 θῶς
2279 2975 2610 3030 διακεῖσθαι.
2647 2975 2722 3027 Τὸ
2755 2973 2866 3044 γὰρ
2913 2971 3014 3042 τὴν
3049 2971 3232 3024 πᾶσαν
3277 2968 3532 3040 σπουδὴν
3565 2963 3745 3035 εἰσφέ-

446 3056 702 3114 conferre
731 3059 813 3113 uti
850 3074 908 3115 se
950 3075 1154 3131 corpus
1200 3061 1506 3118 lautissime
1551 3062 1771 3128 habeat,
1808 3065 1932 3135 ejus
1974 3064 2020 3120 si

2162 3067 2365 3138 ρεσθαι,
2394 3066 2542 3127 ὅπως
2585 3064 2663 3126 ώς
2707 3062 2975 3116 κάλλιστα
3019 3059 3186 3114 αὑτοῦ
3217 3059 3280 3114 τὸ
3310 3059 3485 3130 σῶμα
3520 3057 3653 3122 ἕξοι,
3685 3054 3741 3108 οὕ

447 3149 544 3220 qui
577 3150 694 3218 ipse
722 3151 970 3221 seipsum
1011 3167 1121 3207 non
1150 3163 1469 3222 cognoscat,
1504 3169 1606 3211 nec
1636 3156 1800 3226 quod
1834 3158 1911 3212 ita
1953 3172 2026 3212 sa-

2163 3157 2602 3228 Βιαγινώσκοντος
2658 3155 2853 3209 ἑαυτόν
2884 3156 3072 3227 ἡὲστιν,
3150 3151 3274 3206 οὑδὲ
3331 3150 3617 3214 συνιέντος
3657 3144 3742 3200 τοῦ

446 3241 667 3312 pienter
707 3241 1018 3312 injunctum
1047 3251 1153 3310 est,
1185 3243 1476 3317 intelligat.

1265 3245 1476 3317 elligat.
2070 3227 2115 3286 (ἶ
2149 3227 2316 3322 σοφοῦ
2359 3231 2844 3321 παραγγέλματος.

351 3339 362 3348 ·’
519 3333 1079 3405 Chrysost.——Nemo
1133 3337 1366 3404 amicus,
1415 3354 1582 3395 nemo
1631 3339 1821 3396 frater.
1859 3341 1930 3398 Ut

2218 3340 2817 3413 Χρυσοστ.--Οὑδεὶς
2859 3338 3032 3410 φίλος,
3095 3337 3272 3401 οὐδεὶς
3338 3333 3598 3404 ἀδελφός.
3666 3328 3740 3383 Τὰ

447 3424 685 3494 quisque
733 3440 825 3486 res
874 3434 1098 3482 nostras
1143 3427 1580 3482 consideremus.
1617 3428 1694 3483 Ea
1748 3429 1904 3502 ratio.
1935 3439 2021 3485 est

2158 3437 2358 3492 ἑαυτῶν
2383 3435 2694 3503 σκοποῦμεν
2723 3433 2974 3494 ἕκαστος.
3006 3429 3108 3484 Διᾶ
3135 3428 3419 3483 τοῦτοκαὶ
3439 3427 3511 3480 τὰ
3538 3422 3737 3479 ἑαυτῶν

452 3532 554 3570 cur
599 3526 658 3572 et
705 3525 896 3572 nostra
943 3518 1295 3584 accidamus,
1336 3521 1778 3592 imbecillesque,
1825 3503 2031 3576 ac‘tunw

2158 3526 2502 3596 κολοϐοῦμεν,
2561 3525 2657 3577 καὶ
2698 3521 2946 3583 ἀσθενεῖς
2994 3519 3086 3574 καὶ
3133 3517 3614 3586 εὐκαταγώνιστοι
3651 3510 3737 3564 καὶ

451 3609 794 3674 hominibus,
847 3619 964 3664 tum
999 3609 1220 3666 diabolo
1272 3610 1463 3667 faciles
1505 3621 1821 3684 expugnatu
1847 3613 2030 3668 simus.

2156 3617 2459 3690 ἀνθρώποις
2480 3615 2577 3669 καὶ
2594 3612 2826 3683 διαϐόλῳ
2849 3611 3038 3680 ἐσμὲν,
3063 3611 3128 3662 ὲκ
3150 3607 3246 3662 τοῦ
3278 3607 3356 3679 μὴ
3389 3601 3735 3690 συνασπίζειν

449 3701 598 3772 quod
629 3718 738 3757 una
767 3702 926 3773 quasi
957 3705 1430 3760 contesseratione
1474 3706 1645 3776 -inter_
1667 3720 1770 3761 nos
1813 3707 2028 3762 minimi

2158 3689 2433 3783 ἀλλήλους.
2487 3709 2598 3763 Καὶ
2637 3706 2748 3777 γὰρ
2785 3707 2843 3759 ὲν
2902 3702 3138 3772 πολέμῳ
3176 3700 3274 3755 καὶ
3322 3689 3737 3783 παρατάξει,-ὁ

449 3795 834 3849 convenimus.
879 3793 1017 3849 Nam
1045 3805 1104 3851 et
1149 3795 1205 3850 in
1249 3797 1439 3866 praelio
1485 3797 1870 3868 instructaque
1900 3799 2028 3854 acie

2155 3777 2286 3872 πρὸς
2323 3799 2487 3853 τοῦτο
2541 3797 2704 3868 μόνον
2749 3793 2894 3866 ὁρῶν
2933 3788 3295 3862 στρατιώτίης,
3351 3787 3508 3848 ὅπως
3553 3777 3734 3834 ἑαυτὸν

451 3885 704 3954 quisquis
737 3887 901 3942 miles
928 3886 1037 3943 hoc
1075 3903 1248 3942 unum
1291 3897 1526 3959 spectat,
1561 3898 1624 3944 ut
1652 3890 1778 3960 fuga
1808 3891 2030 3946 salutem

2156 3890 2392 3961 διασώσῃ
2424 3886 2635 3958 φυγὼν,
2675 3887 2772 3972 καὶ
2812 3885 2939 3945 τοὺς
2986 3882 3180 3944 ἄλλους
3212 3878 3333 3950 μεθ’
3370 3874 3572 3972 tau-toi”:
3619 3884 3735 3972 cuj-

451 3977 731 4047 expediat,
765 3993 876 4034 una
907 3992 1098 4034 secum
1133 3979 1316 4048 perdit
1361 3988 1418 4035 et
1465 3981 1751 4052 reliquos:
1784 3983 1866 4037 uti
1910 3997 2030 4038 νει-ι

2152 3984 2479 4041 απόλλυσινο
2525 3965 2715 4051 ὥσπερ
2751 3975 2847 4032 οὖν
2884 3979 2913 4030 ὁ
2964 3974 3235 4044 γενναῖος,
3292 3971 3393 4025 καὶ
3453 3965 3596 4035 ὑπὲρ
3631 3965 3731 4014 τῶν

453 4065 550 4136 qui
578 4074 842 4123 strenuus
869 4077 977 4131 est,
1002 4082 1068 4123 ac
1095 4082 1197 4138 pro
1224 4067 1348 4124 aliis
1376 4085 1532 4124 arma
1557 4070 1748 4136 sumit,
1775 4071 1883 4126 sibi
1905 4071 2032 4136 adec

2151 4080 2326 4136 ἄλλων
2356 4076 2427 4130 τὰ
2463 4074 2605 4130 ὅπλα
2626 4072 2931 4144 τιθέμενος,
2959 4068 3100 4141 μετὰ
3125 4066 3234 4121 τῶν
3267 4065 3453 4121 ἄλλων
3482 4061 3580 4116 καὶ
3615 4059 3730 4111 ἑαυ-

455 4173 583 4212 cum
613 4158 844 4230 reliquis
873 4168 1068 4214 auctor
1102 4160 1298 4215 salutis
1335 4170 1442 4216 est.

2146 4171 2239 4224 τὸν
2262 4166 2542 4231 διασώζει.
3553 4241 3566 4246 _
3602 4241 3615 4246 _
3700 4233 3724 4246 _

524 4247 630 4315 Qui
663 4263 776 4305 non
807 4248 1063 4320 suscipit,
1098 4264 1265 4319 quam
1299 4249 1404 4320 ipsi
1437 4249 1610 4306 frater
1636 4249 1858 4307 adhibet
1884 4265 2044 4306 cura-

2228 4261 2290 4315 'O
2348 4258 2422 4332 μὴ
2486 4256 2918 4328 καταδεχόμενος
2988 4251 3088 4325 τὴν
3142 4249 3296 4320 παρὰ
3354 4247 3454 4302 τοῦ
3509 4241 3725 4332 ἀδελφοί)

466 4344 686 4409 tionem,
719 4341 834 4413 ipse
863 4358 900 4398 a
925 4357 984 4398 se
1014 4357 1238 4414 quoque
1271 4343 1554 4400 dissentit.

2148 4327 2450 4427 θεραπείαν
2481 4347 2902 4423 προσαγομένην
2926 4343 3096 4415 αὐτῷ,
3134 4339 3473 4413 ἀσύμφωνὸς
3499 4337 3613 4388 ἐστι
3641 4327 3725 4384 καὶ

522 4523 1014 4626 Tlreologi.-—Uno
1059 4524 1167 4580 hoc
1217 4525 1396 4595 capite
1443 4489 1636 4579 omnes
1683 4524 1760 4596 pii
1811 4540 2040 4591 sumus,
2069 4565 2101 4626 Ι

2147 4449 2309 4511 αὐτὸς
2336 4449 2536 4515 ἑαυτῷ.
3697 4508 3720 4521 .

2221 4535 2871 4609 Θεολόγουυ-Πάντες
2901 4523 3001 4603 μὶν
3062 4524 3309 4590 εὐσεϐεῖς
3365 4524 3445 4610 ea
3479 4521 3720 4626 ενδς

457 4616 606 4686 quod
649 4617 894 4688 reliquos
927 4617 1228 4688 impietatis
1270 4617 1700 4674 insimulamus:
1735 4619 1840 4689 ipsi
1882 4619 2036 4676 nobis

2147 4605 2587 4702 καταγινώσκειν
2639 4625 2885 4697 ἀλλήλων
2941 4621 3195 4676 ἀσέϐειαν
3219 4635 3234 4650 ·
3275 4617 3385 4671 τῶν
3442 4607 3544 4684 μὲν
3592 4605 3721 4702 ίδίιιιν

457 4708 612 4764 lenes
657 4707 915 4779 iudices.
980 4710 1326 4780 aliorumque
1380 4709 1505 4766 duri
1565 4711 1855 4782 exactique
1910 4726 2036 4768 cen-

2147 4691 2317 4799 πρᾶοι
2338 4723 2550 4796 κριταὶ,
2569 4720 2678 4775 τῶν
2711 4691 2773 4772 δέ
2797 4714 3095 4787 ἀλλοτρίων
3138 4710 3401 4783 ἀκριϐεῖς·
3427 4691 3716 4772 ἐξετασταί.

459 4815 633 4855 seres.
798 4812 799 4815 “

530 4893 680 4949 Inter
710 4907 814 4949 nos
845 4893 1168 4979 spiritaliter
1195 4910 1482 4950 versemur
1515 4914 1530 4950 :
1560 4895 1793 4954 fratrum
1840 4897 2048 4969 potius,

2222 4901 2482 4972 Συνῶμεν
2512 4897 2767 4969 ἀλλήλοις
2810 4887 3234 4960 πνευματικῶς·
3271 4877 3563 4955 γενώμεθα
3609 4869 3719 4942 φιλ-

461 5001 626 5057 quam
657 4986 761 5056 ipsi
787 4986 969 5042 nostri
1003 4988 1338 5044 amantiores
1366 4989 1562 5046 simus.

1424 5005 1562 5046 mus.
2149 4991 2594 5064 ἀδελφοιμᾶλλον
2623 4988 2658 5060 ἢ
2686 4987 2954 5056 φίλαυτοι.
3001 4984 3003 4986 ’

532 5077 1009 5145 Philonis—Qui
1042 5079 1100 5134 in
1141 5079 1226 5135 sui
1275 5079 1538 5136 duntaxat
1587 5082 1818 5153 gratiam
1851 5093 2051 5138 cuncta

2219 5057 2441 5142 Φιίιωκ.
2463 5113 2531 5125 —
2547 5082 2614 5135 Oi.
2638 5057 2849 5133 ἑαυτῶν
2876 5074 3036 5146 μόνον
3057 5069 3222 5124 ἕνεκα
3261 5066 3440 5121 πάντα
3467 5057 3714 5129 πράττον-

461 5179 650 5241 agunt,
681 5187 828 5228 οωεο
852 5173 938 5228 sui
968 5172 1162 5236 amori,
1189 5174 1429 5245 pessimo
1463 5177 1609 5230 vitio
1637 5177 1885 5232 studium
1919 5192 2040 5246 ope-

1956 5192 2052 5246 Ρθ-
2150 5197 2266 5246 τες,
2303 5175 2591 5250 φιλαυτίας
2618 5172 2884 5242 μέγιστον
2911 5165 3082 5221 κακὸν
3109 5159 3535 5232 ἐπιτηδεύουσιν.

463 5278 690 5333 tamque
716 5274 959 5335 ponunt.

534 5353 706 5410 Critii.
727 5355 1007 5411 —Dirum
1036 5371 1190 5420 vero,
1227 5371 1354 5424 cum
1385 5357 1512 5426 quis
1551 5357 1701 5412 sanis
1744 5359 2054 5416 rationibus
2818 5345 3073 5416 Κριτίου.
3572 5417 3597 5429 η

465 5463 587 5506 esse
617 5449 727 5505 sibi
752 5449 1024 5516 videatur,
1054 5467 1159 5507 nec
1187 5460 1368 5507 tamen
1396 5453 1486 5508 sit.

2153 5453 2364 5512 Δεινόν
2399 5450 2451 5504 δ’
2488 5450 2635 5503 ὅταν
2664 5463 2750 5511 τις
2794 5443 2882 5512 μὴ
2923 5436 3164 5510 φρονῶν
3203 5431 3356 5500 δοκῇ
3394 5429 3644 5516 φροῂεινέ

541 5543 706 5598 Probi
739 5559 932 5600 sumus
981 5553 1145 5615 atque
1184 5545 1332 5600 acuti
1379 5557 1441 5601 ut
1489 5545 1772 5604 videamus
1818 5547 2052 5605 aliorum

2028 5565 2052 5604 α
2167 5545 2402 5618 Ἀγαθοί
2438 5543 2507 5598 δὲ
2543 5542 2610 5596 τὸ
2633 5541 2824 5594 κακόν
2848 5537 3036 5604 ἐσμεν
3066 5531 3158 5600 ἐφ’
3193 5525 3405 5596 ἐτέρων
3433 5515 3574 5575 ἰδεῖν
3595 5523 3607 5539 ⁶

470 5635 694 5692 malum.

544 5727 655 5782 Nos
678 5745 810 5785 vero
842 5729 944 5801 ipsi
987 5747 1113 5786 cum
1146 5731 1404 5799 facimus,
1430 5734 1730 5790 nescimus.

2153 5729 2335 5792 Αὐτοὶ
2366 5726 2419 5781 δ’
2445 5725 2590 5780 ὅταν
2609 5715 2889 5790 εἰοιιῦμεν,
2920 5717 2992 5771 οὐ
3030 5711 3416 5784 γινώσκομεν.

547 5846 594 5879 δ’
625 5846 685 5902 In
708 5844 873 5901 Gesn.
906 5845 1061 5904 Stobi
1102 5847 1226 5901 105.
