3998 6418
286 454 432 520 1017

1617 455 1787 524 LOCI
1828 463 2268 528 COMMUNES.

3439 457 3584 522 1018

363 572 585 639 Σολομ.
611 568 681 624 δ’.
725 597 796 608 —
836 567 1067 638 Ἀγαθὸν
1101 571 1376 644 πλήρωμα
1403 572 1606 644 δρακὸς
1634 571 1884 625 ἀναπαύ-
1912 608 1925 633 ε

2043 569 2718 634 Prov.xvu,l.—Melior
2755 579 2840 628 est
2867 571 3182 642 manipulus
3219 584 3363 624 unus
3394 569 3592 638 plenus

289 673 455 723 σεως,
490 657 629 727 ὑπὲρ
664 655 1036 728 πληρώματος
1063 658 1157 713 δύο
1187 657 1408 730 δρακών
1440 659 1500 713 ὲν
1525 659 1740 730 μόχθῳ.

358 749 546 819 Σιρὰχ
575 756 748 816 ις’.--
768 751 1041 820 Κρεῖσσον
1074 747 1158 816 εἷς
1177 753 1408 820 δίκαιος,
1441 752 1474 824 ἢ
1505 752 1692 824 μύριοι
1716 753 1898 824 παρά-

287 859 480 914 νομοι·
519 844 617 898 καὶ
646 844 945 899 ἀποθανεῖν
979 845 1230 914 ἄτεκνον,
1252 845 1298 936 νὴ
1328 845 1501 917 ἀσεδῆ
1527 846 1696 902 τέκνα
1723 847 1891 916 ἔχειν.

372 1019 507 1075 Ἀπὸ
535 1021 656 1086 ἐνὸς
683 1022 910 1077 συνετοῦ
940 1023 1422 1096 συνοικισθήσεται
1453 1023 1633 1089 πόλις·
1666 1023 1811 1097 φυλὴ
1833 1024 1892 1078 δὲ

285 1112 514 1184 ἀνόμων
549 1114 985 1187 ἐρημωθήσεται
1015 1117 1075 1169 ὲν
1103 1115 1285 1186 τάχει.
1550 1145 1552 1148 -
1780 1140 1782 1143 ·

361 1208 713 1264 Βασιλειου.
731 1210 1089 1274 -Πολλάκις
1113 1209 1225 1282 γὰρ
1254 1212 1283 1264 ὁ
1313 1211 1372 1263 ὲν
1399 1209 1479 1282 τῷ
1511 1212 1665 1283 μέσῳ
1693 1210 1892 1282 μικρόν

281 1318 339 1353 τι
384 1300 751 1372 κατορθώσας
772 1343 788 1368 ,
843 1302 1048 1374 μείζων
1067 1303 1193 1356 ἐστὶ
1220 1301 1316 1356 τοῦ
1345 1302 1404 1356 ἐν
1427 1301 1663 1375 ἀφθονίᾳ
1689 1302 1752 1358 τὸ
1781 1303 1892 1357 πᾶν

281 1391 770 1462 κατορθώσαντος.

359 1484 518 1551 Ψαλο
536 1470 671 1553 ριγθ.
693 1511 766 1528 -—-
801 1484 864 1537 Ei
879 1486 988 1552 γὰρ
1009 1486 1174 1554 ἄρτος
1193 1483 1292 1553 τὴν
1309 1480 1542 1552 καρδίαν
1568 1476 1668 1533 ἀνθ
1677 1474 1868 1548 ρώπου

285 1573 557 1644 ετηρίζει,
611 1575 673 1629 οὐ
705 1577 789 1629 δεῖ
819 1575 982 1628 πλέον
1034 1575 1130 1630 τοῦ
1165 1574 1472 1642 ἀναγκαίου
1505 1571 1606 1641 τῆς
1655 1569 1866 1640 τροφῆς

278 1668 344 1720 τὸ
387 1666 725 1738 πηιοσξψημα
755 1667 968 1734 ἀλόγως
1001 1667 1437 1738 προσφέρεσθαι.

361 1757 686 1827 Θεολόγου.
738 1787 814 1801 ——-
859 1760 1150 1830 Κρείσσων
1209 1761 1578 1831 ὀλιγοχρόνιος
1636 1759 1888 1830 βασιλεία

281 1850 514 1920 μακρᾶς
541 1851 897 1921 τυραννίδος,
954 1854 1051 1906 καὶ
1082 1852 1239 1926 ὀλίγη
1274 1856 1434 1926 μερὶς
1464 1854 1645 1924 τιμία,
1682 1855 1887 1924 πολλῆς

2002 669 2386 738 requietionis,
2417 683 2581 738 quam
2614 667 2765 737 pleni
2790 665 2902 720 duo
2925 663 3194 733 manipuli
3227 663 3282 716 in
3309 661 3514 723 labore.

2070 760 2238 815 Eccli.
2285 777 2402 827 xw,
2455 758 2819 815 5.—-Melior
2851 765 2938 812 est
2987 770 3132 810 unus
3168 757 3374 825 justus,
3426 767 3593 822 quam

1997 853 2192 908 decem
2240 853 2415 907 millia
2481 851 2834 921 iniquorum;
2887 854 3227 919 praestatque
3279 846 3422 900 mori
3473 845 3594 900 sine

1995 945 2210 1012 liberis,
2233 961 2402 1016 quam
2432 944 2640 998 habere
2667 941 2812 997 ﬁlios
2840 939 3061 1010 impios.

2066 1039 2237 1094 Eccli.
2286 1054 2397 1104 xvi,
2443 1036 2694 1093 5.—Ab
2742 1052 2855 1090 uno
2906 1041 3130 1090 sensato
3182 1029 3597 1086 cohabi‘tabitur

1994 1131 2223 1196 civitas;
2260 1145 2394 1202 gens
2427 1137 2612 1183 autem
2668 1127 2984 1198 iniquorum
3033 1123 3190 1180 brevi
3227 1120 3594 1177 desolabitur.

2064 1221 2274 1278 Basilii.
2297 1221 2551 1291 —Hau(_l
2599 1235 2728 1276 raro
2775 1219 2946 1283 enim,
2983 1218 3078 1288 qui
3116 1218 3172 1272 in
3209 1213 3596 1270 mediocritate

1991 1315 2254 1386 exiguum
2293 1314 2505 1384 aliquid
2551 1329 2620 1370 ex
2666 1312 2874 1368 virtute
2906 1310 3096 1381 gessit,
3129 1324 3197 1364 eo
3247 1307 3445 1362 melior
3483 1314 3592 1370 est,

1992 1406 2088 1477 qui
2121 1405 2176 1459 in
2201 1404 2540 1460 abundantia
2598 1403 2785 1458 omnia
2820 1401 3092 1472 implevit.

2062 1490 2212 1546 Psal.
2240 1508 2352 1554 cm,
2382 1492 2466 1547 16.
2489 1523 2561 1532 —-
2582 1491 2718 1547 Nam
2745 1491 2790 1546 si
2817 1490 2980 1561 panis
3005 1505 3103 1544 cor
3130 1487 3378 1543 heminis
3405 1500 3595 1542 corro-

1990 1582 2174 1649 borat,
2202 1585 2336 1655 quid
2379 1601 2610 1640 necesse
2653 1599 2823 1654 supra
2871 1581 3250 1639 necessarium
3287 1581 3477 1636 cibum
3507 1586 3593 1634 te-

1990 1692 2142 1731 mere
2171 1677 2465 1732 obsonium
2497 1677 2737 1733 inferre?

2063 1766 2327 1838 Theologi.
2349 1799 2420 1807 —
2439 1768 2613 1823 Breve
2660 1783 2915 1839 regnum,
2959 1767 3160 1822 melius
3191 1771 3278 1819 est
3309 1762 3472 1831 longa
3503 1768 3592 1832 ty-

1991 1857 2260 1926 rannide;
2290 1873 2574 1927 parvaque
2602 1857 2788 1928 portio
2817 1872 2944 1912 cum
2990 1857 3226 1918 honore,
3257 1851 3436 1921 ampla
3468 1847 3592 1904 sine

277 1941 538 2011 κτήσεως
567 1942 768 2014 ἀτίμου
803 1944 898 1998 καὶ
926 1944 1207 2017 σφαλερᾶς
1228 1985 1244 2012 ,
1303 1946 1396 1999 καὶ
1425 1944 1623 2000 πολλοῦ
1657 1946 1886 2011 σκότους
1923 1973 1925 2016 λ

2030 1966 2201 2005 onore
2236 1950 2534 2020 fallacique
2565 1949 2877 2005 substantia
2905 1966 2920 2002 :
2944 1947 3133 2002 multis
3169 1945 3412 2013 denique
3439 1951 3594 1997 tene-

282 2034 476 2102 ὀλίγον
505 2035 644 2104 φῶς.

353 2129 662 2196 Χρυσοστ.
709 2159 784 2169 —
835 2130 910 2183 Οὗ
944 2130 1023 2201 τῷ
1055 2131 1242 2203 μέτρῳ
1275 2131 1384 2186 τῶν
1407 2131 1707 2203 διδομένων
1731 2130 1887 2202 ἐλεη-

281 2217 496 2289 μοσύνη
525 2219 796 2290 κρίνεται,
829 2219 966 2274 ἀλλὰ
991 2222 1059 2292 τῇ
1086 2221 1338 2293 δαψιλείᾳ
1366 2223 1468 2293 τῆς
1493 2221 1743 2293 γνώμης.

363 2403 457 2456 Ἐν
506 2402 770 2472 ἁμίλλαις
823 2400 1094 2478 πονηραῖς
1147 2403 1480 2475 ἀθλιώτερος
1532 2405 1561 2457 ὁ
1613 2403 1882 2474 νικήσας,

275 2495 419 2549 διότι
449 2497 758 2568 ἀπέρχεται
791 2497 852 2552 τὸ
882 2499 1046 2552 πλέον
1073 2498 1214 2568 έχων
1249 2499 1352 2568 τῆς
1379 2495 1680 2568 ἁμαρτίας.

351 2588 700 2656 Πλάτωνος.
727 2620 804 2648 ——.
823 2590 931 2644 Τοῦ
964 2583 1210 2654 πλείονος
1237 2590 1356 2662 βίου
1392 2590 1489 2644 καὶ
1519 2587 1881 2659 φαυλοτέρου,

1988 2041 2128 2106 bris,
2162 2042 2257 2096 lux
2284 2041 2506 2111 exigua.

2059 2134 2328 2206 Clirysost.
2350 2166 2422 2174 —
2439 2135 2822 2204 Eleemosyna,
2845 2146 2956 2186 non
2985 2145 3055 2185 ex
3082 2143 3298 2192 eorum,
3318 2142 3441 2196 quae
3459 2139 3589 2180 ero-

1989 2238 2214 2299 gantur,
2245 2226 2410 2281 modo
2437 2225 2761 2281 aestimanda
2793 2231 2901 2289 est,
2938 2221 3037 2278 sed
3065 2237 3134 2277 ex
3171 2220 3322 2291 larga
3354 2232 3590 2289 erogan-

1989 2320 2129 2374 tium
2163 2320 2475 2374 voluntate.

2056 2412 2117 2466 In
2167 2411 2326 2466 malis
2373 2410 2776 2466 certaminibus
2806 2407 3064 2463 miserior
3095 2415 3181 2461 est
3213 2404 3308 2475 qui
3351 2401 3586 2458 victoria

1985 2502 2216 2573 potitur,
2248 2502 2398 2572 quod
2431 2501 2640 2571 primas
2667 2500 2880 2570 peccati
2913 2499 3096 2554 ferens
3124 2496 3407 2553 abscedat.

2052 2593 2231 2648 Plato.
2254 2593 2660 2663 —Copiosiori
2689 2593 2817 2647 vitae
2845 2607 2910 2646 ac
2939 2589 3219 2660 nequiori,
3251 2603 3374 2657 quae
3402 2589 3589 2643 minor

277 2683 374 2737 τὸν
405 2682 620 2738 ἐλάσσω
650 2683 746 2737 καὶ
772 2683 1038 2756 ἀμείνονα
1064 2684 1195 2738 ὄντα
1233 2681 1396 2737 παντὶ
1428 2682 1650 2744 πάντως
1682 2696 1884 2750 προαι-

2030 2693 2060 2740 .ι
2095 2695 2263 2757 atque
2292 2685 2511 2752 melior,
2540 2683 2758 2741 cunctis
2782 2683 3012 2738 omnino
3040 2679 3290 2756 praeponi
3324 2678 3511 2733 debet.

281 2776 492 2849 ρετέον.

363 2867 662 2938 Ἰσοκράτ.
687 2898 760 2911 ——
791 2867 1158 2939 Προαιρετέον
1188 2867 1410 2938 μέτριον
1446 2866 1586 2937 μετὰ
1613 2863 1896 2920 δικαιοσύ-

277 2981 383 3035 νης
420 2963 644 3033 μᾶλλον,
681 2961 714 3034 ἢ
754 2961 930 3033 μέγαν
960 2953 1196 3014 πλοῦτον
1233 2961 1352 3031 μετ’
1377 2961 1616 3024 ἀδικίας.

352 3055 618 3123 Δημοσθ.
661 3083 730 3094 -—
763 3046 936 3115 υῦτος
986 3050 1326 3122 θεασάμενός
1376 3071 1500 3107 τινα
1550 3053 1883 3126 δημαγωγὸν

279 3147 435 3218 ἀφυῆ
473 3148 617 3217 μέγα
647 3145 879 3216 βοῶντα,
914 3143 1043 3215 ἔφη,
1084 3144 1229 3201 Ἀλλ’
1249 3146 1310 3199 οὐ
1343 3146 1406 3200 τὸ
1437 3147 1602 3218 μέγα,
1641 3146 1702 3200 εὖ
1727 3150 1843 3200 ἐστι
1865 3163 1880 3178 ο

279 3244 342 3296 τὸ
372 3241 428 3295 δὲ
458 3236 540 3308 εὖ,
573 3240 738 3312 μέγα.

361 3416 720 3487 Ἐπικτήτου
736 3421 889 3475 ⁸⁰.-
912 3419 1034 3472 Τῶν
1062 3417 1234 3490 ἡδέων
1264 3418 1334 3473 τὰ
1361 3417 1713 3473 σπανιώτατα
1743 3419 1886 3490 γινό-

287 3531 430 3587 μενα
462 3515 698 3586 μάλιστα
727 3515 944 3587 τέρπει.

367 3606 718 3676 Ἀλέξανδρ.
761 3637 834 3649 -
865 3608 1220 3679 Ἀλέξανδρος
1262 3605 1506 3667 ἀκούσας
1544 3604 1628 3658 ὅτι
1655 3605 1883 3672 Δαρεῖος

285 3702 587 3773 τριάκοντα
640 3699 908 3772 μυριάδας
961 3703 1042 3765 εἰς
1091 3699 1400 3772 παράταξιν
1426 3697 1572 3768 ἄγει,
1595 3691 1736 3768 ’ἔφη’
1786 3690 1883 3761 Εἷς

294 3797 560 3866 μάγειρος
594 3794 656 3847 οὐ
689 3794 941 3864 φοϐεῖται
974 3793 1150 3848 πολλὰ
1182 3792 1454 3864 πρόϐατα.

369 3886 433 3940 Ὀ
463 3885 668 3954 αὐτὸς,
723 3884 1077 3940 κατασκόπου
1133 3884 1388 3953 λέγοντος
1434 3881 1617 3954 αὐτῷ,
1666 3879 1884 3946 πλείους

288 3975 430 4035 εἶναι
473 3981 603 4045 τοὺς
645 3983 898 4051 Δαρεῖον,
935 3979 1040 4050 ἔφη
1067 3995 1082 4010 ·
1140 3979 1255 4032 Καὶ
1284 3977 1354 4030 τὰ
1383 3961 1631 4050 πρόϐατα
1663 3975 1886 4030 πλείονα

287 4073 438 4140 ὄντα,
475 4075 594 4138 ένὸς
622 4074 656 4145 ἢ
688 4073 950 4145 δευτέρου
983 4071 1151 4125 λύκου
1184 4068 1518 4143 χειροῦνται.

363 4195 414 4226 ⁸ο
446 4194 574 4249 Ἀλ.
614 4192 820 4249 Ἀνωνύ
833 4210 960 4262 μου.

2056 2872 2327 2929 Isocratis.
2351 2872 2669 2927 ——Prsestat
2712 2867 3012 2924 mediocris
3045 2881 3230 2921 rerum
3265 2863 3424 2933 copia
3454 2877 3582 2920 cum

1980 2965 2217 3036 justitia,
2257 2979 2423 3034 quam
2457 2963 2714 3033 ingentes
2748 2960 2957 3016 divitiae
2985 2973 3110 3014 cum
3142 2955 3438 3026 injustitia.

2055 3056 2329 3110 Demosth.
2349 3087 2422 3096 —
2443 3055 2494 3110 Is
2523 3054 2883 3124 conspicatus
2934 3051 3219 3106 tribunum
3266 3048 3449 3118 plebis
3480 3047 3585 3102 he-

1984 3148 2191 3212 betem,
2220 3149 2330 3202 alte
2351 3147 2774 3206 vociferantem,
2797 3142 2881 3210 AI,
2912 3142 3115 3213 inquit,
3147 3156 3259 3195 non
3289 3139 3437 3210 quod
3470 3153 3590 3192 ma-

1986 3255 2154 3310 gnum
2198 3246 2308 3306 est,
2351 3237 2497 3291 bene
2529 3245 2648 3302 est;
2684 3234 2781 3290 sed
2825 3233 2974 3305 quod
3007 3233 3150 3288 bene
3182 3235 3287 3297 est,
3322 3241 3582 3297 maguum

1913 3325 1955 3383 C
1987 3340 2092 3389 est.

2057 3424 2308 3496 Epicteti.
2329 3420 2738 3476 -—-Rarissim:e
2783 3420 3096 3490 voluptates
3138 3414 3378 3470 maxime
3406 3411 3583 3489 dele-

1988 3521 2155 3569 ctant.

2063 3602 2818 3661 Alexanaer.-—Alexander
2866 3599 3100 3655 audiens
3167 3594 3393 3651 Darium
3463 3601 3585 3645 tre-

1990 3703 2152 3752 centa
2178 3694 2352 3749 millia
2383 3694 2438 3748 in
2469 3693 2885 3763 expeditionem
2911 3689 3172 3753 educere,
3199 3700 3344 3740 unus
3376 3681 3580 3745 lanius,

1991 3788 2190 3859 inquit,
2224 3801 2337 3840 non
2370 3785 2526 3839 timet
2556 3785 2760 3838 multas
2790 3797 2942 3838 oves.

2060 3880 2248 3946 Idem,
2291 3895 2418 3934 cum
2463 3878 2780 3947 explorator
2822 3871 3199 3934 renuntiaret,
3237 3868 3425 3938 plures
3457 3877 3583 3918 esse

1991 3973 2142 4030 Darii
2169 3971 2394 4036 milites,
2412 3972 2480 4026 Et
2507 3969 2659 4035 oves,
2692 3967 2894 4039 inquit,
2923 3963 3337 4022 numerosiores
3366 3959 3436 4014 ab
3470 3971 3582 4012 uno

1875 4091 1878 4094 ~
1993 4074 2091 4121 aut
2117 4063 2292 4120 altero
2325 4061 2458 4132 lupo
2482 4060 2836 4134 subiguntur.

1702 4525 2183 4617 ΕΚΘΕΣΙΣ

1137 4717 1276 4771 ΤΗΣ
1315 4717 1713 4776 ΟΜΟΛΟΓῙΑΣ
1751 4715 1888 4768 ΤΗΣ
1926 4711 2222 4767 ΠΙΣΤΕΩΣ
2261 4706 2397 4762 ΤΩΝ
2436 4701 2763 4769 ΛΑΤΙΝΩΝ,

365 4857 788 4929 Συγγραφεῒσα
819 4857 918 4914 καί
941 4857 1365 4915 ἀποσταλεῖσα
1418 4858 1580 4929 παρὰ
1618 4856 1959 4925 Γρηγορίου
2010 4856 2188 4907 Πάπα
2225 4848 2469 4929 Ῥώμηᾲ
2500 4844 2653 4916 πρὸς
2695 4839 3012 4914 Γερμανὸν
3040 4838 3152 4895 τὸν
3180 4834 3513 4908 ἁγιώτατον

1365 4923 1742 4998 πατριάρχὴν
1760 4923 1768 4925 “
1784 4923 2516 4986 Κωνσταντινουπόλεως.

1920 5065 1994 5082 —

1657 5326 1665 5328 ε,
1739 5206 2173 5301 EDITIO

1258 5404 1828 5470 CONFESSIONIS
1868 5401 2091 5464 FIDEI
2139 5400 2644 5474 LATINORU‘M,

471 5557 713 5638 Scripta
780 5553 1106 5634 missaque
1173 5567 1206 5614 a
1264 5548 1596 5638 Gregorio.
1645 5546 2420 5638 Romano‘pontiﬁceﬂed
2483 5541 2956 5607 sanctissimum
3021 5541 3404 5602 Germanum

1307 5625 1729 5708 patriarcham
1771 5625 2581 5706 ConstantinOpolitanum.

381 5843 571 5916 Πατὴρ
605 5845 721 5900 ἐστὶ
750 5843 967 5915 πλήρης
997 5842 1128 5904 Θεὸς
1161 5841 1216 5893 ἐν
1247 5837 1427 5908 ἐαυτῷ
1451 5855 1465 5869 ·
1512 5839 1540 5892 ὁ
1571 5837 1718 5904 Υἱὸς,
1756 5837 1894 5910 πλήη

2070 5837 2238 5910 690
2269 5836 2450 5898 Pater,
2482 5833 2628 5888 Deus
2675 5833 2872 5903 plenus
2920 5841 3006 5888 est
3055 5832 3108 5887 in
3141 5830 3357 5902 seipso;
3395 5830 3584 5893 Filius,

311 5955 416 6012 ρης
458 5938 609 6007 Θεὸς,
660 5937 768 5995 ἀπὸ
820 5936 912 5992 τοῦ
956 5934 1169 6006 Πατρὸς
1215 5931 1476 6004 γεννητὸς
1504 5945 1516 5959 ·
1580 5931 1640 5986 τὸ
1672 5932 1896 6004 Πνεῦμα

2030 5937 2148 5987 )cus
2190 5929 2387 6004 pignus
2435 5943 2500 5984 ex
2545 5927 2703 5983 Patre
2754 5925 3003 5999 genitus;
3046 5925 3286 5999 Spiritus
3337 5932 3586 5991 sanctus,
