3998 6370
525 407 628 470 319

1813 406 2193 471 GBEGORII
2230 409 2439 472 PAPIB

3640 409 3764 478 1020

487 515 634 570 Deus
663 516 882 586 plenus,
911 529 977 570 ex
1009 515 1170 572 Patre
1198 515 1450 588 Filioque
1483 516 1810 588 procedens.
1839 516 2065 587 Ao-Spi-

2171 513 2232 567 τδ
2260 515 2436 584 ἅγιον,
2469 515 2688 588 πλήρης
2714 516 2868 579 Θεὸς,
2900 514 3008 568 ἀπὸ
3036 515 3126 568 τοῦ
3157 515 3392 584 Πατρὸς
3420 515 3516 568 καὶ
3541 516 3630 570 τοῦ
3650 521 3765 579 Υἱοῦ

491 608 633 663 ritus
672 607 897 678 quidem
927 607 1244 665 immediate
1274 608 1526 680 procedit
1551 625 1583 664 a
1627 608 1798 675 Filio;
1835 625 1868 664 a
1909 609 2071 664 Patre

490 715 646 764 vero,
671 699 950 756 mediante
978 701 1138 756 Filio.
1163 700 1320 767 Quod
1353 708 1539 754 autem
1581 699 1822 770 Spiritus
1848 707 2074 756 sanctus

490 791 754 862 procedat
794 806 826 845 ι
858 791 1025 856 Filio,
1057 791 1164 846 hoc
1195 791 1360 846 habet
1389 791 1562 846 Filius
1586 807 1617 846 a
1644 791 1825 847 Patre.
1865 791 2071 858 Quam-

491 884 706 950 obrem,
737 883 833 954 qui
856 900 967 938 non
1003 884 1182 940 credit
1203 884 1352 954 quod
1373 883 1614 954 Spiritus
1633 892 1856 940 sanctus
1875 898 2072 954 proce-

491 974 576 1030 dit
616 990 648 1029 a
692 975 852 1041 Filio,
891 975 948 1030 in
991 975 1080 1030 via
1120 983 1206 1030 est
1250 975 1599 1045 perditionis.
1640 975 1798 1031 Unde
1848 982 2074 1032 sanctus

492 1065 846 1132 Athanasius,
879 1082 1004 1122 cum
1040 1066 1096 1120 in
1133 1065 1452 1122 Occidentis
1496 1067 1744 1136 partibus
1775 1066 2070 1131 exsularet,

493 1152 552 1206 in
579 1152 822 1208 e'ditione
853 1153 1004 1219 tldei,
1038 1169 1204 1224 quam
1233 1155 1446 1210 Latinis
1480 1154 1558 1226 (a)
1586 1155 1770 1211 verbis
1796 1155 2069 1225 exposuit,

493 1245 575 1301 sic
605 1245 685 1300 ait
732 1263 746 1299 :
788 1245 952 1300 Pater
986 1262 1013 1298 e
1052 1243 1200 1300 nullo
1233 1253 1310 1299 est
1345 1246 1533 1316 factus,
1569 1263 1661 1299 nec
1699 1253 1928 1309 creatus,
1981 1261 2074 1301 nec

493 1337 736 1406 genitus;
765 1334 932 1390 Filius
961 1354 994 1390 a
1022 1337 1186 1392 Patre
1209 1335 1320 1391 solo
1343 1345 1438 1403 est,
1464 1353 1568 1390 non
1591 1337 1784 1407 factus,
1814 1353 1906 1390 nec
1925 1354 2075 1391 crea-

493 1435 599 1492 tus,
631 1427 726 1481 sed
770 1429 1003 1497 genitus;
1036 1426 1265 1499 Spiritus
1293 1438 1508 1483 sanctus
1551 1447 1584 1483 a
1628 1428 1791 1483 Patre
1832 1439 1881 1484 et
1912 1429 2070 1496 Pilio,

494 1533 601 1571 non
647 1517 840 1587 factus,
871 1536 964 1573 nec
996 1529 1224 1586 creatus,
1259 1537 1354 1574 nec
1385 1523 1612 1592 genitus,
1649 1523 1742 1576 sed
1768 1523 2070 1592 procedens.

494 1605 752 1677 Idemque
777 1618 999 1664 sanctus
1022 1609 1374 1672 Athanasius,
1403 1611 1460 1665 in
1483 1611 1728 1687 editione
1757 1611 1884 1666 ﬁdei
1908 1629 2073 1683 quam

491 1699 677 1755 verbis
711 1701 917 1758 Graecis
965 1704 1254 1773 exposuit,
1303 1704 1370 1759 ad
1417 1706 1648 1760 verbum
1697 1706 1774 1760 ait
1803 1725 1817 1760 :
1845 1706 2073 1778 Spiritus

491 1801 708 1846 sanctus
755 1800 965 1858 autem,
1020 1793 1199 1848 Patris
1230 1797 1489 1864 processio
1541 1803 1646 1859 est,
1689 1797 1905 1864 ferentis
1954 1815 2074 1853 eum

491 1881 636 1946 Filii,
669 1900 761 1952 per
805 1886 1295 1956 quemoadimplevit
1339 1889 1541 1943 omnia.
1588 1887 1745 1944 Unde
1775 1898 1834 1944 et
1878 1890 2074 1947 beatus

492 1971 812 2042 Gregorius,
848 1975 940 2029 cui
975 1977 1173 2030 merito
1206 1977 1600 2048 Thaumaturgi
1648 1994 1848 2035 nomen
1891 1981 2072 2036 tribu-

494 2071 612 2115 tum
642 2071 747 2126 est,
778 2063 1148 2120 Neocaesareae
1188 2066 1502 2136 episcopus,
1534 2069 1591 2122 in
1633 2068 1878 2124 editione
1921 2071 2070 2134 ﬁdei,

492 2166 658 2220 quam
688 2167 787 2221 per
817 2154 1212 2209 revelationem
1241 2172 1272 2210 a
1311 2157 1474 2212 beato
1497 2158 1705 2214 Joanne
1735 2162 2074 2230 evangelista

493 2241 873 2298 intercedente
907 2243 1002 2298 Dei
1039 2245 1318 2302 Genitrice
1348 2248 1562 2313 habuit,
1598 2251 1677 2305 sic
1716 2250 1923 2307 diserte
1957 2253 2072 2309 cla-

492 2332 682 2396 mavit,
717 2333 908 2389 dicens
935 2352 948 2388 :
983 2352 1118 2390 unus
1149 2337 1289 2392 Deus
1319 2339 1482 2406 Pater
1509 2341 1657 2395 Verbi
1685 2344 1923 2408 viventis,
1955 2362 2073 2400 vere

491 2426 788 2480 exsistentis
813 2425 1104 2498 Sapientia:
1129 2441 1178 2484 et
1211 2431 1447 2497 Virtutis,
1477 2444 1526 2487 et
1551 2437 1885 2504 sempiterna?
1909 2437 2071 2508 Figu-

491 2529 596 2579 raz;
626 2517 882 2586 perfectus
913 2521 1128 2590 perfecti
1172 2539 1401 2592 parens;
1436 2525 1598 2580 Pater
1636 2526 1760 2582 Filii
1793 2531 2068 2601 unigeniti.

494 2603 638 2658 Unus
680 2605 960 2675 Dominus,
996 2610 1138 2665 solus
1181 2629 1244 2666 ea:
1275 2613 1408 2679 solo,
1436 2615 1576 2670 Deus
1618 2634 1683 2672 ea:
1709 2618 1840 2686 Deo,
1871 2621 2072 2692 Figura

486 2697 646 2768 691
685 2708 734 2752 et
765 2701 940 2770 imago
969 2701 1180 2756 deitatis
1198 2721 1217 2770 ;
1263 2705 1485 2760 Verbum
1513 2709 1712 2778 efficax,
1739 2720 1795 2766 et
1826 2729 1948 2782 qua:
1979 2732 2070 2771 se-

487 2800 752 2858 quuntur.
800 2792 957 2858 Quod
988 2803 1173 2875 autem
1216 2797 1282 2852 de
1321 2799 1460 2853 Filio
1501 2800 1598 2866 ait,
1649 2803 1787 2873 quod
1824 2805 1968 2861 solus
2006 2825 2070 2863 ea:

485 2880 635 2947 solo;
666 2899 774 2938 non
822 2885 990 2956 igitur
1016 2885 1259 2956 Spiritus
1300 2899 1526 2946 sanctus
1560 2908 1626 2947 ex
1653 2895 1770 2950 solo
1799 2913 1812 2950 :
1842 2912 1976 2968 ergo
2001 2916 2070 2956 ex

485 2969 646 3026 Patre
669 2982 725 3026 et
747 2975 878 3038 alio,
903 2977 1349 3047 quandoquidem
1385 2990 1470 3034 est
1500 2996 1567 3036 ex
1600 2984 1808 3054 aliquo.
1837 2987 2070 3052 Quando

483 3068 669 3112 autem
713 3061 971 3147 dicimus,
1008 3081 1072 3120 ea:
1114 3066 1281 3122 Patre
1321 3077 1369 3122 et
1399 3070 1528 3135 alio,
1561 3088 1670 3128 non
1697 3091 1762 3129 ex
1791 3077 1901 3131 alio
1930 3079 2070 3136 dici-

2175 609 2638 680 ἐκπορευόμενον.
2691 609 2802 660 Καὶ
2835 608 2896 662 τὸ
2928 605 3151 676 Πνεῦμα
3186 607 3297 676 μὲν
3321 645 3337 669 ,
3391 606 3504 659 ἀπὸ
3533 608 3627 660 τοῦ
3650 611 3765 666 Υἱοῦ

2171 699 2530 771 ἐκπορεύεται
2558 699 2779 770 ἀμέσως
2799 716 2812 730 ’
2840 698 2948 754 ἀπὸ
2974 698 3067 753 τοῦ
3099 697 3328 768 Πατρός
3357 697 3440 761 δὲ,
3469 699 3767 766 μεσιτεύον-

2171 810 2262 856 τος
2307 793 2400 846 τοῦ
2449 791 2604 846 Υἱοῦ.
2660 793 2733 846 Τὸ
2786 791 2878 856 δὲ,
2924 793 3008 845 ὅτι
3044 791 3105 848 τὸ
3133 790 3384 861 Πνεῦμα
3416 789 3482 841 τὸ
3512 791 3666 859 ἅγιον
3687 795 3767 846 ὲκ-

2173 882 2466 952 πορεύεται
2513 883 2621 936 ἀπὸ
2661 883 2756 936 τοῦ
2799 881 2952 945 Υἱοῦ,
2988 881 3149 935 τοῦτο
3182 880 3308 949 ἔχει
3340 882 3370 932 ὁ
3400 879 3534 942 Υἱὸς
3561 881 3767 936 ἀπὸτοῦ

2171 975 2405 1045 Πατρός.
2465 974 2565 1029 Διὰ
2609 973 2791 1037 τοῦτο,
2845 975 2997 1037 ὅστις
3029 970 3288 1026 πιστεύει
3341 971 3432 1024 ὅτι
3464 970 3770 1043 τοιινεῦμα

2170 1069 2232 1122 τὸ
2260 1069 2416 1136 ἆγιον
2447 1068 2550 1122 οὐκ
2577 1067 2942 1137 ἐκπορεύεται
2973 1067 3080 1120 ἀπὸ
3107 1065 3204 1120 τοῦ
3240 1063 3386 1119 Υἱοῦ
3408 1106 3422 1129 ,
3457 1065 3520 1118 ὲν
3547 1065 3652 1134 ὁδῷ
3678 1067 3770 1119 ἀπ-

2169 1159 2365 1223 ωλείας
2394 1160 2562 1213 ἐστίν.
2595 1158 2760 1212 Ὅθεν
2789 1159 2817 1210 ὀ
2847 1159 3000 1226 ἅγιος
3032 1157 3392 1220 Ἀθανάσιος,
3431 1157 3566 1210 ὅταν
3594 1157 3770 1220 ὲνντοῖς

2176 1253 2368 1324 μέρεσι
2400 1254 2636 1314 δυτικοῖς
2665 1252 2941 1322 ὲξόριστος
2965 1245 3055 1320 ἦν,
3093 1251 3154 1303 ὲν
3183 1251 3256 1320 τῇ
3293 1247 3531 1301 ἐκθέσει
3564 1247 3662 1318 τῆς
3692 1249 3769 1301 πί-

2175 1362 2375 1408 στεως,
2427 1346 2491 1416 ἢν
2519 1348 2631 1407 τοῖς
2661 1347 2969 1407 Λατινικοῐς
3003 1346 3214 1414 ῥήμασι
3248 1341 3599 1412 διεσάφησεν
3619 1380 3634 1403 ,
3685 1341 3767 1392 οὔ·

2171 1454 2281 1499 τως
2332 1437 2456 1506 ἔφη·
2505 1436 2559 1488 ’0
2610 1436 2814 1504 Πατὴρ
2873 1435 2976 1490 ἀπ’
2995 1435 3258 1499 οὐδενός
3313 1435 3458 1486 ἐστι
3510 1429 3766 1498 ποιητὸς,

2173 1529 2330 1582 οὔτε
2364 1526 2607 1590 κτιστὸς
2629 1566 2648 1591 ,
2697 1527 2837 1581 οὔτε
2879 1527 3192 1595 γεννητός.
3241 1524 3310 1578 '0
3350 1524 3494 1589 Υἱὸς
3525 1521 3646 1576 ἀπὸ
3673 1522 3767 1577 τοῦ

2174 1617 2405 1684 Πατρός
2430 1618 2624 1686 μόνου
2649 1616 2844 1682 ἐστὶν,
2897 1618 2969 1671 οὐ
3003 1616 3280 1684 ποιητὸς,
3333 1613 3489 1668 οὐδὲ
3516 1611 3767 1678 auratac,

2175 1707 2336 1762 ἀλλὰ
2364 1708 2674 1775 τεννητός.
2738 1709 2805 1760 Τὸ
2852 1706 3098 1776 Πνεῦμα
3144 1707 3211 1760 τὸ
3258 1705 3470 1776 ἅγιον,
3522 1703 3641 1759 ἀπὸ
3669 1703 3767 1757 τοῦ

2176 1797 2406 1865 Πατρὸς
2441 1796 2538 1851 καὶ
2566 1796 2672 1852 τοῦ
2709 1797 2867 1859 Υἱοῦ,
2904 1799 2974 1852 οὐ
2999 1797 3280 1868 ποιητὸν,
3319 1795 3476 1850 οὐδὲ
3508 1793 3766 1860 κτιστὸν,

2108 1860 2146 1911 Β
2177 1860 2344 1960 [aude
2370 1860 2708 1960 γεννητὸν,]
2761 1888 2898 1942 ἀλλ’
2922 1860 3325 1955 ἐκπορευτόν.
3387 1885 3507 1940 Καὶ
3549 1887 3580 1938 ὁ
3618 1884 3766 1948 αὐτὸς

2173 1979 2327 2048 ἅγιος
2354 1979 2692 2042 Ἀοανὰσιος,
2723 1981 2781 2031 ἐν
2809 1982 2873 2050 τῇ
2903 1978 3120 2032 ἐκθέσει
3151 1979 3256 2046 τῆς
3289 1980 3566 2041 πίστεως,
3594 1975 3660 2046 ἢν
3683 1976 3770 2046 ῥή-

2177 2089 2311 2142 μασι
2357 2073 2615 2142 Γραικοῖς
2665 2071 2996 2143 ἐξηγήσατο,
3054 2071 3196 2125 κατὰ
3231 2071 3398 2142 ῥῆμα
3433 2068 3612 2131 οὕτως
3638 2066 3762 2136 ἔφη’

2178 2161 2246 2216 Τὸ
2272 2162 2516 2230 Πνεῦμα
2539 2161 2608 2214 δὲ
2637 2161 2699 2216 τὸ
2726 2161 2896 2229 ἅγιον
2943 2160 3292 2230 ἐκπόρευμα
3313 2159 3392 2212 ὃν
3413 2157 3528 2212 τοῦ
3551 2155 3766 2226 Πατρός

2172 2253 2269 2308 καὶ
2295 2253 2402 2308 τοῦ
2424 2255 2711 2324 φέροντος
2727 2252 2888 2315 Υἱοῦ,
2916 2253 2991 2306 δι’
3012 2247 3084 2308 οὗ
3108 2251 3446 2319 ἐπλήρωσε
3468 2249 3541 2304 τὰ
3555 2247 3760 2303 πάντα.

2175 2345 2338 2400 ’Ὅθεν
2388 2333 2498 2400 καί
2529 2347 2558 2400 ὁ
2605 2344 2876 2416 μακάριος
2915 2343 3221 2415 Γρηιγόριος
3249 2385 3266 2409 ,
3335 2344 3497 2405 ὅστις
3551 2339 3765 2402 δικαίως

2171 2435 2599 2508 Θαυματουργὺς
2661 2435 2920 2504 λέγεται,
2985 2435 3084 2505 τῆς
3141 2433 3601 2504 Νεοκαισαρείας
3657 2430 3762 2483 ἐπί-

2174 2545 2397 2591 σκοπος,
2431 2529 2488 2580 ἐν
2515 2529 2581 2598 τῇ
2611 2526 2826 2580 ἐκθέσει
2863 2526 2966 2596 τῆς
2995 2525 3258 2592 πίστεως,
3295 2527 3368 2597 ἣν
3396 2525 3467 2577 δι’
3491 2520 3760 2578 ἀποκαλύ-

2170 2620 2319 2692 ψεως
2347 2620 2497 2690 παρὰ
2523 2619 2619 2673 τοῦ
2649 2616 2920 2690 μακαρίου
2945 2617 3196 2672 Ἰωάννου
3220 2610 3323 2670 τοῦ
3352 2611 3756 2684 εὐαγγελιστοῦ,

2174 2710 2570 2785 μεσιτευούσης
2623 2709 2726 2779 τῆς
2773 2709 3189 2777 Θεογεννητρίας
3235 2707 3446 2776 ἔσχεν,
3501 2703 3758 2775 ἀριδή).ως

2169 2804 2343 2865 οὕτως
2369 2802 2632 2872 κέκραγε,
2655 2799 2852 2868 λέγων’
2881 2793 2984 2863 Εἷς
3009 2797 3173 2863 Θεὸς,
3201 2796 3420 2864 Πατὴρ
3445 2794 3558 2849 τοῦ
3576 2794 3757 2862 Λόγου

2168 2895 2276 2949 τοῦ
2315 2892 2568 2959 ζῶντος,
2624 2891 2849 2960 Σοφίας
2897 2889 3260 2958 ὑφεστώσης
3300 2887 3406 2942 καὶ
3453 2885 3757 2956 Δυνάμεως

2170 2986 2267 3042 καὶ
2301 2983 2684 3053 Χαρακτῆρος
2713 2981 2977 3037 αἰωνίουο
3015 2979 3247 3045 τέλειος
3279 2980 3527 3033 τελείου
3553 2974 3754 3048 Termi-

2169 3093 2304 3144 twpf
2341 3075 2546 3142 Πατὴρ
2584 3073 2721 3128 Υἱοῦ
2743 3069 3136 3141 μονογενοῦς.
3171 3066 3274 3136 Εἷς
3311 3071 3553 3138 Κύριος.
3581 3069 3756 3136 μόνος

484 3162 610 3202 mus
655 3153 958 3210 secundum
1007 3156 1371 3213 substantiam
1427 3159 1546 3229 (seu
1594 3167 1938 3239 essentiam),
1968 3172 2065 3227 scd

2168 3169 2236 3221 ἐκ
2257 3168 2470 3237 μόνου,
2511 3165 2656 3230 Θεὸς
2683 3163 2751 3217 ἐκ
2779 3163 2946 3225 Θεοῦ,
2979 3161 3291 3231 χαρακτὴρ
3321 3163 3423 3215 καὶ
3453 3159 3632 3216 εἰκὼν
3656 3156 3755 3224 τῆς

483 3240 783 3295 secundum
814 3243 1132 3314 hypostasin
1162 3263 1226 3302 ac
1260 3266 1573 3319 personam.

2170 3261 2485 3324 θεότητος,
2540 3257 2730 3324 Λόγος
2777 3253 3060 3324 ἐνεργὴς,
3116 3253 3210 3306 καὶ
3268 3253 3340 3307 τὰ
3390 3251 3576 3306 λοιπά.
3616 3248 3751 3303 Ὃδὶ

484 3332 612 3397 περὶ
664 3331 756 3384 τοῦ
791 3333 921 3387 Υἱοῦ
966 3335 1140 3389 λαλῶν
1182 3339 1362 3408 λέγει,
1423 3345 1503 3396 ὅτι
1544 3345 1734 3413 μόνος
1793 3351 1862 3404 ἐκ
1887 3353 2102 3420 μόνου,
2141 3351 2262 3422 οὐχὶ
2299 3349 2480 3404 τοίνυν
2523 3346 2586 3400 τὸ
2630 3345 2852 3416 Πνεῦμα
2919 3345 2980 3398 τὸ
3013 3345 3166 3413 ἆγιον
3210 3345 3276 3398 ὲκ
3312 3345 3481 3416 μόνου
3507 3360 3521 3375 ο
3578 3343 3641 3394 ὲκ
3665 3337 3750 3393 τοῦ

484 3418 696 3491 Πατρος
741 3424 937 3478 οὐκοῦν
986 3429 1077 3479 καὶ
1118 3431 1278 3484 ἄλλου
1297 3473 1312 3492 ,
1363 3435 1550 3506 ἐπειδὴ
1585 3438 1731 3492 ἐστιν
1762 3418 2060 3507 ἀπότινος.
2103 3418 2272 3498 Ὅταν
2295 3442 2352 3496 δὲ
2378 3440 2648 3510 λέγωμεν,
2677 3439 2745 3492 ἐκ
2772 3437 2878 3492 τοῦ
2940 3437 3170 3505 Πατρὸς
3196 3435 3298 3491 καὶ
3355 3436 3576 3500 ἄλλον,
3601 3433 3658 3487 οὐ
3678 3430 3749 3486 λι·

483 3529 652 3581 γομεν
685 3515 744 3582 ἐξ
771 3515 930 3570 ἄλλου
967 3520 1107 3572 κατὰ
1133 3522 1230 3594 τὴν
1257 3525 1467 3591 οὐσίαν,
1495 3530 1630 3584 ἀλλὰ
1663 3534 1802 3587 κατὰ
1827 3537 1922 3606 τὴν
1945 3537 2266 3593 ὑπόστασιν.

551 3604 706 3672 Quod
743 3620 926 3666 autem
961 3613 1200 3684 Spiritus
1232 3631 1457 3677 sanctus
1485 3640 1554 3679 ex
1582 3627 1722 3682 Filio
1754 3629 1828 3684 sit
1865 3604 2064 3686 imme-

481 3693 647 3757 diate,
670 3712 736 3750 ex
760 3698 920 3755 Patre
953 3718 1084 3757 vero
1112 3707 1388 3764 mediante
1418 3711 1576 3775 Filio,
1610 3722 1842 3771 testatur
1871 3718 2067 3778 beatus

479 3782 776 3854 Gregorius
803 3789 1100 3860 Nyssenus,
1141 3796 1213 3850 ita
1235 3797 1446 3855 .dicens
1471 3818 1484 3854 :
1513 3801 1811 3873 Perfectam
1853 3817 2066 3864 natura:

475 3874 735 3948 nullaque
773 3883 1097 3938 evariatione
1141 3888 1540 3946 similitudinem
1579 3895 1904 3964 conﬁtentes,
1952 3901 2066 3956 dis-

477 3964 783 4020 tinctionem
815 3985 929 4034 quia
964 3981 1039 4025 est
1067 3991 1224 4043 penes
1254 3995 1504 4045 causam,
1549 3992 1598 4036 et
1631 3986 1770 4054 quod
1797 4003 1861 4041 ea:
1899 4007 2064 4046 causa

470 4062 575 4117 est,
617 4072 721 4110 non
766 4059 1075 4126 inficiamur
1101 4081 1118 4117 :
1147 4067 1203 4119 in
1237 4083 1338 4136 quo
1363 4071 1475 4124 solo
1508 4073 1760 4146 distingui
1810 4095 1973 4133 unum
1997 4081 2062 4135 ab

473 4143 590 4196 alio
615 4145 994 4217 intelligimus;
1023 4156 1162 4223 quod
1185 4173 1350 4212 unum
1392 4177 1609 4217 causam
1641 4167 1914 4225 credamus
1956 4188 2063 4226 esse

473 4244 600 4296 tseu
615 4241 943 4310 auctorem),
963 4243 1193 4300 alterum
1222 4267 1343 4305 vero
1376 4269 1440 4306 ex
1456 4273 1616 4310 causa
1640 4258 1758 4328 (seu
1790 4265 2058 4335 auctore).

476 4327 611 4397 Ejus
631 4329 760 4384 item
793 4335 938 4402 quod
962 4353 1029 4391 ex
1063 4354 1225 4396 causa
1255 4352 1340 4399 est
1364 4344 1480 4415 (seu
1504 4327 1752 4422 auctore)
1780 4353 1948 4409 aliam
1971 4327 2057 4411 iri-

2238 3630 2362 3684 Ὀτι
2417 3627 2474 3681 δὲ
2521 3626 2584 3680 τὺ
2633 3624 2859 3694 Πνεῦμα
2909 3623 2968 3677 τὸ
3013 3623 3170 3690 ἅγιον
3207 3623 3274 3676 ὲκ
3313 3623 3411 3677 τοῦ
3449 3621 3580 3676 Υἱοῦ
3611 3621 3744 3674 ἐστιν

2163 3720 2408 3789 ἅμὲσως,
2438 3717 2546 3771 ἀπὸ
2579 3716 2636 3771 δὲ
2667 3716 2762 3769 τοῦ
2795 3699 3010 3784 Πατρὸς
3043 3712 3433 3784 μεσιτεύοντος
3470 3711 3564 3766 τοῦ
3599 3706 3738 3771 Υἱοῦ,

2161 3810 2598 3883 διαμαρτύρεται
2635 3811 2662 3862 ὁ
2702 3807 2971 3884 μακάριος
3009 3806 3313 3878 Γρηγόριος
3352 3807 3381 3860 ὁ
3428 3802 3736 3866 Νυσσαέων,

2163 3903 2306 3957 οὕτω
2340 3903 2536 3970 λέγων·
2577 3901 2646 3956 Τὸ
2675 3899 3152 3967 ἀπαράλλακτον
3193 3896 3307 3965 τῆς
3341 3898 3586 3967 φύσεως
3614 3896 3739 3962 ὁμοο

2162 3991 2511 4061 λογοῦντες,
2542 3989 2648 4059 τὴν
2681 3987 2832 4043 κατὰ
2862 3987 2927 4041 τὸ
2962 3988 3157 4041 αἴτιον
3181 3987 3278 4040 καὶ
3319 3986 3589 4039 αἰτιατόν
3621 3982 3734 4034 διαί

2160 4087 2358 4155 φορὰν
2405 4087 2516 4141 οὑκ
2555 4085 2914 4152 ἁρνούμεθοιο
2942 4082 3012 4136 ἐν
3053 4075 3102 4150 ᾧ
3135 4079 3301 4151 μόνῲ
3341 4080 3733 4150 διακρίνεσθαι

2161 4174 2228 4228 τὸ
2273 4174 2480 4243 ἕτερον
2513 4173 2631 4227 ἀπὸ
2666 4163 2771 4226 τοῦ
2817 4170 3025 4239 ἐτέρου
3069 4168 3626 4240 ὁιαταλαμόάνομεν·
3671 4163 3728 4218 τὸ

2155 4265 2273 4335 μὲν
2301 4266 2496 4318 αἴτιον
2535 4264 2850 4317 πιστεύειν
2876 4258 3048 4315 εἶναι’
3091 4261 3159 4314 τὸ
3185 4260 3274 4324 δὲ,
3307 4263 3378 4326 ἐξ
3400 4261 3610 4314 αἰτίου.
3634 4252 3730 4308 Καὶ

2159 4355 2254 4410 τοῦ
2309 4356 2368 4420 ἐξ
2421 4355 2602 4419 αἰτίας
2648 4355 2802 4416 ὄντος
2861 4355 3025 4407 πάλιν
3068 4353 3270 4422 ἄλλην
3321 4350 3611 4422 διαφορὰν
3646 4347 3729 4399 ἐν·

479 4419 763 4518 telligimus
807 4425 1200 4518 differentiam,
1264 4437 1410 4504 quod
1457 4419 1756 4508 nimirum,
1807 4447 1954 4515 quod
1989 4465 2057 4503 ex

2167 4447 2454 4514 νοοῦμεν,
2491 4446 2573 4499 ὅτι
2607 4446 2667 4499 τὸ
2711 4447 2830 4516 μὲν,
2874 4445 3161 4518 προσεχῶς
3195 4448 3260 4499 ἐκ
3297 4448 3395 4500 τοῦ
3428 4443 3658 4516 πρώτου,
3697 4437 3724 4506 ἢ

479 4509 658 4578 primo
687 4513 999 4573 immediate
1024 4530 1128 4585 est,
1162 4524 1249 4578 vel
1277 4526 1377 4580 soli
1403 4527 1563 4595 Filio,
1589 4533 1672 4586 vel
1695 4535 1798 4588 soli
1826 4509 2058 4606 Spiritui

480 4610 672 4656 sancto
693 4608 992 4663 convenire
1019 4625 1245 4667 necesse
1279 4624 1382 4671 est.
1411 4618 1611 4676 Dicunt
1633 4633 1816 4680 autem
1855 4630 2054 4695 sancti,

482 4691 627 4745 inter
653 4695 872 4750 Patrem
913 4710 970 4754 et
1008 4701 1203 4758 Filium
1244 4706 1381 4762 nihil
1433 4711 1673 4767 medium
1709 4732 1851 4771 esse.
1896 4718 2059 4776 Solus

484 4781 653 4851 igitur
676 4784 850 4842 Filius
875 4804 943 4843 ex
970 4791 1129 4847 Patre
1165 4794 1480 4855 immediate
1506 4810 1610 4856 est.
1648 4804 1790 4876 Ergo
1814 4805 2057 4876 Spiritus

482 4884 710 4931 sanctus
754 4894 862 4932 non
894 4891 979 4936 est
1014 4883 1326 4942 immediate
1374 4905 1442 4946 ex
1479 4893 1656 4950 Patre.
1696 4897 1792 4951 Est
1828 4914 1963 4955 vero
2001 4909 2060 4957 et

481 4969 793 5024 communis
843 4971 1203 5043 intelligentia
1231 5018 1245 5041 ,
1291 4981 1438 5048 quod
1475 4985 1736 5040 nimirum
1770 4989 1838 5042 ab
1870 4991 2056 5061 aliquo

477 5067 584 5120 est,
609 5059 678 5113 ab
701 5061 888 5131 aliquo
907 5079 1028 5119 esse
1058 5066 1392 5126 immediate.
1430 5076 1596 5145 Atqui
1634 5093 1744 5133 non
1779 5089 1864 5135 est
1892 5098 1920 5135 a
1950 5059 2054 5137 Pa-

474 5158 563 5203 tre
611 5151 946 5220 immediate,
993 5158 1072 5212 uti
1111 5160 1221 5230 jam
1257 5163 1544 5232 probatum
1587 5177 1672 5224 est
1705 5189 1715 5223 :
1743 5187 1872 5242 ergo
1905 5183 1991 5230 est
2023 5191 2052 5228 a

474 5237 520 5293 ,Γ
526 5238 618 5294 ilio
637 5239 970 5300 immediate.

550 5416 662 5472 llos
689 5418 858 5489 igitur
884 5425 1257 5484 sanctissimos
1286 5430 1476 5486 Patres
1499 5473 1511 5497 ,
1550 5450 1680 5503 qtun
1718 5446 1774 5491 et
1827 5437 2050 5494 beatum

553 5574 628 5655 (ᾳ.)
658 5577 782 5655 Sic.
817 5579 906 5636 his
940 5586 1180 5640 nondum
1213 5590 1361 5652 visis,
1407 5591 1472 5645 ad
1517 5591 1764 5648 Calecam
1796 5608 2045 5655 nostrum

473 5646 854 5734 conjicieburn,
895 5656 1199 5734 symbolum
1259 5646 1387 5712 illud
1442 5646 1863 5734 Latinum—rimo
1915 5646 2051 5725 seri:

477 5725 653 5837 ritu".
685 5719 830 5786 quod
862 5719 980 5790 eius
1011 5725 1209 5780 Grmtxe
1235 5745 1423 5783 attines
1449 5719 1719 5789 editiones
1747 5719 2045 5802 variarent.

509 5792 672 5837 .atmu
707 5803 809 5837 una
839 5799 896 5837 et
925 5793 1146 5837 simntm
1185 5806 1323 5837 μςειηι
1354 5816 1364 5826 -
1395 5810 1443 5837 ςιι
1478 5803 1620 5837 ..πλη
1649 5804 1911 5837 ηηιηηηεμ,
1969 5812 2045 5837 ρε-

509 5792 672 5838 .atina
707 5803 809 5841 una
839 5799 896 5842 et
925 5793 1150 5862 simplex
1185 5806 1327 5853 esset
1354 5816 1365 5852 :
1394 5810 1449 5853 at
1478 5803 1620 5857 unde
1649 5804 1934 5877 Gregorio,
1968 5792 2049 5865 sic

2164 4539 2323 4610 μόνον
2348 4538 2426 4609 τῷ
2456 4537 2588 4608 Υἱῷ,
2627 4539 2660 4608 ἢ
2715 4540 2876 4609 μόνον
2924 4537 3002 4609 τῷ
3033 4538 3317 4608 Πνεῦματι
3368 4538 3449 4609 τῷ
3479 4536 3612 4605 ἁγίῳ
3640 4533 3724 4600 ἀρ-

2164 4629 2349 4698 μόζειν
2374 4631 2672 4698 ἀναγκαῖόν
2692 4631 2827 4684 ἐστι.
2858 4629 3125 4698 Λέγουσιν
3147 4631 3196 4683 οἱ
3227 4631 3396 4699 ἆγιοι,
3433 4629 3515 4684 ὅτι
3539 4621 3721 4697 μεταξὺ

2159 4719 2255 4772 τοῦ
2302 4719 2518 4790 Πατρδς
2552 4720 2650 4773 και⁹
2701 4719 2795 4773 τοῦ
2827 4718 2982 4782 Υἱοῦ,
3012 4719 3162 4773 οὐδέν
3197 4721 3316 4774 ἐστι
3361 4721 3544 4792 μέσονο
3579 4713 3721 4786 μόνος

2159 4813 2356 4867 οὐκοῦν
2387 4815 2415 4866 ὁ
2446 4813 2574 4877 Υἱὸς
2605 4814 2668 4885 ἑκ
2696 4812 2792 4866 τοῦ
2823 4812 3038 4883 Πατρὸς
3071 4813 3364 4884 προσεχῶς
3393 4814 3559 4866 ἐστιν.
3601 4804 3721 4859 Οὐκ·

2159 4897 2255 4951 οῦν
2297 4899 2360 4951 τὸ
2393 4900 2637 4969 Πνεῦμα
2675 4901 2738 4954 τὸ
2787 4901 2942 4966 ἆγιον
3001 4902 3065 4954 ὲκ
3113 4901 3208 4954 τοῦ
3251 4900 3465 4972 Πατρός
3498 4899 3590 4952 οὐκ
3615 4894 3714 4946 ἔστι

2159 4979 2461 5063 προσεχῶς.
2499 4997 2658 5048 Ἐστι
2703 4995 2761 5048 δὲ
2812 4995 2907 5048 καὶ
2949 4996 3099 5065 κοινὴ
3131 4996 3331 5059 ἔννοια,
3363 4999 3444 5050 ὅτι
3473 4995 3604 5060 ὅπερ
3635 4982 3714 5039 οὖν

2157 5084 2306 5138 ἐστιν
2340 5085 2448 5137 ἀπό
2495 5103 2661 5150 τινος,
2689 5087 2796 5139 ἀπό
2824 5088 2968 5151 τινός
3006 5089 3121 5140 ἐστι
3172 5088 3474 5157 προσεχῶς.
3513 5077 3708 5144 Ἐπειδὴ

2159 5175 2254 5230 οῦν
2285 5175 2347 5227 τὸ
2378 5175 2605 5245 Πνεῦμα
2633 5177 2694 5229 τὸ
2747 5178 2904 5244 ἆγιον
2931 5177 3040 5232 ἀπὸ
3067 5177 3214 5240 τινός
3261 5178 3379 5230 ἐστι
3429 5166 3706 5246 προσεχῶς⁶

2161 5264 2277 5316 ἀλλ’
2314 5265 2413 5316 οὐκ
2467 5264 2615 5317 ἐστιν
2646 5266 2752 5318 ἀπο
2784 5266 2878 5319 τοῦ
2931 5266 3145 5336 Πατρὺς
3177 5265 3476 5336 προσεχῶς,
3519 5261 3588 5322 ὡς
3622 5254 3704 5326 ἤδη

2162 5353 2398 5423 ἐδείχθη·
2422 5355 2616 5409 οὐκοῦν
2647 5356 2756 5410 ἀπὸ
2785 5357 2876 5410 τοῦ
2907 5357 3038 5410 Υἱοῦ
3073 5359 3379 5428 προσεχῶς.

2233 5445 2458 5510 Τούτοις
2494 5448 2673 5501 τοίνυν
2711 5452 2822 5512 τοῖς
2845 5449 3023 5518 ἁγίοις
3053 5451 3349 5521 Πατράσιν,
3374 5448 3430 5501 οὐ
3461 5442 3560 5515 μὴν
3589 5431 3703 5491 ἀλλᾶ

2155 5604 2348 5661 Latine
2379 5607 2736 5662 Athanasium
2765 5607 3068 5676 scripsisse,
3095 5616 3154 5662 et
3176 5606 3486 5661 Latinorum
3516 5595 3694 5676 potius.

2153 5677 2659 5782 quamﬁrmcorum
2707 5679 2814 5734 ritu
2869 5673 3099 5748 (suoque
3148 5678 3363 5748 ipsius),
3412 5691 3471 5729 ac
3504 5673 3693 5734 cXPm‘

2153 5761 2305 5782 mm...

2153 5761 2305 5801 SlOllC
2326 5761 2337 5798 ⁷1
