  <div class='ocr_page' id='page_1' title='image "/cluster/home/n/w/nwhite01/storage/ocr_20150623/91:no.2/coo.31924054869957/534.png"; bbox 0 0 3998 6420; ppageno 0'>
   <div class='ocr_carea' id='block_1_1' title="bbox 347 465 488 532">
    <p class='ocr_par' dir='ltr' id='par_1_1' title="bbox 347 465 488 532">
     <span class='ocr_line' id='line_1_1' title="bbox 347 465 488 532; baseline -0.014 -1"><span class='ocrx_word' id='word_1_1' title='bbox 347 465 488 532; x_wconf 77' lang='lat'><strong>1021</strong></span> 
     </span>
    </p>
   </div>
   <div class='ocr_carea' id='block_1_2' title="bbox 1674 459 2353 534">
    <p class='ocr_par' dir='ltr' id='par_1_2' title="bbox 1674 459 2353 534">
     <span class='ocr_line' id='line_1_2' title="bbox 1674 459 2353 534; baseline 0.007 -8"><span class='ocrx_word' id='word_1_2' title='bbox 1674 459 2088 528; x_wconf 74' lang='lat' dir='ltr'><strong>CONFESSI‘)</strong></span> <span class='ocrx_word' id='word_1_3' title='bbox 2126 466 2353 534; x_wconf 81' lang='lat' dir='ltr'><strong>FIDEI.</strong></span> 
     </span>
    </p>
   </div>
   <div class='ocr_carea' id='block_1_3' title="bbox 3497 465 3637 533">
    <p class='ocr_par' dir='ltr' id='par_1_3' title="bbox 3497 465 3637 533">
     <span class='ocr_line' id='line_1_3' title="bbox 3497 465 3637 533; baseline 0.029 -4"><span class='ocrx_word' id='word_1_4' title='bbox 3497 465 3637 533; x_wconf 71' lang='lat'><strong>1022</strong></span> 
     </span>
    </p>
   </div>
   <div class='ocr_carea' id='block_1_4' title="bbox 345 575 1940 652">
    <p class='ocr_par' dir='ltr' id='par_1_4' title="bbox 345 575 1940 650">
     <span class='ocr_line' id='line_1_4' title="bbox 345 575 1940 650; baseline 0.001 -16"><span class='ocrx_word' id='word_1_5' title='bbox 345 581 450 634; x_wconf 80' lang='grc' dir='ltr'>καὶ</span> <span class='ocrx_word' id='word_1_6' title='bbox 496 577 577 650; x_wconf 81' lang='grc' dir='ltr'>τῷ</span> <span class='ocrx_word' id='word_1_7' title='bbox 613 578 865 650; x_wconf 78' lang='grc' dir='ltr'><strong>μακαρίῳ</strong></span> <span class='ocrx_word' id='word_1_8' title='bbox 924 575 1259 650; x_wconf 77' lang='grc' dir='ltr'>Ἀμόροσίῳ,</span> <span class='ocrx_word' id='word_1_9' title='bbox 1310 577 1388 648; x_wconf 87' lang='grc' dir='ltr'>τῷ</span> <span class='ocrx_word' id='word_1_10' title='bbox 1432 577 1781 635; x_wconf 84' lang='grc' dir='ltr'>Μεδιολάνων</span> <span class='ocrx_word' id='word_1_11' title='bbox 1817 584 1940 636; x_wconf 85' lang='grc' dir='ltr'>ἐπι-</span> 
     </span>
    </p>
   </div>
   <div class='ocr_carea' id='block_1_5' title="bbox 2044 575 3642 652">
    <p class='ocr_par' dir='ltr' id='par_1_5' title="bbox 2045 576 3642 652">
     <span class='ocr_line' id='line_1_5' title="bbox 2045 576 3642 652; baseline -0.001 -14"><span class='ocrx_word' id='word_1_12' title='bbox 2045 583 2402 638; x_wconf 73' lang='lat' dir='ltr'><strong>Ambrosium</strong></span> <span class='ocrx_word' id='word_1_13' title='bbox 2445 576 2914 638; x_wconf 84' lang='lat' dir='ltr'><strong>Mediolanensem</strong></span> <span class='ocrx_word' id='word_1_14' title='bbox 2938 580 3262 652; x_wconf 84' lang='lat' dir='ltr'><strong>episcopum</strong></span> <span class='ocrx_word' id='word_1_15' title='bbox 3283 623 3297 647; x_wconf 94' lang='lat'><strong>,</strong></span> <span class='ocrx_word' id='word_1_16' title='bbox 3327 591 3384 637; x_wconf 92' lang='lat' dir='ltr'><strong>et</strong></span> <span class='ocrx_word' id='word_1_17' title='bbox 3421 580 3642 638; x_wconf 87' lang='lat' dir='ltr'><strong>beatum</strong></span> 
     </span>
    </p>
   </div>
   <div class='ocr_carea' id='block_1_6' title="bbox 349 670 1938 743">
    <p class='ocr_par' dir='ltr' id='par_1_6' title="bbox 349 670 1938 743">
     <span class='ocr_line' id='line_1_6' title="bbox 349 670 1938 743; baseline -0.005 -17"><span class='ocrx_word' id='word_1_18' title='bbox 349 671 568 743; x_wconf 84' lang='grc' dir='ltr'>σκόπῳ,</span> <span class='ocrx_word' id='word_1_19' title='bbox 599 673 695 726; x_wconf 80' lang='grc' dir='ltr'>καὶ</span> <span class='ocrx_word' id='word_1_20' title='bbox 741 671 818 742; x_wconf 85' lang='grc' dir='ltr'>τῷ</span> <span class='ocrx_word' id='word_1_21' title='bbox 872 670 1131 743; x_wconf 85' lang='grc' dir='ltr'><strong>μακαρίῳ</strong></span> <span class='ocrx_word' id='word_1_22' title='bbox 1184 670 1531 742; x_wconf 80' lang='grc' dir='ltr'>Αύγουστίνῳ</span> <span class='ocrx_word' id='word_1_23' title='bbox 1558 672 1658 742; x_wconf 84' lang='grc' dir='ltr'>τῆς</span> <span class='ocrx_word' id='word_1_24' title='bbox 1686 673 1780 727; x_wconf 77' lang='grc' dir='ltr'><strong>τοῦ</strong></span> <span class='ocrx_word' id='word_1_25' title='bbox 1824 677 1938 730; x_wconf 84' lang='grc' dir='ltr'><strong>Ίπ-</strong></span> 
     </span>
    </p>
   </div>
   <div class='ocr_carea' id='block_1_7' title="bbox 347 762 1942 838">
    <p class='ocr_par' dir='ltr' id='par_1_7' title="bbox 347 762 1942 838">
     <span class='ocr_line' id='line_1_7' title="bbox 347 762 1942 838; baseline 0.003 -20"><span class='ocrx_word' id='word_1_26' title='bbox 347 764 534 828; x_wconf 82' lang='grc' dir='ltr'>πῶνος</span> <span class='ocrx_word' id='word_1_27' title='bbox 559 765 772 827; x_wconf 72' lang='grc' dir='ltr'>πόλεως</span> <span class='ocrx_word' id='word_1_28' title='bbox 801 764 1109 834; x_wconf 72' lang='grc' dir='ltr'>ἐπισκόπῳ·</span> <span class='ocrx_word' id='word_1_29' title='bbox 1144 762 1224 835; x_wconf 85' lang='grc' dir='ltr'>τῷ</span> <span class='ocrx_word' id='word_1_30' title='bbox 1257 763 1549 835; x_wconf 78' lang='grc' dir='ltr'><strong>ἁγιωτάτῳ</strong></span> <span class='ocrx_word' id='word_1_31' title='bbox 1591 782 1651 818; x_wconf 89' lang='grc' dir='ltr'><strong>τε</strong></span> <span class='ocrx_word' id='word_1_32' title='bbox 1694 765 1942 838; x_wconf 82' lang='grc' dir='ltr'>Ἱερωνύ-</span> 
     </span>
    </p>
   </div>
   <div class='ocr_carea' id='block_1_8' title="bbox 351 855 1942 932">
    <p class='ocr_par' dir='ltr' id='par_1_8' title="bbox 351 855 1942 932">
     <span class='ocr_line' id='line_1_8' title="bbox 351 855 1942 932; baseline 0.004 -23"><span class='ocrx_word' id='word_1_33' title='bbox 351 873 442 927; x_wconf 84' lang='grc' dir='ltr'><strong>μῳ</strong></span> <span class='ocrx_word' id='word_1_34' title='bbox 467 855 551 928; x_wconf 82' lang='grc' dir='ltr'>τῷ</span> <span class='ocrx_word' id='word_1_35' title='bbox 579 857 919 928; x_wconf 70' lang='grc' dir='ltr'><strong>ἰσχυροτάτῳ</strong></span> <span class='ocrx_word' id='word_1_36' title='bbox 951 857 1051 928; x_wconf 83' lang='grc' dir='ltr'>τῆς</span> <span class='ocrx_word' id='word_1_37' title='bbox 1077 855 1187 912; x_wconf 87' lang='grc' dir='ltr'><strong>τῶν</strong></span> <span class='ocrx_word' id='word_1_38' title='bbox 1213 857 1510 929; x_wconf 83' lang='grc' dir='ltr'>αίρετικῶν</span> <span class='ocrx_word' id='word_1_39' title='bbox 1543 859 1942 932; x_wconf 79' lang='grc' dir='ltr'>στρεϐλότητος</span> 
     </span>
    </p>
   </div>
   <div class='ocr_carea' id='block_1_9' title="bbox 351 948 1937 1037">
    <p class='ocr_par' dir='ltr' id='par_1_9' title="bbox 351 948 1937 1037">
     <span class='ocr_line' id='line_1_9' title="bbox 351 948 1937 1037; baseline 0.003 -35"><span class='ocrx_word' id='word_1_40' title='bbox 351 951 720 1037; x_wconf 69' lang='grc' dir='ltr'>καταμαχητῇ</span> <span class='ocrx_word' id='word_1_41' title='bbox 746 989 762 1014; x_wconf 91' lang='grc'><strong>,</strong></span> <span class='ocrx_word' id='word_1_42' title='bbox 803 948 1181 1020; x_wconf 77' lang='grc' dir='ltr'><strong>ἀκολουθήσας</strong></span> <span class='ocrx_word' id='word_1_43' title='bbox 1232 950 1261 1002; x_wconf 84' lang='grc' dir='ltr'>ὁ</span> <span class='ocrx_word' id='word_1_44' title='bbox 1319 951 1594 1023; x_wconf 83' lang='grc' dir='ltr'>μακάριος</span> <span class='ocrx_word' id='word_1_45' title='bbox 1640 951 1937 1024; x_wconf 83' lang='grc' dir='ltr'>Κύριλλος,</span> 
     </span>
    </p>
   </div>
   <div class='ocr_carea' id='block_1_10' title="bbox 349 1039 1942 1117">
    <p class='ocr_par' dir='ltr' id='par_1_10' title="bbox 349 1039 1942 1117">
     <span class='ocr_line' id='line_1_10' title="bbox 349 1039 1942 1117; baseline 0.004 -24"><span class='ocrx_word' id='word_1_46' title='bbox 349 1039 451 1094; x_wconf 74' lang='grc' dir='ltr'><strong>καὶ</strong></span> <span class='ocrx_word' id='word_1_47' title='bbox 488 1041 588 1094; x_wconf 81' lang='grc' dir='ltr'><strong>σὺν</strong></span> <span class='ocrx_word' id='word_1_48' title='bbox 634 1040 786 1112; x_wconf 84' lang='grc' dir='ltr'>αὐτῷ</span> <span class='ocrx_word' id='word_1_49' title='bbox 819 1040 916 1111; x_wconf 83' lang='grc' dir='ltr'>ὅλη</span> <span class='ocrx_word' id='word_1_50' title='bbox 948 1043 982 1112; x_wconf 86' lang='grc' dir='ltr'><strong>ή</strong></span> <span class='ocrx_word' id='word_1_51' title='bbox 1028 1041 1162 1110; x_wconf 85' lang='grc' dir='ltr'>ἀγία</span> <span class='ocrx_word' id='word_1_52' title='bbox 1206 1043 1562 1116; x_wconf 86' lang='grc' dir='ltr'>οίκουμενικὴ</span> <span class='ocrx_word' id='word_1_53' title='bbox 1609 1047 1773 1117; x_wconf 91' lang='grc' dir='ltr'>τρίτη</span> <span class='ocrx_word' id='word_1_54' title='bbox 1819 1046 1942 1101; x_wconf 88' lang='grc' dir='ltr'>σύν-</span> 
     </span>
    </p>
   </div>
   <div class='ocr_carea' id='block_1_11' title="bbox 347 1130 1942 1206">
    <p class='ocr_par' dir='ltr' id='par_1_11' title="bbox 347 1130 1942 1206">
     <span class='ocr_line' id='line_1_11' title="bbox 347 1130 1942 1206; baseline 0.006 -22"><span class='ocrx_word' id='word_1_55' title='bbox 347 1130 492 1196; x_wconf 82' lang='grc' dir='ltr'>οδος,</span> <span class='ocrx_word' id='word_1_56' title='bbox 549 1131 942 1204; x_wconf 80' lang='grc' dir='ltr'><strong>γεγραμμένον</strong></span> <span class='ocrx_word' id='word_1_57' title='bbox 989 1135 1122 1204; x_wconf 79' lang='grc' dir='ltr'>ἡμῖν</span> <span class='ocrx_word' id='word_1_58' title='bbox 1173 1132 1471 1188; x_wconf 79' lang='grc' dir='ltr'><strong>κατέλιπον</strong></span> <span class='ocrx_word' id='word_1_59' title='bbox 1522 1139 1827 1206; x_wconf 86' lang='grc' dir='ltr'>ἐμφανῶς,</span> <span class='ocrx_word' id='word_1_60' title='bbox 1880 1139 1942 1193; x_wconf 79' lang='grc' dir='ltr'><strong>τὸ</strong></span> 
     </span>
    </p>
   </div>
   <div class='ocr_carea' id='block_1_12' title="bbox 347 1220 1942 1301">
    <p class='ocr_par' dir='ltr' id='par_1_12' title="bbox 347 1220 1942 1301">
     <span class='ocr_line' id='line_1_12' title="bbox 347 1220 1942 1301; baseline 0.006 -27"><span class='ocrx_word' id='word_1_61' title='bbox 347 1221 584 1292; x_wconf 80' lang='grc' dir='ltr'><strong>Πνεῦμα</strong></span> <span class='ocrx_word' id='word_1_62' title='bbox 615 1220 759 1279; x_wconf 78' lang='grc' dir='ltr'>εἶναι</span> <span class='ocrx_word' id='word_1_63' title='bbox 805 1227 871 1279; x_wconf 72' lang='grc' dir='ltr'>ἐκ</span> <span class='ocrx_word' id='word_1_64' title='bbox 897 1224 992 1279; x_wconf 85' lang='grc' dir='ltr'><strong>τοῦ</strong></span> <span class='ocrx_word' id='word_1_65' title='bbox 1025 1225 1178 1281; x_wconf 85' lang='grc' dir='ltr'>Υίοῦ.</span> <span class='ocrx_word' id='word_1_66' title='bbox 1206 1225 1367 1280; x_wconf 87' lang='grc' dir='ltr'>Ὅθεν</span> <span class='ocrx_word' id='word_1_67' title='bbox 1407 1227 1503 1280; x_wconf 75' lang='grc' dir='ltr'>καὶ</span> <span class='ocrx_word' id='word_1_68' title='bbox 1529 1227 1811 1301; x_wconf 76' lang='grc' dir='ltr'>ὀρθόδοξος</span> <span class='ocrx_word' id='word_1_69' title='bbox 1839 1231 1942 1284; x_wconf 79' lang='grc' dir='ltr'><strong>οὐκ</strong></span> 
     </span>
    </p>
   </div>
   <div class='ocr_carea' id='block_1_13' title="bbox 345 1312 1945 1393">
    <p class='ocr_par' dir='ltr' id='par_1_13' title="bbox 345 1312 1945 1393">
     <span class='ocr_line' id='line_1_13' title="bbox 345 1312 1945 1393; baseline 0.005 -29"><span class='ocrx_word' id='word_1_70' title='bbox 345 1312 526 1377; x_wconf 72' lang='grc' dir='ltr'>εστιν,</span> <span class='ocrx_word' id='word_1_71' title='bbox 557 1312 677 1367; x_wconf 80' lang='grc' dir='ltr'>ἀλλ’</span> <span class='ocrx_word' id='word_1_72' title='bbox 717 1313 784 1367; x_wconf 83' lang='grc' dir='ltr'><strong>ἐκ</strong></span> <span class='ocrx_word' id='word_1_73' title='bbox 811 1316 914 1384; x_wconf 83' lang='grc' dir='ltr'><strong>τῆς</strong></span> <span class='ocrx_word' id='word_1_74' title='bbox 944 1317 1188 1382; x_wconf 88' lang='grc' dir='ltr'>πίστεως</span> <span class='ocrx_word' id='word_1_75' title='bbox 1225 1318 1488 1383; x_wconf 80' lang='grc' dir='ltr'>ἐξοδεύει,</span> <span class='ocrx_word' id='word_1_76' title='bbox 1520 1319 1673 1383; x_wconf 78' lang='grc' dir='ltr'>ὅστις</span> <span class='ocrx_word' id='word_1_77' title='bbox 1706 1322 1825 1384; x_wconf 82' lang='grc' dir='ltr'>τοῖς</span> <span class='ocrx_word' id='word_1_78' title='bbox 1852 1322 1945 1393; x_wconf 81' lang='grc' dir='ltr'><strong>ῥή-</strong></span> 
     </span>
    </p>
   </div>
   <div class='ocr_carea' id='block_1_14' title="bbox 347 1402 1940 1482">
    <p class='ocr_par' dir='ltr' id='par_1_14' title="bbox 347 1402 1940 1482">
     <span class='ocr_line' id='line_1_14' title="bbox 347 1402 1940 1482; baseline 0.006 -27"><span class='ocrx_word' id='word_1_79' title='bbox 347 1419 526 1472; x_wconf 84' lang='grc' dir='ltr'>μασιν</span> <span class='ocrx_word' id='word_1_80' title='bbox 564 1402 732 1458; x_wconf 79' lang='grc' dir='ltr'>αὐτοῦ</span> <span class='ocrx_word' id='word_1_81' title='bbox 775 1409 1184 1479; x_wconf 77' lang='grc' dir='ltr'>καταμάχεται.</span> <span class='ocrx_word' id='word_1_82' title='bbox 1213 1409 1380 1477; x_wconf 83' lang='grc' dir='ltr'>Λέγει</span> <span class='ocrx_word' id='word_1_83' title='bbox 1415 1408 1525 1480; x_wconf 78' lang='grc' dir='ltr'>γὰρ</span> <span class='ocrx_word' id='word_1_84' title='bbox 1558 1410 1940 1482; x_wconf 80' lang='grc' dir='ltr'>φανερώτατα,</span> 
     </span>
    </p>
   </div>
   <div class='ocr_carea' id='block_1_15' title="bbox 343 1493 1943 1574">
    <p class='ocr_par' dir='ltr' id='par_1_15' title="bbox 343 1493 1943 1574">
     <span class='ocr_line' id='line_1_15' title="bbox 343 1493 1943 1574; baseline 0.006 -26"><span class='ocrx_word' id='word_1_85' title='bbox 343 1495 409 1549; x_wconf 68' lang='grc' dir='ltr'><strong>ἐν</strong></span> <span class='ocrx_word' id='word_1_86' title='bbox 437 1493 517 1566; x_wconf 82' lang='grc' dir='ltr'>τῷ</span> <span class='ocrx_word' id='word_1_87' title='bbox 550 1495 749 1550; x_wconf 78' lang='grc' dir='ltr'>ἑαυτοῦ</span> <span class='ocrx_word' id='word_1_88' title='bbox 799 1498 938 1569; x_wconf 73' lang='grc' dir='ltr'>πρὸς</span> <span class='ocrx_word' id='word_1_89' title='bbox 981 1501 1075 1554; x_wconf 79' lang='grc' dir='ltr'><strong>τὸν</strong></span> <span class='ocrx_word' id='word_1_90' title='bbox 1120 1501 1347 1571; x_wconf 83' lang='grc' dir='ltr'><strong>βασιλέα</strong></span> <span class='ocrx_word' id='word_1_91' title='bbox 1379 1501 1672 1555; x_wconf 82' lang='grc' dir='ltr'>Θεοδόσιον</span> <span class='ocrx_word' id='word_1_92' title='bbox 1690 1503 1820 1574; x_wconf 72' lang='grc' dir='ltr'>περὶ</span> <span class='ocrx_word' id='word_1_93' title='bbox 1843 1504 1943 1574; x_wconf 85' lang='grc' dir='ltr'>τῆς</span> 
     </span>
    </p>
   </div>
   <div class='ocr_carea' id='block_1_16' title="bbox 341 1584 1946 1666">
    <p class='ocr_par' dir='ltr' id='par_1_16' title="bbox 341 1584 1946 1666">
     <span class='ocr_line' id='line_1_16' title="bbox 341 1584 1946 1666; baseline 0.007 -27"><span class='ocrx_word' id='word_1_94' title='bbox 341 1584 634 1659; x_wconf 78' lang='grc' dir='ltr'>ὀρθοδόεου</span> <span class='ocrx_word' id='word_1_95' title='bbox 694 1587 936 1654; x_wconf 85' lang='grc' dir='ltr'>πίστεως</span> <span class='ocrx_word' id='word_1_96' title='bbox 971 1591 1472 1661; x_wconf 75' lang='grc' dir='ltr'>Προσφωνητικῷ,</span> <span class='ocrx_word' id='word_1_97' title='bbox 1507 1595 1569 1646; x_wconf 87' lang='grc' dir='ltr'><strong>τὸ</strong></span> <span class='ocrx_word' id='word_1_98' title='bbox 1618 1594 1844 1666; x_wconf 85' lang='grc' dir='ltr'>Πνεῦμα</span> <span class='ocrx_word' id='word_1_99' title='bbox 1875 1593 1946 1650; x_wconf 65' lang='lat' dir='ltr'><strong>ei-</strong></span> 
     </span>
    </p>
   </div>
   <div class='ocr_carea' id='block_1_17' title="bbox 343 1679 1946 1756">
    <p class='ocr_par' dir='ltr' id='par_1_17' title="bbox 343 1679 1946 1756">
     <span class='ocr_line' id='line_1_17' title="bbox 343 1679 1946 1756; baseline 0.005 -22"><span class='ocrx_word' id='word_1_100' title='bbox 343 1679 548 1734; x_wconf 71' lang='lat' dir='ltr'><strong>vat-t’tu</strong></span> <span class='ocrx_word' id='word_1_101' title='bbox 590 1680 685 1734; x_wconf 80' lang='grc' dir='ltr'><strong>τοῦ</strong></span> <span class='ocrx_word' id='word_1_102' title='bbox 737 1680 890 1747; x_wconf 86' lang='grc' dir='ltr'>Υίοῦ,</span> <span class='ocrx_word' id='word_1_103' title='bbox 921 1719 924 1724; x_wconf 67' lang='grc' dir='ltr'><em>η</em></span> <span class='ocrx_word' id='word_1_104' title='bbox 953 1683 1042 1737; x_wconf 84' lang='grc' dir='ltr'><strong>διὰ</strong></span> <span class='ocrx_word' id='word_1_105' title='bbox 1091 1683 1297 1737; x_wconf 88' lang='grc' dir='ltr'>τούτων</span> <span class='ocrx_word' id='word_1_106' title='bbox 1353 1686 1464 1738; x_wconf 84' lang='grc' dir='ltr'><strong>τῶν</strong></span> <span class='ocrx_word' id='word_1_107' title='bbox 1517 1686 1799 1756; x_wconf 59' lang='grc' dir='ltr'>ῥημάτων</span> <span class='ocrx_word' id='word_1_108' title='bbox 1832 1688 1946 1743; x_wconf 80' lang='lat' dir='ltr'><strong>Kal</strong></span> 
     </span>
    </p>
   </div>
   <div class='ocr_carea' id='block_1_18' title="bbox 337 1773 1947 1848">
    <p class='ocr_par' dir='ltr' id='par_1_18' title="bbox 337 1773 1947 1848">
     <span class='ocr_line' id='line_1_18' title="bbox 337 1773 1947 1848; baseline 0.004 -21"><span class='ocrx_word' id='word_1_109' title='bbox 337 1773 477 1845; x_wconf 81' lang='grc' dir='ltr'>μὴν</span> <span class='ocrx_word' id='word_1_110' title='bbox 500 1773 691 1842; x_wconf 69' lang='grc' dir='ltr'>ἄνδρα</span> <span class='ocrx_word' id='word_1_111' title='bbox 727 1774 943 1844; x_wconf 75' lang='grc' dir='ltr'>λέγων,</span> <span class='ocrx_word' id='word_1_112' title='bbox 983 1775 1093 1829; x_wconf 84' lang='grc' dir='ltr'>τὸν</span> <span class='ocrx_word' id='word_1_113' title='bbox 1139 1775 1293 1830; x_wconf 84' lang='grc' dir='ltr'>ὅσον</span> <span class='ocrx_word' id='word_1_114' title='bbox 1323 1777 1492 1831; x_wconf 79' lang='grc' dir='ltr'>οὔπω</span> <span class='ocrx_word' id='word_1_115' title='bbox 1525 1780 1947 1848; x_wconf 82' lang='grc' dir='ltr'>παρεσόμενον</span> 
     </span>
    </p>
   </div>
   <div class='ocr_carea' id='block_1_19' title="bbox 345 1863 1942 1941">
    <p class='ocr_par' dir='ltr' id='par_1_19' title="bbox 345 1863 1942 1941">
     <span class='ocr_line' id='line_1_19' title="bbox 345 1863 1942 1941; baseline 0.003 -23"><span class='ocrx_word' id='word_1_116' title='bbox 345 1865 451 1918; x_wconf 75' lang='grc' dir='ltr'>καὶ</span> <span class='ocrx_word' id='word_1_117' title='bbox 484 1865 928 1934; x_wconf 74' lang='grc' dir='ltr'><strong>ὀφθησόμενον,</strong></span> <span class='ocrx_word' id='word_1_118' title='bbox 949 1863 1158 1941; x_wconf 61' lang='grc' dir='ltr'>αὐτὸν</span> <span class='ocrx_word' id='word_1_119' title='bbox 1198 1867 1314 1933; x_wconf 74' lang='grc' dir='ltr'>ἔφη</span> <span class='ocrx_word' id='word_1_120' title='bbox 1343 1864 1660 1929; x_wconf 65' lang='grc' dir='ltr'>,βαπτίζειν</span> <span class='ocrx_word' id='word_1_121' title='bbox 1682 1867 1753 1921; x_wconf 82' lang='grc' dir='ltr'>ἐν</span> <span class='ocrx_word' id='word_1_122' title='bbox 1796 1869 1942 1936; x_wconf 81' lang='grc' dir='ltr'>πυρί</span> 
     </span>
    </p>
   </div>
   <div class='ocr_carea' id='block_1_20' title="bbox 2048 672 3640 746">
    <p class='ocr_par' dir='ltr' id='par_1_20' title="bbox 2048 672 3640 746">
     <span class='ocr_line' id='line_1_20' title="bbox 2048 672 3640 746; baseline -0.001 -15"><span class='ocrx_word' id='word_1_123' title='bbox 2048 675 2421 746; x_wconf 75' lang='lat' dir='ltr'><strong>Augustinum</strong></span> <span class='ocrx_word' id='word_1_124' title='bbox 2443 672 2854 744; x_wconf 84' lang='lat' dir='ltr'><strong>Hipponensem</strong></span> <span class='ocrx_word' id='word_1_125' title='bbox 2876 672 3007 728; x_wconf 93' lang='lat' dir='ltr'><strong>item</strong></span> <span class='ocrx_word' id='word_1_126' title='bbox 3041 674 3385 744; x_wconf 85' lang='lat' dir='ltr'><strong>episcopum,</strong></span> <span class='ocrx_word' id='word_1_127' title='bbox 3424 689 3640 730; x_wconf 87' lang='lat' dir='ltr'><strong>necnon</strong></span> 
     </span>
    </p>
   </div>
   <div class='ocr_carea' id='block_1_21' title="bbox 2047 766 3642 838">
    <p class='ocr_par' dir='ltr' id='par_1_21' title="bbox 2047 766 3642 838">
     <span class='ocr_line' id='line_1_21' title="bbox 2047 766 3642 838; baseline -0.004 -12"><span class='ocrx_word' id='word_1_128' title='bbox 2047 769 2462 826; x_wconf 84' lang='lat' dir='ltr'><strong>sanctissimum</strong></span> <span class='ocrx_word' id='word_1_129' title='bbox 2485 767 2904 838; x_wconf 84' lang='lat' dir='ltr'><strong>Hieronymum,</strong></span> <span class='ocrx_word' id='word_1_130' title='bbox 2930 766 3204 822; x_wconf 61' lang='lat' dir='ltr'><strong>haeretica;</strong></span> <span class='ocrx_word' id='word_1_131' title='bbox 3223 767 3514 836; x_wconf 74' lang='lat' dir='ltr'><strong>pravitatis</strong></span> <span class='ocrx_word' id='word_1_132' title='bbox 3544 782 3642 821; x_wconf 84' lang='lat' dir='ltr'><strong>va-</strong></span> 
     </span>
    </p>
   </div>
   <div class='ocr_carea' id='block_1_22' title="bbox 2047 859 3638 932">
    <p class='ocr_par' dir='ltr' id='par_1_22' title="bbox 2047 859 3638 932">
     <span class='ocr_line' id='line_1_22' title="bbox 2047 859 3638 932; baseline -0.003 -14"><span class='ocrx_word' id='word_1_133' title='bbox 2047 861 2388 918; x_wconf 86' lang='lat' dir='ltr'><strong>lidissimum</strong></span> <span class='ocrx_word' id='word_1_134' title='bbox 2409 862 2876 932; x_wconf 82' lang='lat' dir='ltr'><strong>impugnatorem,</strong></span> <span class='ocrx_word' id='word_1_135' title='bbox 2901 868 3128 914; x_wconf 87' lang='lat' dir='ltr'><strong>secutus</strong></span> <span class='ocrx_word' id='word_1_136' title='bbox 3151 859 3349 915; x_wconf 90' lang='lat' dir='ltr'><strong>beatus</strong></span> <span class='ocrx_word' id='word_1_137' title='bbox 3377 860 3638 931; x_wconf 87' lang='lat' dir='ltr'><strong>Cyrillus,</strong></span> 
     </span>
    </p>
   </div>
   <div class='ocr_carea' id='block_1_23' title="bbox 2049 951 3643 1022">
    <p class='ocr_par' dir='ltr' id='par_1_23' title="bbox 2049 951 3643 1022">
     <span class='ocr_line' id='line_1_23' title="bbox 2049 951 3643 1022; baseline -0.004 -10"><span class='ocrx_word' id='word_1_138' title='bbox 2049 965 2109 1012; x_wconf 92' lang='lat' dir='ltr'><strong>et</strong></span> <span class='ocrx_word' id='word_1_139' title='bbox 2140 971 2267 1011; x_wconf 92' lang='lat' dir='ltr'><strong>cum</strong></span> <span class='ocrx_word' id='word_1_140' title='bbox 2290 970 2358 1010; x_wconf 91' lang='lat' dir='ltr'><strong>eo</strong></span> <span class='ocrx_word' id='word_1_141' title='bbox 2389 957 2651 1009; x_wconf 81' lang='lat' dir='ltr'><strong>universa</strong></span> <span class='ocrx_word' id='word_1_142' title='bbox 2693 961 2881 1008; x_wconf 86' lang='lat' dir='ltr'><strong>saneta</strong></span> <span class='ocrx_word' id='word_1_143' title='bbox 2915 951 3255 1007; x_wconf 76' lang='lat' dir='ltr'><strong>(ecumenica</strong></span> <span class='ocrx_word' id='word_1_144' title='bbox 3279 951 3441 1005; x_wconf 90' lang='lat' dir='ltr'><strong>tertia</strong></span> <span class='ocrx_word' id='word_1_145' title='bbox 3474 965 3612 1022; x_wconf 90' lang='lat' dir='ltr'><strong>syno</strong></span> <span class='ocrx_word' id='word_1_146' title='bbox 3638 983 3643 989; x_wconf 91' lang='lat'><strong>-</strong></span> 
     </span>
    </p>
   </div>
   <div class='ocr_carea' id='block_1_24' title="bbox 2047 1041 3645 1118">
    <p class='ocr_par' dir='ltr' id='par_1_24' title="bbox 2047 1041 3645 1118">
     <span class='ocr_line' id='line_1_24' title="bbox 2047 1041 3645 1118; baseline -0.004 -15"><span class='ocrx_word' id='word_1_147' title='bbox 2047 1049 2175 1112; x_wconf 88' lang='lat' dir='ltr'><strong>dus,</strong></span> <span class='ocrx_word' id='word_1_148' title='bbox 2205 1047 2478 1118; x_wconf 90' lang='lat' dir='ltr'><strong>scriptum</strong></span> <span class='ocrx_word' id='word_1_149' title='bbox 2509 1045 2672 1100; x_wconf 87' lang='lat' dir='ltr'><strong>nobis</strong></span> <span class='ocrx_word' id='word_1_150' title='bbox 2704 1044 3000 1100; x_wconf 82' lang='lat' dir='ltr'><strong>manifeste</strong></span> <span class='ocrx_word' id='word_1_151' title='bbox 3034 1043 3293 1114; x_wconf 89' lang='lat' dir='ltr'><strong>reliquit,</strong></span> <span class='ocrx_word' id='word_1_152' title='bbox 3329 1043 3479 1113; x_wconf 91' lang='lat' dir='ltr'><strong>quod</strong></span> <span class='ocrx_word' id='word_1_153' title='bbox 3521 1041 3645 1112; x_wconf 91' lang='lat' dir='ltr'><strong>Spi-</strong></span> 
     </span>
    </p>
   </div>
   <div class='ocr_carea' id='block_1_25' title="bbox 2048 1134 3642 1206">
    <p class='ocr_par' dir='ltr' id='par_1_25' title="bbox 2048 1134 3642 1206">
     <span class='ocr_line' id='line_1_25' title="bbox 2048 1134 3642 1206; baseline -0.003 -12"><span class='ocrx_word' id='word_1_154' title='bbox 2048 1139 2192 1194; x_wconf 82' lang='lat' dir='ltr'><strong>ritus</strong></span> <span class='ocrx_word' id='word_1_155' title='bbox 2223 1154 2292 1194; x_wconf 80' lang='lat' dir='ltr'><strong>ex</strong></span> <span class='ocrx_word' id='word_1_156' title='bbox 2318 1138 2460 1193; x_wconf 90' lang='lat' dir='ltr'><strong>Filio</strong></span> <span class='ocrx_word' id='word_1_157' title='bbox 2495 1138 2584 1192; x_wconf 89' lang='lat' dir='ltr'><strong>sit.</strong></span> <span class='ocrx_word' id='word_1_158' title='bbox 2623 1136 2714 1191; x_wconf 83' lang='lat' dir='ltr'><strong>Ait</strong></span> <span class='ocrx_word' id='word_1_159' title='bbox 2746 1137 2894 1192; x_wconf 90' lang='lat' dir='ltr'><strong>enim</strong></span> <span class='ocrx_word' id='word_1_160' title='bbox 2942 1136 3292 1206; x_wconf 87' lang='lat' dir='ltr'><strong>apertissime</strong></span> <span class='ocrx_word' id='word_1_161' title='bbox 3340 1136 3397 1190; x_wconf 93' lang='lat' dir='ltr'><strong>in</strong></span> <span class='ocrx_word' id='word_1_162' title='bbox 3441 1149 3545 1190; x_wconf 90' lang='lat' dir='ltr'><strong>suo</strong></span> <span class='ocrx_word' id='word_1_163' title='bbox 3573 1134 3642 1189; x_wconf 88' lang='lat' dir='ltr'><strong>ad</strong></span> 
     </span>
    </p>
   </div>
   <div class='ocr_carea' id='block_1_26' title="bbox 2047 1225 3646 1298">
    <p class='ocr_par' dir='ltr' id='par_1_26' title="bbox 2047 1225 3646 1298">
     <span class='ocr_line' id='line_1_26' title="bbox 2047 1225 3646 1298; baseline -0.004 -13"><span class='ocrx_word' id='word_1_164' title='bbox 2047 1230 2424 1286; x_wconf 85' lang='lat' dir='ltr'><strong>Theodosium</strong></span> <span class='ocrx_word' id='word_1_165' title='bbox 2471 1228 2864 1298; x_wconf 83' lang='lat' dir='ltr'><strong>imperatorem</strong></span> <span class='ocrx_word' id='word_1_166' title='bbox 2896 1227 2964 1282; x_wconf 91' lang='lat' dir='ltr'><strong>de</strong></span> <span class='ocrx_word' id='word_1_167' title='bbox 2996 1226 3102 1281; x_wconf 83' lang='lat' dir='ltr'><strong>fide</strong></span> <span class='ocrx_word' id='word_1_168' title='bbox 3130 1226 3436 1281; x_wconf 82' lang='lat' dir='ltr'><strong>orthodoxa</strong></span> <span class='ocrx_word' id='word_1_169' title='bbox 3480 1225 3646 1279; x_wconf 88' lang='lat' dir='ltr'><strong>Pros-</strong></span> 
     </span>
    </p>
   </div>
   <div class='ocr_carea' id='block_1_27' title="bbox 2047 1315 3642 1390">
    <p class='ocr_par' dir='ltr' id='par_1_27' title="bbox 2047 1315 3642 1390">
     <span class='ocr_line' id='line_1_27' title="bbox 2047 1315 3642 1390; baseline -0.003 -18"><span class='ocrx_word' id='word_1_170' title='bbox 2047 1321 2324 1390; x_wconf 80' lang='lat' dir='ltr'><strong>phonetico</strong></span> <span class='ocrx_word' id='word_1_171' title='bbox 2354 1359 2369 1384; x_wconf 97' lang='lat'><strong>,</strong></span> <span class='ocrx_word' id='word_1_172' title='bbox 2407 1317 2676 1388; x_wconf 85' lang='lat' dir='ltr'><strong>Spiritum</strong></span> <span class='ocrx_word' id='word_1_173' title='bbox 2699 1332 2788 1370; x_wconf 63' lang='grc' dir='ltr'><strong>νει</strong></span> <span class='ocrx_word' id='word_1_174' title='bbox 2845 1317 2983 1370; x_wconf 87' lang='lat' dir='ltr'><strong>Filio</strong></span> <span class='ocrx_word' id='word_1_175' title='bbox 3016 1331 3138 1371; x_wconf 90' lang='lat' dir='ltr'><strong>esse</strong></span> <span class='ocrx_word' id='word_1_176' title='bbox 3165 1355 3179 1380; x_wconf 92' lang='lat'><strong>,</strong></span> <span class='ocrx_word' id='word_1_177' title='bbox 3221 1315 3376 1370; x_wconf 92' lang='lat' dir='ltr'><strong>hisce</strong></span> <span class='ocrx_word' id='word_1_178' title='bbox 3403 1315 3591 1370; x_wconf 80' lang='lat' dir='ltr'><strong>verbis</strong></span> <span class='ocrx_word' id='word_1_179' title='bbox 3625 1329 3642 1368; x_wconf 89' lang='lat'><strong>:</strong></span> 
     </span>
    </p>
   </div>
   <div class='ocr_carea' id='block_1_28' title="bbox 2050 1407 3645 1482">
    <p class='ocr_par' dir='ltr' id='par_1_28' title="bbox 2050 1407 3645 1482">
     <span class='ocr_line' id='line_1_28' title="bbox 2050 1407 3645 1482; baseline -0.003 -16"><span class='ocrx_word' id='word_1_180' title='bbox 2050 1411 2210 1482; x_wconf 81' lang='lat' dir='ltr'><strong>Atqui</strong></span> <span class='ocrx_word' id='word_1_181' title='bbox 2231 1427 2350 1465; x_wconf 85' lang='lat' dir='ltr'><strong>cum</strong></span> <span class='ocrx_word' id='word_1_182' title='bbox 2381 1410 2646 1465; x_wconf 76' lang='lat' dir='ltr'><strong>hominem</strong></span> <span class='ocrx_word' id='word_1_183' title='bbox 2672 1409 2818 1473; x_wconf 82' lang='lat' dir='ltr'><strong>dicit,</strong></span> <span class='ocrx_word' id='word_1_184' title='bbox 2848 1410 2938 1479; x_wconf 91' lang='lat' dir='ltr'><strong>qui</strong></span> <span class='ocrx_word' id='word_1_185' title='bbox 2957 1408 3196 1479; x_wconf 84' lang='lat' dir='ltr'><strong>jamjam</strong></span> <span class='ocrx_word' id='word_1_186' title='bbox 3222 1423 3454 1478; x_wconf 71' lang='lat' dir='ltr'><strong>prazsens</strong></span> <span class='ocrx_word' id='word_1_187' title='bbox 3493 1407 3645 1477; x_wconf 80' lang='lat' dir='ltr'><strong>futu-</strong></span> 
     </span>
    </p>
   </div>
   <div class='ocr_carea' id='block_1_29' title="bbox 2052 1501 3645 1572">
    <p class='ocr_par' dir='ltr' id='par_1_29' title="bbox 2052 1501 3645 1572">
     <span class='ocr_line' id='line_1_29' title="bbox 2052 1501 3645 1572; baseline -0.001 -16"><span class='ocrx_word' id='word_1_188' title='bbox 2052 1520 2144 1556; x_wconf 88' lang='lat' dir='ltr'><strong>rus</strong></span> <span class='ocrx_word' id='word_1_189' title='bbox 2179 1509 2295 1556; x_wconf 86' lang='lat' dir='ltr'><strong>erat</strong></span> <span class='ocrx_word' id='word_1_190' title='bbox 2325 1510 2374 1554; x_wconf 89' lang='lat' dir='ltr'><strong>et</strong></span> <span class='ocrx_word' id='word_1_191' title='bbox 2394 1501 2557 1556; x_wconf 88' lang='lat' dir='ltr'><strong>oculis</strong></span> <span class='ocrx_word' id='word_1_192' title='bbox 2577 1502 3190 1572; x_wconf 86' lang='lat' dir='ltr'><strong>conspiciendus,&#39;ipsum</strong></span> <span class='ocrx_word' id='word_1_193' title='bbox 3214 1501 3346 1554; x_wconf 79' lang='lat' dir='ltr'><strong>dixit</strong></span> <span class='ocrx_word' id='word_1_194' title='bbox 3371 1501 3645 1571; x_wconf 82' lang='lat' dir='ltr'><strong>baptizare</strong></span> 
     </span>
    </p>
   </div>
   <div class='ocr_carea' id='block_1_30' title="bbox 2050 1574 3645 1665">
    <p class='ocr_par' dir='ltr' id='par_1_30' title="bbox 2050 1574 3645 1665">
     <span class='ocr_line' id='line_1_30' title="bbox 2050 1574 3645 1665; baseline -0.002 -15"><span class='ocrx_word' id='word_1_195' title='bbox 2050 1597 2109 1650; x_wconf 88' lang='lat' dir='ltr'><strong>in</strong></span> <span class='ocrx_word' id='word_1_196' title='bbox 2140 1596 2262 1665; x_wconf 85' lang='lat' dir='ltr'><strong>igne</strong></span> <span class='ocrx_word' id='word_1_197' title='bbox 2304 1600 2354 1647; x_wconf 91' lang='lat' dir='ltr'><strong>et</strong></span> <span class='ocrx_word' id='word_1_198' title='bbox 2391 1591 2595 1663; x_wconf 79' lang='lat' dir='ltr'><strong>Spiritu</strong></span> <span class='ocrx_word' id='word_1_199' title='bbox 2634 1602 2817 1648; x_wconf 88' lang='lat' dir='ltr'><strong>sancto</strong></span> <span class='ocrx_word' id='word_1_200' title='bbox 2859 1609 2878 1646; x_wconf 87' lang='lat'><em>:</em></span> <span class='ocrx_word' id='word_1_201' title='bbox 2912 1609 3019 1646; x_wconf 87' lang='lat' dir='ltr'><strong>non</strong></span> <span class='ocrx_word' id='word_1_202' title='bbox 3063 1594 3153 1662; x_wconf 86' lang='lat' dir='ltr'><strong>qui</strong></span> <span class='ocrx_word' id='word_1_203' title='bbox 3191 1574 3429 1646; x_wconf 82' lang='lat' dir='ltr'><strong>alienum</strong></span> <span class='ocrx_word' id='word_1_204' title='bbox 3471 1593 3645 1662; x_wconf 79' lang='lat' dir='ltr'><strong>bapti-</strong></span> 
     </span>
    </p>
   </div>
   <div class='ocr_carea' id='block_1_31' title="bbox 2051 1682 3647 1754">
    <p class='ocr_par' dir='ltr' id='par_1_31' title="bbox 2051 1682 3647 1754">
     <span class='ocr_line' id='line_1_31' title="bbox 2051 1682 3647 1754; baseline -0.004 -14"><span class='ocrx_word' id='word_1_205' title='bbox 2051 1686 2238 1740; x_wconf 75' lang='lat' dir='ltr'><strong>zandis</strong></span> <span class='ocrx_word' id='word_1_206' title='bbox 2267 1686 2575 1739; x_wconf 77' lang='lat' dir='ltr'><strong>immitteret</strong></span> <span class='ocrx_word' id='word_1_207' title='bbox 2598 1682 2862 1754; x_wconf 87' lang='lat' dir='ltr'><strong>Spiritum</strong></span> <span class='ocrx_word' id='word_1_208' title='bbox 2886 1724 2901 1748; x_wconf 95' lang='lat'><strong>,</strong></span> <span class='ocrx_word' id='word_1_209' title='bbox 2932 1683 3111 1738; x_wconf 84' lang='lat' dir='ltr'><strong>servili</strong></span> <span class='ocrx_word' id='word_1_210' title='bbox 3141 1699 3288 1736; x_wconf 87' lang='lat' dir='ltr'><strong>more</strong></span> <span class='ocrx_word' id='word_1_211' title='bbox 3317 1699 3380 1736; x_wconf 89' lang='lat' dir='ltr'><strong>ac</strong></span> <span class='ocrx_word' id='word_1_212' title='bbox 3402 1684 3614 1742; x_wconf 85' lang='lat' dir='ltr'><strong>ministe</strong></span> <span class='ocrx_word' id='word_1_213' title='bbox 3643 1713 3647 1718; x_wconf 92' lang='lat'><em>-</em></span> 
     </span>
    </p>
   </div>
   <div class='ocr_carea' id='block_1_32' title="bbox 2052 1775 3641 1845">
    <p class='ocr_par' dir='ltr' id='par_1_32' title="bbox 2052 1775 3641 1845">
     <span class='ocr_line' id='line_1_32' title="bbox 2052 1775 3641 1845; baseline -0.003 -13"><span class='ocrx_word' id='word_1_214' title='bbox 2052 1777 2281 1841; x_wconf 89' lang='lat' dir='ltr'><strong>rialiter,</strong></span> <span class='ocrx_word' id='word_1_215' title='bbox 2301 1777 2390 1830; x_wconf 86' lang='lat' dir='ltr'><strong>sed</strong></span> <span class='ocrx_word' id='word_1_216' title='bbox 2429 1785 2488 1830; x_wconf 86' lang='lat' dir='ltr'><strong>ut</strong></span> <span class='ocrx_word' id='word_1_217' title='bbox 2513 1786 2710 1829; x_wconf 88' lang='lat' dir='ltr'><strong>natura</strong></span> <span class='ocrx_word' id='word_1_218' title='bbox 2736 1775 2908 1829; x_wconf 88' lang='lat' dir='ltr'><strong>Deum</strong></span> <span class='ocrx_word' id='word_1_219' title='bbox 2943 1792 3063 1828; x_wconf 86' lang='lat' dir='ltr'><strong>cum</strong></span> <span class='ocrx_word' id='word_1_220' title='bbox 3096 1791 3329 1845; x_wconf 86' lang='lat' dir='ltr'><strong>superna</strong></span> <span class='ocrx_word' id='word_1_221' title='bbox 3362 1782 3641 1845; x_wconf 76' lang='lat' dir='ltr'><strong>potestate,</strong></span> 
     </span>
    </p>
   </div>
   <div class='ocr_carea' id='block_1_33' title="bbox 2053 1865 3644 1940">
    <p class='ocr_par' dir='ltr' id='par_1_33' title="bbox 2053 1865 3644 1940">
     <span class='ocr_line' id='line_1_33' title="bbox 2053 1865 3644 1940; baseline -0.001 -17"><span class='ocrx_word' id='word_1_222' title='bbox 2053 1871 2146 1940; x_wconf 92' lang='lat' dir='ltr'><strong>qui</strong></span> <span class='ocrx_word' id='word_1_223' title='bbox 2199 1884 2263 1922; x_wconf 75' lang='lat' dir='ltr'><strong>ea;</strong></span> <span class='ocrx_word' id='word_1_224' title='bbox 2291 1868 2426 1938; x_wconf 89' lang='lat' dir='ltr'><strong>ipso,</strong></span> <span class='ocrx_word' id='word_1_225' title='bbox 2486 1875 2537 1920; x_wconf 90' lang='lat' dir='ltr'><strong>et</strong></span> <span class='ocrx_word' id='word_1_226' title='bbox 2572 1868 2686 1937; x_wconf 89' lang='lat' dir='ltr'><strong>ejus</strong></span> <span class='ocrx_word' id='word_1_227' title='bbox 2713 1869 2960 1938; x_wconf 87' lang='lat' dir='ltr'><strong>proprius</strong></span> <span class='ocrx_word' id='word_1_228' title='bbox 2999 1867 3166 1938; x_wconf 74' lang='lat'><strong>692</strong></span> <span class='ocrx_word' id='word_1_229' title='bbox 3218 1875 3312 1920; x_wconf 86' lang='lat' dir='ltr'><strong>est.</strong></span> <span class='ocrx_word' id='word_1_230' title='bbox 3349 1865 3496 1932; x_wconf 87' lang='lat' dir='ltr'><strong>Quid</strong></span> <span class='ocrx_word' id='word_1_231' title='bbox 3538 1867 3644 1921; x_wconf 87' lang='lat' dir='ltr'><strong>hac</strong></span> 
     </span>
    </p>
   </div>
   <div class='ocr_carea' id='block_1_34' title="bbox 347 1953 1940 2028">
    <p class='ocr_par' dir='ltr' id='par_1_34' title="bbox 347 1953 1940 2024">
     <span class='ocr_line' id='line_1_34' title="bbox 347 1953 1940 2024; baseline 0.002 -16"><span class='ocrx_word' id='word_1_232' title='bbox 347 1953 453 2008; x_wconf 75' lang='grc' dir='ltr'><strong>καί</strong></span> <span class='ocrx_word' id='word_1_233' title='bbox 490 1953 638 2024; x_wconf 76' lang='grc' dir='ltr'>ἁγίῳ</span> <span class='ocrx_word' id='word_1_234' title='bbox 671 1954 995 2023; x_wconf 77' lang='grc' dir='ltr'>Πνεύματιο</span> <span class='ocrx_word' id='word_1_235' title='bbox 1043 1955 1153 2008; x_wconf 59' lang='grc' dir='ltr'>οὐκ</span> <span class='ocrx_word' id='word_1_236' title='bbox 1193 1955 1522 2023; x_wconf 75' lang='grc' dir='ltr'>ἀλλότριον</span> <span class='ocrx_word' id='word_1_237' title='bbox 1571 1956 1940 2023; x_wconf 74' lang='grc' dir='ltr'>τοῖς-,βαπτι-</span> 
     </span>
    </p>
   </div>
   <div class='ocr_carea' id='block_1_35' title="bbox 2044 1953 3643 2028">
    <p class='ocr_par' dir='ltr' id='par_1_35' title="bbox 2045 1958 3643 2028">
     <span class='ocr_line' id='line_1_35' title="bbox 2045 1958 3643 2028; baseline -0.003 -12"><span class='ocrx_word' id='word_1_238' title='bbox 2045 1962 2374 2016; x_wconf 80' lang='lat' dir='ltr'><strong>auctoritate</strong></span> <span class='ocrx_word' id='word_1_239' title='bbox 2419 1959 2806 2014; x_wconf 81' lang='lat' dir='ltr'><strong>manifestius?</strong></span> <span class='ocrx_word' id='word_1_240' title='bbox 2847 1959 2949 2013; x_wconf 88' lang='lat' dir='ltr'><strong>Hic</strong></span> <span class='ocrx_word' id='word_1_241' title='bbox 2979 1959 3129 2013; x_wconf 90' lang='lat' dir='ltr'><strong>enim</strong></span> <span class='ocrx_word' id='word_1_242' title='bbox 3165 1959 3520 2028; x_wconf 84' lang='lat' dir='ltr'><strong>apertissime</strong></span> <span class='ocrx_word' id='word_1_243' title='bbox 3573 1958 3643 2012; x_wconf 90' lang='lat' dir='ltr'><strong>de</strong></span> 
     </span>
    </p>
   </div>
   <div class='ocr_carea' id='block_1_36' title="bbox 348 2044 1946 2116">
    <p class='ocr_par' dir='ltr' id='par_1_36' title="bbox 348 2044 1946 2116">
     <span class='ocr_line' id='line_1_36' title="bbox 348 2044 1946 2116; baseline 0.001 -15"><span class='ocrx_word' id='word_1_244' title='bbox 348 2044 619 2116; x_wconf 75' lang='grc' dir='ltr'>ζομένοις</span> <span class='ocrx_word' id='word_1_245' title='bbox 645 2045 886 2100; x_wconf 67' lang='grc' dir='ltr'>ἀνιέντα</span> <span class='ocrx_word' id='word_1_246' title='bbox 915 2045 1158 2115; x_wconf 79' lang='grc' dir='ltr'>Πνεῦμα</span> <span class='ocrx_word' id='word_1_247' title='bbox 1175 2086 1198 2110; x_wconf 83' lang='lat'><strong>,</strong></span> <span class='ocrx_word' id='word_1_248' title='bbox 1237 2045 1670 2114; x_wconf 81' lang='grc' dir='ltr'>δουλοπρεπῶς</span> <span class='ocrx_word' id='word_1_249' title='bbox 1701 2049 1803 2103; x_wconf 79' lang='grc' dir='ltr'>καὶ</span> <span class='ocrx_word' id='word_1_250' title='bbox 1829 2053 1946 2104; x_wconf 83' lang='grc' dir='ltr'><strong>ὐπ-</strong></span> 
     </span>
    </p>
   </div>
   <div class='ocr_carea' id='block_1_37' title="bbox 347 2127 1940 2209">
    <p class='ocr_par' dir='ltr' id='par_1_37' title="bbox 347 2127 1940 2209">
     <span class='ocr_line' id='line_1_37' title="bbox 347 2127 1940 2209; baseline 0.001 -16"><span class='ocrx_word' id='word_1_251' title='bbox 347 2138 665 2208; x_wconf 75' lang='grc' dir='ltr'>ουργικῶςο</span> <span class='ocrx_word' id='word_1_252' title='bbox 696 2139 830 2192; x_wconf 69' lang='grc' dir='ltr'><strong>ἀλλ’</strong></span> <span class='ocrx_word' id='word_1_253' title='bbox 856 2139 938 2204; x_wconf 87' lang='grc' dir='ltr'>ὡς</span> <span class='ocrx_word' id='word_1_254' title='bbox 984 2139 1135 2192; x_wconf 84' lang='grc' dir='ltr'>Θεὸν</span> <span class='ocrx_word' id='word_1_255' title='bbox 1178 2127 1331 2193; x_wconf 72' lang='grc' dir='ltr'>κατὰ</span> <span class='ocrx_word' id='word_1_256' title='bbox 1359 2139 1571 2209; x_wconf 73' lang='grc' dir='ltr'>φύσιν.</span> <span class='ocrx_word' id='word_1_257' title='bbox 1602 2141 1732 2209; x_wconf 79' lang='grc' dir='ltr'>μετ’</span> <span class='ocrx_word' id='word_1_258' title='bbox 1763 2140 1940 2205; x_wconf 81' lang='grc' dir='ltr'>ἐξου-</span> 
     </span>
    </p>
   </div>
   <div class='ocr_carea' id='block_1_38' title="bbox 347 2230 1941 2300">
    <p class='ocr_par' dir='ltr' id='par_1_38' title="bbox 347 2230 1941 2300">
     <span class='ocr_line' id='line_1_38' title="bbox 347 2230 1941 2300; baseline 0.001 -13"><span class='ocrx_word' id='word_1_259' title='bbox 347 2234 497 2299; x_wconf 85' lang='grc' dir='ltr'><strong>σίας</strong></span> <span class='ocrx_word' id='word_1_260' title='bbox 517 2231 627 2300; x_wconf 81' lang='grc' dir='ltr'>τῆς</span> <span class='ocrx_word' id='word_1_261' title='bbox 654 2230 955 2295; x_wconf 80' lang='grc' dir='ltr'>ἀνωτάτω,</span> <span class='ocrx_word' id='word_1_262' title='bbox 987 2231 1056 2286; x_wconf 83' lang='grc' dir='ltr'>τὸ</span> <span class='ocrx_word' id='word_1_263' title='bbox 1083 2231 1154 2296; x_wconf 80' lang='grc' dir='ltr'><strong><em>ἐξ</em></strong></span> <span class='ocrx_word' id='word_1_264' title='bbox 1184 2231 1373 2286; x_wconf 85' lang='grc' dir='ltr'>αὑτοῦ</span> <span class='ocrx_word' id='word_1_265' title='bbox 1399 2233 1497 2287; x_wconf 79' lang='grc' dir='ltr'>καὶ</span> <span class='ocrx_word' id='word_1_266' title='bbox 1533 2231 1693 2286; x_wconf 75' lang='grc' dir='ltr'>ἴδιον</span> <span class='ocrx_word' id='word_1_267' title='bbox 1729 2235 1941 2288; x_wconf 82' lang='grc' dir='ltr'>αὑτοῦ.</span> 
     </span>
    </p>
   </div>
   <div class='ocr_carea' id='block_1_39' title="bbox 349 2318 1946 2397">
    <p class='ocr_par' dir='ltr' id='par_1_39' title="bbox 349 2318 1946 2397">
     <span class='ocr_line' id='line_1_39' title="bbox 349 2318 1946 2397; baseline 0.001 -20"><span class='ocrx_word' id='word_1_268' title='bbox 349 2323 418 2377; x_wconf 90' lang='grc' dir='ltr'>Τί</span> <span class='ocrx_word' id='word_1_269' title='bbox 458 2321 663 2392; x_wconf 84' lang='grc' dir='ltr'>ταύτης</span> <span class='ocrx_word' id='word_1_270' title='bbox 695 2321 798 2392; x_wconf 81' lang='grc' dir='ltr'>τῆς</span> <span class='ocrx_word' id='word_1_271' title='bbox 851 2322 1162 2393; x_wconf 79' lang='grc' dir='ltr'>μαρτυρίας</span> <span class='ocrx_word' id='word_1_272' title='bbox 1217 2321 1635 2395; x_wconf 74' lang='grc' dir='ltr'>φανερώτερινς</span> <span class='ocrx_word' id='word_1_273' title='bbox 1690 2318 1796 2377; x_wconf 84' lang='grc' dir='ltr'>ὧδε</span> <span class='ocrx_word' id='word_1_274' title='bbox 1835 2325 1946 2397; x_wconf 86' lang='grc' dir='ltr'><strong>γὰρ</strong></span> 
     </span>
    </p>
   </div>
   <div class='ocr_carea' id='block_1_40' title="bbox 347 2413 1943 2498">
    <p class='ocr_par' dir='ltr' id='par_1_40' title="bbox 347 2413 1943 2498">
     <span class='ocr_line' id='line_1_40' title="bbox 347 2413 1943 2498; baseline 0.003 -30"><span class='ocrx_word' id='word_1_275' title='bbox 347 2413 714 2498; x_wconf 78' lang='grc' dir='ltr'>φανερώτατα</span> <span class='ocrx_word' id='word_1_276' title='bbox 742 2415 872 2485; x_wconf 76' lang='grc' dir='ltr'>περὶ</span> <span class='ocrx_word' id='word_1_277' title='bbox 899 2413 996 2468; x_wconf 78' lang='grc' dir='ltr'><strong>τοῦ</strong></span> <span class='ocrx_word' id='word_1_278' title='bbox 1025 2414 1157 2468; x_wconf 81' lang='grc' dir='ltr'>Υίού</span> <span class='ocrx_word' id='word_1_279' title='bbox 1184 2415 1359 2484; x_wconf 83' lang='grc' dir='ltr'>λέγει,</span> <span class='ocrx_word' id='word_1_280' title='bbox 1389 2417 1475 2470; x_wconf 85' lang='grc' dir='ltr'>ὄτι</span> <span class='ocrx_word' id='word_1_281' title='bbox 1507 2416 1578 2472; x_wconf 81' lang='grc' dir='ltr'><em>Τὸ</em></span> <span class='ocrx_word' id='word_1_282' title='bbox 1604 2419 1853 2488; x_wconf 82' lang='grc' dir='ltr'>Πνεῦμα</span> <span class='ocrx_word' id='word_1_283' title='bbox 1877 2419 1943 2473; x_wconf 82' lang='grc' dir='ltr'>τὸ</span> 
     </span>
    </p>
   </div>
   <div class='ocr_carea' id='block_1_41' title="bbox 348 2505 1946 2577">
    <p class='ocr_par' dir='ltr' id='par_1_41' title="bbox 348 2505 1946 2577">
     <span class='ocr_line' id='line_1_41' title="bbox 348 2505 1946 2577; baseline 0 -14"><span class='ocrx_word' id='word_1_284' title='bbox 348 2507 530 2577; x_wconf 80' lang='grc' dir='ltr'>ἅγιον</span> <span class='ocrx_word' id='word_1_285' title='bbox 561 2506 688 2572; x_wconf 82' lang='grc' dir='ltr'>τοῖς</span> <span class='ocrx_word' id='word_1_286' title='bbox 700 2505 1168 2575; x_wconf 77' lang='grc' dir='ltr'>,βαπτιζομένοις</span> <span class='ocrx_word' id='word_1_287' title='bbox 1185 2507 1410 2576; x_wconf 83' lang='grc' dir='ltr'>ἐνίησι,</span> <span class='ocrx_word' id='word_1_288' title='bbox 1432 2508 1498 2562; x_wconf 83' lang='grc' dir='ltr'>τὸ</span> <span class='ocrx_word' id='word_1_289' title='bbox 1523 2508 1594 2574; x_wconf 82' lang='grc' dir='ltr'><strong>ἐξ</strong></span> <span class='ocrx_word' id='word_1_290' title='bbox 1613 2509 1824 2574; x_wconf 83' lang='grc' dir='ltr'>αὐτοῦ,</span> <span class='ocrx_word' id='word_1_291' title='bbox 1846 2509 1946 2564; x_wconf 82' lang='grc' dir='ltr'><strong>καί</strong></span> 
     </span>
    </p>
   </div>
   <div class='ocr_carea' id='block_1_42' title="bbox 350 2598 1952 2674">
    <p class='ocr_par' dir='ltr' id='par_1_42' title="bbox 350 2598 1952 2674">
     <span class='ocr_line' id='line_1_42' title="bbox 350 2598 1952 2674; baseline 0.001 -20"><span class='ocrx_word' id='word_1_292' title='bbox 350 2599 514 2654; x_wconf 81' lang='grc' dir='ltr'>ιδιον</span> <span class='ocrx_word' id='word_1_293' title='bbox 549 2599 757 2653; x_wconf 87' lang='grc' dir='ltr'>αὑτοῦ.</span> <span class='ocrx_word' id='word_1_294' title='bbox 799 2598 913 2652; x_wconf 75' lang='grc' dir='ltr'><strong>Καὶ</strong></span> <span class='ocrx_word' id='word_1_295' title='bbox 945 2598 1105 2652; x_wconf 82' lang='grc' dir='ltr'>τοῦτο</span> <span class='ocrx_word' id='word_1_296' title='bbox 1147 2600 1280 2654; x_wconf 83' lang='grc' dir='ltr'>αὐτὸ</span> <span class='ocrx_word' id='word_1_297' title='bbox 1303 2599 1382 2671; x_wconf 84' lang='grc' dir='ltr'><strong>τῷ</strong></span> <span class='ocrx_word' id='word_1_298' title='bbox 1423 2601 1654 2674; x_wconf 77' lang='grc' dir='ltr'>Ἑρμείᾳ</span> <span class='ocrx_word' id='word_1_299' title='bbox 1682 2602 1886 2673; x_wconf 82' lang='grc' dir='ltr'>γράφει</span> <span class='ocrx_word' id='word_1_300' title='bbox 1915 2604 1952 2656; x_wconf 74' lang='grc' dir='ltr'>δ’</span> 
     </span>
    </p>
   </div>
   <div class='ocr_carea' id='block_1_43' title="bbox 347 2688 1942 2764">
    <p class='ocr_par' dir='ltr' id='par_1_43' title="bbox 347 2688 1942 2764">
     <span class='ocr_line' id='line_1_43' title="bbox 347 2688 1942 2764; baseline 0.002 -19"><span class='ocrx_word' id='word_1_301' title='bbox 347 2691 516 2754; x_wconf 72' lang='grc' dir='ltr'>αὐτὸς</span> <span class='ocrx_word' id='word_1_302' title='bbox 543 2690 816 2762; x_wconf 79' lang='grc' dir='ltr'>μακάριος</span> <span class='ocrx_word' id='word_1_303' title='bbox 845 2689 1136 2760; x_wconf 76' lang='grc' dir='ltr'>Κύριλλος,</span> <span class='ocrx_word' id='word_1_304' title='bbox 1160 2692 1220 2746; x_wconf 82' lang='grc' dir='ltr'><strong>ἐν</strong></span> <span class='ocrx_word' id='word_1_305' title='bbox 1235 2688 1317 2763; x_wconf 77' lang='grc' dir='ltr'>τῇ</span> <span class='ocrx_word' id='word_1_306' title='bbox 1335 2692 1604 2764; x_wconf 73' lang='grc' dir='ltr'>ἑρμηνεία</span> <span class='ocrx_word' id='word_1_307' title='bbox 1638 2693 1730 2747; x_wconf 81' lang='grc' dir='ltr'><strong>τοῦ</strong></span> <span class='ocrx_word' id='word_1_308' title='bbox 1751 2695 1942 2749; x_wconf 76' lang='grc' dir='ltr'>ἐνάτου</span> 
     </span>
    </p>
   </div>
   <div class='ocr_carea' id='block_1_44' title="bbox 346 2779 1943 2866">
    <p class='ocr_par' dir='ltr' id='par_1_44' title="bbox 346 2779 1943 2866">
     <span class='ocr_line' id='line_1_44' title="bbox 346 2779 1943 2866; baseline 0.002 -30"><span class='ocrx_word' id='word_1_309' title='bbox 346 2780 802 2852; x_wconf 82' lang='grc' dir='ltr'>ἀναθεματισμοῦ</span> <span class='ocrx_word' id='word_1_310' title='bbox 834 2779 1146 2866; x_wconf 23' lang='grc' dir='ltr'>τούτοναύτδ</span> <span class='ocrx_word' id='word_1_311' title='bbox 1162 2779 1358 2850; x_wconf 78' lang='grc' dir='ltr'>λέγων.</span> <span class='ocrx_word' id='word_1_312' title='bbox 1407 2784 1499 2837; x_wconf 87' lang='grc' dir='ltr'>Ἐν</span> <span class='ocrx_word' id='word_1_313' title='bbox 1524 2782 1602 2854; x_wconf 82' lang='grc' dir='ltr'>τῷ</span> <span class='ocrx_word' id='word_1_314' title='bbox 1629 2785 1806 2856; x_wconf 80' lang='grc' dir='ltr'>ἐνάτῳ</span> <span class='ocrx_word' id='word_1_315' title='bbox 1832 2784 1943 2857; x_wconf 83' lang='grc' dir='ltr'>γὰρ</span> 
     </span>
    </p>
   </div>
   <div class='ocr_carea' id='block_1_45' title="bbox 347 2871 1946 2950">
    <p class='ocr_par' dir='ltr' id='par_1_45' title="bbox 347 2871 1946 2950">
     <span class='ocr_line' id='line_1_45' title="bbox 347 2871 1946 2950; baseline 0.002 -19"><span class='ocrx_word' id='word_1_316' title='bbox 347 2875 808 2948; x_wconf 84' lang='grc' dir='ltr'>ἀναθεματισμῷ,</span> <span class='ocrx_word' id='word_1_317' title='bbox 841 2873 971 2928; x_wconf 84' lang='grc' dir='ltr'>ίδιον</span> <span class='ocrx_word' id='word_1_318' title='bbox 1001 2871 1141 2929; x_wconf 77' lang='grc' dir='ltr'>εἶναι</span> <span class='ocrx_word' id='word_1_319' title='bbox 1181 2874 1275 2929; x_wconf 85' lang='grc' dir='ltr'><strong>τού</strong></span> <span class='ocrx_word' id='word_1_320' title='bbox 1306 2875 1438 2930; x_wconf 79' lang='grc' dir='ltr'>Υεοῢ</span> <span class='ocrx_word' id='word_1_321' title='bbox 1490 2877 1551 2931; x_wconf 84' lang='grc' dir='ltr'>τὺ</span> <span class='ocrx_word' id='word_1_322' title='bbox 1598 2878 1825 2950; x_wconf 78' lang='grc' dir='ltr'>Πνεῦμα</span> <span class='ocrx_word' id='word_1_323' title='bbox 1869 2881 1946 2934; x_wconf 87' lang='grc' dir='ltr'>εί-</span> 
     </span>
    </p>
   </div>
   <div class='ocr_carea' id='block_1_46' title="bbox 349 2967 1942 3041">
    <p class='ocr_par' dir='ltr' id='par_1_46' title="bbox 349 2967 1942 3041">
     <span class='ocr_line' id='line_1_46' title="bbox 349 2967 1942 3041; baseline 0.003 -18"><span class='ocrx_word' id='word_1_324' title='bbox 349 2968 493 3033; x_wconf 75' lang='grc' dir='ltr'>πιῗον,</span> <span class='ocrx_word' id='word_1_325' title='bbox 512 2969 605 3022; x_wconf 81' lang='grc' dir='ltr'><strong>τὸν</strong></span> <span class='ocrx_word' id='word_1_326' title='bbox 629 2968 792 3023; x_wconf 79' lang='grc' dir='ltr'>αὐτὸν</span> <span class='ocrx_word' id='word_1_327' title='bbox 805 2967 994 3021; x_wconf 77' lang='grc' dir='ltr'>ἔνατον</span> <span class='ocrx_word' id='word_1_328' title='bbox 1013 2968 1456 3040; x_wconf 79' lang='grc' dir='ltr'>ἀναθεματισμὸν</span> <span class='ocrx_word' id='word_1_329' title='bbox 1469 2970 1817 3041; x_wconf 80' lang='grc' dir='ltr'>ἑρμηνεύων,</span> <span class='ocrx_word' id='word_1_330' title='bbox 1835 2972 1942 3028; x_wconf 85' lang='grc' dir='ltr'>τίνι</span> 
     </span>
    </p>
   </div>
   <div class='ocr_carea' id='block_1_47' title="bbox 347 3056 1940 3134">
    <p class='ocr_par' dir='ltr' id='par_1_47' title="bbox 347 3056 1940 3134">
     <span class='ocr_line' id='line_1_47' title="bbox 347 3056 1940 3134; baseline -0.004 -18"><span class='ocrx_word' id='word_1_331' title='bbox 347 3062 534 3134; x_wconf 81' lang='grc' dir='ltr'>ἐννοίᾳ</span> <span class='ocrx_word' id='word_1_332' title='bbox 569 3061 701 3114; x_wconf 75' lang='grc' dir='ltr'>ἴδιον</span> <span class='ocrx_word' id='word_1_333' title='bbox 727 3059 895 3114; x_wconf 78' lang='grc' dir='ltr'>αὐτοῦ</span> <span class='ocrx_word' id='word_1_334' title='bbox 931 3056 1071 3113; x_wconf 76' lang='grc' dir='ltr'>εἶναι</span> <span class='ocrx_word' id='word_1_335' title='bbox 1107 3061 1168 3113; x_wconf 82' lang='grc' dir='ltr'><strong>τὸ</strong></span> <span class='ocrx_word' id='word_1_336' title='bbox 1196 3060 1422 3130; x_wconf 83' lang='grc' dir='ltr'>Πνεῦμα</span> <span class='ocrx_word' id='word_1_337' title='bbox 1466 3062 1693 3133; x_wconf 82' lang='grc' dir='ltr'>ἀνέῳξε,</span> <span class='ocrx_word' id='word_1_338' title='bbox 1741 3063 1940 3133; x_wconf 80' lang='grc' dir='ltr'>λέγωνο</span> 
     </span>
    </p>
   </div>
   <div class='ocr_carea' id='block_1_48' title="bbox 352 3151 1938 3224">
    <p class='ocr_par' dir='ltr' id='par_1_48' title="bbox 352 3151 1938 3224">
     <span class='ocr_line' id='line_1_48' title="bbox 352 3151 1938 3224; baseline 0.026 -49"><span class='ocrx_word' id='word_1_339' title='bbox 352 3157 694 3222; x_wconf 60' lang='grc' dir='ltr'><strong>Ἄνθρωπος</strong></span> <span class='ocrx_word' id='word_1_340' title='bbox 710 3151 968 3224; x_wconf 68' lang='grc' dir='ltr'><strong>γεγονὼς</strong></span> <span class='ocrx_word' id='word_1_341' title='bbox 990 3154 1024 3206; x_wconf 81' lang='grc' dir='ltr'><em>ὁ</em></span> <span class='ocrx_word' id='word_1_342' title='bbox 1043 3153 1389 3221; x_wconf 76' lang='grc' dir='ltr'>Μονογενὴς</span> <span class='ocrx_word' id='word_1_343' title='bbox 1417 3155 1524 3208; x_wconf 80' lang='grc' dir='ltr'><strong>τοῦ</strong></span> <span class='ocrx_word' id='word_1_344' title='bbox 1553 3157 1700 3210; x_wconf 82' lang='grc' dir='ltr'>Θεοῦ</span> <span class='ocrx_word' id='word_1_345' title='bbox 1727 3157 1938 3224; x_wconf 77' lang='grc' dir='ltr'>Λόγος,</span> 
     </span>
    </p>
   </div>
   <div class='ocr_carea' id='block_1_49' title="bbox 346 3235 2008 3317">
    <p class='ocr_par' dir='ltr' id='par_1_49' title="bbox 346 3235 2008 3317">
     <span class='ocr_line' id='line_1_49' title="bbox 346 3235 2008 3317; baseline 0.003 -18"><span class='ocrx_word' id='word_1_346' title='bbox 346 3235 768 3316; x_wconf 45' lang='lat' dir='ltr'><strong>detegentes-nus</strong></span> <span class='ocrx_word' id='word_1_347' title='bbox 785 3246 882 3298; x_wconf 80' lang='grc' dir='ltr'><strong>καί</strong></span> <span class='ocrx_word' id='word_1_348' title='bbox 907 3245 1062 3300; x_wconf 86' lang='grc' dir='ltr'>οὕτω</span> <span class='ocrx_word' id='word_1_349' title='bbox 1090 3246 1256 3310; x_wconf 75' lang='grc' dir='ltr'>Θεόςο</span> <span class='ocrx_word' id='word_1_350' title='bbox 1284 3245 1482 3300; x_wconf 80' lang='grc' dir='ltr'>πάντα</span> <span class='ocrx_word' id='word_1_351' title='bbox 1508 3239 1958 3317; x_wconf 72' lang='grc' dir='ltr'>ὑπάρχων-’ὅσα</span> <span class='ocrx_word' id='word_1_352' title='bbox 1974 3302 2008 3317; x_wconf 60' lang='grc' dir='ltr'>η</span> 
     </span>
    </p>
   </div>
   <div class='ocr_carea' id='block_1_50' title="bbox 348 3333 1942 3408">
    <p class='ocr_par' dir='ltr' id='par_1_50' title="bbox 348 3333 1942 3408">
     <span class='ocr_line' id='line_1_50' title="bbox 348 3333 1942 3408; baseline 0.001 -13"><span class='ocrx_word' id='word_1_353' title='bbox 348 3341 449 3396; x_wconf 76' lang='grc' dir='ltr'><strong>καί</strong></span> <span class='ocrx_word' id='word_1_354' title='bbox 472 3343 504 3395; x_wconf 83' lang='grc' dir='ltr'><em>ό</em></span> <span class='ocrx_word' id='word_1_355' title='bbox 523 3337 894 3407; x_wconf 77' lang='grc' dir='ltr'>Πατὴρ,δίχα</span> <span class='ocrx_word' id='word_1_356' title='bbox 909 3339 1103 3407; x_wconf 83' lang='grc' dir='ltr'>μόνου</span> <span class='ocrx_word' id='word_1_357' title='bbox 1125 3337 1231 3392; x_wconf 82' lang='grc' dir='ltr'><strong>τοῦ</strong></span> <span class='ocrx_word' id='word_1_358' title='bbox 1251 3333 1404 3392; x_wconf 82' lang='grc' dir='ltr'>εἶναι</span> <span class='ocrx_word' id='word_1_359' title='bbox 1422 3338 1645 3408; x_wconf 67' lang='grc' dir='ltr'>Πατήρο</span> <span class='ocrx_word' id='word_1_360' title='bbox 1661 3341 1760 3395; x_wconf 81' lang='grc' dir='ltr'>καὶ</span> <span class='ocrx_word' id='word_1_361' title='bbox 1783 3341 1942 3396; x_wconf 78' lang='grc' dir='ltr'>ἴδιον</span> 
     </span>
    </p>
   </div>
   <div class='ocr_carea' id='block_1_51' title="bbox 347 3424 1942 3501">
    <p class='ocr_par' dir='ltr' id='par_1_51' title="bbox 347 3424 1942 3501">
     <span class='ocr_line' id='line_1_51' title="bbox 347 3424 1942 3501; baseline -0.001 -13"><span class='ocrx_word' id='word_1_362' title='bbox 347 3427 508 3501; x_wconf 74' lang='grc' dir='ltr'>ἔχων</span> <span class='ocrx_word' id='word_1_363' title='bbox 526 3431 593 3485; x_wconf 86' lang='grc' dir='ltr'>τὸ</span> <span class='ocrx_word' id='word_1_364' title='bbox 625 3430 695 3494; x_wconf 79' lang='grc' dir='ltr'><strong>ἐξ</strong></span> <span class='ocrx_word' id='word_1_365' title='bbox 720 3428 910 3484; x_wconf 84' lang='grc' dir='ltr'>αὐτοῦ</span> <span class='ocrx_word' id='word_1_366' title='bbox 941 3429 1039 3483; x_wconf 78' lang='grc' dir='ltr'>καὶ</span> <span class='ocrx_word' id='word_1_367' title='bbox 1059 3428 1365 3494; x_wconf 79' lang='grc' dir='ltr'>οὐσιωδῶς</span> <span class='ocrx_word' id='word_1_368' title='bbox 1385 3431 1735 3500; x_wconf 63' lang='grc' dir='ltr'>ἐμπεφυκὸς</span> <span class='ocrx_word' id='word_1_369' title='bbox 1781 3424 1942 3500; x_wconf 68' lang='grc' dir='ltr'>αὐτῷ</span> 
     </span>
    </p>
   </div>
   <div class='ocr_carea' id='block_1_52' title="bbox 348 3514 1942 3596">
    <p class='ocr_par' dir='ltr' id='par_1_52' title="bbox 348 3514 1942 3596">
     <span class='ocr_line' id='line_1_52' title="bbox 348 3514 1942 3596; baseline -0.001 -15"><span class='ocrx_word' id='word_1_370' title='bbox 348 3525 524 3596; x_wconf 77' lang='grc' dir='ltr'>ἅγιον</span> <span class='ocrx_word' id='word_1_371' title='bbox 543 3523 806 3592; x_wconf 81' lang='grc' dir='ltr'>Πνεῦμα,</span> <span class='ocrx_word' id='word_1_372' title='bbox 833 3522 1016 3575; x_wconf 77' lang='grc' dir='ltr'>καὶτὰ</span> <span class='ocrx_word' id='word_1_373' title='bbox 1038 3522 1222 3576; x_wconf 80' lang='grc' dir='ltr'>λοιπά.</span> <span class='ocrx_word' id='word_1_374' title='bbox 1248 3514 1376 3576; x_wconf 84' lang='grc' dir='ltr'>Ὧδε</span> <span class='ocrx_word' id='word_1_375' title='bbox 1399 3523 1564 3576; x_wconf 78' lang='grc' dir='ltr'>πάλιν</span> <span class='ocrx_word' id='word_1_376' title='bbox 1583 3524 1942 3596; x_wconf 80' lang='grc' dir='ltr'>φανερώτατα</span> 
     </span>
    </p>
   </div>
   <div class='ocr_carea' id='block_1_53' title="bbox 347 3609 1942 3686">
    <p class='ocr_par' dir='ltr' id='par_1_53' title="bbox 347 3609 1942 3686">
     <span class='ocr_line' id='line_1_53' title="bbox 347 3609 1942 3686; baseline 0.002 -18"><span class='ocrx_word' id='word_1_377' title='bbox 347 3617 410 3670; x_wconf 80' lang='grc' dir='ltr'><strong>τὸ</strong></span> <span class='ocrx_word' id='word_1_378' title='bbox 435 3615 662 3686; x_wconf 82' lang='grc' dir='ltr'>Πνεῦμα</span> <span class='ocrx_word' id='word_1_379' title='bbox 698 3614 758 3667; x_wconf 83' lang='grc' dir='ltr'><strong>τὸ</strong></span> <span class='ocrx_word' id='word_1_380' title='bbox 800 3613 956 3682; x_wconf 78' lang='grc' dir='ltr'>ἅγιον</span> <span class='ocrx_word' id='word_1_381' title='bbox 985 3615 1051 3668; x_wconf 79' lang='grc' dir='ltr'><strong>ἐκ</strong></span> <span class='ocrx_word' id='word_1_382' title='bbox 1081 3613 1174 3667; x_wconf 84' lang='grc' dir='ltr'><strong>τοῦ</strong></span> <span class='ocrx_word' id='word_1_383' title='bbox 1203 3613 1337 3667; x_wconf 81' lang='grc' dir='ltr'>Υίοῦ</span> <span class='ocrx_word' id='word_1_384' title='bbox 1369 3609 1507 3668; x_wconf 71' lang='grc' dir='ltr'>εἶναι</span> <span class='ocrx_word' id='word_1_385' title='bbox 1553 3615 1702 3684; x_wconf 82' lang='grc' dir='ltr'>λέγει</span> <span class='ocrx_word' id='word_1_386' title='bbox 1731 3617 1759 3669; x_wconf 86' lang='grc' dir='ltr'><strong>ὁ</strong></span> <span class='ocrx_word' id='word_1_387' title='bbox 1788 3618 1942 3685; x_wconf 74' lang='grc' dir='ltr'>ἆγιος</span> 
     </span>
    </p>
   </div>
   <div class='ocr_carea' id='block_1_54' title="bbox 351 3701 1942 3780">
    <p class='ocr_par' dir='ltr' id='par_1_54' title="bbox 351 3701 1942 3780">
     <span class='ocr_line' id='line_1_54' title="bbox 351 3701 1942 3780; baseline 0 -17"><span class='ocrx_word' id='word_1_388' title='bbox 351 3709 565 3780; x_wconf 88' lang='grc' dir='ltr'>Πατήρ.</span> <span class='ocrx_word' id='word_1_389' title='bbox 601 3707 717 3762; x_wconf 83' lang='grc' dir='ltr'><strong>Οὐκ</strong></span> <span class='ocrx_word' id='word_1_390' title='bbox 746 3707 949 3776; x_wconf 83' lang='grc' dir='ltr'>ὀφείλει</span> <span class='ocrx_word' id='word_1_391' title='bbox 978 3705 1035 3760; x_wconf 84' lang='grc' dir='ltr'><strong>δέ</strong></span> <span class='ocrx_word' id='word_1_392' title='bbox 1061 3723 1168 3762; x_wconf 90' lang='grc' dir='ltr'>τινι</span> <span class='ocrx_word' id='word_1_393' title='bbox 1193 3701 1335 3761; x_wconf 80' lang='grc' dir='ltr'>εἶναι</span> <span class='ocrx_word' id='word_1_394' title='bbox 1361 3707 1695 3777; x_wconf 76' lang='grc' dir='ltr'>ἀμφίϐολον,</span> <span class='ocrx_word' id='word_1_395' title='bbox 1731 3709 1814 3762; x_wconf 83' lang='grc' dir='ltr'>ὅτι</span> <span class='ocrx_word' id='word_1_396' title='bbox 1844 3709 1942 3780; x_wconf 83' lang='grc' dir='ltr'><strong>τὴν</strong></span> 
     </span>
    </p>
   </div>
   <div class='ocr_carea' id='block_1_55' title="bbox 350 3793 1942 3871">
    <p class='ocr_par' dir='ltr' id='par_1_55' title="bbox 350 3793 1942 3871">
     <span class='ocr_line' id='line_1_55' title="bbox 350 3793 1942 3871; baseline -0.001 -15"><span class='ocrx_word' id='word_1_397' title='bbox 350 3803 560 3857; x_wconf 74' lang='grc' dir='ltr'>ἔννοιαν</span> <span class='ocrx_word' id='word_1_398' title='bbox 591 3799 828 3871; x_wconf 87' lang='grc' dir='ltr'>ἐκείνην,</span> <span class='ocrx_word' id='word_1_399' title='bbox 863 3793 968 3852; x_wconf 84' lang='grc' dir='ltr'>ὧδε</span> <span class='ocrx_word' id='word_1_400' title='bbox 1007 3798 1245 3870; x_wconf 80' lang='grc' dir='ltr'>ἀνέῳξεν</span> <span class='ocrx_word' id='word_1_401' title='bbox 1273 3801 1303 3853; x_wconf 86' lang='grc' dir='ltr'><strong>ὁ</strong></span> <span class='ocrx_word' id='word_1_402' title='bbox 1345 3800 1535 3869; x_wconf 76' lang='grc' dir='ltr'>ἅγιος,</span> <span class='ocrx_word' id='word_1_403' title='bbox 1563 3801 1757 3871; x_wconf 79' lang='grc' dir='ltr'>ἥντινα</span> <span class='ocrx_word' id='word_1_404' title='bbox 1795 3797 1942 3870; x_wconf 72' lang='grc' dir='ltr'>εἶχεν</span> 
     </span>
    </p>
   </div>
   <div class='ocr_carea' id='block_1_56' title="bbox 349 3892 1941 3966">
    <p class='ocr_par' dir='ltr' id='par_1_56' title="bbox 349 3892 1941 3966">
     <span class='ocr_line' id='line_1_56' title="bbox 349 3892 1941 3966; baseline -0.002 -16"><span class='ocrx_word' id='word_1_405' title='bbox 349 3897 440 3950; x_wconf 82' lang='grc' dir='ltr'><strong>ὅτε</strong></span> <span class='ocrx_word' id='word_1_406' title='bbox 480 3895 573 3950; x_wconf 81' lang='grc' dir='ltr'>τὸν</span> <span class='ocrx_word' id='word_1_407' title='bbox 618 3893 1069 3965; x_wconf 83' lang='grc' dir='ltr'>ἀναθεματισμὸν</span> <span class='ocrx_word' id='word_1_408' title='bbox 1097 3892 1334 3958; x_wconf 80' lang='grc' dir='ltr'>ἐξέθετο.</span> <span class='ocrx_word' id='word_1_409' title='bbox 1367 3893 1471 3949; x_wconf 79' lang='grc' dir='ltr'>Τὸν</span> <span class='ocrx_word' id='word_1_410' title='bbox 1497 3895 1941 3966; x_wconf 81' lang='grc' dir='ltr'>ἀναθεματισμὸν</span> 
     </span>
    </p>
   </div>
   <div class='ocr_carea' id='block_1_57' title="bbox 348 3984 1940 4057">
    <p class='ocr_par' dir='ltr' id='par_1_57' title="bbox 348 3984 1940 4057">
     <span class='ocr_line' id='line_1_57' title="bbox 348 3984 1940 4057; baseline -0.001 -15"><span class='ocrx_word' id='word_1_411' title='bbox 348 3989 407 4042; x_wconf 77' lang='grc' dir='ltr'>δὲ</span> <span class='ocrx_word' id='word_1_412' title='bbox 438 3988 670 4052; x_wconf 84' lang='grc' dir='ltr'>ἐκεῖνον,</span> <span class='ocrx_word' id='word_1_413' title='bbox 711 3987 812 4040; x_wconf 83' lang='grc' dir='ltr'><strong>σὺν</strong></span> <span class='ocrx_word' id='word_1_414' title='bbox 865 3986 1003 4039; x_wconf 81' lang='grc' dir='ltr'>πᾶσι</span> <span class='ocrx_word' id='word_1_415' title='bbox 1057 3984 1242 4050; x_wconf 79' lang='grc' dir='ltr'>ἄλλοις</span> <span class='ocrx_word' id='word_1_416' title='bbox 1294 3985 1769 4057; x_wconf 87' lang='grc' dir='ltr'>ἀναθεματισμοῖς</span> <span class='ocrx_word' id='word_1_417' title='bbox 1825 3987 1940 4040; x_wconf 86' lang='grc' dir='ltr'>ἐδέ-</span> 
     </span>
    </p>
   </div>
   <div class='ocr_carea' id='block_1_58' title="bbox 349 4076 1938 4153">
    <p class='ocr_par' dir='ltr' id='par_1_58' title="bbox 349 4076 1938 4153">
     <span class='ocr_line' id='line_1_58' title="bbox 349 4076 1938 4153; baseline 0.001 -20"><span class='ocrx_word' id='word_1_418' title='bbox 349 4080 479 4146; x_wconf 79' lang='grc' dir='ltr'>ξατο</span> <span class='ocrx_word' id='word_1_419' title='bbox 505 4080 539 4150; x_wconf 72' lang='grc' dir='ltr'><strong>ἡ</strong></span> <span class='ocrx_word' id='word_1_420' title='bbox 568 4078 700 4148; x_wconf 82' lang='grc' dir='ltr'>ἁγία</span> <span class='ocrx_word' id='word_1_421' title='bbox 715 4078 811 4134; x_wconf 82' lang='grc' dir='ltr'>καὶ</span> <span class='ocrx_word' id='word_1_422' title='bbox 837 4076 1198 4148; x_wconf 79' lang='grc' dir='ltr'>οίκουμενικὴ</span> <span class='ocrx_word' id='word_1_423' title='bbox 1224 4076 1273 4146; x_wconf 86' lang='grc' dir='ltr'>γ’</span> <span class='ocrx_word' id='word_1_424' title='bbox 1303 4076 1546 4145; x_wconf 84' lang='grc' dir='ltr'>σύνοδος,</span> <span class='ocrx_word' id='word_1_425' title='bbox 1570 4080 1630 4133; x_wconf 83' lang='grc' dir='ltr'><strong>ἐν</strong></span> <span class='ocrx_word' id='word_1_426' title='bbox 1658 4081 1846 4153; x_wconf 85' lang='grc' dir='ltr'>ἐκείνῃ</span> <span class='ocrx_word' id='word_1_427' title='bbox 1871 4083 1938 4152; x_wconf 80' lang='grc' dir='ltr'>τῇ</span> 
     </span>
    </p>
   </div>
   <div class='ocr_carea' id='block_1_59' title="bbox 350 4163 1940 4242">
    <p class='ocr_par' dir='ltr' id='par_1_59' title="bbox 350 4163 1940 4242">
     <span class='ocr_line' id='line_1_59' title="bbox 350 4163 1940 4242; baseline 0.003 -20"><span class='ocrx_word' id='word_1_428' title='bbox 350 4171 553 4242; x_wconf 81' lang='grc' dir='ltr'>ἐννοίᾳ,</span> <span class='ocrx_word' id='word_1_429' title='bbox 572 4171 631 4222; x_wconf 89' lang='grc' dir='ltr'><strong>ἐν</strong></span> <span class='ocrx_word' id='word_1_430' title='bbox 716 4169 917 4238; x_wconf 77' lang='grc' dir='ltr'>ὁᾶγιος</span> <span class='ocrx_word' id='word_1_431' title='bbox 945 4167 1182 4233; x_wconf 78' lang='grc' dir='ltr'>ἐξέθετο.</span> <span class='ocrx_word' id='word_1_432' title='bbox 1206 4169 1489 4240; x_wconf 81' lang='grc' dir='ltr'>Ἀρίδηλον</span> <span class='ocrx_word' id='word_1_433' title='bbox 1516 4171 1624 4242; x_wconf 81' lang='grc' dir='ltr'><strong>γάρ</strong></span> <span class='ocrx_word' id='word_1_434' title='bbox 1652 4171 1789 4234; x_wconf 82' lang='grc' dir='ltr'>ἐστι,</span> <span class='ocrx_word' id='word_1_435' title='bbox 1813 4174 1940 4238; x_wconf 86' lang='grc' dir='ltr'>τοὺς</span> 
     </span>
    </p>
   </div>
   <div class='ocr_carea' id='block_1_60' title="bbox 349 4261 1938 4334">
    <p class='ocr_par' dir='ltr' id='par_1_60' title="bbox 349 4261 1938 4334">
     <span class='ocr_line' id='line_1_60' title="bbox 349 4261 1938 4334; baseline -0.001 -17"><span class='ocrx_word' id='word_1_436' title='bbox 349 4262 801 4332; x_wconf 84' lang='grc' dir='ltr'>ἀγίουςΠατέρας</span> <span class='ocrx_word' id='word_1_437' title='bbox 817 4264 876 4316; x_wconf 86' lang='grc' dir='ltr'><strong>ἐν</strong></span> <span class='ocrx_word' id='word_1_438' title='bbox 901 4264 966 4331; x_wconf 81' lang='grc' dir='ltr'>τῇ</span> <span class='ocrx_word' id='word_1_439' title='bbox 996 4261 1129 4332; x_wconf 80' lang='grc' dir='ltr'>ἁγίᾳ</span> <span class='ocrx_word' id='word_1_440' title='bbox 1150 4261 1527 4333; x_wconf 83' lang='grc' dir='ltr'>προειρημένῃ</span> <span class='ocrx_word' id='word_1_441' title='bbox 1551 4265 1938 4334; x_wconf 82' lang='grc' dir='ltr'>συναχθέντας,</span> 
     </span>
    </p>
   </div>
   <div class='ocr_carea' id='block_1_61' title="bbox 348 4354 1941 4428">
    <p class='ocr_par' dir='ltr' id='par_1_61' title="bbox 348 4354 1941 4428">
     <span class='ocr_line' id='line_1_61' title="bbox 348 4354 1941 4428; baseline 0.002 -18"><span class='ocrx_word' id='word_1_442' title='bbox 348 4356 479 4427; x_wconf 81' lang='grc' dir='ltr'>ὅλην</span> <span class='ocrx_word' id='word_1_443' title='bbox 515 4355 615 4426; x_wconf 85' lang='grc' dir='ltr'>τὴν</span> <span class='ocrx_word' id='word_1_444' title='bbox 638 4356 832 4428; x_wconf 88' lang='grc' dir='ltr'>τρίτην</span> <span class='ocrx_word' id='word_1_445' title='bbox 872 4354 968 4409; x_wconf 81' lang='grc' dir='ltr'><strong>τοῦ</strong></span> <span class='ocrx_word' id='word_1_446' title='bbox 1011 4354 1418 4426; x_wconf 85' lang='grc' dir='ltr'>προειρημένου</span> <span class='ocrx_word' id='word_1_447' title='bbox 1451 4357 1668 4428; x_wconf 80' lang='grc' dir='ltr'>Πατρὺς</span> <span class='ocrx_word' id='word_1_448' title='bbox 1717 4358 1941 4413; x_wconf 65' lang='grc' dir='ltr'>επιστοκ</span> 
     </span>
    </p>
   </div>
   <div class='ocr_carea' id='block_1_62' title="bbox 346 4447 1939 4521">
    <p class='ocr_par' dir='ltr' id='par_1_62' title="bbox 346 4447 1939 4521">
     <span class='ocr_line' id='line_1_62' title="bbox 346 4447 1939 4521; baseline 0.001 -19"><span class='ocrx_word' id='word_1_449' title='bbox 346 4449 447 4521; x_wconf 81' lang='grc' dir='ltr'>λὴν</span> <span class='ocrx_word' id='word_1_450' title='bbox 476 4449 615 4519; x_wconf 86' lang='grc' dir='ltr'>πρὸς</span> <span class='ocrx_word' id='word_1_451' title='bbox 641 4448 733 4501; x_wconf 72' lang='grc' dir='ltr'><strong>τὸν</strong></span> <span class='ocrx_word' id='word_1_452' title='bbox 762 4447 936 4518; x_wconf 78' lang='grc' dir='ltr'>ἀσεὸἧ</span> <span class='ocrx_word' id='word_1_453' title='bbox 963 4448 1260 4519; x_wconf 85' lang='grc' dir='ltr'>Νεστὸριον</span> <span class='ocrx_word' id='word_1_454' title='bbox 1292 4447 1385 4501; x_wconf 77' lang='grc' dir='ltr'>τὸν</span> <span class='ocrx_word' id='word_1_455' title='bbox 1417 4449 1939 4504; x_wconf 81' lang='grc' dir='ltr'>Κωνσταντινουπὸ-</span> 
     </span>
    </p>
   </div>
   <div class='ocr_carea' id='block_1_63' title="bbox 345 4539 1934 4613">
    <p class='ocr_par' dir='ltr' id='par_1_63' title="bbox 345 4539 1934 4613">
     <span class='ocr_line' id='line_1_63' title="bbox 345 4539 1934 4613; baseline 0 -17"><span class='ocrx_word' id='word_1_456' title='bbox 345 4542 488 4606; x_wconf 82' lang='grc' dir='ltr'>λεως</span> <span class='ocrx_word' id='word_1_457' title='bbox 501 4541 802 4596; x_wconf 82' lang='grc' dir='ltr'>ἐπίσκοπον</span> <span class='ocrx_word' id='word_1_458' title='bbox 835 4539 1232 4610; x_wconf 82' lang='grc' dir='ltr'>γεγραμμένην</span> <span class='ocrx_word' id='word_1_459' title='bbox 1266 4539 1436 4612; x_wconf 86' lang='grc' dir='ltr'>χωρίς</span> <span class='ocrx_word' id='word_1_460' title='bbox 1463 4558 1613 4608; x_wconf 82' lang='grc' dir='ltr'>τινος</span> <span class='ocrx_word' id='word_1_461' title='bbox 1633 4541 1934 4613; x_wconf 87' lang='grc' dir='ltr'>δισταγμοῦ</span> 
     </span>
    </p>
   </div>
   <div class='ocr_carea' id='block_1_64' title="bbox 2049 2049 3646 2121">
    <p class='ocr_par' dir='ltr' id='par_1_64' title="bbox 2049 2049 3646 2121">
     <span class='ocr_line' id='line_1_64' title="bbox 2049 2049 3646 2121; baseline -0.004 -12"><span class='ocrx_word' id='word_1_462' title='bbox 2049 2055 2188 2110; x_wconf 85' lang='lat' dir='ltr'><strong>Filio</strong></span> <span class='ocrx_word' id='word_1_463' title='bbox 2229 2053 2365 2107; x_wconf 88' lang='lat' dir='ltr'><strong>dicit</strong></span> <span class='ocrx_word' id='word_1_464' title='bbox 2396 2069 2410 2105; x_wconf 89' lang='lat'><strong>:</strong></span> <span class='ocrx_word' id='word_1_465' title='bbox 2442 2051 2737 2105; x_wconf 80' lang='lat' dir='ltr'><strong>lmmittere</strong></span> <span class='ocrx_word' id='word_1_466' title='bbox 2790 2049 3049 2121; x_wconf 84' lang='lat' dir='ltr'><strong>Spiritum</strong></span> <span class='ocrx_word' id='word_1_467' title='bbox 3087 2057 3366 2113; x_wconf 88' lang='lat' dir='ltr'><strong>sanctum,</strong></span> <span class='ocrx_word' id='word_1_468' title='bbox 3399 2051 3478 2104; x_wconf 82' lang='lat' dir='ltr'><strong>his</strong></span> <span class='ocrx_word' id='word_1_469' title='bbox 3498 2090 3513 2113; x_wconf 95' lang='lat'><strong>,</strong></span> <span class='ocrx_word' id='word_1_470' title='bbox 3552 2051 3646 2120; x_wconf 87' lang='lat' dir='ltr'><strong>qui</strong></span> 
     </span>
    </p>
   </div>
   <div class='ocr_carea' id='block_1_65' title="bbox 2047 2141 3643 2216">
    <p class='ocr_par' dir='ltr' id='par_1_65' title="bbox 2047 2141 3643 2216">
     <span class='ocr_line' id='line_1_65' title="bbox 2047 2141 3643 2216; baseline -0.003 -16"><span class='ocrx_word' id='word_1_471' title='bbox 2047 2146 2410 2216; x_wconf 74' lang='lat' dir='ltr'><strong>baptizantur,</strong></span> <span class='ocrx_word' id='word_1_472' title='bbox 2434 2144 2524 2214; x_wconf 86' lang='lat' dir='ltr'><strong>qui</strong></span> <span class='ocrx_word' id='word_1_473' title='bbox 2553 2159 2616 2197; x_wconf 82' lang='lat' dir='ltr'><strong>ea:</strong></span> <span class='ocrx_word' id='word_1_474' title='bbox 2643 2143 2758 2213; x_wconf 82' lang='lat' dir='ltr'><strong>ipso</strong></span> <span class='ocrx_word' id='word_1_475' title='bbox 2805 2149 2856 2195; x_wconf 89' lang='lat' dir='ltr'><strong>et</strong></span> <span class='ocrx_word' id='word_1_476' title='bbox 2894 2141 3008 2208; x_wconf 89' lang='lat' dir='ltr'><strong>ejus</strong></span> <span class='ocrx_word' id='word_1_477' title='bbox 3054 2143 3301 2211; x_wconf 84' lang='lat' dir='ltr'><strong>proprius</strong></span> <span class='ocrx_word' id='word_1_478' title='bbox 3332 2151 3426 2195; x_wconf 86' lang='lat' dir='ltr'><strong>est.</strong></span> <span class='ocrx_word' id='word_1_479' title='bbox 3461 2141 3643 2210; x_wconf 84' lang='lat' dir='ltr'><strong>Atque</strong></span> 
     </span>
    </p>
   </div>
   <div class='ocr_carea' id='block_1_66' title="bbox 2048 2231 3643 2302">
    <p class='ocr_par' dir='ltr' id='par_1_66' title="bbox 2048 2231 3643 2302">
     <span class='ocr_line' id='line_1_66' title="bbox 2048 2231 3643 2302; baseline -0.003 -12"><span class='ocrx_word' id='word_1_480' title='bbox 2048 2237 2154 2290; x_wconf 91' lang='lat' dir='ltr'><strong>hoc</strong></span> <span class='ocrx_word' id='word_1_481' title='bbox 2181 2236 2327 2290; x_wconf 91' lang='lat' dir='ltr'><strong>idem</strong></span> <span class='ocrx_word' id='word_1_482' title='bbox 2359 2231 2600 2289; x_wconf 72' lang='lat' dir='ltr'><strong>Hermia:~</strong></span> <span class='ocrx_word' id='word_1_483' title='bbox 2639 2231 2837 2288; x_wconf 86' lang='lat' dir='ltr'><strong>scribit</strong></span> <span class='ocrx_word' id='word_1_484' title='bbox 2870 2231 3017 2287; x_wconf 90' lang='lat' dir='ltr'><strong>idem</strong></span> <span class='ocrx_word' id='word_1_485' title='bbox 3051 2231 3248 2286; x_wconf 89' lang='lat' dir='ltr'><strong>beatus</strong></span> <span class='ocrx_word' id='word_1_486' title='bbox 3287 2231 3548 2302; x_wconf 88' lang='lat' dir='ltr'><strong>Cyrillus,</strong></span> <span class='ocrx_word' id='word_1_487' title='bbox 3585 2231 3643 2286; x_wconf 94' lang='lat' dir='ltr'><strong>in</strong></span> 
     </span>
    </p>
   </div>
   <div class='ocr_carea' id='block_1_67' title="bbox 2047 2323 3641 2399">
    <p class='ocr_par' dir='ltr' id='par_1_67' title="bbox 2047 2323 3641 2399">
     <span class='ocr_line' id='line_1_67' title="bbox 2047 2323 3641 2399; baseline -0.002 -16"><span class='ocrx_word' id='word_1_488' title='bbox 2047 2329 2393 2399; x_wconf 79' lang='lat' dir='ltr'><strong>expositione</strong></span> <span class='ocrx_word' id='word_1_489' title='bbox 2422 2327 2554 2381; x_wconf 91' lang='lat' dir='ltr'><strong>noni</strong></span> <span class='ocrx_word' id='word_1_490' title='bbox 2586 2325 3038 2380; x_wconf 88' lang='lat' dir='ltr'><strong>anathematismi</strong></span> <span class='ocrx_word' id='word_1_491' title='bbox 3079 2324 3186 2378; x_wconf 91' lang='lat' dir='ltr'><strong>hoc</strong></span> <span class='ocrx_word' id='word_1_492' title='bbox 3220 2324 3401 2394; x_wconf 90' lang='lat' dir='ltr'><strong>ipsum</strong></span> <span class='ocrx_word' id='word_1_493' title='bbox 3427 2323 3641 2380; x_wconf 85' lang='lat' dir='ltr'><strong>dicens.</strong></span> 
     </span>
    </p>
   </div>
   <div class='ocr_carea' id='block_1_68' title="bbox 2046 2415 3643 2486">
    <p class='ocr_par' dir='ltr' id='par_1_68' title="bbox 2046 2415 3643 2486">
     <span class='ocr_line' id='line_1_68' title="bbox 2046 2415 3643 2486; baseline -0.004 -9"><span class='ocrx_word' id='word_1_494' title='bbox 2046 2423 2106 2477; x_wconf 88' lang='lat' dir='ltr'><strong>In</strong></span> <span class='ocrx_word' id='word_1_495' title='bbox 2131 2435 2280 2475; x_wconf 91' lang='lat' dir='ltr'><strong>nono</strong></span> <span class='ocrx_word' id='word_1_496' title='bbox 2309 2420 2456 2474; x_wconf 90' lang='lat' dir='ltr'><strong>enim</strong></span> <span class='ocrx_word' id='word_1_497' title='bbox 2486 2417 2978 2481; x_wconf 86' lang='lat' dir='ltr'><strong>anathematismo,</strong></span> <span class='ocrx_word' id='word_1_498' title='bbox 3003 2422 3129 2471; x_wconf 86' lang='lat' dir='ltr'><strong>eum</strong></span> <span class='ocrx_word' id='word_1_499' title='bbox 3160 2415 3428 2480; x_wconf 82' lang='lat' dir='ltr'><strong>dixisset,</strong></span> <span class='ocrx_word' id='word_1_500' title='bbox 3472 2415 3643 2486; x_wconf 85' lang='lat' dir='ltr'><strong>Spiri-</strong></span> 
     </span>
    </p>
   </div>
   <div class='ocr_carea' id='block_1_69' title="bbox 2047 2508 3642 2584">
    <p class='ocr_par' dir='ltr' id='par_1_69' title="bbox 2047 2508 3642 2584">
     <span class='ocr_line' id='line_1_69' title="bbox 2047 2508 3642 2584; baseline -0.004 -16"><span class='ocrx_word' id='word_1_501' title='bbox 2047 2524 2161 2568; x_wconf 88' lang='lat' dir='ltr'><strong>tum</strong></span> <span class='ocrx_word' id='word_1_502' title='bbox 2207 2512 2331 2567; x_wconf 87' lang='lat' dir='ltr'><strong>Filii</strong></span> <span class='ocrx_word' id='word_1_503' title='bbox 2356 2514 2636 2584; x_wconf 89' lang='lat' dir='ltr'><strong>proprium</strong></span> <span class='ocrx_word' id='word_1_504' title='bbox 2664 2525 2796 2574; x_wconf 87' lang='lat' dir='ltr'><strong>esse,</strong></span> <span class='ocrx_word' id='word_1_505' title='bbox 2829 2508 3090 2564; x_wconf 90' lang='lat' dir='ltr'><strong>eumdem</strong></span> <span class='ocrx_word' id='word_1_506' title='bbox 3116 2509 3642 2563; x_wconf 88' lang='lat' dir='ltr'><strong>anathematismum</strong></span> 
     </span>
    </p>
   </div>
   <div class='ocr_carea' id='block_1_70' title="bbox 2045 2600 3640 2678">
    <p class='ocr_par' dir='ltr' id='par_1_70' title="bbox 2045 2600 3640 2678">
     <span class='ocr_line' id='line_1_70' title="bbox 2045 2600 3640 2678; baseline -0.007 -15"><span class='ocrx_word' id='word_1_507' title='bbox 2045 2622 2369 2678; x_wconf 85' lang='lat' dir='ltr'><strong>exponens,</strong></span> <span class='ocrx_word' id='word_1_508' title='bbox 2398 2620 2510 2675; x_wconf 93' lang='lat' dir='ltr'><strong>quo</strong></span> <span class='ocrx_word' id='word_1_509' title='bbox 2573 2619 2740 2659; x_wconf 90' lang='lat' dir='ltr'><strong>sensu</strong></span> <span class='ocrx_word' id='word_1_510' title='bbox 2789 2602 3035 2672; x_wconf 88' lang='lat' dir='ltr'><strong>Spiritus</strong></span> <span class='ocrx_word' id='word_1_511' title='bbox 3068 2601 3190 2671; x_wconf 85' lang='lat' dir='ltr'><strong>ejus</strong></span> <span class='ocrx_word' id='word_1_512' title='bbox 3234 2601 3496 2670; x_wconf 88' lang='lat' dir='ltr'><strong>proprius</strong></span> <span class='ocrx_word' id='word_1_513' title='bbox 3543 2600 3640 2666; x_wconf 86' lang='lat' dir='ltr'><strong>sit,</strong></span> 
     </span>
    </p>
   </div>
   <div class='ocr_carea' id='block_1_71' title="bbox 2045 2689 3638 2771">
    <p class='ocr_par' dir='ltr' id='par_1_71' title="bbox 2045 2689 3638 2771">
     <span class='ocr_line' id='line_1_71' title="bbox 2045 2689 3638 2771; baseline -0.007 -16"><span class='ocrx_word' id='word_1_514' title='bbox 2045 2700 2284 2771; x_wconf 87' lang='lat' dir='ltr'><strong>aperuit,</strong></span> <span class='ocrx_word' id='word_1_515' title='bbox 2318 2697 2509 2752; x_wconf 91' lang='lat' dir='ltr'><strong>dicens</strong></span> <span class='ocrx_word' id='word_1_516' title='bbox 2538 2713 2551 2749; x_wconf 90' lang='lat'><strong>:</strong></span> <span class='ocrx_word' id='word_1_517' title='bbox 2586 2695 2752 2749; x_wconf 89' lang='lat' dir='ltr'><strong>Homo</strong></span> <span class='ocrx_word' id='word_1_518' title='bbox 2787 2694 2987 2764; x_wconf 74' lang='lat' dir='ltr'><strong>factum</strong></span> <span class='ocrx_word' id='word_1_519' title='bbox 3006 2694 3240 2761; x_wconf 75' lang='lat' dir='ltr'><strong>unigena</strong></span> <span class='ocrx_word' id='word_1_520' title='bbox 3266 2690 3362 2744; x_wconf 88' lang='lat' dir='ltr'><strong>Dei</strong></span> <span class='ocrx_word' id='word_1_521' title='bbox 3391 2689 3638 2757; x_wconf 85' lang='lat' dir='ltr'><strong>Verbum,</strong></span> 
     </span>
    </p>
   </div>
   <div class='ocr_carea' id='block_1_72' title="bbox 2043 2785 3640 2864">
    <p class='ocr_par' dir='ltr' id='par_1_72' title="bbox 2043 2785 3640 2864">
     <span class='ocr_line' id='line_1_72' title="bbox 2043 2785 3640 2864; baseline -0.008 -17"><span class='ocrx_word' id='word_1_522' title='bbox 2043 2795 2120 2848; x_wconf 88' lang='lat' dir='ltr'><strong>sic</strong></span> <span class='ocrx_word' id='word_1_523' title='bbox 2142 2807 2346 2864; x_wconf 84' lang='lat' dir='ltr'><strong>quoque</strong></span> <span class='ocrx_word' id='word_1_524' title='bbox 2379 2789 2636 2844; x_wconf 84' lang='lat' dir='ltr'><strong>remansit</strong></span> <span class='ocrx_word' id='word_1_525' title='bbox 2682 2787 2860 2851; x_wconf 85' lang='lat' dir='ltr'><strong>Deus;</strong></span> <span class='ocrx_word' id='word_1_526' title='bbox 2895 2800 3007 2838; x_wconf 79' lang='lat' dir='ltr'><strong>cum</strong></span> <span class='ocrx_word' id='word_1_527' title='bbox 3053 2786 3119 2839; x_wconf 89' lang='lat' dir='ltr'><strong>sit</strong></span> <span class='ocrx_word' id='word_1_528' title='bbox 3145 2785 3324 2837; x_wconf 89' lang='lat' dir='ltr'><strong>omnia</strong></span> <span class='ocrx_word' id='word_1_529' title='bbox 3352 2824 3366 2846; x_wconf 96' lang='lat'><strong>,</strong></span> <span class='ocrx_word' id='word_1_530' title='bbox 3419 2799 3640 2853; x_wconf 69' lang='lat' dir='ltr'><strong>qumque</strong></span> 
     </span>
    </p>
   </div>
   <div class='ocr_carea' id='block_1_73' title="bbox 2044 2874 3639 2949">
    <p class='ocr_par' dir='ltr' id='par_1_73' title="bbox 2044 2874 3639 2949">
     <span class='ocr_line' id='line_1_73' title="bbox 2044 2874 3639 2949; baseline -0.006 -11"><span class='ocrx_word' id='word_1_531' title='bbox 2044 2893 2122 2940; x_wconf 87' lang='lat' dir='ltr'><strong>est</strong></span> <span class='ocrx_word' id='word_1_532' title='bbox 2152 2891 2201 2937; x_wconf 89' lang='lat' dir='ltr'><strong>et</strong></span> <span class='ocrx_word' id='word_1_533' title='bbox 2232 2883 2538 2947; x_wconf 88' lang='lat' dir='ltr'><strong>Pater,una</strong></span> <span class='ocrx_word' id='word_1_534' title='bbox 2571 2881 2665 2934; x_wconf 84' lang='lat' dir='ltr'><strong>hoc</strong></span> <span class='ocrx_word' id='word_1_535' title='bbox 2690 2876 2921 2948; x_wconf 84' lang='lat' dir='ltr'><strong>dempto,</strong></span> <span class='ocrx_word' id='word_1_536' title='bbox 2942 2878 3080 2949; x_wconf 86' lang='lat' dir='ltr'><strong>quod</strong></span> <span class='ocrx_word' id='word_1_537' title='bbox 3116 2892 3221 2929; x_wconf 89' lang='lat' dir='ltr'><strong>non</strong></span> <span class='ocrx_word' id='word_1_538' title='bbox 3254 2883 3330 2928; x_wconf 85' lang='lat' dir='ltr'><strong>est</strong></span> <span class='ocrx_word' id='word_1_539' title='bbox 3365 2874 3564 2941; x_wconf 86' lang='lat' dir='ltr'><strong>Pater;</strong></span> <span class='ocrx_word' id='word_1_540' title='bbox 3588 2887 3639 2928; x_wconf 87' lang='lat' dir='ltr'><strong>et</strong></span> 
     </span>
    </p>
   </div>
   <div class='ocr_carea' id='block_1_74' title="bbox 2046 2969 3639 3050">
    <p class='ocr_par' dir='ltr' id='par_1_74' title="bbox 2046 2969 3639 3050">
     <span class='ocr_line' id='line_1_74' title="bbox 2046 2969 3639 3050; baseline -0.008 -18"><span class='ocrx_word' id='word_1_541' title='bbox 2046 2977 2323 3050; x_wconf 86' lang='lat' dir='ltr'><strong>proprium</strong></span> <span class='ocrx_word' id='word_1_542' title='bbox 2358 2975 2568 3039; x_wconf 83' lang='lat' dir='ltr'><strong>habeat,</strong></span> <span class='ocrx_word' id='word_1_543' title='bbox 2600 2972 2692 3044; x_wconf 87' lang='lat' dir='ltr'><strong>qui</strong></span> <span class='ocrx_word' id='word_1_544' title='bbox 2718 2985 2782 3026; x_wconf 80' lang='lat' dir='ltr'><strong>ea:</strong></span> <span class='ocrx_word' id='word_1_545' title='bbox 2805 2973 2918 3042; x_wconf 87' lang='lat' dir='ltr'><strong>ipso</strong></span> <span class='ocrx_word' id='word_1_546' title='bbox 2939 2977 3034 3034; x_wconf 81' lang='lat' dir='ltr'><strong>est,</strong></span> <span class='ocrx_word' id='word_1_547' title='bbox 3071 2977 3120 3023; x_wconf 89' lang='lat' dir='ltr'><strong>et</strong></span> <span class='ocrx_word' id='word_1_548' title='bbox 3154 2972 3209 3023; x_wconf 89' lang='lat' dir='ltr'><strong>in</strong></span> <span class='ocrx_word' id='word_1_549' title='bbox 3239 2971 3352 3040; x_wconf 89' lang='lat' dir='ltr'><strong>ipso</strong></span> <span class='ocrx_word' id='word_1_550' title='bbox 3386 2969 3639 3022; x_wconf 88' lang='lat' dir='ltr'><strong>substan-</strong></span> 
     </span>
    </p>
   </div>
   <div class='ocr_carea' id='block_1_75' title="bbox 2047 3057 3628 3134">
    <p class='ocr_par' dir='ltr' id='par_1_75' title="bbox 2047 3057 3628 3134">
     <span class='ocr_line' id='line_1_75' title="bbox 2047 3057 3628 3134; baseline -0.008 -11"><span class='ocrx_word' id='word_1_551' title='bbox 2047 3068 2247 3123; x_wconf 88' lang='lat' dir='ltr'><strong>tialiter</strong></span> <span class='ocrx_word' id='word_1_552' title='bbox 2263 3073 2460 3121; x_wconf 90' lang='lat' dir='ltr'><strong>natura</strong></span> <span class='ocrx_word' id='word_1_553' title='bbox 2489 3065 2645 3127; x_wconf 88' lang='lat' dir='ltr'><strong>inest,</strong></span> <span class='ocrx_word' id='word_1_554' title='bbox 2666 3061 2897 3134; x_wconf 86' lang='lat' dir='ltr'><strong>Spiritus</strong></span> <span class='ocrx_word' id='word_1_555' title='bbox 2943 3068 3192 3125; x_wconf 88' lang='lat' dir='ltr'><strong>sanctus,</strong></span> <span class='ocrx_word' id='word_1_556' title='bbox 3236 3069 3343 3114; x_wconf 91' lang='lat' dir='ltr'><strong>etc.</strong></span> <span class='ocrx_word' id='word_1_557' title='bbox 3377 3057 3480 3112; x_wconf 81' lang='lat' dir='ltr'><strong>Hic</strong></span> <span class='ocrx_word' id='word_1_558' title='bbox 3506 3073 3628 3111; x_wconf 91' lang='lat' dir='ltr'><strong>rur-</strong></span> 
     </span>
    </p>
   </div>
   <div class='ocr_carea' id='block_1_76' title="bbox 2045 3147 3636 3222">
    <p class='ocr_par' dir='ltr' id='par_1_76' title="bbox 2045 3147 3636 3222">
     <span class='ocr_line' id='line_1_76' title="bbox 2045 3147 3636 3222; baseline -0.009 -8"><span class='ocrx_word' id='word_1_559' title='bbox 2045 3175 2141 3215; x_wconf 90' lang='lat' dir='ltr'><strong>sus</strong></span> <span class='ocrx_word' id='word_1_560' title='bbox 2181 3157 2486 3212; x_wconf 86' lang='lat' dir='ltr'><strong>clarissime</strong></span> <span class='ocrx_word' id='word_1_561' title='bbox 2517 3195 2531 3221; x_wconf 93' lang='lat'><strong>,</strong></span> <span class='ocrx_word' id='word_1_562' title='bbox 2571 3169 2694 3208; x_wconf 89' lang='lat' dir='ltr'><strong>esse</strong></span> <span class='ocrx_word' id='word_1_563' title='bbox 2740 3153 3008 3222; x_wconf 89' lang='lat' dir='ltr'><strong>Spiritum</strong></span> <span class='ocrx_word' id='word_1_564' title='bbox 3070 3159 3321 3205; x_wconf 89' lang='lat' dir='ltr'><strong>sanctum</strong></span> <span class='ocrx_word' id='word_1_565' title='bbox 3370 3164 3438 3202; x_wconf 84' lang='lat' dir='ltr'><strong>ex</strong></span> <span class='ocrx_word' id='word_1_566' title='bbox 3472 3147 3636 3212; x_wconf 84' lang='lat' dir='ltr'><strong>Filio,</strong></span> 
     </span>
    </p>
   </div>
   <div class='ocr_carea' id='block_1_77' title="bbox 2047 3237 3642 3310">
    <p class='ocr_par' dir='ltr' id='par_1_77' title="bbox 2047 3237 3642 3310">
     <span class='ocr_line' id='line_1_77' title="bbox 2047 3237 3642 3310; baseline -0.009 -5"><span class='ocrx_word' id='word_1_567' title='bbox 2047 3256 2273 3306; x_wconf 87' lang='lat' dir='ltr'><strong>sanctus</strong></span> <span class='ocrx_word' id='word_1_568' title='bbox 2307 3249 2472 3303; x_wconf 88' lang='lat' dir='ltr'><strong>Pater</strong></span> <span class='ocrx_word' id='word_1_569' title='bbox 2508 3245 2662 3300; x_wconf 89' lang='lat' dir='ltr'><strong>dicit.</strong></span> <span class='ocrx_word' id='word_1_570' title='bbox 2702 3242 2921 3299; x_wconf 85' lang='lat' dir='ltr'><strong>Nemini</strong></span> <span class='ocrx_word' id='word_1_571' title='bbox 2956 3249 3140 3297; x_wconf 88' lang='lat' dir='ltr'><strong>autem</strong></span> <span class='ocrx_word' id='word_1_572' title='bbox 3185 3240 3488 3310; x_wconf 82' lang='lat' dir='ltr'><strong>quidquam</strong></span> <span class='ocrx_word' id='word_1_573' title='bbox 3535 3237 3642 3292; x_wconf 87' lang='lat' dir='ltr'><strong>du-</strong></span> 
     </span>
    </p>
   </div>
   <div class='ocr_carea' id='block_1_78' title="bbox 2045 3335 3638 3403">
    <p class='ocr_par' dir='ltr' id='par_1_78' title="bbox 2045 3335 3638 3403">
     <span class='ocr_line' id='line_1_78' title="bbox 2045 3335 3638 3403; baseline -0.008 -6"><span class='ocrx_word' id='word_1_574' title='bbox 2045 3343 2197 3399; x_wconf 85' lang='lat' dir='ltr'><strong>bium</strong></span> <span class='ocrx_word' id='word_1_575' title='bbox 2227 3356 2348 3396; x_wconf 89' lang='lat' dir='ltr'><strong>esse</strong></span> <span class='ocrx_word' id='word_1_576' title='bbox 2397 3339 2585 3403; x_wconf 88' lang='lat' dir='ltr'><strong>debet,</strong></span> <span class='ocrx_word' id='word_1_577' title='bbox 2620 3337 2873 3392; x_wconf 89' lang='lat' dir='ltr'><strong>eamdem</strong></span> <span class='ocrx_word' id='word_1_578' title='bbox 2935 3335 3028 3390; x_wconf 88' lang='lat' dir='ltr'><strong>hic</strong></span> <span class='ocrx_word' id='word_1_579' title='bbox 3091 3342 3331 3389; x_wconf 80' lang='lat' dir='ltr'><strong>mentem</strong></span> <span class='ocrx_word' id='word_1_580' title='bbox 3385 3339 3638 3387; x_wconf 89' lang='lat' dir='ltr'><strong>sanctum</strong></span> 
     </span>
    </p>
   </div>
   <div class='ocr_carea' id='block_1_79' title="bbox 2043 3423 3638 3507">
    <p class='ocr_par' dir='ltr' id='par_1_79' title="bbox 2043 3423 3638 3507">
     <span class='ocr_line' id='line_1_79' title="bbox 2043 3423 3638 3507; baseline -0.009 -15"><span class='ocrx_word' id='word_1_581' title='bbox 2043 3437 2350 3507; x_wconf 88' lang='lat' dir='ltr'><strong>aperuisse,</strong></span> <span class='ocrx_word' id='word_1_582' title='bbox 2380 3447 2545 3502; x_wconf 90' lang='lat' dir='ltr'><strong>quam</strong></span> <span class='ocrx_word' id='word_1_583' title='bbox 2580 3431 2876 3495; x_wconf 90' lang='lat' dir='ltr'><strong>habuerit,</strong></span> <span class='ocrx_word' id='word_1_584' title='bbox 2915 3440 3030 3483; x_wconf 92' lang='lat' dir='ltr'><strong>tum</strong></span> <span class='ocrx_word' id='word_1_585' title='bbox 3055 3468 3069 3493; x_wconf 88' lang='lat'><strong>,</strong></span> <span class='ocrx_word' id='word_1_586' title='bbox 3107 3443 3232 3482; x_wconf 92' lang='lat' dir='ltr'><strong>cum</strong></span> <span class='ocrx_word' id='word_1_587' title='bbox 3265 3423 3638 3480; x_wconf 88' lang='lat' dir='ltr'><strong>anathemati-</strong></span> 
     </span>
    </p>
   </div>
   <div class='ocr_carea' id='block_1_80' title="bbox 2041 3519 3639 3593">
    <p class='ocr_par' dir='ltr' id='par_1_80' title="bbox 2041 3519 3639 3593">
     <span class='ocr_line' id='line_1_80' title="bbox 2041 3519 3639 3593; baseline -0.008 -9"><span class='ocrx_word' id='word_1_588' title='bbox 2041 3545 2221 3584; x_wconf 90' lang='lat' dir='ltr'><strong>smum</strong></span> <span class='ocrx_word' id='word_1_589' title='bbox 2243 3527 2452 3582; x_wconf 90' lang='lat' dir='ltr'><strong>ederet.</strong></span> <span class='ocrx_word' id='word_1_590' title='bbox 2476 3525 2635 3579; x_wconf 86' lang='lat' dir='ltr'><strong>Hunc</strong></span> <span class='ocrx_word' id='word_1_591' title='bbox 2654 3537 2820 3593; x_wconf 93' lang='lat' dir='ltr'><strong>porro</strong></span> <span class='ocrx_word' id='word_1_592' title='bbox 2843 3519 3364 3576; x_wconf 86' lang='lat' dir='ltr'><strong>anathematismum</strong></span> <span class='ocrx_word' id='word_1_593' title='bbox 3393 3533 3518 3571; x_wconf 91' lang='lat' dir='ltr'><strong>cum</strong></span> <span class='ocrx_word' id='word_1_594' title='bbox 3547 3531 3639 3572; x_wconf 85' lang='lat' dir='ltr'><strong>re-</strong></span> 
     </span>
    </p>
   </div>
   <div class='ocr_carea' id='block_1_81' title="bbox 2041 3609 3640 3691">
    <p class='ocr_par' dir='ltr' id='par_1_81' title="bbox 2041 3609 3640 3691">
     <span class='ocr_line' id='line_1_81' title="bbox 2041 3609 3640 3691; baseline -0.007 -16"><span class='ocrx_word' id='word_1_595' title='bbox 2041 3621 2211 3691; x_wconf 88' lang='lat' dir='ltr'><strong>liquis</strong></span> <span class='ocrx_word' id='word_1_596' title='bbox 2234 3617 2491 3673; x_wconf 90' lang='lat' dir='ltr'><strong>omnibus</strong></span> <span class='ocrx_word' id='word_1_597' title='bbox 2518 3613 2994 3670; x_wconf 88' lang='lat' dir='ltr'><strong>anathematismis</strong></span> <span class='ocrx_word' id='word_1_598' title='bbox 3026 3609 3234 3682; x_wconf 87' lang='lat' dir='ltr'><strong>recepit</strong></span> <span class='ocrx_word' id='word_1_599' title='bbox 3267 3611 3427 3664; x_wconf 83' lang='lat' dir='ltr'><strong>tertia</strong></span> <span class='ocrx_word' id='word_1_600' title='bbox 3451 3617 3640 3664; x_wconf 86' lang='lat' dir='ltr'><strong>sancta</strong></span> 
     </span>
    </p>
   </div>
   <div class='ocr_carea' id='block_1_82' title="bbox 2041 3701 3639 3780">
    <p class='ocr_par' dir='ltr' id='par_1_82' title="bbox 2041 3701 3639 3780">
     <span class='ocr_line' id='line_1_82' title="bbox 2041 3701 3639 3780; baseline -0.007 -13"><span class='ocrx_word' id='word_1_601' title='bbox 2041 3711 2463 3768; x_wconf 71' lang='lat' dir='ltr'><strong>etmcumenica</strong></span> <span class='ocrx_word' id='word_1_602' title='bbox 2501 3708 2748 3780; x_wconf 86' lang='lat' dir='ltr'><strong>synodus</strong></span> <span class='ocrx_word' id='word_1_603' title='bbox 2771 3748 2785 3771; x_wconf 94' lang='lat'><strong>,</strong></span> <span class='ocrx_word' id='word_1_604' title='bbox 2837 3721 2948 3776; x_wconf 92' lang='lat' dir='ltr'><strong>quo</strong></span> <span class='ocrx_word' id='word_1_605' title='bbox 2983 3720 3151 3760; x_wconf 88' lang='lat' dir='ltr'><strong>sensu</strong></span> <span class='ocrx_word' id='word_1_606' title='bbox 3188 3711 3416 3758; x_wconf 86' lang='lat' dir='ltr'><strong>sanctus</strong></span> <span class='ocrx_word' id='word_1_607' title='bbox 3445 3701 3639 3756; x_wconf 85' lang='lat' dir='ltr'><strong>edide-</strong></span> 
     </span>
    </p>
   </div>
   <div class='ocr_carea' id='block_1_83' title="bbox 2045 3795 3637 3861">
    <p class='ocr_par' dir='ltr' id='par_1_83' title="bbox 2045 3795 3637 3861">
     <span class='ocr_line' id='line_1_83' title="bbox 2045 3795 3637 3861; baseline -0.007 -1"><span class='ocrx_word' id='word_1_608' title='bbox 2045 3813 2146 3860; x_wconf 88' lang='lat' dir='ltr'><strong>rat.</strong></span> <span class='ocrx_word' id='word_1_609' title='bbox 2182 3802 2530 3859; x_wconf 83' lang='lat' dir='ltr'><strong>Manifestum</strong></span> <span class='ocrx_word' id='word_1_610' title='bbox 2575 3801 2726 3856; x_wconf 90' lang='lat' dir='ltr'><strong>euim</strong></span> <span class='ocrx_word' id='word_1_611' title='bbox 2757 3809 2862 3861; x_wconf 87' lang='lat' dir='ltr'><strong>est,</strong></span> <span class='ocrx_word' id='word_1_612' title='bbox 2894 3808 3116 3854; x_wconf 89' lang='lat' dir='ltr'><strong>sanctos</strong></span> <span class='ocrx_word' id='word_1_613' title='bbox 3153 3798 3342 3853; x_wconf 86' lang='lat' dir='ltr'><strong>Patres</strong></span> <span class='ocrx_word' id='word_1_614' title='bbox 3399 3798 3453 3849; x_wconf 92' lang='lat' dir='ltr'><strong>in</strong></span> <span class='ocrx_word' id='word_1_615' title='bbox 3489 3795 3637 3850; x_wconf 90' lang='lat' dir='ltr'><strong>dicta</strong></span> 
     </span>
    </p>
   </div>
   <div class='ocr_carea' id='block_1_84' title="bbox 2042 3889 3636 3970">
    <p class='ocr_par' dir='ltr' id='par_1_84' title="bbox 2042 3889 3636 3970">
     <span class='ocr_line' id='line_1_84' title="bbox 2042 3889 3636 3970; baseline -0.008 -16"><span class='ocrx_word' id='word_1_616' title='bbox 2042 3907 2230 3955; x_wconf 88' lang='lat' dir='ltr'><strong>sancta</strong></span> <span class='ocrx_word' id='word_1_617' title='bbox 2261 3897 2470 3970; x_wconf 81' lang='lat' dir='ltr'><strong>synodo</strong></span> <span class='ocrx_word' id='word_1_618' title='bbox 2505 3903 2889 3967; x_wconf 78' lang='lat' dir='ltr'><strong>congregatos,</strong></span> <span class='ocrx_word' id='word_1_619' title='bbox 2912 3902 3086 3948; x_wconf 82' lang='lat' dir='ltr'><strong>totam</strong></span> <span class='ocrx_word' id='word_1_620' title='bbox 3120 3892 3338 3947; x_wconf 88' lang='lat' dir='ltr'><strong>tertiam</strong></span> <span class='ocrx_word' id='word_1_621' title='bbox 3370 3889 3503 3944; x_wconf 91' lang='lat' dir='ltr'><strong>dicti</strong></span> <span class='ocrx_word' id='word_1_622' title='bbox 3531 3889 3636 3944; x_wconf 81' lang='lat' dir='ltr'><strong>Pa-</strong></span> 
     </span>
    </p>
   </div>
   <div class='ocr_carea' id='block_1_85' title="bbox 2043 3983 3638 4060">
    <p class='ocr_par' dir='ltr' id='par_1_85' title="bbox 2043 3983 3638 4060">
     <span class='ocr_line' id='line_1_85' title="bbox 2043 3983 3638 4060; baseline -0.007 -15"><span class='ocrx_word' id='word_1_623' title='bbox 2043 3992 2144 4046; x_wconf 87' lang='lat' dir='ltr'><strong>tris</strong></span> <span class='ocrx_word' id='word_1_624' title='bbox 2179 3990 2468 4060; x_wconf 87' lang='lat' dir='ltr'><strong>epistolam</strong></span> <span class='ocrx_word' id='word_1_625' title='bbox 2501 3989 2768 4043; x_wconf 90' lang='lat' dir='ltr'><strong>adversus</strong></span> <span class='ocrx_word' id='word_1_626' title='bbox 2794 3987 3026 4056; x_wconf 91' lang='lat' dir='ltr'><strong>impium</strong></span> <span class='ocrx_word' id='word_1_627' title='bbox 3064 3983 3392 4040; x_wconf 86' lang='lat' dir='ltr'><strong>Nestorium</strong></span> <span class='ocrx_word' id='word_1_628' title='bbox 3419 3984 3638 4051; x_wconf 87' lang='lat' dir='ltr'><strong>episco-</strong></span> 
     </span>
    </p>
   </div>
   <div class='ocr_carea' id='block_1_86' title="bbox 2042 4072 3648 4154">
    <p class='ocr_par' dir='ltr' id='par_1_86' title="bbox 2042 4072 3648 4154">
     <span class='ocr_line' id='line_1_86' title="bbox 2042 4072 3648 4154; baseline -0.009 -15"><span class='ocrx_word' id='word_1_629' title='bbox 2042 4100 2174 4154; x_wconf 90' lang='lat' dir='ltr'><strong>pum</strong></span> <span class='ocrx_word' id='word_1_630' title='bbox 2222 4080 2922 4150; x_wconf 88' lang='lat' dir='ltr'><strong>Constantinopolitanum,</strong></span> <span class='ocrx_word' id='word_1_631' title='bbox 2955 4077 3218 4147; x_wconf 90' lang='lat' dir='ltr'><strong>scriptam</strong></span> <span class='ocrx_word' id='word_1_632' title='bbox 3259 4075 3467 4144; x_wconf 84' lang='lat' dir='ltr'><strong>absque</strong></span> <span class='ocrx_word' id='word_1_633' title='bbox 3524 4072 3648 4126; x_wconf 72' lang='lat' dir='ltr'><strong>ulla</strong></span> 
     </span>
    </p>
   </div>
   <div class='ocr_carea' id='block_1_87' title="bbox 2041 4166 3635 4239">
    <p class='ocr_par' dir='ltr' id='par_1_87' title="bbox 2041 4166 3635 4239">
     <span class='ocr_line' id='line_1_87' title="bbox 2041 4166 3635 4239; baseline -0.008 -9"><span class='ocrx_word' id='word_1_634' title='bbox 2041 4174 2452 4232; x_wconf 77' lang='lat' dir='ltr'><strong>retractationis</strong></span> <span class='ocrx_word' id='word_1_635' title='bbox 2483 4173 2833 4228; x_wconf 63' lang='lat' dir='ltr'><strong>haesitatione</strong></span> <span class='ocrx_word' id='word_1_636' title='bbox 2869 4169 3166 4239; x_wconf 89' lang='lat' dir='ltr'><strong>recepisse.</strong></span> <span class='ocrx_word' id='word_1_637' title='bbox 3205 4166 3425 4222; x_wconf 90' lang='lat' dir='ltr'><strong>Scimus</strong></span> <span class='ocrx_word' id='word_1_638' title='bbox 3449 4173 3635 4220; x_wconf 88' lang='lat' dir='ltr'><strong>autem</strong></span> 
     </span>
    </p>
   </div>
   <div class='ocr_carea' id='block_1_88' title="bbox 2041 4256 3637 4338">
    <p class='ocr_par' dir='ltr' id='par_1_88' title="bbox 2041 4256 3637 4338">
     <span class='ocr_line' id='line_1_88' title="bbox 2041 4256 3637 4338; baseline -0.009 -14"><span class='ocrx_word' id='word_1_639' title='bbox 2041 4270 2201 4324; x_wconf 62' lang='lat' dir='ltr'><strong>dictae</strong></span> <span class='ocrx_word' id='word_1_640' title='bbox 2227 4269 2478 4338; x_wconf 66' lang='lat' dir='ltr'><strong>epistofaa</strong></span> <span class='ocrx_word' id='word_1_641' title='bbox 2507 4276 2812 4322; x_wconf 84' lang='lat' dir='ltr'><strong>extremam</strong></span> <span class='ocrx_word' id='word_1_642' title='bbox 2839 4271 3052 4333; x_wconf 89' lang='lat' dir='ltr'><strong>partem</strong></span> <span class='ocrx_word' id='word_1_643' title='bbox 3079 4302 3094 4326; x_wconf 88' lang='lat'><strong>,</strong></span> <span class='ocrx_word' id='word_1_644' title='bbox 3124 4260 3304 4314; x_wconf 90' lang='lat' dir='ltr'><strong>dictos</strong></span> <span class='ocrx_word' id='word_1_645' title='bbox 3337 4256 3637 4313; x_wconf 90' lang='lat' dir='ltr'><strong>duodecim</strong></span> 
     </span>
    </p>
   </div>
   <div class='ocr_carea' id='block_1_89' title="bbox 2040 4347 3638 4419">
    <p class='ocr_par' dir='ltr' id='par_1_89' title="bbox 2040 4347 3638 4419">
     <span class='ocr_line' id='line_1_89' title="bbox 2040 4347 3638 4419; baseline -0.009 -5"><span class='ocrx_word' id='word_1_646' title='bbox 2040 4358 2525 4414; x_wconf 86' lang='lat' dir='ltr'><strong>anathematismos</strong></span> <span class='ocrx_word' id='word_1_647' title='bbox 2557 4355 2864 4410; x_wconf 81' lang='lat' dir='ltr'><strong>continere.</strong></span> <span class='ocrx_word' id='word_1_648' title='bbox 2891 4351 3049 4418; x_wconf 85' lang='lat' dir='ltr'><strong>Quod</strong></span> <span class='ocrx_word' id='word_1_649' title='bbox 3083 4351 3130 4405; x_wconf 90' lang='lat' dir='ltr'><strong>si</strong></span> <span class='ocrx_word' id='word_1_650' title='bbox 3155 4349 3281 4419; x_wconf 89' lang='lat' dir='ltr'><strong>quis</strong></span> <span class='ocrx_word' id='word_1_651' title='bbox 3310 4347 3466 4417; x_wconf 89' lang='lat' dir='ltr'><strong>quasi</strong></span> <span class='ocrx_word' id='word_1_652' title='bbox 3498 4347 3638 4416; x_wconf 75' lang='lat' dir='ltr'><strong>legi-</strong></span> 
     </span>
    </p>
   </div>
   <div class='ocr_carea' id='block_1_90' title="bbox 2043 4439 3640 4520">
    <p class='ocr_par' dir='ltr' id='par_1_90' title="bbox 2043 4439 3640 4520">
     <span class='ocr_line' id='line_1_90' title="bbox 2043 4439 3640 4520; baseline -0.012 -12"><span class='ocrx_word' id='word_1_653' title='bbox 2043 4453 2173 4508; x_wconf 88' lang='lat' dir='ltr'><strong>tima</strong></span> <span class='ocrx_word' id='word_1_654' title='bbox 2208 4451 2350 4507; x_wconf 92' lang='lat' dir='ltr'><strong>tueri</strong></span> <span class='ocrx_word' id='word_1_655' title='bbox 2385 4448 2736 4520; x_wconf 80' lang='lat' dir='ltr'><strong>aggrediatur</strong></span> <span class='ocrx_word' id='word_1_656' title='bbox 2761 4443 3090 4499; x_wconf 87' lang='lat' dir='ltr'><strong>Theodoriti</strong></span> <span class='ocrx_word' id='word_1_657' title='bbox 3118 4440 3243 4512; x_wconf 85' lang='lat' dir='ltr'><strong>Cyri</strong></span> <span class='ocrx_word' id='word_1_658' title='bbox 3262 4439 3508 4510; x_wconf 88' lang='lat' dir='ltr'><strong>episcopi</strong></span> <span class='ocrx_word' id='word_1_659' title='bbox 3534 4439 3640 4491; x_wconf 68' lang='lat' dir='ltr'><strong>im-</strong></span> 
     </span>
    </p>
   </div>
   <div class='ocr_carea' id='block_1_91' title="bbox 2040 4533 3636 4618">
    <p class='ocr_par' dir='ltr' id='par_1_91' title="bbox 2040 4533 3636 4618">
     <span class='ocr_line' id='line_1_91' title="bbox 2040 4533 3636 4618; baseline -0.01 -17"><span class='ocrx_word' id='word_1_660' title='bbox 2040 4545 2285 4618; x_wconf 85' lang='lat' dir='ltr'><strong>piissima</strong></span> <span class='ocrx_word' id='word_1_661' title='bbox 2307 4543 2506 4604; x_wconf 84' lang='lat' dir='ltr'><strong>verba...</strong></span> <span class='ocrx_word' id='word_1_662' title='bbox 2541 4557 2674 4611; x_wconf 71' lang='lat' dir='ltr'><strong>quze.</strong></span> <span class='ocrx_word' id='word_1_663' title='bbox 2703 4540 2748 4594; x_wconf 89' lang='lat' dir='ltr'><strong>is</strong></span> <span class='ocrx_word' id='word_1_664' title='bbox 2782 4538 2930 4593; x_wconf 91' lang='lat' dir='ltr'><strong>omni</strong></span> <span class='ocrx_word' id='word_1_665' title='bbox 2986 4534 3335 4607; x_wconf 69' lang='lat' dir='ltr'><strong>imprudentia</strong></span> <span class='ocrx_word' id='word_1_666' title='bbox 3385 4533 3636 4588; x_wconf 85' lang='lat' dir='ltr'><strong>evomuit</strong></span> 
     </span>
    </p>
   </div>
   <div class='ocr_carea' id='block_1_92' title="bbox 347 4622 1940 4704">
    <p class='ocr_par' dir='ltr' id='par_1_92' title="bbox 347 4628 1925 4702">
     <span class='ocr_line' id='line_1_92' title="bbox 347 4628 1925 4702; baseline -0.001 -16"><span class='ocrx_word' id='word_1_667' title='bbox 347 4631 662 4697; x_wconf 77' lang='grc' dir='ltr'>ἀναξάνεως</span> <span class='ocrx_word' id='word_1_668' title='bbox 695 4628 1118 4702; x_wconf 73' lang='grc' dir='ltr'>[ἀνεξετάστως]</span> <span class='ocrx_word' id='word_1_669' title='bbox 1149 4629 1416 4701; x_wconf 83' lang='grc' dir='ltr'>δεδέχθαι.</span> <span class='ocrx_word' id='word_1_670' title='bbox 1447 4631 1798 4702; x_wconf 85' lang='grc' dir='ltr'>Γινώσκομεν</span> <span class='ocrx_word' id='word_1_671' title='bbox 1847 4632 1925 4694; x_wconf 87' lang='grc' dir='ltr'><strong>δὲ,</strong></span> 
     </span>
    </p>
   </div>
   <div class='ocr_carea' id='block_1_93' title="bbox 2044 4622 3638 4704">
    <p class='ocr_par' dir='ltr' id='par_1_93' title="bbox 2044 4622 3638 4704">
     <span class='ocr_line' id='line_1_93' title="bbox 2044 4622 3638 4704; baseline -0.011 -11"><span class='ocrx_word' id='word_1_672' title='bbox 2044 4637 2302 4693; x_wconf 80' lang='lat' dir='ltr'><strong>adversus</strong></span> <span class='ocrx_word' id='word_1_673' title='bbox 2341 4632 2483 4704; x_wconf 77' lang='lat' dir='ltr'><strong>dicti</strong></span> <span class='ocrx_word' id='word_1_674' title='bbox 2513 4631 2692 4686; x_wconf 84' lang='lat' dir='ltr'><strong>Patris</strong></span> <span class='ocrx_word' id='word_1_675' title='bbox 2719 4626 3016 4683; x_wconf 91' lang='lat' dir='ltr'><strong>duodecim</strong></span> <span class='ocrx_word' id='word_1_676' title='bbox 3072 4624 3317 4695; x_wconf 85' lang='lat' dir='ltr'><strong>capitula</strong></span> <span class='ocrx_word' id='word_1_677' title='bbox 3339 4665 3354 4688; x_wconf 94' lang='lat'><strong>,</strong></span> <span class='ocrx_word' id='word_1_678' title='bbox 3413 4622 3638 4678; x_wconf 83' lang='lat' dir='ltr'><strong>noverit</strong></span> 
     </span>
    </p>
   </div>
   <div class='ocr_carea' id='block_1_94' title="bbox 346 4722 1935 4795">
    <p class='ocr_par' dir='ltr' id='par_1_94' title="bbox 346 4722 1935 4795">
     <span class='ocr_line' id='line_1_94' title="bbox 346 4722 1935 4795; baseline -0.001 -16"><span class='ocrx_word' id='word_1_679' title='bbox 346 4727 432 4779; x_wconf 84' lang='grc' dir='ltr'>ὅτι</span> <span class='ocrx_word' id='word_1_680' title='bbox 479 4725 580 4795; x_wconf 86' lang='grc' dir='ltr'>τῆς</span> <span class='ocrx_word' id='word_1_681' title='bbox 611 4722 1029 4794; x_wconf 87' lang='grc' dir='ltr'>προειρημένης</span> <span class='ocrx_word' id='word_1_682' title='bbox 1063 4722 1360 4792; x_wconf 77' lang='grc' dir='ltr'>ἐπιπολῆς</span> <span class='ocrx_word' id='word_1_683' title='bbox 1401 4723 1462 4776; x_wconf 78' lang='grc' dir='ltr'>τὸ</span> <span class='ocrx_word' id='word_1_684' title='bbox 1486 4722 1716 4794; x_wconf 77' lang='grc' dir='ltr'>ἔσχατον</span> <span class='ocrx_word' id='word_1_685' title='bbox 1745 4725 1935 4795; x_wconf 83' lang='grc' dir='ltr'>μέρος,</span> 
     </span>
    </p>
   </div>
   <div class='ocr_carea' id='block_1_95' title="bbox 344 4814 1940 4888">
    <p class='ocr_par' dir='ltr' id='par_1_95' title="bbox 344 4814 1940 4888">
     <span class='ocr_line' id='line_1_95' title="bbox 344 4814 1940 4888; baseline 0.001 -18"><span class='ocrx_word' id='word_1_686' title='bbox 344 4817 474 4880; x_wconf 80' lang='grc' dir='ltr'>τοὺς</span> <span class='ocrx_word' id='word_1_687' title='bbox 491 4814 930 4886; x_wconf 86' lang='grc' dir='ltr'>προειρημένους</span> <span class='ocrx_word' id='word_1_688' title='bbox 959 4815 1210 4885; x_wconf 83' lang='grc' dir='ltr'>περιέχει</span> <span class='ocrx_word' id='word_1_689' title='bbox 1235 4815 1720 4885; x_wconf 81' lang='grc' dir='ltr'>ἅναθεματισμοὺς</span> <span class='ocrx_word' id='word_1_690' title='bbox 1751 4815 1840 4888; x_wconf 86' lang='grc' dir='ltr'>ιβ’.</span> <span class='ocrx_word' id='word_1_691' title='bbox 1875 4818 1940 4871; x_wconf 79' lang='lat' dir='ltr'><strong>Ei</strong></span> 
     </span>
    </p>
   </div>
   <div class='ocr_carea' id='block_1_96' title="bbox 344 4905 1941 4978">
    <p class='ocr_par' dir='ltr' id='par_1_96' title="bbox 344 4905 1941 4978">
     <span class='ocr_line' id='line_1_96' title="bbox 344 4905 1941 4978; baseline 0.001 -16"><span class='ocrx_word' id='word_1_692' title='bbox 344 4908 404 4962; x_wconf 82' lang='grc' dir='ltr'><strong>δέ</strong></span> <span class='ocrx_word' id='word_1_693' title='bbox 431 4925 518 4970; x_wconf 88' lang='grc' dir='ltr'><strong>τις</strong></span> <span class='ocrx_word' id='word_1_694' title='bbox 547 4906 798 4978; x_wconf 85' lang='grc' dir='ltr'>νομίμως</span> <span class='ocrx_word' id='word_1_695' title='bbox 828 4905 1133 4977; x_wconf 78' lang='grc' dir='ltr'>ἐπιχειροίη</span> <span class='ocrx_word' id='word_1_696' title='bbox 1155 4907 1221 4961; x_wconf 81' lang='grc' dir='ltr'>τὰ</span> <span class='ocrx_word' id='word_1_697' title='bbox 1239 4905 1332 4960; x_wconf 80' lang='grc' dir='ltr'><strong>τοῦ</strong></span> <span class='ocrx_word' id='word_1_698' title='bbox 1352 4907 1687 4977; x_wconf 83' lang='grc' dir='ltr'>Θεοδωρίτου</span> <span class='ocrx_word' id='word_1_699' title='bbox 1713 4910 1941 4964; x_wconf 79' lang='grc' dir='ltr'>ἐπισκό-</span> 
     </span>
    </p>
   </div>
   <div class='ocr_carea' id='block_1_97' title="bbox 346 4994 1936 5069">
    <p class='ocr_par' dir='ltr' id='par_1_97' title="bbox 346 4994 1936 5069">
     <span class='ocr_line' id='line_1_97' title="bbox 346 4994 1936 5069; baseline 0.003 -17"><span class='ocrx_word' id='word_1_700' title='bbox 346 5016 451 5052; x_wconf 87' lang='grc' dir='ltr'><strong>που</strong></span> <span class='ocrx_word' id='word_1_701' title='bbox 480 4994 667 5069; x_wconf 77' lang='grc' dir='ltr'>Κύρου</span> <span class='ocrx_word' id='word_1_702' title='bbox 705 4997 925 5068; x_wconf 81' lang='grc' dir='ltr'>ῥήματα</span> <span class='ocrx_word' id='word_1_703' title='bbox 954 5000 1020 5051; x_wconf 76' lang='grc' dir='ltr'>τὰ</span> <span class='ocrx_word' id='word_1_704' title='bbox 1054 4998 1418 5065; x_wconf 79' lang='grc' dir='ltr'>ἀσεϐέστατα,</span> <span class='ocrx_word' id='word_1_705' title='bbox 1449 5000 1608 5054; x_wconf 78' lang='grc' dir='ltr'>ἅτινα</span> <span class='ocrx_word' id='word_1_706' title='bbox 1667 5002 1811 5056; x_wconf 69' lang='grc' dir='ltr'>κατὰ</span> <span class='ocrx_word' id='word_1_707' title='bbox 1840 5002 1936 5057; x_wconf 79' lang='grc' dir='ltr'><strong>τοῦ</strong></span> 
     </span>
    </p>
   </div>
   <div class='ocr_carea' id='block_1_98' title="bbox 347 5089 1938 5166">
    <p class='ocr_par' dir='ltr' id='par_1_98' title="bbox 347 5089 1938 5166">
     <span class='ocr_line' id='line_1_98' title="bbox 347 5089 1938 5166; baseline 0.003 -21"><span class='ocrx_word' id='word_1_708' title='bbox 347 5089 756 5162; x_wconf 86' lang='grc' dir='ltr'>προειρημένου</span> <span class='ocrx_word' id='word_1_709' title='bbox 801 5091 1018 5161; x_wconf 86' lang='grc' dir='ltr'>Πατρδς</span> <span class='ocrx_word' id='word_1_710' title='bbox 1061 5091 1151 5145; x_wconf 84' lang='grc' dir='ltr'>διὰ</span> <span class='ocrx_word' id='word_1_711' title='bbox 1208 5092 1274 5161; x_wconf 78' lang='grc' dir='ltr'><strong>ιβ’</strong></span> <span class='ocrx_word' id='word_1_712' title='bbox 1303 5093 1620 5162; x_wconf 80' lang='grc' dir='ltr'>κεφαλαίων</span> <span class='ocrx_word' id='word_1_713' title='bbox 1665 5093 1938 5166; x_wconf 79' lang='grc' dir='ltr'>ἐξήμεσεν</span> 
     </span>
    </p>
   </div>
   <div class='ocr_carea' id='block_1_99' title="bbox 345 5183 1936 5255">
    <p class='ocr_par' dir='ltr' id='par_1_99' title="bbox 345 5183 1936 5255">
     <span class='ocr_line' id='line_1_99' title="bbox 345 5183 1936 5255; baseline 0.002 -17"><span class='ocrx_word' id='word_1_714' title='bbox 345 5184 596 5254; x_wconf 83' lang='grc' dir='ltr'>ἁναίδην,</span> <span class='ocrx_word' id='word_1_715' title='bbox 628 5184 948 5252; x_wconf 85' lang='grc' dir='ltr'>γινωσκέτω</span> <span class='ocrx_word' id='word_1_716' title='bbox 987 5183 1087 5254; x_wconf 82' lang='grc' dir='ltr'><strong>τὴν</strong></span> <span class='ocrx_word' id='word_1_717' title='bbox 1117 5184 1378 5255; x_wconf 85' lang='grc' dir='ltr'>πέμπτην</span> <span class='ocrx_word' id='word_1_718' title='bbox 1426 5185 1590 5254; x_wconf 85' lang='grc' dir='ltr'>ἁγίαν</span> <span class='ocrx_word' id='word_1_719' title='bbox 1625 5185 1719 5240; x_wconf 73' lang='grc' dir='ltr'><strong>καὶ</strong></span> <span class='ocrx_word' id='word_1_720' title='bbox 1750 5189 1936 5241; x_wconf 78' lang='grc' dir='ltr'>οἰκου-</span> 
     </span>
    </p>
   </div>
   <div class='ocr_carea' id='block_1_100' title="bbox 349 5275 1936 5352">
    <p class='ocr_par' dir='ltr' id='par_1_100' title="bbox 349 5275 1936 5352">
     <span class='ocr_line' id='line_1_100' title="bbox 349 5275 1936 5352; baseline 0.002 -22"><span class='ocrx_word' id='word_1_721' title='bbox 349 5277 582 5347; x_wconf 83' lang='grc' dir='ltr'>μενικὴν</span> <span class='ocrx_word' id='word_1_722' title='bbox 610 5275 848 5340; x_wconf 84' lang='grc' dir='ltr'>σύνοδον,</span> <span class='ocrx_word' id='word_1_723' title='bbox 876 5275 1361 5344; x_wconf 78' lang='grc' dir='ltr'>ἁναθεματίσασαν</span> <span class='ocrx_word' id='word_1_724' title='bbox 1390 5276 1516 5341; x_wconf 80' lang='grc' dir='ltr'>τοὺς</span> <span class='ocrx_word' id='word_1_725' title='bbox 1545 5277 1638 5330; x_wconf 80' lang='grc' dir='ltr'><strong>τοῦ</strong></span> <span class='ocrx_word' id='word_1_726' title='bbox 1672 5297 1936 5352; x_wconf 87' lang='grc' dir='ltr'>προειρη-</span> 
     </span>
    </p>
   </div>
   <div class='ocr_carea' id='block_1_101' title="bbox 348 5365 1934 5440">
    <p class='ocr_par' dir='ltr' id='par_1_101' title="bbox 348 5365 1934 5440">
     <span class='ocr_line' id='line_1_101' title="bbox 348 5365 1934 5440; baseline 0.004 -22"><span class='ocrx_word' id='word_1_727' title='bbox 348 5367 514 5437; x_wconf 88' lang='grc' dir='ltr'>μένου</span> <span class='ocrx_word' id='word_1_728' title='bbox 549 5366 880 5436; x_wconf 82' lang='grc' dir='ltr'>Θεοδωρίτου</span> <span class='ocrx_word' id='word_1_729' title='bbox 925 5365 1248 5436; x_wconf 76' lang='grc' dir='ltr'>βαόισμούς’</span> <span class='ocrx_word' id='word_1_730' title='bbox 1286 5367 1435 5429; x_wconf 78' lang='grc' dir='ltr'>ὅστις</span> <span class='ocrx_word' id='word_1_731' title='bbox 1478 5369 1619 5422; x_wconf 85' lang='grc' dir='ltr'><strong>κατά</strong></span> <span class='ocrx_word' id='word_1_732' title='bbox 1659 5370 1756 5440; x_wconf 71' lang='grc' dir='ltr'><strong>τοῦ</strong></span> <span class='ocrx_word' id='word_1_733' title='bbox 1826 5389 1934 5440; x_wconf 86' lang='grc' dir='ltr'>μα-</span> 
     </span>
    </p>
   </div>
   <div class='ocr_carea' id='block_1_102' title="bbox 345 5439 1932 5534">
    <p class='ocr_par' dir='ltr' id='par_1_102' title="bbox 345 5439 1932 5534">
     <span class='ocr_line' id='line_1_102' title="bbox 345 5439 1932 5534; baseline 0.001 -22"><span class='ocrx_word' id='word_1_734' title='bbox 345 5459 540 5530; x_wconf 83' lang='grc' dir='ltr'>καρίου</span> <span class='ocrx_word' id='word_1_735' title='bbox 571 5459 842 5529; x_wconf 82' lang='grc' dir='ltr'>Κυρίλλου</span> <span class='ocrx_word' id='word_1_736' title='bbox 872 5459 1120 5529; x_wconf 77' lang='grc' dir='ltr'>ῥήματα,</span> <span class='ocrx_word' id='word_1_737' title='bbox 1161 5459 1219 5511; x_wconf 87' lang='grc' dir='ltr'><strong>ἐν</strong></span> <span class='ocrx_word' id='word_1_738' title='bbox 1250 5455 1332 5522; x_wconf 72' lang='grc' dir='ltr'>οἷς</span> <span class='ocrx_word' id='word_1_739' title='bbox 1365 5459 1460 5512; x_wconf 73' lang='grc' dir='ltr'><strong>καὶ</strong></span> <span class='ocrx_word' id='word_1_740' title='bbox 1506 5460 1656 5529; x_wconf 77' lang='grc' dir='ltr'>αὐτῷ</span> <span class='ocrx_word' id='word_1_741' title='bbox 1698 5439 1932 5534; x_wconf 73' lang='grc' dir='ltr'>ἀπεκρί-</span> 
     </span>
    </p>
   </div>
   <div class='ocr_carea' id='block_1_103' title="bbox 345 5544 1931 5628">
    <p class='ocr_par' dir='ltr' id='par_1_103' title="bbox 345 5544 1931 5628">
     <span class='ocr_line' id='line_1_103' title="bbox 345 5544 1931 5628; baseline 0.005 -26"><span class='ocrx_word' id='word_1_742' title='bbox 345 5567 498 5614; x_wconf 86' lang='grc' dir='ltr'>νατο,</span> <span class='ocrx_word' id='word_1_743' title='bbox 550 5550 710 5621; x_wconf 87' lang='grc' dir='ltr'>μόνον</span> <span class='ocrx_word' id='word_1_744' title='bbox 746 5544 853 5604; x_wconf 74' lang='grc' dir='ltr'>οἶδε</span> <span class='ocrx_word' id='word_1_745' title='bbox 884 5554 1231 5622; x_wconf 81' lang='grc' dir='ltr'>κατηγορεῖν.</span> <span class='ocrx_word' id='word_1_746' title='bbox 1286 5553 1452 5620; x_wconf 84' lang='grc' dir='ltr'>Λέγει</span> <span class='ocrx_word' id='word_1_747' title='bbox 1494 5553 1604 5625; x_wconf 83' lang='grc' dir='ltr'>γὰρ</span> <span class='ocrx_word' id='word_1_748' title='bbox 1636 5555 1668 5623; x_wconf 86' lang='grc' dir='ltr'>ἡ</span> <span class='ocrx_word' id='word_1_749' title='bbox 1703 5550 1931 5628; x_wconf 81' lang='grc' dir='ltr'>πέμπτη</span> 
     </span>
    </p>
   </div>
   <div class='ocr_carea' id='block_1_104' title="bbox 347 5641 1930 5719">
    <p class='ocr_par' dir='ltr' id='par_1_104' title="bbox 347 5641 1930 5719">
     <span class='ocr_line' id='line_1_104' title="bbox 347 5641 1930 5719; baseline 0.004 -23"><span class='ocrx_word' id='word_1_750' title='bbox 347 5641 481 5710; x_wconf 84' lang='grc' dir='ltr'>ἁγία</span> <span class='ocrx_word' id='word_1_751' title='bbox 522 5643 620 5696; x_wconf 73' lang='grc' dir='ltr'><strong>καὶ</strong></span> <span class='ocrx_word' id='word_1_752' title='bbox 648 5641 913 5712; x_wconf 82' lang='grc' dir='ltr'>καθολικὴ</span> <span class='ocrx_word' id='word_1_753' title='bbox 950 5641 1170 5707; x_wconf 85' lang='grc' dir='ltr'>σύνοδος</span> <span class='ocrx_word' id='word_1_754' title='bbox 1198 5646 1256 5697; x_wconf 90' lang='grc' dir='ltr'><strong>ἐν</strong></span> <span class='ocrx_word' id='word_1_755' title='bbox 1290 5645 1488 5715; x_wconf 79' lang='grc' dir='ltr'>πράξει</span> <span class='ocrx_word' id='word_1_756' title='bbox 1519 5647 1701 5719; x_wconf 81' lang='grc' dir='ltr'>ὀγδόῃ,</span> <span class='ocrx_word' id='word_1_757' title='bbox 1733 5647 1930 5713; x_wconf 79' lang='grc' dir='ltr'>οὕτως·</span> 
     </span>
    </p>
   </div>
   <div class='ocr_carea' id='block_1_105' title="bbox 2044 4712 3635 4791">
    <p class='ocr_par' dir='ltr' id='par_1_105' title="bbox 2044 4712 3635 4791">
     <span class='ocr_line' id='line_1_105' title="bbox 2044 4712 3635 4791; baseline -0.008 -12"><span class='ocrx_word' id='word_1_758' title='bbox 2044 4732 2288 4780; x_wconf 78' lang='lat' dir='ltr'><strong>sanetam</strong></span> <span class='ocrx_word' id='word_1_759' title='bbox 2330 4721 2577 4791; x_wconf 87' lang='lat' dir='ltr'><strong>quintam</strong></span> <span class='ocrx_word' id='word_1_760' title='bbox 2623 4733 2688 4772; x_wconf 89' lang='lat' dir='ltr'><strong>ac</strong></span> <span class='ocrx_word' id='word_1_761' title='bbox 2742 4715 3144 4773; x_wconf 72' lang='lat' dir='ltr'><strong>meumenicam</strong></span> <span class='ocrx_word' id='word_1_762' title='bbox 3194 4713 3468 4784; x_wconf 87' lang='lat' dir='ltr'><strong>synodum</strong></span> <span class='ocrx_word' id='word_1_763' title='bbox 3498 4712 3635 4768; x_wconf 91' lang='lat' dir='ltr'><strong>dicti</strong></span> 
     </span>
    </p>
   </div>
   <div class='ocr_carea' id='block_1_106' title="bbox 2043 4806 3637 4883">
    <p class='ocr_par' dir='ltr' id='par_1_106' title="bbox 2043 4806 3637 4883">
     <span class='ocr_line' id='line_1_106' title="bbox 2043 4806 3637 4883; baseline -0.007 -11"><span class='ocrx_word' id='word_1_764' title='bbox 2043 4815 2365 4872; x_wconf 89' lang='lat' dir='ltr'><strong>Theodoriti</strong></span> <span class='ocrx_word' id='word_1_765' title='bbox 2428 4827 2604 4883; x_wconf 80' lang='lat' dir='ltr'><strong>nugas</strong></span> <span class='ocrx_word' id='word_1_766' title='bbox 2649 4809 2788 4865; x_wconf 92' lang='lat' dir='ltr'><strong>diris</strong></span> <span class='ocrx_word' id='word_1_767' title='bbox 2840 4808 3134 4863; x_wconf 79' lang='lat' dir='ltr'><strong>devovisse</strong></span> <span class='ocrx_word' id='word_1_768' title='bbox 3179 4825 3192 4861; x_wconf 90' lang='lat'><strong>:</strong></span> <span class='ocrx_word' id='word_1_769' title='bbox 3229 4823 3354 4862; x_wconf 92' lang='lat' dir='ltr'><strong>cum</strong></span> <span class='ocrx_word' id='word_1_770' title='bbox 3391 4806 3438 4860; x_wconf 93' lang='lat' dir='ltr'><strong>is</strong></span> <span class='ocrx_word' id='word_1_771' title='bbox 3487 4813 3637 4861; x_wconf 90' lang='lat' dir='ltr'><strong>totus</strong></span> 
     </span>
    </p>
   </div>
   <div class='ocr_carea' id='block_1_107' title="bbox 2041 4899 3636 4976">
    <p class='ocr_par' dir='ltr' id='par_1_107' title="bbox 2041 4899 3636 4976">
     <span class='ocr_line' id='line_1_107' title="bbox 2041 4899 3636 4976; baseline -0.008 -10"><span class='ocrx_word' id='word_1_772' title='bbox 2041 4911 2098 4966; x_wconf 91' lang='lat' dir='ltr'><strong>in</strong></span> <span class='ocrx_word' id='word_1_773' title='bbox 2133 4926 2201 4965; x_wconf 91' lang='lat' dir='ltr'><strong>eo</strong></span> <span class='ocrx_word' id='word_1_774' title='bbox 2241 4909 2333 4974; x_wconf 92' lang='lat' dir='ltr'><strong>sit,</strong></span> <span class='ocrx_word' id='word_1_775' title='bbox 2362 4914 2424 4962; x_wconf 91' lang='lat' dir='ltr'><strong>ut</strong></span> <span class='ocrx_word' id='word_1_776' title='bbox 2473 4904 2622 4961; x_wconf 81' lang='lat' dir='ltr'><strong>beati</strong></span> <span class='ocrx_word' id='word_1_777' title='bbox 2669 4903 2857 4976; x_wconf 87' lang='lat' dir='ltr'><strong>Cyrilli</strong></span> <span class='ocrx_word' id='word_1_778' title='bbox 2906 4902 3077 4957; x_wconf 77' lang='lat' dir='ltr'><strong>verba</strong></span> <span class='ocrx_word' id='word_1_779' title='bbox 3108 4899 3520 4972; x_wconf 84' lang='lat' dir='ltr'><strong>reprehendat,</strong></span> <span class='ocrx_word' id='word_1_780' title='bbox 3576 4899 3636 4954; x_wconf 92' lang='lat' dir='ltr'><strong>in</strong></span> 
     </span>
    </p>
   </div>
   <div class='ocr_carea' id='block_1_108' title="bbox 2039 4992 3635 5074">
    <p class='ocr_par' dir='ltr' id='par_1_108' title="bbox 2039 4992 3635 5074">
     <span class='ocr_line' id='line_1_108' title="bbox 2039 4992 3635 5074; baseline -0.008 -15"><span class='ocrx_word' id='word_1_781' title='bbox 2039 5003 2246 5074; x_wconf 86' lang='lat' dir='ltr'><strong>quibus</strong></span> <span class='ocrx_word' id='word_1_782' title='bbox 2292 5001 2461 5056; x_wconf 90' lang='lat' dir='ltr'><strong>etiam</strong></span> <span class='ocrx_word' id='word_1_783' title='bbox 2509 4998 2602 5053; x_wconf 84' lang='lat' dir='ltr'><strong>ille</strong></span> <span class='ocrx_word' id='word_1_784' title='bbox 2640 4997 2694 5052; x_wconf 90' lang='lat' dir='ltr'><strong>ei</strong></span> <span class='ocrx_word' id='word_1_785' title='bbox 2739 4995 3047 5065; x_wconf 90' lang='lat' dir='ltr'><strong>respondit.</strong></span> <span class='ocrx_word' id='word_1_786' title='bbox 3110 4995 3204 5048; x_wconf 86' lang='lat' dir='ltr'><strong>Ait</strong></span> <span class='ocrx_word' id='word_1_787' title='bbox 3255 4992 3635 5060; x_wconf 43' lang='lat' dir='ltr'><strong>enim’quinta</strong></span> 
     </span>
    </p>
   </div>
   <div class='ocr_carea' id='block_1_109' title="bbox 2039 5087 3630 5159">
    <p class='ocr_par' dir='ltr' id='par_1_109' title="bbox 2039 5087 3630 5159">
     <span class='ocr_line' id='line_1_109' title="bbox 2039 5087 3630 5159; baseline -0.008 -8"><span class='ocrx_word' id='word_1_788' title='bbox 2039 5105 2226 5152; x_wconf 88' lang='lat' dir='ltr'><strong>saneta</strong></span> <span class='ocrx_word' id='word_1_789' title='bbox 2266 5101 2322 5149; x_wconf 87' lang='lat' dir='ltr'><strong>et</strong></span> <span class='ocrx_word' id='word_1_790' title='bbox 2376 5091 2707 5146; x_wconf 82' lang='lat' dir='ltr'><strong>universalis</strong></span> <span class='ocrx_word' id='word_1_791' title='bbox 2754 5087 2999 5159; x_wconf 87' lang='lat' dir='ltr'><strong>synodus</strong></span> <span class='ocrx_word' id='word_1_792' title='bbox 3031 5128 3045 5152; x_wconf 92' lang='lat'><strong>,</strong></span> <span class='ocrx_word' id='word_1_793' title='bbox 3107 5087 3331 5141; x_wconf 87' lang='lat' dir='ltr'><strong>actione</strong></span> <span class='ocrx_word' id='word_1_794' title='bbox 3387 5093 3630 5140; x_wconf 84' lang='lat' dir='ltr'><strong>octava:</strong></span> 
     </span>
    </p>
   </div>
   <div class='ocr_carea' id='block_1_110' title="bbox 2039 5174 3634 5246">
    <p class='ocr_par' dir='ltr' id='par_1_110' title="bbox 2039 5174 3634 5246">
     <span class='ocr_line' id='line_1_110' title="bbox 2039 5174 3634 5246; baseline -0.008 -4"><span class='ocrx_word' id='word_1_795' title='bbox 2039 5187 2374 5241; x_wconf 84' lang='lat' dir='ltr'><strong>Dumnamus</strong></span> <span class='ocrx_word' id='word_1_796' title='bbox 2403 5192 2452 5237; x_wconf 93' lang='lat' dir='ltr'><strong>et</strong></span> <span class='ocrx_word' id='word_1_797' title='bbox 2475 5182 3019 5243; x_wconf 82' lang='lat' dir='ltr'><strong>anathematizamus,</strong></span> <span class='ocrx_word' id='word_1_798' title='bbox 3047 5195 3162 5232; x_wconf 89' lang='lat' dir='ltr'><strong>cum</strong></span> <span class='ocrx_word' id='word_1_799' title='bbox 3213 5176 3430 5246; x_wconf 85' lang='lat' dir='ltr'><strong>reliquis</strong></span> <span class='ocrx_word' id='word_1_800' title='bbox 3461 5174 3634 5230; x_wconf 86' lang='lat' dir='ltr'><strong>omni-</strong></span> 
     </span>
    </p>
   </div>
   <div class='ocr_carea' id='block_1_111' title="bbox 2039 5267 3636 5344">
    <p class='ocr_par' dir='ltr' id='par_1_111' title="bbox 2039 5267 3636 5344">
     <span class='ocr_line' id='line_1_111' title="bbox 2039 5267 3636 5344; baseline -0.008 -11"><span class='ocrx_word' id='word_1_801' title='bbox 2039 5281 2131 5334; x_wconf 88' lang='lat' dir='ltr'><strong>bus</strong></span> <span class='ocrx_word' id='word_1_802' title='bbox 2157 5279 2411 5334; x_wconf 79' lang='lat' dir='ltr'><strong>htereticis</strong></span> <span class='ocrx_word' id='word_1_803' title='bbox 2443 5276 2715 5331; x_wconf 83' lang='lat' dir='ltr'><strong>damnatis</strong></span> <span class='ocrx_word' id='word_1_804' title='bbox 2730 5275 2852 5344; x_wconf 85' lang='lat' dir='ltr'><strong>jam</strong></span> <span class='ocrx_word' id='word_1_805' title='bbox 2891 5280 2941 5323; x_wconf 87' lang='lat' dir='ltr'><strong>et</strong></span> <span class='ocrx_word' id='word_1_806' title='bbox 2977 5271 3322 5324; x_wconf 83' lang='lat' dir='ltr'><strong>anathemate</strong></span> <span class='ocrx_word' id='word_1_807' title='bbox 3348 5267 3636 5337; x_wconf 81' lang='lat' dir='ltr'><strong>percussis,</strong></span> 
     </span>
    </p>
   </div>
   <div class='ocr_carea' id='block_1_112' title="bbox 2038 5363 3630 5441">
    <p class='ocr_par' dir='ltr' id='par_1_112' title="bbox 2038 5363 3630 5441">
     <span class='ocr_line' id='line_1_112' title="bbox 2038 5363 3630 5441; baseline -0.009 -15"><span class='ocrx_word' id='word_1_808' title='bbox 2038 5391 2070 5426; x_wconf 90' lang='lat' dir='ltr'><strong>a</strong></span> <span class='ocrx_word' id='word_1_809' title='bbox 2115 5372 2312 5426; x_wconf 85' lang='lat' dir='ltr'><strong>sanctis</strong></span> <span class='ocrx_word' id='word_1_810' title='bbox 2337 5379 2568 5441; x_wconf 88' lang='lat' dir='ltr'><strong>quatuor</strong></span> <span class='ocrx_word' id='word_1_811' title='bbox 2597 5368 2749 5420; x_wconf 85' lang='lat' dir='ltr'><strong>dictis</strong></span> <span class='ocrx_word' id='word_1_812' title='bbox 2781 5363 3014 5434; x_wconf 71' lang='lat' dir='ltr'><strong>synodis,</strong></span> <span class='ocrx_word' id='word_1_813' title='bbox 3063 5371 3112 5416; x_wconf 89' lang='lat' dir='ltr'><strong>et</strong></span> <span class='ocrx_word' id='word_1_814' title='bbox 3144 5379 3174 5415; x_wconf 91' lang='lat' dir='ltr'><strong>a</strong></span> <span class='ocrx_word' id='word_1_815' title='bbox 3215 5367 3403 5414; x_wconf 86' lang='lat' dir='ltr'><strong>sancta</strong></span> <span class='ocrx_word' id='word_1_816' title='bbox 3447 5371 3496 5412; x_wconf 86' lang='lat' dir='ltr'><strong>et</strong></span> <span class='ocrx_word' id='word_1_817' title='bbox 3535 5376 3630 5412; x_wconf 86' lang='lat' dir='ltr'><strong>ca-</strong></span> 
     </span>
    </p>
   </div>
   <div class='ocr_carea' id='block_1_113' title="bbox 2037 5449 3632 5526">
    <p class='ocr_par' dir='ltr' id='par_1_113' title="bbox 2037 5449 3632 5526">
     <span class='ocr_line' id='line_1_113' title="bbox 2037 5449 3632 5526; baseline -0.008 -9"><span class='ocrx_word' id='word_1_818' title='bbox 2037 5464 2233 5520; x_wconf 84' lang='lat' dir='ltr'><strong>tholica</strong></span> <span class='ocrx_word' id='word_1_819' title='bbox 2271 5463 2534 5526; x_wconf 81' lang='lat' dir='ltr'><strong>Ecclesia,</strong></span> <span class='ocrx_word' id='word_1_820' title='bbox 2569 5461 2732 5513; x_wconf 87' lang='lat' dir='ltr'><strong>etiam</strong></span> <span class='ocrx_word' id='word_1_821' title='bbox 2769 5455 3119 5518; x_wconf 83' lang='lat' dir='ltr'><strong>Theodorum,</strong></span> <span class='ocrx_word' id='word_1_822' title='bbox 3159 5453 3250 5522; x_wconf 88' lang='lat' dir='ltr'><strong>qui</strong></span> <span class='ocrx_word' id='word_1_823' title='bbox 3296 5449 3632 5522; x_wconf 75' lang='lat' dir='ltr'><strong>Mopsuestia:</strong></span> 
     </span>
    </p>
   </div>
   <div class='ocr_carea' id='block_1_114' title="bbox 2035 5541 3631 5630">
    <p class='ocr_par' dir='ltr' id='par_1_114' title="bbox 2035 5541 3631 5630">
     <span class='ocr_line' id='line_1_114' title="bbox 2035 5541 3631 5630; baseline -0.014 -16"><span class='ocrx_word' id='word_1_824' title='bbox 2035 5561 2308 5630; x_wconf 85' lang='lat' dir='ltr'><strong>episcopus</strong></span> <span class='ocrx_word' id='word_1_825' title='bbox 2357 5555 2487 5625; x_wconf 79' lang='lat' dir='ltr'><strong>fuit,</strong></span> <span class='ocrx_word' id='word_1_826' title='bbox 2543 5553 2762 5622; x_wconf 84' lang='lat' dir='ltr'><strong>ejusque</strong></span> <span class='ocrx_word' id='word_1_827' title='bbox 2809 5548 2976 5618; x_wconf 86' lang='lat' dir='ltr'><strong>impia</strong></span> <span class='ocrx_word' id='word_1_828' title='bbox 3041 5553 3422 5608; x_wconf 87' lang='lat' dir='ltr'><strong>monumenta;</strong></span> <span class='ocrx_word' id='word_1_829' title='bbox 3469 5541 3631 5611; x_wconf 86' lang='lat' dir='ltr'><strong>impie</strong></span> 
     </span>
    </p>
   </div>
   <div class='ocr_carea' id='block_1_115' title="bbox 2031 5639 3636 5720">
    <p class='ocr_par' dir='ltr' id='par_1_115' title="bbox 2031 5639 3636 5720">
     <span class='ocr_line' id='line_1_115' title="bbox 2031 5639 3636 5720; baseline -0.01 -14"><span class='ocrx_word' id='word_1_830' title='bbox 2031 5654 2159 5706; x_wconf 84' lang='lat' dir='ltr'><strong>item</strong></span> <span class='ocrx_word' id='word_1_831' title='bbox 2187 5651 2486 5720; x_wconf 77' lang='lat' dir='ltr'><strong>conscripta</strong></span> <span class='ocrx_word' id='word_1_832' title='bbox 2519 5667 2550 5702; x_wconf 89' lang='lat' dir='ltr'><strong>a</strong></span> <span class='ocrx_word' id='word_1_833' title='bbox 2575 5646 2905 5704; x_wconf 82' lang='lat' dir='ltr'><strong>Theodorito,</strong></span> <span class='ocrx_word' id='word_1_834' title='bbox 2933 5653 3121 5697; x_wconf 84' lang='lat' dir='ltr'><strong>contra</strong></span> <span class='ocrx_word' id='word_1_835' title='bbox 3159 5651 3358 5695; x_wconf 80' lang='lat' dir='ltr'><strong>rectam</strong></span> <span class='ocrx_word' id='word_1_836' title='bbox 3391 5639 3552 5708; x_wconf 82' lang='lat' dir='ltr'><strong>ﬁdem</strong></span> <span class='ocrx_word' id='word_1_837' title='bbox 3580 5643 3636 5688; x_wconf 70' lang='lat' dir='ltr'><strong>ct-</strong></span> 
     </span>
    </p>
   </div>
   <div class='ocr_carea' id='block_1_116' title="bbox 347 5731 1940 5808">
    <p class='ocr_par' dir='ltr' id='par_1_116' title="bbox 347 5735 1931 5808">
     <span class='ocr_line' id='line_1_116' title="bbox 347 5735 1931 5808; baseline 0.003 -20"><span class='ocrx_word' id='word_1_838' title='bbox 347 5735 795 5802; x_wconf 80' lang='grc' dir='ltr'>Κατακρίνομεν</span> <span class='ocrx_word' id='word_1_839' title='bbox 852 5736 949 5790; x_wconf 77' lang='grc' dir='ltr'><strong>καί</strong></span> <span class='ocrx_word' id='word_1_840' title='bbox 1013 5736 1516 5807; x_wconf 75' lang='grc' dir='ltr'>ἀναθεματίζομεν</span> <span class='ocrx_word' id='word_1_841' title='bbox 1599 5739 1751 5807; x_wconf 71' lang='grc' dir='ltr'>πρὸς</span> <span class='ocrx_word' id='word_1_842' title='bbox 1806 5742 1931 5808; x_wconf 82' lang='grc' dir='ltr'>τοῖς</span> 
     </span>
    </p>
   </div>
   <div class='ocr_carea' id='block_1_117' title="bbox 2044 5731 3634 5808">
    <p class='ocr_par' dir='ltr' id='par_1_117' title="bbox 2044 5731 3634 5807">
     <span class='ocr_line' id='line_1_117' title="bbox 2044 5731 3634 5807; baseline -0.011 -12"><span class='ocrx_word' id='word_1_843' title='bbox 2044 5740 2306 5796; x_wconf 67' lang='lat' dir='ltr'><strong>iuodecim</strong></span> <span class='ocrx_word' id='word_1_844' title='bbox 2356 5737 2594 5807; x_wconf 85' lang='lat' dir='ltr'><strong>capitula</strong></span> <span class='ocrx_word' id='word_1_845' title='bbox 2624 5737 2796 5790; x_wconf 78' lang='lat' dir='ltr'><strong>sancti</strong></span> <span class='ocrx_word' id='word_1_846' title='bbox 2835 5734 2999 5804; x_wconf 75' lang='lat'><strong>693</strong></span> <span class='ocrx_word' id='word_1_847' title='bbox 3041 5731 3230 5804; x_wconf 83' lang='lat' dir='ltr'><strong>Cyrilli</strong></span> <span class='ocrx_word' id='word_1_848' title='bbox 3273 5747 3335 5784; x_wconf 88' lang='lat' dir='ltr'><strong>ac</strong></span> <span class='ocrx_word' id='word_1_849' title='bbox 3384 5735 3634 5783; x_wconf 81' lang='lat' dir='ltr'><strong>sanctam</strong></span> 
     </span>
    </p>
   </div>
   <div class='ocr_carea' id='block_1_118' title="bbox 350 5816 1940 5904">
    <p class='ocr_par' dir='ltr' id='par_1_118' title="bbox 350 5824 1929 5898">
     <span class='ocr_line' id='line_1_118' title="bbox 350 5824 1929 5898; baseline 0.007 -21"><span class='ocrx_word' id='word_1_850' title='bbox 350 5824 564 5890; x_wconf 68' lang='grc' dir='ltr'>ἄλλοις</span> <span class='ocrx_word' id='word_1_851' title='bbox 612 5826 844 5884; x_wconf 80' lang='grc' dir='ltr'>ἅπασιν</span> <span class='ocrx_word' id='word_1_852' title='bbox 881 5829 1201 5897; x_wconf 74' lang='grc' dir='ltr'>αἱρετικοῖς</span> <span class='ocrx_word' id='word_1_853' title='bbox 1233 5829 1356 5895; x_wconf 82' lang='grc' dir='ltr'>τοῖς</span> <span class='ocrx_word' id='word_1_854' title='bbox 1388 5833 1798 5898; x_wconf 78' lang='grc' dir='ltr'>κατακριθεῗσι</span> <span class='ocrx_word' id='word_1_855' title='bbox 1829 5835 1929 5888; x_wconf 77' lang='grc' dir='ltr'>καὶ</span> 
     </span>
    </p>
   </div>
   <div class='ocr_carea' id='block_1_119' title="bbox 2044 5816 3640 5904">
    <p class='ocr_par' dir='ltr' id='par_1_119' title="bbox 2044 5816 3640 5904">
     <span class='ocr_line' id='line_1_119' title="bbox 2044 5816 3640 5904; baseline -0.009 -18"><span class='ocrx_word' id='word_1_856' title='bbox 2044 5836 2245 5889; x_wconf 56' lang='lat' dir='ltr'><strong>tertiam</strong></span> <span class='ocrx_word' id='word_1_857' title='bbox 2281 5832 2603 5904; x_wconf 85' lang='lat' dir='ltr'><strong>Ephesinam</strong></span> <span class='ocrx_word' id='word_1_858' title='bbox 2639 5827 2921 5899; x_wconf 84' lang='lat' dir='ltr'><strong>synodum.</strong></span> <span class='ocrx_word' id='word_1_859' title='bbox 2954 5825 3292 5894; x_wconf 77' lang='lat' dir='ltr'><strong>Quaqunque</strong></span> <span class='ocrx_word' id='word_1_860' title='bbox 3336 5816 3640 5875; x_wconf 76' lang='lat' dir='ltr'><strong>demumab</strong></span> 
     </span>
    </p>
   </div>
   <div class='ocr_carea' id='block_1_120' title="bbox 349 5912 1940 5995">
    <p class='ocr_par' dir='ltr' id='par_1_120' title="bbox 349 5915 1930 5990">
     <span class='ocr_line' id='line_1_120' title="bbox 349 5915 1930 5990; baseline 0.007 -21"><span class='ocrx_word' id='word_1_861' title='bbox 349 5915 895 5988; x_wconf 71' lang='grc' dir='ltr'>ἀναθεματισθεῗσι,</span> <span class='ocrx_word' id='word_1_862' title='bbox 940 5919 1098 5989; x_wconf 75' lang='grc' dir='ltr'>παρὰ</span> <span class='ocrx_word' id='word_1_863' title='bbox 1141 5937 1204 5975; x_wconf 85' lang='grc' dir='ltr'><strong>τε</strong></span> <span class='ocrx_word' id='word_1_864' title='bbox 1246 5918 1362 5975; x_wconf 84' lang='grc' dir='ltr'>τῶν</span> <span class='ocrx_word' id='word_1_865' title='bbox 1390 5922 1719 5990; x_wconf 74' lang='grc' dir='ltr'>είρημένων</span> <span class='ocrx_word' id='word_1_866' title='bbox 1747 5925 1930 5987; x_wconf 73' lang='grc' dir='ltr'>ἁγίων</span> 
     </span>
    </p>
   </div>
   <div class='ocr_carea' id='block_1_121' title="bbox 2044 5912 3554 5995">
    <p class='ocr_par' dir='ltr' id='par_1_121' title="bbox 2044 5912 3554 5995">
     <span class='ocr_line' id='line_1_121' title="bbox 2044 5912 3554 5995; baseline -0.011 -16"><span class='ocrx_word' id='word_1_867' title='bbox 2044 5942 2091 5981; x_wconf 71' lang='lat' dir='ltr'><strong>ro</strong></span> <span class='ocrx_word' id='word_1_868' title='bbox 2121 5916 2317 5995; x_wconf 80' lang='lat' dir='ltr'><strong>scripta</strong></span> <span class='ocrx_word' id='word_1_869' title='bbox 2348 5931 2470 5978; x_wconf 84' lang='lat' dir='ltr'><strong>sunt</strong></span> <span class='ocrx_word' id='word_1_870' title='bbox 2495 5939 2589 5992; x_wconf 85' lang='lat' dir='ltr'><strong>pro</strong></span> <span class='ocrx_word' id='word_1_871' title='bbox 2626 5920 2928 5989; x_wconf 77' lang='lat' dir='ltr'><strong>defensione</strong></span> <span class='ocrx_word' id='word_1_872' title='bbox 2957 5917 3210 5974; x_wconf 83' lang='lat' dir='ltr'><strong>Theodori</strong></span> <span class='ocrx_word' id='word_1_873' title='bbox 3232 5923 3280 5970; x_wconf 80' lang='lat' dir='ltr'><strong>et</strong></span> <span class='ocrx_word' id='word_1_874' title='bbox 3303 5912 3554 5970; x_wconf 72' lang='lat' dir='ltr'><strong>Nestorii.</strong></span> 
     </span>
    </p>
   </div>
  </div>
