3998 6368
509 331 3683 386 W

1602 489 1739 548 ΤΟΥ
1777 488 1870 542 ΕΝ
1904 486 2134 542 ΔΓΙΟῘΣ
2164 485 2438 541 ΠΑΤΡΟΣ
2466 482 2682 549 ΗΜΩΝ,

878 651 1690 800 ΜΑΞΙΜΟΥ
1765 653 2117 788 ΤΟΥ
2175 593 3395 787 ΟΜΟΛΟΓΗΤΟΥ

1717 888 1874 936 ΠΕΡΙ
1919 886 2248 937 ΔΙΔΦΟΡΩΝ
2280 886 2570 934 ΑΠΟΡῙΩΝ

979 1046 1240 1174 ΤΩΝ
1296 1041 1635 1132 ΑΓΙΩΝ
1709 1039 2316 1130 ΔΙΟΝΥΣΙΟΥ
2380 1037 2578 1125 ΚΑΙ
2641 1035 3265 1126 ΓΡΗΓΟΡΙΟΥ

1529 1223 1724 1277 ΠΡΟΣ
1773 1221 2029 1277 θοΜΑΝ
2085 1219 2224 1274 mN
2249 1183 2748 1276 ΗΓιΑΣΜΕΝοΝ.
2849 1279 2852 1282 ,

722 1569 881 1726 s.
956 1576 1126 1723 P.
1219 1570 1408 1724 N.
1479 1563 2203 1724 MAXIM]
2265 1515 3554 1730 CONFESSORIS

1547 1841 1646 1904 DE
1681 1841 1942 1902 VARIIS
1976 1837 2474 1902 DIFFlClLIBUS
2521 1839 2741 1902 LOCIS

1032 2028 1232 2141 ss.
1301 2031 1520 2142 PP.
1593 1989 2253 2144 DIONYSIl
2327 2024 2512 2138 ET
2577 2023 3267 2180 GREGORII

1745 2256 1860 2318 AD
1919 2255 2290 2319 THOMAM
2354 2259 2525 2321 νας.

584 2443 823 2489 LIBRUM
856 2442 938 2486 EX
982 2443 1205 2489 CODICE
1253 2442 1690 2489 MANUSCRIPTO
1737 2442 2022 2489 GUDIANO
2051 2441 2413 2490 DESCRIPSIT
2443 2444 2519 2488 ET
2562 2444 2629 2490 IN
2655 2445 2942 2498 LATINUII
2969 2445 3312 2496 SERHONEM
3348 2444 3681 2493 INTERPRB-

1329 2609 1550 2666 TATUS,
1594 2609 1749 2654 POST
1783 2609 1834 2654 J.
1882 2609 2058 2655 SCOTI
2101 2608 2179 2652 ET
2219 2608 2326 2653 ΤΗ.
2372 2609 2534 2655 GALE
2581 2609 2966 2672 ΤΕΝΤΑΜΙΝΔ,

1731 2772 1860 2808 NUNC
1887 2771 2073 2808 νιωωι
2096 2770 2338 2809 ικπσιιωι
2375 2771 2536 2808 ιωιυιτ

1203 3100 1207 3103 Ι
1295 3056 1302 3061 _
1377 2921 2048 3036 FRANC.
2135 2922 2900 3038 OEELEB.
3022 2973 3025 2975 ·

1617 3131 1797 3197 (Halis,
1834 3133 1885 3185 c.
1910 3133 1967 3184 Ε.
1997 3134 2060 3184 Μ.
2088 3133 2292 3188 Pfeﬂ'er.
2321 3132 2694 3200 MDCCCLVH.)

2096 3294 2101 3301 .
2121 3311 2192 3327 .-

1815 3463 2497 3557 PBIEFATIO.

598 3804 748 3866 Cum
775 3805 918 3864 ante
947 3796 1069 3859 hos
1101 3796 1320 3860 decem
1341 3793 1474 3859 fere
1505 3812 1709 3858 annos
1738 3796 1939 3858 turbae
1961 3796 2174 3860 civiles
2207 3815 2323 3880 per
2349 3799 2615 3878 patriam
2649 3795 3074 3876 ﬁnitimasque
3104 3798 3398 3878 regiones
3422 3815 3751 3882 grassaren-

504 3909 640 3974 tur,
682 3908 745 3965 et
775 3901 988 3964 omnia
1022 3899 1214 3978 plena
1245 3896 1719 3960 essent'furoris
1745 3904 1934 3977 atque
1955 3898 2239 3975 insaniae,
2271 3899 2369 3962 his
2385 3900 2623 3962 ferrum
2645 3900 2932 3977 etignem
2958 3906 3019 3961 et
3039 3902 3274 3981 quaevis
3294 3901 3532 3966 ferocia
3560 3894 3749 3983 aperta

502 4005 974 4078 minitantibus,
1013 4001 1144 4063 illis
1169 4018 1284 4082 per
1312 4001 1516 4062 varias
1548 3999 1856 4063 factiones
1880 3999 2364 4081 societatesque,
2413 4019 2678 4082 quarum
2724 4003 2843 4065 sibi
2876 4021 3277 4084 unaquaeque
3329 4021 3540 4068 veram
3590 4003 3747 4066 labo-

506 4111 674 4174 aranti
701 4109 1080 4173 medicinam
1126 4123 1317 4168 nosse
1339 4105 1690 4178 videbatur,
1725 4103 2185 4186 rempublicam
2237 4105 2755 4183 distrahentibus,
2822 4108 2924 4170 vix
2969 4108 3180 4171 dicere
3229 4121 3488 4190 possum
3537 4109 3751 4189 quanto

500 4229 659 4276 cum
691 4209 919 4288 gaudio
963 4226 1038 4270 ex
1060 4207 1282 4270 harum
1306 4223 1516 4268 rerum
1553 4214 1796 4269 terrore
1829 4224 1901 4269 ac
1933 4207 2124 4269 taedio
2149 4207 2226 4269 ad
2256 4225 2363 4270 eas
2385 4225 2486 4270 me
2522 4225 2776 4288 semper
2813 4208 3134 4273 retulerim
3171 4217 3336 4274 artes
3355 4228 3499 4292 qum
3529 4206 3751 4291 pridem

508 4311 698 4375 cultas
734 4309 853 4371 illis
888 4307 1238 4390 praesertim
1273 4307 1668 4386 temporibus
1694 4306 1770 4368 ad
1805 4306 2263 4370 consolandum
2297 4307 2576 4369 animum
2609 4317 2669 4370 et
2689 4326 2766 4370 ex
2793 4311 3114 4374 communi
3145 4313 3429 4375 omnium
3457 4314 3749 4376 bonorum

504 4409 758 4473 tristitia
788 4407 1158 4487 erigendum
1189 4406 1503 4486 imprimis
1526 4413 1689 4486 aptae
1721 4423 1857 4467 esse
1889 4406 2288 4469 videbantur.
2313 4409 2498 4469 Forte
2527 4407 2754 4470 accidit
2773 4415 2840 4470 ut
2863 4427 2899 4472 a
2934 4409 3110 4472 libris
3145 4411 3427 4490 Gregorii
3483 4405 3750 4489 Nysseni,

501 4515 692 4592 cujus
712 4511 920 4572 studio
949 4528 1092 4573 cum
1123 4509 1399 4571 maxime
1433 4511 1714 4583 tenebar,
1747 4508 1826 4571 ad
1881 4508 2172 4588 quaedam
2217 4509 2470 4572 Maximi
2530 4509 2940 4586 Confessoris,
3012 4511 3375 4592 philosophi
3406 4503 3748 4590 gravissimi,

514 4615 744 4694 scripta
767 4613 1072 4688 deferrer,
1105 4613 1285 4693 cujus
1314 4620 1385 4675 ut
1414 4612 1648 4674 diﬁicili
1682 4619 1744 4674 et
1770 4611 2077 4691 impedito
2116 4629 2219 4673 me
2249 4629 2480 4689 genere
2513 4611 2680 4674 haud
2704 4629 2844 4674 raro
2861 4611 3268 4690 defatigatum
3305 4629 3441 4675 esse
3489 4627 3615 4673 non
3639 4603 3750 4668 dif-

506 4719 720 4792 ﬁteor,
761 4717 847 4779 ita
881 4723 937 4778 et
974 4717 1426 4779 sententiarum
1461 4711 1848 4778 sublimitate
1877 4720 1939 4776 et
1977 4714 2350 4796 placitorum
2381 4714 2661 4787 veritate,
2695 4731 2730 4777 e
2759 4714 3024 4796 limpido
3061 4715 3150 4796 pii
3179 4732 3253 4778 ac
3294 4713 3523 4777 sinceri
3575 4703 3748 4773 animi

509 4822 692 4882 fonte
721 4827 1095 4900 temperata,
1120 4817 1500 4880 mirabiliter
1532 4824 1815 4880 erectum
1850 4823 2182 4879 etauctum
2222 4833 2325 4877 me
2359 4833 2498 4878 esse
2527 4815 2718 4878 hodie
2748 4816 3049 4895 gratulor.
3091 4816 3268 4890 Quod
3303 4815 3471 4878 enim
3510 4807 3755 4873 Pbotius

511 4921 794 4999 Myriob.
826 4922 968 4984 cod.
1002 4940 1190 4984 cxcn.
1225 4920 1371 5004 (col.
1422 4919 1530 4981 501
1581 4919 1683 4982 ed.
1723 4917 2002 4999 Haascli.)
2034 4918 2114 4980 de
2143 4918 2266 4981 alio
2297 4918 2550 4980 Maximi
2573 4935 2770 4998 opere
2801 4919 3020 4993 sensit,
3044 4918 3390 4981 orationem
3417 4915 3550 4994 ejus
3569 4907 3752 4972 refer-

513 5032 640 5088 tam
670 5023 1062 5105 hyperbatis,
1083 5022 1728 5087 circumductionibus
1747 5021 2214 5099 verborumque
2239 5018 3179 5094 translationibuslaborantem,
3199 5016 3363 5080 haud
3387 5029 3525 5078 raro
3549 5009 3756 5072 obscu-

515 5126 765 5185 ritatem
789 5131 852 5185 et
879 5122 1309 5185 diﬁicultatem
1343 5138 1566 5202 parere
1596 5120 1976 5198 legentibus,
2008 5120 2120 5181 sed
2157 5119 2207 5181 si
2246 5119 2348 5182 cui
2377 5126 2619 5196 gratum
2636 5119 2713 5180 sit
2729 5120 3028 5198 anagogis
3055 5126 3115 5181 et
3138 5107 3753 5195 contemplationibus

516 5231 795 5289 mentem
824 5222 1175 5302 implicare,
1206 5237 1530 5300 nunquam
1553 5238 1696 5282 eum
1727 5237 1879 5283 sane
1915 5226 2314 5298 reperturum
2347 5236 2484 5281 esse
2514 5219 2638 5280 illis
2666 5227 2771 5282 aut
2809 5222 3004 5300 magis
3043 5220 3212 5282 varia
3252 5224 3360 5280 aut
3413 5206 3755 5290 diligentius

517 5325 860 5396 elaborata,
891 5326 1206 5406 imprimis
1243 5341 1393 5386 vero
1415 5324 1657 5404 ubique
1678 5324 1930 5386 elucere
1961 5323 2076 5384 viri
2101 5322 2398 5403 pietatem
2419 5330 2480 5384 et
2498 5340 2727 5404 purum
2759 5324 3206 5404 sincerumque
3241 5319 3458 5386 Christi
3518 5307 3752 5406 deside-

521 5426 709 5494 rium.
750 5426 810 5488 id
834 5425 1144 5505 judicium
1170 5425 1249 5486 de
1295 5425 1533 5505 majore
1559 5441 1826 5504 operum
1859 5423 2110 5486 Maximi
2141 5431 2318 5502 parte
2344 5425 2816 5505 pronuntiatum
2852 5431 3058 5505 potest
3112 5425 3328 5487 videri.
3395 5418 3536 5491 Sed,
3575 5421 3638 5476 ut
3682 5405 3753 5470 ad

522 5545 654 5587 rem
680 5534 974 5598 revertar,
1008 5527 1125 5587 sub
1153 5525 1362 5604 ipsum
1395 5524 1550 5586 illud
1600 5530 1854 5605 tempus
1893 5541 1929 5584 a
1984 5522 2518 5598 Sehoenemanno,
2561 5523 2963 5585 bibliothecas
3012 5521 3575 5602 Guelpherbytanaa
3616 5518 3751 5571 tunc

525 5624 847 5702 praefecto,
881 5626 1014 5687 viro
1072 5633 1132 5688 et
1154 5626 1504 5704 gratissima
1523 5635 1585 5688 et
1616 5626 1894 5706 piissima
1917 5625 2221 5688 memoria
2246 5641 2500 5706 semper
2528 5627 2822 5702 colend‘o,
2843 5627 3074 5690 certior
3114 5643 3253 5687 sum
3280 5624 3474 5686 factus
3502 5617 3576 5680 de
3600 5626 3752 5694 prm-

521 5726 906 5786 stantissimo
926 5723 1143 5790 codice
1183 5727 1470 5790 Gudiano
1501 5728 1596 5790 39.
1621 5731 1753 5804 Gr.,
1794 5730 1902 5809 qui
1943 5736 2169 5807 praeter
2195 5729 2313 5792 alia
2341 5731 2592 5792 Maximi
2617 5747 2832 5810 Opera,
2869 5728 3065 5791 multo
3111 5724 3498 5791 emendatius
3534 5717 3750 5780 servata
