3998 6368
293 332 434 402 1029
1415 336 1682 402 ΕΒΛΝΟ.
1721 340 1872 404 OEH

1979 343 2033 405 R
2071 343 2485 409 PREFATIO.
3421 353 3557 420 1030

293 469 486 534 quam
518 435 732 516 essent
761 467 797 516 a
818 451 1203 517 Combeﬁsio
1233 452 1423 529 edita,
1449 454 1758 518 ineditum
1781 474 2042 539 quoque
2062 457 2324 521 haberet
2346 455 2499 522 illud
2545 461 2867 541 egregium
2928 479 3091 543 opus
3121 469 3256 544 Περὶ
3283 474 3559 546 διαφόρων

292 564 540 637 ἀποριῶν
569 565 679 620 τῶν
701 566 873 634 ἁγίων
897 567 1177 621 Διονυσίου
1199 565 1296 620 καὶ
1321 566 1625 639 Γρηγορίου
1653 567 1788 640 πρὸς
1816 568 1871 622 Θι

1977 570 2020 622 ἰν
2066 571 2157 624 τὸν
2190 572 2548 643 ἡγιασμένον.
2613 563 2867 644 Optanti
2914 565 3047 644 ejus
3108 565 3245 628 libri
3308 570 3556 648 copiam

294 654 532 719 habere
562 656 922 719 humaniter
953 658 1198 738 annuit,
1225 658 1512 720 codicem
1548 661 1914 722 transmisit.
1949 662 2165 722 Inveni
2200 680 2362 742 opus
2400 688 2426 718 «
2455 665 2726 743 spissum
2752 671 2941 745 atque
2962 667 3251 743 arduum,
3287 693 3314 725 »
3350 679 3417 732 ut
3440 691 3556 750 ap-

295 757 1031 836 pellatMontefalco‘nius
1067 758 1256 821 Catal.
1289 759 1683 835 bibl.Coisl.,
1718 779 1779 841 p.
1813 761 1950 822 311.
1992 764 2121 825 Nec
2180 783 2442 844 parvum
2509 774 2639 828 erat
2694 767 3155 830 transcribendi
3207 771 3361 850 ejus,
3437 792 3556 836 nec

292 859 482 921 taedio
501 878 751 937 vacans,
780 861 890 923 sed
921 861 1304 932 fructuosus,
1331 866 1400 921 ut
1421 860 1853 934 confidebam,
1876 860 2075 923 labor.
2114 863 2300 924 Multa
2331 863 2575 926 inerant
2607 883 2910 945 perquam
2939 868 3245 934 subtiliter
3273 871 3552 951 disputa-

293 970 377 1038 ta,
410 963 604 1026 multa
635 965 888 1043 egregie
917 968 1315 1044 pertractata,
1348 962 1619 1042 plurima.
1656 963 1891 1024 utiliter
1948 965 2256 1044 exposita,
2311 981 2440 1026 non
2484 985 2685 1046 pauca
2735 985 2879 1047 qum
2937 970 3251 1049 abripiant
3311 973 3556 1034 animos

293 1065 775 1146 castissimoque
800 1073 861 1129 et
883 1067 1214 1129 mitissimo
1248 1066 1396 1144 igne
1429 1065 1894 1146 perfundantet
1923 1085 2052 1149 quo
2080 1067 2154 1130 ad
2180 1069 2457 1131 sanctius
2486 1071 2625 1132 vitae
2673 1084 2874 1149 genus
2927 1073 3382 1137 instituendum
3447 1094 3552 1138 ac-

295 1167 666 1230 cendamur.
708 1169 831 1229 Sed
859 1174 1074 1230 tamen
1113 1166 1405 1230 dolebam
1438 1165 1610 1246 quod
1644 1182 1808 1245 epus
1857 1175 1983 1229 tam
2074 1161 2314 1228 varium
2352 1176 2610 1248 tamque
2646 1171 3001 1250 cepiosum,
3075 1179 3196 1235 tam
3262 1176 3556 1253 gravitate

292 1281 484 1343 quam
517 1264 896 1328 sublimitate
924 1265 1530 1328 commentationum
1569 1271 1875 1343 praestans
1903 1267 2122 1328 tandiu
2154 1267 2440 1345 ignotum
2489 1271 2753 1347 jaceret,
2785 1289 2858 1334 ac
2913 1274 3144 1349 statim,
3185 1275 3237 1336 si
3299 1278 3556 1355 quando

293 1364 492 1428 otiUm
526 1365 716 1440 foret,
742 1365 932 1428 edere
961 1365 1115 1427 illud
1144 1366 1206 1427 in
1231 1367 1514 1429 animum
1541 1365 1788 1428 induxi.
1821 1368 1950 1430 Nec
1992 1367 2287 1431 hesterna
2327 1377 2420 1431 est
2456 1371 2589 1450 ejus
2637 1371 2825 1447 fama,
2880 1373 2932 1434 si
2989 1375 3246 1454 quidem
3283 1379 3554 1440 Joannes

279 1466 413 1546 jam
442 1468 665 1530 Scotus
699 1467 881 1548 jussu
907 1466 1107 1550 Caroli
1151 1467 1314 1529 Calvi
1348 1467 1634 1530 Latinum
1673 1467 1828 1529 illud
1859 1467 2068 1531 facere
2105 1470 2256 1531 olim
2286 1471 2578 1532 instituit.
2614 1473 2800 1552 Cujus
2857 1475 3168 1539 versionis
3199 1495 3233 1539 e
3299 1479 3553 1541 Clunia-

295 1568 466 1632 censi
503 1569 935 1633 bibliothecaa
962 1571 1204 1632 Joanne
1245 1569 1541 1632 Mabillon
1581 1570 1902 1650 quon‘dam
1956 1581 2230 1651 recepta:
2279 1579 2341 1634 et
2407 1591 2549 1634 cum
2581 1573 2818 1636 Thema
2871 1576 3023 1639 Gale
3078 1580 3555 1643 communicatae

290 1669 590 1750 reliquias
624 1672 789 1752 (nam
821 1672 874 1732 si
903 1689 1032 1733 non
1061 1671 1296 1745 omnia,
1329 1676 1498 1732 certe
1517 1670 1696 1751 plura
1718 1672 1978 1732 vertisse
1995 1674 2305 1736 Joannem
2335 1675 2590 1736 Scotum
2626 1694 2814 1755 quam
2871 1696 3012 1758 qum
3046 1687 3408 1741 manserunt
3437 1699 3554 1761 ap-

291 1778 470 1852 paret
506 1779 636 1834 tum
669 1789 745 1834 ex
769 1771 1134 1852 prtefatione
1166 1771 1393 1850 ipsius,
1428 1777 1561 1833 tum
1583 1789 1660 1833 ex
1682 1771 1826 1834 loco
1866 1773 1951 1832 De
1981 1773 2288 1834 divisione
2318 1784 2562 1835 natura:
2587 1780 2820 1856 operis,
2858 1798 2917 1858 p.
2947 1780 3059 1841 210
3090 1783 3188 1844 ed.
3231 1783 3392 1857 Gal.,
3445 1785 3554 1846 ubi

289 1873 638 1954 capitulum
671 1871 1220 1952 quadragesimum
1252 1871 1526 1951 primum
1573 1871 1650 1932 de
1675 1871 1988 1948 ambiguis
2025 1872 2254 1933 citatin
2305 1874 2654 1936 orationem
2717 1879 3002 1955 Gregorii
3060 1880 3431 1942 Nazianzeni
3475 1883 3554 1943 de

287 1974 614 2048 Paschate,
653 1979 714 2034 et
744 1973 927 2053 plura
955 1973 1200 2036 videtur
1227 1974 1413 2036 etiam
1441 1972 1852 2033 Combeﬁsius
1873 1973 2197 2046 habuisse,
2233 1973 2284 2034 si
2323 1974 2460 2054 ejus
2503 1977 2695 2038 verba
2752 1978 2819 2038 in
2870 1979 3172 2041 Biblioth.
3215 1984 3551 2042 concione-

285 2080 454 2141 toria
484 2083 639 2137 tom.
669 2076 696 2135 Ι
727 2075 953 2154 posita,
1005 2075 1284 2155 indeque
1322 2075 1391 2136 in
1433 2075 1699 2138 Fabricii
1727 2075 2034 2138 Biblioth.
2095 2075 2207 2137 Gr.
2252 2081 2405 2137 tom.
2435 2078 2541 2151 IX,
2586 2097 2649 2157 p.
2703 2078 2840 2152 673,
2883 2081 2985 2142 ed.
3033 2082 3202 2144 Harl.
3268 2085 3550 2163 repetita,

283 2200 432 2246 cum
464 2186 749 2250 Fabricio
782 2194 952 2249 recte
972 2186 1398 2267 interpretor)
1443 2185 1641 2248 edidit
1678 2187 1770 2247 vir
1803 2185 2146 2248 litterarum
2191 2184 2378 2246 laude
2410 2185 2893 2250 florentissimus
2937 2188 3209 2252 Thomas
3268 2192 3420 2252 Gale
3476 2191 3554 2252 ad

281 2284 525 2348 calcem
580 2286 886 2350 librorum
932 2289 1216 2369 quinque
1253 2288 1514 2350 Joannis
1549 2288 1720 2350 Scoti
1777 2299 1850 2350 Πε

1974 2297 2164 2359 iocata;
2194 2295 2488 2367 μερισμοῦ,
2539 2289 2740 2350 Oxon.
2779 2289 2951 2362 1681,
3011 2309 3076 2371 p.
3117 2290 3288 2365 1-45,
3323 2291 3553 2372 quibus

278 2383 542 2447 alteram
574 2389 792 2468 Operis
856 2399 992 2470 Περὶ
1017 2397 1295 2468 διαφόρων
1329 2397 1573 2468 ἀποριῶν
1607 2389 1849 2468 particu

2021 2405 2148 2450 una
2208 2406 2350 2450 cum
2399 2389 2613 2451 Latina
2670 2390 3186 2469 interpretatione
3244 2411 3308 2472 p.
3360 2391 3558 2452 46-70:

277 2489 629 2569 subjunxit.
659 2485 1001 2571 Postquam
1031 2489 1221 2569 igitur
1249 2491 1440 2553 totius
1480 2497 1542 2552 et
1569 2486 1802 2568 integri
1839 2499 2126 2569 Διαφόρων
2160 2496 2421 2570 Ἀποριῶν
2447 2492 2763 2572 'cerperis
2806 2508 2924 2570 ego
2956 2492 3186 2554 edendi
3219 2493 3552 2554 consili-um

277 2591 450 2670 cepi,
481 2592 817 2672 utriusque
852 2592 992 2666 viri,
1038 2591 1384 2653 etJeannis
1426 2592 1596 2653 Scoti
1627 2599 1690 2653 et
1723 2591 1982 2652 Thema)
2026 2590 2200 2665 Gale,
2235 2591 2578 2666 versiones,
2644 2593 2790 2654 licet
2835 2593 3052 2668 altera,
3115 2611 3248 2657 non
3309 2613 3547 2676 operm,

278 2692 393 2751 sed
432 2691 708 2752 auctoris
738 2691 832 2751 sui
867 2689 1144 2769 peccatis
1185 2695 1478 2764 scateret,
1509 2690 1705 2752 altera
1736 2696 1904 2752 certe
1938 2690 2257 2752 erroribus
2301 2708 2431 2752 non
2460 2699 2724 2755 careret.
2758 2701 2887 2754 tam
2933 2695 3328 2775 antiquitatis
3360 2715 3551 2776 quam

276 2794 404 2874 pim
431 2809 806 2871 magnorum
838 2791 1166 2853 nominum
1191 2793 1514 2855 memoria)
1545 2810 1694 2871 ergo
1731 2793 2092 2855 immutatas
2149 2792 2422 2856 retinere
2490 2812 2619 2857 non
2658 2796 2959 2870 dubitavi,
3004 2816 3149 2859 cum
3200 2801 3550 2878 praesertim

276 2897 561 2956 Joannes
617 2895 843 2956 Scotus
897 2893 1127 2970 corrigi
1165 2910 1294 2955 non
1327 2900 1568 2973 posset,
1601 2895 1756 2973 quin
1785 2895 1881 2955 sui
1905 2893 2094 2973 plane
2158 2895 2482 2957 dissimilis
2511 2897 2709 2960 ﬁeret.
2738 2900 3010 2961 Thomas
3038 2901 3187 2963 Gale
3230 2902 3295 2964 in
3327 2905 3553 2966 Praafa-

275 2999 457 3061 tione
495 2997 800 3059 librorum
830 2998 878 3058 V
904 2997 1163 3060 Joannis
1192 2998 1361 3059 Scoti
1389 2999 1478 3058 De
1511 2998 1819 3059 divisione
1859 3008 2122 3073 natum,
2170 3023 2197 3055 α
2225 3001 2490 3062 Sanctus
2511 3001 2838 3076 Maximus,
2874 3002 3102 3083 inquit,
3144 3008 3394 3086 scripsit
3437 3026 3550 3070 ex-

276 3101 662 3181 positionem
691 3099 1133 3177 ambiguorum
1162 3098 1402 3179 aliquot
1442 3099 1726 3162 locorum
1766 3117 1908 3180 quae
1932 3102 1997 3162 in
2029 3103 2089 3162 S.
2115 3101 2393 3180 Dionysii
2416 3108 2476 3163 et
2513 3103 2798 3179 Gregorii
2831 3104 3203 3167 Nazianzeni
3241 3107 3416 3170 libris
3450 3126 3555 3172 oc-

274 3209 563 3282 currunt.
628 3203 778 3264 Haec
807 3201 1111 3278 Ambigua
1139 3203 1417 3262 Joannes
1443 3201 1712 3278 Erigena
1737 3202 1920 3264 vertit
1946 3202 2182 3264 Latine.
2216 3203 2444 3264 Nescio
2476 3219 2555 3263 an
2587 3209 2788 3264 totum
2843 3205 3093 3266 Maximi
3149 3223 3335 3288 Opus,
3384 3229 3552 3291 quo-
3663 3193 3674 3206 ’

277 3309 446 3372 niam
490 3307 706 3368 Graeca
732 3306 794 3366 S.
833 3304 1081 3366 Maximi
1116 3304 1358 3381 integra
1396 3303 1682 3364 nondum
1713 3311 1936 3366 nactus
1977 3323 2138 3368 sum.
2173 3307 2320 3381 Quae
2353 3305 2457 3367 hic
2505 3307 2570 3366 in
2603 3307 2727 3368 ﬁne
2785 3307 2963 3385 legis,
2998 3317 3258 3390 accepta
3303 3330 3556 3376 mecum

278 3410 444 3475 refer
469 3407 694 3489 partim
725 3405 1044 3467 beneﬁcio
1072 3405 1142 3466 V.
1179 3406 1270 3464 Cl.
1306 3403 1576 3465 Emerici
1603 3404 1857 3482 Bigotii,
1895 3406 2001 3484 qui
2036 3423 2111 3466 ex
2142 3405 2528 3468 bibliotheca
2548 3409 2711 3484 regis
2748 3408 3084 3471 Galliarum
3108 3411 3174 3472 in
3193 3429 3371 3476 meos
3402 3434 3563 3480 usus

275 3509 591 3586 descripta
625 3504 1022 3578 examinavit,
1063 3503 1289 3584 partim
1333 3503 1538 3565 codici
1564 3521 1734 3578 meo,
1775 3506 1883 3584 qui
1937 3507 2385 3585 complurimas
2450 3507 2730 3585 ejusdem
2784 3509 3034 3570 Maximi
3085 3511 3561 3579 lucubrationes

275 3609 584 3672 continet.
622 3607 924 3666 Caeterum
958 3611 1028 3664 ut
1050 3603 1305 3664 redeam
1344 3603 1420 3664 ad
1455 3605 1735 3679 Scotum,
1775 3606 1912 3684 ejus
1961 3605 2384 3679 tralationem,
2426 3624 2614 3686 quam
2649 3607 2751 3669 hic
2801 3587 2945 3682 edo,
2988 3628 3238 3672 meeum
3271 3629 3560 3676 commu—

274 3709 509 3772 nicawt
560 3705 950 3768 humanitate
992 3711 1052 3764 et
1080 3705 1434 3767 eruditione
1466 3705 1734 3768 celebris
1766 3707 1858 3768 vir
1884 3709 1939 3770 J.
1972 3706 2291 3782 Mabillon,
2326 3707 2405 3768 de
2443 3725 2571 3787 quo
2617 3727 2806 3794 supra
2858 3711 3370 3777 commemoravi.
3402 3719 3552 3782 ΙΙωο

273 3807 481 3872 versio
511 3809 748 3887 absque
773 3807 850 3867 iis
885 3823 1026 3886 quae
1054 3805 1117 3866 in
1148 3806 1319 3868 libris
1367 3809 1453 3869 De
1484 3808 1790 3870 divisione
1822 3818 2066 3871 natum
2105 3809 2290 3872 facile
2353 3809 2784 3888 observantur,
2808 3814 2975 3876 satis
3007 3817 3282 3879 ostendit
3328 3820 3546 3898 Erige-

269 3932 422 3978 nam
481 3913 672 3975 fuisse
695 3911 763 3973 in
818 3911 1054 3973 Graecis
1094 3911 1282 4006 plane
1311 3910 1873 3992 alphabetarium.»

350 4033 566 4096 Codex
609 4030 953 4102 Gudianus,
999 4046 1128 4110 quo
1162 4047 1316 4093 usus
1363 4050 1527 4107 sum,
1565 4034 1922 4115 descriptus
1971 4044 2065 4097 est
2117 4037 2197 4099 ab
2254 4037 2487 4100 Eberto
2529 4038 2592 4099 in
2656 4039 2950 4120 Cataiogo
2992 4043 3296 4108 librorum
3357 4067 3549 4114 manu

267 4135 654 4215 scriptorum
677 4131 1082 4196 bibliothecae
1116 4133 1361 4196 ducalis
1421 4137 2010 4218 Guelpherbitanae;
2046 4141 2140 4200 est
2195 4140 2717 4203 membranaceus
2755 4159 2899 4205 saec.
2934 4159 3051 4206 xm
3091 4150 3422 4214 continens
3459 4154 3551 4216 fo-

267 4239 354 4301 lia
385 4240 452 4300 in
486 4245 733 4318 quarto,
765 4239 1170 4319 quoddicunt
1195 4287 1210 4314 ,
1250 4247 1508 4316 centum
1574 4239 1898 4317 sexaginta
1955 4247 2252 4319 quatuor,
2321 4249 2541 4320 estque
2571 4248 2694 4304 tam
2727 4243 3320 4330 elegantertamque
3355 4271 3545 4319 accu-

269 4345 409 4401 rate
439 4338 836 4418 censcriptus
865 4346 936 4402 ut
974 4357 1104 4403 non
1148 4341 1352 4402 solum
1393 4340 1496 4402 alii
1529 4341 1677 4402 inde
1733 4341 1875 4402 libri
1920 4343 2165 4422 possint
2211 4345 2464 4422 egregie
2508 4345 2832 4408 emendari
2879 4353 3066 4426 atque
3096 4352 3399 4432 suppleri,
3433 4360 3544 4420 sed

271 4437 412 4520 ipse
438 4439 516 4501 ad
553 4439 676 4502 hoc
702 4449 1270 4522 ΔιαφόρωνἈποριῶν
1303 4459 1466 4522 Opus
1491 4441 2035 4521 interpretandum
2077 4443 2338 4506 alterius
2366 4444 2510 4506 libri
2569 4447 2870 4509 auxilium
2915 4465 3046 4510 non
3092 4452 3542 4522 desiderarem.

271 4539 445 4602 Alios
508 4541 764 4603 codices
821 4559 1006 4603 manu
1066 4549 1355 4605 exaratos
1416 4547 1872 4604 commemorat
1925 4543 2270 4620 Fabricius,
2314 4547 2764 4609 Taurinensem
2799 4567 2932 4628 reg.
2983 4552 3197 4629 XXIV,
3235 4557 3548 4627 Venetam

273 4640 336 4702 S.
381 4641 573 4704 Marci
612 4639 920 4703 CXXXVI.
971 4640 1232 4724 (Morell.
1267 4641 1426 4726 Bibl.
1459 4645 1606 4705 Msc.
1639 4643 1743 4704 Gr.
1776 4650 1838 4704 et
1864 4645 1996 4705 Lat.
2023 4645 2072 4718 Ι,
2107 4663 2172 4724 p.
2205 4643 2278 4704 8‘2
2309 4643 2352 4726 ),
2383 4662 2460 4709 ex
2501 4663 2628 4726 quo
2671 4648 2877 4728 capita
2906 4652 3197 4730 quaedam
3235 4657 3398 4719 edita
3445 4661 3555 4723 ha-

273 4742 388 4805 bes
429 4743 824 4806 in‘Gallandii
855 4743 1156 4806 Bibiioth.
1189 4745 1453 4807 Patrum
1495 4742 1884 4824 Appendice,
1935 4762 1996 4823 p.
2034 4742 2143 4806 153
2186 4761 2329 4825 sqq.
2368 4745 2533 4826 (qum
2556 4747 2965 4811 inveniuntur
3005 4741 3080 4814 in
3103 4755 3245 4817 cod.
3279 4758 3549 4827 Gudiani

273 4843 318 4904 f.
365 4841 481 4904 229
513 4841 708 4926 sqq.),
739 4845 1025 4908 codicem
1069 4844 1222 4907 bibl.
1269 4842 1533 4907 Nanian.
1577 4841 1778 4904 LXIV.
1801 4843 2062 4906 Codices
2092 4843 2249 4907 alios
2279 4846 2453 4906 novit
2483 4845 2671 4908 etiam
2719 4849 3150 4929 Combeﬁsius,
3180 4874 3368 4938 quem
3399 4879 3553 4943 epe.

277 4961 414 5007 rum
458 4945 522 5005 S.
555 4945 803 5006 Maximi
860 4962 906 5008 a.
927 4961 996 5008 se
1031 4944 1345 5008 editorum
1397 4961 1630 5024 corpus
1651 4943 1836 5004 tertio
1873 4942 2195 5006 volumine
2235 4943 2563 5024 complere
2584 4945 2854 5009 voluisse
2905 4959 3172 5028 constat,
3199 4955 3250 5016 si
3289 4942 3548 5037 quidem

273 5049 340 5111 in
367 5047 671 5109 Biblioth.
703 5049 1199 5122 concionatoria,
1233 5053 1389 5109 tom.
1427 5050 1449 5110 ι
1479 5046 1582 5126 (cf.
1607 5047 1875 5109 Fabricii
1907 5046 2074 5109 Bibl.
2108 5048 2220 5110 Gr.
2255 5054 2409 5109 tom.
2445 5049 2550 5119 IX,
2600 5068 2662 5130 p.
2695 5050 2810 5111 673
2844 5053 2943 5114 ed.
2982 5055 3154 5118 Harl.
3187 5059 3234 5138 ),
3262 5084 3288 5114 «
3324 5063 3386 5122 S.
3415 5065 3550 5125 Ma-

273 5150 504 5222 ximus,
538 5147 763 5226 inquit,
830 5148 1008 5209 locos
1051 5147 1334 5209 ditIieiles
1372 5147 1646 5228 plurium
1705 5150 1990 5227 Gregorii
2042 5151 2400 5213 orationum
2462 5171 2534 5216 ac
2569 5157 2987 5234 quorumdam
3057 5163 3404 5226 carminum
3471 5186 3549 5230 ex

276 5249 452 5327 regio
481 5247 702 5310 codice
734 5250 754 5329 (
787 5247 1214 5308 DCCCXXXVI
1257 5247 1418 5308 Bibl.
1459 5249 1618 5326 Reg.
1687 5249 1874 5310 Catal.
1909 5268 1974 5329 p.
2009 5269 2077 5312 ιι.
2111 5271 2176 5331 p.
2216 5251 2324 5314 172
2356 5253 2402 5331 ),
2450 5253 2680 5316 collato
2739 5273 2881 5318 cum
2912 5258 3110 5324 altero
3142 5281 3268 5324 rev.
3307 5267 3551 5330 abbatis

273 5349 579 5414 Gerasimi
603 5347 878 5421 Blaccbi,
911 5346 1189 5408 Venetiis
1231 5346 1683 5408 humanissime
1732 5348 2066 5424 submisse,
2129 5351 2394 5432 ipsaque
2421 5351 2682 5414 Joannis
2709 5353 2996 5432 Erigenze
3060 5376 3134 5421 ex
3157 5362 3549 5433 Cluniacensi

274 5447 652 5516 bibliotheca
685 5449 996 5511 versione.
1029 5447 1462 5528 Colephonem
1489 5449 1657 5511 dabit
1685 5451 1794 5512 viri
1824 5450 1902 5513 cl.
1930 5452 2269 5532 Raphaelis
2291 5454 2375 5517 ciu
2393 5457 2624 5520 Fresne
2651 5467 2746 5522 τοῦ
2770 5471 3075 5542 μακαρίτου
3106 5465 3551 5544 pulcherrimis

274 5552 660 5642 membranis
695 5549 1122 5631 pulcherrime
1153 5558 1214 5612 et
1249 5569 1440 5611 manu
1489 5554 1735 5615 erudita
1776 5561 2066 5618 exaratos
2113 5561 2338 5634 codex,
2371 5563 2425 5624 si
2482 5566 2738 5642 quando
2778 5564 3042 5627 facultas
3093 5570 3172 5632 sit
3234 5579 3297 5632 et
3349 5577 3551 5642 otium

274 5638 419 5718 cum
450 5653 560 5716 illo
610 5651 1002 5716 conferendi.
1044 5675 1070 5707 »
1111 5652 1368 5714 Thomas
1399 5652 1566 5722 Gale,
1600 5653 1814 5730 libros,
1863 5664 1988 5718 tam
2031 5661 2140 5739 qui
2173 5662 2377 5742 ipsum
2411 5638 2659 5728 Maximi
2703 5685 2866 5748 opus
2920 5687 3110 5749 quam
3161 5673 3267 5752 qui
3309 5638 3549 5742 versit;

271 5773 422 5822 nem
449 5755 706 5821 Joannis
726 5753 894 5818 Scoti
939 5753 1288 5831 continent,
1348 5753 1642 5835 suspicor
1699 5761 2012 5822 reccnscri
2075 5762 2134 5823 in
2184 5764 2481 5846 Catalogo
2523 5769 2719 5831 Codd.
2750 5771 2913 5831 MSS.
2951 5771 3190 5852 Anglice
3220 5783 3279 5839 et
3325 5779 3559 5843 Iliber-
