3998 6376
427 283 563 350 1033

1655 293 2176 354 AMBIGUORUM
2219 295 2470 354 LIBER.

3537 287 3672 353 1034

424 393 632 462 καρίων
677 388 907 460 ἀνδρῶν,
956 388 1054 458 τῆς
1085 390 1252 452 ὅντως
1288 390 1519 459 ἐκλογῆς
1571 393 1679 445 τῶν
1729 395 1995 448 ἀνέκαθεν

2102 398 2218 461 Dei,
2255 398 2502 467 inquam,
2538 398 2785 451 imitatus
2824 410 3026 451 esnou
3080 395 3381 466 incongrue
3417 394 3671 450 sublimi~

424 482 568 537 κατά
597 481 992 551 πρόθεσιντῶν
1030 481 1240 534 αἰώνων
1273 482 1385 552 sq)“
1430 483 1549 553 Θεῷ
1582 485 1992 554 προσθεμένων,

423 574 528 626 τῶν
571 575 752 626 πᾶσαν
796 573 870 635 ὡς
917 573 1172 642 ἀληθῶς⁹
1220 575 1318 644 τὴν
1375 575 1606 646 ἐφικτὴν
1655 577 1767 639 τοῖς
1817 577 1996 642 ἁγίοις

368 721 371 724 ,
423 665 580 732 χύσιν
626 665 726 732 τῆς
782 664 974 732 σοφίας
1023 664 1440 735 είσδεξαμένων,
1483 667 1580 720 καὶ
1620 668 1688 736 τῇ
1737 667 1994 720 ἀποθέσει

425 755 524 824 τῆς
572 755 710 808 κατά
758 753 923 823 φύσιν
972 756 1118 825 ζωῆς
1156 756 1336 826 ψυχῆς
1365 757 1553 812 ούσίαν
1585 758 1994 828 πεποιημένων,

426 847 517 899 καὶ
543 846 632 898 διὰ
659 846 816 899 τοῦτο
858 846 1036 911 ζῶντα
1085 849 1395 918 μονώτατον
1437 849 1529 903 τὸν
1562 851 1798 920 Χριστὸν
1827 852 1997 921 ἐσχη-

421 939 618 1004 κότων,
651 939 743 991 καὶ
772 939 834 991 τὺ
879 940 942 1009 δὴ
991 941 1175 1009 μεῖζον
1209 942 1418 1005 εἰπεῖν,
1463 941 1645 1011 ψυχὴν
1674 943 1860 1006 αὐτοῖς
1896 943 1997 1011 τῆς

420 1029 602 1099 ψυχῆς
634 1029 1000 1100 γεγενημένον
1031 1033 1125 1083 καὶ
1165 1031 1254 1084 διὰ
1279 1033 1498 1086 πάντων
1527 1033 1704 1103 ἔργων
1739 1051 1797 1086 τε
1827 1035 1922 1093 καὶ
1952 1033 1996 1064 ¹⁰

418 1119 596 1188 λόγων
640 1121 735 1172 καὶ
785 1120 1076 1190 νοημάτων
1111 1123 1276 1174 πᾶσιν
1322 1122 1762 1194 ὲμφανιζόμενον
1794 1123 1870 1186 ὡς
1907 1124 1996 1174 ὲν-

420 1201 867 1264 τεῦθενὲκείνων
914 1213 1014 1281 μὲν
1046 1214 1146 1265 οὑκ
1177 1211 1319 1266 εἶναι
1351 1214 1647 1268 πεπεῖσθαι
1695 1213 1764 1268 τὰ
1801 1208 1998 1283 προτε-

423 1302 673 1366 θένταίί,
721 1302 960 1372 Χριστοῦ
996 1302 1076 1369 δὲ,
1123 1304 1266 1358 κατὰ
1284 1306 1328 1336 ¹¹
1363 1305 1532 1378 χάριν
1581 1307 1765 1370 αὐτοῖς
1806 1307 2000 1360 ἑαυτὸν

421 1389 851 1454 ὑπαλλάξαντος.
911 1391 1072 1444 Ἀλλά
1120 1392 1239 1456 πῶς
1297 1393 1437 1446 εῐπω
1499 1393 1704 1465 Κύριον
1764 1393 1997 1464 Ἰησοῦν,

423 1483 595 1552 μήπω
645 1482 866 1551 πνεῦμα
911 1481 1093 1537 λαϐὼν
1137 1484 1452 1556 άγιότητος;
1485 1485 1610 1549 Πῶς
1648 1485 1869 1556 λαλήσω
1900 1486 2000 1549 τὰς

417 1572 744 1636 δυναστείας
768 1571 862 1626 τοῦ
886 1573 1118 1643 Κυρίου,
1148 1576 1177 1627 ό
1205 1574 1576 1644 μογίλαλος¹³,
1631 1575 1728 1629 καὶ
1758 1575 1850 1629 τὸν
1873 1574 1999 1629 νοῦν

417 1667 486 1734 τῇ
551 1665 737 1733 σχέσει
808 1663 1170 1736 προσηλώσας
1226 1665 1337 1718 τῶν
1394 1665 1800 1736 φθειρομένων;
1869 1665 1996 1729 Πῶς

2099 499 2266 544 tatem
2300 500 2355 543 et
2380 488 2839 551 humiliationem,
2866 488 2994 541 dum
3022 502 3133 540 non
3172 485 3486 556 dedignaris
3506 485 3674 539 etiam

2097 580 2166 634 ad
2209 595 2295 633 me
2336 578 2696 633 descendere.
2755 577 2966 644 Quaeris
3010 577 3202 646 utique
3229 576 3298 630 de
3325 591 3412 629 me
3462 590 3527 629 ea
3553 591 3676 645 quae

2098 668 2441 737 penitissime
2474 667 2801 736 cognovisti,
2832 666 3070 735 capitula
3101 665 3246 730 dico,
3285 681 3407 735 quae
3455 681 3523 720 ex
3552 665 3677 720 Dio-

2097 759 2256 831 nysio
2285 767 2341 813 et
2369 759 2637 828 Gregorio
2670 759 2957 828 proponis.
2994 756 3106 811 Hos
3135 772 3236 826 ego
3269 757 3493 826 quidem
3524 757 3678 810 viros

2097 865 2426 904 enumerare
2457 850 2609 904 soleo
2662 849 2805 903 inter
2837 848 3214 903 sanctissimos
3255 847 3674 901 celeberrimos-

2099 952 2228 1007 que,
2261 945 2319 993 et
2343 938 2506 1008 longe
2555 938 2908 993 beatissimos
2951 936 3214 1007 praedico.
3249 937 3361 991 llos
3387 936 3549 1005 plane
3582 937 3676 1006 ju-

2100 1029 2228 1084 dico
2271 1030 2417 1083 inter
2470 1029 2595 1084 illos
2642 1045 2882 1099 superne
2911 1031 3142 1093 electos,
3195 1044 3335 1098 quos
3369 1030 3516 1083 Deus
3570 1028 3678 1083 sibi

2099 1119 2296 1174 ascivit
2338 1120 2645 1175 secundum
2677 1121 2826 1174 illam
2857 1120 3186 1175 saeculorum
3232 1120 3676 1188 prrelinitionem.

2103 1206 2216 1262 Hos
2249 1224 2352 1279 ego
2382 1209 2550 1264 credo
2596 1225 2818 1265 omnem
2859 1211 3176 1280 complexos
3225 1224 3346 1265 esse
3391 1209 3680 1279 sapientiae

2100 1299 2520 1365 abundantiam,
2547 1315 2668 1369 quae
2697 1301 2921 1370 quidem
2949 1301 3007 1354 in
3036 1301 3292 1356 homines
3315 1301 3515 1355 cadere
3547 1316 3683 1370 pos-

2101 1389 2192 1443 sit.
2236 1390 2349 1445 Hos
2391 1391 2650 1447 existimo
2705 1392 2817 1446 vita
2876 1392 3001 1456 ista,
3056 1406 3179 1461 quae
3237 1400 3324 1447 est
3370 1391 3680 1447 secundum

2078 1488 2379 1545 naturam,
2415 1480 2486 1535 ad
2542 1481 2720 1551 ipsam
2755 1482 2954 1536 animae
3007 1481 3312 1548 essentiam»
3361 1481 3680 1552 pertigisse.

2101 1571 2352 1641 adeoque
2401 1571 2684 1629 Christum
2734 1575 2914 1643 ipsum
2946 1573 3224 1628 viventem
3277 1573 3681 1643 propemodum

2101 1672 2296 1718 nactos
2319 1663 2514 1730 fuisse,
2546 1666 2657 1730 vel,
2702 1673 2765 1720 ut
2800 1666 2978 1736 majus
3017 1665 3200 1720 adhuc
3261 1665 3460 1728 dicam,
3512 1664 3680 1719 Chri-

419 1754 692 1817 ἀκουστάς
722 1756 934 1825 ποιήσω
973 1755 1074 1808 κάν
1106 1773 1260 1818 τινας
1293 1757 1532 1820 αίνέσεις
1576 1756 1744 1809 αὐτοῦ
1771 1795 1786 1820 ,
1822 1759 1850 1810 ό
1881 1774 1993 1809 κω-

2104 1760 2251 1807 stum
2285 1753 2532 1823 ipsorum
2570 1757 2768 1810 animae
2808 1758 3046 1810 animam
3072 1753 3373 1818 exstitisse,
3422 1754 3681 1822 factaque

420 1845 517 1914 φὺς
545 1883 561 1908 ,
589 1845 685 1898 καὶ
711 1845 772 1898 τὸ
794 1847 893 1916 τῆς
918 1846 1098 1916 ψυχῆς
1125 1845 1454 1900 ἀκουστικὸν
1493 1846 1581 1900 διά
1626 1845 1724 1916 τὴν
1764 1847 1903 1919 πρὸς
1925 1846 1996 1900 τά

419 1936 570 2005 Ιπάθη
599 1936 781 2006 φιλίαν
833 1937 974 2007 ἔχων
1004 1937 1288 2000 παντελῶς
1339 1937 1804 2008 ἀπεστραμμένον
1825 1936 1868 1969 ⁸⁵
1900 1937 1993 1990 τοῦ

418 2028 578 2097 λόγου
607 2030 708 2101 τὴν
741 2027 1017 2099 μακαρίαν
1045 2028 1264 2098 φωνήν;
1315 2026 1440 2087 Πῶς
1486 2027 1739 2098 ἐμφανὴς
1779 2029 1807 2080 ὁ
1836 2026 1998 2094 λόγος

418 2121 708 2192 γενήσεταί
741 2138 866 2191 μοι,
901 2119 978 2190 τῷ
1009 2119 1298 2190 ἡττημένῳ
1338 2118 1415 2186 τῷ
1446 2121 1635 2188 κόσμῳ
1665 2158 1680 2184 ,
1707 2121 1864 2190 νικᾷν
1906 2120 1997 2174 τὸν

419 2211 644 2281 κόσμον,
673 2209 787 2263 ἀλλ’
817 2209 919 2261 οὐκ
948 2207 1352 2278 ἐμφανίζεσθαι
1389 2205 1467 2277 τῷ
1489 2207 1683 2277 κόσμῳ
1711 2203 1994 2277 πεφυκὼς,

418 2303 577 2375 είπερ
611 2301 820 2371 φιλύλῳ
859 2300 1095 2355 διαθέσει
1122 2301 1262 2354 κατὰ
1303 2299 1468 2369 φύσιν
1511 2301 1660 2352 ἐστὶν
1693 2300 1998 2368 ἀνεπίγνω-

426 2411 584 2460 στος;
618 2393 742 2456 Πῶς
781 2393 843 2446 οὐ
881 2391 1174 2462 τολμηρὸν,
1228 2392 1343 2456 τοῖς
1386 2391 1564 2460 ἁγίοις
1603 2391 1696 2444 τὸν
1740 2392 1996 2462 ἐναγῆαίδ,

424 2487 518 2540 καὶ
558 2488 670 2548 τοῖς
716 2483 978 2554 καθαροῖς
1019 2485 1291 2554 ἐγχειρεῖν
1323 2483 1415 2536 τὸν
1461 2483 1806 2554 ἀκάθαρτον;
1841 2484 1931 2536 Διὸ
1954 2485 1998 2516 ¹⁸

421 2561 828 2647 παρῃτησάμην
882 2577 948 2628 ἂν
1007 2577 1109 2646 τὴν
1158 2576 1252 2628 ἐπὶ
1310 2577 1424 2638 τοῖς
1485 2577 1996 2647 κεκελευσμένοιςίτ

417 2666 757 2736 ἐγχείρησιν,
805 2665 898 2718 τὸν
953 2665 1146 2735 (105
1177 2667 1245 2736 a)
1306 2667 1407 2737 τῆς
1454 2669 1783 2738 προπετείας
1831 2668 1997 2739 ψόγον

421 2756 788 2827 φοϐούμενος,
819 2759 868 2809 εί
919 2757 994 2827 μὴ
1037 2757 1202 2809 πλέον
1244 2757 1533 2811 ἐδεδοίκειν
1565 2759 1667 2828 τῆς
1711 2760 1994 2824 ἀπειθείας

417 2856 510 2909 τὸν
540 2855 804 2908 κίνδυνον,
839 2855 995 2907 Δυοῖν
1029 2849 1122 2906 οὖν
1151 2852 1358 2907 τούτων
1376 2855 1420 2886 ¹⁸
1450 2854 1614 2923 μέσος
1641 2854 1869 2924 ληφθεὶς
1895 2853 1998 2922 τῆς

420 2946 752 3018 προπετείας
804 2945 1064 3016 αἱροῦμαι
1127 2944 1327 3014 μᾶλλον
1390 2945 1484 2998 τὸν
1537 2945 1704 3015 ψόγον
1769 2945 1844 3008 ῶς
1906 2947 1998 2998 ἀν-

418 3039 706 3110 εκτότερον
726 3038 790 3101 ³⁸,
813 3036 1030 3105 φεύγων
1059 3036 1134 3099 ὡς
1167 3036 1556 3105 ἀσύγγνωστον
1584 3040 1683 3106 τῆς
1713 3035 1995 3099 ἀπειθείας
2023 3079 2067 3138 C

418 3129 512 3181 τὸν
542 3129 806 3183 κίνδυνον.
851 3129 959 3181 Καὶ
1007 3131 1074 3196 τῇ
1121 3129 1371 3198 μεσιτείᾳ
1400 3128 1508 3182 τῶν
1537 3129 1708 3196 ἁγίων
1742 3131 1838 3182 καὶ
1868 3128 1995 3199 βοη-

419 3219 543 3292 θείᾳ
592 3219 698 3273 τῶν
748 3219 1034 3289 ὑμετέρων
1069 3219 1266 3289 εὐχῶν,
1316 3217 1558 3289 Χριστοῦ
1603 3219 1695 3272 τοῦ
1753 3221 1993 3290 μεγάλου

417 3313 554 3368 Θεοῦ
586 3315 678 3366 καὶ
704 3313 958 3383 Σωτῆρος
987 3311 1143 3382 ἡμῶν
1175 3311 1540 3383 χορηγοῦντος
1556 3314 1600 3345 ¹⁰
1635 3313 1698 3366 τὸ
1725 3315 1864 3365 νοεῖν
1902 3312 1993 3365 εύ-

421 3405 596 3469 σεϐῶς
635 3407 730 3459 καὶ
771 3405 950 3473 λέγειν
972 3405 1230 3473 δεόντως,
1261 3405 1388 3475 περὶ
1431 3405 1665 3458 ἑκάστου
1697 3404 1992 3474 κεφαλαίου

417 3497 520 3568 τὴν
549 3498 844 3568 ἀπόκρισιν
873 3497 948 3560 ὠς
978 3493 1090 3550 οἶόν
1127 3515 1186 3550 τε
1215 3499 1519 3568 ποιήσομαι
1549 3494 2006 3566 σύντομον(πρὸς-

418 3587 529 3658 γὰρ
569 3586 888 3640 διδάσκαλον
919 3589 947 3640 ὁ
973 3587 1133 3657 λόγος
1172 3590 1390 3658 μικροῖς
1429 3585 1744 3658 πορίζεσθαι
1787 3586 1999 3656 μεγάλα

418 3677 781 3750 δυνάμενον),
844 3679 1146 3750 ἀρχόμενος
1205 3678 1314 3732 ἀπὸ
1363 3677 1666 3750 Γρηγορίου
1721 3675 1814 3730 τοῦ
1878 3664 2000 3728 θεό-

420 3785 652 3837 φρονος,
719 3768 796 3834 ὡς
856 3769 1057 3841 μᾶλλον
1109 3772 1243 3840 ἡμῖν
1296 3770 1449 3832 ὄντος
1503 3767 1580 3840 τῷ
1620 3767 1797 3840 χρόνῳ
1828 3783 1998 3838 προσ-

421 3858 611 3925 εχεστέ
619 3875 733 3927 ρου,

2097 1853 2155 1898 et
2201 1844 2350 1900 dicta
2393 1854 2455 1900 et
2496 1847 2736 1917 cogitata
2786 1862 2983 1901 eorum
3025 1846 3211 1901 omnia
3265 1854 3531 1914 tanquam
3581 1859 3681 1898 sua

2097 1937 2279 2008 palam
2309 1937 2652 2004 exhibuisse,
2680 1946 2742 1993 ut
2767 1939 2878 2009 jam
2915 1954 3028 1992 non
3053 1938 3292 2008 amplius
3321 1937 3552 1993 credere
3583 1953 3683 2007 par

2097 2030 2170 2085 sit
2191 2030 2260 2084 ab
2288 2031 2401 2085 illis
2437 2038 2562 2085 orta
2597 2045 2721 2085 esse
2756 2045 2880 2099 qua:
2918 2039 3327 2100 proponuntur,
3355 2029 3452 2084 sed
3494 2030 3682 2099 potius

2098 2122 2168 2176 ab
2203 2122 2322 2191 ipso
2359 2121 2606 2185 Christo,
2633 2121 2730 2191 qui
2759 2136 2860 2191 per
2888 2121 3418 2176 condescensionem
3449 2122 3504 2175 in
3545 2121 3682 2191 ipsis

2098 2211 2366 2282 loquitur.
2400 2213 2517 2282 Ego
2541 2212 2765 2266 interim
2795 2211 2922 2280 quis
2941 2227 3085 2275 sum,
3122 2211 3220 2280 qui
3243 2227 3344 2267 ore
3368 2225 3494 2266 meo
3518 2226 3684 2269 usur-

2097 2318 2224 2372 pem
2244 2302 2542 2359 Dominum
2571 2303 2780 2366 Jesum,
2815 2317 2939 2356 cum
2983 2303 3218 2356 necdum
3253 2302 3511 2371 spiritum
3555 2317 3683 2356 san-

2099 2394 2456 2450 ctiﬁcationis
2515 2394 2877 2465 acceperim?
2958 2391 3247 2460 Quomodo
3310 2409 3413 2463 ego
3449 2393 3682 2462 eloquar

2098 2483 2318 2539 Domini
2366 2485 2601 2538 virtutes
2657 2483 2754 2553 qui
2805 2483 3007 2553 lingua:
3053 2498 3176 2539 sum
3227 2483 3524 2552 impeditae,
3584 2485 3682 2553 qui

2099 2579 2350 2625 mentem
2399 2571 2568 2625 rebus
2614 2571 3078 2641 corruptibilibus
3135 2572 3456 2626 immersam
3509 2574 3683 2643 gero?

2099 2658 2387 2725 Quomodo
2439 2673 2564 2729 ego,
2605 2660 2702 2730 qui
2754 2668 2944 2716 mutus
2973 2675 3116 2727 sum,
3175 2661 3370 2716 laudes
3428 2663 3550 2733 ejus
3592 2663 3681 2718 vel

2099 2749 2358 2804 minimas
2375 2751 2726 2820 personabo?
2744 2751 2838 2820 qui
2867 2767 3031 2807 aures
3049 2752 3246 2807 animae
3266 2769 3494 2823 prorsus
3515 2753 3681 2818 obtu-

2101 2849 2247 2894 ratas
2299 2841 2498 2906 habeo,
2553 2856 2622 2896 ex
2649 2842 2822 2897 nimio
2868 2858 2999 2913 erga
3040 2843 3274 2899 aﬂ‘ectus
3321 2859 3530 2908 amore,
3584 2848 3682 2914 qui

2100 2931 2220 2986 ﬁeri
2257 2929 2430 3002 possit
2464 2941 2526 2986 ut
2581 2933 2799 2988 beatam
2831 2933 2981 2987 illam
3027 2949 3223 2989 vocem
3273 2935 3682 3004 depraedicem'?

2099 3039 2201 3086 ego
2230 3033 2290 3077 ut
2321 3025 2590 3079 mundum
2627 3025 2870 3091 vincam,
2908 3027 3004 3095 qui
3050 3027 3266 3096 jamdiu
3297 3038 3479 3084 νιοιιιε
3501 3046 3620 3084 sum
3649 3049 3680 3085 ιι

2101 3114 2348 3168 mundo?
2379 3115 2490 3170 imo
2535 3115 2723 3185 potius
2752 3117 2962 3171 mundo
3000 3118 3252 3174 inveniar
3280 3121 3441 3190 plane
3489 3123 3681 3177 conci-

2103 3205 2313 3272 liatus;
2355 3206 2412 3260 iu
2448 3221 2535 3261 me
2564 3207 2714 3261 enim
2747 3207 2888 3263 nihil
2938 3210 3089 3265 aliud
3118 3211 3460 3279 deprehendi
3499 3221 3683 3282 potest

2103 3313 2269 3366 quam
2312 3298 2461 3370 jugis
2513 3298 2582 3353 ad
2616 3299 2908 3354 materiam
2941 3311 2998 3355 et
3027 3310 3282 3356 naturam
3311 3304 3330 3322 ‘
3359 3303 3680 3372 prepensio.

2103 3391 2223 3444 Erit
2251 3390 2492 3460 denique
2521 3405 2750 3446 summa;
2772 3391 3040 3457 audaciae,
3073 3393 3120 3447 si
3145 3393 3296 3447 viros
3328 3403 3548 3448 sanctos
3580 3409 3682 3464 ego

2102 3487 2352 3557 impurus
2380 3488 2664 3558 attingam,
2699 3489 2743 3543 si
2779 3488 3178 3544 mundissimos
3228 3489 3548 3544 immundus
3580 3506 3682 3560 ego

2099 3575 2494 3631 contaminem.
2531 3576 2882 3646 Quapropter
2904 3578 3073 3648 jussis
3103 3577 3212 3632 tuis
3240 3577 3470 3632 omnino
3509 3577 3681 3632 dene-

2099 3684 2313 3739 gassem
2341 3668 2697 3737 obsequium,
2742 3669 3075 3723 temeritatis
3122 3668 3336 3722 veritus
3379 3668 3682 3738 reprehen-

2100 3762 2335 3825 sionem,
2362 3760 2406 3815 si
2443 3776 2553 3814 non
2584 3761 2758 3831 magis
2790 3760 3211 3815 abhorruissem
3251 3760 3321 3814 ab
3344 3760 3667 3814 inobedieu-

2101 3853 2188 3908 tite
2220 3854 2491 3923 periculo.
2527 3854 2588 3908 In
2629 3852 2811 3907 medio
2852 3853 3052 3907 horum
3113 3851 3350 3907 duorum
3406 3861 3680 3907 constitu-

421 3959 514 4005 tus
568 3958 699 4021 opto
725 3950 912 4022 potius
952 3949 1135 4005 videri
1171 3946 1500 4004 temerarius
1528 3948 1674 4018 {(ista
1728 3945 1876 4003 enim
1941 3960 2071 4016 pars
2109 3944 2436 4014 placabilior
2495 3948 2601 4016 est)
2660 3961 2822 4014 quam
2888 3946 3232 4011 inobedieus,
3289 3947 3448 4016 cujus
3505 3946 3684 4013 culpa;

416 4043 637 4096 veniam
665 4043 850 4097 minus
879 4056 1080 4097 censeo
1147 4040 1576 4110 impetrabilem.
1623 4039 1822 4095 Fretus
1884 4037 2053 4108 igitur
2091 4047 2412 4093 sanctorum
2439 4039 2686 4092 omnium
2741 4037 3146 4101 benevolentia,
3201 4046 3316 4091 tum
3367 4045 3682 4090 vestrarum

419 4136 737 4189 orationum
763 4135 1062 4206 adjutorio,
1124 4133 1192 4188 de
1223 4146 1558 4204 unoquoque
1590 4132 1833 4204 capitulo
1865 4144 2032 4202 quam
2073 4129 2192 4184 fieri
2229 4139 2410 4199 potest
2470 4129 2716 4183 breviter
2753 4128 3121 4199 respondebo,
3164 4128 3390 4183 Christo
3430 4127 3677 4196 auspice.

421 4228 518 4296 qui
547 4228 691 4282 Deus
721 4241 952 4297 magnus
976 4235 1063 4281 est
1090 4237 1147 4282 et
1187 4227 1445 4282 Servator
1471 4234 1682 4290 noster,
1713 4225 1920 4294 quique
1943 4231 2000 4278 et
2039 4236 2234 4290 sapere
2264 4221 2354 4291 pie
2384 4229 2440 4275 et
2498 4221 2651 4290 loqui
2701 4231 3019 4292 opportune
3040 4223 3325 4291 largietur.
3353 4220 3526 4274 Nobis
3549 4236 3681 4274 sane

421 4333 547 4372 cum
572 4333 638 4374 eo
668 4319 932 4388 magistro
964 4333 1054 4372 res
1117 4325 1204 4371 est
1232 4315 1327 4386 qui
1357 4315 1522 4370 etiam
1562 4316 1810 4385 parvulis
1872 4328 2072 4383 magna
2104 4313 2313 4366 donare
2340 4319 2540 4382 potest.
2584 4311 2783 4365 Ordidr
2817 4313 2984 4381 igitur
3029 4328 3059 4366 a
3086 4313 3433 4367 divinissimo
3473 4313 3681 4384 Grego-

422 4411 530 4476 rio,
573 4410 704 4480 quia
727 4410 890 4464 nobis
932 4417 1178 4479 tempore
1222 4407 1591 4478 propinquior
1628 4423 1750 4463 esse
1798 4405 2170 4462 existimatur.

427 4606 537 4662 Τοῦ
561 4606 734 4675 ἁγίου
760 4605 1092 4675 Γρηγορίω
1121 4606 1236 4660 τοῦ
1268 4607 1564 4675 Θεολόγου
1585 4645 1600 4670 ,
1629 4606 1697 4661 ἐκ
1720 4598 1828 4662 τοῦ
1861 4608 1995 4677 περὶ

2102 4606 2324 4662 Sanctus
2357 4606 2636 4676 Gregorius
2656 4607 2712 4658 in
2739 4607 2915 4676 prima
2941 4608 3183 4660 oratione
3209 4607 3271 4660 de
3299 4606 3450 4672 Filio,
3490 4626 3507 4656 ι
3541 4606 3681 4673 Quo-

497 4698 632 4752 Υιοῦ
665 4696 899 4765 πρώτου
927 4697 1112 4766 λόγου
1139 4699 1226 4762 εἰς
1259 4697 1327 4750 τό
1355 4713 1369 4728 ο
1398 4715 1416 4748 ι
1444 4697 1548 4751 Διὰ
1589 4698 1766 4752 τοῦτο
1801 4701 1996 4768 μονὰς

491 4789 592 4843 ἀπ’
627 4787 823 4858 ἀρχῆς
852 4789 939 4853 εἰς
979 4786 1174 4842 δυάδα
1201 4787 1516 4854 κινηθεῖσα
1538 4787 1716 4856 μέχρι
1753 4789 1996 4856 Τριάδος

489 4881 662 4949 ἔστη.
694 4899 714 4932 ι
747 4879 858 4935 Καὶ
886 4879 1074 4933 πάλιν
1105 4879 1215 4933 τοῦ
1252 4879 1440 4934 αὑτοῦ
1479 4879 1546 4932 ἐκ
1573 4880 1678 4933 τοῦ
1710 4880 1994 4949 δευτέρου

2173 4701 2315 4753 circa
2349 4699 2526 4752 unitas
2569 4716 2600 4751 a
2629 4699 2884 4769 principio
2917 4700 2970 4752 in
3001 4699 3268 4753 binar‘ium
3300 4709 3444 4754 mota
3476 4701 3532 4753 in
3563 4701 3681 4754 Tri-

2174 4791 2342 4844 nitate
2371 4791 2627 4843 consistit.
2661 4809 2678 4840 ι
2718 4790 2784 4843 Et
2808 4791 2999 4844 iterum
3036 4790 3174 4845 idem
3204 4791 3261 4844 in
3284 4791 3515 4846 secunda
3552 4809 3681 4848 ora-

2177 4883 2319 4936 tione
2334 4882 2398 4936 de
2412 4882 2593 4941 Pace:
2621 4903 2638 4931 ι
2673 4881 2890 4936 Unitate
2915 4883 3171 4938 nimirum
3195 4883 3256 4937 ob
3285 4884 3494 4938 divitias
3511 4892 3675 4951 mota,

1681 5016 1923 5071 VARIIE
1962 5017 2366 5074 LECTIONES.
2450 5022 2470 5047 ’λ

507 5132 528 5163 ⁸
556 5129 812 5204 eqLabest
844 5127 914 5181 ab
941 5127 1029 5204 ed.
1067 5127 1188 5182 Gal.
1265 5130 1284 5160 ‘
1322 5129 1528 5204 ﬁrmi);
1583 5131 1672 5204 ed.
1732 5129 1872 5204 Qal._
1931 5133 1974 5204 ξο

2117 5149 2226 5188 om.
2247 5135 2340 5204 ed.
2371 5134 2491 5190 Gal.
2579 5136 2618 5166 ¹¹
2650 5135 2992 5204 πῳταθέντα
3026 5133 3149 5188 cod.
3179 5130 3459 5204 Gudianus
3488 5145 3563 5204 m_.
3590 5145 3676 5204 pr.

423 5211 479 5274 et
505 5195 742 5274 ediCal.
776 5197 1112 5274 προτεθέντα
1141 5199 1454 5274 emendatio
1478 5209 1562 5274 est
1593 5199 1649 5274 in
1678 5201 1798 5256 cod.
1835 5200 1989 5274 Gud._

2103 5195 2294 5259 eadem
2317 5220 2480 5259 manu
2511 5195 2734 5274 antiqua
2769 5205 3158 5274 superscripta.
3212 5199 3391 5274 fisci?
3416 5195 3677 5274 κατὰ-ἐᾷ.

421 5271 541 5327 Gal.
631 5269 674 5298 ¹³
714 5266 1060 5340 ,μογγίλαλος
1119 5267 1259 5340 codL
1296 5268 1471 5340 Gud.”
1521 5271 1589 5340 ιδ,
1626 5272 1994 5340 άπεστραμμέ

2154 5275 2278 5328 cod.
2305 5275 2446 5330 Gud.
2525 5276 2568 5306 ιδ
2604 5266 2663 5326 ἐν
2717 5266 2958 5339 ἄγειέἀ.
2985 5266 3102 5328 Gal.
3185 5271 3228 5303 ¹⁰
3262 5273 3339 5340 Δι’
3368 5268 3421 5340 ὃᾼ
3439 5269 3530 5323 ed.
3557 5268 3676 5325 Gal.
3735 5295 3738 5298 ι

426 5345 468 5374 ¹⁷
515 5337 1025 5408 ὲγκεκελευσμένοις
1077 5336 1166 5390 ed.
1223 5337 1342 5393 Gal.
1437 5338 1478 5371 ⁵⁸
1504 5339 1713 5404 τούτοις
1746 5336 1835 5396 ed.
1861 5336 1978 5396 Gal.

2102 5348 2106 5370 '
2135 5343 2426 5416 ἀνέκτορον
2458 5344 2546 5399 ed.
2581 5343 2698 5399 Cal.
2731 5336 2776 5374 ’(⁵
2798 5344 3176 5414 χωρηγοῦντος
3230 5339 3320 5394 ed.
3383 5337 3502 5393 Gal.

490 5470 722 5550 '_Min_us
762 5468 1094 5550 ibencnbaec,
1139 5475 1655 5550 ‘nec__s_atis_recte,
1709 5480 1985 5550 convertit
2094 5497 2198 5533 non
2233 5497 2353 5533 vero
2384 5480 2453 5534 ad
2490 5477 2861 5550 apparendum
2889 5477 2942 5528 in
2974 5474 3170 5530 sreculo
3199 5484 3379 5550 natus,
3403 5475 3676 5550 siquidem

421 5539 818 5620 CaleusNertq
843 5554 872 5620 :_
891 5537 1006 5620 Quo
1029 5541 1181 5594 modo
1199 5543 1346 5620 mihi,
1370 5547 1461 5620 qui
1491 5547 1602 5620 ipse
1622 5537 1849 5601 devictus
1861 5565 1986 5620 sum
2094 5568 2126 5620 α
2155 5550 2493 5620 dispositione
2521 5537 2574 5602 ίνί
2612 5547 2896 5601 materiam
2934 5562 3197 5616 propensa
3215 5537 3413 5616 percipi
3448 5537 3676 5601 tiatura-

419 5610 634 5676 saeculo,
660 5607 874 5678 pateﬁet
911 5606 1116 5676 Sermo,
1167 5612 1237 5664 ad
1281 5606 1656 5670 deviuceudum
1709 5616 1986 5682 saeculum,
2096 5619 2218 5673 liter
2238 5606 2420 5689 'nequit
2460 5620 2484 5670 ἒ)

695 5705 970 5765 ΡΑΤΒοιι.
1016 5701 1130 5762 GR.
1171 5704 1322 5764 XCI.

2832 5715 2860 5732 ‘
3020 5707 3212 5769 '33
