  <div class='ocr_page' id='page_1' title='image "/cluster/home/n/w/nwhite01/storage/ocr_20150623/91:no.2/coo.31924054869957/541.png"; bbox 0 0 3998 6364; ppageno 0'>
   <div class='ocr_carea' id='block_1_1' title="bbox 393 283 538 348">
    <p class='ocr_par' dir='ltr' id='par_1_1' title="bbox 393 283 538 348">
     <span class='ocr_line' id='line_1_1' title="bbox 393 283 538 348; baseline -0.021 0"><span class='ocrx_word' id='word_1_1' title='bbox 393 283 538 348; x_wconf 73' lang='grc' dir='ltr'><strong>ῗο35</strong></span> 
     </span>
    </p>
   </div>
   <div class='ocr_carea' id='block_1_2' title="bbox 1589 279 2527 349">
    <p class='ocr_par' dir='ltr' id='par_1_2' title="bbox 1589 279 2527 349">
     <span class='ocr_line' id='line_1_2' title="bbox 1589 279 2527 349; baseline -0.004 -3"><span class='ocrx_word' id='word_1_2' title='bbox 1589 288 1650 349; x_wconf 87' lang='lat' dir='ltr'><strong>S.</strong></span> <span class='ocrx_word' id='word_1_3' title='bbox 1694 284 1976 347; x_wconf 65' lang='lat' dir='ltr'><strong>MAXIM!</strong></span> <span class='ocrx_word' id='word_1_4' title='bbox 2016 279 2527 343; x_wconf 72' lang='lat' dir='ltr'><strong>CONFESSORIS</strong></span> 
     </span>
    </p>
   </div>
   <div class='ocr_carea' id='block_1_3' title="bbox 3544 281 3678 347">
    <p class='ocr_par' dir='ltr' id='par_1_3' title="bbox 3544 281 3678 347">
     <span class='ocr_line' id='line_1_3' title="bbox 3544 281 3678 347; baseline 0.015 -2"><span class='ocrx_word' id='word_1_5' title='bbox 3544 281 3678 347; x_wconf 71' lang='lat'><strong>1036</strong></span> 
     </span>
    </p>
   </div>
   <div class='ocr_carea' id='block_1_4' title="bbox 468 398 1975 473">
    <p class='ocr_par' dir='ltr' id='par_1_4' title="bbox 468 400 1973 473">
     <span class='ocr_line' id='line_1_4' title="bbox 468 400 1973 473; baseline 0.001 -19"><span class='ocrx_word' id='word_1_6' title='bbox 468 400 677 454; x_wconf 82' lang='lat' dir='ltr'><strong>binario</strong></span> <span class='ocrx_word' id='word_1_7' title='bbox 718 409 890 454; x_wconf 83' lang='lat' dir='ltr'><strong>autem</strong></span> <span class='ocrx_word' id='word_1_8' title='bbox 922 410 1171 472; x_wconf 79' lang='lat' dir='ltr'><strong>snperato</strong></span> <span class='ocrx_word' id='word_1_9' title='bbox 1207 411 1422 473; x_wconf 78' lang='lat' dir='ltr'><strong>propter</strong></span> <span class='ocrx_word' id='word_1_10' title='bbox 1466 407 1746 459; x_wconf 76' lang='lat' dir='ltr'><strong>materiam</strong></span> <span class='ocrx_word' id='word_1_11' title='bbox 1775 416 1823 458; x_wconf 78' lang='lat' dir='ltr'><strong>et</strong></span> <span class='ocrx_word' id='word_1_12' title='bbox 1863 403 1973 473; x_wconf 72' lang='lat' dir='ltr'><strong>for-</strong></span> 
     </span>
    </p>
   </div>
   <div class='ocr_carea' id='block_1_5' title="bbox 2087 398 3677 473">
    <p class='ocr_par' dir='ltr' id='par_1_5' title="bbox 2142 398 3677 469">
     <span class='ocr_line' id='line_1_5' title="bbox 2142 398 3677 469; baseline 0.001 -17"><span class='ocrx_word' id='word_1_13' title='bbox 2142 401 2467 469; x_wconf 75' lang='grc' dir='ltr'>Εἱρηνικοῦ</span> <span class='ocrx_word' id='word_1_14' title='bbox 2497 402 2587 466; x_wconf 84' lang='grc' dir='ltr'><strong>είς</strong></span> <span class='ocrx_word' id='word_1_15' title='bbox 2620 399 2688 453; x_wconf 74' lang='grc' dir='ltr'>τό</span> <span class='ocrx_word' id='word_1_16' title='bbox 2714 416 2725 428; x_wconf 91' lang='grc'><strong>·</strong></span> <span class='ocrx_word' id='word_1_17' title='bbox 2767 416 2786 450; x_wconf 75' lang='grc' dir='ltr'>ι</span> <span class='ocrx_word' id='word_1_18' title='bbox 2816 398 3089 465; x_wconf 55' lang='lat' dir='ltr'><strong>Murcido;</strong></span> <span class='ocrx_word' id='word_1_19' title='bbox 3118 399 3234 468; x_wconf 81' lang='grc' dir='ltr'><strong>μὲν</strong></span> <span class='ocrx_word' id='word_1_20' title='bbox 3266 401 3641 469; x_wconf 74' lang='grc' dir='ltr'><strong>κινηθείσης</strong></span> <span class='ocrx_word' id='word_1_21' title='bbox 3661 442 3677 466; x_wconf 92' lang='grc'><strong>,</strong></span> 
     </span>
    </p>
   </div>
   <div class='ocr_carea' id='block_1_6' title="bbox 465 495 1972 567">
    <p class='ocr_par' dir='ltr' id='par_1_6' title="bbox 465 495 1972 567">
     <span class='ocr_line' id='line_1_6' title="bbox 465 495 1972 567; baseline 0.001 -18"><span class='ocrx_word' id='word_1_22' title='bbox 465 511 633 557; x_wconf 89' lang='lat' dir='ltr'><strong>mam,</strong></span> <span class='ocrx_word' id='word_1_23' title='bbox 669 510 735 547; x_wconf 79' lang='lat' dir='ltr'><strong>ea:</strong></span> <span class='ocrx_word' id='word_1_24' title='bbox 762 495 945 563; x_wconf 75' lang='lat' dir='ltr'><strong>quibus</strong></span> <span class='ocrx_word' id='word_1_25' title='bbox 992 510 1217 567; x_wconf 85' lang='lat' dir='ltr'><strong>corpora</strong></span> <span class='ocrx_word' id='word_1_26' title='bbox 1263 507 1531 561; x_wconf 78' lang='lat' dir='ltr'><strong>constant,</strong></span> <span class='ocrx_word' id='word_1_27' title='bbox 1564 497 1822 551; x_wconf 82' lang='lat' dir='ltr'><strong>Trinitate</strong></span> <span class='ocrx_word' id='word_1_28' title='bbox 1854 514 1972 551; x_wconf 80' lang='lat' dir='ltr'><strong>vero</strong></span> 
     </span>
    </p>
   </div>
   <div class='ocr_carea' id='block_1_7' title="bbox 467 586 1402 659">
    <p class='ocr_par' dir='ltr' id='par_1_7' title="bbox 467 586 1402 659">
     <span class='ocr_line' id='line_1_7' title="bbox 467 586 1402 659; baseline -0.003 -18"><span class='ocrx_word' id='word_1_29' title='bbox 467 596 683 659; x_wconf 85' lang='lat' dir='ltr'><strong>propter</strong></span> <span class='ocrx_word' id='word_1_30' title='bbox 720 586 1085 657; x_wconf 80' lang='lat' dir='ltr'><strong>perfectionem</strong></span> <span class='ocrx_word' id='word_1_31' title='bbox 1112 586 1349 656; x_wconf 83' lang='lat' dir='ltr'><strong>deﬁnita.</strong></span> <span class='ocrx_word' id='word_1_32' title='bbox 1385 606 1402 638; x_wconf 75' lang='grc' dir='ltr'>ι</span> 
     </span>
    </p>
   </div>
   <div class='ocr_carea' id='block_1_8' title="bbox 469 893 1974 965">
    <p class='ocr_par' dir='ltr' id='par_1_8' title="bbox 469 893 1974 965">
     <span class='ocr_line' id='line_1_8' title="bbox 469 893 1974 965; baseline -0.002 -16"><span class='ocrx_word' id='word_1_33' title='bbox 469 894 567 949; x_wconf 86' lang='lat' dir='ltr'><strong>His</strong></span> <span class='ocrx_word' id='word_1_34' title='bbox 597 894 655 948; x_wconf 89' lang='lat' dir='ltr'><strong>in</strong></span> <span class='ocrx_word' id='word_1_35' title='bbox 685 893 889 958; x_wconf 82' lang='lat' dir='ltr'><strong>verbis,</strong></span> <span class='ocrx_word' id='word_1_36' title='bbox 925 909 959 948; x_wconf 95' lang='lat' dir='ltr'><strong>o</strong></span> <span class='ocrx_word' id='word_1_37' title='bbox 986 894 1084 949; x_wconf 86' lang='lat' dir='ltr'><strong>Dei</strong></span> <span class='ocrx_word' id='word_1_38' title='bbox 1112 909 1290 961; x_wconf 88' lang='lat' dir='ltr'><strong>serve,</strong></span> <span class='ocrx_word' id='word_1_39' title='bbox 1318 894 1627 965; x_wconf 78' lang='lat' dir='ltr'><strong>speculanti</strong></span> <span class='ocrx_word' id='word_1_40' title='bbox 1675 893 1776 948; x_wconf 87' lang='lat' dir='ltr'><strong>tibi</strong></span> <span class='ocrx_word' id='word_1_41' title='bbox 1802 908 1974 963; x_wconf 89' lang='lat' dir='ltr'><strong>appa-</strong></span> 
     </span>
    </p>
   </div>
   <div class='ocr_carea' id='block_1_9' title="bbox 397 972 1977 1056">
    <p class='ocr_par' dir='ltr' id='par_1_9' title="bbox 397 972 1977 1056">
     <span class='ocr_line' id='line_1_9' title="bbox 397 972 1977 1056; baseline -0.003 -15"><span class='ocrx_word' id='word_1_42' title='bbox 397 996 484 1041; x_wconf 87' lang='lat' dir='ltr'><strong>ret</strong></span> <span class='ocrx_word' id='word_1_43' title='bbox 507 985 759 1056; x_wconf 87' lang='lat' dir='ltr'><strong>quadam</strong></span> <span class='ocrx_word' id='word_1_44' title='bbox 810 972 932 1041; x_wconf 81' lang='lat' dir='ltr'><strong>esse</strong></span> <span class='ocrx_word' id='word_1_45' title='bbox 969 985 1311 1041; x_wconf 74' lang='lat' dir='ltr'><strong>dissonantia</strong></span> <span class='ocrx_word' id='word_1_46' title='bbox 1343 1006 1356 1041; x_wconf 89' lang='lat'>:</span> <span class='ocrx_word' id='word_1_47' title='bbox 1394 986 1441 1042; x_wconf 88' lang='lat' dir='ltr'><strong>si</strong></span> <span class='ocrx_word' id='word_1_48' title='bbox 1478 1002 1613 1042; x_wconf 90' lang='lat' dir='ltr'><strong>vero</strong></span> <span class='ocrx_word' id='word_1_49' title='bbox 1655 985 1977 1056; x_wconf 81' lang='lat' dir='ltr'><strong>diligentius</strong></span> 
     </span>
    </p>
   </div>
   <div class='ocr_carea' id='block_1_10' title="bbox 397 1074 1978 1147">
    <p class='ocr_par' dir='ltr' id='par_1_10' title="bbox 397 1074 1978 1147">
     <span class='ocr_line' id='line_1_10' title="bbox 397 1074 1978 1147; baseline -0.002 -15"><span class='ocrx_word' id='word_1_50' title='bbox 397 1077 721 1147; x_wconf 69' lang='lat' dir='ltr'><strong>quaesiveris</strong></span> <span class='ocrx_word' id='word_1_51' title='bbox 744 1092 936 1132; x_wconf 91' lang='lat' dir='ltr'><strong>eorum</strong></span> <span class='ocrx_word' id='word_1_52' title='bbox 963 1077 1401 1144; x_wconf 75' lang='lat' dir='ltr'><strong>consonantiam,</strong></span> <span class='ocrx_word' id='word_1_53' title='bbox 1435 1086 1493 1132; x_wconf 91' lang='lat' dir='ltr'><strong>et</strong></span> <span class='ocrx_word' id='word_1_54' title='bbox 1516 1092 1648 1132; x_wconf 88' lang='lat' dir='ltr'><strong>vera</strong></span> <span class='ocrx_word' id='word_1_55' title='bbox 1677 1088 1732 1132; x_wconf 88' lang='lat' dir='ltr'><strong>et</strong></span> <span class='ocrx_word' id='word_1_56' title='bbox 1766 1074 1978 1144; x_wconf 89' lang='lat' dir='ltr'><strong>simpli-</strong></span> 
     </span>
    </p>
   </div>
   <div class='ocr_carea' id='block_1_11' title="bbox 395 1167 1973 1239">
    <p class='ocr_par' dir='ltr' id='par_1_11' title="bbox 395 1167 1973 1239">
     <span class='ocr_line' id='line_1_11' title="bbox 395 1167 1973 1239; baseline -0.001 -18"><span class='ocrx_word' id='word_1_57' title='bbox 395 1168 625 1223; x_wconf 75' lang='lat' dir='ltr'><strong>cissima</strong></span> <span class='ocrx_word' id='word_1_58' title='bbox 649 1168 959 1223; x_wconf 89' lang='lat' dir='ltr'><strong>secundum</strong></span> <span class='ocrx_word' id='word_1_59' title='bbox 999 1169 1339 1224; x_wconf 82' lang='lat' dir='ltr'><strong>sententiam</strong></span> <span class='ocrx_word' id='word_1_60' title='bbox 1383 1167 1790 1239; x_wconf 87' lang='lat' dir='ltr'><strong>deprehendes.</strong></span> <span class='ocrx_word' id='word_1_61' title='bbox 1823 1167 1973 1222; x_wconf 86' lang='lat' dir='ltr'><strong>Idem</strong></span> 
     </span>
    </p>
   </div>
   <div class='ocr_carea' id='block_1_12' title="bbox 396 1257 1976 1330">
    <p class='ocr_par' dir='ltr' id='par_1_12' title="bbox 396 1257 1976 1330">
     <span class='ocr_line' id='line_1_12' title="bbox 396 1257 1976 1330; baseline 0 -19"><span class='ocrx_word' id='word_1_62' title='bbox 396 1259 548 1314; x_wconf 76' lang='lat' dir='ltr'><strong>enim</strong></span> <span class='ocrx_word' id='word_1_63' title='bbox 573 1274 801 1329; x_wconf 82' lang='lat' dir='ltr'><strong>prorsus</strong></span> <span class='ocrx_word' id='word_1_64' title='bbox 827 1268 913 1314; x_wconf 88' lang='lat' dir='ltr'><strong>est</strong></span> <span class='ocrx_word' id='word_1_65' title='bbox 956 1259 1210 1330; x_wconf 85' lang='lat' dir='ltr'><strong>superari</strong></span> <span class='ocrx_word' id='word_1_66' title='bbox 1264 1258 1443 1329; x_wconf 81' lang='lat' dir='ltr'><strong>dyada</strong></span> <span class='ocrx_word' id='word_1_67' title='bbox 1464 1267 1521 1315; x_wconf 88' lang='lat' dir='ltr'><strong>et</strong></span> <span class='ocrx_word' id='word_1_68' title='bbox 1567 1275 1678 1314; x_wconf 91' lang='lat' dir='ltr'><strong>non</strong></span> <span class='ocrx_word' id='word_1_69' title='bbox 1722 1267 1869 1313; x_wconf 87' lang='lat' dir='ltr'><strong>stare</strong></span> <span class='ocrx_word' id='word_1_70' title='bbox 1918 1257 1976 1311; x_wconf 90' lang='lat' dir='ltr'><strong>in</strong></span> 
     </span>
    </p>
   </div>
   <div class='ocr_carea' id='block_1_13' title="bbox 388 1349 1977 1421">
    <p class='ocr_par' dir='ltr' id='par_1_13' title="bbox 388 1349 1977 1421">
     <span class='ocr_line' id='line_1_13' title="bbox 388 1349 1977 1421; baseline 0 -17"><span class='ocrx_word' id='word_1_71' title='bbox 388 1349 596 1421; x_wconf 85' lang='lat' dir='ltr'><strong>dyade,</strong></span> <span class='ocrx_word' id='word_1_72' title='bbox 635 1358 693 1405; x_wconf 91' lang='lat' dir='ltr'><strong>et</strong></span> <span class='ocrx_word' id='word_1_73' title='bbox 716 1365 910 1405; x_wconf 85' lang='lat' dir='ltr'><strong>rursus</strong></span> <span class='ocrx_word' id='word_1_74' title='bbox 932 1350 1154 1405; x_wconf 88' lang='lat' dir='ltr'><strong>deliniri</strong></span> <span class='ocrx_word' id='word_1_75' title='bbox 1194 1350 1395 1414; x_wconf 82' lang='lat' dir='ltr'><strong>triada,</strong></span> <span class='ocrx_word' id='word_1_76' title='bbox 1433 1360 1491 1406; x_wconf 90' lang='lat' dir='ltr'><strong>et</strong></span> <span class='ocrx_word' id='word_1_77' title='bbox 1525 1360 1735 1405; x_wconf 90' lang='lat' dir='ltr'><strong>motum</strong></span> <span class='ocrx_word' id='word_1_78' title='bbox 1785 1364 1977 1405; x_wconf 89' lang='lat' dir='ltr'><strong>mona-</strong></span> 
     </span>
    </p>
   </div>
   <div class='ocr_carea' id='block_1_14' title="bbox 395 1441 1977 1512">
    <p class='ocr_par' dir='ltr' id='par_1_14' title="bbox 395 1441 1977 1512">
     <span class='ocr_line' id='line_1_14' title="bbox 395 1441 1977 1512; baseline 0 -17"><span class='ocrx_word' id='word_1_79' title='bbox 395 1443 485 1495; x_wconf 85' lang='lat' dir='ltr'><strong>dis</strong></span> <span class='ocrx_word' id='word_1_80' title='bbox 509 1453 654 1497; x_wconf 88' lang='lat' dir='ltr'><strong>stare</strong></span> <span class='ocrx_word' id='word_1_81' title='bbox 678 1441 733 1496; x_wconf 91' lang='lat' dir='ltr'><strong>in</strong></span> <span class='ocrx_word' id='word_1_82' title='bbox 783 1442 982 1508; x_wconf 89' lang='lat' dir='ltr'><strong>lriade,</strong></span> <span class='ocrx_word' id='word_1_83' title='bbox 1015 1442 1288 1512; x_wconf 88' lang='lat' dir='ltr'><strong>siquidem</strong></span> <span class='ocrx_word' id='word_1_84' title='bbox 1317 1443 1697 1498; x_wconf 89' lang='lat' dir='ltr'><strong>monarchiam</strong></span> <span class='ocrx_word' id='word_1_85' title='bbox 1740 1443 1977 1497; x_wconf 87' lang='lat' dir='ltr'><strong>colimus</strong></span> 
     </span>
    </p>
   </div>
   <div class='ocr_carea' id='block_1_15' title="bbox 388 1531 1976 1603">
    <p class='ocr_par' dir='ltr' id='par_1_15' title="bbox 388 1531 1976 1603">
     <span class='ocr_line' id='line_1_15' title="bbox 388 1531 1976 1603; baseline 0 -18"><span class='ocrx_word' id='word_1_86' title='bbox 388 1549 506 1587; x_wconf 76' lang='lat' dir='ltr'><strong>non</strong></span> <span class='ocrx_word' id='word_1_87' title='bbox 534 1548 756 1602; x_wconf 89' lang='lat' dir='ltr'><strong>parcam</strong></span> <span class='ocrx_word' id='word_1_88' title='bbox 782 1539 838 1586; x_wconf 88' lang='lat' dir='ltr'><strong>et</strong></span> <span class='ocrx_word' id='word_1_89' title='bbox 866 1531 922 1585; x_wconf 92' lang='lat' dir='ltr'><strong>in</strong></span> <span class='ocrx_word' id='word_1_90' title='bbox 961 1549 1069 1586; x_wconf 88' lang='lat' dir='ltr'><strong>una</strong></span> <span class='ocrx_word' id='word_1_91' title='bbox 1093 1548 1331 1602; x_wconf 85' lang='lat' dir='ltr'><strong>persona</strong></span> <span class='ocrx_word' id='word_1_92' title='bbox 1352 1533 1854 1603; x_wconf 72' lang='lat' dir='ltr'><strong>circumscriptam,</strong></span> <span class='ocrx_word' id='word_1_93' title='bbox 1878 1540 1976 1586; x_wconf 89' lang='lat' dir='ltr'><strong>aut</strong></span> 
     </span>
    </p>
   </div>
   <div class='ocr_carea' id='block_1_16' title="bbox 388 1623 1973 1693">
    <p class='ocr_par' dir='ltr' id='par_1_16' title="bbox 388 1623 1973 1693">
     <span class='ocr_line' id='line_1_16' title="bbox 388 1623 1973 1693; baseline 0 -16"><span class='ocrx_word' id='word_1_94' title='bbox 388 1624 503 1678; x_wconf 77' lang='lat' dir='ltr'><strong>alia</strong></span> <span class='ocrx_word' id='word_1_95' title='bbox 533 1639 601 1678; x_wconf 76' lang='lat' dir='ltr'><strong>ex</strong></span> <span class='ocrx_word' id='word_1_96' title='bbox 630 1630 787 1692; x_wconf 88' lang='lat' dir='ltr'><strong>parte</strong></span> <span class='ocrx_word' id='word_1_97' title='bbox 824 1623 1108 1677; x_wconf 82' lang='lat' dir='ltr'><strong>confusam</strong></span> <span class='ocrx_word' id='word_1_98' title='bbox 1145 1633 1203 1678; x_wconf 89' lang='lat' dir='ltr'><strong>et</strong></span> <span class='ocrx_word' id='word_1_99' title='bbox 1226 1624 1281 1678; x_wconf 91' lang='lat' dir='ltr'><strong>in</strong></span> <span class='ocrx_word' id='word_1_100' title='bbox 1314 1624 1598 1679; x_wconf 83' lang='lat' dir='ltr'><strong>inﬁnitum</strong></span> <span class='ocrx_word' id='word_1_101' title='bbox 1636 1639 1973 1693; x_wconf 85' lang='lat' dir='ltr'><strong>procurren-</strong></span> 
     </span>
    </p>
   </div>
   <div class='ocr_carea' id='block_1_17' title="bbox 2149 490 3677 560">
    <p class='ocr_par' dir='ltr' id='par_1_17' title="bbox 2149 490 3677 560">
     <span class='ocr_line' id='line_1_17' title="bbox 2149 490 3677 560; baseline -0.001 -13"><span class='ocrx_word' id='word_1_102' title='bbox 2149 494 2247 547; x_wconf 83' lang='grc' dir='ltr'><strong>διὰ</strong></span> <span class='ocrx_word' id='word_1_103' title='bbox 2292 494 2355 547; x_wconf 88' lang='grc' dir='ltr'>τὸ</span> <span class='ocrx_word' id='word_1_104' title='bbox 2379 494 2422 524; x_wconf 77' lang='grc' dir='ltr'>’ί</span> <span class='ocrx_word' id='word_1_105' title='bbox 2455 494 2783 557; x_wconf 75' lang='grc' dir='ltr'>πλούσιον,</span> <span class='ocrx_word' id='word_1_106' title='bbox 2814 490 3038 558; x_wconf 81' lang='grc' dir='ltr'><strong>δυάδος</strong></span> <span class='ocrx_word' id='word_1_107' title='bbox 3076 490 3145 543; x_wconf 85' lang='grc' dir='ltr'>δὲ</span> <span class='ocrx_word' id='word_1_108' title='bbox 3192 493 3677 560; x_wconf 75' lang='grc' dir='ltr'>ὑπερϐαθείσης·</span> 
     </span>
    </p>
   </div>
   <div class='ocr_carea' id='block_1_18' title="bbox 2146 576 3682 653">
    <p class='ocr_par' dir='ltr' id='par_1_18' title="bbox 2146 576 3682 653">
     <span class='ocr_line' id='line_1_18' title="bbox 2146 576 3682 653; baseline -0.002 -13"><span class='ocrx_word' id='word_1_109' title='bbox 2146 584 2304 653; x_wconf 74' lang='grc' dir='ltr'>ὑπὲρ</span> <span class='ocrx_word' id='word_1_110' title='bbox 2352 585 2460 653; x_wconf 71' lang='grc' dir='ltr'>γὰρ</span> <span class='ocrx_word' id='word_1_111' title='bbox 2496 583 2612 651; x_wconf 77' lang='grc' dir='ltr'><strong>τὴν</strong></span> <span class='ocrx_word' id='word_1_112' title='bbox 2656 583 2818 651; x_wconf 72' lang='grc' dir='ltr'><strong>ὕλην</strong></span> <span class='ocrx_word' id='word_1_113' title='bbox 2849 582 2947 635; x_wconf 77' lang='grc' dir='ltr'>καὶ</span> <span class='ocrx_word' id='word_1_114' title='bbox 2993 583 3059 635; x_wconf 84' lang='grc' dir='ltr'>τὸ</span> <span class='ocrx_word' id='word_1_115' title='bbox 3104 580 3292 649; x_wconf 81' lang='grc' dir='ltr'>εἶδος,</span> <span class='ocrx_word' id='word_1_116' title='bbox 3345 583 3421 647; x_wconf 78' lang='grc' dir='ltr'><strong>ἐξ</strong></span> <span class='ocrx_word' id='word_1_117' title='bbox 3467 576 3562 637; x_wconf 83' lang='grc' dir='ltr'><strong>ὧν</strong></span> <span class='ocrx_word' id='word_1_118' title='bbox 3610 586 3682 637; x_wconf 79' lang='grc' dir='ltr'>τὰ</span> 
     </span>
    </p>
   </div>
   <div class='ocr_carea' id='block_1_19' title="bbox 2150 674 3681 745">
    <p class='ocr_par' dir='ltr' id='par_1_19' title="bbox 2150 674 3681 745">
     <span class='ocr_line' id='line_1_19' title="bbox 2150 674 3681 745; baseline -0.001 -15"><span class='ocrx_word' id='word_1_119' title='bbox 2150 677 2430 745; x_wconf 80' lang='grc' dir='ltr'>σώματα,</span> <span class='ocrx_word' id='word_1_120' title='bbox 2478 675 2721 745; x_wconf 80' lang='grc' dir='ltr'>Τριάόος</span> <span class='ocrx_word' id='word_1_121' title='bbox 2772 674 2840 728; x_wconf 74' lang='grc' dir='ltr'>δὲ</span> <span class='ocrx_word' id='word_1_122' title='bbox 2889 675 3269 744; x_wconf 78' lang='grc' dir='ltr'>ὁρισθείσης,</span> <span class='ocrx_word' id='word_1_123' title='bbox 3309 674 3419 729; x_wconf 85' lang='grc' dir='ltr'>διὰ</span> <span class='ocrx_word' id='word_1_124' title='bbox 3464 675 3535 728; x_wconf 81' lang='grc' dir='ltr'>τὸ</span> <span class='ocrx_word' id='word_1_125' title='bbox 3587 675 3681 729; x_wconf 84' lang='grc' dir='ltr'><strong>τέ-</strong></span> 
     </span>
    </p>
   </div>
   <div class='ocr_carea' id='block_1_20' title="bbox 2148 767 2506 838">
    <p class='ocr_par' dir='ltr' id='par_1_20' title="bbox 2148 767 2506 838">
     <span class='ocr_line' id='line_1_20' title="bbox 2148 767 2506 838; baseline -0.003 -18"><span class='ocrx_word' id='word_1_126' title='bbox 2148 770 2318 821; x_wconf 76' lang='grc' dir='ltr'>λειον</span> <span class='ocrx_word' id='word_1_127' title='bbox 2351 767 2450 838; x_wconf 80' lang='grc' dir='ltr'>(ι).</span> <span class='ocrx_word' id='word_1_128' title='bbox 2487 786 2506 818; x_wconf 75' lang='grc' dir='ltr'><strong>ι</strong></span> 
     </span>
    </p>
   </div>
   <div class='ocr_carea' id='block_1_21' title="bbox 2150 872 3684 950">
    <p class='ocr_par' dir='ltr' id='par_1_21' title="bbox 2150 872 3684 950">
     <span class='ocr_line' id='line_1_21' title="bbox 2150 872 3684 950; baseline -0.005 -16"><span class='ocrx_word' id='word_1_129' title='bbox 2150 879 2215 935; x_wconf 84' lang='grc' dir='ltr'><strong>Εἰ</strong></span> <span class='ocrx_word' id='word_1_130' title='bbox 2266 878 2365 950; x_wconf 84' lang='grc' dir='ltr'>μὲν</span> <span class='ocrx_word' id='word_1_131' title='bbox 2425 877 2524 948; x_wconf 81' lang='grc' dir='ltr'>τὴν</span> <span class='ocrx_word' id='word_1_132' title='bbox 2580 876 2846 931; x_wconf 80' lang='grc' dir='ltr'><strong>δοκοῦσαν</strong></span> <span class='ocrx_word' id='word_1_133' title='bbox 2899 872 3039 929; x_wconf 75' lang='grc' dir='ltr'>εἶναι</span> <span class='ocrx_word' id='word_1_134' title='bbox 3098 875 3450 944; x_wconf 76' lang='grc' dir='ltr'><strong>διαφωνίαν,</strong></span> <span class='ocrx_word' id='word_1_135' title='bbox 3522 872 3684 926; x_wconf 87' lang='grc' dir='ltr'>δοῦλε</span> 
     </span>
    </p>
   </div>
   <div class='ocr_carea' id='block_1_22' title="bbox 2076 966 3683 1041">
    <p class='ocr_par' dir='ltr' id='par_1_22' title="bbox 2076 966 3683 1041">
     <span class='ocr_line' id='line_1_22' title="bbox 2076 966 3683 1041; baseline -0.004 -17"><span class='ocrx_word' id='word_1_136' title='bbox 2076 968 2245 1041; x_wconf 73' lang='grc' dir='ltr'>Θεοῦ,</span> <span class='ocrx_word' id='word_1_137' title='bbox 2276 968 2553 1040; x_wconf 80' lang='grc' dir='ltr'>σκοπήσας</span> <span class='ocrx_word' id='word_1_138' title='bbox 2572 969 2619 1000; x_wconf 84' lang='grc'><strong><em>²²</em></strong></span> <span class='ocrx_word' id='word_1_139' title='bbox 2645 969 2744 1040; x_wconf 82' lang='grc' dir='ltr'>τὴν</span> <span class='ocrx_word' id='word_1_140' title='bbox 2780 968 2956 1038; x_wconf 79' lang='grc' dir='ltr'>ἀληθῆ</span> <span class='ocrx_word' id='word_1_141' title='bbox 2988 968 3315 1037; x_wconf 78' lang='grc' dir='ltr'><strong>συμφωνίαν</strong></span> <span class='ocrx_word' id='word_1_142' title='bbox 3345 966 3683 1037; x_wconf 81' lang='grc' dir='ltr'>ὴπόρησας,</span> 
     </span>
    </p>
   </div>
   <div class='ocr_carea' id='block_1_23' title="bbox 2075 1056 3687 1127">
    <p class='ocr_par' dir='ltr' id='par_1_23' title="bbox 2075 1056 3687 1127">
     <span class='ocr_line' id='line_1_23' title="bbox 2075 1056 3687 1127; baseline -0.006 -9"><span class='ocrx_word' id='word_1_143' title='bbox 2075 1064 2177 1118; x_wconf 82' lang='grc' dir='ltr'>οὐκ</span> <span class='ocrx_word' id='word_1_144' title='bbox 2204 1062 2320 1115; x_wconf 78' lang='grc' dir='ltr'>ἐστι</span> <span class='ocrx_word' id='word_1_145' title='bbox 2339 1061 2385 1093; x_wconf 82' lang='grc'><strong>⁸³</strong></span> <span class='ocrx_word' id='word_1_146' title='bbox 2413 1061 2535 1115; x_wconf 87' lang='grc' dir='ltr'>κατ’</span> <span class='ocrx_word' id='word_1_147' title='bbox 2566 1059 2775 1115; x_wconf 77' lang='grc' dir='ltr'>ἔννοιαν</span> <span class='ocrx_word' id='word_1_148' title='bbox 2803 1056 3010 1113; x_wconf 81' lang='grc' dir='ltr'>τούτων</span> <span class='ocrx_word' id='word_1_149' title='bbox 3041 1058 3150 1112; x_wconf 90' lang='grc' dir='ltr'><strong>τῶν</strong></span> <span class='ocrx_word' id='word_1_150' title='bbox 3175 1057 3382 1127; x_wconf 82' lang='grc' dir='ltr'>φωνῶν</span> <span class='ocrx_word' id='word_1_151' title='bbox 3418 1057 3687 1110; x_wconf 75' lang='grc' dir='ltr'>ἑνικωτέ-</span> 
     </span>
    </p>
   </div>
   <div class='ocr_carea' id='block_1_24' title="bbox 2078 1147 3687 1226">
    <p class='ocr_par' dir='ltr' id='par_1_24' title="bbox 2078 1147 3687 1226">
     <span class='ocr_line' id='line_1_24' title="bbox 2078 1147 3687 1226; baseline -0.003 -18"><span class='ocrx_word' id='word_1_152' title='bbox 2078 1172 2179 1226; x_wconf 94' lang='grc' dir='ltr'><strong>ραν</strong></span> <span class='ocrx_word' id='word_1_153' title='bbox 2197 1154 2243 1184; x_wconf 72' lang='grc' dir='ltr'><strong>’δ</strong></span> <span class='ocrx_word' id='word_1_154' title='bbox 2275 1154 2476 1224; x_wconf 85' lang='grc' dir='ltr'>εὑρεῖν.</span> <span class='ocrx_word' id='word_1_155' title='bbox 2515 1151 2723 1206; x_wconf 82' lang='grc' dir='ltr'>Ταυτὺν</span> <span class='ocrx_word' id='word_1_156' title='bbox 2753 1150 2863 1223; x_wconf 89' lang='grc' dir='ltr'><strong>γάρ</strong></span> <span class='ocrx_word' id='word_1_157' title='bbox 2895 1152 3043 1205; x_wconf 82' lang='grc' dir='ltr'>ἐστιν</span> <span class='ocrx_word' id='word_1_158' title='bbox 3082 1149 3483 1220; x_wconf 78' lang='grc' dir='ltr'>ὑπερὸαθῆναι</span> <span class='ocrx_word' id='word_1_159' title='bbox 3514 1147 3687 1203; x_wconf 87' lang='grc' dir='ltr'>δυάδα</span> 
     </span>
    </p>
   </div>
   <div class='ocr_carea' id='block_1_25' title="bbox 2075 1238 3686 1313">
    <p class='ocr_par' dir='ltr' id='par_1_25' title="bbox 2075 1238 3686 1313">
     <span class='ocr_line' id='line_1_25' title="bbox 2075 1238 3686 1313; baseline -0.004 -16"><span class='ocrx_word' id='word_1_160' title='bbox 2075 1244 2173 1298; x_wconf 77' lang='grc' dir='ltr'>καὶ</span> <span class='ocrx_word' id='word_1_161' title='bbox 2208 1244 2284 1313; x_wconf 86' lang='grc' dir='ltr'>μὴ</span> <span class='ocrx_word' id='word_1_162' title='bbox 2332 1243 2524 1313; x_wconf 81' lang='grc' dir='ltr'>στῆναι</span> <span class='ocrx_word' id='word_1_163' title='bbox 2556 1242 2721 1313; x_wconf 82' lang='grc' dir='ltr'>μέχρι</span> <span class='ocrx_word' id='word_1_164' title='bbox 2765 1240 2987 1304; x_wconf 86' lang='grc' dir='ltr'>δυάδος,</span> <span class='ocrx_word' id='word_1_165' title='bbox 3030 1240 3127 1294; x_wconf 59' lang='grc' dir='ltr'><strong>καλ⁸</strong></span> <span class='ocrx_word' id='word_1_166' title='bbox 3162 1239 3331 1295; x_wconf 83' lang='grc' dir='ltr'>πάλιν</span> <span class='ocrx_word' id='word_1_167' title='bbox 3380 1238 3686 1310; x_wconf 80' lang='grc' dir='ltr'>ὁρισθῆναι</span> 
     </span>
    </p>
   </div>
   <div class='ocr_carea' id='block_1_26' title="bbox 2076 1316 3686 1405">
    <p class='ocr_par' dir='ltr' id='par_1_26' title="bbox 2076 1316 3686 1405">
     <span class='ocr_line' id='line_1_26' title="bbox 2076 1316 3686 1405; baseline -0.001 -18"><span class='ocrx_word' id='word_1_168' title='bbox 2076 1335 2282 1405; x_wconf 87' lang='grc' dir='ltr'>Τριάδα</span> <span class='ocrx_word' id='word_1_169' title='bbox 2311 1334 2405 1389; x_wconf 79' lang='grc' dir='ltr'>καὶ</span> <span class='ocrx_word' id='word_1_170' title='bbox 2437 1334 2601 1405; x_wconf 83' lang='grc' dir='ltr'>μέχρι</span> <span class='ocrx_word' id='word_1_171' title='bbox 2644 1332 2872 1403; x_wconf 90' lang='grc' dir='ltr'>Τριάδος</span> <span class='ocrx_word' id='word_1_172' title='bbox 2914 1332 3105 1402; x_wconf 83' lang='grc' dir='ltr'>στῆναι</span> <span class='ocrx_word' id='word_1_173' title='bbox 3152 1331 3253 1401; x_wconf 78' lang='grc' dir='ltr'>τῆς</span> <span class='ocrx_word' id='word_1_174' title='bbox 3303 1330 3553 1401; x_wconf 83' lang='grc' dir='ltr'>μονάδος</span> <span class='ocrx_word' id='word_1_175' title='bbox 3582 1316 3686 1401; x_wconf 68' lang='grc' dir='ltr'>τήν</span> 
     </span>
    </p>
   </div>
   <div class='ocr_carea' id='block_1_27' title="bbox 2076 1422 3687 1496">
    <p class='ocr_par' dir='ltr' id='par_1_27' title="bbox 2076 1422 3687 1496">
     <span class='ocr_line' id='line_1_27' title="bbox 2076 1422 3687 1496; baseline -0.002 -18"><span class='ocrx_word' id='word_1_176' title='bbox 2076 1424 2330 1496; x_wconf 89' lang='grc' dir='ltr'>κίνησιν,</span> <span class='ocrx_word' id='word_1_177' title='bbox 2391 1426 2551 1495; x_wconf 77' lang='grc' dir='ltr'>εἴπερ</span> <span class='ocrx_word' id='word_1_178' title='bbox 2612 1422 2917 1494; x_wconf 71' lang='grc' dir='ltr'>μοναρχίαν</span> <span class='ocrx_word' id='word_1_179' title='bbox 2948 1423 2994 1455; x_wconf 73' lang='grc'><strong>’⁸</strong></span> <span class='ocrx_word' id='word_1_180' title='bbox 3049 1423 3444 1493; x_wconf 73' lang='grc' dir='ltr'>πρεσϐεύομεν</span> <span class='ocrx_word' id='word_1_181' title='bbox 3473 1422 3523 1454; x_wconf 77' lang='grc'><strong>³⁸</strong></span> <span class='ocrx_word' id='word_1_182' title='bbox 3582 1422 3687 1474; x_wconf 87' lang='grc' dir='ltr'><strong>οὑκ</strong></span> 
     </span>
    </p>
   </div>
   <div class='ocr_carea' id='block_1_28' title="bbox 2077 1512 3682 1586">
    <p class='ocr_par' dir='ltr' id='par_1_28' title="bbox 2077 1512 3682 1586">
     <span class='ocr_line' id='line_1_28' title="bbox 2077 1512 3682 1586; baseline -0.002 -17"><span class='ocrx_word' id='word_1_183' title='bbox 2077 1515 2421 1586; x_wconf 79' lang='grc' dir='ltr'><strong>ἀφιλότιμον,</strong></span> <span class='ocrx_word' id='word_1_184' title='bbox 2461 1514 2537 1580; x_wconf 83' lang='grc' dir='ltr'><strong>ὡς</strong></span> <span class='ocrx_word' id='word_1_185' title='bbox 2586 1515 2667 1567; x_wconf 78' lang='grc' dir='ltr'><strong>ἑνὶ</strong></span> <span class='ocrx_word' id='word_1_186' title='bbox 2709 1512 2989 1583; x_wconf 83' lang='grc' dir='ltr'>προσώπῳ</span> <span class='ocrx_word' id='word_1_187' title='bbox 3033 1514 3615 1585; x_wconf 80' lang='grc' dir='ltr'>περιγεγραμμένην,</span> <span class='ocrx_word' id='word_1_188' title='bbox 3648 1513 3682 1584; x_wconf 77' lang='grc' dir='ltr'>ἦ</span> 
     </span>
    </p>
   </div>
   <div class='ocr_carea' id='block_1_29' title="bbox 2077 1604 3685 1676">
    <p class='ocr_par' dir='ltr' id='par_1_29' title="bbox 2077 1604 3685 1676">
     <span class='ocr_line' id='line_1_29' title="bbox 2077 1604 3685 1676; baseline -0.001 -17"><span class='ocrx_word' id='word_1_189' title='bbox 2077 1608 2243 1661; x_wconf 89' lang='grc' dir='ltr'>πάλιν</span> <span class='ocrx_word' id='word_1_190' title='bbox 2273 1607 2530 1671; x_wconf 81' lang='grc' dir='ltr'><strong>ἄτακτον,</strong></span> <span class='ocrx_word' id='word_1_191' title='bbox 2576 1606 2652 1669; x_wconf 85' lang='grc' dir='ltr'>ὼς</span> <span class='ocrx_word' id='word_1_192' title='bbox 2683 1607 2764 1668; x_wconf 80' lang='grc' dir='ltr'><strong>είς</strong></span> <span class='ocrx_word' id='word_1_193' title='bbox 2804 1604 3032 1674; x_wconf 78' lang='grc' dir='ltr'>ἄπειρον</span> <span class='ocrx_word' id='word_1_194' title='bbox 3078 1604 3391 1675; x_wconf 83' lang='grc' dir='ltr'>χεομένην,</span> <span class='ocrx_word' id='word_1_195' title='bbox 3437 1605 3564 1658; x_wconf 80' lang='grc' dir='ltr'>ἀλλ’</span> <span class='ocrx_word' id='word_1_196' title='bbox 3616 1605 3685 1676; x_wconf 77' lang='grc' dir='ltr'>ἣν</span> 
     </span>
    </p>
   </div>
   <div class='ocr_carea' id='block_1_30' title="bbox 394 1695 1975 1785">
    <p class='ocr_par' dir='ltr' id='par_1_30' title="bbox 394 1713 1975 1785">
     <span class='ocr_line' id='line_1_30' title="bbox 394 1713 1975 1785; baseline 0.001 -18"><span class='ocrx_word' id='word_1_197' title='bbox 394 1723 528 1777; x_wconf 77' lang='lat' dir='ltr'><strong>tem,</strong></span> <span class='ocrx_word' id='word_1_198' title='bbox 552 1714 657 1768; x_wconf 84' lang='lat' dir='ltr'><strong>sed</strong></span> <span class='ocrx_word' id='word_1_199' title='bbox 686 1713 998 1769; x_wconf 87' lang='lat' dir='ltr'><strong>istiusmodi</strong></span> <span class='ocrx_word' id='word_1_200' title='bbox 1050 1716 1238 1785; x_wconf 88' lang='lat' dir='ltr'><strong>potius</strong></span> <span class='ocrx_word' id='word_1_201' title='bbox 1267 1731 1433 1785; x_wconf 89' lang='lat' dir='ltr'><strong>quam</strong></span> <span class='ocrx_word' id='word_1_202' title='bbox 1479 1715 1701 1770; x_wconf 84' lang='lat' dir='ltr'><strong>trinitas</strong></span> <span class='ocrx_word' id='word_1_203' title='bbox 1736 1715 1975 1770; x_wconf 85' lang='lat' dir='ltr'><strong>essentia</strong></span> 
     </span>
    </p>
   </div>
   <div class='ocr_carea' id='block_1_31' title="bbox 2087 1695 3684 1785">
    <p class='ocr_par' dir='ltr' id='par_1_31' title="bbox 2087 1695 3684 1769">
     <span class='ocr_line' id='line_1_31' title="bbox 2087 1695 3684 1769; baseline -0.004 -14"><span class='ocrx_word' id='word_1_204' title='bbox 2087 1697 2281 1769; x_wconf 77' lang='lat'><strong>[105</strong></span> <span class='ocrx_word' id='word_1_205' title='bbox 2314 1698 2380 1769; x_wconf 77' lang='grc' dir='ltr'><strong>ὸ)</strong></span> <span class='ocrx_word' id='word_1_206' title='bbox 2436 1697 2699 1769; x_wconf 79' lang='grc' dir='ltr'><strong>ὁμότιμος</strong></span> <span class='ocrx_word' id='word_1_207' title='bbox 2744 1696 2902 1765; x_wconf 80' lang='grc' dir='ltr'>φύσει</span> <span class='ocrx_word' id='word_1_208' title='bbox 2946 1696 3117 1766; x_wconf 84' lang='grc' dir='ltr'>Τριὰς</span> <span class='ocrx_word' id='word_1_209' title='bbox 3159 1696 3360 1768; x_wconf 74' lang='grc' dir='ltr'>Πατὴρ</span> <span class='ocrx_word' id='word_1_210' title='bbox 3402 1697 3504 1749; x_wconf 84' lang='grc' dir='ltr'>καὶ</span> <span class='ocrx_word' id='word_1_211' title='bbox 3561 1695 3684 1759; x_wconf 79' lang='grc' dir='ltr'>Υίὸς</span> 
     </span>
    </p>
   </div>
   <div class='ocr_carea' id='block_1_32' title="bbox 387 1773 1975 1877">
    <p class='ocr_par' dir='ltr' id='par_1_32' title="bbox 387 1773 1975 1877">
     <span class='ocr_line' id='line_1_32' title="bbox 387 1773 1975 1877; baseline -0.001 -16"><span class='ocrx_word' id='word_1_212' title='bbox 387 1817 451 1861; x_wconf 75' lang='lat' dir='ltr'><strong>ct</strong></span> <span class='ocrx_word' id='word_1_213' title='bbox 485 1806 696 1862; x_wconf 88' lang='lat' dir='ltr'><strong>honore</strong></span> <span class='ocrx_word' id='word_1_214' title='bbox 710 1807 959 1876; x_wconf 86' lang='lat' dir='ltr'><strong>aqualis,</strong></span> <span class='ocrx_word' id='word_1_215' title='bbox 985 1773 1166 1871; x_wconf 44' lang='lat' dir='ltr'><strong>Pa-ter,</strong></span> <span class='ocrx_word' id='word_1_216' title='bbox 1193 1773 1367 1862; x_wconf 77' lang='lat' dir='ltr'><strong>Filius</strong></span> <span class='ocrx_word' id='word_1_217' title='bbox 1398 1815 1455 1862; x_wconf 89' lang='lat' dir='ltr'><strong>et</strong></span> <span class='ocrx_word' id='word_1_218' title='bbox 1486 1806 1728 1877; x_wconf 84' lang='lat' dir='ltr'><strong>Spiritus</strong></span> <span class='ocrx_word' id='word_1_219' title='bbox 1753 1815 1975 1860; x_wconf 88' lang='lat' dir='ltr'><strong>sanctus</strong></span> 
     </span>
    </p>
   </div>
   <div class='ocr_carea' id='block_1_33' title="bbox 2087 1773 3685 1877">
    <p class='ocr_par' dir='ltr' id='par_1_33' title="bbox 2087 1786 3685 1861">
     <span class='ocr_line' id='line_1_33' title="bbox 2087 1786 3685 1861; baseline -0.001 -17"><span class='ocrx_word' id='word_1_220' title='bbox 2087 1794 2170 1844; x_wconf 70' lang='grc' dir='ltr'>καὶ</span> <span class='ocrx_word' id='word_1_221' title='bbox 2215 1791 2445 1861; x_wconf 85' lang='grc' dir='ltr'>Πνεῦμα</span> <span class='ocrx_word' id='word_1_222' title='bbox 2492 1791 2811 1861; x_wconf 81' lang='grc' dir='ltr'>συνίστησιν</span> <span class='ocrx_word' id='word_1_223' title='bbox 2841 1790 3024 1860; x_wconf 79' lang='grc' dir='ltr'>ἅγιον,</span> <span class='ocrx_word' id='word_1_224' title='bbox 3067 1786 3142 1845; x_wconf 84' lang='grc' dir='ltr'>ὧν</span> <span class='ocrx_word' id='word_1_225' title='bbox 3177 1786 3422 1853; x_wconf 75' lang='grc' dir='ltr'>πλοῦτος</span> <span class='ocrx_word' id='word_1_226' title='bbox 3460 1791 3497 1860; x_wconf 83' lang='grc' dir='ltr'>ὴ</span> <span class='ocrx_word' id='word_1_227' title='bbox 3541 1807 3685 1861; x_wconf 87' lang='grc' dir='ltr'>συμ-</span> 
     </span>
    </p>
   </div>
   <div class='ocr_carea' id='block_1_34' title="bbox 383 1896 1973 1961">
    <p class='ocr_par' dir='ltr' id='par_1_34' title="bbox 383 1896 1973 1961">
     <span class='ocr_line' id='line_1_34' title="bbox 383 1896 1973 1961; baseline -0.003 -8"><span class='ocrx_word' id='word_1_228' title='bbox 383 1897 705 1955; x_wconf 54' lang='lat' dir='ltr'><strong>constituit.</strong></span> <span class='ocrx_word' id='word_1_229' title='bbox 745 1897 953 1953; x_wconf 84' lang='lat' dir='ltr'><strong>Horum</strong></span> <span class='ocrx_word' id='word_1_230' title='bbox 991 1896 1203 1952; x_wconf 89' lang='lat' dir='ltr'><strong>divitia</strong></span> <span class='ocrx_word' id='word_1_231' title='bbox 1218 1907 1305 1952; x_wconf 90' lang='lat' dir='ltr'><strong>est</strong></span> <span class='ocrx_word' id='word_1_232' title='bbox 1333 1913 1398 1951; x_wconf 93' lang='lat' dir='ltr'><strong>ea</strong></span> <span class='ocrx_word' id='word_1_233' title='bbox 1423 1898 1740 1961; x_wconf 88' lang='lat' dir='ltr'><strong>consensio,</strong></span> <span class='ocrx_word' id='word_1_234' title='bbox 1772 1912 1973 1951; x_wconf 86' lang='lat' dir='ltr'><strong>unum-</strong></span> 
     </span>
    </p>
   </div>
   <div class='ocr_carea' id='block_1_35' title="bbox 378 1987 1976 2057">
    <p class='ocr_par' dir='ltr' id='par_1_35' title="bbox 378 1987 1976 2057">
     <span class='ocr_line' id='line_1_35' title="bbox 378 1987 1976 2057; baseline -0.001 -14"><span class='ocrx_word' id='word_1_235' title='bbox 378 2005 505 2057; x_wconf 53' lang='lat' dir='ltr'><strong>.que</strong></span> <span class='ocrx_word' id='word_1_236' title='bbox 546 1997 602 2046; x_wconf 90' lang='lat' dir='ltr'><strong>et</strong></span> <span class='ocrx_word' id='word_1_237' title='bbox 648 1988 794 2043; x_wconf 88' lang='lat' dir='ltr'><strong>idem</strong></span> <span class='ocrx_word' id='word_1_238' title='bbox 845 1987 1162 2057; x_wconf 85' lang='lat' dir='ltr'><strong>splendoris</strong></span> <span class='ocrx_word' id='word_1_239' title='bbox 1204 1987 1506 2053; x_wconf 87' lang='lat' dir='ltr'><strong>eradialio,</strong></span> <span class='ocrx_word' id='word_1_240' title='bbox 1561 1988 1638 2043; x_wconf 88' lang='lat' dir='ltr'><strong>ita</strong></span> <span class='ocrx_word' id='word_1_241' title='bbox 1681 1995 1743 2040; x_wconf 91' lang='lat' dir='ltr'><strong>ut</strong></span> <span class='ocrx_word' id='word_1_242' title='bbox 1795 2001 1976 2056; x_wconf 90' lang='lat' dir='ltr'><strong>neque</strong></span> 
     </span>
    </p>
   </div>
   <div class='ocr_carea' id='block_1_36' title="bbox 393 2077 1976 2148">
    <p class='ocr_par' dir='ltr' id='par_1_36' title="bbox 393 2077 1976 2148">
     <span class='ocr_line' id='line_1_36' title="bbox 393 2077 1976 2148; baseline -0.002 -14"><span class='ocrx_word' id='word_1_243' title='bbox 393 2080 659 2135; x_wconf 84' lang='lat' dir='ltr'><strong>divinitas</strong></span> <span class='ocrx_word' id='word_1_244' title='bbox 685 2095 745 2134; x_wconf 90' lang='lat' dir='ltr'><strong>se</strong></span> <span class='ocrx_word' id='word_1_245' title='bbox 768 2080 914 2134; x_wconf 89' lang='lat' dir='ltr'><strong>ultra</strong></span> <span class='ocrx_word' id='word_1_246' title='bbox 939 2079 1057 2133; x_wconf 86' lang='lat' dir='ltr'><strong>hac</strong></span> <span class='ocrx_word' id='word_1_247' title='bbox 1074 2077 1344 2143; x_wconf 82' lang='lat' dir='ltr'><strong>eﬂ‘undat,</strong></span> <span class='ocrx_word' id='word_1_248' title='bbox 1368 2095 1438 2134; x_wconf 90' lang='lat' dir='ltr'><strong>nc</strong></span> <span class='ocrx_word' id='word_1_249' title='bbox 1460 2078 1689 2134; x_wconf 91' lang='lat' dir='ltr'><strong>deorum</strong></span> <span class='ocrx_word' id='word_1_250' title='bbox 1712 2078 1976 2148; x_wconf 78' lang='lat' dir='ltr'><strong>populum</strong></span> 
     </span>
    </p>
   </div>
   <div class='ocr_carea' id='block_1_37' title="bbox 392 2172 1972 2237">
    <p class='ocr_par' dir='ltr' id='par_1_37' title="bbox 392 2172 1972 2237">
     <span class='ocr_line' id='line_1_37' title="bbox 392 2172 1972 2237; baseline -0.003 -8"><span class='ocrx_word' id='word_1_251' title='bbox 392 2173 850 2237; x_wconf 84' lang='lat' dir='ltr'><strong>introducamus;</strong></span> <span class='ocrx_word' id='word_1_252' title='bbox 897 2187 1003 2227; x_wconf 89' lang='lat' dir='ltr'><strong>nec</strong></span> <span class='ocrx_word' id='word_1_253' title='bbox 1032 2180 1215 2227; x_wconf 88' lang='lat' dir='ltr'><strong>tamen</strong></span> <span class='ocrx_word' id='word_1_254' title='bbox 1250 2172 1391 2226; x_wconf 73' lang='lat' dir='ltr'><strong>intra</strong></span> <span class='ocrx_word' id='word_1_255' title='bbox 1443 2173 1536 2227; x_wconf 90' lang='lat' dir='ltr'><strong>illa</strong></span> <span class='ocrx_word' id='word_1_256' title='bbox 1562 2188 1620 2227; x_wconf 90' lang='lat' dir='ltr'><strong>se</strong></span> <span class='ocrx_word' id='word_1_257' title='bbox 1672 2172 1972 2237; x_wconf 84' lang='lat' dir='ltr'><strong>contrahit,</strong></span> 
     </span>
    </p>
   </div>
   <div class='ocr_carea' id='block_1_38' title="bbox 398 2262 1977 2335">
    <p class='ocr_par' dir='ltr' id='par_1_38' title="bbox 398 2262 1977 2335">
     <span class='ocr_line' id='line_1_38' title="bbox 398 2262 1977 2335; baseline 0.001 -18"><span class='ocrx_word' id='word_1_258' title='bbox 398 2279 469 2318; x_wconf 80' lang='lat' dir='ltr'><strong>ne</strong></span> <span class='ocrx_word' id='word_1_259' title='bbox 498 2264 742 2334; x_wconf 88' lang='lat' dir='ltr'><strong>inopiam</strong></span> <span class='ocrx_word' id='word_1_260' title='bbox 772 2263 827 2317; x_wconf 92' lang='lat' dir='ltr'><strong>in</strong></span> <span class='ocrx_word' id='word_1_261' title='bbox 858 2262 1149 2318; x_wconf 86' lang='lat' dir='ltr'><strong>divinitate</strong></span> <span class='ocrx_word' id='word_1_262' title='bbox 1179 2262 1607 2319; x_wconf 90' lang='lat' dir='ltr'><strong>constituamus.</strong></span> <span class='ocrx_word' id='word_1_263' title='bbox 1656 2262 1784 2319; x_wconf 83' lang='lat' dir='ltr'><strong>Hac</strong></span> <span class='ocrx_word' id='word_1_264' title='bbox 1808 2264 1977 2335; x_wconf 80' lang='lat' dir='ltr'><strong>igitur</strong></span> 
     </span>
    </p>
   </div>
   <div class='ocr_carea' id='block_1_39' title="bbox 380 2354 1971 2425">
    <p class='ocr_par' dir='ltr' id='par_1_39' title="bbox 380 2354 1971 2425">
     <span class='ocr_line' id='line_1_39' title="bbox 380 2354 1971 2425; baseline -0.001 -16"><span class='ocrx_word' id='word_1_265' title='bbox 380 2371 508 2410; x_wconf 68' lang='lat' dir='ltr'><strong>non</strong></span> <span class='ocrx_word' id='word_1_266' title='bbox 526 2363 656 2410; x_wconf 89' lang='lat' dir='ltr'><strong>sunt</strong></span> <span class='ocrx_word' id='word_1_267' title='bbox 688 2355 966 2425; x_wconf 81' lang='lat' dir='ltr'><strong>atiologia</strong></span> <span class='ocrx_word' id='word_1_268' title='bbox 1000 2354 1070 2408; x_wconf 86' lang='lat' dir='ltr'><strong>ad</strong></span> <span class='ocrx_word' id='word_1_269' title='bbox 1102 2368 1329 2409; x_wconf 84' lang='lat' dir='ltr'><strong>causam</strong></span> <span class='ocrx_word' id='word_1_270' title='bbox 1360 2354 1508 2409; x_wconf 86' lang='lat' dir='ltr'><strong>illam</strong></span> <span class='ocrx_word' id='word_1_271' title='bbox 1549 2355 1971 2424; x_wconf 76' lang='lat' dir='ltr'><strong>explanandam,</strong></span> 
     </span>
    </p>
   </div>
   <div class='ocr_carea' id='block_1_40' title="bbox 395 2442 1975 2514">
    <p class='ocr_par' dir='ltr' id='par_1_40' title="bbox 395 2442 1975 2514">
     <span class='ocr_line' id='line_1_40' title="bbox 395 2442 1975 2514; baseline 0.001 -15"><span class='ocrx_word' id='word_1_272' title='bbox 395 2460 521 2514; x_wconf 84' lang='lat' dir='ltr'><strong>qua</strong></span> <span class='ocrx_word' id='word_1_273' title='bbox 544 2459 733 2498; x_wconf 86' lang='lat' dir='ltr'><strong>rerum</strong></span> <span class='ocrx_word' id='word_1_274' title='bbox 772 2443 1021 2498; x_wconf 89' lang='lat' dir='ltr'><strong>omnium</strong></span> <span class='ocrx_word' id='word_1_275' title='bbox 1072 2442 1347 2498; x_wconf 85' lang='lat' dir='ltr'><strong>essentias</strong></span> <span class='ocrx_word' id='word_1_276' title='bbox 1393 2443 1832 2514; x_wconf 69' lang='lat' dir='ltr'><strong>supergreditur,</strong></span> <span class='ocrx_word' id='word_1_277' title='bbox 1878 2443 1975 2500; x_wconf 87' lang='lat' dir='ltr'><strong>sed</strong></span> 
     </span>
    </p>
   </div>
   <div class='ocr_carea' id='block_1_41' title="bbox 380 2534 1977 2605">
    <p class='ocr_par' dir='ltr' id='par_1_41' title="bbox 380 2534 1977 2605">
     <span class='ocr_line' id='line_1_41' title="bbox 380 2534 1977 2605; baseline 0.002 -17"><span class='ocrx_word' id='word_1_278' title='bbox 380 2535 502 2604; x_wconf 61' lang='lat' dir='ltr'><strong>&quot;pia</strong></span> <span class='ocrx_word' id='word_1_279' title='bbox 544 2534 829 2605; x_wconf 90' lang='lat' dir='ltr'><strong>opinionis</strong></span> <span class='ocrx_word' id='word_1_280' title='bbox 853 2534 922 2589; x_wconf 91' lang='lat' dir='ltr'><strong>de</strong></span> <span class='ocrx_word' id='word_1_281' title='bbox 953 2550 1018 2589; x_wconf 86' lang='lat' dir='ltr'><strong>ea</strong></span> <span class='ocrx_word' id='word_1_282' title='bbox 1048 2542 1259 2589; x_wconf 89' lang='lat' dir='ltr'><strong>tantum</strong></span> <span class='ocrx_word' id='word_1_283' title='bbox 1289 2534 1610 2591; x_wconf 89' lang='lat' dir='ltr'><strong>declaratio.</strong></span> <span class='ocrx_word' id='word_1_284' title='bbox 1650 2535 1750 2591; x_wconf 89' lang='lat' dir='ltr'><strong>Est</strong></span> <span class='ocrx_word' id='word_1_285' title='bbox 1784 2552 1977 2592; x_wconf 83' lang='lat' dir='ltr'><strong>revera</strong></span> 
     </span>
    </p>
   </div>
   <div class='ocr_carea' id='block_1_42' title="bbox 386 2623 1977 2694">
    <p class='ocr_par' dir='ltr' id='par_1_42' title="bbox 386 2623 1977 2694">
     <span class='ocr_line' id='line_1_42' title="bbox 386 2623 1977 2694; baseline 0.002 -17"><span class='ocrx_word' id='word_1_286' title='bbox 386 2623 578 2678; x_wconf 83' lang='lat' dir='ltr'><strong>deitas</strong></span> <span class='ocrx_word' id='word_1_287' title='bbox 598 2637 812 2687; x_wconf 89' lang='lat' dir='ltr'><strong>monas,</strong></span> <span class='ocrx_word' id='word_1_288' title='bbox 848 2630 906 2677; x_wconf 89' lang='lat' dir='ltr'><strong>et</strong></span> <span class='ocrx_word' id='word_1_289' title='bbox 938 2638 1050 2677; x_wconf 88' lang='lat' dir='ltr'><strong>non</strong></span> <span class='ocrx_word' id='word_1_290' title='bbox 1080 2623 1214 2694; x_wconf 84' lang='lat' dir='ltr'><strong>dyas</strong></span> <span class='ocrx_word' id='word_1_291' title='bbox 1248 2641 1261 2676; x_wconf 91' lang='lat'><strong>:</strong></span> <span class='ocrx_word' id='word_1_292' title='bbox 1293 2632 1379 2677; x_wconf 92' lang='lat' dir='ltr'><strong>est</strong></span> <span class='ocrx_word' id='word_1_293' title='bbox 1400 2624 1569 2678; x_wconf 86' lang='lat' dir='ltr'><strong>etiam</strong></span> <span class='ocrx_word' id='word_1_294' title='bbox 1609 2624 1847 2691; x_wconf 87' lang='lat' dir='ltr'><strong>trinitas,</strong></span> <span class='ocrx_word' id='word_1_295' title='bbox 1880 2626 1977 2680; x_wconf 86' lang='lat' dir='ltr'><strong>sed</strong></span> 
     </span>
    </p>
   </div>
   <div class='ocr_carea' id='block_1_43' title="bbox 395 2712 1977 2786">
    <p class='ocr_par' dir='ltr' id='par_1_43' title="bbox 395 2712 1977 2786">
     <span class='ocr_line' id='line_1_43' title="bbox 395 2712 1977 2786; baseline 0.003 -19"><span class='ocrx_word' id='word_1_296' title='bbox 395 2729 507 2767; x_wconf 83' lang='lat' dir='ltr'><strong>non</strong></span> <span class='ocrx_word' id='word_1_297' title='bbox 572 2712 893 2768; x_wconf 90' lang='lat' dir='ltr'><strong>multitudo.</strong></span> <span class='ocrx_word' id='word_1_298' title='bbox 939 2714 1037 2768; x_wconf 86' lang='lat' dir='ltr'><strong>Est</strong></span> <span class='ocrx_word' id='word_1_299' title='bbox 1085 2713 1234 2769; x_wconf 88' lang='lat' dir='ltr'><strong>enim</strong></span> <span class='ocrx_word' id='word_1_300' title='bbox 1281 2716 1403 2769; x_wconf 87' lang='lat' dir='ltr'><strong>sine</strong></span> <span class='ocrx_word' id='word_1_301' title='bbox 1444 2715 1744 2785; x_wconf 86' lang='lat' dir='ltr'><strong>principio,</strong></span> <span class='ocrx_word' id='word_1_302' title='bbox 1781 2732 1977 2786; x_wconf 75' lang='lat' dir='ltr'><strong>expers</strong></span> 
     </span>
    </p>
   </div>
   <div class='ocr_carea' id='block_1_44' title="bbox 378 2802 1977 2875">
    <p class='ocr_par' dir='ltr' id='par_1_44' title="bbox 378 2802 1977 2875">
     <span class='ocr_line' id='line_1_44' title="bbox 378 2802 1977 2875; baseline 0.003 -19"><span class='ocrx_word' id='word_1_303' title='bbox 378 2803 669 2875; x_wconf 79' lang='lat' dir='ltr'><strong>~corporis,</strong></span> <span class='ocrx_word' id='word_1_304' title='bbox 706 2812 764 2858; x_wconf 88' lang='lat' dir='ltr'><strong>et</strong></span> <span class='ocrx_word' id='word_1_305' title='bbox 808 2802 960 2857; x_wconf 90' lang='lat' dir='ltr'><strong>omni</strong></span> <span class='ocrx_word' id='word_1_306' title='bbox 1007 2804 1284 2859; x_wconf 84' lang='lat' dir='ltr'><strong>seditione</strong></span> <span class='ocrx_word' id='word_1_307' title='bbox 1324 2819 1518 2860; x_wconf 90' lang='lat' dir='ltr'><strong>vacua.</strong></span> <span class='ocrx_word' id='word_1_308' title='bbox 1564 2806 1633 2861; x_wconf 92' lang='lat' dir='ltr'><strong>Et</strong></span> <span class='ocrx_word' id='word_1_309' title='bbox 1681 2822 1873 2861; x_wconf 90' lang='lat' dir='ltr'><strong>monas</strong></span> <span class='ocrx_word' id='word_1_310' title='bbox 1917 2821 1977 2861; x_wconf 90' lang='lat' dir='ltr'><strong>re</strong></span> 
     </span>
    </p>
   </div>
   <div class='ocr_carea' id='block_1_45' title="bbox 397 2894 1977 2967">
    <p class='ocr_par' dir='ltr' id='par_1_45' title="bbox 397 2894 1977 2967">
     <span class='ocr_line' id='line_1_45' title="bbox 397 2894 1977 2967; baseline 0.002 -19"><span class='ocrx_word' id='word_1_311' title='bbox 397 2896 514 2964; x_wconf 90' lang='lat' dir='ltr'><strong>ipsa</strong></span> <span class='ocrx_word' id='word_1_312' title='bbox 548 2909 742 2949; x_wconf 83' lang='lat' dir='ltr'><strong>monas</strong></span> <span class='ocrx_word' id='word_1_313' title='bbox 770 2904 855 2949; x_wconf 88' lang='lat' dir='ltr'><strong>est</strong></span> <span class='ocrx_word' id='word_1_314' title='bbox 886 2894 1090 2965; x_wconf 86' lang='lat' dir='ltr'><strong>(neque</strong></span> <span class='ocrx_word' id='word_1_315' title='bbox 1122 2896 1273 2949; x_wconf 90' lang='lat' dir='ltr'><strong>enim</strong></span> <span class='ocrx_word' id='word_1_316' title='bbox 1302 2903 1389 2951; x_wconf 92' lang='lat' dir='ltr'><strong>est</strong></span> <span class='ocrx_word' id='word_1_317' title='bbox 1408 2897 1746 2967; x_wconf 89' lang='lat' dir='ltr'><strong>principium</strong></span> <span class='ocrx_word' id='word_1_318' title='bbox 1779 2912 1977 2953; x_wconf 90' lang='lat' dir='ltr'><strong>eorum</strong></span> 
     </span>
    </p>
   </div>
   <div class='ocr_carea' id='block_1_46' title="bbox 390 2987 1974 3055">
    <p class='ocr_par' dir='ltr' id='par_1_46' title="bbox 390 2987 1974 3055">
     <span class='ocr_line' id='line_1_46' title="bbox 390 2987 1974 3055; baseline 0.004 -18"><span class='ocrx_word' id='word_1_319' title='bbox 390 3000 521 3053; x_wconf 77' lang='lat' dir='ltr'><strong>qua</strong></span> <span class='ocrx_word' id='word_1_320' title='bbox 544 2994 677 3039; x_wconf 92' lang='lat' dir='ltr'><strong>sunt</strong></span> <span class='ocrx_word' id='word_1_321' title='bbox 698 2993 824 3053; x_wconf 87' lang='lat' dir='ltr'><strong>post</strong></span> <span class='ocrx_word' id='word_1_322' title='bbox 844 2999 925 3051; x_wconf 89' lang='lat' dir='ltr'><strong>se,</strong></span> <span class='ocrx_word' id='word_1_323' title='bbox 959 3000 1058 3054; x_wconf 89' lang='lat' dir='ltr'><strong>per</strong></span> <span class='ocrx_word' id='word_1_324' title='bbox 1093 2987 1533 3042; x_wconf 85' lang='lat' dir='ltr'><strong>contractionem</strong></span> <span class='ocrx_word' id='word_1_325' title='bbox 1560 2987 1873 3055; x_wconf 81' lang='lat' dir='ltr'><strong>divisionis,</strong></span> <span class='ocrx_word' id='word_1_326' title='bbox 1911 3003 1974 3043; x_wconf 89' lang='lat' dir='ltr'><strong>ac</strong></span> 
     </span>
    </p>
   </div>
   <div class='ocr_carea' id='block_1_47' title="bbox 2078 1882 3683 1956">
    <p class='ocr_par' dir='ltr' id='par_1_47' title="bbox 2078 1882 3683 1956">
     <span class='ocr_line' id='line_1_47' title="bbox 2078 1882 3683 1956; baseline 0.002 -23"><span class='ocrx_word' id='word_1_327' title='bbox 2078 1883 2213 1952; x_wconf 82' lang='grc' dir='ltr'>φυΐα</span> <span class='ocrx_word' id='word_1_328' title='bbox 2230 1882 2274 1913; x_wconf 84' lang='grc'><strong>¹⁷</strong></span> <span class='ocrx_word' id='word_1_329' title='bbox 2289 1882 2385 1936; x_wconf 60' lang='grc' dir='ltr'><strong>καὶ¹</strong></span> <span class='ocrx_word' id='word_1_330' title='bbox 2412 1882 2473 1935; x_wconf 88' lang='grc' dir='ltr'>τὸ</span> <span class='ocrx_word' id='word_1_331' title='bbox 2503 1883 2561 1935; x_wconf 85' lang='grc' dir='ltr'>ἓν</span> <span class='ocrx_word' id='word_1_332' title='bbox 2588 1882 2798 1953; x_wconf 78' lang='grc' dir='ltr'>ἔξαλμα</span> <span class='ocrx_word' id='word_1_333' title='bbox 2821 1883 2918 1953; x_wconf 85' lang='grc' dir='ltr'>τῆς</span> <span class='ocrx_word' id='word_1_334' title='bbox 2945 1882 3512 1956; x_wconf 84' lang='grc' dir='ltr'>λαμπρότητος,οῦτε</span> <span class='ocrx_word' id='word_1_335' title='bbox 3540 1884 3683 1953; x_wconf 83' lang='grc' dir='ltr'>ὑπὲρ</span> 
     </span>
    </p>
   </div>
   <div class='ocr_carea' id='block_1_48' title="bbox 2075 1973 3682 2047">
    <p class='ocr_par' dir='ltr' id='par_1_48' title="bbox 2075 1973 3682 2047">
     <span class='ocr_line' id='line_1_48' title="bbox 2075 1973 3682 2047; baseline -0.001 -20"><span class='ocrx_word' id='word_1_336' title='bbox 2075 1974 2248 2027; x_wconf 89' lang='grc' dir='ltr'>ταῦτα</span> <span class='ocrx_word' id='word_1_337' title='bbox 2280 1974 2378 2045; x_wconf 80' lang='grc' dir='ltr'>τῆς</span> <span class='ocrx_word' id='word_1_338' title='bbox 2408 1973 2661 2045; x_wconf 78' lang='grc' dir='ltr'>θεότητος</span> <span class='ocrx_word' id='word_1_339' title='bbox 2708 1976 3007 2046; x_wconf 82' lang='grc' dir='ltr'>χεομένης,</span> <span class='ocrx_word' id='word_1_340' title='bbox 3051 1976 3139 2029; x_wconf 77' lang='grc' dir='ltr'>ἵνα</span> <span class='ocrx_word' id='word_1_341' title='bbox 3185 1976 3261 2047; x_wconf 79' lang='grc' dir='ltr'>μὴ</span> <span class='ocrx_word' id='word_1_342' title='bbox 3304 1976 3494 2047; x_wconf 82' lang='grc' dir='ltr'>δῆμον</span> <span class='ocrx_word' id='word_1_343' title='bbox 3541 1975 3682 2029; x_wconf 88' lang='grc' dir='ltr'>θεῶν</span> 
     </span>
    </p>
   </div>
   <div class='ocr_carea' id='block_1_49' title="bbox 2019 2056 3681 2137">
    <p class='ocr_par' dir='ltr' id='par_1_49' title="bbox 2019 2056 3681 2137">
     <span class='ocr_line' id='line_1_49' title="bbox 2019 2056 3681 2137; baseline 0.002 -20"><span class='ocrx_word' id='word_1_344' title='bbox 2019 2089 2027 2097; x_wconf 90' lang='grc'><strong>·</strong></span> <span class='ocrx_word' id='word_1_345' title='bbox 2080 2064 2486 2135; x_wconf 74' lang='grc' dir='ltr'>εἰσαγάγωμεν,</span> <span class='ocrx_word' id='word_1_346' title='bbox 2516 2064 2640 2118; x_wconf 80' lang='grc' dir='ltr'>οὕτε</span> <span class='ocrx_word' id='word_1_347' title='bbox 2673 2067 2824 2129; x_wconf 77' lang='grc' dir='ltr'>ἐντὸς</span> <span class='ocrx_word' id='word_1_348' title='bbox 2851 2064 3059 2119; x_wconf 86' lang='grc' dir='ltr'>τούτων</span> <span class='ocrx_word' id='word_1_349' title='bbox 3087 2056 3452 2137; x_wconf 61' lang='grc' dir='ltr'>ὁριζομένης,</span> <span class='ocrx_word' id='word_1_350' title='bbox 3482 2067 3574 2120; x_wconf 80' lang='grc' dir='ltr'>ἵνα</span> <span class='ocrx_word' id='word_1_351' title='bbox 3603 2067 3681 2137; x_wconf 81' lang='grc' dir='ltr'>μὴ</span> 
     </span>
    </p>
   </div>
   <div class='ocr_carea' id='block_1_50' title="bbox 2080 2155 3678 2229">
    <p class='ocr_par' dir='ltr' id='par_1_50' title="bbox 2080 2155 3678 2229">
     <span class='ocr_line' id='line_1_50' title="bbox 2080 2155 3678 2229; baseline 0.001 -19"><span class='ocrx_word' id='word_1_352' title='bbox 2080 2157 2273 2210; x_wconf 82' lang='grc' dir='ltr'>πενίαν</span> <span class='ocrx_word' id='word_1_353' title='bbox 2301 2156 2556 2228; x_wconf 82' lang='grc' dir='ltr'>θεότητος</span> <span class='ocrx_word' id='word_1_354' title='bbox 2586 2157 3011 2229; x_wconf 84' lang='grc' dir='ltr'>κατακριθῶμεν</span> <span class='ocrx_word' id='word_1_355' title='bbox 3025 2160 3095 2211; x_wconf 76' lang='grc'><strong>⁸⁸.</strong></span> <span class='ocrx_word' id='word_1_356' title='bbox 3126 2161 3240 2213; x_wconf 85' lang='grc' dir='ltr'><strong>Οὐκ</strong></span> <span class='ocrx_word' id='word_1_357' title='bbox 3272 2159 3432 2213; x_wconf 80' lang='grc' dir='ltr'>ἐστιν</span> <span class='ocrx_word' id='word_1_358' title='bbox 3460 2155 3560 2214; x_wconf 87' lang='grc' dir='ltr'><strong>οῦν</strong></span> <span class='ocrx_word' id='word_1_359' title='bbox 3589 2161 3678 2212; x_wconf 78' lang='grc' dir='ltr'><strong>αἱ-</strong></span> 
     </span>
    </p>
   </div>
   <div class='ocr_carea' id='block_1_51' title="bbox 2076 2247 3676 2319">
    <p class='ocr_par' dir='ltr' id='par_1_51' title="bbox 2076 2247 3676 2319">
     <span class='ocr_line' id='line_1_51' title="bbox 2076 2247 3676 2319; baseline 0.003 -19"><span class='ocrx_word' id='word_1_360' title='bbox 2076 2247 2322 2317; x_wconf 87' lang='grc' dir='ltr'>τιολογία</span> <span class='ocrx_word' id='word_1_361' title='bbox 2362 2248 2524 2302; x_wconf 89' lang='grc' dir='ltr'>τοῦτο</span> <span class='ocrx_word' id='word_1_362' title='bbox 2565 2250 2664 2319; x_wconf 88' lang='grc' dir='ltr'>τῆς</span> <span class='ocrx_word' id='word_1_363' title='bbox 2710 2251 3039 2312; x_wconf 85' lang='grc' dir='ltr'>ὑπερουσίου</span> <span class='ocrx_word' id='word_1_364' title='bbox 3085 2251 3191 2304; x_wconf 89' lang='grc' dir='ltr'><strong>τῶν</strong></span> <span class='ocrx_word' id='word_1_365' title='bbox 3233 2252 3414 2305; x_wconf 77' lang='grc' dir='ltr'>ὄντων</span> <span class='ocrx_word' id='word_1_366' title='bbox 3470 2251 3676 2316; x_wconf 73' lang='grc' dir='ltr'>αἰτίας,</span> 
     </span>
    </p>
   </div>
   <div class='ocr_carea' id='block_1_52' title="bbox 2077 2340 3681 2414">
    <p class='ocr_par' dir='ltr' id='par_1_52' title="bbox 2077 2340 3681 2414">
     <span class='ocr_line' id='line_1_52' title="bbox 2077 2340 3681 2414; baseline 0 -17"><span class='ocrx_word' id='word_1_367' title='bbox 2077 2342 2194 2409; x_wconf 53' lang='grc' dir='ltr'><strong>ἀΰ⁹</strong></span> <span class='ocrx_word' id='word_1_368' title='bbox 2227 2340 2487 2405; x_wconf 74' lang='grc' dir='ltr'>εὐσεϐοῦς</span> <span class='ocrx_word' id='word_1_369' title='bbox 2532 2344 2662 2412; x_wconf 82' lang='grc' dir='ltr'>περὶ</span> <span class='ocrx_word' id='word_1_370' title='bbox 2710 2342 2883 2412; x_wconf 83' lang='grc' dir='ltr'>αὑτῆς</span> <span class='ocrx_word' id='word_1_371' title='bbox 2925 2342 3084 2414; x_wconf 78' lang='grc' dir='ltr'>δόξης</span> <span class='ocrx_word' id='word_1_372' title='bbox 3130 2344 3456 2411; x_wconf 77' lang='grc' dir='ltr'>ἀπόδειξις,</span> <span class='ocrx_word' id='word_1_373' title='bbox 3518 2346 3681 2413; x_wconf 76' lang='grc' dir='ltr'>εἴπερ</span> 
     </span>
    </p>
   </div>
   <div class='ocr_carea' id='block_1_53' title="bbox 2082 2433 3677 2509">
    <p class='ocr_par' dir='ltr' id='par_1_53' title="bbox 2082 2433 3677 2509">
     <span class='ocr_line' id='line_1_53' title="bbox 2082 2433 3677 2509; baseline 0.005 -23"><span class='ocrx_word' id='word_1_374' title='bbox 2082 2433 2251 2504; x_wconf 84' lang='grc' dir='ltr'>μονὰς</span> <span class='ocrx_word' id='word_1_375' title='bbox 2270 2475 2285 2501; x_wconf 88' lang='grc'><strong>,</strong></span> <span class='ocrx_word' id='word_1_376' title='bbox 2317 2433 2434 2487; x_wconf 82' lang='grc' dir='ltr'>ἀλλ’</span> <span class='ocrx_word' id='word_1_377' title='bbox 2462 2434 2521 2488; x_wconf 85' lang='grc' dir='ltr'>οὐ</span> <span class='ocrx_word' id='word_1_378' title='bbox 2543 2433 2675 2498; x_wconf 84' lang='grc' dir='ltr'>δυὰς</span> <span class='ocrx_word' id='word_1_379' title='bbox 2699 2474 2715 2498; x_wconf 88' lang='grc'><strong>,</strong></span> <span class='ocrx_word' id='word_1_380' title='bbox 2741 2436 2835 2488; x_wconf 82' lang='grc' dir='ltr'>καὶ</span> <span class='ocrx_word' id='word_1_381' title='bbox 2864 2435 3035 2506; x_wconf 75' lang='grc' dir='ltr'>Τριὰς</span> <span class='ocrx_word' id='word_1_382' title='bbox 3055 2475 3070 2500; x_wconf 95' lang='grc'><strong>,</strong></span> <span class='ocrx_word' id='word_1_383' title='bbox 3107 2435 3220 2489; x_wconf 83' lang='grc' dir='ltr'>ἀλλ’</span> <span class='ocrx_word' id='word_1_384' title='bbox 3258 2438 3323 2491; x_wconf 81' lang='grc' dir='ltr'>οὐ</span> <span class='ocrx_word' id='word_1_385' title='bbox 3360 2437 3581 2509; x_wconf 79' lang='grc' dir='ltr'>πλῆθος</span> <span class='ocrx_word' id='word_1_386' title='bbox 3599 2477 3613 2502; x_wconf 89' lang='grc'><strong>,</strong></span> <span class='ocrx_word' id='word_1_387' title='bbox 3646 2440 3677 2507; x_wconf 76' lang='grc' dir='ltr'>ἡ</span> 
     </span>
    </p>
   </div>
   <div class='ocr_carea' id='block_1_54' title="bbox 2079 2525 3679 2597">
    <p class='ocr_par' dir='ltr' id='par_1_54' title="bbox 2079 2525 3679 2597">
     <span class='ocr_line' id='line_1_54' title="bbox 2079 2525 3679 2597; baseline 0.004 -19"><span class='ocrx_word' id='word_1_388' title='bbox 2079 2525 2290 2596; x_wconf 88' lang='grc' dir='ltr'>θεότης,</span> <span class='ocrx_word' id='word_1_389' title='bbox 2330 2525 2406 2590; x_wconf 89' lang='grc' dir='ltr'>ὠς</span> <span class='ocrx_word' id='word_1_390' title='bbox 2435 2526 2693 2596; x_wconf 78' lang='grc' dir='ltr'>ἄναρχος,</span> <span class='ocrx_word' id='word_1_391' title='bbox 2725 2526 3021 2597; x_wconf 83' lang='grc' dir='ltr'>άσὼματός</span> <span class='ocrx_word' id='word_1_392' title='bbox 3054 2545 3115 2582; x_wconf 87' lang='grc' dir='ltr'><strong>τε</strong></span> <span class='ocrx_word' id='word_1_393' title='bbox 3145 2530 3240 2582; x_wconf 73' lang='grc' dir='ltr'>καὶ</span> <span class='ocrx_word' id='word_1_394' title='bbox 3268 2532 3679 2594; x_wconf 84' lang='grc' dir='ltr'>ἀστασίαστος.</span> 
     </span>
    </p>
   </div>
   <div class='ocr_carea' id='block_1_55' title="bbox 2077 2616 3681 2692">
    <p class='ocr_par' dir='ltr' id='par_1_55' title="bbox 2077 2616 3681 2692">
     <span class='ocr_line' id='line_1_55' title="bbox 2077 2616 3681 2692; baseline 0.001 -22"><span class='ocrx_word' id='word_1_395' title='bbox 2077 2616 2262 2681; x_wconf 85' lang='grc' dir='ltr'>Μονὰς</span> <span class='ocrx_word' id='word_1_396' title='bbox 2290 2617 2399 2689; x_wconf 85' lang='grc' dir='ltr'><strong>γὰρ</strong></span> <span class='ocrx_word' id='word_1_397' title='bbox 2425 2616 2641 2688; x_wconf 86' lang='grc' dir='ltr'>άληθῶς</span> <span class='ocrx_word' id='word_1_398' title='bbox 2664 2618 2705 2688; x_wconf 72' lang='grc'><strong>1]</strong></span> <span class='ocrx_word' id='word_1_399' title='bbox 2737 2620 2909 2687; x_wconf 90' lang='grc' dir='ltr'>μονάς</span> <span class='ocrx_word' id='word_1_400' title='bbox 2931 2635 2944 2648; x_wconf 87' lang='grc'><strong>·</strong></span> <span class='ocrx_word' id='word_1_401' title='bbox 2979 2619 3042 2671; x_wconf 92' lang='grc' dir='ltr'><strong>οὑ</strong></span> <span class='ocrx_word' id='word_1_402' title='bbox 3071 2620 3177 2689; x_wconf 85' lang='grc' dir='ltr'><strong>γάρ</strong></span> <span class='ocrx_word' id='word_1_403' title='bbox 3207 2620 3366 2674; x_wconf 79' lang='grc' dir='ltr'>ἐστιν</span> <span class='ocrx_word' id='word_1_404' title='bbox 3394 2621 3545 2692; x_wconf 82' lang='grc' dir='ltr'>ἀρχὴ</span> <span class='ocrx_word' id='word_1_405' title='bbox 3572 2619 3681 2672; x_wconf 85' lang='grc' dir='ltr'><strong>τῶν</strong></span> 
     </span>
    </p>
   </div>
   <div class='ocr_carea' id='block_1_56' title="bbox 2082 2707 3680 2783">
    <p class='ocr_par' dir='ltr' id='par_1_56' title="bbox 2082 2707 3680 2783">
     <span class='ocr_line' id='line_1_56' title="bbox 2082 2707 3680 2783; baseline 0.003 -23"><span class='ocrx_word' id='word_1_406' title='bbox 2082 2707 2201 2778; x_wconf 86' lang='grc' dir='ltr'>μετ’</span> <span class='ocrx_word' id='word_1_407' title='bbox 2232 2708 2426 2779; x_wconf 81' lang='grc' dir='ltr'>αὐτὴν,</span> <span class='ocrx_word' id='word_1_408' title='bbox 2467 2708 2609 2762; x_wconf 84' lang='grc' dir='ltr'>κατὰ</span> <span class='ocrx_word' id='word_1_409' title='bbox 2635 2708 2929 2779; x_wconf 82' lang='grc' dir='ltr'>διαστολῆς</span> <span class='ocrx_word' id='word_1_410' title='bbox 2960 2710 3243 2782; x_wconf 76' lang='grc' dir='ltr'>συστολὴν,</span> <span class='ocrx_word' id='word_1_411' title='bbox 3273 2712 3371 2767; x_wconf 74' lang='grc' dir='ltr'><strong>ἵνα</strong></span> <span class='ocrx_word' id='word_1_412' title='bbox 3406 2714 3546 2783; x_wconf 85' lang='grc' dir='ltr'><strong>χεθῇ</strong></span> <span class='ocrx_word' id='word_1_413' title='bbox 3581 2730 3680 2781; x_wconf 86' lang='grc' dir='ltr'>φυ-</span> 
     </span>
    </p>
   </div>
   <div class='ocr_carea' id='block_1_57' title="bbox 2081 2800 3676 2871">
    <p class='ocr_par' dir='ltr' id='par_1_57' title="bbox 2081 2800 3676 2871">
     <span class='ocr_line' id='line_1_57' title="bbox 2081 2800 3676 2871; baseline 0 -16"><span class='ocrx_word' id='word_1_414' title='bbox 2081 2800 2250 2865; x_wconf 85' lang='grc' dir='ltr'>σικῶς</span> <span class='ocrx_word' id='word_1_415' title='bbox 2293 2803 2375 2864; x_wconf 79' lang='grc' dir='ltr'>εις</span> <span class='ocrx_word' id='word_1_416' title='bbox 2402 2801 2606 2871; x_wconf 77' lang='grc' dir='ltr'>πλῆθος</span> <span class='ocrx_word' id='word_1_417' title='bbox 2630 2800 2891 2855; x_wconf 81' lang='grc' dir='ltr'>ὑδεύουσα</span> <span class='ocrx_word' id='word_1_418' title='bbox 2915 2840 2931 2864; x_wconf 86' lang='grc'><strong>,</strong></span> <span class='ocrx_word' id='word_1_419' title='bbox 2966 2802 3081 2855; x_wconf 75' lang='grc' dir='ltr'>ἀλλ’</span> <span class='ocrx_word' id='word_1_420' title='bbox 3114 2803 3500 2867; x_wconf 83' lang='grc' dir='ltr'>ὲνυπόστατος</span> <span class='ocrx_word' id='word_1_421' title='bbox 3526 2803 3676 2856; x_wconf 73' lang='lat' dir='ltr'><strong>6th-</strong></span> 
     </span>
    </p>
   </div>
   <div class='ocr_carea' id='block_1_58' title="bbox 2077 2892 3672 2969">
    <p class='ocr_par' dir='ltr' id='par_1_58' title="bbox 2077 2892 3672 2969">
     <span class='ocr_line' id='line_1_58' title="bbox 2077 2892 3672 2969; baseline 0.001 -23"><span class='ocrx_word' id='word_1_422' title='bbox 2077 2910 2180 2964; x_wconf 90' lang='grc' dir='ltr'><strong>της</strong></span> <span class='ocrx_word' id='word_1_423' title='bbox 2207 2892 2496 2963; x_wconf 81' lang='grc' dir='ltr'>ὁμοουσίου</span> <span class='ocrx_word' id='word_1_424' title='bbox 2514 2895 2561 2927; x_wconf 75' lang='grc'><strong>⁸⁸</strong></span> <span class='ocrx_word' id='word_1_425' title='bbox 2581 2894 2831 2964; x_wconf 86' lang='grc' dir='ltr'>Τριάδος.</span> <span class='ocrx_word' id='word_1_426' title='bbox 2849 2895 2958 2947; x_wconf 79' lang='grc' dir='ltr'><strong>Καὶ</strong></span> <span class='ocrx_word' id='word_1_427' title='bbox 2980 2894 3153 2966; x_wconf 79' lang='grc' dir='ltr'>Τριάς</span> <span class='ocrx_word' id='word_1_428' title='bbox 3175 2894 3400 2966; x_wconf 80' lang='grc' dir='ltr'>άληθῶς</span> <span class='ocrx_word' id='word_1_429' title='bbox 3420 2899 3456 2966; x_wconf 79' lang='grc' dir='ltr'>ὴ</span> <span class='ocrx_word' id='word_1_430' title='bbox 3481 2894 3672 2969; x_wconf 69' lang='grc' dir='ltr'>Τριὲς,</span> 
     </span>
    </p>
   </div>
   <div class='ocr_carea' id='block_1_59' title="bbox 2079 2983 3675 3058">
    <p class='ocr_par' dir='ltr' id='par_1_59' title="bbox 2079 2983 3675 3058">
     <span class='ocr_line' id='line_1_59' title="bbox 2079 2983 3675 3058; baseline 0.003 -21"><span class='ocrx_word' id='word_1_431' title='bbox 2079 2984 2180 3037; x_wconf 83' lang='grc' dir='ltr'>οὐκ</span> <span class='ocrx_word' id='word_1_432' title='bbox 2208 2983 2428 3055; x_wconf 81' lang='grc' dir='ltr'>ἀριθμῷ</span> <span class='ocrx_word' id='word_1_433' title='bbox 2452 2984 2699 3055; x_wconf 75' lang='grc' dir='ltr'>λυομένῳ</span> <span class='ocrx_word' id='word_1_434' title='bbox 2733 2986 3205 3057; x_wconf 74' lang='grc' dir='ltr'>συμπληρουμένη</span> <span class='ocrx_word' id='word_1_435' title='bbox 3237 2988 3323 3057; x_wconf 82' lang='grc' dir='ltr'>(οὑ</span> <span class='ocrx_word' id='word_1_436' title='bbox 3352 2989 3467 3058; x_wconf 86' lang='grc' dir='ltr'><strong>γάρ</strong></span> <span class='ocrx_word' id='word_1_437' title='bbox 3493 2990 3609 3042; x_wconf 75' lang='grc' dir='ltr'>ἐστι</span> <span class='ocrx_word' id='word_1_438' title='bbox 3631 2987 3675 3018; x_wconf 79' lang='grc'><strong>⁸⁸</strong></span> 
     </span>
    </p>
   </div>
   <div class='ocr_carea' id='block_1_60' title="bbox 394 3074 1975 3160">
    <p class='ocr_par' dir='ltr' id='par_1_60' title="bbox 394 3076 1973 3147">
     <span class='ocr_line' id='line_1_60' title="bbox 394 3076 1973 3147; baseline 0.002 -16"><span class='ocrx_word' id='word_1_439' title='bbox 394 3078 443 3132; x_wconf 88' lang='lat' dir='ltr'><strong>si</strong></span> <span class='ocrx_word' id='word_1_440' title='bbox 465 3076 797 3147; x_wconf 84' lang='lat' dir='ltr'><strong>naturaliter</strong></span> <span class='ocrx_word' id='word_1_441' title='bbox 825 3076 1080 3132; x_wconf 88' lang='lat' dir='ltr'><strong>tenderet</strong></span> <span class='ocrx_word' id='word_1_442' title='bbox 1125 3085 1183 3132; x_wconf 87' lang='lat' dir='ltr'><strong>et</strong></span> <span class='ocrx_word' id='word_1_443' title='bbox 1214 3076 1557 3133; x_wconf 83' lang='lat' dir='ltr'><strong>dill‘underet</strong></span> <span class='ocrx_word' id='word_1_444' title='bbox 1585 3094 1645 3134; x_wconf 91' lang='lat' dir='ltr'><strong>se</strong></span> <span class='ocrx_word' id='word_1_445' title='bbox 1693 3080 1750 3132; x_wconf 87' lang='lat' dir='ltr'><strong>in</strong></span> <span class='ocrx_word' id='word_1_446' title='bbox 1780 3080 1973 3136; x_wconf 89' lang='lat' dir='ltr'><strong>multi-</strong></span> 
     </span>
    </p>
   </div>
   <div class='ocr_carea' id='block_1_61' title="bbox 2087 3074 3670 3160">
    <p class='ocr_par' dir='ltr' id='par_1_61' title="bbox 2087 3074 3670 3151">
     <span class='ocr_line' id='line_1_61' title="bbox 2087 3074 3670 3151; baseline 0.004 -24"><span class='ocrx_word' id='word_1_447' title='bbox 2087 3075 2327 3144; x_wconf 82' lang='grc' dir='ltr'>μονάδων</span> <span class='ocrx_word' id='word_1_448' title='bbox 2365 3074 2613 3139; x_wconf 80' lang='grc' dir='ltr'>σύνθεσις</span> <span class='ocrx_word' id='word_1_449' title='bbox 2643 3115 2658 3140; x_wconf 90' lang='grc'><strong>,</strong></span> <span class='ocrx_word' id='word_1_450' title='bbox 2692 3076 2778 3130; x_wconf 83' lang='grc' dir='ltr'><strong>ἴνα</strong></span> <span class='ocrx_word' id='word_1_451' title='bbox 2810 3076 2960 3148; x_wconf 76' lang='grc' dir='ltr'>πάθῃ</span> <span class='ocrx_word' id='word_1_452' title='bbox 2987 3078 3334 3151; x_wconf 85' lang='grc' dir='ltr'>διαίρεσιν),</span> <span class='ocrx_word' id='word_1_453' title='bbox 3371 3081 3494 3137; x_wconf 83' lang='grc' dir='ltr'>ἀλλ’</span> <span class='ocrx_word' id='word_1_454' title='bbox 3521 3080 3670 3134; x_wconf 73' lang='grc' dir='ltr'>ἑνού-</span> 
     </span>
    </p>
   </div>
   <div class='ocr_carea' id='block_1_62' title="bbox 394 3168 1976 3239">
    <p class='ocr_par' dir='ltr' id='par_1_62' title="bbox 394 3168 1976 3239">
     <span class='ocr_line' id='line_1_62' title="bbox 394 3168 1976 3239; baseline 0.001 -15"><span class='ocrx_word' id='word_1_455' title='bbox 394 3168 669 3232; x_wconf 88' lang='lat' dir='ltr'><strong>tudinem,</strong></span> <span class='ocrx_word' id='word_1_456' title='bbox 694 3168 789 3223; x_wconf 86' lang='lat' dir='ltr'><strong>sed</strong></span> <span class='ocrx_word' id='word_1_457' title='bbox 826 3177 913 3224; x_wconf 92' lang='lat' dir='ltr'><strong>est</strong></span> <span class='ocrx_word' id='word_1_458' title='bbox 938 3169 1072 3224; x_wconf 87' lang='lat' dir='ltr'><strong>illud</strong></span> <span class='ocrx_word' id='word_1_459' title='bbox 1103 3169 1252 3239; x_wconf 90' lang='lat' dir='ltr'><strong>quod</strong></span> <span class='ocrx_word' id='word_1_460' title='bbox 1282 3169 1445 3226; x_wconf 89' lang='lat' dir='ltr'><strong>unice</strong></span> <span class='ocrx_word' id='word_1_461' title='bbox 1471 3170 1728 3226; x_wconf 88' lang='lat' dir='ltr'><strong>subsistit</strong></span> <span class='ocrx_word' id='word_1_462' title='bbox 1780 3172 1837 3226; x_wconf 93' lang='lat' dir='ltr'><strong>in</strong></span> <span class='ocrx_word' id='word_1_463' title='bbox 1873 3174 1976 3226; x_wconf 90' lang='lat' dir='ltr'><strong>tri-</strong></span> 
     </span>
    </p>
   </div>
   <div class='ocr_carea' id='block_1_63' title="bbox 394 3260 1976 3332">
    <p class='ocr_par' dir='ltr' id='par_1_63' title="bbox 394 3260 1976 3332">
     <span class='ocr_line' id='line_1_63' title="bbox 394 3260 1976 3332; baseline 0.002 -18"><span class='ocrx_word' id='word_1_464' title='bbox 394 3260 570 3315; x_wconf 86' lang='lat' dir='ltr'><strong>nitate</strong></span> <span class='ocrx_word' id='word_1_465' title='bbox 604 3260 1123 3332; x_wconf 88' lang='lat' dir='ltr'><strong>consubstantiali):</strong></span> <span class='ocrx_word' id='word_1_466' title='bbox 1162 3269 1220 3314; x_wconf 93' lang='lat' dir='ltr'><strong>et</strong></span> <span class='ocrx_word' id='word_1_467' title='bbox 1248 3260 1493 3318; x_wconf 87' lang='lat' dir='ltr'><strong>Trinitas</strong></span> <span class='ocrx_word' id='word_1_468' title='bbox 1533 3277 1591 3315; x_wconf 88' lang='lat' dir='ltr'><strong>re</strong></span> <span class='ocrx_word' id='word_1_469' title='bbox 1639 3262 1759 3331; x_wconf 87' lang='lat' dir='ltr'><strong>ipsa</strong></span> <span class='ocrx_word' id='word_1_470' title='bbox 1789 3263 1976 3317; x_wconf 91' lang='lat' dir='ltr'><strong>Trini-</strong></span> 
     </span>
    </p>
   </div>
   <div class='ocr_carea' id='block_1_64' title="bbox 394 3351 1973 3422">
    <p class='ocr_par' dir='ltr' id='par_1_64' title="bbox 394 3351 1973 3422">
     <span class='ocr_line' id='line_1_64' title="bbox 394 3351 1973 3422; baseline 0.003 -17"><span class='ocrx_word' id='word_1_471' title='bbox 394 3362 481 3406; x_wconf 86' lang='lat' dir='ltr'><strong>tas</strong></span> <span class='ocrx_word' id='word_1_472' title='bbox 506 3359 611 3417; x_wconf 91' lang='lat' dir='ltr'><strong>est,</strong></span> <span class='ocrx_word' id='word_1_473' title='bbox 634 3365 747 3405; x_wconf 90' lang='lat' dir='ltr'><strong>non</strong></span> <span class='ocrx_word' id='word_1_474' title='bbox 773 3351 998 3420; x_wconf 88' lang='lat' dir='ltr'><strong>quidem</strong></span> <span class='ocrx_word' id='word_1_475' title='bbox 1033 3351 1341 3422; x_wconf 88' lang='lat' dir='ltr'><strong>composita</strong></span> <span class='ocrx_word' id='word_1_476' title='bbox 1371 3368 1440 3407; x_wconf 82' lang='lat' dir='ltr'><strong>ex</strong></span> <span class='ocrx_word' id='word_1_477' title='bbox 1462 3368 1695 3408; x_wconf 90' lang='lat' dir='ltr'><strong>numero</strong></span> <span class='ocrx_word' id='word_1_478' title='bbox 1714 3353 1973 3419; x_wconf 90' lang='lat' dir='ltr'><strong>discreto,</strong></span> 
     </span>
    </p>
   </div>
   <div class='ocr_carea' id='block_1_65' title="bbox 386 3442 1977 3514">
    <p class='ocr_par' dir='ltr' id='par_1_65' title="bbox 386 3442 1977 3514">
     <span class='ocr_line' id='line_1_65' title="bbox 386 3442 1977 3514; baseline 0.003 -18"><span class='ocrx_word' id='word_1_479' title='bbox 386 3459 460 3497; x_wconf 81' lang='lat' dir='ltr'><strong>ac</strong></span> <span class='ocrx_word' id='word_1_480' title='bbox 481 3443 528 3497; x_wconf 85' lang='lat' dir='ltr'><strong>si</strong></span> <span class='ocrx_word' id='word_1_481' title='bbox 560 3451 715 3499; x_wconf 84' lang='lat' dir='ltr'><strong>esset</strong></span> <span class='ocrx_word' id='word_1_482' title='bbox 745 3442 1022 3498; x_wconf 86' lang='lat' dir='ltr'><strong>unitatum</strong></span> <span class='ocrx_word' id='word_1_483' title='bbox 1051 3442 1329 3509; x_wconf 87' lang='lat' dir='ltr'><strong>collectio,</strong></span> <span class='ocrx_word' id='word_1_484' title='bbox 1366 3458 1490 3514; x_wconf 87' lang='lat' dir='ltr'><strong>qua</strong></span> <span class='ocrx_word' id='word_1_485' title='bbox 1534 3443 1795 3499; x_wconf 86' lang='lat' dir='ltr'><strong>divisioni</strong></span> <span class='ocrx_word' id='word_1_486' title='bbox 1827 3454 1977 3500; x_wconf 84' lang='lat' dir='ltr'><strong>esset</strong></span> 
     </span>
    </p>
   </div>
   <div class='ocr_carea' id='block_1_66' title="bbox 393 3534 1974 3599">
    <p class='ocr_par' dir='ltr' id='par_1_66' title="bbox 393 3534 1974 3599">
     <span class='ocr_line' id='line_1_66' title="bbox 393 3534 1974 3599; baseline 0.006 -14"><span class='ocrx_word' id='word_1_487' title='bbox 393 3536 657 3599; x_wconf 80' lang='lat' dir='ltr'><strong>nbnoxia,</strong></span> <span class='ocrx_word' id='word_1_488' title='bbox 705 3534 804 3590; x_wconf 89' lang='lat' dir='ltr'><strong>sed</strong></span> <span class='ocrx_word' id='word_1_489' title='bbox 837 3544 924 3591; x_wconf 89' lang='lat' dir='ltr'><strong>est</strong></span> <span class='ocrx_word' id='word_1_490' title='bbox 956 3535 1402 3592; x_wconf 90' lang='lat' dir='ltr'><strong>uni-essentialis</strong></span> <span class='ocrx_word' id='word_1_491' title='bbox 1447 3536 1759 3593; x_wconf 88' lang='lat' dir='ltr'><strong>substantia</strong></span> <span class='ocrx_word' id='word_1_492' title='bbox 1788 3538 1974 3594; x_wconf 84' lang='lat' dir='ltr'><strong>unita-</strong></span> 
     </span>
    </p>
   </div>
   <div class='ocr_carea' id='block_1_67' title="bbox 393 3612 1977 3698">
    <p class='ocr_par' dir='ltr' id='par_1_67' title="bbox 393 3612 1977 3698">
     <span class='ocr_line' id='line_1_67' title="bbox 393 3612 1977 3698; baseline 0.002 -20"><span class='ocrx_word' id='word_1_493' title='bbox 393 3626 488 3688; x_wconf 88' lang='lat' dir='ltr'><strong>tis,</strong></span> <span class='ocrx_word' id='word_1_494' title='bbox 520 3625 575 3679; x_wconf 91' lang='lat' dir='ltr'><strong>in</strong></span> <span class='ocrx_word' id='word_1_495' title='bbox 603 3641 712 3695; x_wconf 88' lang='lat' dir='ltr'><strong>qua</strong></span> <span class='ocrx_word' id='word_1_496' title='bbox 760 3634 875 3682; x_wconf 89' lang='lat' dir='ltr'><strong>tres</strong></span> <span class='ocrx_word' id='word_1_497' title='bbox 901 3634 1034 3681; x_wconf 88' lang='lat' dir='ltr'><strong>sunt</strong></span> <span class='ocrx_word' id='word_1_498' title='bbox 1070 3612 1433 3698; x_wconf 82' lang='lat' dir='ltr'><strong>hypostases;</strong></span> <span class='ocrx_word' id='word_1_499' title='bbox 1481 3626 1668 3681; x_wconf 91' lang='lat' dir='ltr'><strong>unitas</strong></span> <span class='ocrx_word' id='word_1_500' title='bbox 1696 3627 1843 3681; x_wconf 88' lang='lat' dir='ltr'><strong>enim</strong></span> <span class='ocrx_word' id='word_1_501' title='bbox 1890 3636 1977 3682; x_wconf 83' lang='lat' dir='ltr'><strong>est</strong></span> 
     </span>
    </p>
   </div>
   <div class='ocr_carea' id='block_1_68' title="bbox 394 3717 1973 3788">
    <p class='ocr_par' dir='ltr' id='par_1_68' title="bbox 394 3717 1973 3788">
     <span class='ocr_line' id='line_1_68' title="bbox 394 3717 1973 3788; baseline 0.002 -18"><span class='ocrx_word' id='word_1_502' title='bbox 394 3717 664 3781; x_wconf 80' lang='lat' dir='ltr'><strong>Trinitas,</strong></span> <span class='ocrx_word' id='word_1_503' title='bbox 698 3718 962 3788; x_wconf 86' lang='lat' dir='ltr'><strong>quoniam</strong></span> <span class='ocrx_word' id='word_1_504' title='bbox 994 3718 1123 3774; x_wconf 85' lang='lat' dir='ltr'><strong>talis</strong></span> <span class='ocrx_word' id='word_1_505' title='bbox 1154 3727 1240 3773; x_wconf 88' lang='lat' dir='ltr'><strong>est</strong></span> <span class='ocrx_word' id='word_1_506' title='bbox 1264 3719 1385 3788; x_wconf 88' lang='lat' dir='ltr'><strong>ejus</strong></span> <span class='ocrx_word' id='word_1_507' title='bbox 1412 3718 1672 3783; x_wconf 88' lang='lat' dir='ltr'><strong>essentia,</strong></span> <span class='ocrx_word' id='word_1_508' title='bbox 1703 3727 1761 3772; x_wconf 92' lang='lat' dir='ltr'><strong>et</strong></span> <span class='ocrx_word' id='word_1_509' title='bbox 1786 3718 1973 3773; x_wconf 85' lang='lat' dir='ltr'><strong>Trini-</strong></span> 
     </span>
    </p>
   </div>
   <div class='ocr_carea' id='block_1_69' title="bbox 395 3807 1975 3878">
    <p class='ocr_par' dir='ltr' id='par_1_69' title="bbox 395 3807 1975 3878">
     <span class='ocr_line' id='line_1_69' title="bbox 395 3807 1975 3878; baseline 0.003 -19"><span class='ocrx_word' id='word_1_510' title='bbox 395 3815 479 3861; x_wconf 85' lang='lat' dir='ltr'><strong>tas</strong></span> <span class='ocrx_word' id='word_1_511' title='bbox 513 3808 702 3871; x_wconf 89' lang='lat' dir='ltr'><strong>ctiam,</strong></span> <span class='ocrx_word' id='word_1_512' title='bbox 742 3807 1011 3877; x_wconf 89' lang='lat' dir='ltr'><strong>quoniam</strong></span> <span class='ocrx_word' id='word_1_513' title='bbox 1045 3808 1140 3863; x_wconf 84' lang='lat' dir='ltr'><strong>tali</strong></span> <span class='ocrx_word' id='word_1_514' title='bbox 1187 3807 1355 3864; x_wconf 86' lang='lat' dir='ltr'><strong>modo</strong></span> <span class='ocrx_word' id='word_1_515' title='bbox 1395 3808 1669 3872; x_wconf 85' lang='lat' dir='ltr'><strong>subsistit,</strong></span> <span class='ocrx_word' id='word_1_516' title='bbox 1724 3808 1975 3878; x_wconf 86' lang='lat' dir='ltr'><strong>quando-</strong></span> 
     </span>
    </p>
   </div>
   <div class='ocr_carea' id='block_1_70' title="bbox 389 3897 1970 3966">
    <p class='ocr_par' dir='ltr' id='par_1_70' title="bbox 389 3897 1970 3966">
     <span class='ocr_line' id='line_1_70' title="bbox 389 3897 1970 3966; baseline 0.003 -17"><span class='ocrx_word' id='word_1_517' title='bbox 389 3897 840 3966; x_wconf 36' lang='lat' dir='ltr'><strong>quitlemvdeitas</strong></span> <span class='ocrx_word' id='word_1_518' title='bbox 865 3898 921 3952; x_wconf 90' lang='lat' dir='ltr'><strong>in</strong></span> <span class='ocrx_word' id='word_1_519' title='bbox 958 3899 1174 3953; x_wconf 89' lang='lat' dir='ltr'><strong>unitate</strong></span> <span class='ocrx_word' id='word_1_520' title='bbox 1204 3898 1460 3954; x_wconf 90' lang='lat' dir='ltr'><strong>essentia</strong></span> <span class='ocrx_word' id='word_1_521' title='bbox 1508 3907 1566 3953; x_wconf 88' lang='lat' dir='ltr'><strong>et</strong></span> <span class='ocrx_word' id='word_1_522' title='bbox 1611 3900 1667 3953; x_wconf 90' lang='lat' dir='ltr'><strong>in</strong></span> <span class='ocrx_word' id='word_1_523' title='bbox 1697 3899 1970 3955; x_wconf 90' lang='lat' dir='ltr'><strong>Trinitate</strong></span> 
     </span>
    </p>
   </div>
   <div class='ocr_carea' id='block_1_71' title="bbox 389 3987 1978 4044">
    <p class='ocr_par' dir='ltr' id='par_1_71' title="bbox 389 3987 1978 4044">
     <span class='ocr_line' id='line_1_71' title="bbox 389 3987 1978 4044; baseline 0.001 -1"><span class='ocrx_word' id='word_1_524' title='bbox 389 3988 768 4043; x_wconf 85' lang='lat' dir='ltr'><strong>subsistentia</strong></span> <span class='ocrx_word' id='word_1_525' title='bbox 789 4004 901 4042; x_wconf 89' lang='lat' dir='ltr'><strong>una</strong></span> <span class='ocrx_word' id='word_1_526' title='bbox 921 3996 1026 4042; x_wconf 90' lang='lat' dir='ltr'><strong>est.</strong></span> <span class='ocrx_word' id='word_1_527' title='bbox 1064 3987 1122 4043; x_wconf 89' lang='lat' dir='ltr'><strong>Si</strong></span> <span class='ocrx_word' id='word_1_528' title='bbox 1146 4003 1279 4043; x_wconf 88' lang='lat' dir='ltr'><strong>vero</strong></span> <span class='ocrx_word' id='word_1_529' title='bbox 1314 3998 1524 4043; x_wconf 92' lang='lat' dir='ltr'><strong>motum</strong></span> <span class='ocrx_word' id='word_1_530' title='bbox 1555 3988 1788 4043; x_wconf 88' lang='lat' dir='ltr'><strong>audiens</strong></span> <span class='ocrx_word' id='word_1_531' title='bbox 1810 3991 1978 4044; x_wconf 87' lang='lat' dir='ltr'><strong>mira-</strong></span> 
     </span>
    </p>
   </div>
   <div class='ocr_carea' id='block_1_72' title="bbox 393 4077 1977 4151">
    <p class='ocr_par' dir='ltr' id='par_1_72' title="bbox 393 4077 1977 4151">
     <span class='ocr_line' id='line_1_72' title="bbox 393 4077 1977 4151; baseline 0.001 -18"><span class='ocrx_word' id='word_1_532' title='bbox 393 4090 487 4133; x_wconf 85' lang='lat' dir='ltr'><strong>tus</strong></span> <span class='ocrx_word' id='word_1_533' title='bbox 514 4078 689 4134; x_wconf 78' lang='lat' dir='ltr'><strong>lueris</strong></span> <span class='ocrx_word' id='word_1_534' title='bbox 722 4077 817 4148; x_wconf 86' lang='lat' dir='ltr'><strong>qui</strong></span> <span class='ocrx_word' id='word_1_535' title='bbox 847 4079 1058 4134; x_wconf 88' lang='lat' dir='ltr'><strong>moveri</strong></span> <span class='ocrx_word' id='word_1_536' title='bbox 1078 4079 1257 4149; x_wconf 85' lang='lat' dir='ltr'><strong>possit</strong></span> <span class='ocrx_word' id='word_1_537' title='bbox 1289 4079 1491 4145; x_wconf 80' lang='lat' dir='ltr'><strong>deilas,</strong></span> <span class='ocrx_word' id='word_1_538' title='bbox 1515 4096 1639 4151; x_wconf 87' lang='lat' dir='ltr'><strong>qua</strong></span> <span class='ocrx_word' id='word_1_539' title='bbox 1669 4080 1838 4135; x_wconf 90' lang='lat' dir='ltr'><strong>nullis</strong></span> <span class='ocrx_word' id='word_1_540' title='bbox 1862 4089 1977 4135; x_wconf 86' lang='lat' dir='ltr'><strong>ter—</strong></span> 
     </span>
    </p>
   </div>
   <div class='ocr_carea' id='block_1_73' title="bbox 2085 3164 3673 3241">
    <p class='ocr_par' dir='ltr' id='par_1_73' title="bbox 2085 3164 3673 3241">
     <span class='ocr_line' id='line_1_73' title="bbox 2085 3164 3673 3241; baseline 0.004 -23"><span class='ocrx_word' id='word_1_541' title='bbox 2085 3181 2199 3229; x_wconf 86' lang='grc' dir='ltr'>σιος</span> <span class='ocrx_word' id='word_1_542' title='bbox 2219 3166 2260 3198; x_wconf 80' lang='grc'>⁸¹</span> <span class='ocrx_word' id='word_1_543' title='bbox 2308 3164 2543 3237; x_wconf 78' lang='grc' dir='ltr'>ῦπαρξις</span> <span class='ocrx_word' id='word_1_544' title='bbox 2584 3167 3020 3237; x_wconf 86' lang='grc' dir='ltr'>τρισυποστάτου</span> <span class='ocrx_word' id='word_1_545' title='bbox 3057 3169 3305 3238; x_wconf 85' lang='grc' dir='ltr'>μονάδος.</span> <span class='ocrx_word' id='word_1_546' title='bbox 3343 3172 3535 3236; x_wconf 79' lang='grc' dir='ltr'>Μονὰς</span> <span class='ocrx_word' id='word_1_547' title='bbox 3568 3172 3673 3241; x_wconf 82' lang='grc' dir='ltr'><strong>γὰρ</strong></span> 
     </span>
    </p>
   </div>
   <div class='ocr_carea' id='block_1_74' title="bbox 2078 3256 3673 3333">
    <p class='ocr_par' dir='ltr' id='par_1_74' title="bbox 2078 3256 3673 3333">
     <span class='ocr_line' id='line_1_74' title="bbox 2078 3256 3673 3333; baseline 0.001 -21"><span class='ocrx_word' id='word_1_548' title='bbox 2078 3257 2295 3328; x_wconf 83' lang='grc' dir='ltr'>ἀληθῶς</span> <span class='ocrx_word' id='word_1_549' title='bbox 2325 3260 2358 3327; x_wconf 82' lang='grc' dir='ltr'>ἡ</span> <span class='ocrx_word' id='word_1_550' title='bbox 2387 3258 2558 3329; x_wconf 79' lang='grc' dir='ltr'>Τριὰς</span> <span class='ocrx_word' id='word_1_551' title='bbox 2584 3300 2597 3322; x_wconf 95' lang='grc'><strong>,</strong></span> <span class='ocrx_word' id='word_1_552' title='bbox 2629 3258 2710 3311; x_wconf 84' lang='grc' dir='ltr'><strong>ὅτι</strong></span> <span class='ocrx_word' id='word_1_553' title='bbox 2741 3256 2915 3323; x_wconf 80' lang='grc' dir='ltr'>οὕτως</span> <span class='ocrx_word' id='word_1_554' title='bbox 2957 3260 3076 3313; x_wconf 76' lang='grc' dir='ltr'>ἐστὶ</span> <span class='ocrx_word' id='word_1_555' title='bbox 3090 3261 3158 3327; x_wconf 71' lang='grc'><strong>³³,</strong></span> <span class='ocrx_word' id='word_1_556' title='bbox 3190 3262 3286 3315; x_wconf 75' lang='grc' dir='ltr'>καὶ</span> <span class='ocrx_word' id='word_1_557' title='bbox 3327 3263 3506 3333; x_wconf 83' lang='grc' dir='ltr'>Τριάς</span> <span class='ocrx_word' id='word_1_558' title='bbox 3545 3262 3673 3330; x_wconf 87' lang='grc' dir='ltr'>ἀλη-</span> 
     </span>
    </p>
   </div>
   <div class='ocr_carea' id='block_1_75' title="bbox 2079 3349 3671 3425">
    <p class='ocr_par' dir='ltr' id='par_1_75' title="bbox 2079 3349 3671 3425">
     <span class='ocr_line' id='line_1_75' title="bbox 2079 3349 3671 3425; baseline 0.003 -24"><span class='ocrx_word' id='word_1_559' title='bbox 2079 3349 2188 3413; x_wconf 85' lang='grc' dir='ltr'>θῶς</span> <span class='ocrx_word' id='word_1_560' title='bbox 2233 3351 2267 3421; x_wconf 85' lang='grc' dir='ltr'><strong>ἡ</strong></span> <span class='ocrx_word' id='word_1_561' title='bbox 2306 3351 2476 3420; x_wconf 71' lang='grc' dir='ltr'>μονὰς</span> <span class='ocrx_word' id='word_1_562' title='bbox 2509 3349 2575 3413; x_wconf 86' lang='grc'><strong>⁸³,</strong></span> <span class='ocrx_word' id='word_1_563' title='bbox 2619 3352 2703 3403; x_wconf 85' lang='grc' dir='ltr'><strong>ὅτι</strong></span> <span class='ocrx_word' id='word_1_564' title='bbox 2756 3349 2933 3415; x_wconf 81' lang='grc' dir='ltr'>οὕτως</span> <span class='ocrx_word' id='word_1_565' title='bbox 2966 3352 3317 3425; x_wconf 83' lang='grc' dir='ltr'>ὑφέστηκεν·</span> <span class='ocrx_word' id='word_1_566' title='bbox 3356 3356 3551 3425; x_wconf 79' lang='grc' dir='ltr'>ἐπειδὴ</span> <span class='ocrx_word' id='word_1_567' title='bbox 3581 3356 3671 3407; x_wconf 80' lang='grc' dir='ltr'>καὶ</span> 
     </span>
    </p>
   </div>
   <div class='ocr_carea' id='block_1_76' title="bbox 2081 3437 3669 3518">
    <p class='ocr_par' dir='ltr' id='par_1_76' title="bbox 2081 3437 3669 3518">
     <span class='ocr_line' id='line_1_76' title="bbox 2081 3437 3669 3518; baseline 0.005 -24"><span class='ocrx_word' id='word_1_568' title='bbox 2081 3440 2181 3512; x_wconf 87' lang='grc' dir='ltr'><strong>μία</strong></span> <span class='ocrx_word' id='word_1_569' title='bbox 2237 3440 2427 3512; x_wconf 84' lang='grc' dir='ltr'>θεότης</span> <span class='ocrx_word' id='word_1_570' title='bbox 2480 3437 2617 3496; x_wconf 81' lang='grc' dir='ltr'>οὖσά</span> <span class='ocrx_word' id='word_1_571' title='bbox 2678 3460 2738 3496; x_wconf 88' lang='grc' dir='ltr'><strong>τε</strong></span> <span class='ocrx_word' id='word_1_572' title='bbox 2788 3444 3123 3513; x_wconf 85' lang='grc' dir='ltr'>μοναδικῶς,</span> <span class='ocrx_word' id='word_1_573' title='bbox 3179 3447 3273 3499; x_wconf 75' lang='grc' dir='ltr'>καὶ</span> <span class='ocrx_word' id='word_1_574' title='bbox 3322 3448 3669 3518; x_wconf 76' lang='grc' dir='ltr'>ὑφισταμένη</span> 
     </span>
    </p>
   </div>
   <div class='ocr_carea' id='block_1_77' title="bbox 2076 3531 3667 3607">
    <p class='ocr_par' dir='ltr' id='par_1_77' title="bbox 2076 3531 3667 3607">
     <span class='ocr_line' id='line_1_77' title="bbox 2076 3531 3667 3607; baseline 0.004 -23"><span class='ocrx_word' id='word_1_575' title='bbox 2076 3531 2390 3602; x_wconf 91' lang='grc' dir='ltr'>τριαδικῶς.</span> <span class='ocrx_word' id='word_1_576' title='bbox 2442 3534 2503 3586; x_wconf 78' lang='lat' dir='ltr'><strong>Et</strong></span> <span class='ocrx_word' id='word_1_577' title='bbox 2549 3534 2607 3585; x_wconf 82' lang='grc' dir='ltr'>δὲ</span> <span class='ocrx_word' id='word_1_578' title='bbox 2653 3533 2869 3604; x_wconf 86' lang='grc' dir='ltr'>κίνησιν</span> <span class='ocrx_word' id='word_1_579' title='bbox 2904 3533 3143 3600; x_wconf 80' lang='grc' dir='ltr'>ἀκούσας</span> <span class='ocrx_word' id='word_1_580' title='bbox 3185 3536 3519 3607; x_wconf 78' lang='grc' dir='ltr'>ἐθαύμασας</span> <span class='ocrx_word' id='word_1_581' title='bbox 3552 3539 3667 3598; x_wconf 82' lang='grc' dir='ltr'><strong>πῶς</strong></span> 
     </span>
    </p>
   </div>
   <div class='ocr_carea' id='block_1_78' title="bbox 2078 3624 3665 3701">
    <p class='ocr_par' dir='ltr' id='par_1_78' title="bbox 2078 3624 3665 3701">
     <span class='ocr_line' id='line_1_78' title="bbox 2078 3624 3665 3701; baseline 0.002 -24"><span class='ocrx_word' id='word_1_582' title='bbox 2078 3624 2448 3695; x_wconf 85' lang='grc' dir='ltr'>ὑπεράπειρος</span> <span class='ocrx_word' id='word_1_583' title='bbox 2471 3629 2702 3679; x_wconf 84' lang='grc' dir='ltr'>κινεῖται</span> <span class='ocrx_word' id='word_1_584' title='bbox 2734 3625 2924 3698; x_wconf 86' lang='grc' dir='ltr'>θεότης</span> <span class='ocrx_word' id='word_1_585' title='bbox 2946 3666 2960 3690; x_wconf 89' lang='grc'><strong>,</strong></span> <span class='ocrx_word' id='word_1_586' title='bbox 2995 3628 3177 3696; x_wconf 82' lang='grc' dir='ltr'>ἡμῶν,</span> <span class='ocrx_word' id='word_1_587' title='bbox 3206 3629 3307 3682; x_wconf 87' lang='grc' dir='ltr'><strong>οὑκ</strong></span> <span class='ocrx_word' id='word_1_588' title='bbox 3336 3630 3562 3701; x_wconf 84' lang='grc' dir='ltr'>ἐκείνης</span> <span class='ocrx_word' id='word_1_589' title='bbox 3606 3629 3665 3681; x_wconf 73' lang='grc' dir='ltr'><strong>ἰδ</strong></span> 
     </span>
    </p>
   </div>
   <div class='ocr_carea' id='block_1_79' title="bbox 2077 3711 3665 3790">
    <p class='ocr_par' dir='ltr' id='par_1_79' title="bbox 2077 3711 3665 3790">
     <span class='ocr_line' id='line_1_79' title="bbox 2077 3711 3665 3790; baseline 0.004 -24"><span class='ocrx_word' id='word_1_590' title='bbox 2077 3713 2271 3777; x_wconf 83' lang='grc' dir='ltr'>πάθος,</span> <span class='ocrx_word' id='word_1_591' title='bbox 2308 3714 2527 3786; x_wconf 83' lang='grc' dir='ltr'>πρῶτον</span> <span class='ocrx_word' id='word_1_592' title='bbox 2554 3715 2644 3769; x_wconf 80' lang='grc' dir='ltr'>τὸν</span> <span class='ocrx_word' id='word_1_593' title='bbox 2678 3715 2773 3769; x_wconf 92' lang='grc' dir='ltr'><strong>τοῦ</strong></span> <span class='ocrx_word' id='word_1_594' title='bbox 2818 3711 2959 3771; x_wconf 78' lang='grc' dir='ltr'>εἶναι</span> <span class='ocrx_word' id='word_1_595' title='bbox 2991 3716 3150 3786; x_wconf 88' lang='grc' dir='ltr'>λόγον</span> <span class='ocrx_word' id='word_1_596' title='bbox 3184 3719 3361 3790; x_wconf 79' lang='grc' dir='ltr'>αὐτῆς</span> <span class='ocrx_word' id='word_1_597' title='bbox 3391 3719 3665 3790; x_wconf 81' lang='grc' dir='ltr'>ὲλλαμπο-</span> 
     </span>
    </p>
   </div>
   <div class='ocr_carea' id='block_1_80' title="bbox 2082 3805 3662 3879">
    <p class='ocr_par' dir='ltr' id='par_1_80' title="bbox 2082 3805 3662 3879">
     <span class='ocr_line' id='line_1_80' title="bbox 2082 3805 3662 3879; baseline 0.004 -22"><span class='ocrx_word' id='word_1_598' title='bbox 2082 3805 2281 3875; x_wconf 81' lang='grc' dir='ltr'>μένων,</span> <span class='ocrx_word' id='word_1_599' title='bbox 2307 3806 2403 3860; x_wconf 74' lang='grc' dir='ltr'>καὶ</span> <span class='ocrx_word' id='word_1_600' title='bbox 2431 3805 2577 3861; x_wconf 76' lang='grc' dir='ltr'>οὕτω</span> <span class='ocrx_word' id='word_1_601' title='bbox 2605 3807 2696 3860; x_wconf 84' lang='grc' dir='ltr'>τὸν</span> <span class='ocrx_word' id='word_1_602' title='bbox 2725 3806 2819 3860; x_wconf 89' lang='grc' dir='ltr'><strong>τοῦ</strong></span> <span class='ocrx_word' id='word_1_603' title='bbox 2851 3808 2969 3872; x_wconf 89' lang='grc' dir='ltr'><strong>πῶς</strong></span> <span class='ocrx_word' id='word_1_604' title='bbox 2995 3808 3164 3877; x_wconf 84' lang='grc' dir='ltr'>αὑτὴν</span> <span class='ocrx_word' id='word_1_605' title='bbox 3195 3810 3504 3878; x_wconf 82' lang='grc' dir='ltr'>ὑφεστάναι</span> <span class='ocrx_word' id='word_1_606' title='bbox 3537 3809 3662 3879; x_wconf 81' lang='grc' dir='ltr'>τρό-</span> 
     </span>
    </p>
   </div>
   <div class='ocr_carea' id='block_1_81' title="bbox 2079 3893 3661 3970">
    <p class='ocr_par' dir='ltr' id='par_1_81' title="bbox 2079 3893 3661 3970">
     <span class='ocr_line' id='line_1_81' title="bbox 2079 3893 3661 3970; baseline 0.001 -22"><span class='ocrx_word' id='word_1_607' title='bbox 2079 3913 2181 3949; x_wconf 90' lang='grc' dir='ltr'><strong>πον</strong></span> <span class='ocrx_word' id='word_1_608' title='bbox 2235 3896 2644 3968; x_wconf 76' lang='grc' dir='ltr'>φωτιζομένων,</span> <span class='ocrx_word' id='word_1_609' title='bbox 2695 3897 2857 3970; x_wconf 79' lang='grc' dir='ltr'>εἴπερ</span> <span class='ocrx_word' id='word_1_610' title='bbox 2911 3898 2972 3951; x_wconf 73' lang='grc' dir='ltr'><strong>τὸ</strong></span> <span class='ocrx_word' id='word_1_611' title='bbox 3015 3894 3157 3952; x_wconf 80' lang='grc' dir='ltr'>εἶναι</span> <span class='ocrx_word' id='word_1_612' title='bbox 3202 3899 3296 3953; x_wconf 92' lang='grc' dir='ltr'><strong>τοῦ</strong></span> <span class='ocrx_word' id='word_1_613' title='bbox 3348 3901 3471 3964; x_wconf 87' lang='grc' dir='ltr'><strong>πῶς</strong></span> <span class='ocrx_word' id='word_1_614' title='bbox 3526 3893 3661 3954; x_wconf 76' lang='grc' dir='ltr'>εἶναι</span> 
     </span>
    </p>
   </div>
   <div class='ocr_carea' id='block_1_82' title="bbox 2074 3976 3665 4064">
    <p class='ocr_par' dir='ltr' id='par_1_82' title="bbox 2074 3976 3665 4064">
     <span class='ocr_line' id='line_1_82' title="bbox 2074 3976 3665 4064; baseline 0.006 -24"><span class='ocrx_word' id='word_1_615' title='bbox 2074 3986 2292 4052; x_wconf 83' lang='grc' dir='ltr'>πάντως</span> <span class='ocrx_word' id='word_1_616' title='bbox 2340 3992 2766 4059; x_wconf 82' lang='grc' dir='ltr'>προεπινοεῖται.</span> <span class='ocrx_word' id='word_1_617' title='bbox 2814 3990 3045 4062; x_wconf 87' lang='grc' dir='ltr'>Κίνησις</span> <span class='ocrx_word' id='word_1_618' title='bbox 3094 3988 3185 4046; x_wconf 81' lang='grc' dir='ltr'>οὖν</span> <span class='ocrx_word' id='word_1_619' title='bbox 3236 3991 3501 4064; x_wconf 82' lang='grc' dir='ltr'>θεότητος</span> <span class='ocrx_word' id='word_1_620' title='bbox 3536 3994 3569 4063; x_wconf 79' lang='grc' dir='ltr'>ἡ</span> <span class='ocrx_word' id='word_1_621' title='bbox 3600 3976 3665 4043; x_wconf 67' lang='grc' dir='ltr'>δι’</span> 
     </span>
    </p>
   </div>
   <div class='ocr_carea' id='block_1_83' title="bbox 2077 4081 3662 4159">
    <p class='ocr_par' dir='ltr' id='par_1_83' title="bbox 2077 4081 3662 4159">
     <span class='ocr_line' id='line_1_83' title="bbox 2077 4081 3662 4159; baseline 0.004 -26"><span class='ocrx_word' id='word_1_622' title='bbox 2077 4081 2395 4150; x_wconf 83' lang='grc' dir='ltr'>ὲκφάνσεως</span> <span class='ocrx_word' id='word_1_623' title='bbox 2447 4084 2709 4156; x_wconf 84' lang='grc' dir='ltr'>γινομένη</span> <span class='ocrx_word' id='word_1_624' title='bbox 2758 4085 2887 4156; x_wconf 90' lang='grc' dir='ltr'>περί</span> <span class='ocrx_word' id='word_1_625' title='bbox 2935 4103 2995 4139; x_wconf 89' lang='grc' dir='ltr'><strong>τε</strong></span> <span class='ocrx_word' id='word_1_626' title='bbox 3049 4086 3144 4139; x_wconf 87' lang='grc' dir='ltr'><strong>τοῦ</strong></span> <span class='ocrx_word' id='word_1_627' title='bbox 3191 4082 3333 4143; x_wconf 83' lang='grc' dir='ltr'>εἶναι</span> <span class='ocrx_word' id='word_1_628' title='bbox 3367 4086 3539 4159; x_wconf 80' lang='grc' dir='ltr'>αὐτὴν</span> <span class='ocrx_word' id='word_1_629' title='bbox 3573 4085 3662 4139; x_wconf 76' lang='grc' dir='ltr'>καὶ</span> 
     </span>
    </p>
   </div>
   <div class='ocr_carea' id='block_1_84' title="bbox 391 4166 1975 4251">
    <p class='ocr_par' dir='ltr' id='par_1_84' title="bbox 391 4166 1975 4232">
     <span class='ocr_line' id='line_1_84' title="bbox 391 4166 1975 4232; baseline 0.003 -12"><span class='ocrx_word' id='word_1_630' title='bbox 391 4166 561 4221; x_wconf 84' lang='lat' dir='ltr'><strong>minis</strong></span> <span class='ocrx_word' id='word_1_631' title='bbox 587 4166 928 4232; x_wconf 86' lang='lat' dir='ltr'><strong>continetur,</strong></span> <span class='ocrx_word' id='word_1_632' title='bbox 957 4166 1245 4223; x_wconf 88' lang='lat' dir='ltr'><strong>sciendum</strong></span> <span class='ocrx_word' id='word_1_633' title='bbox 1290 4177 1378 4223; x_wconf 91' lang='lat' dir='ltr'><strong>est</strong></span> <span class='ocrx_word' id='word_1_634' title='bbox 1417 4184 1545 4222; x_wconf 90' lang='lat' dir='ltr'><strong>eum</strong></span> <span class='ocrx_word' id='word_1_635' title='bbox 1572 4168 1833 4224; x_wconf 69' lang='lat' dir='ltr'><strong>allectum</strong></span> <span class='ocrx_word' id='word_1_636' title='bbox 1867 4184 1975 4225; x_wconf 91' lang='lat' dir='ltr'><strong>non</strong></span> 
     </span>
    </p>
   </div>
   <div class='ocr_carea' id='block_1_85' title="bbox 2087 4166 3659 4251">
    <p class='ocr_par' dir='ltr' id='par_1_85' title="bbox 2087 4171 3659 4251">
     <span class='ocr_line' id='line_1_85' title="bbox 2087 4171 3659 4251; baseline 0.003 -26"><span class='ocrx_word' id='word_1_637' title='bbox 2087 4171 2173 4225; x_wconf 75' lang='grc' dir='ltr'><strong>τοῦ</strong></span> <span class='ocrx_word' id='word_1_638' title='bbox 2193 4173 2240 4205; x_wconf 67' lang='grc'><strong>³⁵</strong></span> <span class='ocrx_word' id='word_1_639' title='bbox 2285 4174 2401 4240; x_wconf 91' lang='grc' dir='ltr'><strong>πῶς</strong></span> <span class='ocrx_word' id='word_1_640' title='bbox 2449 4175 2619 4247; x_wconf 83' lang='grc' dir='ltr'>αὐτὴν</span> <span class='ocrx_word' id='word_1_641' title='bbox 2666 4176 2977 4246; x_wconf 82' lang='grc' dir='ltr'>ὑφεστάναι</span> <span class='ocrx_word' id='word_1_642' title='bbox 3015 4180 3132 4242; x_wconf 86' lang='grc' dir='ltr'>τοῖς</span> <span class='ocrx_word' id='word_1_643' title='bbox 3179 4180 3353 4251; x_wconf 80' lang='grc' dir='ltr'>αὐτῆς</span> <span class='ocrx_word' id='word_1_644' title='bbox 3396 4179 3659 4239; x_wconf 80' lang='grc' dir='ltr'>δεκτικοῖς</span> 
     </span>
    </p>
   </div>
   <div class='ocr_carea' id='block_1_86' title="bbox 391 4257 1975 4337">
    <p class='ocr_par' dir='ltr' id='par_1_86' title="bbox 391 4257 1975 4332">
     <span class='ocr_line' id='line_1_86' title="bbox 391 4257 1975 4332; baseline 0.005 -21"><span class='ocrx_word' id='word_1_645' title='bbox 391 4259 463 4312; x_wconf 85' lang='lat' dir='ltr'><strong>ab</strong></span> <span class='ocrx_word' id='word_1_646' title='bbox 488 4257 605 4329; x_wconf 86' lang='lat' dir='ltr'><strong>ipsa</strong></span> <span class='ocrx_word' id='word_1_647' title='bbox 646 4272 770 4313; x_wconf 90' lang='lat' dir='ltr'><strong>esse</strong></span> <span class='ocrx_word' id='word_1_648' title='bbox 796 4258 1025 4324; x_wconf 86' lang='lat' dir='ltr'><strong>deitate,</strong></span> <span class='ocrx_word' id='word_1_649' title='bbox 1076 4258 1177 4315; x_wconf 92' lang='lat' dir='ltr'><strong>sed</strong></span> <span class='ocrx_word' id='word_1_650' title='bbox 1213 4275 1244 4314; x_wconf 89' lang='lat' dir='ltr'><strong>a</strong></span> <span class='ocrx_word' id='word_1_651' title='bbox 1274 4260 1457 4316; x_wconf 77' lang='lat' dir='ltr'><strong>nobis.</strong></span> <span class='ocrx_word' id='word_1_652' title='bbox 1488 4261 1566 4316; x_wconf 91' lang='lat' dir='ltr'><strong>Ita</strong></span> <span class='ocrx_word' id='word_1_653' title='bbox 1606 4260 1755 4316; x_wconf 87' lang='lat' dir='ltr'><strong>enim</strong></span> <span class='ocrx_word' id='word_1_654' title='bbox 1788 4263 1975 4332; x_wconf 80' lang='lat' dir='ltr'><strong>prima</strong></span> 
     </span>
    </p>
   </div>
   <div class='ocr_carea' id='block_1_87' title="bbox 2087 4257 2645 4337">
    <p class='ocr_par' dir='ltr' id='par_1_87' title="bbox 2087 4264 2645 4337">
     <span class='ocr_line' id='line_1_87' title="bbox 2087 4264 2645 4337; baseline 0.005 -19"><span class='ocrx_word' id='word_1_655' title='bbox 2087 4264 2390 4337; x_wconf 81' lang='grc' dir='ltr'>καθέστηκε</span> <span class='ocrx_word' id='word_1_656' title='bbox 2421 4266 2645 4336; x_wconf 90' lang='grc' dir='ltr'>γνῶσις.</span> 
     </span>
    </p>
   </div>
   <div class='ocr_carea' id='block_1_88' title="bbox 394 4351 3659 4432">
    <p class='ocr_par' dir='ltr' id='par_1_88' title="bbox 394 4351 3659 4432">
     <span class='ocr_line' id='line_1_88' title="bbox 394 4351 3659 4432; baseline 0.003 -27"><span class='ocrx_word' id='word_1_657' title='bbox 394 4351 651 4406; x_wconf 73' lang='lat' dir='ltr'><strong>essentia</strong></span> <span class='ocrx_word' id='word_1_658' title='bbox 673 4352 795 4423; x_wconf 90' lang='lat' dir='ltr'><strong>ejus</strong></span> <span class='ocrx_word' id='word_1_659' title='bbox 832 4352 975 4407; x_wconf 89' lang='lat' dir='ltr'><strong>ratio</strong></span> <span class='ocrx_word' id='word_1_660' title='bbox 1003 4351 1166 4407; x_wconf 90' lang='lat' dir='ltr'><strong>nobis</strong></span> <span class='ocrx_word' id='word_1_661' title='bbox 1207 4367 1265 4408; x_wconf 89' lang='lat' dir='ltr'><strong>se</strong></span> <span class='ocrx_word' id='word_1_662' title='bbox 1290 4352 1630 4416; x_wconf 83' lang='lat' dir='ltr'><strong>manifestat,</strong></span> <span class='ocrx_word' id='word_1_663' title='bbox 1668 4354 1860 4424; x_wconf 90' lang='lat' dir='ltr'><strong>itaque</strong></span> <span class='ocrx_word' id='word_1_664' title='bbox 1903 4356 1973 4412; x_wconf 90' lang='lat' dir='ltr'><strong>de</strong></span> <span class='ocrx_word' id='word_1_665' title='bbox 2013 4358 2199 4425; x_wconf 90' lang='lat' dir='ltr'><strong>modo,</strong></span> <span class='ocrx_word' id='word_1_666' title='bbox 2224 4373 2335 4428; x_wconf 92' lang='lat' dir='ltr'><strong>quo</strong></span> <span class='ocrx_word' id='word_1_667' title='bbox 2399 4358 2518 4427; x_wconf 89' lang='lat' dir='ltr'><strong>ipsa</strong></span> <span class='ocrx_word' id='word_1_668' title='bbox 2547 4358 2822 4423; x_wconf 89' lang='lat' dir='ltr'><strong>subsistit,</strong></span> <span class='ocrx_word' id='word_1_669' title='bbox 2884 4359 3283 4417; x_wconf 89' lang='lat' dir='ltr'><strong>illuminamur.</strong></span> <span class='ocrx_word' id='word_1_670' title='bbox 3309 4363 3473 4425; x_wconf 86' lang='lat' dir='ltr'><strong>Prius</strong></span> <span class='ocrx_word' id='word_1_671' title='bbox 3492 4360 3659 4432; x_wconf 90' lang='lat' dir='ltr'><strong>siqui—</strong></span> 
     </span>
    </p>
   </div>
   <div class='ocr_carea' id='block_1_89' title="bbox 395 4441 3661 4523">
    <p class='ocr_par' dir='ltr' id='par_1_89' title="bbox 395 4441 3661 4523">
     <span class='ocr_line' id='line_1_89' title="bbox 395 4441 3661 4523; baseline 0.002 -27"><span class='ocrx_word' id='word_1_672' title='bbox 395 4444 520 4496; x_wconf 82' lang='lat' dir='ltr'><strong>dem</strong></span> <span class='ocrx_word' id='word_1_673' title='bbox 547 4451 633 4498; x_wconf 90' lang='lat' dir='ltr'><strong>est</strong></span> <span class='ocrx_word' id='word_1_674' title='bbox 663 4442 719 4497; x_wconf 91' lang='lat' dir='ltr'><strong>in</strong></span> <span class='ocrx_word' id='word_1_675' title='bbox 748 4441 1065 4513; x_wconf 79' lang='lat' dir='ltr'><strong>cognitione</strong></span> <span class='ocrx_word' id='word_1_676' title='bbox 1090 4444 1150 4496; x_wconf 83' lang='grc' dir='ltr'>τὸ</span> <span class='ocrx_word' id='word_1_677' title='bbox 1175 4458 1297 4499; x_wconf 88' lang='lat' dir='ltr'><strong>esse</strong></span> <span class='ocrx_word' id='word_1_678' title='bbox 1320 4458 1485 4514; x_wconf 85' lang='lat' dir='ltr'><strong>quam</strong></span> <span class='ocrx_word' id='word_1_679' title='bbox 1514 4443 1617 4498; x_wconf 91' lang='lat' dir='ltr'><strong>hoc</strong></span> <span class='ocrx_word' id='word_1_680' title='bbox 1677 4442 1842 4497; x_wconf 89' lang='lat' dir='ltr'><strong>modo</strong></span> <span class='ocrx_word' id='word_1_681' title='bbox 1857 4458 1999 4498; x_wconf 89' lang='lat' dir='ltr'><strong>esse.</strong></span> <span class='ocrx_word' id='word_1_682' title='bbox 2044 4444 2276 4500; x_wconf 91' lang='lat' dir='ltr'><strong>Deitatis</strong></span> <span class='ocrx_word' id='word_1_683' title='bbox 2321 4446 2493 4517; x_wconf 79' lang='lat' dir='ltr'><strong>igitur</strong></span> <span class='ocrx_word' id='word_1_684' title='bbox 2566 4458 2752 4505; x_wconf 92' lang='lat' dir='ltr'><strong>motus</strong></span> <span class='ocrx_word' id='word_1_685' title='bbox 2780 4459 2865 4504; x_wconf 90' lang='lat' dir='ltr'><strong>est</strong></span> <span class='ocrx_word' id='word_1_686' title='bbox 2908 4451 3029 4520; x_wconf 86' lang='lat' dir='ltr'><strong>ejus</strong></span> <span class='ocrx_word' id='word_1_687' title='bbox 3065 4450 3332 4520; x_wconf 80' lang='lat' dir='ltr'><strong>cognitio,</strong></span> <span class='ocrx_word' id='word_1_688' title='bbox 3370 4468 3472 4523; x_wconf 90' lang='lat' dir='ltr'><strong>per</strong></span> <span class='ocrx_word' id='word_1_689' title='bbox 3503 4462 3661 4521; x_wconf 89' lang='lat' dir='ltr'><strong>quam</strong></span> 
     </span>
    </p>
   </div>
   <div class='ocr_carea' id='block_1_90' title="bbox 397 4536 2488 4610">
    <p class='ocr_par' dir='ltr' id='par_1_90' title="bbox 397 4536 2488 4610">
     <span class='ocr_line' id='line_1_90' title="bbox 397 4536 2488 4610; baseline 0 -17"><span class='ocrx_word' id='word_1_690' title='bbox 397 4539 466 4593; x_wconf 90' lang='lat' dir='ltr'><strong>iis</strong></span> <span class='ocrx_word' id='word_1_691' title='bbox 494 4537 589 4607; x_wconf 91' lang='lat' dir='ltr'><strong>qui</strong></span> <span class='ocrx_word' id='word_1_692' title='bbox 610 4551 841 4608; x_wconf 88' lang='lat' dir='ltr'><strong>capaces</strong></span> <span class='ocrx_word' id='word_1_693' title='bbox 873 4547 1007 4592; x_wconf 87' lang='lat' dir='ltr'><strong>sunt</strong></span> <span class='ocrx_word' id='word_1_694' title='bbox 1043 4545 1102 4592; x_wconf 90' lang='lat' dir='ltr'><strong>et</strong></span> <span class='ocrx_word' id='word_1_695' title='bbox 1131 4552 1255 4593; x_wconf 89' lang='lat' dir='ltr'><strong>esse</strong></span> <span class='ocrx_word' id='word_1_696' title='bbox 1283 4539 1403 4610; x_wconf 88' lang='lat' dir='ltr'><strong>ejus</strong></span> <span class='ocrx_word' id='word_1_697' title='bbox 1445 4546 1502 4591; x_wconf 91' lang='lat' dir='ltr'><strong>et</strong></span> <span class='ocrx_word' id='word_1_698' title='bbox 1549 4536 1749 4592; x_wconf 92' lang='lat' dir='ltr'><strong>modus</strong></span> <span class='ocrx_word' id='word_1_699' title='bbox 1774 4537 2123 4594; x_wconf 84' lang='lat' dir='ltr'><strong>subsistendi</strong></span> <span class='ocrx_word' id='word_1_700' title='bbox 2155 4539 2488 4596; x_wconf 86' lang='lat' dir='ltr'><strong>declaratur.</strong></span> 
     </span>
    </p>
   </div>
   <div class='ocr_carea' id='block_1_91' title="bbox 386 4761 1975 4840">
    <p class='ocr_par' dir='ltr' id='par_1_91' title="bbox 386 4761 1973 4831">
     <span class='ocr_line' id='line_1_91' title="bbox 386 4761 1973 4831; baseline 0.001 -14"><span class='ocrx_word' id='word_1_701' title='bbox 386 4761 545 4817; x_wconf 77' lang='lat' dir='ltr'><strong>Jdem</strong></span> <span class='ocrx_word' id='word_1_702' title='bbox 571 4761 627 4815; x_wconf 87' lang='lat' dir='ltr'><strong>in</strong></span> <span class='ocrx_word' id='word_1_703' title='bbox 655 4762 829 4831; x_wconf 84' lang='lat' dir='ltr'><strong>prima</strong></span> <span class='ocrx_word' id='word_1_704' title='bbox 873 4764 1112 4816; x_wconf 86' lang='lat' dir='ltr'><strong>oratione</strong></span> <span class='ocrx_word' id='word_1_705' title='bbox 1138 4764 1202 4817; x_wconf 87' lang='lat' dir='ltr'><strong>de</strong></span> <span class='ocrx_word' id='word_1_706' title='bbox 1238 4763 1370 4818; x_wconf 70' lang='lat' dir='ltr'><strong>Filio</strong></span> <span class='ocrx_word' id='word_1_707' title='bbox 1406 4765 1459 4816; x_wconf 88' lang='lat' dir='ltr'><strong>in</strong></span> <span class='ocrx_word' id='word_1_708' title='bbox 1502 4764 1577 4828; x_wconf 88' lang='lat' dir='ltr'><strong>id,</strong></span> <span class='ocrx_word' id='word_1_709' title='bbox 1616 4784 1635 4814; x_wconf 76' lang='grc' dir='ltr'><strong>ι</strong></span> <span class='ocrx_word' id='word_1_710' title='bbox 1670 4765 1734 4819; x_wconf 90' lang='lat' dir='ltr'><strong>Ut</strong></span> <span class='ocrx_word' id='word_1_711' title='bbox 1773 4781 1883 4820; x_wconf 78' lang='lat' dir='ltr'><strong>rem</strong></span> <span class='ocrx_word' id='word_1_712' title='bbox 1920 4768 1973 4819; x_wconf 88' lang='lat' dir='ltr'><strong>in</strong></span> 
     </span>
    </p>
   </div>
   <div class='ocr_carea' id='block_1_92' title="bbox 2087 4761 3661 4840">
    <p class='ocr_par' dir='ltr' id='par_1_92' title="bbox 2087 4764 3661 4840">
     <span class='ocr_line' id='line_1_92' title="bbox 2087 4764 3661 4840; baseline -0.001 -20"><span class='ocrx_word' id='word_1_713' title='bbox 2087 4765 2196 4820; x_wconf 65' lang='lat' dir='ltr'><strong>T05</strong></span> <span class='ocrx_word' id='word_1_714' title='bbox 2215 4764 2402 4818; x_wconf 85' lang='grc' dir='ltr'>αὐτοῦ</span> <span class='ocrx_word' id='word_1_715' title='bbox 2418 4764 2485 4817; x_wconf 66' lang='grc' dir='ltr'>ἐκ</span> <span class='ocrx_word' id='word_1_716' title='bbox 2508 4764 2616 4819; x_wconf 76' lang='grc' dir='ltr'><strong>τοῦ</strong></span> <span class='ocrx_word' id='word_1_717' title='bbox 2635 4765 2822 4819; x_wconf 74' lang='grc' dir='ltr'>αὑτοῦ</span> <span class='ocrx_word' id='word_1_718' title='bbox 2837 4765 2951 4797; x_wconf 62' lang='grc' dir='ltr'>’δ’δ’</span> <span class='ocrx_word' id='word_1_719' title='bbox 2966 4766 3399 4840; x_wconf 67' lang='grc' dir='ltr'>πρώτουαοθ</span> <span class='ocrx_word' id='word_1_720' title='bbox 3413 4769 3467 4839; x_wconf 93' lang='lat' dir='ltr'><strong>a)</strong></span> <span class='ocrx_word' id='word_1_721' title='bbox 3481 4768 3661 4836; x_wconf 74' lang='grc' dir='ltr'>λόγου</span> 
     </span>
    </p>
   </div>
   <div class='ocr_carea' id='block_1_93' title="bbox 470 4854 1973 4923">
    <p class='ocr_par' dir='ltr' id='par_1_93' title="bbox 470 4854 1973 4923">
     <span class='ocr_line' id='line_1_93' title="bbox 470 4854 1973 4923; baseline 0.004 -18"><span class='ocrx_word' id='word_1_722' title='bbox 470 4868 642 4922; x_wconf 81' lang='lat' dir='ltr'><strong>pauca</strong></span> <span class='ocrx_word' id='word_1_723' title='bbox 666 4854 998 4918; x_wconf 82' lang='lat' dir='ltr'><strong>contraham,</strong></span> <span class='ocrx_word' id='word_1_724' title='bbox 1032 4855 1127 4907; x_wconf 87' lang='lat' dir='ltr'><strong>hoc</strong></span> <span class='ocrx_word' id='word_1_725' title='bbox 1165 4854 1255 4908; x_wconf 86' lang='lat' dir='ltr'><strong>tibi</strong></span> <span class='ocrx_word' id='word_1_726' title='bbox 1295 4856 1594 4923; x_wconf 77' lang='lat' dir='ltr'><strong>faciendum</strong></span> <span class='ocrx_word' id='word_1_727' title='bbox 1623 4865 1719 4922; x_wconf 78' lang='lat' dir='ltr'><strong>est,</strong></span> <span class='ocrx_word' id='word_1_728' title='bbox 1757 4858 1973 4911; x_wconf 84' lang='lat' dir='ltr'><strong>altiores</strong></span> 
     </span>
    </p>
   </div>
   <div class='ocr_carea' id='block_1_94' title="bbox 469 4940 1974 5016">
    <p class='ocr_par' dir='ltr' id='par_1_94' title="bbox 469 4940 1974 5016">
     <span class='ocr_line' id='line_1_94' title="bbox 469 4940 1974 5016; baseline 0.003 -21"><span class='ocrx_word' id='word_1_729' title='bbox 469 4956 615 4995; x_wconf 75' lang='lat' dir='ltr'><strong>voces</strong></span> <span class='ocrx_word' id='word_1_730' title='bbox 658 4940 846 4995; x_wconf 85' lang='lat' dir='ltr'><strong>deitati</strong></span> <span class='ocrx_word' id='word_1_731' title='bbox 889 4950 938 4996; x_wconf 87' lang='lat' dir='ltr'><strong>et</strong></span> <span class='ocrx_word' id='word_1_732' title='bbox 982 4953 1196 4997; x_wconf 69' lang='lat' dir='ltr'><strong>natura:</strong></span> <span class='ocrx_word' id='word_1_733' title='bbox 1250 4944 1331 4997; x_wconf 87' lang='lat' dir='ltr'><strong>illi</strong></span> <span class='ocrx_word' id='word_1_734' title='bbox 1372 4961 1491 5015; x_wconf 68' lang='lat' dir='ltr'><strong>qua:</strong></span> <span class='ocrx_word' id='word_1_735' title='bbox 1542 4947 1871 5016; x_wconf 65' lang='lat' dir='ltr'><strong>pastionibus</strong></span> <span class='ocrx_word' id='word_1_736' title='bbox 1924 4956 1974 5000; x_wconf 87' lang='lat' dir='ltr'><strong>et</strong></span> 
     </span>
    </p>
   </div>
   <div class='ocr_carea' id='block_1_95' title="bbox 2152 4856 3661 4928">
    <p class='ocr_par' dir='ltr' id='par_1_95' title="bbox 2152 4856 3661 4928">
     <span class='ocr_line' id='line_1_95' title="bbox 2152 4856 3661 4928; baseline -0.001 -19"><span class='ocrx_word' id='word_1_737' title='bbox 2152 4858 2241 4921; x_wconf 80' lang='grc' dir='ltr'>εὶς</span> <span class='ocrx_word' id='word_1_738' title='bbox 2274 4858 2362 4911; x_wconf 85' lang='grc' dir='ltr'><strong>τό·</strong></span> <span class='ocrx_word' id='word_1_739' title='bbox 2402 4875 2422 4906; x_wconf 75' lang='grc' dir='ltr'><strong>ι</strong></span> <span class='ocrx_word' id='word_1_740' title='bbox 2456 4856 2579 4911; x_wconf 83' lang='grc' dir='ltr'><strong>Ἑνὶ</strong></span> <span class='ocrx_word' id='word_1_741' title='bbox 2613 4857 2679 4909; x_wconf 81' lang='grc' dir='ltr'>δὲ</span> <span class='ocrx_word' id='word_1_742' title='bbox 2715 4857 3043 4925; x_wconf 67' lang='grc' dir='ltr'>κεφαλαίῳ,</span> <span class='ocrx_word' id='word_1_743' title='bbox 3072 4858 3144 4912; x_wconf 84' lang='grc' dir='ltr'>τὰ</span> <span class='ocrx_word' id='word_1_744' title='bbox 3171 4859 3284 4922; x_wconf 75' lang='grc' dir='ltr'><strong>μὲν</strong></span> <span class='ocrx_word' id='word_1_745' title='bbox 3315 4859 3661 4928; x_wconf 71' lang='grc' dir='ltr'>ὑψηλότερα</span> 
     </span>
    </p>
   </div>
   <div class='ocr_carea' id='block_1_96' title="bbox 2154 4945 3653 5018">
    <p class='ocr_par' dir='ltr' id='par_1_96' title="bbox 2154 4945 3653 5018">
     <span class='ocr_line' id='line_1_96' title="bbox 2154 4945 3653 5018; baseline -0.002 -18"><span class='ocrx_word' id='word_1_746' title='bbox 2154 4949 2425 5017; x_wconf 79' lang='grc' dir='ltr'>πρόσαγε</span> <span class='ocrx_word' id='word_1_747' title='bbox 2475 4945 2550 5015; x_wconf 78' lang='grc' dir='ltr'>τῇ</span> <span class='ocrx_word' id='word_1_748' title='bbox 2604 4948 2837 5016; x_wconf 82' lang='grc' dir='ltr'>θεότητι</span> <span class='ocrx_word' id='word_1_749' title='bbox 2875 4948 2978 5001; x_wconf 74' lang='grc' dir='ltr'><strong>καί</strong></span> <span class='ocrx_word' id='word_1_750' title='bbox 3023 4948 3102 5018; x_wconf 77' lang='grc' dir='ltr'>τῇ</span> <span class='ocrx_word' id='word_1_751' title='bbox 3144 4950 3439 5018; x_wconf 74' lang='grc' dir='ltr'>κρείττονι</span> <span class='ocrx_word' id='word_1_752' title='bbox 3478 4949 3653 5018; x_wconf 71' lang='grc' dir='ltr'>φύσει</span> 
     </span>
    </p>
   </div>
   <div class='ocr_carea' id='block_1_97' title="bbox 1714 5105 2388 5163">
    <p class='ocr_par' dir='ltr' id='par_1_97' title="bbox 1714 5105 2388 5163">
     <span class='ocr_line' id='line_1_97' title="bbox 1714 5105 2388 5163; baseline 0 -2"><span class='ocrx_word' id='word_1_753' title='bbox 1714 5105 1947 5161; x_wconf 71' lang='grc' dir='ltr'>νΑιιιΑῑ</span> <span class='ocrx_word' id='word_1_754' title='bbox 1980 5105 2388 5163; x_wconf 79' lang='lat' dir='ltr'><strong>LECTIONES.</strong></span> 
     </span>
    </p>
   </div>
   <div class='ocr_carea' id='block_1_98' title="bbox 447 5264 3283 5339">
    <p class='ocr_par' dir='ltr' id='par_1_98' title="bbox 447 5264 3283 5339">
     <span class='ocr_line' id='line_1_98' title="bbox 447 5264 3283 5339; baseline 0.002 -20"><span class='ocrx_word' id='word_1_755' title='bbox 447 5265 533 5339; x_wconf 66' lang='lat'><strong>&quot;‘_</strong></span> <span class='ocrx_word' id='word_1_756' title='bbox 563 5264 653 5320; x_wconf 84' lang='grc' dir='ltr'>διὰ</span> <span class='ocrx_word' id='word_1_757' title='bbox 703 5266 938 5339; x_wconf 27' lang='grc' dir='ltr'><strong>τὴνᾲθιῑ.</strong></span> <span class='ocrx_word' id='word_1_758' title='bbox 982 5266 1102 5339; x_wconf 82' lang='lat' dir='ltr'><strong>Gal.</strong></span> <span class='ocrx_word' id='word_1_759' title='bbox 1176 5268 1223 5298; x_wconf 79' lang='lat'>“</span> <span class='ocrx_word' id='word_1_760' title='bbox 1243 5269 1514 5339; x_wconf 68' lang='grc' dir='ltr'>σκοπισας</span> <span class='ocrx_word' id='word_1_761' title='bbox 1562 5267 1822 5339; x_wconf 45' lang='grc' dir='ltr'><strong>οιῖηϐθι.</strong></span> <span class='ocrx_word' id='word_1_762' title='bbox 1895 5270 1942 5302; x_wconf 74' lang='grc'>³³</span> <span class='ocrx_word' id='word_1_763' title='bbox 1967 5269 2115 5324; x_wconf 75' lang='grc' dir='ltr'>ἐστὶν</span> <span class='ocrx_word' id='word_1_764' title='bbox 2142 5270 2232 5324; x_wconf 87' lang='lat' dir='ltr'><strong>ed.</strong></span> <span class='ocrx_word' id='word_1_765' title='bbox 2265 5269 2382 5325; x_wconf 87' lang='lat' dir='ltr'><strong>Gal.</strong></span> <span class='ocrx_word' id='word_1_766' title='bbox 2467 5268 2513 5302; x_wconf 70' lang='lat'><strong>&quot;</strong></span> <span class='ocrx_word' id='word_1_767' title='bbox 2533 5269 2947 5339; x_wconf 79' lang='grc' dir='ltr'>ἐνωτικωτέραν</span> <span class='ocrx_word' id='word_1_768' title='bbox 2981 5270 3106 5325; x_wconf 92' lang='lat' dir='ltr'><strong>cod.</strong></span> <span class='ocrx_word' id='word_1_769' title='bbox 3140 5270 3283 5326; x_wconf 88' lang='lat' dir='ltr'><strong>Gud.</strong></span> 
     </span>
    </p>
   </div>
   <div class='ocr_carea' id='block_1_99' title="bbox 400 5335 2470 5462">
    <p class='ocr_par' dir='ltr' id='par_1_99' title="bbox 400 5335 2470 5462">
     <span class='ocr_line' id='line_1_99' title="bbox 400 5335 2470 5462; baseline 0.002 -72"><span class='ocrx_word' id='word_1_770' title='bbox 400 5336 603 5419; x_wconf 74' lang='grc' dir='ltr'>αρχίαγ</span> <span class='ocrx_word' id='word_1_771' title='bbox 651 5335 768 5419; x_wconf 22' lang='lat' dir='ltr'><strong>edi</strong></span> <span class='ocrx_word' id='word_1_772' title='bbox 796 5335 922 5420; x_wconf 72' lang='lat' dir='ltr'><strong>Gal.</strong></span> <span class='ocrx_word' id='word_1_773' title='bbox 1011 5337 1058 5368; x_wconf 78' lang='lat'>“</span> <span class='ocrx_word' id='word_1_774' title='bbox 1085 5338 1477 5409; x_wconf 76' lang='grc' dir='ltr'>πρεσϐεὑωμεν</span> <span class='ocrx_word' id='word_1_775' title='bbox 1508 5338 1598 5393; x_wconf 91' lang='lat' dir='ltr'><strong>ed.</strong></span> <span class='ocrx_word' id='word_1_776' title='bbox 1656 5338 1778 5393; x_wconf 88' lang='lat' dir='ltr'><strong>Gal.</strong></span> <span class='ocrx_word' id='word_1_777' title='bbox 1858 5340 1902 5371; x_wconf 83' lang='grc'><strong>²⁷</strong></span> <span class='ocrx_word' id='word_1_778' title='bbox 1926 5340 2201 5462; x_wconf 54' lang='grc' dir='ltr'>συμξυεία</span> <span class='ocrx_word' id='word_1_779' title='bbox 2226 5339 2316 5393; x_wconf 92' lang='lat' dir='ltr'><strong>ed.</strong></span> <span class='ocrx_word' id='word_1_780' title='bbox 2352 5339 2470 5395; x_wconf 89' lang='lat' dir='ltr'><strong>Gal.</strong></span> 
     </span>
     <span class='ocr_line' id='line_1_100' title="bbox 400 5406 2470 5462; baseline 0.001 -3"><span class='ocrx_word' id='word_1_781' title='bbox 400 5421 472 5459; x_wconf 79' lang='lat' dir='ltr'><strong>ne</strong></span> <span class='ocrx_word' id='word_1_782' title='bbox 502 5406 714 5462; x_wconf 76' lang='lat' dir='ltr'><strong>denum</strong></span> <span class='ocrx_word' id='word_1_783' title='bbox 741 5423 933 5462; x_wconf 78' lang='lat' dir='ltr'><strong>monia:</strong></span> <span class='ocrx_word' id='word_1_784' title='bbox 962 5408 1390 5462; x_wconf 83' lang='lat' dir='ltr'><strong>condemnemur.</strong></span> <span class='ocrx_word' id='word_1_785' title='bbox 1468 5409 1514 5441; x_wconf 74' lang='grc'><strong>³⁸</strong></span> <span class='ocrx_word' id='word_1_786' title='bbox 1541 5409 1907 5462; x_wconf 81' lang='grc' dir='ltr'>ὲνυπόστατον</span> <span class='ocrx_word' id='word_1_787' title='bbox 1925 5408 1984 5461; x_wconf 82' lang='grc' dir='ltr'>ὃν</span> <span class='ocrx_word' id='word_1_788' title='bbox 2013 5426 2043 5462; x_wconf 94' lang='grc' dir='ltr'><strong>τ</strong></span> <span class='ocrx_word' id='word_1_789' title='bbox 2103 5427 2201 5462; x_wconf 81' lang='grc' dir='ltr'><strong>της</strong></span> <span class='ocrx_word' id='word_1_790' title='bbox 2223 5412 2470 5462; x_wconf 72' lang='grc' dir='ltr'>ὁμοουσίο</span> 
     </span>
    </p>
   </div>
   <div class='ocr_carea' id='block_1_100' title="bbox 398 5406 1907 5478">
    <p class='ocr_par' dir='ltr' id='par_1_100' title="bbox 398 5406 1907 5478">
     <span class='ocr_line' id='line_1_101' title="bbox 398 5406 1907 5478; baseline 0.001 -18"><span class='ocrx_word' id='word_1_791' title='bbox 398 5406 714 5478; x_wconf 58' lang='grc' dir='ltr'>διξάςέιαιὶε</span> <span class='ocrx_word' id='word_1_792' title='bbox 741 5407 933 5478; x_wconf 79' lang='lat' dir='ltr'><strong>inopia:</strong></span> <span class='ocrx_word' id='word_1_793' title='bbox 962 5406 1390 5478; x_wconf 71' lang='lat' dir='ltr'><strong>condemnemur.</strong></span> <span class='ocrx_word' id='word_1_794' title='bbox 1468 5409 1514 5441; x_wconf 74' lang='grc'><strong>³⁸</strong></span> <span class='ocrx_word' id='word_1_795' title='bbox 1541 5409 1907 5462; x_wconf 81' lang='grc' dir='ltr'>ὲνυπόστατον</span> 
     </span>
    </p>
   </div>
   <div class='ocr_carea' id='block_1_101' title="bbox 3378 5270 3658 5335">
    <p class='ocr_par' dir='ltr' id='par_1_101' title="bbox 3378 5270 3658 5335">
     <span class='ocr_line' id='line_1_102' title="bbox 3378 5270 3658 5335; baseline -0.011 -15"><span class='ocrx_word' id='word_1_796' title='bbox 3378 5270 3422 5303; x_wconf 77' lang='grc'><strong>’⁸</strong></span> <span class='ocrx_word' id='word_1_797' title='bbox 3452 5270 3500 5321; x_wconf 81' lang='grc' dir='ltr'><strong>εί</strong></span> <span class='ocrx_word' id='word_1_798' title='bbox 3535 5279 3658 5335; x_wconf 84' lang='grc' dir='ltr'>μον·</span> 
     </span>
    </p>
   </div>
   <div class='ocr_carea' id='block_1_102' title="bbox 2574 5338 3653 5410">
    <p class='ocr_par' dir='ltr' id='par_1_102' title="bbox 2574 5338 3653 5410">
     <span class='ocr_line' id='line_1_103' title="bbox 2574 5338 3653 5410; baseline -0.008 -14"><span class='ocrx_word' id='word_1_799' title='bbox 2574 5339 2620 5410; x_wconf 46' lang='grc' dir='ltr'><strong>’ἔ</strong></span> <span class='ocrx_word' id='word_1_800' title='bbox 2648 5338 3070 5410; x_wconf 79' lang='grc' dir='ltr'>κατακρίνωμεν</span> <span class='ocrx_word' id='word_1_801' title='bbox 3101 5340 3203 5410; x_wconf 70' lang='lat' dir='ltr'><strong>ed.</strong></span> <span class='ocrx_word' id='word_1_802' title='bbox 3222 5340 3341 5395; x_wconf 87' lang='lat' dir='ltr'><strong>Gal.</strong></span> <span class='ocrx_word' id='word_1_803' title='bbox 3368 5338 3653 5410; x_wconf 18' lang='lat' dir='ltr'><strong>—AVe‘rte:</strong></span> 
     </span>
    </p>
   </div>
   <div class='ocr_carea' id='block_1_103' title="bbox 2103 5405 3657 5478">
    <p class='ocr_par' dir='ltr' id='par_1_103' title="bbox 2103 5405 3657 5478">
     <span class='ocr_line' id='line_1_104' title="bbox 2103 5405 3657 5478; baseline 0.001 0"><span class='ocrx_word' id='word_1_804' title='bbox 2103 5410 2201 5478; x_wconf 73' lang='grc' dir='ltr'><strong>τῆς</strong></span> <span class='ocrx_word' id='word_1_805' title='bbox 2223 5412 2505 5478; x_wconf 58' lang='grc' dir='ltr'>ἀμοουσίου</span> <span class='ocrx_word' id='word_1_806' title='bbox 2540 5409 2630 5465; x_wconf 85' lang='lat' dir='ltr'><strong>ed.</strong></span> <span class='ocrx_word' id='word_1_807' title='bbox 2662 5408 2781 5464; x_wconf 85' lang='lat' dir='ltr'><strong>Gal.</strong></span> <span class='ocrx_word' id='word_1_808' title='bbox 2831 5405 2879 5442; x_wconf 67' lang='grc'>³⁸</span> <span class='ocrx_word' id='word_1_809' title='bbox 2902 5405 3049 5464; x_wconf 78' lang='grc' dir='ltr'>ἐστιν</span> <span class='ocrx_word' id='word_1_810' title='bbox 3070 5409 3297 5465; x_wconf 80' lang='lat' dir='ltr'><strong>ed.Gal.</strong></span> <span class='ocrx_word' id='word_1_811' title='bbox 3358 5410 3400 5442; x_wconf 78' lang='grc'><strong>³⁸</strong></span> <span class='ocrx_word' id='word_1_812' title='bbox 3431 5405 3657 5478; x_wconf 51' lang='lat' dir='ltr'><strong>timidi?&quot;</strong></span> 
     </span>
    </p>
   </div>
   <div class='ocr_carea' id='block_1_104' title="bbox 404 5471 3654 5549">
    <p class='ocr_par' dir='ltr' id='par_1_104' title="bbox 404 5471 3654 5549">
     <span class='ocr_line' id='line_1_105' title="bbox 404 5471 3654 5549; baseline -0.001 -22"><span class='ocrx_word' id='word_1_813' title='bbox 404 5474 496 5549; x_wconf 83' lang='lat' dir='ltr'><strong>ed.</strong></span> <span class='ocrx_word' id='word_1_814' title='bbox 521 5474 637 5549; x_wconf 71' lang='lat' dir='ltr'><strong>G_al.</strong></span> <span class='ocrx_word' id='word_1_815' title='bbox 688 5476 732 5508; x_wconf 81' lang='grc'>⁸²</span> <span class='ocrx_word' id='word_1_816' title='bbox 758 5471 905 5530; x_wconf 71' lang='grc' dir='ltr'>ἔστιν</span> <span class='ocrx_word' id='word_1_817' title='bbox 928 5477 1017 5532; x_wconf 92' lang='lat' dir='ltr'><strong>cd.</strong></span> <span class='ocrx_word' id='word_1_818' title='bbox 1057 5476 1174 5532; x_wconf 88' lang='lat' dir='ltr'><strong>Gal.</strong></span> <span class='ocrx_word' id='word_1_819' title='bbox 1239 5477 1336 5549; x_wconf 74' lang='grc' dir='ltr'><strong>³³η</strong></span> <span class='ocrx_word' id='word_1_820' title='bbox 1374 5478 1542 5548; x_wconf 69' lang='grc' dir='ltr'>μονὰς</span> <span class='ocrx_word' id='word_1_821' title='bbox 1576 5478 1842 5533; x_wconf 87' lang='lat' dir='ltr'><strong>omissum</strong></span> <span class='ocrx_word' id='word_1_822' title='bbox 1864 5487 1946 5534; x_wconf 90' lang='lat' dir='ltr'><strong>est</strong></span> <span class='ocrx_word' id='word_1_823' title='bbox 1979 5479 2037 5533; x_wconf 88' lang='lat' dir='ltr'><strong>in</strong></span> <span class='ocrx_word' id='word_1_824' title='bbox 2065 5471 2198 5534; x_wconf 80' lang='lat' dir='ltr'><strong>edit.</strong></span> <span class='ocrx_word' id='word_1_825' title='bbox 2222 5471 2340 5534; x_wconf 84' lang='lat' dir='ltr'><strong>Gal.</strong></span> <span class='ocrx_word' id='word_1_826' title='bbox 2404 5480 2450 5512; x_wconf 72' lang='lat'><strong>”</strong></span> <span class='ocrx_word' id='word_1_827' title='bbox 2475 5479 2568 5534; x_wconf 82' lang='grc' dir='ltr'><strong>τοῦ</strong></span> <span class='ocrx_word' id='word_1_828' title='bbox 2596 5494 2706 5534; x_wconf 90' lang='lat' dir='ltr'><strong>om.</strong></span> <span class='ocrx_word' id='word_1_829' title='bbox 2736 5478 2825 5533; x_wconf 85' lang='lat' dir='ltr'><strong>ed.</strong></span> <span class='ocrx_word' id='word_1_830' title='bbox 2850 5478 2970 5534; x_wconf 87' lang='lat' dir='ltr'><strong>Gal.</strong></span> <span class='ocrx_word' id='word_1_831' title='bbox 3039 5481 3157 5514; x_wconf 79' lang='grc' dir='ltr'><strong>³⁸ο¹⁷</strong></span> <span class='ocrx_word' id='word_1_832' title='bbox 3188 5479 3353 5539; x_wconf 84' lang='grc' dir='ltr'>αὑτοῦ</span> <span class='ocrx_word' id='word_1_833' title='bbox 3375 5493 3483 5534; x_wconf 91' lang='lat' dir='ltr'><strong>non</strong></span> <span class='ocrx_word' id='word_1_834' title='bbox 3506 5482 3585 5531; x_wconf 87' lang='lat' dir='ltr'><strong>est</strong></span> <span class='ocrx_word' id='word_1_835' title='bbox 3603 5471 3654 5525; x_wconf 89' lang='lat' dir='ltr'><strong>in</strong></span> 
     </span>
    </p>
   </div>
   <div class='ocr_carea' id='block_1_105' title="bbox 399 5544 661 5600">
    <p class='ocr_par' dir='ltr' id='par_1_105' title="bbox 399 5544 661 5600">
     <span class='ocr_line' id='line_1_106' title="bbox 399 5544 661 5600; baseline 0 0"><span class='ocrx_word' id='word_1_836' title='bbox 399 5544 497 5600; x_wconf 78' lang='lat' dir='ltr'><strong>ed.</strong></span> <span class='ocrx_word' id='word_1_837' title='bbox 544 5546 661 5600; x_wconf 90' lang='lat' dir='ltr'><strong>Gal.</strong></span> 
     </span>
    </p>
   </div>
   <div class='ocr_carea' id='block_1_106' title="bbox 482 5675 3645 5767">
    <p class='ocr_par' dir='ltr' id='par_1_106' title="bbox 482 5675 3645 5767">
     <span class='ocr_line' id='line_1_107' title="bbox 482 5675 3645 5767; baseline 0.003 -28"><span class='ocrx_word' id='word_1_838' title='bbox 482 5687 559 5758; x_wconf 77' lang='grc' dir='ltr'><strong>(Ι)</strong></span> <span class='ocrx_word' id='word_1_839' title='bbox 587 5688 814 5758; x_wconf 78' lang='lat' dir='ltr'><strong>Gregor.</strong></span> <span class='ocrx_word' id='word_1_840' title='bbox 845 5689 976 5744; x_wconf 80' lang='lat' dir='ltr'><strong>Naz.</strong></span> <span class='ocrx_word' id='word_1_841' title='bbox 1008 5688 1163 5745; x_wconf 84' lang='lat' dir='ltr'><strong>Orat.</strong></span> <span class='ocrx_word' id='word_1_842' title='bbox 1194 5689 1217 5743; x_wconf 85' lang='lat' dir='ltr'><strong>l</strong></span> <span class='ocrx_word' id='word_1_843' title='bbox 1244 5689 1307 5743; x_wconf 79' lang='lat' dir='ltr'><strong>de</strong></span> <span class='ocrx_word' id='word_1_844' title='bbox 1345 5684 1498 5758; x_wconf 81' lang='lat' dir='ltr'><strong>Filio,</strong></span> <span class='ocrx_word' id='word_1_845' title='bbox 1532 5706 1651 5762; x_wconf 84' lang='lat' dir='ltr'><strong>cap.</strong></span> <span class='ocrx_word' id='word_1_846' title='bbox 1691 5693 1745 5761; x_wconf 74' lang='lat'><strong>2,</strong></span> <span class='ocrx_word' id='word_1_847' title='bbox 1777 5710 1831 5764; x_wconf 92' lang='lat' dir='ltr'><strong>p.</strong></span> <span class='ocrx_word' id='word_1_848' title='bbox 1854 5694 1991 5763; x_wconf 64' lang='lat'><strong>524;</strong></span> <span class='ocrx_word' id='word_1_849' title='bbox 2028 5675 2168 5765; x_wconf 84' lang='lat' dir='ltr'><strong>Opp.</strong></span> <span class='ocrx_word' id='word_1_850' title='bbox 2210 5703 2342 5750; x_wconf 85' lang='lat' dir='ltr'><strong>tom.</strong></span> <span class='ocrx_word' id='word_1_851' title='bbox 2381 5695 2400 5749; x_wconf 94' lang='grc' dir='ltr'><strong>Ι</strong></span> <span class='ocrx_word' id='word_1_852' title='bbox 2433 5695 2522 5752; x_wconf 85' lang='lat' dir='ltr'><strong>cd.</strong></span> <span class='ocrx_word' id='word_1_853' title='bbox 2544 5696 2783 5765; x_wconf 82' lang='lat' dir='ltr'><strong>Bcncd.;</strong></span> <span class='ocrx_word' id='word_1_854' title='bbox 2814 5705 2956 5751; x_wconf 90' lang='lat' dir='ltr'><strong>orat.</strong></span> <span class='ocrx_word' id='word_1_855' title='bbox 2980 5695 3014 5751; x_wconf 78' lang='lat'><strong>5</strong></span> <span class='ocrx_word' id='word_1_856' title='bbox 3036 5696 3115 5751; x_wconf 85' lang='lat' dir='ltr'><strong>De</strong></span> <span class='ocrx_word' id='word_1_857' title='bbox 3137 5712 3265 5767; x_wconf 83' lang='lat' dir='ltr'><strong>pace</strong></span> <span class='ocrx_word' id='word_1_858' title='bbox 3307 5694 3437 5752; x_wconf 87' lang='lat' dir='ltr'><strong>ibid.</strong></span> <span class='ocrx_word' id='word_1_859' title='bbox 3459 5705 3492 5761; x_wconf 90' lang='lat' dir='ltr'><strong>p</strong></span> <span class='ocrx_word' id='word_1_860' title='bbox 3532 5679 3645 5742; x_wconf 69' lang='grc' dir='ltr'><strong>45οο</strong></span> 
     </span>
    </p>
   </div>
  </div>
