3998 6372
387 768 400 795 τ

427 331 565 400 1037

1670 324 2196 389 ΑἮΒΙΕΗΟΒᾹῘΜ
2233 329 2487 391 LIBER.

3563 328 3700 393 1038

502 448 710 502 παθῶν
770 445 869 500 καὶ
933 444 1228 514 σώματος,
1284 443 1357 497 τὰ
1395 443 1463 497 δὲ
1510 443 1899 508 ταπεινότερα
1930 438 2010 503 τῷ

2186 457 2404 511 corpore
2432 437 2713 494 sublimior
2744 450 2818 494 est
2865 444 3150 509 attribuas,
3185 445 3489 499 humiliores
3521 456 3700 499 autem

396 570 407 579 -
500 538 772 601 συνϐἐτῳ
801 535 899 591 καὶ
929 535 1028 589 διὰ
1051 535 1127 589 σὲ
1152 534 1470 589 κενωθέντι
1489 532 1587 586 καὶ
1617 532 2009 600 σαρκωθέντι,

497 627 680 681 οὐδὲν
701 625 770 679 δὲ
795 625 1001 694 χεῖρον
1017 624 1211 678 εἰπεῖν
1243 624 1343 677 καὶ
1375 618 1851 690 ἀνθρωπισθέντι
1877 618 2006 689 (2).)

511 823 570 877 Ὀ
603 821 699 876 τοῦ
736 820 874 875 Θεοῦ
913 820 1086 891 Λόγος
1132 819 1254 884 ὅλος
1287 818 1449 874 οὑσία
1480 819 1693 889 πλήρης
1725 817 2012 886 ὑπάρχων,

379 864 385 880 Ι
425 864 567 979 Θεὸς
612 864 744 984 gap,
788 864 886 967 κναὶ
934 864 1252 975 ὑπόστασιςῖ
1281 911 1404 974 ὅλος
1448 864 1748 980 avexit-tiri};
1785 864 2015 972 ιεξῗιδξ

426 1011 559 1080 γάρ,
586 1005 848 1066 κενωθεὶς
877 1004 976 1073 μὲν
1003 1003 1183 1074 σπορὰ
1203 1003 1396 1073 γέγονε
1421 1002 1521 1073 τῆς
1547 1000 1756 1062 οἰκείας
1787 997 2013 1084 σαρκὸς,

429 1097 655 1170 ἀρρήτῳ
687 1096 745 1149 δὲ
779 1094 1042 1165 συλλήψει
1065 1094 1342 1157 συντεθεὶς
1382 1093 1554 1163 αὐτῆς
1586 1091 1886 1152 ὑπόστασις
1924 1089 2018 1157 γέ-

427 1209 557 1261 γονε
577 1193 623 1223 ¹⁹
656 1191 767 1261 τῆς*
789 1188 1235 1260 προσληφθείσης
1283 1186 1508 1258 σαρκός.
1546 1184 1660 1239 Καὶ¹
1720 1183 1897 1253 τούτῳ
1942 1180 2018 1252 τῷ

429 1286 607 1357 καινῷ
638 1285 923 1356 μυστηρίῳ
940 1283 1062 1336 κατ’
1086 1278 1347 1350 ἀλήθειαν
1384 1275 1671 1348 ἀτρέπτως
1709 1272 1831 1336 ὅλος
1867 1273 2022 1341 γενόο

433 1396 595 1448 μενος
642 1377 951 1448 ἄνθρωπος,
980 1374 1075 1428 δύο
1108 1372 1324 1442 φύσεων
1374 1369 1633 1425 ἀκτίστου
1672 1383 1734 1420 τε
1777 1366 1875 1419 καὶ
1904 1382 2023 1417 κτι-

432 1472 585 1539 στῆς.
620 1470 862 1531 ἀπαθοῦς
907 1485 965 1520 τε
1018 1467 1113 1520 καὶ
1157 1463 1432 1535 παθητῆς,
1463 1465 1492 1516 6
1519 1461 1682 1524 αὐτὸς
1717 1459 2021 1520 ὑπόστασις

426 1557 520 1631 ἦν,
547 1561 757 1622 πάντας
791 1556 1097 1620 ἀνελλιπῶς
1117 1556 1161 1588 ³⁰
1191 1556 1320 1618 τοὺς
1356 1552 1645 1623 φυσικοὺς,
1679 1542 1754 1604 ὧν
1782 1548 2020 1602 ὑπόστα-

430 1668 517 1714 σις
572 1648 865 1721 ἧν,λόγους
890 1650 1299 1719 ἐπιδεχόμενος.
1332 1647 1393 1700 Ei
1416 1646 1473 1699 δὲ
1506 1646 1717 1706 πάντας
1740 1641 2020 1705 οὑσιωδῶς

428 1735 507 1795 ὧν
543 1743 843 1805 ὑπόστασις
878 1736 947 1812 ἦν
991 1744 1116 1805 τοὺς
1158 1740 1422 1811 φυσικοὺς
1471 1736 1761 1806 ἐπεδέχετο
1799 1735 2016 1803 λόγους,

428 1835 581 1906 αὑτῷ
629 1835 873 1903 συνθέτῳ
919 1833 1203 1903 γενομένῳ
1251 1835 1318 1902 τῇ
1359 1827 1723 1901 προσλήψει³¹
1763 1827 1861 1897 τῆς
1894 1842 2025 1897 σαρ-

430 1929 527 1992 κὸς
562 1927 706 1981 κατὰ
735 1927 835 1996 τὴν
869 1926 1171 1979 ὑπόστασιν
1211 1923 1352 1976 πάνυ
1392 1920 1572 1990 σοφῶς
1617 1921 1645 1973 6
1681 1918 2025 1983 διδάσκαλος,

432 2022 521 2074 ἵνα
562 2022 637 2091 μὴ
671 2020 804 2089 ψιλὰ
834 2021 1090 2090 νομισθῇ,
1127 2019 1196 2071 τά
1227 2017 1328 2087 τῆς
1356 2015 1567 2079 οἰκείας
1619 2012 1826 2085 σαρκὸς
1873 2010 2023 2080 πάθη

432 2113 822 2184 προσένειμεν,
860 2111 1029 2165 αὑτοῦ
1068 2127 1126 2163 τε
1150 2110 1252 2180 τῆς
1297 2108 1502 2178 σαρκὸς
1532 2103 1893 2176 ὑπαρχούσης
1931 2102 2027 2156 καὶ

431 2204 557 2258 κατ’
586 2205 758 2272 αὑτὴν
789 2202 1004 2273 ἀληθῶς
1030 2202 1144 2253 ὄντι
1168 2198 1287 2270 Θεῷ
1306 2197 1535 2269 παθητῷ
1558 2195 1705 2251 κατὰ
1726 2196 1826 2267 τῆς
1846 2195 2028 2265 ἁμαρ-

430 2298 576 2359 τίας.
620 2295 823 2358 Οὐσίας
850 2294 1057 2353 τοίνυν,
1097 2292 1220 2345 καθ’
1251 2291 1319 2362 ἣν
1349 2290 1445 2344 καὶ
1479 2287 1787 2360 σαρκωθεὶς
1820 2285 2027 2348 άπλοῦς

431 2392 461 2441 6
491 2388 659 2456 Λόγος
680 2387 959 2459 μεμένηκε
984 2387 1052 2448 ³³,
1077 2386 1170 2438 καὶ
1201 2384 1576 2447 ὑποστάσεως,
1613 2380 1736 2434 καθ’
1758 2380 1827 2451 ἢν
1856 2396 2028 2449 προσ-

432 2478 601 2550 λήψει
652 2477 854 2549 σαρκὸς
904 2477 1093 2544 γέγονε
1143 2473 1419 2538 σύνθετος,
1454 2473 1550 2527 καὶ
1598 2471 1732 2535 Θεὸς
1780 2469 2029 2540 παθητὸς

430 2570 800 2641 οἰκονομικῶς
850 2571 1212 2638 ἐχρημάτισε,
1266 2566 1481 2628 δεικνὺς
1531 2564 1631 2634 τὴν
1696 2561 1958 2633 διαφορὰν
2000 2562 2029 2614 6

433 2660 754 2722 διδάσκαλος
772 2659 944 2713 ταῦτά
960 2677 1123 2728 φησιν
1147 2675 1159 2689 ·
1184 2678 1201 2709 ι
1217 2657 1333 2710 Ἵνα
1355 2656 1428 2727 μὴ
1460 2653 1530 2707 τὰ
1558 2653 1657 2723 τῆς
1678 2651 2029 2713 ὑποστάσεως

436 2752 874 2824 κατηγοροῦντες
896 2753 944 2784 ³³
971 2752 1029 2817 ἐξ
1058 2750 1282 2818 ἀγνοίας
1314 2748 1415 2818 τῆς
1440 2747 1658 2815 φύσεως
1679 2744 1724 2776 ³⁸
1764 2744 2019 2814 λάθωμεν

434 2846 582 2899 κατὰ
600 2845 726 2907 τοὺς
753 2844 805 2897 Ἀ
818 2844 1064 2911 ρειανοὺς
1087 2840 1206 2910 Θεῷ
1228 2839 1389 2909 φύσει
1415 2835 1643 2907 παθητῷ
1662 2834 2029 2906 προσκυνοῦν-

437 2954 550 2999 τες.
577 2955 595 2986 ι
614 2964 685 2975 ——
704 2953 721 2986 ι
748 2934 913 2988 Οὐδὲν
928 2933 983 2986 δὲ
1006 2936 1184 3003 χεῖρον
1205 2932 1379 2984 εἰπεῖν
1402 2929 1497 2982 καὶ
1512 2924 1967 2998 ἀνθρωπισθὲντι,
2004 2944 2022 2976 ›

439 3029 805 3101 προσξθηκεν,
830 3028 891 3080 οὑ
924 3025 1082 3097 μόνον
1113 3025 1201 3077 διὰ
1246 3024 1374 3085 τοὺς
1406 3024 1461 3074 ’Λ
1474 3021 1721 3094 ρειανοὺς
1763 3018 1884 3072 ἀντὶ
1923 3018 2028 3088 ψυ-

438 3124 543 3192 χῆς
576 3120 760 3190 (106
791 3118 843 3186 b)
890 3117 990 3188 τὴν
1032 3116 1287 3187 θεότητα,
1335 3114 1430 3169 καὶ
1498 3114 1625 3176 τοὺς
1684 3109 2028 3180 Ἀπολιναρι-

442 3212 573 3274 στὰς
602 3211 764 3263 ἄνουν
794 3209 893 3278 τὴν
926 3206 1107 3278 ψυχὴν
1139 3203 1589 3275 δογματίζοντας,
1623 3204 1718 3256 καὶ
1748 3201 1924 3272 τούτῳ
1954 3201 2029 3272 τῷ

440 3301 632 3373 τρόπῳ
664 3299 725 3353 τὸ
748 3298 952 3353 τέλειον
995 3298 1094 3369 τῆς
1129 3296 1254 3350 καθ’
1283 3298 1435 3367 ἡμᾶς
1482 3294 1576 3347 τοῦ
1604 3295 1781 3363 Λόγου
1814 3292 2035 3363 περιτέ-

445 3410 679 3464 μνοντας
714 3392 949 3462 φύσεως,
978 3390 1069 3443 καὶ
1108 3389 1269 3459 φύσει
1309 3388 1565 3459 θεότητος
1589 3386 1830 3456 παθητὸν
1864 3385 2030 3437 αὑτὸν

445 3485 834 3554 ποιουμένους,
877 3482 991 3537 ἀλλ’
1023 3482 1110 3535 ἵνα
1136 3483 1230 3534 καὶ
1259 3481 1443 3551 δειχθῇ
1487 3479 1692 3541 τέλειος
1716 3479 1847 3548 ἡμῖν
1884 3493 2036 3546 γεγο-

446 3575 551 3639 νὼς
577 3575 716 3630 κατὰ
753 3574 1014 3644 ἀλήθειαν
1030 3574 1079 3605 ³³
1129 3571 1418 3642 ἄνθρωπος
1465 3573 1492 3623 6
1543 3569 1839 3640 μονογενὴς
1875 3568 2031 3635 Θεὸς,

445 3661 527 3724 ὡς
559 3662 627 3714 δι’
660 3661 917 3733 ἐνεργοῦς
948 3661 1106 3730 φύσει
1145 3661 1347 3731 σαρκὸς
1391 3659 1593 3730 νοερῶς
1640 3675 1700 3711 τε
1743 3660 1835 3712 καὶ
1888 3657 2035 3727 λογι-

448 3753 562 3816 κῶς
600 3753 980 3824 ἐψυχωμένης,
1031 3753 1348 3824 αὑτουργῶν
1393 3753 1492 3822 τὴν
1528 3751 1685 3822 ἡμῶν
1733 3751 2032 3822 σωτηρίαν,

446 3844 610 3917 εἴπερ
655 3845 799 3899 κατὰ
840 3844 1022 3898 πάντα
1068 3845 1238 3914 χωρὶς
1291 3844 1457 3913 μόνης
1505 3842 1804 3914 ἁμαρτίας,
1844 3837 1912 3911 ἧς
1944 3839 2035 3893 οὑ-

446 3938 557 4000 δεὶς
586 3937 656 4009 τῇ
693 3938 857 4007 φύσει
889 3935 1170 3999 παντελῶς
1220 3935 1556 4005 ὲνέσπαρται
1593 3934 1771 4001 λόγος,
1817 3932 1930 3986 ἀλλ’
1972 3932 2032 3984 οὑ

447 4030 618 4101 χωρὶς
668 4029 903 4099 φυσικῆς
941 4028 1244 4098 ἐνεργείας,
1290 4026 1510 4099 ἀληθῶς
1554 4028 1781 4095 γέγονεν
1832 4027 2036 4098 ἄνθρω-

449 4138 572 4186 πος,
598 4116 668 4194 ἦς
696 4124 725 4175 6
744 4122 925 4190 λόγος,
951 4122 1075 4193 ὅρος
1104 4120 1204 4189 τῆς
1230 4119 1419 4182 οὐσίας
1453 4120 1570 4171 ἐστὶ
1592 4120 1662 4186 ⁸⁵,
1690 4121 1901 4184 πάντας
1929 4137 2031 4191 χα-

456 4212 807 4284 ρακτηρίζων
845 4212 1092 4282 φυσικῶς
1130 4207 1210 4274 οἷς
1246 4210 1362 4265 κατ’
1399 4210 1590 4264 οὐσίαν
1615 4211 1923 4281 ἐμπέφυκε.
1962 4213 2035 4265 Τὸ

448 4304 557 4376 γάρ
602 4303 798 4368 κοινῶς
839 4322 898 4357 τε
935 4305 1033 4358 καὶ
1076 4303 1310 4373 γενικῶς
1358 4320 1520 4356 τινων
1554 4303 2035 4375 κατηγορούμενον

446 4397 571 4466 ὄρος
599 4396 701 4467 τῆς
742 4397 920 4450 αὐτῶν
947 4397 1137 4460 οὐσίας
1165 4398 1338 4461 ἐστὶν,
1369 4390 1430 4450 οὑ
1464 4396 1684 4459 πάντως
1710 4398 1741 4467 ἡ
1776 4397 2034 4468 στέρησις

2190 530 2549 584 accommodes
2583 529 2665 583 illi
2694 533 2784 600 qui
2811 533 2885 585 tui
2931 536 3111 602 gratia
3151 536 3392 603 componi
3431 542 3481 588 et
3511 537 3703 589 exina-

2191 623 2318 688 niri,
2344 623 2626 676 incarnari
2657 633 2705 676 et
2749 622 2898 693 (quid
2937 627 3077 679 enim
3107 628 3343 688 vctatsic
3372 627 3515 699 loqui
3543 628 3587 699 ?)
3620 629 3709 681 in-

2191 715 2479 768 humauari
2504 716 2778 774 sustinuit.
2825 736 2841 766 ι
3381 713 3385 716 ’

2190 827 2291 883 Dei
2322 829 2572 883 Verbum
2607 838 2785 885 totum
2816 831 3043 902 quidem
3089 840 3210 887 erat
3260 834 3580 903 plenissima
3614 850 3706 889 es-

2119 918 2320 985 sentia,
2355 928 2547 990 utpote
2573 922 2741 988 Deus,
2768 930 2826 977 et
2860 930 3036 977 totum
3068 936 3188 978 erat
3238 925 3497 994 perfecta
3530 928 3706 998 hypo-

2120 1010 2306 1077 stasis,
2340 1020 2532 1081 utpote
2561 1013 2756 1079 Filius,
2787 1031 2911 1070 cum
2944 1031 3003 1070 se
3030 1016 3362 1082 exinaniret,
3413 1033 3568 1072 suam
3603 1018 3708 1074 sibi

2121 1116 2345 1157 carnem
2394 1106 2717 1173 seminavit;
2766 1107 3037 1163 ineﬂ‘abili
3091 1108 3295 1164 deinde
3346 1111 3714 1180 conceptione

2122 1194 2440 1252 coalescens
2499 1199 2653 1252 carni
2700 1215 2867 1269 quam
2920 1210 3300 1271 assumpserat
3342 1201 3489 1256 idem
3540 1203 3715 1273 hypo-

2122 1285 2295 1339 stasin
2358 1287 2638 1356 praastitit.
2704 1291 2887 1359 Atque
2918 1289 3018 1355 ita,
3070 1307 3217 1345 novo
3270 1291 3376 1346 hoc
3422 1291 3710 1363 mysterio,

2122 1380 2300 1427 totum
2347 1376 2590 1431 Verbum
2638 1376 2759 1432 sine
2808 1379 2916 1433 ulla
2959 1379 3323 1435 conversione
3368 1380 3575 1435 factum
3627 1389 3716 1435 est

2125 1463 2313 1528 homo,
2379 1464 2638 1535 idemque
2692 1467 3007 1539 hypostasis
3069 1469 3307 1524 duarum
3361 1479 3712 1533 naturarum,

2122 1552 2382 1608 increatae
2408 1562 2464 1608 et
2490 1563 2712 1622 creatae,
2760 1558 3121 1627 impassibilis
3155 1568 3212 1615 et
3272 1560 3571 1639 passibilis,
3635 1561 3713 1616 ita

2125 1653 2187 1698 ut
2211 1660 2403 1700 omnes
2436 1649 2662 1703 omnino
2681 1664 2871 1704 earum
2906 1661 3229 1708 naturarum
3258 1640 3503 1709 rationes
3532 1654 3715 1708 susci-

2126 1743 2288 1803 peret
2319 1737 2666 1802 essentiales,
2698 1755 2933 1808 quarum
2969 1751 3094 1796 erat
3140 1743 3469 1813 hypostasis.
3523 1745 3642 1799 Jam
3668 1745 3716 1799 si

2129 1840 2346 1891 omnes,
2381 1835 2443 1880 ut
2473 1828 2608 1894 dixi,
2662 1830 2909 1886 rationes
2956 1840 3306 1901 naturarum,
3353 1852 3589 1904 quarum
3630 1844 3718 1891 est

2126 1916 2462 1988 hypostasis,
2484 1920 2857 1976 essentialiter
2882 1923 3132 1994 suscepit
3160 1925 3215 1979 in
3240 1927 3550 1995 composito
3571 1926 3717 1981 facto

2124 2023 2226 2078 per
2278 2011 2693 2079 susceptionem
2746 2015 2950 2080 carnis,
3013 2017 3320 2071 secundum
3368 2019 3716 2090 hypostasin,

2126 2100 2534 2170 sapientissime
2565 2103 2724 2159 hicce
2758 2107 3045 2176 magister,
3092 2124 3164 2162 ne
3192 2125 3322 2163 eum
3354 2110 3463 2165 illis
3510 2111 3720 2167 faceret

2127 2194 2222 2263 qui
2270 2193 2555 2250 Christum
2608 2198 2821 2252 nudum
2872 2199 3160 2255 hominem
3209 2201 3431 2270 docent,
3480 2205 3721 2274 propriae

2127 2287 2312 2343 carnis
2345 2291 2632 2358 passiones
2656 2292 2934 2359 attribuit,
2983 2294 3243 2362 quoniam
3270 2303 3328 2349 et
3384 2296 3559 2366 ipsius
3600 2306 3722 2354 erat

2129 2392 2281 2444 caro,
2317 2387 2375 2433 et
2413 2395 2515 2448 per
2559 2381 2736 2450 ipsam
2762 2383 2911 2437 Deus
2947 2399 3076 2439 vere
3126 2385 3407 2455 passibilis
3460 2386 3567 2442 fuit
3616 2404 3721 2459 pro

2130 2480 2380 2540 peccato.
2407 2470 2545 2525 Cum
2577 2473 2753 2543 igitur
2790 2476 3057 2546 magister
3104 2478 3251 2532 inter
3279 2481 3601 2549 essentiam,
3628 2498 3719 2537 se-

2129 2564 2375 2618 cundum
2406 2580 2575 2634 quam
2594 2566 2760 2621 etiam
2791 2567 3117 2625 incarnatus
3141 2573 3449 2640 permansit
3484 2574 3718 2643 simplex

2128 2654 2276 2709 Deus
2305 2655 2574 2722 Verbum,
2607 2664 2664 2711 et
2696 2657 3041 2741 hypostasin,
3073 2662 3379 2717 secundum
3407 2680 3571 2733 quam
3600 2680 3720 2719 car-

2128 2747 2217 2801 nis
2245 2748 2624 2817 assumptione
2655 2752 3001 2820 compositus
3026 2752 3208 2807 factus
3234 2761 3323 2808 cst
3349 2765 3408 2810 ct
3433 2756 3581 2811 Deus
3606 2757 3719 2811 dis-

2129 2840 2456 2909 pensatione
2493 2842 2774 2912 passibilis
2795 2845 2994 2910 audiit,
3034 2845 3409 2902 differentiam
3441 2852 3720 2907 ostendis-

2131 2939 2234 2996 set,
2272 2931 2391 2989 haec
2429 2932 2607 2989 dicit:
2642 2954 2660 2984 ι
2700 2935 2778 2988 Ne
2828 2950 2951 3005 qua:
2986 2936 3265 3008 hypostasi
3313 2941 3535 3010 propria
3589 2953 3720 2997 sunt

2131 3020 2468 3076 aﬁirmantes
2510 3038 2637 3076 cum
2671 3023 2892 3079 Arianis
2921 3026 3097 3080 Deum
3157 3038 3355 3082 natura
3401 3032 3720 3098 passibilem

2059 3145 2100 3202 ϐ
2135 3112 2456 3181 ignoranter
2504 3115 2781 3169 colamus.
2821 3135 2838 3167 ι
2879 3117 2973 3170 llla
3022 3126 3205 3173 autem
3247 3121 3416 3175 verba
3469 3123 3713 3178 addidit:

2148 3220 2164 3252 ι
2207 3202 2354 3256 Nihil
2376 3203 2565 3258 obstat
2617 3205 2829 3271 dicere,
2879 3209 3049 3263 etiam
3102 3211 3466 3267 inhumanato
3505 3235 3552 3280 ι,
3610 3232 3722 3270 non

2137 3291 2314 3345 solum
2343 3303 2571 3363 propter
2593 3295 2848 3364 Arianos,
2882 3302 2974 3369 qui
3006 3301 3272 3358 deitatem
3301 3321 3401 3374 pro
3432 3308 3611 3362 anima
3629 3326 3727 3378 po-

2136 3391 2298 3447 nunt,
2330 3386 2416 3437 vel
2444 3386 2897 3456 Apollinaristas,
2931 3392 3027 3461 qui
3048 3395 3291 3449 animam
3315 3396 3540 3453 Christo
3561 3401 3725 3453 ἄνουν

2136 3470 2447 3532 attribuunt
2492 3479 2626 3551 (quo
2673 3497 2807 3537 sane
2858 3494 3021 3553 pacto
3067 3489 3375 3556 perfectam
3410 3492 3567 3561 juxta
3622 3510 3726 3547 nos

2137 3567 2235 3622 Dei
2267 3569 2421 3623 verbi
2449 3580 2710 3625 naturam
2750 3575 3031 3665 mutilam,
3084 3578 3380 3650 ipsumque
3412 3584 3467 3637 in
3517 3584 3724 3639 deitate

2136 3659 2455 3728 passibilem
2523 3662 2850 3729 conﬁciunt,
2898 3659 2965 3720 'et
3027 3669 3251 3737 quidem
3326 3676 3719 3742 naturaliter),

2137 3756 2330 3802 Verum
2356 3749 2523 3802 etiam
2552 3757 2616 3803 ut
2635 3753 2961 3807 ostendatur
2978 3756 3140 3811 nobis
3169 3761 3515 3829 unigenitum
3543 3765 3717 3818 Deum

2138 3840 2347 3910 re~ipsa
2376 3840 2583 3895 factum
2613 3857 2735 3898 esse
2768 3844 3053 3901 hominem
3079 3850 3411 3918 perfectura,
3446 3865 3723 3910 nostram-

2136 3947 2244 4002 que
2278 3948 2378 4001 per
2413 3948 2470 3988 se
2500 3944 2797 4005 operatum
2831 3953 2953 3992 esse
2992 3941 3227 3996 salutem
3278 3944 3334 3997 in
3364 3961 3553 4010 carne,
3601 3964 3723 4017 qua:

2136 4025 2464 4081 naturaliter
2499 4037 2711 4097 ageret,
2742 4038 2799 4083 et
2835 4029 3074 4085 animam
3123 4032 3357 4090 haberet
3401 4038 3600 4091 mentis
3632 4055 3723 4092 ra~

2141 4116 2417 4187 tionisque
2451 4130 2790 4190 compotem.
2847 4121 3307 4201 Quandoquidem
3366 4143 3496 4183 vere
3546 4128 3722 4183 factus

2135 4220 2221 4266 est
2250 4211 2418 4266 homo
2442 4228 2542 4281 per
2562 4214 2778 4293 omnia,
2818 4216 2938 4269 solo
2983 4225 3214 4285 peccato
3254 4230 3507 4290 excepto,
3562 4224 3724 4293 cujus

2138 4301 2289 4356 nulla
2316 4300 2372 4356 in
2392 4310 2591 4357 natura
2616 4303 2877 4358 radicalis
2905 4307 3047 4360 ratio
3070 4309 3370 4376 reperitur,
3398 4325 3510 4365 non
3535 4321 3720 4365 autem

2136 4404 2367 4465 excepta
2391 4396 2718 4465 operatione
2752 4399 3035 4465 naturali;
3087 4416 3215 4454 nam
3257 4418 3357 4470 per
3408 4419 3531 4457 eam
3578 4407 3720 4459 ratio

447 4490 655 4562 φθορὰν
700 4490 996 4561 ἐργάζεται
1039 4489 1277 4560 φύσεως,
1323 4490 1482 4560 εἴπερ
1531 4488 1683 4543 οὐδὲν
1717 4489 1827 4544 τῶν
1859 4490 2026 4544 ὄντοιν

2135 4489 2394 4543 essentia:
2428 4488 2508 4542 rei
2538 4490 2830 4560 cujusque,
2867 4492 2957 4546 cui
3005 4492 3172 4558 inest,
3220 4497 3553 4551 naturaliter
3585 4496 3723 4551 deli-

445 4580 541 4632 τοῦ
608 4580 767 4649 φύσει
814 4582 1116 4651 πεφυκότος
1168 4581 1529 4652 στερούμενον
1582 4580 1718 4650 ὅπερ
1767 4576 1836 4653 ἦν
1882 4581 2032 4652 μένει

450 4671 778 4742 σωζόμενον.

2134 4585 2307 4639 nitur.
2334 4584 2616 4654 Quidquid
2657 4586 2807 4639 enim
2838 4590 3208 4642 communiter
3250 4597 3306 4644 et
3342 4591 3600 4661 generice
3653 4591 3723 4645 de

2138 4679 2495 4748 quibuslibet
2524 4678 2854 4747 afﬁrmatur,
2880 4696 3072 4735 eorum
3094 4683 3394 4739 essentiam
3419 4684 3640 4750 definit,
3667 4692 3723 4738 et

450 4764 686 4835 proinde
728 4780 924 4820 eorum
953 4765 1199 4820 essentia
1225 4765 1559 4832 destruitur,
1593 4766 1640 4820 si
1673 4764 1769 4822 illo
1805 4771 2034 4828 omnino
2072 4780 2317 4829 careant.
2349 4771 2498 4827 Nihil
2554 4771 2703 4826 enim
2764 4772 2881 4827 suis
2916 4773 3195 4843 privatum
3218 4777 3560 4832 naturalibus
3594 4792 3728 4847 per-

450 4860 786 4915 fectionibus
820 4869 1033 4933 perstat
1063 4860 1120 4915 id
1154 4876 1276 4916 esse
1308 4860 1454 4931 quod
1480 4869 1619 4916 erat.

457 5042 569 5098 Τοῦ
599 5040 788 5097 αὐτοῦ
819 5041 890 5095 ἐκ
915 5041 1023 5097 τοῦ
1057 5041 1244 5098 αὑτοῦ
1269 5044 1457 5115 λόγου
1479 5045 1567 5110 εἰς
1591 5045 1661 5097 τό
1676 5044 1721 5075 ³⁷
1747 5059 1760 5074 ο
1792 5061 1811 5095 ι
1842 5041 2032 5116 Οὗτος

523 5135 631 5206 γὰρ
673 5138 706 5188 ὁ
748 5134 866 5189 νῦν
910 5147 1010 5189 σοι
1046 5137 1610 5207 καταφρονούμενος
1647 5134 1728 5208 ἦν
1780 5138 1879 5192 ὅτε
1930 5143 2031 5196 καὶ

2144 5047 2397 5119 Ejusdem
2426 5061 2489 5098 ea:
2512 5045 2697 5099 eadem
2714 5048 2957 5101 oratione
2987 5048 3043 5101 iu
3079 5048 3134 5101 id
3157 5065 3175 5101 :
3204 5067 3222 5099 ι
3256 5049 3356 5103 llic
3385 5051 3545 5115 enim,
3567 5067 3740 5120 quem,

2212 5154 2350 5192 nunc
2377 5138 2706 5206 aspernaris,
2728 5138 2997 5203 quondam
3014 5156 3179 5209 supra
3203 5149 3253 5193 te
3280 5150 3395 5195 erat
3419 5159 3436 5195 :
3470 5144 3559 5211 qui
3584 5159 3723 5197 nunc
3746 5189 3751 5194 .

1729 5297 1964 5353 unus
2005 5268 2410 5356 LECTIONES.

524 5457 570 5492 ³³
626 5452 952 5525 ἀνελλείπὴς
993 5454 1083 5511 ed.
1132 5452 1250 5510 Gal.

454 5526 693 5650 μένηκεν
830 5525 987 5594 λόγος
1031 5526 1119 5581 ed.
1179 5526 1310 5617 Gal.’

492 5602 715 5650 erantur
742 5596 912 5650 med.
937 5596 1056 5650 Gal.
1116 5596 1161 5628 ³⁸
1190 5613 1292 5650 κατ

492 5595 715 5652 erantur
742 5595 797 5649 in
821 5596 912 5651 ed.
937 5596 1056 5653 Gal.
1116 5596 1161 5628 ³⁸
1190 5596 1310 5650 κατ’
1350 5595 1609 5667 ἀλήθειαν
1637 5597 1726 5652 ed.
1761 5597 1879 5653 Gal.

1355 5455 1656 5544 “Jéyovsv
1693 5458 1783 5538 ed;
1816 5457 1936 5513 Gal.
1981 5528 1996 5544 ‘
2022 5458 2416 5544 ³⁰Πάνελλειπῶς
2444 5459 2536 5514 ed.
2583 5457 2829 5544 Gallis}
2858 5457 3129 5544 προλήψει
3182 5461 3272 5541 ed.
3337 5458 3457 5544 Gal.
3540 5460 3718 5544 ’ἴμε-

1408 5526 1453 5558 ³³
1473 5527 1909 5595 καταγοροῦντες
1930 5528 2019 5583 ed.
2056 5528 2201 5594 Gal.,
2229 5530 2511 5585 mendose.
2582 5529 2628 5560 “
2651 5525 2833 5582 Verba
2856 5525 2919 5593 ἐξ
2944 5525 3168 5597 ἀγνοίας
3190 5532 3288 5599 τῆς
3322 5531 3537 5600 φύσεως
3568 5525 3717 5589 dési-

1408 5595 1609 5655 ιήθειαν
1637 5597 1726 5652 ed.
1761 5597 1879 5653 Gal.
1980 5599 2025 5630 ³⁸
2047 5601 2195 5653 ἐστὶν
2223 5600 2312 5654 ed.
2337 5599 2456 5655 Gal.
2536 5598 2583 5630 ³⁷
2606 5598 2686 5655 εἰς
2714 5598 2775 5651 τὸ
2807 5612 2920 5654 non
2949 5607 3129 5655 exstat
3150 5599 3207 5655 in
3232 5600 3357 5655 cod.
3385 5598 3527 5655 Gud.

2536 5598 2583 5630 ³⁷
2606 5598 2686 5661 εἰς
2714 5598 2775 5651 τὸ
2807 5612 2920 5654 non
2949 5607 3129 5656 exstat
3150 5599 3207 5656 in
3232 5598 3357 5655 eod.
3385 5598 3527 5657 Gud.

531 5749 606 5821 (ἓ)
637 5748 800 5821 Greg.
842 5749 972 5805 Naz.
1000 5748 1304 5805 Or.-theol.
1328 5748 1385 5817 ὅ,
1411 5748 1488 5803 De
1517 5747 1675 5817 Filio,
1706 5765 1826 5822 cap.
1862 5750 1949 5818 18,
1984 5768 2039 5822 p.
2081 5751 2216 5819 5‘57;
2246 5762 2380 5807 tom.
2410 5750 2591 5825 lOpp.
2625 5754 2716 5813 ed.
2744 5755 2952 5813 Bened.
