3998 6390
389 364 443 431 ’ΪῚ
455 371 558 432 033

1592 368 1654 430 S.
1700 364 1990 429 ΜΑΧΣΜΙ
2037 362 2556 426 CONFESSORIS

3571 353 3696 424 1040

444 522 451 525 -
484 492 641 543 homo
698 491 794 549 est,
854 482 1250 556 compositionis
1278 496 1465 552 expers
1497 488 1655 535 erat:
1694 481 1833 552 quod
1885 490 2004 535 erat

2178 474 2334 544 ὑπὲρ
2385 476 2460 527 σὲ
2502 469 2618 542 ἦν·
2652 473 2685 526 ό
2728 469 2847 526 νῦν
2895 470 3213 541 ἅνθρωπος
3251 469 3353 525 καὶ
3378 468 3699 539 ἀσύνδετος

487 575 810 646 permansit,
847 574 987 645 quod
1022 589 1129 627 non
1165 582 1281 626 erat
1309 573 1636 642 assumpsit:
1672 574 1724 625 in
1750 572 2015 643 principio

485 667 601 721 sine
660 683 823 720 causa
883 674 1000 718 erat
1059 665 1217 736 (qua:
1273 664 1415 717 enim
1463 662 1561 716 Dei
1619 679 1784 717 causa
1833 663 2016 734 afferri

487 758 706 830 queat?)
748 766 803 813 at
828 765 1012 829 postea
1042 772 1249 828 quoque
1278 763 1425 809 certa
1443 755 1507 807 de
1532 770 1697 808 causa
1724 762 1883 808 natus
1902 763 2014 820 est;

489 846 747 899 nimirum
776 854 834 899 ut
884 854 962 909 tu,
1009 843 1408 909 contumeliose,
1437 842 1667 897 salutem
1717 860 2016 915 consequa-

493 938 590 1001 ris,
626 937 718 1006 qui
743 936 995 991 deitatem
1033 936 1231 991 idcirco
1277 936 1589 1001 contemnis,
1636 937 1763 1007 quia
1816 936 2015 991 crassi-

433 1036 461 1060 “
493 1030 619 1111 tiem
660 1038 808 1084 tuam
830 1032 1079 1102 suscepit,
1114 1047 1207 1101 per
1231 1029 1607 1083 intermedium
1646 1037 1877 1082 mentem
1897 1046 2017 1083 cum

489 1138 651 1175 carne
681 1123 1018 1194 conjunctae,
1063 1130 1224 1194 atque
1256 1123 1481 1193 inferior
1524 1121 1679 1175 homo
1710 1121 1853 1176 Deus
1892 1122 2016 1193 επε-

490 1220 605 1266 ctus
652 1223 932 1283 postquam
959 1229 1077 1268 cum
1118 1213 1228 1267 Deo
1272 1212 1493 1278 coaluit,
1552 1214 2020 1284 praestantiorique

490 1314 647 1377 parte
696 1313 987 1376 superante
1022 1323 1164 1360 unus
1207 1306 1380 1376 factus
1438 1314 1537 1371 est,
1569 1314 1628 1360 ut
1670 1307 1781 1369 ipse
1811 1320 2020 1376 quoque

493 1406 707 1451 tantum
741 1397 879 1452 Deus
903 1398 1108 1469 efﬁciar
1141 1407 1401 1470 quantum
1433 1398 1525 1453 ille
1548 1400 1722 1455 homo.
1746 1418 1765 1450 ι

490 1510 592 1564 Hic
623 1510 798 1575 enim,
834 1510 1042 1581 inquit,
1075 1527 1243 1582 quem
1275 1522 1333 1566 ιιι
1369 1528 1524 1566 nunc
1554 1510 2020 1581 aspernaris,fuit

406 1601 727 1672 aliquando
757 1617 925 1672 supra
970 1616 1054 1669 te;
1106 1605 1325 1659 exstitit
1372 1605 1524 1659 enim
1583 1620 1686 1674 per
1733 1619 1795 1658 se
1855 1603 2038 1675 longe.

422 1710 592 1765 supra
627 1710 792 1749 omne
829 1703 1052 1765 tempus
1098 1705 1157 1751 et
1186 1712 1410 1751 omnem
1445 1706 1727 1762 naturam,
1765 1695 2023 1764 quamvis

420 1800 478 1844 et
514 1804 663 1843 nunc
695 1795 926 1859 propter
963 1798 1018 1844 te
1060 1790 1165 1844 sub
1210 1798 1455 1861 utroque
1503 1789 1684 1844 voluit
1729 1787 2019 1843 constitui.

419 1879 526 1946 Qui
554 1895 705 1935 nunc
735 1880 905 1935 homo
932 1889 1039 1947 est,
1097 1881 1205 1937 fuit
1232 1898 1436 1954 expers
1479 1880 1929 1952 compositionis,
1965 1888 2022 1935 et

2189 558 2270 637 ἦν
2292 586 2304 597 ·
2332 566 2365 620 ὃ
2391 564 2508 636 μὲν
2550 560 2652 635 ἦν,
2726 563 3043 634 διέμεινεν,
3082 564 3113 618 ὃ
3140 563 3211 617 δὲ
3243 565 3359 619 οὐκ
3397 559 3497 634 ἦν,
3530 578 3725 634 πρε-σαν

2190 661 2412 713 ἐλαϐεν
2441 675 2452 688 ·
2491 658 2563 710 ἐν
2607 655 2765 726 ἀρχῇ
2817 653 2896 727 ἦν
2940 656 3222 723 ἀναιτίως
3255 657 3374 724 (τίς
3422 658 3533 726 γὰρ
3560 659 3703 711 αἰτία

2194 751 2344 805 Θεοῦ
2363 750 2428 820 ;)⁶
2462 750 2621 804 ἀλλὰ
2653 750 2755 803 καὶ
2778 749 3041 818 ὕστερον
3068 747 3278 819 γέγονε
3310 747 3388 802 δι’
3429 748 3642 801 αἰτίαν-ο
3667 750 3702 819 ἡ

2185 842 2255 896 δὲ
2304 838 2384 912 ἦν
2441 842 2509 895 τὸ
2562 840 2640 894 σὲ
2696 840 2968 909 σωθῆναι
3019 842 3128 896 τὸν
3172 840 3492 909 ὑϐριστὴν,
3522 839 3591 907 ὃς
3620 840 3707 898 διὰ

2185 934 2363 989 τοῦτο
2394 932 2770 1003 περιφρονεῖς
2802 936 3057 1002 θεότητα
3085 933 3176 987 ὅτι
3209 933 3326 1001 τὴν
3357 933 3488 1001 σὴν
3512 936 3709 1003 παχύ-

2188 1043 2339 1095 τητα
2394 1026 2788 1092 κατεδέξατο,
2845 1026 2946 1080 διὰ
2987 1026 3185 1097 μέσου
3216 1027 3371 1094 ⁵νοὸς
3415 1027 3709 1097 ὁμιλήσας
3764 1030 3774 1038 ’

2190 1120 2369 1189 σαρκὶ
2415 1121 2515 1174 καὶ
2566 1121 2890 1191 γενόμενος
2937 1120 3250 1189 ἄνθρωπος
3280 1124 3315 1175 ὁ
3342 1119 3503 1174 κάτω
3547 1122 3708 1188 Θεὸς,

2188 1214 2400 1283 ἐπειδὴ
2451 1213 2875 1284 συνανεκράθη
2909 1214 3033 1280 Θεῷ
3062 1215 3159 1268 καὶ
3186 1208 3452 1284 γέγονεν
3475 1208 3582 1280 εἷς,
3614 1213 3713 1268 τοῦ

2192 1307 2535 1374 κρείττονος
2577 1306 3044 1373 ἑκνικήσαντος,
3076 1307 3178 1361 ἵνα
3207 1305 3472 1377 γένωμαι
3505 1305 3713 1360 τοσοῦ-

2192 1415 2301 1453 τον
2333 1398 2479 1466 Θεὸς
2518 1399 2671 1454 ὅσον
2690 1399 2925 1466 ἐκεῖνος
2947 1398 3259 1468 ἄνθρωπος
3281 1398 3382 1470 (5).
3419 1416 3438 1449 ι

2192 1504 2365 1575 Οὗτος
2404 1510 2517 1582 γὰρ
2551 1514 2580 1565 ὁ
2620 1511 2715 1564 νῦν
2753 1528 2835 1565 σοι
2873 1511 3419 1582 καταφρονούμεν⁰ς’
3473 1511 3713 1581 φησὶνυ⁹

2117 1598 2187 1674 ἦν
2214 1604 2303 1657 ὅτε
2336 1604 2429 1659 καὶ
2461 1602 2602 1675 ὑπὲρ
2635 1603 2691 1657 σὲ
2721 1599 2812 1674 ἦν,
2849 1604 3054 1668 παντὸς
3092 1604 3291 1666 αἰῶνος
3336 1602 3585 1674 δηλονότι
3629 1605 3717 1656 καὶ

2120 1696 2303 1767 πάσης
2343 1695 2412 1749 δι’
2454 1695 2650 1749 ἑαυτὸν
2692 1696 2957 1768 ὑπάρχων
2999 1695 3185 1767 (107
3228 1695 3283 1766 α)
3320 1696 3586 1750 ἐπέκεινα
3623 1696 3716 1765 φύς

2124 1806 2283 1863 σεως,
2320 1787 2425 1842 κᾶν
2456 1788 2550 1843 ὑπ’
2584 1789 2753 1860 ἄμφω
2799 1788 2898 1842 νῦν
2934 1789 3024 1843 διὰ
3066 1788 3125 1841 σὲ
3173 1789 3477 1858 γεγένηται
3531 1788 3715 1845 θέλων.

2136 1879 2194 1932 '0
2233 1877 2328 1932 νῦν
2381 1877 2674 1949 ἅνθρωπος
2715 1879 2812 1933 καὶ
2850 1878 3147 1944 ἀσὺνθετος
3184 1876 3276 1953 ἦν,
3305 1882 3411 1952 τήν
3458 1897 3518 1933 τε
3563 1879 3717 1951 φύσιν

412 1983 623 2031 natura
646 1984 706 2030 et
725 1974 1013 2044 bypostasi
1044 1974 1306 2045 simplex.
1336 1976 1474 2031 Nam
1503 1974 1854 2030 solummodo
1873 1973 2021 2028 Deus

2139 1966 2331 2032 ὶπλοὺς
2370 1969 2467 2023 καὶ
2505 1969 2606 2042 τὴν
2640 1970 2964 2035 ὑπόστασιν,
2998 1969 3095 2025 ἅτε
3122 1972 3188 2042 δὴ
3239 1973 3409 2043 μόνον
3438 1971 3590 2037 Θεὸς,
3623 1989 3715 2041 γυ·

420 2074 562 2130 erat,
587 2065 775 2121 nudus
826 2081 1063 2136 corpore
1095 2074 1153 2120 et
1209 2083 1334 2137 qum
1382 2082 1594 2137 corpus
1640 2067 2019 2132 comitantur;

421 2174 746 2230 quanquam
774 2175 927 2215 nunc
950 2160 1292 2215 assumendo
1329 2175 1583 2225 carnem,
1616 2160 1803 2215 anima
1848 2158 2023 2215 ratio-

422 2251 537 2305 nali
565 2250 883 2321 prteditam,
911 2251 1095 2321 quoad
1135 2252 1463 2324 hypostasin
1490 2292 1505 2315 ,
1550 2251 2019 2324 compositionem

422 2343 673 2408 admisit,
706 2359 875 2414 quam
933 2359 1051 2398 non
1093 2343 1311 2411 habuit,
1348 2344 1534 2414 quoad
1575 2353 1833 2400 naturam
1862 2358 2020 2409 vero,

423 2435 865 2505 simplicitatem,
900 2452 1068 2507 quam
1103 2435 1324 2503 habuit,
1364 2452 1477 2491 non
1522 2435 1733 2492 amisit.
1766 2436 1895 2491 Haec
1923 2451 2023 2490 au-

426 2538 537 2582 tem
573 2527 701 2583 ideo
727 2538 789 2583 ut
814 2529 1097 2585 hominem
1135 2530 1416 2596 salvaret;
1466 2529 1613 2584 hanc
1668 2528 1821 2584 enim
1845 2528 2021 2583 solam

423 2636 651 2677 causam
699 2621 1009 2678 nativitatis
1036 2622 1252 2688 habuit,
1310 2623 1547 2679 salutem
1583 2622 1734 2678 enim
1781 2629 2019 2687 naturae,

422 2716 585 2785 cujus
616 2715 710 2770 ille
742 2709 1169 2785 passibilitatem
1194 2724 1455 2786 tanquam
1482 2715 1796 2771 crassitiem
1823 2714 2019 2778 subiit,

424 2807 709 2863 mediante
735 2817 923 2863 mente
954 2824 1084 2864 eum
1135 2823 1305 2863 carne
1355 2808 1716 2879 conjunctus,
1750 2812 1808 2861 et
1838 2806 2023 2861 factus

414 2911 513 2956 est
543 2901 713 2956 homo
751 2900 986 2956 inferior
1015 2900 1162 2955 Deus
1183 2941 1197 2965 ,
1236 2899 1349 2955 imo
1383 2900 1569 2955 omnia
1602 2914 1705 2970 pro
1759 2898 2021 2954 omnibus

424 2994 608 3049 factus
644 3001 731 3048 est
757 3008 881 3062 quae
911 2992 1140 3063 quidem
1173 2993 1227 3046 in
1258 2991 1424 3047 nobis
1449 2999 1604 3058 sunt,
1651 3000 1856 3063 praeter
1886 3006 2020 3063 pec-

426 3080 637 3141 catum.
675 3097 901 3152 corpus,
937 3081 1150 3145 anima,
1189 3096 1371 3148 mens,
1416 3098 1516 3153 per
1568 3097 1694 3152 quae
1725 3089 2021 3152 peccatum

425 3183 776 3245 pervaserat,
810 3188 1109 3228 commune
1141 3173 1275 3243 quid
1307 3190 1376 3228 ex
1417 3172 1508 3228 his
1543 3173 1734 3238 homo,
1764 3174 1913 3229 Deus
1936 3175 2023 3229 vi-

2125 2060 2259 2126 μνὸς
2288 2057 2544 2131 σώματος
2565 2061 2665 2116 καὶ
2712 2061 2821 2116 τῶν
2851 2065 2952 2117 ὅσα
2984 2064 3263 2136 σώματος,
3296 2065 3402 2120 κᾶν
3429 2066 3527 2120 νῦν
3555 2083 3718 2137 προσ-

2123 2150 2286 2223 λήψει
2334 2152 2540 2226 σαρκὸς
2575 2154 2755 2228 ψυχὴν
2800 2156 3031 2228 ἐχούσης
3068 2159 3291 2226 νοερὰν,
3342 2162 3484 2230 ὅπερ
3533 2159 3631 2214 οὑκ
3655 2156 3717 2232 ἦν

2121 2245 2345 2314 γέγονει
2367 2245 2466 2317 τὴν
2496 2245 2798 2301 ὑπόστασιν
2831 2248 3108 2314 σύνθετος,
3133 2249 3426 2322 διαμείνας
3458 2252 3595 2322 ὅπερ
3628 2245 3714 2323 ἦν,

2120 2335 2221 2408 τὴν
2251 2338 2414 2408 φύσιν
2443 2337 2673 2405 ἁπλοῦς,
2705 2340 2793 2394 ἵνα
2826 2343 2882 2395 σὲ
2918 2341 3071 2416 σώσῃ
3104 2342 3196 2397 τὸν
3226 2343 3545 2416 ἄνθρωπον.
3577 2344 3715 2398 Ταύ-

2120 2448 2224 2503 την
2248 2433 2357 2506 γὰρ
2388 2435 2488 2505 τῆς
2518 2435 2791 2507 σαρκικῆς
2817 2437 2985 2491 αὑτοῦ
3025 2439 3197 2510 μόνην
3239 2438 3426 2492 αἰτίαν
3454 2438 3581 2509 ἔσχε
3601 2455 3715 2506 γεν-

2121 2526 2354 2596 νήσεως,
2414 2526 2513 2599 τὴν
2563 2530 2841 2600 σωτηρίαν
2899 2530 3001 2601 τῆς
3041 2529 3281 2599 φύσεως,
3330 2526 3404 2604 ἧς
3451 2530 3712 2596 ὑπελθὼν,

2121 2619 2377 2694 καθάπερ
2416 2638 2468 2675 τι
2499 2623 2692 2694 πάχος,
2729 2623 2790 2677 τὸ
2817 2622 3065 2694 παθητὸν
3101 2621 3191 2676 διὰ
3226 2623 3402 2694 μέσου
3438 2624 3557 2686 νοὸς
3581 2622 3709 2693 ὡμί-

2120 2712 2253 2784 λησε
2271 2714 2316 2746 ³⁹
2360 2716 2547 2785 σαρκὶ,
2600 2715 2895 2786 γενόμενος
2947 2714 3238 2787 ἄνθρωπος
3281 2718 3315 2770 ὁ
3378 2715 3532 2771 κάτω
3568 2714 3710 2779 Θεὸς,
3793 2759 3804 2773 .

2121 2798 2304 2854 πάντα
2332 2800 2478 2873 ὑπὲρ
2518 2801 2739 2857 πάντων
2768 2802 3063 2873 γενόμενος
3088 2804 3190 2858 ὅσα
3223 2805 3413 2876 ἡμεῖς,
3455 2804 3595 2876 πλὴν
3619 2804 3712 2874 τῆς

2121 2891 2422 2964 ἁμαρτίας,
2469 2891 2654 2964 σῶμα,
2690 2894 2862 2967 ψυχὴ,
2913 2894 3061 2960 νοῦς,
3108 2895 3177 2948 δι’
3219 2896 3366 2951 ὅσων
3410 2898 3438 2950 ό
3472 2896 3709 2959 Θάνατος.

2120 2977 2181 3032 τὸ
2219 2980 2402 3035 κοινὸν
2444 2981 2510 3036 ἐκ
2552 2981 2785 3049 τούτων,
2825 2982 3135 3054 ἄνθρωπος,
3171 2984 3304 3050 Θεὸς
3332 2984 3607 3058 ὁρώμενος
3634 2983 3714 3039 διὰ

2120 3069 2184 3123 τὸ
2215 3068 2528 3141 νοούμενον.
2563 3072 2740 3137 Αὐτὸς
2773 3068 2864 3127 οὖν
2896 3073 3023 3145 δίχα
3048 3076 3322 3147 τροπῆςδο
3346 3079 3554 3150 κυρίως
3588 3077 3713 3147 πρὸς

2119 3161 2182 3214 τὸ
2215 3161 2338 3215 καθ’
2368 3164 2518 3234 ἡμᾶς
2561 3164 2726 3235 φύσει
2765 3165 3011 3239 παθητὸν
3046 3166 3312 3234 κενωθεὶς
3343 3172 3372 3224 ὁ
3402 3171 3596 3241 Λόγος,
3625 3169 3713 3223 καὶ

426 3268 611 3323 sibilis
632 3282 734 3338 per
767 3266 1136 3322 intellectum.
1166 3267 1316 3322 Deus
1332 3264 1502 3337 igitur
1527 3265 1773 3322 Verbum
1797 3266 2021 3337 proprie

2139 3252 2235 3306 ὅπὸ
2261 3253 2364 3325 τὴν
2412 3255 2650 3328 φυσικὴν
2678 3257 2899 3329 ἀληθῶς
2933 3260 3022 3315 διὰ
3056 3261 3398 3333 σαρκώσεως
3429 3263 3709 3332 γενόμενος

422 3362 550 3417 sine
584 3360 957 3416 conversione
1009 3360 1068 3414 in
1115 3374 1239 3414 eam
1284 3358 1716 3429 passibilitatem
1773 3373 1900 3430 quae
1934 3366 2023 3414 est

426 3463 635 3510 nostrae
657 3460 874 3509 natura?
894 3451 1262 3517 exinanitum,
1289 3465 1500 3522 perque
1552 3466 1710 3507 suam
1764 3451 2022 3507 incarna-

430 3547 800 3602 tionem‘vere
836 3545 941 3601 sub
988 3559 1217 3601 sensum
1265 3543 1577 3599 naturalem
1623 3543 1880 3611 veniens,
1917 3560 2020 3615 ap-

426 3639 621 3710 pellari
649 3637 823 3708 erepit
864 3638 1010 3694 Deus
1035 3636 1273 3692 visibilis
1310 3645 1370 3692 et
1417 3635 1653 3691 inferior
1702 3636 1872 3702 Deus,
1923 3652 2024 3707 per

416 3746 654 3787 carnem
684 3739 882 3785 natura
911 3728 1232 3800 passibilem
1262 3727 1508 3785 emciens
1540 3729 1846 3799 potentiam
1865 3743 2022 3785 suam

430 3823 763 3878 immensam
792 3821 1175 3892 conspicuam.
1223 3820 1500 3888 Quoniam
1544 3836 1678 3877 caro
1727 3820 2024 3879 manifesto

428 3927 558 3967 cum
586 3913 702 3967 Deo
740 3911 977 3977 coaluit,
1008 3919 1067 3966 et
1104 3926 1253 3966 unus
1280 3910 1463 3968 factus
1510 3919 1617 3977 est,
1643 3911 2023 3982 priestantiori

428 4011 771 4073 superante;
806 4003 1013 4105 qqippc
1042 4002 1286 4058 Verbum
1331 4018 1624 4058 assumens
1647 4019 1769 4059 eam
1796 4002 2024 4074 proprie

429 4112 533 4167 per
559 4095 969 4168 hypostatiéam
1001 4095 1356 4152 identitatem
1403 4095 1707 4152 deiﬁcavit.
1740 4096 1898 4152 Unus
1924 4110 2026 4149 au-

422 4194 542 4241 tem
573 4193 631 4241 et
662 4200 776 4240 non
828 4200 1003 4240 unum
1063 4184 1271 4241 factum
1332 4193 1440 4251 est,
1501 4185 1688 4257 inquit
1738 4185 2020 4259 magister,

382 4283 395 4289 ’
430 4278 732 4336 ostendere
766 4277 962 4333 volens
990 4278 1161 4335 etiam
1195 4279 1254 4333 in
1290 4272 1583 4339 identitate,
1633 4279 1799 4337 unius
1851 4279 2026 4352 hypo-

429 4379 648 4426 staseos
678 4369 1009 4425 conservari
1044 4370 1167 4427 sine
1198 4369 1531 4426 confusione
1561 4372 1874 4427 naturalem
1899 4370 2026 4427 uni-

428 4474 619 4518 torum
641 4461 1052 4521 diversitatem.
1083 4462 1183 4519 Est
1229 4462 1378 4518 enim
1412 4462 1777 4535 hypostaseos
1823 4472 1882 4520 et
1919 4479 2023 4519 na-

431 4564 575 4611 turae
610 4554 758 4610 alius
807 4564 975 4627 atque
1023 4554 1171 4612 alius
1224 4556 1534 4614 character.
1589 4556 1733 4613 Illud
1792 4567 2020 4614 autem:

438 4668 456 4699 ι
489 4647 563 4704 Ut
600 4648 721 4717 ipse
744 4663 968 4720 quoque
1003 4656 1266 4719 tanquam
1295 4649 1438 4704 deus
1484 4647 1713 4713 emciar,
1753 4659 2024 4720 quantum
2057 4675 2102 4731 Β

433 4738 529 4793 ille
564 4737 756 4802 homo,
792 4756 812 4788 ›
851 4753 968 4793 non
996 4746 1084 4794 est
1112 4755 1300 4794 meum
1332 4739 1606 4810 proferre,
1648 4740 1745 4810 qui
1785 4741 2027 4812 peccatis

432 4824 833 4899 coinquinatus
863 4845 1008 4894 sum,
1066 4845 1174 4885 nec
1223 4831 1544 4901 ullo.plane
1585 4832 1839 4903 appetitu
1874 4833 2027 4888 feror

433 4920 505 4974 ad
528 4920 699 4974 vitam
726 4919 882 4974 illam
907 4935 1033 4989 quae
1056 4935 1189 4974 vere
1230 4921 1343 4975 vita
1373 4928 1480 4976 est.
1534 4922 1793 4976 Vestrum
1837 4921 2028 4992 potius

350 5062 355 5063 ν
432 5020 540 5079 est,
574 5021 851 5077 vestrum,
884 5011 1264 5081 inquam,.qui
1286 5020 1505 5067 natura:
1553 5019 1764 5067 tantam
1796 5027 2029 5084 recupe-

433 5104 602 5160 rastis
626 5103 1051 5175 perfectionem,
1106 5111 1170 5157 ut
1222 5102 1337 5158 sola
1370 5101 1426 5156 in
1457 5102 1617 5159 vobis
1649 5103 2027 5173 conspiciatur

432 5197 610 5267 gratia
659 5197 781 5261 Dei,
811 5197 1021 5267 quique
1053 5210 1155 5265 per
1183 5196 1304 5266 ejus
1336 5194 1635 5250 eﬂicaciam
1672 5204 1886 5250 tantum
1941 5196 2027 5250 in-

433 5287 745 5343 clarescere
773 5301 939 5356 posse
971 5285 1259 5351 videmini,
1300 5295 1573 5362 quantum
1625 5286 1775 5343 Deus
1808 5302 1908 5356 per
1935 5288 2026 5342 in-

432 5381 817 5436 carnationem
854 5396 1011 5436 suam
1069 5379 1138 5434 de
1183 5386 1375 5434 nostra
1420 5376 1743 5433 inﬁrmitate
1792 5378 2025 5448 partici-

2129 3344 2408 3417 αἴσθησιν,
2425 3347 2558 3413 Θεὸς
2586 3350 2780 3421 ὁρατὸς
2802 3353 2897 3406 καὶ
2928 3354 3081 3409 κάτω
3107 3354 3240 3419 Θεὸς
3272 3352 3707 3428 προσηγορεύθην

2129 3436 2219 3491 διὰ
2249 3439 2452 3511 σαρκὸς
2484 3440 2645 3512 φύσει
2677 3444 2927 3517 παθητῆς
2960 3446 3060 3518 τὴν
3095 3448 3473 3522 ὑπεράπειρον
3502 3446 3707 3519 ἐμφανῆ

2133 3530 2507 3603 ποιησάμενος
2537 3532 2787 3606 δύναμιν,
2814 3536 3004 3608 ἐπειδὴ
3032 3540 3414 3612 συνανεκράθη
3442 3537 3560 3609 Θεῷ
3583 3554 3708 3609 προ-

2129 3620 2304 3693 δήλως
2331 3624 2363 3694 ἡ
2396 3623 2534 3696 σὰρξ
2571 3627 2668 3679 καὶ
2699 3629 2926 3697 γέγονεν
2953 3624 3057 3697 εἷς,
3104 3629 3198 3684 τοῦ
3231 3633 3546 3702 κρείττονος
3583 3633 3710 3684 ἐκνι-

2131 3716 2423 3785 κήσαντος,
2459 3717 2798 3793 ὑποστατικῇ
2828 3723 3122 3794 ταυτότητι
3162 3725 3376 3795 κυρίως
3428 3724 3595 3795 αὐτὴν
3622 3716 3708 3774 τοῦ

2131 3806 2536 3877 προσλαϐόντος
2568 3812 2742 3882 Λόγου
2776 3813 3102 3880 θεώσαντος.
3133 3812 3228 3881 Εἷς
3254 3819 3312 3872 δὲ
3339 3819 3580 3888 γέγονεν,
3601 3815 3710 3872 ἀλλ’

2130 3898 2229 3970 οὑχ
2262 3897 2341 3962 ἓν,
2381 3900 2410 3952 ὁ
2441 3899 2764 3967 διδάσκαλος
2794 3899 2971 3969 εἶπεν,
3003 3896 3219 3970 δεικνὺς
3251 3908 3339 3961 ὄτι
3371 3908 3474 3960 κάν
3500 3907 3562 3977 τῇ
3589 3919 3708 3957 ταυ-

2130 3989 2319 4061 τότητι
2362 3990 2465 4061 τῆς
2517 3995 2648 4064 μιᾶς
2698 3996 3051 4062 ὑποστάσεως
3101 3999 3422 4071 μεμένηκεν
3453 4000 3486 4070 ἠ
3514 3995 3707 4068 φυσικὴ

2128 4083 2240 4137 τῶν
2281 4085 2582 4156 ήνωμένων
2624 4089 2885 4160 ἑτερότης
2935 4090 3276 4162 datiuum;-
3316 4093 3479 4163 εἴπερ
3525 4090 3582 4143 τὸ
3617 4087 3708 4159 μὲν

2131 4175 2509 4242 ὑποστάσεως,
2558 4179 2620 4234 τὸ
2661 4180 2720 4234 δὲ
2754 4183 2971 4251 φύσεως
3009 4184 3249 4257 ὑπάρχει
3282 4182 3604 4258 δηλωτικόν.
3643 4176 3709 4231 Τὸ

2130 4268 2262 4342 γάρ,
2308 4289 2327 4322 ι
2353 4269 2472 4325 Ἵνα
2507 4272 2757 4345 γένωμαι
2785 4275 3047 4333 τοσοῦτον
3089 4278 3212 4340 θεὸς
3241 4279 3370 4334 ὅσον
3400 4279 3604 4338 ἐκεῖνος
3624 4269 3709 4326 ἄνα

2133 4360 2373 4434 θρωπος.
2406 4382 2424 4415 ι
2470 4365 2574 4419 οὐκ
2614 4366 2749 4437 ἐμὸν
2781 4368 2963 4441 (ιο7
2992 4369 3044 4439 b)
3070 4370 3278 4441 λέγειν,
3312 4369 3411 4425 τοῦ
3446 4362 3709 4440 ρυπωθέν-

2130 4469 2223 4518 τος
2270 4456 2337 4527 τῇ
2386 4456 2632 4529 ἁμαρτίᾳ
2664 4459 2760 4513 καὶ
2805 4460 3029 4526 τελείως
3070 4463 3173 4533 τῆς
3203 4464 3377 4527 ὅντως
3418 4461 3584 4527 οὔσης
3623 4456 3708 4509 ἀν-

2130 4544 2488 4617 ορεκτοῦντος
2529 4547 2698 4621 ζωῆς,
2733 4551 2850 4606 ἀλλ’
2893 4554 3072 4625 ὑμῶν,
3100 4553 3211 4609 τῶν
3244 4553 3515 4626 ἀπολήψει
3543 4546 3709 4615 τελείκίι

2130 4640 2230 4708 τῆς
2272 4641 2490 4709 φύσεως
2532 4643 2598 4696 ὲκ
2647 4644 2818 4717 μόνης
2852 4648 3277 4719 γνωριζομένων
3327 4649 3428 4720 τῆς
3475 4645 3706 4718 χάριτοςν

2130 4730 2226 4784 καὶ
2260 4730 2569 4802 μελλόντων
2604 4733 2671 4788 ὲκ
2709 4736 2811 4806 τῆς
2851 4738 2974 4792 κατ’
3006 4739 3180 4810 αὐτὴν
3218 4740 3473 4793 τοσοῦτον
3523 4731 3708 4787 διαδει-

2127 4820 2323 4891 χθῆναι
2358 4822 2402 4854 ⁸⁸
2459 4823 2745 4901 δυνάμεως
2796 4829 2921 4883 ὅσον
2962 4832 2991 4884 ὁ
3039 4831 3200 4900 φύσει
3254 4832 3390 4896 Θεὸς
3437 4830 3536 4900 τῆς
3562 4821 3707 4897 ἡμῶν

2129 4916 2438 4988 σαρκωθεὶς
2497 4919 2785 4983 ἀσθενείας
2844 4923 3195 4994 μετείληφεν,
3266 4913 3695 4994 ἀντιμετρουμέ”

2129 5008 2339 5079 νης⁸¹⁶,
2386 5010 2462 5075 ὡς
2507 5008 2651 5067 οἶδεν
2682 5013 2866 5078 αὐτὸς,
2903 5017 2971 5088 τῇ
3000 5014 3166 5073 αὑτοῦ
3207 5016 3458 5080 κενώσει,
3480 5011 3580 5081 τῆς
3604 5003 3703 5060 τῶν

2129 5101 2315 5173 χάριτι
2348 5102 2675 5173 σωζομένων
2712 5105 2986 5173 θεώσεως,
3010 5108 3149 5165 ὅλων
3190 5108 3439 5165 θεοειδῶν
3472 5103 3562 5175 καὶ
3591 5097 3701 5152 ὅλου

2129 5193 2266 5247 Θεοῦ
2293 5197 2640 5268 χωρητικῶν,
2672 5200 2766 5253 καὶ
2793 5199 2958 5271 μόνου
2983 5203 3383 5275 γενησομένων.
3412 5197 3579 5254 Τοῦτο
3603 5189 3701 5260 γὰρ

2129 5289 2161 5358 ἦ
2192 5284 2474 5351 τελείωσις
2511 5289 2650 5361 πρὸς
2681 5292 2750 5363 ἢν
2796 5292 3126 5348 σπεύδουσιν
3171 5298 3220 5349 οἱ
3260 5294 3464 5365 ταύτην
3500 5280 3700 5357 άληθῶς

2131 5379 2352 5433 ἔσεσθαι
2371 5380 2417 5412 ⁸³
2447 5382 2548 5448 τὴν
2582 5385 2923 5455 ἐπαγγελίαν
2949 5388 3361 5453 πιστεύσαντες.

1733 5496 1967 5571 VARUS
2008 5514 2416 5574 LECTIONES.

503 5633 708 5711 δῗφησῖ
764 5631 854 5686 οίιο
910 5632 1030 5687 Gal-
1096 5633 1477 5711 .³⁹.ὼμίλησεν
1513 5626 1766 5711 ssi-.69.";
1829 5625 2503 5711 ⁸2.κυρίως.ξίχαῖροπῆς
2559 5635 2650 5711 ed.-
2701 5636 3132 5711 Gal--"Mars-
3177 5638 3301 5711 cod-
3340 5633 3477 5711 Gud-
3517 5608 3700 5711 9319'!“

435 5695 660 5771 antiqua
690 5718 884 5757 manus
909 5695 1376 5758 emendationem
1403 5700 1655 5770 ascripsit
1686 5695 2024 5768 διδαχθῆναι.
2098 5701 2166 5733 “'
2196 5695 2337 5756 ἆντῖ
2370 5695 2749 5777 μετρουμένης
2802 5707 2892 5765 ed.
2940 5708 3059 5765 Gal.

511 5822 586 5895 (3)
622 5824 777 5879 Idem
812 5824 947 5880 ibid.
982 5840 1106 5895 cap.
1136 5825 1223 5890 19,
1261 5841 1315 5894 p.
1346 5825 1470 5879 557.

3147 5689 3204 5743 δ’*
3216 5689 3449 5764 inscii—at
3471 5699 3554 5757 ed.
3582 5689 3685 5750 Gal-
