3998 6360
374 420 512 488 1343

1523 426 1584 486 S.
1621 424 1909 485 MAXIMI
1947 423 2458 488 CONFESSOR'IS

3551 422 3689 488 1οΗ

367 539 536 594 simul
593 553 719 594 cum
755 538 1181 596 inﬁrmitatibus
1219 539 1360 594 meis
1404 541 1460 595 in
1497 541 1683 612 seipso
1709 541 1945 608 ferens,x

2073 565 2095 597 ε
2126 545 2288 601 Ὀλον
2310 547 2370 600 ὲν
2392 544 2575 618 έαυτῷ
2599 544 2700 617 ἐμὲ
2731 543 2914 616 φέρων
2943 545 3082 615 μετά
3106 543 3217 598 τῶν
3245 543 3438 615 ἐμῶν,
3478 562 3500 598 ι
3536 561 3690 600 τουτ-

367 633 476 689 hoc
513 641 603 689 est
630 641 804 689 totam
852 633 1154 688 humanam
1211 644 1468 690 naturam
1514 651 1616 704 per
1657 635 1945 707 bypostati-

2069 638 2187 692 ἐστι
2215 639 2316 710 τὴν
2342 637 2694 708 ἀνθρωπείαν
2726 637 2773 670 ⁸⁸
2807 635 2971 706 φύσιν
3004 635 3326 708 ὁλόκληρον,
3368 636 3580 690 ένώσει
3618 640 3686 709 τῇ

365 739 489 779 eam
516 723 804 789 unionem,
843 739 956 778 una
999 738 1132 777 cum
1170 723 1295 794 ejus
1342 721 1638 778 allectibus
1680 722 1965 794 insepara-

365 814 596 870 bilibus.
624 815 723 870 His
750 815 824 870 ita
847 815 1044 887 gestis,
1081 823 1140 870 ct
1161 831 1229 870 eo
1247 807 1545 885 absumpto
1570 814 1720 885 quod
1759 823 1882 871 erat
1905 816 1963 872 in

363 906 532 962 nobis
557 906 834 970 deterius,
865 922 968 976 per
996 907 1148 976 quod
1189 907 1358 961 etiam
1386 915 1594 962 nostrae
1625 916 1846 962 naturae
1879 905 1964 960 in-

363 999 612 1056 sinuavit
637 1014 761 1056 sese
788 1000 847 1054 τὸ
867 1000 1134 1070 passibile
1187 999 1320 1072 (hoc
1371 1009 1582 1066 autem,
1629 1009 1691 1056 ut
1738 999 1962 1070 planius

364 1093 568 1159 dicam,
597 1102 720 1150 erat
748 1095 964 1165 peccati
988 1094 1076 1148 lex
1103 1103 1159 1150 et
1183 1092 1662 1166 transgressionis,
1677 1109 1801 1165 quae
1812 1095 1960 1150 vires

363 1189 778 1259 sumitaprava
809 1195 1015 1244 nostra;
1059 1187 1364 1244 voluntatis
1415 1187 1800 1252 inclinatione,
1835 1201 1958 1258 quae

360 1287 576 1334 natura:
597 1288 796 1350 sponte
827 1295 925 1334 sua
971 1279 1221 1350 passibili
1258 1279 1492 1336 allectus
1541 1277 1958 1349 superinfundit

363 1383 516 1424 nunc
540 1369 829 1435 remissos,
854 1385 1004 1425 nunc
1033 1369 1441 1441 vehementes),
1471 1369 1576 1426 sub
1607 1379 1834 1442 peccato
1861 1369 1958 1426 de-

359 1469 550 1517 tentos
580 1477 692 1517 non
723 1470 943 1517 tantum
996 1463 1262 1530 servavit,
1310 1479 1505 1518 verum
1537 1463 1706 1520 etiam
1753 1463 1955 1520 divinae

358 1553 587 1609 virtutis
611 1555 914 1626 participes
957 1555 1164 1622 ell‘ecit,
1213 1555 1454 1626 pretium
1506 1572 1608 1628 pro
1643 1556 1810 1612 nobis
1837 1557 1954 1627 ipse

359 1646 681 1718 deponens.’
710 1647 848 1703 Nam
890 1663 991 1718 per
1037 1648 1346 1704 voluntatis
1387 1649 1759 1705 constantiam
1803 1649 1953 1704 circa

354 1737 416 1794 id
459 1737 608 1808 quod
651 1739 838 1811 reipsa
893 1740 1103 1796 bonum
1147 1751 1254 1807 est,
1299 1749 1358 1796 et
1388 1742 1589 1798 animae
1628 1740 1860 1797 ﬁrmitas
1897 1750 1954 1798 et

357 1835 613 1904 corporis
669 1834 1067 1892 immortalitas
1111 1836 1430 1892 innascitur
1460 1836 1720 1892 omnibus
1759 1835 1831 1892 iis
1855 1836 1952 1906 qui

356 1933 577 1980 tantum
623 1927 859 1998 gratiam
907 1941 1020 1983 non
1062 1927 1190 1983 licte
1239 1927 1556 1984 excoluisse
1617 1927 1947 1984 allaborant.

353 2017 476 2074 Hoc
506 2018 658 2074 enim
691 2028 776 2075 est
812 2019 963 2090 quod
1012 2019 1400 2076 sanctissimus
1459 2021 1721 2092 magister
1750 2021 1947 2087 voluit,

357 2125 486 2165 cum
511 2110 762 2167 diceret:
795 2130 814 2163 ι
845 2112 920 2168 Ut
943 2112 1091 2183 quod
1121 2113 1374 2169 deterius
1395 2113 1502 2179 est,
1532 2114 1587 2169 in
1613 2129 1682 2170 se
1714 2115 1832 2186 ipse
1855 2114 1953 2169 ab-

355 2211 542 2259 sumat
567 2214 626 2261 et
655 2203 936 2268 conﬁciat,
991 2220 1102 2260 non
1135 2221 1300 2262 secus
1337 2223 1403 2264 ac
1440 2222 1625 2264 ceram
1656 2209 1820 2280 ignis,
1855 2219 1954 2264 aut

357 2303 522 2350 terrae
548 2310 811 2366 vaporem
854 2295 988 2351 solis
1036 2295 1248 2362 radius,
1279 2306 1449 2368 atque
1487 2298 1606 2370 ipse
1645 2299 1716 2354 ob
1752 2299 1950 2371 hujus-

354 2385 509 2442 modi
581 2387 1034 2459 conjunctionem
1093 2387 1372 2443 bonorum
1457 2389 1606 2445 illius
1670 2391 1950 2460 particeps

353 2476 506 2542 ﬁam,
536 2495 554 2528 ι
593 2476 650 2532 id
677 2485 764 2533 est
789 2493 819 2532 a
853 2477 1213 2548 passionibus
1257 2495 1358 2550 per
1383 2478 1615 2550 gratiam
1649 2479 1950 2535 mundatus

351 2570 405 2626 ei
438 2569 638 2626 similis
668 2568 894 2626 elﬁciar.
928 2570 1026 2626 Est
1057 2586 1228 2641 porro
1274 2579 1332 2626 et
1385 2571 1491 2626 alia
1537 2572 1810 2644 expositio
1843 2572 1947 2628 bo-

353 2677 478 2716 rum
509 2661 835 2718 verborum.
878 2661 1134 2718 Alienam
1191 2663 1428 2723 formam
1479 2665 1743 2736 suscepit,
1779 2681 1946 2736 quam

351 2771 455 2826 ego
484 2753 656 2810 didici
707 2771 738 2810 a
774 2755 1018 2826 quodam
1065 2763 1260 2812 sancto
1292 2755 1437 2824 viro,
1474 2757 1748 2828 dictisque
1772 2767 1830 2812 et
1863 2758 1946 2812 fa-

351 2848 458 2903 ctis'
503 2847 942 2918 sapientissimo.
1009 2848 1061 2905 ls
1116 2848 1289 2920 igitur
1346 2866 1378 2905 a
1425 2866 1514 2906 me
1573 2850 1948 2922 interrogatus

348 2940 660 3012 respondit,
685 2941 869 2998 Verbo
883 2941 979 2996 Dei
1005 2957 1105 3012 per
1130 2950 1384 2998 naturam
1411 2943 1806 3009 obedientiam,
1827 2953 1946 2998 tum

349 3032 762 3104 subiectionem
822 3033 1062 3089 alienam
1093 3049 1246 3099 esse,
1277 3034 1424 3091 hanc
1455 3035 1546 3091 ille
1601 3052 1704 3107 pro
1759 3035 1942 3102 nobis,

243 3124 248 3130 ’
346 3125 446 3196 qui
485 3135 827 3196 praeceptum
887 3143 1112 3184 eramus
1173 3129 1521 3200 transgressi,
1551 3129 1831 3200 praestitit,
1858 3139 1946 3186 to-

1982 1889 2026 1944 B

2066 728 2192 782 καθ’
2225 728 2525 782 ὑπόστασιν
2561 726 2704 798 μετά
2738 727 2849 779 τῶν
2884 724 3056 796 αὐτῆς
3083 723 3446 795 ἀδιασλήτων
3465 723 3684 782 παθῶν.

2067 817 2162 884 Οἷς
2192 820 2352 892 ἡμῶν
2384 821 2706 892 δαπανήσας
2733 817 2796 872 τὸ
2831 819 3040 890 χεῖρον,
3065 815 3148 870 διὸ
3171 818 3238 888 τῇ
3277 815 3462 887 φύσει
3491 817 3556 870 τὸ
3584 834 3689 870 πα-

2067 909 2233 980 θητὸν
2271 910 2655 980 ὲπεισεκρίθη,
2705 907 2854 976 λέγω
2891 907 2949 962 δὲ
2977 906 3070 960 τὸν
3101 907 3168 958 ὲκ
3215 905 3322 976 τῆς
3377 907 3689 978 παρακοῆς

2065 1002 2232 1073 νόμον
2253 1003 2352 1072 τῆς
2384 1000 2680 1072 ἁμαρτίας,
2732 990 2795 1052 οὗ
2833 997 3039 1070 κράτος
3071 997 3223 1051 ἐστὶν
3251 999 3286 1069 ἡ
3321 997 3490 1067 παρὰ
3515 995 3688 1066 φύσιν

2060 1094 2161 1164 τῆς
2198 1092 2479 1166 ἡμετέρας
2505 1089 2736 1161 γνώμης
2767 1089 3034 1154 διάθεσις,
3072 1089 3392 1160 ὲμπάθειαν
3436 1087 3524 1159 τῷ
3573 1106 3686 1141 πα-

2062 1182 2212 1256 θητῷ
2245 1184 2345 1254 τῆς
2373 1181 2592 1253 φύσεως
2624 1170 2998 1250 ἐπεισάγουσᾶ
3027 1180 3149 1234 κατ’
3175 1179 3372 1234 ἄνεσιν
3412 1179 3519 1232 καὶ
3555 1179 3685 1232 ὲπίο

2058 1293 2240 1342 τασιν,
2271 1277 2330 1330 οὐ
2369 1275 2532 1347 μόνον
2567 1274 2814 1328 σέσωκεν
2843 1271 2949 1326 ὑπὸ
2976 1272 3077 1342 τῆς
3109 1272 3404 1343 ἁμαρτίας
3437 1287 3687 1340 κατεχο-

2064 1371 2282 1441 μένους,
2320 1367 2457 1422 ma:
2485 1369 2581 1421 καὶ
2616 1365 2770 1430 θείας
2796 1365 3084 1435 δυνάμεως
3114 1364 3306 1435 (108
3339 1364 3397 1435 ὁ)
3446 1363 3686 1436 μεταδέ-

2057 1460 2233 1515 δωκεν
2266 1459 2325 1513 ὲν
2354 1455 2537 1528 ἑαυτῷ
2585 1455 2759 1520 λύσας
2803 1455 2966 1526 ἡμῶν
3018 1455 3080 1508 τὸ
3123 1454 3438 1524 ἐπιτίμιον,
3493 1453 3683 1524 ψυχῆς

2057 1549 2326 1622 άτρεψίαν
2357 1549 2452 1604 καὶ
2475 1547 2727 1620 σώματος
2749 1546 3061 1618 ἀφθαρσίαν
3095 1545 3496 1618 ἐργαζομένης
3523 1546 3586 1598 ὲν
3611 1549 3678 1616 τῇ

2059 1641 2192 1713 περὶ
2226 1641 2288 1695 τὸ
2319 1639 2480 1711 φύσει
2525 1638 2690 1693 καλὸν
2733 1640 2832 1710 τῆς
2882 1637 3112 1710 γνώμης
3157 1637 3498 1708 ταυτότητι,
3559 1640 3680 1701 τοῖς

2057 1734 2204 1807 ἔργῳ
2248 1735 2417 1806 τιμᾷν
2446 1733 2546 1805 τὴν
2593 1732 2760 1804 χάριν
2792 1731 3212 1796 σπουδάζουσιν.
3262 1731 3460 1802 Ὅπερ
3513 1727 3678 1802 οἶμαι

2054 1826 2325 1882 διδάσκων
2349 1829 2380 1881 ό
2404 1826 2560 1894 ἅγιός
2590 1841 2780 1896 φησιν’
2809 1823 2958 1878 «Ἵνα
2996 1825 3056 1877 ὲν
3082 1822 3266 1894 ἑαυτῷ
3292 1823 3678 1896 δαπανήσῃ⁸⁸

2056 1921 2118 1975 τὸ
2157 1923 2361 1994 χεῖρον,
2391 1920 2468 1984 ὡς
2498 1919 2673 1992 κηρίον
2701 1918 2834 1991 πῦρ,
2867 1919 2901 1991 ἢ
2951 1917 3027 1982 ὡς
3058 1917 3261 1989 ἀτμίδα
3318 1920 3433 1990 γῆς
3488 1919 3672 1988 ἣλιος.

2057 2009 2216 2079 κάγὼ
2247 2008 2542 2081 μεταλάϐω
2575 2009 2684 2062 τῶν
2718 2008 2932 2061 ἐκείνου
2988 2007 3079 2061 διὰ
3106 2006 3206 2079 τὴν
3251 2007 3607 2077 σύγκρασιν·
3649 2026 3669 2058 ι

2055 2102 2300 2174 καθαρὸς
2337 2101 2542 2172 δηλαδὴ
2589 2103 2656 2173 τῇ
2693 2101 2880 2173 χάριτι
2921 2101 3134 2164 πάθους
3180 2100 3316 2164 ἴσως
3357 2101 3410 2133 ⁸⁸
3464 2099 3672 2170 ἐκείνῳ

2053 2197 2371 2268 γενόμενος.
2401 2193 2534 2250 υἷδα
2555 2195 2611 2248 δὲ
2627 2195 2724 2248 καὶ
2747 2193 2906 2264 λόγον
2934 2193 3020 2248 Era
3029 2211 3122 2264 ρον
3145 2191 3426 2265 περὶτοῦ,
3464 2213 3484 2244 r
3525 2195 3674 2274 Μορ-

2054 2289 2252 2360 φοῦται
2286 2289 2347 2344 τὸ
2386 2287 2694 2360 ἀλλότριον,
2739 2306 2758 2341 ι
2798 2287 2952 2359 παρά
2977 2303 3124 2351 τινος
3161 2287 3326 2356 ἁγίου
3358 2285 3540 2356 σοφοῦ
3575 2288 3669 2342 καὶ

2053 2384 2211 2454 λόγον
2238 2383 2336 2438 καὶ
2365 2381 2480 2454 βίον
2500 2371 2710 2450 μαθών.
2737 2381 2933 2450 Ἔλεγε
2973 2381 3082 2453 γάρ
3111 2379 3421 2454 ἐρωτηθεὶς
3451 2381 3669 2445 ἐκεῖνος

2051 2476 2335 2548 ἀλλότριον
2363 2471 2505 2531 εἶναι
2545 2474 2641 2528 τοῦ
2675 2472 2854 2543 Λόγου
2883 2473 3044 2544 φύσει
3074 2473 3178 2542 τὴν
3223 2473 3516 2544 ὑπακοὴν,
3549 2471 3664 2526 ὥσ-

2052 2587 2160 2643 περ
2189 2568 2286 2623 καὶ
2310 2568 2410 2640 τὴν
2443 2566 2751 2638 ὑποταγὴν,
2785 2567 2852 2638 ἢν
2884 2566 3030 2638 ὑπὲρ
3061 2565 3221 2638 ἡμῶν
3271 2565 3666 2638 παραϐάντων

2048 2663 2151 2734 τὴν
2180 2659 2405 2732 ἐντολὴν
2434 2660 2660 2724 ἐκτίσας
2693 2659 2823 2731 ὃλην
2855 2659 3156 2730 εἰργάσατο
3183 2657 3280 2712 τοῦ
3317 2659 3526 2728 γένους
3560 2657 3664 2729 τὴν

2052 2753 2352 2826 σωτηρίαν,
2412 2752 2608 2807 ἑαυτοῦ
2689 2751 3019 2822 ποιούμενος
3068 2750 3128 2804 τὸ
3201 2751 3512 2822 ἡμέτερον.
3563 2750 3665 2805 Διὰ

2046 2847 2211 2902 τοῦτο
2241 2845 2390 2920 ἔργῳ
2428 2847 2566 2916 τιμᾷ
2594 2844 2695 2916 τὴν
2723 2843 2996 2915 ὑπακοὴν,
3019 2843 3137 2907 νέος
3174 2841 3356 2914 Ἀδάμ
3381 2842 3535 2914 ὑπὲρ
3561 2841 3658 2896 τοῦ

2048 2938 2286 2994 παλαιοῦ
2322 2936 2488 3010 φύσει
2517 2937 2836 3010 γενόμενος,
2880 2937 2979 2992 καὶ
3023 2937 3285 3008 πειρᾶται
3319 2935 3540 3004 ταύτης
3593 2935 3659 2987 ὲκ

2047 3032 2144 3090 τοῦ
2171 3033 2392 3098 παθεῖν,
2424 3031 2514 3086 διὰ
2538 3031 2648 3085 τῶν
2687 3029 2872 3086 αὐτῶν
2905 3029 3174 3093 ἑκουσίως
3219 3029 3358 3100 ἡμῖν
3407 3027 3658 3100 ἐνεχθεὶς

2047 3125 2415 3198 παθημάτων.
2453 3123 2627 3196 Εἴπερ
2661 3123 2808 3178 κατὰ
2835 3121 3026 3176 τοῦτον
3063 3119 3280 3192 ἀληθῶς
3316 3121 3419 3174 τὴν
3478 3121 3656 3192 μέγαν

347 3225 582 3289 tumque
611 3234 788 3290 genus
818 3229 1074 3275 nostrum
1101 3221 1356 3287 salvavit,
1387 3230 1640 3278 nostrum
1668 3223 1940 3295 quidquid

2048 3219 2401 3285 διδάσκαλον,
2435 3238 2454 3270 ι
2493 3219 2808 3283 Ἐκοπίασε,
2837 3216 2934 3272 καὶ
2961 3215 3238 3280 έπείνασε,
3271 3214 3372 3268 καὶ
3398 3212 3652 3284 ἐδίψησε,

345 3317 468 3366 erat
523 3309 580 3366 in
638 3311 886 3382 seipsum
957 3311 1362 3368 transferendo.
1422 3314 1654 3386 Propter
1713 3316 1822 3372 hoc
1882 3333 1945 3375 re

2049 3313 2144 3368 καὶ
2172 3311 2470 3384 ὴγωνίασε,
2495 3311 2591 3366 καὶ
2641 3311 2911 3382 ἐδάκρυσε
2943 3327 2962 3361 ι
3009 3307 3160 3380 νόμῳ
3203 3305 3490 3379 σώματος,
3523 3305 3553 3360 ὃ
3587 3305 3654 3376 δὴ

345 3401 525 3471 ipsam
577 3401 955 3457 obedientiam
1006 3401 1222 3458 honore
1267 3401 1486 3468 allicit,
1547 3418 1726 3460 novus
1751 3402 1944 3476 utique

2049 3403 2224 3478 σαφὴς
2252 3403 2518 3476 ἐνεργοῦς
2549 3405 2700 3458 ἐστιν
2729 3400 3012 3466 ἀπόδειξις
3062 3398 3390 3468 διαθέσεως,
3419 3400 3520 3454 καὶ
3551 3397 3652 3469 τῆς

341 3495 527 3550 factus
555 3495 800 3550 Adamus
822 3510 924 3566 pro
947 3495 1042 3552 illo
1070 3495 1284 3552 Adamo
1311 3497 1509 3562 veteri,
1543 3511 1643 3568 per
1659 3506 1940 3564 naturam,

342 3601 580 3657 eamque
601 3586 824 3643 dolores
861 3586 1128 3658 patiendo
1153 3587 1432 3659 degustat,
1462 3589 1594 3644 dum
1627 3604 1687 3646 se
1720 3605 1752 3645 e
1779 3590 1942 3647 nobis

338 3695 517 3734 unum
555 3680 686 3735 facit
713 3695 812 3750 per
844 3679 1132 3751 passiones
1156 3681 1403 3737 easdem.
1437 3681 1582 3750 Quid
1615 3683 1766 3738 enim
1789 3683 1941 3738 aliud

348 3773 514 3829 docet
541 3789 776 3845 magnus
801 3789 996 3830 revera
1021 3774 1306 3846 magister,
1338 3774 1570 3831 dicens:
1607 3795 1625 3828 ι
1659 3777 1942 3847 Fatigatus

339 3871 448 3931 est,
480 3863 622 3920 fame
653 3864 890 3920 allectus
913 3873 1018 3932 est,
1045 3865 1138 3920 siti
1172 3864 1467 3932 laboravit,
1496 3872 1733 3920 mortem
1761 3882 1932 3936 expa-

338 3959 442 4024 vit,
492 3957 764 4030 lacrymas
811 3958 1000 4014 emisit
1032 3958 1144 4011 0?»
1205 3958 1462 4029 corporis
1499 3959 1764 4014 nimirum
1821 3959 1940 4016 bzec

339 4059 503 4105 erant
539 4051 750 4116 omnia,
809 4051 1090 4121 simulque
1153 4050 1304 4107 cla‘ra
1363 4051 1765 4107 demonstratio
1823 4061 1938 4107 tum

337 4143 576 4199 aﬂ'ectus
605 4143 836 4199 minime
877 4143 1092 4208 inertis,
1160 4158 1377 4199 necnon
1424 4143 1694 4199 indicium
1727 4135 1939 4202 conde-

339 4234 651 4290 scensionis
677 4250 808 4306 erga
833 4249 1136 4290 conservos
1161 4243 1218 4290 et
1269 4249 1482 4290 servos.
1513 4234 1782 4290 Dominus
1808 4236 1936 4306 qui-

337 4328 463 4384 dem
503 4335 562 4383 et
585 4334 785 4382 natura
815 4327 922 4382 fuit
955 4335 1012 4383 et
1058 4325 1382 4396 permansit,
1429 4325 1526 4382 sed
1569 4335 1795 4398 propter
1825 4342 1933 4393 me,

227 4489 230 4492 ἢ
335 4420 433 4490 qui
465 4428 665 4476 natura
692 4435 889 4476 servus
917 4434 1094 4484 eram,
1125 4419 1306 4474 lactus
1343 4428 1429 4474 est
1479 4434 1696 4485 servus,
1741 4428 1804 4475 ut
1845 4435 1934 4477 me

334 4509 456 4578 ejus
486 4508 697 4566 laceret
721 4509 1032 4574 dominum,
1066 4509 1161 4578 qui
1201 4524 1304 4579 per
1340 4507 1591 4566 fraudem
1643 4513 1928 4583 tyrannice

333 4600 474 4656 mihi
497 4601 913 4657 dominabatur.
944 4602 1179 4672 Propter
1210 4603 1318 4657 hoc
1359 4603 1618 4659 servilem
1646 4604 1924 4659 conditio-
1963 4589 2008 4646 Ῑ)

334 4694 462 4748 dem
493 4693 926 4758 administravit,
963 4704 1024 4749 ut
1065 4695 1356 4760 Dominus,
1408 4696 1517 4752 hoc
1568 4707 1654 4753 est
1701 4715 1926 4754 carnem

249 4790 254 4798 '
334 4784 602 4840 exaltavit
627 4784 813 4850 Deus;
871 4785 1060 4855 itaque
1103 4785 1408 4856 potentiam
1445 4787 1846 4858 impassibilem
1873 4799 1931 4846 et

336 4875 499 4946 plane
522 4875 808 4931 dominam
839 4875 1006 4932 etiam
1045 4877 1101 4932 in
1142 4893 1309 4934 carne
1361 4879 1782 4949 demonstravit,
1807 4898 1930 4952 quae

333 4983 436 5039 per
465 4969 784 5040 passionem
822 4983 1046 5024 omnem
1069 4969 1322 5025 aboleret
1343 4973 1781 5042 corruptionem,
1800 4989 1929 5044 per-

334 5075 444 5129 que
486 5071 722 5115 mortem
755 5067 980 5130 pareret
1005 5059 1398 5116 immortalem.
1430 5062 1644 5118 Rursus
1668 5073 1928 5136 tanquam

333 5167 532 5208 servus
561 5152 787 5208 Domini
847 5160 1038 5224 partes
1080 5151 1515 5220 administravit,
1555 5155 1730 5211 Deum
1778 5173 1838 5214 se
1874 5159 1930 5215 in

335 5256 561 5297 carnem
595 5241 917 5309 demittens,
959 5243 1300 5300 inell'abilem
1341 5243 1806 5303 bumiliationem'
1832 5249 1931 5307 de-

334 5333 588 5401 claravit,
615 5351 715 5405 per
749 5351 914 5407 quam
965 5336 1245 5393 deiﬁcavit
1308 5353 1486 5408 genus
1531 5349 1782 5396 nostrum
1808 5345 1934 5399 uni-

2045 3499 2184 3570 πρὸς
2215 3497 2342 3563 τοὺς
2371 3493 2700 3568 ὁμοδούλους
2725 3513 2788 3550 τε
2817 3493 2910 3548 καὶ¹
2941 3492 3159 3557 δούλους
3184 3493 3502 3565 τεκμήριον
3521 3505 3653 3559 συγ-

2044 3589 2422 3654 καταόάσεως.
2489 3587 2771 3658 Δεσπότης
2815 3585 2926 3656 γὰρ
2980 3584 3141 3656 φύσει
3186 3584 3503 3656 μεμένηκε,
3555 3582 3650 3636 καὶ
3752 3631 3774 3649 ο,

2042 3683 2232 3748 δοῦλος
2255 3683 2324 3738 δι’
2351 3683 2453 3754 ἐμὲ
2481 3681 2575 3736 τὸν
2606 3679 2771 3750 φύσει
2800 3677 2987 3732 δοῦλον
3013 3677 3330 3748 γενόμενος,
3362 3677 3455 3731 ἵνα
3487 3676 3645 3743 ποιή-

2044 3793 2114 3851 σῃ
2135 3778 2180 3810 ⁸⁷
2209 3775 2486 3847 δεσπότην
2538 3773 2635 3828 τοῦ
2661 3773 2736 3827 δι’
2766 3772 2986 3840 ἀπάτης
3042 3769 3390 3843 τυραννικῶς
3423 3767 3646 3840 κυριεύ-

2044 3887 2260 3935 σαντος,
2289 3867 2380 3923 διὰ
2420 3866 2580 3921 τοῦτο
2604 3865 2675 3920 τὰ
2707 3864 2810 3936 μὲν
2843 3861 3068 3917 δουλικὰ
3104 3860 3451 3923 δεσποτικῶς
3486 3861 3642 3930 ένερ·

2040 3964 2177 4034 γῶν,
2214 3961 2467 4016 τουτέστι
2499 3959 2570 4013 τὰ
2619 3957 2866 4030 σαρκικὰ
2919 3955 3142 4020 θεῖκῶς,
3194 3953 3292 4026 τὴν
3325 3951 3520 4022 ἀπαθῆ
3549 3949 3642 4004 καὶ

2041 4055 2203 4126 φύσει
2257 4052 2636 4117 δεσπόζουσαν
2681 4052 2742 4105 ὲν
2791 4051 2906 4113 τοῖς
2949 4047 3237 4118 σαρκικοῖς
3283 4045 3642 4099 ἐπεδείκνυτο

2039 4146 2291 4218 δύναμιν,
2321 4143 2510 4216 (109
2543 4144 2600 4210 a)
2632 4141 2724 4196 διὰ
2760 4141 2990 4206 πάθους,
3024 4138 3127 4212 τὴν
3177 4137 3392 4210 φθορὰν
3439 4133 3639 4206 ἀφανί-

2039 4241 2262 4306 ζουσαν,
2321 4240 2418 4294 καί⁸
2461 4237 2552 4291 διὰ
2583 4236 2815 4290 θανάτου
2867 4235 3014 4304 ζωὴν
3051 4232 3501 4305 δημιουργοῦσαν
3543 4231 3637 4284 άν-

2037 4332 2276 4404 ὠλεθρον
2291 4331 2362 4394 ⁸⁸,
2391 4329 2462 4384 τὰ
2478 4328 2776 4383 δεσποτικὰ
2801 4327 2860 4382 δὲ
2889 4327 3149 4397 πράττων
3171 4324 3462 4388 δουλικῶς,
3484 4338 3640 4376 τουτ-

2038 4428 2157 4478 έστι
2179 4421 2250 4476 τά
2283 4419 2404 4474 θεῖα
2463 4419 2509 4452 ⁵⁸
2561 4415 2866 4489 σαρκικῶς,
2902 4415 3002 4486 τὴν
3049 4415 3257 4484 ἄφατον
3297 4413 3636 4468 ἐνεδείκνυτο

2036 4516 2296 4578 κένωσιν,
2336 4511 2425 4567 διὰ
2485 4509 2696 4582 σαρκὸς
2741 4508 2999 4578 παθητῆς
3049 4505 3112 4560 τὸ
3161 4506 3322 4576 γένος
3369 4505 3521 4560 ἅπαν
3564 4503 3630 4570 τῇ

2038 4607 2216 4680 φθορᾷ
2244 4605 2453 4676 γεωθὲν
2501 4600 2898 4672 θεουργοῦσαν.
2939 4601 3018 4672 Τῇ
3077 4599 3188 4672 γὰρ
3220 4599 3431 4653 τούτων
3460 4593 3630 4650 ἐπαλο

2037 4701 2178 4770 λαγῇ
2212 4697 2402 4768 σαφῶς
2435 4695 2728 4750 ὲπιστοῦτο
2755 4694 2856 4758 τάς
2886 4711 2944 4747 τε
2980 4692 3175 4763 φύσεις
3204 4685 3280 4746 ὧν
3305 4691 3471 4752 αὐτὸς
3502 4686 3634 4741 ὑπό·-

2039 4809 2228 4856 στασις
2279 4787 2371 4862 ἦν,
2429 4790 2526 4844 καὶ
2587 4789 2687 4853 τὰς
2741 4787 2922 4843 αὐτῶν
2969 4787 3251 4848 οὐσιὼδεις
3323 4781 3626 4854 ἐνεργείας,

2038 4887 2207 4957 ἦγουν
2237 4885 2502 4956 κινήσεις,
2535 4878 2611 4936 ὧν
2647 4883 2811 4945 αὐτὸς
2848 4881 3045 4944 ἓνωσις
3071 4875 3141 4950 ἦν
3172 4878 3502 4949 άσύγχυτος,
3554 4872 3626 4942 μὴ

2036 4977 2302 5049 δεχομένη
2332 4977 2600 5048 διαίρεσιν
2634 4976 2756 5028 κατ’
2799 4975 2972 5045 άμφω
3002 4972 3103 5037 τὰς
3136 4971 3330 5041 φύσεις
3361 4964 3438 5025 ὧν
3466 4965 3625 5027 αὐτὸς

2037 5069 2338 5132 ὑπόστασις
2365 5063 2455 5137 ἦν,
2504 5066 2666 5138 εἴπερ
2717 5065 2898 5136 ἑαυτῷ
2948 5064 3248 5135 προσφυῶς
3305 5057 3622 5134 μοναδικῶς.

2037 5163 2320 5216 τουτέστιν
2361 5159 2612 5224 ὲνοειδῶς
2643 5158 2885 5232 ἐνεργῶν
2921 5160 2989 5224 ⁸⁸,
3020 5157 3117 5212 καὶ
3161 5157 3228 5211 δί’
3254 5156 3488 5210 ἑκάστου
3515 5146 3622 5203 τῶν

2040 5255 2133 5310 ὑπ’
2163 5251 2332 5307 αὑτοῦ
2370 5250 2674 5322 γινομένων
2709 5253 2776 5322 τῇ
2800 5250 3032 5320 δυνάμει
3064 5249 3167 5320 τῆς
3211 5245 3408 5302 ἑαυτοῦ
3438 5242 3617 5307 θεότη-

2039 5365 2132 5411 τος
2165 5344 2490 5416 ἀχωρίστως
2517 5345 2898 5413 συνεκφαίνων
2926 5342 3026 5413 τῆς
3054 5341 3262 5403 οἰκείας
3295 5336 3494 5410 σαρκὸς
3522 5331 3614 5401 τὴν

334 5438 578 5495 versum,
611 5430 667 5485 in
694 5447 861 5487 carne
889 5431 1139 5502 passibili
1163 5472 1178 5497 ,
1207 5431 1356 5503 quod
1383 5447 1482 5502 per
1515 5436 1930 5526 corruptionem

2048 5439 2345 5509 ἐνέργειαν.
2383 5435 2560 5490 Αὑτοῦ
2599 5435 2709 5507 γὰρ
2748 5436 2866 5499 ἑνὸς
2894 5433 3050 5499 ὄντος
3093 5433 3246 5488 οὐδὲν
3275 5429 3611 5498 ὲνικώτερον,

402 5564 607 5625 'Joan.
635 5585 710 5635 ιν,
735 5569 767 5624 6
801 5587 815 5635 ;
849 5569 1044 5624 Matth.
1082 5585 1158 5637 IV,
1197 5568 1269 5638 2;
1302 5570 1460 5628 Joan.
1497 5589 1608 5641 xm,
1637 5575 1738 5644 ‘28;
1762 5577 1896 5644 Luc,
1941 5597 2094 5646 χχιιι,
2124 5579 2230 5645 46;
2263 5578 2424 5634 Joan.
2453 5593 2527 5638 xl.
2554 5575 2643 5630 ⁸55.

1628 5689 1714 5746 VA
1727 5693 1868 5750 lll/E
1902 5695 2310 5753 LECTIONES.

415 5773 842 5856 "ndvllpwfiyqy
871 5780 1166 5856 ed._Ga_l."
1199 5783 1246 5816 "
1263 5785 1570 5856 δαπανήσει
1593 5790 1683 5844 ed.
1711 5791 1831 5846 Gal.
1907 5793 1955 5824 ³⁸
1988 5795 2117 5856 ἴσως
2143 5793 2266 5848 cod.
2323 5793 2466 5850 Gud.

2569 5793 2615 5825 ⁸⁷
2680 5792 2898 5861 ποιήσει
2929 5790 3019 5845 od.
3053 5790 3174 5846 Gal.
3253 5788 3308 5820 ’⁸⁸
3334 5775 3602 5861 ἀνᾴλῗθρῗν

337 5843 902 5936 ςιὶζρξμηβξ-θθεῖῖκά
925 5851 1015 5904 ed.
1043 5851 1161 5905 Gal.
1253 5856 1296 5886 ⁸ο
1325 5855 1385 5910 ln
1410 5843 1535 5911 cod".
1565 5843 1706 5915 Gud.
1724 5843 2276 5936 "'sEiiipuuri'éQiﬁél,
2327 5843 2647 5920 eadem
2684 5843 3496 5931 manuslitterisrsuperpositis
3522 5843 3603 5899 te-

343 5931 382 5957 ‘-.
407 5914 559 5983 ripsit
591 5915 852 5987 ἐνεργῶν.
