3998 6360
450 460 586 528 1045

1683 473 2205 537 AMBIGUORUM
2243 479 2499 540 LIBER.

3577 489 3729 559 1046

410 556 554 628 ὀὐδ’
583 574 748 629 αὑτοῦ
782 575 943 630 πάλιν
974 575 1079 647 τῶν
1110 575 1306 630 ἑαυτοῦ
1336 577 1617 642 παντελῶς
1645 578 1971 650 ἑνικώτερον
1999 581 2033 652 ἦ

2140 582 2191 637 in
2223 592 2471 642 terrenas
2491 588 2685 644 sordes
2714 588 2876 659 plane
2930 591 3382 663 degeneraverat.
3417 596 3531 652 llac
3568 600 3729 654 enim

445 665 881 739 σωστικώτερον.
912 667 1012 721 Διὰ
1033 666 1194 721 τοῦτο
1226 668 1324 722 καὶ
1353 669 1581 739 πάσχων
1617 668 1753 733 Θεὸς
1795 666 1864 741 ἦν
1895 671 2031 742 ἀλη-

443 760 575 824 θῶς,
611 760 709 813 καὶ
737 759 1174 832 θαυματουργῶν
1210 760 1500 831 ἄνθρωπος
1532 757 1601 833 ἦν
1630 764 1660 816 ό
1687 763 1853 826 αὐτὸς
1901 764 2034 836 ἀλη-

442 852 575 917 θῶς,
608 854 692 906 ὅτι
736 854 833 907 καὶ
886 853 1106 922 φύσεων
1141 853 1360 924 ἀληθῶν
1393 855 1517 908 καθ’
1558 856 1757 910 ἕνωσιν
1794 855 2033 928 ἇρῤητον

443 946 746 1011 ὑπόστασις
772 943 841 1018 ἦν
873 948 1100 1019 ἀληθής.
1128 942 1229 1010 Af;
1255 948 1612 1019 καταλλήλως
1640 966 1699 1001 τε
1733 949 1829 1002 καὶ
1862 966 2034 1020 προσ-

443 1034 598 1104 φυῶς
621 1035 860 1105 ἐνεργῶν
886 1037 1162 1091 ἐδείκνυτο
1194 1036 1385 1101 σώζων
1415 1037 1588 1101 αὐτὰς
1617 1038 1836 1109 ἀληθῶς
1860 1039 2032 1108 ἀσυγ-

446 1125 648 1197 χύτους
683 1128 727 1161 ⁸¹
765 1129 1075 1201 σωζόμενος
1103 1147 1118 1161 ο
1170 1130 1330 1200 εἴπερ
1358 1129 1578 1200 ἀπαθὴς
1613 1130 1892 1201 μεμένηκε
1929 1131 2033 1200 φύ-

448 1234 531 1272 σει
566 1220 663 1274 καὶ
695 1221 960 1292 παθητὸς,
1009 1223 1276 1287 ἀθάνατος
1319 1224 1415 1278 καὶ
1449 1223 1661 1293 θνητὸς,
1697 1224 1893 1295 ὁρατὸς
1940 1224 2035 1277 καὶ

428 1298 759 1383 κνοούμενος,
788 1316 864 1377 ὡς
896 1315 1060 1384 φύσει
1087 1315 1223 1379 Θεὸς
1256 1316 1350 1370 καὶ
1379 1315 1540 1386 φύσει
1564 1316 1851 1387 ἄνθρωπος
1884 1318 1912 1370 ὁ
1937 1319 2037 1372 αὐ-

446 1403 560 1465 τός.
591 1403 748 1459 Οὕτω
772 1406 817 1439 ⁶²
850 1407 950 1477 μὲν
978 1402 1092 1471 οὖν,
1133 1410 1253 1461 κατ’
1285 1408 1385 1478 ἐμὲ
1431 1408 1620 1477 φάναι,
1643 1409 1781 1479 τιμᾷ
1808 1409 1909 1479 τὴν
1936 1410 2036 1462 ὑπ-

449 1496 620 1566 ακοὴν
641 1498 669 1549 ό
700 1498 862 1566 φύσει
888 1500 1299 1572 Δεσπότης,καὶ
1329 1501 1588 1570 πειρᾶται
1620 1498 1826 1570 ταύτης
1847 1500 1911 1553 ἐκ
1939 1499 2034 1553 τοῦ

451 1588 673 1655 παθεῖν,
705 1591 803 1660 οὐχ
833 1591 923 1644 ἶνα
952 1591 1101 1663 σώσῃ
1127 1592 1172 1624 ⁸³
1208 1592 1370 1662 μόνον
1402 1592 1517 1655 τοῖς
1544 1590 1741 1645 ἑαυτοῦ
1768 1591 1866 1661 τὴν
1893 1590 2037 1645 ἃπα-
2069 1627 2077 1634 ο

452 1697 555 1733 σαν
585 1680 749 1751 φύσιν
778 1683 1138 1755 ἀποκαθάρας
1177 1684 1222 1717 ⁸⁸
1254 1685 1352 1738 τοῦ
1386 1685 1651 1756 χείρονος,
1682 1684 1797 1737 ἀλλ’
1828 1684 1915 1738 ἵνα
1945 1686 2036 1736 καὶ

449 1773 549 1857 τὴν
571 1775 851 1846 ἡμετέραν
881 1776 1127 1849 ὑπακοὴν
1152 1777 1447 1848 δοκιμάσῃ,
1475 1777 1760 1848 μανθάνων
1781 1778 1847 1847 τῇ
1873 1775 2038 1847 πείρᾳ

450 1863 561 1919 τῶν
594 1866 882 1939 ἡμετέρων
910 1867 979 1923 τὰ
1022 1870 1150 1923 καθ’
1183 1870 1353 1940 ἡμᾶς,
1394 1872 1423 1923 ὁ
1450 1871 1633 1923 πᾶσαν
1661 1869 1865 1938 γνῶσιν
1893 1870 1960 1938 τῇ
1992 1867 2036 1898 ⁸⁵

2135 678 2637 735 communicatione
2662 682 3065 751 proprietatum
3090 696 3310 743 constat
3349 706 3477 744 eum
3513 701 3570 746 et
3594 678 3722 762 pos;

2135 766 2344 823 sedisse
2377 778 2627 838 naturas,
2657 789 2888 842 quarum
2936 778 3248 849 hypostasis
3297 791 3415 836 erat
3469 782 3605 852 ipse,
3663 792 3721 838 et

2134 861 2455 917 earumdem
2479 866 2806 922 essentiales
2853 870 3208 938 operationes
3239 882 3558 942 motusque,
3585 891 3723 944 quo-

2138 967 2261 1006 rum
2291 951 2427 1022 ipse,
2459 954 2578 1010 sine
2601 957 2949 1024 confusione,
2995 970 3117 1015 erat
3155 962 3354 1027 unitio,
3386 972 3441 1018 et
3494 964 3721 1033 quidem

2140 1043 2266 1098 talis
2307 1060 2429 1114 qua:
2481 1048 2788 1102 secundum
2858 1059 3087 1107 naturas
3141 1053 3196 1107 in
3254 1069 3322 1109 eo
3381 1054 3725 1126 hypostatiee

2137 1135 2468 1192 exsistentes
2493 1140 2699 1194 nullam
2735 1151 2961 1211 caperet
3010 1144 3363 1200 divisionem.
3394 1146 3557 1201 Certe
3591 1162 3726 1215 ope-

2135 1236 2289 1284 ratus
2314 1238 2398 1285 est
2423 1242 2795 1302 congruenter
2824 1233 2930 1289 sibi
2984 1235 3111 1305 ipsi,
3175 1254 3283 1292 una
3316 1245 3373 1292 et
3432 1237 3729 1292 uniformis

2135 1325 2256 1373 erat
2286 1320 2468 1375 omnis
2491 1322 2614 1392 ejus
2639 1325 2782 1378 actio
2805 1341 2820 1391 ;
2846 1324 2903 1380 in
2934 1342 3271 1397 unoquoque
3293 1343 3388 1398 per
3409 1343 3536 1383 eum
3559 1344 3729 1399 opere

2136 1412 2287 1467 edito
2325 1428 2435 1468 una
2469 1429 2595 1469 cum
2633 1415 2858 1473 deitatis
2912 1419 3163 1488 potentia
3194 1420 3356 1474 simul
3409 1419 3730 1475 declarabat

2136 1504 2376 1574 propriae
2399 1505 2582 1561 carnis
2611 1508 3033 1579 operationem;
3072 1526 3216 1565 unus
3239 1511 3447 1582 quippe
3480 1519 3620 1574 erat,
3672 1522 3741 1564 et

2138 1610 2207 1650 eo
2232 1611 2344 1651 uno
2368 1596 2504 1651 nihil
2541 1599 2723 1667 potuit
2764 1600 2939 1670 magis
2967 1616 3090 1656 esse
3145 1604 3341 1667 unum,
3397 1617 3501 1657 nec
3534 1617 3729 1656 eorum

2138 1702 2260 1758 quae
2286 1687 2355 1742 ad
2385 1688 2511 1743 eum
2540 1690 2895 1759 pertinebant
2924 1692 3098 1763 magis
3120 1692 3394 1747 unitivum
3419 1699 3476 1747 ct
3500 1707 3729 1746 eonser~

2138 1779 2410 1845 vativum,
2449 1781 2685 1851 ideoque
2713 1790 2769 1837 et
2800 1784 2894 1853 qui
2942 1784 3259 1854 patiebatur
3304 1785 3453 1838 Deus
3481 1792 3601 1839 erat
3633 1798 3726 1837 re-

2142 1884 2292 1935 vera,
2320 1880 2377 1925 et
2414 1871 2510 1940 qui
2554 1872 2824 1928 miracula
2874 1873 3130 1944 patrabat
3182 1891 3295 1929 non
3354 1875 3540 1929 minus
3599 1867 3772 1927 vere’

454 1956 615 2025 φύσει
648 1961 1030 2031 περιγράφων,
1067 1961 1254 2033 (109
1292 1962 1342 2032 b)
1399 1962 1568 2016 πόσον
1621 1962 1720 2032 μὲν
1775 1960 2038 2015 ἀπαιτούο

2143 1958 2289 2013 idem
2316 1960 2487 2027 homo
2512 1961 2639 2027 fuit,
2676 1963 2939 2032 quoniam
2989 1965 3047 2019 in
3093 1980 3161 2020 eo
3213 1972 3428 2020 naturae
3455 1980 3598 2019 verae
3632 1979 3733 2033 per

457 2050 619 2118 μεθα,
644 2051 810 2104 πόσον
837 2052 893 2105 δὲ
924 2053 1362 2124 συγχωρούμεθα.
1389 2054 1526 2124 πρὸς
1541 2054 1641 2124 τὴν
1670 2052 1883 2107 τελείαν
1913 2053 2040 2106 ὑπο·

454 2143 649 2212 ταγὴν,
690 2144 757 2197 δι’
788 2141 857 2218 ἦς
889 2148 1190 2217 προσάγειν
1227 2146 1441 2215 πέφυκε
1473 2145 1553 2216 τῷ
1576 2145 1753 2216 Πατρὶ
1775 2144 1903 2208 τοὺς
1934 2162 2040 2199 σω·

456 2233 740 2304 ζομένους,
770 2237 891 2289 κατ’
921 2238 1084 2290 αὐτὸν
1111 2239 1385 2307 φανέντας
1409 2242 1474 2309 τῇ
1500 2238 1729 2307 δυνάμει
1761 2238 1859 2308 τῆς
1891 2237 2040 2311 χάρι-

455 2344 567 2390 τος.
602 2329 690 2392 Ὠς
723 2330 867 2399 μέγα
909 2332 1003 2384 καὶ
1054 2332 1284 2402 φρικτὸν
1331 2331 1503 2395 ὅντως
1526 2330 1590 2384 τὸ
1620 2332 1720 2402 τῆς
1749 2330 1906 2402 ἡμῶν
1935 2348 2041 2385 σω-

455 2419 652 2490 τηρίας
687 2422 1011 2492 μυστήριον.
1058 2422 1467 2493 Ἀπαιτούμεθα
1500 2424 1611 2492 γὰρ
1662 2424 1785 2477 ὅσον
1833 2424 2042 2487 ἐκεῖνος

456 2510 619 2579 φύσει
642 2512 705 2565 ab
729 2514 775 2545 ⁶⁶
802 2514 923 2566 καθ’
951 2516 1118 2586 ἡμᾶς,
1156 2516 1593 2587 συγχωρούμεθα
1625 2516 1680 2569 δὲ
1712 2517 1835 2570 ὅσον
1876 2516 2041 2581 αὐτὸς

457 2603 599 2674 ὑπὲρ
625 2606 770 2675 ἡμᾶς
796 2605 987 2659 ἐνώσει
1011 2608 1073 2660 τὸ
1098 2608 1218 2660 καθ’
1252 2609 1398 2678 ἡμᾶς
1421 2608 1485 2660 ⁸⁷.
1515 2609 1579 2660 Εἰ
1605 2609 1787 2679 μήπου
1816 2607 2042 2678 γνώμης

457 2696 947 2768 φιλαμαρτήμονος
976 2698 1097 2763 ἕξις
1132 2702 1366 2752 ποιεῖται
1404 2700 1603 2763 κακίας
1651 2699 1784 2769 ὓλην
1813 2699 1911 2769 τῆς
1942 2699 2044 2767 φύ-

459 2805 598 2851 σεως
621 2789 721 2859 τὴν
740 2789 1049 2846 ἀσθένειαν.
1077 2791 1185 2843 Καὶ
1211 2790 1370 2860 δῆλός
1410 2793 1527 2844 ἐστι
1557 2790 1760 2862 ταύτης
1780 2789 2042 2862 ὑπάρχων

455 2878 559 2948 τῆς
587 2878 794 2942 ἐννοίας
821 2879 849 2931 ό
878 2879 1047 2943 πολὺς
1078 2874 1234 2942 οὗτος
1258 2880 1603 2944 διδάσκαλος,
1635 2882 1749 2943 τοῖς
1777 2879 1908 2949 ἑξῆς
1939 2880 2042 2933 αὒ-

2140 2050 2405 2107 unionem
2432 2052 2774 2109 ineffabilem
2799 2055 3209 2127 hypostaticam
3262 2071 3395 2111 vere
3458 2056 3730 2110 unicban-

2141 2152 2252 2199 tur.
2283 2143 2402 2210 His,
2431 2144 2683 2215 inquam,
2728 2148 2978 2218 apposite
3030 2156 3086 2202 et
3134 2156 3506 2218 congruenter
3540 2162 3733 2216 cpera-

2141 2245 2232 2292 tus
2262 2236 2412 2306 ipsas
2438 2251 2572 2293 vere
2603 2240 2982 2303 conservabit,
3010 2240 3128 2309 ipse
3162 2239 3389 2295 interim
3438 2239 3558 2293 sine
3596 2254 3733 2293 con-

2141 2328 2360 2385 fusione
2395 2345 2752 2400 permanens.
2783 2331 2917 2386 Erat
2939 2332 3107 2387 enim
3139 2340 3195 2387 et
3246 2340 3442 2386 natura
3476 2330 3736 2400 impa‘ssi-

2141 2419 2274 2476 bilis
2300 2427 2358 2474 et
2380 2420 2682 2491 passibilis,
2724 2421 3061 2478 immortalis
3089 2431 3143 2478 et
3191 2423 3465 2488 mortalis,
3492 2420 3736 2476 visibilis
3768 2460 3773 2463 ς

2142 2519 2200 2566 et
2238 2511 2629 2583 intelligibilis,
2658 2521 2857 2568 natura
2877 2513 3026 2568 Deus
3055 2521 3112 2569 et
3130 2513 3277 2569 idem
3314 2520 3513 2568 natura
3542 2513 3731 2567 homo.

2142 2603 2260 2659 Hoc
2290 2603 2478 2672 modo,
2509 2613 2569 2658 ut
2590 2604 2741 2675 quod
2773 2619 2875 2676 ego
2903 2604 3085 2661 sentio
3108 2605 3324 2675 loquar,
3355 2603 3747 2660 obedientiam

2143 2697 2200 2752 in
2225 2697 2438 2762 honore
2471 2694 2640 2751 allicit
2688 2697 2978 2762 Dominus,
3036 2705 3094 2751 et
3142 2698 3265 2768 ejus
3326 2695 3735 2767 experientiam

2140 2789 2520 2861 perpetiendis
2545 2789 2707 2844 malis
2735 2788 2905 2858 capit,
2940 2804 3053 2844 non
3080 2798 3294 2844 tantum
3327 2798 3389 2843 ut
3418 2789 3730 2849 salvetnos,

2145 2889 2315 2936 totam
2350 2896 2382 2935 a
2408 2880 2543 2935 vitio
2576 2880 2865 2952 purgando
2894 2886 3174 2945 naturam,
3214 2894 3408 2935 verum
3460 2878 3627 2933 etiam
3670 2888 3733 2930 ut

456 2969 556 3039 τὴν
583 2969 841 3040 βεϐαιῶν.
887 2973 1027 3042 Φησὶ
1057 2972 1168 3042 γάρ
1197 2988 1209 3001 ·
1248 2990 1266 3023 ι
1305 2973 1367 3025 Et
1410 2972 1520 3043 γὰρ
1548 2972 1610 3025 τὸ
1650 2971 1765 3040 φῶς
1811 2970 2039 3043 ἐδιώχθη

2144 2970 2394 3035 exploret
2426 2976 2672 3025 nostram
2700 2968 3101 3032 obedientiam,
3131 2976 3191 3023 et
3210 2975 3401 3021 nostra
3437 2965 3622 3020 omnia
3643 2965 3728 3019 in-

455 3061 632 3115 διὰτὸ
660 3063 979 3133 πρόϐλημα,
1016 3068 1211 3133 φαῖνον
1237 3067 1295 3118 ὲν
1324 3067 1391 3135 τῇ
1426 3063 1638 3135 σκοτίᾳ,
1674 3064 1753 3135 τῷ
1784 3064 1886 3135 βίῳ
1920 3064 2039 3118 τού-

2145 3063 2356 3133 telligat
2379 3061 2739 3132 experiendo,
2775 3062 2870 3131 qui
2905 3060 3043 3116 alias
3091 3074 3312 3116 omnem
3356 3058 3729 3130 cognitionem

456 3171 557 3225 τῳ,
591 3155 697 3208 ὑπὸ
742 3157 844 3225 τῆς
878 3156 1047 3227 ἄλλης
1082 3157 1307 3221 σκοτίας
1349 3156 1418 3222 ⁸⁸,
1469 3154 1565 3208 τοῦ
1611 3154 1853 3227 πονηροῦ
1900 3154 2039 3222 λέγω

2145 3168 2244 3210 sua
2292 3158 2494 3208 natura
2532 3151 2961 3222 complectitur;
2998 3152 3075 3208 ita
3112 3152 3379 3207 nimirum
3431 3151 3739 3221 dispiceret.

459 3247 555 3300 καὶ
591 3247 685 3300 τοῦ
713 3249 1038 3320 πειραστοῦ,
1075 3249 1135 3304 τὸ
1164 3249 1359 3314 σκότος
1400 3249 1591 3314 πόσον,
1616 3247 1692 3312 ώς
1721 3247 2039 3301 ἀσθενέστε-

2147 3253 2416 3317 quantum
2440 3252 2497 3300 et
2522 3259 2554 3299 a
2587 3243 2750 3300 nobis
2770 3244 2914 3315 exigi
2951 3260 3174 3315 aequum
3201 3243 3363 3308 foret,
3385 3253 3442 3298 et
3461 3249 3740 3314 quantum

461 3359 584 3413 ρον;
626 3344 735 3398 Καὶ
760 3344 813 3397 τί
843 3344 1180 3416 θαυμαστὸν,
1208 3344 1258 3398 εί
1287 3344 1500 3398 ἐκείνου
1529 3341 1887 3412 διαφυγόντος
1910 3357 2045 3394 παν-

456 3433 698 3489 τάπασιν
732 3436 895 3507 ἡμεῖς
942 3436 1125 3500 ποσῶς
1175 3434 1660 3505 καταληφθείημεν
1706 3434 1792 3500 ⁸⁹;
1841 3424 2045 3495 Μεῖῖον

458 3526 569 3597 γὰρ
596 3527 792 3598 ἐκείνῳ
817 3528 879 3582 τὸ
892 3527 1206 3599 ’διωχθῆναι
1231 3528 1300 3592 το,
1333 3527 1478 3598 ἥπερ
1508 3526 1642 3596 ἡμῖν
1692 3523 1755 3577 τὸ
1797 3522 2044 3591 καταλη-

458 3616 685 3687 φθῆναι,
720 3620 870 3690 παρὰ
897 3623 1013 3684 τοῖς
1051 3620 1229 3692 ὀρθῶς
1260 3620 1437 3675 ταῦτα
1468 3617 1894 3688 λογιζομένοις.)

2149 3336 2475 3404 condonari,
2519 3336 2587 3392 ad
2634 3334 2937 3407 perfectam
2989 3336 3405 3404 obedientiam;
3452 3350 3551 3406 per
3587 3335 3737 3388 hanc

2148 3430 2298 3485 enim
2325 3443 2425 3484 eos
2455 3443 2557 3484 suo
2595 3428 2742 3483 Patri
2767 3427 3044 3483 adducere
3070 3428 3211 3483 solet
3248 3427 3343 3498 qui
3376 3426 3555 3481 salute
3579 3425 3734 3495 digni

2149 3520 2510 3575 videbantur.
2541 3519 2714 3586 Quam
2765 3534 3048 3590 magnum,
3093 3533 3260 3588 quam
3319 3532 3451 3573 vere
3484 3526 3739 3573 tremen—

2152 3612 2284 3667 dum
2321 3618 2408 3666 est
2435 3619 2639 3666 nostrae
2691 3610 2887 3665 salutis
2918 3609 3280 3683 mysterium!
3315 3610 3553 3664 Tantum
3583 3623 3614 3662 a
3636 3623 3739 3662 no-

463 3712 546 3766 bis
607 3712 848 3784 exigitur
908 3723 1180 3783 quantum
1226 3713 1296 3768 ab
1345 3712 1465 3784 ipso
1526 3712 1582 3766 in
1621 3718 1813 3766 nostra
1835 3716 2038 3764 natura
2075 3704 2403 3762 constituto.
2464 3702 2582 3758 Nisi
2635 3703 2779 3760 forte
2817 3704 2913 3759 ubi
2960 3704 3264 3759 voluntatis
3324 3702 3393 3757 ad
3434 3710 3763 3773 peccatunr

462 3820 653 3875 pronae
682 3803 971 3862 inclinatio
1008 3814 1220 3862 naturaz
1266 3803 1647 3862 imbecillitate
1680 3802 1749 3858 ad
1805 3802 1936 3856 mali
1996 3797 2347 3855 occasionem
2404 3795 2692 3851 abutatur.
2758 3797 2933 3869 Hujus
2975 3787 3254 3868 opinionis
3304 3794 3600 3850 manifesto
3651 3802 3738 3849 est

461 3913 694 3969 magnus
723 3899 818 3955 hic
847 3899 1132 3971 magister,
1169 3913 1406 3969 eamque
1472 3897 1530 3951 in
1591 3895 1957 3967 sequentibus
1992 3890 2304 3947 conﬁrmat.
2337 3907 2356 3941 ι
2391 3888 2527 3944 Nam
2566 3905 2692 3945 cum
2744 3890 2926 3944 lucem
2984 3889 3133 3943 illam
3182 3894 3415 3958 propter
3484 3886 3738 3957 corporis

463 3998 845 4061 tegumentum
879 3992 935 4046 in
960 3993 1230 4055 tenebris,
1280 3991 1387 4046 hoc
1437 3998 1522 4046 est
1569 3990 1624 4043 in
1659 3988 1766 4043 hac
1791 3986 1930 4050 vita,
1971 3985 2189 4048 lucens,
2218 3982 2467 4038 tenebrae
2528 3982 2672 4047 alim,
2739 3982 2848 4037 hoc
2896 3990 2981 4036 est
3042 3996 3246 4052 pravus
3274 3980 3368 4035 ille
3393 3987 3450 4033 et
3487 3986 3735 4033 tentatur

464 4085 767 4139 insectatus
798 4085 894 4151 sit,
925 4091 1135 4155 quanto
1173 4082 1348 4153 magis
1374 4081 1633 4137 tenebras
1658 4081 1827 4150 ipsas,
1852 4085 2051 4149 utpote
2092 4073 2467 4131 inﬁrmiores?
2530 4074 2599 4128 Et
2631 4073 2766 4144 quid
2806 4074 3032 4137 mirum,
3075 4072 3121 4126 si
3174 4086 3301 4126 cum
3355 4071 3445 4125 ille
3505 4070 3736 4124 hostiles
3816 4091 3829 4095 ·

464 4179 693 4250 laqueos
723 4179 950 4235 omnino
979 4178 1258 4251 effugerit,
1318 4192 1424 4233 nos
1455 4176 1866 4247 quadamtenus
1930 4169 2507 4241 comprehendamur?
2556 4168 2731 4239 Majus
2793 4167 2999 4238 quippe
3043 4166 3124 4221 illi
3180 4172 3287 4230 est,
3349 4163 3496 4235 quod
3563 4163 3738 4218 hostis

462 4283 592 4323 eum
623 4275 953 4339 persecutus
990 4267 1083 4328 sit.
1128 4282 1293 4338 quam
1332 4265 1519 4333 nobis,
1581 4265 1733 4337 quod
1766 4278 1870 4320 nos
1901 4266 2234 4351 assequatur
2303 4266 2468 4329 atque
2519 4257 2977 4329 comprehendat,
3020 4255 3168 4327 apud
3230 4271 3333 4312 eos
3385 4254 3578 4325 utique
3638 4254 3742 4323 qui

466 4358 585 4413 lucc
608 4364 759 4413 recta
789 4357 1004 4413 ratione
1032 4357 1405 4428 perpendunt.
1438 4375 1458 4409 ι

468 4538 574 4603 Εἰς
604 4535 719 4603 τὴν
755 4535 905 4604 πρὸς
944 4535 1130 4589 Γάϊον
1158 4534 1267 4588 τὸν
1295 4530 1671 4602 θεραπευτὴν
1714 4530 2039 4599 ἐπιστολὴν

2147 4530 2212 4585 In
2268 4528 2546 4599 epistolam
2600 4527 2655 4582 S.
2720 4525 2959 4596 Dionysii
3023 4524 3345 4594 4re0pagitw
3403 4523 3742 4577 Athenarum

537 4627 647 4682 τοῦ
674 4627 719 4659 ⁷¹
761 4626 1081 4681 Διονυσίου
1102 4625 1208 4679 τοῦ
1237 4624 1681 4695 Ἀρεοπαγίτου,
1708 4623 2039 4677 ἐπισκόπου

2217 4619 2444 4690 episcOpi
2470 4618 2541 4671 ad
2564 4616 2755 4672 Caium
2790 4617 3124 4670 monachum.
3161 4633 3179 4665 ι
3216 4612 3508 4679 Quomodo,
3538 4613 3738 4684 inquis;

552 4717 837 4786 Ἀθηνῶν-ο
876 4737 895 4770 ι
938 4716 1093 4784 Πῶς,
1126 4716 1268 4787 φὴς,
1306 4716 1560 4784 Ἰησοῦς,
1602 4719 1634 4769 ό
1670 4713 1913 4768 πάντων
1948 4713 2039 4766 ἐπ-

2217 4712 2390 4776 Iesus,
2420 4713 2511 4781 qui
2550 4717 2626 4764 est
2668 4708 2914 4763 omnibus
2953 4709 3216 4780 superior,
3250 4707 3307 4760 in
3354 4706 3590 4761 eumdem
3619 4721 3741 4760 cum

541 4811 768 4874 ἐκεινα,
817 4808 1010 4866 πᾶσιν
1046 4808 1380 4875 ἀνθρώποις
1418 4809 1593 4863 ἐστὶν
1644 4808 1691 4838 ⁷³
1745 4804 2039 4869 οὐσιωδῶς

2220 4804 2422 4859 caeteris
2452 4801 2748 4857 hominibus
2795 4801 3035 4855 essentia:
3067 4800 3306 4854 ordinem
3341 4799 3581 4854 redactus
3616 4799 3742 4853 est?

542 4902 1058 4972 συντεταγμένος;
1112 4899 1266 4957 Οὐδὲ
1303 4906 1413 4971 γὰρ
1442 4901 1546 4966 “ὠς
1588 4898 1779 4964 αἴτιος
1828 4896 2039 4965 ἀνθρώ·

2221 4894 2401 4965 Neque
2434 4892 2574 4946 enim
2615 4893 2709 4946 hoe
2739 4892 2796 4944 in
2839 4889 2951 4944 loco
2983 4898 3244 4961 tanquam
3272 4906 3437 4943 causa
3469 4890 3742 4943 hominum

545 5010 674 5048 πων
703 4992 918 5048 ἐνθάδε
944 4993 1183 5064 λέγεται
1221 4992 1553 5060 ἄνθρωπος,
1585 4989 1726 5044 ἀλλ’
1757 4990 1837 5055 ὡς
1871 4989 2039 5053 αὐτὸς

2223 4985 2608 5050 consideratur,
2644 4982 2735 5038 sed
2775 4990 2835 5035 ut
2868 4998 2963 5053 per
3002 4983 3281 5036 essentiam
3319 4989 3485 5035 totam
3523 4997 3579 5034 re
3622 4981 3744 5051 ipsa

544 5083 674 5139 κατ’
700 5084 924 5138 οὐσίαν
943 5083 1100 5152 ὅλην
1131 5082 1376 5150 ἀληθῶς
1413 5079 1717 5149 ἄνθρωπος
1752 5078 1856 5134 ῶν.
1890 5097 1908 5130 ι
2220 5082 2396 5135 homo.
2430 5098 2448 5128 ι

557 5192 773 5275 Ἐπειδὴ
798 5195 939 5248 κατὰ
975 5194 1074 5265 τὴν
1111 5194 1293 5263 ἁπλῆν
1325 5191 1553 5263 ἐκδοχὴν
1588 5192 1688 5261 τῆς
1723 5190 1889 5259 ἁγίας
1916 5190 2039 5261 Γρα-

2224 5189 2684 5261 Quandoquidem
2715 5188 3023 5245 secundum
3052 5186 3357 5275 simplicem
3391 5200 3562 5241 sacra:
3596 5182 3745 5239 Scri-

475 5284 603 5358 φῆς,
637 5284 714 5351 ὡς
742 5286 963 5341 πάντων
987 5286 1161 5350 αῐτιος
1188 5286 1217 5339 ό
1254 5284 1388 5349 Θεὸς
1419 5286 1553 5338 πᾶσι
1582 5284 1913 5355 σημαίνεται
1941 5286 2039 5345 τοῖς

2153 5290 2331 5354 pturaa
2357 5282 2723 5349 intellectum,
2744 5281 2891 5336 Deus
2915 5281 3084 5337 etiam
3112 5277 3501 5334 denominatus
3526 5277 3596 5331 ab
3619 5291 3740 5331 om-

1745 5438 1978 5496 VARLE
2018 5437 2420 5496 LECTIONES.

546 5555 591 5637 τί
622 5554 928 5637 ἁσύγχυτος
946 5555 1035 5637 ed.
1055 5556 1238 5637 βοὶ.--
1274 5555 1535 5637 “loti-rw;
1567 5556 1653 5610 ed.
1687 5555 1814 5637 Gal.
1884 5555 1928 5637 ‘3
1962 5553 2111 5624 σώζῃ
2141 5553 2231 5637 ed.
2266 5553 2393 5637 Gal“:
2435 5623 2446 5637 ι
2478 5550 2540 5636 ⁸⁸⁵..
2558 5549 3214 5637 ἀποκαθείραςοᾱηωιὶ..
3298 5548 3355 5637 ξ’)
3373 5550 3455 5637 τῇ,
3478 5547 3739 5637 prnLAed.

476 5624 596 5682 Gal.
673 5626 719 5658 “
742 5619 823 5696 τῷ
851 5626 940 5696 ed.
973 5626 1092 5682 Gal.
1193 5627 1238 5659 "'
1296 5627 1475 5680 Verba
1533 5624 1965 5696 συγχωρούμεθα
1991 5655 2061 5665 --
2183 5623 2393 5696 τὸᾼκαθ’
2425 5623 2592 5696 ἡμᾶς.
2623 5637 2744 5696 qua:
2771 5619 3158 5696 desiderantur
3201 5620 3267 5696 in_
3289 5620 3377 5696 ed.
3406 5619 3557 5696 _Gal_..
3588 5631 3747 5696 repo-

480 5645 596 5682 Ual.
673 5645 719 5658 "'
742 5645 823 5696 τῳ
851 5645 940 5680 cu.
973 5645 1092 5682 ωιι.
1193 5645 1234 5659 ν’
1304 5645 1475 5680 verna
1533 5645 1635 5692 συγ
1675 5645 1965 5695 ωρουμευα
1991 5655 2061 5665 --
2087 5654 2157 5664 --
2183 5645 2244 5675 ’το
2274 5645 2375 5675 κατι
2425 5645 2592 5691 ημας,
2623 5645 2744 5690 qua:
2771 5645 3158 5677 ucslucralltur
3202 5645 3253 5674 ιιι
3289 5645 3377 5673 cu.
3417 5645 3557 5677 υιιι..
3589 5645 3747 5686 ιιτιιυ-

480 5696 563 5750 sui
588 5712 656 5751 ex
685 5696 808 5751 cod.
846 5695 988 5751 Gud.
1066 5698 1110 5729 θ’
1140 5696 1389 5758 σκοτείας
1423 5696 1513 5750 ed.
1562 5645 1680 5750 Gai‘.
1779 5696 1823 5727 ⁶⁹
1848 5696 1941 5747 καὶ
1984 5691 2467 5763 καταληφθείημεν
2497 5691 2585 5746 ed.
2632 5690 2751 5747 Gal.
2834 5692 2879 5722 ⁷⁰
2912 5690 3167 5762 δοχθῆναι
3202 5690 3291 5745 ed.
3322 5689 3441 5745 Gal.
3514 5690 3555 5720 ⁷¹
3591 5687 3747 5756 ἁγίου
3776 5732 3780 5737 .

482 5765 635 5820 addit
655 5766 744 5821 ed.
777 5766 896 5821 Gal.
993 5768 1039 5799 ⁷³
1070 5767 1219 5821 ἐστὶν
1250 5766 1555 5837 ἀνθρώποις
1581 5767 1672 5820 cd.
1699 5765 1818 5820 Gal.

557 5889 633 5961 (5)
664 5890 887 5963 Dinnys.
913 5880 1323 5962 Areop.'Epist.
1380 5890 1446 5945 ad
1473 5889 1690 5955 Gaium,
1724 5899 1859 5944 tom.
1899 5888 1940 5954 l,
1978 5904 2032 5956 p.
2078 5885 2201 5949 595,
2232 5884 2369 5954 Opp.
2405 5884 2494 5938 ed.
2537 5883 2731 5939 Venet.
