3998 6408
305 462 445 528 1047

1452 464 1514 524 s.
1554 443 1844 523 MAXIMI
1880 459 2391 527 CONFESSORIS

3505 462 3652 529 1048

294 582 469 653 nibus
498 579 671 636 rebus
696 595 835 651 quas
860 579 1150 650 produxit,
1180 577 1393 633 idcirco
1418 586 1545 648 post
1572 575 1912 632 incarnatio-

2039 579 2123 631 τῶν
2148 578 2210 643 ἐξ
2228 580 2398 634 αὐτοῦ
2426 583 2800 653 παρηγμένων
2821 583 3107 655 ὀνόμασιν,
3125 584 3423 657 οἰόμενον.
3449 585 3651 658 τυχὸν,

303 688 430 730 nem
460 674 629 731 etiam
654 673 853 730 eodem
878 672 1048 728 modo
1080 672 1258 728 Deum
1287 670 1500 727 dictum
1531 669 1707 726 fuisse
1730 669 1913 725 homi-

303 782 433 822 nem
455 782 527 822 ne
548 766 693 822 forte
713 766 1063 822 existimaret
1080 764 1249 822 Caius
1266 763 1593 830 monachus,
1615 762 1706 818 his
1723 761 1914 819 verbis

306 877 435 916 eum
458 859 689 916 instruit
713 875 947 931 magnus
969 859 1287 930 Dionysius.
1312 857 1569 914 Ostendit
1588 856 1743 913 enim
1761 855 1913 927 quod

310 953 706 1008 universorum
746 952 893 1007 Deus
922 950 992 1006 ab
1025 950 1409 1006 incarnatione
1437 962 1553 1005 non
1582 948 1917 1020 simpliciter

312 1041 521 1098 dicitur
543 1041 735 1108 homo,
765 1041 863 1098 sed
899 1050 1012 1098 tota
1037 1040 1283 1098 essentia
1303 1048 1364 1097 et
1384 1055 1519 1097 vere
1546 1040 1739 1095 homo.
1762 1040 1918 1096 Hanc

313 1132 615 1189 essentiam
647 1132 788 1187 nihil
830 1130 979 1187 aliud
1028 1146 1163 1188 vere
1208 1132 1475 1199 declarat,
1507 1139 1711 1202 praeter
1740 1129 1915 1186 solam

316 1226 467 1281 illam
514 1226 848 1297 potentiam,
897 1241 1024 1295 quae
1068 1225 1246 1295 ipsius
1291 1231 1549 1280 naturam
1594 1222 1913 1292 constituit;

317 1336 440 1377 eam
486 1320 533 1377 si
583 1321 710 1392 quis
752 1320 1062 1377 naturalem
1115 1319 1498 1391 operationem
1546 1318 1770 1385 dixerit,
1804 1334 1917 1374 non

321 1415 579 1482 multum,
614 1414 835 1485 opinor,
868 1429 898 1469 a
934 1429 1107 1485 scopo
1135 1412 1481 1470 aberraverit
1507 1430 1521 1466 :
1550 1427 1679 1467 nam
1708 1419 1767 1468 et
1796 1425 1918 1467 eam

319 1508 547 1579 pmprie
591 1516 649 1563 et
695 1508 877 1579 primo
914 1506 1130 1572 definit,
1178 1512 1371 1577 utpote
1404 1506 1527 1577 ejus
1565 1502 1825 1576 specilica
1863 1513 1921 1558 et

324 1602 636 1658 communis
681 1602 952 1672 operatio,
999 1601 1056 1656 in
1108 1615 1218 1671 qua
1256 1598 1441 1654 omnis
1486 1598 1541 1654 ei
1587 1596 1920 1653 naturaliter

322 1703 649 1766 competens
683 1692 997 1765 proprietas
1027 1690 1543 1763 comprehenditur,
1570 1697 1726 1745 extra
1753 1703 1921 1758 quam

323 1788 466 1844 nihil
498 1795 586 1843 est
611 1795 813 1857 praeter
843 1785 899 1841 id
930 1785 1080 1856 quod
1112 1800 1224 1841 non
1253 1796 1375 1851 est;
1421 1798 1552 1839 nam
1598 1798 1668 1839 ex
1699 1790 1921 1839 senten-

284 1877 402 1939 .tia
427 1877 594 1948 hujus
616 1876 799 1947 magni
827 1874 1077 1947 magistri
1106 1876 1287 1931 solum
1317 1873 1375 1930 id
1402 1873 1552 1945 quod
1580 1874 1736 1928 nullo
1758 1873 1924 1928 modo

326 1975 414 2022 est
453 1982 558 2022 nec
590 1966 973 2036 operationem
1007 1965 1178 2021 habet
1219 1980 1325 2021 nec
1356 1964 1763 2021 exsistentiam.
1808 1964 1924 2020 Ma-

326 2060 689 2117 nifestissimc
738 2061 908 2133 igitur
957 2059 1121 2119 docet
1165 2061 1341 2116 Deum
1389 2058 1737 2115 incarnatum
1784 2057 1928 2114 nihil

331 2153 562 2209 omnino
599 2153 827 2207 humani
860 2168 893 2209 a
939 2168 999 2208 se
1042 2151 1286 2207 alienum
1329 2150 1695 2214 existimasse,
1729 2158 1930 2220 praeter

329 2255 645 2318 peccatum,
680 2245 830 2317 quod
866 2246 1093 2317 quidem
1128 2244 1196 2301 ad
1242 2253 1501 2300 naturam
1544 2260 1656 2299 non
1684 2244 1930 2315 pertine-

332 2339 459 2406 bat;
488 2353 661 2409 quare
694 2353 800 2393 nec
830 2338 1114 2394 hominem
1149 2336 1477 2408 simpliciter
1507 2336 1667 2402 dixit,
1704 2337 1802 2393 sed
1832 2337 1931 2392 ho-

334 2431 544 2488 minem
571 2430 877 2497 secundum
908 2438 1079 2486 totam
1105 2430 1405 2486 essentiam
1435 2430 1719 2501 conceptis
1744 2429 1930 2486 verbis

334 2525 665 2596 designavit.
695 2522 870 2596 Hujus
892 2523 1062 2595 igitur
1085 2523 1141 2577 in
1168 2522 1532 2593 sequentibus
1550 2530 1607 2578 et
1625 2522 1931 2579 essentiam

334 2618 560 2689 preprie
605 2627 663 2673 et
709 2632 918 2672 nomen
964 2624 1091 2686 post
1137 2614 1655 2671 inhumanationem
1698 2630 1931 2685 progre-

334 2710 542 2765 diendo
575 2709 815 2780 explicat
843 2727 858 2762 :
895 2727 914 2760 ι
947 2707 1061 2763 Nos
1086 2722 1221 2762 vero
1260 2706 1452 2763 Iesum
1495 2716 1608 2762 non
1633 2705 1933 2763 deﬁnimus

335 2819 438 2874 per
463 2802 762 2858 hominem.
805 2823 823 2853 ι
858 2801 1049 2872 Neque
1083 2801 1232 2856 enim
1258 2815 1474 2855 merum
1500 2800 1785 2856 hominem
1809 2815 1933 2857 esse

336 2893 716 2961 decernimus,
752 2893 827 2949 ita
870 2893 1021 2949 enim
1062 2891 1448 2948 scinderemus
1488 2891 1781 2957 unitatem,
1810 2907 1935 2962 qua

339 2988 683 3045 intellectum
731 2996 979 3058 superat,
1016 2985 1115 3041 sed
1144 2984 1213 3040 de
1255 2984 1390 3050 Deo,
1436 2984 1531 3054 qui
1571 2998 1702 3040 vere
1731 2999 1935 3040 secun-

339 3076 474 3131 dum
504 3092 606 3132 nos
628 3075 926 3131 essentiam
952 3082 1201 3129 nostram
1229 3074 1552 3144 assumpsit,
1577 3089 1781 3130 nomen
1808 3075 1934 3140 hoc,

339 3173 531 3237 homo,
562 3169 901 3247 alﬁrmemns
942 3167 1337 3232 essentialiter,
1386 3182 1499 3222 non
1546 3176 1732 3223 autem
1780 3183 1847 3223 ac
1889 3168 1937 3223 si

2014 673 2113 727 καὶ
2168 673 2309 743 μετά
2348 673 2449 744 τὴν
2476 675 2759 747 σάρκωσιν
2785 677 2965 749 τούτῳ
3017 678 3166 750 μόνῳ
3203 678 3256 711 ’⁸
3298 677 3391 749 τῷ
3447 678 3659 752 τρόπῳ

2016 763 2183 819 πάλιν
2227 765 2419 837 (ιιο
2471 766 2528 835 a)
2580 766 2875 839 ἄνθρωπον
2918 769 3012 824 τὸν
3059 768 3194 823 Θεὸν
3240 769 3659 841 ὀνομάζεσθαι

2015 854 2231 920 τούτοις
2258 856 2360 912 τὸν
2381 857 2728 931 θεραπευτὴν
2756 859 2919 913 Γάϊον
2952 861 3375 933 ἐπανορθοῦται
3402 863 3535 924 τοῖς
3559 862 3663 932 ῥή-

2018 963 2190 1019 μασιν
2216 950 2247 1002 ὸ
2270 947 2443 1013 πολὺς
2467 949 2770 1019 Διονύσιος,
2792 950 3064 1006 διδάσκων
3097 951 3179 1016 ὡς
3205 953 3311 1024 οὐχ
3371 951 3589 1016 ἁπλῶς
3627 950 3662 1005 ό

2016 1040 2129 1096 τῶν
2160 1041 2301 1096 ὅλων
2331 1040 2469 1107 Θεὸς
2514 1042 2827 1114 σαρκωθεὶς
2870 1044 3095 1114 λέγεται
3143 1044 3484 1119 ἄνθρωπος,
3533 1044 3660 1098 ἀλλ’

2019 1136 2098 1200 ὡς
2128 1135 2264 1191 αὐτὸ
2285 1138 2410 1192 κατ’
2431 1136 2623 1191 οὐσίαν
2643 1137 2775 1209 ὅλην
2806 1138 3027 1210 ἀληθῶς
3063 1139 3364 1213 ἄνθρωπος
3402 1137 3515 1194 ὧν.
3543 1131 3660 1202 Ἦς

2022 1227 2165 1298 μόνη
2209 1245 2273 1283 τε
2323 1228 2421 1282 καὶ
2477 1228 2689 1300 ἀληθής
2723 1232 2875 1286 ἐστιν
2913 1231 3192 1300 ἀπόδειξις
3220 1235 3252 1305 ἡ
3280 1233 3449 1286 κατὰ
3480 1230 3663 1300 φύσιν

2022 1317 2199 1389 αὐτῆς
2227 1319 2537 1391 συστατικὴ
2558 1319 2816 1392 δύναμις,
2849 1323 2917 1393 ἢν
2940 1322 3043 1376 οὐκ
3067 1321 3136 1377 ἀν
3161 1339 3247 1387 τις
3282 1322 3559 1394 ἁμάρτοι
3608 1317 3664 1351 ’⁸

2022 1411 2124 1481 τῆς
2155 1410 2417 1480 ἀληθείας
2464 1415 2705 1485 φυσικὴν
2733 1415 2916 1487 φήσας
2941 1417 3250 1489 ἐνέργειαν,
3294 1415 3535 1488 κυρίως
3593 1430 3661 1468 τε

2023 1504 2121 1557 καὶ
2147 1503 2386 1577 πρώτως
2427 1507 2943 1579 χαρακτηριστικὴν
2988 1509 3187 1578 αὐτῆς,
3221 1507 3298 1572 ὡς
3356 1506 3661 1562 είδοποιὸν

1978 1642 1987 1650 ,
2028 1595 2389 1668 ὑπάρχουσαν
2403 1598 2644 1664 κίνησιν,
2662 1597 3039 1669 γενικωτὰτην
3059 1600 3241 1669 πάσης
3256 1599 3365 1669 τῆς
3381 1596 3663 1667 φυσικῶς

2028 1689 2170 1762 αὐτῇ
2205 1690 2523 1761 προσούσης
2558 1691 2918 1764 περιεκτικῆς
2934 1691 2985 1723 ⁷⁸
3008 1690 3295 1762 ἰδιότητος,
3338 1685 3422 1763 ἦς
3469 1688 3662 1760 χωρὶς

2031 1781 2198 1852 μόνον
2230 1780 2352 1834 ἐστὶ
2381 1780 2442 1835 τὸ
2471 1781 2547 1854 μὴ
2585 1781 2667 1850 ὃν,
2710 1783 2786 1847 ὡς
2821 1784 2986 1854 μόνου
3013 1782 3110 1837 τοῦ
3142 1782 3429 1855 μηδαμῶς
3462 1782 3661 1845 ὄντος.

2028 1876 2171 1930 κατά
2200 1875 2392 1932 τοῦτον
2409 1877 2501 1931 τὸν
2525 1879 2699 1948 μέγαν
2724 1878 3068 1947 διδάσκαλον,
3092 1878 3220 1933 οὔτε
3244 1879 3483 1949 κίνησιν
3506 1874 3661 1929 οὔτε

2031 1969 2268 2044 ὓπαρξιν
2279 1970 2516 2042 ἔχοντος.
2534 1972 2854 2044 Τρανότατα
2868 1970 2999 2042 γοῦν
3011 1971 3251 2027 διδάσκει
3269 1972 3454 2044 μηδὲν
3469 1973 3508 2041 ἡ
3517 1969 3663 2042 ρνῆ-

2030 2062 2159 2117 σθαι
2188 2064 2236 2097 ⁷⁸
2272 2063 2594 2118 παντάπασι
2636 2063 2747 2118 τῶν
2795 2064 3085 2136 ἡμετέρων
3118 2063 3213 2118 τὸν
3236 2063 3373 2117 Θεὸν
3410 2079 3663 2133 σαρκω-

2030 2154 2215 2221 θέντα,
2247 2155 2395 2228 πλὴν
2442 2156 2546 2227 τῆς
2585 2155 2862 2227 ἁμαρτίας
2884 2198 2899 2223 ,
2937 2157 3062 2209 ἐπεὶ
3093 2156 3233 2228 μηδὲ
3260 2158 3367 2228 τῆς
3411 2154 3661 2226 φύσεως

2028 2242 2121 2319 ἦν,
2149 2248 2250 2318 οὐχ
2274 2247 2464 2312 ἁπλῶς
2491 2247 2803 2319 ἄνθρωπον,
2833 2246 2950 2302 ἀλλ’
2979 2246 3111 2300 αὐτὸ
3144 2249 3266 2301 κατ’
3281 2245 3491 2302 οὐσίαν
3517 2244 3661 2315 ὃλην

2027 2337 2251 2409 ἀληθῶς
2315 2336 2606 2410 ἄνθρωπον
2654 2339 2785 2393 ὅντα
2827 2339 3132 2412 διαρρήδην
3176 2338 3658 2411 ἀποφηνάμενος.

2030 2424 2110 2485 Οὗ
2142 2430 2353 2501 κυρίως
2384 2425 2526 2485 εῖναι
2559 2429 2649 2484 διά
2682 2430 2791 2485 τῶν
2825 2431 3189 2503 ἐπαγομένων
3233 2431 3330 2485 καὶ
3358 2430 3475 2499 τὴν
3507 2425 3659 2497 κλῆ-

2033 2540 2121 2578 σιν
2164 2524 2536 2596 ἀνθρωπικῶς
2574 2523 2935 2589 οὐσιωθέντος
2972 2523 3386 2595 διατεινόμενός
3446 2534 3655 2592 φησιν·

2036 2637 2057 2671 1
2079 2616 2274 2689 Ἡμεῖς
2291 2617 2352 2670 δὲ
2380 2616 2474 2672 τὸν
2489 2616 2699 2690 Ἰησοῦν
2718 2618 2818 2672 οὐκ
2841 2616 3210 2690 ἀνθρωπικῶς
3228 2616 3616 2688 ἀφορίζομεν.
3630 2632 3654 2667 ι

2046 2711 2203 2767 Ἐπεὶ
2240 2710 2317 2782 μὴ
2345 2712 2391 2742 ”
2421 2709 2580 2783 ψιλὸν
2637 2710 2929 2781 ἄνθρωπον
2970 2712 3136 2765 αὑτὸν
3191 2709 3657 2783 δογματίζομεν,

2033 2805 2330 2877 τέμνοντες
2388 2806 2491 2879 τὴν
2546 2806 2690 2878 ὑπὲρ
2720 2807 2766 2839 ⁷⁸
2814 2805 3023 2860 ἔννοιαν
3068 2803 3287 2859 ἕνωσιν.
3338 2799 3658 2864 Οὐσιωδῶς

2036 2899 2169 2971 γὰρ,
2211 2898 2328 2954 ἀλλ’
2372 2899 2474 2969 οὐχ
2529 2899 2607 2963 ὡς
2635 2897 2947 2970 ἀνθρώπων
2992 2897 3169 2953 αἰτίου
3216 2895 3305 2949 ἐπ’
3337 2894 3517 2950 αὐτοῦ
3551 2890 3654 2947 τοῦ

2039 2988 2201 3058 φύσει
2229 2987 2369 3043 Θεοῦ
2398 2987 2523 3043 καθ’
2546 2990 2695 3061 ήμᾶς
2716 2987 2934 3058 ἀληθῶς
2954 2986 3311 3050 οὑσιωθέντος
3325 2985 3390 3039 τὸ
3412 2986 3659 3053 ἅνθρω-

2039 3097 2156 3149 πος
2186 3081 2361 3152 ὄνομα
2403 3080 2660 3152 λέγομεν.
2686 3080 2824 3134 Οὐδὲ
2860 3080 2972 3150 γάρ
3007 3077 3297 3151 ἄνθρωπος
3326 3078 3537 3149 μόνον,
3564 3075 3652 3129 ὅτι

2038 3176 2137 3232 καὶ
2167 3175 2303 3240 Θεὸς
2322 3176 2351 3229 ὁ
2388 3174 2573 3239 αὐτὸς,
2603 3191 2622 3225 ι
2661 3172 2783 3227 οὐδὲ
2807 3172 3136 3244 ὑπερούσιος
3176 3170 3363 3241 μόνον,
3391 3187 3410 3222 ι
3437 3170 3529 3223 ὅτι
3551 3167 3655 3222 καὶ

312 3290 327 3295 ο
341 3263 694 3320 solummodo
721 3278 888 3319 causa
912 3263 1203 3318 hominum
1224 3270 1374 3318 esset
1394 3270 1452 3318 et
1471 3260 1721 3318 eﬂ‘ector.
1745 3263 1934 3333 Neque

2041 3268 2331 3342 ἄνθρωπος
2357 3269 2386 3322 ὁ
2425 3267 2625 3333 αὐτὸς,
2659 3265 2821 3336 εἴπερ
2851 3265 2928 3337 μὴ
2960 3263 3117 3336 ψιλὸς
3165 3263 3463 3335 ἄνθρωπος
3504 3262 3654 3334 μήτε

341 3357 493 3413 enim
525 3354 874 3411 solummodo
902 3354 1071 3410 homo
1102 3365 1208 3419 est,
1242 3354 1341 3410 sed
1369 3360 1427 3408 et
1456 3353 1604 3410 Deus
1634 3353 1780 3411 idem
1809 3364 1895 3411 est
1919 3374 1933 3410 :

343 3466 527 3524 neque
570 3464 743 3521 super
787 3448 1091 3506 essentiam
1139 3456 1387 3504 nostram
1431 3448 1614 3505 solum
1660 3457 1767 3517 est,
1799 3465 1939 3521 quo-

341 3543 493 3597 niam
523 3541 671 3597 idem
703 3542 876 3597 etiam
908 3540 1079 3597 homo
1101 3548 1221 3608 est;
1248 3554 1354 3597 nec
1376 3539 1529 3596 enim
1558 3555 1752 3597 merus
1774 3542 1941 3599 homo

344 3642 443 3692 aut
483 3634 669 3692 nudus
712 3634 862 3691 Deus
893 3642 1001 3701 est,
1033 3632 1133 3691 sed
1178 3646 1377 3689 revera
1425 3630 1614 3699 homo,
1659 3633 1941 3704 praecipuo

344 3727 586 3799 quodam
615 3742 746 3798 erga
777 3726 1038 3783 homines
1079 3740 1271 3782 amore
1310 3724 1563 3782 allectus.
1609 3726 1718 3781 Per
1756 3725 1944 3782 inﬁni-

346 3832 465 3875 tum
497 3835 626 3892 erga
656 3820 915 3876 homines
942 3820 1191 3875 amorem
1231 3817 1415 3874 factus
1442 3827 1529 3876 est
1566 3818 1704 3875 illud
1734 3818 1940 3890 ipsum,

347 3921 408 3969 et
449 3913 679 3984 quidem
708 3913 1023 3977 verissime,
1054 3911 1206 3982 quod
1251 3912 1493 3975 amabat,
1532 3912 1611 3968 ita
1656 3918 1842 3967 tamen
1881 3921 1946 3968 ut

294 3992 299 3995 ’
350 3994 453 4062 sua
485 4005 661 4077 ipsius
685 4003 932 4061 essentia
965 4002 1105 4059 nihil
1144 4003 1429 4060 amitteret
1454 4018 1556 4074 per
1586 4003 1729 4060 hanc
1754 4004 1947 4060 ineﬂ‘a-

349 4098 521 4157 bilem
536 4096 994 4162 exinanitionem,
1012 4111 1118 4153 nec
1140 4102 1341 4151 natura
1368 4096 1612 4151 humana
1641 4096 1947 4168 quidquam

351 4192 581 4248 omnino
607 4189 698 4246 vel
724 4187 1052 4245 mutationis
1076 4186 1164 4243 vel
1189 4186 1580 4244 diminutionis
1604 4204 1705 4259 per
1732 4204 1949 4245 assum-

352 4285 604 4357 ptionem
659 4280 1089 4338 inenarrabilem
1144 4287 1451 4350 pateretur.
1499 4280 1584 4337 Ab
1634 4296 1703 4337 eo
1751 4281 1950 4339 habuit

354 4374 763 4439 deﬁnitionem,
789 4372 860 4428 ab
896 4386 966 4428 eo
990 4380 1047 4427 et
1087 4370 1564 4428 constitutionem.
1599 4392 1617 4424 ε
1645 4372 1825 4444 Supra
1854 4357 1948 4429 ca-

354 4479 512 4540 ptum
531 4468 864 4530 humanum,
896 4483 913 4517 ι
936 4464 1067 4535 quia
1087 4463 1207 4519 sine
1226 4462 1469 4519 hominis
1501 4479 1606 4534 ope
1629 4484 1647 4515 ι
1669 4474 1725 4521 et
1745 4479 1949 4521 ερρυη-

356 4559 489 4616 dum
523 4559 846 4623 hominem;
878 4575 897 4608 ι
926 4572 1054 4613 nam
1077 4569 1231 4611 more
1258 4555 1524 4621 humano,
1548 4556 1680 4627 quia
1698 4572 1797 4628 per
1823 4573 1952 4628 par.

356 4663 496 4711 tum.
519 4653 602 4709 Ex
624 4651 871 4709 hominis
890 4649 1221 4713 substantia,
1243 4665 1369 4704 cum
1392 4665 1562 4720 super
1581 4650 1951 4708 substantiam

358 4748 711 4810 subsisteret,
738 4743 1110 4813 substantiam
1149 4743 1465 4813 assumpsit.
1498 4742 1617 4799 Non
1664 4744 1836 4810 enim,
1867 4760 1955 4801 se-

361 4840 605 4897 cundum
640 4847 942 4909 nugatores
973 4837 1325 4903 Manichteos,
1356 4852 1565 4893 meram
1612 4838 1798 4893 carnis
1839 4854 1955 4895 suae

361 4935 604 5007 speciem
654 4943 712 4988 et
740 4933 1065 5004 phantasma
1094 4932 1151 4986 in
1179 4931 1364 5003 seipse
1392 4931 1554 4988 nobis
1578 4932 1756 4989 forma
1792 4942 1957 4991 tenus

2040 3361 2251 3434 γυμνὸς
2306 3361 2546 3433 ὑπάρχει
2608 3358 2746 3423 Θεὸς
2771 3397 2788 3422 ,
2820 3375 2840 3410 ι
2891 3357 3009 3411 ἀλλ’
3065 3356 3356 3428 ἄνθρωπος
3413 3353 3653 3425 ἀληθῶς

2041 3455 2072 3507 ό
2103 3453 2476 3526 διαφερόντως
2502 3451 2912 3525 φιλάνθρωπος.
2958 3470 2978 3503 ι
3026 3450 3269 3522 ’Δπείρῳ
3320 3448 3434 3520 γὰρ
3492 3444 3651 3518 πόθῳ

2040 3546 2121 3619 τῷ
2154 3546 2294 3618 πρὸς
2323 3544 2655 3618 ἀνθρώπους
2692 3546 2832 3617 ὅπερ
2858 3544 3012 3598 ἐστὶν
3048 3542 3269 3614 ἀληθῶς
3310 3542 3447 3596 αὐτὸ
3478 3532 3653 3611 φύσει

2042 3640 2105 3695 τὸ
2130 3638 2504 3712 ποθούμενον(
2511 3638 2555 3708 ι
2566 3638 2672 3710 10
2686 3639 2739 3706 ὸ)
2760 3639 2975 3708 γέγονε,
3000 3637 3140 3709 μήτε
3170 3653 3227 3690 τι
3246 3634 3543 3699 πεπονθὼς
3567 3633 3650 3697 είς

2044 3734 2145 3805 τήν
2169 3734 2214 3766 ⁷⁸
2246 3733 2387 3789 ἰδίαν
2421 3732 2613 3786 οὐσίαν
2652 3729 2792 3803 πρὸς
2822 3729 2927 3801 τῆς
2970 3728 3285 3800 ἀφθέγκτου
3330 3729 3647 3788 κενώσεως,

2050 3831 2188 3901 μήτε
2213 3843 2271 3881 τι
2301 3825 2406 3897 τῆς
2436 3825 2791 3899 ἀνθρωπίνης
2807 3823 2899 3878 διά
2926 3823 3028 3895 τὴν
3054 3822 3372 3895 ἀπόρρητον
3393 3821 3441 3854 ⁸⁰
3473 3818 3651 3890 πρόσ-

2047 3920 2216 3992 ληψιν
2243 3917 2511 3992 ἀμείψας,
2550 3918 2585 3989 ἢ
2623 3915 2946 3989 μειώσαςτὸ
2981 3914 3206 3971 σύνολον
3233 3913 3478 3984 φύσεως,
3515 3909 3595 3967 ὢν
3618 3910 3650 3963 ό

2047 4011 2208 4081 λόγος
2261 4009 2471 4082 κυρίως
2516 4008 2691 4080 αὐτῆς
2745 4007 3059 4079 καθέστηκε
3086 4006 3368 4070 σύστασις.
3406 4024 3425 4057 ι
3470 4002 3648 4073 ’Υπὲρ

2048 4104 2394 4174 ἀνθρώπους,
2424 4121 2445 4155 ι
2481 4102 2565 4158 ὅτι
2596 4100 2797 4166 θεϊκῶς
2835 4101 3037 4171 ἀνδρὸς
3050 4099 3221 4171 χωρὶς
3249 4098 3296 4131 ⁸⁸
3322 4115 3345 4152 c
3375 4097 3472 4151 καὶ
3501 4091 3650 4150 κατά

2048 4195 2401 4268 ἀνθρώπους,
2435 4212 2456 4248 ι
2520 4192 2891 4268 ἀνθρωπικῶς
2946 4192 3030 4248 δτι
3059 4190 3107 4225 ⁸⁸
3163 4191 3320 4263 νόμῳ
3365 4189 3647 4262 κυήσεως.

2056 4311 2077 4344 ‹
2127 4290 2225 4344 Ἐκ
2254 4281 2355 4362 τῆς
2375 4287 2689 4361 ἀνθρώπων
2720 4285 2910 4350 οὐσίας
2943 4285 2974 4338 ό
3006 4284 3339 4357 ὐπερούσιος
3368 4280 3650 4352 οὐσιωμέ·

2051 4398 2141 4447 νος
2165 4398 2181 4412 ⁸
2224 4400 2244 4434 ι
2288 4381 2350 4434 οὐ
2375 4380 2485 4453 γὰρ
2508 4379 2672 4453 ψιλὴν
2698 4381 2870 4452 μόνην
2895 4380 3201 4450 ὲφάντασεν
3227 4379 3361 4449 ἡμῖν
3385 4379 3444 4431 ὲν
3464 4374 3649 4444 ἑαυτῷ

2052 4475 2154 4548 τὴν
2190 4476 2250 4528 ὲν
2275 4474 2323 4507 ⁸³
2356 4475 2488 4529 εῖδει
2521 4474 2729 4547 σαρκὸς
2759 4474 3168 4547 διαμόρφωσιν,
3194 4470 3340 4526 κατά
3371 4471 3501 4534 τοὺς
3532 4467 3650 4522 τῶν

2052 4565 2380 4638 Μανιχαίων
2401 4564 2604 4638 λήρους
2619 4563 2689 4631 ⁸⁸,
2716 4564 2951 4637 ἢσάρκα
2986 4561 3436 4632 συνουσιωμένην
3480 4561 3652 4632 οὐρα·
3722 4556 3727 4562 ”

2055 4658 2211 4714 νόθεν
2247 4657 2428 4729 ἐαυτῷ
2459 4657 2886 4730 συγκατήγαγε,
2916 4656 3059 4713 κατά
3096 4656 3225 4719 τοὺς
3265 4654 3649 4724 Ἀπολιναρίου

2062 4748 2290 4820 μύθους,
2318 4747 2434 4802 ἀλλ’
2469 4746 2603 4802 αὐτὸ
2634 4748 2756 4802 κατ’
2788 4747 2979 4802 οὐσίαν
3009 4745 3141 4813 ὅλην
3182 4744 3400 4816 ἀληθῶς
3437 4742 3652 4814 ἄνθρω-

2058 4859 2160 4906 πος
2211 4840 2477 4910 γεγονὼς,
2535 4841 2842 4913 προσλήψει
2890 4839 3143 4911 δηλονότι
3195 4837 3399 4910 σαρκὸς
3444 4833 3651 4906 νοερῶς

2060 4932 2446 5006 ὲψυχωμένης,
2483 4932 2783 5002 ἑνωθείσης
2814 4932 2967 5004 αὐτῷ
2998 4930 3123 4986 καθ’
3164 4931 3489 4983 ὑπόστασιν.

362 5027 685 5089 ostentavit,
721 5034 839 5089 aut,
866 5023 1173 5080 secundum
1196 5024 1525 5095 Apollinarii
1569 5024 1807 5091 fabulas,
1839 5040 2064 5082 carnem
2109 5028 2215 5083 sibi
2249 5027 2382 5083 olim
2443 5025 2975 5082 consubstantialem
3010 5023 3079 5079 de
3139 5023 3279 5080 coelo
3319 5034 3506 5077 secum
3549 5018 3649 5074 de-

362 5121 539 5187 duxit,
570 5120 669 5176 sed
738 5117 1043 5176 secundum
1091 5118 1388 5174 essentiam
1440 5126 1607 5174 totam
1668 5135 1805 5176 vere
1849 5121 2016 5177 homo
2052 5120 2234 5177 factus
2277 5128 2383 5187 est,
2434 5118 2812 5189 assumptione
2857 5118 3074 5175 scilicet
3125 5117 3310 5173 carnis
3361 5115 3547 5171 anima
3591 5117 3652 5167 et

362 5225 546 5274 mente
570 5214 837 5286 praeditas,
868 5214 1149 5285 unitaeque
1171 5214 1277 5270 sibi
1301 5230 1402 5286 per
1428 5215 1771 5305 hypostasin.

440 5357 460 5390 ‹
496 5338 596 5394 Est
652 5347 834 5393 tamen
898 5336 1262 5393 nihilominus
1315 5339 1952 5410 supersubstantialitate

366 5430 847 5501 superabundans,
868 5438 1067 5508 utpote
1093 5430 1189 5501 qui
1234 5446 1451 5502 semper
1486 5447 1652 5503 supra
1695 5433 1955 5488 substan-

371 5521 499 5576 tiam
541 5521 631 5577 sit.
688 5541 706 5574 ι
757 5521 946 5592 Neque
982 5522 1131 5577 enim
1175 5537 1301 5577 cum
1340 5523 1497 5578 lieret
1538 5523 1708 5577 homo
1750 5534 1962 5579 natura:

2152 5357 2171 5391 ι
2205 5338 2365 5393 Ἔστι
2392 5337 2448 5390 δὲ
2483 5335 2638 5390 οὐδὲν
2668 5331 2826 5409 ἦττον
2878 5332 3335 5406 ὑπερουσιότητος
3372 5328 3649 5402 ὑπερπλή-
3734 5316 3747 5335 ³

2069 5451 2170 5507 ρης
2198 5434 2226 5486 ό
2255 5433 2342 5487 ἀεὶ
2375 5432 2725 5502 ὑπερούσιος.
2770 5448 2788 5480 ι
2821 5428 2898 5482 Οὐ
2920 5427 3029 5496 γὰρ
3060 5423 3370 5496 ὑπεζεύχθη
3401 5425 3469 5495 τῇ
3492 5422 3647 5492 φύσει

2072 5526 2365 5598 γενόμενος
2395 5523 2706 5596 ἄνθρωπος,
2739 5521 3051 5576 τούναντίον
3088 5519 3145 5574 δὲ
3193 5518 3394 5590 μᾶλλον
3441 5532 3637 5571 συνεπα

1692 5689 1927 5746 VARle
1969 5690 2372 5748 LECTIONES.

442 5825 491 5859 "
508 5826 792 5901 μόνονιςςί.
829 5788 948 5901 Gal.
994 5827 1314 5901 _"‘_6t;_1.a'tp'gn
1334 5827 1423 5901 ed.
1457 5827 1617 5901 Gal._
1638 5828 1685 5901 τί
1713 5830 2073 5901 περιεκτικὴν
2097 5830 2186 5884 ed.
2213 5829 2332 5885 Gal.
2361 5828 2501 5901 Hinc
2519 5829 2847 5901 corrigenda
2871 5788 2992 5900 ejus
3025 5827 3227 5901 vqrsio.
3264 5824 3333 5901 ’τε
3361 5819 3648 5901 εῇἱρμῆσθειι

374 5898 464 5957 ml.
497 5897 616 5951 Gal.

376 5972 461 6027 ed.
491 5971 581 6015 11"

666 5899 750 5979 ﬂ"
779 5882 1222 5979 “sacrilegi;
1255 5882 1438 5979 ’δ’λτὲρ
1461 5898 1551 5951 ed.
1577 5896 1698 5979 Gal.
1734 5885 1905 5979 fta,»
1938 5882 2634 5979 gioﬁ_nabeied§_cgl."_~°
2656 5882 3022 5972 ἲρβῆξοξῖὸά.
3060 5898 3178 5954 Gal.
3262 5896 3304 5927 αι
3338 5882 3651 5964 γάξ>’χὶιιρὶς

690 5974 699 5981 ·
733 5965 950 6037 -κιέρῆτι
981 5968 1070 6024 ρει.
1106 5965 1223 6021 Gal.
1312 5966 1358 5998 ⁸³
1394 5965 1448 6019 ἐν
1472 5983 1582 6021 om.
1617 5968 1705 6022 ed.
1731 5965 1874 6023 Galf
1943 5971 1987 6003 ⁸³

2022 5971 2258 6043 κλήρους
2291 5971 2414 6027 eod.
2452 5969 2594 6026 Gud.
