3998 6364
143 452 290 517 1059

1391 454 1914 518 AMBIGUORUM
1952 459 2208 521 LIBER.

3278 451 3420 517 1050

138 561 278 632 ἦρεν
308 563 353 595 ιι
389 561 569 631 ἑαυτῷ
595 559 696 623 τὴν
727 561 909 629 φύσιν,
937 560 1126 632 ἓτερον
1154 559 1323 632 αὐτὴν
1358 564 1591 633 ποιήσας
1615 581 1721 635 μυι

1845 567 2110 640 ιυίἠοοιιιο
2139 569 2264 635 fuit,
2291 568 2388 625 sed
2422 568 2609 640 potius
2633 566 2757 622 vice
2782 580 2941 621 versa
2966 565 3032 621 ad
3065 581 3125 621 se
3150 564 3418 621 sublima-

142 659 391 725 στήριον,
428 655 588 717 αὐτὸς
626 654 682 707 δέ
709 653 757 687 ⁸⁸
807 655 999 725 μείνας
1057 655 1410 710 παντάπασιν
1460 656 1728 727 ἄληπτος,

141 749 240 801 καὶ
266 750 370 818 τὴν
393 747 603 801 οἰκείαν
631 737 909 818 σάρκωσιν
938 747 1212 817 λαχοῦσαν
1241 748 1462 815 γένεσιν
1487 748 1732 821 ὑπερού-

142 856 260 893 σιον
292 839 595 910 μυστηρίου
622 840 824 905 παντὸς
846 840 1026 905 δείξας
1046 840 1446 913 ἀληπτοτέραν,
1473 840 1732 896 τοσοῦτον

141 930 498 998 καταληπτὺς
518 931 585 984 δι’
612 931 784 1003 αὐτὴν
805 931 1043 1000 γεγονὼς
1065 932 1191 985 ὅσον
1214 933 1261 964 ⁸⁷
1288 932 1451 987 πλέον
1481 932 1730 1004 ἐγνώσθη

140 1023 208 1077 δι’
243 1024 417 1093 αὐτῆς
475 1023 867 1095 ἀληπτότερος.
905 1043 924 1076 ι
995 1024 1243 1096 Κρύφιος
1304 1025 1416 1098 γάρ
1477 1027 1595 1079 ἐστι
1637 1027 1734 1079 καὶ

143 1115 290 1185 μετά
322 1114 420 1185 τὴν
451 1113 739 1184 ἐκφανσιν,
782 1134 801 1166 ι
829 1119 997 1187 φησὶν
1022 1120 1051 1171 ὁ
1100 1117 1450 1182 διδάσκαλος,
1491 1137 1510 1170 ι
1545 1118 1605 1188 ἢ,
1639 1117 1733 1171 ἰνα

139 1206 204 1259 τὺ
254 1206 529 1276 θειότερον
576 1207 739 1272 είπω,
775 1209 872 1261 καὶ
900 1209 959 1261 ἐν
988 1212 1056 1281 τῇ
1099 1212 1385 1281 ἐκφάνσει.
1413 1210 1525 1264 Ka‘t
1572 1208 1734 1264 τοῦτο

141 1296 257 1367 γὰρ
299 1296 477 1366 Ἰησοῦ
512 1296 841 1368 κέκρυπται,
872 1300 966 1354 καὶ
1006 1301 1183 1355 οὐδενί
1232 1302 1398 1371 λόγῳ,
1433 1301 1555 1356 οὐδὲ
1580 1301 1657 1371 νῷ
1685 1301 1733 1335 σε

139 1386 206 1439 τὸ
240 1389 363 1440 κατ’
384 1387 549 1440 αὑτὸν
580 1388 807 1457 ἐξῆκται
841 1392 1165 1460 μυστήριον,
1197 1393 1334 1445 ἀλλὰ
1365 1392 1459 1445 καὶ
1500 1391 1733 1462 λεγόμε-

140 1488 240 1529 νον
284 1478 530 1550 ἄρρητον
574 1478 727 1548 μένει
752 1519 769 1544 ,
797 1480 895 1534 καὶ
936 1482 1247 1553 νοούμενον,
1279 1482 1577 1551 ἄγνωστον.
1611 1502 1630 1534 ι
1669 1482 1735 1536 Τί

140 1567 342 1622 τούτου
375 1569 511 1640 πρὸς
543 1569 821 1637 ἀπόδειξιν
851 1570 1004 1636 Θείας
1028 1574 1483 1643 ὑπερουσιότητος
1532 1572 1735 1641 γένοιτ’

140 1660 216 1713 ἂν
270 1661 823 1733 ἀποδεικτικώτερον,
863 1665 1121 1733 ἐκφάνσει
1171 1665 1353 1734 (111
1383 1664 1438 1735 a)
1495 1664 1558 1717 τδ
1601 1663 1736 1733 κρύ-

143 1769 277 1823 φιον
338 1757 436 1806 καὶ
478 1753 623 1823 λόγῳ
664 1756 766 1825 τὴν
805 1755 1045 1823 ἀφασίαν
1079 1758 1175 1809 καὶ
1220 1755 1297 1825 νῷ
1334 1754 1603 1825 δηλούσης
1636 1753 1735 1823 τὴν

149 1843 278 1897 καθ’
324 1843 599 1914 ὑπεροχὴν
628 1844 932 1913 ἀγνωσίαν,
964 1845 1060 1897 καὶ
1093 1846 1153 1898 τὸ
1185 1845 1250 1916 δὴ
1292 1844 1477 1913 μεῖζον
1533 1846 1733 1907 εἰπεῖν,

143 1934 486 1998 etimhsan}:
511 1934 839 2005 ὑπερούσιον
862 1952 876 2001 ;
903 1954 922 1987 ε
945 1935 1163 2005 Ἀμέλει
1190 1939 1257 2007 τῇ
1279 1936 1484 2007 ταύτης
1512 1952 1738 2006 περιουα

149 2025 244 2094 σία
265 2026 315 2057 ⁸⁸
341 2026 438 2079 καὶ
459 2027 541 2088 είς
571 2027 761 2079 οὐσίαν
786 2025 1003 2097 άληθῶς
1037 2025 1210 2080 ἐλθὼν
1234 2026 1379 2098 ὑπὲρ
1425 2026 1618 2080 οὐσίαν
1644 2027 1738 2079 ού-

158 2116 328 2187 σιώθη
356 2132 369 2146 ·
404 2136 424 2168 ο
456 2119 582 2181 τοὺς
605 2118 803 2189 νόμους
824 2118 1025 2189 δηλαδὴ
1048 2119 1454 2189 καινοτομήσας
1469 2118 1569 2186 τῆς
1595 2117 1739 2172 κατὰ

164 2208 319 2278 φύσιν
368 2211 662 2278 γενέσεως,
699 2212 793 2263 καὶ
840 2210 964 2279 δίχα
997 2210 1100 2279 τῆς
1151 2208 1212 2275 ἐξ
1254 2208 1452 2279 ἀνδρὸς
1488 2210 1547 2261 ἐν
1608 2208 1739 2262 εῖδει

158 2299 369 2367 σπορᾶς
425 2299 644 2367 ἀληθῶς
705 2299 998 2369 γενόμενος
1055 2298 1362 2370 ἄνθρωπος.
1423 2298 1534 2350 Καὶ
1584 2298 1739 2368 δηλοῖ

155 2391 434 2457 Παρθένος
468 2393 631 2446 αὐτὸν
662 2392 964 2463 ὑπερφυῶς
992 2392 1199 2446 κύουσα
1226 2393 1319 2445 τὸν
1340 2392 1386 2425 ⁹⁰
1415 2392 1741 2462 ύπερούσιον

155 2484 330 2552 Λόγον
360 2485 532 2555 χωρὶς
561 2484 753 2555 ἀνδρὸς
779 2485 843 2536 ἐκ
865 2484 975 2536 τῶν
1006 2483 1176 2553 αὐτῆς
1205 2482 1553 2555 παρθενικῶν
1575 2482 1743 2555 αἱμά-

152 2592 262 2629 των
317 2576 704 2648 ἀνθρωπικῶς,
765 2576 901 2645 ξένῳ
955 2576 1108 2646 παρά
1162 2576 1261 2645 τὴν
1319 2575 1482 2644 φύσιν
1528 2574 1737 2645 θεσμῷ.

154 2668 636 2739 διαπλαττόμενον.
672 2690 690 2719 ι
742 2668 853 2722 Καὶ
907 2668 1049 2739 ὑπὲρ
1096 2667 1385 2737 ἄνθρωπον
1442 2668 1665 2737 ἐνήργει
1695 2668 1738 2700 ἰ

156 2761 222 2814 τίι
242 2759 536 2831 ἀνθρώπου
571 2762 616 2792 ⁸⁸
638 2778 650 2791 ·
684 2779 703 2809 ι
728 2759 827 2830 τὴν
858 2763 968 2813 τῶν
999 2761 1281 2830 στοιχείων
1309 2759 1531 2822 ἀπαθῶς
1561 2777 1742 2813 καινο-

156 2855 410 2923 τομήσας
445 2852 609 2921 φύσιν
632 2856 753 2916 ταῖς
784 2852 999 2921 βάσεσι.
1038 2854 1152 2905 Καὶ
1181 2851 1335 2922 δηλοῖ
1368 2851 1556 2921 σαφῶς
1596 2852 1742 2923 ὓδωρ

155 2947 413 3011 ἄστατον,
449 2944 652 2998 ὑλικῶν
686 2945 782 2998 καί
809 2944 1027 3015 γεηρῶν
1056 2944 1102 2976 ⁸³
1142 2943 1319 2996 ποδῶν
1356 2944 1549 3013 ἀνέχον
1573 2943 1741 3015 βάρος

154 3038 250 3091 καὶ
297 3036 373 3108 μὴ
419 3037 667 3099 ὑπεῖκον,
708 3034 827 3089 ἀλλ’
878 3036 1152 3105 ὑπερφυεῖ
1203 3035 1433 3105 δυνάμει
1492 3036 1633 3105 πρὸς
1683 3036 1746 3089 τὸ

154 3128 444 3198 ἀδιάχυτον
506 3128 903 3197 συνιστάμενον
929 3143 944 3158 ο
994 3127 1156 3197 εἰπερ
1206 3125 1422 3197 ἀληθῶς
1485 3127 1745 3197 ἀῦρόχοις

1832 662 1914 717 vit
1955 669 2231 727 naturam,
2258 661 2317 716 in
2342 676 2409 716 ea
2446 660 2596 715 aliud
2625 660 2946 731 mysterium
2990 658 3266 724 eﬂicicns;
3298 658 3420 728 ipse

1831 754 1981 809 enim
2006 754 2582 825 incomprehensibilis
2606 751 2930 823 permansit,
2960 758 3016 806 et
3048 764 3201 804 suam
3231 750 3416 807 inetur.

1833 859 1860 897 ι
1873 842 2116 897 ationem
2137 844 2288 899 omni
2311 844 2577 915 mysterio
2597 841 2768 913 magis
2796 840 3417 909 incomprehensibilem

1833 936 2099 998 ostendit,
2123 953 2226 1007 per
2264 937 2676 1007 generationem
2709 951 2875 1005 supra
2908 948 3128 988 omnem
3158 932 3418 988 substan-

1836 1028 1989 1093 tiam,
2036 1036 2188 1082 tanto
2219 1027 2444 1098 quidem
2480 1043 2580 1097 per
2618 1026 2768 1081 illam
2795 1024 2974 1079 factus
2997 1020 3422 1091 comprehensi-

1835 1119 1985 1184 bilis,
2014 1129 2224 1190 quanto
2249 1135 2350 1189 per
2375 1120 2522 1173 illam
2567 1117 2913 1189 dignoscitur
2949 1130 3072 1171 esse
3117 1113 3293 1184 magis
3331 1112 3420 1167 in-

1836 1211 2375 1283 comprehensibilis.
2411 1231 2430 1263 ι
2466 1211 2839 1266 Absconditus
2861 1209 3009 1264 enim
3038 1216 3224 1263 manet
3249 1206 3423 1261 etiam

1836 1311 1961 1374 post
2007 1302 2539 1367 manifestationem,
2592 1321 2611 1352 ›
2663 1310 2728 1355 ιιι
2773 1300 2911 1355 dicit
2966 1299 3225 1369 magister
3292 1296 3421 1361 ille,

1845 1413 1863 1447 ι
1904 1402 2020 1461 aut,
2064 1403 2125 1449 ut
2166 1394 2410 1449 divinius
2452 1394 2666 1463 loquar,
2699 1392 2754 1446 in
2799 1391 2916 1460 ipsa
2953 1389 3423 1452 manifestatione,

1836 1488 2042 1542 etenim
2065 1486 2171 1541 hoc
2192 1485 2356 1541 etiam
2388 1486 2564 1556 ipsius
2587 1485 2715 1541 Jesu
2739 1484 3049 1540 occultatur
3070 1481 3423 1553 mysterium,

1836 1594 1941 1634 nec
1981 1578 2095 1632 ullo
2135 1592 2393 1632 sermone
2434 1577 2521 1632 vel
2547 1577 2825 1661 intellectu
2867 1573 3216 1644 exprimitur.
3257 1572 3422 1641 quin-

1837 1671 1951 1726 imo
1980 1670 2112 1724 dum
2144 1669 2441 1739 profertur,
2478 1683 2764 1731 arcanum,
2810 1676 2867 1722 et
2905 1666 3036 1721 dum
3071 1664 3416 1733 intelligitur,

1836 1773 2025 1819 manet
2058 1763 2328 1832 ignotum.
2371 1780 2390 1811 ι
2422 1759 2565 1826 Quid
2606 1767 2693 1815 est
2732 1758 2881 1830 quod
2931 1757 3175 1812 divinam
3218 1769 3416 1823 super-

1840 1852 2359 1908 substantialitatem
2406 1851 2625 1921 plenius
2670 1851 2777 1905 hoc
2810 1849 3190 1903 demonstrare
3229 1851 3417 1915 queat,

1840 1945 1962 2013 quae
1987 1960 2087 2013 per
2114 1958 2271 1997 suam
2301 1941 2802 1996 manifestationem
2836 1954 2894 1994 se
2933 1939 3194 2001 occultat,
3228 1945 3285 1990 et
3325 1951 3425 2005 per

1840 2050 2151 2091 sermonem
2187 2049 2245 2088 se
2291 2032 2623 2087 ineffabilem
2669 2031 2934 2095 declarat,
2959 2038 3015 2083 et
3055 2044 3156 2099 per
3181 2035 3425 2082 mentem

1839 2124 2277 2181 eminentissime
2328 2139 2388 2178 se
2434 2121 2919 2192 incognoscibilem
2967 2119 3184 2188 prohat,
3232 2124 3307 2177 et,
3363 2124 3428 2169 ut

1840 2220 2020 2289 majus
2039 2214 2245 2286 aliquid
2278 2216 2496 2279 addam,
2526 2229 2622 2283 per
2643 2211 2966 2267 substantiae
2994 2208 3426 2276 assumptionem

1841 2327 1901 2366 se
1926 2326 2047 2365 esse
2086 2325 2253 2379 supra
2284 2324 2504 2363 omnem
2520 2298 2903 2361 aibstantiam
2939 2301 3219 2358 ostendit?
3248 2321 3264 2349 ι
3296 2299 3430 2353 Pro-

1842 2402 1984 2458 fecto
2034 2402 2201 2473 hujus
2244 2400 2604 2471 praerogativa
2634 2399 2802 2453 etiam
2856 2411 2982 2452 cum
3028 2410 3159 2449 vere
3194 2393 3248 2447 in
3290 2392 3427 2448 sub-

1842 2493 2378 2556 stantiam'veniret,
2414 2506 2582 2557 supra
2620 2489 2987 2560 substantiam
3029 2483 3432 2540 substantiales

1841 2596 1944 2643 est.
1976 2605 1995 2638 ι
2025 2585 2295 2640 Nimirum
2324 2581 2695 2654 generationis
2720 2577 2987 2633 naturalis
3018 2577 3192 2646 legem
3230 2575 3431 2627 immu-

1844 2679 1997 2742 tavit,
2032 2686 2089 2731 et
2130 2675 2338 2745 absque
2370 2673 2515 2727 virili
2553 2672 2762 2727 semine
2798 2669 2851 2722 in
2889 2667 3072 2737 specie
3101 2666 3267 2719 homo
3298 2678 3429 2717 vere

1842 2768 2019 2822 factus
2050 2776 2164 2831 est;
2194 2765 2248 2819 id
2276 2763 2426 2833 quod
2468 2761 2714 2817 declarat
2738 2759 2902 2827 Virgo
2929 2770 3052 2826 qua;
3080 2754 3231 2807 illum
3266 2750 3431 2805 modo

1800 2908 1803 2911 .
1843 2856 2247 2929 supernaturali
2290 2854 2437 2925 parit
2479 2852 2721 2909 Verbum
2766 2844 3329 2929 supersubstantialc,
3374 2849 3434 2896 et

1843 2951 2068 3021 quidem
2106 2948 2317 3018 absque
2346 2962 2449 3016 ope
2485 2943 2593 2998 viri
2623 2959 2693 2998 ex
2728 2956 2831 2996 suo
2864 2937 3119 3008 virginali
3164 2934 3434 3004 sanguine

1844 3049 2188 3104 concretum,
2223 3054 2291 3093 eo
2337 3036 2502 3091 modo
2541 3050 2652 3105 quo
2699 3030 2882 3088 caeteri
2935 3029 3193 3082 homines
3223 3025 3434 3095 produ-

1846 3142 2071 3197 cuntur,
2102 3133 2221 3202 lege
2249 3139 2432 3185 tamen
2459 3126 2725 3182 nascendi
2766 3138 2879 3178 non
2907 3127 3141 3177 servata.
3174 3119 3242 3172 Et
3270 3131 3437 3185 supra

153 3220 311 3283 ποσὶ,
345 3218 662 3287 σωματικὸν
697 3218 861 3287 ὄγκον
890 3217 1097 3287 ἔχουσι,
1127 3217 1224 3271 καὶ
1249 3217 1382 3288 ὕλης
1424 3217 1613 3288 βάρος,
1643 3218 1744 3289 τὴν

1848 3226 2136 3282 hominum
2166 3221 2546 3278 conditionem
2571 3217 2741 3288 gessit
2767 3231 2832 3270 ea
2856 3229 2978 3285 quae
3004 3211 3244 3266 hominis
3272 3216 3436 3273 sunt;

154 3312 337 3383 ὑγρὰν
388 3312 485 3365 καὶ
534 3311 768 3365 ἄστατον
818 3311 1006 3363 οὐσίαν
1028 3311 1075 3344 ’δ
1100 3310 1484 3381 μεταϐατικῶς
1529 3312 1735 3365 ἐπεπό-

154 3420 319 3479 ρευτο
345 3404 415 3471 ³⁸,
438 3402 761 3474 περιπατῶν
784 3404 877 3455 ἐπὶ
899 3402 1177 3473 Θαλάσσης
1205 3402 1281 3465 ὡς
1303 3403 1391 3455 ἐπ’
1414 3404 1461 3435 ³⁸
1490 3404 1745 3474 ἐδάφους,

151 3495 252 3548 καὶ
278 3495 348 3565 τῇ
380 3493 605 3563 δυνάμει
629 3492 732 3564 τῆς
754 3492 951 3547 ἐαυτοῦ
983 3493 1246 3563 θεότητος
1289 3494 1615 3566 ἀχωρίστως
1656 3495 1749 3551 διὰ

149 3586 256 3657 τῆς
279 3585 327 3619 ⁸⁷
369 3584 724 3655 μεταϐάσεως
768 3578 1146 3653 συνεκφαίνων
1176 3586 1277 3655 τῆς
1300 3585 1507 3649 οἰκείας
1546 3588 1751 3655 σαρκὸς

150 3677 258 3748 τὴν
292 3676 437 3730 κατά
476 3674 643 3744 φύσιν
686 3675 975 3745 ἐνέργειαν
1011 3691 1025 3705 ·
1062 3674 1225 3746 εἴπερ
1259 3675 1423 3744 φύσει
1472 3675 1679 3747 ταύτης
1709 3679 1745 3748 ἡ

158 3767 507 3840 μεταϐατικὴ
532 3766 844 3837 καθέστηκε
868 3767 1112 3836 κίνησις,
1140 3766 1258 3820 ἀλλ’
1288 3767 1349 3820 ού
1389 3767 1490 3838 τῆς
1527 3768 1748 3840 ἡνωμέ-

154 3877 260 3930 νης
280 3857 422 3930 αὐτῇ
461 3860 583 3913 καθ’
618 3860 920 3916 ὑπόστασιν
949 3859 1329 3931 ὑπεραπείρου
1379 3859 1479 3913 καὶ
1512 3861 1753 3932 ὑπερου-

157 3950 282 4005 σίου
334 3950 607 4022 θεότητος.
642 3950 825 4016 Ἀπαξ
853 3950 961 4021 γὰρ
1002 3950 1373 4022 ἀνθρωπικῶς
1409 3952 1695 4016 οὐσιωθείς
1723 3954 1752 4007 ό

158 4040 496 4113 ὕπερούοιος
551 4040 726 4118 ᾼόγος
795 4040 936 4111 μετὰ
979 4040 1082 4111 τῆς
1147 4040 1497 4111 ἀνθρωπίνης
1559 4043 1751 4108 οὐσίας

158 4136 442 4208 ἀμείωτον
472 4129 641 4204 εἶχεν,
671 4133 746 4197 ὡς
787 4132 927 4187 ἰδίαν
958 4132 1126 4203 αὐτοῦ
1156 4171 1172 4197 ,
1228 4134 1325 4187 καὶ
1358 4135 1539 4205 (ιιι
1574 4134 1624 4206 b)
1654 4136 1752 4208 τὴν

158 4227 402 4297 γενικῶς
433 4225 597 4279 αὑτὸν
636 4224 713 4288 ὡς
758 4222 1052 4295 ἄνθρωπον
1093 4226 1609 4297 χαρακτηριζουσαν
1652 4229 1753 4298 τῆς

158 4319 357 4382 οὐσίας
403 4317 620 4388 κίνησιν
668 4317 836 4370 πᾶσιν
888 4311 971 4381 οἷς
1018 4315 1096 4377 ὡς
1138 4304 1429 4389 ἄνθρωπος
1456 4318 1679 4391 ἐνήργει
1704 4318 1754 4352 ⁸⁸

160 4411 417 4482 φυσικῶς
464 4410 914 4481 εἰδοποιουμένην
948 4426 963 4440 θ
1016 4410 1178 4482 εἰπερ
1233 4410 1451 4481 ἀληθῶς
1518 4411 1748 4481 γέγονεν

159 4505 478 4579 ἄνθρωπος,
504 4504 812 4576 ἀναπνέων,
834 4503 1034 4570 λαλῶν,
1059 4504 1316 4575 βαδίζων,
1348 4507 1538 4576 χεῖρας
1563 4506 1751 4570 κινῶν,

1846 3316 2251 3371 elementorum
2299 3311 2448 3366 enim
2495 3317 2751 3364 naturam
2783 3302 3118 3365 immutavit,
3150 3300 3288 3355 nihil
3323 3300 3441 3369 ipse

1848 3409 2172 3463 immutatus
2221 3405 2337 3461 suis
2385 3402 2687 3473 gressibus.
2737 3398 2856 3452 Hoc
2906 3396 3053 3450 clare
3099 3394 3446 3447 demonstrat

1848 3515 1989 3569 aqua
2032 3513 2133 3567 per
2175 3512 2237 3552 se
2282 3494 2580 3557 instabilis,
2619 3506 2742 3561 quae
2773 3488 2976 3560 pedum
3021 3502 3088 3541 ex
3120 3483 3351 3539 materia
3383 3492 3443 3539 et

1849 3601 1997 3647 terra
2019 3595 2410 3644 concretorum
2432 3582 2756 3655 gravitatem
2773 3578 3033 3642 sustinet,
3050 3590 3230 3645 neque
3255 3582 3441 3628 tamen

1850 3684 2018 3747 cedit,
2050 3682 2147 3737 sed
2175 3681 2382 3734 virtute
2408 3672 2825 3747 supernaturali
2844 3672 2964 3727 sine
2989 3668 3284 3723 diﬂusione
3310 3665 3444 3720 sub-

1850 3772 2017 3830 sistit.
2044 3772 2185 3827 Vere
2219 3770 2410 3838 utique
2446 3767 2610 3823 siccis
2649 3764 2909 3835 pedibus,
2935 3760 3103 3825 mole,
3149 3771 3383 3827 corpore
3410 3769 3442 3808 a

1851 3864 2106 3926 materia,
2141 3870 2199 3917 et
2243 3859 2487 3931 pondere
2533 3856 2803 3929 praeditis,
2842 3854 3019 3909 ﬂuxas
3049 3860 3106 3907 et
3156 3849 3446 3905 instabiles

1852 3973 2025 4029 aquas
2051 3955 2429 4026 pcrtransiens
2452 3949 2868 4013 obambulabat,
2901 3946 3257 4014 caleabatque
3291 3956 3446 3997 more

1854 4057 2116 4119 tanquam
2149 4045 2552 4117 pavimentum,
2585 4041 2751 4097 simul
2785 4053 2911 4095 cum
2943 4035 3193 4108 potentia
3224 4033 3449 4089 deitatis

1855 4156 1970 4197 suae
1993 4137 2446 4209 inseparabiliter
2467 4151 2569 4206 per
2596 4149 2719 4189 eam
2745 4129 3235 4191 inambulationem
3264 4125 3451 4181 carnis

1854 4233 2094 4305 propriae
2136 4230 2517 4301 operationem
2563 4232 3026 4281 eommonstrans.
3059 4221 3234 4291 Hujus
3276 4218 3453 4288 siqui-

1856 4326 1982 4381 dem
2018 4324 2202 4381 carnis
2250 4322 2509 4393 proprius
2559 4327 2681 4373 erat
2727 4317 2841 4393 ille
2869 4312 3193 4370 ambulandi
3241 4319 3449 4375 motus,

1857 4431 2211 4488 nequaquam
2251 4392 2441 4469 autem
2480 4413 2767 4468 immensae
2811 4392 2869 4464 et
2900 4399 3453 4477 supersubstantialis

1859 4510 2081 4567 deitatis
2128 4508 2181 4563 ei
2228 4523 2329 4577 per
2368 4501 2692 4577 hypostasin
2726 4498 2988 4555 adunitm.
3020 4495 3264 4551 Verbum
3299 4492 3450 4547 enim

162 4594 471 4667 προσφυῶς
519 4597 640 4659 ταῖς
692 4595 982 4665 αἰσθήσεσι
1026 4593 1310 4666 χρώμενος
1352 4597 1434 4660 εἰς
1467 4595 1744 4668 ἀντίληψιν

1855 4600 2321 4673 superessentiale
2370 4596 2464 4651 ubi
2500 4594 2668 4650 semel
2722 4590 2967 4646 hominis
3016 4585 3313 4644 essentiam
3363 4599 3454 4638 as-

161 4689 278 4742 τῶν
330 4686 630 4758 αἰσθητῶν,
660 4686 885 4753 πεινῶν,
915 4687 1107 4757 διψῶν,
1139 4686 1360 4754 ἐσθίων,
1411 4688 1619 4755 ὑπνῶν,
1677 4706 1763 4742 κο-

163 4782 336 4841 πιῶν,
364 4780 640 4850 δακρύων,
699 4780 975 4849 ἀγωνιῶν,
1006 4780 1187 4836 καίτοι
1226 4780 1457 4852 δύναμις
1495 4779 1573 4835 ὢν
1625 4781 1763 4835 αὐθ-

166 4874 500 4939 υπόστατος,
563 4872 660 4926 καὶ
704 4873 775 4928 τὰ
830 4872 993 4927 λοιπά
1048 4874 1228 4927 πάντα
1256 4868 1337 4936 οἷς
1381 4874 1763 4944 αὐτουργικῶς

163 4964 354 5036 ψυχῆς
382 4965 541 5034 δίκην
572 4964 817 5034 φυσικῶς
842 4964 904 5018 τὸ
949 4964 1198 5036 συμφυὲς
1256 4963 1421 5034 σῶμα
1479 4962 1761 5033 κινούσης,

168 5058 272 5129 τὴν
316 5056 765 5128 προσληφθείσαν
816 5055 980 5126 φύσιν
1015 5057 1186 5111 κινῶν
1213 5058 1291 5122 ὡς
1330 5056 1500 5111 αὐτοῦ
1544 5056 1640 5109 καὶ
1669 5072 1764 5124 γεο

169 5148 416 5220 νομένην
458 5148 675 5219 ἀληθῶς
716 5149 812 5201 καὶ
856 5148 1240 5219 λεγομένην,ἢ
1298 5149 1506 5221 κυρίως
1557 5150 1760 5215 εἰπεῖν,

171 5241 346 5304 αὐτὸς
400 5240 527 5311 δίχα
574 5240 785 5310 τροπῆς
825 5239 1142 5311 τοῦθ’ὅπερ
1198 5242 1316 5295 ἐστὶ
1356 5242 1767 5312 πραγματικῶς

172 5336 207 5404 ή
234 5323 406 5403 φὍσις
426 5333 717 5403 γενόμενος
745 5333 1109 5403 ἁφαντάστως
1132 5334 1177 5367 '9
1197 5333 1298 5404 τὴν
1327 5334 1471 5405 ὑπὲρ
1508 5333 1665 5405 ἡμῶν
1691 5336 1766 5387 οἰ⁶

178 5424 445 5496 κονομίαν
471 5424 856 5495 πεπλήρωκεν.
894 5424 1010 5478 Οὐκ
1045 5424 1253 5478 ἀνεῖλεν
1282 5421 1377 5478 οὖν
1419 5426 1517 5495 τὴν
1565 5441 1767 5479 συστα-

1859 4694 2116 4764 sumpsit,
2149 4692 2313 4747 simul
2344 4705 2469 4746 cum
2497 4704 2562 4744 ea
2595 4685 2792 4741 habuit
2819 4693 2876 4737 et
2905 4688 3117 4736 motum
3146 4680 3331 4748 plene.
3355 4677 3452 4744 qui

1860 4784 2072 4841 homini
2101 4783 2363 4854 proprius
2385 4792 2490 4846 est,
2520 4779 2728 4850 quique
2751 4777 2871 4847 ejus
2893 4772 3191 4829 essentiam
3220 4784 3455 4841 genera-

1860 4878 1989 4932 liter
2036 4874 2456 4937 eharacterizat,
2512 4873 2681 4940 inque
2717 4870 2786 4925 iis
2826 4868 3087 4923 omnibus
3129 4864 3459 4919 naturaliter

1863 4967 2215 5039 speeilieatur
2251 4966 2307 5020 in
2339 4964 2541 5034 quibus
2574 4972 2637 5017 ut
2671 4962 2839 5017 homo
2870 4958 3242 5030 operabatur;
3276 4969 3456 5023 quan-

1862 5058 2160 5130 doquidem
2200 5073 2331 5112 vere
2358 5057 2536 5111 factus
2561 5062 2646 5110 est
2674 5054 2863 5117 homo,
2898 5049 3226 5121 respirabat,
3259 5046 3456 5114 loque-

1864 5155 2049 5219 batur,
2077 5151 2414 5216 ambulabat,
2445 5164 2646 5203 manus
2669 5147 2947 5210 movebat,
2979 5142 3235 5199 sensibus
3263 5138 3460 5192 uteba-

1864 5254 1956 5299 tur
2004 5250 2376 5314 cougruentcr
2422 5240 2493 5296 ad
2558 5255 2649 5295 res
2696 5236 2990 5295 scnsibiles
3034 5229 3454 5304 percipiendas,

1864 5335 2168 5401 esuriebat,
2208 5333 2453 5397 sitiebat,
2479 5330 2703 5394 edebat,
2737 5325 3068 5389 dormiebat,
3100 5320 3454 5391 fatigabatur,

1864 5423 2293 5497 lacrymabatur,
2327 5421 2777 5499 contristabatur.
2811 5414 3076 5483 Quamvis
3103 5412 3326 5469 interim
3366 5425 3454 5466 es-

1458 5561 1686 5617 VARUE
1724 5560 2134 5618 LECTIONES.

272 5655 320 5687 ⁸⁸
348 5656 669 5721 συνέπειρεν
717 5656 805 5712 ed.
840 5657 957 5711 Gal.
1040 5658 1086 5690 ⁸⁸
1130 5676 1187 5710 τε
1226 5659 1315 5713 ed.
1353 5658 1470 5713 Gal.
1558 5659 1602 5689 ⁸⁷
1626 5659 1735 5723 ὅσῳ
1764 5658 1853 5713 ed.
1889 5658 2009 5712 Gal.
2093 5658 2137 5687 ³³⁸
2167 5656 2321 5708 οὐδὲν
2354 5648 2398 5723 ᾧ
2423 5642 2512 5710 ed.
2561 5653 2697 5723 Gal.
2725 5652 2795 5723 "_
2818 5651 3137 5723 περιουσίας
3187 5646 3277 5701 ed.
3333 5646 3453 5703 Gal.

184 5726 235 5798 ‘f
272 5726 377 5798 ⁵τίιν
406 5742 543 5798 _om.
595 5726 689 5779 ed.
736 5726 855 5798 Gal.
936 5729 1150 5798 1ἐἐνείρ

187 5794 312 5850 Gal.
402 5796 447 5827 "
500 5796 868 5862 ἐπεπορεύετο
922 5797 1012 5853 ed.
1058 5794 1176 5855 Gal.
1256 5800 1301 5833 ⁸⁸
1344 5801 1434 5852 ἐπὶ
1456 5799 1544 5855 ed.
1577 5799 1697 5854 Gal.

189 5862 497 5930 τασιαστῶς
522 5865 588 5920 ed
600 5908 611 5918 .
644 5865 761 5921 Gal.

1155 5746 1239 5797 γει
1268 5730 1359 5783 od.
1396 5729 1514 5783 Gal.
1590 5731 1633 5761 ”
1661 5713 1979 5798 ἀνθρώπινα
2006 5727 2094 5798 ed.
2118 5726 2249 5798 Gal._
2306 5713 2615 5798 οἷ’-γεηρῶν
2636 5722 2723 5798 ed_.
2756 5720 2874 5777 Gal.

1789 5801 1832 5832 ’⁷
1861 5798 1929 5852 δι’
1961 5797 2132 5865 αὐτῆς
2184 5796 2272 5849 ed.
2332 5789 2448 5850 Gal.
2506 5789 2574 5827 ’³⁸
2602 5793 2835 5864 ἐνείργει
2866 5790 2956 5845 ed.
2998 5789 3114 5843 Gal.

2927 5721 2973 5750 "
3003 5719 3192 5771 οὐσίαν
3222 5733 3332 5770 om.
3364 5718 3452 5773 ed.

3208 5788 3251 5819 ⁸³
3281 5791 3457 5857 ἀφαν-
