3998 6420
476 515 484 526 .
519 459 652 526 1351
1681 464 1742 524 S.
1785 462 2073 524 ΜΛΧΙΜΙ
2112 463 2131 522 (

2235 459 2628 522 massoms
3732 418 3856 530 πόδε

516 590 604 636 set
635 579 883 650 potentia
917 594 1016 649 per
1043 595 1102 634 se
1134 579 1462 645 subsistens,
1499 589 1554 634 et
1579 595 1644 635 ea
1673 581 1727 634 in
1758 595 1817 635 se
1853 579 2108 634 contine-

2235 577 2370 648 ςικήν
2393 577 2495 647 τῆς
2523 577 2542 608 ί
2574 573 3018 649 προσληφθείσης
3047 575 3260 640 οὐσίας
3294 572 3645 661 ἐνέργειαν,
3677 576 3855 652 ὥσπερ

517 679 602 725 ret
629 670 819 725 omnia
851 686 952 740 per
987 686 1109 740 quae
1155 671 1321 725 modo
1353 672 1660 734 liberrimo,
1691 687 1820 726 non.
1848 687 2007 726 secus
2039 685 2106 726 ac

2235 668 2317 722 ,ὁδ’
2342 667 2515 740 αὐτὴν
2541 667 2644 738 τήν
2678 667 2870 722 οὐσίαν
2893 670 2922 722 6
2949 667 3326 732 διδάσκαλος,
3367 666 3589 720 εἰπών’
3622 685 3645 719 ι
3693 669 3857 743 ’Υπὲρ

517 763 702 818 anima
730 779 934 833 corpus
968 763 1073 818 sibi
1117 763 1378 818 adnatum
1415 765 1745 819 naturaliter
1775 773 1980 829 movet,
2019 779 2109 818 as-

2235 761 2398 814 ιύσίαν
2429 761 2450 792 ²
2478 757 2744 830 οὐσιώθη,
2777 759 2874 812 καὶ
2915 759 3060 830 ὑπὲρ
3095 760 3435 832 ἄνθρωπον
3467 759 3715 832 ἐνήργει
3752 763 3776 794 ³
3797 767 3857 818 τὰ

517 864 794 926 sumptam
827 863 1076 910 naturam
1109 855 1342 926 agitans.
1374 865 1434 909 ut
1459 872 1614 910 suam
1647 865 1702 911 et
1737 872 1866 911 vere
1907 856 2109 912 factam

2235 853 2502 925 ινθρώπου
2529 869 2544 884 ³
2588 871 2608 904 ι
2637 851 2752 906 ἀλλ’
2782 850 2987 919 ἔδειξεν
3015 853 3105 906 ἐπ’
3135 855 3385 924 ἀμφοῖν
3416 852 3534 922 τὴν
3565 854 3858 926 καινότητα

519 955 578 1001 et
606 961 740 1002 vere
759 948 986 1012 dictam,
1021 947 1131 1010 vel,
1179 954 1240 1001 ut
1283 949 1508 1017 prOprie
1560 947 1776 1016 loquar,
1825 947 1940 1017 ipse
1990 948 2111 1002 sine

2235 945 2316 998 πῶν
2335 945 2556 1014 τρόπων
2589 947 2646 998 ὲν
2667 946 2735 1016 τῇ
2763 944 3092 1015 μονιμότητι
3122 946 3248 1000 τῶν
3291 946 3583 1016 φυσικῶν
3612 945 3856 1021 σωζομέ-

521 1039 824 1096 mutatione
851 1039 906 1094 id
935 1040 1116 1110 ipsum
1160 1040 1340 1110 reipsa
1375 1039 1552 1094 factus
1607 1049 1694 1093 est
1739 1039 1888 1109 quod
1916 1049 2113 1094 natura

2235 1052 2316 1104 μην
2345 1033 2540 1102 λόγων,
2586 1028 2662 1088 ὧν
2692 1035 2862 1107 χωρὶς
2907 1035 3062 1091 οὐδὲν
3105 1036 3226 1090 τῶν
3281 1037 3486 1091 ὄντων
3529 1037 3692 1092 ἐστὶν
3732 1039 3860 1112 ὅπερ

522 1141 640 1186 erat
670 1147 772 1202 pro
797 1133 956 1188 nobis
983 1132 1480 1202 dispensationem,
1508 1147 1614 1186 non
1643 1133 1908 1186 tamenin
1940 1132 2114 1201 phan-

2235 1127 2380 1182 miv.
2409 1128 2469 1181 Εί
2502 1127 2560 1182 δὲ
2581 1127 2792 1198 φῶμεν,
2828 1127 2906 1193 ὡς
2936 1129 3038 1200 τῆς
3072 1130 3172 1200 μὲν
3219 1127 3731 1201 προσληφθείσης
3782 1133 3858 1184 ού-

525 1228 776 1285 tasmate,
814 1221 1158 1292 adimplevit.
1193 1223 1311 1276 Non
1345 1222 1514 1292 igitur
1551 1220 1793 1302 abolevit
1833 1221 2113 1291 operatio-

2235 1219 2336 1283 πίας
2365 1220 2534 1285 θέσις,
2559 1221 2662 1289 τῆς
2685 1221 2740 1274 δὲ
2765 1222 3098 1295 συστατικῆς
3129 1223 3332 1292 αὐτῆς
3365 1223 3686 1292 ἐνεργείας
3709 1225 3860 1294 ἀφαί-

525 1329 671 1378 ncm,
701 1329 823 1383 quae
863 1323 982 1369 erat
1011 1303 1368 1370 constitutiva
1401 1313 1542 1368 ratio
1585 1322 1880 1383 assumpta
1919 1329 2116 1368 essen-

2235 1330 2388 1377 >εσις,
2419 1314 2452 1382 ή
2493 1313 2614 1366 καθ’
2650 1312 2971 1386 εὐπεροχήν
2994 1317 3145 1370 ἐστιν
3170 1315 3532 1386 ἀπόφασις,
3564 1315 3681 1370 τίνι
3711 1316 3846 1388 λόγῳ

529 1405 636 1468 the,
683 1405 1148 1474 quemadmodum
1175 1421 1276 1461 nec
1319 1406 1492 1476 ipsam
1526 1405 1858 1460 sententiam
1893 1406 2120 1461 sustulit

2235 1405 2314 1476 τὴν
2341 1405 2508 1476 αὐτὴν
2537 1405 2623 1458 ἐπ’
2662 1407 2867 1474 ἀμφοῖν
2898 1407 3033 1470 ἴσως
3063 1409 3372 1473 τεθεῖσαν,
3403 1409 3524 1480 τῆς
3563 1410 3671 1479 μὲν
3692 1407 3856 1482 ὓπαρ-

531 1495 790 1565 magister
836 1511 962 1550 cum
1005 1495 1254 1554 diceret:
1291 1516 1310 1548 ι
1352 1496 1530 1566 Super
1570 1496 1934 1552 substantiam
1981 1497 2118 1552 sub-

2235 1497 2322 1562 ξιν,
2351 1497 2450 1564 τῆς
2481 1494 2539 1547 δὲ
2561 1495 2785 1558 πάντως
2812 1496 3096 1568 ἀναίρεσιν
3115 1499 3554 1570 σημαίνουσαν
3587 1497 3848 1568 δείξομενς

531 1585 826 1640 stantiatus
862 1595 982 1652 est,
1021 1595 1078 1642 et
1127 1603 1292 1657 supra
1339 1587 1716 1643 conditionem
1765 1589 2008 1644 hominis
2051 1604 2116 1644 ea

531 1691 654 1744 quae
698 1675 939 1732 hominis
973 1688 1103 1734 sunt
1133 1679 1489 1750 operabatur,
1529 1699 1548 1732 ι
1587 1680 1685 1736 sed
1729 1682 1990 1751 utrinque
2024 1697 2118 1736 os-

532 1765 709 1820 tendit
735 1767 1027 1836 quamdam
1061 1769 1352 1825 modorum
1376 1770 1698 1835 novitatem,
1727 1773 1893 1827 salvis
1923 1771 2118 1827 iisdem

532 1858 841 1914 rationibus
869 1861 1240 1928 naturalibus,
1283 1863 1490 1933 quibus
1529 1865 1730 1919 ablatis
1771 1864 1912 1920 nihil
1941 1873 2028 1920 est
2061 1864 2118 1920 id

531 1949 680 2019 quod
707 1966 832 2006 esse
860 1962 1050 2007 natum
1084 1963 1222 2008 erat.
1256 1953 1313 2009 Si
1345 1971 1482 2010 vero
1521 1955 1824 2012 dixerimus
1851 1957 1999 2026 quod
2030 1972 2122 2012 as-

531 2048 764 2108 sumpta;
811 2041 1132 2098 substantiae
1175 2045 1509 2114 positionem
1555 2047 1799 2117 itemque
1841 2049 2122 2119 operatio-

532 2129 622 2184 nis
653 2146 775 2185 eam
824 2133 1218 2190 constituentis
1265 2136 1597 2192 ablationem
1631 2139 1911 2194 contineat
1957 2141 2012 2196 in
2063 2155 2124 2195 se

533 2221 957 2290 supereminens
979 2225 1219 2294 negatio,
1237 2241 1345 2296 qua
1370 2227 1589 2281 tandem
1614 2229 1825 2284 ratione
1846 2229 2120 2297 eamdem,

535 2311 759 2382 utrique
792 2315 1081 2383 mqualiter
1117 2318 1462 2382 attributam,
1497 2319 1658 2374 istius
1693 2331 1940 2392 respectu
1975 2325 2120 2379 exsi-

535 2404 812 2470 stentiam,
843 2405 1010 2476 hujus
1047 2423 1180 2462 vero
1213 2409 1580 2464 sublationem
1609 2413 1897 2483 designare
1933 2426 2121 2470 osten-

531 2493 766 2549 demus?
809 2495 864 2551 Si
898 2513 1114 2562 rursus,
1147 2486 1478 2570 quandoque
1507 2518 1616 2557 non
1657 2513 1742 2558 est
1775 2521 1874 2574 per
1901 2521 1961 2562 se
2001 2524 2124 2563 mo-

532 2584 661 2640 bilis
699 2599 982 2658 assumpta
1025 2598 1245 2656 natura,
1279 2593 1374 2647 sed
1411 2602 1664 2648 movetur
1707 2611 1737 2650 a
1777 2596 1982 2653 deitate
2018 2599 2125 2654 sibi

531 2693 632 2746 per
657 2677 978 2749 hypostasin
1012 2697 1143 2738 vere
1176 2683 1355 2748 unita,
1387 2676 1597 2740 motum
1625 2687 1719 2756 qui
1756 2704 1877 2743 eam
1917 2691 2126 2747 consti-

534 2770 641 2826 tuit
669 2773 995 2841 auferimus,
1026 2793 1132 2832 nec
1165 2778 1336 2848 ipsam
1367 2779 1754 2847 substantiam,
1785 2783 1900 2840 sive
1933 2800 2126 2842 essen-

533 2864 688 2930 tiam,
719 2869 1260 2936 eonservaverimus,
1310 2879 1373 2926 ut
1420 2888 1543 2942 qua:
1581 2890 1690 2929 non
1727 2876 1898 2932 fuerit
1941 2893 2040 2948 per
2069 2893 2129 2934 se

533 2956 865 3023 subsistens,
899 2959 998 3014 sed
1048 2960 1103 3015 in
1146 2962 1328 3018 Verbo
1373 2963 1487 3020 Deo
1529 2980 1658 3021 vere
1682 2967 1734 3021 ei
1760 2969 2130 3024 consubstan-

535 3049 672 3102 tiato
723 3064 886 3104 suum
929 3067 1051 3107 esse
1099 3053 1369 3119 obtineat,
1407 3055 1536 3126 quia
1587 3073 1688 3127 par
1734 3067 1821 3114 est
1867 3061 2130 3130 utrinque

537 3139 680 3193 ratio
711 3140 780 3195 ad
826 3143 1252 3211 postulandum,
1296 3147 1464 3201 etiam
1511 3159 1722 3204 motum
1775 3166 1901 3206 cum
1934 3159 2129 3208 natura

538 3229 923 3298 conﬁteamur,
957 3234 1078 3290 sine
1117 3251 1228 3306 qua
1274 3253 1344 3292 ne
1379 3248 1526 3294 stare
1561 3240 1788 3310 quidem
1818 3251 2002 3312 potest
2028 3259 2130 3299 na-
2158 3268 2202 3326 ρ

541 3332 687 3388 tura,
719 3325 856 3380 illud
894 3335 1168 3394 tenentes,
1207 3329 1356 3400 quod
1401 3331 1508 3386 alia
1554 3333 1626 3389 sit
1652 3335 1875 3390 essendi
1917 3336 2132 3408 simpli-

539 3416 701 3482 citer,
732 3415 838 3472 alia
866 3426 1050 3472 autem
1081 3420 1186 3476 hoc
1221 3423 1388 3478 modo
1432 3425 1655 3480 essendi
1701 3428 1868 3494 ratio,
1900 3444 2135 3498 quarum

541 3506 620 3562 illi
657 3516 874 3575 natura,
915 3509 1046 3564 huic
1073 3511 1414 3582 dispensatio
1454 3514 1730 3572 innititur.
1755 3517 1960 3572 Harum
1998 3533 2134 3573 con-

541 3614 736 3654 cursus
765 3616 1026 3672 magnum
1060 3603 1198 3662 illud
1225 3603 1355 3660 Jesu
1391 3607 1831 3677 supernaturalis
1851 3609 2138 3680 physiolo-

533 3691 642 3762 gia
667 3694 989 3764 mysterium
1023 3695 1320 3765 perﬁciens
1355 3698 1414 3753 in
1455 3715 1522 3754 eo
1545 3699 1790 3755 ostendit
1817 3701 2137 3756 conservari

541 3785 926 3854 operatiouum
948 3785 1362 3845 distinctionem
1389 3791 1552 3846 simul
1575 3799 1632 3847 et
1650 3791 1980 3859 unitionem,
2003 3792 2137 3848 dum

541 3876 660 3933 haec
701 3877 952 3932 cernitur
997 3879 1276 3935 indivisim
1334 3881 1390 3935 in
1441 3882 1682 3936 naturali
1725 3883 2007 3937 unitorum
2045 3897 2138 3938 ra-

545 3967 716 4033 tione,
757 3971 848 4026 illa
881 3987 1014 4026 vero
1046 3961 1380 4028 inconfusim
1410 3971 1756 4042 dignoscitur
1801 3972 1860 4026 in
1901 3971 2138 4042 simplici

544 4061 927 4128 operationum
960 4063 1147 4118 modo.
1192 4062 1326 4128 Quae
1363 4062 1512 4116 enim
1546 4070 1641 4117 aut
1675 4063 1874 4131 qualis,
1903 4063 1999 4118 ubi
2044 4072 2140 4119 aut

546 4151 825 4218 quomodo
854 4160 1053 4207 natura
1077 4153 1186 4208 erit
1229 4152 1585 4208 constitutiva
1613 4153 1830 4222 privata
1857 4155 2140 4224 potentia?

547 4241 682 4296 Nam
709 4243 858 4312 quod
897 4244 1126 4300 omnino
1161 4245 1370 4299 nullam
1409 4244 1580 4300 habet
1609 4245 1932 4314 potentiam,
1958 4261 2139 4317 neque

549 4337 726 4409 ipsum
759 4349 864 4406 est,
891 4357 1071 4412 neque
1114 4342 1290 4412 ipsius
1321 4341 1431 4396 ulla
1465 4341 1692 4398 omnino
1714 4350 1799 4398 est
1827 4344 2052 4414 positio,
2078 4352 2141 4400 ut

548 4432 626 4488 ait
655 4433 788 4488 alibi
835 4449 1067 4505 magnus
1107 4433 1200 4490 hic
1246 4425 1528 4504 magistér.
1578 4434 1698 4490 Jam
1742 4436 1789 4490 si
1829 4437 1947 4492 haec
1987 4437 2140 4493 nullo

549 4523 712 4580 modo
737 4524 855 4580 ﬁeri
887 4523 1124 4595 possint,
1159 4532 1381 4594 oportet
1406 4525 1497 4594 pie
1522 4524 1777 4579 conﬁteri
1811 4541 1938 4580 cum
1972 4534 2139 4581 natu-

2221 1585 2294 1637 ’Ἡ
2324 1583 2485 1637 πάλιν
2514 1583 2751 1654 ἐπείπερ
2774 1584 2878 1637 οὐκ
2909 1585 3288 1658 αὐτοκίνητος
3329 1588 3372 1656 ἠ
3430 1585 3852 1656 προσληφθεῖσα

2221 1674 2380 1745 φύσις
2409 1675 2579 1740 ἐστὶν,
2611 1676 2716 1730 ὑπδ
2747 1677 2851 1748 τῆς
2883 1677 3172 1749 ήνωμένης
3193 1677 3414 1751 (112
3445 1680 3512 1748 α)
3547 1677 3693 1750 αὐτῇ
3739 1678 3853 1733 καθ’

2222 1763 2520 1818 ὑπόστασιν
2545 1763 2764 1836 ἀληθῶς
2792 1767 3088 1839 κινουμένῃ
3109 1768 3130 1799 ⁵
3161 1767 3484 1839 θεότητος,
3510 1767 3616 1821 καὶ
3648 1767 3746 1836 τὴν
3769 1783 3850 1820 συ-

2224 1855 2490 1924 στατικὴν
2539 1855 2712 1926 αὐτῆς
2751 1857 3144 1929 ἀφαιρούμεθα
3188 1859 3468 1930 κίνησιν,
3505 1858 3644 1930 μηδ’
3695 1859 3847 1930 αὐτὴν

2152 1929 2195 1984 Β
2222 1945 2322 2015 τήν
2345 1947 2533 2000 οὐσίαν
2577 1947 2990 2020 ὁμολογήσομεν
3023 1950 3066 2016 ⁸,
3098 1951 3202 2006 οὐκ
3257 1929 3718 2006 αύθυπόστατον
3759 1929 3846 2021 φά.
3885 2030 3888 2032 Ὺ

2221 2041 2427 2106 νεῖσαν,
2457 2041 2706 2095 τουτέστι
2737 2041 2862 2096 καθ’
2895 2043 3118 2114 ἑαυτήν,
3145 2043 3275 2098 ἀλλ’
3315 2045 3387 2098 ὲν
3413 2041 3587 2115 αὐτῷ
3622 2041 3700 2114 τῷ
3739 2044 3846 2098 κατ’

2223 2132 2484 2204 ἀλήθειαν
2509 2133 2681 2206 αὑτήν
2707 2135 3027 2189 οὐσιωθέντι
3055 2135 3175 2206 Θεῷ
3221 2135 3411 2208 Λόγῳ
3469 2134 3540 2188 τὸ
3589 2130 3732 2190 εἶναι
3765 2134 3841 2188 λα·

2225 2223 2449 2290 σοῦσαν,
2477 2225 2600 2296 ἴσην
2616 2226 2924 2296 ἐπ’ἀμφοϊν
2946 2227 3048 2296 τὴν
3077 2225 3268 2281 αἰτίαν
3301 2225 3550 2296 ἔχοντες
3581 2226 3687 2296 τῆς
3711 2241 3832 2296 παρ·

2225 2319 2516 2388 σιτήσεως,
2548 2318 2582 2390 ἢ
2611 2317 2631 2349 ⁷
2671 2318 2768 2372 καὶ
2801 2319 2904 2388 τὴν
2934 2319 3152 2390 κίνησιν
3200 2321 3276 2390 τῇ
3328 2319 3512 2388 φύσει
3558 2317 3829 2389 συνομολο-

2225 2411 2492 2483 γήσομεν,
2514 2405 2583 2480 ἧς
2603 2411 2774 2480 χωρὶς
2797 2409 2920 2463 οὐδὲ
2954 2409 3116 2478 φύσις
3145 2410 3300 2477 ἐστὶ,
3341 2409 3736 2479 γινώσκοντες
3772 2407 3830 2469 ὡς

2225 2503 2414 2573 ἕτερος
2439 2501 2539 2571 μὲν
2576 2502 2605 2554 6
2633 2500 2728 2554 τοῦ
2756 2495 2898 2554 εἶναι
2920 2499 3076 2569 λόγος
3115 2501 3299 2568 ἐστὶν,
3342 2500 3443 2554 ἓτε
3455 2517 3558 2572 ρος
3582 2499 3642 2552 δὲ
3687 2501 3716 2552 6
3751 2497 3828 2550 τοῦ

2228 2591 2348 2656 πῶς
2369 2587 2508 2646 εἶναι
2541 2591 2767 2662 τρόπος,
2790 2593 2818 2644 6
2846 2592 2948 2662 μὲν
2971 2590 3071 2661 τὴν
3105 2589 3305 2660 φύσιν,
3335 2593 3371 2645 6
3413 2591 3478 2644 δὲ
3513 2591 3621 2653 τὴν
3652 2590 3832 2643 οίκονο-

2231 2669 2360 2758 μίαν
2394 2685 2779 2755 πιστούμενος.
2807 2678 2909 2738 Ὦν
2934 2686 2968 2754 ή
2994 2685 3210 2750 σύνοδος
3235 2687 3308 2739 τὸ
3355 2685 3518 2756 μέγα
3553 2685 3656 2754 τῆς
3683 2683 3828 2750 ὑπερ·

2230 2779 2402 2852 φυοῦς
2454 2779 2634 2852 ἰησοῦ
2694 2778 3044 2848 φυσιολογίας
3107 2778 3494 2851 ποιησαμένη
3547 2776 3830 2849 μυστήριον

2232 2872 2550 2945 σωζομένην
2583 2872 2786 2938 ἔδειξεν
2813 2873 2871 2927 ὲν
2896 2871 3080 2942 ταυτῷ
3101 2872 3200 2942 τὴν
3229 2873 3532 2944 διαφορὰν
3555 2869 3667 2924 τῶν
3695 2870 3826 2938 ὲνερο

2231 2964 2396 3031 γειῶν
2439 2964 2536 3018 καὶ
2565 2965 2664 3034 τὴν
2711 2963 2933 3038 ἕνωσιν,
2973 2963 3072 3034 τὴν
3113 2963 3211 3034 μὲν
3261 2963 3617 3034 ἀδιαιρέτως
3660 2963 3718 3014 ὲν
3761 2957 3824 3028 τῷ

2233 3055 2446 3128 φυσικῷ
2501 3054 2890 3127 θεωρουμένην
2940 3054 3088 3126 λόγῳ
3122 3054 3232 3108 τῶν
3281 3057 3409 3126 ήνω
3421 3053 3632 3124 μένων,
3661 3050 3753 3121 τὴν
3773 3049 3820 3101 δὲ

2232 3147 2556 3220 ἀσυγχύτως
2607 3149 2666 3200 ὲν
2713 3147 2790 3218 τῷ
2841 3145 3114 3218 μοναδικῷ
3158 3144 3605 3218 γνωριζομένην
3657 3139 3822 3212 τρόπῳ

2233 3241 2342 3296 τῶν
2370 3240 2696 3312 γινομένων.
2737 3241 2803 3294 Τί
2833 3241 2944 3311 γὰρ
2974 3241 3070 3295 καὶ
3095 3239 3203 3305 τίς,
3229 3240 3346 3294 ποῦ
3378 3254 3446 3291 τε
3469 3240 3568 3292 καί
3595 3236 3708 3299 πῶς
3733 3233 3819 3302 φύ-

2239 3350 2324 3396 σις
2360 3331 2513 3384 ἔσται
2554 3330 2890 3400 συστατικῆς
2929 3329 3140 3402 ἕρημος
3175 3333 3464 3404 γενομένη
3507 3326 3816 3396 δυνάμεως-ς

2238 3423 2312 3476 Τὸ
2348 3422 2457 3494 γὰρ
2519 3421 2752 3476 καθόλου
2824 3422 2961 3493 μηδὲ
3037 3423 3169 3493 μίαν
3218 3423 3353 3496 ἔχον
3413 3423 3648 3492 δύναμιν
3710 3413 3817 3470 οὕτε

2238 3511 2386 3566 ἔστιν
2412 3513 2456 3580 ⁸,
2484 3509 2609 3566 οὔτε
2636 3511 2690 3564 τί
2717 3512 2866 3564 ἐστιν
2897 3512 2939 3576 ³,
2965 3509 3092 3564 οὗτε
3125 3511 3244 3582 ἔστι
3281 3531 3376 3576 τις
3427 3509 3600 3566 αὐτοῦ
3641 3518 3820 3560 παντε-

2238 3603 2346 3666 λῶς
2399 3603 2571 3668 θέσις,
2612 3603 2780 3673 φησὶν
2820 3604 2848 3655 6
2896 3601 3068 3665 πολὺς
3104 3595 3264 3668 οὗτος
3306 3601 3662 3662 διδάσκαλος.
3689 3595 3815 3648 Είδε

2237 3696 2442 3750 τούτων
2465 3695 2622 3765 λόγος
2656 3695 2854 3760 οὐδεὶς,
2888 3693 3132 3757 εὐσεϐῶς
3163 3693 3570 3765 ὁμολογεῖσθαι
3597 3687 3701 3760 χρὴ
3728 3683 3814 3745 τάς

2237 3805 2295 3842 τε
2318 3787 2408 3842 τοῦ
2443 3786 2682 3858 Χριστοῦ
2705 3785 2900 3858 φύσεις
2933 3777 3010 3839 ὧν
3051 3785 3214 3850 αὐτὸς
3258 3786 3576 3847 ὑπόστασις
3617 3777 3702 3851 ἦν,
3731 3775 3810 3829 καὶ

2237 3879 2338 3942 τὰς
2383 3877 2552 3932 αὑτοῦ
2607 3877 2849 3948 φυσικὰς
2902 3875 3208 3948 ἐνεργείας,
3237 3869 3316 3929 ὧν
3356 3875 3528 3938 αὐτὸς
3548 3872 3734 3930 ἓνωσις
3752 3861 3811 3935 ἦν

2239 3971 2474 4041 ἀληθὴς,
2506 3973 2628 4024 κατ’
2651 3969 2821 4041 ἄμφω
2845 3969 2947 4033 τὰς
2977 3970 3174 4039 φύσεις
3204 3984 3217 3997 °
3248 3968 3420 4038 εἴπερ
3451 3961 3631 4032 ἐαυτῷ
3661 3971 3806 4030 προσ-

2240 4062 2416 4132 φυῶς,
2449 4061 2773 4132 μοναδικῶς,
2804 4062 2975 4132 ἤγουν
3015 4059 3288 4124 ἑνοειδῶς,
3325 4055 3594 4130 ἐνεργῶν,
3628 4052 3716 4105 καὶ
3731 4043 3808 4100 διὰ

2240 4153 2460 4209 πάντων
2506 4143 2830 4224 ἀχωρίστως
2881 4154 2946 4222 τῇ
3000 4151 3424 4232 θεῖκῇυδυνάμει
3461 4139 3808 4232 συνεκφαίνινν

2237 4247 2341 4318 τῆς
2387 4245 2598 4309 οἰκείας
2643 4246 2849 4316 σαρκὸς
2887 4245 2986 4316 τὴν
3038 4228 3345 4316 ἐνέργειαν.
3377 4241 3565 4312 (112
3599 4235 3648 4306 b)
3695 4228 3802 4288 Πῶς

2239 4338 2350 4409 γὰρ
2387 4336 2543 4392 ἔσται
2575 4337 2736 4406 φύσει
2759 4337 2921 4403 Θεὸς,
2955 4338 3052 4391 καὶ
3079 4337 3242 4406 φύσει
3275 4334 3447 4389 πάλιν
3484 4331 3754 4401 ἅνθρωπος
3775 4320 3800 4370 ὁ

2239 4429 2422 4496 αὐτὸς,
2451 4429 2552 4482 οὐκ
2604 4427 2744 4499 ἔχων
2792 4428 3098 4492 ἀνελλιπῶς
3128 4429 3173 4460 ¹⁶
3202 4427 3266 4482 τὸ
3299 4427 3465 4498 φύσει
3513 4421 3632 4478 κατ’
3655 4416 3798 4487 ἄμφω

2242 4523 2486 4590 πεφυκός
2521 4537 2537 4588 ;
2576 4521 2642 4574 Τί
2670 4539 2730 4575 τε
2763 4523 2860 4576 καὶ⁴
2889 4521 2974 4586 τίς
3006 4521 3272 4592 ὑπάρχων
3309 4517 3700 4590 γνωσθήσεται,
3731 4503 3793 4574 μὴ

551 4631 638 4671 ras
663 4592 905 4684 Christi,
925 4631 1160 4686 quarum
1191 4592 1308 4686 ipse
1343 4592 1419 4671 sit
1456 4616 1790 4687 hypostasis,
1820 4625 1936 4672 tum
1967 4618 2131 4673 etiam

2243 4613 2608 4684 πιστούμενος
2667 4609 2750 4678 οἷς
2801 4615 3026 4685 ἐνήργει
3089 4613 3338 4682 φυσικῶς
3391 4612 3530 4680 ὅπερ
3591 4601 3698 4658 ἐστὶ
3730 4592 3787 4687 μθ

549 4707 831 4764 naturales
854 4709 1224 4778 operationes,
1259 4722 1494 4777 quarum
1521 4723 1649 4762 vera
1679 4707 1796 4778 ipse
1821 4715 1906 4763 est
1931 4708 2136 4774 unitio,

552 4799 856 4853 secundum
901 4807 1194 4869 utramque
1240 4807 1516 4857 naturam.
1563 4799 1608 4853 si
1654 4815 1847 4854 verum
1886 4800 2020 4855 illud
2067 4802 2142 4855 sit

551 4887 702 4956 quod
745 4887 852 4942 sibi
893 4888 996 4958 ipsi
1041 4899 1428 4960 congruenter,
1476 4890 1804 4960 simpliciter
1837 4899 1894 4945 et
1930 4891 2142 4946 unifor-

551 4981 718 5035 miter
751 4981 1105 5050 operabatur,
1141 4997 1349 5050 perque
1395 4985 1582 5036 omnia
1613 4982 1777 5038 simul
1821 4993 1877 5038 et
1920 4983 2142 5054 insepa-

553 5073 804 5131 rabiliter
829 5074 1230 5132 demonstravit
1264 5089 1372 5129 una
1408 5090 1534 5130 cum
1577 5075 1763 5130 divina
1788 5075 1994 5132 virtute
2029 5092 2144 5133 sum

553 5165 736 5221 carnis
773 5166 1172 5236 operationem.
1217 5164 1323 5232 Qui
1353 5166 1499 5221 enim
1540 5180 1672 5221 vere
1705 5166 1871 5230 Deus,
1920 5175 1977 5222 et
2010 5181 2141 5222 vere

554 5257 720 5312 homo
754 5267 1110 5328 esse‘posset,
1137 5258 1182 5313 si
1212 5267 1430 5314 careret
1457 5274 1525 5314 eo
1551 5257 1700 5328 quod
1729 5267 2022 5329 utramque
2045 5275 2142 5314 na-

472 5415 478 5421 ,
557 5357 734 5404 turam
761 5366 890 5406 vere
920 5351 1245 5406 constituit?
1272 5351 1445 5407 Porro
1471 5349 1628 5421 quid,
1661 5365 1868 5420 quaeso,
1897 5359 1994 5406 aut
2017 5350 2144 5421 quis

554 5453 677 5498 esse
723 5443 1167 5511 existimabitur,
1217 5442 1264 5498 si
1316 5458 1416 5513 per
1462 5442 1744 5497 naturales
1793 5442 2143 5512 operationes

2246 4707 2588 4778 τρεπόμενον
2618 4723 2633 4770 ;
2665 4705 2782 4769 πῶς
2827 4706 2885 4760 δὲ
2937 4707 3274 4760 πιστώσεται
3301 4707 3346 4738 υ
3375 4703 3498 4758 καθ’
3525 4699 3582 4753 ἓν
3625 4693 3723 4750 τῶν
3741 4685 3785 4778 ἐξ

2245 4775 2344 4862 ὧν,
2383 4775 2444 4851 ὲν
2482 4795 2564 4861 οἷς
2609 4815 2669 4851 τε
2710 4797 2806 4852 καὶ
2851 4796 2998 4868 ἅπερ
3035 4797 3186 4852 ἐστὶν
3215 4796 3474 4868 ἀκίνητος
3511 4789 3676 4863 μένων
3713 4775 3790 4831 καὶ

2245 4889 2606 4962 ἀνενέργητος
2634 4905 2650 4956 ;
2699 4889 2873 4960 ’Υπὲρ
2915 4889 3106 4942 οὐσίαν
3146 4887 3241 4944 οὖν
3269 4885 3532 4954 ούσιώθη,
3559 4876 3790 4948 γενέσεως

2245 4982 2420 5054 ἀρχὴν
2441 4979 2537 5035 καὶ
2561 4981 2871 5050 γεννήσεως
2892 4981 3086 5052 ἑτέραν
3111 4983 3178 5051 τῇ
3209 4977 3451 5049 φύσει.δη
3461 4967 3783 5054 μιουργήσας,

2248 5049 2576 5144 συλληφθεὶς
2619 5049 2723 5142 μὲν
2751 5074 2931 5144 σπορᾷ
2966 5049 3068 5144 τῆς
3111 5049 3322 5135 οίιιείας
3367 5049 3786 5144 σαρκδς,τεχθεὶξ

2247 5165 2304 5219 δὲ
2333 5138 2572 5236 σφραγὶς
2593 5138 2694 5234 τῆς
2721 5138 3034 5236 παρθενίας
3047 5166 3114 5236 τῇ
3134 5163 3369 5234 τεκούσῃ
3391 5157 3683 5229 γενόμενος,
3705 5138 3782 5236 ξαὶ

2247 5233 2667 5326 τῶνηάμίκτων
2716 5233 3008 5326 ἐπ’-αὐτῆς
3049 5233 3112 5288 “ﬁ
3151 5255 3253 5324 τὴν
3307 5233 3584 5319 ἀντίφασιν
3631 5233 3786 5326 δεῐξςις

2251 5321 2750 5416 συναληθεύουσαν.
2780 5345 2848 5400 Ἣ
2868 5321 2980 5417 γὰρ
3003 5347 3144 5419 αὐτὴ
3171 5321 3264 5400 καὶ
3293 5341 3552 5415 παρθένος
3579 5330 3666 5386 καὶ
3692 5321 3780 5395 μὴ’

2248 5457 2378 5512 τηρ,
2407 5439 2809 5510 καινοτομοῦσα
2838 5439 2938 5510 τήν
2973 5439 3135 5510 φύσιν
3185 5441 3250 5510 τῇ
3285 5436 3484 5503 συνόδῳ
3510 5427 3613 5482 τῶν
3655 5419 3783 5473 ἀντι-

1869 5599 2103 5657 VARle
2143 5599 2552 5656 LECTIONES.

631 5733 649 5766 ¹
706 5734 806 5808 ξῆν
849 5737 971 5808 cod.
1012 5737 1156 5808 Gud.
1234 5741 1254 5770 ³
1286 5738 1622 5808 ὑπερουσὶαν
1645 5736 1770 5808 cod.
1807 5736 1948 5793 Gud.
2037 5738 2058 5770 ³
2085 5739 2231 5808 ἐνείρ

2234 5753 2321 5805 γει
2365 5737 2454 5792 ed.
2481 5737 2600 5792 Gal.
2681 5739 2702 5771 ⁸
2727 5739 2777 5792 τί
2809 5739 2930 5792 καθ’
2967 5739 3055 5794 ed.
3103 5739 3222 5794 Gal.

3312 5739 3332 5770 ⁸
3382 5731 3470 5788 καὶ
3520 5713 3768 5788 κινουμέῗη

561 5801 652 5874 ed.-
700 5782 828 5874 βέῃ·
887 5806 908 5834 ⁸
939 5807 1354 5874 ὁμολογήσαιμεν
1373 5787 1461 5861 θ’ἀ.
1491 5807 1609 5862 Gal.
1666 5808 1686 5836 '
1721 5807 1753 5874 ἢ
1783 5823 1893 5860 οιη.
1920 5808 2009 5862 ed.
2040 5808 2158 5864 Gal.
2199 5782 2385 5861 ⁸’.οὔτε
2411 5807 2557 5860 ἔστιν
2587 5808 2934 5864 desideratur
2965 5809 3017 5863 in
3041 5810 3130 5864 ed.
3158 5810 3275 5865 Gal.
3355 5809 3374 5840 '
3425 5799 3525 5858 οὔτ’
3553 5794 3624 5849 ἔτι
3649 5782 3768 5839 ἐστὶν

565 5868 656 5926 ed.
691 5869 810 5926 Cal.
887 5875 928 5906 ¹⁰
957 5868 1291 5940 ἀνελλειπῶς
1321 5876 1408 5930 ed.
1433 5877 1552 5932 Gal.
1631 5878 1668 5907 “
1700 5868 2040 5947 πιστώσηται
2072 5878 2160 5934 ed.
2198 5877 2316 5933 Gal.

2405 5880 2450 5909 ι’
2481 5877 2662 5942 αὐτοῖς
2685 5878 2771 5933 ed.
2805 5879 2922 5934 Gal.
