3998 6396
181 463 353 545 1053,
1436 465 1763 528 AMBIGU(

1865 467 1959 527 JM
1998 467 2250 527 LIBER.
3325 476 3464 543 1055

177 578 490 648 κειμένων,
509 577 669 649 εἴπερ
693 578 800 631 τῶν
825 579 1215 647 ἀντικειμένων
1243 577 1511 648 παρθενία
1534 580 1628 633 καὶ
1653 578 1763 648 γέν-

1882 593 2010 633 suas
2038 594 2150 633 non
2194 579 2357 633 faciat
2393 578 2554 635 {idem
2588 582 2796 636 nullam
2828 599 2886 640 se
2921 587 3339 644 conversionem
3366 608 3461 646 su-

178 689 377 737 νησις,
411 665 487 725 ὧν
516 672 581 724 ὲκ
609 671 823 741 φύσεως
863 672 964 724 οὐκ
996 671 1062 725 ἄν
1089 689 1170 734 τις
1196 671 1616 742 ὲπινοηθήσεται
1641 670 1763 742 σύμ·

1879 668 2087 725 biisse?
2129 671 2408 739 quomodo
2439 672 2605 725 etiam
2653 673 2815 728 tidem
2848 674 3012 730 faciet
3053 693 3111 731 se
3142 694 3311 733 unum
3341 697 3465 736 esse

179 762 378 824 ϐασις.
410 762 502 815 me
540 763 635 815 καὶ
681 762 941 825 Θεοτόκος
965 761 1181 845 ἀληθῶς
1214 763 1247 832 ή
1280 761 1577 833 Παρθένος,
1607 763 1763 833 ὑπερ-

1878 773 1947 839 θιι
1989 759 2206 814 duabus
2240 760 2474 824 naturis,
2510 762 2556 815 si
2601 763 2723 817 talis
2763 779 2887 817 cum
2922 765 3014 831 sit,
3045 776 3101 820 et
3128 783 3195 820 ex
3237 770 3462 836 talibus,

178 853 349 921 φυῶς
378 854 534 925 δίκην
575 855 783 924 σπορᾶς
813 844 1163 939 σμλλαδοῦσά
1192 870 1251 906 τε
1296 854 1393 907 καὶ
1421 853 1665 906 τεκοῦσα·
1685 853 1763 907 τοι

1878 851 2243 906 nihilominus
2271 861 2328 907 et
2354 853 2473 908 sine
2491 863 2650 910 .motu
2676 864 2733 910 et
2756 856 2873 910 sine
2903 844 3224 926 operatione
3248 875 3464 929 perma-

181 945 527 1039 ῦὲεροῦσιον
559 946 732 1014 Λόγον
765 961 779 974 ·
816 947 1050 1014 ἐπείπερ
1107 943 1201 998 τοῦ
1244 944 1547 1015 σπαρέντος
1591 962 1649 997 τε
1679 944 1763 998 καλ

1875 942 2041 997 neat?
2090 942 2269 1011 Super
2302 945 2664 1000 substantiam
2714 947 2882 1018 igitur
2925 950 3323 1007 substantiam!
3354 962 3491 1018 est,

180 1034 596 1106 σῦλληφθέντος
632 1035 836 1106 κυρίως
869 1037 902 1106 ἡ
933 1035 1191 1088 τίκτουσα
1218 1034 1422 1105 μήτηρ.

1876 1034 2154 1089 fabricans
2188 1036 2244 1089 in
2288 1044 2485 1090 natura
2515 1054 2719 1095 novum
2763 1042 3138 1109 generationis
3161 1054 3217 1098 et
3258 1045 3463 1099 nativi-

180 1130 324 1183 tatis
354 1127 708 1198 principium.
742 1126 1186 1197 Concipiebatur,
1221 1135 1277 1181 et
1316 1141 1429 1180 suae
1460 1125 1643 1181 carnis
1689 1125 1805 1195 ipse
1844 1127 2218 1199 rudimentum
2266 1127 2397 1194 fuit;
2457 1130 2806 1196 nascebatur,
2850 1141 2909 1187 et
2956 1133 3195 1203 sigillum
3245 1139 3462 1205 parenti

174 1218 376 1273 factus
404 1226 508 1281 est,
537 1216 888 1287 ostenditque
923 1233 986 1272 ea
1019 1218 1183 1271 simul
1205 1233 1336 1272 vera
1360 1232 1481 1272 esse
1513 1233 1635 1286 quae
1692 1226 1919 1288 propter
1982 1219 2480 1274 contradictionem
2528 1220 2671 1276 inter
2740 1238 2799 1277 se
2842 1224 2994 1278 nullo
3030 1225 3196 1281 modo
3224 1242 3461 1283 concor-

176 1314 324 1369 dare
353 1328 513 1384 posse
538 1312 890 1368 videbantur.
922 1314 999 1368 Ea
1040 1314 1156 1384 ipsa
1187 1322 1245 1369 et
1270 1315 1429 1383 virgo
1459 1314 1562 1367 fuit
1585 1322 1643 1367 ct
1666 1324 1871 1380 mater;
1906 1314 2164 1370 innovata
2197 1326 2317 1370 erat
2344 1324 2565 1380 natura,
2591 1325 2654 1371 ut
2681 1318 2931 1387 opposita
2999 1318 3145 1373 inter
3206 1335 3264 1375 se
3326 1337 3464 1376 con-

174 1407 524 1472 eordarent;
561 1400 688 1460 nam
723 1407 974 1477 opposita
1017 1416 1145 1461 sunt
1172 1407 1465 1477 virginitas
1491 1415 1547 1461 et
1576 1416 1786 1476 partus,
1829 1406 1884 1460 in
1916 1417 2114 1462 natura
2180 1408 2380 1462 horum
2416 1409 2603 1462 nullus
2628 1417 2814 1478 potest
2858 1410 3087 1481 intelligi
3131 1426 3458 1467 concursus.

173 1499 539 1567 Quapropter
581 1498 748 1551 etiam
778 1498 1008 1567 Deipara
1042 1513 1171 1553 vere
1218 1497 1322 1551 fuit
1351 1498 1551 1566 Virgo;
1582 1499 1988 1567 supernaturali
2024 1498 2187 1553 modo
2221 1499 2289 1553 ad
2364 1500 2593 1554 seminis
2616 1500 2784 1554 ritum
2846 1503 3102 1571 concepit
3160 1513 3216 1557 et
3247 1506 3464 1574 peperit

174 1589 661 1659 superessentiale
700 1590 946 1645 Verbum
988 1609 1004 1644 ;
1053 1604 1181 1645 nam
1225 1605 1348 1660 quae
1381 1589 1599 1661 peperit
1642 1588 1789 1643 haud
1829 1589 1998 1645 dubie
2045 1600 2222 1646 mater
2266 1602 2354 1645 est
2385 1592 2505 1663 ejus
2550 1592 2646 1661 qui
2680 1592 2738 1647 in
2803 1608 2868 1647 ea
2915 1603 3069 1648 satus
3101 1595 3205 1669 fuit
3235 1605 3293 1666 et
3321 1611 3459 1652 con-

174 1696 407 1744 CCDlllS.

252 1702 407 1832 ἓῐὲὶᾶ
438 1776 578 1847 ὑπὲρ
640 1775 925 1847 ἄνθρωπον
977 1776 1201 1846 ἐνήργει
1237 1777 1282 1808 ³⁸
1331 1776 1401 1829 τά
1448 1774 1763 1846 ἀνθρώπου,

1940 1775 2009 1828 Ει
2037 1790 2200 1844 supra
2228 1775 2603 1830 conditionem
2630 1776 2871 1834 hominis
2896 1793 2960 1834 ea
2984 1795 3107 1849 qua:
3129 1790 3259 1835 sunt
3282 1782 3462 1835 homi-

171 1871 304 1925 κατ’
333 1869 510 1939 ἄκραν
548 1868 744 1921 ἕνωσιν
769 1868 894 1939 δίχα
928 1869 1134 1939 τροπῆς
1171 1872 1512 1939 συμφυείσαν
1556 1868 1774 1930 δεικνὺς

173 1966 252 2034 τῇ
290 1961 449 2032 θεῖκῇ
476 1960 704 2027 δυνάμει
736 1961 834 2031 τὴν
858 1960 1205 2033 ἀνθρωπίνην
1227 1960 1507 2031 ἐνέργειαν
1536 1977 1551 1990 ·
1581 1959 1772 2029 ἐπειδὴ

176 2055 278 2109 καὶ
308 2056 345 2124 ἡ
394 2057 560 2123 φύσις
613 2053 937 2123 ἀσυγχύτως
983 2053 1247 2107 ὲνωθεῖσα
1266 2056 1333 2123 τῇ
1367 2054 1527 2122 φύσει
1552 2050 1620 2106 δι’
1648 2053 1771 2105 ὅλου

189 2144 635 2217 περικεχὼρηκε,
669 2145 835 2215 μηδὲν
862 2145 1129 2198 ἀπόλυτον
1160 2144 1514 2197 παντάπασιν
1544 2142 1768 2212 ἔχουσα,

189 2242 279 2294 καὶ
309 2238 415 2309 τῆς
446 2237 733 2309 ἡνωμένης
759 2238 895 2308 αὐτῇ
926 2236 1051 2291 καθ’
1079 2236 1382 2289 ὑπόστασιν
1419 2233 1770 2304 κεχωρισμέ-

182 2350 271 2388 νον
320 2331 598 2400 θεότητος.
636 2330 808 2400 ’Υπὲρ
864 2327 1037 2400 ἡμᾶς’
1068 2331 1178 2398 γὰρ
1208 2326 1426 2396 ἀληθῶς
1476 2325 1574 2396 τὴν
1609 2325 1769 2395 ἡμῶν

180 2424 378 2478 οὐσίαν
405 2422 691 2485 οὑσιωθεὶς
721 2423 749 2474 ὁ
771 2421 1096 2492 ὑπερούσιος
1125 2420 1297 2487 Λόγος
1329 2417 1535 2488 συνῆψε
1562 2420 1626 2487 τῇ
1654 2434 1771 2469 κα-

179 2515 417 2583 ταφάσει
436 2513 537 2583 τῆς
558 2513 773 2582 φύσεως
793 2513 890 2567 καὶ
913 2511 1023 2566 τῶν
1040 2512 1212 2582 αὐτῆς
1232 2510 1477 2580 φυσικῶν
1503 2508 1684 2579 (113
1710 2509 1765 2577 a)

182 2608 310 2661 καθ’
332 2607 609 2678 ὑπεροχὴν
657 2605 755 2676 τὴν
798 2605 1097 2673 ἀπόφασιν,
1127 2604 1220 2658 καὶ
1277 2603 1502 2672 γέγονεν
1552 2602 1764 2671 ἄνθρω-

183 2718 306 2765 πος,
336 2699 426 2752 τὸν
488 2699 630 2770 ὑπὲρ
695 2697 856 2767 φύσιν
903 2697 998 2751 τοῦ
1052 2697 1170 2759 πῶς
1221 2690 1361 2751 εἶναι
1405 2696 1607 2766 τρόπον
1646 2694 1767 2766 ἔχον

185 2792 535 2863 συνημμένον
601 2790 681 2861 τῷ
746 2789 839 2844 τοῦ
908 2787 1048 2843 εἶναι
1110 2790 1254 2860 λόγῳ
1336 2787 1439 2858 τῆς
1503 2787 1716 2856 φύσεως
1751 2827 1766 2851 ,

184 2887 271 2940 ἵνα
331 2886 429 2939 καὶ
485 2884 584 2955 τὴν
648 2882 810 2952 φύσιν
869 2882 1213 2954 πιστώσηται
1260 2882 1327 2952 τῇ
1384 2879 1491 2935 τῶν
1548 2880 1769 2951 τρόπων

183 2978 489 3046 καινότητι,
525 2976 599 3047 μὴ
647 2975 947 3047 δεχομένην
974 2975 1116 3029 κατά
1145 2974 1235 3027 τὸν
1260 2975 1419 3041 λόγον
1451 2972 1757 3038 ἀλλοίωσιν,

183 3072 281 3126 καὶ
310 3070 461 3140 δείξῃ
489 3068 587 3141 τὴν
613 3069 984 3140 ὑπεράπειρον
1006 3067 1236 3138 δύναμιν
1265 3067 1529 3130 ὡσαύτως
1565 3065 1670 3119 κάν
1698 3068 1763 3137 τῇ

1874 1866 1961 1920 nis
1999 1866 2349 1934 operabatur,
2387 1883 2486 1937 per
2523 1869 2926 1924 exaetissimam
2972 1871 3300 1939 unitionem,
3338 1873 3460 1930 sine

1873 1956 2023 2010 omni
2064 1958 2455 2022 conversione,
2492 1974 2592 2027 per
2629 1959 2870 2015 divinam
2918 1962 3223 2030 potentiam
3268 1973 3459 2017 osten-

1874 2047 2011 2103 dens
2038 2048 2335 2103 humanam
2366 2051 2765 2119 operationem.
2789 2051 3252 2121 Quandoquidem
3284 2063 3340 2109 et
3365 2071 3462 2109 na-

1874 2148 1995 2194 tura
2022 2141 2264 2195 humana
2288 2140 2619 2196 inconfusim
2648 2142 2800 2196 unita
2829 2153 3037 2199 natum
3062 2144 3262 2200 divina:
3290 2153 3460 2201 totam

1872 2236 2342 2302 circuminccssit,
2376 2237 2617 2291 solutum
2664 2237 2803 2290 nihil
2824 2246 2947 2291 'aut
2991 2238 3229 2295 divisum
3279 2243 3461 2310 possi-

1872 2330 2010 2385 dens
2051 2346 2081 2384 a
2118 2330 2343 2394 deitate,
2380 2345 2502 2399 qua:
2537 2329 2586 2383 ei
2634 2345 2732 2399 per
2775 2329 3097 2400 hypostasin
3141 2333 3296 2386 unita
3332 2332 3458 2387 fuit.

1870 2423 2004 2478 Nam
2035 2438 2136 2493 pro
2167 2423 2327 2477 nobis
2351 2438 2481 2477 vere
2510 2431 2868 2492 nostramque
2896 2424 3262 2478 substantiam
3288 2426 3463 2479 susci-

1870 2514 2031 2584 piens
2062 2514 2302 2570 Verbum
2338 2514 2872 2584 supersubstantiale
2909 2514 3212 2569 connexuit
3239 2531 3304 2570 ea
3338 2533 3463 2585 qua:

1871 2605 1940 2660 de
1981 2615 2177 2661 natura
2220 2605 2583 2669 aﬂirmantur,
2617 2614 2673 2659 et
2711 2621 2774 2660 ea
2818 2621 2940 2675 quae
2976 2621 3074 2676 per
3101 2608 3458 2662 eminentiam

1869 2698 2205 2752 naturalium
2232 2697 2477 2768 ejusdem
2510 2698 2880 2766 potentiarum
2906 2697 3194 2752 continent
3214 2699 3459 2769 negatio.-

1868 2804 2018 2844 nem.
2047 2789 2246 2844 Factus
2273 2796 2359 2843 est
2385 2789 2570 2852 homo,
2600 2788 2697 2843 sed
2727 2788 2949 2843 modum
2981 2789 3202 2844 essendi
3235 2790 3453 2854 habuit,

1869 2883 1965 2952 qui
1986 2890 2240 2935 naturam
2262 2880 2729 2950 supereminebat,
2750 2895 3059 2934 connexum
3083 2895 3208 2935 cum
3235 2881 3457 2936 essendi

1871 2973 2096 3029 modum
2150 2972 2454 3027 secundum
2506 2981 2789 3037 naturam;
2846 2979 2904 3024 ut
2956 2979 3011 3025 et
3058 2979 3346 3038 naturam,
3389 2990 3455 3028 ex

1872 3069 2117 3122 novitate
2141 3066 2372 3121 istorum
2397 3064 2709 3128 modorum,
2732 3079 2843 3117 non
2870 3063 3157 3118 admisisse
3186 3064 3241 3118 in
3267 3081 3458 3119 essen:

179 3165 292 3218 τῶν
321 3132 582 3216 ἐναντίων
616 3132 830 3231 γενέσει
864 3132 1279 3232 γνωριζομένην
1310 3176 1323 3190 ·
1366 3159 1559 3229 ἀμέλει
1610 3132 1762 3224 ὲξουΙ

1873 3159 1945 3213 tia
1991 3158 2376 3213 alterationem
2424 3155 2778 3216 ostenderet,
2815 3156 3089 3225 simulque
3132 3171 3300 3225 super
3347 3157 3453 3209 im-

184 3261 275 3332 σίᾳ
322 3257 550 3326 γνώμης
601 3255 739 3325 ἔργα
771 3256 814 3288 ¹δ
842 3253 1157 3325 πεποιηκὼς
1196 3253 1267 3306 τὰ
1312 3253 1460 3324 πάθη
1500 3252 1603 3321 τῆς
1659 3250 1762 3321 φύ-

185 3369 343 3414 σεως,
389 3349 505 3402 ἀλλ’
553 3349 653 3419 οὐχ
702 3348 778 3411 ὡς
835 3348 995 3417 ἡμεῖς
1036 3345 1283 3416 ἀνάγκης
1343 3345 1763 3412 ἀποτελέσματα

182 3442 443 3513 φυσικῆς,
478 3440 716 3511 ἔμπαλιν
742 3440 775 3509 ἢ
806 3440 848 3470 ’⁵
880 3437 966 3506 ἐφ’
994 3436 1153 3507 ἡμῶν
1205 3438 1341 3508 ἔχει,
1371 3436 1430 3489 τὸ
1466 3434 1588 3487 καθ’
1611 3436 1760 3505 ἡμᾶς

182 3535 346 3603 φύσει
380 3531 624 3600 παθητὸν
648 3530 949 3600 διεξῆλθεν,
984 3528 1209 3600 ἐξουσίᾳ
1231 3528 1426 3599 γνώμῃ
1460 3528 1507 3559 ¹⁶
1539 3526 1763 3596 κινητὸν

181 3626 366 3690 δείξας
392 3625 479 3693 ἐφ’
510 3622 704 3676 ἑαυτοῦ
742 3622 805 3675 τὺ
848 3621 1091 3690 πεφυκὸς
1122 3620 1207 3688 ἐφ’
1244 3618 1403 3689 ἡμῶν
1450 3612 1589 3670 εἶναι
1622 3617 1766 3684 γνόυ⁶

186 3734 293 3787 μης
346 3716 645 3784 κινητικόν,
672 3711 853 3780 Ὅπερ
887 3712 998 3772 τοῖς
1032 3709 1159 3779 ἑξῆς
1199 3706 1512 3777 σαφηνίζων
1544 3706 1709 3775 φησιν
1735 3704 1763 3755 ὁ

183 3808 502 3871 διδάσκαλος
527 3823 541 3838 ⁸
583 3826 603 3859 ι
649 3807 715 3859 Τί
754 3806 818 3859 ἄν
846 3822 928 3868 τις
956 3803 1028 3856 τά
1077 3802 1241 3856 λοιπά
1281 3800 1577 3871 πάμπολλα
1633 3799 1762 3853 ὄντα

182 3899 508 3966 διέλθοι;δι’
546 3895 620 3952 ὧν
648 3899 677 3951 ὁ
732 3896 890 3959 θείως
940 3894 1082 3964 ὁρῶν
1129 3894 1270 3964 ὑπὲρ
1312 3892 1437 3945 νοῦν
1492 3889 1763 3958 γνώσεται

184 3993 277 4045 καὶ
336 3989 408 4042 τά
460 3988 553 4042 ἐπὶ
611 3978 678 4057 τῇ
746 3982 1128 4055 φιλανθρωπίᾳ
1191 3980 1287 4035 τοῦ
1354 3980 1531 4051 Ἰησοῦ
1592 3997 1764 4034 κατα-

184 4082 527 4154 φασκόμενα,
560 4079 790 4148 δύναμιν
847 4074 1186 4147 ὑπεροχικῆς
1245 4074 1577 4143 ἀποφάσεως
1606 4072 1760 4142 ἔχον-

182 4192 270 4229 τα.
312 4193 332 4227 ι
372 4172 454 4226 Τὰ
480 4173 590 4242 γάρ
633 4170 735 4238 τῆς
774 4168 990 4237 φύσεως
1038 4165 1219 4220 πάντα
1251 4165 1389 4236 μετά
1419 4166 1518 4234 τῆς
1544 4164 1763 4234 φύσεως

182 4265 323 4320 κατά
356 4263 616 4334 σύλληψιν
648 4261 887 4334 ἄρρητον
917 4257 1117 4320 ὑποδὺς
1164 4257 1195 4308 ὁ
1232 4255 1555 4326 ὑπερούσιος
1591 4256 1763 4324 Λόγος

182 4359 334 4412 οὐδὲν
376 4352 525 4426 εἶχεν
571 4352 910 4423 ἀνθρώπινον
960 4347 1177 4419 φυσικῷ
1229 4348 1375 4418 λόγῳ
1418 4345 1763 4414 καταφασκό-

1868 3262 2113 3302 mensam
2142 3245 2444 3316 potentiam
2478 3245 2532 3299 in
2565 3244 2973 3299 contrariorum
3003 3244 3295 3300 ell'ectione
3323 3261 3457 3300 con-

1867 3336 2112 3406 spicuam
2157 3336 2333 3390 daret.
2373 3332 2589 3402 Quippe
2638 3331 2788 3401 quod
2838 3341 3052 3387 naturae
3098 3333 3457 3390 inﬁrmitates

1866 3442 1979 3483 sua:
2011 3427 2140 3481 fecit
2174 3426 2378 3480 indicia
2416 3425 2726 3495 potestatis,
2758 3439 2870 3477 non
2904 3425 3256 3479 necessitatis
3291 3435 3456 3481 natu-

1866 3520 2018 3585 ralis,
2051 3527 2113 3573 ut
2148 3526 2278 3573 sunt
2316 3533 2440 3586 qum
2476 3531 2586 3570 non
2633 3516 2896 3586 gerimus,
2929 3515 3147 3581 ell‘ecta,
3184 3533 3455 3588 sccusque

1865 3625 2028 3680 quam
2065 3624 2125 3663 se
2158 3609 2324 3662 habet
2358 3608 2415 3661 in
2449 3607 2613 3661 nobis
2647 3616 2860 3661 natura:
2890 3606 3312 3675 passibilitatem
3356 3611 3455 3664 ad—

1865 3700 2222 3756 ministravit.
2252 3699 2410 3766 Quod
2445 3699 2595 3753 enim
2632 3698 2687 3751 in
2724 3698 2887 3752 nobis
2919 3706 3161 3752 nostram
3200 3701 3453 3755 volunta-

1864 3799 1976 3845 tem
2027 3791 2166 3845 solet
2206 3803 2577 3852 commovere,
2615 3787 2706 3841 ille
2757 3787 2813 3841 in
2859 3801 2919 3840 se
2964 3787 3188 3842 nonnisi
3233 3803 3299 3842 ex
3348 3804 3453 3844 suo

1864 3882 2096 3938 arbitrio
2123 3881 2334 3936 moveri
2367 3879 2578 3935 docuit.
2601 3878 2745 3945 Quid
2770 3878 2920 3933 aliud
2949 3879 3085 3933 dicit
3108 3879 3369 3950 magister
3392 3880 3449 3934 in

1864 3972 2257 4044 sequentibus?
2286 3972 2381 4026 ubi
2416 3971 2521 4026 hoc
2551 3972 2732 4041 ipsum
2760 3972 3018 4041 explanat
3044 3987 3058 4025 ι
3093 3989 3110 4020 ι
3141 3970 3283 4037 Quid
3317 3988 3452 4026 vero

1866 4074 2059 4121 caetera
2089 4081 2214 4135 qua:
2238 4064 2395 4118 valde
2424 4063 2597 4118 multa
2626 4063 2753 4133 quis
2781 4064 3216 4117 commemoret?
3246 4063 3300 4117 in
3327 4080 3450 4133 qua:

1865 4158 1910 4212 si
1952 4156 2178 4211 divinus
2221 4155 2497 4224 quispiam
2545 4155 2856 4219 intueatur,
2893 4170 3062 4223 supra
3108 4154 3449 4210 intellectum

1819 4251 1825 4256 ’
1863 4248 2137 4317 intelliget
2170 4248 2336 4303 etiam
2374 4262 2439 4301 ea
2479 4263 2601 4316 quae
2637 4246 2707 4300 de
2743 4245 2874 4301 Jesu
2915 4246 3261 4300 humanitate
3300 4247 3448 4302 allir-

1864 4349 2086 4396 mantur
2108 4340 2368 4395 virtutem
2396 4339 2718 4395 excellentis
2743 4339 3055 4410 negationis
3076 4339 3388 4393 continere.
3423 4359 3442 4391 ι

186 4465 369 4522 μενον,
392 4448 420 4501 ὃ
452 4447 527 4519 μὴ
556 4445 649 4500 καὶ
679 4444 822 4497 θεῖον
842 4439 933 4514 ἦν,
960 4442 1147 4512 τρόπῳ
1165 4438 1243 4510 τῷ
1267 4438 1407 4509 ὑπὲρ
1438 4437 1601 4507 φύσιν
1625 4439 1761 4491 ἀπο-

1865 4430 2407 4502 Supersubstantiale
2438 4430 2586 4485 enim
2615 4429 2855 4485 Verbum
2882 4430 3068 4483 omnia
3099 4445 3222 4499 quae
3251 4429 3319 4483 ad
3352 4446 3450 4484 na-

184 4541 549 4612 φασκόμενον.
582 4531 683 4598 Ὧν
722 4535 863 4606 ὑπὲρ
893 4532 1018 4586 νοῦν
1047 4532 1123 4594 ὡς
1152 4529 1544 4592 ἀναπόδεικτος
1583 4528 1760 4599 ὑπῆρ-

1866 4535 2047 4581 turam
2092 4523 2374 4593 pertinent
2414 4537 2520 4575 una
2566 4522 2691 4574 cum
2738 4527 2936 4573 natura
2981 4519 3038 4572 in
3083 4520 3448 4589 conceptione

182 4608 275 4704 ᾖεν
309 4634 344 4703 ἡ
367 4608 616 4715 γνῶσις,κ
659 4627 828 4699 μόνην
858 4622 1164 4693 κατάληψιν
1192 4621 1390 4693 ἔχουσα
1436 4621 1536 4690 τὴν
1578 4621 1762 4674 πίστιν

1865 4615 1950 4669 illa
1984 4611 2257 4667 ineffabili
2290 4610 2622 4679 suscipiens,
2650 4609 2790 4662 nihil
2821 4608 3016 4662 habuit
3043 4609 3347 4663 humanum
3378 4611 3447 4666 de

180 4725 288 4779 τῶν
322 4722 564 4794 γνησίως
609 4711 672 4772 τὸ
701 4718 795 4772 τοῦ
842 4714 1081 4786 Χριστοῦ
1134 4712 1514 4782 σεϋαζομένων
1557 4711 1763 4782 μυστή-

1857 4721 1917 4761 se
1963 4704 2322 4768 allirmatum,
2368 4701 2608 4756 naturali
2656 4700 2900 4765 ratione,
2944 4701 3080 4771 quin
3129 4701 3275 4755 idem
3327 4711 3447 4757 erat

184 4834 319 4888 ριον.
350 4809 574 4876 Οὗτινος
601 4812 794 4879 ὥσπερ
820 4804 1144 4860 συνοπτικὺν
1171 4804 1264 4857 τὸν
1288 4803 1444 4870 λόγον
1475 4800 1762 4864 ἀποδιδούς

1865 4797 2143 4860 divinum,
2179 4795 2452 4865 modoque
2492 4809 2659 4863 supra
2708 4803 2962 4847 naturam
3008 4795 3196 4864 negari
3242 4796 3445 4864 potuit.

180 4923 344 4978 φησι·
385 4924 405 4957 ι
441 4903 551 4957 Καὶ
574 4900 704 4971 γὰρ,
742 4899 828 4952 ἵνα
858 4897 1171 4957 συνελόντες
1214 4894 1479 4964 εἴπωμεν,
1510 4891 1631 4945 οὐδὲ
1661 4891 1759 4945 ἄν-

182 5004 401 5073 θρωπος
441 4992 531 5067 ἦν,
575 5013 593 5045 ι
628 4995 712 5046 ὅτι
767 4990 927 5060 φύσει
973 4990 1074 5058 τῆς
1120 4986 1264 5041 κατά
1305 4986 1468 5054 φύσιν
1513 4985 1760 5052 ἀνάγκης

180 5095 365 5153 ἄνετος
401 5090 443 5121 ⁸⁷
485 5083 574 5157 ἦν,
612 5084 691 5155 τῷ
721 5080 918 5141 ¹⁸ςκαθ’
952 5081 1097 5150 ἡμᾶς
1129 5077 1310 5148 (113
1352 5077 1408 5144 b)
1437 5076 1534 5145 οὐχ
1586 5076 1760 5144 ὑπαχ-

181 5186 293 5246 θεὶς
308 5178 498 5249 θεσμῷ
522 5178 618 5245 τῆς
638 5172 1079 5245 γενέσεως.‹οὑχ
1096 5170 1171 5232 ὡς
1191 5170 1265 5238 μὴ
1286 5168 1591 5238 ἄνθρωπος,
1620 5185 1638 5216 ι
1677 5167 1759 5219 ὅτι

182 5270 302 5329 κατἸ
327 5272 516 5326 οὐσίαν
554 5270 682 5338 ὅλην
717 5264 934 5337 ἀληθῶς
970 5263 1256 5333 ἄνθρωπος
1303 5256 1394 5331 ἦν,
1441 5259 1602 5329 φύσει
1647 5259 1758 5312 τῶν

182 5366 302 5421 καθ’
321 5365 472 5436 ἡμᾶς
495 5361 740 5431 φυσικῶν
771 5357 1119 5427 ἀνεχόμενος,
1155 5372 1172 5403 ι
1209 5352 1323 5406 ἀλλ’
1354 5352 1431 5413 ὡς
1452 5351 1511 5416 ἐξ
1543 5349 1754 5421 ἀνθρώ-

183 5472 316 5511 πωνσ
362 5473 382 5505 ι
408 5455 643 5521 ἐπείπερ
673 5451 803 5519 ἡμῖν
827 5444 1110 5516 ὁμοούσιος
1136 5439 1227 5513 ἦν,
1255 5444 1394 5512 ὅπερ
1423 5442 1586 5512 ἡμεῖς
1613 5441 1757 5494 κατά

185 5548 342 5618 φύσιν
365 5545 647 5616 ἄνθρωπος
679 5540 776 5605 ὢν,
815 5558 832 5589 ι
862 5536 1168 5608 ἀνθρώπων
1199 5533 1478 5595 ἐπέκεινα,
1519 5551 1538 5583 ι
1574 5532 1758 5585 καινό-

1864 4889 2069 4944 llorum
2097 4888 2344 4942 omnium
2373 4887 2636 4960 cognitio,
2661 4894 2854 4956 utpote
2885 4896 3050 4956 supra
3081 4886 3443 4953 intellectum,

1863 4988 1985 5034 erat
2035 4980 2203 5034 etiam
2252 4994 2418 5048 supra
2471 4978 3036 5044 demonstrationem,
3086 4979 3312 5047 solaque
3360 4987 3447 5032 est

1864 5071 2243 5142 perceptibilis
2268 5071 2375 5124 ﬁde
2402 5086 2594 5125 eorum
2622 5070 2719 5139 qui
2740 5070 2945 5124 Christi
2977 5069 3297 5139 mysterium
3332 5071 3445 5123 siu-

1846 5149 1991 5219 'cere
2033 5172 2386 5217 venerantur.
2422 5161 2595 5232 Hujus
2636 5162 2886 5233 mysterii
2933 5162 3204 5215 rationem
3245 5176 3442 5229 quam-

1864 5255 1989 5311 dam
2023 5263 2360 5310 contractam
2390 5254 2618 5308 exhibet
2641 5254 2973 5323 conspectui
2992 5252 3283 5323 Dionysius
3313 5268 3440 5307 cum

1862 5347 1995 5402 dicit
2025 5365 2039 5400 :
2080 5366 2098 5398 ι
2134 5347 2294 5411 Nam,
2324 5354 2385 5401 ut
2409 5348 2724 5401 summatim
2753 5345 3022 5408 dicamus,
3039 5360 3108 5398 ne
3127 5344 3290 5397 homo
3320 5344 3442 5413 qui-

1862 5439 1985 5494 dem
2018 5448 2137 5495 erat
2168 5458 2186 5490 ι
2228 5439 2488 5509 quoniam
2518 5454 2586 5493 ex
2616 5448 2812 5491 natura
2840 5428 2939 5491 sua
2967 5437 3149 5491 omnis
3170 5437 3442 5490 naturalis

1862 5532 2206 5587 necessitatis
2244 5545 2438 5600 expers
2478 5538 2625 5593 erat,
2656 5537 2713 5583 et
2748 5544 2916 5598 supra
2955 5529 3131 5599 legem
3173 5527 3437 5582 nascendi

1481 5693 1716 5748 vanus
1748 5694 2153 5761 LECTIONES.

255 5824 297 5856 ⁸³
343 5821 577 5890 ὲνείργει
625 5819 713 5874 ed.
768 5816 910 5876 Gzi|.,
951 5830 1071 5890 pro
1101 5812 1391 5890 mor_e._'f
1424 5813 1679 5890 ἐξουσίας,
1726 5809 1980 5890 ἔργα-σιξ
2012 5808 2319 5890 Qal._pnde
2371 5806 2694 5890 corrigenda
2726 5805 2845 5890 ejus
2880 5805 3083 5890 velrsio.

184 5894 322 5953 Gud.
395 5879 658 5962 ’θ’γνώμῃ
688 5903 797 5943 non
832 5879 1008 5942 exstat
1060 5884 1114 5939 in
1164 5884 1251 5940 ed.
1285 5882 1407 5939 Gal.
1485 5885 1528 5916 ³⁷
1556 5879 1794 5944 ἀναίτιος
1816 5879 1907 5935 ed.
1938 5879 2055 5934 Gal.

3182 5804 3223 5835 "
3249 5805 3280 5859 ἡ
3309 5804 3407 5859 cod

2094 5809 2129 5861 Ι.
2166 5808 2319 5863 Unde
2374 5806 2694 5877 corrigenda
2726 5805 2845 5876 ejus
2880 5805 3083 5859 versio.
3182 5805 3223 5835 "
3249 5805 3280 5876 ἡ
3309 5805 3435 5862 cod.

2094 5880 2101 5887 '
2142 5879 2182 5911 ιδ
2213 5878 2298 5949 πῷ
2319 5878 2407 5934 ed.
2438 5877 2580 5943 Gal.,
2613 5878 2757 5948 quod
2798 5877 3057 5931 luendum
3084 5886 3186 5932 cst.
