3998 6370
603 438 742 506 1055

1775 442 1837 502 S.
1877 439 2167 501 MAXIMI
2203 438 2715 501 CONFESSORIS

3738 444 3852 513 1056

601 557 689 611 cui
723 570 829 609 nos
858 554 1207 627 subjicimur.
1242 573 1261 607 ι
1291 555 1412 610 Non
1445 555 1594 625 quod
1628 570 1740 611 non
1775 566 1925 612 esset
1946 555 2135 622 homo,
2168 574 2187 609 ι

2296 571 2422 625 τητι
2449 554 2670 625 τρόπων
2691 592 2708 617 ,
2741 553 2882 624 ὅπερ
2913 550 3015 622 οὐχ
3044 551 3230 623 ἡμεῖς,
3263 551 3370 624 τὴν
3414 551 3584 622 φύσιν
3621 563 3855 632 περιγρά-

602 647 865 716 quoniam
916 648 1225 703 secundum
1279 656 1449 703 totam
1496 650 1796 705 essentiam
1841 665 1973 705 vere
2022 649 2191 705 homo

600 748 751 801 erat,
789 739 968 809 iisque
1009 741 1269 796 omnibus
1307 741 1581 797 obnoxius
1616 756 1740 811 quae
1783 749 2041 796 naturam
2086 756 2190 796 no-

603 811 777 881 stram
816 830 1185 898 comitantur;
1226 850 1247 883 ‹
1290 833 1387 886 sed
1420 832 1570 902 quod
1604 841 1769 887 natus
1801 848 1958 888 more
1992 833 2191 888 huma-

604 933 699 983 no,
741 919 1084 990 "siquidem
1126 922 1373 993 ejusdem
1414 924 1708 978 nobiscum
1753 934 1874 979 erat
1912 925 2188 992 essentiae,

605 1017 660 1063 et
700 1009 863 1064 homo
903 1025 1001 1080 per
1042 1020 1319 1079 naturam,
1353 1028 1454 1083 per
1489 1029 1656 1083 quam
1693 1023 1757 1070 et
1786 1030 1905 1070 nos.
1944 1034 1963 1067 ι
2013 1014 2192 1087 Supra

607 1094 882 1163 homines,
915 1118 933 1151 ι
974 1100 1139 1155 modo
1173 1115 1338 1167 novo,
1364 1102 1514 1172 quod
1543 1118 1647 1158 nos
1674 1119 1785 1158 non
1815 1104 2062 1172 facimus,
2096 1121 2194 1160 na-

606 1198 788 1244 turam
829 1191 1314 1249 circumscribens.
1366 1213 1386 1246 (
1430 1194 1500 1250 Ει
1539 1210 1708 1266 supra
1736 1196 2022 1252 hominem
2059 1213 2192 1255 vere

607 1281 786 1338 factus
831 1284 1017 1339 homo.
1070 1303 1091 1338 ι
1144 1286 1336 1342 ModOs
1381 1287 1532 1343 enim
1583 1303 1753 1359 supra
1799 1297 2085 1355 naturam,
2133 1296 2193 1346 et

608 1373 854 1427 rationes
897 1374 1207 1430 secundum
1249 1384 1507 1432 naturam
1551 1377 1793 1434 invicem
1834 1381 1954 1435 sine
1994 1380 2191 1437 fraude

608 1466 928 1520 connexuit.
962 1466 1171 1521 Horum
1213 1483 1518 1524 concursus
1549 1484 1676 1524 cum
1711 1486 1813 1540 per
1841 1486 1901 1527 se
1934 1472 2191 1543 impossi-

606 1552 734 1608 bilis
766 1566 935 1620 esset,
961 1557 1075 1623 ille,
1110 1559 1199 1613 cui
1236 1559 1375 1614 nihil
1409 1570 1494 1616 est
1521 1561 1882 1631 impossibile,
1913 1578 2011 1619 eos
2041 1565 2099 1619 in
2131 1580 2191 1621 se

604 1659 734 1699 vere
785 1646 999 1712 univit,
1048 1658 1302 1705 neutram
1352 1650 1411 1705 in
1462 1662 1674 1722 partem
1722 1654 1949 1710 omnino
1995 1671 2191 1713 eorum

599 1750 839 1805 quorum
878 1747 997 1792 erat
1033 1739 1349 1811 hypostasis
1387 1742 1457 1797 ab
1496 1743 1764 1799 alterutro
1808 1745 1866 1800 in
1909 1748 2191 1816 operando

601 1825 919 1892 declinans,
951 1828 1062 1884 imo
1096 1830 1279 1899 potius
1313 1847 1414 1901 per
1445 1832 1776 1889 alterutrum
1817 1836 2186 1907 conﬁrmans;

482 1926 485 1928 '
601 1916 874 1987 siquidem
907 1929 1206 1992 utrumque
1236 1938 1370 1979 vere
1401 1934 1507 1990 est,
1539 1933 1596 1980 et
1622 1933 1685 1980 ut
1709 1926 1856 1982 Deus
1886 1943 2043 1984 suam
2073 1929 2192 2001 ipse

602 2019 786 2064 movet
822 2011 1244 2080 humanitatem,
1275 2026 1551 2085 quatenus
1590 2028 1777 2074 autem
1816 2021 2002 2089 homo,
2033 2039 2190 2079 suam

602 2099 849 2157 declarat
892 2104 1178 2160 deitatem.
1221 2106 1285 2161 In
1325 2116 1526 2164 natura
1567 2109 1786 2177 divina,
1824 2113 1869 2168 si
1914 2114 1994 2171 sic
2036 2117 2189 2187 loqui

602 2191 787 2257 liceat,
824 2210 1022 2263 passus
1064 2205 1180 2260 est,
1219 2213 1347 2253 nam
1390 2200 1704 2258 voluntarie
1748 2219 1960 2274 passus
1986 2217 2099 2274 est,
2133 2219 2192 2267 et

601 2299 792 2339 merus
820 2286 987 2341 homo
1017 2304 1128 2343 non
1160 2288 1294 2358 fuit;
1327 2290 1383 2345 in
1414 2301 1615 2348 natura
1649 2295 1890 2352 humana
1924 2299 2192 2360 miracula

601 2377 873 2445 patravit,
922 2394 1047 2433 nam
1096 2378 1155 2434 in
1202 2396 1368 2437 carne
1413 2384 1551 2449 fuit,
1596 2401 1701 2442 nec
1745 2388 1930 2445 nudus
1975 2394 2192 2451 exstitit

601 2464 769 2520 Deus.
802 2467 881 2521 Ita
911 2469 1136 2538 quidem
1167 2472 1450 2540 passiones
1480 2483 1638 2529 erant
1662 2476 1947 2536 mirabiles
1976 2489 2034 2537 et
2059 2486 2188 2541 novi

599 2560 837 2627 generis,
863 2571 1089 2630 propter
1114 2565 1423 2632 potentiam
1450 2566 1695 2624 divinam
1720 2580 1931 2629 naturae
1951 2576 2073 2647 ejus
2090 2579 2189 2648 qui

598 2664 796 2719 passus
829 2660 933 2714 est,
959 2662 1016 2706 et
1047 2653 1313 2710 miracula
1346 2664 1509 2711 erant
1541 2659 1688 2714 inter
1718 2664 2028 2732 passiones,
2052 2684 2191 2739 quo-

597 2740 747 2795 niam
779 2751 993 2811 patrata
1022 2755 1183 2800 erant
1207 2747 1264 2801 in
1290 2749 1540 2817 passibili
1566 2755 1812 2821 potentia
1843 2759 2046 2827 carnis,
2068 2762 2192 2837 ejus

536 2856 541 2861 ε
597 2828 694 2897 qui
743 2845 805 2883 ea
849 2831 1081 2888 miriﬁce
1126 2835 1431 2891 secundum
1476 2846 1732 2896 naturam
1772 2857 2043 2915 operatus
2079 2828 2187 2907 est.

598 2918 760 2985 Quod
798 2922 1074 2979 intellexit
1100 2927 1360 2996 magister
1388 2944 1513 2984 eum
1548 2931 1759 2990 diceret
1791 2954 1805 2990 :
1850 2955 1870 2988 ι
1905 2939 2191 2998 Postremo

597 3024 708 3063 non
740 3026 845 3079 qua
872 3011 1017 3067 Deus
1045 3013 1232 3069 divina
1260 3016 1450 3085 gessit.
1474 3013 1499 3069 ἰ
1534 3018 1657 3075 Non
1691 3027 1906 3078 tantum
1932 3034 1995 3081 ut
2019 3028 2187 3095 Deus,

596 3108 655 3155 et
683 3117 934 3159 seorsum
968 3121 999 3159 a
1037 3122 1237 3171 carne,
1269 3120 1450 3179 neque
1485 3111 1635 3165 enim
1676 3122 1888 3169 tantum
1924 3133 2184 3191 superes-

2267 645 2429 713 ’φων.
2466 662 2487 696 ι
2526 646 2638 699 Καὶ
2664 644 2806 713 ὑπὲρ
2830 643 3121 715 ἄνθρωπον
3149 643 3373 714 ἀληθῶς
3405 643 3695 714 ἅνθρωπος
3720 663 3856 717 γεγο.

2291 732 2420 801 νὼς,
2456 754 2475 787 ι
2510 734 2637 797 τοὺς
2665 734 2807 805 ὑπὲρ
2836 733 3000 803 φύσιν
3026 732 3261 803 τρόπους
3281 733 3382 787 καὶ
3406 734 3539 798 τοὺς
3564 736 3703 790 κατὰ
3720 739 3857 807 φύσιν

2291 824 2487 895 λόγους
2538 826 2865 896 άλυμάντως
2912 825 3053 896 ἔχων
3102 824 3360 897 ἀλλήλοις
3402 827 3449 858 ³³
3482 832 3854 902 συνημμένους,

2291 910 2368 972 ὧν
2398 918 2683 989 ἀμήχανος
2715 920 2749 988 ἡ
2776 917 3053 988 σύμϐασις
3103 913 3193 990 ἦν,
3226 908 3395 982 ἀὺτδς
3423 912 3471 987 ᾧ
3499 920 3690 991 ιμηδέν
3732 925 3855 983 ἐστιν

2290 1008 2601 1079 ἀμήχανοψ
2627 1010 2835 1080 ἀληθὴς
2890 1010 3186 1081 γενόμενος
3225 1010 3432 1074 ἓνωσις
3482 1012 3760 1087 μηδετέρῳ
3808 997 3858 1072 ὖ

2293 1101 2560 1172 παράπαν
2605 1095 2682 1156 ὧν
2717 1102 3021 1166 ὑπόστασις
3063 1097 3134 1173 ἦν
3182 1102 3427 1176 θατέρου
3462 1107 3856 1176 κεχωρισμένως

2292 1193 2557 1263 ἐνεργῶν,
2590 1193 2660 1247 δι’
2693 1194 2964 1267 ἑκατέρου
2995 1194 3054 1248 δὲ
3089 1194 3292 1265 μᾶλλον
3326 1193 3709 1264 πιστούμενος.
3726 1199 3859 1254 θάτε-

2296 1296 2417 1358 ρονό
2453 1286 2613 1359 εἴπερ
2645 1288 2811 1359 ἄμφω
2832 1287 2959 1344 κατ’
2991 1288 3255 1360 ἀλήθειαν
3280 1286 3360 1343 ὢν
3400 1288 3483 1352 ὡς
3511 1289 3615 1359 μὲν
3633 1290 3755 1355 Θεὸς
3772 1292 3856 1364 τῆς

2295 1377 2434 1441 ιδίας
2479 1372 2550 1449 ἦν
2589 1378 2869 1449 κινητικὸς
2903 1376 3352 1448 ἀνθρωπότητος.
3390 1378 3473 1441 ὡς
3520 1376 3854 1448 άνθρωποςδὲ

2290 1469 2393 1539 τῆς
2458 1469 2669 1533 οἰκείας
2722 1469 3052 1539 ἐκφαντικδς
3101 1470 3315 1541 ὑπῆρχε
3348 1467 3637 1539 θεότητος.
3680 1469 3852 1538 ΘεΜις

2295 1561 2416 1631 μὲν,
2450 1560 2517 1613 ἶν’
2542 1558 2717 1625 οὕτως
2748 1561 2991 1626 εῖπω,τὺ
3015 1560 3248 1631 πάσχειν
3278 1560 3448 1633 έχων,
3478 1559 3728 1614 ἑκούσιον
3745 1563 3849 1634 γὰρ,

2292 1652 2416 1705 ἐπεὶ
2444 1653 2520 1723 μὴ
2548 1652 2704 1723 ψιλὸς
2730 1652 3020 1726 ἄνθρωπος
3039 1649 3129 1725 ἦν,
3162 1651 3547 1723 ἀνθρωπικῶς
3579 1652 3637 1705 δὲ
3664 1653 3720 1705 τὸ
3746 1652 3850 1729 θαυ-

2295 1748 2647 1817 ματουργείν,
2666 1745 2754 1799 διὰ
2784 1746 2985 1818 σαρκὸς
3001 1745 3132 1816 γάρ,
3164 1744 3290 1798 ἐπεὶ
3322 1742 3405 1815 μὴ
3436 1742 3651 1812 γυμνὸς
3673 1744 3849 1815 ὑπῆρχε

2292 1842 2447 1907 Θεός.
2496 1843 2583 1907 Ὡς
2612 1840 2762 1899 εἶναι
2792 1844 2860 1899 τά
2922 1830 3021 1916 μὲν
3074 1844 3222 1912 πάθη
3268 1841 3580 1914 θαυμαστά
3623 1843 3689 1912 τῇ
3737 1838 3848 1893 κατὰ

2293 1933 2457 2003 φύσιν
2486 1935 2641 2008 θεῖκῇ
2681 1938 2913 2009 δυνάμει
2945 1938 3041 1992 τοῦ
3065 1938 3371 2008 πάσχοντος
3404 1935 3771 2005 καινιζόμενα,
3793 1931 3847 1985 τὰ

2291 2027 2350 2082 δὲ
2385 2028 2645 2099 θαύματα
2673 2030 2917 2100 παθητὰ,
2945 2033 3012 2102 τῇ
3052 2030 3195 2084 κατά
3224 2028 3393 2099 φύσιν
3440 2026 3541 2081 τοῦ
3584 2024 3719 2080 αὺτά
3744 2023 3844 2077 θαυ-

2295 2120 2734 2192 ματουργοῦντος
2787 2120 3066 2193 παθητικῇ
3123 2121 3358 2190 δυνάμει
3410 2117 3841 2193 συμπληρούμενα

2289 2212 2391 2283 τῆς
2421 2214 2646 2284 σαρκός.
2673 2213 2854 2284 Ὅπερ
2897 2213 3054 2276 εἰδὼς
3086 2215 3114 2266 6
3146 2210 3478 2274 διδάσκαλός
3504 2225 3644 2280 φησι
3664 2224 3678 2237 ⁸
3709 2226 3727 2258 ‹
3760 2206 3841 2261 Καὶ

2288 2305 2352 2358 τὸ
2381 2305 2567 2360 λοιπὸν
2590 2305 2651 2359 οὐ
2681 2308 2825 2359 κατά
2847 2292 2983 2359 Θεὸν
3003 2304 3072 2358 τά
3098 2303 3216 2358 θεῖα
3236 2303 3473 2374 δράσας,
3508 2321 3528 2354 ι
3554 2301 3638 2356 ὅτι
3670 2299 3741 2370 μὴ
3767 2299 3832 2369 μό-

2290 2412 2383 2450 νον
2405 2395 2615 2462 θεῖκῶς.
2640 2399 3025 2468 κεχωρισμένα
3055 2395 3282 2467 σαρκὸς,
3305 2395 3371 2450 οὐ
3408 2393 3525 2464 γὰρ
3558 2389 3839 2462 ὑπερούσιος

2294 2485 2478 2558 μόνον,
2512 2485 2640 2541 οὔτε
2676 2486 2747 2540 τὰ
2793 2485 3111 2556 ἀνθρώπινα
3149 2483 3292 2539 κατὰ
3331 2483 3652 2554 ἄνθρωπον,
3683 2481 3757 2533 ὅτι
3781 2478 3837 2548 μὴ

2294 2577 2455 2648 μόνον
2487 2578 2766 2649 σαρκικῶς
2797 2578 3183 2649 κεχωρισμένα
3226 2577 3512 2645 θεότητος,
3550 2576 3614 2629 οὐ
3643 2572 3741 2644 γὰρ
3768 2572 3839 2625 ἄν·

2291 2670 2512 2742 θρωπος
2560 2672 2743 2742 μόνον,
2782 2671 2966 2743 (114
3004 2671 3059 2742 a)
3099 2688 3119 2722 ‹
3172 2669 3287 2724 ἀλλ’
3334 2665 3707 2738 ἀνδρωθέντος
3730 2662 3833 2717 Θεοῦ

2290 2762 2489 2832 καινήν
2518 2780 2642 2816 τινα
2673 2764 2777 2833 τὴν
2820 2781 2838 2814 ι
2874 2762 3200 2841 θεανδρικὴν
3235 2781 3254 2815 ι
3289 2761 3587 2833 ἐνέργειαν
3619 2759 3739 2829 ἡμῖν
3766 2771 3840 2807 πε-

2291 2853 2702 2924 πολιτευμένος.
2744 2874 2761 2906 ι
2807 2857 2918 2910 Καὶ
2950 2855 3059 2926 γὰρ
3105 2853 3422 2926 προσλήψει
3455 2851 3659 2923 σαρκὸς
3675 2845 3837 2918 νοερῶς

2293 2946 2653 3018 ὲψυχωμένης
2687 2948 2733 2980 ³⁸
2774 2946 2989 3017 ἀληθῶς
3021 2946 3309 3018 ἄνθρωπος
3340 2943 3616 3014 γεγονὼς,
3638 2943 3664 2994 6
3685 2941 3837 3006 διαφε-

2295 3037 2494 3110 ρόντως
2530 3038 2936 3110 φιλάνθρωπος,
2974 3039 3073 3110 τὴν
3111 3039 3170 3092 δὲ
3204 3037 3400 3109 θεῖκὴν
3444 3037 3718 3108 ἐνέργειαν
3741 3027 3836 3085 καθ’

2291 3130 2488 3184 ἕνωσιν
2525 3132 2765 3203 ἄρρητον
2792 3132 2859 3202 τῇ
2902 3130 3155 3201 συμφυϊᾳ
3188 3130 3230 3160 ²¹
3260 3129 3362 3198 τῆς
3405 3125 3674 3199 σαρκικῆς
3707 3123 3836 3191 ἐσχη-

598 3194 852 3252 sentialis
888 3204 1009 3251 erat
1051 3215 1064 3251 :
1116 3217 1135 3251 ι
1181 3215 1363 3270 neque
1401 3202 1644 3259 humana
1685 3216 1748 3262 ut
1778 3207 1975 3278 homo;
2018 3232 2037 3265 ι
2077 3230 2187 3269 non

2292 3219 2405 3281 κὼς
2447 3194 2988 3293 ἀνδρωθεῑσανῖτὴν⁷
3024 3194 3165 3293 back-9
3215 3194 3381 3291 ἡμῶν
3433 3194 3736 3286 οίκονομιαν
3763 3227 3836 3262 πε-

597 3285 748 3339 enim
792 3294 1004 3343 tantum
1044 3298 1104 3344 ut
1140 3306 1300 3360 caro,
1334 3296 1631 3365 separatim
1670 3313 1701 3352 a
1736 3298 1970 3369 deitate,
2004 3320 2185 3377 neque

2292 3285 2559 3385 πλήρωκε
2583 3285 2945 3384 θεανδρικῶς,⁷
2974 3285 3145 3384 ἤγουν
3172 3285 3373 3377 Baiian
3421 3312 3542 3382 ἅμα
3572 3285 3663 3363 καὶ
3690 3303 3834 3373 ἀνδρι-

596 3379 747 3433 enim
772 3380 937 3435 homo
961 3390 1173 3438 tantum
1202 3402 1216 3439 :
1251 3404 1271 3436 ι
1300 3386 1399 3442 sed
1421 3388 1568 3444 Deus
1588 3389 1767 3447 factus
1787 3393 1962 3449 homo
1983 3412 2184 3454 novam

599 3468 897 3539 quamdam
935 3464 1275 3528 dei-virilem
1307 3476 1687 3545 operationem
1722 3479 2015 3538 nobiscum
2047 3498 2185 3539 con-

595 3563 870 3618 vers’ando
929 3564 1205 3621 exhibuit.
1263 3584 1290 3641 ι,
1343 3566 1735 3638 Assumptione
1789 3571 1940 3626 enim
2000 3577 2185 3633 carnis

2290 3403 2404 3468 κῶς
2430 3403 2501 3458 τά
2541 3420 2604 3457 τε
2643 3403 2764 3458 θεῖα
2802 3403 2898 3458 καὶ
2927 3404 2998 3457 τά
3026 3402 3347 3475 ἀνθρώπινα
3379 3404 3610 3476 δράσας,
3644 3398 3673 3469 ἢ
3703 3391 3835 3461 σαφέ

2293 3509 2485 3564 στερον
2515 3495 2712 3557 εἰπεῖν,
2744 3493 2932 3565 θεῖκὴν
2969 3496 3029 3549 ὲν
3078 3494 3263 3567 ταυτῷ
3301 3496 3400 3549 καὶ
3429 3489 3684 3564 ἀνδρικὴν
3714 3482 3836 3554 ἐνέρ-

2292 3600 2448 3651 γειαν
2478 3584 2961 3669 πεπολιτευμένος.

595 3662 780 3709 mente
810 3657 1103 3727 animaque
1132 3658 1375 3729 praedita:
1399 3676 1532 3716 vere
1562 3661 1730 3719 homo
1756 3663 1938 3720 factus
1964 3676 2052 3722 est
2078 3668 2173 3727 ille
2210 3689 2378 3746 supra
2413 3660 2640 3732 modum
2673 3692 2805 3749 erga
2870 3678 3126 3734 homines
3157 3677 3459 3748 benignus,
3521 3672 3834 3766 divinamque

594 3748 973 3814 operationem
1008 3749 1206 3807 unicus
1270 3750 1626 3809 ineﬂ‘abiliter
1690 3754 1968 3822 humanae,
1998 3774 2100 3829 per
2127 3765 2312 3822 carnis
2344 3767 2719 3833 coalitionem,
2751 3748 2854 3838 pro
2912 3768 3076 3824 nobis
3107 3767 3438 3838 adimplevit
3507 3755 3832 3833 dispensatio-

593 3848 722 3890 nem
759 3837 1112 3910 θεανδρὶκῶς,
1144 3840 1253 3897 hoc
1281 3849 1369 3898 est
1399 3850 1457 3898 et
1491 3851 1751 3914 tanquam
1822 3845 1969 3902 Deus
2034 3858 2093 3905 et
2160 3861 2422 3924 tanquam
2466 3855 2654 3923 homo,
2723 3837 3024 3927 divinaque
3066 3864 3123 3911 et
3158 3837 3403 3911 humana
3443 3846 3828 3912 administravit,

592 3927 713 3993 vel,
739 3939 801 3984 ut
830 3930 1037 3986 clarius
1071 3930 1287 4002 loquar,
1314 3934 1436 4004 ejus
1472 3934 1665 4005 politia
1703 3936 1895 3993 divina
1932 3939 2096 3995 simul
2129 3951 2187 3999 et
2226 3944 2499 4003 humanas
2528 3947 2882 4019 operationes
2929 3949 3243 4005 exhibebat.

665 4042 804 4096 Cum
829 4043 998 4114 igitur
1019 4043 1207 4100 divina
1228 4053 1285 4101 et
1306 4046 1547 4104 humana
1569 4049 1716 4105 inter
1736 4066 1796 4107 se
1818 4051 1993 4110 dividi
2010 4046 2181 4128 'nega-

595 4133 692 4188 hat
724 4134 945 4203 sapiens
980 4136 1264 4206 magister,
1292 4140 1517 4209 quando
1545 4141 1809 4197 unionem
1841 4143 2176 4215 aﬂlrmabat,

595 4241 709 4282 non
757 4229 998 4284 nescivit
1044 4231 1197 4303 unita
1244 4232 1411 4287 etiam
1460 4234 1606 4289 inter
1648 4250 1707 4290 se
1748 4236 2001 4305 differre;
2048 4240 2182 4295 unio

595 4320 746 4376 enim
782 4321 1113 4377 divisionem
1148 4338 1440 4381 removens
1472 4341 1583 4381 non
1618 4327 1806 4384 offecit
1832 4329 2179 4388 diﬂ‘erentiaa.

595 4408 655 4467 Si
689 4421 873 4467 autem
902 4413 1233 4470 dill‘erentiae
1260 4415 1535 4471 rationem
1568 4417 1795 4475 unionis
1824 4421 2023 4479 modus
2051 4439 2184 4479 con-

593 4511 802 4568 servat,
831 4519 964 4559 sane
996 4504 1088 4559 hic
1118 4507 1436 4561 sermoviri
1467 4510 1642 4565 sancti
1679 4511 2020 4582 periphrasis
2050 4515 2181 4582 erit,

598 4609 696 4664 per
713 4610 877 4664 quam
902 4596 1168 4661 ostendit,
1191 4597 1336 4652 bene
1358 4602 1681 4671 congruenti
1708 4605 1982 4671 oratione,
2004 4606 2185 4678 dupli-

595 4697 717 4738 cem
748 4686 1133 4754 operationem
1167 4688 1224 4742 in
1255 4686 1479 4745 Christo
1503 4690 1640 4747 duas
1664 4700 1895 4750 naturas
1922 4694 2181 4752 habente.

596 4774 866 4841 Quoniam
911 4778 1064 4833 nullo
1107 4787 1271 4849 pacto
1313 4795 1414 4849 per
1456 4783 1743 4850 unionem,
1775 4785 1893 4841 sive
1930 4795 2185 4843 naturam

598 4875 817 4934 spectes
878 4868 996 4921 sive
1054 4869 1413 4938 qualitatem,
1458 4886 1648 4927 eorum
1709 4888 1832 4944 quae
1887 4876 2185 4945 uniunlur,

597 4960 914 5014 essentialis
969 4960 1192 5015 heditur
1237 4963 1400 5017 ratio.
1453 4964 1586 5030 Nec,
1626 4975 1688 5021 ut
1734 4968 1931 5022 volunt
1982 4970 2185 5041 aliqui,

595 5058 842 5105 extrema
871 5052 1126 5122 negando
1157 5053 1399 5109 medium
1430 5056 1709 5125 quoddam
1745 5057 2007 5127 alIirmat;
2049 5062 2189 5116 nihil

595 5140 745 5195 enim
774 5148 861 5196 est
887 5143 1133 5199 medium
1157 5147 1304 5216 quod
1336 5147 1404 5203 de
1430 5148 1655 5204 Christo
1687 5163 1789 5219 per
1810 5159 2185 5209 extremorum

598 5233 947 5303 negationem
982 5235 1241 5293 allirmari
1275 5249 1479 5310 potest.
1518 5258 1537 5291 ‹
1578 5240 1786 5296 Novam
1829 5261 1848 5293 ι
1890 5243 2046 5309 dixit,
2080 5247 2187 5302 hoc

599 5332 687 5377 est
711 5340 914 5405 novum
941 5330 1266 5409 mysterium
1296 5331 1719 5399 characterizat,
1744 5338 1903 5406 cujus
1929 5340 2071 5395 ratio
2095 5350 2182 5395 est

600 5413 897 5474 Luell‘abilis
917 5418 1115 5474 modus
1138 5420 1406 5476 naturalis
1428 5421 1856 5491 conjunctionis.
1873 5424 2009 5491 Quis
2030 5427 2178 5482 enim

2357 4063 2568 4117 Οὐκοῦν
2616 4065 2894 4135 ἀποφάσει
2920 4065 3021 4136 τῆς
3048 4064 3158 4119 τῶν
3179 4062 3343 4119 θείων
3365 4064 3465 4118 καὶ
3502 4054 3823 4129 ἀνθρωπίνων

2287 4152 2423 4223 πρὸς
2450 4153 2656 4225 ἄλληλα
2683 4154 3004 4226 διαιρέσεως
3031 4156 3130 4227 τὴν
3156 4154 3257 4223 τῆς
3279 4153 3532 4218 ὲνώσεως
3556 4149 3827 4217 κατάφασιν

2285 4248 2315 4299 6
2358 4246 2519 4315 σοφὸς
2548 4248 2918 4319 ποιησάμενος
2960 4247 3060 4319 τὴν
3115 4247 3353 4318 φυσικὴν
3404 4246 3514 4301 τῶν
3569 4238 3825 4315 ἡνωμένων

2286 4336 2548 4407 διαφοράν
2577 4339 2679 4392 οὐκ
2701 4338 2988 4415 ἠγνόησεν·
3020 4340 3053 4408 ἡ
3083 4339 3193 4411 γὰρ
3234 4339 3432 4402 ἕνωσις
3468 4336 3568 4409 τὴν
3599 4330 3825 4426 mal-pecu

2289 4428 2630 4501 ἀπωσαμένη
2678 4411 2789 4500 τὴν
2810 4429 3073 4500 διαφοράν
3119 4431 3221 4484 οὐκ
3247 4428 3542 4497 ὲλώδησεν.
3578 4424 3640 4479 El
3669 4420 3718 4473 δὲ
3743 4415 3820 4484 τῆς

2282 4520 2547 4592 διαφορᾶς
2595 4522 2687 4577 τὸν
2731 4522 2891 4591 λόγον
2917 4523 2946 4575 6
2984 4523 3083 4591 τῆς
3109 4521 3356 4585 ένὼσεως
3386 4520 3588 4593 τρόπος
3614 4516 3715 4585 ἔχει
3741 4525 3822 4575 σωτ

2283 4610 2527 4683 ζόμενον,
2559 4612 2669 4685 ἄρα
2696 4614 2744 4646 ’³
2777 4611 3107 4684 περίφρασις
3144 4614 3292 4667 ἐστιν
3316 4615 3349 4684 ἡ
3371 4611 3468 4667 τοῦ
3502 4609 3650 4678 ἁγίου
3678 4596 3811 4696 φωνῆς

2284 4702 2607 4774 καταλλήλῳ
2652 4703 2845 4774 κλήσει
2876 4702 2969 4756 τοῦ
3013 4702 3198 4757 διττοῦ
3227 4703 3273 4735 ³³
3306 4702 3406 4774 τὴν
3430 4701 3593 4772 φὺσιν
3620 4698 3812 4764 Χρισωυ

2283 4791 2384 4862 τὴν
2412 4791 2595 4863 διττὴν
2623 4793 2672 4825 ³⁸
2703 4791 3144 4864 παραδηλοῦντος
3178 4793 3484 4865 ἑνέργειαψ
3687 4781 3814 4882 φξὲσξι

2282 4900 2344 4935 τε
2371 4881 2416 4913 ’⁸
2441 4883 2533 4936 καὶ
2562 4882 2812 4954 ποιότητι
2867 4884 2989 4936 κατ’
3030 4883 3224 4937 οὐδένα
3273 4883 3475 4956 τρόπον
3510 4881 3575 4933 ἐκ
3609 4876 3698 4946 τῆς
3719 4873 3814 4924 ένίίν

2288 4989 2428 5037 σεως
2457 4975 2486 5026 6
2516 4974 2624 5028 τῶν
2658 4974 2959 5046 ήνωμένων
3016 4975 3285 5046 οὐσιώδης
3325 4974 3622 5046 μεμείωται
3668 4963 3809 5029 λόγος.

2299 5063 2438 5116 Ἀλλ’
2478 5063 2577 5133 οὐχ
2631 5062 2707 5128 ὥς
2755 5080 2864 5117 τινι
2888 5064 2972 5129 ’⁸,
3014 5065 3289 5132 ἀποφάσει
3331 5065 3441 5117 τῶν
3484 5063 3658 5133 ἄκρων
3698 5047 3812 5107 τινὸς

2289 5154 2455 5225 μέσου
2488 5156 2811 5226 ποιουμένου
2840 5156 2886 5187 ⁸⁷
2941 5156 3276 5225 κατάφασιν.
3327 5157 3442 5210 Οὐκ
3492 5155 3599 5208 ἔστι
3643 5146 3735 5217 γάρ
3770 5155 3810 5190 τι

2288 5246 2454 5317 μέσον
2483 5247 2576 5299 ἐπὶ
2605 5247 2651 5279 ³⁸
2677 5247 2938 5318 Χριστοῦ,
2970 5250 3036 5319 τῇ
3062 5248 3173 5302 τῶν
3196 5248 3384 5321 ἄκρων
3407 5245 3664 5316 ἀποφάσει
3678 5248 3814 5291 καται-

2289 5337 2654 5407 φασκόμενον.
2693 5358 2712 5390 ι
2760 5338 2970 5408 Καινὴν
3008 5340 3127 5411 μὲν,
3166 5358 3185 5392 ι
3229 5340 3306 5402 ὼς
3342 5339 3528 5394 καινοῦ
3553 5324 3806 5407 μυστηρίου

2285 5429 2813 5501 χαρακτηριστικὴν,
2833 5424 2895 5486 οὗ
2922 5432 3078 5500 λόγος
3109 5432 3257 5486 ἐστὶν
3280 5434 3309 5486 6
3333 5434 3631 5504 ἀπόρρητος
3647 5419 3808 5493 τρόπος

1915 5587 2157 5646 VARI/13
2199 5592 2601 5648 LECTIONES.

664 5684 1296 5800 ςθηάλλήλοιςξζωνηεᾶί
1347 5714 1464 5770 Gal.
1555 5717 1602 5749 ²⁰
1646 5719 2047 5800 ἐμψυχωμέγης
2067 5724 2153 5780 cd.
2178 5725 2293 5800 Gal.
2341 5797 2349 5800 _
2385 5728 2427 5760 ²¹
2456 5728 2735 5800 συμερυείᾳ
2760 5728 2848 5800 ed.
2889 5728 3006 5783 Gal.
3070 5732 3115 5762 "
3149 5726 3255 5800 ἄρα
3283 5732 3371 5787 ed.
3398 5730 3510 5788 Gal.
3590 5707 3796 5800 ¹³δ¹κῖίζῦ

602 5777 692 5833 ed.
722 5778 840 5833 Gal.
873 5777 953 5832 ’ln
997 5777 1121 5835 cod.
1168 5783 1310 5838 Gud.
1366 5801 1395 5838 a

604 5846 721 5901 Gal.
811 5849 855 5879 ²⁷
906 5851 1226 5901 ποιουμένον
1262 5854 1383 5901 (sic)

653 5865 721 5901 ill.

1440 5802 1523 5854 pr.
1578 5804 1654 5841 ιη.
1716 5802 1822 5844 est.
1848 5790 2060 5847 διπλοῦ.

2139 5800 2184 5827 ἰ
2211 5797 2401 5864 δικτὴν
2430 5797 2521 5851 ed.
2548 5798 2667 5851 Gal.
2712 5797 2719 5798 ί
2750 5799 2796 5829 ³⁵
2831 5815 2913 5851 τε.
2963 5814 3073 5856 0m.
3127 5797 3215 5856 ed.
3269 5800 3388 5858 Gal.

811 5849 855 5879 ²⁷
906 5851 1226 5919 ποιουμένον
1262 5854 1383 5923 (sic)
1433 5849 1554 5909 cod.
1605 5858 1746 5913 (iud.
1784 5858 2106 5932 ποιούμετω
2138 5866 2226 5921 cd.
2260 5849 2380 5920 Gal'.
2442 5849 2498 5898 δέ
2532 5849 2763 5923 ἐστιτὰ.
2797 5849 2912 5924 Gal.

3490 5778 3530 5831 ίσ
3566 5806 3691 5852 τινες
3727 5778 3796 5836 εάο
