3998 6392
188 308 339 378 1057

1441 308 1681 368 AMBIG
1691 307 1970 368 UORUM
2008 309 2262 371 LIBER.

3321 316 3461 382 1058

183 425 299 493 τῆς
320 421 598 492 συμφυΐας
629 422 695 474 '9.
725 420 819 484 Τίς
843 418 952 490 γὰρ
976 418 1115 487 ἔγνω
1149 415 1266 478 πῶς
1299 415 1596 486 σαρκοῦται
1627 414 1777 481 Θεδς,

1885 416 2042 471 novit
2080 417 2360 487 quomodo
2397 418 2545 475 Deus
2581 419 2921 485 ineat-natur,
2956 429 3012 475 et
3050 430 3233 477 tamen
3278 439 3464 481 manet

183 514 295 567 καὶ
320 513 473 582 μένει
494 513 663 574 ἢεόςς
701 511 818 576 πῶς
854 511 1027 581 μένων
1056 510 1190 571 Θεὸς
1226 508 1455 579 ἀληθὴς,
1490 506 1776 576 ἄνθρωπός

188 603 404 674 (114
435 604 493 669 ὗ)
558 605 706 656 ἐστιν
756 602 1008 671 ἀληθής;
1075 600 1240 669 ἄμφω
1314 598 1528 660 δεικνὺς
1586 596 1777 650 ἑαυτὸν

188 692 421 761 ἀληθῶς
461 690 694 761 ὑπάρξει
737 693 965 759 φυσικῇ,
1006 690 1100 743 καὶ
1130 689 1196 740 δι’
1230 686 1500 758 ἐκατέρου
1526 685 1776 756 θάτερον,

188 783 295 838 καὶ
331 783 615 854 μηδετέρῳ
658 783 1017 852 τρεπόμενος.
1055 779 1240 832 Ταῦτα
1281 778 1417 849 μόνη
1454 777 1636 839 πίστις
1666 793 1778 847 χω-

190 879 305 948 ρεῖ,
357 879 483 946 σιγῇ
522 874 740 945 τιμῶσα
772 874 864 927 τὸν
896 874 1090 942 Λόγον,
1127 867 1337 934 οὗτινος
1368 873 1435 941 τῇ
1478 868 1640 938 φύσει
1668 868 1778 921 τῶν

183 968 367 1024 ὄντων
400 968 689 1038 ἐμπέφυκε
742 967 900 1035 λόγος
951 966 1149 1027 οὐδείς.
1186 984 1203 1016 ι
1241 962 1579 1032 Θεανδρικὴν
1636 981 1654 1014 ι
1695 961 1777 1025 δὲ,

180 1063 292 1131 οὐχ
318 1060 397 1123 ὡς
437 1060 639 1128 ἁπλῆν,
670 1059 796 1113 οὐδὲ
840 1059 1075 1129 πρᾶγμά
1114 1074 1168 1109 τι
1201 1054 1478 1120 σύνθετον,
1503 1054 1598 1107 καὶ
1625 1054 1659 1125 ἢ
1682 1054 1780 1125 μό-

179 1170 288 1223 νης
334 1153 551 1223 γυμνῆς
602 1150 747 1204 κατὰ
789 1150 950 1220 φύσιν
997 1146 1356 1218 θεύτητος,ἢ
1407 1145 1574 1217 μόνης
1614 1146 1779 1217 ψιλῆς

178 1246 555 1316 ὑπάρχουσαν
584 1243 1008 1313 ἀνθρωπὸτητος
1028 1282 1044 1305 ,
1073 1241 1107 1312 ἢ
1146 1238 1387 1309 συνθέτῳ
1419 1236 1581 1308 φύσει
1613 1236 1778 1291 τινῶν

176 1338 379 1409 ἄκρων
429 1336 742 1408 μεταιχμίῳ
798 1334 1183 1404 προσήκουσαν
1209 1371 1224 1396 ,
1279 1329 1396 1384 ἀλλ’
1449 1328 1777 1400 ἀνδρωθέντι

178 1429 332 1497 Θεῷ,
374 1429 625 1481 τουτέστι
658 1427 883 1489 τελείως
932 1424 1443 1495 ἐνανθρωπὴσαντι,
1501 1437 1776 1492 προσφυε-

182 1522 418 1589 στάτην.
455 1520 578 1573 Οὐδ’
630 1515 698 1572 αὖ
756 1518 919 1572 πάλιν
961 1517 1110 1587 μίαν,
1160 1515 1239 1577 ὡς
1286 1515 1386 1567 οὐκ
1417 1513 1483 1567 ἂν
1515 1513 1561 1544 ³⁰
1602 1512 1777 1577 ἄλλως

179 1614 453 1685 νοηθῆναι
503 1631 521 1666 ι
555 1613 653 1681 τῆς
687 1613 884 1680 καινῆς
917 1631 935 1661 ι
976 1608 1120 1663 καθά
1152 1624 1292 1659 τισιν
1318 1605 1517 1669 ἔδοξεν,
1544 1604 1575 1662 ἢ
1605 1622 1623 1654 ι
1648 1605 1776 1672 μιᾶς

177 1704 519 1775 δυναμένης·
559 1723 579 1757 ι
609 1703 898 1772 ποιότητος
947 1701 1078 1770 γὰρ,
1126 1698 1240 1751 ἀλλ’
1292 1697 1352 1749 οὐ
1399 1695 1696 1764 ποσότητος
1740 1694 1774 1763 ἡ

1881 508 2060 562 Deus?
2081 511 2362 579 quomodo
2388 520 2607 566 maneat
2630 513 2776 567 Deus
2792 527 2978 579 verus,
2999 523 3054 569 et
3078 530 3242 571 verus
3263 517 3458 580 homo,

1879 601 2179 656 ostendens
2205 618 2263 657 se
2286 619 2419 658 vere
2446 619 2570 659 esse
2596 612 2896 675 utrumque
2926 608 3163 676 naturali
3193 609 3463 664 exsisten-

1880 691 1978 757 tia,
1994 701 2052 747 et
2075 709 2171 762 per
2190 695 2516 750 alterutrum
2542 706 2836 767 utrumque
2862 698 2916 750 in
2942 708 3140 752 neutro
3161 700 3463 755 alteratus?

1879 781 2008 837 Haec
2052 783 2191 839 ﬁdes
2236 787 2353 841 sola
2401 788 2576 858 capit,
2615 789 2836 844 silentio
2875 804 3147 844 venerans
3185 791 3458 860 ‘Verbum,

1878 875 2040 943 cujus
2067 886 2279 933 natura;
2309 881 2461 934 nulla
2496 880 2551 934 in
2584 880 2753 935 rebus
2787 882 2990 935 creatis
3022 883 3202 935 oratio
3236 897 3463 953 respon-

1879 964 1994 1020 det.
2020 966 2379 1041 Θεανδρικὴν,
2413 993 2430 1018 σ
2468 971 2832 1036 dei-virilem,
2863 990 2881 1022 ›
2914 972 3148 1037 addidit,
3174 988 3285 1027 non
3315 975 3460 1043 quod

1880 1056 2152 1128 intelligat
2188 1060 2276 1121 vel
2320 1060 2625 1130 simplicem
2682 1063 3093 1132 operationem,
3154 1065 3240 1117 vel
3281 1065 3462 1134 reipsa

1879 1146 2264 1215 compositam,
2293 1164 2398 1204 nec
2437 1149 2621 1205 adhuc
2664 1166 2787 1205 eam
2826 1167 2948 1221 quae
2987 1152 3159 1207 solius
3192 1153 3466 1222 nudaeque

1877 1243 2026 1291 esset
2058 1235 2309 1303 deitatis,
2336 1249 2433 1296 aut
2465 1241 2638 1296 solius
2670 1250 2727 1317 et
2756 1257 2921 1298 mera:
2952 1244 3341 1312 humanitatis,
3368 1253 3467 1299 aut

1877 1336 2160 1396 postremo
2191 1338 2405 1386 naturas
2437 1334 2725 1404 cujusdam
2759 1336 3100 1405 compositae,
3127 1350 3250 1406 quae
3283 1337 3464 1391 media

1876 1427 2024 1474 esset
2059 1419 2205 1475 inter
2235 1420 2348 1477 duo
2386 1433 2633 1479 extrema
2671 1445 2684 1479 :
2720 1426 2817 1481 sed
2855 1441 2975 1481 eam
3010 1442 3133 1498 qua).
3164 1428 3463 1484 naturalis-

1876 1508 2014 1565 sitne
2040 1519 2383 1581 competeret
2407 1515 2522 1569 Deo
2552 1516 2933 1581 inhumanato,
2960 1518 3065 1572 hoc
3097 1528 3184 1574 est
3211 1520 3307 1588 qui
3338 1534 3465 1589 per-

1876 1596 2019 1653 lecte
2044 1599 2223 1656 factus
2277 1611 2365 1657 est
2417 1605 2605 1660 homo.
2646 1607 2862 1662 Rursus
2921 1624 3085 1662 unam
3138 1609 3309 1673 dixit,
3350 1624 3464 1663 non

1878 1695 2061 1747 tamen
2095 1692 2170 1747 ita
2196 1708 2262 1749 ac
2287 1694 2333 1748 si
2384 1711 2528 1751 nova
2559 1716 2578 1747 ι
2609 1700 2859 1769 operatio
2882 1715 2990 1754 non
3019 1709 3207 1769 posset
3228 1701 3462 1770 intelligi

184 1759 206 1848 ᾇ
263 1759 553 1866 καινότηςο
614 1813 633 1845 ι
689 1759 815 1847 ἐπεὶ
866 1759 1163 1861 καίφόσιν
1198 1789 1257 1856 ἐξ
1312 1788 1558 1858 ἀνάγκης
1589 1759 1773 1855 ’ἐαυτῇ

1880 1783 1987 1839 nisi
2017 1799 2138 1853 per,
2165 1802 2355 1852 unam,
2389 1807 2408 1839 ι
2440 1797 2503 1843 ιιι
2527 1793 2811 1846 nonnullis
2840 1793 3051 1862 placet;
3085 1809 3209 1847 nam
3237 1794 3304 1849 ad
3328 1808 3464 1863 qua-

177 1885 499 1953 συνεισάξει
530 1886 791 1957 τοιαύτην
814 1901 829 1917 θ
890 1882 1053 1954 εἴπερ
1085 1882 1267 1949 πάσης
1323 1879 1542 1948 φύσεως
1590 1878 1717 1948 ὅρος
1747 1877 1778 1931 6

183 1976 283 2049 τῆς
318 1975 617 2038 οὑσιὼδους
651 1974 823 2043 αὐτῆς
848 1970 1129 2041 ἐνεργείας
1163 1967 1469 2037 καθέστηκε
1499 1964 1677 2032 λόγος,
1707 1962 1777 2033 ἢν

186 2066 249 2121 οὐ
276 2066 477 2133 διπλῆν
519 2064 561 2095 ⁸⁸
596 2063 743 2116 εῐποι
797 2062 843 2092 ³⁸
896 2060 1014 2113 ποτ’
1062 2058 1128 2113 ἂν
1177 2055 1539 2127 τραγελάφων
1585 2051 1778 2123 μύθοις

193 2156 665 2227 φιλοτιμούμενος.
735 2152 863 2214 Πῶς
921 2151 976 2204 δὲ
1035 2151 1131 2203 καὶ
1186 2148 1377 2201 τούτου
1440 2144 1687 2206 δοθέντος
1748 2144 1778 2197 6

187 2247 349 2301 τοῦτο
392 2244 658 2314 πεφυκὼς
713 2244 845 2313 μίαν
892 2241 1032 2311 ἔχων
1080 2239 1384 2308 ἐνέργειαν,
1415 2235 1512 2290 καὶ⁸
1566 2233 1777 2305 ταύτην

186 2339 462 2410 φυσικὴν,
510 2336 815 2390 ἐπιτελέσει
865 2337 932 2402 τῇ
976 2333 1115 2403 αὐτῇ
1147 2330 1219 2384 τὰ
1269 2328 1523 2399 θαύματα
1564 2326 1661 2382 καὶ⁸
1706 2325 1776 2383 τὰ

184 2430 362 2501 πάθη,
394 2430 541 2498 λόγῳ
576 2427 795 2497 φύσεως
834 2424 1080 2494 ἀλλήλων
1110 2421 1460 2491 διαφέροντα,
1488 2419 1612 2489 δίχα
1653 2434 1777 2471 css-

184 2525 403 2596 ρήσεως
432 2517 950 2590 ἐπισυμϐαινούσης
986 2518 1052 2587 τῇ
1081 2512 1405 2582 ἁπογενέσει
1439 2510 1541 2580 τῆς
1566 2509 1772 2576 ἐξεωςς

184 2615 356 2668 Οὐδὲν
380 2613 491 2682 γὰρ
536 2612 645 2664 τῶν
673 2610 844 2664 ὄντων
877 2609 976 2678 μιᾷ
1007 2607 1101 2660 καὶ
1126 2607 1192 2675 τῇ
1224 2604 1363 2674 αὐτῇ
1397 2603 1649 2672 ἐνεργείᾳ
1676 2601 1777 2654 τά-

186 2707 379 2760 ναντία
411 2704 628 2773 πέφυκε
675 2702 828 2772 δρᾷν,
863 2701 975 2771 ὅρῳ
1008 2715 1067 2751 τε
1115 2689 1213 2751 καὶ
1239 2696 1384 2766 λόγῳ
1417 2694 1775 2763 συνεχόμενον

187 2800 425 2865 φύσεως.
473 2797 568 2850 Διὸ
619 2795 750 2866 μίαν
800 2791 986 2854 ἁπλῶς
1031 2790 1065 2861 ἢ
1110 2787 1346 2858 φυσικὴν
1396 2787 1488 2839 ἐπὶ
1536 2783 1773 2856 Χριστοῦ

186 2895 447 2962 θεότητος
479 2891 574 2943 καὶ
604 2888 809 2961 σαρκὸς
842 2884 1129 2954 ἐνέργειαν
1156 2882 1338 2950 λέγειν
1375 2879 1435 2932 οὐ
1481 2877 1661 2949 θέμις,
1693 2877 1773 2928 εἷ-

186 3005 253 3040 πε
262 3005 294 3058 ρ
315 2987 388 3057 μὴ
414 2984 610 3039 ταυτὸν
640 2982 886 3051 ποιότητι
908 2977 1112 3048 φυσικῇ
1143 2974 1336 3043 θεότης
1354 2972 1448 3024 καὶ
1473 2970 1631 3041 σὰρξ,
1652 2968 1774 3021 ἐπεὶ

184 3082 283 3134 κει-ι
310 3077 495 3146 φύσιν,
525 3077 622 3129 καὶ
647 3076 939 3165 γενήσεται
966 3067 1165 3165 τετρὰς
1211 3064 1466 3165 3(115
1498 3064 1555 3165 α)
1588 3062 1771 3165 τριόιςἰ
1799 3107 1843 3165 c

186 3168 323 3224 οὔτε
360 3168 469 3238 γὰρ
492 3166 635 3219 κατὰ
665 3162 849 3233 φύσιν,
880 3158 1007 3214 οὔτε
1035 3155 1181 3238 κατὰ
1207 3155 1461 3224 δύναμιν,
1496 3152 1620 3208 οὔτε
1649 3152 1771 3206 κατ’

185 3262 495 3332 ἐνέργειαν,
523 3258 720 3329 γέγονε
749 3252 976 3315 ταυτὸν,
1009 3250 1164 3321 φησὶ,
1192 3251 1258 3319 τῇ
1291 3246 1456 3318 σαρκί
1483 3244 1550 3300 ³³.
1586 3244 1775 3298 Οὐδενὶ

187 3351 291 3422 γὰρ
334 3344 379 3417 ᾧ
442 3348 687 3417 πέφυκεν
741 3341 885 3396 εἶναι
923 3342 1013 3395 διὰ
1056 3340 1158 3411 τὴν
1211 3338 1345 3409 μίαν
1376 3337 1566 3390 οὐσίαν
1597 3335 1776 3406 Πατρὶ

188 3443 281 3495 καὶ
303 3439 583 3509 Πνεύματι
608 3435 803 3489 ταυτὸν
835 3433 863 3484 6
901 3431 1049 3492 Υἱὸς,
1076 3428 1268 3497 γέγονε
1296 3425 1492 3479 ταυτὸν
1517 3428 1583 3495 τῇ
1613 3423 1777 3495 σαρκὶ⁵

184 3535 272 3591 διὰ
301 3534 403 3604 τὴν
429 3532 648 3593 ἐνωσιν,
685 3525 788 3580 κᾶν
820 3524 1124 3593 πεποίηκεν
1150 3518 1324 3590 αὐτὴν
1343 3516 1609 3582 ζωοποιὸν
1641 3513 1773 3568 ἐνώ-

188 3642 272 3679 σει
299 3628 371 3696 τῇ
403 3621 540 3693 πρὸς
582 3618 767 3683 αὑτὸν,
793 3616 1026 3687 ἔχουσαν
1063 3611 1127 3664 τὸ
1159 3608 1320 3680 φύσει
1359 3608 1575 3679 θνητόν.
1623 3604 1777 3658 Ἐπεὶ

186 3719 284 3771 καὶ
322 3714 566 3786 τρεπτῆς
605 3710 870 3780 ὑπάρχων
906 3702 1251 3775 δειχθήσεται
1287 3700 1525 3769 φύσεως,
1559 3697 1653 3751 καὶ
1675 3697 1776 3769 τὴν

185 3808 380 3863 οὐσίαν
418 3806 517 3876 τῆς
561 3801 765 3873 σαρκὸς
806 3800 887 3862 εἰς
931 3797 1070 3867 ὅπερ
1096 3795 1197 3847 οὐκ
1224 3788 1293 3864 ἦν
1323 3790 1646 3855 ἀλλοιώσας,
1680 3789 1776 3842 καὶ

193 3900 396 3954 ταυτὸν
432 3892 752 3964 πεποιηκὼς
806 3892 873 3962 τῇ
923 3888 1082 3958 φύσει
1128 3886 1228 3955 τὴν
1274 3884 1492 3937 ἐνωσιν.
1524 3882 1636 3952 Τὴν
1666 3880 1777 3952 γὰρ

188 3986 519 4059 θεανδρικὴν
572 3983 880 4054 ἐνέργειαν,
915 3978 991 4041 ὡς
1041 3974 1281 4044 ἀπεδόθη
1346 3973 1655 4043 νοήσωμενο
1709 3973 1777 4041 ἢν

185 4088 324 4157 ἡμῖν
357 4085 458 4154 οὐχ
492 4078 670 4151 ἐαυτῴ
689 4073 1156 4143 πολιτευσάμενος
1187 4070 1285 4138 τὴν
1310 4067 1472 4134 φύσιν
1506 4068 1617 4129 τοῖς
1633 4065 1776 4157 ὑπὲρ

189 4177 361 4248 φύσιν
398 4175 641 4229 ἐκαίνισε
662 4171 730 4225 ³⁵.
768 4166 1022 4223 Πολιτεία
1061 4164 1171 4234 γάρ
1213 4163 1332 4214 ἐστι
1366 4160 1479 4231 βίος
1515 4157 1658 4212 κατὰ
1685 4157 1776 4211 νό-

190 4284 296 4339 μον
360 4264 576 4334 φύσεως
630 4258 1038 4329 διεξαγόμενος.
1110 4251 1345 4315 Διπλοῦς
1394 4250 1450 4302 δὲ
1487 4248 1564 4302 ὢν
1598 4248 1643 4280 ³⁸
1669 4248 1770 4318 τὴν

188 4358 359 4427 φύσιν
385 4357 415 4409 6
441 4354 666 4427 Κύριος,
700 4352 926 4413 εἰκότως
960 4348 1074 4419 βίον
1114 4344 1255 4417 ἔχων
1304 4341 1480 4412 ἐφάνη
1507 4339 1777 4410 κατάλληο

1878 1870 2112 1938 litatem,
2136 1891 2249 1932 non
2274 1892 2407 1932 vero
2441 1880 2511 1933 ad
2540 1883 2904 1949 quantitatem
2941 1885 3216 1954 καινότης,
3248 1905 3267 1937 σ
3304 1885 3463 1939 inno—
3495 1915 3510 1929 -

1877 1963 2059 2029 vatio,
2092 1985 2110 2016 ι
2148 1968 2420 2036 pertinet,
2445 1973 2707 2040 quoniam
2740 1984 2996 2028 naturam
3030 1977 3346 2031 necessario
3378 1976 3464 2031 in-

1878 2053 2034 2111 ducit
2061 2057 2261 2123 talem;
2291 2074 2419 2113 nam
2444 2061 2627 2115 omnis
2655 2070 2866 2118 naturae
2888 2063 3137 2120 deﬁnitio
3161 2067 3370 2135 petitur
3392 2066 3464 2120 ab

1877 2149 1998 2218 ejus
2025 2149 2340 2205 cssentialis
2363 2152 2706 2219 operationis
2731 2154 2965 2218 ratione,
2993 2170 3155 2224 quam
3183 2156 3463 2226 duplicem

1876 2254 2000 2301 esse
2030 2255 2101 2295 ne
2135 2239 2185 2295 is
2209 2241 2433 2310 quidem
2467 2243 2669 2298 dixerit
2696 2245 2788 2314 qui
2827 2246 3274 2315 tragelaphorum
3308 2247 3466 2302 fabu-

1877 2330 1963 2387 las
1988 2334 2358 2402 amplectitur.
2387 2335 2523 2398 lmo,
2552 2335 2657 2390 hoc
2683 2336 2834 2402 dato,
2867 2338 2993 2392 talis
3013 2338 3109 2408 qui
3138 2338 3326 2405 fuerit,
3357 2354 3465 2394 una

1878 2431 2094 2479 tantum
2133 2426 2476 2495 operatione,
2507 2442 2683 2497 eaque
2725 2429 2964 2483 naturali
3006 2429 3291 2499 praeditus,
3321 2446 3465 2500 quo-

1877 2514 2044 2570 modo
2085 2531 2187 2586 per
2220 2532 2343 2571 eam
2384 2523 2440 2572 et
2482 2517 2747 2573 miracula
2783 2527 2839 2573 et
2875 2520 3159 2588 passiones
3194 2521 3461 2588 ostendit,

1877 2622 2116 2677 quorum
2142 2600 2287 2664 ratio
2315 2609 2647 2665 natural-iter
2673 2610 2909 2665 multum
2943 2610 3161 2667 diversa
3194 2622 3300 2679 est,
3328 2614 3463 2682 quin

1878 2697 2100 2754 habitus
2145 2698 2560 2769 corruptionem
2603 2698 2842 2768 privatio
2885 2709 3277 2770 consequatur.
3310 2701 3461 2755 Nihil

1876 2790 2025 2845 enim
2057 2800 2144 2846 est
2174 2790 2323 2860 quod
2354 2806 2465 2865 una
2497 2787 2804 2860 eademque
2830 2792 3153 2860 operatione
3183 2794 3463 2848 contraria

1877 2890 2062 2953 potest
2087 2882 2325 2948 etlicere,
2359 2883 2405 2938 si
2445 2891 2665 2938 maneat
2694 2883 2838 2938 intra
2877 2900 2989 2938 suae
3024 2894 3234 2942 natura
3270 2888 3462 2942 termi-
3500 2928 3501 2931 η

1877 2990 2010 3029 num
2045 2983 2103 3029 et
2129 2974 2419 3029 rationem.
2449 2973 2797 3044 Quapropter
2826 2991 2936 3029 non
2965 2984 3052 3031 est
3080 2975 3163 3031 fas
3190 2975 3461 3032 aﬂirmare

1878 3064 1947 3119 de
1978 3064 2184 3120 Christi
2217 3064 2422 3123 deitate
2451 3074 2508 3119 et
2538 3080 2703 3119 carne
2734 3080 2899 3119 unam
2931 3065 3254 3136 simpliciter
3276 3076 3333 3122 et
3359 3083 3460 3121 na-

1878 3158 2116 3213 turalem
2143 3158 2547 3227 operationem,
2578 3158 2625 3212 si
2661 3158 2827 3212 modo
2863 3158 3007 3213 idem
3041 3175 3152 3213 non
3188 3159 3258 3215 sit
3278 3167 3463 3230 penes

1877 3248 2199 3319 qualitatem
2251 3251 2557 3305 naturalem
2609 3248 2790 3303 deitas
2839 3258 2895 3303 et
2945 3265 3095 3305 caro.
3146 3250 3262 3306 Hoc
3311 3252 3461 3305 enim

1875 3348 2036 3409 pacto
2058 3347 2114 3393 et
2137 3354 2300 3394 unam
2326 3347 2582 3394 naturam
2607 3337 3021 3405 aﬂirmabimus,
3043 3348 3100 3395 et
3123 3340 3345 3395 trinitas
3368 3340 3464 3396 ﬁet

1876 3431 2238 3500 quaternitas.
2266 3429 2439 3485 Filius
2466 3429 2611 3484 enim
2648 3430 2794 3486 idem
2826 3441 2947 3486 erat
2975 3431 3119 3485 Patri
3151 3439 3207 3486 et
3231 3431 3465 3500 Spiritui

1875 3537 1977 3593 per
2001 3523 2268 3577 unitatem
2299 3522 2575 3587 essentiae,
2603 3521 2701 3576 sed
2728 3537 2839 3575 non
2871 3521 2976 3576 fuit
3004 3522 3152 3578 idem
3182 3522 3332 3576 carni
3364 3538 3469 3592 per

1876 3613 2162 3681 unionem,
2186 3615 2404 3675 etiamsi
2425 3612 2700 3669 viviﬁcam
2730 3630 2851 3669 eam
2875 3614 3027 3677 fecit,
3053 3629 3178 3668 cum
3208 3630 3328 3668 eam
3356 3614 3464 3669 sibi

1876 3706 2088 3772 u'niret;
2124 3706 2319 3762 habuit
2348 3706 2498 3760 enim
2529 3721 2595 3761 ea
2630 3705 2687 3759 in
2721 3721 2780 3761 se
2810 3706 2991 3760 adhuc
3023 3705 3309 3759 mortalem
3345 3719 3467 3760 sor-

1877 3805 2008 3852 tem.
2035 3796 2104 3851 Et
2126 3796 2243 3866 ipse
2272 3795 2535 3865 Christus
2563 3804 2774 3851 natura:
2801 3794 3084 3850 mutabilis
3107 3794 3278 3850 fuisse
3306 3810 3467 3864 repe-

1877 3888 2084 3952 rietur;
2118 3886 2285 3942 etiam
2313 3887 2497 3942 carnis
2527 3886 2827 3942 essentiam
2854 3886 2910 3940 in
2943 3886 2996 3940 id
3028 3885 3175 3956 quod
3205 3901 3313 3940 non
3343 3896 3466 3941 erat

1878 3980 2136 4043 mutavit,
2161 3990 2221 4035 et
2250 3980 2509 4034 unionem
2544 3996 2668 4033 cum
2704 3989 2905 4034 natura
2943 3978 3244 4033 identidem
3281 3979 3469 4033 conci-

1877 4070 2052 4126 liavit.
2075 4070 2513 4127 Considercmus
2530 4071 2681 4125 enim
2704 4069 3035 4125 dei-virilem
3064 4069 3465 4138 operationem,

1878 4160 2059 4230 qualis
2100 4161 2386 4231 apparuit;
2431 4169 2582 4216 certe
2624 4175 2738 4214 non
2778 4158 2897 4225 sui,
2931 4157 3028 4213 sed
3072 4158 3247 4214 nostri
3291 4159 3475 4228 gratia

1878 4250 1972 4307 hic
2008 4259 2265 4307 versatus
2305 4258 2420 4315 est,
2458 4258 2823 4319 naturamque
2874 4248 2942 4303 ad
2993 4249 3469 4317 supernaturalem

1879 4339 2257 4398 conditionem
2290 4341 2494 4397 evexit.
2523 4340 2641 4396 Jam
2680 4339 2873 4410 politia
2906 4348 2991 4394 est
3022 4340 3130 4393 vita
3164 4338 3471 4394 secundum

184 4449 304 4514 λον,
341 4448 493 4518 νόμῳ
522 4463 583 4499 τε
613 4445 743 4515 θείῳ
786 4445 882 4496 καὶ
927 4437 1278 4511 ἀνθρωπίνῳ,
1321 4434 1463 4487 κατὰ
1500 4431 1698 4486 ταυτὸν
1729 4432 1776 4463 ³⁸

1880 4441 2095 4489 natum
2128 4433 2280 4504 leges
2314 4432 2600 4497 traducta;
2638 4440 2695 4486 et
2726 4430 2982 4486 Christus
3016 4438 3212 4483 natura
3247 4436 3332 4483 est
3359 4429 3471 4483 du-

186 4538 517 4609 ἀσυγχύτως
546 4533 1083 4604 συγκεκροτημένονο
1116 4527 1303 4581 καινὸν
1340 4525 1437 4578 καὶ
1454 4522 1641 4585 αὑτὸν,
1675 4523 1778 4594 οὐχ

190 4630 269 4693 ὡς
305 4628 469 4700 μόνον
522 4626 672 4692 ξένον
716 4627 831 4687 τοῖς
881 4622 976 4675 ἐπὶ
1026 4620 1132 4689 γῆς
1185 4618 1281 4671 καὶ
1315 4614 1641 4687 παράδοξον,
1683 4614 1778 4668 καὶ

192 4716 349 4769 οὔπω
391 4718 457 4786 τῇ
498 4713 658 4784 φύσει
714 4710 822 4765 τῶν
855 4710 1029 4763 ὄντων
1058 4705 1479 4775 διεγνωσμένον,
1509 4702 1779 4766 ἀλλὰκαὶ

192 4807 524 4880 χαρακτῆρα
552 4806 745 4875 καινῆς
768 4802 865 4856 τοῦ
895 4800 1099 4864 καινῶς
1132 4798 1433 4870 βιώσαντος
1473 4795 1776 4866 ἐνεργείας.

199 4900 307 4953 Ἦν
340 4896 663 4970 θεανδρικὴν
708 4897 867 4967 τυχὸν
900 4893 1342 4966 προσηγόρευσεν
1379 4891 1407 4942 6
1458 4887 1536 4958 τῷ
1576 4904 1783 4957 μυστη-

196 4990 303 5064 ρίῳ
335 4989 511 5061 τούτῳ
550 4990 748 5058 κλῆσιν
802 4989 1097 5057 ἐπινοήσας
1150 4982 1432 5056 ἁρμόδιον,
1483 4980 1570 5033 ἵνα
1633 4976 1786 5051 δείξῃ

193 5083 288 5138 τὸν
323 5082 466 5137 κατὰ
489 5082 587 5154 τὴν
608 5081 924 5152 ἀπόρρητον
950 5076 1150 5130 ένωσιν
1178 5074 1280 5142 τῆς
1305 5071 1631 5134 ἀντιδόσεως
1658 5069 1787 5141 τρό-

194 5192 324 5242 πον,
384 5175 506 5229 κατ’
544 5173 862 5243 ἐπαλλαγὴν
907 5171 979 5225 τὰ
1030 5165 1276 5239 φυσικῶς
1321 5165 1569 5234 ἐκατέρῳ
1629 5162 1787 5232 μέρει

168 5268 294 5333 ,τοῦ
332 5266 573 5341 Χριστοῦ
623 5265 897 5337 προσόντα
927 5263 1143 5332 θατέρῳ
1170 5256 1565 5327 πεποιημένον,
1611 5253 1785 5325 χωρὶς

192 5360 299 5433 τῆς
339 5361 605 5430 ἐκατέρου
639 5357 838 5429 μέρους
876 5353 1012 5425 πρὸς
1056 5350 1291 5421 θάτερον
1324 5345 1470 5401 κατὰ
1503 5345 1595 5398 τὸν
1622 5343 1784 5414 φύσει

1881 4526 2010 4597 plex
2036 4542 2051 4578 :
2077 4525 2278 4580 merito
2303 4524 2473 4595 igitur
2494 4524 2665 4578 vitam
2689 4537 2844 4578 suam
2871 4519 3114 4577 ostendit
3136 4517 3241 4589 legi
3268 4518 3473 4575 divinat

1884 4626 1942 4672 et
1967 4617 2075 4688 legi
2106 4617 2362 4671 humanae
2389 4604 2809 4686 congruentem,
2838 4621 2896 4668 et
2921 4612 2991 4667 ad
3023 4621 3317 4680 utramque
3348 4611 3471 4667 sine

1886 4707 2215 4764 confusione
2239 4713 2728 4776 contemperatam.
2752 4704 2903 4759 Nova
2926 4704 3037 4758 vita
3065 4702 3188 4762 fuit,
3210 4716 3323 4756 non
3354 4711 3475 4757 tan-

1887 4808 2009 4854 tum
2037 4799 2316 4870 incognita
2341 4806 2397 4853 et
2421 4799 2562 4853 mira
2585 4811 2780 4853 eorum
2812 4802 3068 4866 respectu
3099 4793 3192 4864 qui
3223 4793 3279 4848 in
3310 4794 3475 4849 terris

1888 4899 2023 4946 tunc
2070 4899 2230 4946 erant
2274 4898 2332 4945 et
2377 4890 2563 4944 adhuc
2613 4902 2798 4944 rerum
2846 4895 3049 4941 natura
3098 4884 3476 4955 incomperta,

1885 4996 2084 5035 verum
2120 4980 2286 5035 etiam
2325 4980 2589 5050 quoniam
2629 4980 2916 5035 character
2945 4988 3067 5034 erat
3097 4993 3253 5033 nova:
3286 4979 3476 5046 cujus-

1887 5070 2016 5125 dam
2051 5070 2413 5142 operationis,
2446 5073 2567 5141 ejus
2598 5072 2691 5142 qui
2729 5088 2872 5126 novo
2906 5072 3014 5124 ritu
3047 5069 3289 5124 vivebat.
3324 5068 3477 5123 lianc

1883 5160 2029 5216 forte
2059 5161 2155 5232 qui
2187 5161 2402 5230 primus
2431 5162 2561 5215 huic
2596 5165 2855 5232 mysterio
2888 5161 3310 5230 appellationem
3346 5174 3475 5213 con-

1884 5253 2202 5309 venientem
2223 5254 2572 5325 excogitavit,
2595 5274 2613 5305 ι
2636 5254 2968 5308 dei-virilem
2994 5272 3011 5302 ι
3039 5251 3274 5313 dixit,ut
3290 5258 3479 5304 osten-

1885 5343 2047 5400 deret
2089 5344 2318 5399 modum
2362 5345 2516 5399 illum
2553 5343 3069 5399 communirationis
3112 5341 3168 5394 in
3208 5340 3473 5395 ineil‘ahili

1471 5476 1713 5533 VARIA‘I
1754 5477 2163 5536 LECTIONES.

268 5586 317 5619 "
375 5585 682 5655 συμφυείας
727 5581 852 5655 ed._
881 5579 1008 5655 Gal.
1058 5577 1161 5655 Uti
1186 5583 1540 5655 constanter.
1606 5571 1670 5655 "°
1720 5572 1799 5635 ὡς
1854 5570 1961 5626 κᾶν
2002 5571 2091 5655 ed.
2143 5571 2263 5655 Gal.
2376 5570 2517 5655 "of:
2544 5569 2741 5655 διπλῆν
2777 5568 2869 5655 ed.
2906 5565 3188 5655 .Gall‘.Jov‘..-5ﬁ
3221 5562 3478 5655 ἐφέστηκε

199 5656 329 5711 cod.
356 5634 514 5710 6&3}
540 5634 1033 5723 ῖίὲὲπῇέάυβειι.
1060 5718 1074 5723 _
1117 5648 1163 5680 ³³
1186 5641 1535 5723 Χοιιιηιοθτε
1557 5641 1668 5723 γὰρ
1684 5634 1859 5723 -ηές-
1889 5668 1964 5682 -
1987 5644 2053 5713 τῇ
2076 5642 2250 5711 σαρκὶ
2282 5656 2394 5695 non
2423 5634 2746 5708 comparent
2775 5638 2830 5692 in
2853 5638 2943 5693 ed.
2969 5636 3087 5693 Gal.
3145 5635 3190 5668 ³³
3219 5634 3477 5703 ἐκαίνησε

200 5726 296 5784 ed.
328 5724 445 5781 Gal.

545 5724 591 5756 ³⁸
609 5724 685 5778 ὢν
717 5709 828 5777 diu.
858 5719 947 5777 ed.
980 5718 1099 5775 Gal.
1186 5717 1232 5749 '°
1263 5717 1382 5769 κατ’
1415 5712 1581 5766 αὐτὸν
1602 5709 1692 5766 ed.
1738 5711 1860 5769 Gal.
