3998 6448
522 329 660 394 1059

1677 327 1737 389 S.
1775 323 2067 388 MAXIMI
2105 319 2616 385 CONFESSORIS

3743 310 3864 379 1060

518 437 746 498 unione,
772 435 865 506 qui
897 435 1028 490 facit
1055 443 1116 490 ut
1138 435 1383 492 vicissim
1408 433 1774 506 prOprietates
1797 431 2100 494 naturales,

2222 429 2368 496 λόγον
2414 429 2721 502 μεταϐολῆς
2777 428 2872 482 καὶ
2922 429 3334 500 συμφύρσεως
3382 423 3462 478 ’⁷ο
3509 423 3748 492 Ὦδπερ
3772 426 3871 496 γὰρ

517 541 642 596 qua:
665 527 826 581 alteri
847 526 1055 582 Christi
1081 527 1227 596 parti
1266 527 1632 591 conveniunt,
1658 525 1771 580 sint
1791 525 2104 594 utriusque,

520 616 729 686 absque
765 625 947 671 tamen
987 618 1138 672 illius
1167 617 1342 688 partis
1374 633 1500 672 cum
1533 617 1658 682 hac,
1683 629 1856 686 penes
1884 621 2110 668 natura-

521 709 627 764 lem
659 709 954 774 rationem,
981 711 1389 780 permutatione
1413 717 1511 765 aut
1536 707 1882 764 confusione.
1906 706 2112 774 Quem-

521 801 819 855 admodum
876 802 1023 855 enim
1078 801 1133 855 in
1184 801 1365 872 gladio
1414 801 1588 872 ignito
1642 797 1869 855 secandi
1918 798 2006 854 vis
2051 795 2114 852 ﬁt

523 891 692 957 ustio,
721 899 779 947 et
811 892 956 947 ustio
984 892 1232 947 vicissim
1265 891 1491 947 secandi
1521 890 1609 947 vis
1644 891 1791 962 (nam
1827 889 1971 946 sicut
1999 888 2114 960 gla-

522 983 617 1038 dio
645 983 810 1054 ignis,
841 983 916 1038 ita
947 993 1003 1038 et
1027 983 1196 1054 gladii
1220 983 1449 1049 actioni,
1476 998 1584 1054 qua
1617 991 1790 1047 secat,
1815 979 2006 1036 unitur
2026 978 2114 1034 vis

523 1074 668 1148 ignis
709 1091 834 1145 quae
877 1076 1006 1140 urit,
1041 1091 1250 1154 perque
1299 1075 1565 1131 unionem
1607 1074 1752 1130 hanc
1798 1080 1856 1129 et
1897 1071 2114 1144 gladius

524 1167 865 1222 nanciscitur
920 1167 1124 1222 urendi
1177 1169 1486 1234 actionem,
1529 1175 1587 1222 et
1632 1166 1777 1236 ignis
1829 1161 2110 1235 secandi).

523 1268 786 1313 neutrum
824 1270 1008 1314 tamen
1044 1275 1113 1314 ex
1145 1259 1251 1314 hac
1283 1258 1491 1314 unione
1523 1265 1580 1313 et
1609 1253 2113 1312 communicatione

525 1351 766 1421 aliquam
823 1353 1032 1421 patitur
1092 1339 1572 1416 immutationem,
1624 1349 1722 1404 sed
1776 1355 2111 1416 utrumque,

524 1443 695 1498 etiam
722 1443 778 1497 in
807 1442 898 1496 illa
925 1444 1149 1507 unione,
1178 1443 1234 1498 in
1263 1459 1372 1512 qua
1400 1450 1550 1498 certa
1579 1442 1831 1512 quaedam
1858 1449 1944 1497 est
1965 1455 2116 1496 com-

525 1536 900 1606 positi'ratio,
931 1536 1242 1591 naturalem
1285 1535 1390 1590 sibi
1429 1541 1614 1590 servat
1652 1532 2052 1604 proprietatem
2097 1547 2112 1584 :

526 1628 642 1696 pari
688 1627 902 1682 ratione
947 1636 1004 1682 et
1049 1628 1105 1681 in
1148 1625 1416 1698 mysterio
1462 1632 1668 1680 sancta:
1713 1619 2116 1678 incarnationis

525 1717 704 1772 deitas
748 1728 805 1772 et
847 1717 1164 1795 humanitas
1210 1717 1488 1774 liniuntur
1525 1714 1901 1788 hypostatice,
1939 1712 2017 1768 ita
2054 1719 2118 1767 ut

525 1818 721 1864 neutra
744 1810 960 1864 amittat
979 1823 1078 1878 per
1099 1807 1362 1872 unionem
1380 1807 1690 1862 naturalem
1713 1803 2116 1875 Operationem,

523 1910 580 1955 et
607 1913 791 1957 tamen
819 1901 1081 1956 distincta
1111 1902 1182 1957 sit
1208 1901 1278 1956 ab
1300 1917 1365 1956 ea
1391 1915 1515 1970 qua:
1539 1914 1650 1953 una
1675 1912 1865 1953 secum
1891 1897 2122 1966 conjun-

524 1995 673 2065 gitur
705 2003 762 2049 et
796 1994 1071 2049 consistit.
1104 1993 1230 2047 Toti
1271 1991 1546 2061 siquidem
1585 1989 1788 2044 divina:
1825 1995 1882 2044 et
1911 1986 2120 2042 ellicaci

525 2085 788 2154 potestati
829 2099 943 2138 sua:
981 2083 1210 2139 deitatis
1244 2082 1478 2137 verbum
1519 2081 1866 2136 incarnatum
1902 2079 2117 2144 nexuit,

529 2193 627 2246 per
653 2177 1080 2246 inseparabilem
1111 2177 1399 2238 unionem,
1425 2173 1787 2229 humanitatis
1811 2187 1926 2228 sua:
1947 2171 2123 2243 passi-

528 2266 696 2320 bilem
729 2264 1138 2331 conditionem,
1172 2265 1338 2319 homo
1371 2264 1518 2318 Deus
1549 2263 1824 2318 exsistens
1854 2260 2122 2316 miracula

529 2357 812 2427 patrabat,
877 2357 934 2410 in
979 2371 1149 2412 carne
1202 2365 1404 2410 natura
1442 2362 1544 2409 sua
1582 2351 1880 2424 passibili:
1923 2366 2123 2408 rursus

528 2447 676 2502 Deus
707 2447 982 2502 exsistens
1011 2447 1179 2501 homo
1203 2455 1414 2501 naturas
1445 2445 1737 2516 passiones
1764 2443 2008 2510 subibat,
2041 2442 2121 2498 ita

527 2553 710 2596 tamen
763 2547 824 2592 ut
865 2546 1150 2594 constaret
1198 2554 1294 2594 eas
1346 2553 1447 2609 per
1491 2543 1824 2608 potestatem
1873 2535 2120 2592 divinam

528 2632 682 2686 illum
708 2630 1159 2697 administrasse;
1195 2630 1308 2686 imo
1331 2631 1515 2702 potius
1539 2639 1838 2700 utrumque
1861 2629 2121 2702 praestitit

527 2723 884 2795 θεανδρικῶς,
913 2724 1062 2780 Deus
1105 2723 1298 2793 utique
1337 2724 1502 2780 simul
1545 2733 1603 2779 et
1639 2723 1809 2778 homo
1845 2729 1984 2778 erat.
2015 2722 2121 2778 Per

527 2813 815 2884 passiones
843 2815 1216 2884 nosmetipsos
1245 2814 1430 2882 nobis,
1455 2815 1648 2884 quales
1681 2828 1904 2868 eramus
1933 2810 2122 2868 reddi-

526 2906 630 2972 dit,
656 2922 756 2976 per
781 2905 1052 2962 miracula
1079 2921 1183 2960 nos
1209 2907 1316 2962 sibi
1351 2905 1600 2970 tradidit,
1628 2904 1676 2960 si
1705 2904 1879 2960 simus
1903 2903 1972 2959 ad
1999 2903 2122 2976 ejus

527 2997 808 3066 exemplar
837 2995 1174 3061 confer-mes,
1197 3005 1256 3051 et
1286 3011 1388 3066 per
1417 3008 1656 3066 utraque
1683 2995 1851 3050 ﬁdem
1881 2993 2018 3050 fecit
2049 2993 2122 3048 de

2211 516 2306 572 τοῦ
2338 518 2800 590 πυρακτωθέντος
2829 516 3017 588 ξίφους
3046 519 3110 572 τὸ
3151 513 3490 588 τμητικὸν
3520 513 3733 583 γέγονε
3761 531 3881 569 καυ-

2213 611 2432 676 στικὺν,
2471 611 2568 664 καὶ
2621 610 2682 666 τὸ
2727 611 3026 665 καυστικὺν
3085 609 3404 684 τμητικδν
3475 605 3726 678 (ἡνὼθη
3752 609 3874 676 ’γὰρ

2214 703 2410 777 ὥσπερ
2439 705 2644 776 σιδήρῳ
2678 705 2724 738 ³⁸
2751 703 2815 758 τὸ
2843 703 2998 776 πῦρ),
3034 703 3178 758 οὕτω
3211 703 3333 758 καὶ
3365 699 3464 771 τῷ
3505 697 3618 752 τοῦ
3663 699 3872 772 σιδήρου

2212 796 2468 869 τμητικῷ
2499 799 2562 852 τὸ
2595 796 2692 852 τοῦ
2726 797 2898 869 πυρὸς
2923 795 3109 868 (115
3145 795 3204 870 ὁ)
3247 787 3636 858 καυπιῖιδν,
3671 794 3771 846 καὶ
3792 796 3872 860 γέι

2213 904 2341 957 γονε
2373 887 2474 958 μὲν
2496 886 2788 952 καυστικὺς
2807 889 2838 942 ὁ
2859 887 2974 959 σίδη
2985 906 3074 959 ρος
3099 887 3320 943 ὲνὼσει
3346 888 3430 955 τῇ
3469 884 3629 954 πρὸς
3655 883 3720 936 τὸ
3751 884 3868 955 πῦρ,

2215 979 2311 1033 καὶ
2338 979 2606 1050 τμητικὸν
2635 979 2698 1033 τὸ
2738 977 2853 1051 πῦρ
2901 978 3095 1034 ὲνώσει
3136 981 3204 1051 τῇ
3259 977 3435 1049 πρὸς
3493 976 3602 1028 τὸν
3639 975 3868 1046 σίδηρον·

2214 1068 2498 1142 οὐδέτερον
2539 1070 2597 1124 δὲ
2655 1071 2857 1142 τρόπον
2895 1071 2940 1104 ⁸⁸
2983 1073 3052 1142 τῇ
3111 1069 3247 1124 καθ’
3310 1069 3551 1122 ’ἐνωσιν
3611 1067 3870 1120 ἀντιδόσει

2216 1160 2355 1234 πρὸς
2384 1161 2612 1233 θάτερον
2637 1161 2684 1195 ⁸⁸
2731 1162 3027 1228 πέπονθεν,
3055 1163 3174 1216 ἀλλ’
3207 1161 3534 1232 ἑκάτερον
3589 1161 3704 1214 κάν
3733 1162 3778 1190 ⁴¹
3810 1165 3867 1229 τῇ

2215 1252 2312 1304 τοῦ
2341 1252 2704 1325 συγκειμένου
2734 1253 2858 1308 καθ’
2891 1255 3088 1310 ἕνωσιν
3135 1255 3405 1326 ἰδιότητι
3447 1251 3762 1324 μεμένηκε
3783 1253 3872 1323 τῆς

2216 1341 2361 1395 κατὰ
2404 1341 2570 1412 φύσιν
2627 1343 2842 1408 οἰκείας
2890 1345 3291 1401 ἀνέκπτωτονο
3347 1343 3526 1398 οὕτω
3565 1343 3678 1398 κάν
3725 1345 3772 1376 ⁸⁸
3801 1347 3868 1416 τῷ

2220 1436 2506 1508 μυστηρίῳ
2547 1436 2650 1508 τῆς
2679 1437 2832 1502 θείας
2875 1437 3210 1511 σαρκώσεως
3247 1438 3486 1509 θεότης
3523 1439 3632 1491 καὶ
3663 1436 3867 1509 ἀνθρω-

2217 1525 2392 1596 πότης
2417 1525 2603 1598 ἠνώθη
2639 1527 2763 1582 καθ’
2801 1528 3122 1596 ὑπόστασιν,
3167 1529 3532 1602 μηδετέρας
3565 1529 3677 1599 τῆς
3721 1547 3865 1598 φυσι-

2218 1617 2322 1689 κῆς
2350 1617 2625 1690 ὲκστάσης
2657 1619 2940 1690 ἐνεργείας
2969 1619 3058 1674 διὰ
3076 1621 3178 1691 τὴν
3207 1621 3474 1684 ἕνωσιν,
3513 1620 3668 1689 μήτε
3701 1619 3803 1688 μὴν
3825 1619 3864 1651 ⁸³

2220 1696 2450 1784 ἄσχετον
2483 1711 2655 1783 αὐτὴν
2697 1713 3042 1788 κεκτημένης
3091 1714 3230 1786 μετὰ
3305 1713 3433 1784 τὴν
3494 1713 3730 1777 ἕνωσιν,
3781 1713 3862 1766 καὶ

2219 1801 2323 1872 τῆς
2377 1804 2748 1874 συγκειμένης
2789 1806 2886 1859 καὶ
2939 1803 3396 1876 συνυφεστώσης
3452 1803 3862 1874 διακεκριμμέ-

2221 1909 2321 1964 νην
2349 1892 2416 1949 ⁸⁸.
2438 1894 2576 1966 ὐλῃ
2607 1896 2720 1968 γὰρ
2767 1899 2836 1968 τῇ
2883 1897 3150 1970 δραστικῇ
3188 1897 3462 1968 δυνάμει
3516 1895 3630 1976 τῆς
3665 1896 3856 1960 οἰκείας

2222 1980 2478 2054 θεότητος
2511 1985 2540 2037 ό
2569 1985 2879 2056 σαρκωθεὶς
2913 1988 3085 2056 Λόγος
3113 1987 3245 2060 ὃλην
3280 1985 3585 2058 ἐσχηκὼς
3617 1989 3855 2057 συμφυεῖ.

2225 2089 2326 2128 σαν
2354 2074 2480 2128 καθ’
2518 2075 2720 2131 ἕνωσιν
2772 2077 2971 2134 ἄλυτον
3012 2079 3115 2150 τὴν
3166 2079 3534 2151 παθητικὴν
3584 2077 3693 2148 τῆς
3734 2077 3848 2140 ἰδίας

2222 2165 2650 2240 ἀνθρωπότητος
2681 2167 2914 2240 δύναμιν
2962 2169 3340 2242 ἀνθρωπίνως
3380 2170 3544 2233 Θεὸς
3588 2168 3674 2225 ὢν
3713 2171 3850 2240 ἐνήρ-

2221 2273 2311 2328 γει
2337 2258 2384 2290 ⁸⁸
2416 2259 2486 2313 τὰ
2521 2259 2802 2332 θαύματα,
2834 2261 2924 2317 διὰ
2952 2262 3156 2333 σαρκὸς
3179 2262 3362 2334 φύσει
3421 2261 3702 2334 παθητῆς
3730 2279 3835 2332 συμ-

2223 2350 2602 2424 πληρούμενα,
2639 2355 2736 2408 καὶ
2785 2354 2985 2420 θεῖκῶς
3037 2344 3343 2426 ἄνθρωπος
3407 2355 3497 2408 ὢν
3559 2353 3768 2426 διεξῄει
3791 2353 3840 2405 τὶ

2224 2445 2372 2518 πάθη
2417 2447 2522 2518 τῆς
2572 2446 2810 2516 φύσεως,
2864 2449 2987 2502 κατ’
3036 2446 3292 2514 ἐξουσίαν
3335 2445 3766 2518 ἐπιτελούμενα
3804 2445 3839 2476 ⁴⁸

2223 2539 2434 2610 θεῖκήν’
2471 2539 2646 2610 ἄμφω
2689 2539 2746 2593 δὲ
2776 2539 2978 2611 μᾶλλον
3012 2539 3389 2613 θεανδρικῶς,
3433 2541 3519 2604 ὡς
3555 2539 3700 2604 Θεὸς
3724 2536 3836 2608 ὁμοῦ

2224 2633 2318 2687 καὶ
2350 2632 2642 2705 ἄνθρωπος
2671 2632 2749 2688 ὣν
2774 2632 2820 2665 ⁸⁷
2859 2635 2972 2698 τοῖς
3027 2631 3128 2704 μὲν
3155 2634 3315 2704 ἡμᾶς
3371 2633 3625 2696 ἑαυτοῖς
3667 2629 3834 2684 ἀποδι-

2196 2725 2368 2794 ,δοὺς,
2416 2725 2691 2795 φανέντας
2733 2726 2874 2798 ὅπερ
2920 2724 3252 2796 γεγόναμεν,
3306 2727 3439 2788 τοῖς
3485 2724 3552 2779 δὲ
3597 2722 3768 2785 διδοὺς
3795 2718 3842 2752 δ”

2221 2819 2372 2890 ἡμᾶς
2416 2817 2620 2889 ἑαυτῷ,
2667 2816 3002 2888 γενομένους
3053 2817 3194 2886 ὅπερ
3251 2813 3600 2888 παρέδειξε,
3641 2813 3730 2868 καί
3776 2811 3835 2864 δι’

2223 2904 2554 2980 ἀμφοτέρων
2591 2909 2962 2981 πιστούμενος
2993 2910 3094 2983 τὴν
3145 2909 3254 2964 τῶν
3312 2909 3386 2976 ἐξ
3446 2905 3555 2975 ὧν,
3591 2911 3654 2962 ἐν
3682 2902 3759 2972 οἷς
3779 2923 3831 2959 τε

2223 3000 2320 3054 καὶ
2357 2999 2504 3072 ἅπερ
2533 3001 2786 3072 ὑπῆρχεν
2819 2999 3106 3073 ἀλήθειαν,
3138 3001 3216 3066 ὡς
3260 3003 3446 3073 μόνος
3489 2999 3708 3074 ἀληθὴς
3749 3000 3828 3053 καί

526 3089 763 3144 veritate
794 3104 990 3144 eorum
1024 3104 1093 3143 ex
1126 3088 1330 3159 quibus
1363 3105 1423 3144 se
1456 3104 1608 3155 esse,
1644 3097 1702 3144 et
1733 3089 1791 3142 in
1821 3086 2028 3158 quibus
2064 3092 2120 3142 et

2226 3093 2442 3161 πιστὸς,
2474 3094 2570 3147 καὶ
2589 3094 2730 3165 ὅπερ
2761 3094 2882 3147 ἐστί
2916 3094 3048 3166 παρ’
3079 3093 3238 3167 ήμῶν
3267 3093 3684 3166 ὁμολογεῖσθαι
3717 3091 3826 3163 βου-

527 3197 652 3252 qua:
689 3180 976 3251 professus
1019 3189 1106 3237 est
1148 3199 1165 3235 :
1214 3182 1366 3238 solus
1409 3189 1560 3237 certe
1602 3181 1696 3238 ille
1733 3196 1901 3238 verus
1941 3189 2026 3236 est
2066 3189 2126 3236 et

531 3272 732 3336 ﬁdelis,
755 3281 813 3328 et
843 3272 898 3328 id
923 3272 1074 3343 quod
1102 3281 1189 3328 est
1217 3289 1248 3328 a
1276 3273 1440 3329 nobis
1469 3273 1582 3328 dici
1611 3273 1918 3344 haberique
1947 3272 2120 3342 cupit.

531 3362 692 3417 llune
724 3361 911 3432 igitur,
939 3377 974 3416 o
1006 3363 1355 3419 sanctissime
1387 3371 1446 3418 et
1474 3363 1649 3418 verbo
1679 3375 1738 3419 et
1767 3378 1960 3434 opere,
1987 3378 2126 3434 quo-

531 3453 680 3528 niam
714 3457 768 3507 in
798 3453 1069 3509 vobismet
1093 3454 1390 3524 possidetis
1409 3453 1728 3520 formatum,
1749 3454 1890 3525 ejus,
1913 3469 2122 3524 quaeso,

533 3545 826 3600 imitamini
858 3545 1339 3617 longanimitatem
1371 3563 1384 3599 :
1415 3545 1562 3600 hanc
1593 3545 1954 3615 seriptionem
1983 3546 2128 3602 acci-

531 3637 677 3708 pite,
708 3637 782 3691 ita
819 3646 880 3692 ut
913 3637 1172 3708 experiar
1204 3653 1305 3693 vos
1333 3637 1551 3707 iudices
1581 3651 1778 3692 eorum
1808 3653 1932 3708 qua:
1963 3637 2127 3692 attuli

530 3733 854 3800 clementes;
887 3741 1076 3788 vestra
1117 3732 1506 3803 aequanimitas
1546 3731 1696 3788 servi
1731 3731 1904 3787 vestri
1944 3738 2128 3786 errata

532 3831 700 3894 tegat,
728 3823 824 3894 qui
855 3823 1070 3878 nullum
1097 3821 1298 3892 quaerit
1320 3821 1491 3876 alium
1517 3819 1847 3877 obedientiae
1871 3835 1988 3876 suae
2012 3821 2128 3875 fru-

531 3923 705 3970 ctum.
739 3915 929 3970 Estote
967 3914 1106 3970 mihi
1149 3913 1293 3984 apud
1330 3911 1616 3968 Christum
1659 3912 2129 3968 reconciliationis

531 4004 828 4076 sequestri,
854 4007 1162 4074 pacemque
1188 4003 1445 4058 conﬁcite
1470 4002 1622 4057 illam
1645 4017 1769 4072 qua:
1797 4018 2016 4058 omnem
2035 4005 2130 4060 in-

533 4099 820 4153 tellectum
865 4104 1091 4167 superat
1131 4113 1146 4148 :
1189 4103 1440 4150 servator
1475 4095 1628 4152 solus
1664 4101 1752 4150 est
1785 4096 1941 4166 pacis
1976 4097 2130 4168 prin-

533 4203 686 4258 ceps,
717 4187 870 4244 solus
904 4189 1166 4242 timentes
1198 4201 1256 4242 se
1285 4202 1316 4240 a
1348 4186 1667 4256 passionum
1698 4186 1814 4242 salo
1843 4203 1944 4258 per
1970 4188 2129 4244 habi-

537 4291 627 4334 tus
653 4279 930 4350 practicos
957 4279 1180 4345 liberat,
1204 4279 1356 4333 solus
1379 4279 1544 4334 Pater
1566 4278 1786 4333 venturi
1814 4280 2002 4335 saeculi
2025 4295 2126 4352 per

2227 3185 2476 3256 λόμενος.
2533 3187 2632 3239 Ὃν
2679 3185 2922 3257 ἔχοντες,
2961 3186 3288 3258 ἡγιασμένοι
3343 3185 3400 3220 ’⁸³
3441 3187 3600 3258 λόγῳ
3652 3201 3709 3238 τε
3745 3182 3824 3236 καί

2230 3280 2351 3352 βίῳ,
2387 3279 2775 3354 μορφούμενον
2811 3279 3128 3350 μιμήσασθε
3171 3279 3273 3352 τὴν
3334 3278 3741 3352 μακροθυμίαν
3763 3277 3820 3339 ⁸⁹,

2227 3373 2324 3426 καὶ
2346 3370 2443 3442 τὴν
2469 3371 2756 3444 παροῦσαν
2771 3369 3048 3441 δεχόμενοι
3074 3371 3320 3440 γραφὴν,
3359 3369 3592 3440 φάνητέ
3619 3383 3707 3440 μοι
3732 3362 3822 3416 τῶν

2227 3465 2624 3536 ἐμφερομένων
2645 3462 3024 3536 φιλάνθρωποι
3047 3463 3236 3534 κριταὶ
3263 3464 3332 3534 (ι
3346 3464 3464 3534 16
3483 3462 3542 3532 a)
3575 3459 3818 3518 νικῶντες

2231 3554 2548 3627 συμπαθείᾳ
2580 3553 2650 3608 τὰ
2681 3552 2776 3608 τοῦ
2810 3553 3004 3616 παιδὸς
3044 3553 3202 3624 ὑμῶν
3232 3554 3276 3585 ⁵¹
3311 3555 3700 3625 ὀλισθήματα,
3732 3548 3820 3619 μό-

2229 3665 2330 3718 νην
2356 3647 2566 3718 ταύτην
2606 3640 2952 3718 ὲκδὲχομένῳ
2973 3645 3020 3678 ⁵¹
3054 3646 3152 3716 τῆς
3180 3645 3510 3710 εὐπειθείας
3535 3643 3812 3702 ἀντίδοσιν,

2230 3739 2324 3794 καὶ
2357 3735 2583 3807 γένεσθέ
2623 3753 2714 3807 μοι
2747 3738 2964 3806 μεσίται
3003 3737 3103 3806 τῆς
3143 3736 3283 3806 πρὸς
3331 3737 3510 3790 αὐτὸν
3539 3735 3590 3766 ⁸³
3631 3730 3816 3788 καταλ-

2229 3831 2404 3902 λαγῆς
2426 3829 2653 3902 εἰρήνην
2683 3827 3150 3900 δημιουργοῦντες
3176 3830 3277 3899 τὴν
3305 3827 3496 3882 πάντα
3518 3825 3650 3886 νοῦν
3664 3824 3812 3892 ὑπερ·

2229 3924 2486 3995 έχουσαν,
2543 3915 2611 3992 ἦς
2668 3919 2832 3984 αὐτὸς
2862 3918 2909 3951 ⁸⁸
2945 3919 3132 3990 ἄρχων
3163 3919 3316 3972 ἐστὶν
3369 3922 3402 3973 ὁ
3445 3918 3664 3989 Σωτὴρ,
3715 3913 3809 3979 ἕξει

2231 4015 2514 4085 πρακτικῇ
2556 4013 2654 4082 τῆς
2705 4011 2819 4064 τῶν
2859 4010 3050 4064 παθῶν
3082 4009 3328 4082 ταραχῆς
3365 4007 3676 4080 ἐλευθερῶν
3697 4005 3806 4064 τοὺς

2233 4102 2606 4175 φοϐουμένους
2655 4101 2841 4163 αὐτὸν,
2882 4101 2978 4154 καί
3007 4098 3201 4171 Πατὴρ
3229 4097 3328 4152 τοῦ
3374 4097 3672 4170 μέλλοντος
3700 4091 3808 4148 αἰῶ-

2231 4212 2342 4262 νος,
2375 4193 2659 4264 Πνεύματι
2689 4190 2894 4262 γεννῶν
2919 4190 2990 4244 δι’
3023 4189 3246 4262 ἀγάπης
3275 4191 3372 4244 καὶ
3405 4191 3666 4261 γνώσεως
3691 4183 3801 4244 τοὺς

2230 4289 2323 4342 τὸν
2353 4286 2470 4342 ἄνω
2492 4287 2701 4358 κόσμον
2737 4283 3162 4356 πληρώσαντας.
3192 4283 3355 4356 Αὐτῷ
3382 4283 3540 4350 δόξα,
3567 4275 3801 4352 μεγαλω-

534 4370 862 4424 charitatem
901 4378 959 4424 et
993 4368 1370 4440 cognitionem
1411 4369 1470 4422 in
1513 4369 1724 4439 Spiritu
1767 4378 1995 4440 generat
2029 4387 2120 4428 eos

2234 4379 2370 4451 σύνη
2413 4378 2482 4444 ⁸⁵,
2519 4379 2742 4450 κράτος,
2781 4377 2880 4431 σὺν
2907 4375 2988 4448 τῷ
3027 4377 3206 4450 Πατρὶ
3238 4377 3334 4432 καὶ
3369 4376 3454 4450 τῷ
3487 4375 3629 4444 ἁγίῳ
3654 4365 3798 4424 Πνεύ·

535 4465 632 4533 qui
657 4462 926 4518 mundum
954 4461 1298 4532 superiorem
1333 4461 1706 4531 complebunt.
1733 4462 1796 4517 Ei
1827 4463 1901 4519 sit
1923 4465 2120 4536 gloria,

2237 4487 2368 4544 ματι
2399 4471 2478 4534 εἰς
2507 4469 2636 4532 τοὺς
2663 4467 2864 4532 αἰῶνας
2892 4467 2962 4522 ⁵⁸.
3013 4467 3212 4540 Ἀμήν.

535 4557 793 4626 maiestas
821 4565 876 4611 et
903 4555 1222 4626 imperium,
1243 4570 1370 4610 cum
1400 4555 1559 4610 Patre
1585 4561 1642 4609 et
1663 4563 1854 4611 sancto
1881 4555 2122 4628 Spiritu,

535 4649 593 4704 in
622 4650 818 4704 sarcula
847 4641 1192 4705 saeculorum.
1216 4651 1411 4703 Amen.
1757 4643 1760 4647 ’

1825 4763 2062 4824 vanu;
2109 4733 2524 4828 LECTIONES.

609 4871 663 4956 ’ξ’
685 4871 1013 4956 συμφρσεωξ
1033 4870 1276 4956 “Lucili;
1351 4871 1402 4956 ’ἶ
1435 4871 1511 4956 τέξ)
1541 4875 1656 4956 φιδή
1668 4893 1744 4956 ρῳ
1759 4877 1852 4956 9d-
1877 4877 1998 4956 _Gal.
2038 4882 2106 4956 _'°
2133 4882 2344 4956 τροπὴν
2365 4879 2454 4936 ed.
2478 4878 2597 4934 Gal.
2627 4876 2700 4956 f"
2720 4877 2792 4956 τῇ
2825 4875 2966 4947 πρὸς
2997 4875 3301 4956 ἕτερον’(ξς.
3326 4874 3424 4956 Gal
3445 4945 3485 4956 η
3502 4872 3544 4906 ³³
3565 4869 3664 4952 κᾶν

535 4941 681 5000 Gud.
715 4926 770 4997 et
799 4926 887 4996 ed.
918 4926 1038 4996 Gal.
1125 4942 1172 4973 δ’
1203 4926 1307 4996 κᾶν
1337 4942 1427 4997 ed.
1459 4926 1579 5004 Gal.

536 5011 856 5084 εφεστώσης
887 5012 1316 5084 διακεκριμένην
1337 5013 1427 5068 ed.
1466 5015 1584 5069 Gal.

535 5083 582 5116 “'
617 5082 816 5146 διδοάς
852 5083 941 5138 ed.
979 5082 1101 5137 Gal.

1679 4929 1727 5022 ff
1759 4929 2124 5022 Ῡέιιὶιῖίιήτε

1680 5017 1728 5090 ξδ
1763 5017 2002 5090 ἐνείργει
2031 5017 2122 5077 éd.

533 5225 654 5281 Gal.
743 5224 790 5256 ⁸⁸
817 5223 1019 5290 αἰῶνας
1052 5222 1160 5277 τῶν
1185 5222 1399 5279 αἰώνων
1433 5225 1525 5282 ed.
1557 5222 1677 5282 Gal.
1785 5297 1790 5303 .

1271 5086 1576 5162 ἡγιασμένε
1597 5157 1607 5162 _
1631 5087 1742 5162 ed._
1777 5082 1896 5162 Gal:
1925 5082 1937 5088 ⁷
1984 5091 2030 5123 ⁸ο
2066 5091 2444 5162 μικροθυμίαν
2465 5089 2556 5144 ed.
2580 5088 2699 5162 Gal.
2783 5082 2828 5120 5‘
2857 5087 3018 5162 ἡμῶν
3042 5087 3135 5162 ed.
3169 5087 3291 5162 Gal.

532 5154 629 5234 «ΞΛ,
654 5153 790 5234 (ἔοι...
935 5151 1238 5234 γενήσεσθέ
1263 5151 1352 5234 μοι
1386 5151 1653 5234 τῆς-πρὸς
1685 5160 1851 5213 αὑτὸν
1875 5151 2094 5231 μεσίτοίι
2117 5151 2209 5218 ed.
2237 5151 2359 5219 Gal.

2155 4941 2360 5078 ἕὴνέ-
2389 4979 2462 4989 -
2489 4980 2561 4990 ——
2586 4947 2688 5020 τὴν
2720 4941 2915 5001 ἕνωσιν
2958 4961 3072 5000 om.
3094 4941 3217 5002 'ed.
3250 4945 3367 5002 Gal.
3443 4945 3492 4976 “
3543 4941 3642 5010 τῆς
3682 4949 3784 4988 συν-

2203 5024 2274 5078 al.
2366 5020 2432 5063 ".
2467 5021 2586 5073 ἐστι
2640 5017 2948 5078 τελούμενα
2995 5016 3086 5072 ed.
3145 5017 3266 5072 Gal.
3339 5015 3387 5047 ⁸⁷
3431 5009 3506 5070 ὧν
3557 5011 3640 5067 ed.
3682 5000 3783 5061 Gal.

2203 5039 2233 5078 3

2240 5000 2274 5077 Ι..
2366 5020 2432 5063 ⁸⁸-
2467 5000 2948 5087 ὲστιᾚτελούμενα
2995 5016 3086 5072 ed.
3139 5000 3277 5072 Gal.
3339 5000 3387 5047 ‘7
3431 5000 3640 5087 (BVACJ.
3682 5000 3783 5087 Gal-

3382 5087 3428 5119 ⁸⁸
3457 5077 3783 5152 ἐκδεχομένξυ

2459 5139 2698 5223 fieri},
2735 5173 2848 5215 om.
2999 5139 3008 5142 -
3181 5139 3201 5143 ἡ
3221 5139 3287 5189 ᾖ
3338 5139 3668 5229 μεγαλοσύνῆ
3702 5139 3776 5199 ed-

2147 5505 2226 5547 Ξ
