3998 6390
115 286 297 355 1061
1414 295 1740 355 ΑΜΒΙΟΗ(

1855 295 1941 354 1M
1983 295 2236 354 LIBER.

3295 297 3435 363 1062

370 482 614 528 DOMINO
661 483 1130 529 GLORIOSISSIMO
1180 482 1579 537 PIISSISIOQUE
1627 485 1840 530 DIVINA
1890 484 2295 529 PROVIDENTE
2345 483 2547 543 ATQUE
2593 483 2964 527 ADJUVANTE
3009 485 3233 530 GBATIA

1611 628 1757 672 REGI
1789 631 2038 674 ΚΛΕΟΕο

487 766 769 812 JOANNES
800 766 1138 811 EXTREMUS
1169 766 1516 811 SERVORUM
1546 768 1929 815 VESTRORUM
1956 767 2336 812 PERPETUAM
2363 767 2428 812 IN
2458 766 2720 811 CHRISTO
2752 766 3034 810 SALUTEM
3054 751 3108 808 ⁸.

210 920 353 976 Hoc
390 938 519 993 opus
550 922 771 977 Maximi
799 925 1042 978 monachi
1074 933 1123 978 et
1147 925 1555 997 abbatis,quod,
1582 926 1920 981 sanctissimo
1950 935 2110 999 atque
2136 927 2438 982 beatissimo
2471 926 2866 996 archiepiscOpo
2890 923 3086 994 Kyzico
3116 921 3192 993 (a)
3216 923 3424 977 Joanne

122 1009 501 1081 postulante,
532 1010 595 1063 de
637 1012 990 1081 quorumdam
1044 1013 1097 1065 in
1154 1015 1484 1067 sermonibus
1543 1015 1828 1068 beatissimi
1862 1016 2097 1086 Gregorii
2130 1015 2356 1085 theologi
2385 1014 2788 1084 Ambiguorum,
2819 1015 2913 1065 hoc
2956 1010 3026 1081 (b)
3058 1019 3132 1063 est
3167 1009 3433 1063 intellectu

90 1098 493 1171 'diﬂicilium,
537 1098 1000 1168 explanationibus
1029 1103 1341 1171 composuit,
1388 1104 1451 1156 de
1481 1103 1663 1159 Graeca
1701 1088 1756 1157 in
1778 1104 2028 1157 Latinum
2058 1103 2199 1156 vobis
2235 1101 2534 1173 iubentibus
2557 1100 2730 1164 edidi;
2776 1097 3147 1167 difﬁcillimum
3195 1113 3431 1167 prorsus,

123 1186 612 1241 orthodoxissime
650 1203 854 1257 regum,
891 1187 1099 1242 servulo
1127 1198 1318 1254 vestro,
1348 1190 1600 1245 imbecilli
1633 1191 1786 1245 valde
1809 1192 1969 1244 etiam
2002 1192 2057 1244 in
2096 1190 2324 1252 Latinis,
2354 1187 2520 1241 multo
2548 1188 2716 1256 magis
2753 1186 2807 1239 in
2848 1184 3060 1247 Graecis,
3089 1184 3319 1237 laborem
3350 1184 3433 1236 in-

119 1275 439 1344 iunxistis.
460 1273 692 1343 Insuper
719 1276 880 1328 etiam
920 1274 1217 1330 accelerare
1238 1277 1401 1331 veluti
1427 1278 1634 1330 erudito
1660 1278 1931 1347 utriusque
1949 1277 2142 1348 lingua:
2162 1279 2366 1344 citoque
2391 1274 2640 1347 perﬁcere
2656 1275 2976 1344 imperastis.
3009 1271 3111 1326 Sed
3129 1290 3224 1342 pro
3242 1272 3434 1325 viribus

124 1362 423 1432 ingenioli
461 1364 569 1415 mei
601 1370 646 1414 ct
681 1362 971 1416 acceleravi
991 1403 1005 1427 ,
1031 1372 1078 1416 et
1108 1364 1285 1417 divina
1333 1364 1554 1417 ducente
1584 1382 1647 1418 ac
1695 1363 1954 1434 largiente
1976 1367 2175 1435 gratia,
2217 1364 2285 1416 ad
2313 1363 2473 1431 ﬁnem
2513 1379 2674 1432 usque
2700 1362 2939 1432 perduxi.
2961 1359 3223 1413 Fortassis
3254 1366 3433 1412 autem

128 1449 534 1519 qualicunque
556 1450 803 1520 apologia
834 1450 1098 1520 defensus,
1135 1468 1240 1505 non
1272 1461 1381 1506 tam
1410 1453 1600 1505 densas
1622 1452 1871 1506 subierim
1895 1452 2165 1522 caligines,
2197 1452 2297 1505 nisi
2320 1450 2547 1505 viderem
2576 1450 2859 1520 prwfatum
2884 1449 3240 1502 beatissimum
3263 1446 3435 1501 Maxi-

134 1554 315 1592 mum
345 1540 634 1608 stepissime
664 1540 719 1593 in
748 1556 990 1610 processu
1021 1542 1105 1595 sui
1131 1542 1302 1612 operis
1333 1540 1732 1595 obscurissimas
1763 1540 2085 1593 sanctissimi
2111 1537 2338 1608 theologi
2366 1537 2605 1608 Dionysii
2624 1536 2958 1606 AreOpagitte
2990 1537 3298 1599 sententias,
3339 1552 3432 1587 cu-

125 1624 243 1694 jus
287 1625 605 1695 symbolicos
641 1625 1059 1697 theologicosque
1081 1644 1263 1682 sensus
1287 1645 1453 1699 nuper
1479 1630 1620 1683 vobis
1639 1628 1881 1682 similiter
1888 1627 2193 1697 jubentibus
2216 1624 2489 1687 transtuli,
2515 1626 2896 1688 introduxisse,
2922 1623 3255 1695 mirabilique
3280 1627 3434 1680 modo

134 1710 505 1776 dilucidasse,
532 1713 586 1765 in
620 1721 829 1768 tantum
850 1722 907 1766 ut
939 1713 1087 1767 nullo
1125 1715 1278 1769 modo
1313 1716 1608 1770 dubitarem
1635 1716 1867 1769 divinam
1885 1713 2240 1776 clementiam,
2269 1728 2386 1782 quin
2416 1711 2690 1765 illuminat
2727 1711 3031 1765 abscondita
3073 1713 3429 1776 tenebrarum,

133 1814 257 1851 sua
291 1798 551 1868 ineﬂ'abili
578 1800 908 1868 providentia
927 1802 1021 1853 hoc
1051 1801 1387 1870 disposuisse,
1415 1811 1473 1855 ut
1500 1819 1562 1855 ea
1588 1802 1803 1872 quidem
1840 1816 1956 1872 qua:
1983 1799 2127 1853 nobis
2155 1799 2384 1852 maxime
2409 1797 2646 1852 abstrusa
2679 1801 2735 1852 in
2770 1799 3036 1868 praedictis
3069 1799 3206 1853 beati
3235 1800 3433 1870 Diony—

136 1885 220 1938 sii
255 1884 432 1949 libris,
469 1894 560 1938 aut
583 1885 681 1939 vix
729 1889 928 1957 pervia,
955 1905 1242 1959 sensusque
1262 1899 1467 1943 nostros
1490 1889 1667 1960 fugere
1695 1888 2027 1951 videbantur,
2053 1886 2304 1956 aperiret,
2334 1887 2723 1955 sapientissimo
2747 1887 2970 1956 prwfato
3016 1886 3248 1940 Maximo
3296 1886 3429 1940 luci-

140 1973 381 2026 dissime
419 1972 763 2043 explanante.
792 1974 1040 2047 Exempli
1063 1978 1263 2047 gratia,
1292 1985 1349 2029 ut
1376 1993 1544 2048 pauca
1578 1976 1640 2029 de
1659 1974 1895 2045 pluribus
1923 1973 2116 2037 dicam,
2147 1971 2401 2040 quomodo
2424 1987 2585 2024 causa
2606 1973 2860 2034 omnium,
2879 1987 2998 2041 qua:
3026 1971 3163 2023 Deus
3192 1978 3287 2034 est,
3320 1988 3431 2025 una

144 2061 227 2113 sit
263 2059 503 2131 simplex
529 2077 591 2113 ac
651 2060 968 2132 multiplex;
1017 2063 1193 2134 qualis
1249 2067 1314 2118 sit
1349 2065 1630 2134 processio,
1659 2064 1714 2116 id
1736 2070 1810 2115 est
1849 2058 2219 2128 multiplicatio
2245 2058 2435 2111 divina:
2463 2058 2714 2111 bonitatis
2758 2073 2850 2126 per
2878 2058 3055 2110 omnia
3082 2073 3205 2126 quae
3233 2066 3373 2120 sunt,
3399 2076 3431 2111 a

159 2163 374 2201 summa
402 2164 568 2218 usque
596 2148 871 2213 deorsum,
906 2167 1001 2220 per
1034 2152 1337 2221 generalem
1364 2154 1599 2205 omnium
1627 2150 1908 2204 essentiam
1943 2149 2134 2217 primo,
2163 2146 2402 2215 deinceps
2448 2161 2539 2216 per
2562 2161 2757 2216 genera
2793 2143 3216 2225 generalissima,
3247 2144 3432 2196 deinde

160 2247 257 2304 per
293 2249 494 2303 genera
521 2234 877 2305 generaliora,
899 2237 1024 2290 inde
1055 2254 1149 2308 per
1174 2239 1367 2308 species
1388 2237 1722 2308 specialiores
1751 2250 1915 2305 usque
1941 2234 2009 2287 ad
2036 2233 2230 2303 species
2245 2232 2653 2301 specialissimas
2676 2248 2769 2302 per
2788 2232 3110 2301 differentias
3139 2234 3434 2301 proprieta-

156 2330 347 2390 tesque
362 2321 697 2374 descendens.
723 2320 793 2375 Et
824 2324 1039 2388 iterum,
1063 2324 1321 2393 ejusdem,
1354 2325 1544 2379 divina:
1566 2323 1805 2378 videlicet
1843 2320 2112 2384 bonitatis,
2149 2318 2326 2386 qualis
2362 2320 2431 2372 sit
2456 2320 2706 2382 reversio,
2747 2321 2801 2373 id
2833 2326 2909 2373 est
2947 2320 3305 2389 congregatio,
3341 2336 3434 2389 per

154 2407 372 2461 eosdem
404 2407 604 2476 gradus
623 2407 688 2461 ab
714 2407 929 2475 inﬁnita
965 2424 1149 2463 eorum
1172 2426 1291 2481 qua:
1313 2419 1436 2464 sunt
1473 2411 1729 2480 variaque
1754 2407 2194 2478 multiplicatione
2219 2420 2385 2469 usque
2413 2405 2482 2458 ad
2512 2404 2959 2475 simplicissimum
2982 2406 3218 2458 omnium
3254 2407 3435 2459 unita-

153 2502 291 2558 tem,
315 2509 433 2563 qua
456 2495 515 2547 in
544 2494 655 2548 Deo
684 2502 759 2548 est
788 2502 836 2547 et
857 2494 1000 2550 Deus
1023 2503 1120 2561 est,
1147 2499 1226 2552 ita
1250 2506 1309 2551 ut
1332 2507 1383 2552 et
1420 2497 1559 2551 Deus
1590 2497 1770 2551 omnia
1796 2498 1865 2550 sit
1893 2503 1941 2548 et
1979 2495 2158 2546 omnia
2184 2491 2327 2545 Deus
2367 2493 2499 2545 sint.
2538 2492 2610 2545 Et
2638 2492 2899 2561 quomodo
2940 2493 3194 2562 prtedicta
3223 2492 3434 2561 quidem

154 2581 345 2635 divina
381 2582 438 2635 in
463 2583 643 2635 omnia
675 2584 935 2652 processio
962 2585 1264 2652 ἁναλυτικὴ
1304 2586 1518 2651 dicitur,
1562 2586 1658 2638 hoc
1683 2592 1758 2636 est
1790 2581 2060 2645 resolutio,
2115 2581 2343 2633 reversio
2370 2595 2493 2632 vera
2530 2578 2744 2643 θέωσις,
2785 2580 2880 2633 hoc
2934 2588 3009 2632 est
3049 2580 3329 2647 deiﬁcatio.
3362 2579 3433 2632 Et

156 2686 270 2739 qua
292 2668 500 2721 ratione
529 2685 649 2739 quae
708 2678 832 2723 sunt
858 2672 1096 2725 maxima
1118 2671 1584 2742 multiplicatione,
1625 2672 1847 2725 minima
1870 2677 1996 2724 sunt
2017 2668 2243 2733 virtute;
2275 2683 2393 2738 quae
2421 2683 2541 2720 vero
2563 2668 2785 2721 minima
2812 2666 3270 2737 multiplicatione,
3312 2684 3431 2720 ma-

159 2756 309 2809 xima
336 2757 554 2809 virtute.
583 2753 724 2820 Quid
774 2758 1154 2826 καταφατικὴν
1192 2768 1249 2813 et
1279 2757 1622 2828 ἀποφατικὴν
1647 2758 1740 2811 ἀίει

1855 2756 2142 2824 iacio-fidit,
2173 2755 2231 2809 in
2275 2754 2459 2825 quibus
2502 2755 2735 2807 maxime
2783 2754 3024 2824 prwdicti
3054 2753 3193 2807 beati
3227 2754 3431 2824 Diony-

159 2848 225 2899 sii
247 2844 589 2914 Areopagitae
624 2846 1037 2915 profundissima
1067 2847 1496 2917 divinissimaquc
1534 2844 1857 2899 admiranda
1893 2853 1970 2898 est
2000 2844 2290 2915 disputatio
2314 2844 2340 2897 ?
2369 2842 2545 2909 Quam
2571 2843 2714 2898 clare
2740 2844 3054 2914 pulchreque
3075 2846 3274 2916 aperit,
3297 2862 3431 2915 quo-

160 2931 345 2995 modo,
371 2948 490 2984 cum
510 2931 651 2984 inter
676 2949 735 2989 se
768 2935 1021 3003 opposita:
1042 2931 1296 3004 valdeque
1321 2934 1604 2987 contraria:
1632 2932 1931 2997 videantur,
1961 2933 2030 2986 ad
2066 2949 2233 2986 unum
2264 2941 2443 2986 tamen
2490 2948 2801 2987 consensum
2842 2935 3183 3003 perveniunt,
3217 2944 3274 2987 ut
3305 2934 3430 2986 dum

158 3034 272 3071 una
306 3025 480 3088 neget,
509 3018 683 3073 altera
731 3020 1027 3087 conﬁrmet,
1064 3028 1350 3090 utrumque
1395 3022 1452 3074 in
1487 3029 1716 3090 utraque
1758 3021 2127 3087 contineatur;
2182 3022 2260 3074 ita
2295 3020 2371 3088 ﬁt.
2404 3028 2463 3072 ut
2516 3030 2564 3073 et
2602 3021 2949 3091 καταφατικὴ
2999 3038 3104 3075 non
3158 3021 3431 3089 conﬁrmet

160 3104 309 3173 quod
344 3105 660 3175 ἀποφατικὴ
691 3105 939 3176 abnegat,
966 3122 1133 3176 neque
1159 3107 1472 3177 ἀποφατικὴ
1496 3107 1715 3177 abneget

1855 3107 1904 3160 id
1950 3107 2295 3177 καταφατικὴ
2331 3108 2582 3176 aﬁirmat.
2610 3106 2679 3159 Et
2703 3124 2807 3160 non
2833 3107 3005 3161 solum
3032 3110 3126 3161 has
3156 3110 3287 3163 duas
3318 3127 3434 3163 ma-

159 3193 338 3246 ximas
369 3191 642 3263 theologia:
676 3199 857 3263 partes
886 3193 942 3246 in
964 3193 1105 3267 .Deo,
1138 3195 1230 3247 sed
1253 3196 1415 3248 etiant
1445 3195 1502 3248 in
1537 3195 1681 3247 omni
1727 3202 1976 3249 creatura
2012 3211 2123 3249 esse
2165 3196 2610 3265 manifestissimis
2652 3195 2892 3249 declarat
2924 3195 3209 3266 exemplis;
3236 3213 3327 3266 per
3341 3214 3433 3252 eas

166 3295 399 3349 namque
430 3278 639 3333 ordines
667 3280 956 3334 cwlestium
987 3280 1334 3335 essentiarum
1361 3291 1409 3334 et
1434 3281 1823 3335 discernuntur
1843 3294 1893 3334 et
1923 3282 2263 3335 ordinantur.
2300 3281 2371 3336 Et
2400 3299 2506 3352 qua
2532 3284 2737 3336 ratione
2771 3283 2912 3336 Deus
2934 3283 3126 3336 dicitur
3151 3300 3355 3337 movere
3383 3294 3434 3337 et
3512 3296 3515 3299 ‘

166 3367 382 3431 moueri,
413 3365 539 3419 dum
576 3366 643 3419 sit
664 3360 1008 3421 immutabilis
1035 3385 1051 3430 ;
1084 3377 1130 3422 et
1157 3367 1296 3439 quod
1323 3384 1415 3421 nec
1459 3368 1732 3422 sensibilia
1780 3386 1873 3441 per
1900 3386 2112 3423 sensum
2160 3370 2300 3424 Deus
2333 3371 2549 3429 sentiat,
2592 3376 2685 3424 nec
2736 3370 3089 3440 intelligibilia
3114 3388 3207 3441 per
3229 3372 3435 3425 intelle-

160 3463 326 3516 ctum,
364 3469 456 3505 nec
476 3452 743 3517 sensibilia
769 3470 863 3524 per
891 3454 1238 3517 intellectum,
1272 3472 1366 3510 nec
1390 3454 1745 3527 intelligibilia
1792 3473 1887 3528 per
1925 3472 2172 3521 sensum,
2199 3456 2289 3510 sed
2327 3460 2503 3511 omnia
2526 3458 2581 3511 in
2601 3458 2813 3512 teternis
2838 3459 2945 3511 suis
2986 3457 3277 3511 rationibus
3310 3476 3435 3512 con-

168 3539 478 3611 templatur.
512 3540 588 3593 De
608 3542 816 3594 unitate
839 3557 1045 3610 quoque
1075 3544 1237 3596 trium
1273 3543 1580 3597 divinarum
1631 3545 2081 3611 substantiar-um,
2124 3543 2289 3615 deque
2339 3545 2499 3598 tribus
2537 3544 2845 3598 substantiis
2878 3545 3068 3599 divina:
3096 3547 3317 3599 unitatis
3345 3565 3432 3601 ve-

168 3627 263 3680 luti
316 3627 680 3695 mysticissimo
715 3626 1033 3681 mirabiliter
1068 3629 1308 3700 disputat
1336 3633 1591 3697 senario;
1623 3641 1672 3685 et
1716 3632 1887 3687 multa
1934 3633 2064 3698 alia,
2109 3650 2225 3705 qua:
2258 3634 2520 3687 studiosus
2549 3633 2821 3697 praesentis
2872 3633 3044 3703 operis
3101 3632 3262 3685 lector
3287 3635 3430 3688 inve-

165 3714 292 3767 niet.
328 3713 670 3768 Eusebestate
702 3714 769 3783 (c)
796 3717 961 3785 igitur
993 3731 1198 3786 regum,
1258 3732 1388 3787 Opus
1423 3718 1587 3789 quod_
1610 3718 1681 3771 ad
1710 3735 2039 3775 communem
2080 3719 2348 3774 catholica:
2382 3719 2507 3787 ﬁdei
2534 3719 2978 3773 illuminationem
3018 3721 3254 3790 jussistis
3282 3719 3424 3789 ﬁeri,

165 3797 439 3853 altissima:
481 3801 812 3854 auctoritatis
845 3808 1029 3855 vestra:
1056 3802 1250 3865 iudicio
1278 3819 1382 3857 non
1420 3807 1680 3874 respuatis
1704 3805 1976 3871 roborari,
2015 3815 2064 3859 et
2096 3807 2235 3859 inter
2273 3805 2471 3860 similia
2497 3822 2644 3859 same
2670 3805 2921 3859 doctrina:
2947 3807 3302 3860 instrumenta
3337 3824 3424 3861 re-

162 3886 284 3955 cipi,
311 3903 431 3940 cum
457 3903 522 3941 ex
547 3886 976 3957 praeclarissimis
1005 3888 1312 3943 ercorum
1345 3890 1572 3959 fontibus
1594 3908 1699 3946 non
1727 3892 1967 3946 dubitetis
1991 3892 2220 3945 derivari
2235 3909 2253 3957 ;
2285 3892 2338 3945 in
2374 3892 2555 3961 quibus
2580 3892 2625 3944 si
2647 3890 2772 3961 quid
2792 3891 3070 3960 incognitae
3088 3893 3256 3945 adhuc
3278 3893 3423 3946 nobis

166 3971 417 4027 doctrinm
441 3975 765 4039 inveniatur,
796 3974 1100 4028 auctoribus
1121 3977 1246 4045 ipsis
1286 3985 1362 4030 est
1383 3978 1764 4048 deputandum,
1789 3980 1913 4051 quia
1937 3993 2092 4032 nemo
2114 3977 2261 4033 aliud
2293 3979 2350 4032 in
2381 3979 2475 4033 hoc
2504 3994 2659 4048 opere
2680 3985 2816 4031 recte
2848 3978 2976 4031 mihi
3001 3977 3144 4032 debet
3171 3980 3419 4046 tribuere,

164 4060 266 4115 nisi
288 4059 620 4115 solummodo
650 4060 962 4131 simpliciter
990 4062 1343 4116 transtulisse.

658 4201 760 4252 ΕΚ
790 4200 934 4252 ΤΟΥ
960 4200 1152 4253 ΑΥΤο
1169 4201 1224 4254 Υ.

2433 4201 2537 4256 EX
2570 4203 2834 4259 EODEM.

165 4305 318 4376 Πρὸς
357 4306 634 4378 Ἰωάννην
656 4310 1145 4377 ἀρχιεπίσκοπον
1177 4311 1437 4373 Κυζίκου
1471 4314 1740 4385 Μάξιμος

1855 4314 2190 4371 Sanctissimo
2215 4333 2276 4370 ac
2296 4316 2596 4370 beatissimo
2622 4319 3009 4387 archiepiscopo
3033 4317 3207 4388 Cyzici
3223 4317 3423 4375 Joanni

656 4398 728 4452 ἐν
751 4401 945 4469 Κυρίῳ
972 4403 1226 4470 χαίρειν.

241 4495 623 4551 Ἐπαινοῦνται
659 4499 779 4570 μὲν,
817 4500 910 4554 καὶ
941 4502 1105 4571 τυχὸν
1127 4501 1353 4566 δικαίως
1374 4541 1391 4569 ,
1423 4504 1577 4574 παρὰ
1602 4506 1739 4559 πάν·-

163 4601 266 4641 των
307 4587 411 4657 τῆς
453 4589 811 4660 φιλομαθείας
856 4592 1045 4645 ἕνεκεν
1084 4595 1133 4647 οἱ
1176 4594 1576 4667 προθυμότεροι
1627 4597 1738 4651 τῶν

166 4677 341 4732 καλῶν
368 4679 599 4750 ἐρασταὶ
626 4682 843 4752 καὶτῆς
867 4684 954 4736 ἐπ’
981 4685 1168 4747 αὐτοῖς
1193 4685 1506 4758 ἐπιστήμης
1535 4688 1735 4757 ἐπιμε-

164 4767 318 4840 )ηταὶ
344 4772 754 4845 σπουδαιότερα
782 4776 897 4847 τοῖς
924 4775 1204 4845 κρείττοσι
1234 4777 1330 4831 καὶ
1352 4777 1461 4831 τῶν
1491 4779 1737 4850 κρειττό-

166 4876 265 4913 νων
294 4859 637 4927 διδασκάλοις
671 4863 1022 4935 προσιόντες,
1055 4865 1139 4918 ὅτι
1168 4865 1237 4919 δι’
1267 4868 1593 4939 ἐρωτήσεως
1633 4868 1735 4939 τὴν

166 4947 357 5016 γνῶσιν
380 4949 491 5004 τῶν
515 4953 872 5023 ἠγνοημένων
919 4955 1015 5009 καὶ
1037 4955 1138 5026 τὴν
1167 4956 1479 5028 ἐπιστήμην
1510 4959 1738 5011 ἀνεπαι-

169 5040 404 5113 οχύντως
457 5043 827 5115 λαμϐάνοντες
889 5048 1032 5118 σφᾶς
1100 5049 1299 5112 αὐτοὺς
1359 5049 1580 5116 ἀγνοίας
1640 5049 1736 5103 καὶ

227 5176 308 5319 ἳα)
329 5176 504 5248 Leges
537 5177 730 5262 Cy_zici.
766 5180 969 5264 (Ga_le.)

255 5248 306 5316 b)
335 5247 389 5301 ls
409 5252 496 5319 est
522 5249 688 5319 IIIIJIIS
716 5265 904 5319 Operts
926 5261 969 5306 tt

255 5248 306 5316 b)
335 5247 389 5301 ls
409 5247 496 5320 est
522 5247 688 5320 hujus
716 5247 904 5320 operis
926 5247 1146 5310 titulus.
1170 5253 1305 5309 Nam
1336 5253 1548 5309 Scholia
1579 5254 1731 5310 aliud

171 5326 416 5395 opus_est
439 5318 617 5395 hujus
660 5318 903 5395 Maiimi.
945 5322 1168 5395 Horum,
1203 5326 1581 5395 Ambiguorum
1613 5325 1732 5394 ipse
1756 5340 1771 5367 ο

172 5388 412 5442 meminit
436 5388 710 5444 Maximus
746 5406 803 5461 p.
838 5391 906 5446 15
956 5393 1093 5447 tomi
1126 5394 1171 5448 ll
1220 5388 1379 5466 Opp:
1418 5388 1735 5460 editorum;

2012 4456 2015 4457 ν
2056 4406 2326 4461 Maximus
2351 4405 2562 4459 humilis
2592 4408 2877 4459 monachus
2901 4405 3129 4460 salutem
3146 4409 3205 4460 “.

1914 4504 2235 4560 Laudantur
2258 4502 2505 4573 quidem,
2532 4511 2588 4557 et
2606 4503 2860 4557 fortassis
2883 4504 3051 4573 juste,
3071 4503 3140 4558 ab
3162 4504 3422 4561 omnibus

1840 4594 1938 4664 qui
1984 4595 2127 4649 bona
2172 4602 2404 4664 propter
2451 4593 2694 4647 studium
2739 4592 3009 4647 doetrinae
3052 4596 3421 4665 promptiores

1842 4692 2047 4749 amant,
2072 4694 2130 4739 et
2166 4683 2533 4752 disciplinam,
2565 4698 2688 4752 quae
2724 4683 2779 4736 in
2814 4683 2898 4738 eis
2931 4692 3036 4748 est,
3066 4685 3421 4742 sollicitiores

1840 4776 2109 4846 cogitant,
2138 4774 2207 4830 ad
2241 4774 2501 4829 meliores
2526 4781 2584 4829 et
2611 4773 2906 4829 meliorum
2936 4774 3230 4845 magistros
3264 4791 3423 4831 accc-

1841 4850 2059 4932 dentes,
2089 4867 2218 4937 quia
2253 4881 2354 4936 per
2382 4865 2872 4935 interrogationem
2908 4866 3217 4936 sapientum
3251 4868 3421 4924 disci-

1841 4958 2048 5028 plinam
2075 4964 2399 5012 reverenter
2420 4955 2781 5025 accipientes,
2806 4970 2866 5011 se
2895 4956 3044 5026 ipsos
3072 4958 3139 5012 ab
3164 4958 3422 5028 ignoran-

1843 5050 1919 5104 tia
1958 5056 2017 5104 et
2053 5048 2331 5119 imperitia
2367 5057 2425 5104 et
2463 5063 2656 5103 earum
2693 5050 2995 5119 opprobrio
3027 5049 3286 5105 liberant.
3315 5053 3421 5107 Vos

1839 5185 2094 5239 meminit
2119 5184 2372 5247 Photius,
2404 5185 2951 5240 meminitBaronius
2978 5194 3034 5240 et
3059 5186 3114 5239 in
3129 5185 3418 5243 codicibus

1842 5256 2129 5310 Vaticanis
2158 5254 2371 5310 seruari
2409 5264 2668 5310 testatur.
2703 5248 2904 5322 (Gale.)

1914 5325 1984 5395 (c)
2013 5325 2243 5395 |Eadem
2280 5341 2446 5378 manu
2485 5326 2541 5395 in
2571 5325 3041 5395 margtscriptum
3069 5324 3248 5393 reperi
3276 5326 3414 5380 Piis-

1841 5393 1991 5449 sime.
2018 5394 2200 5450 Credo
2225 5394 2449 5450 Scotum
2480 5394 2669 5449 Graeca
2701 5393 3011 5459 affectasse,
3051 5404 3112 5448 ut
3145 5395 3301 5449 alibi.
3333 5396 3410 5451 Id.

224 5499 244 5519 ‘
271 5499 434 5570 Exstat
465 5502 571 5570 huic
600 5501 810 5570 epistola
851 5503 985 5570 inter
1021 5505 1185 5569 Opera
1224 5506 1425 5570 Joannis
1466 5505 1599 5557 Scoti
1626 5509 1835 5570 (nostras
1859 5505 2183 5570 ΔΡαῑνοίορὶιιξ
2220 5504 2399 5570 Latina;
2442 5512 2557 5556 tom.
2583 5504 2771 5565 CXX",
2798 5518 2858 5554 ex
2888 5507 3416 5570 recensioneloaunis

170 5559 310 5630 lienr.
339 5561 494 5630 Floss,
515 5559 836 5630 Bonnensis).
870 5566 1025 5630 lion-0
1060 5559 1124 5618 ἐκ
1149 5568 1407 5630 utriusque
1431 5559 1666 5619 editionis
1705 5567 1971 5620 collatione
2006 5559 2160 5619 multa
2196 5566 2505 5618 restituimus
2533 5581 2645 5630 quae
2673 5559 2969 5618 correctoris
3002 5569 3235 5619 Halensis
3259 5582 3414 5621 cecu-

176 5626 361 5686 Iievtf‘m
388 5627 585 5675 oculum
610 5626 854 5686 fugerant.
882 5626 1001 5676 Emr

203 5681 246 5705 "
287 5685 464 5736 Joanne
487 5688 635 5738 Scoto
657 5681 953 5748 interprete.
