3998 6394
586 278 728 342 1063

1719 237 1725 244 ’
1761 265 1832 328 s.
1862 262 2154 328 MAXIMI
2189 263 2702 328 CONFESSORIS

3760 264 3869 332 Ῑθὸί

587 399 776 446 autem
810 390 938 461 quis
969 389 1136 460 digne
1170 385 1412 442 laudarit
1447 383 1664 439 sermo?
1696 391 1796 437 aut
1827 381 1952 452 quis
1988 381 2172 436 homi-

2284 383 2533 454 ἀπειρίας
2559 385 2656 438 καὶ
2683 383 2778 438 τοῦ
2815 386 2935 438 κατ’
2969 382 3138 446 αὑτὰς
3169 380 3436 444 ὀνείδους
3491 345 3871 452 ἐλεδθεροῦσιν.

589 500 723 538 num
746 525 760 548 ,
791 483 894 539 etsi
930 480 1232 552 diligentiae
1261 478 1702 548 experimentum
1735 473 2048 544 accipiens.
2072 488 2171 528 ve-

589 585 718 632 strae
739 575 968 629 virtutis
1001 570 1436 643 magnitudinem
1467 567 1704 622 idoneus
1731 565 2008 620 inveniet?
2033 563 2173 630 Quia

589 667 916 740 probabiles
939 665 1126 720 ovium
1153 661 1564 716 rationabilium
1591 667 1840 729 pastores
1865 656 1997 710 dum
2029 655 2170 719 sitis,

591 769 650 816 et
673 759 740 814 ad
771 771 1076 828 supernum
1105 755 1252 809 ovile
1277 752 1506 807 vocibus
1533 751 1730 806 fistula:
1755 747 2057 818 spiritualis
2081 761 2174 802 eas

591 855 798 909 ducere
840 861 898 906 et
938 849 1293 904 introducere
1335 843 1542 908 nostis,
1581 842 1948 912 singularem,
1984 839 2176 894 multis

594 943 1012 1014 impossibilem,
1046 938 1289 1010 mysticze
1323 936 1639 991 divinorum
1675 932 1921 988 scientiae
1951 930 2176 986 habitu-

595 1037 779 1092 dinem
821 1031 1276 1104 prteoccupastis,
1310 1043 1418 1101 per
1457 1041 1623 1097 quam
1663 1023 1870 1080 Christi
1910 1022 2174 1078 Ecclesiae

594 1129 745 1198 digni
800 1125 1100 1194 fidelesque
1149 1119 1555 1192 gubernacula,
1599 1116 1758 1171 navis
1805 1114 1863 1168 in
1911 1113 2171 1178 modum,

594 1219 941 1290 disciplinate
985 1215 1254 1286 dirigitis,
1288 1228 1416 1269 cum
1462 1224 1630 1266 onere
1675 1207 1830 1272 ﬁdei,
1863 1206 2174 1276 divinaeque

594 1307 1031 1365 conversationis
1054 1306 1254 1361 decore
1279 1303 1350 1359 ad
1377 1311 1599 1374 portum
1624 1300 1828 1355 divinas
1849 1295 2171 1362 voluntatis,

592 1418 694 1472 per
723 1415 875 1455 mare
909 1397 1096 1454 saeculi
1127 1393 1527 1452 tentationibus
1559 1392 1809 1446 illaesam.
1846 1389 1922 1444 De
1952 1387 2043 1443 his
2076 1401 2176 1440 au-

594 1497 727 1553 tem,
759 1505 882 1558 quae
909 1487 1071 1541 vobis
1098 1483 1316 1555 cognita
1349 1489 1498 1546 sunt,
1526 1493 1766 1551 quorum
1803 1477 1970 1532 etiam
2006 1476 2178 1546 magi-

593 1592 738 1638 stros
758 1595 857 1634 vos
891 1577 1184 1634 constituit
1207 1575 1494 1636 Dominus,
1523 1587 1636 1627 non
1669 1571 1848 1626 solum
1881 1567 2178 1638 sapientio-

593 1687 716 1732 res,
749 1671 795 1725 si
843 1670 969 1739 quis
1023 1668 1099 1741 (ά)
1152 1676 1398 1723 vestrum
1452 1670 1538 1718 est
1591 1661 1820 1718 omnino
1870 1658 2175 1714 secundum

2292 473 2468 544 Ὑμᾶς
2503 474 2563 528 δὲ
2600 474 2687 538 τίς
2717 473 2784 528 ἂν
2813 473 2978 541 ἀξίως
3011 473 3337 527 ἐπαινέσειε
3385 470 3593 538 λόγοςς
3624 471 3659 540 ἢ
3691 472 3772 530 τίς
3799 474 3875 524 ἀν-

2279 565 2516 639 θρώπιον
2543 568 2648 622 κᾶν
2671 567 2884 639 διανοίᾳ
2913 566 3232 638 περιλαϐεῖν
3267 563 3446 635 ὑμῶν
3459 563 3509 594 ⁸³
3541 563 3605 616 τὸ
3648 564 3746 631 τῆς
3770 565 3878 634 ἀρε.

2277 659 2379 728 τῆς
2411 657 2642 730 μέγεθος
2677 659 2863 722 ἱκανὸς
2893 657 3298 730 εὑρεθήσεται;
3327 656 3469 709 ’Ὁτι
3497 654 3720 722 δόκιμοι
3751 654 3880 722 λογι-

2279 749 2394 804 κῶν
2421 751 2714 822 προσάτων
2756 750 3014 821 ποιμένες
3045 748 3412 820 ὑπάρχοντες
3432 785 3452 808 ,
3489 745 3596 799 καὶ
3639 745 3772 816 πρὸς
3799 749 3880 818 τὴν

2279 841 2395 896 ἄνω
2426 841 2670 912 μάνδραν
2697 843 2907 911 φωναῖς
2929 839 3190 911 σύριγγος
3215 837 3646 908 πνευματικῆς
3680 837 3882 904 ἀνάγειν

2278 949 2339 986 τε
2387 933 2484 986 καὶ
2523 934 2811 1002 ἐπάγειν⁵⁹
2843 933 3068 998 εἰδότες,
3111 928 3197 985 οἷα
3213 933 3264 965 ⁶⁰
3318 931 3394 1002 δὴ
3448 928 3562 999 τῆς
3610 928 3880 997 ἀνεφίκτου

2279 1023 2394 1086 τοῖς
2422 1022 2605 1086 ἄλλοις
2634 1024 2748 1078 τῶν
2776 1023 2937 1077 θείων
2981 1021 3254 1092 μυστικῆς
3311 1018 3601 1088 γνώσεως
3647 1018 3747 1086 τὴν
3789 1018 3883 1083 ἕξιν

2280 1113 2710 1186 προειληφότεςο
2760 1113 2886 1169 καθ’
2943 1113 3012 1185 ἢν
3070 1114 3170 1181 τῆς
3223 1108 3498 1180 Χριστοῦ
3573 1107 3883 1176 Ἐκκ)-ησίας

2280 1203 2454 1272 ἀξίως
2486 1205 2897 1276 πεπιστωμένοι
2927 1203 3114 1275 ([16
3140 1203 3192 1271 b)
3218 1201 3364 1264 τοὺς
3390 1199 3606 1261 οἴακας
3626 1198 3756 1268 νηὸς
3777 1201 3884 1269 τρό-

2281 1312 2387 1350 πον
2415 1295 2800 1367 ἐπιστημόνως
2842 1293 3266 1362 ίθύνετερμετὰ
3294 1291 3406 1346 τοῦ
3437 1291 3655 1362 φόρτου
3687 1291 3783 1361 τῆς
3810 1293 3883 1345 πί-

2284 1371 2459 1451 στεως
2483 1386 2704 1458 καὶτῆς
2722 1385 2820 1442 τοῦ
2853 1385 2998 1440 κατὰ
3020 1385 3156 1440 Θεὸν
3189 1385 3316 1456 βίον
3348 1385 3738 1454 εὐπρεπείας,
3768 1385 3884 1454 πρὸς

2280 1479 2374 1533 τὸν
2419 1477 2616 1550 λιμένα
2661 1478 2758 1534 τοῦ
2795 1477 2944 1532 θείου
2975 1478 3287 1550 θελήματος
3315 1519 3335 1544 ,
3389 1475 3579 1547 μηδὲν
3620 1475 3732 1530 τῶν
3763 1479 3880 1531 κατὰ

2281 1570 2386 1641 τὴν
2418 1570 2702 1624 θάλασσαν
2729 1569 2823 1624 τοῦ
2857 1568 2974 1640 βίον
3019 1568 3363 1642 πειρασμῶν
3413 1567 3878 1638 παραϐλαϐεῖσαν.

2282 1657 2422 1728 Περὶ
2449 1657 2558 1710 τῶν
2587 1657 2945 1727 ἐγνωσμένων
2984 1657 3135 1729 ὑμῖν,
3175 1651 3254 1711 ὧν
3301 1656 3410 1711 καὶ
3445 1655 3737 1728 ἐξηγητὰς
3759 1658 3880 1728 ὑμᾶς

593 1759 880 1815 scicntiam
917 1757 1196 1827 superior,
1222 1754 1320 1810 sed
1355 1762 1413 1808 et
1443 1751 1598 1806 nullo
1629 1749 1848 1821 dignos,
1873 1757 1932 1803 et
1959 1747 2181 1818 penitus

2284 1747 2622 1818 κατέστησεν
2649 1750 2678 1803 ὁ
2717 1749 2852 1813 Θεὸς
2873 1791 2888 1814 ,
2919 1750 2982 1803 οὑ
3016 1745 3178 1820 μόνον
3206 1751 3346 1812 τοὺς
3382 1750 3788 1821 σοφωτέρους,
3815 1755 3876 1806 sic

590 1852 775 1908 onmis
831 1850 1120 1920 imperitos
1162 1845 1463 1908 doctrinae,
1511 1842 1622 1897 ﬁde
1679 1839 1998 1896 inveniendi
2046 1837 2182 1909 quid

593 1944 782 2000 nobile
813 1943 978 2000 etiam
1009 1939 1155 2011 apud
1191 1937 1262 2010 (ε)
1301 1934 1638 1999 immundos,
1664 1933 1809 1989 sicut
1836 1930 1986 1987 soliti
2019 1929 2180 1995 estis,

596 2035 885 2105 indignum
915 2033 1263 2102 interrogare
1292 2044 1405 2083 non
1431 2025 1656 2082 ducitis.
1677 2023 1756 2079 Ac
1785 2038 1886 2094 per
1909 2021 2016 2077 hoc
2039 2019 2184 2076 acci-

595 2123 758 2192 piens
795 2129 853 2176 et
882 2135 985 2191 ego
1016 2118 1392 2174 venerabilem
1421 2123 1662 2171 vestram
1701 2113 2016 2185 epistolam,
2041 2111 2182 2167 scri-

492 2203 499 2218 “
596 2214 730 2270 bere
767 2213 928 2268 vobis
962 2212 1250 2283 iubentem
1287 2209 1358 2264 de
1401 2220 1741 2277 unoquoque
1777 2203 2073 2260 dubiorum
2116 2201 2180 2275 (f)

594 2304 754 2359 vobis
791 2301 1161 2372 capitulorum
1195 2300 1252 2354 in
1286 2297 1464 2353 sancti
1499 2295 1742 2365 theologi
1775 2293 2026 2365 Gregorii
2059 2307 2183 2372 ser:

595 2365 886 2463 monibus,
931 2393 1001 2449 de
1051 2391 1258 2464 quibus
1310 2390 1558 2446 studium
1608 2388 1927 2452 habebam,‘
1957 2365 2192 2456 quando.

594 2503 720 2542 cum
752 2485 1212 2542 convenientibus
1241 2497 1416 2546 eram,
1443 2479 1717 2536 redditam
1747 2487 1882 2534 tunc
1908 2477 2181 2532 rationem

593 2579 883 2650 scripturae
921 2574 1269 2632 commendo.
1299 2575 1411 2630 Vos
1449 2572 1678 2643 quidem
1719 2571 1921 2626 merito
1955 2567 2184 2626 virtutis

593 2672 828 2725 miratus
875 2683 1030 2733 sum,
1067 2675 1125 2722 et
1165 2665 1221 2720 in
1267 2665 1384 2736 ipsa
1437 2664 1640 2720 claram
1677 2669 1858 2731 atque
1901 2659 2180 2715 excelsam

592 2761 816 2817 Christo
845 2760 1152 2830 placentem
1186 2766 1424 2812 vestram
1465 2752 1898 2824 hospitalitatem
1931 2749 2178 2814 laudavi,

593 2855 769 2926 magis
797 2867 932 2908 vero
961 2867 1060 2922 per
1083 2864 1304 2907 omnem
1335 2849 1559 2902 modum
1595 2860 1694 2916 per
1721 2859 1820 2900 vos
1849 2852 1907 2900 et
1933 2843 1993 2898 in
2021 2840 2183 2906 vobis

522 2937 530 2944 ’
593 2943 959 3016 gloriﬁcatum
983 2941 1302 3002 Dominum,
1329 2938 1422 3009 qui
1455 2937 1584 2992 fecit
1613 2951 1715 2991 vos
1747 2935 1813 2991 ad
1851 2936 1960 2990 hoe
1987 2933 2183 3004 dignos

594 3036 738 3101 fieri,
761 3035 1130 3104 donatamque
1153 3032 1223 3087 ab
1250 3032 1372 3102 ipso
1390 3030 1674 3096 virtutem,
1701 3029 1795 3098 qui
1823 3029 1939 3082 suis
1965 3025 2041 3098 (g)
2065 3040 2182 3081 ser-

2285 1855 2393 1908 περ
2414 1855 2498 1902 τις
2523 1837 2678 1910 ὑμῶν
2711 1840 2860 1895 ἐστιν
2879 1840 3019 1905 ὅλως
3047 1841 3190 1896 κατὰ
3216 1841 3324 1912 τὴν
3361 1840 3590 1910 γνῶσιν
3612 1841 3872 1914 ἀνώτερος,

2281 1929 2422 1984 ἀλλὰ
2450 1931 2547 1984 καὶ
2574 1931 2703 1995 τοὺς
2745 1931 2972 2002 μηδενὸς
3013 1931 3200 1997 ἀξίους
3226 1932 3332 1986 καὶ
3365 1933 3676 1996 παντελῶς
3704 1936 3874 1999 nam;

2281 2021 2548 2094 ἀπείρους
2601 2021 2924 2096 μαθήματος
2949 2063 2965 2088 ,
2998 2023 3182 2078 πίστει
3229 2023 3331 2078 τοῦ
3381 2025 3586 2097 εὑρεῖν
3615 2043 3692 2093 τι,
3723 2027 3871 2092 καθὼς

2281 2115 2512 2170 εἰώθατε
2535 2159 2552 2183 ,
2589 2118 2689 2172 καὶ
2735 2116 2896 2187 παρὰ
2924 2118 3037 2180 τοῖς
3071 2117 3315 2186 ἀσήμοις
3363 2117 3664 2188 ἐπίσημον
3693 2119 3868 2190 ἐρωτᾷν

2281 2206 2382 2277 οὑχ
2407 2202 2629 2278 ἡγεῖσθε
2663 2207 2901 2276 ἀνάξιον.
2925 2206 3016 2262 Διὸ
3044 2207 3202 2275 κάγὼ
3227 2207 3557 2279 δεξάμενος
3585 2210 3690 2281 τὴν
3713 2211 3866 2280 τιμίαν

2281 2297 2438 2368 ὑμῶν
2462 2297 2756 2370 ἐπιστολὴν
2780 2299 2873 2353 τὸν
2909 2301 3039 2370 περὶ
3073 2301 3312 2354 ἑκάστου
3345 2301 3470 2354 τῶν
3499 2301 3856 2374 ἀπορηθὲνιιιν

2283 2391 2414 2464 ὑμῖν
2429 2391 2471 2424 ⁸⁸
2505 2390 2820 2460 κεφαλαίων
2850 2393 2908 2444 ἐν
2938 2393 3050 2452 τοῖς
3098 2390 3194 2444 τοῦ
3241 2390 3415 2459 ἁγίου
3465 2391 3776 2464 Γρηγορίου
3795 2391 3862 2445 τοῦ

2283 2484 2606 2553 Θεολόγουη
2657 2484 2872 2552 λόγοις,
2919 2483 3050 2554 περὶ
3097 2475 3174 2540 ὧν
3220 2483 3684 2556 ἐφιλοπονοῦμεν
3733 2485 3862 2556 ἡνίκα

2285 2577 2385 2630 σὺν
2413 2574 2666 2648 ἀλλήλοις
2693 2571 2840 2647 ἦμεν
2858 2617 2874 2640 ,
2907 2574 3246 2629 ἀποδοθέντα
3279 2575 3347 2628 τὸ
3379 2573 3708 2644 τηνικαῦτα
3734 2574 3862 2643 λόγου

2283 2669 2472 2738 γραφῇ
2517 2666 2878 2738 καταθεμένῳ
2906 2665 3114 2720 στεῖλαι
3154 2666 3288 2736 ὑμῖν
3340 2666 3714 2729 κελεύουσαν,
3747 2665 3862 2734 ὑμᾶς

2288 2757 2388 2826 μέν
2417 2757 2647 2822 εἰκότως
2677 2757 2778 2828 τῆς
2811 2757 3016 2828 ἀρετῆς
3047 2755 3345 2827 ἐθαύμασα
3375 2757 3482 2812 καὶ
3508 2757 3617 2826 τῆς
3647 2755 3762 2810 κατ’
3785 2755 3862 2808 αὑ-

2281 2849 2384 2920 τὴν
2431 2848 2870 2922 χριστοπρεποῢς
2915 2848 3074 2921 ὑμῶν
3121 2849 3478 2920 πτωχείας⁶³
3521 2849 3587 2902 τὸ
3637 2848 3861 2918 παμφαὲς

2283 2940 2382 2995 καὶ
2418 2939 2626 3010 ὑψηλὸν
2673 2940 2964 3012 ἀνύμνησα
2987 2981 3003 3006 ,
3057 2939 3258 3010 μᾶλλον
3292 2939 3354 2994 δὲ
3404 2941 3510 2993 τὸν
3545 2939 3689 2994 κατὰ
3717 2937 3862 2990 πάντα

2283 3033 2486 3105 τρόπον
2521 3032 2592 3088 δι’
2623 3032 2779 3104 ὑμῶν
2807 3049 2867 3086 τε
2897 3034 2991 3087 καὶ
3017 3035 3076 3086 ἐν
3103 3033 3230 3103 ὑμῖν
3249 3031 3634 3103 δοξαζόμενον
3663 3030 3856 3102 Κύριον,

593 3125 681 3180 vis
703 3099 804 3194 per
823 3133 1006 3178 vestra
1028 3099 1197 3193 opera
1217 3099 1467 3177 veritatis
1489 3131 1679 3190 aperte
1701 3117 2176 3190 pulchritudinem

2284 3099 2378 3178 τδν
2409 3123 2506 3178 καὶ
2538 3099 2847 3196 ποιήσαντα
2877 3123 3026 3192 ὑμᾶς
3054 3099 3153 3176 καί
3174 3122 3278 3194 τὴν
3305 3099 3552 3193 πρὸς-τὸ
3587 3099 3762 3188 ἀξίους
3789 3119 3860 3171 αὑ-

595 3217 934 3281 manil‘estat,
960 3230 1136 3286 usque
1169 3214 1240 3270 ad
1267 3229 1357 3270 me
1391 3227 1644 3284 parvum,
1671 3220 1730 3267 et
1752 3211 1904 3266 nullo
1929 3210 2179 3280 dignum,

595 3316 654 3362 et
699 3305 1014 3373 indoctum,
1057 3312 1115 3361 et
1155 3305 1308 3359 omni
1359 3302 1570 3357 nudum
1614 3303 1843 3358 omnino
1877 3303 2084 3356 virtute
2127 3311 2184 3356 et

596 3397 852 3452 scientia.
890 3395 970 3451 Ac
1011 3412 1112 3467 per
1152 3397 1257 3450 hoc
1305 3395 1626 3450 humiliatos
1671 3393 2062 3457 considerans,
2094 3407 2184 3448 me

598 3489 780 3558 ipsum
811 3489 1068 3558 accipere
1096 3496 1342 3542 vestrum
1377 3495 1712 3557 praeceptum
1745 3484 2047 3540 secundum
2074 3486 2186 3539 vir-

596 3589 772 3635 tutem
809 3580 1208 3650 compuleram,
1235 3578 1366 3632 dum
1401 3578 1456 3632 in
1490 3577 1644 3632 nullo
1680 3577 2010 3632 temerarius
2037 3577 2187 3632 aesti-

597 3673 790 3726 mabor
822 3671 1012 3725 multis
1043 3669 1213 3725 vestri
1255 3669 1431 3739 gratia
1469 3668 1680 3724 faciens
1719 3683 2054 3744 sermonem,
2087 3665 2185 3722 sed

595 3773 652 3819 et
679 3779 778 3818 vos
807 3771 1016 3834 gratam
1051 3770 1108 3816 et
1135 3763 1431 3816 amabilem
1464 3760 1838 3816 obaudientia:
1871 3759 2184 3814 mercedem

596 3856 852 3925 accipere
881 3855 1224 3924 exspectanti
1255 3862 1471 3908 vestras
1496 3852 1757 3907 videlicet
1788 3851 2072 3906 orationes
2101 3849 2188 3904 in-

599 3957 779 4002 tentas
803 3953 1070 4001 consuete
1094 3943 1394 4007 donabitis,
1417 3950 1478 3997 ut
1497 3941 1756 3998 Christus
1779 3939 2066 4005 Dominus,
2089 3937 2185 4009 qui

597 4049 685 4109 est
713 4044 965 4108 paratum
999 4034 1312 4090 timentium
1347 4049 1406 4088 se
1438 4031 1796 4104 adiutorium,
1828 4029 2018 4085 veniat
2047 4029 2186 4084 mihi

599 4129 876 4185 sermonis
901 4128 1154 4200 adjutor;
1187 4125 1362 4196 magis
1385 4133 1568 4181 autem
1595 4124 1832 4179 dicendo
1862 4131 2040 4178 totum
2071 4123 2183 4194 pie,

601 4231 665 4276 nt
705 4220 950 4277 Verbum
1002 4217 1272 4289 largiatur
1317 4217 1572 4271 verbum.
1617 4215 1792 4270 Posce
1849 4220 2035 4268 autem
2082 4227 2184 4268 vos

600 4312 970 4386 postulantes,
995 4327 1068 4366 ne
1097 4321 1347 4366 ornatam
1379 4308 1641 4378 quaeratis
1675 4323 1704 4362 a
1740 4323 1828 4364 me
1858 4305 2185 4371 dictionem,

2283 3216 2378 3272 τοῦ
2417 3207 2676 3286 γενέσθαι
2715 3215 3070 3287 χαρισθεῖσαν
3101 3214 3231 3286 ὑμῖν
3261 3214 3515 3285 δύναμιν
3548 3217 3663 3277 τοῖς
3691 3209 3856 3266 ἑαυτοῦ

2289 3307 2545 3377 ῖδιώμασι
2571 3306 2638 3362 δι’
2668 3306 2850 3361 αὐτῶν
2882 3306 2992 3360 τῶν
3007 3307 3052 3339 ⁸⁸
3101 3305 3279 3376 ἔργων
3322 3306 3428 3361 καὶ
3475 3307 3581 3377 τῆς
3630 3303 3859 3374 ἀληθείας

2286 3399 2558 3470 ἅριδήλως
2590 3397 2945 3470 ὡραῖσμένην
2979 3397 3330 3468 ἐκφαίνοντες,
3367 3399 3576 3470 μέχρις
3621 3395 3748 3468 ἐμοῦ
3779 3391 3854 3446 τοῦ

2290 3489 2492 3564 μικροῦ
2523 3490 2618 3544 καὶ
2653 3489 2886 3562 μηδενὸς
2931 3488 3085 3555 ἀξίου
3129 3489 3228 3544 καὶ
3257 3489 3521 3560 ἀμαθοῦς
3567 3489 3665 3544 καὶ
3704 3487 3858 3552 πάσης

2285 3581 2500 3654 γυμνοῦ
2535 3581 2888 3636 παντάπασιν
2915 3581 3118 3653 ἀρετῆς
3144 3582 3240 3635 καὶ
3271 3583 3565 3650 γνώσεως.
3598 3579 3728 3650 Περὶ
3751 3576 3854 3629 τού-

2286 3692 2382 3730 του
2409 3673 2850 3737 ταπεινωθέντας
2883 3673 3156 3745 θεώμενος
3186 3675 3436 3745 ὲμαυτὺν
3462 3675 3523 3728 δὲ
3575 3674 3595 3744 (
3620 3671 3767 3742 117
3793 3667 3853 3738 α)

2288 3764 2693 3830 καταδέξασθαι
2719 3765 2876 3836 ὑμῶν
2899 3765 2963 3820 τὸ
2992 3767 3279 3837 ἐπίταγμα
3299 3767 3451 3820 κατὰ
3473 3765 3707 3835 δύναμιν
3730 3760 3853 3814 ἐϐια-

2291 3853 2494 3926 σάμηνο
2532 3853 2740 3926 μηδένα
2779 3853 2878 3908 τοῦ
2929 3855 3214 3927 προπετὴς
3241 3855 3577 3926 νομισθῆναι
3605 3854 3714 3916 τοῖς
3741 3846 3851 3902 πολ-

2285 3945 2401 4010 λοῖς
2459 3946 2613 4018 ὑμῶν
2675 3945 2838 4018 χάριν
2897 3945 3273 4016 ποιησάμενος
3333 3947 3500 4017 λόγον
3521 3963 3536 3978 ο
3599 3941 3733 3998 ἀλλὰ
3774 3935 3852 3990 καὶ

2289 4039 2449 4108 ὑμεῖς
2474 4038 2566 4092 τδν
2595 4038 2870 4109 προσφιλῆ
2901 4038 2998 4093 καὶ
3023 4039 3288 4110 ἐράσμιον
3313 4039 3418 4108 τῆς
3451 4035 3756 4096 εὐπειθείας
3773 4045 3849 4100 μιο

2291 4129 2418 4184 σθδν
2457 4129 2770 4184 ἀντιλαϐεῖν
2807 4129 3152 4200 ἐκδεχομένῳ
3182 4129 3284 4194 τάς
3315 4129 3606 4200 ὑμετέρας
3639 4121 3848 4178 ἐκτενεῖς

2288 4222 2456 4292 εὐχὰς
2483 4220 2735 4293 συνήθως
2763 4221 3088 4294 χαρίσασθε.
3113 4221 3266 4294 ὅπως
3307 4219 3552 4292 Χριστὸς
3583 4221 3612 4270 ὁ
3635 4215 3786 4276 Θεὸς,
3818 4209 3845 4274 ἠ

2290 4311 2480 4383 ἑτοίμη
2513 4311 2625 4366 τῶν
2651 4293 3006 4383 φοϐουμένων
3038 4293 3202 4366 αὑτὸν
3233 4311 3463 4382 βοήθεια
3481 4351 3498 4373 .
3535 4310 3678 4363 ἔλθοι
3705 4305 3747 4338 ⁸⁸
3771 4317 3844 4374 μαι

600 4407 696 4478 qui
748 4412 1012 4460 ornantes
1063 4402 1314 4458 auditum
1365 4416 1652 4457 sermones
1703 4415 1813 4455 non
1869 4398 2078 4463 habeo,
2128 4405 2181 4453 et

2288 4401 2368 4473 τῷ
2408 4402 2555 4482 λόγῳ
2585 4402 2907 4474 σύμμαχος,
2943 4399 3146 4474 μᾶλλον
3173 4401 3232 4456 δέ
3263 4402 3356 4455 τὸν
3397 4401 3496 4456 τοῦ
3539 4399 3714 4468 λέγειν
3744 4394 3840 4448 ὅλον

602 4497 842 4555 curiosis
877 4496 952 4565 (h)
985 4495 1208 4552 bombis
1237 4494 1481 4548 ambitus
1512 4493 1694 4548 facere
1729 4492 1944 4563 ignoro.
1969 4491 2181 4548 Talium

2291 4495 2538 4558 εὐσεϐῶς
2567 4495 2645 4560 ὡς
2693 4495 2870 4564 Λόγος
2901 4495 3201 4567 χορηγήσοι
3234 4493 3416 4564 λόγον.
3463 4492 3624 4560 Ἀξιῶ
3649 4491 3706 4544 δὲ
3726 4485 3842 4557 ὑμᾶς

601 4590 762 4654 ειιίω
782 4589 1161 4646 doctrinarum
1195 4588 1326 4643 dum
1359 4587 1463 4642 sim
1498 4587 1739 4651 inscius,
1765 4594 1823 4641 et
1861 4601 2040 4649 curae,
2065 4599 2190 4654 qua:

603 4679 661 4734 in
693 4679 776 4734 eis
807 4686 914 4744 est,
941 4678 1380 4750 magnitudinem
1409 4692 1518 4732 non
1548 4676 1918 4741 constituens,
1947 4675 2192 4731 dilectis-

603 4771 805 4826 simum
836 4786 963 4826 reor
987 4782 1157 4840 atque
1185 4767 1454 4839 optabile,
1477 4767 1524 4822 si
1551 4781 1777 4822 sensum
1807 4757 1990 4836 magni
2023 4765 2191 4836 huius

603 4871 662 4917 et
686 4861 860 4917 sancti
887 4861 1158 4932 magistri,
1179 4860 1286 4916 etsi
1315 4859 1547 4915 confusa
1573 4858 1982 4928 explanatione,
2001 4858 2192 4914 ethoc

605 4951 1012 5021 aliquantulum
1052 4949 1480 5014 considerarim,
1516 4965 1629 5005 non
1670 4958 1857 5004 tamen
1892 4948 2189 5020 multiplici

604 5059 772 5100 versu
803 5043 1206 5116 expositionem
1235 5041 1671 5098 honorificando.
1696 5041 2010 5113 Theologus
2037 5041 2188 5098 enim

2289 4587 2725 4658 ἐντυγχάνοντας
2745 4627 2760 4652 ,
2809 4586 2887 4658 μὴ
2935 4586 3036 4656 τὴν
3070 4585 3549 4657 κεκομψευμένην
3599 4576 3838 4647 ἐπιζητεῖν

2291 4678 2430 4750 πρὸς
2477 4677 2616 4750 ἐμοῦ
2660 4678 2832 4746 λέξιν,
2875 4679 3002 4740 τοὺς
3031 4678 3522 4750 περικομποῦντας
3561 4675 3660 4743 τὴν
3701 4667 3838 4734 ἀκοὴν

2289 4770 2486 4839 λόγους
2542 4769 2646 4826 οὑκ
2701 4768 2938 4840 ἔχοντος,
2977 4770 3070 4824 καὶ
3134 4771 3254 4832 ταῖς
3312 4768 3631 4841 περιέργοις
3679 4757 3838 4828 τομαῖς

2292 4860 2744 4933 ἐμπεριηχήτους
2771 4861 2950 4913 ποιεῖν
2977 4857 3324 4928 ἀγνοοῦντος.
3371 4855 3626 4932 Ἀτρισὴς
3648 4851 3746 4920 γάρ
3780 4842 3840 4897 ὣν

2293 4951 2406 5006 τῶν
2437 4951 2698 5006 τοιούτων
2731 4951 3098 5024 μαθημάτων,
3125 4951 3221 5006 καὶ
3252 4951 3354 5022 τῆς
3391 4951 3479 5004 ἐπ’
3507 4948 3682 5008 αὐτοῖς
3707 4935 3836 5012 μελέ-

2296 5059 2398 5116 της
2443 5043 2675 5115 ἄπειρος
2701 5043 3016 5114 τυγχάνων,
3045 5041 3332 5114 ἀγαπητὸν
3357 5037 3599 5114 ἡγοῦμαι
3638 5034 3725 5091 καὶ
3758 5029 3836 5083 ἐπ-

1923 5156 2164 5214 VARIE
2205 5157 2614 5214 LECTIONES.

659 5251 708 5283 ⁸⁸
731 5251 858 5323 Haec
885 5253 1142 5323 imperite
1169 5251 1338 5308 vertit
1363 5250 1766 5323 sectus,un
1798 5251 2026 5323 cuilibet
2053 5258 2226 5323 patet.
2253 5250 2452 5322 (Cale).
2513 5253 2560 5286 ”
2582 5251 2882 5323 ἐπανάγειν
2921 5251 3012 5308 ed.
3057 5250 3182 5323 Cal.
3261 5253 3309 5286 “
3343 5251 3539 5323 Scottis
3570 5243 3698 5323 male
3729 5230 3835 5323 Ιοβξῑ

606 5321 748 5375 οῑαν.
797 5321 996 5390 male.)
1089 5325 1130 5392 ν
1184 5324 1318 5392 ἡμῖν
1377 5321 1468 5376 ed.
1514 5321 1638 5392 Cal.

1759 5323 1807 5394 εξ
1863 5315 2114 5394 θεολόγον
2165 5315 2472 5394 Ῑῖρήγορίου
2510 5323 2611 5394 ed.
2633 5321 2756 5394 Gal.
2775 5315 2786 5321 ’
2839 5323 2886 5394 ξ’
2908 5325 3006 5394 καὶ
3021 5320 3084 5374 τὸ
3103 5324 3367 5394 παμφαὲς
3407 5320 3524 5376 κατ’
3553 5315 3708 5382 αὐτὴν
3734 5319 3830 5377 κρι-

611 5393 954 5460 στοπρεποῦς
988 5391 1144 5464 ὑμῶν
1171 5389 1447 5463 πτωχείας
1469 5391 1559 5446 ed.
1589 5391 1708 5446 Gal.
1772 5391 1817 5424 “
1837 5390 1942 5444 τῶν
1969 5391 2129 5447 abest
2157 5389 2227 5446 ab
2255 5389 2347 5446 ed.
2372 5389 2492 5446 Gal.
2566 5393 2614 5426 ⁸⁸
2636 5392 2767 5464 ἔλθῃ
2785 5391 2878 5448 ed.
2911 5391 3031 5449 Gal.

2093 5485 2328 5542 ΝΟΤΑΞ.

681 5569 758 5646 (ά)
792 5573 962 5646 Yerte
989 5574 1150 5646 nobis.
1183 5573 1385 5646 (Gale.)
1574 5645 1609 5646 κέ
1667 5632 1698 5646 γ.

683 5641 753 5726 (Iri)
781 5641 965 5726 Credo
991 5641 1208 5726 legerat;
1229 5641 1524 5726 άσέμνους.
1561 5645 1762 5718 (Gale.)

685 5707 750 5778 (ﬂ
781 5710 926 5781 Lege
949 5707 1116 5766 nobis.
1149 5707 1350 5785 (Cale)

2373 5576 2448 5651 (9)
2467 5579 2668 5651 Scoﬁtus
2681 5579 2886 5650 legisse
2905 5580 3128 5637 videtur
3147 5581 3321 5644 ἰδίοις,
3340 5579 3484 5651 quod
3505 5555 3824 5651 ἰηξρωξηςξξῖς

2373 5578 2426 5647 (9
2467 5579 2668 5634 Scotus
2681 5579 2886 5650 legisse
2905 5580 3128 5637 videtur
3147 5581 3321 5644 ἰδίοις,
3340 5579 3484 5651 quod
3505 5576 3822 5644 ineptuithl.

2370 5576 2448 5718 (Ιιζ
2479 5650 2624 5722 Quid
2648 5651 2965 5722 hic_Scotns
2989 5652 3190 5722 legerit
3215 5651 3510 5722 incertum.
3543 5623 3822 5722 Topglg'lll‘d

2291 5696 3190 5792 sin‘i"ei‘;iii£ai"$833553;
3213 5696 3630 5789 ἱὶῗᾶἔῑέόἓηῐίεὶ
3655 5696 3816 5782 (Gala)-
