3998 6356
281 357 424 429 Ῑθθό

1483 358 2003 421 AMBIGUORUM
2042 356 2293 419 LIBER.

3400 362 3419 425 1
3432 362 3538 425 066

278 471 497 534 ευκτὸν,
524 470 573 523 εί
595 468 693 540 τῆς
716 467 954 531 διανοίας
977 465 1069 521 τοῦ
1096 465 1252 535 ἁγίου
1272 464 1463 518 τούτου
1495 465 1590 518 καὶ
1616 464 1852 535 μεγάλου

1965 466 2060 519 iste
2092 463 2198 529 vir,
2226 463 2369 516 sicut
2400 461 2574 527 scitis,
2604 462 2790 518 brevis
2821 463 3170 519 sermonibus
3198 462 3329 518 dum
3363 462 3456 529 sit,
3482 473 3543 519 et

278 560 628 625 διδασκάλου,
661 558 764 613 κᾶν
792 560 851 611 ὲν
882 557 1077 629 χυδαίᾳ
1103 557 1321 627 φράσει,
1344 554 1619 609 καὶτοῦτο
1647 554 1852 617 ποσῶς,

280 653 782 723 καταστοχάσαιμι,
811 653 942 721 μήτι
970 650 1026 703 δὲ
1044 650 1091 681 ⁸⁸
1106 648 1182 718 τῷ
1208 646 1514 716 πολυστίχῳ
1536 644 1645 698 τῶν
1664 645 1858 715 ἐξηγή-

281 761 425 799 σεων
450 746 834 814 έσιτισκήπτειν.
876 743 941 794 '0
960 741 1224 808 Θεολόγος
1262 738 1371 809 γὰρ
1396 732 1553 799 οὗτος
1580 737 1719 807 ἀνὴρ
1736 779 1750 801 ,
1780 735 1854 799 ώς

279 834 403 887 τστε
428 874 443 900 ,
483 833 819 905 βραχυλόγος
863 832 1126 902 ὑπάρχων
1171 830 1267 882 καὶ
1305 827 1567 890 πολύνους
1611 827 1856 895 ἀνάγκην

277 927 467 980 δίδωσι
500 925 580 995 τῷ
620 923 887 989 ὲξαπλοῦν
920 921 1230 993 βουλομένῳ
1278 920 1369 971 τὸν
1412 917 1575 971 αὐτοῦ
1629 915 1852 981 σκοπὸν,

278 1018 386 1071 κᾶν
437 1018 466 1071 ὁ
520 1015 953 1088 ρητορικώτατος
1112 1012 1207 1064 καὶ
1257 1008 1715 1080 φιλοσοφώτατος,
1767 1007 1856 1061 διά

276 1107 492 1161 πολλῶν
538 1107 717 1171 ἰέναι,
767 1106 862 1159 καὶ
893 1103 1131 1175 μάλιστα
1171 1103 1296 1173 ἐμοὶ
1335 1101 1412 1171 τῷ
1464 1098 1673 1170 ἰδιώτῃ·
1712 1098 1759 1150 εί
1809 1097 1855 1150 δ’

276 1194 428 1266 ὑμᾶς
457 1194 704 1265 συνήθως
729 1196 759 1247 ὁ
791 1192 1043 1263 θεοφιλὴς
1072 1192 1391 1262 ἁνακινήσοι
1438 1187 1598 1257 ζῆλος
1628 1188 1766 1257 πρὸς
1796 1186 1856 1239 τὸ

277 1285 548 1356 σύντομον
597 1285 715 1355 ἅμα
756 1286 852 1338 atat
896 1284 1163 1356 εὐφραδὲς
1203 1283 1275 1336 τὰ
1312 1281 1641 1351 γραφόμενα
1690 1294 1856 1349 μετα-

274 1377 528 1450 κομίσαι,
558 1378 591 1448 ἢ
622 1378 718 1431 καὶ
750 1370 858 1431 τὸν
876 1377 999 1431 νοῦν
1033 1376 1153 1429 ὅλον
1188 1372 1589 1443 διορθώσασθαι
1633 1372 1770 1441 πρὸς
1793 1370 1857 1423 τὸ

274 1469 634 1540 ὑψηλότερον,
665 1468 857 1539 μισθὸν
899 1467 1163 1536 αὐτοτελῆ
1194 1463 1452 1534 λήψεσθε,
1482 1462 1582 1525 τὰς
1606 1461 1700 1514 τοῦ
1735 1461 1855 1514 θεο-

274 1559 447 1629 φόρου
481 1561 618 1632 πρὸς
649 1561 741 1614 τὸν
772 1559 1053 1628 Δεσπότην
1081 1558 1191 1609 τῶν
1238 1556 1374 1609 ὅλων
1407 1554 1577 1624 εὐχὰς
1601 1594 1616 1619 ,
1648 1553 1746 1606 ἅτε
1779 1551 1855 1623 μὴ

275 1653 740 1724 συγχωρήσαντες
770 1652 789 1720 (
821 1650 975 1720 117
1004 1649 1070 1719 b)
1102 1646 1271 1702 αὐτοῦ
1306 1648 1375 1700 τὰ
1412 1646 1532 1700 θεῖα
1559 1646 1655 1697 καὶ
1686 1645 1857 1711 ὑπερ-

272 1743 389 1821 φυῆ
419 1746 667 1815 νοήματα
710 1745 830 1805 ταῖς
861 1739 1216 1801 ἁποτεύκτοι;
1234 1739 1276 1771 ⁵⁷
1313 1739 1407 1791 καὶ
1452 1735 1854 1807 χαμαιπετέσιν

1960 554 2165 609 multus
2206 554 2939 619 intellectu,necessitatem
2980 556 3074 610 dat
3114 556 3406 625 explanare
3447 569 3544 610 νος

1957 644 2092 698 lenti
2117 646 2237 715 ejus
2265 643 2652 711 intentionem,
2672 647 2774 700 etsi
2799 646 3224 702 facundissimus
3244 656 3302 702 et
3325 648 3543 717 sapien-

1962 736 2211 791 tissimus
2240 736 2299 807 (i)
2332 739 2389 791 in
2422 738 2609 793 multis
2641 740 2733 804 sit,
2759 747 2815 792 et
2842 739 3014 809 magis
3041 739 3176 793 mihi
3209 740 3450 794 indocto.
3481 739 3539 794 Si

1956 842 2095 881 vero
2124 841 2222 881 vos
2249 839 2511 883 consuete
2541 828 2653 882 Deo
2675 828 2924 884 amabilis
2951 829 3182 883 moverit
3209 831 3382 894 zelus,
3407 830 3550 883 dum'

1956 917 2024 972 ad
2074 918 2245 972 breve
2288 918 2450 973 simul
2497 935 2560 973 ac
2604 919 2827 988 planum
2868 935 2951 985 ea,
2985 936 3105 991 quae
3146 921 3350 990 scripta
3388 931 3538 984 sunt,

1957 1009 2280 1074 deferimus,
2311 1025 2412 1064 nos
2444 1011 2616 1079 magis
2652 1027 2814 1080 quam
2849 1021 3021 1067 totum
3058 1013 3400 1066 intellectum
3434 1013 3543 1066 eri—

1957 1101 2136 1172 gimus
2169 1101 2237 1155 ad
2275 1102 2329 1156 id
2365 1103 2512 1171 quod
2545 1104 2819 1159 excelsius
2852 1113 2968 1169 est,
2998 1106 3311 1160 mercedem
3349 1121 3449 1176 per
3481 1121 3541 1160 se

1957 1192 2253 1262 perfectam
2285 1195 2589 1264 accipietis,
2617 1196 2815 1250 Dciferi
2842 1197 2989 1253 illius
3018 1197 3230 1253 scilicet
3259 1198 3326 1253 ad
3356 1199 3543 1253 Domi-

1956 1299 2092 1338 num
2140 1287 2393 1339 omnium
2443 1289 2752 1353 orationes,
2783 1298 2973 1359 utpote
3015 1305 3127 1344 non
3174 1291 3542 1347 concedentes

1958 1376 2082 1445 ejus
2106 1375 2324 1431 divinos
2351 1386 2407 1432 et
2433 1381 2884 1448 supernaturales
2909 1382 3223 1436 intellectus
3251 1384 3452 1452 spretis
3478 1399 3543 1438 ac

1958 1467 2165 1521 vilibus
2216 1468 2449 1523 tractari
2501 1472 3077 1542 contemplationibus.
3126 1473 3544 1544 Consequentcr

1957 1565 2140 1613 autem
2174 1569 2373 1616 vestra:
2412 1562 2660 1632 epistolae
2698 1580 2799 1634 per
2836 1566 3050 1636 singula
3089 1566 3266 1635 capita
3306 1566 3541 1636 inquisi-

1958 1647 2169 1703 tionem
2212 1649 2340 1713 feci,
2374 1659 2430 1706 et
2471 1652 2671 1708 litteris
2718 1655 3120 1721 commendavi,
3155 1656 3351 1712 bonos‘
3375 1665 3541 1727 atque

1959 1738 2356 1795 misericordes
2373 1755 2473 1796 vos
2498 1757 2690 1798 eorum
2718 1760 2841 1815 qua:
2863 1745 3011 1801 dicta
3040 1755 3169 1801 sunt
3184 1746 3399 1818 judices
3421 1746 3541 1801 fieri

269 1812 555 1900 έπιῦολαίς
588 1833 1027 1905 παρασύρεσθαι.
1069 1829 1408 1893 ’Δκολούθως
1432 1830 1489 1883 δὲ
1521 1831 1586 1898 τῇ
1611 1828 1856 1897 ὑμετέρᾳ
1887 1812 1929 1866 Β
1958 1824 2283 1895 deprecans.

267 1930 533 2000 ἐπιστολῇ
598 1931 698 2000 τήν
766 1928 897 1999 περὶ
929 1927 1163 1981 ἑκάστου
1206 1923 1506 1994 κεφαλαίου
1554 1920 1927 1991 ποιησάμενος
1965 1920 2196 1991 ζήτησιν
2247 1925 2560 1997 κατεθέμην
2613 1928 2693 1999 τῷ
2747 1929 3066 2002 γράμματι,
3120 1934 3392 2002 χρηστοὺς
3446 1935 3542 1987 καὶ

265 2021 693 2095 φιλανθρώπους
720 2021 864 2092 ὑμᾶς
895 2020 1004 2074 τῶν
1034 2018 1343 2089 λεγομένων
1368 2014 1563 2087 κριτὰς
1596 2011 1853 2083 γενέσθαι
1889 2012 2247 2084 παρακαλῶν.

280 2208 391 2264 Ἐκ
417 2208 523 2264 τοῦ
557 2208 691 2277 περὶ
728 2208 1140 2278 φιλοπτωχίας
1167 2205 1377 2273 λόγου,
1417 2202 1505 2267 είς
1531 2199 1619 2264 τὸ,
1672 2216 1690 2251 ι
1721 2188 1879 2252 Φει-’

346 2302 524 2371 δομαι
562 2301 644 2365 ὡς
684 2298 986 2367 συνεργοῦ
1011 2338 1026 2362 ,
1071 2296 1170 2350 καί
1222 2297 1335 2348 οὐκ
1366 2292 1485 2362 ἔχω
1522 2289 1649 2356 πῶς
1688 2291 1854 2359 φύγω

344 2395 464 2464 τὴν
495 2384 939 2453 ἐπανάστασιν,
976 2391 1015 2459 ἢ
1051 2387 1179 2455 πῶς
1217 2387 1304 2457 μὴ
1337 2386 1457 2440 ἀπὸ
1489 2383 1637 2438 Θεοῦ
1688 2381 1855 2435 πέσω

337 2486 631 2555 βαρηθεὶς
677 2483 808 2550 ταῖς
870 2482 1082 2547 πέδαις
1140 2476 1574 2542 κατασπῶσαις
1622 2476 1662 2541 ἣ
1722 2488 1855 2527 κατ’·

343 2582 635 2650 εχούσαις
661 2581 748 2643 είς
777 2576 1001 2645 ἔδαφος
1044 2573 1142 2645 (l).
1192 2591 1211 2622 ι

345 2673 423 2726 Οὐ
456 2671 649 2724 ταυτὸν
665 2668 741 2739 τῷ
764 2664 1189 2723 κατασπᾶσθαι
1209 2664 1269 2716 τὸ
1285 2662 1646 2731 κατέχεσθαι
1665 2659 1852 2731 νενόη-

263 2783 364 2820 ται
393 2762 471 2833 τῷ
506 2760 764 2831 μακαρίῳ
790 2757 965 2827 τούτῳ
991 2756 1144 2826 ἀνδρὶ
1161 2795 1175 2820 ,
1209 2753 1283 2824 μὴ
1308 2753 1449 2806 οὕτω
1475 2752 1726 2822 νομίσῃς,
1763 2750 1853 2804 δο-

270 2855 577 2928 κιμώτατε,
611 2855 771 2922 εἰπερ
798 2853 851 2904 τί
885 2867 966 2903 σοι
1001 2851 1142 2902 νοεῖν
1175 2849 1274 2917 τῆς
1299 2846 1465 2899 αὐτοῦ
1497 2844 1855 2916 μεγαλονοίας

267 2949 428 3013 ἄξιον
456 2944 911 3000 διεσπούδασται·
941 2941 1065 2994 ἐπεὶ
1093 2943 1346 3010 περιττὸς
1370 2937 1515 2991 οὓτω
1537 2940 1650 2999 τοῖς
1675 2934 1855 3004 λόγοις

270 3040 370 3094 καὶ
404 3038 495 3091 τὸν
523 3036 648 3091 νοῦν
676 3035 754 3106 τῷ
783 3028 929 3103 λόγῳ
962 3033 1038 3105 μὴ
1072 3032 1432 3101 ἐφιστάμενον
1459 3030 1602 3101 ἔχων
1641 3031 1854 3098 ἀναφασ

1957 2197 2045 2253 Ea:
2090 2216 2330 2255 sermone
2377 2202 2441 2256 de
2476 2204 2869 2276 hospitalitate,
2901 2205 2956 2260 in
3002 2209 3097 2261 hoc
3141 2224 3160 2261 :
3209 2226 3227 2258 ι
3274 2207 3445 2262 Parca
3484 2217 3544 2262 ut

2027 2295 2388 2363 cooperatori,
2420 2304 2469 2348 et
2502 2312 2605 2350 non
2639 2298 2803 2350 habeo
2834 2299 3093 2368 quomodo
3126 2299 3330 2369 fugiam
3362 2316 3548 2371 super-

2027 2391 2260 2450 ventum,
2298 2394 2393 2439 aut
2432 2388 2693 2456 quomodo
2735 2404 2839 2441 non
2884 2406 2914 2443 a
2956 2388 3067 2441 Deo
3103 2387 3313 2453 cadam,
3347 2406 3547 2459 grava-

2026 2484 2111 2530 tus
2165 2476 2234 2546 (j)
2284 2477 2460 2547 pueris
2510 2477 2883 2549 deripientibus
2942 2486 3035 2532 aut
3089 2478 3435 2533 deﬂuentibus
3486 2481 3544 2534 in

2028 2573 2247 2618 terram.
2285 2584 2302 2616 ι

2026 2655 2147 2710 Non
2177 2657 2232 2711 id
2263 2658 2444 2727 ipsum
2483 2659 2655 2730 deripi
2688 2660 2836 2730 quod
2864 2671 2949 2716 est
2979 2662 3205 2718 detineri
3235 2665 3414 2720 visum
3458 2675 3546 2720 est

1954 2745 2118 2800 beato
2150 2745 2282 2800 huic
2302 2747 2452 2813 viro;
2475 2764 2654 2818 neque
2675 2749 2755 2803 sic
2771 2751 3085 2817 arbitreris,
3120 2754 3544 2822 probatissimo,

1954 2834 1999 2889 si
2025 2835 2161 2904 quid
2200 2836 2299 2890 tibi
2324 2838 2633 2908 intelligere
2652 2840 2826 2909 ipsius
2848 2843 3299 2911 magnanimitate
3315 2846 3546 2916 dignum

1955 2926 2321 2982 sollicitudini
2369 2929 2462 2983 sit.
2493 2930 2631 2985 Nam
2674 2932 2991 3002 superfluus
3042 2936 3232 2991 verbis
3283 2946 3339 2993 et
3378 2938 3547 2992 intel-

1955 3015 2163 3071 lectum
2190 3031 2480 3073 sermones
2497 3021 3005 3089 super-eminentem
3034 3039 3145 3078 non
3177 3024 3391 3080 habens
3422 3042 3546 3083 ma-

269 3132 502 3203 νήσεται
525 3172 539 3192 ,
571 3100 738 3199 εἴπερ⁷
765 3127 838 3198 μὴ
860 3100 1036 3197 πάσῃῗ
1072 3100 1308 3194 συλλαϐῇ
1359 3100 1546 3193 σχεδὸν
1587 3121 1686 3192 τήν
1722 3121 1856 3192 πρέ-

1965 3107 2337 3174 nifestaretur,
2375 3108 2422 3164 si
2453 3125 2567 3164 non
2615 3112 2765 3166 omni
2812 3112 2931 3170 fere
2980 3117 3206 3187 syllabae
3251 3118 3546 3176 decentem

271 3237 488 3277 πουσαν
518 3220 807 3289 ἐνθέμενος
839 3216 1049 3270 ἔννοιαν
1085 3216 1224 3286 πρὸς
1254 3214 1323 3267 τὰ
1360 3213 1631 3268 κάλλιστά
1663 3230 1724 3271 τε
1761 3214 1857 3266 καὶ

275 3316 532 3388 χρήσιμα
558 3313 685 3375 τοὺς
710 3310 943 3372 ὀπαδοὺς
970 3308 1184 3379 ὁδηγεῖν
1217 3308 1380 3360 παντὶ
1411 3306 1597 3377 τρόπῳ
1624 3305 1857 3373 ’διεγνω-

275 3410 431 3463 κέναι
463 3405 773 3477 ὑποληφθῇ.
825 3404 937 3472 Οὐχ
976 3401 1122 3455 οὕτω
1175 3400 1231 3454 δὲ
1271 3399 1424 3453 ταῦτ’
1474 3398 1609 3470 ἔχει,
1655 3397 1853 3462 πόθεν;

273 3500 415 3554 ἀλλά
444 3500 538 3553 καὶ
560 3497 636 3567 νῷ
663 3497 822 3565 λόγον
864 3494 1014 3564 σοφῷ
1037 3492 1341 3560 συνίστησι,
1378 3490 1471 3543 καὶ
1496 3489 1640 3557 λόγῳ
1667 3485 1858 3557 ὑψηλῷ

272 3593 402 3648 νοῦν
432 3593 718 3662 ἐφίστησιν
749 3588 1102 3660 ὑψηλότερον,
1135 3586 1203 3639 ἶν’
1233 3583 1439 3654 ὑψηλὸς
1481 3581 1670 3653 ὑψηλῷ
1698 3580 1856 3648 διαγ-

273 3685 575 3755 γέλληται,
613 3681 707 3736 καὶ
757 3681 858 3749 τῆς
908 3678 1168 3751 ἀληθείας
1217 3676 1402 3740 ποσῶς
1441 3676 1509 3730 δι’
1543 3676 1746 3747 ἀμφοῖν
1794 3674 1859 3727 τὸ

273 3777 417 3838 τέως
464 3776 576 3837 τοῖς
625 3772 842 3834 πολλοῖς
874 3771 907 3844 ἦ
938 3771 1035 3826 καὶ
1067 3773 1237 3824 πᾶσιν
1263 3769 1594 3824 ἀνεπίϐατον
1626 3766 1859 3852 μέγεθος

268 3863 552 3936 διαδειχθῇ
568 3864 635 3919 ⁸⁸.
671 3863 787 3916 Ἵνα
810 3862 866 3915 δὲ
896 3861 1130 3933 φανερὸν
1157 3859 1304 3915 ἆπαν
1334 3862 1466 3931 ἡμῖν
1491 3858 1716 3929 γένηται
1748 3856 1858 3909 τῶν

271 3956 588 4027 λεγομένων
612 3955 674 4009 τὸ
696 3954 948 4024 αἴνιγμα,
993 3951 1133 4006 αὐτὰ
1160 3953 1238 4016 ὡς
1280 3951 1395 4023 ἔχει
1441 3950 1531 4005 τοῦ
1581 3949 1857 4021 μακαρίου

274 4049 648 4118 σκοπήσωμεν
708 4046 777 4101 τά
824 4045 984 4117 ῥητά.
1024 4044 1306 4114 Φείδομαι,
1360 4043 1548 4114 φησὶν,
1603 4041 1681 4106 ὡς
1733 4058 1859 4094 συν-

1957 3200 2213 3256 inserens
2241 3202 2497 3257 notitiam
2526 3244 2541 3269 ,
2588 3204 2655 3259 ad
2714 3207 3096 3275 pulcherrima
3144 3218 3202 3266 et
3256 3213 3414 3268 utilia
3461 3229 3549 3269 se-

1956 3299 2193 3361 quentes
2266 3293 2564 3361 ducendo,
2646 3297 2759 3351 ullo
2822 3300 2988 3355 modo
3056 3300 3402 3373 disceptandi
3454 3320 3549 3360 re-

1956 3381 2329 3468 linqueretur.
2391 3385 2510 3440 Non
2559 3387 2643 3441 sic
2700 3387 2820 3444 haec
2872 3390 3083 3448 habent
3128 3408 3186 3448 se
3217 3394 3401 3466 longe,
3449 3398 3549 3454 sed

1958 3482 2015 3529 et
2071 3472 2384 3532 intellectui
2449 3493 2766 3535 sermonem
2825 3483 3107 3553 sapienter
3166 3490 3544 3558 constituunt,

1957 3572 2014 3621 et
2042 3582 2352 3624 sermonem
2408 3572 2690 3627 excelsum
2744 3577 2999 3632 excelsus
3045 3581 3427 3648 supereminet
3456 3573 3548 3638 in-

1957 3657 2248 3725 tellectus,
2315 3669 2378 3715 ut
2443 3666 2698 3721 excelsus
2750 3668 2971 3723 excelso
3025 3673 3436 3738 annuntietur,
3489 3684 3548 3732 et

1956 3749 2208 3805 veritatis
2230 3751 2636 3824 aliquantulum
2662 3768 2736 3813 ex
2764 3760 3035 3817 ambobus
3066 3761 3302 3818 interim
3328 3766 3545 3834 multis,

1959 3848 2056 3895 aut
2098 3842 2266 3897 etiam
2303 3844 2564 3901 omnibus
2609 3846 2757 3902 invia
2810 3851 3132 3921 magnitudo
3190 3856 3544 3912 ostendatur.

1958 3932 2031 3989 Ut
2063 3949 2196 3989 vero
2218 3934 2511 3993 manifesta
2553 3939 2717 3996 nobis
2747 3942 2819 3997 sit
2844 3944 3025 4003 omnis
3051 3961 3245 4002 eorum
3277 3964 3400 4018 qua:
3461 3949 3548 4004 di—

1963 4033 2054 4081 cta
2082 4034 2215 4081 sunt
2241 4027 2577 4097 obscuritas,
2620 4032 2737 4102 ipsa
2776 4042 2833 4088 ut
2855 4050 2913 4089 se
2944 4035 3151 4091 habent
3190 4038 3339 4094 beati
3361 4041 3547 4096 consi-

274 4113 465 4214 εργοῦ,
497 4113 592 4194 καὶ
622 4141 723 4193 οὐκ
767 4113 891 4209 ἔχω-
915 4137 1033 4201 πῶς
1064 4113 1223 4205 φύγω
1265 4135 1364 4205 τὴν
1396 4113 1789 4196 ἐπανάστασιν,
1821 4132 1856 4203 ἢ

1965 4113 2281 4171 derabimus
2318 4119 2480 4174 verba
2520 4138 2534 4173 :
2573 4140 2591 4171 ‹
2618 4123 2814 4189 Parco,
2850 4124 3132 4195 inquit,ut
3159 4130 3546 4199 e00peratori,

276 4210 398 4299 πῶς
457 4233 532 4305 μὴ
576 4232 688 4287 ἀπὸ
736 4229 870 4285 Θεοῦ
927 4229 1100 4295 πέσω,
1158 4227 1420 4299 βαρηθεὶς
1474 4227 1593 4290 ταῖς
1646 4225 1856 4291 πέδαις,

1965 4213 2019 4263 et
2043 4223 2158 4263 non
2190 4210 2378 4267 habeo
2421 4214 2706 4282 quomodo
2743 4215 2951 4287 fugiam
2979 4229 3414 4289 supervenlum,
3452 4232 3553 4279 aut

276 4303 732 4394 κατασπῶσαιςῆ
764 4320 1125 4393 κατεχούσαις
1155 4322 1236 4383 είς
1260 4319 1477 4388 ἔδαφος.
1504 4317 1668 4371 Ταῦτ’
1692 4316 1856 4370 εἰπὼν

1965 4303 2243 4372 quomodo
2287 4321 2396 4360 non
2426 4322 2456 4360 a
2488 4308 2598 4363 Deo
2620 4308 2834 4377 cadam,
2864 4322 3125 4382 gravatus
3157 4315 3351 4384 pueris
3399 4316 3551 4371 deri-

277 4419 378 4490 οὐχ
410 4415 592 4485 ἑαυτῷ
637 4414 887 4479 πάντως,
935 4410 1071 4467 ἀλλά
1107 4410 1411 4481 (118a)
1452 4409 1518 4462 δι’
1563 4405 1755 4460 ἑαυτοῦ
1782 4405 1856 4477 τῷ

1965 4395 2248 4466 pientibus
2266 4407 2361 4452 aut
2383 4399 2765 4458 detinentibus
2793 4404 2851 4458 in
2878 4412 3112 4462 terram.
3144 4425 3161 4458 ι
3204 4405 3329 4462 Haec
3357 4407 3554 4465 dicens

273 4510 445 4580 κοινῷ
470 4509 568 4579 τῆς
585 4506 683 4561 ἀνθ
691 4505 1004 4577 ρωπότητος
1024 4503 1354 4570 διαλέγεται,
1374 4499 1527 4563 εἰδὼς
1550 4500 1633 4553 ὅτι
1650 4500 1760 4561 πᾶς
1775 4514 1856 4561 τις

1968 4502 2081 4543 non
2114 4490 2184 4545 de
2243 4492 2429 4561 seipso
2462 4492 2710 4559 omnino,
2738 4496 2834 4551 sed
2868 4498 3246 4568 per‘seipsum
3278 4498 3348 4554 de
3401 4514 3554 4555 com-

279 4606 310 4658 ὁ
340 4602 621 4674 σωτηρίας
649 4600 788 4672 ἐρῶν
826 4599 859 4671 ἢ
907 4597 1105 4669 πράξει
1134 4597 1167 4667 ἢ
1193 4596 1398 4667 θεωρίᾳ
1430 4594 1651 4656 πάντως
1690 4607 1856 4663 προσε

1969 4581 2124 4636 muni
2157 4582 2500 4639 humanitate
2532 4584 2819 4656 disputat,
2854 4589 3051 4645 videns
3075 4590 3206 4661 quia
3246 4592 3430 4647 omnis
3456 4593 3554 4663 qui

278 4673 487 4764 ανέχει.
531 4693 766 4764 ’Δρετῆς
811 4690 921 4761 γὰρ
954 4690 1050 4744 καὶ
1099 4691 1356 4757 γνώσεως
1400 4689 1570 4757 χωρὶς
1609 4684 1856 4755 οὐδαμῶς

1965 4673 2202 4729 salutem
2239 4685 2407 4739 amat,
2435 4684 2532 4731 aut
2558 4679 2764 4734 actioni
2790 4681 3033 4751 penitus
3079 4691 3176 4738 aut
3212 4687 3557 4755 contempla-

276 4762 454 4848 οὐδεὶς
503 4762 733 4836 πώποτε
772 4782 957 4851 τυχεῖν
1005 4779 1280 4847 σωτηρίας
1310 4775 1633 4846 δεδύνηται.
1688 4774 1856 4845 Εἴπερ

1968 4762 2108 4818 tioni
2152 4765 2409 4845 attendit.
2460 4767 2685 4837 Absque
2740 4772 2891 4825 enim
2955 4772 3167 4829 virtute
3215 4784 3275 4830 et
3320 4775 3554 4833 scientia

276 4871 374 4931 οὖν
398 4873 510 4928 τῶν
536 4874 627 4927 διὰ
657 4871 911 4943 θεωρίας,
940 4869 1096 4940 φησὶ,
1126 4866 1245 4938 Θεῷ
1277 4866 1747 4945 προσεδρευόντων
1768 4866 1856 4919 καὶ

1975 4856 2170 4945 nullus
2197 4857 2312 4913 ullo
2344 4858 2839 4930 modoaliquando
2865 4865 3133 4935 consequi
3168 4866 3417 4922 salutem
3451 4883 3559 4937 po-

276 4966 378 5022 τοῦ
430 4965 702 5038 μακαρίου
752 4962 986 5024 κάλλους
1026 4943 1499 5031 κατατρυφῶντων
1543 4957 1856 5028 καθέστηκα

1969 4943 2098 4999 tuit.
2162 4945 2223 5001 Si
2255 4962 2389 5017 ergo
2415 4963 2515 5018 per
2562 4953 3114 5023 contemplationem,
3150 4956 3349 5026 inquit,
3384 4957 3557 5012 collo-

274 5054 398 5128 εἷς,
435 5046 660 5131 εἰρήνην
691 5055 831 5128 ἔχων
858 5054 1179 5110 παντάπασι
1207 5052 1301 5106 καὶ
1340 5052 1631 5122 ἀγιασμὸν,
1659 5050 1735 5114 ὼς
1763 5052 1856 5121 ἐμ.

1968 5042 2223 5091 catorum
2269 5038 2384 5094 Deo
2448 5049 2506 5095 et
2554 5040 2714 5097 beata
2766 5046 3187 5114 pulchritudine
3247 5047 3551 5103 fruentium

1596 5142 1834 5200 VAliIIE
1862 5147 2271 5205 LECTIONES.

374 5242 423 5276 “
443 5242 722 5316 Rescripsi
753 5242 885 5312 μήτι
911 5239 969 5292 δὲ
1001 5237 1263 5316 ρτοκμήτε
1287 5236 1366 5298 δὲ,
1402 5235 1549 5316 qnod
1589 5236 1715 5291 cod.
1769 5235 1938 5316 Gud_.,
1980 5241 2068 5316 vel
2115 5244 2306 5316 μήτεη
2332 5245 2480 5315 quod
2537 5245 2627 5300 ed.
2675 5245 2793 5301 Gal.
2839 5248 3027 5303 habet.
3105 5248 3148 5281 ⁸⁷
3181 5220 3383 5304 Eadem
3407 5250 3553 5304 anti-

277 5329 395 5384 qua
421 5328 618 5367 manus
638 5306 694 5366 in
723 5306 896 5381 marg.
928 5306 1051 5365 eod.
1087 5306 1232 5364 Gud.
1263 5306 1706 5363 emendationem
1726 5306 2020 5380 adscripsit
2043 5306 2367 5378 ἀπευκταῖςῖ
2441 5316 2499 5348 ⁴¹³
2519 5316 2740 5388 διδαχθῇ
2768 5316 2859 5372 ed.
2897 5318 3016 5373 Gal.

1872 5424 2106 5483 NOTAE.

1967 5530 2188 5643 ptzram
2241 5532 2492 5593 putarem
2546 5534 2885 5593 corruptam,
2938 5526 3287 5598 vertisseque
3313 5526 3548 5599 Scotum

1967 5606 2030 5643 υε
2069 5610 2183 5643 1618.

1966 5606 2183 5660 pedicas.

376 5518 419 5581 ἰ)
453 5517 517 5572 ιη
543 5516 745 5580 multis,
786 5524 944 5570 verte
981 5516 1147 5586 fusius
1189 5516 1504 5587 exspatiari.
1532 5515 1728 5587 (Cale)

394 5589 427 5658 ἱ)
459 5588 666 5651 Pueris,
693 5587 1072 5658 inscitissime.
1116 5587 1278 5658 Verte
1297 5587 1650 5657 compedibus,
1681 5588 1868 5658 vincu-

287 5657 391 5716 lis:
413 5657 612 5730 (Gala)
645 5659 762 5712 Nisi
794 5657 937 5711 infra
964 5657 1111 5711 idem
1129 5657 1325 5711 vitium
1349 5664 1691 5722 occurreret,
1719 5657 1863 5710 scri-

362 5728 440 5820 (l)
474 5749 634 5819 Grcg.
668 5749 799 5803 Naz.
834 5747 926 5803 0r.
961 5749 1025 5802 de
1046 5748 1224 5819 Paup.
1258 5765 1439 5803 amore
1470 5763 1591 5819 cap.
1629 5749 1682 5816 7,
1716 5764 1774 5818 p.
1805 5748 1930 5816 261,
1965 5758 2097 5833 tom.
2131 5728 2172 5820 ἰ,
2207 5751 2324 5806 Onn
2379 5754 2467 5809 ed.
2502 5754 2706 5812 Bcned.

532 5842 804 5902 Parnm“
838 5841 955 5904 Gn.
989 5841 1150 5903 XCI.
3150 5847 3231 5911 ει
