3998 6384
530 351 661 416 1067

1652 314 1655 315 ί
1692 342 1752 402 s.
1794 338 2083 401 MAXIMI
2117 336 2630 399 CONFESSORIS

3638 336 3748 407 1068

525 478 671 519 unus
692 460 1028 517 constitutus
1084 472 1228 522 sum,
1276 470 1471 527 pacem
1510 454 1726 511 habens
1754 454 1814 508 in
1848 450 2111 508 omnibus

2236 448 2378 503 ιυτὸν
2410 448 2672 513 ἀπλώσας
2713 445 2836 519 Θεῷ
2857 485 2873 513 ,
2916 446 3215 518 ἀδιαιρέτῳ
3246 448 3395 503 κατὰ
3435 446 3531 520 τὴν
3563 449 3752 522 γνώμην

506 561 585 607 -et
641 546 1137 608 sanctificationem
1166 589 1181 613 ,
1232 546 1442 617 quippe
1478 560 1568 600 me
1613 544 1794 616 ipsum
1828 544 2116 615 applicans

2236 540 2527 611 ταυτότητι,
2579 538 2656 611 τῷ
2684 540 2782 604 τὰς
2826 537 3059 608 ἀλόγους
3087 538 3347 610 δυνάμεις
3375 541 3476 610 τῆς
3490 538 3660 611 ψυχῆς
3682 543 3753 597 λο-

510 640 643 693 ςῡοο
671 635 1027 707 inseparabili
1061 651 1162 707 per
1189 635 1566 706 cognitionem
1607 632 1998 699 similitudine,
2036 634 2115 687 ir-

532 727 893 787 rationabiles
945 727 1186 784 virtutes
1238 726 1438 781 animze
1486 725 1785 797 cogitando
1829 725 2114 793 decenter,

531 826 588 874 et
639 819 817 874 menti
865 833 966 888 per
1022 818 1299 873 rationem
1353 816 1685 873 adducenda
1719 824 1778 873 et
1818 816 2120 873 familiares

534 909 813 975 faciendo,
861 909 1108 965 furorem
1158 909 1286 964 dico
1321 917 1378 965 et
1407 909 1945 980 concupiscentiam,
1994 924 2119 966 eam

534 1000 764 1071 quidem
790 1000 847 1056 in
879 1001 1229 1067 charitatem,
1285 1017 1414 1056 eum
1442 1017 1578 1057 vero
1610 1002 1670 1056 in
1693 1000 1958 1073 gaudium
1999 1017 2122 1056 mu-

538 1100 696 1159 tans;
725 1092 1003 1162 siquidem
1027 1093 1216 1164 gaudii
1240 1093 1528 1165 proprium
1550 1101 1637 1149 est
1659 1092 1940 1149 exsultare
1971 1092 2120 1148 divi-

536 1181 692 1237 nitus
718 1189 776 1239 et
796 1181 997 1248 laetari,
1038 1182 1186 1237 sicut
1205 1182 1620 1253 prmexsultavit
1646 1196 1715 1237 ex
1742 1190 1918 1235 matre
1957 1180 2126 1235 Joan-

537 1289 668 1339 nes,
709 1289 944 1346 magnus
975 1274 1232 1330 veritatis
1291 1289 1607 1345 praecursor
1653 1281 1711 1329 et
1750 1271 2123 1344 praedicator;

536 1374 636 1419 aut
675 1365 850 1431 sicut,
906 1364 1040 1420 dum
1084 1365 1377 1435 quiescere
1410 1364 1546 1420 fecit
1585 1378 1769 1419 arcam
1824 1364 1994 1420 Israel
2029 1378 2128 1418 rex

544 1450 743 1506 David.
777 1451 840 1507 In
874 1462 1052 1509 matre
1079 1452 1228 1508 enim
1274 1450 1401 1525 (etsi
1442 1450 1683 1507 diliicilis
1710 1451 1875 1519 ratio,
1919 1450 2128 1521 quippe

543 1544 692 1599 invia
728 1544 944 1612 multis,
969 1545 1069 1601 sed
1115 1553 1301 1601 tamen
1330 1545 1484 1617 vera)
1515 1553 1573 1601 et
1594 1560 1697 1600 nos
1724 1552 1783 1601 et
1814 1544 1968 1601 Deus
1993 1544 2131 1599 Ver-

541 1635 674 1689 bum
695 1650 911 1701 sumus,
937 1636 1031 1706 qui
1054 1636 1436 1693 universitatis
1461 1647 1548 1692 est
1566 1636 1743 1693 factor
1759 1645 1817 1692 et
1836 1637 2128 1705 Dominus;

518 1725 637 1795 ‘qui
670 1725 894 1796 quidem
925 1727 983 1782 in
1007 1728 1299 1798 praesentis
1333 1726 1461 1783 vita
1504 1735 1651 1783 statu
1694 1729 1946 1794 occulte,
1977 1728 2133 1784 velut

2216 634 2370 704 γίσαι
2399 651 2460 687 τε
2491 632 2812 704 πρεπόντως
2847 631 2944 687 καὶ
2986 630 3065 702 νῷ
3101 630 3189 685 διὰ
3231 631 3394 698 λόγου
3423 636 3756 705 προσαγαγεῖν

2218 727 2314 782 καὶ
2345 724 2729 781 οίκειώσασθαι
2754 762 2770 791 ,
2804 724 2979 795 θυμὸν
3022 722 3168 793 λέγω
3213 723 3306 778 καὶ
3350 721 3647 793 ἐπιθυμίαν,
3684 724 3758 779 τὸν

2223 819 2323 891 μὲν
2348 820 2427 882 είς
2454 818 2702 890 ἀγάπην,
2736 818 2836 888 τὴν
2861 817 2919 871 δὲ
2951 816 3031 880 είς
3063 815 3236 888 χαρὰν
3271 813 3664 886 perduim",
3695 818 3758 871 εί-

2222 929 2330 984 περ
2363 912 2539 982 χαρᾶς
2572 909 2703 965 ίδιον
2731 909 2794 964 τὸ
2826 911 3058 981 σκιρτᾷν
3087 906 3412 978 θεοπρεπῶς
3441 908 3536 961 καὶ
3562 908 3760 976 ἀγάλλε-

2225 1003 2354 1057 σθαι
2379 1002 2521 1057 κατὰ
2548 1001 2642 1055 τὸν
2671 1002 2738 1056 ὲκ
2769 1002 2985 1073 μήτρας
3008 999 3495 1073 προσκιρτήσαντα
3526 999 3761 1071 Ἰωάννην,

2222 1094 2314 1148 τὸν
2348 1094 2519 1164 μέγαν
2550 1094 2650 1164 τῆς
2695 1091 2959 1164 ἀληθείας
2993 1088 3304 1163 πρόδρομόν
3331 1106 3394 1142 τε
3426 1088 3521 1143 καὶ
3558 1090 3764 1161 κήρυκα,

2222 1185 2261 1255 ἢ
2294 1185 2385 1238 τὸν
2427 1185 2522 1239 ἐπὶ
2564 1186 2633 1257 τῇ
2690 1183 3039 1239 καταπαύσει
3070 1182 3173 1253 τῆς
3196 1179 3433 1235 κιϐωτοῦ
3460 1179 3553 1234 τοῦ
3586 1180 3770 1253 Ἰσραὴλ

2228 1276 2455 1349 βασιλέα
2482 1276 2670 1332 Δαϐίδ.
2712 1276 2803 1330 Ἐν
2830 1276 3016 1347 μήτρᾳ
3045 1275 3156 1346 γὰρ
3184 1273 3324 1345 (κᾶν
3354 1275 3405 1327 εί
3442 1273 3638 1343 τραχὺς
3658 1274 3684 1326 6
3703 1272 3773 1327 λό-

2227 1384 2325 1437 γος
2349 1367 2424 1433 ὡς
2454 1367 2686 1440 ἀτριὸὴς
2711 1369 2827 1430 τοῖς
2874 1366 3093 1430 πολλοῖς
3110 1405 3127 1432 ,
3159 1364 3276 1419 ἀλλ’
3305 1359 3400 1419 οὖν
3429 1363 3659 1435 ἀληθὴς)
3697 1364 3772 1418 καὶ

2229 1460 2391 1530 ἡμεῖς
2415 1458 2512 1514 καὶ
2541 1458 2571 1510 6
2599 1458 2735 1519 Θεὸς
2763 1456 2939 1527 Λόγος
2968 1456 3137 1528 ἐσμὲν
3166 1455 3195 1507 6
3218 1453 3316 1508 τοῦ
3337 1452 3541 1515 παντὸς
3570 1453 3773 1524 Ποιητής

2229 1552 2326 1605 καὶ
2355 1550 2633 1622 Δεσπότης
2659 1588 2675 1615 ,
2724 1552 2784 1604 ἐν
2826 1551 2895 1622 τῇ
2926 1547 3183 1620 παρούσῃ
3226 1546 3330 1618 τῆς
3373 1545 3520 1615 ζωῆς
3548 1546 3776 1600 καταστά-

2233 1658 2338 1701 σει.
2373 1644 2401 1696 6
2437 1641 2539 1713 μὲν
2566 1640 2828 1713 ἀμυδρῶς
2855 1640 2931 1704 ὡς
2958 1642 3017 1694 ὲν
3044 1639 3254 1711 μήτρᾳ,
3292 1636 3390 1691 καὶ
3423 1635 3581 1706 μόγις
3615 1634 3685 1705 τῷ
3708 1638 3776 1688 at-

2235 1732 2420 1805 σθητῷ
2448 1732 2624 1803 τούτῳ
2671 1733 2865 1803 κόσμῳ
2895 1730 3315 1801 διαφαινόμενος
3337 1767 3353 1794 ,
3392 1728 3490 1781 καὶ
3516 1725 3661 1781 τοῦτο
3689 1730 3777 1791 τοῖς

520 1818 595 1872 .in
624 1825 823 1883 matre,
860 1824 918 1873 et
957 1818 1051 1873 vix
1095 1819 1380 1875 sensibilis
1421 1819 1555 1877 huic
1609 1820 1823 1877 mundo
1872 1830 2127 1892 apparet,

2236 1825 2376 1879 κατά
2414 1825 2674 1894 Ἰωάννην
2698 1823 2777 1895 τῷ
2803 1823 3082 1895 πνεύματι
3106 1862 3122 1888 ,
3156 1823 3207 1875 οἱ
3233 1820 3281 1876 δ’
3321 1819 3619 1890 ἅνθρωποι,
3644 1818 3710 1882 ὡς
3731 1821 3780 1872 ὲκ

539 1916 598 1961 et
627 1907 755 1974 hoc,
784 1907 877 1963 his
896 1908 992 1979 qui
1017 1917 1152 1963 sunt
1176 1907 1487 1965 secundum
1513 1910 1783 1966 Joannem
1809 1910 1866 1965 in
1892 1910 2130 1981 spiritu;

526 1999 796 2055 “homines
833 2014 966 2055 vero
989 2001 1166 2056 veluti
1193 2015 1263 2056 ex
1306 2010 1508 2069 matre,
1550 2002 1832 2060 materiali
1876 2002 2136 2059 videlicet

540 2093 981 2159 circumstantia,
1014 2093 1120 2148 etsi
1141 2092 1413 2164 tantisper
1443 2093 1501 2149 in
1525 2094 1613 2150 his
1633 2110 1757 2166 quae
1790 2102 1919 2150 sunt
1949 2095 2135 2150 occul-

530 2194 662 2240 Itum
682 2183 1031 2255 perspiciunt
1046 2183 1398 2241 Verbum-Et
1418 2185 1478 2241 in
1496 2185 1604 2241 hoc
1631 2185 1878 2247 fortassis
1903 2185 2015 2242 sint
2038 2186 2135 2256 qui

542 2274 764 2347 gaudiis
798 2275 1030 2331 Joannis
1078 2274 1374 2343 laetantur;
1418 2276 1488 2333 ad
1522 2276 1860 2332 ineffabilem
1895 2292 2136 2348 namque

544 2364 720 2419 futuri
756 2363 944 2419 saeculi
995 2364 1229 2435 gloriam
1276 2371 1335 2420 et
1377 2365 1709 2430 claritatem,
1755 2372 1813 2420 et
1864 2365 1992 2421 vitae
2012 2382 2136 2438 quae

546 2458 605 2511 in
631 2457 753 2527 ipso
782 2464 869 2512 est
902 2457 1302 2527 proprietatem
1320 2457 1370 2523 ιι,
1415 2457 1492 2511 nil
1521 2456 1718 2513 matris
1736 2456 2135 2529 distatjudicio

544 2547 782 2603 laetantis
804 2556 1120 2618 comparata
1132 2564 1377 2619 praesens
1395 2548 1531 2615 vita,
1566 2548 1623 2603 in
1647 2564 1757 2620 qua
1782 2556 2010 2620 propter
2034 2564 2138 2606 nos

546 2641 787 2697 infantes
813 2640 1075 2697 sensibus
1098 2641 1266 2706 Deus,
1315 2641 1413 2712 qui
1451 2649 1536 2697 est
1553 2641 1797 2699 Verbum
1825 2641 2136 2712 perfectum

538 2741 603 2787 et
658 2732 784 2804 plus
829 2749 996 2804 quam
1035 2731 1342 2805 perfectum
1372 2773 1387 2799 ,
1436 2742 1499 2809 ut
1552 2733 1891 2801 misericors,
1956 2733 2139 2790 infans

546 2822 729 2880 factus
765 2834 870 2880 est.
905 2824 963 2881 Si
992 2840 1147 2895 ergo,
1175 2833 1237 2881 ut
1266 2824 1483 2881 dictum
1525 2834 1632 2893 est,
1672 2827 1799 2882 talis
1836 2826 1965 2898 quis
1987 2842 2136 2893 sum,

546 2916 800 2986 possibili
846 2917 1174 2973 hominibus
1214 2917 1524 2974 secundum
1577 2930 1913 2989 praesentem
1964 2919 2139 2975 vitam

546 3007 929 3064 transitoriam
964 3009 1021 3064 in
1060 3008 1249 3064 divina
1279 3010 1601 3066 summitate
1625 3051 1641 3078 ,
1681 3012 1980 3083 neglexero
2003 3025 2139 3068 vero

552 3095 881 3153 deiformem
914 3098 1193 3165 habitum,
1224 3114 1312 3155 me
1347 3099 1527 3171 ipsum
1564 3099 1633 3155 ad
1663 3099 1916 3170 corporis
1951 3099 2136 3155 libens

2238 1914 2454 1986 μήτρας
2485 1914 2589 1986 τῆς
2615 1913 2808 1985 ὑλικῆς
2849 1912 3231 1984 περιστάσεως
3250 1951 3266 1977 ,
3300 1908 3405 1965 κᾶν
3433 1908 3611 1972 ποσῶς
3633 1908 3712 1962 τὸν
3732 1909 3778 1969 ἐν

2234 2007 2346 2071 τοῖς
2378 1999 2531 2061 οὖσιν
2574 2004 3023 2077 ὲγκρυπτόμενον
3051 2001 3443 2065 διαϐλέποντες
3490 2000 3660 2068 λόγον.
3693 2001 3779 2054 Καὶ

2233 2095 2379 2153 τοῦτ’
2429 2098 2606 2170 ἄνπερ
2650 2090 2755 2152 ὦσι
2789 2098 2911 2161 ταῖς
2972 2095 3223 2151 Ἰωάννου
3270 2092 3570 2166 αὐχοῦντες
3610 2093 3775 2164 χάρισι.

2236 2190 2381 2266 Πρὸς
2428 2191 2538 2263 γὰρ
2579 2191 2680 2263 τὴν
2726 2191 2936 2261 ἄφατον
2965 2190 3060 2245 τοῦ
3102 2189 3394 2261 μέλλοντος
3424 2187 3618 2251 αίῶνος
3657 2184 3778 2251 δόξαν

2236 2301 2296 2339 τε
2339 2283 2436 2338 καὶ
2478 2282 2844 2355 λαμπρότητα
2888 2282 2983 2336 καὶ
3022 2280 3122 2353 τὴν
3165 2280 3266 2351 τῆς
3311 2277 3436 2333 κατ’
3483 2275 3639 2332 αὐτὸν
3670 2274 3777 2346 ζωῆς

2241 2374 2481 2446 ίδιότητα
2509 2376 2723 2446 μήτρας
2747 2373 2937 2444 (118
2956 2373 3007 2443 ὁ)
3039 2371 3192 2427 οὐδὲν
3222 2369 3475 2440 διαφέρει
3503 2367 3645 2439 ζόφῳ
3669 2383 3778 2437 nep:-

2240 2450 2548 2538 κεχυμένης
2597 2464 3018 2536 συγκρινομένη·
3046 2465 3079 2534 ὴ
3127 2461 3385 2536 παροῦσα
3417 2458 3534 2531 ζωὴ
3559 2498 3575 2524 ,
3601 2460 3655 2512 ἐν
3683 2452 3777 2532 ᾖδι’

2240 2560 2389 2632 ἡμᾶς
2413 2560 2540 2622 τοὺς
2567 2559 2944 2630 νηπιάσαντας
2973 2560 3096 2621 ταῖς
3115 2554 3276 2628 φρεσὶ
3307 2554 3408 2609 καὶ
3436 2554 3465 2607 6
3493 2552 3623 2617 Θεὸς
3645 2553 3778 2620 Λόγος

2238 2652 2444 2716 τέλειος
2475 2650 2551 2706 ὣν
2577 2651 2671 2706 καὶ
2697 2650 3022 2721 ὑπερτελὴς,
3047 2649 3123 2714 ὡς
3153 2647 3569 2719 φιλάνθρωπος,
3600 2644 3780 2714 ὲνηπία-

2242 2762 2356 2800 σεν.
2402 2744 2577 2817 Εἴπερ
2606 2739 2721 2809 οὖν,
2755 2744 2832 2807 ὡς
2873 2743 3131 2815 εἴρηται,
3177 2740 3431 2804 τοιοῦτός
3458 2757 3543 2804 τις
3573 2738 3779 2808 ὑπάρχω,

2240 2837 2336 2891 καὶ
2358 2835 2461 2907 τῆς
2483 2836 2713 2904 ὲφικτῆς
2741 2834 3054 2907 ἀνθρώποις
3075 2833 3217 2888 κατά
3241 2833 3345 2904 τὴν
3365 2830 3647 2902 παροῦσαν
3669 2828 3782 2898 ζωὴν

2240 2926 2447 2998 ἐπέϐην
2473 2926 2627 2990 θείας
2653 2927 2959 2998 ἀκρότητος
2980 2967 2996 2993 ,
3041 2923 3310 2996 ἀμελήσω
3338 2922 3402 2977 δὲ
3430 2925 3531 2993 τῆς
3556 2917 3781 2979 θεοειδοῦς

2240 3018 2443 3087 ἕξεως,
2487 3018 2725 3090 ἐμαυτὸν
2775 3017 2914 3088 πρὸς
2957 3017 3059 3088 τὴν
3107 3013 3205 3069 τοῦ
3253 3012 3514 3085 σώματος
3562 3010 3781 3071 ἑκουσίως

2240 3108 2529 3173 ὲπικλίνας
2557 3108 2812 3180 στοργήν,
2846 3104 3237 3176 κατεσπάσθην
3264 3104 3540 3176 βαρηθεὶς
3575 3104 3682 3164 ταῖς
3708 3102 3782 3152 πέ.

542 3186 830 3245 inclinans
858 3187 1220 3257 desiderium,
1249 3190 1666 3260 dereptus,sum
1698 3197 1962 3263 gravatus
1994 3205 2137 3261 pue—

2237 3201 2378 3267 δαις,
2409 3201 2529 3272 ήτοι
2557 3175 2678 3264 ταῖς
2712 3175 2960 3271 φροντίσι
2987 3238 3002 3265 ,
3057 3198 3152 3252 καὶ
3335 3175 3477 3250 Θεοῦ
3508 3194 3708 3258 ἔπεσον,
3728 3192 3783 3255 ὡς

548 3280 653 3345 ris,
688 3279 743 3335 id
772 3288 860 3337 est
883 3281 1056 3349 curis,
1086 3291 1144 3337 et
1175 3299 1206 3338 a
1239 3284 1351 3339 Deo
1385 3282 1588 3349 cecidi,
1644 3290 1837 3353 utpote
1895 3281 1964 3337 de
2015 3282 2138 3339 solo

546 3386 731 3442 regno
757 3371 1030 3429 caelorum
1059 3375 1451 3446 cogitationem
1479 3383 1537 3431 et
1560 3374 2007 3444 inquisitionem,
2048 3374 2141 3429 cui

548 3478 667 3519 non
690 3463 915 3532 licebat,
940 3469 1177 3523 terrente
1206 3467 1334 3523 dico
1357 3467 1505 3532 vitae,
1531 3467 1868 3532 attribuens,
1913 3475 1970 3522 et
2014 3481 2142 3522 sen-

557 3554 716 3611 sibus
741 3556 1103 3624 conferendo,
1137 3573 1303 3627 quam
1336 3555 1404 3612 ad
1428 3557 1604 3613 Deum
1634 3557 1867 3613 ferendo
1891 3557 2142 3612 animum

548 3648 951 3705 dehonestans.
970 3648 1028 3705 Si
1047 3664 1184 3705 vero
1203 3650 1389 3705 adhuc
1403 3665 1505 3720 per
1527 3649 1759 3705 activam
1785 3648 1953 3704 vitam
1968 3649 2144 3704 bella-

557 3751 647 3795 tor
669 3750 859 3797 contra
888 3750 1128 3798 armatas
1154 3742 1440 3814 passiones
1468 3758 1613 3805 sum,
1638 3742 1884 3799 nondum
1909 3757 2010 3812 per
2047 3757 2144 3799 eas

557 3829 811 3900 accipere
871 3830 1178 3885 volentium
1237 3829 1593 3885 inimicorum
1669 3844 1809 3899 pure
1868 3827 2144 3899 effugiens

558 3919 737 3987 dolos,
762 3927 820 3975 et
850 3919 1097 3975 dilexero
1126 3919 1425 3976 indiscrete
1453 3935 1679 3990 corpus,
1728 3919 1990 3975 detentus
2020 3935 2144 3975 sum

558 4008 631 4063 ab
663 4024 752 4075 eo,
781 4010 1046 4066 videlicet
1078 4010 1149 4066 ad
1195 4011 1333 4066 illud
1364 4011 1617 4067 habitum
1664 4026 1697 4065 a
1723 4011 1935 4067 virtute
1979 4026 2143 4082 sepa-

560 4097 673 4152 rari
704 4113 1069 4168 praesumens.
1119 4100 1401 4171 Deripitur
1440 4100 1625 4171 itaque
1653 4099 2141 4171 contemplativus,

550 4188 965 4245 immoderatus
994 4189 1108 4262 jam
1140 4207 1242 4262 per
1272 4191 1523 4247 habitum
1560 4192 1864 4247 adveniens
1901 4192 2142 4262 corpori,

556 4278 877 4336 divinarum
910 4282 1193 4354 negligens
1221 4282 1758 4352 contemplationum
1804 4299 1818 4337 :
1861 4281 2147 4337 detinetur

561 4386 696 4427 vero
719 4373 955 4441 aetivus,
975 4375 1192 4447 corpori
1214 4389 1485 4447 pugnans,
1505 4374 1668 4430 datus
1683 4373 1751 4429 ad
1768 4375 1949 4445 ipsum
1966 4373 2146 4429 lucta-

560 4460 723 4529 tioni,
750 4463 1054 4521 laborando
1079 4481 1181 4536 pro
1202 4465 1410 4522 virtute
1435 4480 1559 4536 quae
1574 4474 1659 4522 est
1675 4465 1872 4521 animae
1888 4464 2140 4530 libertas,

562 4586 758 4631 servus
778 4591 900 4633 esse
918 4576 1241 4649 passionum
1268 4577 1503 4665 elige_ns.

2153 4787 2222 4799 .‘U

2239 3292 2339 3365 τὴν
2370 3292 2500 3363 περὶ
2544 3291 2717 3363 μόνης
2759 3292 2860 3362 τῆς
2909 3291 3189 3362 βασιλείας
3219 3288 3331 3343 τῶν
3377 3287 3625 3360 οὐρανῶν
3665 3284 3785 3356 μέρι-

2244 3384 2386 3455 μνάν
2417 3400 2479 3437 τε
2520 3382 2616 3437 καὶ
2654 3383 2883 3456 ζήτησιν
2925 3375 2969 3450 ᾧ
2993 3382 3038 3414 ⁷⁰
3072 3381 3148 3453 μὴ
3198 3379 3361 3451 θέμις
3405 3375 3497 3450 ἦν,
3546 3380 3610 3449 τῇ
3654 3375 3784 3446 γηῖνῃ

2240 3474 2386 3544 λέγω
2414 3474 2528 3547 ζωῇ
2555 3515 2572 3539 ,
2605 3472 2969 3546 προσνείμας,
3003 3472 3099 3527 καὶ
3128 3472 3249 3534 ταῖς
3295 3469 3588 3541 αίσθήσεσι
3615 3465 3785 3537 συμφέ-

2244 3563 2435 3638 ρεσθαι
2470 3563 2696 3636 μᾶλλον,
2739 3564 2773 3635 ἢ
2821 3563 2958 3634 πρὸς
2990 3562 3123 3617 Θεὸν
3167 3560 3439 3632 φέρεσθαι
3465 3558 3563 3631 τὴν
3590 3557 3787 3611 διάνοιαν

2243 3656 2640 3729 ἀνασχόμενος.
2671 3657 2738 3713 El
2766 3656 2825 3710 δὲ
2862 3655 2971 3710 τῶν
3006 3654 3088 3709 ἔτι
3122 3654 3211 3708 διὰ
3241 3653 3342 3724 τῆς
3372 3650 3679 3725 πρακτικῆς
3706 3662 3785 3700 που

2242 3748 2486 3821 λεμικῶς
2514 3748 2658 3803 κατά
2694 3748 2805 3803 τῶν
2849 3747 3038 3803 παθῶν
3079 3744 3431 3819 ὡπλισμένος
3474 3743 3623 3815 είμὶ,
3654 3740 3787 3812 μήπω

2243 3842 2352 3896 τῶν
2398 3842 2469 3895 δι’
2502 3842 2683 3896 αὐτῶν
2733 3841 2877 3894 ἑλεῖν
2917 3839 3260 3911 βουλομένων
3304 3837 3519 3909 ἐχθρῶν
3569 3830 3787 3904 καθαρῶς

2246 3931 2526 3998 ὑπαλύξας
2557 3934 2686 3996 τοὺς
2714 3931 2901 3995 δόλους
2927 3973 2942 3997 ,
2989 3932 3087 3984 καὶ
3132 3930 3345 4003 στέρξω
3387 3926 3703 3999 ἀδιακρίτως
3742 3920 3787 3974 τδ

2247 4026 2431 4097 σῶμα,
2475 4024 2814 4097 κατεσχέθην
2865 4023 2957 4077 ὑπ’
2987 4021 3156 4077 αὐτοῦ
3205 4022 3389 4094 δῆλον,
3437 4020 3514 4085 ὡς
3553 4019 3647 4088 τὴν
3679 4012 3788 4086 πρὸς

2246 4117 2381 4173 αὐτὸ
2413 4116 2596 4188 σχέσιν
2625 4114 2719 4170 τοῦ
2749 4114 2818 4168 δι’
2862 4113 3066 4186 ἀρετῆς
3106 4108 3393 4182 χωρισμοῦ
3444 4106 3788 4179 προελόμενος.

2246 4209 2613 4262 Κατασπᾶται
2664 4200 2758 4261 οὖν
2808 4204 2918 4275 ἀρα
2961 4204 2991 4257 6
3046 4200 3386 4274 θεωρητικὸς
3448 4199 3670 4269 ἄσχετος
3714 4191 3789 4263 ἤδη

2247 4297 2391 4353 κατά
2438 4296 2537 4368 τὴν
2591 4296 2705 4361 ἕξιν
2760 4294 3045 4365 γινόμενος
3096 4291 3176 4363 τῷ
3229 4290 3468 4362 σώματι,
3519 4285 3623 4342 τῶν
3667 4281 3791 4336 θείων

2249 4390 2472 4463 ἀμελῶν
2506 4389 2821 4460 θεαμάτων.
2858 4385 3168 4455 Κατέχεται
3199 4383 3256 4437 δὲ
3295 4385 3324 4437 ὁ
3350 4378 3654 4455 πρακτικὸς
3681 4376 3706 4429 6
3735 4371 3791 4442 τῷ

2250 4482 2463 4553 σώματι
2509 4481 2814 4552 μαχόμενος
2836 4518 2853 4543 ,
2926 4477 3163 4541 ἐνδιδοὺς
3200 4478 3266 4548 τῇ
3320 4475 3459 4546 πρὸς
3488 4471 3613 4527 αὐτὸ
3645 4467 3789 4535 πάλῃ.

2256 4574 2353 4628 καὶ
2409 4572 2502 4626 τοῦ
2559 4573 2742 4626 πονεῖν
2809 4569 2949 4643 ὑπὲρ
3003 4568 3240 4642 ἀρετῆς,
3304 4568 3427 4638 ἥτις
3483 4565 3602 4618 ἐστὶ
3652 4559 3789 4630 ψυχῆς

2250 4667 2555 4740 ἐλευθερία,
2583 4667 2644 4721 τὸ
2672 4665 2857 4721 δοῦλον
2890 4661 3031 4720 εἶναι
3059 4662 3250 4720 παθῶν
3282 4660 3681 4731 ἐπιλεγόμενος.

560 4844 821 4917 Ejusdem
842 4860 905 4900 ea:
927 4845 1113 4899 eodem
1133 4834 1393 4909 sermone,
1425 4843 1485 4898 in
1512 4845 1628 4909 hoc,
1668 4861 1686 4894 ι
1735 4841 1867 4908 Qua:
1906 4859 2035 4914 erga
2066 4862 2138 4899 me

2263 4848 2366 4902 Ἐκ
2412 4845 2518 4901 τοῦ
2562 4843 2751 4900 αὑτοῦ
2792 4845 3004 4916 λόγου,
3051 4844 3140 4911 εἰς
3174 4843 3264 4913 τὸ,
3322 4858 3342 4892 ι
3379 4838 3475 4906 Τίς
3500 4836 3539 4907 ἠ
3567 4833 3687 4903 περὶ
3712 4826 3787 4898 έμέ

634 4939 926 5009 sapientia,
982 4946 1032 4991 et
1062 4936 1201 5008 quod
1237 4951 1491 5007 magnum
1521 4935 1831 5005 mysterium
1858 4933 1883 4986 ?
1919 4934 2004 4989 An
2029 4935 2146 4989 vult

512 5081 521 5103 ι
627 5037 846 5101 partem
873 5045 969 5083 nos
996 5043 1104 5082 esse
1132 5026 1247 5092 Dei,
1281 5034 1331 5081 et
1362 5026 1641 5080 desursum
1681 5028 1923 5097 ﬂuentes,
1954 5035 2011 5080 ut
2042 5043 2148 5082 non

510 5112 521 5141 ³
635 5139 730 5193 per
757 5123 1074 5193 dignitatem
1107 5120 1351 5185 exaltati,
1383 5127 1433 5173 et
1466 5117 1699 5174 cretestia
1727 5117 2149 5190 contemplantes

516 5206 554 5289 ξ’
636 5215 989 5284 despiciamus
1036 5212 1341 5270 Creatorem
1382 5212 1438 5266 in
1508 5210 1797 5265 luctatione
1853 5228 1916 5264 ac
1966 5227 2148 5281 pugna

515 5320 522 5328 '
627 5322 755 5377 qua
800 5315 987 5361 contra
1038 5321 1227 5377 corpus
1255 5312 1352 5370 est,
1395 5302 1466 5357 ad
1509 5302 1684 5372 ipsum
1743 5316 1949 5371 semper
2006 5302 2151 5372 aspi—

2323 4940 2529 5010 σοφία,
2560 4940 2659 4993 καὶ
2690 4938 2747 4992 τί
2773 4937 2840 4991 τὸ
2861 4936 3017 5006 μέγα
3044 4935 3220 4990 τοῦτο
3240 4930 3608 5004 μυστήριον;
3631 4926 3664 4994 ἢ
3681 4921 3791 4987 βού-

2321 5031 2489 5082 λεται
2528 5027 2802 5098 μοῖραντι
2830 5026 2984 5096 ἡμᾶς
3017 5025 3195 5091 ὄντας
3227 5022 3379 5087 Θεοῦ
3399 5063 3416 5089 ,
3471 5021 3567 5075 καί
3606 5014 3790 5069 ἀνωθεν

2324 5120 2695 5189 ρεὐσαντας,
2728 5119 2829 5172 ἵνα
2852 5117 2939 5189 μὴ
2970 5117 3068 5173 διὰ
3096 5116 3214 5186 τὴν
3239 5113 3427 5186 (119
3449 5112 3504 5183 a)
3530 5103 3786 5202 manu.

2323 5209 2627 5277 αιρόμενοι
2691 5204 2791 5262 καί
2841 5205 3321 5277 μετεωριζὸμενοι
3373 5203 3788 5271 καταφρονωμεν

2323 5298 2431 5353 τοῦ
2471 5300 2803 5367 κτίσαντος
2818 5341 2833 5367 ,
2886 5299 2958 5354 ἐν
2980 5298 3056 5369 τῇ
3085 5299 3237 5369 πρὸς
3260 5298 3328 5352 τὸ
3351 5293 3524 5366 σῶμα
3545 5290 3693 5355 πάλη
3711 5278 3785 5336 καλ

1846 5415 2083 5471 VARle
2117 5413 2523 5470 LECTlONliS.
2906 5466 2921 5471 -

638 5515 685 5583 ea
715 5510 1065 5583 μεταϐάλλων
1088 5508 1177 5565 ed.
1210 5506 1330 5562 Gal.
1426 5506 1473 5539 "°
1502 5505 1531 5558 6
1556 5502 1681 5560 cod.
1714 5502 1856 5559 Gud.
1935 5503 1976 5534 '“
2013 5506 2138 5575 μοῖρ

2237 5502 2326 5559 ed.
2361 5504 2503 5570 Gal.,
2541 5513 2597 5560 et
2622 5503 2746 5560 cod.
2769 5502 2911 5559 Gud.
2937 5500 3083 5560 Infra
3117 5502 3213 5559 fol.
3253 5500 3357 5557 ηε
3382 5500 3439 5557 b.
3476 5497 3659 5571 μοίρας
3686 5481 3782 5544 cod.

2109 5641 2339 5698 NOTAE.

636 5748 718 5814 .(Ic)
751 5749 913 5804 Verte
966 5747 1098 5801 nihil
1152 5762 1188 5799 α
1232 5752 1404 5801 matre
1466 5740 1694 5797 tenebris
1753 5735 2021 5793 obvoluta.
2058 5736 2257 5810 (Gale.)

568 5581 691 5643 Gud
702 5625 713 5637 .
