3998 6368
288 366 441 439 1069

1537 374 2056 435 AMBIGUORUM
2094 370 2346 435 LIBER.

3423 378 3563 441 10Τῦ

372 482 538 554 μάχῃ
591 482 741 553 πρὸς
767 481 954 537 αὐτὸν
998 481 1086 535 ἀεὶ
1114 481 1372 545 βλέπειν
1396 520 1410 545 ,
1462 481 1559 536 καί
1591 482 1705 549 τὴν
1731 496 1883 536 συν-

2055 484 2331 549 ciendum,
2387 491 2437 537 et
2469 484 2805 554 ronjunctam
2841 485 3202 552 inﬁrmitatem
3226 487 3563 543 nutrituram

370 576 727 648 σζευτμένην
781 575 1098 631 ἀσθένειαν
1147 574 1549 644 παιδαγωγίαν
1582 571 1733 629 εἶναι
1773 574 1882 629 τοῦ

373 666 698 739 ἀξιώματος
724 666 798 739 (‘2)
818 684 834 734 ;
871 686 891 719 ι

376 779 601 846 Τούτοις
638 781 783 846 τινὲς
816 780 1238 853 ἐντυγχάνοντες
1266 782 1376 845 τοίς
1405 780 1611 851 λόγοις,
1658 779 1880 852 μηδένα,

292 870 379 936 ὡς
428 869 643 939 ἔοικεν,
699 871 840 944 ὑπὲρ
887 870 983 925 τοῦ
1026 874 1210 925 πονεῖν
1254 871 1355 941 τῆς
1384 870 1666 943 ζητήσεως
1698 872 1884 926 ἕνεκεν

296 961 398 1016 τοῦ
443 960 681 1030 ἀληθοῦς
727 960 919 1032 μισθὸν
961 961 1349 1032 ἐκδεχόμενοι,
1411 962 1548 1033 πρὸς
1576 962 1637 1014 τὸ
1663 960 1884 1016 εὔκολον

295 1051 399 1104 καὶ
444 1049 645 1114 πολλὰς
688 1048 811 1121 ἔχον
854 1050 954 1122 ἥδη
996 1052 1061 1104 ὲκ
1100 1051 1209 1105 τῶν
1236 1051 1563 1121 Ἑλληνικῶν
1599 1052 1885 1122 δογμάτων

294 1142 402 1203 τὰς
430 1140 687 1212 ἀφορμὰς
715 1141 1123 1211 καταφεύγουσι
1142 1184 1156 1206 ,
1190 1130 1508 1213 ’φάσκοντες
1536 1145 1638 1216 τήν
1663 1145 1723 1198 τέ
1753 1161 1883 1198 ποτε

293 1228 469 1286 οὖσαν
528 1233 672 1287 κατά
722 1234 784 1287 τὸ
831 1233 988 1299 δόξαν
1042 1235 1226 1299 αὐτοῖς
1274 1236 1382 1291 τῶν
1434 1236 1667 1305 λογικῶν
1721 1239 1884 1294 ἑνάδα

299 1326 428 1380 καθ’
466 1326 535 1397 ἣν
596 1330 858 1397 συμφυεῖς
907 1328 1061 1392 ὄντες
1106 1328 1227 1401 Θεῷ
1273 1329 1373 1402 τὴν
1417 1332 1474 1385 ὲν
1524 1332 1673 1404 αύτῷ
1715 1335 1884 1406 μόνην

297 1418 562 1489 ἐχομένη
596 1419 691 1474 καὶ
721 1420 947 1490 ἵδρυσιν,
986 1422 1212 1493 προσέτι
1239 1439 1303 1491 γε
1336 1423 1427 1477 καὶ
1458 1425 1558 1496 τὴν
1587 1428 1883 1500 γενομένην

298 1509 561 1580 κίνησιν,
618 1510 677 1578 ἐξ
728 1505 796 1585 ἧς
853 1511 1220 1566 σκεδασθέντα
1268 1513 1541 1586 διαφόρως
1594 1516 1663 1569 τὰ
1690 1516 1884 1587 λογικὰ

299 1601 438 1672 πρὸς
496 1601 714 1670 γένεσιν
762 1603 858 1658 τοῦ
910 1603 1225 1675 σωματικοῦ
1280 1605 1474 1662 τούτου
1523 1608 1734 1679 κόσμου
1792 1611 1884 1664 τὸν

295 1692 435 1747 Θεὸν
487 1694 618 1748 ἰδεῖν
666 1695 1087 1767 παρεσκεύασαν
1113 1738 1127 1763 ,
1182 1697 1344 1771 χάριν
1374 1699 1467 1752 τοῦ
1498 1699 1719 1771 ἐνδῆσαι
1745 1701 1883 1754 αύτά

2056 589 2167 629 esse
2197 575 2471 643 dignitatis
2495 577 2520 629 ξ)
2548 596 2566 627 ›

2055 802 2183 859 Haec
2208 803 2435 874 quidam
2462 810 2873 874 consequentes
2900 803 3093 869 verba,
3122 804 3471 874 nullamque,
3500 810 3562 858 ut

1984 904 2227 968 oportet,
2257 912 2359 967 pro
2391 895 2583 951 labore
2600 896 2945 967 inquirendae
2967 896 3220 951 veritatis
3248 896 3562 952 mercedem

1983 989 2343 1060 accipientes,
2373 988 2443 1043 ad
2466 989 2523 1044 id
2558 988 2704 1059 quod
2733 988 2895 1044 facile
2934 997 3019 1045 est
3053 998 3110 1043 et
3150 990 3352 1043 multas
3399 989 3566 1043 habet

1978 1082 2092 1152 jam
2118 1096 2185 1135 ex
2217 1079 2534 1135 Graecorum
2558 1080 2826 1136 doctrinis
2847 1081 3190 1147 occasiones,
3216 1080 3564 1151 confugiunt,

1984 1170 2235 1227 dicentes
2270 1170 2568 1241 quamdam
2608 1172 2924 1237 exstitisse,
2974 1181 3035 1226 ut
3077 1172 3159 1227 eis
3211 1173 3394 1227 visum
3439 1178 3563 1235 est,

1984 1262 2400 1317 rationabilium
2430 1263 2698 1317 unitatem
2727 1302 2742 1327 ,
2786 1276 2887 1332 per
2914 1278 3079 1332 quam
3117 1262 3335 1334 cognati
3374 1277 3567 1317 sumus

1983 1353 2117 1419 Deo,
2149 1354 2608 1424 mansionemque
2630 1354 2686 1408 in
2724 1353 2845 1424 ipso
2882 1354 3227 1408 habebamus
3296 1362 3353 1409 et
3390 1354 3567 1409 collo-

1983 1444 2276 1500 cationem.
2328 1443 2527 1499 Adhuc
2571 1458 2704 1499 vero
2736 1452 2794 1498 et
2832 1441 3037 1498 factum
3087 1449 3322 1507 motum,
3354 1457 3423 1497 ex
3457 1458 3568 1513 quo

1984 1535 2235 1605 dispersa
2260 1541 2388 1589 sunt
2404 1534 2729 1590 dilferenter
2757 1533 3047 1588 rationalia
3063 1532 3130 1586 ad
3151 1531 3567 1601 generationem

1983 1629 2290 1699 corporalis
2316 1627 2485 1699 hujus
2518 1625 2733 1690 mundi,
2769 1625 2831 1698 (ι)
2862 1626 3146 1695 Deumque
3172 1638 3408 1679 noscens
3428 1638 3570 1693 pra:-

1983 1728 2231 1789 paratam
2258 1718 2512 1789 gratiam,
2551 1717 2723 1787 ligare
2750 1731 2812 1770 ea
2854 1714 3182 1785 corporibus
3214 1714 3271 1767 in
3301 1713 3565 1768 ultionem

300 1784 551 1856 σώμασιν
582 1787 676 1840 ἐπὶ
700 1772 940 1860 τιμωρίᾳ
961 1788 1070 1843 τῶν
1094 1791 1632 1864 προημαρτημένων.
1659 1792 1748 1847 διὰ
1767 1793 1884 1847 τού-

1987 1825 2178 1866 eorum
2212 1826 2336 1880 quae
2378 1816 2506 1865 ante
2553 1808 2845 1865 commissa
2880 1816 3029 1873 sunt,
3068 1814 3126 1861 et
3177 1806 3285 1861 hoc
3307 1820 3409 1877 per
3451 1805 3569 1860 hinc

295 1892 411 1929 των
466 1877 799 1932 αἰνίττεσθαι
849 1880 959 1933 τῶν
1003 1879 1177 1950 λόγων
1231 1883 1544 1952 νομίζοντες
1589 1884 1683 1939 τὸν
1735 1885 1884 1941 διδά-

299 1966 521 2021 σκαλον.
576 1966 725 2019 Ἀλλ’
772 1967 1048 2040 ἠγνόησαν
1108 1969 1184 2033 ὡς
1234 1969 1477 2025 ἀδύνατα
1536 1970 1883 2026 ὑποτίθενται
1912 1985 1923 1999 ’

294 2058 397 2112 καὶ
424 2058 534 2112 τῶν
564 2058 863 2130 ἀμηχάνων
894 2059 1391 2132 καταστοχάζονται
1414 2102 1429 2125 ,
1464 2061 1648 2127 καθὼς
1676 2062 1885 2134 προῖὼν

295 2150 441 2221 μετά
482 2150 575 2204 τοῦ
616 2151 823 2214 εἰκότος
862 2154 890 2205 ό
920 2151 1127 2223 ἀληθὴς
1156 2151 1431 2217 ἀποδείξει
1458 2152 1640 2223 λόγος.
1678 2156 1743 2209 Εἰ
1774 2154 1885 2228 γὰρ

292 2242 356 2295 τὸ
388 2242 527 2296 θεῶν
571 2242 698 2315 [leg.
741 2243 905 2315 θεῖον]
942 2244 1198 2313 ἀκίνητον
1223 2284 1237 2309 ,
1291 2244 1367 2309 ὡς
1407 2245 1627 2301 πάντων
1662 2246 1886 2319 πληρω-

291 2332 473 2398 τικὸν,
504 2335 612 2387 πᾶν
641 2333 698 2386 δὲ
730 2334 883 2387 τὸέκ
917 2334 993 2405 μὴ
1020 2333 1189 2387 ὄντων
1222 2335 1283 2389 τὸ
1310 2330 1452 2389 εἶναι
1479 2335 1645 2391 λαϐὸν
1676 2338 1772 2391 καὶ
1797 2355 1884 2391 κι-

292 2424 460 2495 νητὸν
484 2465 499 2491 ,
548 2424 624 2488 ὡς
657 2425 796 2496 πρός
824 2442 948 2480 τινα
978 2425 1195 2491 πάντως
1221 2427 1525 2499 φερόμενον
1553 2428 1754 2495 αἰτίαν,
1790 2427 1883 2483 οῦ-

292 2533 387 2569 πω
428 2516 486 2570 δὲ
535 2516 689 2570 οὐδὲν
740 2516 1057 2589 κινούμενον
1104 2518 1256 2587 ἔστη,
1306 2519 1382 2583 ὠς
1419 2521 1519 2591 τῆς
1553 2522 1675 2576 κατ’
1698 2521 1885 2593 ἔφεσιν

291 2609 568 2679 κινήσεως
592 2608 692 2679 τὴν
716 2608 946 2680 δύναμιν
975 2610 1141 2681 μήπω
1162 2609 1240 2681 τῷ
1262 2610 1477 2681 ἐσχάτῳ
1502 2611 1883 2683 προσαναπαῦ-

227 2723 233 2727 ·
295 2716 400 2752 σαν
447 2699 658 2771 ὁρεκτῷ
714 2699 909 2772 (οὐδὲν
953 2700 1063 2772 γὰρ
1119 2702 1273 2772 ἰστᾷν
1323 2700 1451 2756 ἄλλο
1493 2700 1553 2755 τὸ
1584 2703 1884 2774 φερόμενον

291 2790 438 2843 κατὰ
462 2792 624 2859 φύσιν
652 2791 895 2863 πέφυκεν
925 2792 958 2863 ἢ
988 2794 1165 2846 ἐκεῖνο
1191 2792 1752 2865 δεικνύμενον),οὺδὲν
1776 2794 1885 2867 ἀρα

293 2880 619 2952 κινούμενον
684 2882 815 2954 ἔστη
840 2922 854 2948 ,
934 2882 1011 2947 ὡς
1071 2883 1165 2937 τοῦ
1218 2886 1449 2955 ἐσχάτου
1505 2888 1671 2957 μήπω
1722 2887 1884 2957 τυχὸν

291 2972 528 3046 ὀρεκτοῦ
552 2990 567 3006 ο
627 2974 752 3028 ἐπεὶ
786 2974 911 3046 μηδ’
937 2974 1114 3029 ἐκεῖνό
1146 2993 1233 3029 πω
1259 2977 1423 3045 φανὲν
1456 2977 1563 3031 τῶν
1595 2978 1724 3049 περὶ
1753 2978 1884 3032 αὐτὸ

292 3066 617 3138 φερομένων
639 3066 737 3139 τὴν
763 3068 978 3139 κίνησιν
1007 3067 1255 3138 ἔστησεν.
1286 3069 1348 3122 Εἰ
1372 3069 1428 3123 δὲ
1452 3068 1607 3123 τοῦτό
1630 3069 1818 3141 (119
1833 3069 1883 3141 ὁ)

1986 1900 2299 1957 insinuasse
2319 1900 2490 1956 verba
2522 1900 2865 1955 arbitrantur
2895 1900 3239 1967 magistrum.
3271 1896 3380 1952 Sed
3410 1896 3566 1967 igno-

1986 2002 2113 2048 rant
2145 1992 2425 2063 quomodo
2449 1991 2813 2061 impossibilia
2843 1998 3155 2060 sequuntur
3198 1998 3257 2043 et
3308 1988 3570 2057 inoppor-

1986 2095 2123 2140 tuna
2141 2083 2589 2149 considerantur,
2634 2081 2779 2137 sicut
2806 2081 3118 2152 procedens
3162 2079 3415 2149 posthac,
3470 2076 3566 2147 (ιη)

1982 2191 2440 2247 consequensque
2471 2191 2535 2230 ac
2589 2190 2722 2231 vera
2780 2172 3112 2245 approbabit
3142 2172 3303 2226 ratio.
3340 2169 3397 2225 Si
3421 2170 3570 2225 enim

1985 2268 2135 2323 Deus
2188 2266 2553 2321 immutabilis
2584 2273 2689 2330 est,
2739 2271 2935 2334 utputa
2964 2262 3214 2317 omnium
3255 2260 3567 2331 plenitudo,

1987 2375 2151 2415 omne
2181 2367 2367 2414 autem
2389 2358 2537 2429 quod
2561 2374 2630 2413 ex
2656 2373 2767 2411 non
2794 2355 3195 2412 exsistentibus
3210 2370 3333 2410 esse
3367 2352 3572 2423 accipit

1984 2461 2265 2519 movetur,
2305 2451 2505 2507 merito
2544 2449 2613 2505 ad
2659 2448 2955 2519 quamdam
2982 2447 3211 2502 omnino
3235 2446 3415 2502 fertur
3440 2462 3573 2501 cau-

1986 2560 2138 2612 sam;
2167 2544 2413 2600 nondum
2430 2557 2565 2599 vero
2586 2541 2732 2613 quod
2755 2548 3010 2597 movetur
3025 2547 3153 2605 stat,
3174 2539 3298 2609 jure
3319 2545 3571 2593 extremo

1986 2635 2057 2690 ad
2086 2634 2329 2705 quietem
2356 2632 2582 2688 virtutis
2622 2639 2803 2698 motae,
2857 2645 2979 2699 quae
3012 2627 3315 2684 secundum
3354 2627 3572 2681 deside-

1986 2725 2132 2781 rium
2161 2733 2268 2789 est,
2305 2723 2547 2778 nondum
2567 2722 2763 2793 largito
2795 2737 2808 2771 :
2841 2719 2978 2774 nihil
3008 2720 3156 2774 enim
3179 2716 3326 2772 aliud
3351 2716 3568 2782 sistere,

1984 2815 2133 2887 quod
2167 2815 2344 2870 fertur
2374 2813 2680 2870 secundum
2735 2818 2989 2865 naturam
3017 2849 3031 2875 ,
3060 2807 3370 2872 consuevit,
3405 2823 3573 2877 quam

1986 2907 2124 2963 illud
2149 2916 2434 2962 ostensum
2462 2924 2476 2961 :
2512 2904 2726 2959 nullum
2750 2903 2939 2971 itaque
2976 2910 3189 2954 motum
3215 2906 3343 2965 stat,
3377 2907 3572 2969 utpote

1988 2999 2294 3055 novissimo
2331 2997 2581 3053 nondum
2606 2995 2859 3050 fortassis
2888 2992 3040 3057 viso,
3090 2990 3351 3061 quoniam
3388 3004 3572 3059 neque

1988 3089 2125 3145 illud
2151 3088 2354 3144 alicubi
2378 3102 2650 3159 apparens
2675 3100 2867 3140 eorum
2896 3101 3018 3155 qua:
3047 3086 3196 3140 circa
3224 3099 3281 3139 se
3315 3083 3575 3139 feruntur

294 3174 432 3211 ποτε
466 3159 796 3230 γεγενῆσθαι
829 3158 889 3228 ἐξ
922 3161 1293 3231 ἐπιτάγματος
1318 3159 1623 3226 κελεύουσι,
1658 3161 1754 3215 καὶ
1783 3161 1883 3231 τῆς

1989 3190 2203 3237 motum
2230 3158 2574 3237 stabilitavit.
2608 3177 2665 3233 Si
2701 3186 2886 3233 autem
2927 3177 3034 3231 hoc
3070 3175 3368 3246 aliquando
3401 3176 3575 3231 fuisse

295 3253 358 3305 ὲν
405 3251 482 3323 τῷ
531 3252 746 3325 ἐσχάτῳ
796 3254 891 3308 καὶ
944 3254 1091 3326 μόνῳ
1135 3252 1348 3326 ὀρεκτῴ
1402 3253 1665 3329 ἱδρύσεως
1694 3271 1754 3307 τε
1789 3255 1886 3308 καὶ

294 3344 471 3416 μονῆς
516 3344 961 3417 παρακινηθέντα
978 3347 1024 3378 ’³
1071 3344 1138 3398 τὰ
1186 3344 1379 3414 λογικὰ
1432 3345 1523 3399 τὸν
1578 3344 1885 3413 σκεδασμὸν

290 3432 512 3500 ἐλαϐεν,
571 3434 659 3487 ἵνα
715 3434 789 3506 μὴ
835 3434 1011 3503 λέγων
1060 3434 1353 3507 ὲρεσχελῶ,
1409 3433 1493 3498 τίς
1523 3435 1555 3503 ἡ
1588 3431 1882 3501 ἀπόδειξις,

290 3526 399 3589 τὰς
426 3524 597 3590 αὑτὰς
630 3525 723 3579 ἐπὶ
751 3528 865 3590 τοῖς
891 3528 1076 3590 αὐτοῖς
1108 3527 1196 3581 ἐπ’
1220 3526 1449 3598 ἄπειρον
1481 3524 1624 3591 ἕξειν
1638 3526 1688 3559 ⁷⁵
1709 3525 1777 3579 τὰ
1798 3526 1887 3579 λο-

290 3617 435 3689 γικὰ
459 3617 875 3690 μετεμπτώσεις
900 3618 957 3686 ἐξ
976 3620 1223 3691 ἀνάγκης
1246 3620 1471 3684 εἰκότως
1494 3619 1882 3691 ὑποϐήσονται.

292 3704 526 3776 Οὖτινος
552 3711 659 3782 γὰρ
692 3711 779 3765 διὰ
808 3711 911 3782 τῆς
942 3712 1141 3783 πείρας
1172 3714 1537 3783 καταφρονεῖν
1565 3703 1713 3779 ᾶπᾱξ
1735 3711 1884 3766 δεδύ-

292 3819 532 3874 νηνται,
586 3804 682 3857 καὶ
732 3805 812 3865 εἰς
858 3803 945 3856 άελ⁵
989 3803 1315 3875 δυνήσεσθαι
1358 3805 1534 3869 οὐδεὶς
1565 3807 1593 3859 ό
1622 3804 1884 3858 κωλύσων

294 3894 456 3948 ἔσται
504 3894 682 3964 λόγος.
743 3893 850 3947 Τοῦ
890 3893 947 3947 δὲ
987 3893 1129 3948 οὓτω
1156 3895 1421 3967 φέρεσθαι
1458 3895 1529 3951 τὰ
1559 3895 1754 3965 λογικὰ
1788 3894 1884 3948 καὶ

298 3985 576 4058 μηδεμίαν
623 3987 766 4057 ἔχειν
822 3986 857 4059 ἢ
908 3984 1151 4051 ἐλπίζειν
1200 3986 1357 4056 βάσιν
1401 3986 1740 4057 ἀμετάθετον
1785 3986 1885 4057 τῆς

293 4079 363 4132 εν
388 4077 465 4148 τῷ
495 4077 647 4148 καλῷ
676 4078 1043 4148 παγιότητος,
1090 4078 1145 4131 τι
1178 4077 1307 4131 ἄλλο
1338 4077 1538 4147 γένοιτ’
1561 4077 1627 4132 ἂν
1652 4062 1885 4131 ἐλεεινό-

293 4183 487 4237 τερονς
547 4167 612 4220 Εἰ
639 4166 697 4218 δὲ
725 4167 984 4220 δύνασθαι
1013 4166 1112 4237 μὲν
1147 4169 1334 4236 φαῖεν,
1356 4156 1364 4162 ’
1390 4168 1464 4238 μὴ
1493 4167 1776 4238 βούλεσθαι
1801 4167 1882 4233 δὲ,

293 4257 393 4311 διὰ
439 4257 541 4329 τὴν
577 4258 877 4330 γενομένην
922 4260 1118 4329 πεῖραν
1165 4257 1260 4311 τοῦ
1288 4258 1554 4327 ἐναντίου,
1589 4260 1684 4313 καί
1711 4258 1886 4322 οὕτως

293 4350 365 4405 οὐ
416 4349 483 4403 δι’
515 4350 716 4415 ἑαυτὸ,
774 4349 851 4411 ὼς
900 4349 1169 4413 καλὸνπ,
1227 4349 1361 4403 ἀλλὰ
1409 4350 1498 4405 διὰ
1542 4350 1604 4405 τὸ
1645 4350 1884 4406 ἐναντίον

294 4442 364 4498 τὸ
392 4442 557 4496 καλὸν
593 4444 777 4505 αὐτοῖς
808 4443 961 4498 ἔσται
998 4443 1056 4510 ἐξ
1082 4443 1331 4515 ἀνάγκης
1361 4443 1722 4515 στεργόμενον
1741 4487 1755 4510 ,
1806 4444 1882 4508 ὠς

1986 3288 2054 3327 ex
2088 3279 2366 3341 praecepto
2395 3269 2597 3342 jubent
2624 3309 2639 3335 ,
2675 3275 2733 3323 et
2758 3283 2847 3333 ex,
2879 3267 2934 3321 in
2980 3266 3284 3321 novissimo
3314 3266 3576 3321 videlicet

1984 3372 2043 3420 et
2098 3361 2449 3434 permanenti
2525 3359 2691 3424 dato,
2747 3359 3115 3414 collocatione
3166 3365 3224 3412 et
3284 3358 3575 3413 mansione

1985 3461 2295 3526 permotata
2313 3452 2391 3524 (η)
2416 3451 2767 3507 rationabilia
2785 3450 3189 3520 dispersionem
3212 3457 3570 3520 acceperunt,

1986 3558 2049 3604 ut
2074 3563 2184 3602 non
2205 3544 2485 3616 superﬂua
2517 3544 2718 3609 dicam,
2749 3542 2928 3614 qualis
2959 3542 3310 3613 approbatio,
3347 3542 3573 3597 eosdem

1988 3639 2046 3694 in
2077 3654 2135 3693 se
2170 3620 2303 3707 ipsis
2326 3636 2383 3691 in
2406 3635 2683 3690 inﬁnitum
2711 3633 2964 3690 habitum
3004 3633 3358 3688 rationabilia
3383 3632 3575 3702 lapsus

1989 3745 2060 3784 ex
2090 3726 2421 3782 necessitate
2450 3725 2598 3797 juste
2629 3724 3011 3780 sustinebunt.
3053 3725 3098 3779 A
3131 3724 3283 3779 nullo
3306 3723 3451 3777 enim
3473 3739 3575 3794 per

1986 3817 2427 3888 experimentum
2452 3814 2754 3886 spernendi
2785 3818 2957 3870 semel
2984 3814 3437 3877 corroborantur,
3471 3829 3570 3868 nc-

1987 3923 2096 3978 que
2140 3908 2193 3961 in
2242 3914 2513 3961 aeternum
2553 3905 2973 3961 corroboratum
3027 3904 3094 3959 iri
3128 3904 3240 3959 ulla
3270 3903 3573 3974 prohibens

1986 3999 2095 4054 erit
2127 3999 2288 4053 ratio.
2322 3997 2476 4052 Ferri
2534 4012 2665 4052 vero
2715 3997 2797 4053 sic
2837 3995 3193 4051 rationabilia
3219 4036 3233 4059 ,
3272 4002 3329 4050 et
3360 3995 3571 4055 nullam

1988 4087 2194 4143 habere
2242 4088 2331 4141 vel
2379 4088 2653 4159 sperando
2688 4088 2865 4143 basim
2912 4087 3256 4141 immobilem
3318 4086 3373 4140 in
3425 4087 3573 4142 bono

1988 4180 2201 4246 fixurae,
2251 4181 2383 4252 quid
2435 4181 2585 4235 aliud
2632 4179 2789 4235 fieret
2840 4179 3273 4234 miserabilius?
3323 4177 3381 4234 Si
3438 4193 3573 4234 vero

1986 4286 2148 4342 posse
2170 4272 2397 4342 quidem
2432 4271 2694 4335 dixerint,
2734 4270 2881 4326 nolle
2905 4286 3063 4335 vero,
3100 4270 3208 4325 nisi
3244 4286 3343 4340 per
3364 4269 3572 4325 factum

1987 4364 2251 4418 contrarii
2279 4363 2745 4433 experimentum,
2783 4370 2840 4416 et
2868 4362 2949 4416 sic
2987 4378 3099 4417 non
3145 4378 3243 4431 per
3283 4377 3343 4417 se
3388 4363 3571 4431 ipsum

1987 4464 2050 4511 ut
2082 4452 2311 4521 bonum,
2341 4455 2435 4511 sed
2468 4470 2567 4524 per
2604 4452 2971 4518 contrarium,
2997 4453 3106 4507 erit
3138 4455 3220 4507 eis
3248 4453 3458 4507 bonum
3502 4469 3571 4508 ex

294 4536 361 4591 ού
388 4536 549 4605 φύσει
578 4535 611 4607 ἢ
638 4536 843 4606 κυρίως
870 4534 929 4589 δν
954 4535 1204 4607 ὲραστόν.
1233 4537 1347 4591 Πᾶν
1368 4536 1476 4607 γὰρ
1503 4536 1531 4589 ὃ
1554 4535 1629 4608 μὴ
1645 4536 1711 4590 δι’
1726 4537 1885 4591 ἑαυτὸ

1993 4547 2322 4603 necessitate
2360 4546 2618 4611 amabile,
2664 4544 2944 4615 quomodo
2982 4560 3092 4599 non
3127 4561 3196 4600 ex
3231 4553 3428 4600 natura
3477 4557 3573 4603 aut

298 4629 508 4698 ἀγαθόν
549 4630 664 4683 ἐστι
716 4630 811 4682 καὶ
853 4629 1084 4699 ὲραστὸν
1117 4621 1217 4683 καῖ
1240 4629 1421 4701 πάσης
1451 4629 1700 4684 ἑλκτικὸν
1727 4631 1887 4703 κινή-

1986 4638 2231 4715 proprie,
2274 4636 2423 4708 quod
2461 4645 2545 4691 est
2582 4635 2837 4700 amabile,
2873 4642 2978 4690 est.
3021 4634 3201 4690 Omne
3242 4637 3388 4690 enim
3423 4637 3570 4707 quod

298 4735 441 4782 σεως
492 4717 554 4771 ού
590 4719 797 4790 κυρίως
848 4719 1031 4775 καλόν.
1086 4720 1199 4774 Καὶ
1249 4719 1339 4774 διὰ
1381 4719 1538 4775 τοῦτο
1589 4720 1711 4775 οὐδὲ
1756 4721 1885 4775 καθ-

1987 4742 2098 4782 non
2124 4743 2224 4797 per
2244 4742 2304 4783 se
2336 4728 2518 4798 ipsum
2542 4726 2750 4781 bonum
2776 4732 2861 4781 est
2886 4732 2941 4780 et
2971 4725 3234 4792 amabile,
3258 4734 3314 4783 et
3347 4743 3570 4783 omnem

295 4811 522 4866 εκτικὸν
551 4811 779 4875 εἰκότως
800 4811 900 4883 τῆς
922 4812 1030 4866 τῶν
1054 4812 1145 4867 ἐπ’
1160 4812 1312 4884 αύτῷ
1329 4812 1605 4883 ἡδομένων
1623 4812 1886 4882 ἐφέσεως,

296 4900 443 4957 ἀλλά
493 4901 587 4956 καὶ
638 4902 799 4972 χάριν
845 4902 1031 4957 λοιπὸν
1083 4903 1479 4975 ὁμολογήσαιεν
1517 4902 1584 4959 ἂν
1610 4904 1690 4977 τῷ
1730 4904 1888 4977 κακῷ

1986 4817 2056 4872 ad
2081 4832 2139 4873 se
2164 4832 2278 4872 non
2302 4817 2588 4873 attrahens
2605 4823 2838 4882 motum,
2857 4831 2968 4870 non
2990 4824 3073 4872 est
3093 4819 3318 4888 proprie
3340 4818 3571 4876 bonum.

1986 4908 2065 4964 Ac
2079 4923 2179 4980 per
2197 4908 2307 4965 hoc
2324 4924 2505 4979 neque
2522 4909 2918 4983 attrahetjuste
2936 4910 3329 4968 delectantium
3348 4928 3405 4969 se
3430 4913 3577 4968 desi-

1084 5072 1089 5077 ι
1584 5040 1819 5099 VARLE
1868 5043 2277 5103 LECTIONES.

379 5132 429 5167 "
454 5131 678 5205 εἴχομεν
697 5133 787 5189 ed.
816 5132 941 5189 Gal.
1038 5133 1085 5164 ⁷³
1111 5132 1534 5205 περικινηθέντα
1563 5135 1654 5191 ed.
1683 5135 1803 5193 Gal.
1885 5139 1934 5172 '"*
1965 5140 2079 5207 ἕξιν
2110 5140 2199 5197 ed.
2235 5140 2356 5197 Gal.
2437 5144 2483 5174 "
2518 5143 2681 5197 ἑαυτὸ
2708 5144 2768 5199 τὸ
2794 5143 2871 5207 ὡς
2918 5143 3079 5197 καλὸν
3125 5143 3215 5198 ed.
3250 5142 3370 5198 Gal.

1788 5268 2024 5328 ΝΟΤΛΕ.

376 5356 442 5429 (ί)
473 5357 603 5431 Haec
624 5373 737 5414 non
766 5366 878 5431 tam
900 5369 1161 5431 corrupta
1180 5376 1348 5430 quam
1380 5376 1491 5415 non
1527 5361 1671 5417 bene
1722 5363 1888 5418 intel-

298 5429 448 5503 ἰεοιει
481 5444 512 5484 a
539 5429 727 5503 Scoto,
764 5430 1012 5503 adeoque
1037 5429 1177 5485 male
1200 5429 1473 5503 conversa
1501 5431 1575 5503 ita
1600 5432 1841 5503 refingas
1869 5451 1883 5487 :

299 5499 392 5572 Ea:
415 5516 518 5570 quo
539 5499 840 5571 differenter
854 5500 1101 5572 dispersa
1128 5500 1444 5572 rationalia,
1481 5502 1559 5572 ad,
1589 5499 1885 5572 procréan-

297 5569 435 5623 dumi
459 5569 951 5639 hunc’corporalem’
976 5570 1253 5635 mundum,
1281 5571 1449 5626 Deum
1475 5569 1653 5626 uidere
1690 5581 1885 5627 conata

297 5648 449 5703 tum,
477 5656 539 5695 ea
564 5643 628 5694 de
660 5657 827 5694 causa
871 5640 1009 5712 quod
1047 5643 1164 5711 ipsa
1206 5642 1509 5714 corporibus
1550 5641 1785 5714 ligasset,
1829 5643 1885 5695 in

300 5724 491 5765 eorum
523 5727 641 5790 qua:
676 5718 835 5765 antea
866 5720 1213 5782 peccaverunt
1247 5712 1676 5767 vindicationem.

2062 5362 2159 5434 (m)
2189 5364 2376 5440 Verte
2407 5380 2523 5440 eam
2555 5364 3036 5419 verisimilitudine.
3083 5366 3321 5440 Legerat
3368 5369 3572 5431 Scotue

1988 5433 2234 5505 ἐπόντος.
2262 5433 2463 5505 (Gale.)

2067 5502 2146 5575 (η)
2169 5501 2502 5575 Ρονήιοταία,
2529 5501 2673 5559 forte
2696 5504 3115 5575 προκινηθέντα.
3135 5506 3235 5563 ilic
3262 5509 3401 5566 nihil
3428 5512 3571 5571 vidit

1987 5573 2246 5651 Erigena.
2280 5574 2349 5628 Et
2390 5589 2528 5643 pene
2554 5573 2751 5651 omnia
2779 5575 2836 5629 in
2880 5573 2984 5651 hoc
3029 5579 3209 5651 capite
3250 5584 3564 5651 pervertit;

1986 5644 2194 5721 quibus
2224 5645 2700 5721 tamennotandis
2726 5686 2740 5713 ,
2776 5647 3040 5715 quoniam
3078 5644 3238 5719 plura
3255 5644 3421 5721 'sunt,
3478 5644 3572 5711 su;

1988 5714 2280 5783 persedco.
2314 5714 2511 5785 (Gale.)

379 5824 456 5895 (2)
494 5824 640 5880 Idem
673 5824 807 5881 ibid.
840 5841 962 5896 cap.
994 5828 1046 5893 7,
1076 5842 1133 5898 p.
1175 5826 1300 5894 261,
1335 5835 1467 5885 ῑοιη.
1506 5828 1548 5895 l,
1590 5830 1730 5901 Opp.
1764 5829 1855 5886 ed.
1887 5827 2094 5883 Bened.
