3998 6370
518 341 650 402 1071

1689 337 1745 394 S.
1789 334 2072 394 ΜΑΧΙΜΙ
2115 331 2626 392 CONFESSORiS

3643 299 3789 408 ἰο-ιε

516 453 754 516 derium,
794 450 888 506 sed
912 461 966 504 et
997 449 1201 520 gratias
1225 456 1392 503 restat
1425 447 1675 502 conﬁteri
1710 463 1805 501 eos
1827 447 1969 501 malo
1998 446 2091 514 qui

2205 444 2254 496 οἱ
2306 444 2463 496 τοῦτο
2515 445 2872 514 περιέποντες
2927 444 2987 497 τὸ
3036 446 3290 519 φρόνημα
3322 489 3338 511 ,
3401 449 3480 514 ὡς
3532 449 3600 504 δι’
3640 454 3789 509 αὑτοῦ

519 545 682 600 talem
701 549 1010 611 sequuntur
1027 539 1378 610 sapientiam,
1397 539 1594 592 merito
1609 554 1708 607 per
1729 537 1927 607 ipsum,
1951 535 2099 606 quod

518 641 862 696 necessc-cst,
883 632 1184 695 discentes,
1210 631 1266 685 in
1285 631 1432 685 bono
1455 628 1669 684 scilicet
1692 630 1924 681 fixuram
1957 643 2097 696 quo-

514 727 791 798 quomodo
813 725 1018 780 habere
1043 723 1396 794 pmnitentes,
1424 730 1480 777 et
1505 720 1920 792 generationem
1939 720 2008 773 ab
2033 734 2098 773 eo

515 821 830 876 necessario
855 817 1118 880 dixerint,
1140 814 1412 885 siquidem
1447 813 1672 868 sibimet
1689 811 2096 883 generationem

510 921 768 967 astruere
790 917 1089 968 noverunt.
1124 917 1322 961 natura
1350 906 1466 976 ipsa
1496 905 1942 976 utiliorem,jure
1967 904 2096 958 dum

466 1065 470 1068 η
515 1009 582 1060 sit
612 1005 859 1076 proﬁcua
881 1000 1184 1058 secundum
1212 1015 1406 1055 eorum
1429 999 1739 1055 doctrinam
1769 1006 1826 1054 et
1849 999 2095 1052 omnium

513 1097 811 1169 pretiosior
829 1093 1124 1165 possessio.
1141 1093 1217 1147 Ex
1230 1093 1503 1148 charitate
1516 1091 1642 1147 dico
1655 1091 2094 1162 generationem,

514 1205 612 1258 per
641 1203 803 1258 quam
838 1184 1165 1240 naturaliter
1200 1185 1368 1250 inest,
1408 1182 1596 1238 omnia
1615 1198 1680 1238 ex
1717 1183 1832 1237 Deo
1863 1181 2004 1236 facta
2041 1182 2097 1236 in

511 1281 683 1333 Deum
715 1275 1038 1346 congregari
1065 1283 1338 1344 perpetuo
1383 1281 1550 1344 atque
1573 1272 2094 1328 inconversibiliter.

583 1368 652 1422 Et
679 1367 902 1430 iterum,
955 1379 1149 1418 eorum
1197 1379 1322 1434 qua:
1382 1379 1450 1418 ex
1479 1363 1594 1418 Deo
1636 1363 1782 1418 facta
1835 1370 2005 1427 sunt,
2041 1372 2097 1418 et

511 1457 946 1530 intelligibilium
981 1467 1038 1512 et
1072 1456 1424 1512 sensibilium
1448 1497 1462 1522 ,
1497 1456 1787 1528 generatio
1826 1464 1954 1511 ante
1981 1471 2098 1510 mo-

511 1564 626 1606 tum
657 1551 1006 1621 intelligitur.
1040 1550 1159 1605 Non
1184 1549 1332 1604 enim
1385 1556 1572 1619 potest
1605 1556 1731 1604 ante
1779 1548 2094 1620 generatio-

507 1659 632 1698 nem
660 1653 844 1698 motus
884 1659 1043 1709 esse;
1083 1657 1277 1697 eorum
1313 1641 1462 1698 enim
1493 1657 1616 1712 qua:
1650 1640 1794 1696 facta
1835 1648 1966 1696 sunt
2011 1649 2096 1696 est

507 1746 710 1802 motus,
739 1736 854 1822 sive
902 1736 1339 1808 intelligibilium
1388 1735 1781 1806 intelligibiiis,
1815 1736 1934 1790 sive
1960 1751 2094 1790 scn-

2203 535 2263 587 τὸ
2315 535 2434 588 δέον
2488 534 2832 604 διδαχθέντες
2894 539 2989 589 καὶ
3037 541 3136 608 τὴν
3190 542 3248 593 ὲν
3300 541 3385 611 τῷ
3435 543 3588 616 καλῷ
3643 546 3791 617 ήιξιν

2163 692 2168 698 ί
2205 629 2321 692 πῶς
2346 627 2492 698 ἔχειν
2523 645 2658 698 μετα
2669 629 2934 698 μαθόντες
2964 632 3056 684 καὶ
3082 632 3297 700 γένεσιν
3321 635 3466 690 αὐτὸ
3491 637 3792 705 ἀναγκαίως

2203 721 2409 774 εἴποιεν
2442 722 2506 774 ἂν
2529 762 2544 786 ,
2601 721 2762 792 εἴπερ
2796 723 3008 785 ἑαυτοῖς
3042 728 3272 795 στοιχεῖν
3305 725 3660 797 διέγνωσαν,
3710 734 3794 787 καὶ

2203 813 2301 882 τῆς
2347 811 2565 882 φύσεως
2609 813 2780 883 αὐτῆς
2822 817 3285 886 χρησιμωτέραν,
3343 818 3428 882 ὼς
3465 820 3564 873 τοῦ
3598 811 3795 892 συμῖφέυ

2205 921 2394 974 ροντος
2434 905 2558 958 κατ’
2579 905 2778 968 αὐτοὺς
2809 901 2976 958 οὖσαν
3002 905 3319 979 διδακτικὴν
3341 951 3356 974 ,
3410 910 3512 963 καὶ
3543 911 3638 964 τοῦ
3671 913 3794 966 πᾶν·

2201 1013 2310 1049 των
2339 997 2670 1068 τιμιωτέρου
2703 999 3004 1068 κτήματος,
3035 998 3137 1068 τῆς
3162 1001 3394 1074 ἀγάπης
3423 1003 3590 1070 λέγω,
3617 1021 3796 1078 γεννη-

2202 1087 2358 1157 τικὴν
2380 1129 2394 1153 ,
2445 1088 2566 1142 καθ’
2594 1089 2660 1160 ἢν
2706 1089 2916 1156 πέφυκε
2965 1090 3142 1144 πάντα
3176 1091 3245 1144 τὰ
3274 1093 3340 1144 ἐκ
3371 1091 3516 1145 Θεοῦ
3547 1096 3797 1166 γινόμενα

2200 1181 2280 1242 εἰς
2333 1179 2465 1232 Θεὸν
2539 1180 2879 1249 συνάγεσθαι
2958 1181 3206 1254 μονίμως
3282 1201 3346 1237 τε
3424 1185 3523 1238 καὶ
3585 1189 3793 1260 ἀπαρα-

2200 1271 2471 1345 τρὲπτως.

2272 1365 2382 1416 Καὶ
2433 1361 2633 1430 πάλιν,
2693 1363 2802 1417 τῶν
2852 1367 2916 1418 ὲκ
2959 1365 3095 1420 Θεοῦ
3142 1368 3465 1440 γενομένων
3505 1373 3713 1444 νοητῶν
3739 1393 3792 1430 τε

2201 1455 2386 1527 (120
2404 1464 2458 1526 a)
2498 1455 2592 1508 καὶ
2623 1455 2898 1526 αἰσθητῶν
2931 1459 2964 1528 ὴ
2993 1458 3206 1527 γένεσις
3235 1461 3336 1530 τῆς
3359 1463 3646 1531 κινήσεως
3674 1484 3791 1537 προ.

2198 1551 2514 1602 επινοεῖται.
2553 1548 2629 1602 Οὐ
2675 1549 2782 1620 γὰρ
2833 1544 2946 1603 οἷόν
2978 1568 3038 1604 τε
3091 1552 3198 1621 πρὸ
3227 1553 3512 1620 γενέσεως
3546 1553 3689 1612 εἶναι
3714 1562 3789 1612 κε-

2198 1657 2375 1710 νησιν.
2435 1639 2555 1692 Τῶν
2594 1639 2706 1711 γὰρ
2745 1641 3056 1712 γενομένων
3090 1642 3396 1714 ή.κίνησις,
3417 1653 3453 1724 ἦ
3478 1664 3540 1700 τε
3573 1651 3786 1718 νοητῶν,

2197 1731 2398 1802 νοητὴ,
2425 1731 2461 1802 ἧ
2501 1748 2559 1784 τε
2587 1732 2898 1802 αἰσυητῶν,
2932 1733 3186 1807 αἰσθητή.
3225 1736 3402 1792 Οὐδὲν
3429 1740 3546 1810 γὰρ
3576 1741 3682 1793 τῶν
3707 1760 3788 1810 γε·

506 1807 764 1883 ιεὶιιίιίιιηῖ
782 1828 1063 1884 sensibilis
1094 1807 1113 1881 7:
1147 1828 1360 1883 nullum
1385 1827 1533 1883 enim
1567 1843 1759 1882 eorum
1805 1842 1927 1896 quae
1948 1826 2091 1883 facta

2199 1823 2440 1894 νομένων
2483 1823 2660 1876 ὲστὶη
2709 1822 2771 1875 τὸ
2814 1825 3078 1896 παράπαν
3127 1825 3206 1897 τῷ
3252 1827 3379 1881 καθ’
3413 1807 3554 1882 αὐτὸ
3576 1831 3618 1861 ⁷⁷
3663 1807 3792 1904 λόγῳ

507 1927 635 1974 sunt
670 1929 756 1976 est
787 1919 1015 1975 omnino
1047 1919 1240 1974 eadem
1265 1919 1482 1976 ratione
1543 1919 1828 1975 immobile
1859 1961 1872 1985 ,
1910 1934 2092 1990 neque

505 2027 701 2066 eorum
731 2013 914 2066 anima
963 2011 1274 2066 carentium
1307 2018 1362 2066 et
1395 2010 1766 2075 sensibilium,
1799 2011 1942 2068 sicut
1971 2019 2092 2066 stu-

507 2101 848 2157 diosioribus
870 2117 1064 2158 eorum
1096 2119 1220 2173 quae
1243 2110 1374 2158 sunt
1425 2103 1958 2173 eontemplatoribus
2012 2104 2094 2158 vi-

429 2237 446 2249 .
507 2209 629 2247 sum
674 2202 796 2259 est;
839 2193 1052 2248 moveri
1108 2193 1259 2248 enim
1307 2193 1492 2248 omnia
1533 2193 1795 2248 dixerunt
1837 2203 1934 2250 aut
1992 2209 2092 2265 per

507 2295 717 2340 rectam
765 2285 994 2351 lineam,
1037 2293 1136 2340 aut
1191 2302 1290 2357 per
1335 2287 1632 2351 circulum,
1692 2295 1786 2342 aut
1839 2287 2088 2359 oblique.

506 2375 700 2431 tlmnis
725 2376 873 2430 enim
924 2384 1109 2430 motus
1160 2376 1401 2447 simplici
1449 2365 1510 2432 et
1569 2377 1877 2448 composito
1911 2378 2090 2433 conti-

509 2477 676 2522 netur
718 2467 905 2524 modo.
957 2467 1013 2524 Si
1075 2484 1210 2540 ergo
1251 2469 1574 2540 intelligitur
1626 2471 1910 2540 generatio
1963 2479 2090 2526 ante

505 2567 716 2615 motum
759 2575 954 2616 eorum
1015 2576 1255 2631 quorum
1303 2569 1429 2626 est,
1481 2561 1779 2633 inspicitur
1839 2563 2092 2633 profecto

502 2667 697 2706 eorum
727 2667 964 2722 quorum
991 2662 1076 2708 est
1099 2663 1284 2709 motus
1305 2669 1404 2724 per
1429 2655 1872 2725 generationem,
1897 2663 2091 2726 utpote

503 2745 636 2799 dum
691 2745 762 2800 sit
823 2753 948 2814 post
1019 2760 1139 2800 eam
1200 2745 1508 2801 secundum
1565 2746 1843 2803 notitiam.
1900 2747 2091 2802 Talem

503 2847 688 2893 autem
741 2847 950 2893 motum
1019 2838 1280 2892 virtutem
1363 2847 1563 2894 vocant
1633 2839 1942 2894 naturalem
2023 2838 2089 2894 ad

499 2946 666 2986 suum
701 2929 863 2984 ﬁnem
899 2925 1271 2994 festinantem,
1297 2928 1369 3000 (ο)
1401 2930 1495 3000 qui
1527 2945 1738 2985 sacram
1773 2931 2090 2986 divinorum

503 3021 666 3077 nobis
724 3021 1112 3095 mysterior‘um
1181 3022 1470 3078 scientiam
1542 3037 1698 3078 saere
1764 3023 2088 3078 introduxe-

503 3121 685 3179 runt;
737 3124 831 3167 aut
884 3113 1219 3182 passionem,
1277 3113 1332 3168 id
1383 3121 1467 3168 est
1522 3123 1730 3169 motum
1790 3131 1858 3169 ex
1913 3115 2090 3170 altero

499 3206 816 3260 venientem
866 3206 934 3262 ad
969 3207 1204 3261 alterum
1250 3207 1408 3276 cujus
1455 3205 1579 3262 ﬁnis
1633 3217 1716 3262 est
1777 3208 2088 3279 impassibi-

503 3296 652 3362 litus,
690 3306 785 3368 aut
819 3295 1198 3366 operationem
1229 3296 1488 3360 activam,
1528 3299 1685 3370 cuius
1722 3297 1845 3354 ﬁnis
1883 3309 1966 3355 est
1989 3315 2089 3371 per

502 3389 744 3456 seipsum
792 3387 1082 3458 perfectio.
1136 3387 1365 3444 Nullum
1401 3404 1537 3444 vero
1571 3405 1768 3446 eorum
1799 3405 1922 3460 quae
1945 3391 2090 3446 facta

504 3489 637 3534 sunt
655 3480 856 3535 suimet
885 3478 1012 3536 ﬁnis
1041 3487 1146 3547 est,
1169 3479 1435 3550 quoniam
1456 3495 1636 3552 neque
1669 3481 1755 3536 sui
1781 3496 1948 3537 causa
1973 3493 2086 3549 est;

501 3570 751 3640 alioquin
786 3580 842 3626 et
888 3570 1197 3642 ingenitum
1247 3580 1304 3626 et
1359 3586 1558 3626 carens
1595 3572 1876 3642 principio
1915 3581 1972 3628 et
2007 3571 2090 3626 in-

502 3663 890 3718 eormuotabile
917 3671 1102 3728 esset,
1129 3645 1332 3718 merito
1359 3664 1429 3719 ad
1455 3664 1670 3719 nullum
1695 3663 2090 3734 quoquomodo

502 3753 715 3807 habens
751 3753 1004 3816 moveri;
1051 3753 1477 3809 transcenderet
1529 3754 1678 3809 enim
1712 3769 1908 3808 eorum
1947 3769 2082 3824 qua:

503 3854 634 3900 sunt
685 3856 962 3913 naturam,
998 3853 1190 3916 utpote
1233 3861 1337 3917 pro
1369 3847 1524 3901 nullo
1568 3854 1758 3913 esset;
1804 3845 2083 3918 siquidem

503 3955 636 3994 vera
663 3937 730 3993 de
763 3939 881 4008 ipso
912 3937 1188 4005 deﬁnitio,
1213 3923 1465 4009 quamvis
1494 3938 1696 4004 aliena,
1753 3954 1874 4008 quae
1901 3938 2039 3994 dicit
2073 3955 2086 3991 :

498 4031 658 4086 'lt‘inis
683 4039 769 4086 est
803 4045 905 4102 pro
937 4046 1049 4100 quo
1080 4029 1288 4094 omnia,
1323 4031 1445 4101 ipse
1476 4047 1611 4088 vero
1648 4046 1750 4102 pro
1775 4031 1949 4086 nullo.
1982 4030 2089 4086 Ne-

503 4139 612 4192 que
647 4139 746 4192 per
771 4139 828 4177 se
854 4122 1122 4194 perfectio
1143 4165 1159 4190 ,
1191 4123 1442 4194 alioquin
1475 4139 1587 4178 non
1621 4123 1937 4179 efﬁceretur
1961 4123 2089 4194 jure

503 4217 768 4285 plenum;
806 4221 862 4269 et
892 4213 1152 4269 similiter
1173 4223 1232 4270 et
1257 4229 1287 4268 a
1321 4215 1477 4268 nullo
1500 4229 1624 4270 esse
1665 4213 1938 4277 haberet;
1988 4229 2091 4284 per

504 4324 564 4360 se
603 4306 750 4360 enim
793 4304 1120 4376 perfectum,
1164 4304 1633 4376 quemadmodum
1676 4313 1734 4360 et
1779 4303 2085 4360 incausale.

505 4398 695 4467 Neque
731 4395 1170 4468 impassibilitas,
1203 4396 1411 4468 alioqui
1450 4407 1507 4454 et
1543 4395 1619 4469 (p)
1652 4411 1886 4452 manens
1915 4406 1970 4452 et
2005 4397 2090 4451 in-

2196 1913 2478 1983 ἀκίνητον,
2518 1913 2627 1966 οὐδ’
2651 1912 2832 1967 αὐτῶν
2861 1911 2968 1966 τῶν
2999 1913 3222 1986 ἀψύχων
3258 1917 3357 1970 καὶ⁹
3388 1919 3695 1988 αἰσθητῶν,
3723 1923 3788 1986 ὡς

2192 2008 2307 2068 τοῖς
2327 2005 2776 2077 ὲπιμελεστέροις
2799 2005 2906 2058 τῶν
2927 2005 3098 2060 ὄντων
3127 2007 3398 2078 θεάμοσιν
3421 2009 3602 2077 ἔδοξε.
3634 2015 3790 2068 Kr.sz-

2196 2099 2320 2154 σθαι
2343 2098 2452 2170 γὰρ
2484 2099 2659 2154 πάντα
2685 2098 2915 2170 ἔφασαν,
2951 2099 2984 2170 ἢ
3018 2100 3144 2154 κατ’
3166 2102 3413 2167 εύοεῖαν,
3451 2104 3487 2176 ἦ
3526 2105 3669 2158 κατὰ
3699 2107 3785 2158 xi-

2193 2192 2341 2260 κλον,
2377 2191 2410 2264 ἢ
2444 2192 2777 2257 ἐλικοειδῶς.
2814 2193 2974 2246 Πᾶσα
3003 2192 3113 2264 γὰρ
3145 2193 3365 2266 κίνησις
3398 2197 3482 2269 τῷ
3513 2198 3674 2269 ἁπλῴ
3705 2199 3786 2253 καὶ

2192 2282 2269 2354 τῷ
2317 2282 2561 2354 συνοέτῳ
2609 2283 2930 2356 περιέχεται
2969 2285 3178 2359 τρόπῳ.
3238 2289 3304 2342 Εἰ
3338 2289 3532 2344 τοίνυν
3569 2309 3783 2362 προεπιο

2193 2378 2395 2430 νοεῖται
2430 2377 2530 2446 τῆς
2565 2369 2641 2430 ὧν
2683 2376 2800 2431 ἐστι
2838 2379 3108 2450 κινήσεως
3138 2381 3170 2450 ἡ
3195 2381 3441 2450 γένεσις,
3475 2382 3784 2453 ἑπιΟεωρεῖ-

2191 2487 2282 2526 ται
2325 2469 2526 2541 δὴ’⁸’⁷⁹
2578 2469 2678 2538 τῆς
2725 2462 2800 2523 ὧν
2849 2472 2966 2524 ἐστι
3015 2472 3287 2539 γενέσεως
3331 2475 3365 2546 ὴ
3413 2474 3674 2546 κίνησις,
3719 2474 3782 2537 ὡς

2197 2563 2314 2634 μετ’
2333 2561 2507 2632 αὐτὴν
2533 2559 2888 2616 κατεπινοιαν
2923 2557 3076 2618 οὖσα.
3113 2564 3334 2636 Ταύτην
3361 2565 3421 2619 δὲ
3453 2566 3556 2638 τὴν
3587 2567 3783 2634 κίνησιν

2191 2653 2422 2722 δύναμιν
2454 2650 2710 2706 καλοῦσιν
2737 2653 3000 2724 φυσικὴν,
3037 2655 3176 2725 πρὸς
3205 2655 3266 2710 τὸ
3295 2657 3422 2709 κατ’
3448 2656 3626 2728 αὑτὴν
3646 2656 3780 2718 τέλος

2195 2743 2583 2814 ἐπειγομένην,
2621 2742 2654 2814 ἢ
2690 2743 2881 2810 πάθος,
2919 2744 3038 2814 ἦτοι
3067 2745 3305 2817 κίνησιν,
3341 2747 3410 2812 ἐξ
3435 2748 3630 2820 ἐτέρου
3657 2747 3780 2818 πρὸς

2193 2833 2380 2905 ἕτερον
2404 2832 2723 2903 γινομένην,
2758 2832 2912 2897 τέλος
2939 2835 3170 2906 ἔχουσαν
3204 2837 3266 2890 τὸ
3295 2837 3540 2903 ἀπαθὲς,
3580 2839 3612 2912 ἢ
3641 2839 3776 2910 ἐνέρο

2195 2949 2352 3002 γειαν
2379 2930 2702 3004 δραστικὴν,
2733 2931 2888 2996 τέλος
2913 2929 3148 3002 ἔχουσαν
3181 2929 3243 2984 τὸ
3267 2929 3591 2994 αὐτοτελές.
3628 2930 3778 2983 Οὐδὲν

2193 3024 2250 3078 δὲ
2283 3023 2396 3078 τῶν
2421 3023 2665 3096 γενητῶν
2680 3023 2728 3055 ⁸⁸
2768 3021 2963 3078 ἑαυτοῦ
3011 3021 3165 3085 τέλος
3193 3021 3342 3075 ἐστὶν
3371 3060 3390 3086 ,
3447 3022 3636 3092 ἐπειδὴ
3667 3019 3774 3074 οὔτε

2195 3116 2470 3170 αὐταίτιον
2493 3153 2511 3180 ,
2565 3114 2688 3170 ἐπεὶ
2719 3115 2812 3169 καὶ
2842 3113 3108 3185 ἀγένητον
3139 3113 3234 3166 καὶ
3263 3113 3511 3186 ἄναρχον
3545 3115 3638 3167 καὶ
3666 3112 3775 3166 ἄκεα

2194 3225 2388 3281 νητον,
2425 3207 2501 3272 ὡς
2535 3208 2674 3278 πρὸς
2711 3207 2882 3278 μηδὲν
2911 3205 3028 3270 πῶς
3055 3205 3176 3276 ἔχον
3207 3206 3532 3277 κινηθῆναι.
3569 3203 3772 3259 Ἐκὸαῐ-

2191 3317 2271 3352 νει
2300 3298 2410 3371 γὰρ
2443 3299 2549 3354 τῶν
2575 3297 2747 3353 ὅντων
2773 3297 2873 3370 τὴν
2904 3299 3090 3368 φύσιν,
3127 3299 3204 3362 ὡς
3228 3298 3450 3362 οὐδενὸς
3481 3299 3668 3352 ἕνεκεν
3698 3295 3770 3358 ὃν,

2191 3394 2352 3463 εἴπερ
2383 3391 2592 3462 ἀληθὴς
2635 3393 2664 3448 ὁ
2698 3391 2827 3463 περὶ
2854 3389 3020 3446 αὐτοῦ
3052 3390 3282 3463 ὁρισμὸς
3302 3431 3317 3456 ,
3368 3391 3478 3446 κᾶν
3508 3389 3774 3459 ἀλλότριος

2190 3480 2224 3558 ᾗ
2255 3486 2283 3538 ὁ
2307 3482 2508 3552 λέγων.
2546 3483 2711 3548 Τέλος
2738 3485 2887 3539 ἐστὶν
2923 3476 2986 3538 οὗ
3015 3483 3205 3536 ἕνεκεν
3237 3482 3304 3537 τὰ
3331 3483 3542 3548 πάντα,
3578 3479 3702 3535 atro
3725 3477 3773 3531 δὲ

2190 3575 2407 3640 οὐδενὸς
2453 3575 2666 3630 ἕνεκεν.
2728 3576 2865 3630 Ούδὲ
2912 3574 3233 3640 αὐτοτελὲς,
3285 3576 3413 3630 ἐπεὶ
3442 3576 3538 3630 καὶ
3567 3571 3771 3642 ἀνενέρ-

2189 3680 2357 3734 γητον
2381 3701 2396 3728 ο
2452 3663 2530 3726 ὡς
2580 3663 2823 3736 πλῆρες,
2877 3666 2973 3719 καὶ
3017 3664 3280 3730 ὡσαύτως
3325 3665 3426 3720 καὶ
3470 3660 3771 3736 μηδαμόθεν

2189 3753 2252 3806 τὸ
2299 3747 2440 3808 εἶναι
2485 3751 2626 3824 ἔχον.
2684 3753 2758 3808 Τὸ
2787 3753 3076 3818 αὐτοτελὲς
3099 3755 3210 3826 γάρ
3240 3772 3360 3819 πως
3391 3756 3490 3810 καὶ
3517 3752 3766 3808 ἀναίτιον.

2191 3843 2316 3898 Οὐδ’
2337 3843 2568 3910 ἀπαθὲς,
2605 3844 2731 3898 ἐπεὶ
2763 3845 2862 3899 καὶ
2891 3845 3053 3916 μόνον
3086 3846 3182 3901 καὶ
3209 3845 3444 3917 ἄπειρον
3475 3845 3570 3900 καὶ
3591 3838 3769 3916 ἀπερί-

2191 3919 2423 4005 γραέρον.
2463 3935 2538 3988 Οὐ
2569 3935 2678 4007 γὰρ
2703 3933 2935 4006 πάσχειν
2962 3935 3173 4004 πέφυκε
3201 3935 3435 3990 καθόλου
3463 3935 3526 3989 τὸ
3550 3933 3764 3996 ἀπαθὲς,

2191 4019 2429 4096 τῷμήτ⁹
2454 4027 2584 4098 ὲρᾷν
2612 4025 2774 4080 ἄλλου
2793 4066 2807 4090 ,
2843 4026 2876 4096 ἢ
2906 4027 3174 4082 κινεῖσθαι
3209 4027 3349 4100 πρὸς
3374 4027 3574 4100 (120
3594 4025 3651 4096 b)
3673 4021 3764 4088 ἆρ’

2191 4116 2252 4170 λο
2279 4133 2330 4168 τι
2367 4119 2484 4170 κατ’
2508 4117 2716 4187 ἔφεσιν.
2774 4117 2940 4171 Οὐδὲν
2970 4117 3078 4190 ἄρα
3119 4119 3230 4172 τῶν
3259 4119 3510 4191 γενητῶν
3526 4118 3573 4151 ⁸⁸
3601 4110 3766 4170 κινού-

2195 4225 2360 4280 μενον
2386 4208 2538 4286 ἔστη,
2573 4210 2651 4272 ὡς
2683 4209 2786 4279 τῆς
2814 4207 3039 4282 πρώτης
3075 4211 3172 4264 καὶ
3202 4211 3372 4283 μόνης
3403 4210 3609 4274 αἰτίας,
3632 4205 3688 4271 ἐξ
3705 4197 3764 4275 ἧς

2190 4301 2253 4356 τὸ
2273 4297 2415 4356 εἶναι
2443 4305 2556 4367 τοῖς
2581 4298 2700 4356 οὖσι
2726 4305 2999 4375 περίεστι,
3031 4303 3200 4374 μήπω
3223 4303 3408 4375 τυχὸν,
3438 4305 3473 4376 ἢ
3502 4301 3596 4356 τοῦ
3619 4296 3782 4380 ὲσχάνι

2191 4413 2286 4450 του
2320 4395 2474 4460 ἐντὸς
2502 4395 2795 4466 γενόμενον
2823 4395 3074 4469 ὀρεκτοῢ,
3111 4396 3178 4450 ἵν’
3203 4399 3268 4452 ἐκ
3291 4391 3764 4468 προγεγενημένης

507 4489 724 4545 ﬁnitum
750 4499 808 4546 et
848 4488 1397 4560 incircumscriptum
1437 4499 1606 4544 esset.
1654 4489 1775 4545 Non
1798 4489 1947 4544 enim
1973 4487 2086 4559 pati

2195 4487 2379 4552 ἑνὰδος
2431 4489 2460 4541 ό
2501 4488 2610 4542 τῶν
2658 4487 2897 4557 λογικῶν
2953 4487 3262 4559 σκεδασμὸς
3313 4487 3498 4560 ἑαυτῷ
3540 4484 3638 4557 τὴν
3667 4481 3761 4534 τῶν

507 4582 834 4636 naturaliter
882 4581 1070 4648 inest,
1116 4579 1264 4652 quod
1311 4581 1702 4636 universaliter
1749 4581 2090 4652 impassibile

505 4683 614 4738 est,
651 4674 799 4745 quod
849 4689 1032 4744 neque
1066 4685 1284 4728 amatur
1322 4674 1402 4754 'ab
1435 4675 1544 4730 alio
1580 4683 1678 4730 aut
1722 4683 1977 4730 movetur
2021 4673 2091 4728 ad

505 4766 658 4820 aliud
683 4765 816 4836 quid
841 4781 940 4836 per
967 4781 1236 4821 amorem.
1269 4766 1500 4822 Nullum
1539 4766 1712 4838 igitur
1747 4782 1944 4822 eorum
1967 4782 2092 4838 qua:

501 4869 768 4928 generata
794 4866 924 4912 sunt
959 4865 1169 4912 motum
1200 4865 1331 4925 stat,
1363 4865 1556 4928 utpote
1596 4859 1831 4930 primam
1872 4867 1932 4913 et
1973 4873 2092 4912 ma-

505 4959 729 5005 nentem
755 4964 1001 5014 causam,
1045 4965 1115 5004 ex
1139 4965 1246 5019 qua
1280 4964 1401 5006 esse
1446 4949 1534 5013 his
1579 4964 1704 5018 quae
1751 4955 1884 5004 sunt
1921 4948 2088 5010 inest,

505 5041 756 5096 nondum
785 5039 1288 5111 comprehenderis,
1317 5049 1412 5096 aut
1437 5040 1581 5095 intra
1607 5039 1973 5096 novissimum
2003 5038 2090 5094 fa-

507 5141 655 5188 ctum
679 5142 767 5189 est
804 5133 1031 5198 datum,
1082 5141 1179 5188 aut
1223 5148 1290 5188 ex
1334 5131 1704 5204 primogenita
1745 5131 1958 5187 unitate
1999 5147 2089 5187 ra-

2195 4579 2466 4651 σωμάτων
2495 4579 2710 4650 γένεσιν
2737 4578 3050 4644 ἀκολούθως
3075 4581 3498 4651 συνεισκομίσας
3525 4571 3776 4651 νομισθῇ.ξ

2190 4637 2301 4724 Καὶ
2365 4637 2705 4744 μαρτυροῦσι
2759 4637 3160 4740 Μωῦσῆςψκαὶ
3216 4637 3383 4726 Δαϐίδ
3433 4637 3531 4726 καὶ
3569 4637 3773 4726 fluuios.

2191 4761 2240 4814 οἱ
2261 4761 2430 4831 ἅγιοι,
2466 4763 2562 4817 καὶ
2589 4765 2617 4816 ὁ
2647 4763 2854 4817 τούτων
2878 4764 3160 4836 Δεσπότης
3183 4763 3440 4835 Χριστὸς,
3468 4765 3496 4817 ὁ
3519 4760 3639 4833 μὲν.
3675 4753 3757 4820 Μὴ

2191 4855 2526 4925 γεύσασθαι
2577 4855 2686 4910 τοῦ
2729 4856 2923 4921 ξύλου
2961 4855 3074 4924 τῆς
3127 4854 3278 4924 ζωῆς
3319 4856 3412 4910 τὸν
3458 4851 3761 4926 προπάτορα

2201 4949 2514 5018 ἱστορήσας.
2552 4948 2645 5002 καὶ
2687 4947 2870 5003 ἄλλοθι
2916 4949 3120 5014 εἰπὼν,
3161 4951 3244 5004 οὐ
3298 4949 3410 5018 γὰρ
3456 4947 3636 5016 ἦκατε
3663 4941 3759 5002 ἔως

2199 5039 2306 5094 τοῦ
2325 5039 2444 5094 νῦν
2457 5042 2546 5105 εις
2565 5040 2684 5108 τὴν
2707 5040 3094 5097 κατάπαυσιν
3109 5042 3208 5096 καὶ
3237 5043 3324 5109 εις
3346 5041 3461 5109 τὴν
3488 5042 3758 5107 κληρονο·

2193 5134 2362 5203 μίαν,
2389 5129 2471 5198 ἢν
2492 5131 2709 5200 Κύριος
2733 5134 2767 5186 ό
2785 5131 2934 5198 Θεὸς
2953 5133 3122 5204 ἡμῶν
3136 5132 3390 5188 δίδωσιν
3420 5131 3580 5204 ὑμῖν.
3613 5127 3666 5180 Ὀ
3687 5121 3755 5182 δὲ,

1805 5245 2033 5302 νΑιιιΑῑ
2066 5245 2476 5304 LECTIONES.

605 5341 650 5424 ’ξ
670 5341 788 5466 ea?
827 5341 927 5467 Ed.l
942 5342 1060 5398 Gal.
1129 5343 1171 5373 ""
1203 5340 1352 5412 αὑτῷ
1377 5340 1466 5397 ed.
1493 5340 1614 5396 Gal.
1683 5339 1802 5372 '3'"
1833 5339 2038 5411 Scripsi
2069 5341 2133 5413 δὴ
2163 5357 2264 5412 pro
2289 5341 2366 5405 δὲ,
2403 5338 2550 5411 quod
2579 5348 2665 5395 est
2696 5341 2750 5394 in
2775 5339 2899 5396 cod.
2933 5339 3076 5398 Gud.
3110 5349 3165 5397 et
3195 5339 3248 5396 in
3281 5340 3372 5397 ed.
3398 5340 3512 5398 Gal.
3576 5335 3619 5367 “
3646 5346 3742 5400 τεν·

605 5428 736 5466 τωνθ
781 5452 796 5464 .
880 5428 908 5467 a
939 5454 953 5467 .

511 5426 688 5482 νητων
706 5426 796 5466 eu.
829 5426 953 5468 uel.

1997 5523 2222 5580 ΝΟΤᾸΞ.

585 5622 661 5698 (9)
691 5621 1204 5698 Quisacram_—-_-_-
1234 5620 1646 5698 introduxerunt
1699 5617 2094 5698 desiderantur
2201 5616 2334 5698 Quae
2361 5627 2670 5698 sequuntur
2713 5624 2845 5698 sunt
2879 5616 3204 5674 obscuriora
3249 5616 3304 5672 in
3361 5613 3568 5672 Latinis
3609 5614 3748 5678 qua"

516 5685 810 5749 iu'G'raScis
842 5701 950 5746 tam
975 5692 1064 5747 ed.
1098 5689 1216 5746 Gal.
1254 5706 1420 5759 quam
1445 5690 1568 5746 cod.
1595 5689 1741 5744 Gud.
1975 5757 1983 5759 4
2207 5687 2262 5742 in
2291 5685 2516 5744 Graecis.
2555 5685 2752 5758 (Cale)

593 5762 805 5834 (p)lmo
832 5777 996 5816 unum
1034 5761 1226 5816 solum.
1260 5757 1327 5816 Et
1375 5776 1500 5816 mox
1543 5761 1773 5833 primam
1823 5767 1870 5812 et
1901 5757 2092 5812 solum.
