3998 6404
340 466 482 536 1θ73

1580 477 1682 535 Λλί
1698 475 1816 534 310
1831 473 2099 534 UORUM
2141 477 2392 539 LIBER.

3467 471 3604 537 107i

337 585 835 655 Χορτασθήσομαι
852 587 1018 654 βοῶν
1035 588 1104 642 ἐν
1125 586 1198 654 τῷ
1213 587 1470 656 ὀφθῆναί
1483 605 1583 657 μοι
1606 586 1720 655 τὴν
1733 584 1922 649 δόξαν

2036 584 2384 643 tionabilium
2411 604 2633 660 sparsor
2687 587 2912 644 sibimet
2959 601 3251 657 corporum
3295 585 3606 658 generatio.—

336 697 480 733 συυο
501 682 615 743 καὶ,
632 680 956 750 Ἑὸίψησεν
976 682 1014 750 ἡ
1039 681 1208 752 ψυχή
1221 699 1340 750 μου
1356 681 1506 749 πρὸς
1526 681 1633 734 τὸν
1653 679 1803 735 Θεὸν
1819 679 1926 732 τὸν

339 771 600 840 ισχτιρὸν
626 773 732 826 τὸν
770 771 976 835 ζῶντα,
999 776 1143 828 πότε
1175 774 1301 842 ἥξω
1329 772 1428 827 καὶ
1465 771 1811 842 ὀφθήσομαι
1843 769 1924 835 τῷ

341 862 645 930 προσώπῳ
685 864 793 918 τὸν
821 866 988 919 Geor.
1025 867 1085 919 Ὀ
1121 866 1178 919 δέ
1217 865 1608 931 Φιλιππησίοις
1646 863 1746 935 μὲν
1791 863 1925 932 γράο

341 971 484 1022 φων,
514 953 584 1009 Εἴ
604 972 723 1023 πως
759 957 1115 1024 καταντήσω
1132 961 1218 1025 είς
1242 958 1358 1026 τὴν
1377 955 1793 1024 ἐξανάστασιν
1809 952 1928 1008 τῶν

341 1061 414 1099 νε
424 1047 596 1114 ιερῶν,
615 1051 728 1118 οὐχ
745 1049 833 1104 ὅτι
847 1049 965 1121 ἤδη
977 1050 1201 1106 ἔλαϐον
1212 1051 1250 1120 ἢ
1267 1051 1380 1121 ἤδη
1395 1045 1928 1119 τετελείωμαι,διώ-

286 1158 290 1162 ’
345 1155 434 1190 κω
452 1138 520 1192 δὲ
547 1139 604 1192 εἴ
631 1158 699 1210 γε
722 1141 1054 1202 καταλάϐω.
1089 1143 1185 1214 ἐφ’
1205 1137 1254 1211 ᾧ
1283 1143 1378 1198 καὶ
1401 1141 1788 1210 κατελήφθην
1806 1139 1927 1194 ὑπὸ

357 1229 560 1297 Ἰησοῦ
581 1232 862 1300 Χριστοῦ.
892 1233 1167 1304 Ἑϐραίοις
1187 1235 1267 1302 δὲ,
1305 1235 1358 1288 '0
1387 1235 1497 1304 γὰρ
1524 1231 1818 1288 εἰσελθὼν
1842 1233 1929 1298 εἰς

345 1321 865 1389 τὴν-κατάπαυσιν
879 1325 1067 1381 αὐτοῦ
1085 1327 1185 1380 καὶ
1201 1327 1381 1394 αὐτὸς
1402 1307 1796 1380 κατέπαυσεκ
1809 1323 1927 1379 ἀπὸ

349 1409 472 1464 τῶν
497 1411 688 1482 ἔργων
709 1417 918 1480 αὐτοῦ,
941 1415 1146 1486 ὥσπερ
1181 1416 1300 1473 ἀπὸ
1327 1415 1448 1472 τῶν
1479 1417 1662 1482 ιδίων,
1694 1419 1728 1472 ὀ
1763 1415 1926 1480 Θεός.

349 1503 466 1556 Καὶ
496 1503 658 1558 πάλιν
690 1507 748 1559 ἐν
775 1509 842 1580 τῇ
875 1508 1014 1580 αὐτῇ
1044 1509 1330 1581 Ἐπιστολῇ
1365 1509 1572 1580 μηδένα
1594 1506 1930 1580 κομίσασθαι

347 1591 451 1651 τὰς
502 1595 840 1664 ἐπαγγελίας
901 1598 1401 1672 διαϐεϐαιούμενος.
1464 1601 1525 1656 ὐ
1584 1599 1676 1662 δὲ,
1751 1599 1932 1654 Δεῦτε

347 1685 500 1749 πρός
512 1701 609 1754 με,
635 1685 858 1754 πάντες
881 1691 937 1743 οἱ
959 1689 1286 1758 κοπιῶντες
1317 1692 1413 1747 καὶ
1446 1690 1928 1762 πεφορτισμένοι,

351 1773 516 1840 κάγὼ
561 1777 899 1836 ἀναπαύσω
938 1780 1116 1852 ὑμᾶς.
1159 1781 1327 1837 Οὔπω
1367 1779 1462 1837 οὖν
1501 1783 1750 1854 οὐδαμῶς
1777 1783 1931 1838 οὐδὲν

346 1863 462 1917 τῶν
509 1867 1246 1944 γενητῶν⁸¹-⁸¹τὴνφυσικὴν
1277 1873 1508 1944 δύναμιν
1553 1875 1689 1946 πρὸς
1719 1873 1789 1928 τὺ.
1811 1874 1931 1927 κατ’

348 1955 525 2028 αὐτὴν
551 1958 704 2022 τέλος
734 1963 1062 2034 κινουμένην
1089 1964 1338 2036 ἔστησεν.
1376 1967 1498 2020 οὐδέ
1525 1967 1621 2034 τῆς
1647 1963 1932 2036 ἐνεργείας

347 2047 629 2103 ἐπαύσατο
671 2052 750 2123 τῷ
793 2055 914 2106 κατ’
938 2055 1108 2127 αὐτὴν
1151 2057 1295 2110 τέλει
1343 2060 1701 2130 προσερεῖσαν
1740 2055 1928 2126 αὐτὴν,

347 2137 473 2191 οὐδὲ
507 2140 601 2194 τοῦ
639 2142 884 2212 (ῙἎῙα)
923 2147 1066 2200 κατὰ
1095 2146 1311 2216 κίνησιν
1357 2148 1564 2213 πάθους
1594 2151 1687 2204 τὸν
1718 2149 1931 2225 καρπὸν

347 2229 648 2300 ἐδρέψατο,
701 2235 765 2288 τὸ
809 2235 1050 2304 ἀπαθὲς,
1101 2238 1280 2310 φημὶ,
1343 2241 1438 2295 καὶ
1493 2241 1770 2312 ἀκίνητον.
1819 2241 1932 2296 Μό-

346 2339 446 2377 νου
481 2323 592 2395 γὰρ
634 2325 773 2380 Θεοῦ
815 2327 876 2381 τὸ
908 2329 1061 2392 τέλος
1090 2325 1230 2384 εἶναι
1278 2332 1372 2386 καὶ
1403 2333 1466 2386 τὸ
1496 2332 1700 2388 τέλειον
1744 2335 1838 2390 καὶ
1869 2333 1932 2388 τὸ

344 2407 558 2473 ἀπαθὲς
579 2449 594 2472 ,
653 2411 730 2476 ὡς
765 2413 1026 2487 ἀκινήτου
1079 2418 1174 2471 καὶ
1207 2418 1448 2490 πλήρους
1485 2422 1580 2476 καὶ
1609 2421 1927 2488 άπαθοῢςηδ,

345 2501 461 2553 τῶν
490 2503 736 2575 γενητῶν
750 2505 799 2538 ³⁸
822 2506 880 2560 δὲ
919 2507 980 2562 τὸ
1009 2509 1144 2581 πρὸς
1171 2511 1325 2577 τέλος
1359 2513 1596 2586 ἄναρχον
1621 2515 1932 2585 κινηθῆναι,

347 2593 447 2645 καὶ
479 2593 668 2666 άπόσῳ
703 2597 896 2668 τελείῳ
934 2597 1080 2653 τέλει
1109 2601 1156 2633 ⁸⁸
1213 2602 1418 2657 παῦσαι
1474 2605 1575 2676 τὴν
1624 2605 1927 2674 ἐνέργειαν,

345 2685 448 2736 καὶ
483 2685 697 2752 παθεῖν,
729 2688 846 2743 ἀλλ’
879 2691 981 2744 οὐκ
1002 2687 1144 2746 εἶναι
1171 2694 1204 2764 ἢ
1260 2692 1514 2762 γενέσθαι
1567 2695 1686 2748 κατ’
1741 2695 1930 2748 οὐσίαν

343 2773 412 2824 τὸ
445 2771 635 2826 ἄποιον
660 2791 674 2804 ο
722 2778 832 2831 πᾶν
859 2776 970 2849 γὰρ
994 2781 1221 2850 γενητὸν
1253 2783 1346 2835 καὶ
1384 2783 1602 2837 κτιστδν
1630 2784 1728 2837 οὐκ
1765 2783 1930 2854 ἄσχε-

343 2880 444 2916 τον
467 2864 732 2936 δηλονότι.
763 2869 1139 2942 Εὑγνωμόνως
1165 2873 1222 2926 δὲ
1249 2875 1342 2928 τοῦ
1369 2874 1575 2939 πάθους
1603 2877 1894 2930 ἀκουστέον
1914 2894 1927 2908 ·

343 2957 413 3008 οὐ
438 2955 548 3028 γὰρ
581 2958 642 3012 τὸ
671 2963 812 3016 κατὰ
834 2964 1046 3034 τροπὴν
1075 2963 1108 3035 ἢ
1143 2963 1350 3035 φθορὰν
1378 2965 1660 3037 δυνάμεως
1697 2967 1930 3022 ἐνταῦθα

341 3045 608 3117 δηλοῦται
665 3053 858 3119 πάθος,
910 3055 1051 3110 ἀλλὰ
1109 3056 1170 3110 τὸ
1228 3057 1388 3127 φύσει
1442 3061 1786 3132 συνυπάρχον
1820 3064 1933 3125 τοῖς

343 3136 492 3195 οὖσι.
521 3143 707 3198 Πάντα
747 3147 857 3217 γὰρ
891 3149 993 3202 ὅσα
1036 3149 1228 3217 γέγονε
1263 3151 1464 3222 πάσχει
1530 3151 1591 3205 τδ
1639 3152 1930 3215 κινεῖσθαι,

343 3233 426 3295 ὡς
459 3234 534 3304 μὴ
567 3235 698 3291 ὄντα
724 3239 1073 3312 αὑτοκίνησις
1123 3242 1155 3314 ἢ
1217 3243 1596 3314 αὑτοδύναμις.
1649 3247 1714 3299 Et
1754 3246 1934 3300 τοίνυν

345 3326 558 3397 γενητὰ
610 3328 846 3400 ὑπάρχει
891 3331 962 3384 τὰ
1011 3332 1207 3402 λογικὰ
1265 3335 1359 3388 καὶ
1415 3338 1648 3392 κινεῖται
1693 3337 1933 3405 πάντως,

343 3418 426 3480 ὡς
447 3419 506 3485 ἐξ
539 3419 712 3492 ἀρχῆς
740 3423 882 3477 κατὰ
919 3424 1080 3494 φύσιν
1130 3427 1220 3481 διά
1266 3427 1350 3480 τὸ·
1382 3423 1544 3495 εἶναι,
1595 3429 1732 3499 πρὸς
1782 3431 1937 3496 τέλος

347 3511 496 3564 κατά
548 3512 776 3586 γνώμην
802 3515 893 3570 διὰ
928 3517 989 3571 τὸ
1029 3513 1089 3572 εὖ
1121 3514 1262 3572 εἶναι
1289 3518 1605 3590 κινούμενα.
1635 3521 1801 3587 Τέλος
1827 3522 1938 3594 γάρ

348 3603 453 3670 τῆς
486 3604 594 3658 τῶν
618 3608 954 3680 κινουμένων
984 3613 1254 3682 κινήσεως
1295 3611 1426 3664 αὐτὸ
1483 3613 1545 3665 τὸ
1595 3613 1655 3666 ἐν
1711 3612 1792 3686 τῷ
1849 3617 1936 3668 ἀεὶ

347 3693 415 3746 εὖ
456 3689 597 3748 εἶναι
639 3699 812 3760 ἐστιν,
848 3697 1038 3772 ὥσπερ
1067 3703 1164 3756 καὶ
1209 3703 1354 3774 ἀρχὴ
1381 3703 1515 3758 αὐτὸ
1537 3705 1598 3760 τὸ
1629 3702 1768 3761 εἶναι
1798 3708 1938 3779 ὅπερ

350 3787 500 3840 ἐστὶν
536 3790 566 3842 ὁ
603 3788 756 3854 Θεὸς,
786 3793 815 3844 ὀ
849 3793 941 3846 καὶ
971 3792 1066 3845 τοῦ
1099 3789 1237 3848 εἶναι
1276 3797 1440 3870 δοτὴρ
1469 3799 1562 3852 καὶ
1593 3797 1688 3852 τοῦ
1710 3794 1769 3853 εὖ
1794 3795 1937 3854 εἶναι

351 3874 692 3944 χαριστικὸς,
731 3877 806 3942 ὡς
845 3880 988 3951 ἁρχὴ
1040 3883 1134 3935 καὶ
1165 3883 1318 3949 τέλος
1353 3903 1366 3917 ·
1421 3886 1480 3951 ἐξ
1510 3887 1675 3942 αὑτοῦ
1708 3887 1817 3961 γὰρ
1844 3893 1938 3944 καὶ

351 3964 414 4016 τὸ
449 3965 646 4030 άπλῶς
691 3971 960 4025 κινεῖσθαι
1017 3975 1186 4045 ἡμᾶς,
1239 3976 1316 4040 ὡς
1373 3966 1568 4050 ἀρχῆς,
1606 3981 1792 4034 καὶτὸ
1819 3982 1938 4044 πῶς

351 4059 621 4112 κινεῖσθαι
678 4061 814 4132 πρὸς
861 4064 1026 4119 αὑτὸν
1055 4067 1132 4129 ὡς
1157 4067 1311 4130 τέλος
1340 4069 1508 4124 ἐστίν.
1535 4072 1598 4124 Εί
1621 4072 1680 4126 δὲ
1707 4077 1936 4128 κινεῖται

351 4150 632 4222 ἀναλόγως
659 4152 841 4225 ἐαυτῷ
869 4157 1072 4228 νοερῶς
1101 4157 1161 4211 τὸ
1189 4158 1394 4229 νοερὸν,
1427 4163 1520 4213 καὶ
1547 4165 1664 4215 νοεῖ
1685 4165 1902 4228 πάντως
1921 4183 1934 4195 ·

351 4241 402 4292 εί
425 4240 484 4295 δὲ
509 4246 638 4305 νοεῖ,
660 4244 757 4300 καὶ
780 4247 884 4318 ἐρᾷ
909 4247 1126 4312 πάντως
1159 4249 1255 4303 τοῦ
1289 4253 1572 4321 νοηθέντος
1607 4270 1622 4284 ο
1653 4257 1701 4308 εἰ
1732 4255 1779 4308 δ’
1813 4259 1934 4329 ἐρᾷ,

351 4335 450 4387 καὶ¹
493 4335 692 4406 πάσχει
744 4339 963 4404 πάντως
992 4341 1092 4412 τὴν
1123 4342 1260 4412 πρὸς
1299 4345 1428 4416 abito
1475 4345 1551 4410 ὡς
1606 4347 1836 4418 ἐραστδν
1891 4351 1937 4382 ⁸⁸

351 4425 616 4480 ἔκστασιν
645 4444 662 4462 ο
697 4431 747 4484 εί
777 4430 832 4484 δὲ
882 4433 1106 4504 πάσχει,
1164 4435 1406 4502 δηλονότι
1460 4437 1557 4491 καὶ
1610 4439 1891 4509 ἐπείγεται
1920 4457 1934 4471 °

351 4521 404 4572 εί
449 4519 508 4572 δὲ
555 4521 856 4590 ἐπείγεται,
907 4527 1002 4578 καὶ
1048 4527 1306 4580 ἐπιτείνει
1369 4531 1589 4594 πάντως
1620 4531 1680 4584 τὸ
1707 4532 1937 4604 σφοδρὸν

349 4615 455 4681 τῆς
495 4615 764 4684 κινήσεως
794 4633 808 4648 ·

347 4719 461 4771 σιν,
513 4705 614 4776 οὐχ
671 4707 886 4763 ἵσταται
941 4711 1134 4782 μέχρις
1189 4713 1254 4766 ἂν
1301 4716 1526 4785 γένηται
1581 4717 1702 4772 ὅλον
1747 4719 1806 4772 ἐν
1855 4721 1932 4791 τῷ

349 4796 571 4866 ἐραστῷ
605 4799 712 4868 ὅλῳ
767 4802 860 4853 καὶ
883 4802 926 4832 ⁵⁷
964 4804 1056 4872 ὑφ’
1085 4805 1208 4858 ὅλου
1267 4804 1446 4876 (121
1481 4808 1532 4878 ὁ)
1588 4811 1896 4883 περιληφοῇ
1918 4853 1931 4875 ,

348 4887 618 4951 ἑκουσίως
641 4889 764 4944 ὅλον
810 4894 1330 4966 κατὰ-προαίρεσιν
1384 4899 1481 4970 τὴν
1531 4901 1800 4972 σωτήριον
1847 4920 1938 4955 πε-

352 4983 632 5050 ριγραφὴν
652 4983 963 5054 δεχόμενον.
1014 4989 1080 5040 ἵν’
1137 4989 1256 5042 ὅλον
1295 4991 1402 5060 ὅλῳ
1458 4993 1662 5064 ποιωθῇ
1711 4994 1787 5064 τῷ
1835 5013 1934 5048 πε-

349 5073 697 5142 ριγρά-ξρντι.
729 5077 800 5140 ὼς
838 5080 958 5149 μηδ’
990 5081 1126 5142 ὅλως
1167 5080 1350 5134 λοιπὸν
1383 5084 1666 5152 βούλεσθαι
1721 5087 1779 5153 ἐξ
1815 5087 1936 5140 ἐαυ-

430 5213 462 5252 b
494 5212 634 5268 Gen.
669 5232 728 5272 ιι.
765 5217 848 5271 17.

929 5229 948 5254 ν
981 5218 1140 5273 Deut.
1169 5235 1260 5283 xu,
1291 5223 1341 5272 fl.
1423 5224 1446 5259 τι
1475 5221 1618 5275 Psal.
1658 5238 1745 5276 1m
1774 5223 1882 5284 .15.

353 5283 382 5323 ¹²
426 5284 621 5338 Matth.
652 5301 728 5350 tt,
753 5287 842 5342 9.8.

1965 5235 1986 5261 ο
2021 5223 2164 5277 Psal.
2205 5239 2286 5276 xu
2319 5266 2330 5286 ,
2359 5221 2414 5274 ‘2.

2033 695 2158 734 nem
2216 677 2626 752 consequenter
2685 689 2951 750 coaptans
3003 679 3303 732 arbitratus
3362 685 3466 732 est.
3538 677 3606 730 Et

2029 771 2405 826 testimonium
2439 772 2740 843 perhibent
2771 771 2986 843 Moyses
3017 783 3074 824 et
3103 769 3275 824 David
3305 777 3360 822 ct
3399 767 3604 822 Paulus

2027 863 2226 928 sancti,
2274 872 2332 919 et
2373 880 2566 920 eorum
2600 865 2868 920 Dominus
2897 862 3172 920 Christus.
3221 861 3436 931 Moyses
3481 858 3606 928 qui—

2027 955 2152 1010 dem
2189 974 2202 1010 :
2232 955 2309 1010 Ne
2330 944 2506 1028 gustet
2536 975 2599 1012 ea:
2631 957 2773 1030 ligno
2806 958 2928 1012 uitw
2955 956 2984 996 δ
3012 997 3026 1022 ,
3053 954 3292 1026 primum
3317 959 3603 1022 parentem

2029 1045 2374 1111 describens,
2404 1055 2462 1102 et
2491 1047 2625 1102 alibi
2657 1047 2850 1103 dicens
2876 1063 2888 1100 :
2925 1045 3046 1100 Non
3077 1046 3218 1098 enim
3263 1042 3476 1096 venistis
3519 1057 3608 1093 us-

2029 1155 2128 1204 que
2159 1155 2299 1192 nunc
2328 1139 2386 1192 in
2417 1141 2645 1210 quietem
2673 1149 2722 1194 et
2749 1141 2806 1193 in
2857 1139 3242 1200 hereditatem,
3293 1150 3456 1206 quam
3501 1133 3608 1185 Do-

2032 1231 2206 1283 minus
2241 1229 2380 1284 Deus
2407 1239 2578 1284 vester
2632 1229 2778 1284 dabit
2815 1231 2955 1286 vobis
2983 1241 3033 1284 ο.
3079 1227 3253 1284 David
3293 1241 3428 1282 vero
3461 1243 3475 1280 :
3509 1221 3612 1278 Su-

2032 1321 2201 1378 tiabor
2235 1321 2498 1390 clamans,
2529 1323 2656 1378 dum
2681 1323 2997 1395 apparuerit
3041 1321 3169 1375 mihi
3201 1317 3374 1390 gloria
3419 1323 3512 1370 tua
3541 1313 3607 1379 ἀς

2031 1422 2087 1468 et
2127 1429 2141 1468 :
2175 1410 2355 1468 Sitivit
2389 1415 2573 1468 anima
2605 1431 2721 1469 mea
2757 1413 2828 1468 ad
2871 1411 3042 1467 Deum
3085 1408 3274 1481 fortem
3312 1407 3568 1462 viventem
3593 1421 3614 1456 ε

2031 1505 2244 1577 quando
2298 1507 2506 1561 veniam
2543 1517 2593 1560 et
2645 1505 2912 1579 apparebo
2952 1503 3122 1560 vultui
3153 1502 3250 1558 Dei
3286 1501 3361 1554 οἳ
3408 1498 3614 1582 Paulus

2031 1613 2254 1668 quoque
2279 1593 2731 1670 Philippensibus
2751 1597 2978 1670 quidem
3000 1595 3280 1653 scribens:
3314 1591 3372 1648 Si
3395 1608 3616 1663 quomo-

2033 1687 2098 1742 do
2125 1703 2400 1741 occurram
2429 1688 2486 1742 in
2529 1687 2992 1752 resurrectionem,
3019 1701 3136 1756 qua:
3158 1691 3234 1739 est
3263 1699 3326 1737 ea:
3350 1681 3615 1744 mortuis;

2035 1795 2140 1832 non
2166 1779 2305 1850 quod
2319 1779 2440 1849 jam
2472 1779 2782 1850 acceperim,
2809 1785 2902 1832 aut
2913 1777 3036 1848 jam
3063 1776 3325 1846 perfectus
3351 1775 3450 1828 sim
3475 1791 3492 1838 ;
3519 1789 3614 1826 ea:—

2033 1878 2210 1942 specto
2245 1887 2366 1925 vero
2398 1871 2443 1925 si
2477 1871 2612 1942 forte
2649 1869 3092 1942 comprehendam
3136 1869 3193 1922 in
3229 1883 3332 1937 quo
3376 1873 3423 1919 et
3470 1880 3616 1920 com—-

2040 1965 2324 2034 prehensus
2353 1979 2473 2017 sum
2521 1961 2585 2016 ab
2621 1961 2750 2017 Iesu
2799 1961 3008 2018 Christo
3041 1960 3086 2015 ί.
3147 1958 3396 2014 Hebraris
3435 1957 3567 2012 item
3599 1972 3613 2006 :

2038 2051 2156 2122 Ipse
2192 2053 2331 2106 enim
2364 2054 2572 2108 intrans
2593 2053 2650 2106 in
2682 2052 2914 2122 requiem
2945 2067 3122 2115 suam,
3177 2059 3225 2104 et
3273 2049 3383 2119 ipsc
3423 2045 3620 2118 quievit

2039 2149 2104 2204 ab
2134 2147 2374 2220 operibus
2396 2149 2526 2214 suis,
2555 2145 2766 2202 velutia
2802 2147 3031 2219 prapriis
3055 2145 3194 2200 Deus
3229 2145 3276 2198 ⁸.
3312 2143 3382 2198 Et
3413 2141 3618 2195 iterum

2039 2242 2096 2297 in
2135 2240 2328 2297 eadem
2357 2239 2605 2309 Epistola
2629 2237 2908 2295 neminem
2933 2236 3255 2308 pervenisse
3284 2235 3350 2289 ad
3381 2233 3586 2304 promis
3605 2261 3618 2270 -
3643 2245 3660 2258 ι

2038 2333 2224 2388 siones
2257 2331 2512 2387 afﬁrmat.
2547 2329 2805 2398 Christus
2837 2345 3008 2386 vero:
3055 2328 3236 2384 Venite
3261 2327 3330 2381 ad
3360 2341 3460 2388 mc,
3505 2342 3618 2377 om.-

2039 2442 2128 2480 nes
2162 2425 2465 2480 laborantes
2495 2430 2544 2477 et
2575 2424 2826 2488 onerati,
2875 2429 2926 2476 et
2961 2437 3056 2494 ego
3099 2421 3362 2492 quiescere
3407 2433 3495 2470 vos
3533 2418 3611 2485 [a-

2037 2519 2242 2574 riamh.
2271 2515 2529 2573 Nondum
2562 2531 2696 2588 ergo
2723 2515 2837 2571 ullo
2872 2515 3037 2570 modo
3063 2514 3234 2568 ullum
3271 2525 3462 2566 eorum
3499 2524 3626 2578 qme
3713 2549 3724 2561 ,

2037 2605 2179 2662 facta
2222 2613 2354 2661 sunt
2384 2599 2697 2662 naturalem
2739 2605 3003 2662 virtutem
3060 2604 3128 2658 ad
3194 2603 3356 2657 ﬁnem
3415 2608 3618 2654 molam

2037 2698 2412 2760 stabilitavit.
2461 2713 2644 2769 neque
2708 2696 3088 2769 operationem
3143 2695 3434 2768 quiescere
3491 2691 3622 2747 fecit

2040 2791 2122 2864 (q)
2179 2789 2614 2846 contendentem
2684 2805 2743 2846 se
2826 2804 2928 2844 suo
3005 2786 3112 2844 ﬁne
3147 2827 3174 2852 ,,
3229 2801 3412 2856 neque
3492 2798 3622 2853 pas-

2037 2879 2212 2935 sionis
2237 2895 2360 2951 qum
2387 2879 2694 2935 secundum
2739 2886 2950 2934 motum
2987 2885 3074 2934 est
3095 2877 3340 2932 fructum
3361 2871 3617 2928 messuit.

2040 2971 2540 3043 impassibilitatem
2587 2970 2712 3026 dico
2758 2979 2814 3026 et
2854 2969 3382 3025 immutabilitatem.
3435 2964 3621 3019 Solius

2038 3067 2185 3123 enim
2206 3065 2304 3121 Dei
2330 3073 2416 3120 est
2435 3063 2562 3119 ﬁnis
2593 3079 2736 3129 esse,
2767 3071 2824 3119 et
2853 3061 3121 3133 perfectio
3151 3070 3208 3116 et
3263 3057 3622 3128 impossibili-

2040 3167 2123 3214 tas
2167 3176 2180 3212 :
2213 3171 2411 3214 eorum
2447 3172 2582 3212 vero
2605 3172 2728 3228 quae
2756 3155 2898 3212 facta
2939 3162 3090 3220 sunt,
3119 3153 3185 3210 ad
3219 3153 3384 3234 ﬁnem
3417 3149 3624 3220 princi—

2039 3247 2134 3318 pio
2163 3257 2445 3304 carentem
2471 3246 2685 3302 moveri
2711 3255 2768 3302 et
2797 3262 2829 3302 a
2855 3255 3010 3303 tanto
3040 3245 3291 3316 perfecto
3325 3242 3433 3298 line
3465 3240 3622 3312 quie—

2039 3350 2150 3396 tam
2192 3340 2376 3397 facere
2405 3341 2810 3412 operationem,
2845 3346 2902 3396 et
2922 3340 3062 3411 pati,
3096 3337 3192 3394 sed
3220 3353 3332 3392 non
3362 3331 3505 3398 esse,
3527 3341 3624 3389 aut

2038 3449 2150 3490 non
2182 3432 2304 3489 ﬁeri
2333 3434 2650 3491 secundum.
2675 3431 2972 3490 essentiam
3007 3447 3120 3486 non
3153 3438 3240 3486 est
3266 3427 3336 3502 (r)
3383 3427 3626 3482 delecta.—

2037 3525 2170 3582 bile.
2204 3525 2378 3584 Omne
2408 3526 2558 3582 enim
2581 3524 2787 3580 factum
2813 3533 2869 3579 et
2891 3529 3138 3578 creatum
3161 3536 3270 3576 non
3292 3519 3622 3574 immensum

2039 3615 2326 3687 profecto;
2379 3615 2616 3671 ﬁdeliter
2661 3623 2845 3670 autem
2878 3611 3123 3684 passioni
3173 3608 3620 3666 auscultandum.

2007 3707 2158 3762 'Non
2188 3705 2338 3762 enim
2362 3721 2426 3761 ea
2455 3721 2578 3776 qua:
2603 3705 2908 3761 secundum
2953 3697 3376 3758 conversionem
3413 3709 3470 3753 et
3499 3714 3626 3753 cor-

2039 3797 2356 3872 ruptionem
2388 3797 2615 3852 virtutis
2648 3803 2733 3851 est
2761 3795 2856 3850 hic
2906 3793 3220 3849 declaratur
3253 3789 3459 3862 passio,
3527 3788 3623 3843 sed
3719 3863 3725 3867 _

2039 3906 2104 3946 ca
2143 3905 2266 3961 quae
2309 3905 2409 3961 per
2455 3897 2712 3944 naturam
2755 3885 3010 3943 subsistit
3047 3886 3100 3940 in
3147 3885 3235 3940 his
3284 3900 3407 3954 qum
3458 3891 3622 3947 sunt;

2039 3984 2224 4038 omnia
2242 3983 2389 4038 enim
2409 3996 2754 4052 quascunque
2778 3979 2920 4035 facta
2943 3977 3370 4048 suntpaliuntur
3387 3977 3621 4040 moveri,

2039 4077 2184 4131 sicut
2232 4092 2298 4130 ea
2354 4091 2478 4145 qua:
2523 4090 2632 4132 non
2667 4081 2797 4128 sunt
2850 4087 2950 4142 per
2980 4086 3039 4126 se
3074 4070 3491 4140 ipsum-motus,
3529 4078 3626 4122 aut

2038 4186 2140 4240 per
2164 4185 2223 4225 se
2257 4170 2822 4241 ipsam-virtus'sunt.
2858 4167 2914 4224 Si
2959 4181 3091 4238 ergo
3120 4179 3244 4235 qua:
3285 4162 3468 4234 genita
3495 4172 3626 4219 sunt

2040 4261 2392 4316 rationabilia
2435 4261 2770 4326 subsistunt,
2819 4259 3049 4314 omnino
3079 4257 3247 4312 etiam
3305 4263 3622 4314 moventur,

2039 4361 2232 4424 utpote
2273 4369 2338 4410 ex
2375 4353 2652 4424 principio
2691 4351 2996 4406 secundum
3037 4359 3292 4404 naturam
3337 4362 3436 4417 per
3477 4362 3621 4409 esse,

2039 4444 2107 4500 ad
2140 4445 2326 4510 ﬁnem,
2374 4445 2680 4500 secundum
2735 4442 3108 4513 cognitionem
3165 4455 3262 4509 per
3315 4440 3456 4492 bene
3500 4451 3624 4490 esse

2039 4545 2224 4602 mota;
2260 4535 2388 4591 ﬁnis
2409 4536 2557 4590 enim
2595 4551 2788 4590 eorum
2824 4550 2947 4604 qum
2971 4541 3268 4586 moventur
3301 4517 3488 4586 motus
3539 4528 3608 4598 ip-

851 4619 898 4670 εί
945 4618 1003 4672 δὲ
1062 4621 1322 4674 ἐπιτείνει
1375 4622 1622 4696 σφοδρῶς
1651 4628 1750 4696 τὴν
1780 4627 1933 4698 κίνη-

2039 4645 2160 4686 sum
2187 4629 2240 4684 in
2265 4645 2332 4684 co
2369 4627 2514 4698 quod
2551 4642 2768 4696 semper
2793 4635 2876 4681 cst
2905 4625 3044 4680 bene
3077 4639 3201 4679 esse
3232 4631 3345 4688 est;
3393 4622 3541 4678 sicut
3569 4631 3625 4675 ct

2041 4721 2377 4793 principium
2405 4727 2490 4775 est
2513 4719 2692 4790 ipsum
2713 4733 2856 4782 esse,
2889 4717 3035 4788 quod
3066 4716 3292 4787 quidem
3338 4724 3422 4769 est
3455 4715 3622 4776 Dens,

2044 4815 2138 4885 qui
2165 4821 2220 4868 et
2253 4829 2375 4869 esse
2398 4811 2493 4867 dat
2520 4820 2578 4866 et
2604 4811 2744 4865 bene
2775 4826 2898 4866 esse
2926 4809 3118 4874 donat,
3141 4811 3263 4881 jure
3287 4807 3622 4879 principium

2045 4917 2102 4961 et
2133 4905 2256 4960 ﬁnis
2276 4921 2291 4969 ;
2315 4919 2380 4958 cx
2413 4903 2533 4972 ipso
2557 4903 2704 4957 enim
2735 4910 2792 4956 ct
2845 4899 3096 4956 absolute
3124 4901 3334 4954 moveri
3363 4914 3464 4951 nos
3499 4907 3558 4951 ut
3593 4913 3623 4954 a

2045 4996 2342 5068 principio,
2361 5004 2416 5050 et
2438 4994 2830 5065 quoquomodo
2849 4993 3057 5048 moveri
3076 4993 3142 5048 ad
3161 5009 3239 5057 se,
3263 5001 3321 5046 ut
3341 4989 3407 5044 ad
3433 4990 3622 5054 linem,

2045 5098 2150 5142 est.
2191 5088 2246 5142 Si
2304 5096 2486 5142 autem
2533 5097 2792 5142 movetur
2840 5084 3344 5142 corrationabiliter
3398 5081 3624 5138 sibimet

2540 5221 2557 5258 ί
2590 5221 2828 5290 Philipp.
2867 5236 2946 5284 m,
2994 5220 3084 5273 Η.
3163 5227 3188 5266 ε
3223 5218 3390 5273 Hebr.
3425 5233 3499 5282 tv,
3535 5218 3618 5271 Ιθι.

1607 5383 1836 5438 VARl/E
1875 5383 2283 5440 LEC‘TIUNES.

363 5465 489 5511 ωδε
530 5471 806 5543 γεννητῶν
829 5475 916 5528 ed.
955 5473 1073 5530 Gal.

1171 5473 1218 5506 ³³³
1251 5474 1426 5546 Verba
1455 5474 1531 5536 ὡς
1557 5504 1628 5516 -—
1649 5505 1718 5517 --
1740 5509 1806 5518 -
1837 5478 2082 5539 ἀπαθοῦς
2117 5494 2224 5532 non
2260 5477 2539 5532 transtulit
2563 5475 2780 5531 Scotus.
2813 5475 2970 5532 Unde
2997 5476 3309 5546 exemplum
3352 5493 3462 5546 quo
3489 5494 3622 5531 usus

352 5551 440 5624 es}
473 5543 833 5628 emisseneis
861 5545 1046 5628 verbis
1073 5547 1345 5628 suspicor.
1378 5544 1717 5628 ’ξδὲενητῶν
1749 5547 1851 5628 alia
1883 5565 1933 5628 ’ῃ

2036 5564 2096 5601 us
2131 5549 2376 5628 correxit
2401 5548 2464 5628 in
2499 5547 2628 5628 cod2
2659 5547 2955 5628 (Τιμησιιὶ
2980 5563 3010 5602 a
3051 5563 3135 5628 p_r_.
3273 5543 3621 5628 il‘aD—(‘bﬂ'ﬂﬂL-

351 5613 485 5692 τῷν.
514 5613 616 5692 Ed.
649 5609 770 5692 (ἰῷ.
800 5607 1318 5692 Ιιοῦςίγεννηςέὧν.-
1378 5615 1424 5647 ⁸⁸
1453 5607 1724 5686 Corrupto
1755 5618 1845 5672 ed.
1877 5619 1933 5674 G:

2057 5628 2116 5672 ut
2150 5619 2202 5671 in
2257 5617 2467 5683 Innltis,
2531 5617 2640 5671 ἀπὸ
2669 5621 2744 5692 τῷ
2779 5607 2988 5688 τελείῳ.

352 5681 400 5716 ⁸⁷
429 5685 490 5736 ἐν
519 5683 624 5754 ὅλῳ
651 5684 728 5755 τῷ
747 5683 962 5754 ἐραστῷ
992 5681 1083 5739 καὶ
1109 5681 1197 5740 ed.
1225 5687 1341 5742 Gal.

3081 5618 3126 5650 ’θ
3162 5618 3356 5689 ἐρατὸν
3383 5617 3471 5672 ed.
3501 5619 3624 5675 Gal.

1863 5757 2094 5812 ΝΟΤιΕ.

425 5848 502 5923 (q)
543 5849 725 5905 Voluit
751 5851 954 5906 dixisse.
1006 5843 1174 5922 ipsam
1207 5854 1259 5906 in
1287 5871 1380 5907 suo
1405 5855 1510 5922 ﬁne
1532 5855 1780 5923 deﬁgrns.
1821 5852 2016 5920 (Galen)

429 5921 501 5982 (ι’)
534 5923 720 5975 ἄποιον
748 5953 815 5963 -
859 5923 971 5976 sine
1015 5921 1285 5986 affectione
1315 5927 1381 5977 ad
1407 5921 1600 5978 aliud.
1639 5921 1901 5978 immune.
1949 5924 2144 5990 (Gaio,
2210 5941 2223 5952 ο
