3998 6374
301 470 308 477 ,
415 347 420 352 ”
483 388 622 462 1075

1611 399 1618 405 ’
1647 406 1708 468 S.
1743 407 2030 468 MAXIMI
2070 408 2580 474 CONFESSORIS

3617 421 3743 489 1076

484 511 934 569 intellectualiter
963 512 1362 580 intellectuale,
1395 513 1622 570 omnino
1641 514 1808 570 etiam
1853 513 2065 569 intelli-

2168 515 2262 570 τοῦ
2324 519 2457 573 αὐτὸ
2513 521 2694 576 ἐκεῖνο
2747 491 2870 578 ὅλον
2927 525 3299 596 γνωρίζεσθαι
3363 525 3625 582 δύνασθαι
3691 532 3748 587 rb

478 605 600 678 git:
633 607 680 664 si
733 617 919 665 autem
966 609 1258 680 intelligit,
1309 609 1536 664 omnino
1579 615 1727 664 amat
1769 607 1919 678 quod
1978 606 2064 661 in-

479 696 703 768 telligit;
723 699 768 754 si
789 707 958 766 amat,
980 701 1188 770 patitur
1210 701 1436 756 omnino
1455 701 1524 755 ad
1551 699 1729 771 ipsum
1748 709 1808 755 ut
1825 697 2062 755 amabile

476 804 802 858 excessum;
839 791 885 846 si
921 801 1108 848 autem
1130 792 1361 862 patitur,
1392 792 1642 864 profecto
1689 791 1856 848 etiam
1904 789 2060 846 festi-

476 885 576 932 nat
625 894 639 932 :
692 879 742 934 si
797 879 1042 948 festinat,
1081 883 1309 939 omnino
1332 883 1498 938 etiam
1537 881 1778 937 intendit
1815 880 2061 936 validum

476 976 727 1036 motum;
753 971 800 1026 si
823 983 1008 1028 autem
1034 974 1272 1030 intendit
1293 975 1538 1030 validum
1562 982 1798 1040 motum,
1823 988 1935 1028 non
1952 979 2063 1028 stat

478 1077 773 1134 quousque
808 1063 902 1120 ﬁat
933 1073 1108 1121 totum
1135 1067 1193 1122 in
1219 1075 1338 1122 toto
1376 1077 1581 1133 amato,
1605 1074 1662 1124 et
1705 1081 1738 1122 a
1766 1073 1882 1120 toto
1905 1077 2060 1120 com-

480 1155 866 1222 prehendatur
887 1174 902 1223 ;
922 1157 1168 1213 libenter
1188 1166 1365 1214 totum
1382 1155 1690 1213 secundum
1715 1155 2060 1212 voluntatem

481 1245 779 1300 salutarem
801 1246 1085 1318 accipiens
1113 1247 1708 1318 circumscriptionem,
1764 1253 1827 1301 ut
1884 1253 2061 1301 totum

479 1335 752 1394 afﬁciatur
785 1339 1300 1398 circumscribcnte.
1350 1348 1412 1394 ut
1442 1339 1584 1394 nihil
1619 1337 1848 1394 omnino
1888 1343 2061 1392 restet

475 1428 620 1484 velle
643 1444 710 1484 ex
736 1445 793 1486 se
822 1430 963 1501 ipso,
983 1447 1040 1486 se
1069 1431 1246 1501 ipsum
1271 1439 1443 1486 totum
1473 1445 1806 1502 cognoscere
1826 1427 2062 1484 valendo

479 1522 986 1594 circumscriptum,
1020 1525 1117 1580 sed
1146 1541 1215 1582 ex
1243 1523 1767 1590 circumscribente;
1799 1520 1944 1578 sicut
1967 1536 2064 1576 aer

477 1629 580 1684 per
599 1622 773 1670 totum
805 1615 1152 1672 illuminatus
1167 1617 1400 1684 lumine,
1421 1624 1478 1672 et
1501 1617 1626 1688 igne
1657 1615 1865 1670 ferrum
1881 1621 2062 1670 totum

478 1713 596 1760 toto
627 1706 1010 1777 liquefactum,
1043 1709 1151 1779 {aut
1179 1709 1226 1764 si
1256 1707 1389 1778 quid
1418 1707 1571 1763 aliud
1607 1706 1800 1762 talium
1835 1715 1938 1761 est.
1965 1705 2064 1761 'Ex

479 1799 685 1870 quibus
735 1801 1076 1871 speculative
1103 1801 1371 1866 futuram,
1431 1799 1527 1854 sed
1557 1814 1670 1854 non
1716 1801 1826 1871 jam
1859 1797 2061 1853 factam

478 1900 538 1946 et
557 1893 624 1963 (ε)
655 1891 1033 1964 incorruptam
1059 1893 1240 1966 dignis
1261 1892 1532 1948 bonitatis
1581 1890 2062 1964 participationem

477 1994 580 2050 per
601 1980 1027 2038 similitudinem
1049 1982 1400 2039 solummodo
1433 1981 1736 2060 accipimus
1759 1997 1774 2046 ;
1795 1979 2060 2051 quoniam

477 2079 537 2127 et
563 2087 730 2144 super
757 2075 944 2130 omnia
959 2075 1078 2130 haec
1093 2083 1224 2130 sunt
1253 2089 1374 2145 quas
1391 2073 1662 2145 speranda
1681 2081 1832 2140 sunt,
1860 2071 2064 2128 merito

479 2163 612 2220 dum
647 2165 758 2220 sint
776 2181 990 2222 summa
1010 2167 1266 2231 visionis,
1299 2167 1441 2223 sicut
1463 2167 1729 2238 scriptum
1753 2174 1858 2232 est,
1884 2172 1941 2220 et
1963 2179 2064 2219 au-

478 2255 633 2312 ditus
665 2266 721 2313 et
779 2257 1126 2328 intellectus;
1158 2269 1216 2315 et
1239 2259 1346 2316 hoc
1370 2258 1564 2329 utique
1598 2267 1682 2314 est
1707 2257 1825 2328 ipsa
1855 2257 2067 2327 subjec-

479 2349 582 2416 tio,
603 2347 664 2420 (t)
687 2365 854 2420 quam
875 2351 1103 2407 divinus
1133 2351 1426 2422 Apostolus
1445 2351 1523 2406 ait
1540 2349 1688 2405 Patri
1709 2348 1910 2404 Filium
1935 2348 2066 2404 sub-

477 2442 756 2513 iecturum
778 2442 918 2510 fore,
949 2445 1257 2500 voluntarie
1291 2443 1569 2514 accepturi
1598 2441 1878 2514 subjectos
1917 2456 2062 2508 esse,

477 2541 607 2603 post
631 2549 794 2605 quam
821 2541 878 2589 et
906 2550 1006 2604 per
1025 2551 1188 2606 quam
1212 2535 1495 2589 novissima
1520 2533 1734 2588 inimica
1763 2533 2066 2587 destruetur

480 2643 624 2680 mors
650 2627 694 2693 ',
730 2635 923 2698 utpote
947 2627 1324 2699 corruptionis
1371 2625 1644 2697 potentia,
1674 2641 1772 2697 per
1798 2641 1963 2696 quam
1994 2625 2064 2680 ad

477 2733 584 2774 nos
618 2718 750 2774 fecit
796 2719 1090 2774 introitum
1143 2720 1287 2790 (ipso
1321 2719 1380 2774 in
1405 2717 1587 2784 nobis,
1615 2719 1712 2788 qui
1741 2732 1841 2789 per
1871 2733 1929 2773 se
1961 2731 2064 2788 po-

479 2818 605 2867 tens
619 2819 724 2877 est,
741 2811 1034 2882 adiuvante
1045 2811 1350 2867 secundum
1361 2810 1507 2882 nos),
1519 2809 1830 2866 voluntarie
1845 2809 2068 2864 univer-

480 2903 672 2958 saliter
687 2904 800 2960 Deo
823 2904 901 2976 (ιι)
922 2903 1188 2974 implente
1207 2915 1265 2959 et
1280 2903 1423 2958 bene
1443 2911 1707 2974 regnante
1723 2902 1870 2974 quod
1889 2902 1958 2974 (v)
1981 2917 2070 2958 re-

479 2992 580 3065 git,
613 2994 788 3048 otium
830 2994 1063 3066 agendo,
1100 3008 1169 3048 ne
1206 2993 1340 3063 quid
1370 2993 1504 3048 velit
1535 3002 1736 3062 praeter
1765 2993 1916 3064 quod
1949 2993 2067 3049 vult

478 3087 658 3154 Deus;
687 3087 830 3142 sicut
845 3088 976 3143 alibi
997 3087 1074 3142 ait
1091 3087 1211 3157 ipse
1229 3086 1290 3140 in
1305 3101 1364 3142 se
1383 3086 1504 3156 ipso
1527 3086 1772 3142 formans
1794 3085 1942 3156 quod
1961 3101 2066 3140 no-

481 3187 660 3234 strum
688 3185 771 3233 est
787 3177 1038 3234 Salvator
1057 3177 1128 3233 ad
1156 3179 1404 3233 Patrem:
1429 3177 1795 3234 Verumtamen
1815 3194 1918 3232 non
1933 3179 2067 3232 sicut
2093 3212 2138 3273 α

482 3288 578 3342 ego
597 3271 734 3338 volo,
761 3271 852 3327 sed
881 3273 1015 3337 sicut
1044 3269 1139 3325 tui
1171 3287 1191 3326 :
1220 3277 1277 3327 et
1297 3279 1421 3342 post
1445 3285 1574 3326 eum
1602 3270 1826 3328 divinus
1869 3286 1934 3326 ac
1962 3270 2068 3325 mi-

481 3363 676 3420 rabilis
701 3365 904 3421 Paulus
937 3364 1108 3420 veluti
1146 3379 1206 3420 se
1241 3363 1422 3435 ipsum
1453 3379 1662 3436 negans
1697 3371 1753 3419 et
1787 3363 2068 3434 propriam

479 3455 688 3512 habere
733 3457 846 3528 jam
901 3457 1072 3514 vitam
1113 3456 1406 3512 nesciens:
1436 3455 1560 3512 Vivo
1594 3464 1772 3510 autem
1787 3456 1912 3528 jam
1963 3471 2070 3510 non

482 3561 596 3617 ego,
624 3546 748 3600 vivit
776 3562 898 3600 vero
926 3547 983 3600 in
1017 3561 1098 3600 me
1131 3542 1368 3601 Christus
1402 3543 1450 3598 ιι.
1485 3543 1610 3606 Non
1647 3542 1945 3600 conturbet
1970 3557 2071 3599 vos

481 3637 631 3708 quod
649 3637 874 3695 dictum
904 3647 1038 3694 est:
1078 3653 1189 3693 non
1243 3637 1395 3692 enim
1446 3636 1782 3692 ablationem
1831 3636 2072 3708 propriae

481 3730 745 3801 potentiae
779 3730 901 3786 fieri
935 3729 1085 3796 dico,
1136 3729 1232 3786 sed
1281 3727 1614 3800 positionem
1649 3728 1824 3800 magis
1866 3744 2070 3785 secun-

482 3821 616 3878 dum
651 3829 910 3877 naturam
941 3821 1102 3876 ﬁxam
1133 3829 1190 3876 et
1221 3820 1646 3886 immutabilem,
1677 3819 1734 3875 id
1761 3829 1846 3876 est
1877 3836 2071 3879 exces-

481 3928 606 3968 sum
638 3913 1092 3978 intellectualem,
1115 3920 1178 3966 ut
1203 3912 1350 3967 unde
1373 3911 1536 3968 nobis
1565 3909 1817 3966 subsistit
1841 3927 1986 3978 esse,
2015 3921 2074 3968 et

481 4005 696 4062 moveri
749 4005 1002 4075 accipere
1049 4004 1454 4072 desideremus,
1498 4005 1650 4060 velut
1693 4003 1932 4076 imagine
1979 4019 2071 4060 re-

485 4097 694 4154 deunte
719 4097 786 4152 ad
817 4093 1126 4168 principale
1157 4097 1472 4167 exemplum
1499 4105 1556 4152 et
1590 4095 1736 4166 signi
1774 4095 1948 4152 instar
1973 4111 2074 4166 per

485 4184 718 4263 ﬁguram
753 4191 899 4246 bene
932 4190 1204 4261 compacti
1239 4188 1532 4260 principali
1568 4187 1781 4256 formae,
1813 4197 1870 4244 et
1902 4187 2104 4257 aliorg

487 4297 615 4338 sum
647 4281 780 4337 ferri
811 4297 992 4353 neque
1016 4281 1258 4338 habente
1281 4281 1350 4336 de
1376 4288 1578 4336 caetero
1599 4272 1783 4351 neque
1811 4279 2029 4336 valente
2056 4297 2070 4334 :

486 4389 557 4429 an
591 4373 838 4445 apertius
872 4374 1173 4430 dicendum
1219 4383 1278 4432 et
1309 4373 1518 4440 verius,
1567 4388 1748 4444 neque
1780 4387 1942 4444 posse
1973 4388 2074 4428 vo-

485 4466 657 4534 lente,
691 4467 892 4522 merito
925 4466 1114 4522 divina
1147 4473 1374 4538 accepta
1401 4464 1750 4536 operatione,
1781 4464 1955 4536 magis
1979 4479 2075 4520 au—

2167 611 2670 682 περιγραφόμενον,
2720 613 2838 668 ἀλλ’
2887 615 2954 671 ὲκ
3005 617 3100 673 τοῦ
3137 619 3650 691 ,περιγράφοντοςο
3680 623 3749 687 ὡς

2162 700 2272 772 ἀὴρ
2310 701 2378 756 δι’
2417 703 2542 758 ὅλου
2575 708 2992 779 πεφωτισμένος
3023 710 3184 779 φωτὶ,
3215 711 3320 764 καὶ
3349 709 3491 781 πυρὶ
3522 710 3746 784 σίδηρος,

2163 793 2286 859 ὅλος
2313 795 2418 866 ὅλῳ
2443 800 2967 870 πεπυρακτωμένος,
2999 801 3033 870 ἢ
3059 803 3113 856 εἴ
3135 819 3192 856 τι
3247 802 3387 858 ἄλλο
3424 801 3539 856 τῶν
3586 805 3750 859 τοιού-

2163 899 2272 938 των
2302 885 2470 942 ἐστίν.
2509 886 2600 953 Ἐξ
2621 883 2694 943 ὧν
2719 890 3092 960 στοχαστικῶς
3115 893 3212 964 τὴν
3235 892 3544 964 ἐσομένην,
3562 892 3673 947 ἀλλ’
3694 895 3750 948 οὐ

2163 975 2262 1048 τὴν
2313 979 2691 1051 γεγενημένην
2747 983 2842 1036 καὶ
2901 983 3398 1057 παραφθαρεῖσαν,
3426 988 3542 1050 τοῖς
3593 985 3754 1052 ἀξίοις

2163 1067 2264 1137 τῆς
2285 1068 2620 1142 ἀγαθότητος
2651 1072 2946 1143 μετουσίαν
2974 1077 3094 1129 κατ’
3127 1076 3388 1130 εἰκασίαν
3424 1076 3592 1148 μόνον
3617 1075 3751 1146 λαμ-

2165 1157 2424 1230 ϐάνομεν,
2452 1159 2644 1234 ἐπειδὴ
2667 1163 2762 1217 καὶ
2789 1164 2930 1236 ὑπὲρ
2959 1165 3134 1220 ταῦτα
3181 1166 3370 1221 πάντα
3424 1166 3498 1220 τὰ
3549 1167 3752 1232 ἐλπιζό-

2169 1251 2307 1322 μενά
2363 1251 2534 1320 ἐστιν,
2580 1253 2658 1318 ὡς
2704 1253 2882 1324 ὅψεως
2918 1255 3046 1311 ὄντα
3077 1256 3220 1312 κατὰ
3247 1257 3316 1312 rb
3347 1258 3750 1330 γεγραμμένον,

2165 1343 2263 1398 καλ⁸
2289 1343 2459 1411 ἀκοῆς
2493 1346 2588 1400 καὶ
2619 1345 2858 1410 διανοίας
2906 1347 3184 1402 ἐπέκεινα.
3234 1348 3356 1403 Καὶ
3405 1346 3570 1402 τοῦτό
3615 1349 3754 1401 ἐστιν

2166 1438 2297 1502 ἴσως
2325 1438 2358 1510 ἡ
2391 1437 2639 1510 ὑποταγὴ
2695 1440 2762 1512 ἦν
2811 1441 2840 1493 ὁ
2891 1439 3034 1506 Θεῖος
3091 1439 3429 1504 ’Δπόστολός
3495 1457 3632 1512 φησι
3684 1439 3755 1512 τῷ

2166 1529 2345 1602 Πατρὶ
2387 1531 2480 1584 τὸν
2533 1529 2669 1585 Υίὸν
2717 1529 3067 1596 ὑποτάσσειν,
3118 1531 3247 1597 τοὺς
3305 1531 3584 1596 ἑκουσίως
3611 1531 3752 1602 δεχο·

2168 1620 2365 1691 μένους
2389 1619 2451 1673 rb
2482 1619 2910 1688 ὑποτάσσεσθαι,
2941 1621 3060 1694 μεθ’
3087 1623 3173 1694 ἠν,
3205 1622 3238 1696 ἢ
3269 1622 3342 1677 δι’
3370 1622 3464 1694 ἢν,
3496 1623 3554 1676 '0
3579 1623 3754 1692 ἐσχα-

2165 1725 2269 1774 τος
2301 1709 2518 1779 ἐχθρὸς
2553 1710 2930 1780 καταργεῖται
2987 1714 3021 1768 ό
3073 1711 3360 1780 θάνατος,
3415 1713 3496 1776 ὡς
3542 1711 3636 1766 τοῦ
3677 1715 3754 1782 ἐφ’

2167 1800 2320 1870 ἡμῖν,
2341 1799 2507 1870 ἤγουν
2531 1798 2626 1854 τοῦ
2648 1800 3019 1867 αὑτεξουσίου,
3046 1800 3114 1856 δι’
3134 1793 3198 1855 οῦ
3226 1802 3372 1874 πρὸς
3399 1803 3554 1873 ἡμᾶς
3583 1801 3756 1857 ποιού-

2094 1875 2139 1931 B
2169 1908 2330 1963 μενος
2353 1889 2452 1962 τὴν
2479 1889 2686 1945 εἴσοδον
2721 1890 2994 1964 ἐπεκύρου
3025 1892 3148 1948 καθ’
3179 1891 3347 1966 ἡμῶν
3391 1892 3459 1946 rb
3493 1893 3595 1964 τῆς
3633 1893 3754 1962 φθο-

2167 1983 2267 2054 ρᾶς
2300 1982 2524 2054 κράτος,
2559 1983 2822 2049 ἑκουσίως
2856 1983 2978 2038 καθ’
3009 1983 3133 2038 ὅλου
3180 1983 3610 2057 ὲκχωρηθέντος
3649 1983 3755 2055 Θεῷ

2166 2073 2262 2130 καὶ
2295 2073 2473 2138 καλῶς
2499 2073 2878 2144 βασιλεύοντος
2911 2075 2974 2129 τὸ
3013 2073 3428 2146 βασιλεύεσθαι,
3467 2073 3549 2147 τῷ
3575 2075 3754 2144 ἀργεῖν

2165 2166 2262 2222 τοῦ
2291 2185 2344 2220 τι
2401 2167 2604 2222 ἐθέλειν
2653 2167 2786 2240 παρ’
2836 2168 2865 2222 ὅ
2923 2167 3068 2224 ϐέλει
3125 2168 3299 2232 Θεός·
3353 2167 3555 2238 ὥσπερ
3602 2166 3754 2237 φησιν

2167 2259 2328 2325 αὐτὸς
2353 2260 2412 2313 ὲν
2449 2258 2628 2330 ἑαυτῷ
2655 2255 2845 2314 τυπῶν
2871 2259 2934 2313 rb
2979 2259 3254 2332 ἡμέτερον
3298 2260 3330 2314 ὁ
3386 2257 3587 2330 Σωτὴρ
3631 2257 3755 2330 πρὸς

2164 2351 2259 2406 τὸν
2283 2349 2504 2423 Πατέρα
2523 2367 2538 2383 ο
2563 2350 2740 2419 Πλὴν
2766 2353 2879 2422 οὐχ
2907 2351 2988 2418 ὡς
3011 2349 3126 2420 ἐγὼ
3145 2349 3322 2416 θέλω,
3351 2349 3499 2406 ἀλλ’
3529 2349 3613 2415 ὡς
3661 2347 3752 2402 σύ.

2165 2442 2279 2497 Καὶ
2326 2441 2442 2512 μετ’
2477 2441 2638 2496 αὐτὸν
2670 2443 2699 2496 ό
2728 2440 3018 2504 Θεσπέσιος
3058 2439 3296 2507 Παῦλος,
3333 2438 3538 2512 ὥσπερ
3575 2437 3755 2493 ἑαυτὸν

2166 2531 2548 2606 ἀρνησάμενος
2579 2533 2674 2586 καὶ
2723 2531 2864 2586 ἰδίαν
2914 2531 3060 2602 ἔχειν
3102 2530 3184 2584 ἔτι
3240 2530 3395 2604 ζωὴν
3451 2529 3530 2602 μὴ
3575 2527 3749 2592 εἰδώς·

2167 2625 2260 2682 Ζῶ
2284 2625 2394 2696 γὰρ
2423 2627 2535 2679 οὐκ
2563 2623 2650 2679 ἐτι
2681 2625 2812 2696 ἐγώ·
2850 2623 2918 2694 ζῇ
2949 2624 3060 2695 γὰρ
3089 2627 3160 2680 ἐν
3187 2625 3321 2696 ἐμοὶ
3358 2624 3642 2694 Χριστός.
3669 2621 3748 2691 Μὴ

2167 2719 2479 2790 ταραττέτω
2511 2717 2558 2750 ⁸³
2583 2717 2640 2771 δὲ
2669 2717 2814 2788 ὑμᾶς
2844 2716 2905 2770 rb
2929 2716 3246 2786 λεγόμενον.
3302 2715 3383 2770 Οὐ
3443 2714 3554 2785 γὰρ
3608 2709 3749 2766 ἀναί-

2171 2829 2320 2884 ρεσιν
2343 2811 2436 2866 τοῦ
2491 2809 2839 2874 αὖτεξουσίου
2886 2809 3134 2879 γίνεσθαί
3189 2825 3358 2880 φημι,
3421 2806 3564 2862 ἀλλὰ
3617 2804 3750 2858 Θὲσιν

2171 2904 2371 2976 μᾶλλον
2401 2905 2500 2976 τὴν
2542 2905 2684 2958 κατᾶ
2737 2901 2902 2972 φύσιν
2963 2901 3170 2971 παγίαν
3215 2919 3275 2955 τε
3333 2899 3528 2972 (122
3565 2897 3620 2969 α)
3666 2893 3748 2950 καὶ

2167 2993 2520 3065 ἀμετάθετον,
2555 2992 2724 3064 ἤγουν
2783 2989 3094 3064 ἐκχώρησιν
3144 2991 3460 3062 γνωμικὴν,
3521 2989 3590 3043 ἵν’
3639 2983 3749 3040 ὅθεν

2169 3086 2301 3158 ἡμῖν
2335 3084 2574 3156 ὑπάρχει
2600 3083 2646 3116 ⁸⁹
2699 3081 2762 3136 rb
2801 3077 2940 3136 εἶναι
3000 3083 3096 3136 καὶ
3140 3081 3202 3133 τὸ
3254 3078 3534 3134 κινεῖσθαι
3576 3074 3747 3130 λαὸεϊν

2171 3177 2522 3248 ποθήσωμεν,
2575 3175 2652 3241 ὡς
2700 3175 2804 3246 τῆς
2861 3174 3072 3238 εἰκόνος
3125 3172 3467 3244 ἀνελοούσης
3515 3169 3650 3242 πρὸς
3695 3166 3749 3219 τὺ

2169 3267 2502 3339 ἀρχέτυπον,
2539 3268 2632 3320 καὶ
2673 3265 2970 3336 σφραγῖδος
2996 3263 3152 3336 δίκην
3181 3263 3551 3336 ὲκτυπὼματι
3581 3258 3746 3322 καλῶς

2170 3357 2529 3431 ἡρμοσμένης
2575 3358 2654 3429 τῷ
2710 3356 3028 3430 ἀρχετύπῳ,
3087 3359 3186 3412 καὶ
3247 3355 3441 3411 ἄλλοθι
3497 3351 3746 3426 φέρεσθαι

2173 3451 2300 3524 μήτ’
2330 3451 2562 3522 ἐχούσης
2579 3449 2768 3513 λοιπὸν
2800 3448 2942 3520 μήτε
2969 3448 3301 3520 δυναμένης,
3337 3448 3376 3519 ἢ
3419 3445 3746 3526 ,σαφέστερον

2171 3543 2344 3597 εἰπεῖν
2375 3542 2470 3596 καὶ
2499 3539 2884 3611 ἀληθέστερον,
2916 3537 3054 3612 μήτε
3086 3537 3376 3608 βούλεσθαι
3424 3533 3745 3606 δυναμένης,

2171 3636 2248 3702 ὡς
2286 3635 2386 3706 τῆς
2431 3633 2582 3698 Θείας
2628 3632 3042 3705 ὲπειλημμένης
3093 3629 3405 3703 ἐνεργείας,
3461 3628 3658 3702 μᾶλλον
3695 3623 3746 3680 δὲ

2171 3730 2302 3796 Θεὸς
2324 3733 2391 3801 τῇ
2437 3727 2631 3782 θεώσει
2665 3726 3060 3798 γεγενημένης,
3122 3725 3220 3780 καὶ
3265 3724 3435 3780 πλέον
3489 3720 3747 3795 ἡδομένης

2173 3826 2238 3896 τῇ
2296 3821 2556 3878 ἐκστάσει
2609 3819 2720 3874 τῶν
2770 3817 3022 3889 φυσικῶς
3068 3818 3155 3871 ἐπ’
3212 3817 3389 3889 αὐτῆς
3447 3813 3548 3870 καὶ
3588 3811 3745 3865 ὅντων

2173 3916 2268 3972 καὶ
2299 3913 2628 3986 νοουμένων,
2683 3912 2772 3968 διὰ
2821 3911 2920 3982 τὴν
2943 3910 3314 3983 ὲκνικήσασαν
3361 3908 3536 3979 αὐτὴν
3596 3903 3746 3976 χάριν

2171 4008 2268 4064 τοῦ
2295 4007 2634 4080 Πνεύματος,
2660 4005 2762 4062 καὶ
2795 4004 2958 4077 μόνον
3007 4002 3240 4076 ἔχουσαν
3293 3999 3627 4074 ἐνεργοῦντα
3661 3992 3746 4048 τδν

2173 4101 2307 4157 Θεὺν
2341 4101 2617 4169 δείξασαν,
2671 4099 2814 4154 ὥστε
2859 4092 3002 4152 εἶναι
3036 4096 3166 4169 μίαν
3194 4097 3292 4150 καὶ
3315 4095 3489 4167 μόνην
3513 4089 3604 4147 διὰ
3628 4085 3746 4141 πάν-

2161 4181 2282 4250 των
2310 4192 2615 4266 ἐνέργειαν,
2635 4190 2730 4246 τοῦ
2749 4189 2889 4244 Θεοῦ
2917 4187 3148 4244 καὶτῶν
3171 4187 3340 4256 ἀξίων
3365 4183 3529 4248 Θεοῦ.
3555 4177 3744 4253 μᾶλλον

2173 4287 2232 4342 δὲ
2266 4286 2432 4358 μόνου
2457 4283 2616 4350 Θεοῦ,
2648 4283 2726 4348 ὡς
2751 4282 2875 4336 ὅλου
2895 4281 3041 4345 ὅλοις
3060 4280 3176 4344 τοῖς
3216 4277 3393 4345 ἀξίοις
3439 4272 3746 4378 hiemps:

2177 4375 2298 4442 πῶς
2331 4375 2839 4448 περιχωρήσαντος.
2880 4369 3124 4442 Ἀνάγκη
3170 4369 3285 4442 γὰρ
3313 4370 3472 4424 πᾶσα
3500 4366 3602 4436 τῆς
3631 4373 3730 4416 κατ

2179 4469 2368 4538 ἔφεσιν
2395 4466 2469 4522 τὰ
2497 4467 2676 4521 πάντα
2707 4465 2836 4536 περί
2867 4481 2926 4518 τι
2973 4461 3104 4518 ἄλλο
3154 4460 3474 4516 παύσασθαι
3523 4457 3745 4524 ὲξουσιαυ

489 4566 603 4615 tem
631 4560 778 4631 Deus
810 4575 912 4630 per
943 4559 1350 4616 deiﬁcationem
1385 4557 1548 4624 facta,
1579 4565 1636 4613 et
1659 4557 1785 4628 plus
1817 4557 2071 4613 dilectata

2187 4559 2378 4630 στικῆς
2425 4557 2717 4630 κινήσεως,
2773 4553 2869 4610 τοῦ
2922 4553 3152 4626 ἐσχάτου
3208 4553 3472 4624 φανέντος
3529 4538 3744 4622 ὀρεκτοῦ

489 4667 719 4708 excessu
745 4653 814 4708 ab
840 4653 927 4708 his
950 4669 1074 4724 quas
1101 4652 1434 4709 naturaliter
1460 4651 1516 4706 in
1545 4666 1610 4706 ea
1646 4660 1776 4706 sunt
1806 4659 1864 4704 et
1891 4649 1961 4706 ab
1989 4649 2071 4706 his

2177 4653 2272 4709 καὶ
2302 4649 2694 4723 μετεχομένου,
2725 4649 2823 4704 καὶ
2860 4647 3143 4717 ἀναλόγως
3174 4649 3240 4718 τῇ
3277 4645 3388 4701 τῶν
3422 4641 3748 4718 μετεχόντων

491 4761 616 4816 quae
647 4753 780 4800 sunt
827 4754 885 4802 et
917 4747 1303 4818 intelliguntur
1332 4760 1432 4816 per
1461 4751 1816 4815 superantem
1849 4758 1908 4799 se
1951 4759 2078 4814 gra-

2175 4743 2406 4815 δυνάμει
2437 4740 2758 4814 άχωρήτως,
2796 4739 2864 4794 ἵν’
2918 4737 3091 4804 οὕτως
3139 4737 3303 4804 εἴπω,
3361 4731 3704 4809 χωρουμένου
3727 4738 3743 4754 ⁸

491 4839 627 4893 tiam
663 4838 904 4908 Spiritus
931 4846 988 4894 et
1019 4836 1367 4893 solummodo
1399 4834 1698 4890 habentem
1729 4842 2071 4904 operatorem

2177 4837 2316 4910 πρὸς
2341 4834 2370 4888 δ
2397 4835 2548 4890 πᾶσα
2575 4833 2796 4888 σπεύδει
2819 4831 3068 4886 πολιτεία
3086 4829 3183 4886 τοῦ
3203 4830 3250 4864 ⁸⁸
3280 4827 3488 4902 ὑψηλοῦ
3519 4825 3613 4882 καὶ
3639 4819 3746 4910 διάς

492 4929 679 4986 Iesum
712 4907 770 4985 et
798 4929 1188 5000 accipientem,
1217 4927 1294 4982 ita
1343 4935 1406 4982 ut
1451 4925 1524 4981 sit
1571 4941 1684 4981 una
1715 4935 1773 4982 et
1821 4927 1938 4984 sola
1981 4943 2071 4998 per

2175 4907 2317 4994 vota,
2353 4947 2374 4981 ι
2412 4927 2508 4982 καὶ
2539 4927 2620 4990 είς
2649 4925 2678 4980 δ
2723 4925 2876 4980 πᾶσα
2927 4923 3114 4995 ἔφεσις
3159 4923 3398 4987 ἵσταται,
3435 4920 3532 4976 καὶ
3561 4907 3746 4985 ὑπὲρδ

493 5021 678 5076 omnia
703 5021 956 5092 operatio
979 5019 1078 5076 Dei
1109 5028 1168 5076 et
1189 5019 1481 5090 dignorum
1514 5017 1656 5084 Deo;
1693 5018 1868 5090 magis
1893 5026 2071 5074 autem

2181 5015 2435 5091 οὐδαμῶς
2461 5017 2712 5089 φέρεταιο
2739 5015 2864 5070 οὗτε
2894 5015 3006 5088 γάρ
3035 5013 3174 5086 ἔχει,
3199 5013 3294 5070 καὶ
3330 5013 3468 5086 πρὸς
3523 5010 3554 5066 ὃ
3593 5005 3746 5062 τείνει

495 5111 666 5167 solius
687 5111 808 5178 Dei,
837 5119 1028 5182 utpote
1054 5117 1170 5166 toto
1200 5118 1344 5166 totos
1364 5109 1560 5181 dignos
1584 5109 1727 5164 bene
1756 5125 1821 5165 ac
1849 5109 2078 5180 pulchre

494 5203 795 5260 ambiente.
830 5203 994 5260 Omni
1026 5203 1174 5261 enim
1205 5203 1540 5259 necessitate
1577 5218 1677 5274 per
1709 5203 1894 5257 omnia
1929 5201 2077 5258 circa

2183 5113 2334 5167 πᾶσα
2371 5108 2666 5163 σπουδαίου
2701 5107 2937 5180 κίνησις,
2979 5107 3078 5162 καὶ
3126 5099 3190 5162 οῦ
3216 5104 3534 5177 γενομένοις
3579 5095 3747 5180 πάσης

2183 5198 2779 5285 θεωρίκιάνάπαυσις,
2795 5179 2821 5250 »⁷
2842 5197 3008 5269 φησιν
3033 5196 3063 5250 ό
3084 5194 3355 5268 μακάριος
3385 5185 3538 5257 οὗτος
3550 5189 3594 5223 ⁹¹
3614 5179 3744 5240 διδάί

572 5323 590 5362 ί
625 5321 649 5378 Ι
679 5321 811 5378 Cor.
839 5338 930 5389 xv,
959 5321 1050 5402 26,.
1129 5320 1144 5372 i
1175 5321 1371 5387 Matth,
1395 5337 1545 5390 xxvi,
1572 5321 1661 5377 39.
1743 5321 1767 5360 ¹ι
1796 5320 1978 5378 Galat.
2005 5338 2068 5390 ιι,
2095 5323 2186 5380 20.

1783 5431 2021 5491 VAerE
2057 5431 2462 5492 LECTIONES.

567 5571 618 5608 ⁸⁸
664 5573 984 5646 ταρασσέτω
1011 5573 1104 5630 ed.
1163 5574 1284 5632 Gal.
1366 5575 1412 5607 ”
1467 5575 1687 5648 ὑπάρχῃ
1719 5575 1810 5631 ed.
1839 5573 1957 5630 Gal.
2051 5576 2096 5608 9°
2117 5572 2213 5628 τοῦ
2247 5575 2403 5630 abest
2429 5575 2498 5628 ab
2526 5571 2616 5628 ed.
2644 5569 2764 5627 Gal.
2852 5571 2895 5604 ⁹¹
2919 5561 3078 5634 οὗτος
3096 5583 3210 5624 non
3234 5555 3404 5625 habet
3423 5563 3510 5624 ed.
3531 5557 3644 5619 Gal-

2034 5693 2259 5752 NOTAE.

590 5786 640 5856 τ)
672 5784 822 5856 Lege
850 5791 1158 5856 corruptum
1175 5784 1383 5856 ,(Galc.)

567 5783 640 5927 ξιξ
679 5784 822 5856 Lege
850 5791 1158 5854 corruptam
1182 5784 1273 5856 (Ga

598 5863 617 5908 t
672 5854 817 5927 Lege
847 5871 975 5926 qua,
1009 5849 1045 5927 ᾖ
1073 5853 1273 5926 (Gale.)

2261 5785 2338 5850 (ιι)
2365 5783 2518 5855 Lege
2551 5783 2784 5838 cedente.
2819 5781 3018 5855 (Cale)

2259 5857 2329 5927 (υ)
2361 5852 2504 5926 Lege
2537 5855 2756 5924 regitur.
2794 5852 2992 5922 (Gale.)
