3998 6366
295 437 436 507 1077
1529 442 2052 503 AMBIGUORUM
2092 440 2342 515 LIBER-
3433 433 3591 501 1078“

292 554 517 615 σκαλος.
559 549 697 605 Οῦτε
723 550 835 623 γάρ
882 550 1037 606 ἔσται
1093 570 1145 606 τι
1207 553 1366 617 ἐκτὸς
1424 552 1560 607 Θεοῦ
1608 554 1731 608 τότε
1773 554 1882 608 δει-

2009 554 2140 609 [liud
2190 553 2325 625 quid
2365 552 2657 624 quiescent
2689 552 3019 624 potestativo
3052 558 3204 609 motu‘
3241 551 3337 623 qui
3373 566 3578 612 secun-

293 643 649 715 κνύμενον,ἢ
691 643 813 715 Θεῷ
864 644 1293 716 άντισηκοῦσθαι
1338 644 1551 710 δοκοῦν,
1601 646 1691 700 ἵνα
1736 645 1883 710 τινος

2009 646 2119 700 lum
2151 645 2492 700 desiderium
2543 657 2629 701 est
2678 645 2982 705 novissimo
3015 652 3314 726 appqrente
3354 644 3485 701 dato
3519 654 3578 699 et

293 736 485 805 ἔφεσιν
517 734 653 807 πρὸς
696 735 831 789 αὐτὸ
863 736 1023 807 ῥέψαι
1068 736 1321 811 δελεάσῃ,
1376 736 1598 791 πάντων
1654 736 1881 808 περιλη-

2009 737 2317 808 ιετιίοῑῃαιο
2349 744 2410 792 et
2435 736 2946 793 eorrationabiliter
2982 735 3435 806 participantium
3462 736 3578 793 vir-

293 827 542 897 φθέντων
572 826 722 898 αὐτῷ
771 828 955 898 (122
985 828 1036 899 ὁ)
1086 828 1295 901 νοητῶν
1338 846 1396 882 τε
1453 829 1549 882 καὶ
1608 828 1884 899 αἰσθητῶν

2014 830 2091 883 uti
2134 828 2797 900 incomprehensibiliter,
2837 835 2898 882 ut
2944 827 3018 883 ita
3053 815 3255 895 dicam,
3278 839 3473 898 capto,
3509 826 3611 883 ad'

293 918 441 973 κατὰ
469 917 568 988 τὴν
599 917 877 990 ἄφραστον
901 919 1068 974 αὑτοῦ
1098 918 1358 989 ἑκφανσιν
1404 920 1498 974 καὶ
1556 919 1881 989 παρουσίαν,

2009 923 2134 992 [uod
2167 923 2348 978 omnis
2394 921 2619 977 festinat
2653 920 3005 978 conversatio
3052 920 3257 976 excelsi
3303 927 3362 975 et
3412 920 3581 977 inteb-

293 1010 377 1075 ὡς
421 1008 531 1063 οὐδ’
582 1009 639 1061 ἐν
686 1009 873 1081 ἡμέρα
919 1009 988 1063 τὰ
1033 1009 1256 1082 ἀστρῷα
1288 1010 1443 1079 φῶτα
1476 1009 1570 1064 καὶ
1626 1011 1764 1065 αὐτὰ
1815 1011 1884 1066 τά

2010 1024 2185 1081 ectus,
2216 1034 2234 1066 ι
2263 1022 2322 1069 et
2354 1014 2413 1069 in
2445 1014 2596 1083 quod
2623 1013 2806 1069 omnis
2828 1013 3167 1089 stabilitatur
3186 1011 3490 1082 appetitus,
3524 1019 3609 1066 et'

294 1101 478 1172 ἄστρα
530 1100 682 1170 ἡλίου
734 1101 998 1169 φανέντος
1049 1101 1127 1172 τῷ
1184 1102 1366 1172 πολλῷ
1424 1103 1518 1157 καὶ
1566 1104 1884 1175 ἀσυγκρίτῳ

2009 1120 2156 1174 ιυρηι
2189 1104 2336 1176 quod
2369 1104 2527 1160 nullo
2557 1104 2721 1159 modo
2744 1103 2944 1169 fertur,
2972 1118 3155 1173 neque
3186 1103 3337 1158 enim
3370 1102 3580 1157 habet:

1985 1206 2041 1252 et
2067 1197 2136 1252 ad
2162 1196 2311 1267 quod
2340 1196 2523 1252 tendit
2556 1196 2737 1251 omnis
2761 1194 3076 1250 festinantis
3102 1201 3306 1259 motus,
3329 1203 3386 1249 et
3418 1210 3449 1249 a
3471 1209 3597 1264 quo-

1986 1289 2343 1346 venientibus
2372 1288 2554 1345 omnis
2573 1287 3062 1358 contemplationis
3096 1286 3338 1357 requies.
3366 1305 3385 1338 ι
3420 1294 3481 1341 ut
3502 1286 3584 1342 ait

1987 1378 2185 1435 beatus
2212 1380 2316 1435 iste
2358 1380 2641 1449 magister.
2678 1378 2869 1450 Neque
2912 1380 3020 1433 erit
3050 1377 3186 1449 quid
3216 1386 3372 1433 extra
3399 1377 3599 1431 Deum.

1990 1478 2123 1524 tunc
2174 1469 2616 1535 manifestatum,
2667 1475 2764 1523 aut
2822 1469 2937 1522 Deo
2989 1483 3021 1523 e
3069 1474 3263 1522 contra
3313 1464 3389 1535 (ω)
3440 1464 3582 1520 ima-

1988 1562 2169 1633 ginari
2221 1562 2424 1626 visum,
2465 1568 2526 1616 ut
2566 1559 2801 1631 alicujus
2848 1558 3187 1615 desiderium
3225 1557 3293 1612 ad
3335 1557 3609 1626 scipsum.

295 1194 464 1263 φωτὶ,
493 1192 551 1257 ἐξ
580 1187 641 1247 οὗ
672 1195 767 1246 καὶ
807 1194 993 1257 αὐτοῖς
1026 1194 1088 1248 τὸ
1117 1195 1273 1263 φῶτα
1302 1191 1442 1249 εἶναι
1475 1195 1882 1265 καλυπτόμενα,

294 1289 397 1341 καὶ
428 1274 537 1341 οὐδ’
592 1288 675 1341 ὅτι
725 1287 771 1318 ⁸⁸
810 1286 947 1341 εἰσὶν
992 1286 1117 1340 ὅσον
1174 1287 1428 1358 αἰσθήσει
1479 1287 1882 1359 γνωριζόμενα.

310 1381 439 1434 Ἐπὶ
467 1380 513 1412 ’³
542 1379 680 1433 Θεοῦ
715 1379 773 1433 δὲ
822 1380 915 1432 καὶ
949 1379 1133 1442 πλέον,
1172 1380 1298 1433 ὅσον
1347 1378 1604 1433 ἀκτίστου
1648 1379 1742 1432 καὶ
1779 1397 1888 1433 κτι-

298 1474 446 1527 στῶν
480 1472 709 1543 ἄπειρον
745 1471 807 1525 τὺ
835 1472 998 1543 μέσον
1032 1472 1148 1525 ἐστὶ
1178 1473 1272 1525 καὶ
1299 1472 1585 1543 διάφορον.
1614 1471 1750 1525 Τότε
1777 1470 1887 1541 γὰρ

296 1567 399 1619 καὶ
432 1565 531 1635 τὴν
565 1564 684 1618 κατ’
731 1563 922 1617 οὐσίαν
974 1561 1210 1634 ὓπαρξιν
1255 1562 1364 1615 τῶν
1412 1563 1582 1616 ὄντων
1631 1561 1775 1616 κατὰ
1827 1561 1889 1616 τὸ

294 1657 353 1708 τί
383 1656 476 1708 καὶ
501 1655 620 1719 πῶς
645 1655 739 1708 καὶ
770 1655 863 1708 ἐπὶ
891 1654 938 1686 ³⁸
959 1654 1063 1707 τίνι
1098 1649 1260 1717 εἶναι,
1314 1654 1389 1716 ὼς
1440 1650 1614 1726 οἶμαι,
1676 1652 1886 1725 μανθά-

2009 1654 2161 1710 luere
2192 1653 2266 1725 (ῃ)
2299 1654 2507 1710 erroris
2536 1656 2628 1721 sit,
2678 1652 2938 1709 omnibus
2967 1651 3190 1729 ambitis
3223 1649 3291 1704 ab
3320 1649 3442 1719 ipso
3486 1646 3577 1703 in-

298 1765 488 1810 νοντες
518 1747 655 1819 πρός
696 1765 748 1800 τι
778 1746 986 1814 ἐφετῶς
1040 1745 1121 1800 ἔτι
1167 1746 1311 1802 κατὰ
1365 1748 1567 1815 γνῶσιν
1620 1747 1679 1801 οὐ
1736 1764 1889 1818 κινη-

2009 1746 2375 1817 elligibilibus
2402 1753 2459 1801 et
2501 1746 2860 1802 sensibilibus
2893 1744 3201 1800 secundum
3238 1740 3599 1796 ineffabilem-

299 1836 605 1909 θησόμεθα,
637 1837 737 1907 τῆς
761 1839 992 1892 ἑκάστου
1018 1838 1110 1891 καὶ
1165 1838 1250 1907 ἐφ’
1302 1838 1535 1893 ἑκάστου
1577 1837 1688 1891 τῶν
1751 1836 1892 1908 μετὰ

2014 1838 2168 1908 psius
2201 1836 2705 1893 manifestationem
2753 1846 2809 1892 et
2855 1835 3243 1906 praesentiam;
3296 1833 3442 1887 sicut
3476 1846 3579 1886 ne-

296 1929 438 1981 Θεδν
466 1926 721 1998 γνώσεως
748 1930 878 2001 ἡμῖν
908 1929 1342 2000 περατωθείσης,
1382 1930 1476 1985 καὶ
1524 1930 1623 1999 τῆς
1658 1930 1891 2001 ἀπείρου

2009 1944 2103 2000 lue
2131 1929 2188 1984 in
2224 1928 2315 1985 die
2348 1928 2566 1984 siderea
2594 1928 2804 1983 lumina
2847 1934 2903 1981 et
2936 1926 3053 1995 ipsa
3087 1932 3235 1979 astra
3271 1924 3387 1978 sole
3413 1938 3588 1993 appa-

298 2018 400 2073 καὶ
450 2018 603 2084 θείας
663 2020 758 2073 καὶ
814 2019 1192 2092 ἀπεριλήπτου
1268 2019 1690 2084 ἀπολαυστικῶς
1759 2021 1889 2091 ἡμῖν

2009 2027 2153 2078 rente
2177 2010 2353 2076 multo
2380 2027 2438 2074 et
2467 2018 2891 2090 incomparabili
2923 2016 3134 2072 lumine
3163 2031 3232 2071 ex
3257 2030 3368 2084 quo
3392 2015 3475 2069 eis
3494 2015 3586 2068 lu-

298 2108 587 2177 άναλόγως
618 2109 992 2180 ὑποκειμένης
1035 2127 1095 2162 τε
1130 2110 1299 2181 μόνης
1337 2112 1432 2165 καὶ
1497 2109 1888 2181 μετεχομένης.

2009 2113 2145 2168 mina
2178 2128 2300 2168 esse
2333 2111 2609 2167 occultata
2656 2118 2714 2166 et
2761 2124 2943 2179 neque
2972 2106 3104 2178 quia
3146 2113 3279 2161 sunt
3322 2111 3592 2175 quantum

299 2201 419 2254 Καὶ
446 2200 609 2254 τοῦτό
646 2203 764 2255 ἐστι
804 2201 867 2254 τὸ
892 2202 1036 2255 πάνυ
1068 2200 1533 2272 φιλοσοφούμενον
1581 2202 1721 2255 κατὰ
1771 2200 1895 2254 τοῦ·

2009 2204 2184 2261 ιθιιειιί
2206 2203 2445 2275 cognita.
2473 2202 2535 2259 1n
2562 2203 2676 2258 Deo
2706 2216 2838 2257 vero
2864 2200 2989 2271 plus
3016 2206 3294 2270 quantum.
3311 2198 3457 2252 inter
3479 2210 3594 2250 non

298 2307 397 2345 τον
437 2291 532 2345 τὸν
558 2290 823 2363 θεοφόρον
866 2291 1187 2346 διδάσκαλον
1208 2333 1222 2356 ,
1257 2311 1276 2343 ι
1309 2291 1712 2361 ὲπιγνώσεσθαι
1744 2293 1894 2363 ἡμᾶς

2009 2303 2242 2349 :reatum
2274 2302 2332 2349 et
2371 2299 2618 2348 creatum
2651 2291 2867 2345 inﬁnita
2901 2289 3174 2346 medietas
3209 2296 3296 2343 est
3340 2293 3396 2340 et
3427 2282 3592 2340 diffe—

302 2399 439 2436 ποτε
501 2382 626 2435 ὅσον
678 2380 1025 2453 ἐγνώσμεθα,
1073 2383 1296 2436 ἐπειδάν
1344 2384 1405 2436 τὸ
1450 2381 1683 2447 θεοειδὲς
1735 2382 1894 2436 τοῦτο

2009 2389 2193 2443 rentia.
2235 2387 2392 2443 Tunc
2422 2386 2571 2441 enim
2604 2400 2704 2455 per
2737 2383 3033 2439 essentiam
3080 2395 3275 2438 eorum
3309 2394 3431 2450 qua:
3461 2387 3595 2434 sunt

307 2474 406 2528 καὶ
441 2472 589 2527 θεῖον
619 2474 923 2543 φάσκοντος
958 2474 1048 2528 τὸν
1073 2474 1344 2545 ἡμέτερον
1363 2473 1490 2528 νοῦν
1522 2492 1581 2528 τε
1612 2475 1704 2540 καὶ
1736 2475 1894 2545 λόγον

2009 2477 2412 2535 subsistentiam
2449 2476 2756 2531 secundum
2791 2473 2961 2544 quod,
2998 2471 3159 2543 quid,
3189 2478 3245 2525 et
3289 2468 3590 2540 quomodo,

301 2566 385 2637 τῷ
411 2565 596 2636 οἰκείῳ
622 2564 1043 2636 προσμίξωμεν,
1074 2566 1165 2619 καὶ
1195 2567 1227 2637 ἡ
1257 2563 1425 2621 είκὼν
1447 2565 1646 2639 ἀνέλθῃ
1668 2566 1805 2638 πρὸς
1834 2566 1894 2621 τὸ

2009 2579 2052 2626 at
2079 2569 2133 2623 in
2164 2584 2274 2639 quo
2303 2583 2447 2633 esse,
2483 2577 2545 2621 ut
2572 2567 2834 2632 arbitror,
2864 2565 3127 2629 scientes,
3161 2562 3229 2617 ad
3258 2561 3391 2633 quid
3420 2576 3594 2630 appe-

305 2658 637 2729 ἀρχέτυπον,
705 2651 767 2711 οῦ
818 2656 914 2710 νῦν
972 2656 1085 2728 ἔχει
1140 2659 1237 2728 τὴν
1300 2656 1507 2728 ἔφεσιν.
1539 2678 1559 2710 ι
1599 2657 1738 2729 Περὶ
1795 2656 1894 2728 μὲν

2009 2661 2161 2716 Litum
2223 2659 2408 2714 adhuc
2464 2674 2563 2728 per
2636 2656 3010 2727 cognitionem
3072 2668 3184 2707 non
3246 2650 3594 2727 movebimus

304 2746 404 2803 οῦν
431 2747 528 2801 τοῦ
559 2748 633 2820 μὴ
666 2742 806 2802 εἶναι
860 2749 958 2821 τὴν
1009 2748 1389 2821 Ορυλουμένην
1439 2748 1623 2814 ἐνάδα,
1677 2751 1772 2804 καὶ
1797 2749 1891 2805 τοῦ

2009 2749 2435 2820 uniuscujusque
2482 2756 2539 2803 et
2584 2747 2640 2800 in
2692 2758 3030 2815 unoquoque
3065 2757 3259 2797 eorum
3304 2755 3426 2810 qua:
3469 2748 3595 2808 post

307 2839 431 2903 πῶς
480 2840 601 2893 κατ’
652 2838 890 2911 ἔμφασιν
940 2842 1005 2894 ὲκ
1052 2841 1160 2894 τῶν
1212 2839 1306 2895 νῦν
1357 2842 1488 2912 ἡμῖν
1530 2841 1767 2911 ἐφικτῶν
1793 2841 1892 2911 τῆς

2009 2841 2170 2897 Deum
2200 2847 2331 2894 sunt
2360 2839 2675 2910 cognitione
2705 2836 2870 2891 nobis
2891 2841 3272 2890 consummata
3294 2842 3352 2886 et
3381 2829 3605 2886 infinita.

309 2931 538 3003 Γραφῆς
565 2931 854 3001 νοημάτων
903 2949 964 2985 τε
1004 2933 1100 2986 καὶ
1148 2931 1431 3004 λογισμῶν
1490 2931 1642 2985 ἔσται
1693 2934 1727 3004 ἡ
1784 2932 1894 2985 τῶν

2009 2948 2063 2988 ac
2125 2931 2314 2986 divina
2371 2938 2430 2986 et
2496 2926 3046 3000 incomprehensibili
3102 2925 3389 2980 fructuose
3432 2920 3609 2977 nobis

312 3024 623 3095 μελλόντων
680 3023 1039 3089 κατάστασις,
1092 3023 1335 3095 εἰρήσθω
1404 3024 1595 3080 ταῦτα.
1650 3024 1788 3097 Περὶ
1837 3024 1895 3078 δὲ

2009 3022 2487 3094 proportionaliter
2524 3021 2805 3093 proposita
2852 3019 3143 3075 mansione
3191 3027 3247 3073 et
3289 3016 3593 3087 participa-

306 3113 410 3167 τοῦ
444 3113 562 3177 πῶς
595 3115 759 3184 μοῖρα
797 3114 948 3176 ὄντες
980 3112 1117 3166 Θεοῦ
1160 3113 1517 3185 άπερῤύημεν
1546 3113 1681 3166 Θεοῦ
1731 3116 1896 3185 ἡγου-

2009 3115 2171 3170 tione.
2219 3115 2287 3168 Et
2332 3115 2441 3177 hoc
2478 3121 2562 3169 est
2603 3110 2752 3183 quod
2798 3110 2960 3165 valde
3011 3108 3465 3180 philosophatum
3512 3114 3600 3162 est

314 3208 483 3278 μένου
517 3204 769 3259 ἐντεῦθεν
793 3206 885 3259 τὸν
917 3205 1077 3274 λόγον
1112 3208 1432 3278 ποιήσομαι.

2009 3206 2308 3266 secundum
2359 3204 2633 3260 deiferum
2700 3203 2851 3257 hunc
2900 3200 3222 3271 magistrum
3281 3198 3597 3260 dicentem,

320 3318 340 3351 ι
382 3296 804 3368 eognoscituros
860 3311 965 3351 nos
1009 3296 1344 3366 quandoque
1374 3305 1639 3366 quantum
1692 3294 1899 3367 cogniti
1941 3312 2158 3361 sumus,
2195 3311 2319 3350 cum
2357 3294 2627 3351 deiforme
2658 3294 2785 3359 hoc,
2821 3301 2878 3347 et
2908 3293 3160 3347 divinum
3195 3300 3447 3347 nostrum
3477 3292 3605 3346 ani-

313 3405 468 3444 mum
495 3398 550 3443 et
584 3388 853 3442 rationem
882 3387 1110 3457 proprio
1137 3387 1585 3453 admiscebimus,
1620 3397 1676 3442 et
1723 3389 1905 3459 imago
1943 3397 2258 3445 revertetur
2287 3387 2352 3442 ad
2384 3386 2691 3457 principale
2758 3383 3072 3454 exemplum
3104 3384 3264 3456 cujus
3325 3397 3475 3436 nunc
3500 3381 3604 3438 ha-

313 3481 413 3535 bet
436 3480 765 3550 appetitum.
793 3497 811 3530 »
850 3479 927 3534 De
956 3495 1022 3534 eo
1056 3480 1223 3549 igitur
1250 3480 1395 3550 quod
1437 3496 1548 3534 non
1589 3479 1659 3534 sit
1688 3480 1977 3551 dispertita
2015 3483 2202 3537 unitas
2235 3489 2291 3537 et
2317 3478 2595 3551 quomodo
2625 3476 2931 3532 secundum
2953 3475 3232 3542 ,notitiam
3267 3490 3334 3531 ex
3363 3475 3602 3545 possibi-

314 3572 467 3627 libus
500 3587 647 3627 nunc
713 3571 873 3626 nobis
910 3572 1203 3643 scripturae
1249 3573 1625 3628 intellectibus
1655 3581 1711 3627 et
1756 3572 2228 3643 disputationibus
2259 3573 2367 3627 erit
2430 3571 2983 3651 futurorum‘status
3028 3567 3240 3627 dictum
3287 3573 3371 3622 est
3415 3566 3604 3621 hacte-

317 3682 461 3733 nus;
501 3666 569 3721 de
600 3676 821 3721 eo‘vero
852 3667 1132 3736 quomodo
1174 3667 1304 3722 dum
1343 3684 1470 3738 pars
1513 3668 1609 3723 Dei
1654 3668 1847 3735 simus,
1877 3684 1907 3724 a
1946 3669 2062 3724 Deo
2097 3667 2438 3733 reﬂuximus,
2485 3665 2600 3719 Deo
2624 3664 2802 3726 duce,
2850 3662 2983 3717 hinc
3016 3675 3329 3718 sermonem
3379 3659 3599 3716 faciam.

392 3759 489 3821 Τίς
517 3758 628 3830 γὰρ
652 3758 799 3829 λόγῳ
832 3758 991 3821 εἰδὼς
1048 3760 1143 3812 καὶ
1181 3758 1347 3831 σοφίᾳ
1399 3759 1467 3813 τὰ
1517 3759 1646 3814 ὄντα
1710 3763 1774 3814 ἐκ
1821 3760 1907 3814 τοῦ

2089 3760 2227 3827 Quis
2259 3758 2407 3814 enim
2456 3755 2673 3811 ratione
2717 3752 3078 3810 considerans
3123 3758 3181 3807 et
3223 3750 3494 3821 sapientia
3534 3766 3601 3807 ea

324 3838 405 3922 μῆ
433 3850 585 3913 ὄντος
625 3849 778 3919 παρὰ
821 3848 957 3903 Θεοῦ
994 3851 1073 3916 εἰς
1108 3851 1168 3904 τὸ
1200 3846 1341 3905 εἶναι
1387 3851 1689 3924 παρῆχθαι,
1750 3853 1799 3906 εἰ
1845 3854 1909 3925 τῇ

255 3941 259 3946 ’
323 3942 573 4014 φυσικῶν
618 3944 728 3996 τῶν
780 3943 953 3996 ὄντων
1012 3943 1227 4015 ἀπείρῳ
1281 3943 1517 4016 διαφορᾷ
1571 3962 1631 3998 τε
1674 3946 1767 3999 καὶ
1802 3962 1916 3997 ποι-

323 4036 473 4106 κιλίᾳ
495 4036 783 4108 ἐμφρόνως
821 4036 1005 4107 (123
1038 4035 1093 4104 a)
1145 4035 1208 4088 τὸ
1240 4036 1339 4106 τῆς
1367 4036 1549 4107 ψυχῆς
1581 4036 1913 4107 Θεωρητικὺν

323 4130 697 4202 προσαγάγοι,
748 4128 845 4182 καὶ
886 4126 963 4197 τῷ
1015 4125 1348 4198 ὲξεταστικῷ
1379 4128 1748 4200 συνδιακρίνοι
1769 4127 1914 4198 λόγῳ

322 4221 448 4275 κατ’
500 4221 745 4274 ἐπίνοιαν
797 4220 888 4273 τὸν
934 4218 1057 4274 καθ’
1085 4219 1143 4272 ὃν
1183 4218 1514 4290 ἐκτίσθησαν
1570 4219 1749 4287 λόγον,
1791 4217 1914 4289 οὐχὶ

323 4311 557 4373 πολλοὺς
593 4310 800 4364 εἴσεται
840 4310 1033 4380 λόγους
1063 4310 1155 4363 τὸν
1183 4310 1280 4363 ἕνα.
1312 4310 1495 4378 λόγον,
1518 4311 1585 4380 τῇ
1615 4307 1725 4362 τῶν
1752 4325 1912 4378 γεγο-

323 4403 498 4456 νότων
562 4401 1427 4474 όιδιαιρέτῳ(συνδιακρινόμενον
1494 4400 1760 4472 διαφορᾷ,
1825 4399 1919 4454 διὰ

320 4498 423 4567 τὴν
449 4495 629 4550 αὐτῶν
674 4497 810 4567 πρὸς
852 4496 1061 4568 ἄλληλά
1112 4513 1171 4549 τε
1228 4495 1322 4549 καὶ
1385 4493 1555 4548 ἑαυτὰ
1607 4492 1915 4564 άσύγχυτον

326 4586 610 4658 ἰδιότητα;
668 4588 777 4641 Καὶ
830 4588 993 4641 πάλιν
1052 4587 1148 4640 ἕνα
1198 4588 1324 4649 τοὺς
1369 4585 1620 4649 πολλοὺς,
1663 4587 1734 4656 τῇ
1779 4583 1919 4656 πρὸς

323 4676 493 4731 αὐτὸν
521 4676 632 4731 τῶν
664 4679 884 4733 πάντων
912 4680 1161 4750 ἀναφορᾷ
1185 4676 1253 4733 δι’
1278 4677 1473 4731 ἑαυτὸν
1507 4678 1555 4710 ’⁸
1591 4675 1919 4747 ἀσυγχύτως

326 4769 684 4839 ὑπάρχοντα,
742 4772 988 4826 ὲνούσιόν
1033 4789 1091 4825 τε
1147 4771 1242 4825 καὶ
1293 4768 1661 4824 ἔνυπόστατον
1719 4770 1765 4801 ⁸⁸
1818 4768 1916 4823 τοῦ

326 4859 470 4913 Θεοῦ
503 4860 597 4914 καὶ⁹
625 4861 842 4933 Πατρὸς
871 4862 1004 4916 Θεὸν
1031 4863 1223 4931 Λόγον,
1253 4862 1331 4926 ὡς
1373 4860 1549 4934 ἀρχὴν
1590 4861 1685 4914 καὶ
1734 4862 1917 4916 αἰτίαν

325 4947 439 5001 τῶν
467 4948 627 5016 ὅλων,
677 4951 748 5004 ἐν
784 4943 833 5018 ᾧ
879 4952 1128 5021 ἐκτίσθη
1185 4952 1259 5007 τὰ
1307 4951 1507 5007 πάντα
1556 4953 1628 5007 τὰ
1673 4951 1744 5006 ἐν
1792 4952 1918 5018 τοῖς

328 5038 614 5107 στεφανοῖς
662 5041 761 5095 καὶ
806 5040 877 5095 τὰ
912 5040 1008 5094 ἐπὶ
1055 5039 1167 5110 τῆς
1198 5039 1331 5111 γῆς,
1387 5040 1508 5095 εἴτε
1542 5040 1744 5109 ὁρατὰ,
1796 5041 1918 5096 εἴτε

2016 3862 2138 3922 qnae
2168 3858 2317 3917 sunt,
2356 3848 2426 3903 ab
2452 3863 2527 3903 eo
2555 3845 2703 3917 quod
2726 3860 2839 3901 non
2862 3852 2947 3901 est
2975 3860 3004 3898 a
3024 3843 3139 3899 Deo
3173 3843 3231 3897 in
3260 3841 3317 3897 id
3347 3841 3496 3912 quod
3515 3850 3605 3897 est

2015 3943 2360 4006 transducta,
2395 3940 2438 3997 si
2466 3956 2565 4012 per
2586 3938 2894 3994 naturalem
2927 3946 3129 3992 eorum
3155 3949 3281 4005 qua:
3307 3940 3439 3989 sunt
3469 3932 3601 3988 inﬁ-

2016 4035 2190 4091 uitam
2228 4032 2603 4091 differentiam
2634 4038 2692 4086 et
2717 4028 3041 4085 varietatem
3074 4025 3380 4096 prudenter
3406 4023 3616 4079 animae
3722 4036 3727 4041 '

2017 4126 2508 4197 contemplativum
2554 4122 2896 4187 adduceret,
2940 4127 2997 4174 et
3018 4116 3339 4189 inquisitiva
3377 4115 3607 4173 condis-

2014 4227 2267 4277 cerneret
2324 4218 2539 4273 ratione
2598 4231 2700 4288 per
2761 4211 3222 4283 intelligentiam,
3297 4205 3610 4265 secundum

2015 4328 2181 4382 quam
2212 4318 2403 4367 creata
2426 4316 2556 4364 sunt
2590 4321 2837 4370 causam,
2871 4319 2985 4359 non
3014 4303 3218 4357 multas
3242 4309 3609 4372 cognosceret

2016 4414 2214 4455 causas
2248 4415 2414 4453 unam
2438 4411 2666 4453 causam
2694 4409 2891 4450 eorum
2924 4406 3059 4461 quae;
3076 4390 3218 4446 facta
3254 4398 3385 4446 sunt
3408 4387 3480 4460 (ε)
3519 4388 3606 4444 in-

2017 4491 2406 4564 separabiliter
2430 4489 2836 4545 condiscretam
2862 4483 3231 4539 differentiam
3264 4498 3365 4553 per
3407 4495 3604 4536 eorum

2017 4594 2074 4640 et
2102 4584 2247 4639 inter
2276 4599 2334 4637 se
2358 4581 2595 4636 invicem
2623 4588 2679 4634 et
2701 4594 2759 4633 se
2788 4578 2904 4649 ipsa
2926 4574 3274 4631 inconfusam
3296 4573 3607 4645 proprieta-

2020 4687 2165 4734 tem:
2198 4685 2254 4733 et
2281 4677 2485 4732 iterum
2513 4687 2682 4728 unam
2726 4671 2961 4735 multas,
2994 4667 3243 4723 omnium
3270 4665 3340 4722 ad
3374 4664 3613 4737 (a).eamv

2019 4770 2290 4843 relatione
2340 4783 2438 4839 per
2489 4764 2563 4838 (b)
2612 4764 2855 4834 scipsum
2916 4759 3211 4817 inconfuse
3270 4758 3623 4823 subsistens,,

2020 4859 2513 4918 unum-essentiale
2532 4866 2588 4913 et
2617 4851 3189 4911 unum-substantiale
3206 4850 3305 4906 Dei
3336 4859 3396 4906 et
3423 4849 3607 4905 Patris

2020 4954 2196 5010 Deum
2228 4951 2493 5015 Verbum,
2524 4947 2726 5003 merito
2768 4944 3105 5017 principium
3141 4951 3444 4998 etcausam
3482 4956 3609 5005 om-

2023 5042 2199 5108 nium,
2230 5043 2288 5096 in
2321 5057 2424 5112 quo
2451 5047 2632 5094 creata
2659 5044 2784 5093 sunt
2811 5037 2991 5091 omnia
3019 5049 3136 5105 qua:
3162 5033 3217 5086 in
3240 5031 3381 5086 caelis
3409 5038 3457 5083 et
3486 5046 3609 5100 qua:

330 5126 577 5196 ἀόρατα,
602 5129 724 5184 site
764 5131 987 5200 θρόνοι,
1018 5130 1139 5185 εἴτε
1168 5131 1535 5201 κυριότητες,
1565 5131 1685 5185 εῖτε
1711 5131 1907 5200 ἀρχαι,

2018 5133 2073 5188 in
2104 5143 2269 5199 terra,
2292 5132 2400 5187 sive
2425 5129 2670 5196 visibilia,
2686 5130 2792 5183 sive
2815 5124 3120 5189 inuisibilia,
3147 5128 3255 5178 sive
3279 5123 3476 5188 throni,
3497 5124 3613 5177 sive

1646 5243 1882 5300 VARI/['3
1924 5243 2332 5301 LECTIONES.

420 5361 467 5393 ”
495 5359 556 5414 οὐ
607 5360 677 5413 δι’
709 5363 791 5416 ὅτι
843 5363 968 5419 cod.
1013 5363 1154 5420 Gud.

1247 5364 1293 5397 9'
1351 5364 1412 5416 El
1445 5364 1534 5418 ed.
1572 5363 1712 5421 Gal..
1740 5364 2025 5420 mendose.

2118 5363 2165 5398 ”
2187 5359 2327 5418 εἴναι
2355 5376 2458 5432 pro
2486 5359 2581 5413 ἐπὶ
2613 5356 2876 5413 mendose
2902 5354 3073 5410 habet
3101 5352 3192 5410 ed.
3224 5350 3348 5407 Gal.
3458 5349 3507 5383 ⁸³
3535 5348 3617 5402 δι’

335 5429 547 5486 ἑαυτῶν
572 5431 664 5486 ed.
700 5433 819 5489 Gal.
878 5435 923 5467 ⁸⁸
950 5435 1192 5489 ὲνούσιόν
1219 5452 1275 5488 τε
1311 5436 1404 5487 καὶ
1443 5435 1806 5488 ἐνυπόστατον
1829 5434 1919 5490 ed.
1954 5435 2073 5491 Gal.

1852 5553 2075 5612 NOTAE.

412 5646 492 5787 (σεξ
531 5647 674 5716 Lege
702 5646 1048 5714 wquiparari.
1093 5644 1293 5717 (Gale.)

415 5719 469 5787 (ῃ
520 5717 741 5787 Legisse
763 5715 963 5771 Scotus
985 5716 1207 5771 videtur
1231 5717 1293 5770 δο

342 5715 490 5861 (ἐξ)
520 5717 741 5847 Legisse
763 5715 963 5771 Scotus
985 5715 1207 5771 videtur
1231 5717 1477 5791 δολιάσῃ.
1499 5718 1660 5772 Verte
1680 5715 1913 5771 alliceat.

415 5805 443 5842 a
471 5804 522 5842 e.

418 5849 488 5920 (ἐ)
522 5858 736 5914 Mallem
759 5857 1044 5922 indivisim,
1090 5856 1444 5926 άδιαιρέτως,
1489 5858 1915 5920 cumdiscrrtam,

2026 5646 2063 5701 i.
2086 5661 2137 5700 ο.
2174 5645 2561 5699 cocxisleutem.
2591 5641 2790 5711 (Gale.,

2121 5715 2175 5783 a)
2210 5715 2354 5785 Lege
2382 5729 2519 5785 eum.
2554 5710 2751 5785 (G_al_e.)

2121 5720 2175 5783 a)
2210 5720 2354 5785 Lege
2382 5729 2519 5767 eum.
2554 5720 2751 5783 (Gale.)

2099 5720 2173 5859 ib)
2205 5785 2361 5856 Legit
2391 5784 2590 5840 Scotus
2608 5782 2677 5838 δι’
2710 5778 2923 5850 ἑαυτὸν,
2958 5776 3105 5850 quod
3136 5776 3335 5851 probo.
3362 5774 3575 5849 (Cf-ale.)
