3998 6368
531 435 673 504 1079

1697 444 1757 504 S;
1797 441 2090 505 ΜΑΧῙΜῙ
2127 444 2641 505 CONFESSORIS

3641 442 3750 511 1030

529 557 943 626 dominationes,
971 561 1078 614 sive
1121 561 1476 632 principatus,
1508 563 1616 616 sive
1658 571 1965 634 potestates,
1996 550 2114 616 om:

2220 561 2338 614 εἴτε
2394 561 2691 627 ἐξουσίαι,
2759 557 2956 614 πάντα
3013 558 3083 624 ἐξ
3136 555 3327 612 αὐτοῦ
3375 555 3472 612 καί
3499 557 3570 614 δι’
3601 561 3755 618 αὐτοῦ

534 650 716 708 niuea:
757 650 892 721 ipso,
935 660 989 704 et
1021 667 1115 722 per
1139 652 1338 724 ipsum,
1385 662 1434 706 et
1459 654 1515 706 in
1555 656 1668 724 ipso
1697 665 1878 708 creata
1919 652 2112 712 sunt‘.

449 817 452 822 _
529 738 738 796 Causas
769 741 921 796 enim
953 755 1145 796 eorum
1192 756 1315 812 quas
1369 742 1512 798 facta
1562 748 1690 799 sunt
1723 744 1940 800 habens
1985 754 2114 799 ante

533 834 734 889 saecula
784 835 1255 905 praesubstitutas,
1294 837 1580 893 voluntate
1627 838 1769 893 bona
1806 837 2112 894 secundum

537 941 634 981 cas
654 925 932 981 visibilem
962 936 1019 982 et
1056 927 1394 984 invisibilem
1429 943 1498 984 ex
1519 945 1631 984 non
1648 929 1952 986 exsistente
1977 929 2112 984 sub-

541 1017 724 1072 stituit
740 1026 1072 1086 creaturam,
1095 1019 1306 1074 ratione
1328 1026 1385 1074 et
1413 1019 1685 1090 sapientia
1700 1019 1887 1074 omnia
1919 1034 2115 1074 secun-

541 1109 674 1165 dum
707 1119 1082 1182 opportunum
1116 1120 1336 1182 tempus
1373 1120 1430 1167 et
1471 1112 1605 1167 fecit
1643 1119 1700 1167 et
1730 1111 1883 1177 facit,
1914 1120 1970 1166 et
1991 1125 2114 1180 quae

539 1200 926 1256 universaliter
957 1210 1088 1256 sunt
1102 1211 1158 1258 et
1171 1217 1297 1272 qua:
1317 1217 1416 1272 per
1435 1202 1670 1274 singula.
1709 1202 1943 1258 Causam
1961 1203 2111 1258 enim

533 1291 856 1362 angelorum
892 1293 1192 1349 creationis
1222 1293 1562 1364 praeduxisse
1591 1294 1870 1350 credimus
1890 1309 2113 1349 causam

533 1381 972 1454 uniuscujusque
1015 1383 1411 1453 complentium
1460 1382 1726 1438 mundum
1787 1382 1882 1453 qui
1946 1396 2116 1452 super

532 1488 637 1529 nos
660 1484 764 1540 est,
798 1475 1162 1530 essentiarum
1195 1483 1253 1530 et
1279 1476 1574 1540 virtutum;
1627 1477 1898 1530 rationem
1931 1473 2114 1527 homi-

532 1578 666 1618 num
695 1565 966 1619 rationem
989 1564 1422 1635 uniuscujusque
1451 1579 1517 1620 ex
1541 1564 1655 1618 Deo
1675 1577 1797 1618 esse
1835 1562 2115 1632 accipien-
2154 1560 2161 1566 ’

533 1656 695 1719 tium,
721 1665 912 1711 utnon
946 1671 1046 1726 per
1076 1653 1289 1727 singula
1323 1657 1524 1722 dicam,
1553 1654 1824 1726 siquidem
1848 1654 1964 1726 ipse
1991 1651 2117 1708 inil-

527 1748 645 1802 ni-te
667 1763 764 1816 per
784 1749 1029 1818 seipsum
1049 1748 1523 1818 supereminentia
1555 1747 1688 1804 dum
1724 1749 1797 1804 sit
1819 1747 2116 1802 ineﬂabilis

530 1849 588 1894 et
632 1840 1090 1912 inintelligibilis,
1152 1849 1210 1896 et
1262 1842 1444 1898 omnis
1499 1857 1714 1897 summa
1749 1849 2018 1896 creaturae
2060 1847 2116 1894 et

532 1933 846 1987 exsistentis
885 1948 992 2003 per
1049 1933 1285 2005 seipsam
1345 1943 1402 1989 et
1456 1934 1752 1990 intellectae
1783 1932 2114 1988 diﬂ‘erentiae
2147 1903 2189 1964 Β

531 2033 590 2080 et
616 2024 1004 2091 discretionis,
1043 2026 1288 2096 seipsum
1345 2026 1403 2080 in
1437 2025 1696 2082 omnibus
1722 2067 1736 2090 ,
1793 2040 1918 2097 qua:
1949 2040 2017 2080 ex
2046 2039 2114 2078 eo

534 2124 702 2180 sunt,
744 2117 1087 2189 singulorum
1137 2117 1446 2190 analogiam
1496 2117 1640 2173 bene
1669 2133 1735 2172 ac
1775 2117 2007 2186 pulchre
2043 2115 2112 2184 (ε)

535 2207 836 2264 ostendens
856 2208 1326 2278 etmultiplicans,
1351 2217 1407 2264 et
1434 2209 1490 2264 in
1519 2224 1578 2265 se
1601 2209 1780 2280 ipsum
1810 2209 1994 2264 omnia
2031 2223 2118 2262 re-

535 2297 868 2368 capitulans,
903 2314 1004 2369 per
1034 2315 1198 2370 quem
1229 2308 1286 2355 et
1315 2313 1439 2355 esse
1481 2311 1539 2356 et
1575 2314 1920 2371 permanere,
1963 2309 2020 2354 et
2049 2314 2116 2354 ex

535 2405 648 2460 quo
668 2406 790 2462 qua:
821 2391 1006 2463 genita
1050 2400 1181 2447 sunt
1207 2400 1264 2447 et
1297 2392 1573 2448 manentia
1613 2401 1670 2448 et
1713 2400 1860 2448 mota
1887 2391 2116 2462 partici-

534 2493 668 2553 pant
696 2484 893 2538 Deum.
937 2482 1133 2540 Omnia
1177 2485 1325 2540 enim
1355 2483 1713 2556 participant,
1765 2499 1834 2540 eo
1857 2485 2006 2554 quod
2047 2499 2115 2538 ex

533 2574 649 2630 Deo
675 2574 816 2632 facta
851 2585 1001 2641 sunt,
1052 2578 1542 2648 proportionaliter
1590 2579 1787 2641 Deum,
1845 2579 1960 2633 sive
2021 2593 2118 2648 per

535 2665 900 2731 intellectum,
930 2667 1046 2722 sive
1075 2667 1368 2734 rationem,
1401 2667 1516 2723 sive
1542 2683 1788 2730 sensum,
1838 2667 1953 2722 sive
1995 2683 2118 2724 mo-

437 2751 448 2760 ’
535 2765 655 2811 tum
678 2757 924 2822 vitalem,
964 2759 1081 2814 sive
1105 2758 1458 2814 essentialem
1478 2758 1728 2814 habitum
1761 2765 1820 2816 et
1849 2767 2121 2830 opportu-

533 2846 790 2912 nitatem,
817 2856 879 2903 ut
905 2865 1104 2920 magno
1125 2858 1182 2905 et
1207 2850 1400 2905 divino
1425 2850 1828 2906 manifestatori
1853 2851 2119 2922 Dionysio

534 2942 756 2998 videtur
785 2943 1151 3014 Areopagitae.
1199 2941 1598 3015 Unusquisque
1627 2959 1759 3014 ergo
1790 2943 2116 3014 intelligibi-

536 3035 674 3089 lium
720 3043 778 3090 et
825 3034 1240 3090 rationabilium
1271 3035 1592 3104 angelorum
1625 3042 1681 3088 et
1701 3021 1989 3090 hominum
2022 3048 2122 3102 per

535 3141 660 3180 cam
683 3141 793 3196 qua
827 3134 1049 3182 creatus
1073 3134 1159 3182 est
1185 3126 1486 3194 rationem,
1518 3141 1626 3196 qua
1649 3126 1706 3180 in
1731 3126 1845 3180 Deo
1867 3134 1952 3180 est
1970 3133 2028 3179 et
2050 3122 2118 3178 ad

2213 651 2316 706 καί
2343 654 2431 717 είς
2466 649 2655 705 αὐτὸν
2680 650 2968 704 ἔκτισται.
2996 649 3138 712 Τοὺς
3174 647 3286 719 γάρ
3317 647 3508 717 λόγους
3553 649 3650 702 τῶν
3682 666 3755 719 γε·

2213 748 2450 817 γονάτων
2506 747 2647 819 ἔχων
2703 745 2810 818 πρὸ
2861 745 2972 800 τῶν
3035 743 3250 799 αἰώνων
3303 743 3612 814 ὑφεστῶτας
3659 744 3758 814 βου·

2211 839 2368 912 λήσει
2414 839 2592 910 ἀγαθῇ
2647 837 2769 893 κατ’
2823 837 3023 902 αὐτοὺς
3051 837 3153 906 τήν
3182 851 3240 888 τε
3268 833 3470 906 όρατὴν
3505 835 3594 887 καὶ
3619 836 3757 906 ἀόρα-

2211 947 2306 986 τον
2347 932 2413 985 ὲκ
2469 929 2568 985 τοῦ
2618 929 2695 1001 μὴ
2745 928 2898 990 ὄντος
2929 927 3280 998 ὑπεστήσατο
3307 925 3504 989 κτίσιν,
3533 923 3662 996 λόγῳ
3683 928 3760 981 καὶ

2214 1023 2378 1096 σοφίᾳ
2427 1022 2499 1077 τὰ
2547 1023 2728 1077 πάντα
2771 1019 2915 1074 κατά
2949 1018 3045 1072 τὸν
3089 1017 3283 1071 δέοντα
3329 1014 3522 1086 χρόνον
3562 1019 3760 1085 ποιήσας

2212 1131 2273 1168 τε
2305 1113 2402 1168 καὶ
2434 1111 2624 1178 ποιῶν,
2663 1111 2732 1164 τὰ
2755 1109 2988 1164 καθόλου
3012 1125 3074 1162 τε
3104 1107 3200 1161 καὶ
3235 1105 3308 1160 τὰ
3369 1103 3491 1158 καθ’
3543 1103 3759 1160 ἕκαστον.

2215 1207 2390 1276 Λόγον
2445 1205 2556 1275 γὰρ
2613 1202 2868 1272 ἀγγέλων
2920 1199 3290 1273 δημιουργίας
3333 1195 3764 1269 προκαθηγεῖσθαι

2215 1297 2570 1368 πιστεύομεν,
2620 1295 2780 1364 λόγον
2831 1293 3071 1362 ἑκάστης
3102 1291 3214 1345 τῶν
3247 1286 3670 1360 συμπληρουσῶν
3693 1288 3766 1340 τδν

2215 1392 2328 1447 ἀνω
2355 1391 2560 1461 κόσμον
2587 1388 2786 1442 οὐσιῶν
2822 1387 2918 1441 καὶ
2947 1386 3254 1454 δυνάμεων,
3288 1382 3452 1450 λόγον
3483 1380 3763 1451 ἀνθρώπων,

2215 1483 2376 1552 λόγον
2408 1481 2614 1544 παντὸς
2651 1479 2700 1514 ’τ
2738 1479 2850 1532 τῶν
2899 1479 2966 1532 ὲκ
3011 1475 3150 1530 Θεοῦ
3203 1474 3265 1528 τὺ
3319 1469 3462 1526 εἶναι
3508 1471 3765 1533 λαϐόντων,

2216 1576 2308 1630 ἵνα
2335 1573 2410 1644 μὴ
2439 1573 2508 1627 τὰ
2532 1571 2656 1626 καθ’
2689 1570 2922 1625 ἕκαστον
2947 1567 3114 1636 λέγω,
3145 1565 3238 1618 τὸν
3260 1563 3429 1618 αὑτὸν
3463 1561 3558 1632 μὲν
3587 1560 3765 1631 ἀπεέρφ

2215 1667 2282 1720 δι’
2306 1663 2498 1720 ἑαυτὸν
2527 1663 2770 1734 ὑπεροχῇ
2806 1661 3087 1732 ἄφραστον
3119 1657 3250 1711 ὄντα
3283 1654 3392 1709 καὶ·
3411 1651 3765 1720 ἀκατανόητσν,

2215 1758 2313 1829 καὶ
2363 1757 2545 1827 πάσης
2598 1755 2858 1808 ἐπέκεινα
2902 1751 3156 1815 κτίσεως,
3197 1748 3296 1802 καὶ
3326 1747 3428 1816 τῆς
3464 1745 3583 1799 κατ’
3631 1745 3768 1814 αὐτὴν

2216 1850 2386 1922 οὔσης
2440 1849 2537 1903 καὶ
2581 1846 2881 1918 νοουμένης
2911 1843 3175 1914 διαφορᾶς
3207 1841 3303 1894 καὶ
3333 1837 3670 1910 διακρίσεως,
3695 1836 3768 1890 καὶ

2215 1943 2307 1998 τὸν
2337 1941 2501 1997 αὑτὸν
2523 1942 2582 1994 ὲν
2614 1939 2750 1994 πᾶσι
2775 1938 2890 2000 τοῖς
2921 1935 2982 2000 ἐξ
3016 1929 3194 1988 ἀὑτοῦ
3237 1931 3382 1986 κατά
3428 1929 3528 2000 τὴν
3571 1927 3766 1980 ἑκάστου

2213 2035 2509 2104 ἀναλογίαν
2551 2027 2965 2102 ἀγαθοπρεπῶς
3015 2025 3198 2099 (123
3237 2022 3289 2094 b)
3343 2021 3683 2090 δεικνύμενόν
3723 2036 3767 2073 τε

2215 2131 2314 2185 καῖ
2344 2126 2772 2197 πληθυνόμενον,
2795 2120 2892 2180 καὶ
2917 2120 2996 2183 είς
3019 2117 3211 2172 ἑαυτὸν
3260 2115 3345 2170 τὰ·
3389 2114 3568 2168 πάντα
3608 2112 3768 2164 ἀνακεο

2216 2219 2637 2289 φαλαιούμενον,
2664 2213 2790 2269 καθ’
2829 2212 2888 2267 ὃν
2913 2211 2976 2266 τό
3003 2228 3063 2264 τε
3103 2205 3364 2263 εἶναικαὶ
3404 2204 3468 2259 τὸ
3509 2202 3769 2274 διαμένειν,

2216 2317 2313 2370 καὶ
2339 2313 2400 2380 ἐξ
2433 2307 2498 2368 οῦ
2523 2311 2594 2366 τὰ
2617 2308 2880 2381 γεγονότα
2911 2306 2986 2370 ὡς
3013 2305 3230 2375 γέγονε,
3265 2301 3366 2356 καὶ
3401 2299 3487 2368 ἐφ’
3593 2297 3768 2366 γέγονε.

2217 2407 2314 2462 καὶ
2373 2405 2604 2477 μένοντα
2659 2401 2757 2455 καὶ
2800 2397 3101 2468 κινούμενα
3149 2393 3372 2467 μετέχει
3424 2388 3582 2445 Θεοῦ.
3623 2387 3772 2442 Πάντα

2217 2500 2329 2572 γὰρ
2363 2496 2584 2570 μετέχει
2602 2493 2692 2550 διὰ
2734 2493 2797 2546 τὸ
2835 2493 2900 2546 ὲκ
2929 2489 3069 2544 Θεοῦ
3115 2484 3457 2557 γεγενῆσθαι
3479 2525 3495 2549 ,
3535 2481 3771 2548 ἀναλόγως

2219 2589 2380 2654 Θεοῦ,
2407 2589 2443 2660 ἢ
2501 2585 2644 2642 κατά
2667 2583 2815 2648 νοῦν,
2848 2583 2882 2654 ἢ
2913 2579 3152 2652 λόγον,ἢ
3183 2579 3469 2650 αἴσθησιν,
3519 2576 3552 2646 ἢ
3598 2574 3773 2642 κίνησιν

2221 2680 2498 2752 ζωτικὴν,
2551 2678 2585 2749 ἢ
2641 2674 2878 2746 οὐσιώδη
2939 2673 3034 2728 καλ⁸
3091 2670 3320 2740 ἑκτικὴν
3369 2667 3770 2738 ἐπιτηδειότητα,

2220 2773 2296 2837 ῶς
2330 2771 2410 2843 τῷ
2441 2770 2668 2844 μεγάλῳ
2701 2767 2797 2822 καὶ
2845 2765 3166 2835 Θεοφάντορι
3216 2760 3490 2830 Διονυσίῳ
3546 2757 3683 2811 δοκεῖ
3716 2752 3774 2822 τῷ

2234 2863 2626 2934 ³Δρεοπαγίτῃ.
2654 2855 2930 2914 Ἕκαστον
2965 2852 3060 2912 οῦν
3078 2854 3190 2910 τῶν
3211 2853 3424 2923 νοερῶν
3453 2868 3511 2905 τε
3543 2848 3633 2904 καὶ
3657 2849 3774 2914 λογι-

2221 2957 2336 3014 κῶν
2361 2953 2612 3026 ἀγγέλων
2640 2969 2702 3006 τε
2753 2951 2848 3005 καὶ
2899 2945 3208 3019 ἀνθρώπων
3263 2943 3421 3014 αὐτῷ
3465 2941 3544 3012 τῷ
3587 2938 3694 2993 καθ’
3730 2937 3774 2990 ὃν

2222 3045 2452 3117 ἐκτίσθη
2503 3044 2652 3116 λόγῳ
2699 3041 2781 3114 τῷ
2836 3042 2894 3094 ὲν
2963 3037 3046 3110 τῷ
3107 3035 3231 3106 Θεῷ
3289 3034 3450 3099 όντι,
3517 3031 3609 3086 καὶ
3667 3027 3774 3099 πρὸς

2222 3141 2316 3197 τὸν
2365 3139 2500 3194 Θεὸν
2549 3137 2686 3200 ὄντι,
2751 3135 2917 3206 μοῖρα
2961 3132 3058 3186 καὶ
3104 3129 3324 3198 λέγεται
3375 3128 3476 3182 καὶ
3514 3126 3624 3180 ἔστι
3647 3120 3774 3180 Θεοῦ.

533 3218 711 3274 Deum
740 3225 846 3282 est,
879 3233 1009 3288 pars
1047 3224 1134 3273 est
1161 3225 1220 3272 et
1247 3217 1456 3272 dicitur
1484 3217 1581 3272 Dei
1624 3232 1724 3287 per
1763 3231 1918 3305 suam
1961 3224 2118 3271 ante-

2221 3233 2311 3288 διά
2343 3233 2436 3286 τὸν
2459 3227 2625 3286 αὑτοῦ
2656 3227 2896 3300 προόντα
2946 3225 3004 3278 ὲν
3035 3222 3115 3293 τῷ
3155 3221 3298 3292 Θεῷ,
3341 3217 3528 3282 καθὼς
3575 3217 3774 3315 stertat,

533 3309 891 3366 exsistentem
923 3311 979 3364 in
1006 3311 1142 3375 Deo,
1168 3309 1314 3366 sicut
1343 3308 1555 3365 dictum
1589 3317 1704 3373 est,
1737 3323 1982 3364 causam.
2010 3309 2116 3362 Ita-

533 3419 645 3476 que
671 3403 718 3458 si
750 3402 1054 3458 secundum
1090 3403 1265 3475 ipsam
1296 3413 1636 3468 moveretur,
1682 3403 1740 3458 in
1780 3403 1893 3458 Deo
1935 3401 2122 3469 ﬁeret,

533 3492 595 3547 in
626 3507 738 3562 quo
756 3492 1011 3548 essentia:
1030 3505 1144 3547 suae
1162 3492 1305 3547 ratio
1325 3491 1648 3559 ante-inest,
1675 3500 1740 3548 ut
1761 3492 1817 3546 in
1844 3491 2122 3562 principio

533 3591 591 3640 et
612 3598 800 3649 causa,
833 3592 890 3640 et
919 3585 1129 3641 nullius
1155 3585 1389 3657 alicujus
1421 3594 1548 3642 ante
1589 3584 1880 3656 proprium
1917 3583 2124 3654 princi-

530 3676 685 3748 pium
711 3675 1052 3731 desiderium
1082 3675 1336 3746 accipere
1357 3676 1542 3742 vellet,
1576 3690 1760 3747 neque
1789 3674 2054 3731 retineret
2088 3689 2118 3730 a

531 3768 670 3833 Deo,
702 3767 798 3823 sed
832 3768 1008 3840 magis
1034 3783 1136 3839 per
1159 3783 1281 3824 eam
1314 3782 1436 3839 quae
1465 3767 1533 3824 ad
1562 3783 1692 3826 eum
1727 3775 1815 3823 est
1854 3764 2115 3822 intentio-

531 3872 682 3922 nem,
712 3858 858 3914 Deus
881 3857 1108 3914 ileretet
1135 3873 1266 3929 pars
1293 3857 1390 3913 Dei
1411 3858 1698 3914 diceretur
1729 3857 2119 3928 participando

533 3949 972 4005 connaturaliter
1017 3950 1213 4013 Deum,
1263 3958 1454 4021 utpote
1505 3949 1813 4006 secundum
1863 3957 2120 4004 naturam

533 4041 814 4113 sapienter
871 4057 936 4096 ac
977 4041 1384 4098 rationabiliter
1407 4058 1506 4112 per
1563 4041 1862 4113 pulchrum
1909 4050 2121 4097 motum

534 4148 697 4204 suum
719 4141 1048 4204 accepturus
1068 4134 1404 4206 principium
1425 4143 1481 4190 et
1505 4151 1751 4202 causam,
1774 4149 1886 4190 non
1909 4134 2122 4190 habens

534 4226 802 4281 aliorsum
823 4226 892 4281 de
921 4233 1124 4282 caetero
1160 4235 1286 4297 post
1313 4242 1476 4283 suum
1499 4227 1836 4298 principium
1863 4227 1930 4282 ad
1957 4228 2125 4282 ratio-

533 4333 662 4374 nem
698 4334 800 4389 per
817 4333 983 4390 quam
1001 4326 1288 4375 crearetur
1314 4334 1602 4374 ascensum
1632 4327 1689 4372 et
1711 4319 2120 4374 restitutionem

533 4410 794 4467 movendi
827 4419 924 4466 aut
951 4410 1232 4483 quomodo
1263 4419 1602 4477 moveretur,
1634 4411 1690 4465 in
1743 4409 1935 4466 divino
1967 4411 2126 4467 vide-

532 4505 667 4562 licet
695 4506 1002 4572 desiderio,
1043 4515 1208 4563 motu
1234 4523 1336 4562 suo
1367 4506 1548 4577 ipsum
1576 4505 1742 4561 ﬁnem
1779 4507 2121 4576 accipiente,

2222 3327 2400 3397 λόγον.
2448 3322 2668 3395 Ἀμέλει
2707 3339 2813 3386 τοι,
2863 3318 2959 3374 καὶ
2990 3318 3038 3371 εί
3077 3315 3201 3370 κατ’
3234 3313 3400 3368 αὐτὸν
3443 3309 3701 3381 κινηθείη,
3731 3307 3776 3358 ὲν

2221 3416 2301 3489 τῷ
2349 3414 2469 3487 Θεῷ
2514 3414 2832 3485 γενήσεται,
2879 3411 2938 3464 ὲν
2983 3400 3028 3478 ᾧ
3067 3407 3094 3461 ό
3129 3405 3226 3460 τοῦ
3263 3399 3411 3458 εἶναι
3456 3399 3616 3458 αὑτοῦ
3651 3397 3777 3464 λόγος

2223 3507 2564 3581 προένεστιν,
2602 3503 2681 3570 ὡς
2716 3502 2861 3576 ἀρχὴ
2895 3503 2989 3555 καὶ
3024 3498 3202 3561 αἰτία,
3238 3496 3344 3554 κᾶν
3380 3495 3611 3568 μηδενὸς
3637 3491 3775 3547 ἄλλον

2224 3600 2334 3674 πρὸ
2361 3600 2462 3670 τῆς
2511 3597 2652 3661 ιδίας
2680 3595 2860 3669 ἀρχῆς
2901 3591 3046 3649 κατά
3073 3591 3238 3646 πόθον
3264 3588 3627 3644 ἐπιλαϐέσθαι
3651 3583 3778 3651 θελήο

2224 3713 2329 3762 σοι,
2359 3693 2460 3747 οὐκ
2490 3690 2760 3763 ἀποῤῥέει
2797 3687 2957 3751 Θεοῦ,
2988 3683 3126 3741 ἀλλὰ
3159 3683 3366 3755 μᾶλλον
3398 3683 3468 3751 τῇ
3497 3679 3625 3750 πρὸς
3646 3674 3778 3763 αὐτδν

2223 3760 2488 3842 ἀνατάσει
2547 3760 2680 3845 eis;
2725 3777 2937 3849 γίνεται
2974 3775 3067 3830 καὶ
3122 3776 3290 3844 μοῖρα
3327 3769 3466 3824 Θεοῦ
3497 3760 3780 3836 λέγεταιτῷ

2227 3877 2481 3950 μετέχειν
2521 3871 2912 3946 προσηκόντως
2953 3864 3111 3931 Θεοῦ,
3153 3864 3230 3928 ὡς
3269 3862 3412 3917 κατά
3443 3864 3603 3932 φύσιν
3631 3853 3778 3954 coeti»;

2222 3967 2313 4026 τε’
2338 3969 2434 4024 καὶ
2480 3963 2884 4036 λελογισμένως
2937 3959 3006 4015 δι’
3043 3955 3356 4030 εὐπρεποῦς
3401 3953 3663 4024 κινήσεως
3701 3953 3780 4012 τῆς

2223 4057 2432 4122 οἰκείας
2471 4054 2866 4125 ὲπιλαὸόμενος
2885 4051 2930 4084 ’⁸
2966 4047 3146 4121 ἀρχῆς
3178 4047 3270 4100 καὶ
3314 4043 3520 4109 αίτίας,
3549 4041 3642 4098 οὐκ
3670 4037 3782 4108 ἔχων

2223 4148 2412 4202 λοιπὸν
2433 4143 2617 4202 ἄλλοθί
2643 4160 2737 4197 ποι
2765 4141 2904 4213 μετά
2928 4139 3030 4211 τὴν
3064 4139 3202 4193 ἰδίαν
3228 4134 3404 4208 ἀρχὴν
3434 4134 3531 4188 καὶ
3551 4132 3644 4202 τὴν
3671 4125 3780 4200 πρὸς

2223 4239 2317 4294 τὸν
2339 4235 2548 4292 καθἰδν
2591 4230 2818 4302 ἐκτίσθη
2863 4229 3022 4299 λόγον
3064 4226 3252 4283 άνοδόν
3286 4243 3346 4278 τε
3395 4222 3495 4278 καὶ
3542 4214 3781 4302 ἀποκατάέ

2227 4344 2420 4382 στασιν
2471 4301 2865 4396 κινηθῆναιμῆ
2917 4318 3036 4382 πῶς
3089 4315 3401 4387 κινηθῆναι,
3469 4313 3570 4383 τῆς
3607 4307 3690 4362 ἐπὶ
3719 4301 3780 4372 τῷ

2224 4420 2356 4488 θείῳ
2393 4417 2636 4488 δηλονότι
2681 4411 2872 4484 σκοπῷ
2915 4412 3185 4483 κινήσεως
3228 4406 3398 4462 αὐτοῦ
3429 4403 3591 4460 αὐτὸν
3627 4399 3772 4468 πέρας

2225 4510 2501 4582 λαϐούσης
2539 4509 2633 4563 τὸν
2676 4506 2822 4560 θεῖον
2858 4502 3082 4558 σκοπόν.
3126 4501 3216 4564 Ὠς
3269 4498 3423 4570 δηλοῖ
3471 4496 3564 4550 καὶ
3603 4495 3632 4546 ὁ
3657 4490 3780 4582 αγιος

535 4597 780 4654 divinam
812 4599 1083 4656 visionem
1107 4641 1124 4666 ,
1162 4607 1223 4654 ut
1272 4599 1512 4654 Basilius
1562 4599 1806 4654 declarat
1859 4599 1917 4653 in
1951 4598 2120 4653 inter-

2229 4580 2536 4666 Βασίλειος,
2579 4602 2636 4654 ἐν
2675 4601 2743 4670 τῇ
2786 4599 2866 4662 είς
2901 4596 2995 4650 τὸν
3037 4593 3193 4662 ἆγιον
3243 4590 3534 4662 προφήτην
3566 4580 3781 4639 ’Ἡσαΐαν

533 4691 848 4762 pretatione
886 4691 944 4746 in
987 4699 1238 4748 sanctum
1283 4692 1613 4762 pr0phetam
1653 4691 1852 4746 Isaiam
1881 4732 1896 4757 ,
1931 4691 2124 4747 dicens

537 4781 665 4837 sic:
705 4798 724 4831 ι
759 4779 1003 4835 Sabbata
1042 4789 1230 4836 autem
1258 4795 1388 4836 vera
1432 4789 1564 4835 sunt
1611 4781 1856 4850 reposita
1904 4781 2126 4849 requies

2223 4693 2516 4768 ἑρμηνείᾳ,
2544 4693 2720 4761 λέγων
2743 4688 2944 4753 οὕτως’
2979 4707 2998 4738 ι
3025 4685 3284 4740 Σάϐϐατα
3307 4683 3364 4736 δὲ
3392 4678 3580 4756 (124
3599 4676 3650 4747 a)
3675 4671 3780 4740 ἀλη-

2224 4767 2292 4858 θῆ
2320 4789 2354 4859 ἠ
2387 4783 2732 4855 ἀποκειμένη
2767 4781 3080 4843 ἀνάπαυσις
3117 4777 3196 4849 τῷ
3217 4775 3334 4847 λαῷ
3365 4774 3462 4830 τοῦ
3489 4770 3643 4837 Θεοῦ,
3664 4767 3780 4829 ἅπερ

536 4870 746 4942 populo
770 4869 890 4934 Dei,
923 4869 1290 4940 quae-quidem
1328 4885 1397 4925 eo
1436 4870 1585 4940 quod
1611 4885 1752 4926 vera
1776 4871 1890 4928 sint
1927 4871 2120 4942 recipil

2232 4878 2324 4933 διὰ
2370 4877 2434 4932 τὸ
2475 4875 2650 4946 ἀληθῆ
2699 4868 2842 4926 εἶναι
2887 4871 3140 4942 ἀνέχεται
3183 4871 3212 4923 ὁ
3239 4868 3373 4934 Θεὸς
3400 4867 3498 4922 καὶ
3519 4864 3780 4946 φθάνειῌγε

537 4963 688 5019 Deus
709 4970 766 5018 et
793 4961 1113 5017 manifestat
1154 4975 1370 5016 summa
1397 4961 1636 5017 Sabbata
1667 4963 1892 5032 quietis,
1921 4962 2014 5018 ille
2036 4968 2126 5022 cui

536 5053 783 5109 mundus
802 5051 1102 5109 cruciﬁxus
1126 5061 1231 5116 est,
1251 5051 1544 5107 discedens
1567 5051 1813 5122 profecto
1837 5069 1868 5109 a
1891 5053 2125 5108 munda-

423 5222 430 5228 ν
537 5146 646 5209 nis,
675 5155 732 5201 et
761 5145 818 5200 in
843 5143 1132 5216 proprium
1163 5143 1342 5198 locum
1369 5143 1676 5214 spiritualis
1699 5143 1905 5213 quietis
1927 5159 2125 5200 occur-

539 5253 688 5304 rens,
718 5237 775 5293 in
813 5252 925 5308 quo
956 5236 1137 5294 factus
1163 5253 1276 5293 non
1297 5239 1412 5308 jam
1438 5237 1752 5292 movebitur
1779 5253 1807 5292 a
1837 5253 1940 5293 suo
1976 5238 2119 5304 loco,

540 5328 673 5384 dum
713 5329 786 5385 sit
809 5328 1096 5386 silentium
1127 5333 1184 5384 et
1214 5345 1319 5400 pax
1349 5329 1495 5384 circa
1528 5327 1684 5383 illum
1727 5337 1954 5412 statum.
1988 5330 2120 5384 0m—

619 5468 641 5512 ι
677 5471 896 5530 Coloss.
915 5488 973 5552 ,1,
1006 5471 1092 5527 l6.

2224 4967 2314 5022 trﬁ'
2347 4969 2533 5021 ἐκεῖνα
2565 4943 2649 5020 τὰ-
2676 4963 2935 5018 Σάϐεατα
2978 4963 3080 5030 τῆς
3117 4960 3507 5026 ἀναπαύσεως,
3554 4955 3675 5026 παρ’
3701 4943 3780 5017 ᾦδ

2231 5059 2436 5128 κόσμος
2463 5055 2830 5128 ἐσταύρωται,
2857 5054 3101 5116 ἀποστὰς
3126 5051 3366 5123 δηλονότι
3385 5051 3494 5105 τῶν
3515 5040 3776 5117 κοσμικῶνς

2231 5149 2328 5204 καὶ
2360 5151 2454 5204 ἐπὶ
2499 5147 2592 5201 τὸν
2629 5147 2760 5202 ἴδιον
2803 5147 2972 5200 τόπον
3002 5145 3102 5215 τῆς
3161 5143 3539 5215 πνευματικῆς
3569 5129 3778 5194 ἀναπαύο

2233 5254 2373 5301 σεως
2403 5237 2780 5306 καταντήσας,
2807 5237 2866 5289 ὲν
2906 5228 2950 5302 ᾧ
2971 5238 3000 5290 ό
3021 5235 3316 5304 γενόμενος
3355 5235 3458 5288 οὐκ
3478 5232 3558 5286 ἔτι
3585 5223 3778 5296 κινηθήο

2231 5346 2384 5383 σεται
2431 5329 2542 5384 ἀπὸ
2580 5329 2674 5385 τοῦ
2721 5318 2858 5384 ίδίου
2899 5329 3094 5397 τόπου,
3119 5328 3355 5400 ἡσυχίας
3389 5327 3483 5382 καὶ
3513 5314 3774 5393 ἀταραξίας

1831 5562 2070 5618 \‘AIHIE
2113 5562 2518 5622 LECTIONES.

626 5653 677 5687 "
707 5655 928 5710 πάντων
950 5655 1039 5711 ed.
1069 5653 1188 5708 Gal.
1274 5655 1319 5684 ³⁸
1361 5653 1496 5716 ἰδίας
1519 5653 2029 5725 ἐπιλαμϐανόμενος
2063 5655 2152 5710 ed.
2183 5655 2305 5712 Gal.

2074 5767 2303 5822 [\‘O'l‘IE.

621 5856 696 5927 (ι)
725 5855 888 5911 Verte
938 5854 1318 5925 pertransicns.
1368 5855 1554 5910 (ἔναιρε
1592 5855 1980 5925 διῖκνούμενον.
2027 5859 2233 5928 (Galc.)
