3998 6420
461 417 594 486 1081

450 623 550 682 οὖν
581 625 743 686 τόπος
777 623 884 676 τῶν
914 623 1250 694 ἀξιουμένων
1283 623 1382 692 τῆς
1411 623 1669 695 τοιαύτης
1701 625 2038 693 μακαριότη-

454 716 549 778 τός
587 719 734 770 ἐστιν
766 717 795 769 6
824 714 956 778 Θεὸς
989 715 1133 768 κατὰ
1165 715 1224 768 τό
1258 699 1646 787 γεγραμμένον
1671 732 1684 745 '
1717 715 1911 769 Γενοῦ
1933 733 2038 784 μοι

453 809 545 874 εἰς
607 806 756 861 Θεὸν
797 807 1272 874 ὑπερασπιστὴν
1305 807 1404 860 καὶ
1442 809 1530 872 εις
1579 808 1770 861 τόπον
1812 806 2040 875 ὀχυρόν

455 898 566 953 τοῦ
601 898 800 952 σῶσαί
826 916 924 967 με.
953 917 971 948 ι
1013 898 1150 968 Παρ⁹
1178 891 1222 967 ᾧ
1263 897 1495 968 βεϐαίως
1533 899 1750 952 πάντων
1799 899 1847 951 οἱ
1891 897 2038 964 λόγοι

457 993 740 1060 πεπήγασι
786 991 908 1044 καθ’
947 987 1040 1054 οὓς
1088 991 1184 1045 καὶ
1219 991 1509 1059 γινώσκειν
1561 990 1630 1044 τὰ
1689 992 1865 1044 πάντα
1909 991 2040 1060 πρὶν

458 1083 726 1148 γενέσεως
755 1083 936 1164 αὐτῶν
967 1082 1208 1150 λέγεται,
1237 1082 1311 1146 ὡς
1340 1083 1398 1134 ὲν
1441 1082 1590 1154 αὐτῷ
1617 1087 1712 1136 καὶ
1741 1083 1872 1154 παρ’
1892 1081 2041 1152 αὐτῷ

455 1173 649 1234 ὄντων,
679 1173 816 1243 αὐτῇ
862 1175 929 1244 τῇ
975 1173 1208 1245 ἀληθείᾳ
1248 1173 1358 1226 τῶν
1387 1174 1626 1227 πάντων.
1658 1172 1779 1228 Κᾶν
1810 1175 1861 1227 si
1895 1174 2040 1228 αὐτὰ

455 1265 525 1318 τὰ
563 1265 759 1324 πάντα.
799 1266 870 1319 τά
897 1283 954 1318 τε
985 1265 1116 1320 ὄντα
1147 1267 1240 1320 καὶ
1267 1267 1334 1319 τὰ
1369 1265 1624 1337 ἐσόμενα,
1657 1265 1754 1336 οὐχ
1779 1266 1897 1336 ἅμα
1925 1267 2040 1330 τοίς

456 1357 671 1410 ἑαυτῶν
720 1356 922 1425 λόγοις,
953 1357 986 1428 ἢ
1021 1357 1098 1426 τῷ
1133 1357 1447 1426 γνωσθῆναι
1493 1357 1600 1411 ὐπὸ
1645 1357 1803 1420 Θεοῦ,
1851 1358 1932 1422 είς
1980 1356 2042 1411 τὸ

455 1443 595 1502 εἶναι
619 1449 1006 1521 παρήχθησαν,
1041 1448 1160 1504 ἀλλ’
1190 1449 1398 1504 ’έκαστα
1437 1449 1514 1520 τῷ
1547 1449 1840 1519 ἐπιτηδείῳ
1861 1446 2042 1518 καιρῷ

458 1541 599 1596 κατὰ
615 1541 713 1611 τὴν
727 1543 820 1596 τοῦ
841 1541 1187 1614 Δημιουργοῦ
1208 1541 1400 1612 σοφίαν
1421 1542 1740 1612 πρεπόντως
1751 1540 1892 1594 κατὰ
1915 1542 2042 1605 τοὺς

457 1629 666 1684 ἑαυτῶν
699 1630 889 1699 λόγους
919 1631 1402 1701 δημιουργούμενα
1429 1631 1523 1693 καὶ
1545 1629 1669 1684 καθ’
1703 1629 1872 1684 ἑαυτὰ
1898 1625 2041 1684 εἶναι

453 1725 520 1792 τῇ
536 1720 786 1793 ἐνεργείᾳ
801 1721 864 1774 λα
877 1721 1074 1793 μϐἁνῃ.
1095 1720 1312 1790 Ἐπειδὴ
1333 1725 1360 1776 6
1381 1721 1479 1792 μὲν
1495 1721 1583 1776 ἀεὶ
1611 1720 1732 1775 κατ’
1756 1721 2040 1793 ὲνέργειάν

455 1810 569 1861 ἔστι
597 1809 962 1880 Δημιουργος,
1001 1811 1072 1864 τὰ
1099 1809 1156 1863 δὲ
1189 1810 1416 1880 δυνάμει
1457 1811 1556 1881 μέν
1583 1811 1752 1878 ἐστιν,
1785 1811 2038 1882 ἐνεργείᾳ

1685 422 2207 484 AMBIGUORUM
2247 425 2498 485 LIBER.

345 581 352 586 .
455 536 588 608 περὶ
614 533 710 603 τὴν
745 532 1082 586 κατάστασιν
1115 531 1334 602 ἐκείνην
1384 533 1738 603 ὑπαρχούσης
1761 549 1774 562 ·
1815 534 2035 586 πάντων

2141 534 2296 587 nium
2331 533 2502 603 igitur
2539 533 2696 588 locus
2737 533 3029 604 dignorum
3059 534 3151 590 tali
3197 533 3542 589 beatitudine
3578 536 3724 591 Deus

3587 425 3726 492 1082

2139 633 2244 688 est,
2279 623 2586 679 secundum
2635 623 2782 693 quod
2838 623 3103 692 scriptum
3146 633 3231 678 est
3271 640 3284 676 :
3330 623 3456 676 Esto
3506 623 3630 676 mihi
3667 626 3724 678 in

2139 715 2310 771 Deum
2359 723 2712 787 protectorem
2751 723 2802 768 et
2851 717 2907 769 in
2961 715 3135 768 locum
3176 717 3440 769 munitum
3479 713 3725 770 solvandi

2141 817 2302 862 atem.
2343 827 2362 860 ι
2397 808 2555 878 Apud
2597 823 2762 878 quem
2796 805 3030 862 ﬁrmiter
3056 805 3303 860 omnium
3335 808 3578 861 rationes
3607 806 3725 862 ﬁxa:

2140 905 2290 957 sunt.
2323 911 2425 966 per
2454 911 2591 967 quas
2626 896 2793 950 etiam
2825 909 3163 966 cognoscere
3199 895 3383 950 omnia
3410 903 3534 950 ante
3561 912 3725 966 gene-

2140 988 2412 1044 rationem
2445 1003 2637 1042 eorum
2679 987 2886 1042 dicitur
2911 987 3111 1041 merito
3137 987 3190 1039 in
3219 986 3338 1056 ipso
3371 996 3427 1041 et
3465 988 3607 1056 apud
3638 987 3721 1056 ip-

2141 1097 2264 1138 sum
2300 1081 2697 1136 exsistentibus
2754 1097 2850 1149 per
2877 1081 3050 1150 ipsam
3097 1079 3388 1132 veritatem
3444 1079 3722 1143 omnibus,

2141 1174 2248 1229 etsi
2271 1189 2336 1229 ea
2360 1173 2546 1228 omnia
2579 1179 2636 1228 et
2664 1189 2786 1242 qua:
2819 1181 2948 1227 sunt
2977 1181 3034 1226 et
3057 1187 3178 1240 qua:
3210 1170 3392 1224 futura
3427 1177 3578 1230 sunt.
3614 1187 3724 1224 non

2143 1266 2306 1323 simul
2342 1267 2461 1321 suis
2489 1265 2672 1319 causis
2699 1275 2758 1319 ut
2783 1265 3008 1334 cognita-
3049 1273 3238 1318 sunt-a
3271 1263 3406 1326 Deo,
3450 1261 3505 1335 in
3531 1277 3724 1315 essen-

2143 1357 2276 1413 tiam
2321 1356 2558 1411 adducta
2587 1365 2736 1420 sunt,
2765 1355 2860 1409 sed
2899 1355 3114 1424 singula
3141 1367 3374 1423 qua-que
3412 1360 3723 1422 opportuno

2143 1459 2390 1519 tempore
2440 1447 2746 1503 secundum
2789 1446 3066 1502 Creatoris
3109 1445 3432 1514 sapientiam
3493 1445 3725 1514 pulchre

2135 1537 2291 1608 juxta
2315 1552 2506 1592 eorum
2537 1551 2732 1591 causas
2755 1543 2936 1590 orcata
2961 1542 3111 1600 sunt,
3140 1543 3197 1590 et
3226 1550 3324 1604 per
3348 1548 3408 1588 se
3443 1549 3567 1588 esse
3595 1548 3726 1602 ope-

2143 1631 2358 1686 ratione
2402 1629 2714 1710 accipiunt;
2747 1628 3010 1699 quoniam
3059 1627 3177 1698 ipse
3228 1627 3452 1698 quidem
3507 1642 3728 1696 semper

2142 1721 2449 1778 secundum
2486 1721 2862 1791 operationem
2895 1729 2982 1774 est
3001 1717 3248 1784 Creator,
3274 1735 3337 1773 ea
3367 1733 3499 1774 vero
3527 1725 3726 1786 poten-

2142 1815 2219 1870 tia
2244 1813 2470 1886 quidem
2503 1822 2668 1878 sunt,
2701 1812 3025 1884 operatione
3047 1821 3232 1866 autem
3271 1811 3554 1872 nondum;
3595 1809 3726 1880 quia

453 1899 508 1953 δὲ
539 1901 641 1954 οὐκ
671 1888 785 1953 ἕτιλ
823 1903 904 1954 ὅτι
933 1901 1070 1972 μηδὲ
1097 1896 1210 1955 οἷόν
1246 1920 1303 1954 τε
1332 1903 1438 1957 τῶν
1477 1902 1594 1972 ἅμα
1617 1899 1840 1956 εἶναιτὸ
1871 1903 2036 1957 ἄπει-

2141 1883 2322 1976 neque
2345 1917 2576 1976 possunt
2598 1905 2794 1959 horum
2825 1903 2988 1958 simul
3013 1917 3133 1956 esse
3161 1901 3436 1956 inﬁnitum
3463 1912 3518 1956 et
3549 1901 3723 1964 ﬁnita,

454 2007 549 2062 ρον
579 1990 674 2044 καὶ
707 1991 775 2044 τὰ
805 1992 1220 2062 πεπερασμένα,
1257 1991 1380 2044 οὐδέ
1407 2009 1496 2054 τις
1525 1991 1695 2056 δεῖξαι
1724 1990 1882 2060 λόγος
1903 1992 2038 2045 ἀνα-

453 2082 756 2152 φανήσεται
799 2083 909 2136 τῶν
954 2083 1072 2152 ἅμα
1122 2079 1262 2136 εἶναι
1292 2081 1554 2136 δύνασθαι
1588 2083 1688 2152 τὴν
1727 2082 1917 2136 οὐσίαν
1943 2083 2040 2136 καὶ

449 2172 514 2226 τὸ
561 2173 908 2244 ὐπερούσιον,
959 2175 1056 2228 καὶ
1097 2175 1178 2238 εἰς
1221 2175 1422 2228 ταυτὸν
1467 2175 1696 2242 ἀγαγεῖν
1737 2173 1814 2244 τῷ
1847 2175 1905 2226 ὲν
1942 2173 2039 2244 μέ-

447 2281 566 2336 τρῳ
586 2263 647 2318 τὸ
676 2265 1001 2336 άμετρον”,
1032 2265 1227 2336 καὶτῷ
1254 2268 1312 2318 ἐν
1347 2265 1532 2336 σχέσει
1569 2265 1630 2320 τὸ
1663 2266 1914 2336 ἄσχετον,
1945 2267 2040 2320 καὶ

449 2354 510 2410 τὸ
547 2355 714 2429 μηδὲν
747 2355 870 2427 ἔχον
903 2358 988 2410 ἐπ’
1020 2357 1187 2411 αὐτοῦ
1231 2358 1572 2428 κατηγορίας
1613 2353 1754 2421 εἶδος
1785 2372 2037 2428 καταφα-

452 2447 720 2519 σκόμενον
748 2446 828 2518 τῷ
857 2448 946 2502 διὰ
977 2448 1200 2502 πάντων
1240 2449 1451 2502 τούτων
1484 2448 1669 2520 (124
1699 2449 1748 2520 b)
1783 2467 2034 2504 συνιστα-

456 2539 630 2614 μένῳ.
667 2541 851 2594 Πάντα
898 2542 1007 2611 γὰρ
1035 2542 1104 2593 τὰ
1144 2541 1340 2595 κτιστὰ
1381 2542 1504 2594 κατ’
1526 2541 1716 2595 οὐσίαν
1739 2558 1799 2594 τε
1824 2542 1917 2596 καὶ
1945 2541 2040 2610 γέ-

449 2649 598 2686 νεσιν
629 2632 949 2686 παντάπασι
984 2631 1400 2698 καταφάσκεται
1446 2634 1560 2694 τοῖς
1595 2631 1748 2696 ἰδίοις
1787 2632 1882 2686 καὶ
1924 2634 2038 2696 τοῖς

450 2723 583 2796 περὶ
611 2723 750 2776 αὐτὰ
773 2720 894 2776 οὖσι
923 2723 1030 2775 τῶν
1062 2723 1218 2786 ἐκτὸς
1259 2722 1438 2792 λόγοις
1497 2723 1879 2795 περιεχόμενα.
1910 2721 2041 2777 ’Υπ-

449 2814 795 2886 εξῃρημένης
819 2809 913 2868 οὖν
943 2815 1042 2884 τῆς
1067 2813 1245 2884 ἄκρας
1264 2813 1360 2867 καὶ
1379 2814 1724 2884 ἀποφατικῆς
1753 2815 1846 2868 τοῦ
1875 2814 2037 2884 λόγου

449 2906 754 2974 θεολογίας,
789 2905 912 2960 καθ’
944 2907 1010 2978 ἢν
1035 2903 1160 2960 οὐτε
1195 2905 1440 2974 λέγεται,
1469 2905 1885 2970 οὐτεχνοεῖταιί,
1914 2906 2040 2961 οὐτε

449 2998 569 3052 εστι
599 2997 662 3051 τὺ
705 2996 926 3051 σύνολόν
958 3015 1013 3050 τι
1041 2995 1150 3050 τῶν
1195 2996 1343 3067 ἄλλῳ
1365 2998 1386 3028 ²
1437 2998 1929 3069 συνεγνωσμένων,
1961 2997 2038 3065 ὡς

450 3089 795 3162 ὑπερούσιος,
821 3089 944 3143 οὐδὲ
976 3089 1079 3144 ὑπό
1109 3106 1254 3152 τινος
1272 3089 1525 3158 οὐδαμῶς
1547 3088 1672 3142 καθ’
1699 3089 1878 3144 ὁτιοῦν
1907 3108 2032 3160 μετ-

446 3183 656 3253 έχεται,
701 3181 888 3236 πολλοὶ
941 3181 1092 3250 λόγοι
1136 3183 1164 3235 6
1213 3176 1295 3244 εἷς
1351 3181 1510 3251 λόγος
1545 3182 1684 3248 ἐστὶ,
1731 3183 1827 3236 καὶ
1865 3177 1946 3247 εἷς
1985 3185 2034 3236 οἱ

447 3271 674 3326 πολλοί·
702 3271 842 3326 κατὰ
887 3271 988 3342 μὲν
1021 3273 1120 3344 τὴν
1164 3273 1524 3344 ἀγαθοπρεπῆ
1567 3275 1647 3338 είς
1674 3275 1742 3328 τὰ
1767 3273 1901 3330 ὄντα
1939 3274 2034 3328 τοῦ

447 3363 569 3426 ἐνὸς
612 3361 908 3434 ποιητικήν
954 3379 1014 3415 τε
1043 3363 1135 3416 καὶ
1169 3364 1498 3434 συνεκτικὴν
1528 3365 1757 3434 πρόοδον
1789 3364 1976 3420 πολλοὶ
2007 3367 2036 3420 6

447 3449 552 3520 εἷς,
593 3455 737 3508 κατὰ
767 3452 824 3506 δὲ
855 3451 954 3524 τὴν
995 3454 1078 3516 είς
1120 3452 1210 3506 τὸν
1249 3452 1350 3508 ἕνα
1381 3453 1490 3506 τῶν
1524 3454 1739 3508 πολλῶν
1773 3457 2036 3528 ἐπιστρε-

444 3544 654 3614 πτικήν
693 3560 751 3597 τε
779 3543 874 3596 καὶ
904 3543 1316 3615 χειραγωγικὴν
1349 3544 1637 3618 ἀναφοράν
1667 3533 1728 3599 τε
1765 3547 1861 3600 καὶ
1903 3547 2036 3618 πρό-

445 3653 623 3701 νοιαν,
658 3635 850 3708 ὥσπερ
879 3636 962 3699 εἰς
995 3634 1171 3706 ἀρχὴν
1199 3636 1771 3712 παντοκρατορικὴνῆ
1808 3637 2036 3710 κέντρον

441 3729 556 3783 τῶν
587 3727 648 3794 ἐξ
691 3729 860 3806 αὐτοῦ
908 3728 1138 3782 εὐθειῶν
1185 3728 1284 3793 τὰς
1335 3729 1510 3802 ἀρχὰς
1537 3730 1912 3802 προειληφδς⁸
1942 3733 2038 3784 καὶ

440 3818 520 3884 ὡς
564 3820 784 3875 πάντων
841 3819 1181 3888 συναγωγδς,
1217 3814 1300 3883 εἷς
1351 3822 1402 3873 ot
1448 3819 1656 3874 πολλοί.
1705 3821 1884 3894 Μοῖρα
1941 3819 2036 3874 οὖν

443 3911 616 3980 ἐσμεν
639 3911 735 3964 καὶ
759 3909 1034 3980 λεγόμεοα
1060 3909 1194 3964 Θεοῦ
1223 3909 1314 3962 διὰ
1338 3909 1398 3963 τὸ
1426 3911 1552 3974 τοὺς
1588 3909 1684 3965 τοῦ
1711 3906 1852 3963 εἶναι
1878 3910 2036 3981 ἡμῶν

442 4001 638 4075 λόγους
673 4007 730 4058 ἐν
755 4003 832 4074 τῷ
861 4002 982 4074 Θεῷ
1016 4003 1428 4072 προϋφεστάναι
1447 4020 1460 4034 ³
1485 4003 1784 4074 ῥεύσαντες
1813 4003 1868 4056 δὲ
1895 4004 2036 4058 ἄνω-

445 4098 539 4154 θεν
585 4097 751 4152 πάλιν
794 4094 1070 4165 λεγόμεθα
1114 4094 1251 4147 διότι
1295 4094 1370 4166 μὴ
1411 4095 1534 4149 καθ’
1579 4095 1639 4149 ὃν
1687 4095 2038 4166 γεγενήμεθα

444 4190 604 4260 λόγον
633 4189 727 4242 τὸν
752 4191 810 4244 ὲν
833 4186 912 4258 τῷ
943 4185 1064 4256 Θεῷ
1109 4186 1351 4258 προόντα
1382 4187 1745 4258 κεκινήμεοα.
1775 4189 1884 4241 Καὶ
1911 4188 2036 4242 καθ’

443 4281 632 4354 ἕτερον
661 4279 717 4334 δὲ
745 4279 952 4350 τρόπον
979 4278 1130 4331 ἐστὶν
1157 4277 1400 4349 εὐμαρὲς
1430 4275 1510 4347 τῷ
1533 4277 1774 4340 εὐσεϐῶς
1809 4277 2039 4332 ἐπιϐάλ-

443 4375 558 4428 λειν
583 4361 708 4436 ’τοῖς
747 4371 858 4424 τῶν
905 4369 1077 4424 όντων
1116 4369 1300 4438 λόγοις
1345 4367 1718 4440 δεδιδαγμένῳ
1761 4368 1858 4423 τὸν
1907 4369 2039 4441 περὶ

442 4449 638 4521 τούτου
665 4465 822 4534 λόγον
847 4461 1168 4528 διεξελθεῖν.
1200 4463 1264 4516 Εἰ
1290 4461 1400 4534 γὰρ
1429 4461 1588 4518 οὐσία
1610 4461 1710 4530 τῆς
1737 4462 1794 4514 ἐν
1823 4460 2039 4532 ἑκάστῳ

2005 3235 2106 3292 .LC

2140 2013 2323 2068 neque
2359 1999 2469 2052 ulla
2516 1997 2660 2052 ratio
2690 1996 2998 2067 approbare
3040 1993 3484 2049 manifestabitur
3527 1995 3724 2048 horum

2140 2089 2304 2143 simul
2331 2104 2454 2144 esse
2495 2090 2688 2144 valens
2729 2087 3028 2143 essentiam
3065 2095 3121 2141 et
3151 2085 3644 2156 supercssentiale,
3671 2093 3728 2139 et

2139 2179 2196 2233 in
2235 2178 2288 2232 id
2318 2179 2496 2247 ipsum
2529 2179 2731 2233 ducere
2766 2190 2958 2231 menso
3000 2175 3330 2229 immensum
3352 2215 3368 2241 ,
3402 2183 3460 2230 et
3493 2175 3542 2230 ei
3578 2174 3728 2242 quod

2141 2269 2198 2326 in
2239 2271 2433 2326 habitu
2475 2279 2562 2325 est
2595 2269 2741 2340 quod
2777 2275 2930 2325 caret
2958 2267 3309 2332 habitudine,
3338 2275 3394 2322 et
3421 2265 3568 2336 quod
3601 2267 3728 2319 nul-

2141 2363 2248 2416 lam
2296 2362 2468 2417 habet
2512 2362 2570 2416 in
2601 2377 2660 2416 se
2689 2359 2984 2431 eategoriae
3027 2359 3271 2429 speciem
3303 2356 3626 2412 aﬂirmatam
3672 2365 3731 2412 et

2139 2469 2238 2524 per
2257 2469 2450 2509 omnes
2475 2469 2590 2517 eas,
2619 2453 3021 2524 categoriarum
3047 2451 3331 2516 videlicet,
3357 2450 3573 2521 species
3591 2465 3728 2504 con-

2139 2545 2357 2600 stituto.
2423 2545 2621 2601 Omnia
2671 2547 2818 2600 enim
2863 2559 2986 2614 quae
3015 2538 3201 2596 creata
3247 2551 3374 2596 sunt
3423 2541 3728 2597 secundum

2137 2639 2435 2694 essentiam
2457 2647 2514 2693 et
2539 2640 2952 2708 generationem
2977 2635 3203 2690 omnino
3227 2635 3282 2689 in
3308 2633 3566 2688 omnibus
3585 2633 3732 2688 alﬁr-

2139 2739 2363 2785 mantur
2411 2745 2512 2800 per
2566 2729 2800 2793 formas,
2845 2735 2902 2783 et
2923 2719 3324 2782 exsistentibus
3363 2741 3554 2780 eorum
3604 2742 3728 2795 qua:

2139 2821 2488 2879 extrinsecus
2511 2817 2643 2876 sunt
2678 2819 2825 2875 circa
2855 2833 2976 2874 eam
3005 2817 3313 2872 rationibus
3351 2805 3726 2870 continentur.
3750 2841 3760 2854 ι

2141 2911 2369 2968 Sublata
2391 2911 2578 2981 itaque
2598 2924 2810 2965 summa
2832 2915 2889 2962 et
2907 2906 3217 2962 abdicativa
3239 2905 3404 2960 Verbi
3429 2904 3726 2976 theologia,

2139 3003 2446 3059 secundum
2477 3016 2644 3072 quam
2691 3015 2874 3070 neque
2919 2998 3128 3053 dicitur
3166 3013 3347 3067 neque
3379 2995 3728 3067 intelligitur,

2138 3111 2322 3166 neque
2371 3101 2457 3150 est
2495 3093 2726 3149 omnino
2755 3091 2890 3162 quid
2939 3091 3104 3146 alicui
3133 3091 3482 3161 cognitorum
3527 3090 3730 3144 merito

2139 3185 2654 3260 superessentiaie,
2688 3199 2870 3254 neque
2927 3197 2958 3236 a
3009 3183 3247 3252 quodam
3290 3183 3402 3236 ullo
3455 3181 3621 3236 modo
3672 3181 3730 3236 in

2140 3276 2327 3347 aliquo
2356 3273 2748 3345 partieipatur,
2781 3272 2968 3326 multae
2991 3287 3171 3326 causa:
3198 3287 3307 3325 una
3341 3286 3506 3326 causa
3529 3278 3632 3336 est,
3673 3278 3733 3325 et

2144 3384 2253 3423 una
2281 3367 2487 3422 multae.
2516 3365 2654 3421 Nam
2684 3363 2994 3420 secundum
3034 3363 3234 3417 bonam
3263 3379 3328 3418 ae
3356 3363 3642 3433 pulchram
3674 3363 3737 3418 in,

2138 3474 2206 3516 ea
2232 3475 2355 3529 qua:
2395 3465 2524 3513 sunt
2555 3456 2726 3512 unius
2767 3465 2825 3510 et
2853 3455 3137 3510 factriccm
3183 3465 3238 3510 et
3269 3443 3768 3511 continuatriccm'

2138 3548 2554 3622 processionem
2583 3549 2772 3602 multae
2811 3561 2954 3613 una;
2991 3561 3092 3616 per
3113 3560 3245 3600 vero
3288 3544 3343 3598 in
3379 3561 3550 3600 unum
3585 3546 3732 3598 mul-

2138 3649 2330 3696 torum
2365 3639 2784 3695 conversoriam
2813 3646 2870 3694 et
2896 3637 3370 3693 manuduetricem
3405 3638 3733 3692 relationem

2139 3742 2196 3790 et
2221 3731 2626 3804 providentiam
2647 3771 2661 3796 ,
2711 3731 2862 3786 velut
2899 3730 2955 3784 in
3001 3727 3348 3798 principium
3379 3728 3733 3798 onmipotens

2139 3835 2235 3882 aut
2295 3833 2548 3881 centrum
2599 3831 2878 3878 rectarum
2929 3836 2996 3876 ex
3039 3836 3108 3875 eo
3139 3819 3414 3874 linearum
3459 3819 3730 3890 principia

2138 3917 2514 3990 perambiens,
2547 3923 2603 3971 et
2635 3914 2716 3970 sic
2739 3929 2934 3968 omnes
2967 3927 3330 3984 congregans,
3376 3927 3484 3966 una
3522 3911 3732 3967 multa).

2137 4012 2275 4066 Pars
2298 4008 2469 4080 igitur
2501 4022 2696 4062 sumus
2713 4015 2771 4061 et
2797 4005 3038 4061 dicimur
3054 4005 3178 4068 Dei,
3210 4019 3278 4060 eo
3303 4005 3451 4074 quod
3478 4005 3734 4060 essentia!

2139 4109 2342 4156 nostrae
2382 4100 2625 4154 rationes
2653 4098 2710 4152 in
2729 4099 2846 4152 Deo
2875 4098 3306 4168 prtesubstitutae
3339 4097 3476 4162 sint;
3499 4096 3736 4152 ﬂuentes

2139 4208 2275 4248 vero
2311 4191 2604 4246 desursum
2662 4191 2863 4245 iterum
2905 4175 3166 4255 dicimur,
3206 4204 3274 4245 eo
3312 4189 3461 4260 quod
3505 4203 3623 4244 non
3650 4203 3736 4244 se-

2141 4283 2386 4340 cundum
2417 4285 2473 4338 in
2512 4284 2624 4338 Deo
2655 4281 3172 4352 praesubsistentem
3195 4297 3418 4336 causam
3444 4297 3546 4352 per
3569 4295 3735 4350 quam

2141 4373 2271 4430 facti
2292 4388 2486 4429 sumus
2506 4373 2641 4428 moti
2660 4373 2885 4426 fuimus.
2913 4371 3233 4427 Secundum
3255 4373 3490 4427 alterum
3511 4387 3735 4442 quoque

2141 4465 2369 4521 modum
2402 4464 2563 4520 facile
2603 4474 2687 4520 est
2713 4465 2804 4534 pie
2843 4479 3028 4519 amare
3053 4479 3246 4519 eorum
3283 4479 3407 4534 qua:
3444 4473 3576 4518 sunt
3599 4479 3734 4520 cau-

443 4559 651 4632 ἀρετῆς
684 4559 714 4612 6
749 4549 829 4620 εἷς
873 4555 1148 4626 ὑπάρχειν
1177 4555 1350 4624 Λόγος
1383 4553 1480 4608 τοῦ
1517 4553 1654 4608 Θεοῦ
1684 4553 1762 4623 μὴ
1791 4553 2034 4624 ἀμφιϐέ-

2140 4572 2257 4616 sam
2290 4555 2514 4610 erudito
2547 4555 2616 4610 de
2643 4555 2751 4610 hoc
2785 4555 3057 4609 rationem
3087 4557 3438 4624 pereurrere.
3475 4553 3536 4609 Si
3581 4553 3735 4609 enim

444 4648 908 4722 ϐληται-οὐσία
935 4647 1047 4720 γὰρ
1071 4647 1292 4700 πάντων
1318 4645 1426 4700 τῶν
1450 4645 1663 4718 ἀρετῶν
1691 4645 1855 4709 αὐτός
1883 4646 2032 4698 ἐστιν

443 4746 476 4799 6
525 4745 732 4814 Κύριος
773 4741 934 4814 ἡμῶν
975 4738 1184 4810 Ἰησοῦς
1237 4738 1476 4809 Χριστὸς
1501 4777 1514 4803 ,
1562 4736 1640 4802 ὡς
1681 4738 2026 4808 γέγραπταιο

449 4837 558 4902 Ὃς
605 4835 863 4906 ἐγενήθη
903 4833 1051 4902 ’ἡμῖν
1078 4831 1200 4888 ἀπὸ
1245 4831 1394 4886 Θεοῦ
1432 4831 1643 4900 σοφία,
1667 4830 2028 4896 δικαιοσύνη

445 4941 514 4980 τε
547 4925 645 4979 καὶ
676 4923 969 4994 ἁγιασμὸς
990 4923 1088 4978 καὶ
1114 4923 1558 4990 ἀπολύτρωσις,
1585 4923 1872 4988 ἁπολότως
1899 4923 2031 4978 ταῦθ

2139 4648 2436 4706 essentiam
2472 4647 2778 4716 unicuique
2816 4645 3050 4702 virtutis
3079 4661 3251 4700 unum
3291 4645 3598 4702 subsistere
3636 4647 3733 4702 Dei

2138 4738 2382 4794 Verbum
2409 4753 2520 4792 non
2557 4737 2844 4792 dubitatur
2877 4735 3023 4808 (nam
3062 4737 3310 4792 essentia
3347 4737 3594 4792 omnium
3619 4739 3734 4792 vir-

2141 4840 2323 4886 tutum
2352 4829 2470 4900 ipse
2505 4840 2589 4885 est
2615 4828 2886 4884 Dominus
2917 4838 3108 4884 noster
3132 4837 3194 4884 et
3214 4830 3363 4887 Deus
3385 4830 3546 4886 Jesus
3577 4829 3736 4887 Chri-

2138 4935 2280 4990 stus,
2323 4925 2467 4980 sicut
2495 4924 2762 4994 scriptum
2783 4931 2870 4978 est
2902 4941 2915 4976 :
2945 4922 3048 4988 Qui
3079 4923 3251 4993 factus
3285 4933 3360 4977 est
3384 4923 3532 4978 nobis
3562 4941 3594 4976 a
3627 4922 3735 4978 Dea

443 5034 518 5070 τα
556 5015 740 5088 (125
765 5016 820 5086 a)
853 5015 1055 5086 δηλαδὴ
1092 5016 1179 5068 ἐπ’
1214 5013 1379 5068 αὐτοῦ
1418 5015 1690 5086 λεγόμενα
1737 5015 1900 5087 ἔχων,
1951 5015 2029 5080 ὡς

2139 5019 2396 5089 sapientia
2445 5027 2494 5070 ct
2525 5017 2742 5086 justitia
2787 5025 2840 5069 et
2882 5015 3235 5084 sanctiﬁcatio
3283 5023 3335 5088 et
3373 5015 3662 5080 redemptio
3679 5023 3730 5079 η,

443 5109 748 5179 αὐτοσοφία
796 5109 890 5163 καὶ
930 5107 1254 5178 δικαιοσύνη
1296 5107 1392 5161 καὶ
1424 5108 1652 5180 ἁγιότης
1689 5107 1790 5173 ῶν,
1813 5109 1908 5162 καὶ
1935 5109 2034 5179 οὐχ

2139 5108 2384 5180 profecto
2406 5108 2524 5164 haec
2549 5123 2672 5178 quae
2698 5107 2845 5162 dicta
2872 5114 3003 5162 sunt
3033 5107 3284 5164 absolute
3311 5106 3368 5160 in
3422 5107 3506 5162 sei
3517 5122 3616 5177 pso
3639 5107 3737 5161 ha-

441 5199 524 5264 ὡς
541 5203 626 5270 ἐφ’
643 5199 799 5270 ἡμῶν
821 5199 1366 5272 προσδιωρισμένως,
1395 5192 1506 5252 οἷον
1535 5197 1610 5262 ὡς
1640 5197 1802 5269 σοφὸς
1829 5197 2037 5271 ἄνθρω-

2139 5201 2370 5272 betjurc
2407 5199 2612 5271 quiest
2635 5213 2734 5268 per
2768 5213 2828 5253 se
2856 5196 3127 5268 sapientia
3162 5203 3218 5252 et
3253 5196 3470 5268 justitia
3504 5204 3562 5252 et
3602 5212 3734 5252 san-

445 5306 572 5355 πος,
609 5290 874 5362 ἦδίκαιος
905 5289 1212 5361 ἄνθρωπος,
1235 5316 1302 5328 --
1326 5290 1436 5355 πᾶς
1473 5289 1717 5360 δηλονότι
1745 5289 1842 5344 ἄνθ
1853 5306 2036 5360 ρωπος

2139 5293 2322 5358 ctitas,
2355 5302 2413 5347 et
2441 5307 2553 5346 non
2593 5291 2740 5346 sicut
2763 5291 2821 5345 in
2851 5289 3016 5344 nobis
3040 5304 3168 5343 cum
3198 5287 3546 5354 deﬁnitione,
3575 5288 3734 5343 verbi

447 5381 652 5452 ἀρετῆς
703 5381 826 5434 καθ’
874 5382 988 5447 ἕξιν
1037 5381 1247 5450 παγίαν
1301 5381 1550 5453 μετέχων
1601 5383 2037 5453 ἀναμφηρίστως

2139 5383 2338 5456 gratia,
2368 5383 2521 5438 sicut
2547 5381 2769 5452 sapiens
2801 5381 2967 5436 homo
2994 5390 3092 5436 aut
3124 5382 3309 5453 justus
3341 5378 3533 5452 homo)
3575 5397 3588 5434 :
3618 5395 3736 5434 om-

452 5472 588 5528 Θεοῦ
618 5474 836 5545 μετέχει
880 5474 980 5544 τῆς
1021 5473 1213 5538 οὐσίας
1245 5474 1354 5528 τῶν
1384 5473 1617 5544 ἀρετῶν,
1647 5474 1724 5539 ὡς
1766 5475 1866 5545 τὴν
1887 5473 2036 5538 ,κατὰ

2139 5477 2227 5532 nis
2285 5475 2532 5546 profecto
2581 5475 2748 5528 homo
2803 5474 3068 5528 virtutem
3115 5472 3421 5529 secundum
3481 5471 3736 5528 habitum

523 5599 560 5629 πυ
593 5587 738 5646 Psal.
781 5605 907 5656 xxx,
945 5588 998 5652 5,
1075 5599 1100 5626 ι’
1137 5588 1310 5646 lCor.
1357 5607 1394 5657 ι,
1429 5589 1517 5646 50.

1767 5663 2001 5718 VARUE
2032 5661 2434 5720 LECTIONES.

449 5753 571 5878 ea?
607 5751 867 5824 ἐμμέτρῳ
931 5752 990 5806 τὸ
1057 5753 1337 5826 ἅμμετρον
1373 5755 1462 5811 ed.
1497 5756 1614 5812 Gal.
1696 5757 1851 5811 ¹οὖτ’
1909 5759 2170 5812 ἐννοεῖται
2239 5757 2326 5814 ed.
2361 5755 2481 5810 Gal.

2567 5755 2784 5808 ²ἆλλων
2843 5753 2932 5811 ed.
2997 5755 3117 5810 Gal.
3198 5755 3214 5786 ³
3263 5752 3605 5827 προειληφὼς
3637 5750 3731 5811 ed.
