3998 6518
210 421 213 423 ’
287 439 424 500 1033

1442 445 1502 504 S.
1543 447 1832 508 MAXIMI
1870 448 2383 512 CONFESSORIS

3479 442 3633 511 1084

285 555 451 608 ﬁxum
472 554 827 624 participans,
852 555 972 612 sine
989 557 1350 629 ambiguitate
1364 560 1538 616 Deum
1555 565 1875 635 participat,

2000 564 2145 636 ρῦσιν
2183 566 2395 640 σπορὰν
2420 565 2516 621 τοῦ
2547 564 2758 636 ἀγαθοῦ
2789 565 3032 638 γνησίως
3058 566 3202 622 κατὰ
3250 563 3635 638 προαίρεσιν

285 645 584 700 essentiam
649 647 920 702 virtutum
969 649 1145 704 veluti
1179 652 1452 708 naturalis
1501 668 1691 710 semen
1739 656 1873 711 boni

287 736 528 792 ﬁdeliter
557 752 658 808 per
681 737 1030 795 voluntatem
1055 740 1272 807 colens,
1298 751 1356 798 et
1391 744 1446 799 id
1479 745 1660 817 ipsum
1686 757 1874 802 osten-

288 824 426 879 dens
455 826 733 896 principio
764 826 927 884 ﬁnem
950 837 1008 883 et
1037 829 1368 900 principium
1391 833 1506 900 ﬁni,
1543 836 1716 906 magis
1743 849 1875 890 vero

289 917 347 972 id
383 917 562 988 ipsum
595 919 935 990 principium
969 937 1094 977 esse
1122 930 1178 977 et
1199 923 1406 992 linem,
1441 928 1602 997 quasi
1646 944 1878 985 securus

289 1009 464 1063 Deum
495 1011 846 1068 constituens
873 1013 1265 1082 concionator;
1291 1017 1569 1087 siquidem
1605 1021 1878 1078 universae

290 1101 371 1155 rei
404 1101 736 1173 principium
757 1111 814 1159 et
839 1105 1004 1160 ﬁnem
1037 1107 1131 1176 qui
1160 1107 1214 1162 in
1266 1109 1452 1179 seipso
1483 1112 1658 1178 videt,
1695 1113 1878 1168 subsi-

289 1201 446 1250 stere
482 1195 698 1250 credit:
724 1196 1064 1268 principium
1090 1199 1529 1276 quidembquasi
1569 1203 1699 1259 inde
1729 1205 1877 1260 acci-

295 1283 456 1354 piens
499 1295 556 1340 et
599 1287 898 1344 essentiam
948 1303 1050 1358 per
1097 1291 1578 1360 participationem
1626 1297 1879 1352 naturale

297 1375 532 1443 bonum;
575 1377 741 1432 linem
779 1394 914 1434 vero
954 1381 1130 1436 veluti
1174 1399 1274 1452 per
1305 1385 1676 1454 cognitionem
1705 1387 1881 1458 ipsius

295 1467 555 1538 principii
602 1478 658 1524 et
705 1471 1036 1540 appetitum,
1060 1473 1418 1541 laudabilem,
1452 1477 1519 1532 ad
1551 1477 1732 1549 ipsum
1760 1480 1880 1536 sine

298 1573 490 1614 errore
533 1561 828 1616 ducentem
861 1579 986 1618 cum
1039 1564 1396 1622 festinatione
1425 1569 1722 1638 perﬁciens
1755 1587 1884 1627 cur-

300 1665 445 1715 sum,
477 1667 576 1721 per
619 1669 783 1722 quem
832 1652 892 1708 ﬁt
933 1655 1100 1721 Deus,
1147 1673 1215 1712 ex
1255 1658 1368 1713 Deo
1397 1660 1543 1738 Deus
1577 1675 1700 1716 esse
1739 1665 1883 1718 acci-

299 1742 493 1812 piens;
536 1745 736 1799 mcrito
764 1745 1071 1802 secundum
1111 1748 1407 1820 imaginem
1439 1753 1678 1808 naturali
1711 1741 1881 1822 bono,

1977 662 2307 732 γεωργήσας
2339 660 2436 728 διᾳί
2455 659 2653 730 ταυτὸν
2677 658 2860 726 δείξας
2887 660 2956 730 τῇ
2987 659 3128 730 ἀρχῇ
3162 657 3227 712 τὸ
3265 657 3482 722 τέλος,
3521 656 3636 710 καὶ

1976 751 2076 823 τὴν
2105 754 2284 825 ἀρχὴν
2313 753 2392 824 τῷ
2427 752 2592 818 τέλει,
2629 751 2830 823 μᾶλλον
2859 750 2917 804 δὲ
2962 749 3169 804 ταυτὸν.
3193 751 3413 822 ἀρχὴν
3443 742 3638 803 οὖσαν

1978 845 2074 899 καὶ
2113 845 2290 910 τέλος,
2323 846 2400 909 ὡς
2428 844 2716 908 ἀνόθευτος
2740 843 2879 898 Θεοῦ
2908 843 3196 914 τυγχάνων
3243 839 3634 910 συνήγορος,

1977 931 2138 1005 εἴπερ
2168 933 2371 999 παντὸς
2401 933 2729 1006 πράγματος
2754 931 2896 1004 ἀρχὴ
2927 932 3024 985 καί⁸
3045 931 3197 996 τέλος
3217 933 3262 986 ὁ
3309 928 3421 984 ἐπ’
3462 925 3639 997 αὐτῷ

1981 1025 2187 1088 σκοπὸς
2216 1025 2488 1096 ὑπάρχειν
2529 1023 2914 1088 πεπίστευται,
2946 1023 3046 1095 τὴν
3081 1023 3180 1094 μὲν
3233 1022 3332 1086 ὡς
3385 1019 3639 1074 ἐκεῖθεν

1979 1115 2220 1186 εἰληφὼς
2243 1117 2380 1189 πρὸς
2408 1115 2486 1187 τῷ
2519 1111 2660 1170 εἶναι
2687 1115 2783 1170 καὶ
2810 1113 2908 1168 τὸ¹⁵
2935 1114 3075 1169 κατά
3103 1113 3344 1186 μέθεξιν
3387 1109 3582 1182 φύσει
3605 1109 3630 1142 ⁸

1978 1205 2210 1274 ἀγαθὸν,
2244 1206 2305 1260 τὸ
2329 1207 2386 1260 δὲ
2408 1205 2484 1270 ὡς
2510 1207 2633 1260 κατ’
2663 1205 2836 1276 αὐτὴν
2858 1205 3057 1276 γνώμῃ
3087 1221 3148 1258 τε
3183 1203 3291 1258 καὶ
3320 1199 3638 1273 προαιρέ-

1981 1315 2066 1352 σει
2113 1297 2204 1352 τὸν
2255 1297 2542 1352 ἐπαινετὸν
2573 1298 2669 1351 καὶ
2714 1297 2854 1367 πρὸς
2879 1296 3049 1367 αὐτὴν
3077 1295 3361 1359 ἀπλανῶς
3395 1293 3640 1362 ἄγοντα

1980 1386 2285 1452 ὲξανύσαςθ
2313 1388 2514 1460 δρόμον
2541 1375 2922 1456 διέίσπουδῆς,
2948 1387 3071 1441 καθ’
3093 1387 3151 1441 ὃν
3179 1387 3424 1456 γίνεται
3452 1385 3637 1448 Θεὸς,

1981 1479 2048 1532 ὲκ
2073 1478 2170 1532 τοῦ
2204 1478 2342 1532 Θεοῦ
2379 1479 2442 1532 τὸ
2475 1479 2610 1544 Θεὸς
2659 1474 2802 1532 εἶναι
2848 1479 3168 1550 λαμϐάνων,
3200 1480 3280 1544 ὡς
3313 1477 3414 1549 τῷ
3435 1483 3464 1516 τ
3494 1473 3640 1530 κατ’

1982 1573 2170 1625 εἰκόνα
2214 1571 2378 1640 φύσει
2431 1570 2584 1640 καλῷ
2614 1571 2710 1624 καὶ
2755 1573 3080 1647 προαιρέσει
3114 1571 3214 1643 τὴν
3251 1571 3334 1625 δι’
3376 1567 3638 1641 ἀρετῶν

1983 1662 2247 1733 προσθεὶς
2280 1661 2625 1734 ἐξομοίωσιν,
2678 1661 2767 1716 διὰ
2831 1662 2933 1733 τῆς
2978 1652 3225 1734 ἐμφύτου
3281 1661 3457 1732 πρὸς
3522 1658 3640 1730 τὴν

1989 1753 2128 1810 ἰδίαν
2157 1755 2333 1825 ἀρχὴν
2360 1753 2678 1819 ἀναόάσεώς
2704 1771 2765 1808 τε
2787 1755 2882 1810 καὶ
2909 1755 3266 1826 οἰκειότητος.
3297 1752 3440 1806 Καὶ
3477 1750 3639 1820 πλη-

300 1835 612 1900 voluntatc,
655 1853 753 1907 per
792 1839 1032 1894 virtutes
1064 1840 1276 1896 addens
1317 1843 1746 1902 similitudinem
1785 1863 1884 1918 per

2000 1845 2178 1913 ροῦται
2206 1843 2392 1897 λοιπὸν
2414 1845 2508 1898 καὶ
2535 1844 2623 1896 ἐπ’
2655 1843 2802 1914 αὐτῷ
2834 1843 2896 1898 τὸ
2921 1843 3282 1899 ἀποστολικὸν
3319 1840 3527 1914 ῥητὸν
3566 1839 3637 1892 τὸ

302 1926 524 1983 insitam
573 1929 642 1984 ad
680 1930 968 2002 praprium
1022 1932 1361 2006 principium
1403 1908 1804 1995 ascensionem-
1831 1949 1888 1996 et

2000 1908 2232 2003 έράσκον⁹
2279 1933 2378 1989 Ἕν
2406 1933 2566 2000 αὐτῷ
2599 1935 2708 2006 γὰρ
2741 1908 2929 2014 (alter
2972 1935 3071 1990 καί
3117 1908 3480 2002 iuramus—6a
3517 1929 3632 1984 καὶ

303 2022 760 2080 familiaritatem.
789 2026 858 2082 Et
891 2026 1156 2097 impletur
1179 2027 1260 2100 de.
1283 2037 1485 2086 caetero
1517 2031 1570 2086 in
1601 2033 1722 2102 ipso
1755 2047 1889 2104 apo-

305 2115 536 2172 stolicus
565 2131 770 2182 sermo,
792 2117 987 2174 dicens
1013 2136 1028 2173 :
1061 2117 1126 2174 1η
1142 2121 1256 2191 ipso
1287 2122 1430 2176 enim
1447 2124 1670 2179 vivimus
1699 2134 1748 2180 et
1771 2141 1888 2179 mo-

305 2221 492 2262 vemur
514 2216 563 2260 et
597 2225 778 2264 sumus
797 2217 845 2263 ο.
873 2209 962 2264 Fit
988 2211 1138 2266 enim
1158 2213 1217 2267 in
1241 2213 1356 2268 Deo
1381 2229 1482 2285 per
1505 2217 1888 2272 excellentiam

305 2299 826 2356 ante-exsistentem
889 2299 946 2355 in
977 2301 1092 2356 Deo
1150 2302 1404 2358 essentia;
1457 2303 1726 2361 rationem
1778 2322 1891 2362 non

307 2403 696 2460 corrumpens,
729 2400 786 2447 et
811 2401 1066 2448 movetur
1088 2393 1146 2448 in
1189 2395 1302 2449 Deo
1331 2395 1640 2452 secundum
1679 2413 1890 2468 prame-

307 2479 534 2537 dentem
583 2481 639 2536 in
681 2483 794 2538 Deo
827 2484 970 2540 bene
1017 2500 1141 2542 esse
1182 2487 1476 2556 rationem,
1523 2505 1624 2559 per
1653 2491 1893 2546 virtutes

306 2589 564 2644 operans,
597 2583 653 2633 et
673 2576 809 2630 vivit
832 2577 887 2632 in
915 2577 1029 2632 Deo
1066 2579 1374 2634 secundum
1398 2582 1805 2651 praecedentem
1831 2583 1892 2638 in

307 2666 421 2722 Deo
447 2683 669 2737 semper
701 2684 821 2724 esse
852 2669 1144 2725 rationem.
1187 2670 1289 2726 Hic
1311 2672 1535 2742 quidem
1555 2675 1666 2744 jam
1694 2690 1894 2731 secun-

309 2755 444 2810 dum
472 2755 864 2826 impassibilem
889 2758 1050 2812 valde
1073 2759 1326 2833 habitum
1366 2761 1422 2815 id
1456 2761 1637 2831 ipsum
1669 2763 1896 2820 sibimet

309 2853 365 2901 et
391 2847 852 2904 incommutabilis
870 2858 984 2917 est;
1014 2849 1068 2904 in
1092 2851 1282 2907 futuro
1305 2868 1436 2908 vero
1471 2855 1670 2911 saeculo
1693 2871 1895 2914 secun-

311 2938 441 2992 dum
469 2938 652 2994 datam
689 2940 929 3006 tbeosin,
981 2941 1036 2996 id
1079 2951 1166 2997 est
1195 2943 1633 3013 deiﬁcationem,
1689 2949 1895 3018 praedi-

312 3039 432 3086 etas
478 3031 535 3086 in
586 3033 699 3087 Deo
753 3033 1148 3092 antecedentes
1195 3051 1430 3104 causas,
1488 3041 1664 3110 magis
1709 3050 1894 3097 autem

313 3123 510 3189 Deum,
559 3123 616 3178 in
643 3140 757 3194 quo
799 3141 982 3182 causae
1029 3126 1302 3182 bonorum
1333 3129 1568 3199 praeﬁxa:
1621 3141 1782 3198 sunt,
1835 3133 1896 3187 in

315 3215 588 3271 eharitate
615 3231 807 3272 amans
827 3224 884 3273 et
917 3217 1295 3283 salutaturus;
1327 3227 1384 3274 et
1411 3227 1498 3274 est
1523 3236 1652 3291 pars
1677 3223 1798 3288 Dei,
1836 3230 1897 3276 ut

317 3316 404 3364 est
429 3323 530 3378 per
551 3308 804 3364 essentia:
836 3324 950 3364 suae
980 3309 1034 3362 in
1063 3308 1174 3364 Deo
1208 3310 1479 3364 rationem
1501 3350 1515 3376 ,
1545 3320 1604 3365 et
1635 3321 1698 3366 ut
1719 3312 1901 3366 bonus

317 3416 418 3470 per
453 3400 595 3456 bene
627 3399 847 3454 essendi
885 3401 940 3454 in
981 3401 1092 3455 Deo
1118 3400 1412 3468 rationem,
1443 3409 1499 3456 et
1527 3411 1587 3457 ut
1617 3404 1764 3458 Deus
1801 3419 1903 3474 per

320 3507 542 3564 semper
563 3492 786 3548 essendi
822 3493 1096 3548 rationem
1117 3533 1132 3558 ,
1165 3494 1368 3550 merito
1398 3509 1492 3550 eas
1535 3495 1817 3552 honorans
1836 3504 1906 3551 -et

322 3585 630 3642 secundum
667 3601 762 3641 eas
801 3601 1062 3656 operans,
1131 3596 1188 3642 et
1217 3603 1321 3658 per
1367 3603 1461 3644 eas
1501 3591 1742 3661 seipsum
1781 3590 1906 3659 qui-

324 3679 449 3733 dem
471 3679 586 3734 Deo
629 3677 732 3733 soli
775 3693 875 3748 per
910 3683 1088 3732 totum
1117 3679 1412 3736 inserens:
1447 3681 1620 3737 Deum
1645 3665 1905 3752 νοτίδεσ-

322 3772 438 3826 lum
473 3770 698 3826 sibimet
734 3785 836 3841 per
860 3778 1040 3826 totum
1069 3779 1127 3826 et
1172 3773 1480 3844 imaginans
1529 3784 1587 3830 et
1626 3774 1903 3842 formans,

325 3865 402 3920 ita
433 3875 495 3923 ut
524 3872 581 3920 et
613 3863 732 3934 ipse
785 3863 856 3918 sit
879 3863 1059 3934 gratia
1090 3873 1148 3919 et
1178 3873 1410 3920 vocetur
1451 3866 1618 3933 Deus,
1664 3875 1722 3922 et
1761 3869 1909 3922 Deus

326 3959 402 4013 sit
429 3956 902 4014 condescensione
957 3965 1012 4012 et
1043 3973 1146 4028 per
1193 3973 1254 4012 se
1304 3966 1537 4014 vocetur
1583 3959 1790 4025 homo,
1853 3967 1910 4015 et

325 4058 521 4105 mutuo
568 4049 624 4103 in
663 4049 772 4104 hoc
815 4047 1016 4102 aﬂ‘ectu
1049 4048 1376 4104 ostendatur
1409 4049 1624 4113 virtus,
1681 4068 1805 4122 quae
1853 4061 1910 4109 et

328 4137 610 4195 hominem
659 4136 774 4190 Deo
823 4151 923 4204 per
963 4135 1214 4190 divinum
1263 4152 1512 4192 amorem
1562 4138 1808 4206 deiﬁcat,
1854 4151 1911 4197 et

327 4231 502 4286 Deum
530 4228 738 4284 homini
785 4242 885 4298 per
917 4227 1224 4282 humanum
1259 4243 1506 4284 amorem
1557 4229 1908 4297 inhumanat,

327 4332 388 4378 et
430 4321 565 4376 facit
617 4335 717 4390 per
749 4319 952 4374 bonam
1001 4319 1426 4376 conversionem
1460 4322 1636 4378 Deum
1681 4323 1910 4393 quidem

329 4414 614 4470 hominem
648 4428 748 4483 per
791 4411 1038 4468 hominis
1074 4411 1504 4480 deiﬁcationem,
1540 4423 1596 4470 et
1630 4415 1912 4472 hominem

330 4518 504 4574 Deum
527 4531 627 4588 per
659 4515 753 4570 Dei
789 4515 1320 4570 inhumanationem.
1347 4514 1478 4571 Vult
1510 4516 1659 4570 enim
1695 4531 1914 4589 semper

1991 2025 2198 2096 ἐσμέν.
2232 2027 2448 2081 Γίνεται
2477 2027 2588 2098 γὰρ
2622 2029 2680 2080 ὲν
2706 2025 2784 2097 τῷ
2809 2025 2927 2096 Θεῷ
2951 2026 3040 2080 διὰ
3069 2025 3389 2098 προσοχῆς,
3416 2023 3534 2078 τὸν
3567 2025 3638 2075 ὲν

1988 2121 2069 2192 τῷ
2100 2119 2222 2191 Θεῷ
2265 2121 2504 2194 προόντα
2543 2119 2639 2174 τοῦ
2689 2114 2830 2173 εῖναι
2867 2118 3026 2188 λόγον
3059 2118 3134 2189 μὴ
3169 2115 3632 2190 παραφθείρας,

1991 2213 2085 2265 καὶ
2107 2214 2338 2266 κινεῖται
2368 2212 2426 2265 ὲν
2456 2211 2535 2283 τῷ
2565 2210 2685 2282 Θεῷ
2711 2209 2856 2266 κατὰ
2885 2210 2976 2264 τὸν
3005 2210 3246 2278 προόντα
3273 2210 3336 2264 ὲν
3363 2207 3462 2280 τῷ
3493 2205 3636 2278 Θεῷ

1988 2304 2085 2358 τοῦ
2122 2303 2182 2359 εὖ
2217 2299 2356 2358 εἶναι
2397 2304 2575 2371 λόγον,
2611 2304 2700 2358 διά
2745 2301 2854 2358 τῶν
2891 2303 3106 2376 ἀρετῶν
3159 2301 3625 2374 ὲνεργούμενος,

1992 2395 2090 2450 καὶ
2118 2393 2186 2466 ζῇ
2223 2397 2281 2450 ὲν
2317 2393 2396 2466 τῷ
2433 2393 2556 2463 Θεῷ
2589 2393 2734 2448 κατά
2759 2393 2852 2447 τὸν
2881 2393 3120 2465 προόντα
3149 2393 3206 2445 ἐν
3230 2390 3309 2464 τῷ
3336 2389 3484 2462 Θεῷ
3515 2387 3631 2442 τοῦ

1993 2486 2082 2541 ἀεὶ
2114 2481 2254 2540 εἶναι
2284 2486 2464 2554 λόγον.
2507 2484 2791 2540 Ἐντεῦθεν
2835 2485 2935 2556 μὲν
2979 2484 3082 2554 ήδη
3115 2483 3258 2538 κατὰ
3289 2483 3404 2554 τὴν
3460 2481 3628 2534 ἀπα-

1993 2578 2263 2650 θεστάτην
2307 2579 2421 2646 ἕξιν
2447 2577 2645 2634 ταυτὸν
2675 2577 2856 2648 ἑαυτῷ
2888 2577 2983 2632 καὶ
3021 2577 3278 2646 ἀκίνητος
3307 2575 3418 2637 ὣν,
3461 2574 3530 2626 ἐν
3561 2570 3626 2624 δδ

1992 2672 2072 2744 τῷ
2109 2673 2358 2744 μέλλοντι
2399 2672 2557 2726 αἰῶνι
2599 2669 2743 2726 κατὰ
2772 2671 2871 2743 τὴν
2901 2669 3280 2742 δοθησομένην
3317 2665 3530 2739 (125
3560 2663 3625 2734 Δ)

1967 2766 2190 2820 ιθέωσιν
2238 2765 2366 2828 τοῦς
2408 2763 2740 2835 εἰρημένους
2795 2763 2890 2817 καὶ
2947 2763 3004 2816 ὲν
3044 2761 3122 2832 τῷ
3163 2759 3286 2832 Θεῷ
3314 2759 3626 2832 προόντας

1993 2858 2208 2928 λόγους,
2245 2858 2444 2930 μᾶλλον
2475 2857 2532 2910 δὲ
2557 2857 2647 2910 τὸν
2676 2855 2830 2921 Θεὸν,
2862 2856 2921 2909 ὲν
2951 2847 2996 2924 ᾧ
3021 2855 3070 2909 οἰ
3101 2854 3250 2923 λόγοι
3270 2853 3385 2906 τῶν
3414 2851 3630 2906 καλῶν

1996 2951 2335 3022 πεπήγασιν,
2364 2949 2733 3020 ἀγαητικῶς
2765 2948 3013 3018 στέργων
3037 2945 3134 3000 καὶ
3164 2945 3618 3014 ἀσπαζόμενος

1997 3043 2096 3098 καὶ
2126 3043 2242 3096 ἔστι
2289 3045 2454 3114 μοῖρα
2477 3027 2638 3104 Θεοῦ,
2668 3041 2746 3104 ὡς
2770 3039 2872 3106 ὢν,
2899 3039 2988 3092 διὰ
3015 3037 3104 3091 τὸν
3135 3039 3193 3091 ὲν
3229 3036 3308 3108 τῷ
3335 3035 3476 3107 Θεῷ
3511 3029 3620 3088 τοῦ

1997 3131 2140 3190 εἶναι
2200 3134 2365 3187 αὐτοῦ
2419 3133 2602 3202 λόγον,
2639 3132 2736 3187 καὶ
2787 3131 2864 3195 ὡς
2896 3129 3122 3200 ἀγαθὸς,
3157 3127 3247 3182 διὰ
3294 3126 3390 3183 τὸν
3435 3129 3502 3180 ἐν
3529 3123 3618 3196 τῷ

1999 3225 2122 3297 Θεῷ
2159 3225 2253 3278 τοῦ
2281 3221 2340 3277 εὖ
2373 3221 2514 3278 εῖναι
2545 3222 2709 3278 αὐτοῦ
2735 3222 2916 3291 λόγον,
2955 3222 3050 3276 καὶ
3096 3221 3171 3284 ὼς
3199 3219 3354 3282 Θεὸς,
3387 3217 3490 3272 διὰ
3515 3215 3619 3270 τὸν

2002 3320 2060 3374 ἐν
2090 3317 2171 3389 τῷ
2222 3317 2343 3388 Θεῷ
2387 3316 2484 3370 τοῦ
2530 3317 2619 3370 ἀεὶ
2661 3313 2804 3369 εἶναι
2844 3312 3008 3368 αὐτοῦ
3055 3313 3231 3382 λόγον,
3263 3310 3340 3375 ὡς
3365 3309 3614 3373 τούτους

2002 3413 2242 3483 τιμήσας
2287 3411 2381 3464 καὶ
2425 3408 2546 3464 κατ’
2578 3407 2780 3472 αὐτοὺς
2818 3407 3147 3477 ἐνεργήσας,
3180 3405 3276 3458 καὶ
3315 3403 3385 3458 δι’
3415 3400 3618 3456 αὐτῶν

2005 3505 2198 3558 ἑαυτὸν
2233 3502 2332 3573 μὲν
2361 3502 2439 3573 τῷ
2465 3501 2584 3572 Θεῷ
2627 3501 2774 3571 μόνῳ
2806 3500 2872 3552 δι’
2899 3500 3021 3554 ὅλου
3059 3497 3372 3569 ἐνθέμενος,
3403 3495 3507 3549 ’τὸν
3549 3491 3614 3547 δὲ

2005 3593 2138 3648 Θεὸν
2173 3593 2334 3664 μόνον
2384 3592 2566 3662 ἑαυτῷ
2591 3591 2658 3644 δι’
2695 3590 2818 3644 ὅλου
2851 3587 3174 3650 ὲντυπώσας
3208 3604 3268 3640 τε
3325 3585 3425 3640 καὶ
3467 3600 3614 3656 μορ·-

2007 3685 2218 3757 φώσας.
2263 3685 2403 3739 ὥστε
2447 3684 2542 3737 uati.
2583 3681 2746 3736 αὑτὸν
2792 3676 2934 3734 εἷναί
2965 3697 3026 3732 τε
3056 3679 3242 3750 χάριτι
3270 3679 3364 3731 καί.
3406 3675 3611 3731 καλεῖ-

2009 3778 2132 3832 σθαι
2161 3777 2314 3842 Θεὸν,
2343 3775 2440 3828 καὶ
2472 3774 2564 3828 τὸν
2596 3773 2731 3826 Θεὸν
2763 3766 2905 3826 εἷναί
2948 3788 3011 3824 τε
3057 3769 3474 3838 συγκαταϐἀσει
3506 3766 3614 3822 καὶ

2008 3868 2291 3924 καλεῖσθαι
2313 3867 2382 3921 δι’
2417 3865 2580 3920 αὑτὸν
2611 3862 2924 3936 ἄνθρωπον,
2976 3862 3072 3916 καὶ
3109 3861 3212 3930 τῆς
3259 3856 3612 3930 ἀντιδιδομέ-

2008 3977 2107 4028 νης
2135 3959 2228 4012 ἐπὶ
2257 3956 2432 4026 τούτῳ
2449 3954 2744 4016 διαθέσεως
2772 3949 3052 4022 δειχθῆναι
3079 3950 3179 4022 τὴν
3206 3949 3460 4020 δύναμιν,
3501 3947 3613 4018 τὴν

2011 4051 2108 4104 καὶ
2136 4050 2230 4103 τὸν
2267 4048 2556 4120 ἄνθρωπον
2583 4044 2658 4116 τῷ
2683 4043 2804 4115 Θεῷ
2833 4043 3060 4098 θεοῦσαν
3088 4042 3178 4096 διὰ
3217 4043 3278 4096 τὸ
3324 4039 3610 4111 φιλόθεον,

2011 4142 2106 4197 καὶ
2138 4141 2230 4194 τὸν
2267 4140 2398 4194 Θεὸν
2427 4137 2506 4208 τῷ
2537 4135 2810 4208 ἀνθρώπῳ
2854 4135 2942 4188 διὰ
2985 4134 3044 4188 τὸ
3090 4133 3475 4205 φιλάνθρωπον
3509 4132 3611 4184 ἀν-

2013 4233 2399 4306 θρωπίζουσαν
2433 4229 2528 4284 καὶ
2581 4227 2847 4282 ποιοῦσαν
2897 4229 3041 4282 κατά
3091 4227 3190 4298 τὴν
3231 4226 3406 4298 καλὴν
3452 4228 3610 4280 ἀντι-

2015 4324 2278 4396 στροφὴν,
2322 4323 2413 4378 τὸν
2451 4321 2552 4393 μὲν
2585 4320 2722 4374 Θεὸν
2749 4319 3063 4392 ἄνθρωπον,
3097 4319 3188 4374 διὰ
3231 4318 3331 4392 τὴν
3374 4319 3473 4373 τοῦ
3505 4319 3608 4374 ἀν-

2013 4417 2235 4490 θρώπου
2279 4414 2502 4480 θέωσιν,
2536 4414 2626 4469 τὸν
2654 4414 2712 4468 δὲ
2755 4413 3048 4484 ἄνθρωπον
3072 4412 3228 4476 Θεὸν,
3253 4412 3343 4467 διὰ
3381 4411 3483 4484 τὴν
3505 4408 3606 4464 τοῦ

2015 4510 2152 4565 Θεοῦ
2186 4508 2544 4580 ἀνθρῶπησιν
2561 4507 2604 4562 ⁸.
2639 4505 2902 4560 Βούλεται
2927 4504 3038 4574 γὰρ
3065 4505 3154 4558 ἀεὶ
3189 4505 3286 4559 καὶ
3333 4507 3390 4558 ὲν
3431 4505 3604 4558 πᾶσιν

330 4618 391 4666 et
419 4608 476 4663 in
510 4607 768 4663 omnibus
805 4606 904 4661 Dei
941 4606 1189 4664 Verbum
1221 4614 1280 4662 et
1309 4607 1458 4664 Deus
1500 4623 1600 4663 sua
1649 4607 1898 4678 incorpo-

2015 4603 2044 4658 ό
2074 4600 2170 4656 τοῦ
2200 4599 2338 4655 Θεοῦ
2370 4600 2543 4668 Λόγος
2568 4597 2667 4673 καὶ
2701 4597 2836 4662 Θεὸς
2895 4598 2998 4668 τῆς
3039 4594 3206 4650 αὐτοῦ
3263 4592 3600 4664 ὲνσωματώο

333 4699 548 4754 ratione
579 4697 796 4769 operari
840 4699 1186 4770 mysterium.
1218 4698 1324 4766 Qui
1361 4713 1495 4755 vero
1532 4713 1695 4754 suum
1743 4700 1915 4756 relin-

333 4805 515 4860 quens
556 4789 891 4858 principium
942 4804 1070 4859 pars
1115 4791 1214 4845 Dei
1261 4789 1598 4845 constitutus
1642 4805 1744 4860 per
1771 4791 1916 4847 exsi-

337 4888 576 4937 stentem
601 4881 658 4934 in
683 4881 804 4950 ipso
837 4879 1062 4936 virtutis
1097 4880 1373 4936 rationem
1398 4879 1706 4936 secundum
1730 4881 1917 4937 reddi-

339 4980 450 5028 tam
483 4985 706 5027 causam
763 4969 833 5025 ad
891 4969 946 5024 id
976 4969 1126 5039 quod
1172 4984 1282 5024 non
1324 4977 1410 5026 est
1459 4970 1918 5028 irrationabiliter

339 5063 537 5130 fertur,
596 5072 746 5120 recte
793 5063 1088 5118 desursum
1132 5059 1378 5116 deﬂuere
1416 5060 1646 5127 dicitur,
1694 5077 1803 5117 non
1848 5063 1916 5118 ad

339 5170 503 5211 suum
533 5153 873 5226 principium
915 5161 974 5210 et
1024 5165 1277 5216 causam,
1319 5165 1352 5205 a
1378 5166 1490 5222 qua
1521 5160 1579 5208 et
1613 5152 1667 5206 in
1711 5170 1818 5222 qua
1864 5163 1950 5209 et.

339 5263 442 5318 per
464 5262 629 5318 quam
652 5244 833 5302 factus
859 5253 966 5311 est,
1003 5253 1226 5310 motus;
1252 5251 1310 5300 et
1328 5251 1412 5300 est
1451 5243 1510 5298 in
1535 5252 1718 5299 meatu
1748 5245 1922 5300 insta-

340 5336 441 5392 bili
490 5347 548 5393 et
585 5335 990 5392 inordinatione
1034 5334 1207 5390 ﬂuxili
1257 5334 1458 5390 animae
1501 5342 1559 5390 et
1599 5335 1854 5405 corporis
1893 5350 1922 5390 a

2015 4707 2152 4756 σεως
2183 4689 2526 4762 ἐνεργεῖσθαι
2567 4687 2629 4742 τὸ
2675 4688 2998 4760 μυστήριον.
3033 4686 3221 4750 Ὅστις
3246 4685 3304 4739 δὲ
3340 4687 3438 4756 τῆς
3469 4683 3609 4746 ἰδίας

2013 4783 2293 4853 ἀφέμενος
2323 4781 2502 4853 ἀρχῆς
2558 4782 2724 4851 μοῖρα
2765 4779 3056 4850 τυγχάνων
3107 4777 3245 4832 Θεοῦ
3287 4776 3374 4831 διὰ
3410 4777 3505 4830 τὸν
3546 4777 3607 4828 ὲν

2013 4873 2163 4945 αὐτῷ
2197 4872 2298 4943 τῆς
2329 4871 2536 4942 ἀρετῆς
2563 4870 2696 4924 ὄντα
2743 4869 2906 4938 λόγον
2951 4867 3096 4922 κατὰ
3118 4869 3220 4940 τὴν
3247 4867 3606 4922 ἀποδοθεῖσαν

2015 4965 2194 5023 αἰτίαν
2228 4961 2368 5032 πρὸς
2399 4962 2462 5016 τὸ
2495 4961 2571 5033 μὴ
2609 4960 2670 5015 δν
2700 4958 3033 5032 παραλόγως
3086 4958 3336 5030 φέρεται,
3379 4957 3610 5018 εἰκότως

2013 5055 2222 5110 ἄνωθεν
2249 5053 2443 5127 ῥεῦσαι
2481 5054 2730 5123 λέγεται,
2760 5051 2838 5122 μὴ
2865 5051 3004 5123 πρὸς
3033 5051 3131 5122 τὴν
3163 5051 3301 5104 ἰδίαν
3341 5050 3519 5121 ἀρχὴν
3546 5063 3607 5102 τε

2020 5149 2119 5201 καί¹
2175 5147 2360 5202 αἰτίαν
2397 5145 2524 5200 καθ’
2573 5145 2642 5216 ἢν
2687 5143 2783 5198 καὶ
2812 5143 2899 5212 ἐφ’
2933 5157 2967 5218 ῃ
3002 5144 3099 5197 καὶ
3129 5143 3196 5198 δι’
3224 5143 3292 5214 ἥν
3315 5142 3608 5214 γεγένηται

2019 5237 2282 5310 κινηθεὶς,
2315 5237 2412 5292 καὶ
2445 5236 2595 5291 ἐστιν
2629 5237 2688 5290 ὲν
2717 5235 2938 5306 ἀστάτῳ
2980 5236 3257 5308 περιφορᾷ
3283 5235 3378 5289 καὶ
3407 5231 3606 5304 ἀταξίᾳ

2019 5333 2166 5403 δεινῇ
2212 5331 2394 5403 ψυχῆς
2444 5347 2506 5384 τε
2555 5330 2652 5384 καὶ
2714 5328 2989 5400 σώματος,
3040 5329 3144 5398 τῆς
3193 5327 3470 5392 ἀπλανοῦς
3511 5326 3605 5381 καὶ

342 5442 456 5484 non
487 5435 714 5484 errante
745 5435 804 5482 et
831 5426 1088 5484 similiter
1119 5426 1360 5522 habente
1386 5441 1572 5494 causa,
1597 5425 1665 5481 ad
1695 5425 1752 5481 id
1776 5440 1898 5496 quo:

2022 5426 2286 5490 ὡσαύτως
2307 5422 2540 5495 ἐχούσης
2573 5422 2754 5488 αἰτίας
2777 5423 2844 5494 τῇ
2881 5421 3018 5494 πρὸς
3048 5423 3110 5475 τὸ
3135 5420 3323 5492 (126
3341 5419 3398 5492 a)
3423 5419 3604 5492 χεῖρον

417 5571 448 5604 ι
474 5567 598 5624 Act.
653 5583 785 5635 xvn,
809 5565 900 5621 28.

1659 5676 1896 5736 VARUS
1938 5678 2348 5736 LECTIONES.

422 5807 462 5884 ﬂ
487 5809 550 5864 τὸ
598 5812 912 5884 ηοῐι-Ιιιῲει
943 5813 1035 5870 ed.
1074 5813 1192 5869 Gal.
1269 5814 1290 5846 '
1321 5811 1482 5884 φύσει
1531 5827 1642 5868 non
1698 5809 1865 5868 habet
1897 5809 1987 5866 ed.
2021 5809 2138 5866 Gal.

359 5875 649 5954 θρώπησιν
668 5882 760 5938 ed.
793 5881 913 5938 Gal.

2256 5808 2276 5840 ⁸
2300 5806 2556 5872 διανύσας
2580 5807 2668 5866 ed.
2691 5806 2812 5864 Gal.
2901 5807 2922 5841 '
2953 5807 3014 5862 τὸ
3072 5807 3160 5864 ed.
3189 5806 3308 5864 Gal.
3397 5805 3421 5840 ⁸
3448 5806 3608 5862 ἀναν-
