3998 6402
380 427 516 494 1ιὶ87

1560 429 1620 489 S.
1663 427 1946 487 MAXlMl
1986 425 2494 485 CONFESSORIS

3519 417 3658 484 1028

376 540 598 597 ordine.
633 548 691 594 et
720 556 820 595 nos
873 541 992 596 sine
1019 541 1171 597 omni
1235 541 1608 613 qualicunque
1635 557 1759 610 quae
1791 541 1962 602 tione,

2077 539 2333 608 σαιμενη
2389 537 2536 610 ἁπλῇ
2596 537 2894 610 προσόολῇ,
2939 537 3032 591 κοιλ⁸
3087 536 3271 606 ἡμεῖς,
3323 533 3505 604 πάης
3557 533 3657 605 τῆς

377 647 525 686 circa
567 647 728 702 quant
756 634 928 686 solam
956 643 1012 688 et.
1039 649 1270 703 peccare
1301 647 1385 689 cst
1412 643 1468 688 et
1497 634 1630 697 falli,
1670 633 1961 688 dcil'ormi-

379 733 484 788 ter,
525 731 794 794 quantum
847 725 1108 794 possibile
1161 734 1266 791 est,
1301 727 1484 780 omnia
1543 739 1959 794 cognoscemus.

377 815 629 884 Nonjam
661 831 763 884 per
793 815 1160 886 ignorantiam
1193 817 1260 870 ab
1301 833 1390 882 eo,
1439 817 1533 886 qui
1567 816 1715 870 circa
1764 831 1827 868 ea
1857 822 1962 879 est,

381 916 536 960 motu
567 907 804 972 detenti,
861 909 1070 976 merito
1106 924 1304 979 magno
1347 908 1532 963 animo
1566 917 1622 963 ct
1653 907 1878 972 rationi,
1910 915 1966 960 et

382 997 608 1068 spiritui
639 1007 892 1053 nostrum
930 1000 1175 1054 animum
1203 1009 1260 1053 et
1296 1001 1566 1077 rationem
1599 1008 1655 1054 et
1683 999 1962 1070 spiritum,

383 1092 560 1162 magis
617 1098 803 1146 autem
863 1094 963 1146 toti
999 1093 1114 1148 Deo
1151 1100 1294 1148 totos
1331 1110 1432 1148 nos
1478 1094 1648 1164 ipsos,
1698 1093 1869 1148 veluti
1901 1092 1964 1164 (γ’)

385 1185 677 1254 principali
709 1186 962 1256 exemplo
990 1186 1192 1257 imago.
1240 1187 1589 1252 accedentes,
1631 1188 1964 1243 sicutctiam

387 1273 445 1329 in
473 1291 732 1330 sermone
765 1276 857 1346 qui
891 1287 976 1331 est
1005 1276 1074 1332 de
1101 1277 1368 1347 grandine
1391 1277 1608 1342 edocet,
1631 1277 1710 1332 sic
1730 1277 1923 1332 dicens
1949 1294 1962 1331 :

393 1386 412 1418 ι
438 1367 506 1421 Ει
528 1383 630 1422 nos
647 1368 870 1437 quidem
892 1368 1187 1424 ineﬂ‘abilis
1212 1370 1308 1424 lux
1326 1369 1581 1439 accipiet,
1605 1379 1662 1425 et
1681 1380 1888 1425 sancta:
1904 1387 1968 1426 ac

386 1459 588 1530 regalis
619 1461 1017 1531 contemplatio
1060 1461 1347 1517 Trinitatis
1366 1461 1730 1516 illuminantis
1751 1462 1968 1532 planius

385 1561 444 1606 ct
481 1553 675 1621 purius
700 1561 758 1607 et
799 1554 969 1607 totius
1017 1553 1117 1607 toti
1155 1554 1340 1608 animo
1369 1553 1564 1620 mistte,
1603 1570 1769 1624 quam
1799 1555 1968 1610 etiam

385 1644 556 1697 solam
575 1660 804 1714 regnum
821 1645 1089 1700 caelorum
1113 1661 1215 1715 ego
1229 1661 1394 1714 pono,
1415 1666 1432 1696 ι
1463 1661 1586 1700 cum
1601 1646 1970 1702 delectatione

385 1735 694 1790 delectatur
725 1745 782 1792 et
815 1737 1053 1805 laetatur,
1089 1749 1150 1793 ut
1182 1739 1269 1793 his
1292 1755 1416 1808 quae
1447 1747 1577 1794 sunt
1602 1741 1778 1810 ipsius
1792 1741 1970 1796 audax

386 1831 716 1898 (-onjungam
749 1846 872 1900 quae
901 1847 1022 1886 mea
1047 1843 1200 1895 sunt,
1223 1833 1406 1888 omnis
1433 1842 1688 1888 creatura
1731 1835 1966 1889 rationa-

384 1917 454 1971 lis
473 1918 795 1988 angelorum
827 1931 884 1975 et
909 1920 1221 1986 hominum,
1278 1923 1600 1992 quicunque
1646 1923 1852 1978 nullam
1889 1939 1974 1978 se-

385 1994 628 2072 cundum
656 2021 865 2068 motum
903 2015 998 2084 qui
1043 2013 1112 2068 ad
1147 2013 1312 2068 ﬁnem
1342 2024 1428 2070 est
1462 2016 1788 2072 naturaliter
1820 2032 1975 2072 coms

385 2107 674 2170 pactorum
708 2105 791 2158 eis
821 2105 1134 2160 divinarum
1168 2105 1442 2161 rationum
1470 2107 1540 2162 ab
1575 2107 1692 2178 ipso
1711 2108 1974 2164 Creatore

385 2208 489 2266 per
543 2195 934 2267 negligentiam
981 2209 1386 2269 corruperunt,
1439 2200 1613 2272 magis
1675 2209 1857 2256 autem
1891 2217 1976 2256 se-

389 2285 542 2348 ipsos
568 2295 945 2358 temperanter
969 2291 1344 2358 salvaverunt,
1390 2301 1536 2348 totos
1569 2292 1974 2348 inconversibi-

387 2380 536 2440 liter.
573 2389 765 2450 utpote
797 2382 997 2438 divina:
1039 2399 1244 2456 organa
1275 2392 1510 2451 naturae,
1549 2395 1606 2440 et
1655 2401 1778 2440 esse
1808 2395 1863 2440 et
1891 2383 1976 2440 fu-

390 2479 546 2526 turos
571 2487 692 2526 esse
721 2473 962 2528 scientes
993 2515 1008 2539 ,
1054 2491 1194 2546 quos
1245 2493 1345 2547 per
1379 2485 1554 2532 totum
1585 2487 1736 2534 totus
1763 2477 1836 2550 (g)
1863 2477 1975 2532 cir-

389 2563 740 2632 cumspirans
766 2564 908 2619 Deus
935 2565 988 2619 in
1019 2565 1242 2620 modum
1273 2567 1490 2631 animae,
1522 2567 1691 2622 veluti
1729 2569 1977 2624 membra

388 2652 640 2722 corporis
701 2665 988 2725 compacta
1047 2664 1104 2711 et
1157 2658 1362 2728 optima
1419 2659 1654 2714 Domino
1688 2659 1861 2715 l‘aetos
1906 2661 1975 2715 ad

389 2745 733 2801 voluntatem
763 2757 978 2810 tractat,
1003 2758 1058 2805 et
1079 2751 1303 2821 propria
1334 2753 1528 2824 implet
1562 2753 1738 2824 gloria
1768 2754 1975 2809 etbea-

391 2839 650 2906 tiludine,
712 2841 876 2895 vitam
935 2841 1075 2898 dans
1123 2851 1178 2898 et
1221 2845 1436 2900 donans
1481 2855 1744 2902 aeternam
1810 2856 1976 2918 atque

391 2931 751 2994 ineffabilem,
787 2941 844 2988 et
877 2935 1138 2991 omnibus
1191 2937 1371 2993 modis
1422 2939 1682 2994 universo
1739 2939 1972 2996 liberam

390 3023 702 3092 cognitione
731 3027 1049 3082 constitutae
1085 3031 1448 3100 proprietatis
1468 3032 1781 3102 praesentis,
1801 3040 1858 3088 et
1875 3049 1976 3103 per

389 3117 802 3186 corruptionem
828 3119 1143 3175 constituta:
1165 3121 1312 3176 vitae.
1336 3120 1510 3188 Quam
1533 3123 1791 3177 videlicet
1807 3123 1976 3178 vitam

2063 633 2282 686 οίασοῦν
2350 634 2633 706 ζητήσεως
2672 633 2866 704 χωρὶς,
2914 631 3042 701 περὶ
3087 632 3154 702 ῆν
3203 632 3376 700 μόνην
3440 629 3556 681 ἐστὶ
3595 631 3659 680 τὸ

2067 729 2283 784 πταίειν
2329 729 2425 783 καὶ
2467 729 2827 799 σφάλλεσθαι,
2877 727 3134 791 θεοειδῶς
3167 727 3312 780 κατὰ
3343 725 3403 778 τι
3433 723 3658 792 ἐφικτέν

2064 821 2134 875 τὰ
2161 823 2336 875 πάντα
2363 819 2642 892 εἰσόμεθα,
2673 820 2872 892 μηκέτι
2901 819 2971 873 δι’
2997 819 3218 888 ἄγνοιαν
3242 821 3343 890 τῆς
3367 819 3496 889 περὶ
3519 817 3661 870 αὐτά

2067 913 2338 980 κινήσεως
2371 911 2748 983 ἀντεχόμενοι,
2777 910 2852 976 ὡς
2881 911 2962 966 νοῒ
2987 910 3068 982 τῷ
3107 911 3335 981 μεγάλῳ
3371 911 3468 964 καὶ
3513 911 3661 978 λόγῳ

2067 1003 2163 1056 καὶ
2203 1000 2480 1072 πνεύματι
2523 1002 2617 1056 τὸν
2667 1003 2940 1074 ἡμέτερον
2980 1002 3108 1054 νοῦν
3150 1019 3217 1054 τε
3247 1002 3343 1054 καὶ
3377 1000 3536 1068 λόγον
3567 1001 3662 1052 καὶ

2069 1094 2311 1166 πνεῦμα,
2344 1092 2545 1164 μᾶλλον
2575 1093 2633 1147 δὲ
2664 1093 2772 1166 ὅλῳ
2797 1091 2918 1163 Θεῷ
2949 1091 3108 1154 ὅλους
3133 1093 3364 1154 ἑαυτοὺς
3393 1091 3470 1154 ὡς
3495 1091 3663 1162 ἀρχε-

2067 1187 2225 1255 τύπῳ
2271 1185 2442 1239 εἰκόνι
2490 1185 3011 1256 προσχωρήσαντες.
3072 1180 3275 1244 Καθὼς
3319 1183 3415 1233 καὶ
3467 1183 3525 1234 ἐν
3584 1177 3663 1246 τῷ

2068 1278 2201 1350 περὶ
2223 1276 2470 1349 χαλάζης
2495 1277 2643 1348 λόγῳ
2678 1275 2955 1343 διέξεισιν,
2978 1275 3181 1328 οὑτωσὶ
3211 1275 3438 1340 φάσκων
3460 1289 3474 1300 ·
3505 1292 3522 1324 ι
3545 1272 3664 1325 Καὶ

2067 1369 2192 1432 τοὺς
2217 1369 2316 1440 μὲν
2350 1368 2531 1439 (127
2559 1369 2614 1437 a)
2654 1367 2718 1422 τὸ
2743 1367 3024 1438 ἄφραστον
3046 1365 3164 1436 φῶς
3195 1365 3522 1430 διαδέξεται,
3562 1366 3664 1416 καὶ

2069 1461 2104 1532 ἠ
2131 1461 2230 1532 τῆς
2261 1461 2424 1529 ἁγίας
2463 1460 2558 1514 καὶ
2598 1457 2890 1530 βασιλικῆς
2918 1457 3156 1528 θεωρίας
3187 1456 3422 1528 Τριὰδος
3458 1455 3664 1524 ἐλλαμ-

2069 1553 2282 1622 πούσης
2316 1552 2647 1624 τρανότερόν
2683 1567 2745 1604 τε
2787 1550 2884 1604 καὶ
2937 1547 3356 1620 καθαρώτερον,
3392 1547 3483 1600 καὶ
3531 1546 3666 1614 ὅλης

2071 1645 2178 1718 ὅλῳ
2231 1645 2316 1700 νοῒ
2378 1644 2744 1716 μιγνυμένης,
2779 1643 2846 1715 ἦν
2894 1641 2958 1713 δὴ
3003 1643 3099 1695 καὶ
3155 1642 3326 1712 μόνην
3383 1639 3665 1710 βασιλείαν

2071 1739 2320 1810 οὐρανῶν
2345 1736 2457 1807 ἐγὼ
2485 1737 2702 1808 τίθημι,
2727 1756 2746 1788 ι
2772 1737 2937 1807 ἡνίκα
2963 1735 3128 1807 ἡδονῇ
3153 1735 3344 1805 ἥδεται
3365 1733 3460 1787 καὶ
3493 1731 3668 1800 ἀγάλ-

2071 1831 2248 1897 λεται,
2281 1831 2368 1884 ἵνα
2402 1831 2516 1895 τοῖς
2543 1827 2709 1882 αὐτοῦ
2735 1826 3016 1900 τολμήσας
3047 1826 3270 1896 συνάψω
3297 1826 3366 1880 τὰ
3396 1826 3664 1896 ἐμαυτοῦ,

2078 1923 2230 1976 πᾶσα
2282 1920 2464 1985 κτίσις
2515 1918 2710 1990 λογικὴ
2763 1917 3018 1987 ἀγγέλων
3069 1934 3131 1970 τε
3185 1917 3280 1970 καὶ
3333 1916 3666 1988 ἀνθρώπων,

2075 2015 2190 2068 ὅσοι
2239 2012 2442 2084 μηδένα
2485 2011 2594 2066 τῶν
2632 2010 2770 2082 πρὸς
2801 2009 2862 2062 τδ
2900 2008 3058 2072 τέλος
3110 2010 3254 2062 κατὰ
3293 2007 3393 2079 τὴν
3445 2009 3669 2076 κίνησιν

2077 2105 2322 2176 φυσικῶς
2371 2103 2842 2176 συνηρμοσμένων
2895 2103 3083 2166 αὐτοῖς
3115 2101 3276 2156 θείων
3309 2101 3486 2170 λόγων
3513 2101 3669 2171 παρὰ

2075 2197 2171 2251 τοῦ
2207 2196 2561 2268 Δημιουργοῦ
2593 2193 3004 2268 ὲξάπροσεξίας
3037 2193 3438 2266 παρέφθειραν,
3471 2192 3669 2246 διεσώ-

2079 2305 2242 2342 σαντο
2275 2287 2334 2342 δὲ
2367 2287 2572 2357 μᾶλλον
2608 2287 2908 2358 σωφρόνως
2939 2287 3171 2349 ἑαυτοὺς
3209 2285 3370 2348 ὅλους
3401 2287 3499 2338 καὶ
3521 2286 3668 2338 άπαο

2079 2380 2442 2452 ρατρέπτους,
2466 2378 2543 2442 ὡς
2566 2378 2718 2442 θείας
2751 2378 2964 2448 ὄργανα
2993 2377 3234 2446 φύσεως,
3261 2377 3357 2430 καὶ
3378 2375 3540 2440 ὄντας
3571 2379 3670 2430 καὶ

2075 2473 2482 2542 γενησομένους
2530 2471 2754 2535 εἰδότες,
2793 2469 2890 2535 οὒς
2932 2469 3002 2524 δι’
3044 2469 3168 2524 ὅλου
3215 2469 3338 2532 ὅλος
3371 2469 3612 2539 περιφὺς
3639 2471 3668 2520 ό

2076 2563 2212 2626 Θεὸς
2241 2561 2443 2634 τρόπον
2465 2561 2665 2632 ψυχῆς,
2689 2561 2879 2633 ὥσπερ
2912 2559 3050 2632 μέλη
3092 2559 3346 2632 σώματος
3376 2561 3538 2630 ἄρτια
3573 2563 3668 2612 καὶ

2077 2655 2355 2727 εὔχρηστα
2419 2653 2498 2726 τῷ
2546 2655 2795 2728 Δεσπότῃ
2884 2653 3319 2726 γενησομένους,
3388 2654 3530 2724 πρὸς
3606 2654 3666 2706 τὸ

2075 2748 2268 2804 δοκοῦν
2345 2747 2812 2820 μεταχειρίζεται,
2878 2749 2974 2801 καὶ
3027 2747 3127 2815 τῆς
3180 2745 3390 2808 οἰκείας
3470 2744 3672 2815 πληροῖ-

2076 2843 2235 2915 δὸξης
2263 2859 2322 2896 τε
2353 2843 2446 2896 καὶ
2487 2841 2913 2912 μακαριότητος,
2963 2839 3110 2910 ζωῂν
3161 2839 3342 2903 διδοὺς
3385 2838 3480 2891 καὶ
3507 2853 3665 2910 χαρι-
3689 2887 3701 2897 ,

2079 2936 2306 3007 ζὸμενος
2353 2935 2454 3005 τὴν
2479 2932 2652 2987 ἀΐδιόν
2681 2949 2739 2986 τε
2779 2933 2877 2986 καὶ
2917 2931 3310 3001 άνεκλάλητον,
3343 2932 3438 2984 καὶ
3464 2930 3663 2984 παντά-

2078 3047 2214 3082 πασι
2266 3027 2470 3091 παντὸς
2529 3025 2823 3096 ἐλευθέραν
2881 3024 3272 3096 γνωρίσματος
3321 3026 3662 3094 συστατικῆς

2082 3121 2344 3192 ἰδιότητος
2383 3119 2486 3190 τῆς
2517 3119 2804 3190 παρούσης
2834 3119 2930 3172 καὶ
2956 3117 3046 3171 διὰ
3097 3117 3308 3188 φθορᾶς
3337 3117 3382 3149 ⁸³
3409 3133 3663 3169 συνιστα-

389 3217 654 3262 εῐιιρτηοηι
685 3225 794 3264 non
824 3225 920 3264 aer
949 3211 1248 3280 inspirans,
1288 3229 1468 3284 neque
1500 3214 1784 3286 sanguinis
1810 3215 1973 3270 rivuli

2083 3215 2250 3284 μένης
2275 3213 2444 3283 ζωῆς,
2470 3212 2539 3282 ἢν
2574 3211 2677 3265 οὐκ
2705 3209 2814 3282 ἀὴρ
2851 3209 3279 3280 είσπνεόμενος,
3297 3207 3406 3262 οὐδ’
3434 3207 3664 3278 αἷμα-τος

393 3299 590 3368 licpate
621 3299 856 3357 ﬂuentes
902 3304 1273 3368 constituunt,
1326 3305 1424 3361 sed
1475 3307 1624 3362 Deus
1663 3315 1810 3361 totus
1843 3306 1976 3362 totis

393 3390 780 3460 participatus,
813 3401 867 3447 et
896 3393 1094 3450 animae
1116 3395 1170 3450 in
1196 3396 1420 3450 modum
1458 3395 1526 3451 ad
1550 3413 1754 3468 corpus
1779 3397 1978 3453 animae

391 3489 450 3534 et
477 3498 578 3552 per
595 3483 830 3538 mediam
861 3484 1100 3540 animam
1123 3487 1190 3542 ad
1206 3503 1407 3559 corpus
1433 3487 1634 3555 factus,
1658 3489 1804 3544 sicut
1821 3489 1978 3544 novit

395 3573 534 3641 ipse,
568 3583 630 3630 ut
675 3591 741 3630 ea
791 3576 1015 3646 quidem
1066 3577 1657 3635 inconversibilitatem
1714 3580 1972 3650 accipiat,

395 3664 530 3718 illud
560 3681 694 3720 vero
731 3666 1226 3734 immortalitatem,
1255 3679 1312 3726 et
1350 3677 1502 3726 totus
1545 3671 1714 3725 homo
1749 3669 1978 3726 deiﬁce-

395 3764 488 3810 tur
516 3770 616 3824 per
652 3755 994 3813 inhumanati
1058 3757 1156 3815 Dei
1201 3760 1433 3832 gratiam
1459 3761 1804 3829 deiﬁcantis;
1828 3770 1979 3818 totus

394 3848 620 3919 quidem
646 3850 811 3906 homo
827 3847 1065 3908 'manens
1087 3855 1390 3911 secundum
1425 3856 1666 3911 animam
1695 3864 1752 3910 et
1775 3871 1979 3926 corpus

393 3957 492 4012 per
521 3950 799 4008 naturam,
829 3954 887 4000 et
918 3953 1066 4000 totus
1099 3946 1280 4003 factus
1327 3949 1476 4004 Deus
1520 3949 1830 4004 secundum
1861 3951 1980 4004 ani-

395 4047 538 4086 mam
571 4041 628 4088 et
655 4048 856 4103 corpus
887 4051 986 4104 per
1013 4039 1276 4106 gratiam,
1312 4049 1370 4094 et
1419 4041 1844 4094 convenientem
1871 4041 1978 4096 sibi

394 4137 495 4191 per
523 4129 700 4178 totum
737 4123 981 4180 divinam
1015 4127 1190 4182 beatae
1238 4128 1427 4198 gloria:
1475 4129 1803 4192 claritatem,
1854 4139 1980 4200 post

393 4229 560 4283 quam
587 4215 726 4269 nihil
751 4225 836 4272 est
883 4219 950 4272 ad
1011 4219 1430 4290 intelligendum
1479 4222 1722 4278 lucidius
1755 4233 1852 4278 aut
1885 4239 1975 4279 ex-

395 4304 620 4360 celsius.
659 4291 806 4372 Quid
835 4308 983 4362 enim
1018 4309 1286 4374 Ostbaswg,
1319 4311 1376 4365 id
1403 4320 1488 4366 est
1517 4311 1868 4369 deiﬁcatione
1890 4314 1978 4369 di-

395 4395 517 4465 gnis
545 4397 860 4463 amabilius,
893 4415 992 4470 per
1019 4417 1184 4472 quam
1220 4401 1367 4458 Deus
1415 4403 1524 4459 diis
1577 4403 1740 4460 factis
1785 4406 1980 4462 unitus

396 4489 623 4544 omnino
657 4491 1077 4549 universitatem
1105 4509 1261 4549 suam
1320 4495 1452 4550 facit
1482 4512 1582 4567 per
1631 4496 1982 4554 bonitatem?

2079 3307 2263 3378 ὀχετοὶ
2308 3303 2402 3358 τοῦ
2465 3305 2676 3375 ἥπατος
2719 3301 3090 3374 ἀπορρέοντες
3137 3300 3484 3364 συνιστῶσιν,
3533 3299 3663 3353 ἀλλὰ

2063 3398 2212 3462 ’Θεὸς
2231 3397 2350 3460 ὅλος
2375 3397 2518 3460 ὅλοις
2553 3395 2937 3466 μετεχόμενος,
2971 3393 3067 3447 καὶ
3093 3393 3276 3464 ψυχῆς
3305 3392 3509 3462 τρόπον
3530 3391 3664 3462 πρδς

2083 3490 2243 3562 σῶμα
2271 3491 2338 3562 τῇ
2372 3489 2543 3560 ψυχῇ,
2577 3489 2672 3542 καὶ
2695 3487 2784 3541 διὰ
2814 3487 2991 3567 μέσης
3023 3485 3204 3556 ψυχῆς
3233 3485 3372 3556 πρὸς
3402 3485 3563 3554 σῶμα
3589 3500 3665 3552 γιο

2081 3583 2328 3654 νόμενος,
2353 3582 2429 3645 ὡς
2466 3579 2609 3636 οἶδεν
2639 3579 2824 3644 αὐτὸς,
2857 3579 2976 3650 an;
3007 3579 3106 3649 μέν
3136 3577 3399 3649 ἀτρεψίαν
3427 3577 3662 3646 δέξηται.

2080 3675 2142 3729 τὸ
2185 3675 2244 3728 δέ
2273 3673 2596 3738 ἀθανασίαν,
2627 3673 2724 3726 καὶ⁵
2761 3672 2880 3736 ὅλος
2922 3671 3214 3742 ἄνθρωπος
3265 3668 3445 3740 θεωθῇ
3473 3672 3540 3740 τῇ
3573 3667 3662 3722 τοῦ

2080 3766 2614 3838 ἐνανθρωπήσαντος
2643 3763 2782 3818 Θεοῦ
2825 3763 3011 3834 χάριτι
3045 3761 3516 3836 θεουργούμενος,
3546 3761 3662 3822 ὅλος

2084 3858 2184 3929 μὲν
2213 3855 2504 3926 ἅνθρωπος
2537 3856 2716 3926 μένων
2745 3853 2888 3908 κατὰ
2927 3852 3108 3924 ψυχὴν
3139 3853 3236 3906 καὶ
3267 3851 3426 3922 σῶμα
3457 3851 3548 3906 διὰ
3567 3850 3660 3921 τὴν

2082 3949 2267 4020 φύσιν,
2295 3949 2390 4002 καὶ
2413 3949 2532 4010 ὅλος
2561 3948 2745 4018 (127
2773 3948 2826 4014 ὅ)
2882 3945 3172 4018 γινόμενος
3203 3944 3340 4008 Θεὸς
3375 3945 3516 3998 κατὰ
3561 3944 3660 4014 dpu-

2081 4039 2182 4111 χὴν
2209 4037 2303 4092 καὶ
2335 4037 2498 4108 σῶμα
2517 4037 2608 4091 διὰ
2630 4037 2728 4109 τὴν
2766 4037 2930 4109 χάριν
2975 4036 3070 4091 καὶ
3119 4035 3218 4108 τὴν
3274 4036 3663 4107 ἐμπρέπουσαν

2082 4129 2232 4201 αὐτῷ
2258 4129 2434 4184 διόλου
2468 4129 2622 4184 θείαν
2655 4131 2756 4200 τῆς
2787 4129 3065 4202 μακαρίας
3092 4129 3251 4199 δόξης
3279 4127 3662 4199 λαμπρότητα,

2085 4222 2206 4294 μεθ’
2222 4222 2288 4294 ἣν
2309 4223 2410 4277 οὐκ
2431 4221 2546 4276 ἐστι
2571 4239 2623 4276 τι
2645 4223 2932 4292 ἐπινοῆσαι
2948 4221 3326 4292 λαμπρότερον
3349 4220 3382 4292 ἦ
3405 4220 3664 4291 ὑψηλότε-

2084 4326 2198 4381 ρον.
2234 4310 2300 4362 Τί
2322 4311 2430 4382 γὰρ
2447 4309 2697 4373 θεώσεως,
2727 4313 2841 4374 τοῖς
2871 4311 3048 4376 ἀξίοις
3072 4307 3508 4382 ἐρασμιώτερον,
3539 4306 3658 4362 καθ’

2082 4402 2150 4474 ἢν
2187 4404 2215 4456 ὁ
2247 4401 2380 4466 Θεὸς
2401 4401 2544 4466 θεοῖς
2576 4400 2892 4472 γενομένοις
2917 4401 3209 4472 ἐνούμενος
3239 4399 3301 4453 τὸ
3338 4399 3446 4453 πᾶν
3468 4396 3664 4452 ἑαυτοῦ

2085 4496 2320 4548 ποιεῖται
2347 4494 2418 4547 δι’
2444 4493 2761 4565 ἀγαθότητα
2792 4511 2806 4560 ;
2837 4493 2929 4546 Διὸ
2951 4493 3046 4547 καὶ
3099 4492 3298 4564 ἡδονὴν
3344 4491 3439 4545 καὶ
3488 4493 3666 4544 πεῖσιν

396 4582 472 4635 Ac
498 4596 596 4652 per
616 4583 721 4638 hoc
750 4584 1177 4643 delectationem
1205 4595 1262 4644 et
1285 4589 1595 4659 passionem
1630 4600 1687 4646 et
1715 4591 1973 4663 gaudium

2085 4583 2180 4638 καὶ
2207 4583 2384 4656 χαρὰν
2419 4584 2604 4648 καλῶς
2626 4585 2920 4656 ὠνόμασαν
2961 4584 3060 4656 τὴν
3083 4585 3346 4656 τοιαύτην
3391 4585 3666 4638 κατάστα-

397 4672 538 4728 bene
574 4675 976 4732 nominaverint
1003 4680 1164 4734 talem
1193 4688 1398 4736 statum
1441 4681 1537 4751 qui
1581 4691 1667 4736 est
1697 4697 1798 4751 per
1832 4683 1976 4737 divi-

396 4782 523 4820 nam
556 4767 810 4822 notitiam
843 4779 897 4824 et
923 4782 1355 4840 consequentem
1386 4788 1445 4828 se
1467 4773 1672 4828 lanitiae
1701 4773 1974 4829 fructum:

395 4857 820 4915 delectationem
847 4863 1072 4932 quidem
1110 4865 1329 4930 merito,
1377 4866 1508 4920 dum
1540 4866 1612 4920 sit
1643 4864 1766 4921 linis
1812 4877 1978 4922 natu-

396 4949 594 5004 ralium
618 4953 1024 5021 operationum.
1061 4954 1152 5010 Sic
1183 4955 1334 5010 enim
1385 4956 1808 5010 delectationem
1839 4956 1976 5012 deﬁ-

396 5043 594 5107 niunt;
646 5045 954 5112 passionem
1017 5061 1152 5100 vero
1204 5045 1374 5101 veluti
1428 5047 1818 5101 cxtendentem
1861 5049 1976 5111 vir-

397 5136 568 5182 tutem
601 5139 655 5184 et
687 5131 754 5186 ad
786 5131 839 5186 id
865 5133 1012 5202 quod
1049 5135 1178 5188 facit
1201 5133 1253 5188 id
1277 5133 1424 5203 quod
1455 5127 1664 5203 patitur
1701 5133 1974 5190 inducen-

398 5231 530 5286 tem,
551 5224 850 5278 secundum
879 5226 1147 5281 redditam
1167 5228 1312 5282 aeris
1338 5227 1403 5281 ad
1422 5227 1603 5282 lucem
1629 5227 1766 5282 etad
1793 5227 1973 5298 ignem

396 5311 531 5366 ferri
575 5314 1062 5384 paradigmaticam
1095 5334 1340 5382 causam,
1373 5327 1428 5374 et
1455 5317 1780 5372 credibilem
1810 5328 1971 5373 natu-

2088 4695 2194 4746 σιν,
2228 4677 2326 4750 τὴν
2359 4681 2426 4750 τῇ
2475 4677 2598 4750 θείᾳ
2645 4679 2974 4749 κατανοήσει
3021 4677 3118 4731 καὶ
3151 4681 3217 4750 τῇ
3249 4677 3496 4748 ἑπομένῃ
3530 4677 3667 4747 αὐτῇ

2084 4770 2182 4839 τῆς
2234 4769 2577 4842 εὐφροσύνης
2617 4770 2940 4835 ἀπολαύσει,
2974 4769 3170 4841 ἡδονὴν
3231 4769 3350 4840 μὲν,
3391 4769 3468 4832 ὡς
3519 4767 3669 4831 τέλος

2085 4855 2252 4914 οὖσαν
2303 4859 2412 4914 τῶν
2457 4861 2599 4914 κατὰ
2652 4860 2817 4929 φύσιν
2871 4860 3164 4930 ἐνεργειῶν
3193 4858 3358 4930 (οὕτω
3403 4859 3515 4930 γὰρ
3572 4857 3668 4928 τὴν

2087 4953 2278 5024 ἡδονὴν
2315 4953 2634 5024 ὁρίζονται),
2677 4955 2858 5006 πεῖσιν
2894 4953 2950 5006 δὲ
2992 4953 3070 5016 ὡς
3125 4951 3458 5022 ἐκστατικὴν
3513 4951 3673 5005 δύνα-

2090 5063 2203 5117 μιν,
2230 5047 2365 5116 πρὸς
2389 5045 2452 5098 τὸ
2479 5045 2664 5098 ποιοῦν
2694 5045 2754 5098 τὸ
2777 5046 2987 5116 πάσχον
3019 5046 3324 5114 ἐνάγουσαν
3351 5083 3365 5108 ,
3396 5043 3541 5098 κατὰ
3572 5042 3670 5114 τὴν

2085 5135 2438 5190 ἀποδοθεῖσαν
2465 5135 2562 5188 τοῦ
2601 5135 2762 5204 ἀέρος
2796 5135 2935 5206 πρὸς
2979 5137 3040 5189 τὸ
3073 5136 3189 5205 φῶς
3237 5136 3335 5188 καὶ
3364 5133 3462 5188 τοῦ
3499 5134 3668 5205 πυρὸς

2087 5230 2221 5298 πρὸς
2267 5229 2358 5282 τὸν
2420 5229 2639 5298 σίδηρον
2669 5228 2712 5259 ¹⁴
2744 5225 3263 5300 παραδειγματικὴν
3320 5230 3502 5282 αἰτίαν
3529 5271 3544 5296 ,
3577 5227 3667 5283 καὶ

2085 5322 2380 5375 πείθουσαν
2434 5322 2678 5388 φυσικῶς
2730 5323 2824 5374 καὶ
2875 5322 3090 5392 ἀληθῶς
3149 5323 3224 5392 μὴ
3273 5323 3402 5378 ἄλλο
3448 5340 3499 5376 τι
3529 5317 3666 5376 εἶναι

603 5476 618 5488 .
1697 5429 1925 5486 γΑιιιΑῑ
1965 5430 2369 5487 LECTlONES.

489 5518 532 5600 ‘f
554 5517 924 5600 ebOutfopnﬁqat
958 5523 1056 5592 μὲν
1076 5524 1164 5580 ed.
1197 5523 1313 5582 Gal.
1339 5525 1422 5580 Al)
1452 5526 1643 5582 eadem
1667 5527 1868 5582 absunt
1898 5529 2065 5584 verba
2089 5530 2228 5582 κατὰ
2260 5528 2440 5598 φύσιν.
2517 5531 2559 5563 ¹³
2585 5529 2880 5600 διαφθορᾶς
2911 5529 3033 5586 cod.
3063 5529 3206 5585 Gud.
3289 5529 3330 5561 “
3359 5530 3418 5584 τὸ
3439 5519 3548 5599 πῦρ
3579 5529 3662 5583 τοῦ

403 5587 624 5657 σιδήρου
653 5591 740 5644 ed.
761 5587 890 5646 'G'al.

1907 5691 2132 5748 NOTAi.

479 5770 542 5892 ἑξ)
557 5773 718 5909 {artic
743 5781 1022 5913 grim'ipali
1053 5785 1343 5855 exemplari
1368 5789 1588 5850 icom'm,
1619 5787 1917 5856 pri-mium!
1942 5807 1974 5842 ’.ς

417 5857 463 5893 (·‹
531 5889 544 5903 ,
647 5859 674 5895 a
697 5859 746 5897 c.

437 5859 463 5893 Ἰ
480 5859 544 5903 ιι,
578 5859 726 5903 tuatc
738 5885 746 5895 .

2156 5790 2228 5857 (ῃ)
2269 5790 2432 5844 \‘crte
2471 5789 2834 5858 complectens.
2871 5763 3068 5860 (Gal—le.)
