3998 6392
351 365 490 430 1089

1606 364 2130 425 AMBIGUORUM
2169 367 2420 428 LIBER.

3475 376 3622 445 1090

343 481 498 552 ποιρᾶ
519 478 740 532 τοῦτο¹⁵
777 477 882 530 τῶν
935 477 1104 529 ὄντων
1162 470 1540 548 κεφάλαιον,ᾖ
1596 478 1656 528 τὸ
1719 477 1926 538 ἁπαῦὲς

2039 480 2230 534 raliter
2263 498 2328 537 ac
2366 499 2516 548 vere,
2548 500 2728 554 neque
2754 487 2904 541 aliud
2941 488 3073 558 quid
3115 504 3260 557 esse,
3293 500 3492 561 praeter
3521 493 3628 550 hoc

337 574 569 636 δεόντως
631 573 936 634 amics-01,
1005 575 1181 642 χαρὰν
1227 573 1284 623 δὲ
1341 571 1411 631 ὡ,
1476 569 1641 639 μηδὲν
1693 571 1926 638 ἔλουσαν

337 667 718 736 ἀντικείμενον
748 666 885 734 μήτε
916 666 1184 733 παρέλυον
1212 666 1350 732 μήτε
1380 661 1590 731 μέλλον.
1619 661 1728 730 Τὴν
1752 662 1926 730 χαρὰν

338 760 450 829 γάρ
497 775 629 827 φασι
662 758 705 786 ¹⁶
741 760 880 826 μήῖε
927 756 1105 824 λύπην
1168 757 1497 807 επίσῖασυαι
1526 753 1923 823 παρελθοῦσαν,

341 854 484 922 μήτε
514 851 599 903 τὸν
625 851 688 902 ἐκ
717 850 885 918 φόϐου
929 851 1088 917 κόρον
1133 846 1488 917 ἐπιδέχεσθαι
1534 845 1926 917 προσδο..ώμε-

337 961 452 1006 νον,
475 942 664 1013 ὥσπερ
699 945 729 1012 ἡ
763 941 1117 1013 ἡδονή.”υοεν
1150 943 1244 994 καὶ
1269 941 1343 1004 ὡς
1379 939 1720 1010 ἐνδεικτικὴν
1757 955 1926 1007 προσ-

335 1037 572 1108 ηγορίαν
615 1037 715 1106 τῆς
759 1034 1062 1106 μελλούσης
1111 1033 1374 1104 ἀληθείας
1424 1032 1779 1102 ὑπάρχουσαν
1830 1030 1923 1099 τὴν

337 1129 518 1200 χαρὰν
551 1127 838 1198 ἐκύρωσαν
869 1124 1150 1196 πανταχοῦ
1194 1123 1248 1176 οἵ
1285 1141 1345 1177 τε
1377 1122 1729 1176 Θεόπνευστοι
1775 1119 1924 1187 λόγοι

335 1225 436 1278 καὶ
474 1224 524 1276 οἱ
555 1221 615 1286 ἐξ
639 1221 820 1274 αὐτῶν
849 1221 917 1274 τὰ
951 1220 1069 1272 θεία
1105 1217 1456 1288 σοφισοέντες
1507 1215 1784 1286 μυστήρια
1815 1213 1924 1264 lla-

332 1317 500 1388 τέρες
561 1314 829 1403 ἡμξῖιν.Εί
875 1311 1056 1364 τοίνυν
1079 1310 1154 1374 ὡς
1210 1312 1268 1362 έν
1321 1309 1619 1380 ἐπιδρομῇ,
1649 1307 1770 1358 κατ’
1821 1303 1924 1374 ἐμὲ

335 1411 508 1478 φάναι
539 1395 653 1458 τὺεί
675 1404 892 1474 μικρὸν,
926 1402 1171 1472 φυσικῶς
1193 1419 1254 1452 τε
1297 1401 1394 1455 καὶ
1424 1397 1714 1472 Γραφικῶς
1753 1395 1794 1426 ³⁷
1833 1395 1926 1447 καὶ

335 1497 633 1568 Πατρικῶς
663 1497 952 1561 δέδεικται,
991 1495 1071 1557 ὡς
1100 1493 1254 1545 οὐδὲν
1287 1491 1396 1546 τῶν
1445 1487 1690 1560 γενητῶν
1725 1486 1768 1519 ιδ
1806 1485 1922 1538 πώ-

338 1607 477 1642 ποτε
513 1585 834 1656 κινούμενον
878 1585 1031 1654 έστη,
1058 1583 1178 1636 οὐδὲ
1209 1581 1308 1649 τῆς
1340 1579 1531 1649 (128
1562 1579 1617 1648 ιι)
1639 1581 1930 1637 inmota»

335 1685 482 1740 κατὰ
528 1681 619 1734 τὸν
675 1681 815 1733 Θείον
865 1679 1066 1732 σκοπὸν
1104 1675 1408 1729 ἐπελάϐετο
1447 1673 1678 1742 λήξεως,
1711 1671 1848 1738 πρὸς
1869 1666 1927 1719 δὲ

333 1774 550 1837 τούτοις
581 1775 674 1826 καὶ
695 1772 769 1834 ὡς
805 1772 1090 1841 ἀμήχανον
1117 1769 1212 1838 τῆς
1241 1768 1296 1818 ἐν
1319 1765 1396 1836 τῷ
1420 1765 1540 1834 Θεῴ
1565 1764 1927 1832 μονιμότητος

2034 588 2231 626 eorum
2259 591 2382 644 qua:
2404 585 2530 629 sunt
2560 578 2864 646 capituium
2911 580 3040 650 (hoc
3069 590 3156 636 est
3187 583 3628 637 consummatio-

2035 673 2212 734 nem),
2269 675 2460 736 quani'
2511 669 2935 738 impassibiiitas
2983 681 3292 740 opportune
3341 673 3627 742 sequitur;

2031 759 2297 824 gaudium
2325 776 2546 830 quoque
2569 765 2712 832 jure,
2754 765 2886 818 dum
2921 767 3060 818 nihil
3101 766 3302 820 habeat
3331 775 3630 833 contrapo-

2031 849 2220 913 situm,
2246 866 2423 920 neque
2459 855 2802 922 prmterituni
2829 873 3007 925 neque
3043 858 3290 910 futurum
3317 873 3332 920 ;
3365 855 3629 924 gaudium

2030 939 2181 993 enim
2231 941 2428 995 dicunt
2473 961 2654 1014 neque
2711 949 2992 1001 tristitiam
3052 965 3215 1000 nosse
3247 947 3626 1015 piacteritant,

2030 1047 2212 1100 neque
2235 1049 2301 1086 ex
2327 1036 2520 1090 timore
2547 1039 2859 1092 satietatem
2877 1043 3236 1108 accepturum
3262 1037 3332 1092 iri
3375 1047 3631 1107 spectan-

2031 1121 2182 1188 dam,
2211 1125 2359 1203 sicut
2395 1127 2714 1184 delectatio.
2763 1131 2920 1186 Unde
2977 1131 3144 1186 etiam
3186 1130 3362 1184 veluti
3393 1129 3628 1184 demon-

2031 1217 2318 1272 strativam
2337 1223 2768 1290 appellationem
2803 1224 3002 1278 futura:
3024 1224 3280 1279 veritatis
3311 1223 3628 1278 subsisten-

2029 1317 2140 1364 tem
2161 1311 2532 1366 decreverunt
2553 1313 2759 1383 ubique
2785 1323 2842 1368 et
2871 1330 2901 1367 a
2922 1314 3035 1367 Deo
3059 1315 3315 1384 inspirati
3333 1330 3624 1370 sermones

2026 1411 2083 1458 et
2115 1418 2183 1458 ex
2209 1405 2290 1459 eis
2319 1403 2507 1460 divina
2531 1406 2812 1476 sapientes
2869 1407 3129 1476 mysteria
3184 1407 3376 1461 Patres
3420 1405 3623 1465 nostri.

2027 1496 2219 1567 Itaque
2243 1498 2714 1568 quemadmodum
2742 1501 2800 1554 in
2853 1501 3088 1555 transitu
3139 1511 3370 1570 apparet
3396 1517 3495 1571 per
3526 1516 3617 1556 me

2034 1588 2342 1658 paululum,
2372 1599 2429 1645 et
2449 1591 2781 1646 naturaliter
2809 1601 2868 1646 et
2911 1609 3010 1662 per
3063 1592 3404 1662 Scripturam
3457 1593 3531 1664 (Ιι)
3567 1599 3624 1646 et

2036 1681 2226 1736 Patres
2247 1691 2534 1737 ostensum
2563 1692 2669 1748 est,
2699 1687 2979 1752 quomodo
3009 1686 3222 1738 nullum
3277 1701 3473 1740 eorum
3503 1701 3626 1754 qua:

2035 1772 2181 1828 facta
2208 1783 2359 1839 sunt,
2403 1791 2646 1844 unquam
2676 1777 2824 1830 sistit
2850 1787 3028 1842 motu,
3061 1793 3242 1847 neque
3268 1779 3321 1832 in
3345 1795 3404 1833 se
3435 1796 3628 1832 secun-

333 1867 447 1922 τῶν
476 1867 815 1937 ἀξιουμένων
837 1863 1274 1936 παρεγκλιοῆναι
1299 1861 1361 1914 τὸ
1393 1858 1646 1930 βάσιμον.
1672 1854 1794 1917 Πῶς
1819 1853 1887 1923 γά
1898 1868 1928 1922 ρ

2038 1865 2169 1920 dum
2193 1867 2440 1920 divinam
2471 1868 2908 1938 speculationem
2933 1871 3147 1939 accepit
3178 1873 3443 1939 quietem,
3501 1886 3627 1924 cum

335 1963 457 2014 ἐστι
484 1949 734 2026 δυνατὸν,
778 1958 866 2012 ἵνα
897 1959 1010 2021 τοῖς
1046 1956 1361 2028 εἰρημένοις
1393 1951 1600 2023 μικράν
1635 1966 1755 2001 τινα
1787 1946 1923 2018 πρὸς

336 2054 632 2126 βεϐαίωσιν
681 2053 779 2124 τὴν
829 2053 894 2105 ὲκ
933 2049 1214 2118 λογισμιυν
1252 2049 1434 2116 δωμεν
1485 2044 1765 2115 μοήῦειαν,
1798 2056 1925 2104 τους

335 2148 497 2212 ams.
543 2148 601 2200 ὲν
637 2145 715 2216 τῷ
739 2143 860 2214 Θεῷ
895 2141 1252 2212 ὑπαρκτικῶς
1289 2140 1616 2208 γενομένους
1645 2135 1735 2188 τὸν
1768 2135 1924 2202 ὑϐρι-

337 2241 474 2310 στὴν
532 2239 677 2292 κατὰ
715 2239 814 2307 τὴν
854 2238 1039 2305 ἔφεσιν
1083 2230 1452 2296 ὑποδέξασθαι
1503 2230 1686 2298 κόρον,
1723 2225 1926 2287 παντὸς

337 2335 506 2402 κόρου
534 2331 673 2384 κατὰ
693 2329 783 2382 τὸν
809 2329 937 2382 ἴδιον
965 2327 1123 2394 λόγον
1153 2342 1212 2377 τε
1245 2324 1342 2376 καὶ
1375 2323 1501 2392 ὅρον
1530 2321 1766 2392 ὀρέξεως
1801 2331 1929 2382 τυγ-

337 2428 610 2496 χάνοντος·
649 2419 961 2486 σϐεστικοῦ,
989 2419 1082 2471 καὶ
1130 2416 1272 2469 κατά
1305 2415 1400 2467 δύο
1454 2409 1850 2479 συνισταμένου
1881 2406 1926 2436 ²⁰

337 2519 598 2591 τρόπους.
634 2517 702 2568 Ἢ
735 2523 846 2587 γὰρ
878 2515 950 2568 τὰ
981 2513 1319 2582 ὑποκείμενα
1344 2509 1418 2570 ὡς
1454 2504 1631 2577 μικρὰ
1654 2502 1927 2574 περιγρά-

341 2629 522 2682 φουσα
555 2614 588 2682 ἡ
619 2611 797 2682 ὗρεξις
835 2609 1144 2671 σϐέννυται,
1178 2607 1210 2676 ἢ
1244 2603 1588 2674 ἁτιμάζουσα
1617 2599 1692 2662 ὡς
1723 2594 1930 2666 αἰσχρά

340 2723 406 2760 τε
442 2705 539 2758 καὶ
582 2704 798 2772 ειδεχῡή
854 2701 1228 2771 βδελύσσεται,
1257 2696 1348 2764 ὑφ’
1377 2689 1452 2747 ὼν
1503 2693 1531 2744 ὁ
1583 2691 1740 2760 κόρος
1782 2689 1929 2756 γίνε-

346 2799 475 2851 ovat
502 2800 767 2864 πέφυκεν.
807 2795 864 2846 '0
897 2794 953 2845 δὲ
979 2793 1112 2855 Θεὸς
1138 2789 1298 2858 φύσει
1333 2787 1598 2856 ὑπάρχων
1618 2789 1775 2852 ar.ng
1790 2783 1844 2843 ὸς
1868 2796 1928 2832 τε

343 2891 440 2944 καὶ
461 2889 640 2956 τίμιος
667 2887 962 2940 ἐπιτείνειν
986 2885 1186 2954 μᾶλλον
1216 2881 1325 2934 τῶν
1352 2877 1736 2932 ἀπολαυόντων
1761 2873 1926 2924 αὑςοῠ

341 2985 432 3037 διὰ
455 2983 555 3052 τῆς
591 2980 830 3051 μετοχῆς
858 2978 995 3048 πρὸς
1025 2977 1087 3028 τὸ
1109 2976 1364 3046 ἀόριστον
1392 2971 1490 3040 τὴν
1524 2971 1702 3038 ὃρεςιι
1757 2983 1929 3032 λεμ-

345 3089 466 3128 κεν.
499 3073 562 3124 Εἰ
595 3073 651 3126 δὲ
685 3071 833 3124 τοῦτ’
865 3069 1064 3140 ἀληθὲς
1091 3109 1105 3132 ,
1140 3066 1334 3136 ὥσπερ
1373 3060 1466 3116 οὖν
1506 3067 1602 3113 καὶ
1635 3067 1802 3130 εστιν,
1830 3059 1934 3109 οὐκ

345 3163 417 3238 ἦν
451 3165 559 3234 ἄρα
587 3165 620 3234 ἡ
661 3161 930 3232 λεγομένη
966 3161 1090 3222 ὲνὰς
1115 3159 1224 3210 τῶν
1246 3155 1482 3224 λογικῶν
1511 3155 1554 3184 ⁸³
1579 3192 1594 3218 ,
1623 3152 1744 3220 ἥτις
1771 3147 1931 3216 κόρον

2036 1955 2122 2008 bis
2153 1972 2396 2025 quoque,
2432 1957 2714 2026 quomodo
2737 1958 3081 2028 impossibile.
3111 1969 3195 2013 est
3250 1964 3303 2012 in
3346 1960 3460 2014 Deo
3497 1977 3627 2028 per-

2033 2045 2341 2104 mansionis
2363 2049 2659 2120 dignorum
2701 2051 3037 2120 reprehendi
3086 2051 3424 2106 ﬁrmitatem.
3477 2056 3628 2118 Quo-

2037 2141 2204 2194 modo
2225 2141 2373 2195 enim
2418 2151 2504 2196 est
2557 2143 2846 2212 possibile,
2906 2155 2968 2198 ut
3018 2144 3104 2197 liis
3147 2161 3269 2214 qua:
3319 2145 3464 2200 dicta
3497 2157 3631 2205 sunt

2036 2248 2266 2302 parvum
2297 2235 2574 2304 quoddam
2601 2235 2672 2290 ad
2707 2237 3188 2306 continuationem
3230 2253 3299 2291 ex
3329 2238 3628 2292 ratiocina—

2039 2325 2288 2381 tionibus
2315 2327 2510 2382 demus
2551 2328 2916 2399 adjutorium,
2946 2331 3113 2384 semel
3152 2328 3206 2382 in
3230 2329 3344 2384 Deo
3374 2330 3631 2384 substan-

2037 2419 2242 2472 tialiter
2271 2419 2446 2474 factos
2475 2419 2749 2490 ingratam
2789 2436 2889 2490 per
2946 2419 3294 2475 desiderium
3347 2437 3628 2492 accepisse

2035 2509 2368 2573 satietatem,
2407 2511 2537 2564 dum
2584 2513 2768 2566 omnis
2823 2513 3070 2573 satietas,
3117 2518 3425 2567 secundum
3470 2529 3626 2568 suam

2037 2600 2308 2656 rationem
2361 2611 2419 2657 et
2471 2601 2856 2658 deﬁnitionem
2920 2604 3223 2658 constituta
3283 2605 3627 2661 desiderium

2034 2693 2374 2763 exstinguat,
2399 2701 2456 2748 et
2479 2693 2787 2748 secundum
2821 2694 2964 2749 duos
2997 2695 3370 2750 constituatur
3411 2697 3624 2752 nitidos.

2037 2785 2149 2838 Aut
2187 2783 2344 2838 enim
2377 2800 2501 2854 qua:
2524 2785 2770 2856 subjecta
2801 2795 2932 2840 sunt
2970 2786 3139 2840 veluti
3168 2803 3338 2856 parva
3383 2787 3626 2843 circum-

2037 2875 2290 2931 scribens
2321 2876 2662 2932 desiderium
2693 2879 3016 2949 exstinguit,
3049 2888 3430 2948 autspernens
3453 2883 3626 2934 veluti
3670 2924 3674 2928 .

2040 2969 2224 3037 turpia
2255 2983 2320 3022 ac
2349 2969 2622 3024 deformia
2654 2971 3031 3035 abominatur,
3051 2986 3120 3024 ex
3149 2971 3238 3025 bis
3260 2972 3488 3026 satietas
3503 2971 3630 3028 ﬁeri

2039 3059 2347 3113 consuevit.
2372 3060 2520 3114 Deus
2543 3077 2674 3115 vero
2707 3069 2906 3116 natura
2943 3062 3256 3117 subsistens
3289 3063 3538 3118 inﬁnitus
3563 3078 3628 3119 ac

2041 3151 2319 3219 pretiosus
2341 3153 2643 3206 extendere
2679 3153 2851 3223 magis
2880 3153 3185 3208 fruentium
3216 3170 3274 3211 se
3308 3171 3424 3225 per,
3451 3157 3628 3226 parti-

345 3232 715 3325 λαϐοὖσα-τῆς
745 3256 802 3306 ἐν
833 3253 911 3324 τῷ
942 3251 1062 3322 Θεῷ
1095 3250 1458 3322 μονιμότητος
1503 3247 1802 3314 ἐμερίσθη,
1834 3239 1929 3290 καὶ

2038 3243 2371 3313 eipationem
2403 3245 2472 3298 ad
2526 3245 2581 3298 id
2622 3245 2773 3314 quod
2821 3244 3103 3298 inﬁnitum
3133 3254 3240 3311 est,
3289 3247 3630 3304 desiderium

346 3349 426 3421 τῷ
458 3348 644 3418 οἰκείῳ
673 3345 967 3416 σκεδασμῷ
1002 3343 1100 3416 τὴν
1134 3342 1230 3395 τοῦ
1273 3341 1484 3408 κόσμου
1531 3336 1726 3389 τούτου
1775 3335 1930 3398 γενε-

351 3459 438 3494 σιν
469 3439 888 3508 συνεισήγαγεν,
916 3435 1002 3488 ἵνα
1031 3433 1108 3504 μὴ
1143 3431 1204 3486 τὸ
1245 3430 1450 3500 ἀγαυὸν
1480 3428 1931 3496 εμπερίγρατιτον

349 3527 638 3600 ποιώμεθα
677 3531 773 3599 καὶ
798 3528 1018 3598 ἄτιμον,
1051 3527 1126 3588 ὡς
1156 3524 1304 3594 κόρῳ
1329 3522 1436 3575 τινὶ
1477 3516 1932 3589 περιοριζόμενον

351 3627 447 3678 καὶ
471 3627 711 3684 στάσεως
744 3619 918 3674 αἰτιον
949 3617 1232 3686 γινόμενον
1261 3615 1515 3675 ἐκείνοις,
1545 3606 1621 3668 ὧν
1649 3611 1749 3678 τὴν
1799 3607 1932 3672 ἐρε-

354 3737 440 3772 σιν
477 3719 736 3787 ἀκίνητον
790 3717 1013 3784 κρατεῖν
1063 3712 1125 3764 οὐ
1175 3708 1462 3776 δεδύνηται
1495 3703 1564 3757 ⁸³.
1594 3704 1705 3757 Καὶ
1753 3703 1932 3768 μάτην

351 3811 541 3864 λοιπόν
593 3825 737 3872 τινες
779 3806 988 3876 ταύτην
1035 3804 1412 3866 θεσπίζουσιν,
1445 3799 1519 3858 ὼς
1549 3796 1741 3867 ἔμοιγε
1763 3793 1933 3854 δοκεῖ,

353 3909 422 3958 τὰ
462 3907 539 3975 μὴ
567 3901 697 3956 ὅντα
725 3900 1120 3968 πλαττόμενοι,
1151 3897 1245 3950 καὶ
1274 3894 1337 3947 τὸ
1380 3893 1446 3963 δὴ
1479 3890 1672 3944 τούτου
1705 3884 1938 3958 βαρύτε-

357 4013 473 4068 ρον,
505 3997 602 4047 καὶ
620 3993 712 4046 τοῦ
747 3993 1022 4062 μακαρίου
1047 3991 1240 4042 τοὰτου
1267 3985 1475 4056 πατρὸς
1499 3983 1572 4045 ὼς
1603 3981 1778 4034 ταὺτα
1803 3993 1937 4046 φρο-

356 4072 576 4150 νοῦντοξ
607 4084 1094 4155 καταψευδόμενοι,
1133 4074 1282 4152 ἐφἰἷ)
1322 4079 1398 4150 μὴ
1429 4077 1588 4148 μόνον
1621 4075 1820 4134 αὐτοὺς
1873 4073 1938 4121 ἐκ

359 4180 626 4254 προτέρου
678 4179 852 4240 ειδους
882 4177 1026 4246 ζωῆς
1049 4178 1146 4237 τὰς
1177 4173 1354 4243 ψυχὰς
1381 4172 1462 4232 είς
1499 4167 1728 4236 σώματα
1763 4164 1938 4254 ἐλθεῖν

358 4253 452 4326 ἰπὶ
489 4271 734 4342 τιμωρίᾳ
790 4269 902 4322 τῶν
952 4265 1364 4340 προγεγονότων
1425 4259 1614 4334 (128
1648 4257 1700 4327 ὑ)
1748 4253 1939 4307 κακῶν

359 4367 581 4436 φρονεῖν
615 4364 661 4396 ³³
711 4365 796 4415 ἐπ’
830 4361 1014 4424 ἀδείας
1068 4357 1349 4422 δύνασθαι,
1408 4356 1549 4408 ἀλλὰ
1596 4352 1692 4405 καὶ⁸
1745 4348 1940 4410 ἄλλους

357 4459 576 4528 ἀπατᾷν
598 4455 772 4520 οὕτως
804 4454 948 4526 ἔχειν
979 4451 1220 4521 εὐλόγως
1255 4449 1558 4520 ἐπιχειρεῖν
1585 4444 1676 4498 διὰ
1705 4445 1805 4514 τῆς
1827 4441 1940 4492 τῶν

359 4548 670 4622 προσώπων
715 4547 1080 4614 ἀξιοπιστίας,
1107 4545 1170 4597 οὺ
1205 4540 1387 4603 καλῶς
1429 4538 1520 4594 οὐδ
1566 4536 1730 4599 ὁσίως
1765 4535 1938 4604 πρόιτε

359 4657 574 4704 τοντας,
612 4639 735 4692 ’ἀλλ’
771 4639 1014 4702 ἐκείνους
1064 4637 1286 4708 ἔχοντας
1335 4631 1566 4701 ἀφέντες
1614 4629 1688 4690 ὼς
1721 4627 1938 4696 ἔχουσιν

359 4732 518 4784 αὐτοὶ
550 4729 792 4794 εὐσεϐῶς
821 4732 982 4802 ἡμεῖς
1003 4729 1098 4782 τὸν
1139 4725 1264 4780 νοῦν
1289 4723 1384 4776 τοῦ
1414 4720 1739 4776 διδασκάλου
1798 4715 1937 4786 πρὸς

357 4825 476 4888 τοῖς
504 4825 812 4896 εἰρημένοις
837 4823 929 4876 καὶ
948 4820 1068 4875 κατ’
1099 4818 1258 4872 ἄλλον
1289 4811 1698 4886 σκοπήσομενίδ
1715 4812 1938 4880 τρόπον.

2035 3336 2346 3392 consuevit.
2379 3337 2438 3392 Si
2468 3346 2654 3391 autem
2680 3337 2786 3392 hoc
2808 3353 3028 3402 verum,
3084 3339 3235 3394 sicut
3276 3349 3333 3394 et
3368 3347 3474 3406 est,
3516 3355 3631 3396 non

2033 3439 2152 3483 erat
2182 3429 2350 3499 igitur
2379 3429 2493 3494 illa,
2537 3443 2662 3498 qua:
2701 3430 2848 3484 dicta
2907 3412 3016 3494 esi,
3078 3432 3263 3485 unitas
3319 3431 3630 3488 rationabi-

2033 3521 2190 3586 lium,
2224 3537 2346 3591 quae
2379 3523 2690 3576 satietatem
2715 3521 2997 3591 accipiens
3019 3524 3472 3592 perseverantiae,
3507 3540 3632 3594 qua:

2035 3614 2093 3669 in
2118 3615 2250 3679 Deo,
2283 3615 2486 3684 partita
2509 3623 2614 3680 est,
2635 3623 2692 3668 et
2721 3631 2788 3669 ex
2822 3615 3046 3684 propria
3075 3615 3411 3670 discissione
3438 3617 3630 3673 mundi

2037 3707 2202 3778 hujus
2257 3706 2676 3776 generationem
2735 3704 3166 3771 cointroduxit;
3222 3721 3294 3760 ne
3355 3707 3629 3776 Optimum

2035 3801 2242 3856 bonum
2275 3799 2764 3867 circumscriptum
2806 3797 3074 3852 faciamus
3097 3807 3154 3852 et
3179 3799 3311 3862 vile,
3339 3801 3510 3854 veluti
3537 3815 3630 3854 sa-

2039 3897 2226 3946 tietate
2253 3888 2494 3959 quadam
2520 3888 2974 3952 circumlinitum,
2999 3896 3058 3942 et
3085 3888 3382 3943 seditionis
3405 3904 3629 3944 causam

2036 3983 2236 4036 iactam
2269 3979 2397 4045 illis,
2423 3995 2665 4050 quorum
2716 3979 3080 4047 desiderium,
3129 3979 3186 4034 id
3237 3980 3388 4050 quod
3419 3981 3632 4036 incom-

2038 4074 2308 4130 mutabile
2340 4083 2444 4139 est,
2473 4083 2662 4128 tenere
2690 4088 2803 4128 non
2825 4073 3005 4143 potuit
3035 4072 3118 4145 (ἱ).
3146 4072 3216 4126 Et
3234 4087 3304 4126 ne
3331 4071 3630 4127 vanitatem

2042 4169 2208 4224 talem
2231 4167 2458 4238 quidam
2489 4166 2558 4222 de
2585 4175 2786 4221 αξιοι-ο
2817 4165 3074 4232 adorent,
3125 4176 3188 4220 ut
3222 4164 3360 4219 mihi
3387 4165 3628 4230 videtur,

2038 4275 2104 4314 ea
2125 4275 2249 4330 quae
2273 4275 2386 4313 non
2411 4268 2542 4314 sunt
2565 4257 2855 4328 ﬁngentes,
2887 4265 2944 4312 et
2969 4257 3118 4326 quod
3139 4272 3206 4312 eo
3229 4259 3474 4328 gravius,
3497 4259 3599 4312 bea
3617 4287 3631 4298 -

2041 4361 2160 4404 tum
2193 4351 2344 4404 hunc
2365 4352 2607 4414 Patrem,
2653 4348 2826 4403 veluti
2875 4349 3004 4402 talia
3037 4348 3365 4418 sapientem,
3423 4353 3632 4402 calum-

2041 4443 2292 4509 nientur,
2357 4442 2414 4496 in
2453 4456 2564 4512 quo
2618 4457 2732 4496 non
2783 4440 2962 4494 solum
3027 4454 3088 4494 se
3127 4453 3197 4494 ex
3245 4439 3412 4508 priori
3445 4453 3633 4507 specie

2042 4535 2171 4591 vita:
2201 4539 2416 4588 animas
2443 4533 2502 4586 in
2552 4546 2789 4602 corpora
2831 4530 3022 4585 venire
3053 4529 3110 4584 in
3141 4529 3410 4584 ultionem
3435 4544 3631 4583 eorum

2047 4640 2170 4696 quae
2192 4635 2321 4678 ante
2354 4630 2672 4694 perpetrata
2699 4631 2828 4676 sunt
2858 4621 3130 4674 malorum
3157 4619 3408 4674 dicentes
3436 4635 3634 4674 conse-

2045 4727 2286 4788 quenter
2321 4723 2576 4785 possunt,
2609 4713 2706 4768 sed
2731 4720 2788 4768 et
2810 4712 2951 4766 alios
2985 4711 3256 4766 seducere
3309 4711 3392 4765 sic
3421 4709 3631 4764 habere

2047 4808 2456 4865 rationabiliter
2483 4805 2740 4861 conando
2769 4820 2868 4876 per
2886 4818 3249 4874 personarum
3272 4801 3629 4873 probitatem,

359 4931 547 4985 neque
575 4894 716 4969 bene
744 4927 925 4983 neque
956 4917 1145 4967 sancte
1167 4916 1414 4979 agentes,
1463 4905 1560 4960 sed
1587 4904 1714 4958 illos
1739 4903 1834 4972 qui
1861 4901 1942 4956 sic
1977 4902 2188 4958 habent
2239 4899 2448 4954 habere
2498 4897 2864 4961 dimittentes,
2903 4911 3006 4950 nos
3040 4895 3142 4966 ipsi
3169 4895 3259 4965 pie
3289 4894 3632 4950 intellectum

364 5013 614 5084 magistri
643 5026 768 5066 cum
791 5010 880 5064 his
909 5024 1032 5080 quae
1059 5008 1206 5063 dicta
1253 5014 1386 5062 sunt
1424 5003 1594 5060 etiam
1640 5015 1739 5071 per
1773 4999 1942 5052 alium
1979 4994 2480 5066 contemplabimur
2509 4993 2756 5046 modum.

442 5109 556 5160 υὺκ
584 5103 738 5176 οἶμαι
769 5105 868 5174 τῆς
897 5099 1245 5172 ἀνθρωπίνης
1274 5099 1438 5152 αὑτὸν
1465 5097 1731 5164 γενέσεως
1758 5089 1950 5144 ενταῦ-

2129 5089 2252 5143 Non
2283 5085 2526 5141 arbitror
2587 5084 2759 5156 igitur
2805 5084 3061 5139 humana:
3091 5096 3218 5166 eum
3258 5080 3633 5152 generationis

1686 5247 1722 5301 V
1734 5251 1773 5301 Α
1786 5243 1922 5302 lile
1963 5241 2374 5300 LECTIONES.

464 5415 507 5446 "
527 5411 622 5467 τοῦ
645 5411 704 5465 τὸ
728 5410 817 5466 ed.
839 5408 956 5464 Gal.
1037 5407 1080 5438 ¹⁶
1104 5405 1281 5476 φαμὲν
1308 5403 1399 5459 ed.
1421 5401 1541 5476 Gal.

371 5489 417 5521 "
445 5486 596 5554 αὐτῷ
629 5483 718 5538 ed.
755 5483 872 5537 Gal.
951 5479 996 5510 ²⁰
1037 5470 1428 5554 συεὲιο’τᾲμὶνον
1457 5473 1546 5528 ed.
1574 5470 1694 5526 Gal.

367 5557 462 5616 ed.
517 5544 636 5612 uia.
715 5553 759 5584 ⁸⁵
809 5551 1171 5620 σκοπήσωμεν
1198 5544 1284 5600 ed.
1314 5544 1430 5600 Gal.

1620 5401 1664 5432 "’
1720 5415 1779 5452 τε
1829 5397 1924 5450 καὶ
1961 5393 2266 5466 Γραφικῶς
2297 5411 2407 5449 non
2463 5392 2770 5466 liabetred.
2817 5391 2940 5466 AGal.

1774 5474 1816 5500 “
1847 5465 2138 5520 πολιτικων
2169 5465 2294 5521 cod.
2323 5466 2465 5520 Gud.

3020 5390 3064 5422 ¹³
3090 5389 3363 5461 γεννητῶν
3390 5389 3479 5445 ed.
3511 5389 3635 5448 ϐαιῷ

2539 5466 2584 5494 ’⁸
2609 5464 2727 5516 οὐδε
2767 5462 2994 5533 δύνηται
3023 5463 3112 5516 ed.
3145 5461 3264 5518 Gal.
3341 5464 3389 5494 ”
3436 5464 3636 5531 φωνεῖν

1906 5629 2138 5688 NOTAE.

447 5721 528 5836 (.h)
549 5756 779 5836 __V'ocula
805 5764 852 5836 et
881 5751 1230 5836 desideratur
1255 5746 1424 5836 in‘ed.
1460 5747 1612 5836 Cale.

549 5811 710 5887 Yerte
741 5839 788 5881 et
815 5834 1015 5897 [rustra
1047 5839 1163 5876 eam
1197 5827 1510 5891 inuitati-ni)
1543 5821 1780 5886 deinceps
1811 5816 2098 5886 prcedicant
2127 5811 2354 5885 (Gala)—
