3998 6374
462 364 591 430 1091

1660 365 1720 424 S.
1762 362 2049 423 ΜΛΧΙΜῙ
2088 364 2591 427 CONFESSORIS

3567 372 3681 440 1032

458 476 571 539 hic,
605 473 702 529 sed
735 471 993 544 ingenita:
1025 473 1076 526 ei
1130 471 1368 527 miseria:
1406 485 1628 526 causam
1671 486 1903 525 narrare
1949 485 2037 524 vo-

2144 469 2234 534 θα,
2274 471 2411 527 ἀλλὰ
2449 475 2547 544 τῆς
2590 475 2985 545 ἐπιγενομένης
3020 476 3158 547 αὐτῇ
3200 476 3561 552 ταλαιπωρίας
3596 484 3682 556 τήν

459 564 895 635 luisse.~Lugens
933 565 1083 618 enim
1111 563 1365 633 corporis
1407 564 1583 618 nostri
1625 563 1904 617 miseriam
1940 578 2039 632 per

461 660 568 714 hoc
600 657 840 714 dicendo
870 676 883 713 :
926 676 947 709 ι
985 657 1030 712 0
1069 657 1521 728 coniunctionem
1548 665 1602 711 et
1628 656 2039 726 separationem

458 766 625 822 quam
651 751 784 806 dum
810 752 981 805 timeo
998 749 1508 819 circumsequor,et
1530 749 1679 819 quod
1705 764 1830 803 amo
1849 749 2032 815 dedi,»

459 849 517 897 et
549 842 767 912 reliqua
794 857 808 895 :
838 848 897 896 et
918 840 1090 896 veluti
1136 842 1285 909 apud
1319 840 1682 909 semetipsum
1717 839 2039 895 deliberans

459 933 530 991 de
565 949 731 990 causa
766 949 963 990 eorum
1009 933 1219 1003 quibus
1257 932 1693 987 debonestamur
1738 932 2032 999 malorum,

458 1035 515 1082 et
544 1034 740 1081 contra
764 1040 891 1095 eam
928 1023 1343 1095 sapientissima
1383 1023 1681 1093 prudentia
1723 1022 2036 1094 disputans,

458 1132 561 1189 per
588 1117 697 1172 hoc
724 1093 872 1188 quod
909 1093 1085 1172 dicit?
1118 1134 1138 1167 ι
1169 1115 1303 1181 Quae
1354 1130 1485 1185 erga
1538 1129 1628 1169 me
1655 1093 1957 1183 sapientia,
1982 1121 2041 1168 et

458 1212 609 1284 quod
640 1226 903 1282 magnum
928 1208 1296 1281 mysterium?
1338 1226 1356 1258 ι
1407 1206 1646 1271 addidit,
1704 1205 2039 1261 solutionem

457 1306 623 1374 plane
644 1303 856 1357 faciens
880 1301 998 1356 sic:
1036 1319 1056 1352 ι
1088 1299 1173 1355 An
1205 1298 1326 1353 vult
1368 1307 1584 1367 partem
1623 1311 1728 1351 nos
1762 1310 1886 1352 esse
1916 1295 2035 1363 Dei,

454 1406 516 1454 et
539 1399 835 1453 desursum
865 1394 1123 1458 fluentes,
1155 1400 1218 1446 ut
1246 1406 1360 1445 non
1389 1405 1489 1460 per
1527 1388 1855 1459 dignitatem
1885 1388 2041 1443 exal-

457 1489 558 1546 tati
587 1496 645 1544 et
667 1486 917 1543 caelestia
941 1484 1383 1553 contemplantes
1410 1480 1786 1551 despiciamus
1809 1478 2042 1535 Creatov

455 1597 575 1636 rem
606 1582 663 1635 in
690 1578 994 1634 luctatione
1023 1590 1089 1631 ac
1116 1590 1303 1645 pugna
1329 1588 1452 1643 quae
1471 1580 1669 1627 contra
1700 1586 1903 1642 corpus
1930 1578 2037 1637 est,

455 1672 527 1728 ad
558 1645 742 1742 ipsum
781 1683 1001 1738 semper
1030 1664 1414 1736 aspiciendum
1456 1670 1516 1718 et
1563 1663 1917 1734 conjunctam
1950 1661 2040 1715 in-

454 1762 771 1817 ﬁrmitatem
809 1759 1148 1814 nutrituram
1179 1770 1302 1811 esse
1349 1753 1660 1825 dignitatis.
1687 1772 1706 1805 ι
1760 1752 1837 1808 Ac
1887 1752 2039 1809 sisic

453 1853 687 1918 diceret,
723 1852 988 1921 quoniam
1016 1848 1244 1920 quidem
1278 1862 1347 1903 ex
1382 1847 1567 1901 anima
1594 1855 1651 1902 et
1678 1861 1916 1917 corpore
1937 1860 2038 1916 per

453 1944 760 2001 bonitatem
789 1959 819 1998 a
848 1943 961 1997 Deo
986 1940 1166 1995 factus
1200 1947 1289 1995 est
1317 1940 1508 2001 homo,
1554 1938 1611 1991 in
1645 1938 1753 1992 hoc
1803 1937 2039 1993 medita-

454 2037 609 2092 bitur
635 2034 784 2106 quod
810 2033 918 2089 sibi
958 2029 1251 2087 rationalis
1289 2040 1347 2085 et
1379 2029 1775 2085 intellectualis
1804 2029 1931 2085 data
1965 2030 2038 2084 sit

453 2130 663 2192 anima,
689 2125 897 2197 quippe
921 2123 1230 2179 secundum
1287 2120 1587 2189 imaginem
1627 2120 1883 2176 facientis
1914 2136 2036 2175 eam

453 2219 777 2283 substituta,
803 2231 927 2287 quae
951 2230 1052 2286 per
1082 2214 1429 2268 desiderium
1480 2212 1704 2283 quidem
1750 2221 1807 2268 et
1829 2228 1898 2267 ex
1923 2220 2038 2268 tota

450 2311 667 2369 virtute
690 2307 1067 2363 universalem
1098 2304 1426 2359 charitatem
1460 2303 1698 2357 ﬁrmiter
1735 2303 1909 2358 Deum
1938 2318 2038 2358 co-

455 2401 711 2472 gnitione
741 2397 1012 2470 possidet,
1041 2403 1099 2454 et
1123 2394 1432 2451 secundum
1463 2395 1888 2450 similitudinem
1916 2394 2037 2450 dei-

445 2492 772 2548 ﬁcationem
801 2489 1057 2559 accipiet,
1102 2487 1410 2543 secundum
1464 2500 1598 2541 vero
1631 2486 2037 2557 disciplinalem

452 2583 522 2641 ad
542 2583 854 2654 subjectum
875 2580 1284 2651 providentiam
1312 2587 1369 2633 et
1398 2577 1467 2633 de
1488 2577 1769 2649 diligendo
1786 2581 2039 2649 proximo

451 2676 604 2732 sicut
626 2689 685 2730 se
709 2674 885 2744 ipsam
913 2673 1117 2744 iubens
1144 2672 1465 2727 mandatum
1498 2675 1520 2703 '
1541 2712 1562 2740 ,
1591 2673 1893 2743 prudenter
1909 2690 2038 2729 cor-

452 2782 560 2839 pus
580 2765 802 2835 recipit,
843 2779 946 2835 per
977 2764 1213 2819 virtutes
1237 2763 1407 2818 etiam
1458 2763 1600 2819 illud
1628 2764 1890 2819 famulari
1921 2765 2038 2819 Deo

452 2857 642 2923 efﬁcit,
677 2864 739 2912 ut
774 2870 1128 2917 conservum,
1180 2862 1239 2910 et
1293 2870 1395 2925 per
1456 2870 1613 2910 suam
1678 2856 2038 2912 medietatem

451 2951 723 3005 factorem
760 2947 929 3002 faciet
955 2961 1364 3016 possessurum,
1410 2956 1469 3002 et
1519 2947 1649 3002 data
1703 2947 2037 3003 immortali-

453 3052 567 3099 tate
598 3041 885 3098 insolubili
916 3040 1144 3095 vinculo
1175 3039 1312 3094 illud
1353 3040 1463 3094 sibi
1494 3041 1948 3111 eonjuncturum,
1976 3048 2040 3095 ut

2140 563 2321 615 αἰτίαν
2376 564 2713 633 ἀφηγεῖσθαι
2773 564 3079 635 βούλεσθαι.
3131 566 3421 639 Θρηνήσας
3458 570 3560 642 γὰρ
3604 574 3683 629 τοῦ

2143 652 2395 724 σώματος
2452 655 2609 727 ήμῶν
2674 656 2773 726 τὴν
2827 656 3171 729 ἐλεεινότητα
3222 658 3312 713 διὰ
3358 658 3451 714 τοῦ
3510 664 3684 730 είπεῖν,

2146 764 2164 795 ι
2212 746 2277 797 Ὤ
2314 744 2415 815 τῆς
2451 744 2713 812 συζυγίας
2740 746 2835 799 καὶ
2864 747 2966 819 τῆς
3002 746 3689 820 ἀλλοτριώσεωςίὸφοόοῦο

2143 853 2264 906 μαι,
2299 836 2568 907 περιέπω,
2598 838 2692 891 καὶ
2716 837 2745 890 ὃ
2768 837 3002 909 στέργω,
3025 838 3266 904 δέδοικα,
3303 857 3321 891 ι
3354 840 3449 893 καὶ
3473 841 3538 894 τὰ
3560 842 3689 914 ἐξῆς,

2141 930 2236 982 καὶ
2282 924 2393 981 οἷον
2428 928 2566 999 πρὸς
2608 930 2802 983 ἐαυτὸν
2840 930 3183 1001 διαπορήσας
3216 931 3346 1003 περὶ
3387 932 3485 1002 τῆς
3534 935 3692 1002 αἰτίας

2138 1019 2251 1074 τῶν
2279 1014 2364 1082 οἷς
2383 1019 2729 1091 ἐνεσχήμεθα
2765 1021 2953 1075 κακῶν
2983 1023 3081 1077 καὶ
3114 1022 3215 1093 τῆς
3261 1022 3385 1075 κατ’
3414 1022 3579 1095 αὑτὴν
3615 1043 3695 1079 σο·

2141 1113 2393 1183 φωτάτης
2437 1114 2695 1184 προνοίας
2757 1114 2846 1168 διὰ
2902 1114 2996 1168 τοῦ
3059 1113 3247 1184 φάναι.
3288 1134 3306 1166 ι
3350 1115 3447 1178 Τίς
3494 1116 3527 1185 ἡ
3586 1116 3697 1188 περὶ

2141 1203 2243 1274 ἐμὲ
2307 1203 2490 1273 σοφία.
2553 1204 2646 1257 καὶ
2694 1205 2745 1258 τί
2786 1205 2847 1258 τὸ
2906 1206 3051 1275 μέγα
3113 1205 3274 1259 τοῦτο
3312 1207 3603 1278 μυστήριον
3631 1225 3645 1270 ς
3674 1226 3692 1258 ο

2141 1295 2340 1364 ἐπάγει
2368 1296 2469 1364 τὴν
2518 1295 2673 1350 λύσιν
2710 1298 2924 1368 τρανῶς
2953 1297 3282 1368 ποιούμενος
3311 1297 3486 1359 οὕτως
3511 1314 3525 1330 ο
3571 1317 3590 1349 ι
3635 1299 3697 1353 Ἦ

2143 1385 2392 1457 βούλεται
2427 1391 2626 1459 μοῖραν
2656 1390 2805 1459 ἡμᾶς
2840 1389 3001 1452 ὄντας
3025 1389 3163 1442 Θεοῦ
3195 1389 3292 1443 καὶ
3329 1388 3538 1443 ἄνωθεν
3587 1390 3698 1461 ῥεύ-

2144 1495 2368 1546 σαντας,
2398 1479 2486 1533 ἵνα
2535 1480 2611 1552 μὴ
2639 1481 2728 1534 διὰ
2752 1481 2851 1553 τὴν
2878 1480 3035 1547 ἀξίαν
3066 1482 3418 1553 ἐπαιρόμενοι
3456 1481 3548 1536 καὶ
3584 1499 3697 1553 μετα

2136 1568 2494 1641 εωριζόμενοι
2543 1571 2976 1644 καταφρονῶμεν
3015 1570 3112 1626 τοῦ
3152 1572 3481 1635 Κτίσαντος,
3532 1573 3587 1625 ἐν
3635 1575 3693 1644 τῇ

2143 1662 2282 1733 πρὸς
2334 1663 2398 1717 τὸ
2430 1661 2591 1733 σῶμα
2618 1664 2764 1734 πάλῃ
2791 1664 2886 1717 καὶ
2913 1662 3061 1737 μάχῃ
3104 1663 3243 1734 πρὸς
3270 1663 3437 1716 αὐτὸν
3480 1664 3567 1716 ἀεὶ
3606 1662 3705 1734 βλέ-

2142 1771 2286 1820 πειν,
2313 1758 2410 1809 καὶ
2438 1758 2538 1827 τὴν
2569 1756 3008 1827 συνεξευγμένην
3030 1754 3318 1810 ἀσθένειαν
3341 1754 3705 1823 παιδαγωγίαν

2141 1844 2279 1901 εἶναι
2308 1846 2401 1901 τοῦ
2431 1847 2762 1918 ἀξιώματος.
2795 1867 2813 1900 ι
2859 1847 3071 1901 Ὤσανεὶ
3099 1847 3306 1914 ἔλεγεν,
3338 1847 3634 1921 ἐπειδήπερ
3650 1848 3706 1903 ἐκ

2139 1937 2319 2008 ψυχῆθ
2364 1937 2463 1991 καὶ
2524 1936 2779 2005 σώματος
2806 1937 2873 1991 δι’
2900 1937 3214 2009 ἀγαθότητα
3256 1939 3285 1992 ό
3313 1936 3599 2010 ἄνθρωπος
3623 1938 3706 2007 γέ-

2136 2046 2266 2097 γονε
2298 2030 2344 2061 "
2373 2028 2527 2100 παρά
2577 2030 2672 2083 τοῦ
2718 2028 2880 2095 Θεοῦ,
2922 2030 3010 2099 ἐφ’
3035 2023 3081 2099 ᾧ
3115 2030 3218 2100 τὴν
3262 2029 3517 2085 δοθεῖσαν
3575 2031 3707 2102 αὐτῷ

2139 2120 2365 2192 λογικήν
2393 2137 2452 2174 τε
2477 2123 2574 2174 καὶ
2609 2121 2804 2192 νοεράν
2828 2120 3030 2193 ψυχὴν,
3057 2121 3155 2177 an
3171 2121 3235 2192 δὴ
3269 2124 3392 2175 κατ’
3422 2122 3607 2176 εἰκόνα
3626 2122 3709 2175 τοῦ

2140 2214 2468 2283 ποιήσαντος
2491 2212 2663 2285 αὐτὴν
2695 2213 3073 2285 ὑπάρχουσαν,
3102 2214 3243 2268 κατὰ
3277 2214 3375 2284 μέν
3407 2214 3507 2286 τὴν
3538 2215 3711 2283 ἔφεσιν

2142 2305 2239 2357 καὶ
2289 2304 2389 2374 τὴν
2420 2304 2481 2369 ἐξ
2509 2304 2640 2375 ὅλης
2673 2303 2961 2376 δυνάμεως
2987 2305 3176 2375 ὁλικὴν
3211 2305 3260 2335 ⁸⁸
3290 2306 3520 2375 ἀγάπην
3550 2305 3706 2377 ἀπρὶξ

2140 2397 2279 2452 Θεοῦ
2330 2398 2653 2467 γνωστικῶς
2710 2399 2999 2469 ἐχομένην,
3053 2398 3147 2451 καὶ
3200 2397 3262 2450 τὸ
3310 2396 3438 2451 καθ’
3464 2397 3710 2469 ὁμοίωσιν

2142 2488 2561 2561 προσλαὼῦσαν
2584 2490 2874 2560 θεωθῆναι,
2911 2488 3100 2561 (129
3117 2490 3171 2560 a)
3224 2490 3366 2543 κατὰ
3392 2489 3453 2543 δὲ
3477 2489 3577 2562 τὴν
3604 2492 3712 2543 ἐπι-

2143 2582 2481 2656 στημονικὴν
2565 2583 2705 2652 πρὸς
2770 2582 2831 2636 τὸ
2893 2581 3185 2653 ὑφειμένον
3262 2582 3547 2655 πρόνοιαν,
3626 2581 3710 2636 καὶ

2139 2672 2238 2745 τὴν
2264 2674 2393 2745 περὶ
2413 2673 2475 2727 τὸ
2503 2675 2722 2744 ἀγαπᾷν
2758 2672 2851 2726 τὸν
2880 2671 3108 2743 πλησίον
3138 2673 3214 2737 ὡς
3242 2672 3439 2739 ἐαυτὸν
3468 2671 3709 2727 κελεύου-

2142 2782 2243 2819 σαν
2273 2764 2514 2837 ἐντολὴν,
2550 2764 2837 2835 ἐμφρόνως
2880 2762 2977 2817 τοῦ
3021 2761 3275 2834 σώματος
3316 2764 3709 2835 ἀντεχομένην,

2140 2857 2356 2926 λογίσαι
2401 2874 2463 2910 τε
2513 2857 2580 2911 δι’
2614 2854 2828 2929 ἀρετῶν
2860 2855 2996 2911 αὐτὸ
3046 2856 3142 2910 καὶ
3180 2857 3470 2910 οἰκειῶσαι
3501 2855 3618 2927 Θεῷ
3644 2855 3711 2919 ὡς

2139 2949 2433 3021 ὁμόδουλον
2456 2949 2524 3003 δι’
2548 2949 2749 3019 ἑαυτῆς
2781 2947 3172 3019 μεσιτευοὺσης
3198 2949 3292 3002 τὸν
3318 2949 3558 3020 ποιητὴν
3586 2948 3710 3001 ἐνοι-

2141 3058 2258 3106 κον,
2298 3043 2393 3095 καὶ
2426 3041 2525 3112 τῆς
2554 3039 2803 3111 δοθείσης
2830 3039 3135 3105 ἀθανασίας
3159 3040 3365 3095 ἄλυτον
3390 3042 3597 3113 δεσμὸν
3625 3041 3712 3096 αὖ·

450 3131 603 3202 quod
643 3131 793 3186 Deus
821 3129 1043 3194 animae,
1074 3129 1185 3184 hoc
1209 3127 1395 3193 anima
1420 3129 1643 3199 corpori
1673 3128 1787 3195 ﬁat,
1810 3139 1866 3185 et
1889 3145 2037 3186 unus

2140 3130 2234 3183 τὸν
2261 3128 2636 3199 ποιησομένην
2662 3127 2812 3199 αὐτῷ
2831 3127 2925 3183 τὸν
2947 3127 3314 3200 συνδήσαντα,
3338 3130 3408 3182 ἵν’
3441 3130 3583 3201 ὅπερ
3608 3128 3711 3182 ἐστὶ

446 3221 787 3278 ostendatur
809 3219 1058 3273 omnium
1087 3217 1340 3283 Creator,
1393 3219 1887 3288 proportionaliter
1935 3234 2037 3290 per

452 3314 862 3372 humanitatem
914 3310 1102 3366 omnia
1159 3310 1486 3381 ingrediens
1542 3327 1665 3381 quae
1706 3320 1858 3380 sunt,
1893 3317 2037 3368 etin

453 3421 630 3462 unum
662 3404 892 3459 veniant
920 3402 1097 3457 multo
1120 3417 1153 3457 a
1176 3417 1236 3457 se
1260 3401 1501 3457 invicem
1538 3403 1846 3458 secundum
1875 3413 2040 3458 natu-

455 3512 573 3553 ram
614 3494 899 3559 distantia,
932 3493 1079 3548 circa
1121 3509 1288 3549 unam
1343 3494 1590 3550 hominis
1643 3505 1898 3551 naturam
1929 3496 2037 3552 sibi

453 3589 692 3646 invicem
721 3586 1133 3651 convenientia,
1164 3595 1223 3641 et
1249 3587 1310 3640 ﬁt
1330 3586 1520 3642 omnia
1548 3587 1605 3642 in
1636 3588 1897 3644 omnibus
1920 3590 2037 3661 ipse

448 3680 601 3736 Deus
629 3676 818 3733 omnia
855 3675 1367 3747 comprehendens,
1400 3685 1458 3732 et
1492 3693 1666 3733 unum
1691 3678 2039 3736 substituens

453 3772 699 3836 sibimet,
725 3784 793 3824 eo
817 3768 969 3839 quod
1000 3767 1219 3823 nullum
1251 3768 1493 3839 amplius
1521 3784 1717 3824 eorum
1749 3785 1870 3840 qua:
1902 3779 2035 3826 sunt

444 3862 657 3920 sinitur
680 3857 967 3931 possidere
998 3865 1236 3923 motum,
1282 3867 1338 3913 et
1360 3858 1538 3929 ipsius
1574 3874 1774 3930 expers
1797 3876 2040 3931 prasen-

448 3955 566 4019 tiae,
589 3968 693 4023 per
726 3966 896 4021 quam
929 3957 987 4005 et
1011 3949 1078 4020 (j)
1114 3948 1193 4005 dii
1217 3957 1274 4002 et
1300 3947 1400 4002 ﬁlii
1434 3955 1491 4003 et
1535 3963 1742 4019 corpus
1776 3957 1834 4005 et
1863 3965 2039 4006 mem-

444 4045 554 4101 bra
575 4051 633 4099 et
661 4057 793 4113 pars
817 4040 916 4097 Dei
947 4051 1006 4095 et
1040 4041 1247 4094 horum
1274 4038 1482 4094 similia
1505 4049 1563 4094 et
1590 4056 1786 4095 sumus
1809 4049 1867 4097 et
1894 4042 2039 4098 dici-

2138 3216 2271 3279 Θεὸς
2286 3215 2453 3288 ψυχῇ,
2482 3216 2645 3272 τοῦτο
2663 3216 2810 3288 ψυχὴ
2832 3216 3049 3289 σώματι
3068 3217 3296 3288 γένηται
3316 3257 3331 3279 ,
3353 3218 3455 3272 καὶ
3477 3213 3558 3281 εἷς
3591 3219 3713 3271 ἀπο-

2136 3309 2324 3380 δειχθῇ
2340 3309 2452 3362 τῶν
2468 3307 2606 3363 ὅλων
2618 3309 2984 3380 Δημιουργὸς,
3006 3309 3284 3378 ἀναλόγως
3300 3296 3387 3363 διὰ
3400 3314 3507 3381 τῆς
3521 3308 3715 3381 ἀνθρω-

2138 3401 2375 3473 πότητος
2391 3402 2560 3456 πᾶσιν
2579 3401 2919 3455 ἐπιϐατεύων
2936 3402 3051 3465 τοῖς
3065 3397 3206 3466 οὖσι,
3230 3400 3326 3455 καὶ
3337 3401 3418 3464 εἰς
3440 3401 3502 3455 ἓν
3517 3401 3641 3473 ἔλθῃ
3653 3399 3715 3453 τά

2139 3492 2314 3547 πολλὰ
2333 3492 2581 3565 ἀλλήλων
2617 3491 2761 3546 κατά
2788 3491 2889 3564 τὴν
2917 3491 3080 3563 φύσιν
3108 3491 3434 3563 διεστηκότα
3462 3493 3593 3565 περὶ
3623 3493 3713 3564 τὴν

2141 3584 2273 3655 μίαν
2296 3582 2392 3638 τοῦ
2417 3582 2711 3656 ἀνθρώπου
2739 3581 2906 3654 φύσιν
2945 3583 3198 3655 ἀλλήλοις
3233 3586 3598 3652 συννεύοντα,
3627 3585 3713 3640 καὶ

2139 3675 2363 3746 γένηται
2389 3674 2461 3728 τά
2480 3675 2662 3730 πάντα
2682 3676 2741 3729 ἐν
2762 3676 2928 3730 πᾶσιν
2948 3674 3111 3740 αὐτὸς
3134 3677 3163 3730 ό
3179 3675 3334 3745 Θεὸς,
3363 3678 3547 3732 πάντα
3569 3695 3714 3749 περι-

2142 3766 2329 3821 λαϐὼν
2359 3767 2455 3822 καὶ
2481 3768 2861 3839 ἐνυποστήσας
2893 3766 3096 3837 ἐαυτῷ,
3116 3767 3207 3821 διὰ
3230 3769 3325 3822 τοῦ
3358 3769 3533 3841 μηδὲν
3560 3770 3640 3824 ἔτι
3669 3770 3710 3802 ³⁷

2137 3856 2249 3911 τῶν
2277 3856 2449 3911 όντων
2477 3857 2676 3927 ἄφετον
2704 3855 3005 3927 κεκτῆσθαι
3025 3854 3124 3929 τὴν
3144 3858 3381 3929 κίνησιν,
3396 3861 3494 3914 καὶ
3505 3861 3604 3931 τῆς
3623 3860 3710 3913 αὑ-

2137 3948 2233 4002 τοῦ
2251 3949 2482 4020 ἄμοιρον
2504 3948 2832 4020 παρουσίας,
2854 3949 2977 4004 καθ’
2996 3949 3064 4021 ἢν
3080 3948 3175 4003 κα)⁵
3194 3948 3305 4003 θεοὶ
3324 3952 3421 4004 καὶ
3437 3951 3606 4005 τέκνα
3626 3953 3712 4006 καὶ

2140 4040 2302 4113 σῶμα
2314 4041 2415 4095 καὶ
2432 4041 2571 4112 μέλη
2593 4041 2689 4095 καὶ
2718 4044 2883 4113 μοῖρα
2910 4041 3046 4097 Θεοῦ
3076 4043 3172 4096 καὶ
3204 4042 3274 4096 τὰ
3307 4036 3713 4116 τοιαῦτέἐσμεν

442 4153 583 4193 mur
610 4140 635 4177 ι
667 4149 736 4192 ea
755 4148 880 4204 quae
906 4133 975 4188 ad
1002 4131 1170 4188 ﬁnem
1194 4130 1569 4189 estrelatione
1606 4132 1809 4190 divinae
1843 4150 2037 4206 specua

2150 4134 2246 4188 ml.
2273 4132 2548 4204 λεγόμεθα
2581 4135 2650 4205 τῇ
2682 4133 2820 4206 πρὸς
2861 4134 2922 4188 τὸ
2958 4133 3113 4199 τέλος
3150 4135 3400 4208 ἀναφορᾷ
3435 4136 3534 4190 τοῦ
3575 4136 3708 4192 θείου

448 4227 703 4284 iationis.

522 4317 798 4386 Quoniam
838 4316 1007 4388 igitur
1036 4325 1095 4373 et
1144 4316 1253 4371 hoc
1292 4317 1437 4372 etin
1473 4315 1580 4372 hoc
1632 4316 1801 4373 homo
1856 4318 2039 4375 factus

2142 4242 2370 4279 σκοπου.

2224 4317 2443 4386 Ἐπειδὴ
2466 4318 2646 4374 τοίνυν
2666 4317 2827 4373 τοῦτο
2846 4319 2941 4373 καὶ
2962 4318 3056 4373 ἐπὶ
3076 4317 3250 4389 τούτῳ
3269 4321 3297 4372 ό
3318 4318 3608 4392 ἄνθρωπος
3628 4319 3711 4386 γέ-

442 4419 561 4478 aest,
596 4411 653 4466 in
684 4398 867 4481 primo
889 4424 1027 4465 vero
1052 4417 1212 4480 patre
1255 4423 1323 4463 eo
1353 4407 1502 4478 quod
1550 4418 1808 4479 paratum
1832 4417 1920 4467 est
1964 4410 2035 4465 ad

2141 4427 2322 4480 γονεν,
2352 4411 2410 4463 ἐν
2449 4409 2507 4464 δέ
2535 4409 2615 4480 τῷ
2641 4410 2950 4482 προπάτορι
2970 4407 3049 4481 τῷ
3066 4409 3267 4481 ἑτοίμῳ
3297 4410 3436 4482 πρὸς
3470 4410 3710 4477 ἐξουσίαν

444 4480 787 4573 potentiam,
855 4500 1065 4557 abusus
1110 4499 1284 4555 estad
1329 4499 1557 4565 malum,
1595 4500 1936 4557 transferens
1965 4518 2034 4557 ex

2140 4504 2232 4557 ἐπὶ
2268 4502 2329 4556 τὸ
2376 4483 2561 4573 ’χεῖρον
2594 4480 2905 4573 ἐχρήσατο,
2955 4480 3298 4573 μετενεγκὼν
3342 4480 3421 4557 ἐκ
3471 4502 3569 4558 τοῦ
3606 4506 3712 4557 ἐπι-

439 4610 519 4649 eo
546 4594 695 4662 quod
721 4608 1050 4649 concessum
1080 4599 1166 4648 est
1197 4591 1263 4647 ad
1307 4591 1363 4646 id
1400 4591 1551 4662 quod
1575 4592 1922 4662 prohibitum
1954 4603 2041 4650 est

437 4683 794 4739 desiderium
846 4682 1079 4755 (etenim
1127 4689 1250 4737 erat
1275 4696 1375 4750 per
1424 4697 1484 4737 se
1537 4690 1737 4751 potens
1767 4690 1824 4737 et
1851 4682 2039 4738 adha-

444 4790 583 4830 rere
611 4775 852 4830 Domino
873 4783 928 4829 et
949 4774 1005 4829 in
1032 4774 1293 4843 spiritum
1339 4772 1497 4840 ﬁeri;
1541 4772 1830 4829 adhaerere
1862 4789 2041 4831 mere-

440 4866 584 4922 :trici
620 4876 678 4922 et
702 4866 762 4921 in
787 4881 992 4936 corpus
1018 4865 1139 4919 ﬁeri
1182 4863 1447 4920 seductus
1474 4863 1651 4934 eligit,
1688 4873 1747 4919 et
1767 4864 1961 4921 divina
1982 4876 2041 4922 et

439 4958 615 5014 iieata
664 4956 881 5012 visione
925 4956 1119 5012 volens
1157 4954 1399 5024 seipsum
1462 4955 1717 5025 eipulit,
1761 4956 1842 5011 sic
1898 4956 2033 5012 dum

436 5058 601 5107 esset
633 5050 782 5106 Deus
810 5048 1012 5121 gratia,
1045 5056 1194 5103 terra
1229 5045 1352 5101 ﬁeri
1394 5061 1495 5116 per
1524 5048 1865 5103 voluntatem
1891 5065 2034 5120 prte-

440 5141 786 5212 lionorans),
832 5141 1116 5211 sapienter
1169 5138 1335 5212 simul
1380 5147 1440 5193 et
1507 5138 1947 5195 misericorditer
1978 5152 2035 5198 et

520 5271 543 5300 ³
581 5261 776 5317 Matth.
800 5277 935 5326 xm,
957 5261 1047 5317 '59.
1201 5258 1219 5294 ί
1254 5248 1383 5314 σόν.
1420 5254 1619 5324 xu,27;
1641 5257 1661 5312 Ι
1684 5257 1842 5315 Joan.
1876 5276 1955 5325 nr,
1990 5263 2040 5317 1.

2137 4593 2522 4665 τετραμμένου
2564 4592 2701 4664 πρὸς
2735 4593 2796 4645 τὸ
2832 4592 3218 4665 κεκωλυμένον
3257 4594 3359 4664 τὴν
3394 4594 3582 4665 ὄρεξιν
3604 4594 3711 4665 (καὶ

2139 4684 2247 4757 γὰρ
2275 4680 2343 4755 ἦν
2372 4682 2721 4747 αὑτεξούσιος
2740 4725 2754 4751 ,
2786 4685 2881 4739 καὶ
2920 4684 3014 4739 τοῦ
3050 4686 3378 4757 κολληθῆναι
3402 4687 3482 4759 τῷ
3530 4687 3710 4759 Κυρίῳ

2142 4776 2240 4831 καὶ
2270 4775 2329 4829 ἒν
2359 4775 2582 4845 πνεῦμα
2608 4775 2885 4845 γενέσθαι,
2906 4776 3003 4831 καὶ
3019 4778 3115 4833 τοῦ
3137 4777 3472 4849 κολληθῆναι
3492 4782 3561 4851 τῆ
3585 4780 3711 4851 πόρ·

2142 4884 2210 4941 νη
2236 4868 2334 4922 καὶ
2365 4866 2425 4920 ἓν
2462 4867 2624 4938 σῶμα
2649 4867 2923 4937 γενέσθαι,
2954 4868 3259 4943 ἀπατηθεὶς
3286 4870 3593 4942 προείλετο,
3620 4870 3707 4923 καὶ

2142 4961 2235 5016 τοῦ
2263 4960 2410 5017 θείου
2441 4961 2538 5015 κα)⁸
2572 4952 2845 5033 μακαρίὸυ
2878 4962 3081 5017 σκοποῦ
3118 4962 3260 5018 ἐκὼν
3287 4963 3484 5019 ἐαυτὸν
3514 4964 3707 5030 ἀπεξε-

2142 5069 2283 5107 νωσε
2303 5093 2318 5118 ,
2361 5051 2456 5106 τοῦ
2484 5052 2617 5116 Θεὸς
2643 5047 2785 5106 εἶναι
2824 5053 3009 5126 χάριτι
3048 5059 3111 5109 τὸ
3136 5053 3265 5125 χοῦς
3309 5056 3562 5125 γενέσθαι
3595 5053 3705 5110 καθ’

2142 5144 2356 5215 αἵρεσιν
2378 5142 2774 5216 προτιμήσας),
2805 5144 2988 5215 σοφῶς
3024 5145 3142 5217 ἅμα
3175 5147 3270 5201 καὶ
3317 5147 3706 5222 φιλανθρώπως

1728 5368 1961 5425 νΑΒΙΑΞ]
2004 5372 2418 5431 LECTIONES.

521 5464 572 5536 ξ’
599 5463 754 5536 παρά
779 5462 876 5517 τοῦ
898 5460 1036 5536 Θεοῦ
1067 5462 1095 5513 ὁ
1126 5455 1677 5536 ἀνθρθρποςῇέγονεν
1696 5457 1792 5536 ες]ζ
1812 5459 1934 5514 Gal.
2011 5464 2058 5536 ’ξ
2086 5462 2290 5536 Eadem
2310 5478 2507 5536 manus
2527 5464 2762 5536 antiqua
2801 5464 2854 5519 in
2897 5465 3021 5521 cod.
3052 5466 3194 5521 Gud.
3222 5469 3458 5523 correxit
3496 5467 3701 5529 όλικῶς.

448 5534 502 5568 ’⁷
526 5534 606 5589 ἐτι
629 5526 980 5591 desideratur
1004 5531 1061 5585 in
1090 5530 1182 5586 ed.
1211 5526 1333 5583 Gal.
1410 5526 1455 5559 “
1474 5526 1537 5580 τὸ
1563 5528 1914 5599 κολληοῆναι,
1942 5533 2147 5588 omisso
2182 5534 2294 5598 καὶ,
2324 5533 2414 5587 ed.
2446 5533 2563 5589 Gal.

1992 5641 2221 5699 NOTAE.

515 5716 584 5788 (j)
616 5715 829 5788 Deliae
862 5727 923 5788 re
948 5711 1060 5788 egit
1085 5710 1355 5768 Maximus
1375 5714 1435 5788 in
1459 5708 2030 5788 PrommioadQuae-

446 5779 665 5846 stiones
694 5785 752 5840 in
782 5784 840 5837 S.
860 5779 1231 5852 Scripturam,
1258 5792 1313 5837 et
1341 5782 1509 5847 alibi;
1537 5779 1717 5837 fusius
1742 5781 1817 5836 ibi
1846 5781 2027 5836 innuit

2136 5722 2508 5854 ῗὲῧῖἓιρι-υῐη,
2537 5716 2685 5787 quod
2711 5716 2802 5771 hic
2834 5716 2986 5774 fecit.
3016 5720 3078 5777 V.
3107 5720 3365 5775 Pholium
3398 5721 3463 5776 ad
3491 5721 3549 5776 P.
3582 5720 3697 5776 498.
