3998 6364
327 270 467 399 me

1575 325 2097 389 AMBIGUORUM
2136 326 2392 387 LIBER.

3462 335 3599 403 1094

330 445 518 518 (129
539 445 593 516 ὁ)
644 444 741 499 καὶ
774 446 840 516 τῇ
877 443 1043 497 αὑτοῦ
1075 445 1399 515 πρεπόντως
1429 443 1727 515 ἀγαθότητι
1756 445 1785 497 ὁ
1817 442 1912 512 τὴν

2023 455 2135 496 suae
2163 440 2565 495 convenienter
2594 439 2829 495 bonitati
2891 449 3093 497 nostrm
3145 441 3342 499 salutis
3373 444 3601 518 dispen-

327 538 606 611 ἡμετέραν
652 538 932 609 σωτηρίαν
978 538 1280 608 οἰκονομῶν
1334 537 1467 602 Θεὸς
1495 540 1561 609 τῇ
1609 536 1909 608 παραλόγῳ

328 632 542 703 κινήσει
564 633 666 702 τῆς
696 632 755 684 ὲν
786 631 918 701 ἡμῖν
961 633 1156 699 νοερᾶς
1193 630 1479 702 δυνάμεως
1519 629 1911 699 παρεπομένην

327 721 559 785 δεόντως
603 716 705 792 τὴν
751 722 1033 791 τιμωρίαν
1058 719 1400 791 παρέπηξεν,
1436 719 1569 775 αὐτὸ
1601 722 1781 773 ἐκεῖνο
1812 737 1910 773 τυ-

327 814 423 885 χὸν
456 813 597 867 κατά
644 812 738 865 τὸν
776 813 966 866 εἰκότα
1003 813 1162 880 λόγον
1192 812 1429 876 κολάσας
1452 812 1692 884 θανάτῳ,
1724 814 1854 883 περὶ
1879 812 1910 865 ὃ

326 905 429 977 τὴν
455 908 599 961 κατά
626 906 749 960 νοῦν
777 906 924 977 μόνῳ
947 908 994 938 ²⁹
1026 904 1147 975 Θεῷ
1166 904 1624 975 χρεωστουμένην
1648 904 1748 974 τῆς
1776 904 1913 973 ἀγά-

327 1014 444 1070 πης
470 997 700 1069 δύναμιν
726 997 1170 1070 κατεῤῥήξαμεν,
1206 997 1293 1050 ἵνα
1320 995 1417 1050 τοῦ
1450 996 1685 1067 μηδενὸς
1735 997 1909 1068 ἐρῶν-

326 1107 420 1155 τες
448 1091 534 1145 διὰ
556 1092 651 1145 τοῦ
687 1092 921 1163 πάσχειν
951 1092 1082 1146 ποτὲ
1123 1091 1389 1161 μαθόντες
1410 1090 1549 1160 πρὸς
1573 1089 1635 1143 τὸ
1663 1088 1721 1143 ὃν
1748 1088 1910 1142 πάλιν

330 1182 533 1253 ταύτην
581 1184 880 1252 ἐπανάγειν
922 1185 1266 1256 διδαχθῶμεν
1303 1182 1404 1255 τὴν
1449 1182 1701 1252 δύναμιν.
1730 1181 1909 1252 Ὅπερ

323 1271 537 1341 προῖὼν
584 1271 995 1342 ἐμφανέστερον
1023 1275 1264 1326 ποιεῖται
1304 1272 1505 1340 λέγων,
1541 1289 1560 1323 ι
1611 1270 1753 1323 Ἀλλ’
1784 1269 1909 1340 ἐμοὶ

326 1359 431 1430 μὲν
458 1359 554 1414 καὶ
587 1358 677 1413 διὰ
702 1358 867 1412 τοῦτο
903 1360 1052 1413 δοκεῖ
1081 1359 1250 1430 μηδὲν
1282 1358 1391 1412 τῶν
1421 1356 1657 1412 ἐνταῦθα
1684 1355 1909 1425 ἀγαθῶν

321 1448 468 1506 εἶναι
539 1452 733 1506 πιστὸν
783 1453 900 1516 τοῖς
945 1450 1280 1523 ἀνθρώποις,
1316 1450 1456 1521 μηδὲ
1499 1448 1858 1520 πολυχρόνιον
1889 1488 1906 1515 ,

322 1543 439 1598 ἀλλ’
471 1544 633 1615 είπερ
656 1562 708 1597 τι
727 1542 876 1607 ἄλλο,
909 1543 1003 1597 καὶ
1025 1541 1184 1597 τοῦτο
1211 1540 1393 1605 καλῶς
1418 1539 1495 1603 τῷ
1516 1540 1740 1613 τεχνίτῃ
1766 1538 1910 1610 λόγῳ

321 1637 422 1692 καὶ
461 1640 528 1709 τῇ
576 1636 759 1691 πάντα
805 1635 932 1691 νοῦν
979 1633 1326 1707 ύπερεχούσῃ
1371 1632 1535 1703 σοφίᾳ⁸
1581 1631 1907 1704 μεμηχανῆ-

321 1729 469 1795 σθαι,
519 1729 815 1795 παίζεσθαι
857 1730 1006 1801 ἡμᾶς
1062 1729 1124 1781 ἐν
1171 1730 1286 1792 τοῖς
1330 1726 1657 1797 ὁρωμένοις,
1714 1724 1906 1780 ἄλλοτε

317 1822 498 1886 ἄλλως
523 1820 1021 1893 μεταϐαλλομένοις
1048 1819 1144 1873 καὶ
1188 1818 1610 1890 μεταϐάλλουσι,
1645 1816 1739 1871 καὶ
1796 1816 1910 1871 ἀνω

317 1912 419 1964 καὶ
456 1912 610 1965 κάτω
660 1910 987 1981 φερομένοις
1030 1926 1086 1963 τε
1133 1911 1229 1963 καὶ
1267 1907 1783 1980 περιτρεπομένοις,
1814 1909 1911 1961 καλ⁸

316 2004 454 2075 πρὶν
503 2003 781 2075 ληφθῆναι
841 2002 1069 2057 ἀπιοῦσι
1126 2003 1223 2057 καὶ
1285 2002 1599 2074 φεύγουσιν,
1632 2001 1719 2055 ἵνα
1748 2000 1810 2055 τὸ
1852 2001 1910 2055 ὲν

314 2097 537 2161 τούτοις
585 2096 824 2152 ἄστατον
879 2098 976 2150 καὶ
1026 2094 1317 2166 ἀνώμαλον
1350 2094 1734 2173 θεωρήσαντες
1772 2092 1911 2164 πρὸς

315 2191 385 2244 τδ
412 2190 605 2260 μέλλον
661 2186 1150 2260 μεθορμεσὼμεθα.
1189 2188 1256 2241 Τί
1310 2188 1419 2257 γάρ
1449 2187 1517 2241 ἂν
1570 2187 1911 2257 ἐποιήσαμεν

317 2279 560 2344 ἑστῶτος
621 2278 717 2333 τοῦ
761 2275 824 2332 εὖ
880 2280 1147 2351 πράττειν
1174 2281 1328 2351 ἡμῖν,
1354 2279 1519 2332 ὁπότε
1558 2279 1622 2332 ού
1657 2278 1912 2350 μένοντος

316 2373 577 2427 τοσοῦτον
645 2370 795 2442 αὐτῷ
849 2370 1280 2443 προσδεδέμεθα,
1323 2370 1419 2426 καὶ
1471 2371 1648 2435 οὕτως
1694 2372 1837 2443 ἡμᾶς
1877 2372 1910 2442 ἡ

318 2464 452 2535 περὶ
483 2462 642 2517 τοῦτο
680 2461 843 2534 ἡδονὴ
878 2462 977 2515 καὶ
1026 2462 1212 2534 ἀπάτη
1239 2461 1354 2534 ἔχει
1392 2461 1735 2526 δουλώσασα,
1767 2460 1910 2515 ὥστε

324 2556 499 2630 μηδὲν
527 2557 782 2627 κρεῖττον
813 2554 950 2626 μηδὲ
976 2554 1320 2632 ὑψηλότερον
1348 2554 1458 2608 τῶν
1477 2554 1767 2627 παρόντων
1795 2554 1911 2607 δια-

318 2649 563 2705 νοεῖσθαι
584 2646 870 2713 δύνασθαι,
894 2646 1182 2701 καὶταῦτα
1211 2646 1334 2700 κατ’
1368 2646 1555 2699 εἰκόνα
1593 2646 1729 2698 Θεοῦ
1753 2661 1911 2714 γεγο-

319 2742 498 2806 νέναι,
515 2740 608 2794 καὶ
625 2738 927 2802 ἀκούοντας
942 2737 1035 2791 καὶ
1052 2736 1409 2801 πιστεύοντας
1426 2738 1524 2808 τὴν
1544 2737 1659 2791 ἄνω
1668 2753 1726 2789 τε
1746 2735 1911 2790 οὖσαν

320 2830 570 2901 καὶπρὸς
587 2827 791 2899 ἑαυτὴν
803 2828 1091 2895 ’ἐλκουσαν;
1116 2846 1132 2880 ι
1160 2829 1272 2882 Καὶ
1286 2828 1450 2882 πάλιν
1466 2828 1524 2881 έν
1538 2827 1617 2899 τῷ
1635 2828 1773 2898 πρὶς
1784 2826 1912 2890 τοὺς

322 2918 779 2990 πολιτευομένους
795 2917 940 2989 λόγῳ
970 2917 1360 2987 φάσκων,ι”1ν’
1383 2918 1619 2989 εἰδῶμεν
1649 2919 1710 2971 τὸ
1739 2918 1910 2989 μηδὲν

323 3015 479 3077 ὄντες
520 3013 659 3085 πρὸς
684 3010 782 3082 τὴν
812 3009 1074 3082 ἀληθινὴν
1098 3012 1288 3080 σοφίαν
1324 3010 1510 3082 (130
1531 3010 1586 3079 α)
1624 3009 1719 3063 καὶ
1765 3008 1914 3079 πρώ-

320 3122 447 3178 την,
470 3102 604 3158 ἀλλά
624 3102 762 3173 πρὸς
779 3101 941 3154 αὑτὸν
958 3103 1043 3155 ἀεὶ
1065 3101 1308 3174 νεύωμεν
1329 3102 1510 3172 μόνον,
1536 3102 1629 3154 καὶ
1660 3100 1914 3173 ζητῶμεν

323 3201 449 3263 ταῖς
506 3195 716 3250 ἐκεῖθεν
760 3193 956 3262 αὐγαῖς
986 3194 1501 3265 ὲναστράπτεσθαι,
1554 3194 1663 3246 εἴτε
1706 3192 1916 3267 διάτῆς

323 3290 644 3365 ἀνωμαλίας
671 3287 779 3342 τῶν
803 3286 1096 3359 ὁρωμένων
1124 3287 1220 3340 καὶ
1256 3288 1760 3361 περιτρεπομένων,
1787 3305 1919 3358 μετ-

328 3386 554 3457 όγοντος
585 3384 733 3455 ἡμᾶς
765 3382 858 3437 ἐπὶ
881 3380 950 3434 τά
974 3378 1185 3433 ὲστῶτα
1211 3380 1305 3433 καὶ
1330 3378 1580 3451 μένοντα.
1618 3380 1691 3432 Ού
1717 3379 1917 3445 τοίνυν,

321 3475 402 3539 ὡς
446 3472 602 3546 οἴμαι
627 3517 643 3542 ,
680 3477 783 3546 τῆς
818 3475 961 3530 κατά
988 3472 1089 3545 τὴν
1117 3473 1333 3542 γένεσιν
1374 3472 1471 3542 τῆς
1499 3471 1920 3543 ἀνθρωπότητος

320 3565 507 3629 αἰτίας
524 3566 568 3598 ⁸⁰
600 3567 659 3618 ὲν
684 3564 917 3630 τούτοις,
952 3566 1029 3629 ὡς
1058 3564 1302 3634 εἴρηται,
1338 3564 1366 3616 ὁ
1399 3561 1722 3624 διδάσκαλος
1750 3562 1921 3614 ποιεῖ-

322 3674 420 3710 ται
448 3655 545 3726 τὴν
574 3646 840 3724 δήλωσιν,
891 3654 1028 3709 ἀλλά
1058 3652 1159 3722 τῆς
1187 3649 1330 3704 κατά
1355 3648 1457 3720 τὴν
1483 3648 1699 3717 γένεσιν
1727 3650 1919 3701 ἐπεισ-

325 3747 593 3818 αχθείσης
622 3748 691 3817 τῇ
724 3745 973 3817 ἡμετέρᾳ⁸
1003 3743 1115 3814 ζωῇ
1150 3741 1239 3794 διὰ
1265 3742 1362 3811 τὴν
1391 3738 1704 3810 παράϐασιν
1731 3739 1918 3791 ταλαι-

326 3837 545 3910 πωρίας
569 3878 584 3905 ,
633 3837 711 3900 ὡς
752 3839 864 3902 τοῖς
907 3833 1342 3904 σπουδαιοτέρως
1374 3831 1468 3887 καὶ
1498 3830 1920 3903 έμμελεστέρως

324 3934 445 3996 τοῖς
476 3929 641 3993 θείοις
670 3928 835 3984 αὐτοῦ
862 3929 1188 4001 γράμμασιν
1212 3924 1588 3997 ἐμμελετῶσίν
1611 3926 1728 3977 ἐστι
1752 3939 1921 3977 κατα-

329 4024 524 4094 φανές.
558 4022 777 4094 Ταύτης
805 4023 904 4094 μὲν
930 4022 1036 4091 γὰρ
1057 4020 1158 4090 τὴν
1179 4018 1325 4084 ὅθεν,
1352 4018 1449 4072 καὶ
1474 4017 1541 4071 δι’
1559 4016 1608 4083 ὃ,
1636 4016 1730 4071 καὶ
1754 4008 1916 4086 ἐφ’ᾧ,

329 4116 429 4171 καὶ
458 4109 518 4169 οὗ
548 4114 737 4169 ἕνεκεν
771 4113 953 4169 αἰτίαν
980 4153 994 4179 ,
1041 4110 1129 4164 διὰ
1154 4109 1362 4163 τούτων
1391 4109 1522 4180 ἡμῖν
1552 4107 1918 4178 παρατίθεται

327 4208 442 4264 τῶν
471 4208 647 4277 λόγων
674 4206 743 4260 δι’
760 4206 931 4277 αὐτῆς
953 4205 1054 4276 τὴν
1075 4204 1536 4275 οἰκονομουμένην
1559 4201 1714 4272 ἡμῶν
1739 4200 1920 4270 σοφῶς

327 4299 547 4372 napi“
590 4299 688 4354 τοῦ
722 4298 863 4352 Θεοῦ
908 4297 1186 4369 σωτηρίαν
1216 4282 1429 4367 δηλῶνζ
1481 4294 1697 4366 ἐκείνης
1726 4292 1782 4346 δὲ
1815 4294 1918 4365 τὴν

328 4393 421 4461 ἀφ’
460 4384 506 4462 ᾧ
564 4391 862 4460 γεγένηται
929 4387 1217 4460 μυστηρίῳ
1272 4384 1631 4457 ὑπεμφαίνων
1686 4385 1918 4456 δύναμιν

2013 540 2166 586 sator
2188 532 2356 596 Deus,
2416 531 2792 586 irrationabili
2835 532 3011 587 motui
3058 534 3456 592 intellectualis
3484 556 3601 594 vrr-

2015 625 2172 688 tutis,
2207 640 2332 695 quae
2372 624 2428 679 in
2463 624 2626 680 nobis
2652 632 2759 690 est,
2805 635 3242 696 consequentem
3287 640 3602 699 opportune

2014 716 2186 772 aﬂixit
2212 718 2545 786 vindictam,
2576 717 2715 774 illud
2748 720 2928 789 ipsum
2965 720 3219 777 fortassis
3238 724 3395 794 juxta
3427 727 3601 783 ratio-

2014 825 2139 864 nem
2200 810 2443 879 puniens
2497 818 2676 866 morte
2721 826 2824 880 pro
2866 827 2977 881 quo
3006 814 3313 869 secundum
3349 818 3598 874 animum

2016 899 2120 954 soli
2151 899 2265 954 Deo
2301 899 2549 955 debitam
2580 902 2874 957 charitatis
2904 904 3248 974 projecimus
3291 906 3594 976 virtutem;

2013 1000 2075 1047 nt
2100 993 2243 1048 nihil
2271 1004 2527 1050 amantes
2560 1010 2661 1064 per
2697 996 3018 1066 passionem
3057 998 3393 1069 quandoque
3424 1003 3604 1070 pumi-

2014 1084 2243 1138 tentiam
2271 1094 2520 1155 agentes,
2557 1084 2623 1138 ad
2684 1085 2738 1139 id
2773 1086 2920 1155 quod
2954 1096 3040 1141 est
3100 1086 3303 1140 iterum
3349 1089 3603 1143 eamdem

2012 1176 2281 1233 reducere
2318 1178 2665 1233 disceremus
2692 1178 2982 1236 virtutem.
3028 1178 3186 1245 Quod
3219 1180 3445 1250 quidem
3475 1197 3607 1251 pro-

2012 1269 2220 1326 cedens
2251 1269 2604 1325 manifestius
2632 1270 2767 1325 facit
2813 1272 3010 1327 dicens
3040 1292 3053 1328 :
3116 1290 3134 1325 ι
3166 1272 3275 1328 Sed
3308 1274 3445 1328 mihi
3481 1276 3604 1344 qui-

2012 1357 2138 1414 dem
2164 1374 2264 1429 per
2291 1360 2399 1415 hoc
2420 1360 2646 1415 videtur
2666 1361 2809 1415 nihil
2852 1362 2959 1417 hoc
2985 1362 3257 1417 bonorum
3294 1379 3416 1419 esse
3440 1364 3602 1421 fidele

2012 1451 2333 1508 hominibus
2360 1467 2541 1522 neque
2572 1452 3005 1523 longzevitatem,
3031 1463 3087 1508 at
3113 1454 3158 1509 si
3186 1453 3319 1524 quid
3344 1456 3519 1520 aliud,
3546 1467 3603 1511 et
3646 1522 3649 1525 Α

2012 1543 2119 1599 hoc
2144 1544 2287 1599 bene
2316 1544 2517 1599 artifici
2546 1545 2719 1600 verbo
2743 1554 2801 1601 et
2853 1561 3077 1601 onmem
3126 1547 3475 1603 intellectum
3509 1564 3604 1605 su-

2012 1645 2242 1705 perante
2272 1636 2544 1706 sapientia
2582 1637 2961 1694 machinatum
2997 1647 3084 1694 est
3140 1639 3460 1696 deludendo
3499 1657 3601 1697 nos

2013 1726 2334 1781 visibilibus
2359 1727 2414 1781 in
2443 1728 2709 1799 aliudque
2728 1730 2894 1785 aliter
2925 1732 3308 1787 transmotatis
3328 1742 3386 1787 et
3418 1741 3599 1789 trans-

2011 1816 2377 1883 motantibus,
2410 1829 2466 1874 et
2515 1835 2739 1875 sursum
2775 1830 2832 1876 et
2866 1821 3130 1877 deorsum
3171 1823 3504 1891 ferentibus,
3545 1834 3603 1882 et

2015 1911 2406 1974 titubantibus,
2423 1921 2479 1966 et
2494 1896 2816 1982 priusquam
2835 1916 3605 1984 eomprchendanturabcun-

2014 2003 2167 2058 tibus
2195 2013 2252 2057 et
2276 2002 2642 2072 fugientibus,
2671 2015 2733 2060 ut
2769 2006 2826 2059 in
2876 2005 2965 2060 his
2994 2006 3257 2063 instabile
3292 2017 3349 2062 et
3375 2024 3603 2063 anoma-

2010 2087 2127 2141 lum
2161 2090 2629 2158 contemplantes,
2669 2089 2739 2144 ad
2768 2090 3015 2145 futuram
3044 2100 3418 2147 transeamus.
3459 2093 3603 2159 Quid

2012 2178 2163 2233 enim
2210 2178 2525 2235 faceremus
2579 2180 2636 2235 in
2665 2183 2951 2251 praesenti,
2980 2184 3113 2238 dum
3141 2185 3306 2241 nobis
3350 2185 3418 2240 ad
3461 2186 3605 2242 bene

2011 2270 2287 2341 agendum
2315 2287 2426 2326 non
2452 2283 2799 2342 permaneat,
2824 2281 3042 2330 tantum
3066 2276 3118 2330 ei
3144 2277 3526 2344 attribuimus,
3550 2287 3607 2333 et

2012 2360 2093 2415 sic
2122 2376 2225 2415 nos
2247 2376 2377 2431 erga
2398 2360 2580 2431 ipsum
2605 2361 2908 2419 delectatio
2953 2373 3011 2420 et
3042 2381 3202 2420 error
3231 2366 3400 2423 habet
3424 2368 3605 2423 servi-

2013 2449 2121 2505 tuti
2161 2450 2490 2521 subjiciens,
2517 2451 2593 2504 ita
2617 2459 2681 2505 ut
2714 2452 2857 2507 nihil
2888 2453 3087 2509 melius
3117 2469 3300 2529 neque
3330 2456 3606 2513 excelsius

2011 2542 2385 2612 praesentibus
2442 2543 2758 2614 intelligere
2814 2545 3120 2610 valeamus,
3153 2555 3211 2602 et
3265 2548 3310 2602 si
3350 2548 3467 2603 haec
3503 2564 3605 2603 au-

2012 2635 2231 2690 dientes
2258 2643 2315 2689 et
2360 2635 2656 2692 credentes
2704 2637 3009 2693 secundum
3058 2639 3353 2711 imaginem
3379 2642 3477 2696 Dei
3500 2657 3606 2699 nos

2010 2724 2188 2782 factos
2230 2726 2402 2782 fuisse
2427 2743 2648 2783 sursum
2662 2729 3043 2785 attendentem
3061 2738 3118 2785 et
3137 2731 3205 2785 ad
3235 2733 3476 2803 scipsam
3493 2743 3607 2789 tra-

2015 2819 2262 2875 hentem.
2285 2840 2303 2873 ι
2327 2821 2397 2876 Ει
2419 2821 2621 2877 iterum
2645 2821 2703 2876 in
2720 2838 2977 2878 sermone
2999 2824 3067 2878 ad
3100 2826 3311 2881 urbane
3335 2828 3604 2895 viventes,

2014 2915 2238 2971 dicens:
2267 2935 2284 2967 ι
2307 2917 2379 2973 Ut
2424 2917 2671 2973 sciamus
2701 2917 2841 2973 nihil
2881 2933 2984 2974 nos
3016 2935 3141 2975 esse
3191 2921 3258 2976 ad
3289 2938 3475 2977 veram
3513 2939 3604 2978 sa-

2012 3005 2280 3076 pientiam
2307 3017 2385 3060 ἐι
2417 3006 2676 3076 primam,
2710 3007 2804 3062 sed
2840 3008 2907 3062 ad
2954 3009 3139 3078 ipsum
3174 3026 3393 3082 semper
3418 3013 3599 3068 inten-

1943 3134 1985 3191 ε
2018 3099 2217 3154 damus
2270 3098 2620 3153 solummodo
2675 3108 2731 3154 et
2774 3116 3088 3169 quaeramus
3148 3103 3241 3172 qui
3292 3103 3421 3158 inde
3477 3113 3609 3160 sunt

2019 3191 2412 3262 splendoribus
2456 3208 2778 3256 coruscare,
2817 3193 3090 3263 siquidem
3132 3210 3232 3264 per
3266 3194 3609 3266 inaequalita-

2021 3296 2132 3341 tem
2182 3285 2490 3341 visibilium
2525 3295 2580 3341 et
2626 3287 2986 3340 titubantium
3041 3285 3352 3342 transdueit
3401 3303 3503 3345 nos
3552 3288 3609 3343 in

2019 3393 2082 3433 ea
2125 3393 2249 3448 qua;
2284 3386 2434 3433 stant
2478 3387 2535 3434 et
2576 3390 2927 3449 permanent.
2972 3398 2991 3431 ι
3023 3378 3145 3434 Non
3192 3379 3385 3450 igitur,
3423 3388 3483 3435 ut
3519 3397 3609 3436 ar-

2025 3467 2230 3533 bitror,
2284 3469 2479 3539 ipsius,
2532 3485 2655 3539 quae
2696 3469 3006 3524 secundum
3039 3471 3457 3540 generationem
3501 3470 3611 3527 hu-

2017 3559 2300 3614 manitatis
2324 3568 2431 3623 est,
2463 3576 2643 3615 causae
2676 3561 2733 3614 in
2763 3560 2988 3627 talibus,
3023 3568 3086 3615 ut
3108 3560 3322 3615 dictum
3357 3569 3464 3628 est,
3492 3575 3613 3615 ma-

2018 3649 2193 3720 gister
2244 3648 2381 3705 facit
2428 3648 2887 3714 declarationem,
2943 3649 3039 3705 sed
3087 3650 3205 3719 ipse
3255 3665 3431 3719 usque
3478 3661 3605 3720 post

2017 3744 2435 3814 generationem
2470 3751 2717 3797 nostram
2757 3752 3021 3815 aggravat
3057 3742 3228 3797 vitam
3264 3742 3607 3801 infelicitatis

2017 3844 2247 3904 propter
2264 3834 2797 3904 praevaricationem,
2831 3834 3296 3904 quemadmodum
3323 3836 3628 3893 curiosius.

2018 3933 2076 3982 et
2130 3926 2439 3982 studiosius
2488 3926 2706 3981 divinas
2738 3927 2918 3997 ipsius
2964 3927 3180 3982 litteras
3226 3927 3605 3997 cogitantibus
3673 3960 3693 3977 .

2018 4026 2104 4076 est
2158 4020 2537 4076 manifestum.
2585 4020 2753 4076 Istius
2793 4021 2944 4077 enim
2976 4036 3201 4076 causam
3232 4021 3403 4087 unde,
3426 4020 3484 4077 et
3508 4038 3608 4092 per

2020 4112 2178 4183 quid,
2223 4120 2281 4167 et
2327 4127 2395 4167 ex
2424 4128 2558 4184 quo,
2607 4119 2663 4168 et
2701 4123 2929 4183 propter
2973 4113 3110 4183 quid
3157 4129 3258 4184 per
3298 4113 3417 4169 haec
3446 4114 3610 4171 nobis

2020 4203 2238 4260 addidit
2256 4204 2449 4271 verba,
2472 4212 2701 4276 propter
2729 4220 2851 4260 eam
2879 4205 3318 4261 administratam
3360 4217 3606 4261 nostram

2019 4296 2305 4366 sapienter
2355 4311 2388 4351 a
2441 4296 2557 4353 Deo
2595 4296 2832 4351 salutem
2880 4296 3201 4363 declarans;
3251 4296 3401 4352 illius
3446 4313 3603 4362 vero,

2017 4387 2076 4443 in
2100 4403 2211 4458 quo
2234 4387 2379 4443 facta
2395 4397 2481 4444 est
2503 4388 2770 4461 mysterio
2797 4388 3090 4444 insinuans
3112 4389 3400 4455 virtutem,
3428 4391 3610 4445 altero

328 4477 509 4551 ἑτέρῳ
536 4479 713 4548 λόγων
747 4478 1013 4549 κέχρηται
1042 4478 1259 4548 τρόπῳ,
1293 4475 1412 4529 ὅλον
1438 4475 1604 4529 αὐτοῦ
1635 4476 1767 4547 περὶ
1790 4476 1912 4529 τού-

2026 4481 2328 4537 verborum
2364 4497 2499 4537 usus
2542 4489 2627 4537 est
2654 4481 2842 4546 modo,
2881 4488 3055 4535 totam
3087 4481 3174 4536 sui
3215 4480 3285 4536 de
3312 4482 3429 4537 hoc
3459 4482 3608 4553 piam

325 4587 430 4624 του
458 4569 550 4623 τὸν
576 4570 777 4642 εὐσεϐῆ
807 4569 1011 4623 σκοπὸν
1041 4569 1277 4641 φανερὸν
1300 4567 1646 4639 ποιούμενος,
1672 4568 1748 4633 ὡς
1770 4571 1827 4623 ὲν
1846 4568 1912 4640 τᾷ

2022 4573 2365 4629 voluntatem
2410 4573 2623 4631 faciens
2667 4573 3051 4640 manifestam;
3086 4574 3229 4630 sicut
3274 4575 3333 4629 in
3376 4589 3466 4640 eo,
3511 4574 3616 4645 qui

326 4662 435 4725 Είς
472 4660 543 4716 τά
585 4660 840 4730 γενέθλια
872 4660 1017 4732 λόγῳ
1050 4660 1326 4715 δείκνυται
1351 4658 1556 4729 λέγων,
1610 4679 1628 4713 ι
1655 4660 1800 4725 Νοῦς
1828 4661 1912 4731 μὲι

2023 4673 2111 4718 est
2149 4663 2207 4718 in
2235 4662 2509 4732 γενέθλια,
2541 4664 2595 4719 id
2637 4672 2722 4719 est
2748 4663 3091 4729 nativitates,
3137 4680 3393 4720 sermone
3428 4665 3609 4719 mani-

246 4756 253 4765 ’
329 4750 432 4810 οὖν
457 4754 557 4827 ἤδη
594 4753 687 4810 καὶ
714 4753 973 4824 αἴσθησις
997 4752 1172 4817 οὕτως
1194 4753 1288 4807 ἀπ’
1302 4752 1551 4825 ἀλλήλων
1575 4751 1912 4825 διακριθέντα

2024 4756 2211 4822 festat,
2247 4756 2442 4812 dicens
2472 4774 2486 4810 :
2528 4774 2546 4808 ι
2574 4756 2808 4811 Animus
2844 4756 3015 4827 igitur
3043 4758 3159 4827 jam
3181 4767 3238 4813 et
3264 4773 3485 4821 sensus,
3531 4758 3616 4812 sic

326 4847 447 4905 τῶν
475 4849 621 4903 ἰδίων
650 4849 791 4921 ὅρων
820 4847 973 4911 έντδς
1000 4846 1380 4917 εἰστήκεισαν,
1419 4846 1515 4900 καὶ
1542 4844 1607 4898 τὸ
1634 4844 1729 4899 τοῦ
1754 4849 1912 4917 Δημι·

2028 4863 2061 4903 a
2089 4863 2148 4903 se
2178 4847 2422 4903 invicem
2456 4847 2687 4904 discreti
2710 4847 2957 4918 propriis
2983 4846 3427 4915 deﬁnitionibus,
3461 4850 3616 4904 intus

327 4942 540 5015 ουργοῦ
576 4943 737 5012 λόγου
782 4941 1073 5015 μεγαλεῖον
1114 4941 1175 4993 έν
1211 4940 1423 5003 ἑαυτοῖς
1458 4938 1684 5011 ἔφερον,
1726 4939 1912 5009 σιγῶν-

2030 4948 2330 5007 steterunt,
2372 4948 2431 4997 et
2457 4940 2727 4996 creatoris
2756 4940 2923 4996 Verbi
2976 4939 3418 5011 magnitudinem
3459 4941 3514 4994 in
3550 4955 3614 4996 se

327 5051 431 5100 τις
463 5035 748 5089 ἐπαινέται
780 5034 880 5104 τῆς
913 5031 1324 5105 μεγαλουργίας
1353 5031 1448 5085 καὶ
1473 5030 1788 5102 διαπρύσιοι
1819 5032 1912 5103 κή-

2030 5030 2170 5102 ipsis
2212 5031 2489 5098 ferebant,
2531 5032 2763 5088 silentes
2801 5030 3102 5086 laudabant
3148 5031 3614 5102 magnificentiam

333 5144 535 5199 ρυκες·
553 5128 707 5182 οὔπω
728 5128 786 5181 δὲ
815 5123 884 5199 ἦν
908 5126 1103 5198 κρᾶμα
1131 5123 1193 5190 ἐξ
1217 5123 1567 5196 ἀμφοτέρων,
1587 5124 1709 5177 οὐδέ
1727 5140 1811 5188 τις
1836 5124 1912 5196 μί·

2029 5124 2343 5196 magnivoci
2392 5123 2811 5195 praedicatores,
2841 5124 3092 5179 nondum
3140 5139 3276 5179 vero
3325 5134 3447 5179 erat
3474 5140 3618 5179 con-

333 5220 426 5287 ξις
457 5220 569 5275 τῶν
600 5220 862 5275 ἐναντίων
884 5260 923 5285 ,.
957 5216 1150 5287 σοφίας
1200 5213 1448 5286 μείζονος
1492 5215 1783 5287 γνώρισμα
1833 5215 1912 5270 κα¹

2023 5220 2201 5275 cretio
2233 5233 2304 5272 ex
2336 5218 2613 5287 utrisque,
2659 5232 2843 5287 neque
2890 5217 3144 5288 quaedam
3186 5220 3425 5272 mixtura
3476 5234 3616 5273 con-

328 5310 442 5382 τῆς
477 5312 607 5384 περὶ
632 5313 733 5377 τὰς
756 5310 948 5382 φύσεις
971 5306 1347 5373 πολυτελείας,
1376 5307 1500 5362 οὐδὲ
1526 5309 1556 5361 ὁ
1574 5309 1683 5372 πᾶς
1698 5306 1912 5373 πλοῦτος

2024 5312 2333 5368 trariorum
2354 5311 2644 5381 sapientiae
2665 5310 2896 5381 majoris
2917 5318 2972 5365 et
2997 5310 3145 5365 circa
3170 5318 3399 5366 naturas
3425 5311 3616 5367 multas

329 5407 442 5477 τῆς
457 5404 796 5474 ἀγαθότητος
816 5402 1113 5475 γνώριμος.
1134 5402 1308 5457 1ἰδοῦτο
1324 5402 1389 5472 δὴ
1410 5402 1695 5474 βουληθεὶς
1714 5405 1742 5458 ὁ
1755 5403 1912 5473 τεχνί

2024 5401 2390 5475 perfectionis
2420 5400 2653 5465 indicia,
2681 5415 2862 5470 neque
2888 5414 3087 5456 omnes
3105 5399 3359 5455 thesauri
3388 5398 3612 5453 bonita-

326 5513 444 5569 της
476 5495 851 5562 ἐπιδείξασθαι
886 5495 1065 5565 λόγος,
1104 5493 1199 5548 καί
1235 5492 1376 5559 ζῶον
1406 5493 1464 5547 ἓν
1493 5492 1553 5558 ἐξ
1577 5494 1906 5568 ἀμφοτέρων

2028 5496 2102 5551 tis
2150 5491 2387 5564 cogniti;
2443 5491 2551 5547 hoc
2611 5498 2796 5546 autem
2865 5490 3058 5546 volens
3112 5487 3309 5546 artifex
3367 5487 3613 5544 Verbum

1623 5629 1858 5687 VARUE
1899 5629 2304 5687 LECTIONES.

410 5751 454 5782 τ’
492 5747 650 5819 μόνος
680 5747 769 5803 ed.
799 5746 919 5803 Gal.
994 5747 1038 5780 ³⁸
1062 5747 1241 5812 αἰτίας
1273 5745 1622 5802 desideratur
1654 5747 1707 5802 in
1735 5747 1823 5803 ed.
1844 5747 1942 5804 Gal
2050 5750 2088 5781 ³ι
2128 5747 2253 5816 περῖ
2281 5744 2369 5802 ed.
2399 5743 2516 5800 Gal.
