  <div class='ocr_page' id='page_1' title='image "/cluster/home/n/w/nwhite01/storage/ocr_20150623/91:no.2/coo.31924054869957/571.png"; bbox 0 0 3998 6364; ppageno 0'>
   <div class='ocr_carea' id='block_1_1' title="bbox 421 356 559 422">
    <p class='ocr_par' dir='ltr' id='par_1_1' title="bbox 421 356 559 422">
     <span class='ocr_line' id='line_1_1' title="bbox 421 356 559 422; baseline -0.014 0"><span class='ocrx_word' id='word_1_1' title='bbox 421 356 559 422; x_wconf 65' lang='lat'><strong>1095</strong></span> 
     </span>
    </p>
   </div>
   <div class='ocr_carea' id='block_1_2' title="bbox 1593 354 2536 416">
    <p class='ocr_par' dir='ltr' id='par_1_2' title="bbox 1593 354 2536 416">
     <span class='ocr_line' id='line_1_2' title="bbox 1593 354 2536 416; baseline 0.002 -2"><span class='ocrx_word' id='word_1_2' title='bbox 1593 356 1652 414; x_wconf 82' lang='lat' dir='ltr'><strong>S.</strong></span> <span class='ocrx_word' id='word_1_3' title='bbox 1697 355 1983 415; x_wconf 68' lang='grc' dir='ltr'><strong>ΜΑΧΙΜΙ</strong></span> <span class='ocrx_word' id='word_1_4' title='bbox 2027 354 2536 416; x_wconf 74' lang='lat' dir='ltr'><strong>CON‘FESSORIS</strong></span> 
     </span>
    </p>
   </div>
   <div class='ocr_carea' id='block_1_3' title="bbox 3564 367 3704 433">
    <p class='ocr_par' dir='ltr' id='par_1_3' title="bbox 3564 367 3704 433">
     <span class='ocr_line' id='line_1_3' title="bbox 3564 367 3704 433; baseline 0.007 -1"><span class='ocrx_word' id='word_1_5' title='bbox 3564 367 3704 433; x_wconf 82' lang='grc'><strong>1096</strong></span> 
     </span>
    </p>
   </div>
   <div class='ocr_carea' id='block_1_4' title="bbox 421 467 2002 552">
    <p class='ocr_par' dir='ltr' id='par_1_4' title="bbox 421 467 2002 537">
     <span class='ocr_line' id='line_1_4' title="bbox 421 467 2002 537; baseline -0.005 -10"><span class='ocrx_word' id='word_1_6' title='bbox 421 470 739 537; x_wconf 85' lang='lat' dir='ltr'><strong>ostendere,</strong></span> <span class='ocrx_word' id='word_1_7' title='bbox 792 471 993 526; x_wconf 81' lang='lat' dir='ltr'><strong>animal</strong></span> <span class='ocrx_word' id='word_1_8' title='bbox 1031 487 1221 535; x_wconf 87' lang='lat' dir='ltr'><strong>unum,</strong></span> <span class='ocrx_word' id='word_1_9' title='bbox 1270 487 1332 524; x_wconf 77' lang='lat' dir='ltr'><strong>ex</strong></span> <span class='ocrx_word' id='word_1_10' title='bbox 1364 468 1628 524; x_wconf 77' lang='lat' dir='ltr'><strong>invisibili</strong></span> <span class='ocrx_word' id='word_1_11' title='bbox 1675 467 1800 522; x_wconf 84' lang='lat' dir='ltr'><strong>dico</strong></span> <span class='ocrx_word' id='word_1_12' title='bbox 1841 474 1897 521; x_wconf 90' lang='lat' dir='ltr'><strong>et</strong></span> <span class='ocrx_word' id='word_1_13' title='bbox 1931 467 2002 520; x_wconf 65' lang='lat' dir='ltr'><strong>vi-</strong></span> 
     </span>
    </p>
   </div>
   <div class='ocr_carea' id='block_1_5' title="bbox 2103 467 3703 552">
    <p class='ocr_par' dir='ltr' id='par_1_5' title="bbox 2113 468 3703 552">
     <span class='ocr_line' id='line_1_5' title="bbox 2113 468 3703 552; baseline 0.011 -33"><span class='ocrx_word' id='word_1_14' title='bbox 2113 468 2348 536; x_wconf 74' lang='grc' dir='ltr'>ἁορςὶτου</span> <span class='ocrx_word' id='word_1_15' title='bbox 2378 468 2522 537; x_wconf 64' lang='grc' dir='ltr'>λέγω</span> <span class='ocrx_word' id='word_1_16' title='bbox 2558 473 2651 524; x_wconf 69' lang='grc' dir='ltr'><strong>καὶ</strong></span> <span class='ocrx_word' id='word_1_17' title='bbox 2678 473 2880 544; x_wconf 66' lang='grc' dir='ltr'>ὁρατῆς</span> <span class='ocrx_word' id='word_1_18' title='bbox 2913 474 3128 544; x_wconf 66' lang='grc' dir='ltr'>φύσεως</span> <span class='ocrx_word' id='word_1_19' title='bbox 3156 517 3170 541; x_wconf 90' lang='grc'><strong>,</strong></span> <span class='ocrx_word' id='word_1_20' title='bbox 3220 477 3503 550; x_wconf 70' lang='grc'><strong>(1301))</strong></span> <span class='ocrx_word' id='word_1_21' title='bbox 3537 481 3703 552; x_wconf 79' lang='grc' dir='ltr'>δημι-</span> 
     </span>
    </p>
   </div>
   <div class='ocr_carea' id='block_1_6' title="bbox 423 558 2006 630">
    <p class='ocr_par' dir='ltr' id='par_1_6' title="bbox 423 558 2006 630">
     <span class='ocr_line' id='line_1_6' title="bbox 423 558 2006 630; baseline -0.004 -12"><span class='ocrx_word' id='word_1_22' title='bbox 423 563 571 618; x_wconf 88' lang='lat' dir='ltr'><strong>sibili</strong></span> <span class='ocrx_word' id='word_1_23' title='bbox 599 565 1118 630; x_wconf 80' lang='lat' dir='ltr'><strong>uatura,homincm</strong></span> <span class='ocrx_word' id='word_1_24' title='bbox 1146 575 1328 628; x_wconf 86' lang='lat' dir='ltr'><strong>creat;</strong></span> <span class='ocrx_word' id='word_1_25' title='bbox 1361 569 1415 616; x_wconf 90' lang='lat' dir='ltr'><strong>et</strong></span> <span class='ocrx_word' id='word_1_26' title='bbox 1438 578 1504 615; x_wconf 78' lang='lat' dir='ltr'><strong>ex</strong></span> <span class='ocrx_word' id='word_1_27' title='bbox 1530 560 1756 615; x_wconf 79' lang='lat' dir='ltr'><strong>materia</strong></span> <span class='ocrx_word' id='word_1_28' title='bbox 1779 558 2006 628; x_wconf 84' lang='lat' dir='ltr'><strong>quidem</strong></span> 
     </span>
    </p>
   </div>
   <div class='ocr_carea' id='block_1_7' title="bbox 423 644 2007 725">
    <p class='ocr_par' dir='ltr' id='par_1_7' title="bbox 423 644 2007 725">
     <span class='ocr_line' id='line_1_7' title="bbox 423 644 2007 725; baseline -0.005 -17"><span class='ocrx_word' id='word_1_29' title='bbox 423 654 708 722; x_wconf 80' lang='lat' dir='ltr'><strong>accipiens</strong></span> <span class='ocrx_word' id='word_1_30' title='bbox 743 669 946 723; x_wconf 85' lang='lat' dir='ltr'><strong>corpus</strong></span> <span class='ocrx_word' id='word_1_31' title='bbox 1009 655 1122 724; x_wconf 90' lang='lat' dir='ltr'><strong>jam</strong></span> <span class='ocrx_word' id='word_1_32' title='bbox 1177 662 1304 707; x_wconf 87' lang='lat' dir='ltr'><strong>ante</strong></span> <span class='ocrx_word' id='word_1_33' title='bbox 1354 644 1695 725; x_wconf 77' lang='lat' dir='ltr'><strong>substituto,</strong></span> <span class='ocrx_word' id='word_1_34' title='bbox 1739 665 1767 702; x_wconf 90' lang='lat' dir='ltr'><strong>a</strong></span> <span class='ocrx_word' id='word_1_35' title='bbox 1825 647 2007 716; x_wconf 87' lang='lat' dir='ltr'><strong>seipso</strong></span> 
     </span>
    </p>
   </div>
   <div class='ocr_carea' id='block_1_8' title="bbox 421 741 2006 814">
    <p class='ocr_par' dir='ltr' id='par_1_8' title="bbox 421 741 2006 814">
     <span class='ocr_line' id='line_1_8' title="bbox 421 741 2006 814; baseline -0.005 -16"><span class='ocrx_word' id='word_1_36' title='bbox 421 760 558 799; x_wconf 81' lang='lat' dir='ltr'><strong>vero</strong></span> <span class='ocrx_word' id='word_1_37' title='bbox 591 745 756 798; x_wconf 82' lang='lat' dir='ltr'><strong>vitam</strong></span> <span class='ocrx_word' id='word_1_38' title='bbox 782 744 1024 814; x_wconf 90' lang='lat' dir='ltr'><strong>imponit</strong></span> <span class='ocrx_word' id='word_1_39' title='bbox 1054 743 1506 814; x_wconf 74' lang='lat' dir='ltr'><strong>(intellectualem</strong></span> <span class='ocrx_word' id='word_1_40' title='bbox 1527 755 1746 810; x_wconf 79' lang='lat' dir='ltr'><strong>quoque</strong></span> <span class='ocrx_word' id='word_1_41' title='bbox 1767 741 2006 793; x_wconf 88' lang='lat' dir='ltr'><strong>animam</strong></span> 
     </span>
    </p>
   </div>
   <div class='ocr_carea' id='block_1_9' title="bbox 421 829 2005 904">
    <p class='ocr_par' dir='ltr' id='par_1_9' title="bbox 421 829 2005 904">
     <span class='ocr_line' id='line_1_9' title="bbox 421 829 2005 904; baseline -0.004 -16"><span class='ocrx_word' id='word_1_42' title='bbox 421 843 481 888; x_wconf 86' lang='lat' dir='ltr'><strong>et</strong></span> <span class='ocrx_word' id='word_1_43' title='bbox 511 835 806 904; x_wconf 80' lang='lat' dir='ltr'><strong>imaginem</strong></span> <span class='ocrx_word' id='word_1_44' title='bbox 842 835 938 888; x_wconf 88' lang='lat' dir='ltr'><strong>Dei</strong></span> <span class='ocrx_word' id='word_1_45' title='bbox 979 834 1134 889; x_wconf 85' lang='lat' dir='ltr'><strong>novit</strong></span> <span class='ocrx_word' id='word_1_46' title='bbox 1189 833 1477 902; x_wconf 68' lang='lat' dir='ltr'><strong>Verbum),</strong></span> <span class='ocrx_word' id='word_1_47' title='bbox 1508 831 1679 886; x_wconf 84' lang='lat' dir='ltr'><strong>veluti</strong></span> <span class='ocrx_word' id='word_1_48' title='bbox 1710 829 2005 900; x_wconf 82' lang='lat' dir='ltr'><strong>quemdam</strong></span> 
     </span>
    </p>
   </div>
   <div class='ocr_carea' id='block_1_10' title="bbox 426 921 2005 994">
    <p class='ocr_par' dir='ltr' id='par_1_10' title="bbox 426 921 2005 994">
     <span class='ocr_line' id='line_1_10' title="bbox 426 921 2005 994; baseline -0.003 -18"><span class='ocrx_word' id='word_1_49' title='bbox 426 925 698 978; x_wconf 86' lang='lat' dir='ltr'><strong>mundum</strong></span> <span class='ocrx_word' id='word_1_50' title='bbox 761 925 1089 988; x_wconf 88' lang='lat' dir='ltr'><strong>secundum,</strong></span> <span class='ocrx_word' id='word_1_51' title='bbox 1149 925 1204 978; x_wconf 91' lang='lat' dir='ltr'><strong>in</strong></span> <span class='ocrx_word' id='word_1_52' title='bbox 1247 939 1416 994; x_wconf 89' lang='lat' dir='ltr'><strong>parvo</strong></span> <span class='ocrx_word' id='word_1_53' title='bbox 1455 937 1734 991; x_wconf 83' lang='lat' dir='ltr'><strong>magnum,</strong></span> <span class='ocrx_word' id='word_1_54' title='bbox 1775 921 1830 973; x_wconf 90' lang='lat' dir='ltr'><strong>in</strong></span> <span class='ocrx_word' id='word_1_55' title='bbox 1861 927 2005 974; x_wconf 88' lang='lat' dir='ltr'><strong>terra</strong></span> 
     </span>
    </p>
   </div>
   <div class='ocr_carea' id='block_1_11' title="bbox 419 1007 2006 1086">
    <p class='ocr_par' dir='ltr' id='par_1_11' title="bbox 419 1007 2006 1086">
     <span class='ocr_line' id='line_1_11' title="bbox 419 1007 2006 1086; baseline -0.006 -17"><span class='ocrx_word' id='word_1_56' title='bbox 419 1015 636 1081; x_wconf 83' lang='lat' dir='ltr'><strong>statuit,</strong></span> <span class='ocrx_word' id='word_1_57' title='bbox 686 1017 941 1086; x_wconf 82' lang='lat' dir='ltr'><strong>angelum</strong></span> <span class='ocrx_word' id='word_1_58' title='bbox 974 1015 1166 1078; x_wconf 91' lang='lat' dir='ltr'><strong>alium,</strong></span> <span class='ocrx_word' id='word_1_59' title='bbox 1201 1007 1548 1068; x_wconf 77' lang='lat' dir='ltr'><strong>adoratorem</strong></span> <span class='ocrx_word' id='word_1_60' title='bbox 1595 1011 1849 1073; x_wconf 77' lang='lat' dir='ltr'><strong>nﬁxtunt,</strong></span> <span class='ocrx_word' id='word_1_61' title='bbox 1885 1028 1902 1060; x_wconf 77' lang='grc' dir='ltr'><strong>ι</strong></span> <span class='ocrx_word' id='word_1_62' title='bbox 1950 1016 2006 1062; x_wconf 87' lang='lat' dir='ltr'><strong>et</strong></span> 
     </span>
    </p>
   </div>
   <div class='ocr_carea' id='block_1_12' title="bbox 425 1101 2002 1176">
    <p class='ocr_par' dir='ltr' id='par_1_12' title="bbox 425 1101 2002 1176">
     <span class='ocr_line' id='line_1_12' title="bbox 425 1101 2002 1176; baseline -0.002 -18"><span class='ocrx_word' id='word_1_63' title='bbox 425 1107 657 1176; x_wconf 85' lang='lat' dir='ltr'><strong>reliqua.</strong></span> <span class='ocrx_word' id='word_1_64' title='bbox 694 1107 754 1160; x_wconf 87' lang='lat' dir='ltr'><strong>In</strong></span> <span class='ocrx_word' id='word_1_65' title='bbox 781 1123 849 1161; x_wconf 92' lang='lat' dir='ltr'><strong>eo</strong></span> <span class='ocrx_word' id='word_1_66' title='bbox 877 1122 1010 1161; x_wconf 85' lang='lat' dir='ltr'><strong>vero</strong></span> <span class='ocrx_word' id='word_1_67' title='bbox 1054 1107 1151 1176; x_wconf 88' lang='lat' dir='ltr'><strong>qui</strong></span> <span class='ocrx_word' id='word_1_68' title='bbox 1205 1114 1291 1160; x_wconf 90' lang='lat' dir='ltr'><strong>est</strong></span> <span class='ocrx_word' id='word_1_69' title='bbox 1331 1105 1386 1159; x_wconf 89' lang='lat' dir='ltr'><strong>in</strong></span> <span class='ocrx_word' id='word_1_70' title='bbox 1429 1103 1609 1168; x_wconf 80' lang='grc' dir='ltr'>Φῶτα,</span> <span class='ocrx_word' id='word_1_71' title='bbox 1643 1105 1748 1157; x_wconf 84' lang='lat' dir='ltr'><strong>hoc</strong></span> <span class='ocrx_word' id='word_1_72' title='bbox 1779 1111 1864 1156; x_wconf 88' lang='lat' dir='ltr'><strong>est</strong></span> <span class='ocrx_word' id='word_1_73' title='bbox 1905 1101 2002 1155; x_wconf 90' lang='lat' dir='ltr'><strong>ba-</strong></span> 
     </span>
    </p>
   </div>
   <div class='ocr_carea' id='block_1_13' title="bbox 425 1192 2000 1266">
    <p class='ocr_par' dir='ltr' id='par_1_13' title="bbox 425 1192 2000 1266">
     <span class='ocr_line' id='line_1_13' title="bbox 425 1192 2000 1266; baseline -0.004 -16"><span class='ocrx_word' id='word_1_74' title='bbox 425 1197 704 1266; x_wconf 80' lang='lat' dir='ltr'><strong>ptismata,</strong></span> <span class='ocrx_word' id='word_1_75' title='bbox 738 1212 991 1252; x_wconf 88' lang='lat' dir='ltr'><strong>sermone</strong></span> <span class='ocrx_word' id='word_1_76' title='bbox 1031 1214 1042 1249; x_wconf 94' lang='lat'>:</span> <span class='ocrx_word' id='word_1_77' title='bbox 1091 1217 1109 1248; x_wconf 81' lang='grc' dir='ltr'><strong>ι</strong></span> <span class='ocrx_word' id='word_1_78' title='bbox 1144 1195 1417 1262; x_wconf 84' lang='lat' dir='ltr'><strong>Quoniam</strong></span> <span class='ocrx_word' id='word_1_79' title='bbox 1466 1195 1547 1249; x_wconf 91' lang='lat' dir='ltr'><strong>sie</strong></span> <span class='ocrx_word' id='word_1_80' title='bbox 1595 1195 1711 1248; x_wconf 68' lang='lat' dir='ltr'><strong>haec</strong></span> <span class='ocrx_word' id='word_1_81' title='bbox 1737 1201 1830 1246; x_wconf 87' lang='lat' dir='ltr'><strong>aut</strong></span> <span class='ocrx_word' id='word_1_82' title='bbox 1857 1192 2000 1246; x_wconf 86' lang='lat' dir='ltr'><strong>hoc:</strong></span> 
     </span>
    </p>
   </div>
   <div class='ocr_carea' id='block_1_14' title="bbox 422 1285 2004 1360">
    <p class='ocr_par' dir='ltr' id='par_1_14' title="bbox 422 1285 2004 1360">
     <span class='ocr_line' id='line_1_14' title="bbox 422 1285 2004 1360; baseline -0.004 -17"><span class='ocrx_word' id='word_1_83' title='bbox 422 1290 716 1360; x_wconf 82' lang='lat' dir='ltr'><strong>oportebat</strong></span> <span class='ocrx_word' id='word_1_84' title='bbox 765 1305 894 1345; x_wconf 73' lang='lat' dir='ltr'><strong>vero</strong></span> <span class='ocrx_word' id='word_1_85' title='bbox 937 1305 1051 1344; x_wconf 88' lang='lat' dir='ltr'><strong>non</strong></span> <span class='ocrx_word' id='word_1_86' title='bbox 1085 1289 1172 1344; x_wconf 87' lang='lat' dir='ltr'><strong>bis</strong></span> <span class='ocrx_word' id='word_1_87' title='bbox 1222 1289 1318 1359; x_wconf 90' lang='lat' dir='ltr'><strong>qui</strong></span> <span class='ocrx_word' id='word_1_88' title='bbox 1353 1303 1572 1342; x_wconf 88' lang='lat' dir='ltr'><strong>sursum</strong></span> <span class='ocrx_word' id='word_1_89' title='bbox 1619 1293 1748 1341; x_wconf 88' lang='lat' dir='ltr'><strong>sunt</strong></span> <span class='ocrx_word' id='word_1_90' title='bbox 1797 1285 2004 1339; x_wconf 87' lang='lat' dir='ltr'><strong>solum-</strong></span> 
     </span>
    </p>
   </div>
   <div class='ocr_carea' id='block_1_15' title="bbox 424 1375 2002 1446">
    <p class='ocr_par' dir='ltr' id='par_1_15' title="bbox 424 1375 2002 1446">
     <span class='ocr_line' id='line_1_15' title="bbox 424 1375 2002 1446; baseline -0.004 -11"><span class='ocrx_word' id='word_1_91' title='bbox 424 1383 590 1436; x_wconf 87' lang='lat' dir='ltr'><strong>modo</strong></span> <span class='ocrx_word' id='word_1_92' title='bbox 631 1381 1010 1436; x_wconf 87' lang='lat' dir='ltr'><strong>adorationcm</strong></span> <span class='ocrx_word' id='word_1_93' title='bbox 1034 1379 1440 1444; x_wconf 86' lang='lat' dir='ltr'><strong>circumscribi,</strong></span> <span class='ocrx_word' id='word_1_94' title='bbox 1465 1377 1560 1433; x_wconf 89' lang='lat' dir='ltr'><strong>sed</strong></span> <span class='ocrx_word' id='word_1_95' title='bbox 1588 1392 1708 1432; x_wconf 84' lang='lat' dir='ltr'><strong>esse</strong></span> <span class='ocrx_word' id='word_1_96' title='bbox 1735 1375 2002 1446; x_wconf 86' lang='lat' dir='ltr'><strong>quosdam</strong></span> 
     </span>
    </p>
   </div>
   <div class='ocr_carea' id='block_1_16' title="bbox 420 1467 2002 1542">
    <p class='ocr_par' dir='ltr' id='par_1_16' title="bbox 420 1467 2002 1542">
     <span class='ocr_line' id='line_1_16' title="bbox 420 1467 2002 1542; baseline -0.006 -14"><span class='ocrx_word' id='word_1_97' title='bbox 420 1483 476 1528; x_wconf 92' lang='lat' dir='ltr'><strong>ct</strong></span> <span class='ocrx_word' id='word_1_98' title='bbox 497 1475 758 1528; x_wconf 81' lang='lat' dir='ltr'><strong>deorsum</strong></span> <span class='ocrx_word' id='word_1_99' title='bbox 777 1474 1121 1538; x_wconf 85' lang='lat' dir='ltr'><strong>adoratores,</strong></span> <span class='ocrx_word' id='word_1_100' title='bbox 1149 1480 1209 1526; x_wconf 93' lang='lat' dir='ltr'><strong>ut</strong></span> <span class='ocrx_word' id='word_1_101' title='bbox 1228 1473 1597 1542; x_wconf 89' lang='lat' dir='ltr'><strong>implerentur</strong></span> <span class='ocrx_word' id='word_1_102' title='bbox 1627 1469 1810 1522; x_wconf 83' lang='lat' dir='ltr'><strong>omnia</strong></span> <span class='ocrx_word' id='word_1_103' title='bbox 1828 1467 2002 1537; x_wconf 77' lang='lat' dir='ltr'><strong>gloria</strong></span> 
     </span>
    </p>
   </div>
   <div class='ocr_carea' id='block_1_17' title="bbox 421 1558 2001 1634">
    <p class='ocr_par' dir='ltr' id='par_1_17' title="bbox 421 1558 2001 1634">
     <span class='ocr_line' id='line_1_17' title="bbox 421 1558 2001 1634; baseline -0.006 -15"><span class='ocrx_word' id='word_1_104' title='bbox 421 1566 540 1629; x_wconf 90' lang='lat' dir='ltr'><strong>Dei,</strong></span> <span class='ocrx_word' id='word_1_105' title='bbox 584 1565 846 1634; x_wconf 88' lang='lat' dir='ltr'><strong>quoniam</strong></span> <span class='ocrx_word' id='word_1_106' title='bbox 879 1573 936 1618; x_wconf 89' lang='lat' dir='ltr'><strong>et</strong></span> <span class='ocrx_word' id='word_1_107' title='bbox 983 1563 1112 1628; x_wconf 90' lang='lat' dir='ltr'><strong>Dei;</strong></span> <span class='ocrx_word' id='word_1_108' title='bbox 1146 1571 1203 1617; x_wconf 92' lang='lat' dir='ltr'><strong>et</strong></span> <span class='ocrx_word' id='word_1_109' title='bbox 1231 1571 1531 1633; x_wconf 86' lang='lat' dir='ltr'><strong>propterea</strong></span> <span class='ocrx_word' id='word_1_110' title='bbox 1560 1567 1784 1614; x_wconf 86' lang='lat' dir='ltr'><strong>creatur</strong></span> <span class='ocrx_word' id='word_1_111' title='bbox 1834 1558 2001 1611; x_wconf 89' lang='lat' dir='ltr'><strong>homo</strong></span> 
     </span>
    </p>
   </div>
   <div class='ocr_carea' id='block_1_18' title="bbox 421 1651 2001 1722">
    <p class='ocr_par' dir='ltr' id='par_1_18' title="bbox 421 1651 2001 1722">
     <span class='ocr_line' id='line_1_18' title="bbox 421 1651 2001 1722; baseline -0.004 -12"><span class='ocrx_word' id='word_1_112' title='bbox 421 1672 586 1710; x_wconf 91' lang='lat' dir='ltr'><strong>manu</strong></span> <span class='ocrx_word' id='word_1_113' title='bbox 639 1656 758 1720; x_wconf 90' lang='lat' dir='ltr'><strong>Dei,</strong></span> <span class='ocrx_word' id='word_1_114' title='bbox 816 1654 1223 1709; x_wconf 80' lang='lat' dir='ltr'><strong>lionorilicatus</strong></span> <span class='ocrx_word' id='word_1_115' title='bbox 1269 1654 1438 1709; x_wconf 88' lang='lat' dir='ltr'><strong>etiam</strong></span> <span class='ocrx_word' id='word_1_116' title='bbox 1495 1652 1756 1722; x_wconf 82' lang='lat' dir='ltr'><strong>imagine.</strong></span> <span class='ocrx_word' id='word_1_117' title='bbox 1791 1671 1808 1701; x_wconf 78' lang='grc' dir='ltr'><strong>ι</strong></span> <span class='ocrx_word' id='word_1_118' title='bbox 1873 1651 2001 1705; x_wconf 78' lang='lat' dir='ltr'><strong>llzec</strong></span> 
     </span>
    </p>
   </div>
   <div class='ocr_carea' id='block_1_19' title="bbox 420 1745 1996 1820">
    <p class='ocr_par' dir='ltr' id='par_1_19' title="bbox 420 1745 1996 1820">
     <span class='ocr_line' id='line_1_19' title="bbox 420 1745 1996 1820; baseline -0.005 -16"><span class='ocrx_word' id='word_1_119' title='bbox 420 1751 642 1820; x_wconf 88' lang='lat' dir='ltr'><strong>quidem</strong></span> <span class='ocrx_word' id='word_1_120' title='bbox 679 1748 934 1804; x_wconf 72' lang='lat' dir='ltr'><strong>suﬁicere</strong></span> <span class='ocrx_word' id='word_1_121' title='bbox 971 1748 1238 1818; x_wconf 83' lang='lat' dir='ltr'><strong>suscipio,</strong></span> <span class='ocrx_word' id='word_1_122' title='bbox 1292 1747 1397 1802; x_wconf 85' lang='lat' dir='ltr'><strong>etsi</strong></span> <span class='ocrx_word' id='word_1_123' title='bbox 1431 1762 1598 1817; x_wconf 87' lang='lat' dir='ltr'><strong>parva</strong></span> <span class='ocrx_word' id='word_1_124' title='bbox 1633 1745 1996 1807; x_wconf 87' lang='lat' dir='ltr'><strong>constituant,</strong></span> 
     </span>
    </p>
   </div>
   <div class='ocr_carea' id='block_1_20' title="bbox 2109 561 3705 639">
    <p class='ocr_par' dir='ltr' id='par_1_20' title="bbox 2109 561 3705 639">
     <span class='ocr_line' id='line_1_20' title="bbox 2109 561 3705 639; baseline 0.009 -27"><span class='ocrx_word' id='word_1_125' title='bbox 2109 563 2301 630; x_wconf 75' lang='grc' dir='ltr'>ουργεῖ</span> <span class='ocrx_word' id='word_1_126' title='bbox 2332 561 2422 613; x_wconf 72' lang='grc' dir='ltr'><strong>τὸν</strong></span> <span class='ocrx_word' id='word_1_127' title='bbox 2453 561 2758 634; x_wconf 73' lang='grc' dir='ltr'>ἀιορωπον,</span> <span class='ocrx_word' id='word_1_128' title='bbox 2798 569 2894 618; x_wconf 71' lang='grc' dir='ltr'>καὶ</span> <span class='ocrx_word' id='word_1_129' title='bbox 2925 568 3074 639; x_wconf 78' lang='grc' dir='ltr'>παρὰ</span> <span class='ocrx_word' id='word_1_130' title='bbox 3101 568 3202 638; x_wconf 78' lang='grc' dir='ltr'><strong>μὲν</strong></span> <span class='ocrx_word' id='word_1_131' title='bbox 3231 571 3335 639; x_wconf 81' lang='grc' dir='ltr'><strong>τῆς</strong></span> <span class='ocrx_word' id='word_1_132' title='bbox 3361 571 3496 638; x_wconf 80' lang='grc' dir='ltr'>ὕλης</span> <span class='ocrx_word' id='word_1_133' title='bbox 3518 571 3705 627; x_wconf 74' lang='grc' dir='ltr'>λαϐὼν</span> 
     </span>
    </p>
   </div>
   <div class='ocr_carea' id='block_1_21' title="bbox 2110 653 3705 736">
    <p class='ocr_par' dir='ltr' id='par_1_21' title="bbox 2110 653 3705 736">
     <span class='ocr_line' id='line_1_21' title="bbox 2110 653 3705 736; baseline 0.009 -33"><span class='ocrx_word' id='word_1_134' title='bbox 2110 653 2168 704; x_wconf 75' lang='grc' dir='ltr'><strong>τὸ</strong></span> <span class='ocrx_word' id='word_1_135' title='bbox 2212 653 2371 723; x_wconf 80' lang='grc' dir='ltr'>σῶμα</span> <span class='ocrx_word' id='word_1_136' title='bbox 2415 655 2516 726; x_wconf 72' lang='grc' dir='ltr'>ἢδη</span> <span class='ocrx_word' id='word_1_137' title='bbox 2553 659 2977 730; x_wconf 80' lang='grc' dir='ltr'>προῦποστάσης</span> <span class='ocrx_word' id='word_1_138' title='bbox 2997 700 3012 725; x_wconf 94' lang='grc'><strong>,</strong></span> <span class='ocrx_word' id='word_1_139' title='bbox 3078 661 3209 732; x_wconf 85' lang='grc' dir='ltr'>παρ’</span> <span class='ocrx_word' id='word_1_140' title='bbox 3239 663 3435 715; x_wconf 74' lang='grc' dir='ltr'>ἑαυτοῦ</span> <span class='ocrx_word' id='word_1_141' title='bbox 3465 663 3523 716; x_wconf 86' lang='grc' dir='ltr'>δὲ</span> <span class='ocrx_word' id='word_1_142' title='bbox 3554 663 3705 736; x_wconf 77' lang='grc' dir='ltr'>ζωὴν</span> 
     </span>
    </p>
   </div>
   <div class='ocr_carea' id='block_1_22' title="bbox 2109 741 3706 818">
    <p class='ocr_par' dir='ltr' id='par_1_22' title="bbox 2109 741 3706 818">
     <span class='ocr_line' id='line_1_22' title="bbox 2109 741 3706 818; baseline 0.009 -25"><span class='ocrx_word' id='word_1_143' title='bbox 2109 741 2284 805; x_wconf 77' lang='grc' dir='ltr'>ἐνθεὶς</span> <span class='ocrx_word' id='word_1_144' title='bbox 2316 743 2363 812; x_wconf 70' lang='grc' dir='ltr'><strong>(ὃ</strong></span> <span class='ocrx_word' id='word_1_145' title='bbox 2388 743 2452 816; x_wconf 81' lang='grc' dir='ltr'>δὴ</span> <span class='ocrx_word' id='word_1_146' title='bbox 2480 745 2674 814; x_wconf 84' lang='grc' dir='ltr'>νοεράν</span> <span class='ocrx_word' id='word_1_147' title='bbox 2694 745 2875 818; x_wconf 73' lang='grc' dir='ltr'>ψυχὴν</span> <span class='ocrx_word' id='word_1_148' title='bbox 2903 749 2997 802; x_wconf 80' lang='grc' dir='ltr'><strong>καὶ</strong></span> <span class='ocrx_word' id='word_1_149' title='bbox 3021 751 3206 805; x_wconf 83' lang='grc' dir='ltr'>εἰκόνα</span> <span class='ocrx_word' id='word_1_150' title='bbox 3229 750 3366 804; x_wconf 84' lang='grc' dir='ltr'><strong>Θεοῦ</strong></span> <span class='ocrx_word' id='word_1_151' title='bbox 3391 751 3531 806; x_wconf 77' lang='grc' dir='ltr'>οἶδεν</span> <span class='ocrx_word' id='word_1_152' title='bbox 3553 753 3706 806; x_wconf 72' lang='lat' dir='ltr'><strong>6A6-</strong></span> 
     </span>
    </p>
   </div>
   <div class='ocr_carea' id='block_1_23' title="bbox 2107 828 3705 918">
    <p class='ocr_par' dir='ltr' id='par_1_23' title="bbox 2107 828 3705 918">
     <span class='ocr_line' id='line_1_23' title="bbox 2107 828 3705 918; baseline 0.008 -30"><span class='ocrx_word' id='word_1_153' title='bbox 2107 836 2278 906; x_wconf 85' lang='grc' dir='ltr'>γος),</span> <span class='ocrx_word' id='word_1_154' title='bbox 2333 828 2446 892; x_wconf 69' lang='grc' dir='ltr'>οἷόν</span> <span class='ocrx_word' id='word_1_155' title='bbox 2495 857 2617 893; x_wconf 88' lang='grc' dir='ltr'>τινα</span> <span class='ocrx_word' id='word_1_156' title='bbox 2663 841 2866 912; x_wconf 69' lang='grc' dir='ltr'>κόσμον</span> <span class='ocrx_word' id='word_1_157' title='bbox 2909 841 3164 913; x_wconf 79' lang='grc' dir='ltr'>δεύτερον</span> <span class='ocrx_word' id='word_1_158' title='bbox 3204 846 3262 898; x_wconf 80' lang='grc' dir='ltr'>ὲν</span> <span class='ocrx_word' id='word_1_159' title='bbox 3299 845 3482 916; x_wconf 83' lang='grc' dir='ltr'>μικρῷ</span> <span class='ocrx_word' id='word_1_160' title='bbox 3523 848 3705 918; x_wconf 73' lang='grc' dir='ltr'>μέγαν</span> 
     </span>
    </p>
   </div>
   <div class='ocr_carea' id='block_1_24' title="bbox 2107 928 3707 1009">
    <p class='ocr_par' dir='ltr' id='par_1_24' title="bbox 2107 928 3707 1009">
     <span class='ocr_line' id='line_1_24' title="bbox 2107 928 3707 1009; baseline 0.007 -30"><span class='ocrx_word' id='word_1_161' title='bbox 2107 928 2200 980; x_wconf 71' lang='grc' dir='ltr'><strong>ἐπὶ</strong></span> <span class='ocrx_word' id='word_1_162' title='bbox 2233 929 2332 1000; x_wconf 79' lang='grc' dir='ltr'>τῆς</span> <span class='ocrx_word' id='word_1_163' title='bbox 2357 929 2461 999; x_wconf 79' lang='grc' dir='ltr'>γῆς</span> <span class='ocrx_word' id='word_1_164' title='bbox 2492 929 2705 1000; x_wconf 82' lang='grc' dir='ltr'><strong>ἵστησιν</strong></span> <span class='ocrx_word' id='word_1_165' title='bbox 2729 973 2743 997; x_wconf 90' lang='grc'><strong>,</strong></span> <span class='ocrx_word' id='word_1_166' title='bbox 2802 932 3033 1002; x_wconf 77' lang='grc' dir='ltr'>ἄγγελον</span> <span class='ocrx_word' id='word_1_167' title='bbox 3060 935 3220 988; x_wconf 84' lang='grc' dir='ltr'>ἄλλον</span> <span class='ocrx_word' id='word_1_168' title='bbox 3239 975 3254 1000; x_wconf 92' lang='grc'><strong>,</strong></span> <span class='ocrx_word' id='word_1_169' title='bbox 3312 939 3707 1009; x_wconf 78' lang='grc' dir='ltr'>προσκυνητὴν</span> 
     </span>
    </p>
   </div>
   <div class='ocr_carea' id='block_1_25' title="bbox 2111 1020 3700 1096">
    <p class='ocr_par' dir='ltr' id='par_1_25' title="bbox 2111 1020 3700 1096">
     <span class='ocr_line' id='line_1_25' title="bbox 2111 1020 3700 1096; baseline 0.004 -24"><span class='ocrx_word' id='word_1_170' title='bbox 2111 1020 2358 1090; x_wconf 78' lang='grc' dir='ltr'>μικτὸν,ι</span> <span class='ocrx_word' id='word_1_171' title='bbox 2401 1021 2496 1073; x_wconf 75' lang='grc' dir='ltr'><strong>καὶ</strong></span> <span class='ocrx_word' id='word_1_172' title='bbox 2524 1021 2590 1073; x_wconf 78' lang='grc' dir='ltr'>τὰ</span> <span class='ocrx_word' id='word_1_173' title='bbox 2626 1021 2772 1091; x_wconf 79' lang='grc' dir='ltr'><strong>ἑξῆς.</strong></span> <span class='ocrx_word' id='word_1_174' title='bbox 2811 1022 2902 1076; x_wconf 77' lang='grc' dir='ltr'>Ἑν</span> <span class='ocrx_word' id='word_1_175' title='bbox 2927 1023 2982 1075; x_wconf 80' lang='grc' dir='ltr'><strong>δὲ</strong></span> <span class='ocrx_word' id='word_1_176' title='bbox 3008 1023 3083 1093; x_wconf 80' lang='grc' dir='ltr'>τῷ</span> <span class='ocrx_word' id='word_1_177' title='bbox 3117 1026 3211 1088; x_wconf 80' lang='lat' dir='ltr'><strong>Ei;</strong></span> <span class='ocrx_word' id='word_1_178' title='bbox 3241 1027 3310 1080; x_wconf 82' lang='grc' dir='ltr'><strong>τά</strong></span> <span class='ocrx_word' id='word_1_179' title='bbox 3333 1027 3491 1080; x_wconf 77' lang='grc' dir='ltr'>Φῶτα</span> <span class='ocrx_word' id='word_1_180' title='bbox 3519 1028 3700 1096; x_wconf 79' lang='grc' dir='ltr'>λόγῳ·</span> 
     </span>
    </p>
   </div>
   <div class='ocr_carea' id='block_1_26' title="bbox 2112 1107 3707 1186">
    <p class='ocr_par' dir='ltr' id='par_1_26' title="bbox 2112 1107 3707 1186">
     <span class='ocr_line' id='line_1_26' title="bbox 2112 1107 3707 1186; baseline 0.006 -26"><span class='ocrx_word' id='word_1_181' title='bbox 2112 1127 2131 1160; x_wconf 83' lang='grc' dir='ltr'><strong>ι</strong></span> <span class='ocrx_word' id='word_1_182' title='bbox 2156 1109 2308 1162; x_wconf 76' lang='grc' dir='ltr'>Ἐπεὶ</span> <span class='ocrx_word' id='word_1_183' title='bbox 2337 1108 2395 1162; x_wconf 81' lang='grc' dir='ltr'>δὲ</span> <span class='ocrx_word' id='word_1_184' title='bbox 2429 1107 2574 1162; x_wconf 79' lang='grc' dir='ltr'>οὕτω</span> <span class='ocrx_word' id='word_1_185' title='bbox 2607 1108 2782 1162; x_wconf 81' lang='grc' dir='ltr'>ταῦτα</span> <span class='ocrx_word' id='word_1_186' title='bbox 2817 1110 2850 1181; x_wconf 78' lang='grc' dir='ltr'>ἢ</span> <span class='ocrx_word' id='word_1_187' title='bbox 2881 1111 3072 1164; x_wconf 76' lang='grc' dir='ltr'>τοῦτο·</span> <span class='ocrx_word' id='word_1_188' title='bbox 3111 1113 3218 1166; x_wconf 80' lang='grc' dir='ltr'>ἔδει</span> <span class='ocrx_word' id='word_1_189' title='bbox 3247 1113 3304 1168; x_wconf 79' lang='grc' dir='ltr'>δὲ</span> <span class='ocrx_word' id='word_1_190' title='bbox 3340 1113 3416 1186; x_wconf 79' lang='grc' dir='ltr'>μὴ</span> <span class='ocrx_word' id='word_1_191' title='bbox 3441 1117 3554 1179; x_wconf 86' lang='grc' dir='ltr'>τοῖς</span> <span class='ocrx_word' id='word_1_192' title='bbox 3585 1115 3707 1170; x_wconf 58' lang='grc' dir='ltr'>ἄνω</span> 
     </span>
    </p>
   </div>
   <div class='ocr_carea' id='block_1_27' title="bbox 2108 1198 3706 1274">
    <p class='ocr_par' dir='ltr' id='par_1_27' title="bbox 2108 1198 3706 1274">
     <span class='ocr_line' id='line_1_27' title="bbox 2108 1198 3706 1274; baseline 0.006 -24"><span class='ocrx_word' id='word_1_193' title='bbox 2108 1198 2406 1270; x_wconf 71' lang='grc' dir='ltr'>μόνοντὴν</span> <span class='ocrx_word' id='word_1_194' title='bbox 2442 1199 2816 1270; x_wconf 77' lang='grc' dir='ltr'><strong>προσκύνησιν</strong></span> <span class='ocrx_word' id='word_1_195' title='bbox 2852 1203 3342 1274; x_wconf 70' lang='grc' dir='ltr'>περιγράφεσθαι,</span> <span class='ocrx_word' id='word_1_196' title='bbox 3410 1206 3528 1259; x_wconf 82' lang='grc' dir='ltr'>ἀλλ’</span> <span class='ocrx_word' id='word_1_197' title='bbox 3554 1203 3706 1260; x_wconf 81' lang='grc' dir='ltr'>εἷναί</span> 
     </span>
    </p>
   </div>
   <div class='ocr_carea' id='block_1_28' title="bbox 2104 1291 3705 1368">
    <p class='ocr_par' dir='ltr' id='par_1_28' title="bbox 2104 1291 3705 1368">
     <span class='ocr_line' id='line_1_28' title="bbox 2104 1291 3705 1368; baseline 0.004 -24"><span class='ocrx_word' id='word_1_198' title='bbox 2104 1308 2258 1355; x_wconf 89' lang='grc' dir='ltr'>τινας</span> <span class='ocrx_word' id='word_1_199' title='bbox 2287 1291 2380 1344; x_wconf 71' lang='grc' dir='ltr'><strong>καὶ</strong></span> <span class='ocrx_word' id='word_1_200' title='bbox 2406 1292 2558 1344; x_wconf 82' lang='grc' dir='ltr'>κάτω</span> <span class='ocrx_word' id='word_1_201' title='bbox 2583 1293 2996 1362; x_wconf 83' lang='grc' dir='ltr'>προσκυνητάς,</span> <span class='ocrx_word' id='word_1_202' title='bbox 3023 1297 3110 1348; x_wconf 81' lang='grc' dir='ltr'>ἵνα</span> <span class='ocrx_word' id='word_1_203' title='bbox 3138 1295 3401 1368; x_wconf 76' lang='grc' dir='ltr'><strong>πληρωθῇ</strong></span> <span class='ocrx_word' id='word_1_204' title='bbox 3426 1297 3494 1351; x_wconf 80' lang='grc' dir='ltr'>τὰ</span> <span class='ocrx_word' id='word_1_205' title='bbox 3516 1297 3705 1350; x_wconf 83' lang='grc' dir='ltr'>πάντα</span> 
     </span>
    </p>
   </div>
   <div class='ocr_carea' id='block_1_29' title="bbox 2103 1383 3705 1454">
    <p class='ocr_par' dir='ltr' id='par_1_29' title="bbox 2103 1383 3705 1454">
     <span class='ocr_line' id='line_1_29' title="bbox 2103 1383 3705 1454; baseline 0.004 -17"><span class='ocrx_word' id='word_1_206' title='bbox 2103 1383 2263 1452; x_wconf 70' lang='grc' dir='ltr'>δόξης</span> <span class='ocrx_word' id='word_1_207' title='bbox 2294 1383 2430 1437; x_wconf 80' lang='grc' dir='ltr'>Θεοῦ</span> <span class='ocrx_word' id='word_1_208' title='bbox 2452 1424 2466 1447; x_wconf 93' lang='grc'><strong>,</strong></span> <span class='ocrx_word' id='word_1_209' title='bbox 2505 1385 2625 1436; x_wconf 70' lang='grc' dir='ltr'>ἐπεὶ</span> <span class='ocrx_word' id='word_1_210' title='bbox 2659 1385 2754 1437; x_wconf 74' lang='grc' dir='ltr'>καὶ</span> <span class='ocrx_word' id='word_1_211' title='bbox 2786 1385 2954 1438; x_wconf 81' lang='grc' dir='ltr'>Θεοῦ·</span> <span class='ocrx_word' id='word_1_212' title='bbox 3009 1387 3104 1440; x_wconf 76' lang='grc' dir='ltr'><strong>καὶ</strong></span> <span class='ocrx_word' id='word_1_213' title='bbox 3137 1387 3226 1441; x_wconf 80' lang='grc' dir='ltr'>διὰ</span> <span class='ocrx_word' id='word_1_214' title='bbox 3255 1387 3416 1442; x_wconf 80' lang='grc' dir='ltr'>τοῦτο</span> <span class='ocrx_word' id='word_1_215' title='bbox 3445 1389 3705 1454; x_wconf 78' lang='grc' dir='ltr'><strong>κτίζεται</strong></span> 
     </span>
    </p>
   </div>
   <div class='ocr_carea' id='block_1_30' title="bbox 2103 1475 3706 1552">
    <p class='ocr_par' dir='ltr' id='par_1_30' title="bbox 2103 1475 3706 1552">
     <span class='ocr_line' id='line_1_30' title="bbox 2103 1475 3706 1552; baseline 0.004 -24"><span class='ocrx_word' id='word_1_216' title='bbox 2103 1475 2396 1546; x_wconf 80' lang='grc' dir='ltr'>ἄνθρωπος</span> <span class='ocrx_word' id='word_1_217' title='bbox 2432 1477 2576 1546; x_wconf 79' lang='grc' dir='ltr'>χειρὶ</span> <span class='ocrx_word' id='word_1_218' title='bbox 2611 1475 2744 1530; x_wconf 83' lang='grc' dir='ltr'>Θεοῦ</span> <span class='ocrx_word' id='word_1_219' title='bbox 2778 1477 3032 1547; x_wconf 75' lang='grc' dir='ltr'>τιμηθεὶς</span> <span class='ocrx_word' id='word_1_220' title='bbox 3068 1480 3164 1534; x_wconf 70' lang='grc' dir='ltr'><strong>καὶ</strong></span> <span class='ocrx_word' id='word_1_221' title='bbox 3195 1481 3386 1534; x_wconf 81' lang='grc' dir='ltr'>εἰκόνι.</span> <span class='ocrx_word' id='word_1_222' title='bbox 3416 1499 3434 1533; x_wconf 82' lang='grc' dir='ltr'><strong>ι</strong></span> <span class='ocrx_word' id='word_1_223' title='bbox 3479 1481 3706 1552; x_wconf 80' lang='grc' dir='ltr'>’Δρκεῖν</span> 
     </span>
    </p>
   </div>
   <div class='ocr_carea' id='block_1_31' title="bbox 2109 1567 3702 1642">
    <p class='ocr_par' dir='ltr' id='par_1_31' title="bbox 2109 1567 3702 1642">
     <span class='ocr_line' id='line_1_31' title="bbox 2109 1567 3702 1642; baseline 0.003 -22"><span class='ocrx_word' id='word_1_224' title='bbox 2109 1569 2207 1638; x_wconf 82' lang='grc' dir='ltr'><strong>μὲν</strong></span> <span class='ocrx_word' id='word_1_225' title='bbox 2241 1568 2338 1622; x_wconf 80' lang='grc' dir='ltr'><strong>καὶ</strong></span> <span class='ocrx_word' id='word_1_226' title='bbox 2362 1567 2539 1620; x_wconf 63' lang='grc' dir='ltr'>ταῦτα</span> <span class='ocrx_word' id='word_1_227' title='bbox 2571 1567 2962 1637; x_wconf 80' lang='grc' dir='ltr'>ὑπολαμϐάνω,</span> <span class='ocrx_word' id='word_1_228' title='bbox 3003 1569 3107 1623; x_wconf 83' lang='grc' dir='ltr'>κᾶν</span> <span class='ocrx_word' id='word_1_229' title='bbox 3133 1571 3182 1623; x_wconf 88' lang='grc' dir='ltr'>εἰ</span> <span class='ocrx_word' id='word_1_230' title='bbox 3209 1574 3385 1642; x_wconf 83' lang='grc' dir='ltr'>μικρά</span> <span class='ocrx_word' id='word_1_231' title='bbox 3408 1572 3702 1642; x_wconf 81' lang='grc' dir='ltr'>τυγχάνοι,</span> 
     </span>
    </p>
   </div>
   <div class='ocr_carea' id='block_1_32' title="bbox 2103 1658 3706 1732">
    <p class='ocr_par' dir='ltr' id='par_1_32' title="bbox 2103 1658 3706 1732">
     <span class='ocr_line' id='line_1_32' title="bbox 2103 1658 3706 1732; baseline 0.002 -20"><span class='ocrx_word' id='word_1_232' title='bbox 2103 1658 2180 1730; x_wconf 79' lang='grc' dir='ltr'>τῷ</span> <span class='ocrx_word' id='word_1_233' title='bbox 2231 1659 2307 1730; x_wconf 79' lang='grc' dir='ltr'>μὴ</span> <span class='ocrx_word' id='word_1_234' title='bbox 2358 1659 2537 1730; x_wconf 86' lang='grc' dir='ltr'>πάντη</span> <span class='ocrx_word' id='word_1_235' title='bbox 2593 1659 2912 1726; x_wconf 64' lang='grc' dir='ltr'>φιλονείκως</span> <span class='ocrx_word' id='word_1_236' title='bbox 2959 1659 3323 1732; x_wconf 75' lang='grc' dir='ltr'>διακειμένῳ,</span> <span class='ocrx_word' id='word_1_237' title='bbox 3381 1662 3476 1716; x_wconf 75' lang='grc' dir='ltr'><strong>καὶ</strong></span> <span class='ocrx_word' id='word_1_238' title='bbox 3532 1662 3706 1732; x_wconf 78' lang='grc' dir='ltr'>μόνον</span> 
     </span>
    </p>
   </div>
   <div class='ocr_carea' id='block_1_33' title="bbox 2103 1747 3706 1820">
    <p class='ocr_par' dir='ltr' id='par_1_33' title="bbox 2103 1747 3706 1820">
     <span class='ocr_line' id='line_1_33' title="bbox 2103 1747 3706 1820; baseline -0.001 -18"><span class='ocrx_word' id='word_1_239' title='bbox 2103 1749 2164 1802; x_wconf 84' lang='grc' dir='ltr'><strong>τὸ</strong></span> <span class='ocrx_word' id='word_1_240' title='bbox 2206 1747 2476 1820; x_wconf 85' lang='grc' dir='ltr'>μάχεσθαι</span> <span class='ocrx_word' id='word_1_241' title='bbox 2515 1747 2760 1812; x_wconf 74' lang='grc' dir='ltr'>ἐπίδοξον</span> <span class='ocrx_word' id='word_1_242' title='bbox 2794 1749 3064 1819; x_wconf 82' lang='grc' dir='ltr'>κρίνοντι,</span> <span class='ocrx_word' id='word_1_243' title='bbox 3101 1749 3238 1820; x_wconf 82' lang='grc' dir='ltr'>πρὸς</span> <span class='ocrx_word' id='word_1_244' title='bbox 3265 1751 3328 1802; x_wconf 80' lang='grc' dir='ltr'>τὸ</span> <span class='ocrx_word' id='word_1_245' title='bbox 3356 1748 3706 1814; x_wconf 79' lang='grc' dir='ltr'>ἐνδείξασθαι</span> 
     </span>
    </p>
   </div>
   <div class='ocr_carea' id='block_1_34' title="bbox 418 1835 2002 1912">
    <p class='ocr_par' dir='ltr' id='par_1_34' title="bbox 418 1835 2002 1896">
     <span class='ocr_line' id='line_1_34' title="bbox 418 1835 2002 1896; baseline -0.004 -1"><span class='ocrx_word' id='word_1_246' title='bbox 418 1857 529 1895; x_wconf 89' lang='lat' dir='ltr'><strong>non</strong></span> <span class='ocrx_word' id='word_1_247' title='bbox 569 1841 794 1895; x_wconf 83' lang='lat' dir='ltr'><strong>omnino</strong></span> <span class='ocrx_word' id='word_1_248' title='bbox 826 1841 1175 1896; x_wconf 90' lang='lat' dir='ltr'><strong>contentiose</strong></span> <span class='ocrx_word' id='word_1_249' title='bbox 1199 1837 1542 1894; x_wconf 86' lang='lat' dir='ltr'><strong>discernenti</strong></span> <span class='ocrx_word' id='word_1_250' title='bbox 1565 1845 1622 1892; x_wconf 89' lang='lat' dir='ltr'><strong>et</strong></span> <span class='ocrx_word' id='word_1_251' title='bbox 1656 1835 2002 1890; x_wconf 89' lang='lat' dir='ltr'><strong>solummodo</strong></span> 
     </span>
    </p>
   </div>
   <div class='ocr_carea' id='block_1_35' title="bbox 2103 1835 3704 1912">
    <p class='ocr_par' dir='ltr' id='par_1_35' title="bbox 2103 1838 3704 1912">
     <span class='ocr_line' id='line_1_35' title="bbox 2103 1838 3704 1912; baseline -0.001 -18"><span class='ocrx_word' id='word_1_252' title='bbox 2103 1842 2202 1912; x_wconf 86' lang='grc' dir='ltr'>τὴν</span> <span class='ocrx_word' id='word_1_253' title='bbox 2250 1841 2380 1910; x_wconf 85' lang='grc' dir='ltr'>ὃλην</span> <span class='ocrx_word' id='word_1_254' title='bbox 2432 1838 2528 1892; x_wconf 80' lang='grc' dir='ltr'><strong>τοῦ</strong></span> <span class='ocrx_word' id='word_1_255' title='bbox 2572 1839 2895 1894; x_wconf 80' lang='grc' dir='ltr'>διδασκάλου</span> <span class='ocrx_word' id='word_1_256' title='bbox 2932 1840 3062 1910; x_wconf 68' lang='grc' dir='ltr'>περὶ</span> <span class='ocrx_word' id='word_1_257' title='bbox 3091 1838 3201 1892; x_wconf 85' lang='grc' dir='ltr'><strong>τῶν</strong></span> <span class='ocrx_word' id='word_1_258' title='bbox 3227 1838 3537 1912; x_wconf 78' lang='grc' dir='ltr'>εἰρημένων</span> <span class='ocrx_word' id='word_1_259' title='bbox 3573 1839 3704 1892; x_wconf 74' lang='grc' dir='ltr'>διά-</span> 
     </span>
    </p>
   </div>
   <div class='ocr_carea' id='block_1_36' title="bbox 421 1927 2008 2002">
    <p class='ocr_par' dir='ltr' id='par_1_36' title="bbox 421 1927 2008 2002">
     <span class='ocr_line' id='line_1_36' title="bbox 421 1927 2008 2002; baseline -0.003 -18"><span class='ocrx_word' id='word_1_260' title='bbox 421 1947 668 2001; x_wconf 83' lang='lat' dir='ltr'><strong>pugnare</strong></span> <span class='ocrx_word' id='word_1_261' title='bbox 721 1931 1027 2002; x_wconf 82' lang='lat' dir='ltr'><strong>gloriosum</strong></span> <span class='ocrx_word' id='word_1_262' title='bbox 1075 1945 1190 1985; x_wconf 91' lang='lat' dir='ltr'><strong>non</strong></span> <span class='ocrx_word' id='word_1_263' title='bbox 1254 1929 1550 2000; x_wconf 68' lang='lat' dir='ltr'><strong>iudicanti,</strong></span> <span class='ocrx_word' id='word_1_264' title='bbox 1595 1927 1664 1982; x_wconf 87' lang='lat' dir='ltr'><strong>ad</strong></span> <span class='ocrx_word' id='word_1_265' title='bbox 1707 1927 2008 1981; x_wconf 89' lang='lat' dir='ltr'><strong>ostenden-</strong></span> 
     </span>
    </p>
   </div>
   <div class='ocr_carea' id='block_1_37' title="bbox 419 2017 2004 2094">
    <p class='ocr_par' dir='ltr' id='par_1_37' title="bbox 419 2017 2004 2094">
     <span class='ocr_line' id='line_1_37' title="bbox 419 2017 2004 2094; baseline -0.004 -17"><span class='ocrx_word' id='word_1_266' title='bbox 419 2025 545 2078; x_wconf 84' lang='lat' dir='ltr'><strong>dam</strong></span> <span class='ocrx_word' id='word_1_267' title='bbox 599 2032 769 2078; x_wconf 89' lang='lat' dir='ltr'><strong>totam</strong></span> <span class='ocrx_word' id='word_1_268' title='bbox 805 2023 1056 2094; x_wconf 79' lang='lat' dir='ltr'><strong>magistri</strong></span> <span class='ocrx_word' id='word_1_269' title='bbox 1090 2021 1160 2077; x_wconf 89' lang='lat' dir='ltr'><strong>de</strong></span> <span class='ocrx_word' id='word_1_270' title='bbox 1191 2021 1282 2077; x_wconf 90' lang='lat' dir='ltr'><strong>his</strong></span> <span class='ocrx_word' id='word_1_271' title='bbox 1305 2037 1427 2092; x_wconf 76' lang='lat' dir='ltr'><strong>quae</strong></span> <span class='ocrx_word' id='word_1_272' title='bbox 1455 2019 1602 2075; x_wconf 89' lang='lat' dir='ltr'><strong>dicta</strong></span> <span class='ocrx_word' id='word_1_273' title='bbox 1636 2027 1766 2074; x_wconf 90' lang='lat' dir='ltr'><strong>sunt</strong></span> <span class='ocrx_word' id='word_1_274' title='bbox 1799 2017 2004 2073; x_wconf 89' lang='lat' dir='ltr'><strong>intelli-</strong></span> 
     </span>
    </p>
   </div>
   <div class='ocr_carea' id='block_1_38' title="bbox 419 2110 2006 2186">
    <p class='ocr_par' dir='ltr' id='par_1_38' title="bbox 419 2110 2006 2186">
     <span class='ocr_line' id='line_1_38' title="bbox 419 2110 2006 2186; baseline -0.003 -17"><span class='ocrx_word' id='word_1_275' title='bbox 419 2115 683 2186; x_wconf 75' lang='lat' dir='ltr'><strong>gentiam.</strong></span> <span class='ocrx_word' id='word_1_276' title='bbox 707 2115 762 2170; x_wconf 90' lang='lat' dir='ltr'><strong>Si</strong></span> <span class='ocrx_word' id='word_1_277' title='bbox 790 2124 974 2170; x_wconf 86' lang='lat' dir='ltr'><strong>autem</strong></span> <span class='ocrx_word' id='word_1_278' title='bbox 1000 2114 1068 2170; x_wconf 89' lang='lat' dir='ltr'><strong>de</strong></span> <span class='ocrx_word' id='word_1_279' title='bbox 1092 2115 1218 2180; x_wconf 82' lang='lat' dir='ltr'><strong>hoc,</strong></span> <span class='ocrx_word' id='word_1_280' title='bbox 1251 2112 1532 2183; x_wconf 90' lang='lat' dir='ltr'><strong>quomodo</strong></span> <span class='ocrx_word' id='word_1_281' title='bbox 1554 2111 1652 2166; x_wconf 87' lang='lat' dir='ltr'><strong>Dei</strong></span> <span class='ocrx_word' id='word_1_282' title='bbox 1687 2110 2006 2180; x_wconf 86' lang='lat' dir='ltr'><strong>portionem</strong></span> 
     </span>
    </p>
   </div>
   <div class='ocr_carea' id='block_1_39' title="bbox 421 2205 2006 2279">
    <p class='ocr_par' dir='ltr' id='par_1_39' title="bbox 421 2205 2006 2279">
     <span class='ocr_line' id='line_1_39' title="bbox 421 2205 2006 2279; baseline -0.001 -19"><span class='ocrx_word' id='word_1_283' title='bbox 421 2208 685 2278; x_wconf 83' lang='lat' dir='ltr'><strong>magister</strong></span> <span class='ocrx_word' id='word_1_284' title='bbox 743 2225 844 2264; x_wconf 88' lang='lat' dir='ltr'><strong>nos</strong></span> <span class='ocrx_word' id='word_1_285' title='bbox 884 2208 1126 2272; x_wconf 81' lang='lat' dir='ltr'><strong>vocavit,</strong></span> <span class='ocrx_word' id='word_1_286' title='bbox 1184 2215 1556 2279; x_wconf 85' lang='lat' dir='ltr'><strong>repugnatur,</strong></span> <span class='ocrx_word' id='word_1_287' title='bbox 1624 2205 2006 2275; x_wconf 87' lang='lat' dir='ltr'><strong>multipliciter</strong></span> 
     </span>
    </p>
   </div>
   <div class='ocr_carea' id='block_1_40' title="bbox 418 2295 2005 2370">
    <p class='ocr_par' dir='ltr' id='par_1_40' title="bbox 418 2295 2005 2370">
     <span class='ocr_line' id='line_1_40' title="bbox 418 2295 2005 2370; baseline -0.003 -18"><span class='ocrx_word' id='word_1_288' title='bbox 418 2299 644 2368; x_wconf 86' lang='lat' dir='ltr'><strong>quidem</strong></span> <span class='ocrx_word' id='word_1_289' title='bbox 673 2300 787 2369; x_wconf 88' lang='lat' dir='ltr'><strong>jam</strong></span> <span class='ocrx_word' id='word_1_290' title='bbox 824 2299 1082 2370; x_wconf 87' lang='lat' dir='ltr'><strong>superius</strong></span> <span class='ocrx_word' id='word_1_291' title='bbox 1113 2298 1182 2353; x_wconf 91' lang='lat' dir='ltr'><strong>de</strong></span> <span class='ocrx_word' id='word_1_292' title='bbox 1217 2299 1322 2353; x_wconf 89' lang='lat' dir='ltr'><strong>hoc</strong></span> <span class='ocrx_word' id='word_1_293' title='bbox 1355 2297 1573 2352; x_wconf 88' lang='lat' dir='ltr'><strong>reddita</strong></span> <span class='ocrx_word' id='word_1_294' title='bbox 1603 2306 1689 2351; x_wconf 88' lang='lat' dir='ltr'><strong>est</strong></span> <span class='ocrx_word' id='word_1_295' title='bbox 1711 2295 1902 2366; x_wconf 37' lang='lat' dir='ltr'><strong>.ratio;</strong></span> <span class='ocrx_word' id='word_1_296' title='bbox 1942 2303 2005 2348; x_wconf 86' lang='lat' dir='ltr'><strong>ut</strong></span> 
     </span>
    </p>
   </div>
   <div class='ocr_carea' id='block_1_41' title="bbox 421 2389 2000 2460">
    <p class='ocr_par' dir='ltr' id='par_1_41' title="bbox 421 2389 2000 2460">
     <span class='ocr_line' id='line_1_41' title="bbox 421 2389 2000 2460; baseline -0.001 -16"><span class='ocrx_word' id='word_1_297' title='bbox 421 2402 609 2445; x_wconf 87' lang='lat' dir='ltr'><strong>autem</strong></span> <span class='ocrx_word' id='word_1_298' title='bbox 646 2390 862 2446; x_wconf 83' lang='lat' dir='ltr'><strong>ﬁdelior</strong></span> <span class='ocrx_word' id='word_1_299' title='bbox 889 2392 984 2446; x_wconf 84' lang='lat' dir='ltr'><strong>tiat</strong></span> <span class='ocrx_word' id='word_1_300' title='bbox 1012 2390 1401 2460; x_wconf 86' lang='lat' dir='ltr'><strong>spiritualibus</strong></span> <span class='ocrx_word' id='word_1_301' title='bbox 1419 2390 1764 2445; x_wconf 89' lang='lat' dir='ltr'><strong>contendens</strong></span> <span class='ocrx_word' id='word_1_302' title='bbox 1790 2389 2000 2455; x_wconf 84' lang='lat' dir='ltr'><strong>verbis,</strong></span> 
     </span>
    </p>
   </div>
   <div class='ocr_carea' id='block_1_42' title="bbox 420 2479 1998 2551">
    <p class='ocr_par' dir='ltr' id='par_1_42' title="bbox 420 2479 1998 2551">
     <span class='ocr_line' id='line_1_42' title="bbox 420 2479 1998 2551; baseline -0.001 -16"><span class='ocrx_word' id='word_1_303' title='bbox 420 2490 647 2536; x_wconf 84' lang='lat' dir='ltr'><strong>sanctus</strong></span> <span class='ocrx_word' id='word_1_304' title='bbox 691 2491 746 2536; x_wconf 91' lang='lat' dir='ltr'><strong>ct</strong></span> <span class='ocrx_word' id='word_1_305' title='bbox 794 2482 990 2536; x_wconf 88' lang='lat' dir='ltr'><strong>beatus</strong></span> <span class='ocrx_word' id='word_1_306' title='bbox 1045 2482 1330 2551; x_wconf 87' lang='lat' dir='ltr'><strong>apostolus</strong></span> <span class='ocrx_word' id='word_1_307' title='bbox 1385 2482 1592 2536; x_wconf 87' lang='lat' dir='ltr'><strong>Paulus</strong></span> <span class='ocrx_word' id='word_1_308' title='bbox 1641 2481 1912 2534; x_wconf 87' lang='lat' dir='ltr'><strong>occultam</strong></span> <span class='ocrx_word' id='word_1_309' title='bbox 1941 2479 1998 2534; x_wconf 91' lang='lat' dir='ltr'><strong>in</strong></span> 
     </span>
    </p>
   </div>
   <div class='ocr_carea' id='block_1_43' title="bbox 420 2572 2001 2641">
    <p class='ocr_par' dir='ltr' id='par_1_43' title="bbox 420 2572 2001 2641">
     <span class='ocr_line' id='line_1_43' title="bbox 420 2572 2001 2641; baseline 0.001 -15"><span class='ocrx_word' id='word_1_310' title='bbox 420 2572 535 2626; x_wconf 90' lang='lat' dir='ltr'><strong>Deo</strong></span> <span class='ocrx_word' id='word_1_311' title='bbox 569 2581 696 2626; x_wconf 84' lang='lat' dir='ltr'><strong>ante</strong></span> <span class='ocrx_word' id='word_1_312' title='bbox 731 2573 938 2628; x_wconf 59' lang='lat' dir='ltr'><strong>saecula</strong></span> <span class='ocrx_word' id='word_1_313' title='bbox 982 2572 1219 2627; x_wconf 88' lang='lat' dir='ltr'><strong>laudans</strong></span> <span class='ocrx_word' id='word_1_314' title='bbox 1267 2572 1614 2641; x_wconf 88' lang='lat' dir='ltr'><strong>sapientiam,</strong></span> <span class='ocrx_word' id='word_1_315' title='bbox 1667 2579 1726 2628; x_wconf 89' lang='lat' dir='ltr'><strong>et</strong></span> <span class='ocrx_word' id='word_1_316' title='bbox 1777 2583 2001 2628; x_wconf 85' lang='lat' dir='ltr'><strong>omnem</strong></span> 
     </span>
    </p>
   </div>
   <div class='ocr_carea' id='block_1_44' title="bbox 420 2660 2002 2735">
    <p class='ocr_par' dir='ltr' id='par_1_44' title="bbox 420 2660 2002 2735">
     <span class='ocr_line' id='line_1_44' title="bbox 420 2660 2002 2735; baseline 0.001 -17"><span class='ocrx_word' id='word_1_317' title='bbox 420 2664 771 2720; x_wconf 86' lang='lat' dir='ltr'><strong>tenebrosam</strong></span> <span class='ocrx_word' id='word_1_318' title='bbox 805 2666 1105 2720; x_wconf 89' lang='lat' dir='ltr'><strong>humanam</strong></span> <span class='ocrx_word' id='word_1_319' title='bbox 1158 2665 1329 2720; x_wconf 81' lang='lat' dir='ltr'><strong>vitam</strong></span> <span class='ocrx_word' id='word_1_320' title='bbox 1375 2660 1714 2730; x_wconf 84' lang='lat' dir='ltr'><strong>illuminans,</strong></span> <span class='ocrx_word' id='word_1_321' title='bbox 1751 2671 1808 2719; x_wconf 88' lang='lat' dir='ltr'><strong>et</strong></span> <span class='ocrx_word' id='word_1_322' title='bbox 1842 2664 2002 2735; x_wconf 82' lang='lat' dir='ltr'><strong>igno-</strong></span> 
     </span>
    </p>
   </div>
   <div class='ocr_carea' id='block_1_45' title="bbox 419 2755 2004 2829">
    <p class='ocr_par' dir='ltr' id='par_1_45' title="bbox 419 2755 2004 2829">
     <span class='ocr_line' id='line_1_45' title="bbox 419 2755 2004 2829; baseline 0.001 -19"><span class='ocrx_word' id='word_1_323' title='bbox 419 2758 614 2811; x_wconf 73' lang='lat' dir='ltr'><strong>rantia:</strong></span> <span class='ocrx_word' id='word_1_324' title='bbox 635 2757 924 2829; x_wconf 82' lang='lat' dir='ltr'><strong>caliginem</strong></span> <span class='ocrx_word' id='word_1_325' title='bbox 949 2756 1244 2812; x_wconf 85' lang='lat' dir='ltr'><strong>animabus</strong></span> <span class='ocrx_word' id='word_1_326' title='bbox 1273 2757 1524 2829; x_wconf 83' lang='lat' dir='ltr'><strong>abigens,</strong></span> <span class='ocrx_word' id='word_1_327' title='bbox 1549 2756 1619 2812; x_wconf 93' lang='lat' dir='ltr'><strong>de</strong></span> <span class='ocrx_word' id='word_1_328' title='bbox 1646 2757 1753 2811; x_wconf 84' lang='lat' dir='ltr'><strong>hoc</strong></span> <span class='ocrx_word' id='word_1_329' title='bbox 1787 2755 2004 2812; x_wconf 82' lang='lat' dir='ltr'><strong>satisfa-</strong></span> 
     </span>
    </p>
   </div>
   <div class='ocr_carea' id='block_1_46' title="bbox 419 2847 2002 2918">
    <p class='ocr_par' dir='ltr' id='par_1_46' title="bbox 419 2847 2002 2918">
     <span class='ocr_line' id='line_1_46' title="bbox 419 2847 2002 2918; baseline -0.001 -16"><span class='ocrx_word' id='word_1_330' title='bbox 419 2847 498 2903; x_wconf 92' lang='lat' dir='ltr'><strong>cit</strong></span> <span class='ocrx_word' id='word_1_331' title='bbox 549 2847 824 2918; x_wconf 88' lang='lat' dir='ltr'><strong>Ephesiis,</strong></span> <span class='ocrx_word' id='word_1_332' title='bbox 873 2847 1068 2904; x_wconf 89' lang='lat' dir='ltr'><strong>dicens</strong></span> <span class='ocrx_word' id='word_1_333' title='bbox 1113 2848 1272 2903; x_wconf 81' lang='lat' dir='ltr'><strong>haec:</strong></span> <span class='ocrx_word' id='word_1_334' title='bbox 1311 2847 1374 2903; x_wconf 87' lang='lat' dir='ltr'><strong>Ut</strong></span> <span class='ocrx_word' id='word_1_335' title='bbox 1409 2847 1550 2902; x_wconf 88' lang='lat' dir='ltr'><strong>Deus</strong></span> <span class='ocrx_word' id='word_1_336' title='bbox 1583 2847 1796 2902; x_wconf 80' lang='lat' dir='ltr'><strong>Domini</strong></span> <span class='ocrx_word' id='word_1_337' title='bbox 1833 2847 2002 2902; x_wconf 85' lang='lat' dir='ltr'><strong>nostri</strong></span> 
     </span>
    </p>
   </div>
   <div class='ocr_carea' id='block_1_47' title="bbox 417 2936 1998 3010">
    <p class='ocr_par' dir='ltr' id='par_1_47' title="bbox 417 2936 1998 3010">
     <span class='ocr_line' id='line_1_47' title="bbox 417 2936 1998 3010; baseline -0.001 -18"><span class='ocrx_word' id='word_1_338' title='bbox 417 2937 544 2992; x_wconf 81' lang='lat' dir='ltr'><strong>Iesu</strong></span> <span class='ocrx_word' id='word_1_339' title='bbox 578 2936 774 2994; x_wconf 73' lang='lat' dir='ltr'><strong>Christi</strong></span> <span class='ocrx_word' id='word_1_340' title='bbox 811 2937 976 2992; x_wconf 88' lang='lat' dir='ltr'><strong>Pater</strong></span> <span class='ocrx_word' id='word_1_341' title='bbox 999 2937 1186 3010; x_wconf 79' lang='lat' dir='ltr'><strong>gloria</strong></span> <span class='ocrx_word' id='word_1_342' title='bbox 1210 2938 1295 2992; x_wconf 90' lang='lat' dir='ltr'><strong>det</strong></span> <span class='ocrx_word' id='word_1_343' title='bbox 1321 2939 1462 2992; x_wconf 79' lang='lat' dir='ltr'><strong>vobis</strong></span> <span class='ocrx_word' id='word_1_344' title='bbox 1491 2936 1754 3009; x_wconf 80' lang='lat' dir='ltr'><strong>Spiritum</strong></span> <span class='ocrx_word' id='word_1_345' title='bbox 1782 2939 1998 3008; x_wconf 88' lang='lat' dir='ltr'><strong>sapien-</strong></span> 
     </span>
    </p>
   </div>
   <div class='ocr_carea' id='block_1_48' title="bbox 417 3025 1998 3098">
    <p class='ocr_par' dir='ltr' id='par_1_48' title="bbox 417 3025 1998 3098">
     <span class='ocr_line' id='line_1_48' title="bbox 417 3025 1998 3098; baseline -0.001 -18"><span class='ocrx_word' id='word_1_346' title='bbox 417 3029 508 3081; x_wconf 87' lang='lat' dir='ltr'><strong>tia</strong></span> <span class='ocrx_word' id='word_1_347' title='bbox 561 3036 608 3081; x_wconf 88' lang='lat' dir='ltr'><strong>et</strong></span> <span class='ocrx_word' id='word_1_348' title='bbox 656 3026 1014 3094; x_wconf 78' lang='lat' dir='ltr'><strong>reuelationis,</strong></span> <span class='ocrx_word' id='word_1_349' title='bbox 1049 3029 1107 3081; x_wconf 90' lang='lat' dir='ltr'><strong>in</strong></span> <span class='ocrx_word' id='word_1_350' title='bbox 1155 3027 1452 3098; x_wconf 82' lang='lat' dir='ltr'><strong>cognitione</strong></span> <span class='ocrx_word' id='word_1_351' title='bbox 1503 3026 1640 3097; x_wconf 88' lang='lat' dir='ltr'><strong>ejus,</strong></span> <span class='ocrx_word' id='word_1_352' title='bbox 1663 3025 1998 3080; x_wconf 87' lang='lat' dir='ltr'><strong>illuminatos</strong></span> 
     </span>
    </p>
   </div>
   <div class='ocr_carea' id='block_1_49' title="bbox 417 3119 2002 3190">
    <p class='ocr_par' dir='ltr' id='par_1_49' title="bbox 417 3119 2002 3190">
     <span class='ocr_line' id='line_1_49' title="bbox 417 3119 2002 3190; baseline -0.001 -16"><span class='ocrx_word' id='word_1_353' title='bbox 417 3119 596 3174; x_wconf 89' lang='lat' dir='ltr'><strong>oculos</strong></span> <span class='ocrx_word' id='word_1_354' title='bbox 629 3120 800 3174; x_wconf 79' lang='lat' dir='ltr'><strong>cordis</strong></span> <span class='ocrx_word' id='word_1_355' title='bbox 847 3122 1028 3185; x_wconf 80' lang='lat' dir='ltr'><strong>vestri,</strong></span> <span class='ocrx_word' id='word_1_356' title='bbox 1079 3127 1137 3172; x_wconf 92' lang='lat' dir='ltr'><strong>ut</strong></span> <span class='ocrx_word' id='word_1_357' title='bbox 1183 3120 1362 3173; x_wconf 79' lang='lat' dir='ltr'><strong>sciatis</strong></span> <span class='ocrx_word' id='word_1_358' title='bbox 1399 3134 1490 3172; x_wconf 78' lang='lat' dir='ltr'><strong>vos</strong></span> <span class='ocrx_word' id='word_1_359' title='bbox 1519 3133 1636 3190; x_wconf 85' lang='lat' dir='ltr'><strong>qua</strong></span> <span class='ocrx_word' id='word_1_360' title='bbox 1657 3119 1726 3172; x_wconf 89' lang='lat' dir='ltr'><strong>sit</strong></span> <span class='ocrx_word' id='word_1_361' title='bbox 1761 3125 2002 3188; x_wconf 83' lang='lat' dir='ltr'><strong>spes’vo-</strong></span> 
     </span>
    </p>
   </div>
   <div class='ocr_carea' id='block_1_50' title="bbox 417 3213 1998 3288">
    <p class='ocr_par' dir='ltr' id='par_1_50' title="bbox 417 3213 1998 3288">
     <span class='ocr_line' id='line_1_50' title="bbox 417 3213 1998 3288; baseline 0.002 -19"><span class='ocrx_word' id='word_1_362' title='bbox 417 3217 640 3270; x_wconf 87' lang='lat' dir='ltr'><strong>cationis</strong></span> <span class='ocrx_word' id='word_1_363' title='bbox 670 3217 806 3286; x_wconf 88' lang='lat' dir='ltr'><strong>ejus,</strong></span> <span class='ocrx_word' id='word_1_364' title='bbox 847 3223 896 3268; x_wconf 87' lang='lat' dir='ltr'><strong>et</strong></span> <span class='ocrx_word' id='word_1_365' title='bbox 929 3231 1048 3286; x_wconf 84' lang='lat' dir='ltr'><strong>qua</strong></span> <span class='ocrx_word' id='word_1_366' title='bbox 1077 3213 1275 3270; x_wconf 88' lang='lat' dir='ltr'><strong>divitia</strong></span> <span class='ocrx_word' id='word_1_367' title='bbox 1323 3215 1509 3286; x_wconf 87' lang='lat' dir='ltr'><strong>gloria</strong></span> <span class='ocrx_word' id='word_1_368' title='bbox 1535 3215 1854 3270; x_wconf 85' lang='lat' dir='ltr'><strong>hareditatis</strong></span> <span class='ocrx_word' id='word_1_369' title='bbox 1883 3217 1998 3288; x_wconf 88' lang='lat' dir='ltr'><strong>ejus</strong></span> 
     </span>
    </p>
   </div>
   <div class='ocr_carea' id='block_1_51' title="bbox 416 3306 2000 3376">
    <p class='ocr_par' dir='ltr' id='par_1_51' title="bbox 416 3306 2000 3376">
     <span class='ocr_line' id='line_1_51' title="bbox 416 3306 2000 3376; baseline 0.001 -17"><span class='ocrx_word' id='word_1_370' title='bbox 416 3307 475 3359; x_wconf 91' lang='lat' dir='ltr'><strong>in</strong></span> <span class='ocrx_word' id='word_1_371' title='bbox 503 3307 720 3370; x_wconf 83' lang='lat' dir='ltr'><strong>sanctis,</strong></span> <span class='ocrx_word' id='word_1_372' title='bbox 764 3313 971 3376; x_wconf 84' lang='lat' dir='ltr'><strong>et‘qua</strong></span> <span class='ocrx_word' id='word_1_373' title='bbox 1003 3306 1071 3360; x_wconf 85' lang='lat' dir='ltr'><strong>sit</strong></span> <span class='ocrx_word' id='word_1_374' title='bbox 1098 3306 1492 3376; x_wconf 85' lang='lat' dir='ltr'><strong>supereminens</strong></span> <span class='ocrx_word' id='word_1_375' title='bbox 1538 3306 1844 3376; x_wconf 87' lang='lat' dir='ltr'><strong>magnitudo</strong></span> <span class='ocrx_word' id='word_1_376' title='bbox 1889 3307 2000 3360; x_wconf 82' lang='lat' dir='ltr'><strong>vir-</strong></span> 
     </span>
    </p>
   </div>
   <div class='ocr_carea' id='block_1_52' title="bbox 420 3397 2002 3469">
    <p class='ocr_par' dir='ltr' id='par_1_52' title="bbox 420 3397 2002 3469">
     <span class='ocr_line' id='line_1_52' title="bbox 420 3397 2002 3469; baseline 0.002 -19"><span class='ocrx_word' id='word_1_377' title='bbox 420 3397 545 3450; x_wconf 87' lang='lat' dir='ltr'><strong>tutis</strong></span> <span class='ocrx_word' id='word_1_378' title='bbox 599 3399 710 3468; x_wconf 84' lang='lat' dir='ltr'><strong>ejus</strong></span> <span class='ocrx_word' id='word_1_379' title='bbox 748 3397 805 3451; x_wconf 90' lang='lat' dir='ltr'><strong>in</strong></span> <span class='ocrx_word' id='word_1_380' title='bbox 831 3413 946 3462; x_wconf 88' lang='lat' dir='ltr'><strong>nos,</strong></span> <span class='ocrx_word' id='word_1_381' title='bbox 997 3397 1264 3452; x_wconf 85' lang='lat' dir='ltr'><strong>credentes</strong></span> <span class='ocrx_word' id='word_1_382' title='bbox 1310 3399 1597 3452; x_wconf 85' lang='lat' dir='ltr'><strong>secundum</strong></span> <span class='ocrx_word' id='word_1_383' title='bbox 1638 3401 2002 3469; x_wconf 82' lang='lat' dir='ltr'><strong>operationem</strong></span> 
     </span>
    </p>
   </div>
   <div class='ocr_carea' id='block_1_53' title="bbox 419 3490 1997 3563">
    <p class='ocr_par' dir='ltr' id='par_1_53' title="bbox 419 3490 1997 3563">
     <span class='ocr_line' id='line_1_53' title="bbox 419 3490 1997 3563; baseline 0.003 -21"><span class='ocrx_word' id='word_1_384' title='bbox 419 3492 642 3560; x_wconf 85' lang='lat' dir='ltr'><strong>potentis</strong></span> <span class='ocrx_word' id='word_1_385' title='bbox 679 3492 887 3544; x_wconf 83' lang='lat' dir='ltr'><strong>virtutis</strong></span> <span class='ocrx_word' id='word_1_386' title='bbox 927 3492 1063 3562; x_wconf 83' lang='lat' dir='ltr'><strong>ejus,</strong></span> <span class='ocrx_word' id='word_1_387' title='bbox 1093 3507 1254 3561; x_wconf 89' lang='lat' dir='ltr'><strong>quam</strong></span> <span class='ocrx_word' id='word_1_388' title='bbox 1281 3499 1530 3563; x_wconf 81' lang='lat' dir='ltr'><strong>operatus</strong></span> <span class='ocrx_word' id='word_1_389' title='bbox 1567 3499 1643 3546; x_wconf 86' lang='lat' dir='ltr'><strong>est</strong></span> <span class='ocrx_word' id='word_1_390' title='bbox 1681 3493 1736 3546; x_wconf 89' lang='lat' dir='ltr'><strong>in</strong></span> <span class='ocrx_word' id='word_1_391' title='bbox 1767 3490 1997 3561; x_wconf 78' lang='lat' dir='ltr'><strong>Christo,</strong></span> 
     </span>
    </p>
   </div>
   <div class='ocr_carea' id='block_1_54' title="bbox 420 3583 2001 3653">
    <p class='ocr_par' dir='ltr' id='par_1_54' title="bbox 420 3583 2001 3653">
     <span class='ocr_line' id='line_1_54' title="bbox 420 3583 2001 3653; baseline 0.004 -19"><span class='ocrx_word' id='word_1_392' title='bbox 420 3583 676 3634; x_wconf 77' lang='lat' dir='ltr'><strong>suscitans</strong></span> <span class='ocrx_word' id='word_1_393' title='bbox 713 3598 832 3636; x_wconf 88' lang='lat' dir='ltr'><strong>eum</strong></span> <span class='ocrx_word' id='word_1_394' title='bbox 866 3598 930 3636; x_wconf 76' lang='lat' dir='ltr'><strong>ea:</strong></span> <span class='ocrx_word' id='word_1_395' title='bbox 983 3583 1222 3647; x_wconf 85' lang='lat' dir='ltr'><strong>mortuis,</strong></span> <span class='ocrx_word' id='word_1_396' title='bbox 1263 3590 1310 3636; x_wconf 92' lang='lat' dir='ltr'><strong>et</strong></span> <span class='ocrx_word' id='word_1_397' title='bbox 1346 3599 1467 3636; x_wconf 86' lang='lat' dir='ltr'><strong>eum</strong></span> <span class='ocrx_word' id='word_1_398' title='bbox 1491 3583 1672 3636; x_wconf 86' lang='lat' dir='ltr'><strong>sedere</strong></span> <span class='ocrx_word' id='word_1_399' title='bbox 1715 3583 1914 3653; x_wconf 77' lang='lat' dir='ltr'><strong>faciens</strong></span> <span class='ocrx_word' id='word_1_400' title='bbox 1943 3584 2001 3640; x_wconf 81' lang='lat' dir='ltr'><strong>in</strong></span> 
     </span>
    </p>
   </div>
   <div class='ocr_carea' id='block_1_55' title="bbox 418 3670 2000 3745">
    <p class='ocr_par' dir='ltr' id='par_1_55' title="bbox 418 3670 2000 3745">
     <span class='ocr_line' id='line_1_55' title="bbox 418 3670 2000 3745; baseline 0.001 -19"><span class='ocrx_word' id='word_1_401' title='bbox 418 3674 606 3726; x_wconf 73' lang='lat' dir='ltr'><strong>dextra</strong></span> <span class='ocrx_word' id='word_1_402' title='bbox 633 3689 730 3726; x_wconf 89' lang='lat' dir='ltr'><strong>sua</strong></span> <span class='ocrx_word' id='word_1_403' title='bbox 769 3673 830 3726; x_wconf 88' lang='lat' dir='ltr'><strong>in</strong></span> <span class='ocrx_word' id='word_1_404' title='bbox 866 3670 1178 3737; x_wconf 82' lang='lat' dir='ltr'><strong>calestibus,</strong></span> <span class='ocrx_word' id='word_1_405' title='bbox 1222 3689 1382 3744; x_wconf 61' lang='lat' dir='ltr'><strong>super</strong></span> <span class='ocrx_word' id='word_1_406' title='bbox 1409 3689 1618 3727; x_wconf 87' lang='lat' dir='ltr'><strong>omnem</strong></span> <span class='ocrx_word' id='word_1_407' title='bbox 1643 3675 2000 3745; x_wconf 83' lang='lat' dir='ltr'><strong>principatum</strong></span> 
     </span>
    </p>
   </div>
   <div class='ocr_carea' id='block_1_56' title="bbox 419 3763 2002 3833">
    <p class='ocr_par' dir='ltr' id='par_1_56' title="bbox 419 3763 2002 3833">
     <span class='ocr_line' id='line_1_56' title="bbox 419 3763 2002 3833; baseline 0.001 -17"><span class='ocrx_word' id='word_1_408' title='bbox 419 3771 470 3816; x_wconf 80' lang='lat' dir='ltr'><strong>et</strong></span> <span class='ocrx_word' id='word_1_409' title='bbox 501 3771 810 3833; x_wconf 88' lang='lat' dir='ltr'><strong>potestatem</strong></span> <span class='ocrx_word' id='word_1_410' title='bbox 860 3771 908 3816; x_wconf 86' lang='lat' dir='ltr'><strong>et</strong></span> <span class='ocrx_word' id='word_1_411' title='bbox 951 3763 1199 3816; x_wconf 85' lang='lat' dir='ltr'><strong>virtutem</strong></span> <span class='ocrx_word' id='word_1_412' title='bbox 1237 3770 1285 3816; x_wconf 91' lang='lat' dir='ltr'><strong>et</strong></span> <span class='ocrx_word' id='word_1_413' title='bbox 1308 3763 1722 3818; x_wconf 81' lang='lat' dir='ltr'><strong>dominationem</strong></span> <span class='ocrx_word' id='word_1_414' title='bbox 1763 3772 1814 3818; x_wconf 87' lang='lat' dir='ltr'><strong>et</strong></span> <span class='ocrx_word' id='word_1_415' title='bbox 1846 3779 2002 3818; x_wconf 90' lang='lat' dir='ltr'><strong>omne</strong></span> 
     </span>
    </p>
   </div>
   <div class='ocr_carea' id='block_1_57' title="bbox 393 3853 2002 3920">
    <p class='ocr_par' dir='ltr' id='par_1_57' title="bbox 393 3853 2002 3920">
     <span class='ocr_line' id='line_1_57' title="bbox 393 3853 2002 3920; baseline -0.001 -11"><span class='ocrx_word' id='word_1_416' title='bbox 393 3871 606 3909; x_wconf 66' lang='lat' dir='ltr'><strong>nomen</strong></span> <span class='ocrx_word' id='word_1_417' title='bbox 655 3856 1007 3920; x_wconf 87' lang='lat' dir='ltr'><strong>nominatum,</strong></span> <span class='ocrx_word' id='word_1_418' title='bbox 1052 3870 1159 3908; x_wconf 87' lang='lat' dir='ltr'><strong>non</strong></span> <span class='ocrx_word' id='word_1_419' title='bbox 1205 3853 1377 3908; x_wconf 88' lang='lat' dir='ltr'><strong>solum</strong></span> <span class='ocrx_word' id='word_1_420' title='bbox 1413 3856 1470 3909; x_wconf 89' lang='lat' dir='ltr'><strong>in</strong></span> <span class='ocrx_word' id='word_1_421' title='bbox 1511 3853 1708 3908; x_wconf 84' lang='lat' dir='ltr'><strong>saculo</strong></span> <span class='ocrx_word' id='word_1_422' title='bbox 1749 3855 1864 3920; x_wconf 87' lang='lat' dir='ltr'><strong>hoc,</strong></span> <span class='ocrx_word' id='word_1_423' title='bbox 1909 3853 2002 3909; x_wconf 87' lang='lat' dir='ltr'><strong>sed</strong></span> 
     </span>
    </p>
   </div>
   <div class='ocr_carea' id='block_1_58' title="bbox 414 3945 1999 4017">
    <p class='ocr_par' dir='ltr' id='par_1_58' title="bbox 414 3945 1999 4017">
     <span class='ocr_line' id='line_1_58' title="bbox 414 3945 1999 4017; baseline 0.001 -19"><span class='ocrx_word' id='word_1_424' title='bbox 414 3945 579 3998; x_wconf 81' lang='lat' dir='ltr'><strong>etiam</strong></span> <span class='ocrx_word' id='word_1_425' title='bbox 616 3946 670 3998; x_wconf 90' lang='lat' dir='ltr'><strong>in</strong></span> <span class='ocrx_word' id='word_1_426' title='bbox 712 3945 922 4015; x_wconf 79' lang='lat' dir='ltr'><strong>futuro;</strong></span> <span class='ocrx_word' id='word_1_427' title='bbox 959 3954 1009 3998; x_wconf 84' lang='lat' dir='ltr'><strong>et</strong></span> <span class='ocrx_word' id='word_1_428' title='bbox 1056 3946 1237 3998; x_wconf 84' lang='lat' dir='ltr'><strong>omnia</strong></span> <span class='ocrx_word' id='word_1_429' title='bbox 1281 3945 1422 4000; x_wconf 87' lang='lat' dir='ltr'><strong>dedit</strong></span> <span class='ocrx_word' id='word_1_430' title='bbox 1464 3947 1558 4000; x_wconf 86' lang='lat' dir='ltr'><strong>sub</strong></span> <span class='ocrx_word' id='word_1_431' title='bbox 1609 3945 1824 4016; x_wconf 82' lang='lat' dir='ltr'><strong>pedibus</strong></span> <span class='ocrx_word' id='word_1_432' title='bbox 1859 3946 1999 4017; x_wconf 85' lang='lat' dir='ltr'><strong>ejus,</strong></span> 
     </span>
    </p>
   </div>
   <div class='ocr_carea' id='block_1_59' title="bbox 411 4036 2002 4109">
    <p class='ocr_par' dir='ltr' id='par_1_59' title="bbox 411 4036 2002 4109">
     <span class='ocr_line' id='line_1_59' title="bbox 411 4036 2002 4109; baseline 0.004 -23"><span class='ocrx_word' id='word_1_433' title='bbox 411 4049 468 4089; x_wconf 78' lang='grc' dir='ltr'><strong>,ει</strong></span> <span class='ocrx_word' id='word_1_434' title='bbox 501 4052 622 4089; x_wconf 91' lang='lat' dir='ltr'><strong>eum</strong></span> <span class='ocrx_word' id='word_1_435' title='bbox 662 4036 804 4089; x_wconf 85' lang='lat' dir='ltr'><strong>dedit</strong></span> <span class='ocrx_word' id='word_1_436' title='bbox 843 4044 1004 4107; x_wconf 86' lang='lat' dir='ltr'><strong>caput</strong></span> <span class='ocrx_word' id='word_1_437' title='bbox 1037 4053 1196 4108; x_wconf 83' lang='lat' dir='ltr'><strong>super</strong></span> <span class='ocrx_word' id='word_1_438' title='bbox 1242 4039 1422 4092; x_wconf 88' lang='lat' dir='ltr'><strong>omnia</strong></span> <span class='ocrx_word' id='word_1_439' title='bbox 1460 4037 1730 4104; x_wconf 81' lang='lat' dir='ltr'><strong>Ecclesia,</strong></span> <span class='ocrx_word' id='word_1_440' title='bbox 1765 4053 1882 4109; x_wconf 89' lang='lat' dir='ltr'><strong>qua</strong></span> <span class='ocrx_word' id='word_1_441' title='bbox 1925 4046 2002 4093; x_wconf 88' lang='lat' dir='ltr'><strong>est</strong></span> 
     </span>
    </p>
   </div>
   <div class='ocr_carea' id='block_1_60' title="bbox 410 4128 2001 4200">
    <p class='ocr_par' dir='ltr' id='par_1_60' title="bbox 410 4128 2001 4200">
     <span class='ocr_line' id='line_1_60' title="bbox 410 4128 2001 4200; baseline 0.004 -20"><span class='ocrx_word' id='word_1_442' title='bbox 410 4145 604 4198; x_wconf 75' lang='lat' dir='ltr'><strong>corpus</strong></span> <span class='ocrx_word' id='word_1_443' title='bbox 641 4129 754 4198; x_wconf 80' lang='lat' dir='ltr'><strong>ejus</strong></span> <span class='ocrx_word' id='word_1_444' title='bbox 794 4135 842 4182; x_wconf 91' lang='lat' dir='ltr'><strong>et</strong></span> <span class='ocrx_word' id='word_1_445' title='bbox 884 4128 1154 4198; x_wconf 82' lang='lat' dir='ltr'><strong>plenitudo</strong></span> <span class='ocrx_word' id='word_1_446' title='bbox 1179 4129 1314 4200; x_wconf 75' lang='lat' dir='ltr'><strong>eius,</strong></span> <span class='ocrx_word' id='word_1_447' title='bbox 1343 4131 1524 4184; x_wconf 88' lang='lat' dir='ltr'><strong>omnia</strong></span> <span class='ocrx_word' id='word_1_448' title='bbox 1548 4131 1600 4184; x_wconf 91' lang='lat' dir='ltr'><strong>in</strong></span> <span class='ocrx_word' id='word_1_449' title='bbox 1629 4133 1866 4186; x_wconf 81' lang='lat' dir='ltr'><strong>omnibus</strong></span> <span class='ocrx_word' id='word_1_450' title='bbox 1895 4133 2001 4186; x_wconf 85' lang='lat' dir='ltr'><strong>im-</strong></span> 
     </span>
    </p>
   </div>
   <div class='ocr_carea' id='block_1_61' title="bbox 419 4217 1996 4292">
    <p class='ocr_par' dir='ltr' id='par_1_61' title="bbox 419 4217 1996 4292">
     <span class='ocr_line' id='line_1_61' title="bbox 419 4217 1996 4292; baseline 0.004 -22"><span class='ocrx_word' id='word_1_451' title='bbox 419 4217 611 4288; x_wconf 76' lang='lat' dir='ltr'><strong>pleatis</strong></span> <span class='ocrx_word' id='word_1_452' title='bbox 662 4229 710 4270; x_wconf 82' lang='grc' dir='ltr'><strong>υ.</strong></span> <span class='ocrx_word' id='word_1_453' title='bbox 764 4218 832 4272; x_wconf 89' lang='lat' dir='ltr'><strong>Et</strong></span> <span class='ocrx_word' id='word_1_454' title='bbox 870 4226 997 4288; x_wconf 89' lang='lat' dir='ltr'><strong>post</strong></span> <span class='ocrx_word' id='word_1_455' title='bbox 1053 4219 1338 4290; x_wconf 86' lang='lat' dir='ltr'><strong>aliquanta</strong></span> <span class='ocrx_word' id='word_1_456' title='bbox 1382 4220 1587 4274; x_wconf 84' lang='lat' dir='ltr'><strong>iterum</strong></span> <span class='ocrx_word' id='word_1_457' title='bbox 1633 4237 1647 4273; x_wconf 89' lang='lat'><strong>:</strong></span> <span class='ocrx_word' id='word_1_458' title='bbox 1683 4221 1806 4292; x_wconf 82' lang='lat' dir='ltr'><strong>Ipse</strong></span> <span class='ocrx_word' id='word_1_459' title='bbox 1851 4221 1996 4276; x_wconf 78' lang='lat' dir='ltr'><strong>dedit</strong></span> 
     </span>
    </p>
   </div>
   <div class='ocr_carea' id='block_1_62' title="bbox 419 4309 1999 4384">
    <p class='ocr_par' dir='ltr' id='par_1_62' title="bbox 419 4309 1999 4384">
     <span class='ocr_line' id='line_1_62' title="bbox 419 4309 1999 4384; baseline 0.003 -20"><span class='ocrx_word' id='word_1_460' title='bbox 419 4309 682 4380; x_wconf 81' lang='lat' dir='ltr'><strong>quosdam</strong></span> <span class='ocrx_word' id='word_1_461' title='bbox 709 4311 919 4381; x_wconf 88' lang='lat' dir='ltr'><strong>quidem</strong></span> <span class='ocrx_word' id='word_1_462' title='bbox 933 4310 1236 4380; x_wconf 68' lang='lat' dir='ltr'><strong>apostolos,</strong></span> <span class='ocrx_word' id='word_1_463' title='bbox 1257 4312 1515 4383; x_wconf 88' lang='lat' dir='ltr'><strong>quosdam</strong></span> <span class='ocrx_word' id='word_1_464' title='bbox 1543 4328 1663 4368; x_wconf 80' lang='lat' dir='ltr'><strong>vero</strong></span> <span class='ocrx_word' id='word_1_465' title='bbox 1695 4316 1999 4384; x_wconf 84' lang='lat' dir='ltr'><strong>prophetas,</strong></span> 
     </span>
    </p>
   </div>
   <div class='ocr_carea' id='block_1_63' title="bbox 419 4401 1998 4476">
    <p class='ocr_par' dir='ltr' id='par_1_63' title="bbox 419 4401 1998 4476">
     <span class='ocr_line' id='line_1_63' title="bbox 419 4401 1998 4476; baseline 0.004 -22"><span class='ocrx_word' id='word_1_466' title='bbox 419 4401 675 4474; x_wconf 77' lang='lat' dir='ltr'><strong>quasdam</strong></span> <span class='ocrx_word' id='word_1_467' title='bbox 694 4401 1068 4474; x_wconf 82' lang='lat' dir='ltr'><strong>euangelistas,</strong></span> <span class='ocrx_word' id='word_1_468' title='bbox 1087 4403 1345 4475; x_wconf 87' lang='lat' dir='ltr'><strong>quosdam</strong></span> <span class='ocrx_word' id='word_1_469' title='bbox 1366 4413 1604 4475; x_wconf 86' lang='lat' dir='ltr'><strong>pastores</strong></span> <span class='ocrx_word' id='word_1_470' title='bbox 1629 4413 1677 4458; x_wconf 87' lang='lat' dir='ltr'><strong>et</strong></span> <span class='ocrx_word' id='word_1_471' title='bbox 1697 4407 1998 4476; x_wconf 86' lang='lat' dir='ltr'><strong>magistros,</strong></span> 
     </span>
    </p>
   </div>
   <div class='ocr_carea' id='block_1_64' title="bbox 2105 1929 3703 2002">
    <p class='ocr_par' dir='ltr' id='par_1_64' title="bbox 2105 1929 3703 2002">
     <span class='ocr_line' id='line_1_64' title="bbox 2105 1929 3703 2002; baseline -0.001 -16"><span class='ocrx_word' id='word_1_472' title='bbox 2105 1949 2278 1986; x_wconf 88' lang='grc' dir='ltr'>νοιαν.</span> <span class='ocrx_word' id='word_1_473' title='bbox 2328 1932 2392 1984; x_wconf 80' lang='grc' dir='ltr'><strong>Εἰ</strong></span> <span class='ocrx_word' id='word_1_474' title='bbox 2436 1931 2494 1985; x_wconf 86' lang='grc' dir='ltr'>δὲ</span> <span class='ocrx_word' id='word_1_475' title='bbox 2539 1929 2621 1984; x_wconf 76' lang='grc' dir='ltr'>ἔτι</span> <span class='ocrx_word' id='word_1_476' title='bbox 2658 1931 2789 2001; x_wconf 81' lang='grc' dir='ltr'>περὶ</span> <span class='ocrx_word' id='word_1_477' title='bbox 2814 1930 2909 1983; x_wconf 81' lang='grc' dir='ltr'><strong>τοῦ</strong></span> <span class='ocrx_word' id='word_1_478' title='bbox 2943 1931 3060 1994; x_wconf 84' lang='grc' dir='ltr'>πῶς</span> <span class='ocrx_word' id='word_1_479' title='bbox 3085 1929 3222 1984; x_wconf 82' lang='grc' dir='ltr'>Θεοῦ</span> <span class='ocrx_word' id='word_1_480' title='bbox 3263 1932 3460 2002; x_wconf 84' lang='grc' dir='ltr'>μοῖραν</span> <span class='ocrx_word' id='word_1_481' title='bbox 3489 1933 3518 1987; x_wconf 83' lang='grc' dir='ltr'>ὁ</span> <span class='ocrx_word' id='word_1_482' title='bbox 3545 1931 3703 1985; x_wconf 80' lang='grc' dir='ltr'>διδά-</span> 
     </span>
    </p>
   </div>
   <div class='ocr_carea' id='block_1_65' title="bbox 2109 2021 3702 2098">
    <p class='ocr_par' dir='ltr' id='par_1_65' title="bbox 2109 2021 3702 2098">
     <span class='ocr_line' id='line_1_65' title="bbox 2109 2021 3702 2098; baseline 0 -22"><span class='ocrx_word' id='word_1_483' title='bbox 2109 2023 2307 2086; x_wconf 89' lang='grc' dir='ltr'>σκαλος</span> <span class='ocrx_word' id='word_1_484' title='bbox 2339 2023 2489 2098; x_wconf 78' lang='grc' dir='ltr'>ἡμᾶς</span> <span class='ocrx_word' id='word_1_485' title='bbox 2515 2021 2776 2077; x_wconf 82' lang='grc' dir='ltr'>ἐκάλεσεν</span> <span class='ocrx_word' id='word_1_486' title='bbox 2807 2022 3158 2093; x_wconf 73' lang='grc' dir='ltr'><strong>ἀπομάχεται</strong></span> <span class='ocrx_word' id='word_1_487' title='bbox 3185 2063 3199 2087; x_wconf 91' lang='grc'><strong>,</strong></span> <span class='ocrx_word' id='word_1_488' title='bbox 3268 2022 3556 2094; x_wconf 81' lang='grc' dir='ltr'><strong>πολλαχῶς</strong></span> <span class='ocrx_word' id='word_1_489' title='bbox 3593 2023 3702 2094; x_wconf 78' lang='grc' dir='ltr'>μὲν</span> 
     </span>
    </p>
   </div>
   <div class='ocr_carea' id='block_1_66' title="bbox 2105 2114 3703 2187">
    <p class='ocr_par' dir='ltr' id='par_1_66' title="bbox 2105 2114 3703 2187">
     <span class='ocr_line' id='line_1_66' title="bbox 2105 2114 3703 2187; baseline 0.001 -19"><span class='ocrx_word' id='word_1_490' title='bbox 2105 2115 2206 2186; x_wconf 70' lang='grc' dir='ltr'>ἤδη</span> <span class='ocrx_word' id='word_1_491' title='bbox 2239 2114 2497 2186; x_wconf 81' lang='grc' dir='ltr'>ἀνωτέρω</span> <span class='ocrx_word' id='word_1_492' title='bbox 2528 2115 2556 2168; x_wconf 84' lang='grc' dir='ltr'>ὁ</span> <span class='ocrx_word' id='word_1_493' title='bbox 2585 2115 2718 2187; x_wconf 77' lang='grc' dir='ltr'>περὶ</span> <span class='ocrx_word' id='word_1_494' title='bbox 2742 2114 2936 2168; x_wconf 77' lang='grc' dir='ltr'>τούτου</span> <span class='ocrx_word' id='word_1_495' title='bbox 2968 2115 3289 2168; x_wconf 82' lang='grc' dir='ltr'>ἀποδέδοται</span> <span class='ocrx_word' id='word_1_496' title='bbox 3311 2114 3616 2184; x_wconf 83' lang='grc' dir='ltr'>λόγος.’Ἰνα</span> <span class='ocrx_word' id='word_1_497' title='bbox 3636 2115 3703 2170; x_wconf 76' lang='grc' dir='ltr'>δὲ</span> 
     </span>
    </p>
   </div>
   <div class='ocr_carea' id='block_1_67' title="bbox 2105 2205 3702 2280">
    <p class='ocr_par' dir='ltr' id='par_1_67' title="bbox 2105 2205 3702 2280">
     <span class='ocr_line' id='line_1_67' title="bbox 2105 2205 3702 2280; baseline 0 -20"><span class='ocrx_word' id='word_1_498' title='bbox 2105 2208 2428 2280; x_wconf 79' lang='grc' dir='ltr'>πιστότερος</span> <span class='ocrx_word' id='word_1_499' title='bbox 2455 2206 2688 2279; x_wconf 83' lang='grc' dir='ltr'>γένηται</span> <span class='ocrx_word' id='word_1_500' title='bbox 2734 2210 2844 2270; x_wconf 84' lang='grc' dir='ltr'>τοῖς</span> <span class='ocrx_word' id='word_1_501' title='bbox 2885 2208 2981 2261; x_wconf 85' lang='grc' dir='ltr'><strong>τοῦ</strong></span> <span class='ocrx_word' id='word_1_502' title='bbox 3011 2205 3320 2278; x_wconf 81' lang='grc' dir='ltr'>πνεύματος</span> <span class='ocrx_word' id='word_1_503' title='bbox 3353 2207 3702 2278; x_wconf 73' lang='grc' dir='ltr'>ἐρειδόμενος</span> 
     </span>
    </p>
   </div>
   <div class='ocr_carea' id='block_1_68' title="bbox 2105 2298 3700 2370">
    <p class='ocr_par' dir='ltr' id='par_1_68' title="bbox 2105 2298 3700 2370">
     <span class='ocr_line' id='line_1_68' title="bbox 2105 2298 3700 2370; baseline 0 -18"><span class='ocrx_word' id='word_1_504' title='bbox 2105 2299 2324 2370; x_wconf 75' lang='grc' dir='ltr'>λόγοις,</span> <span class='ocrx_word' id='word_1_505' title='bbox 2376 2300 2406 2352; x_wconf 83' lang='grc' dir='ltr'>ὁ</span> <span class='ocrx_word' id='word_1_506' title='bbox 2457 2299 2612 2368; x_wconf 70' lang='grc' dir='ltr'>ἅγιος</span> <span class='ocrx_word' id='word_1_507' title='bbox 2664 2299 2760 2353; x_wconf 77' lang='grc' dir='ltr'><strong>καὶ</strong></span> <span class='ocrx_word' id='word_1_508' title='bbox 2811 2300 3082 2370; x_wconf 83' lang='grc' dir='ltr'>μακάριος</span> <span class='ocrx_word' id='word_1_509' title='bbox 3127 2298 3426 2360; x_wconf 84' lang='grc' dir='ltr'>ἀπόστολος</span> <span class='ocrx_word' id='word_1_510' title='bbox 3457 2298 3700 2364; x_wconf 77' lang='grc' dir='ltr'><strong>Παῦλος,</strong></span> 
     </span>
    </p>
   </div>
   <div class='ocr_carea' id='block_1_69' title="bbox 2103 2390 3702 2464">
    <p class='ocr_par' dir='ltr' id='par_1_69' title="bbox 2103 2390 3702 2464">
     <span class='ocr_line' id='line_1_69' title="bbox 2103 2390 3702 2464; baseline -0.001 -18"><span class='ocrx_word' id='word_1_511' title='bbox 2103 2395 2132 2446; x_wconf 79' lang='grc' dir='ltr'><strong><em>ὁ</em></strong></span> <span class='ocrx_word' id='word_1_512' title='bbox 2169 2393 2268 2463; x_wconf 84' lang='grc' dir='ltr'><strong>τὴν</strong></span> <span class='ocrx_word' id='word_1_513' title='bbox 2299 2391 2808 2464; x_wconf 79' lang='grc' dir='ltr'>ἀποκεκρυμμένην</span> <span class='ocrx_word' id='word_1_514' title='bbox 2845 2393 2903 2444; x_wconf 80' lang='grc' dir='ltr'>ὲν</span> <span class='ocrx_word' id='word_1_515' title='bbox 2937 2391 3014 2462; x_wconf 81' lang='grc' dir='ltr'>τῷ</span> <span class='ocrx_word' id='word_1_516' title='bbox 3045 2391 3163 2463; x_wconf 83' lang='grc' dir='ltr'><strong>Θεῷ</strong></span> <span class='ocrx_word' id='word_1_517' title='bbox 3199 2391 3307 2464; x_wconf 76' lang='grc' dir='ltr'><strong>πρὸ</strong></span> <span class='ocrx_word' id='word_1_518' title='bbox 3340 2391 3449 2446; x_wconf 82' lang='grc' dir='ltr'>τῶν</span> <span class='ocrx_word' id='word_1_519' title='bbox 3481 2390 3702 2446; x_wconf 79' lang='grc' dir='ltr'>αἰώνων</span> 
     </span>
    </p>
   </div>
   <div class='ocr_carea' id='block_1_70' title="bbox 2103 2479 3699 2552">
    <p class='ocr_par' dir='ltr' id='par_1_70' title="bbox 2103 2479 3699 2552">
     <span class='ocr_line' id='line_1_70' title="bbox 2103 2479 3699 2552; baseline 0 -18"><span class='ocrx_word' id='word_1_520' title='bbox 2103 2480 2478 2552; x_wconf 83' lang='grc' dir='ltr'>κομισάμενος</span> <span class='ocrx_word' id='word_1_521' title='bbox 2523 2481 2760 2550; x_wconf 83' lang='grc' dir='ltr'>σοφίαν,</span> <span class='ocrx_word' id='word_1_522' title='bbox 2829 2480 2924 2534; x_wconf 73' lang='grc' dir='ltr'><strong>καὶ</strong></span> <span class='ocrx_word' id='word_1_523' title='bbox 2977 2480 3157 2534; x_wconf 85' lang='grc' dir='ltr'>πάντα</span> <span class='ocrx_word' id='word_1_524' title='bbox 3189 2479 3284 2534; x_wconf 81' lang='grc' dir='ltr'><strong>τὸν</strong></span> <span class='ocrx_word' id='word_1_525' title='bbox 3315 2481 3536 2551; x_wconf 79' lang='grc' dir='ltr'>ἀφεγγῆ</span> <span class='ocrx_word' id='word_1_526' title='bbox 3584 2479 3699 2534; x_wconf 80' lang='grc' dir='ltr'>τῶν</span> 
     </span>
    </p>
   </div>
   <div class='ocr_carea' id='block_1_71' title="bbox 2101 2572 3695 2646">
    <p class='ocr_par' dir='ltr' id='par_1_71' title="bbox 2101 2572 3695 2646">
     <span class='ocr_line' id='line_1_71' title="bbox 2101 2572 3695 2646; baseline -0.002 -17"><span class='ocrx_word' id='word_1_527' title='bbox 2101 2573 2408 2646; x_wconf 86' lang='grc' dir='ltr'>ἀνθρώπων</span> <span class='ocrx_word' id='word_1_528' title='bbox 2437 2573 2550 2644; x_wconf 84' lang='grc' dir='ltr'>βίον</span> <span class='ocrx_word' id='word_1_529' title='bbox 2578 2572 2988 2642; x_wconf 71' lang='grc' dir='ltr'>καταφωτίσας,</span> <span class='ocrx_word' id='word_1_530' title='bbox 3013 2573 3108 2626; x_wconf 82' lang='grc' dir='ltr'>καὶ</span> <span class='ocrx_word' id='word_1_531' title='bbox 3132 2573 3234 2644; x_wconf 85' lang='grc' dir='ltr'>τῆς</span> <span class='ocrx_word' id='word_1_532' title='bbox 3254 2573 3479 2643; x_wconf 82' lang='grc' dir='ltr'>ἀγνοίας</span> <span class='ocrx_word' id='word_1_533' title='bbox 3500 2573 3592 2627; x_wconf 80' lang='grc' dir='ltr'><strong>τὸν</strong></span> <span class='ocrx_word' id='word_1_534' title='bbox 3608 2572 3695 2639; x_wconf 78' lang='grc' dir='ltr'><strong>ζό-</strong></span> 
     </span>
    </p>
   </div>
   <div class='ocr_carea' id='block_1_72' title="bbox 2102 2664 3693 2736">
    <p class='ocr_par' dir='ltr' id='par_1_72' title="bbox 2102 2664 3693 2736">
     <span class='ocr_line' id='line_1_72' title="bbox 2102 2664 3693 2736; baseline 0.001 -17"><span class='ocrx_word' id='word_1_535' title='bbox 2102 2682 2201 2736; x_wconf 81' lang='grc' dir='ltr'><strong>φον</strong></span> <span class='ocrx_word' id='word_1_536' title='bbox 2253 2664 2363 2718; x_wconf 88' lang='grc' dir='ltr'>τῶν</span> <span class='ocrx_word' id='word_1_537' title='bbox 2419 2665 2609 2736; x_wconf 72' lang='grc' dir='ltr'>ψυχῶν</span> <span class='ocrx_word' id='word_1_538' title='bbox 2663 2665 2964 2729; x_wconf 86' lang='grc' dir='ltr'>ἀπελάσας,</span> <span class='ocrx_word' id='word_1_539' title='bbox 3027 2665 3256 2736; x_wconf 81' lang='grc' dir='ltr'>ἀρκέσει</span> <span class='ocrx_word' id='word_1_540' title='bbox 3314 2665 3446 2736; x_wconf 81' lang='grc' dir='ltr'>περὶ</span> <span class='ocrx_word' id='word_1_541' title='bbox 3499 2665 3693 2720; x_wconf 81' lang='grc' dir='ltr'>τούτου</span> 
     </span>
    </p>
   </div>
   <div class='ocr_carea' id='block_1_73' title="bbox 2115 2752 3695 2825">
    <p class='ocr_par' dir='ltr' id='par_1_73' title="bbox 2115 2752 3695 2825">
     <span class='ocr_line' id='line_1_73' title="bbox 2115 2752 3695 2825; baseline -0.003 -13"><span class='ocrx_word' id='word_1_542' title='bbox 2115 2757 2384 2825; x_wconf 76' lang='grc' dir='ltr'>Ἐφεσίοις</span> <span class='ocrx_word' id='word_1_543' title='bbox 2404 2756 2616 2822; x_wconf 83' lang='grc' dir='ltr'>διεξιὼν</span> <span class='ocrx_word' id='word_1_544' title='bbox 2637 2756 2916 2821; x_wconf 87' lang='grc' dir='ltr'>τάδε,Ἵνα</span> <span class='ocrx_word' id='word_1_545' title='bbox 2941 2759 2974 2810; x_wconf 89' lang='grc' dir='ltr'><strong>ό</strong></span> <span class='ocrx_word' id='word_1_546' title='bbox 2991 2756 3136 2821; x_wconf 80' lang='grc' dir='ltr'>Θεὸς</span> <span class='ocrx_word' id='word_1_547' title='bbox 3158 2757 3264 2811; x_wconf 90' lang='grc' dir='ltr'><strong>τοῦ</strong></span> <span class='ocrx_word' id='word_1_548' title='bbox 3279 2756 3498 2824; x_wconf 83' lang='grc' dir='ltr'>Κυρίου</span> <span class='ocrx_word' id='word_1_549' title='bbox 3523 2752 3695 2825; x_wconf 64' lang='lat' dir='ltr'><strong>mu?»-</strong></span> 
     </span>
    </p>
   </div>
   <div class='ocr_carea' id='block_1_74' title="bbox 2113 2845 3694 2918">
    <p class='ocr_par' dir='ltr' id='par_1_74' title="bbox 2113 2845 3694 2918">
     <span class='ocr_line' id='line_1_74' title="bbox 2113 2845 3694 2918; baseline 0 -16"><span class='ocrx_word' id='word_1_550' title='bbox 2113 2847 2309 2917; x_wconf 86' lang='grc' dir='ltr'>Ἰησοῦ</span> <span class='ocrx_word' id='word_1_551' title='bbox 2331 2846 2588 2918; x_wconf 80' lang='grc' dir='ltr'>Χριστοῦ</span> <span class='ocrx_word' id='word_1_552' title='bbox 2605 2851 2636 2902; x_wconf 89' lang='grc' dir='ltr'><strong>ό</strong></span> <span class='ocrx_word' id='word_1_553' title='bbox 2654 2846 2858 2916; x_wconf 79' lang='grc' dir='ltr'>Πατὴρ</span> <span class='ocrx_word' id='word_1_554' title='bbox 2876 2845 2986 2914; x_wconf 79' lang='grc' dir='ltr'>τῆς</span> <span class='ocrx_word' id='word_1_555' title='bbox 3001 2847 3184 2916; x_wconf 84' lang='grc' dir='ltr'>δόξης</span> <span class='ocrx_word' id='word_1_556' title='bbox 3203 2845 3324 2916; x_wconf 77' lang='grc' dir='ltr'>δῴη</span> <span class='ocrx_word' id='word_1_557' title='bbox 3341 2847 3484 2917; x_wconf 85' lang='grc' dir='ltr'>ὑμῖν</span> <span class='ocrx_word' id='word_1_558' title='bbox 3500 2846 3694 2902; x_wconf 78' lang='grc' dir='ltr'>Πνεῦ-</span> 
     </span>
    </p>
   </div>
   <div class='ocr_carea' id='block_1_75' title="bbox 2094 2935 3686 3008">
    <p class='ocr_par' dir='ltr' id='par_1_75' title="bbox 2094 2935 3686 3008">
     <span class='ocr_line' id='line_1_75' title="bbox 2094 2935 3686 3008; baseline 0.003 -19"><span class='ocrx_word' id='word_1_559' title='bbox 2094 2951 2181 3006; x_wconf 80' lang='grc' dir='ltr'><strong>μα</strong></span> <span class='ocrx_word' id='word_1_560' title='bbox 2207 2937 2428 3004; x_wconf 66' lang='grc' dir='ltr'>σοφίας</span> <span class='ocrx_word' id='word_1_561' title='bbox 2460 2935 2558 2990; x_wconf 76' lang='grc' dir='ltr'>καὶ</span> <span class='ocrx_word' id='word_1_562' title='bbox 2579 2936 3022 3006; x_wconf 71' lang='grc' dir='ltr'>ἀποκαλύψεως</span> <span class='ocrx_word' id='word_1_563' title='bbox 3043 2937 3115 2990; x_wconf 80' lang='grc' dir='ltr'><strong>ἐν</strong></span> <span class='ocrx_word' id='word_1_564' title='bbox 3131 2936 3453 3008; x_wconf 79' lang='grc' dir='ltr'>ἐπιγνώσει</span> <span class='ocrx_word' id='word_1_565' title='bbox 3477 2937 3686 3003; x_wconf 66' lang='grc' dir='ltr'>αὑτοῦ,</span> 
     </span>
    </p>
   </div>
   <div class='ocr_carea' id='block_1_76' title="bbox 2099 3020 3690 3098">
    <p class='ocr_par' dir='ltr' id='par_1_76' title="bbox 2099 3020 3690 3098">
     <span class='ocr_line' id='line_1_76' title="bbox 2099 3020 3690 3098; baseline 0 -16"><span class='ocrx_word' id='word_1_566' title='bbox 2099 3027 2590 3097; x_wconf 65' lang='grc' dir='ltr'>πεφωτισμένους</span> <span class='ocrx_word' id='word_1_567' title='bbox 2650 3027 2786 3094; x_wconf 79' lang='grc' dir='ltr'>τοὺς</span> <span class='ocrx_word' id='word_1_568' title='bbox 2858 3027 3207 3098; x_wconf 71' lang='grc' dir='ltr'>ὀφθαλμοὺς</span> <span class='ocrx_word' id='word_1_569' title='bbox 3263 3027 3377 3097; x_wconf 85' lang='grc' dir='ltr'>τῆς</span> <span class='ocrx_word' id='word_1_570' title='bbox 3441 3020 3690 3098; x_wconf 75' lang='grc' dir='ltr'>κ’ἆρδίας</span> 
     </span>
    </p>
   </div>
   <div class='ocr_carea' id='block_1_77' title="bbox 2024 3119 3689 3206">
    <p class='ocr_par' dir='ltr' id='par_1_77' title="bbox 2024 3119 3689 3206">
     <span class='ocr_line' id='line_1_77' title="bbox 2024 3119 3689 3206; baseline -0.002 -29"><span class='ocrx_word' id='word_1_571' title='bbox 2024 3147 2070 3206; x_wconf 76' lang='lat' dir='ltr'>c</span> <span class='ocrx_word' id='word_1_572' title='bbox 2099 3119 2268 3192; x_wconf 81' lang='grc' dir='ltr'>ὑμῶν</span> <span class='ocrx_word' id='word_1_573' title='bbox 2285 3163 2302 3186; x_wconf 92' lang='grc'><strong>,</strong></span> <span class='ocrx_word' id='word_1_574' title='bbox 2337 3124 2424 3188; x_wconf 80' lang='grc' dir='ltr'><strong>είς</strong></span> <span class='ocrx_word' id='word_1_575' title='bbox 2452 3120 2520 3174; x_wconf 86' lang='grc' dir='ltr'>τὸ</span> <span class='ocrx_word' id='word_1_576' title='bbox 2545 3119 2769 3177; x_wconf 75' lang='grc' dir='ltr'>ειδέναι</span> <span class='ocrx_word' id='word_1_577' title='bbox 2797 3119 2956 3192; x_wconf 85' lang='grc' dir='ltr'>ὑμᾶς</span> <span class='ocrx_word' id='word_1_578' title='bbox 2983 3121 3077 3187; x_wconf 87' lang='grc' dir='ltr'><strong>τίς</strong></span> <span class='ocrx_word' id='word_1_579' title='bbox 3101 3121 3274 3175; x_wconf 85' lang='grc' dir='ltr'>ἐστιν</span> <span class='ocrx_word' id='word_1_580' title='bbox 3302 3121 3342 3188; x_wconf 75' lang='grc' dir='ltr'>ἡ</span> <span class='ocrx_word' id='word_1_581' title='bbox 3369 3121 3548 3186; x_wconf 78' lang='grc' dir='ltr'>ἐλπὶς</span> <span class='ocrx_word' id='word_1_582' title='bbox 3579 3119 3689 3206; x_wconf 83' lang='grc' dir='ltr'>τῆς</span> 
     </span>
    </p>
   </div>
   <div class='ocr_carea' id='block_1_78' title="bbox 2101 3205 3688 3284">
    <p class='ocr_par' dir='ltr' id='par_1_78' title="bbox 2101 3205 3688 3284">
     <span class='ocr_line' id='line_1_78' title="bbox 2101 3205 3688 3284; baseline 0.003 -21"><span class='ocrx_word' id='word_1_583' title='bbox 2101 3213 2380 3280; x_wconf 77' lang='grc' dir='ltr'>κλήσεως</span> <span class='ocrx_word' id='word_1_584' title='bbox 2403 3212 2584 3283; x_wconf 82' lang='lat'><strong>(131</strong></span> <span class='ocrx_word' id='word_1_585' title='bbox 2614 3212 2670 3284; x_wconf 93' lang='lat' dir='ltr'><strong>a)</strong></span> <span class='ocrx_word' id='word_1_586' title='bbox 2701 3211 2893 3267; x_wconf 86' lang='grc' dir='ltr'>αὐτοῦ</span> <span class='ocrx_word' id='word_1_587' title='bbox 2911 3251 2927 3277; x_wconf 93' lang='grc'><strong>,</strong></span> <span class='ocrx_word' id='word_1_588' title='bbox 2973 3211 3071 3266; x_wconf 79' lang='grc' dir='ltr'>καὶ</span> <span class='ocrx_word' id='word_1_589' title='bbox 3103 3213 3196 3276; x_wconf 91' lang='grc' dir='ltr'><strong>τίς</strong></span> <span class='ocrx_word' id='word_1_590' title='bbox 3221 3214 3256 3266; x_wconf 86' lang='grc' dir='ltr'><strong>ό</strong></span> <span class='ocrx_word' id='word_1_591' title='bbox 3281 3211 3551 3278; x_wconf 81' lang='grc' dir='ltr'>πλοῦτος</span> <span class='ocrx_word' id='word_1_592' title='bbox 3579 3205 3688 3281; x_wconf 76' lang='grc' dir='ltr'>τῆς</span> 
     </span>
    </p>
   </div>
   <div class='ocr_carea' id='block_1_79' title="bbox 2084 3299 3683 3373">
    <p class='ocr_par' dir='ltr' id='par_1_79' title="bbox 2084 3299 3683 3373">
     <span class='ocr_line' id='line_1_79' title="bbox 2084 3299 3683 3373; baseline -0.001 -16"><span class='ocrx_word' id='word_1_593' title='bbox 2084 3299 2288 3372; x_wconf 72' lang='grc' dir='ltr'>’δόξης</span> <span class='ocrx_word' id='word_1_594' title='bbox 2335 3301 2445 3371; x_wconf 83' lang='grc' dir='ltr'>τῆς</span> <span class='ocrx_word' id='word_1_595' title='bbox 2489 3303 2898 3373; x_wconf 75' lang='grc' dir='ltr'>κληρονομίας</span> <span class='ocrx_word' id='word_1_596' title='bbox 2948 3301 3138 3358; x_wconf 86' lang='grc' dir='ltr'>αὐτοῦ</span> <span class='ocrx_word' id='word_1_597' title='bbox 3186 3302 3258 3356; x_wconf 85' lang='grc' dir='ltr'><strong>ἐν</strong></span> <span class='ocrx_word' id='word_1_598' title='bbox 3301 3301 3428 3368; x_wconf 86' lang='grc' dir='ltr'>τοῖς</span> <span class='ocrx_word' id='word_1_599' title='bbox 3471 3303 3683 3372; x_wconf 82' lang='grc' dir='ltr'>ἁγίοις,</span> 
     </span>
    </p>
   </div>
   <div class='ocr_carea' id='block_1_80' title="bbox 2099 3391 3687 3464">
    <p class='ocr_par' dir='ltr' id='par_1_80' title="bbox 2099 3391 3687 3464">
     <span class='ocr_line' id='line_1_80' title="bbox 2099 3391 3687 3464; baseline 0.008 -17"><span class='ocrx_word' id='word_1_600' title='bbox 2099 3393 2201 3448; x_wconf 74' lang='grc' dir='ltr'><strong>καί</strong></span> <span class='ocrx_word' id='word_1_601' title='bbox 2259 3393 2319 3448; x_wconf 90' lang='grc' dir='ltr'><strong>τί</strong></span> <span class='ocrx_word' id='word_1_602' title='bbox 2369 3393 2439 3447; x_wconf 85' lang='grc' dir='ltr'>τὸ</span> <span class='ocrx_word' id='word_1_603' title='bbox 2486 3393 2876 3462; x_wconf 78' lang='grc' dir='ltr'>ὑπερϐάλλον</span> <span class='ocrx_word' id='word_1_604' title='bbox 2923 3391 3174 3463; x_wconf 79' lang='grc' dir='ltr'>μέγεθος</span> <span class='ocrx_word' id='word_1_605' title='bbox 3219 3392 3331 3462; x_wconf 80' lang='grc' dir='ltr'>τῆς</span> <span class='ocrx_word' id='word_1_606' title='bbox 3351 3445 3361 3452; x_wconf 89' lang='grc'>.</span> <span class='ocrx_word' id='word_1_607' title='bbox 3381 3393 3687 3464; x_wconf 74' lang='grc' dir='ltr'>δυνάμεως</span> 
     </span>
    </p>
   </div>
   <div class='ocr_carea' id='block_1_81' title="bbox 2099 3483 3688 3556">
    <p class='ocr_par' dir='ltr' id='par_1_81' title="bbox 2099 3483 3688 3556">
     <span class='ocr_line' id='line_1_81' title="bbox 2099 3483 3688 3556; baseline 0.001 -18"><span class='ocrx_word' id='word_1_608' title='bbox 2099 3483 2288 3540; x_wconf 82' lang='grc' dir='ltr'>αὐτοῦ</span> <span class='ocrx_word' id='word_1_609' title='bbox 2342 3487 2430 3553; x_wconf 82' lang='grc' dir='ltr'>εις</span> <span class='ocrx_word' id='word_1_610' title='bbox 2482 3483 2640 3556; x_wconf 73' lang='grc' dir='ltr'><strong>ἡμᾶς</strong></span> <span class='ocrx_word' id='word_1_611' title='bbox 2693 3485 2840 3553; x_wconf 83' lang='grc' dir='ltr'>τοὺς</span> <span class='ocrx_word' id='word_1_612' title='bbox 2890 3486 3319 3552; x_wconf 77' lang='grc' dir='ltr'>πιστεύοντας,</span> <span class='ocrx_word' id='word_1_613' title='bbox 3377 3485 3533 3540; x_wconf 83' lang='grc' dir='ltr'>κατὰ</span> <span class='ocrx_word' id='word_1_614' title='bbox 3577 3486 3688 3554; x_wconf 82' lang='grc' dir='ltr'>τὴν</span> 
     </span>
    </p>
   </div>
   <div class='ocr_carea' id='block_1_82' title="bbox 2099 3577 3688 3654">
    <p class='ocr_par' dir='ltr' id='par_1_82' title="bbox 2099 3577 3688 3654">
     <span class='ocr_line' id='line_1_82' title="bbox 2099 3577 3688 3654; baseline 0.001 -21"><span class='ocrx_word' id='word_1_615' title='bbox 2099 3577 2404 3650; x_wconf 78' lang='grc' dir='ltr'>ἐνέργειαν</span> <span class='ocrx_word' id='word_1_616' title='bbox 2445 3579 2550 3632; x_wconf 81' lang='grc' dir='ltr'><strong>τοῦ</strong></span> <span class='ocrx_word' id='word_1_617' title='bbox 2595 3579 2856 3648; x_wconf 79' lang='grc' dir='ltr'>κράτους</span> <span class='ocrx_word' id='word_1_618' title='bbox 2911 3579 3024 3648; x_wconf 83' lang='grc' dir='ltr'>τῆς</span> <span class='ocrx_word' id='word_1_619' title='bbox 3064 3579 3280 3654; x_wconf 74' lang='grc' dir='ltr'>ἰσχύρς</span> <span class='ocrx_word' id='word_1_620' title='bbox 3325 3579 3514 3636; x_wconf 81' lang='grc' dir='ltr'>αὐτοῦ</span> <span class='ocrx_word' id='word_1_621' title='bbox 3540 3619 3556 3646; x_wconf 92' lang='grc'><strong>,</strong></span> <span class='ocrx_word' id='word_1_622' title='bbox 3610 3578 3688 3648; x_wconf 75' lang='grc' dir='ltr'>ἣν</span> 
     </span>
    </p>
   </div>
   <div class='ocr_carea' id='block_1_83' title="bbox 2099 3670 3686 3742">
    <p class='ocr_par' dir='ltr' id='par_1_83' title="bbox 2099 3670 3686 3742">
     <span class='ocr_line' id='line_1_83' title="bbox 2099 3670 3686 3742; baseline 0.001 -17"><span class='ocrx_word' id='word_1_623' title='bbox 2099 3671 2441 3741; x_wconf 77' lang='grc' dir='ltr'>ἐνήργησεν</span> <span class='ocrx_word' id='word_1_624' title='bbox 2472 3671 2543 3725; x_wconf 88' lang='grc' dir='ltr'><strong>ἐν</strong></span> <span class='ocrx_word' id='word_1_625' title='bbox 2566 3670 2820 3740; x_wconf 84' lang='grc' dir='ltr'>Χριστῷ,</span> <span class='ocrx_word' id='word_1_626' title='bbox 2857 3671 3094 3742; x_wconf 79' lang='grc' dir='ltr'>ἐγείρας</span> <span class='ocrx_word' id='word_1_627' title='bbox 3121 3673 3310 3726; x_wconf 79' lang='grc' dir='ltr'>αὑτὸν</span> <span class='ocrx_word' id='word_1_628' title='bbox 3339 3671 3410 3725; x_wconf 82' lang='grc' dir='ltr'><strong>ἐκ</strong></span> <span class='ocrx_word' id='word_1_629' title='bbox 3440 3671 3686 3742; x_wconf 82' lang='grc' dir='ltr'>νεκρῶν,</span> 
     </span>
    </p>
   </div>
   <div class='ocr_carea' id='block_1_84' title="bbox 2101 3761 3690 3832">
    <p class='ocr_par' dir='ltr' id='par_1_84' title="bbox 2101 3761 3690 3832">
     <span class='ocr_line' id='line_1_84' title="bbox 2101 3761 3690 3832; baseline 0.001 -14"><span class='ocrx_word' id='word_1_630' title='bbox 2101 3763 2204 3818; x_wconf 78' lang='grc' dir='ltr'><strong>καί</strong></span> <span class='ocrx_word' id='word_1_631' title='bbox 2255 3763 2514 3828; x_wconf 83' lang='grc' dir='ltr'>καθίσας</span> <span class='ocrx_word' id='word_1_632' title='bbox 2558 3762 2754 3818; x_wconf 85' lang='grc' dir='ltr'>αὐτὸν</span> <span class='ocrx_word' id='word_1_633' title='bbox 2804 3763 2876 3818; x_wconf 84' lang='grc' dir='ltr'><strong>ἐν</strong></span> <span class='ocrx_word' id='word_1_634' title='bbox 2909 3761 3079 3832; x_wconf 77' lang='grc' dir='ltr'>δεξιᾷ</span> <span class='ocrx_word' id='word_1_635' title='bbox 3112 3761 3302 3818; x_wconf 81' lang='grc' dir='ltr'>αὐτοῦ</span> <span class='ocrx_word' id='word_1_636' title='bbox 3332 3763 3405 3816; x_wconf 67' lang='grc' dir='ltr'><strong>ἐν</strong></span> <span class='ocrx_word' id='word_1_637' title='bbox 3427 3762 3554 3830; x_wconf 85' lang='grc' dir='ltr'>τοῖς</span> <span class='ocrx_word' id='word_1_638' title='bbox 3577 3765 3690 3819; x_wconf 80' lang='grc' dir='ltr'><strong>οὒ-</strong></span> 
     </span>
    </p>
   </div>
   <div class='ocr_carea' id='block_1_85' title="bbox 2093 3853 3692 3925">
    <p class='ocr_par' dir='ltr' id='par_1_85' title="bbox 2093 3853 3692 3925">
     <span class='ocr_line' id='line_1_85' title="bbox 2093 3853 3692 3925; baseline 0 -15"><span class='ocrx_word' id='word_1_639' title='bbox 2093 3855 2327 3925; x_wconf 82' lang='grc' dir='ltr'>ρανοῖς,</span> <span class='ocrx_word' id='word_1_640' title='bbox 2362 3853 2643 3924; x_wconf 78' lang='grc' dir='ltr'>ὑπεράνω</span> <span class='ocrx_word' id='word_1_641' title='bbox 2675 3854 2882 3924; x_wconf 85' lang='grc' dir='ltr'>πάσης</span> <span class='ocrx_word' id='word_1_642' title='bbox 2909 3854 3107 3925; x_wconf 78' lang='grc' dir='ltr'>ἀρχῆς</span> <span class='ocrx_word' id='word_1_643' title='bbox 3140 3854 3562 3922; x_wconf 81' lang='grc' dir='ltr'>καὶ-ἐξουσίας</span> <span class='ocrx_word' id='word_1_644' title='bbox 3593 3855 3692 3910; x_wconf 67' lang='grc' dir='ltr'>καὶ</span> 
     </span>
    </p>
   </div>
   <div class='ocr_carea' id='block_1_86' title="bbox 2101 3945 3690 4018">
    <p class='ocr_par' dir='ltr' id='par_1_86' title="bbox 2101 3945 3690 4018">
     <span class='ocr_line' id='line_1_86' title="bbox 2101 3945 3690 4018; baseline -0.001 -16"><span class='ocrx_word' id='word_1_645' title='bbox 2101 3947 2414 4018; x_wconf 78' lang='grc' dir='ltr'>δυνάμεως</span> <span class='ocrx_word' id='word_1_646' title='bbox 2441 3947 2542 4002; x_wconf 74' lang='grc' dir='ltr'>καὶ</span> <span class='ocrx_word' id='word_1_647' title='bbox 2573 3949 2926 4017; x_wconf 81' lang='grc' dir='ltr'>κυριότητος</span> <span class='ocrx_word' id='word_1_648' title='bbox 2948 3989 2964 4013; x_wconf 92' lang='grc'><strong>,</strong></span> <span class='ocrx_word' id='word_1_649' title='bbox 3017 3945 3120 4002; x_wconf 86' lang='grc' dir='ltr'><strong>καί</strong></span> <span class='ocrx_word' id='word_1_650' title='bbox 3144 3947 3369 4014; x_wconf 88' lang='grc' dir='ltr'>παντὸς</span> <span class='ocrx_word' id='word_1_651' title='bbox 3398 3947 3690 4018; x_wconf 82' lang='grc' dir='ltr'>ὀνόματος</span> 
     </span>
    </p>
   </div>
   <div class='ocr_carea' id='block_1_87' title="bbox 2103 4035 3692 4110">
    <p class='ocr_par' dir='ltr' id='par_1_87' title="bbox 2103 4035 3692 4110">
     <span class='ocr_line' id='line_1_87' title="bbox 2103 4035 3692 4110; baseline -0.002 -15"><span class='ocrx_word' id='word_1_652' title='bbox 2103 4038 2564 4110; x_wconf 78' lang='grc' dir='ltr'>ὀνομαζομένου,</span> <span class='ocrx_word' id='word_1_653' title='bbox 2595 4041 2668 4093; x_wconf 83' lang='grc' dir='ltr'>οὐ</span> <span class='ocrx_word' id='word_1_654' title='bbox 2688 4039 2884 4108; x_wconf 86' lang='grc' dir='ltr'>μόνον</span> <span class='ocrx_word' id='word_1_655' title='bbox 2909 4039 2980 4093; x_wconf 83' lang='grc' dir='ltr'><strong>ἐν</strong></span> <span class='ocrx_word' id='word_1_656' title='bbox 3007 4035 3088 4104; x_wconf 84' lang='grc' dir='ltr'>τῷ</span> <span class='ocrx_word' id='word_1_657' title='bbox 3110 4035 3280 4093; x_wconf 77' lang='grc' dir='ltr'>αἰῶνι</span> <span class='ocrx_word' id='word_1_658' title='bbox 3300 4038 3510 4103; x_wconf 83' lang='grc' dir='ltr'>τούτῳ,</span> <span class='ocrx_word' id='word_1_659' title='bbox 3528 4037 3692 4094; x_wconf 74' lang='grc' dir='ltr'>ἀλλὰ</span> 
     </span>
    </p>
   </div>
   <div class='ocr_carea' id='block_1_88' title="bbox 2103 4127 3692 4200">
    <p class='ocr_par' dir='ltr' id='par_1_88' title="bbox 2103 4127 3692 4200">
     <span class='ocr_line' id='line_1_88' title="bbox 2103 4127 3692 4200; baseline 0 -16"><span class='ocrx_word' id='word_1_660' title='bbox 2103 4131 2204 4185; x_wconf 79' lang='grc' dir='ltr'><strong>καί</strong></span> <span class='ocrx_word' id='word_1_661' title='bbox 2235 4132 2305 4185; x_wconf 84' lang='grc' dir='ltr'><strong>ἐν</strong></span> <span class='ocrx_word' id='word_1_662' title='bbox 2332 4129 2413 4196; x_wconf 83' lang='grc' dir='ltr'>τῷ</span> <span class='ocrx_word' id='word_1_663' title='bbox 2437 4130 2756 4200; x_wconf 82' lang='grc' dir='ltr'>μέλλοντι,</span> <span class='ocrx_word' id='word_1_664' title='bbox 2816 4127 2916 4184; x_wconf 74' lang='grc' dir='ltr'><strong>καί</strong></span> <span class='ocrx_word' id='word_1_665' title='bbox 2941 4128 3139 4183; x_wconf 83' lang='grc' dir='ltr'>πάντα</span> <span class='ocrx_word' id='word_1_666' title='bbox 3157 4127 3382 4182; x_wconf 75' lang='grc' dir='ltr'>ἔδωκεν</span> <span class='ocrx_word' id='word_1_667' title='bbox 3403 4127 3524 4184; x_wconf 82' lang='grc' dir='ltr'><strong>ὑπὸ</strong></span> <span class='ocrx_word' id='word_1_668' title='bbox 3548 4128 3692 4194; x_wconf 85' lang='grc' dir='ltr'>τοὺς</span> 
     </span>
    </p>
   </div>
   <div class='ocr_carea' id='block_1_89' title="bbox 2103 4214 3691 4290">
    <p class='ocr_par' dir='ltr' id='par_1_89' title="bbox 2103 4214 3691 4290">
     <span class='ocr_line' id='line_1_89' title="bbox 2103 4214 3691 4290; baseline -0.003 -15"><span class='ocrx_word' id='word_1_669' title='bbox 2103 4221 2296 4288; x_wconf 83' lang='grc' dir='ltr'>πόδας</span> <span class='ocrx_word' id='word_1_670' title='bbox 2327 4220 2520 4276; x_wconf 83' lang='grc' dir='ltr'>αὐτοῦ</span> <span class='ocrx_word' id='word_1_671' title='bbox 2543 4259 2560 4286; x_wconf 87' lang='grc'><strong>,</strong></span> <span class='ocrx_word' id='word_1_672' title='bbox 2617 4219 2718 4275; x_wconf 82' lang='grc' dir='ltr'>καὶ</span> <span class='ocrx_word' id='word_1_673' title='bbox 2766 4219 2958 4274; x_wconf 84' lang='grc' dir='ltr'>αὑτὸν</span> <span class='ocrx_word' id='word_1_674' title='bbox 3003 4219 3190 4274; x_wconf 72' lang='grc' dir='ltr'>ἔδωκε</span> <span class='ocrx_word' id='word_1_675' title='bbox 3231 4214 3510 4290; x_wconf 74' lang='grc' dir='ltr'>κεφαλὴν</span> <span class='ocrx_word' id='word_1_676' title='bbox 3537 4220 3691 4288; x_wconf 78' lang='grc' dir='ltr'>ὑπὲρ</span> 
     </span>
    </p>
   </div>
   <div class='ocr_carea' id='block_1_90' title="bbox 2103 4309 3688 4382">
    <p class='ocr_par' dir='ltr' id='par_1_90' title="bbox 2103 4309 3688 4382">
     <span class='ocr_line' id='line_1_90' title="bbox 2103 4309 3688 4382; baseline -0.001 -14"><span class='ocrx_word' id='word_1_677' title='bbox 2103 4313 2301 4368; x_wconf 84' lang='grc' dir='ltr'>πάντα</span> <span class='ocrx_word' id='word_1_678' title='bbox 2325 4313 2401 4382; x_wconf 78' lang='grc' dir='ltr'>τῇ</span> <span class='ocrx_word' id='word_1_679' title='bbox 2433 4311 2767 4379; x_wconf 77' lang='grc' dir='ltr'>Ἐκκλησία</span> <span class='ocrx_word' id='word_1_680' title='bbox 2783 4309 2850 4373; x_wconf 83' lang='grc'><strong>³²,</strong></span> <span class='ocrx_word' id='word_1_681' title='bbox 2871 4310 3005 4379; x_wconf 80' lang='grc' dir='ltr'>ἣτις</span> <span class='ocrx_word' id='word_1_682' title='bbox 3028 4309 3164 4364; x_wconf 74' lang='grc' dir='ltr'>ἐστὶ</span> <span class='ocrx_word' id='word_1_683' title='bbox 3189 4311 3258 4365; x_wconf 88' lang='grc' dir='ltr'>τὸ</span> <span class='ocrx_word' id='word_1_684' title='bbox 3277 4309 3452 4380; x_wconf 79' lang='grc' dir='ltr'>σῶμα</span> <span class='ocrx_word' id='word_1_685' title='bbox 3476 4311 3688 4376; x_wconf 82' lang='grc' dir='ltr'>αὐτοῦ,</span> 
     </span>
    </p>
   </div>
   <div class='ocr_carea' id='block_1_91' title="bbox 2103 4401 3688 4476">
    <p class='ocr_par' dir='ltr' id='par_1_91' title="bbox 2103 4401 3688 4476">
     <span class='ocr_line' id='line_1_91' title="bbox 2103 4401 3688 4476; baseline -0.001 -18"><span class='ocrx_word' id='word_1_686' title='bbox 2103 4405 2172 4459; x_wconf 83' lang='grc' dir='ltr'>τὸ</span> <span class='ocrx_word' id='word_1_687' title='bbox 2197 4404 2490 4474; x_wconf 80' lang='grc' dir='ltr'>πλήρωμα</span> <span class='ocrx_word' id='word_1_688' title='bbox 2516 4401 2624 4458; x_wconf 90' lang='grc' dir='ltr'><strong>τοῦ</strong></span> <span class='ocrx_word' id='word_1_689' title='bbox 2649 4403 2944 4476; x_wconf 60' lang='lat' dir='ltr'><strong>tandum</strong></span> <span class='ocrx_word' id='word_1_690' title='bbox 2969 4402 3038 4457; x_wconf 83' lang='grc' dir='ltr'><strong>ἐν</strong></span> <span class='ocrx_word' id='word_1_691' title='bbox 3064 4401 3216 4458; x_wconf 82' lang='grc' dir='ltr'>πᾶσι</span> <span class='ocrx_word' id='word_1_692' title='bbox 3241 4406 3688 4473; x_wconf 72' lang='grc' dir='ltr'>πληρουμένου.</span> 
     </span>
    </p>
   </div>
   <div class='ocr_carea' id='block_1_92' title="bbox 421 4485 2002 4566">
    <p class='ocr_par' dir='ltr' id='par_1_92' title="bbox 421 4494 2002 4566">
     <span class='ocr_line' id='line_1_92' title="bbox 421 4494 2002 4566; baseline 0.003 -18"><span class='ocrx_word' id='word_1_693' title='bbox 421 4494 490 4548; x_wconf 89' lang='lat' dir='ltr'><strong>ad</strong></span> <span class='ocrx_word' id='word_1_694' title='bbox 535 4494 885 4564; x_wconf 79' lang='lat' dir='ltr'><strong>coynitionem</strong></span> <span class='ocrx_word' id='word_1_695' title='bbox 913 4504 1223 4550; x_wconf 84' lang='lat' dir='ltr'><strong>sanctorum</strong></span> <span class='ocrx_word' id='word_1_696' title='bbox 1249 4496 1305 4549; x_wconf 88' lang='lat' dir='ltr'><strong>in</strong></span> <span class='ocrx_word' id='word_1_697' title='bbox 1331 4511 1460 4566; x_wconf 90' lang='lat' dir='ltr'><strong>opus</strong></span> <span class='ocrx_word' id='word_1_698' title='bbox 1502 4497 2002 4563; x_wconf 84' lang='lat' dir='ltr'><strong>administrationis,</strong></span> 
     </span>
    </p>
   </div>
   <div class='ocr_carea' id='block_1_93' title="bbox 2103 4485 3692 4566">
    <p class='ocr_par' dir='ltr' id='par_1_93' title="bbox 2112 4490 3692 4565">
     <span class='ocr_line' id='line_1_93' title="bbox 2112 4490 3692 4565; baseline -0.001 -15"><span class='ocrx_word' id='word_1_699' title='bbox 2112 4495 2226 4550; x_wconf 75' lang='grc' dir='ltr'>Καὶ</span> <span class='ocrx_word' id='word_1_700' title='bbox 2255 4494 2375 4565; x_wconf 85' lang='grc' dir='ltr'>μεθ’</span> <span class='ocrx_word' id='word_1_701' title='bbox 2401 4495 2566 4564; x_wconf 72' lang='grc' dir='ltr'>ἕτερα</span> <span class='ocrx_word' id='word_1_702' title='bbox 2591 4492 2756 4546; x_wconf 86' lang='grc' dir='ltr'>πάλιν</span> <span class='ocrx_word' id='word_1_703' title='bbox 2778 4509 2792 4523; x_wconf 74' lang='grc' dir='ltr'><strong>ο</strong></span> <span class='ocrx_word' id='word_1_704' title='bbox 2855 4492 2965 4546; x_wconf 77' lang='grc' dir='ltr'><strong>Καὶ</strong></span> <span class='ocrx_word' id='word_1_705' title='bbox 2993 4490 3179 4558; x_wconf 83' lang='grc' dir='ltr'>αὐτὸς</span> <span class='ocrx_word' id='word_1_706' title='bbox 3200 4491 3389 4546; x_wconf 77' lang='grc' dir='ltr'>ἔδωκε</span> <span class='ocrx_word' id='word_1_707' title='bbox 3415 4493 3558 4560; x_wconf 87' lang='grc' dir='ltr'>τοὺς</span> <span class='ocrx_word' id='word_1_708' title='bbox 3577 4493 3692 4564; x_wconf 73' lang='grc' dir='ltr'><strong>μὲν</strong></span> 
     </span>
    </p>
   </div>
   <div class='ocr_carea' id='block_1_94' title="bbox 415 4585 2005 4658">
    <p class='ocr_par' dir='ltr' id='par_1_94' title="bbox 415 4585 2005 4658">
     <span class='ocr_line' id='line_1_94' title="bbox 415 4585 2005 4658; baseline 0.001 -16"><span class='ocrx_word' id='word_1_709' title='bbox 415 4587 474 4642; x_wconf 81' lang='lat' dir='ltr'><strong>in</strong></span> <span class='ocrx_word' id='word_1_710' title='bbox 516 4586 924 4654; x_wconf 65' lang='lat' dir='ltr'><strong>aediﬁcationem,</strong></span> <span class='ocrx_word' id='word_1_711' title='bbox 955 4589 1189 4658; x_wconf 85' lang='lat' dir='ltr'><strong>corporis</strong></span> <span class='ocrx_word' id='word_1_712' title='bbox 1219 4585 1434 4653; x_wconf 78' lang='lat' dir='ltr'><strong>Christi,</strong></span> <span class='ocrx_word' id='word_1_713' title='bbox 1465 4588 1630 4642; x_wconf 88' lang='lat' dir='ltr'><strong>donec</strong></span> <span class='ocrx_word' id='word_1_714' title='bbox 1665 4604 2005 4644; x_wconf 83' lang='lat' dir='ltr'><strong>occurramus</strong></span> 
     </span>
    </p>
   </div>
   <div class='ocr_carea' id='block_1_95' title="bbox 410 4677 2006 4749">
    <p class='ocr_par' dir='ltr' id='par_1_95' title="bbox 410 4677 2006 4749">
     <span class='ocr_line' id='line_1_95' title="bbox 410 4677 2006 4749; baseline 0.003 -19"><span class='ocrx_word' id='word_1_715' title='bbox 410 4692 601 4731; x_wconf 70' lang='lat' dir='ltr'><strong>omnes</strong></span> <span class='ocrx_word' id='word_1_716' title='bbox 641 4678 699 4730; x_wconf 88' lang='lat' dir='ltr'><strong>in</strong></span> <span class='ocrx_word' id='word_1_717' title='bbox 733 4679 993 4732; x_wconf 86' lang='lat' dir='ltr'><strong>unitatem</strong></span> <span class='ocrx_word' id='word_1_718' title='bbox 1031 4677 1156 4745; x_wconf 79' lang='lat' dir='ltr'><strong>ﬁdei</strong></span> <span class='ocrx_word' id='word_1_719' title='bbox 1211 4687 1264 4732; x_wconf 86' lang='lat' dir='ltr'><strong>et</strong></span> <span class='ocrx_word' id='word_1_720' title='bbox 1313 4679 1626 4749; x_wconf 82' lang='lat' dir='ltr'><strong>cognitionis</strong></span> <span class='ocrx_word' id='word_1_721' title='bbox 1653 4677 1778 4734; x_wconf 84' lang='lat' dir='ltr'><strong>Filii</strong></span> <span class='ocrx_word' id='word_1_722' title='bbox 1813 4677 1912 4734; x_wconf 86' lang='lat' dir='ltr'><strong>Dei</strong></span> <span class='ocrx_word' id='word_1_723' title='bbox 1948 4681 2006 4734; x_wconf 86' lang='lat' dir='ltr'><strong>in</strong></span> 
     </span>
    </p>
   </div>
   <div class='ocr_carea' id='block_1_96' title="bbox 412 4765 2004 4838">
    <p class='ocr_par' dir='ltr' id='par_1_96' title="bbox 412 4765 2004 4838">
     <span class='ocr_line' id='line_1_96' title="bbox 412 4765 2004 4838; baseline 0.002 -19"><span class='ocrx_word' id='word_1_724' title='bbox 412 4767 596 4829; x_wconf 76' lang='lat' dir='ltr'><strong>.sirum</strong></span> <span class='ocrx_word' id='word_1_725' title='bbox 626 4765 939 4836; x_wconf 76' lang='lat' dir='ltr'><strong>perfectum,</strong></span> <span class='ocrx_word' id='word_1_726' title='bbox 986 4767 1043 4820; x_wconf 89' lang='lat' dir='ltr'><strong>in</strong></span> <span class='ocrx_word' id='word_1_727' title='bbox 1091 4781 1398 4820; x_wconf 86' lang='lat' dir='ltr'><strong>mensuram</strong></span> <span class='ocrx_word' id='word_1_728' title='bbox 1437 4768 1624 4822; x_wconf 77' lang='lat' dir='ltr'><strong>atatis</strong></span> <span class='ocrx_word' id='word_1_729' title='bbox 1660 4766 2004 4838; x_wconf 82' lang='lat' dir='ltr'><strong>plenitudinis</strong></span> 
     </span>
    </p>
   </div>
   <div class='ocr_carea' id='block_1_97' title="bbox 413 4855 2006 4928">
    <p class='ocr_par' dir='ltr' id='par_1_97' title="bbox 413 4855 2006 4928">
     <span class='ocr_line' id='line_1_97' title="bbox 413 4855 2006 4928; baseline -0.001 -15"><span class='ocrx_word' id='word_1_730' title='bbox 413 4855 640 4922; x_wconf 78' lang='lat' dir='ltr'><strong>Christi,</strong></span> <span class='ocrx_word' id='word_1_731' title='bbox 685 4863 744 4909; x_wconf 86' lang='lat' dir='ltr'><strong>ut</strong></span> <span class='ocrx_word' id='word_1_732' title='bbox 771 4856 892 4926; x_wconf 88' lang='lat' dir='ltr'><strong>jam</strong></span> <span class='ocrx_word' id='word_1_733' title='bbox 941 4873 1048 4910; x_wconf 90' lang='lat' dir='ltr'><strong>non</strong></span> <span class='ocrx_word' id='word_1_734' title='bbox 1105 4858 1268 4910; x_wconf 87' lang='lat' dir='ltr'><strong>simus</strong></span> <span class='ocrx_word' id='word_1_735' title='bbox 1320 4857 1529 4928; x_wconf 82' lang='lat' dir='ltr'><strong>paruuli</strong></span> <span class='ocrx_word' id='word_1_736' title='bbox 1563 4860 1902 4928; x_wconf 83' lang='lat' dir='ltr'><strong>ﬂuctuantes,</strong></span> <span class='ocrx_word' id='word_1_737' title='bbox 1947 4865 2006 4912; x_wconf 85' lang='lat' dir='ltr'><strong>et</strong></span> 
     </span>
    </p>
   </div>
   <div class='ocr_carea' id='block_1_98' title="bbox 409 4947 2004 5020">
    <p class='ocr_par' dir='ltr' id='par_1_98' title="bbox 409 4947 2004 5020">
     <span class='ocr_line' id='line_1_98' title="bbox 409 4947 2004 5020; baseline 0.003 -17"><span class='ocrx_word' id='word_1_738' title='bbox 409 4947 864 5019; x_wconf 58' lang='lat' dir='ltr'><strong>eircumferamur</strong></span> <span class='ocrx_word' id='word_1_739' title='bbox 894 4949 1040 5002; x_wconf 88' lang='lat' dir='ltr'><strong>omni</strong></span> <span class='ocrx_word' id='word_1_740' title='bbox 1077 4957 1232 5002; x_wconf 83' lang='lat' dir='ltr'><strong>uento</strong></span> <span class='ocrx_word' id='word_1_741' title='bbox 1269 4949 1523 5004; x_wconf 87' lang='lat' dir='ltr'><strong>doctrina</strong></span> <span class='ocrx_word' id='word_1_742' title='bbox 1557 4951 1614 5004; x_wconf 89' lang='lat' dir='ltr'><strong>in</strong></span> <span class='ocrx_word' id='word_1_743' title='bbox 1647 4951 1883 5020; x_wconf 88' lang='lat' dir='ltr'><strong>nequitia</strong></span> <span class='ocrx_word' id='word_1_744' title='bbox 1907 4954 2004 5006; x_wconf 83' lang='lat' dir='ltr'><strong>ho-</strong></span> 
     </span>
    </p>
   </div>
   <div class='ocr_carea' id='block_1_99' title="bbox 418 5038 2004 5107">
    <p class='ocr_par' dir='ltr' id='par_1_99' title="bbox 418 5038 2004 5107">
     <span class='ocr_line' id='line_1_99' title="bbox 418 5038 2004 5107; baseline 0.001 -11"><span class='ocrx_word' id='word_1_745' title='bbox 418 5041 648 5106; x_wconf 73' lang='lat' dir='ltr'><strong>minum,</strong></span> <span class='ocrx_word' id='word_1_746' title='bbox 677 5041 734 5095; x_wconf 90' lang='lat' dir='ltr'><strong>in</strong></span> <span class='ocrx_word' id='word_1_747' title='bbox 770 5039 968 5095; x_wconf 88' lang='lat' dir='ltr'><strong>astutia</strong></span> <span class='ocrx_word' id='word_1_748' title='bbox 997 5038 1070 5096; x_wconf 91' lang='lat' dir='ltr'><strong>ad</strong></span> <span class='ocrx_word' id='word_1_749' title='bbox 1107 5047 1282 5095; x_wconf 89' lang='lat' dir='ltr'><strong>artem</strong></span> <span class='ocrx_word' id='word_1_750' title='bbox 1321 5042 1545 5107; x_wconf 85' lang='lat' dir='ltr'><strong>erroris;</strong></span> <span class='ocrx_word' id='word_1_751' title='bbox 1581 5041 1797 5096; x_wconf 78' lang='lat' dir='ltr'><strong>veridici</strong></span> <span class='ocrx_word' id='word_1_752' title='bbox 1821 5053 2004 5098; x_wconf 88' lang='lat' dir='ltr'><strong>autem</strong></span> 
     </span>
    </p>
   </div>
   <div class='ocr_carea' id='block_1_100' title="bbox 417 5129 2006 5204">
    <p class='ocr_par' dir='ltr' id='par_1_100' title="bbox 417 5129 2006 5204">
     <span class='ocr_line' id='line_1_100' title="bbox 417 5129 2006 5204; baseline 0.001 -20"><span class='ocrx_word' id='word_1_753' title='bbox 417 5131 480 5184; x_wconf 73' lang='lat' dir='ltr'><strong>in</strong></span> <span class='ocrx_word' id='word_1_754' title='bbox 526 5130 786 5184; x_wconf 87' lang='lat' dir='ltr'><strong>charitate</strong></span> <span class='ocrx_word' id='word_1_755' title='bbox 815 5145 1125 5184; x_wconf 69' lang='lat' dir='ltr'><strong>crescamus</strong></span> <span class='ocrx_word' id='word_1_756' title='bbox 1165 5129 1224 5182; x_wconf 89' lang='lat' dir='ltr'><strong>in</strong></span> <span class='ocrx_word' id='word_1_757' title='bbox 1263 5145 1385 5184; x_wconf 90' lang='lat' dir='ltr'><strong>eum</strong></span> <span class='ocrx_word' id='word_1_758' title='bbox 1426 5145 1520 5201; x_wconf 87' lang='lat' dir='ltr'><strong>per</strong></span> <span class='ocrx_word' id='word_1_759' title='bbox 1556 5132 1758 5197; x_wconf 89' lang='lat' dir='ltr'><strong>omnia,</strong></span> <span class='ocrx_word' id='word_1_760' title='bbox 1797 5133 1887 5204; x_wconf 87' lang='lat' dir='ltr'><strong>qui</strong></span> <span class='ocrx_word' id='word_1_761' title='bbox 1926 5139 2006 5188; x_wconf 83' lang='lat' dir='ltr'><strong>est</strong></span> 
     </span>
    </p>
   </div>
   <div class='ocr_carea' id='block_1_101' title="bbox 410 5219 2004 5294">
    <p class='ocr_par' dir='ltr' id='par_1_101' title="bbox 410 5219 2004 5294">
     <span class='ocr_line' id='line_1_101' title="bbox 410 5219 2004 5294; baseline 0.004 -20"><span class='ocrx_word' id='word_1_762' title='bbox 410 5229 580 5292; x_wconf 64' lang='lat' dir='ltr'><strong>caput</strong></span> <span class='ocrx_word' id='word_1_763' title='bbox 601 5219 857 5287; x_wconf 87' lang='lat' dir='ltr'><strong>Christus,</strong></span> <span class='ocrx_word' id='word_1_764' title='bbox 889 5237 954 5277; x_wconf 77' lang='lat' dir='ltr'><strong>ea:</strong></span> <span class='ocrx_word' id='word_1_765' title='bbox 975 5237 1077 5293; x_wconf 87' lang='lat' dir='ltr'><strong>quo</strong></span> <span class='ocrx_word' id='word_1_766' title='bbox 1105 5237 1260 5276; x_wconf 89' lang='lat' dir='ltr'><strong>omne</strong></span> <span class='ocrx_word' id='word_1_767' title='bbox 1287 5237 1476 5292; x_wconf 89' lang='lat' dir='ltr'><strong>corpus</strong></span> <span class='ocrx_word' id='word_1_768' title='bbox 1497 5224 1927 5294; x_wconf 85' lang='lat' dir='ltr'><strong>compaginatum</strong></span> <span class='ocrx_word' id='word_1_769' title='bbox 1953 5234 2004 5280; x_wconf 88' lang='lat' dir='ltr'><strong>et</strong></span> 
     </span>
    </p>
   </div>
   <div class='ocr_carea' id='block_1_102' title="bbox 396 5312 2002 5385">
    <p class='ocr_par' dir='ltr' id='par_1_102' title="bbox 396 5312 2002 5385">
     <span class='ocr_line' id='line_1_102' title="bbox 396 5312 2002 5385; baseline 0.005 -19"><span class='ocrx_word' id='word_1_770' title='bbox 396 5312 739 5368; x_wconf 65' lang='lat' dir='ltr'><strong>.aollocatum</strong></span> <span class='ocrx_word' id='word_1_771' title='bbox 771 5330 864 5384; x_wconf 85' lang='lat' dir='ltr'><strong>per</strong></span> <span class='ocrx_word' id='word_1_772' title='bbox 897 5329 1107 5369; x_wconf 88' lang='lat' dir='ltr'><strong>omnem</strong></span> <span class='ocrx_word' id='word_1_773' title='bbox 1140 5313 1206 5368; x_wconf 90' lang='lat' dir='ltr'><strong>ab</strong></span> <span class='ocrx_word' id='word_1_774' title='bbox 1237 5329 1296 5368; x_wconf 90' lang='lat' dir='ltr'><strong>eo</strong></span> <span class='ocrx_word' id='word_1_775' title='bbox 1325 5313 1866 5385; x_wconf 80' lang='lat' dir='ltr'><strong>administrationem,</strong></span> <span class='ocrx_word' id='word_1_776' title='bbox 1921 5335 2002 5374; x_wconf 86' lang='lat' dir='ltr'><strong>se-</strong></span> 
     </span>
    </p>
   </div>
   <div class='ocr_carea' id='block_1_103' title="bbox 417 5404 2003 5478">
    <p class='ocr_par' dir='ltr' id='par_1_103' title="bbox 417 5404 2003 5478">
     <span class='ocr_line' id='line_1_103' title="bbox 417 5404 2003 5478; baseline 0.003 -19"><span class='ocrx_word' id='word_1_777' title='bbox 417 5404 654 5462; x_wconf 72' lang='lat' dir='ltr'><strong>cundum</strong></span> <span class='ocrx_word' id='word_1_778' title='bbox 695 5406 1056 5476; x_wconf 81' lang='lat' dir='ltr'><strong>operationem</strong></span> <span class='ocrx_word' id='word_1_779' title='bbox 1099 5405 1512 5478; x_wconf 77' lang='lat' dir='ltr'><strong>uniuscujusque</strong></span> <span class='ocrx_word' id='word_1_780' title='bbox 1541 5409 1790 5475; x_wconf 79' lang='lat' dir='ltr'><strong>membri,</strong></span> <span class='ocrx_word' id='word_1_781' title='bbox 1835 5410 2003 5464; x_wconf 77' lang='lat' dir='ltr'><strong>incre—</strong></span> 
     </span>
    </p>
   </div>
   <div class='ocr_carea' id='block_1_104' title="bbox 500 5541 1092 5612">
    <p class='ocr_par' dir='ltr' id='par_1_104' title="bbox 500 5541 1092 5612">
     <span class='ocr_line' id='line_1_104' title="bbox 500 5541 1092 5612; baseline 0.003 -16"><span class='ocrx_word' id='word_1_782' title='bbox 500 5555 525 5582; x_wconf 72' lang='grc' dir='ltr'>ει</span> <span class='ocrx_word' id='word_1_783' title='bbox 557 5541 759 5612; x_wconf 84' lang='lat' dir='ltr'><strong>Ephes.</strong></span> <span class='ocrx_word' id='word_1_784' title='bbox 817 5557 860 5609; x_wconf 76' lang='grc' dir='ltr'>τ,</span> <span class='ocrx_word' id='word_1_785' title='bbox 905 5541 1092 5598; x_wconf 70' lang='lat'><strong>17-25.</strong></span> 
     </span>
    </p>
   </div>
   <div class='ocr_carea' id='block_1_105' title="bbox 2113 4576 3694 4654">
    <p class='ocr_par' dir='ltr' id='par_1_105' title="bbox 2113 4576 3694 4654">
     <span class='ocr_line' id='line_1_105' title="bbox 2113 4576 3694 4654; baseline -0.001 -14"><span class='ocrx_word' id='word_1_786' title='bbox 2113 4585 2526 4651; x_wconf 73' lang='grc' dir='ltr'>ἀποστόλους,</span> <span class='ocrx_word' id='word_1_787' title='bbox 2559 4583 2703 4650; x_wconf 84' lang='grc' dir='ltr'>τοὺς</span> <span class='ocrx_word' id='word_1_788' title='bbox 2729 4583 2798 4636; x_wconf 88' lang='grc' dir='ltr'>δὲ</span> <span class='ocrx_word' id='word_1_789' title='bbox 2822 4576 3156 4652; x_wconf 72' lang='grc' dir='ltr'>προφῆτας,</span> <span class='ocrx_word' id='word_1_790' title='bbox 3187 4581 3333 4651; x_wconf 79' lang='grc' dir='ltr'>τοὺς</span> <span class='ocrx_word' id='word_1_791' title='bbox 3354 4581 3425 4636; x_wconf 79' lang='grc' dir='ltr'>δὲ</span> <span class='ocrx_word' id='word_1_792' title='bbox 3449 4584 3694 4654; x_wconf 54' lang='lat' dir='ltr'><strong>suane.-</strong></span> 
     </span>
    </p>
   </div>
   <div class='ocr_carea' id='block_1_106' title="bbox 2106 4671 3694 4744">
    <p class='ocr_par' dir='ltr' id='par_1_106' title="bbox 2106 4671 3694 4744">
     <span class='ocr_line' id='line_1_106' title="bbox 2106 4671 3694 4744; baseline -0.004 -11"><span class='ocrx_word' id='word_1_793' title='bbox 2106 4676 2344 4742; x_wconf 84' lang='grc' dir='ltr'>λιστὰς,</span> <span class='ocrx_word' id='word_1_794' title='bbox 2377 4674 2522 4742; x_wconf 86' lang='grc' dir='ltr'>τοὺς</span> <span class='ocrx_word' id='word_1_795' title='bbox 2543 4673 2610 4728; x_wconf 79' lang='grc' dir='ltr'>δὲ</span> <span class='ocrx_word' id='word_1_796' title='bbox 2639 4673 2930 4744; x_wconf 81' lang='grc' dir='ltr'>ποιμένας</span> <span class='ocrx_word' id='word_1_797' title='bbox 2957 4673 3058 4728; x_wconf 75' lang='grc' dir='ltr'>καὶ</span> <span class='ocrx_word' id='word_1_798' title='bbox 3078 4671 3510 4742; x_wconf 76' lang='grc' dir='ltr'>διδασκάλους,</span> <span class='ocrx_word' id='word_1_799' title='bbox 3545 4677 3694 4744; x_wconf 72' lang='grc' dir='ltr'>πρὸς</span> 
     </span>
    </p>
   </div>
   <div class='ocr_carea' id='block_1_107' title="bbox 2105 4763 3690 4838">
    <p class='ocr_par' dir='ltr' id='par_1_107' title="bbox 2105 4763 3690 4838">
     <span class='ocr_line' id='line_1_107' title="bbox 2105 4763 3690 4838; baseline -0.004 -13"><span class='ocrx_word' id='word_1_800' title='bbox 2105 4771 2214 4825; x_wconf 83' lang='grc' dir='ltr'>τὸν</span> <span class='ocrx_word' id='word_1_801' title='bbox 2239 4766 2648 4838; x_wconf 75' lang='grc' dir='ltr'>καταρτισμὸν</span> <span class='ocrx_word' id='word_1_802' title='bbox 2691 4763 2812 4820; x_wconf 84' lang='grc' dir='ltr'><strong>τῶν</strong></span> <span class='ocrx_word' id='word_1_803' title='bbox 2833 4766 3024 4836; x_wconf 77' lang='grc' dir='ltr'>ἁγίων</span> <span class='ocrx_word' id='word_1_804' title='bbox 3051 4768 3140 4832; x_wconf 81' lang='grc' dir='ltr'><strong>είς</strong></span> <span class='ocrx_word' id='word_1_805' title='bbox 3159 4763 3339 4836; x_wconf 74' lang='grc' dir='ltr'>ἔργον</span> <span class='ocrx_word' id='word_1_806' title='bbox 3359 4765 3690 4832; x_wconf 82' lang='grc' dir='ltr'>διακονίας,</span> 
     </span>
    </p>
   </div>
   <div class='ocr_carea' id='block_1_108' title="bbox 2104 4855 3692 4928">
    <p class='ocr_par' dir='ltr' id='par_1_108' title="bbox 2104 4855 3692 4928">
     <span class='ocr_line' id='line_1_108' title="bbox 2104 4855 3692 4928; baseline -0.003 -14"><span class='ocrx_word' id='word_1_807' title='bbox 2104 4863 2192 4928; x_wconf 81' lang='grc' dir='ltr'><strong>εις</strong></span> <span class='ocrx_word' id='word_1_808' title='bbox 2221 4857 2550 4928; x_wconf 76' lang='grc' dir='ltr'>οίκοδομὴν</span> <span class='ocrx_word' id='word_1_809' title='bbox 2587 4856 2698 4912; x_wconf 86' lang='grc' dir='ltr'><strong>τοῦ</strong></span> <span class='ocrx_word' id='word_1_810' title='bbox 2727 4855 3004 4925; x_wconf 82' lang='grc' dir='ltr'>σώματος</span> <span class='ocrx_word' id='word_1_811' title='bbox 3027 4856 3140 4912; x_wconf 87' lang='grc' dir='ltr'><strong>τοῦ</strong></span> <span class='ocrx_word' id='word_1_812' title='bbox 3164 4856 3426 4926; x_wconf 81' lang='grc' dir='ltr'>Χριστοῦ</span> <span class='ocrx_word' id='word_1_813' title='bbox 3445 4899 3462 4923; x_wconf 93' lang='grc'><strong>,</strong></span> <span class='ocrx_word' id='word_1_814' title='bbox 3515 4856 3692 4926; x_wconf 80' lang='grc' dir='ltr'>μέχρι</span> 
     </span>
    </p>
   </div>
   <div class='ocr_carea' id='block_1_109' title="bbox 2103 4947 3690 5020">
    <p class='ocr_par' dir='ltr' id='par_1_109' title="bbox 2103 4947 3690 5020">
     <span class='ocr_line' id='line_1_109' title="bbox 2103 4947 3690 5020; baseline -0.003 -13"><span class='ocrx_word' id='word_1_815' title='bbox 2103 4949 2571 5020; x_wconf 81' lang='grc' dir='ltr'>καταντήσομεν</span> <span class='ocrx_word' id='word_1_816' title='bbox 2597 4951 2651 5004; x_wconf 84' lang='grc' dir='ltr'>οι</span> <span class='ocrx_word' id='word_1_817' title='bbox 2679 4947 2904 5014; x_wconf 78' lang='grc' dir='ltr'>πάντες</span> <span class='ocrx_word' id='word_1_818' title='bbox 2929 4951 3018 5015; x_wconf 82' lang='grc' dir='ltr'><strong>είς</strong></span> <span class='ocrx_word' id='word_1_819' title='bbox 3041 4949 3156 5018; x_wconf 79' lang='grc' dir='ltr'><strong>τὴν</strong></span> <span class='ocrx_word' id='word_1_820' title='bbox 3175 4948 3432 5018; x_wconf 77' lang='grc' dir='ltr'>ἑνότητα</span> <span class='ocrx_word' id='word_1_821' title='bbox 3455 4947 3572 5017; x_wconf 80' lang='grc' dir='ltr'>τῆς</span> <span class='ocrx_word' id='word_1_822' title='bbox 3595 4948 3690 5002; x_wconf 87' lang='grc' dir='ltr'>πί-</span> 
     </span>
    </p>
   </div>
   <div class='ocr_carea' id='block_1_110' title="bbox 2104 5038 3686 5110">
    <p class='ocr_par' dir='ltr' id='par_1_110' title="bbox 2104 5038 3686 5110">
     <span class='ocr_line' id='line_1_110' title="bbox 2104 5038 3686 5110; baseline -0.003 -11"><span class='ocrx_word' id='word_1_823' title='bbox 2104 5059 2296 5110; x_wconf 81' lang='grc' dir='ltr'>στεως</span> <span class='ocrx_word' id='word_1_824' title='bbox 2341 5045 2440 5096; x_wconf 74' lang='grc' dir='ltr'>καὶ</span> <span class='ocrx_word' id='word_1_825' title='bbox 2489 5040 2600 5110; x_wconf 80' lang='grc' dir='ltr'>τῆς</span> <span class='ocrx_word' id='word_1_826' title='bbox 2639 5039 3017 5110; x_wconf 82' lang='grc' dir='ltr'>ἐπιγνώσεως</span> <span class='ocrx_word' id='word_1_827' title='bbox 3064 5041 3170 5096; x_wconf 84' lang='grc' dir='ltr'><strong>τοῦ</strong></span> <span class='ocrx_word' id='word_1_828' title='bbox 3208 5041 3346 5096; x_wconf 82' lang='grc' dir='ltr'>Υίοῦ</span> <span class='ocrx_word' id='word_1_829' title='bbox 3387 5041 3498 5096; x_wconf 89' lang='grc' dir='ltr'><strong>τοῦ</strong></span> <span class='ocrx_word' id='word_1_830' title='bbox 3523 5038 3686 5102; x_wconf 81' lang='grc' dir='ltr'>Θεοῦ,</span> 
     </span>
    </p>
   </div>
   <div class='ocr_carea' id='block_1_111' title="bbox 2107 5127 3691 5202">
    <p class='ocr_par' dir='ltr' id='par_1_111' title="bbox 2107 5127 3691 5202">
     <span class='ocr_line' id='line_1_111' title="bbox 2107 5127 3691 5202; baseline -0.008 -12"><span class='ocrx_word' id='word_1_831' title='bbox 2107 5136 2198 5202; x_wconf 79' lang='grc' dir='ltr'><strong>εις</strong></span> <span class='ocrx_word' id='word_1_832' title='bbox 2221 5132 2412 5202; x_wconf 80' lang='grc' dir='ltr'>ἄνδρα</span> <span class='ocrx_word' id='word_1_833' title='bbox 2436 5131 2692 5196; x_wconf 81' lang='grc' dir='ltr'>τέλειον,</span> <span class='ocrx_word' id='word_1_834' title='bbox 2717 5133 2804 5198; x_wconf 84' lang='grc' dir='ltr'><strong>είς</strong></span> <span class='ocrx_word' id='word_1_835' title='bbox 2823 5130 3044 5202; x_wconf 83' lang='grc' dir='ltr'>μέτρον</span> <span class='ocrx_word' id='word_1_836' title='bbox 3066 5131 3309 5200; x_wconf 73' lang='grc' dir='ltr'>ἡλικίας</span> <span class='ocrx_word' id='word_1_837' title='bbox 3330 5131 3441 5186; x_wconf 85' lang='grc' dir='ltr'><strong>τοῦ</strong></span> <span class='ocrx_word' id='word_1_838' title='bbox 3463 5127 3691 5200; x_wconf 52' lang='lat' dir='ltr'><strong>summa.</strong></span> 
     </span>
    </p>
   </div>
   <div class='ocr_carea' id='block_1_112' title="bbox 2099 5219 3692 5298">
    <p class='ocr_par' dir='ltr' id='par_1_112' title="bbox 2099 5219 3692 5298">
     <span class='ocr_line' id='line_1_112' title="bbox 2099 5219 3692 5298; baseline -0.004 -16"><span class='ocrx_word' id='word_1_839' title='bbox 2099 5243 2290 5298; x_wconf 80' lang='grc' dir='ltr'>ματος</span> <span class='ocrx_word' id='word_1_840' title='bbox 2342 5223 2450 5280; x_wconf 89' lang='grc' dir='ltr'><strong>τοῦ</strong></span> <span class='ocrx_word' id='word_1_841' title='bbox 2501 5222 2764 5292; x_wconf 87' lang='grc' dir='ltr'>Χριστοῦ</span> <span class='ocrx_word' id='word_1_842' title='bbox 2785 5265 2803 5290; x_wconf 88' lang='grc'><strong>,</strong></span> <span class='ocrx_word' id='word_1_843' title='bbox 2864 5224 2968 5278; x_wconf 77' lang='grc' dir='ltr'>ἵνα</span> <span class='ocrx_word' id='word_1_844' title='bbox 3012 5223 3232 5294; x_wconf 75' lang='grc' dir='ltr'>μηκέτι</span> <span class='ocrx_word' id='word_1_845' title='bbox 3280 5219 3442 5294; x_wconf 82' lang='grc' dir='ltr'>ὦμεν</span> <span class='ocrx_word' id='word_1_846' title='bbox 3487 5223 3692 5292; x_wconf 74' lang='grc' dir='ltr'>νήπιοι</span> 
     </span>
    </p>
   </div>
   <div class='ocr_carea' id='block_1_113' title="bbox 2104 5314 3692 5389">
    <p class='ocr_par' dir='ltr' id='par_1_113' title="bbox 2104 5314 3692 5389">
     <span class='ocr_line' id='line_1_113' title="bbox 2104 5314 3692 5389; baseline -0.001 -15"><span class='ocrx_word' id='word_1_847' title='bbox 2104 5314 2606 5386; x_wconf 72' lang='grc' dir='ltr'>κλυδωνιζόμενοι</span> <span class='ocrx_word' id='word_1_848' title='bbox 2619 5317 2665 5348; x_wconf 84' lang='grc'><strong>⁸³</strong></span> <span class='ocrx_word' id='word_1_849' title='bbox 2693 5315 2794 5370; x_wconf 76' lang='grc' dir='ltr'>καὶ</span> <span class='ocrx_word' id='word_1_850' title='bbox 2817 5320 3269 5388; x_wconf 74' lang='grc' dir='ltr'>περιφερόμενοι</span> <span class='ocrx_word' id='word_1_851' title='bbox 3292 5319 3476 5374; x_wconf 82' lang='grc' dir='ltr'>παντί</span> <span class='ocrx_word' id='word_1_852' title='bbox 3496 5319 3692 5389; x_wconf 80' lang='grc' dir='ltr'>ἀνέμῳ</span> 
     </span>
    </p>
   </div>
   <div class='ocr_carea' id='block_1_114' title="bbox 2103 5407 3686 5484">
    <p class='ocr_par' dir='ltr' id='par_1_114' title="bbox 2103 5407 3686 5484">
     <span class='ocr_line' id='line_1_114' title="bbox 2103 5407 3686 5484; baseline 0.001 -20"><span class='ocrx_word' id='word_1_853' title='bbox 2103 5409 2217 5479; x_wconf 79' lang='grc' dir='ltr'>τῆς</span> <span class='ocrx_word' id='word_1_854' title='bbox 2247 5407 2646 5474; x_wconf 81' lang='grc' dir='ltr'>διδασκαλίας</span> <span class='ocrx_word' id='word_1_855' title='bbox 2666 5447 2687 5474; x_wconf 89' lang='grc'><strong>,</strong></span> <span class='ocrx_word' id='word_1_856' title='bbox 2737 5408 2807 5464; x_wconf 85' lang='grc' dir='ltr'>ἑν</span> <span class='ocrx_word' id='word_1_857' title='bbox 2844 5408 2920 5480; x_wconf 75' lang='grc' dir='ltr'>τῇ</span> <span class='ocrx_word' id='word_1_858' title='bbox 2959 5411 3166 5481; x_wconf 77' lang='grc' dir='ltr'>κυϐείᾳ</span> <span class='ocrx_word' id='word_1_859' title='bbox 3197 5410 3315 5468; x_wconf 84' lang='grc' dir='ltr'>τῶν</span> <span class='ocrx_word' id='word_1_860' title='bbox 3343 5411 3686 5484; x_wconf 75' lang='grc' dir='ltr'>ἀνθρώπων,</span> 
     </span>
    </p>
   </div>
   <div class='ocr_carea' id='block_1_115' title="bbox 1681 5674 2475 5746">
    <p class='ocr_par' dir='ltr' id='par_1_115' title="bbox 1681 5674 2475 5746">
     <span class='ocr_line' id='line_1_115' title="bbox 1681 5674 2475 5746; baseline 0.003 -4"><span class='ocrx_word' id='word_1_861' title='bbox 1681 5674 1690 5680; x_wconf 65' lang='grc'><em>’</em></span> <span class='ocrx_word' id='word_1_862' title='bbox 1792 5684 2027 5743; x_wconf 75' lang='lat' dir='ltr'><strong>VABUE</strong></span> <span class='ocrx_word' id='word_1_863' title='bbox 2066 5684 2475 5746; x_wconf 82' lang='lat' dir='ltr'><strong>LECTIONES.</strong></span> 
     </span>
    </p>
   </div>
   <div class='ocr_carea' id='block_1_116' title="bbox 495 5792 1635 5866">
    <p class='ocr_par' dir='ltr' id='par_1_116' title="bbox 495 5792 1635 5866">
     <span class='ocr_line' id='line_1_116' title="bbox 495 5792 1635 5866; baseline 0.008 -22"><span class='ocrx_word' id='word_1_864' title='bbox 495 5793 545 5826; x_wconf 68' lang='grc' dir='ltr'><strong><em>π</em></strong></span> <span class='ocrx_word' id='word_1_865' title='bbox 578 5792 779 5856; x_wconf 77' lang='grc' dir='ltr'>παντὸς</span> <span class='ocrx_word' id='word_1_866' title='bbox 835 5795 935 5864; x_wconf 77' lang='grc' dir='ltr'>τῆς</span> <span class='ocrx_word' id='word_1_867' title='bbox 1005 5794 1328 5866; x_wconf 84' lang='grc' dir='ltr'>Ἐκκλησίας</span> <span class='ocrx_word' id='word_1_868' title='bbox 1369 5798 1460 5853; x_wconf 85' lang='lat' dir='ltr'><strong>ed.</strong></span> <span class='ocrx_word' id='word_1_869' title='bbox 1515 5797 1635 5854; x_wconf 85' lang='lat' dir='ltr'><strong>Gal.</strong></span> 
     </span>
    </p>
   </div>
   <div class='ocr_carea' id='block_1_117' title="bbox 1729 5803 2526 5874">
    <p class='ocr_par' dir='ltr' id='par_1_117' title="bbox 1729 5803 2526 5874">
     <span class='ocr_line' id='line_1_117' title="bbox 1729 5803 2526 5874; baseline 0.003 -18"><span class='ocrx_word' id='word_1_870' title='bbox 1729 5803 1774 5834; x_wconf 82' lang='grc'>³³</span> <span class='ocrx_word' id='word_1_871' title='bbox 1818 5803 2255 5874; x_wconf 80' lang='grc' dir='ltr'>κλυδανιζόμενοι</span> <span class='ocrx_word' id='word_1_872' title='bbox 2294 5804 2384 5860; x_wconf 89' lang='lat' dir='ltr'><strong>ed.</strong></span> <span class='ocrx_word' id='word_1_873' title='bbox 2409 5804 2526 5861; x_wconf 86' lang='lat' dir='ltr'><strong>Gal.</strong></span> 
     </span>
    </p>
   </div>
  </div>
