3998 6408
524 391 659 459 1099

1700 390 1759 451 S.
1798 389 2083 453 MAXIMI
2120 385 2634 453 CONFESSORIS

3626 402 3736 477 tuo

515 519 639 559 esse
692 501 1001 557 membrum
1053 509 1108 556 et
1153 475 1368 572 partem
1434 502 1491 557 in
1550 502 1770 559 talibus.
1835 501 1894 558 Si
1947 501 2091 555 enim

2200 499 2301 574 τὴν
2326 502 2535 575 φωνὴν,
2562 503 2837 576 μηδεμίαν
2857 504 3038 580 ἐαυτῷ
3064 476 3572 586 κυϐείανλογισμῶν
3590 475 3738 591 παρα.

516 595 700 666 portio
750 595 1005 665 corporis
1049 592 1305 650 subsistit
1338 594 1672 661 membrum,
1704 595 1888 665 portio
1912 604 2099 649 autem

516 688 568 741 id
608 689 786 757 ipsum
818 695 905 742 est
953 696 1008 741 et
1040 704 1186 757 pars,
1222 687 1275 742 id
1322 687 1504 758 ipsum
1547 688 1734 758 itaque
1786 686 2097 743 membrum

512 790 565 834 et
601 796 729 850 pars
766 789 871 835 est.
925 780 981 835 Si
1018 787 1206 834 autem
1251 779 1306 835 id
1354 780 1533 850 ipsum
1566 779 1880 835 membrum
1923 786 2008 834 est
2042 788 2099 834 et

513 888 660 941 pars,
709 871 1087 927 membrorum
1133 887 1268 927 vero
1312 871 1616 927 cumulatio
1663 878 1721 927 et
1765 869 2097 941 compositio

513 980 719 1034 corpus
758 964 889 1019 facit
925 963 1267 1036 organicum,
1309 977 1514 1033 corpus
1555 969 1742 1018 autem
1770 961 2096 1034 organicum

512 1060 713 1113 animm
766 1058 981 1112 unitum
1029 1056 1395 1112 intellectuali
1448 1055 1731 1112 hominem
1784 1053 2095 1126 perfectum

510 1151 778 1215 ostendit,
816 1150 984 1221 igitur
1020 1156 1233 1220 partem
1264 1148 1509 1204 hominis
1535 1149 1632 1220 qui
1662 1148 1800 1204 dicit
1829 1162 1951 1204 esse
1976 1147 2096 1203 ani-

510 1257 657 1296 mam
687 1258 787 1296 seu
813 1257 1017 1313 corpus
1037 1257 1133 1297 seu
1159 1241 1471 1297 membrum
1496 1240 1639 1313 ejus,
1663 1257 1695 1297 a
1715 1241 1950 1297 veritate
1980 1255 2093 1295 non

507 1332 811 1388 abcrrabit.
860 1332 917 1388 Si
958 1342 1141 1388 autem
1204 1333 1602 1389 intellectualis
1640 1332 1857 1399 animm,
1899 1339 2091 1402 utpote

506 1421 770 1488 hominis,
795 1422 1051 1478 subsistit
1081 1437 1285 1490 corpus
1306 1437 1600 1494 organum,
1621 1437 1722 1493 per
1750 1430 1927 1478 totum
1956 1436 2093 1476 vero

505 1528 713 1583 corpus
755 1521 868 1568 tota
906 1515 1154 1584 .implens
1204 1513 1390 1568 anima
1436 1513 1625 1569 vivere
1675 1512 1727 1568 ci
1777 1521 1835 1568 et
1879 1510 2091 1567 moveri

505 1606 618 1670 dat,
668 1613 731 1660 ut
770 1606 967 1675 simpla
1003 1621 1103 1677 per
1142 1614 1397 1660 naturam
1437 1615 1495 1661 et
1539 1605 1926 1675 incorporalis,
1977 1619 2091 1660 non

504 1695 903 1765 condispertita
956 1706 1053 1751 aut
1080 1695 1345 1750 conclusa
1376 1695 1432 1749 in
1468 1702 1557 1759 eo,
1589 1694 1686 1749 sed
1728 1692 1832 1748 toti
1876 1701 1932 1748 et
1963 1693 2090 1747 uni-

503 1789 704 1857 t-uique
743 1786 1121 1841 membrorum
1155 1788 1277 1857 ejus
1311 1788 1393 1842 sic
1423 1787 1717 1842 consuevit
1760 1801 1882 1841 eam
1913 1784 2089 1842 susci-

504 1895 637 1952 pere
662 1882 820 1951 juxta
868 1878 1197 1934 naturaliter
1246 1878 1555 1951 subjectam
1603 1878 1711 1934 sibi
1748 1878 2089 1948 acceptivam
2124 1859 2164 1914 Β

501 1969 845 2039 operationis
874 1969 1074 2024 anima:
1096 1970 1391 2035 virtutem,
1414 1978 1533 2026 tota
1560 1985 1806 2040 praesens
1820 1969 2088 2026 ditferen-

502 2073 590 2117 ter
631 2077 752 2117 eam
807 2063 1135 2132 accipientia
1172 2063 1421 2118 membra
1476 2061 1978 2133 preportionaliter
2020 2062 2089 2118 ad

504 2154 953 2211 observationem
987 2170 1159 2209 unum
1204 2154 1322 2210 ﬁeri
1351 2169 1558 2225 corpus
1586 2154 1877 2226 adjungit;
1912 2155 2091 2211 intro-

504 2250 735 2303 ductum
760 2255 845 2302 est
868 2247 923 2301 in
946 2262 1205 2318 magnum
1248 2254 1306 2302 et
1329 2246 1612 2303 ineﬂabile
1643 2245 2089 2303 Christianorum

508 2342 680 2395 beatae
705 2340 824 2411 spei
857 2340 1204 2412 mysterium,
1241 2346 1299 2394 et
1329 2339 1515 2409 parvis
1548 2348 1606 2395 et
1629 2335 1936 2395 secundlm
1961 2354 2088 2405 nos,

506 2445 731 2501 magnas
774 2438 831 2484 et
873 2445 1041 2500 supra
1081 2444 1184 2484 nos
1232 2444 1345 2483 non
1381 2429 1592 2485 alienas
1621 2429 1901 2499 accipiens
1931 2429 2089 2484 simi-

505 2524 789 2589 litudines,
841 2523 938 2594 qui
972 2523 1217 2594 quietam
1266 2530 1324 2577 et
1357 2522 1500 2578 bene
1531 2522 1752 2579 facilem
1784 2521 2091 2579 dotalibus

502 2616 687 2668 adhuc
750 2613 1172 2684 intelligentiam
1226 2614 1456 2669 creavit.
1502 2614 1590 2684 :Ac
1633 2615 1702 2671 de
1762 2616 1892 2682 hoc,
1939 2615 2088 2687 quod

502 2707 701 2761 anima:
724 2716 853 2761 ante
877 2720 1113 2776 corpora
1146 2705 1481 2773 subsistant;
1500 2706 1938 2769 irrationabilem
1965 2708 2088 2779 opi-

504 2800 729 2853 nionem
773 2798 1118 2869 relinquens,
1165 2794 1457 2855 nobiscum
1494 2799 1688 2856 credat
1731 2801 1970 2859 Domino
2007 2801 2091 2857 di-

503 2891 651 2946 t-enti
686 2891 754 2945 de
806 2891 894 2946 his
942 2892 1038 2961 qui
1088 2891 1144 2945 in
1179 2882 1643 2949 resurrectionem
1680 2906 1931 2967 surgent,
1976 2911 2089 2951 non

504 2999 666 3053 posse
699 2983 841 3038 mori
881 2992 1107 3054 propter
1152 2983 1327 3054 ipsius
1353 2984 1620 3042 videlicet
1647 2987 2089 3059 purgatissimam

500 3079 626 3148 jure
669 3077 957 3132 novissimi
1006 3076 1120 3131 dati
1162 3076 1666 3134 manifestationem
1693 3089 1751 3134 et
1786 3080 2089 3152 participa-

2204 592 2434 663 γεννῶν,
2455 593 2612 660 εἰδὼς
2631 596 2831 650 ταύτόν
2848 591 2989 653 εἶναι
3012 599 3090 670 τῷ
3108 601 3259 671 μέλει
3279 602 3378 674 τὴν
3391 606 3575 677 μοῖραν
3587 610 3739 676 ἐντοῖς

2201 687 2487 751 τοιούτοις.
2522 687 2585 742 Ei
2605 689 2713 760 γὰρ
2746 690 2913 762 μέρος
2935 692 3031 747 τοῦ
3056 694 3309 766 σώματος
3336 680 3562 768 ὑπάρχει
3586 699 3641 752 τὸ
3663 702 3739 772 μέ-

2200 777 2327 842 λος,
2379 778 2444 832 τὸ
2468 779 2525 833 δὲ
2561 779 2723 851 μέλος
2754 783 2951 837 ταύτόν
2974 786 3092 839 ἐστι
3122 788 3190 859 τῇ
3216 788 3411 859 μοίρᾳ,
3444 789 3628 846 ταύτὸν
3651 793 3739 864 ἄρα

2198 871 2260 924 τὸ
2288 870 2451 942 μέλος
2474 875 2543 946 τῇ
2574 873 2741 946 μοίρᾳ
2768 873 2942 930 ἔσται.
2976 877 3036 930 Εί
3060 876 3120 932 δὲ
3143 879 3340 935 ταύτὸν
3362 880 3440 951 τῷ
3461 879 3603 951 μέλει
3621 883 3743 940 ἐστὶν

2198 964 2233 1035 ἡ
2268 966 2470 1035 μοῖρα,
2536 963 2718 1035 μελῶν
2761 964 2820 1019 δὲ
2863 967 3168 1040 ἀθροισμδς
3199 972 3298 1025 καὶ
3324 970 3568 1037 σύνθεσις
3609 974 3746 1047 σῶμα

2198 1056 2345 1109 ποιεῖ
2379 1054 2564 1126 (132
2584 1056 2636 1128 b)
2668 1056 2993 1129 ὀργανικὸν,
3055 1059 3215 1133 σῶμα
3235 1060 3296 1116 δὶ
3319 1062 3599 1132 ὀργανικὸν
3624 1065 3746 1139 ψυχῇ

2198 1143 2402 1198 ένωθὲν
2429 1147 2595 1217 νοερᾷ
2617 1146 2907 1218 ἄνθρωπον
2930 1148 3140 1204 τέλειον
3156 1150 3451 1219 δείκνυσιν,
3481 1153 3586 1227 ἄρα
3610 1155 3748 1228 μέρος

2196 1234 2491 1307 ἀνθρώπου
2519 1237 2550 1290 ὁ
2569 1235 2747 1306 λέγων
2777 1233 2917 1291 εἶναι
2947 1238 3049 1311 τὴν
3072 1239 3253 1312 ψυχὴν
3292 1241 3325 1313 ἢ
3353 1241 3414 1296 τὸ
3437 1243 3645 1315 σῶμαῆ
3671 1246 3750 1314 μέ.

2194 1325 2287 1389 λος
2313 1327 2480 1380 αὑτοῦ
2522 1327 2624 1399 τῆς
2651 1327 2912 1398 ἀληθείας
2936 1330 3035 1401 οὐχ
3059 1332 3461 1404 ἁμαρτήσεται.
3505 1333 3565 1388 Ei
3589 1334 3642 1388 δὲ
3667 1335 3750 1408 τῆς

2192 1420 2386 1491 νοερᾶς
2406 1419 2588 1490 ψυχῆς
2608 1419 2685 1484 ὡς
2704 1419 2995 1491 ἀνθρώπου
3018 1421 3256 1494 ὑπάρχει
3272 1423 3335 1477 τὸ
3351 1424 3511 1495 σῶμα
3528 1424 3748 1496 ὄργανον,

2190 1513 2258 1567 δι’
2279 1511 2403 1568 ὅλου
2426 1512 2485 1567 δὲ
2526 1512 2620 1567 τοῦ
2650 1510 2904 1584 σώματος
2932 1513 3030 1585 ὅλη
3055 1514 3314 1586 χωροῦσα
3359 1517 3394 1587 ή
3417 1515 3561 1589 ψυχὴ
3587 1516 3643 1571 τὸ
3667 1515 3752 1585 ζῇν

2191 1604 2344 1677 αὐτῷ
2374 1605 2470 1660 καὶ
2494 1604 2766 1660 κινεῖσθαι
2792 1605 3009 1661 δίδωσιν
3030 1645 3045 1669 ,
3079 1606 3156 1671 ὡς
3182 1606 3330 1679 ἁπλῆ
3355 1608 3457 1679 τὴν
3482 1608 3752 1676 φύσινκαὶ

2190 1694 2485 1766 ἀσώματος
2504 1737 2521 1760 ,
2570 1694 2646 1766 μὴ
2681 1694 3182 1766 συνδιατεμνομένη
3218 1695 3253 1767 ἢ
3278 1695 3752 1766 συναποκλειομένη

2191 1786 2363 1858 αὐτῷ,
2391 1787 2510 1842 ἀλλ’
2529 1786 2639 1858 ὅλῳ
2666 1786 2761 1841 καὶ
2787 1785 3006 1857 ἑκάστῳ
3034 1785 3144 1840 τῶν
3167 1786 3335 1841 αὐτοῦ
3360 1785 3559 1858 μελῶν,
3587 1785 3656 1850 ὡς
3674 1785 3753 1840 πέρ

2197 1896 2371 1951 φυκεν
2386 1879 2559 1951 αὐτὴν
2574 1878 2934 1951 ὑποδέχεσθαι
2948 1878 3093 1933 κατὰ
3106 1877 3207 1951 τὴν
3223 1877 3476 1950 φυσικῶς
3491 1878 3754 1948 ὑποκειμέ-

2196 1986 2294 2045 νην
2324 1970 2477 2042 αὐτῷ
2500 1969 2758 2043 δεκτικὴν
2778 1970 2882 2041 τῆς
2903 1970 2988 2024 ὲνε
2997 1969 3187 2042 ργείας
3210 1970 3385 2041 αὐτῆς
3409 1969 3651 2040 δύναμιν,
3672 1968 3751 2041 ὅλη

2198 2065 2452 2138 παροῦσα
2479 2064 2548 2120 τὰ
2578 2064 2851 2136 διαφόρως
2876 2063 3050 2136 αὐτῆς
3075 2063 3307 2118 δεκτικὰ
3337 2062 3477 2134 μέλη
3508 2060 3754 2130 ἀναλόγως

2197 2159 2337 2230 πρὸς
2365 2158 2466 2231 τὴν
2495 2155 2591 2212 τοῦ
2625 2157 2684 2212 ἓν
2711 2152 2852 2211 εἶναι
2885 2155 3047 2226 σῶμα
3083 2157 3420 2227 συντήρησιν
3441 2153 3749 2225 έπισφίγγει,

2195 2251 2358 2321 ὁδηγε
2367 2249 2502 2304 ίσθω
2515 2249 2610 2303 int
2621 2248 2682 2302 τδ
2696 2248 2838 2319 μέγα
2851 2248 2946 2301 καὶ
2956 2246 3306 2319 ἄῤῥητοντῆς
3318 2245 3431 2300 τῶν
3441 2242 3754 2317 Χριστιανῶν

2200 2340 2484 2413 μακαρίας
2534 2339 2756 2402 ἐλπίδος
2812 2337 3141 2409 μυστήριον,
3174 2339 3240 2392 εκ
3281 2337 3396 2392 τῶν
3433 2335 3640 2408 μικρῶν
3676 2332 3755 2389 καὶ

2196 2432 2323 2487 καθ’
2344 2432 2497 2503 ἡμᾶς
2540 2432 2652 2485 τῶν
2687 2429 2943 2502 μεγάλων
2973 2430 3068 2485 καὶ
3106 2430 3250 2502 ὑπὲρ
3276 2430 3433 2502 ἡμᾶς
3450 2429 3552 2483 οὐκ
3576 2426 3752 2498 ἀγεννῆ

2195 2520 2379 2577 λαϐὼν
2415 2520 2485 2574 τὰ
2517 2521 2850 2591 είκάσματα,
2874 2521 3029 2584 ὅστις
3058 2519 3252 2590 ἀπαγῆ
3283 2521 3384 2575 κοιλ¹
3414 2518 3752 2590 εὐκράδαντον

2197 2615 2327 2687 περὶ
2350 2612 2558 2667 τούτων
2584 2613 2666 2667 ἔτι
2687 2611 2789 2685 τὴν
2809 2613 3053 2669 διάνοιαν
3072 2614 3367 2684 κέκτηται.
3399 2612 3510 2667 Καὶ
3537 2610 3631 2682 τὴν
3649 2609 3751 2680 περὶ

2193 2706 2293 2761 τοῦ
2320 2707 2701 2777 προϋπάρχειν
2738 2704 2847 2760 τῶν
2872 2706 3146 2777 σωμάτων
3174 2705 3274 2769 τὰς
3290 2703 3481 2777 ψυχὰς
3503 2704 3602 2758 οὐκ
3621 2700 3751 2757 εὔλο-

2197 2816 2294 2868 γον
2327 2797 2487 2864 δόξαν
2529 2796 2691 2866 ἀφεὶς
2722 2796 2842 2869 μεθ’
2872 2796 3030 2868 ἡμῶν
3058 2796 3346 2851 πιστεύσει
3384 2795 3466 2868 τῷ
3492 2794 3659 2867 κυρίῳ
3682 2793 3751 2846 λέο

2196 2907 2349 2960 γοντι
2378 2888 2510 2962 περὶ
2544 2888 2656 2943 τῶν
2689 2889 2770 2953 είς
2807 2888 2906 2960 τὴν
2944 2888 3244 2944 ἀνάστασιν
3291 2880 3655 2960 ἐγειρομένων
3690 2884 3751 2957 μὴ

2197 2981 2460 3038 δύνασθαι
2489 2963 2888 3051 ἀποθνήσκειν,
2924 2980 3016 3035 διὰ
3040 2980 3142 3053 τὴν
3179 2980 3350 3035 αὐτοῦ
3378 2981 3584 3053 δηλαδὴ
3607 2977 3752 3035 καθαο

2200 3073 2447 3147 ρωτέραν
2484 3071 2714 3143 ἐσχάτου
2744 3071 2791 3106 ⁸⁸
2821 3072 3054 3145 όρεκτοῦ
3098 3072 3418 3146 φανέρωσίν
3448 3089 3511 3127 τε
3538 3073 3626 3129 καὶ
3650 3087 3753 3142 μετ-

505 3169 736 3224 tionem.
773 3168 844 3223 Et
872 3167 1070 3222 iterum
1103 3185 1117 3222 :
1150 3166 1331 3223 Omnis
1353 3170 1443 3240 qui
1475 3172 1599 3225 vivit
1630 3180 1681 3225 et
1712 3173 1879 3227 credit
1905 3174 1961 3227 in
1986 3190 2089 3240 me,

2199 3168 2409 3221 ουσίαν.
2432 3164 2544 3219 Καὶ
2563 3164 2745 3228 πάλιν,
2764 3162 2892 3231 Πᾶς
2919 3168 2952 3220 ό
2974 3163 3089 3228 ζῶν
3107 3164 3204 3220 καί
3218 3167 3532 3222 πιστεύων
3542 3166 3626 3232 είς
3646 3161 3752 3233 ἐμὲ,

504 3275 614 3313 non
662 3260 917 3313 morietur
953 3259 1010 3312 in
1051 3268 1309 3313 wternum
1337 3271 1384 3314 ⁸.
1417 3259 1574 3327 Quod
1617 3262 1843 3332 quidem
1882 3263 1927 3319 si
1962 3273 2092 3322 ante

508 3352 667 3405 tieret
704 3349 1025 3420 aliquando,
1060 3349 1404 3420 impossibile
1452 3359 1621 3419 esset,
1660 3362 1721 3408 ut
1746 3364 1872 3410 ante
1900 3353 2092 3411 datum

505 3453 612 3508 est,
671 3458 770 3513 per
809 3443 1229 3499 conversionem
1293 3444 1592 3515 quamdam
1648 3447 2093 3519 qualemcunque

508 3535 758 3606 recipere
787 3544 1046 3591 mortem.
1093 3536 1163 3590 Et
1193 3546 1348 3591 extra
1383 3537 1667 3594 naturales
1700 3554 1811 3594 non
1843 3539 2095 3611 egredia-

510 3636 602 3679 tur
657 3625 924 3690 rationes,
978 3641 1077 3695 per
1109 3625 1433 3693 vanitatem,
1480 3643 1595 3684 non
1626 3630 1985 3687 exsistean
2025 3632 2093 3688 de

506 3719 688 3772 anima
742 3717 1063 3786 opinionem
1129 3717 1401 3774 divinitus
1455 3719 1757 3778 admirans.
1821 3722 1877 3778 Si
1942 3725 2089 3779 enim

508 3809 753 3864 hominis
804 3819 1013 3880 partes,
1053 3810 1200 3865 sicut
1258 3812 1387 3867 ante
1433 3811 1711 3868 redditum
1756 3822 1862 3881 est,
1889 3830 2093 3887 corpus

506 3913 562 3957 et
610 3903 794 3957 anima
832 3902 1270 3967 constituuntur,
1320 3911 1508 3972 partes
1547 3912 1731 3960 autem
1779 3908 2094 3963 necessario

507 3995 833 4050 relationem
865 3992 931 4047 ad
954 3993 1162 4064 aliquid
1187 3994 1507 4064 accipiunt;
1546 4002 1721 4050 totum
1749 3997 1896 4052 enim
1925 3996 2094 4055 habet

506 4086 736 4140 omnino
789 4084 1284 4155 praedicamentum
1319 4103 1332 4138 :
1365 4101 1489 4156 qua:
1529 4101 1664 4142 vero
1709 4088 1791 4143 sic
1827 4088 2093 4146 dicuntur

508 4176 574 4231 ad
605 4175 838 4246 aliquid,
870 4189 1067 4229 eorum
1112 4182 1245 4230 sunt
1282 4190 1406 4245 qua:
1431 4174 1596 4230 simul
1631 4175 1840 4247 ubique
1865 4187 1920 4233 et
1951 4194 2092 4234 sem-

506 4282 606 4336 per
644 4265 950 4321 secundum
992 4264 1405 4336 generationem
1444 4273 1594 4333 sunt,
1625 4267 2091 4336 quemadmodum

504 4368 693 4429 partes
732 4357 975 4428 speciem
1016 4365 1188 4412 totam
1224 4356 1375 4412 coitu
1420 4356 1736 4427 perﬁciunt,
1772 4361 1887 4416 sola
1932 4363 2093 4419 intel-

505 4451 735 4522 lsjentia
782 4449 850 4504 ad
893 4448 999 4503 hoc
1048 4447 1486 4519 dignoscendum
1512 4449 1647 4519 quid
1682 4450 1755 4506 sit
1785 4453 2089 4508 secundum

2197 3257 2272 3309 οὐ
2296 3252 2386 3323 μὴ
2415 3249 2694 3321 ἀποθάνῃ
2722 3254 2810 3320 είς
2839 3254 2949 3308 τὸν
2977 3251 3184 3309 αίῶνα.
3206 3253 3395 3326 Ὅπερ
3417 3255 3467 3308 εί
3487 3249 3756 3324 προεγεγό-

2195 3362 2279 3402 νει
2309 3344 2359 3379 ³³
2387 3344 2541 3409 ποτὶ,
2574 3344 2842 3399 ἀδύνατον
2875 3341 2969 3416 ἦν,
3009 3345 3088 3409 ὡς
3124 3344 3653 3418 προαποδέδεικται,
3677 3341 3754 3395 τὸν

2195 3439 2339 3494 κατὰ
2367 3440 2580 3511 τροπήν
2612 3454 2736 3493 τινα
2790 3433 2903 3492 οἷον
2951 3438 3159 3510 δήποτε
3208 3437 3471 3504 δέξασθαι
3523 3438 3750 3493 θάνατον.

2194 3531 2307 3586 Καὶ
2338 3529 2453 3609 τῶν.
2468 3529 2714 3600 φυσικῶν
2742 3528 2849 3597 ἔξω
2864 3530 2938 3602 μὴ
2963 3529 3197 3601 βαινέτω
3212 3531 3499 3603 λογισμῶν
3524 3529 3692 3602 (133
3706 3527 3752 3595 α)

2193 3622 2454 3694 διακενῆς
2480 3622 2581 3694 τὴν
2600 3623 2701 3677 οὐκ
2724 3618 2893 3677 οὖσαν
2923 3624 3055 3694 περὶ
3088 3623 3269 3694 ψυχῆς
3299 3623 3467 3690 δόξαν
3482 3623 3751 3688 θεσπίζων.

2193 3720 2259 3773 El
2291 3717 2402 3789 γὰρ
2431 3714 2726 3788 ἀνθρώπου
2772 3715 2939 3788 μέρη,
2984 3714 3168 3780 καθὼς
3205 3715 3669 3788 προαποδέδοται,
3701 3713 3755 3767 τὺ

2190 3811 2359 3883 σῶμα
2390 3809 2486 3865 καὶ
2529 3810 2564 3881 ὴ
2618 3807 2765 3879 ψυχὴ
2792 3795 3152 3877 τυγχάνουσι,
3166 3806 3241 3871 ,τὰ
3277 3807 3337 3861 δὲ
3370 3806 3521 3881 μέρη
3558 3806 3654 3877 τὴν
3685 3805 3753 3867 είς

2192 3904 2253 3958 τὸ
2279 3903 2418 3975 πρός
2449 3918 2502 3955 τι
2536 3901 2596 3969 ἐξ
2635 3900 2883 3971 ἀνάγκης
2928 3898 3208 3971 ἀναφορὰν
3235 3897 3457 3969 δέχεται
3500 3898 3637 3971 (ὅλον
3658 3896 3754 3967 γὰρ

2192 3996 2307 4068 ἔχει
2329 3995 2551 4058 πάντως
2579 3989 3101 4065 κατηγορούμενον),
3131 3992 3202 4047 τὰ
3232 3992 3290 4046 δὲ
3327 3990 3477 4047 οὓτω
3503 3991 3752 4061 λεγόμενα

2193 4087 2333 4159 πρός
2365 4103 2418 4141 τι
2442 4085 2554 4142 τῶν
2586 4086 2706 4157 ἅμα
2737 4084 2917 4155 πάντη
2956 4100 3018 4137 τε
3040 4083 3138 4137 καὶ
3174 4084 3398 4146 πάντως
3428 4082 3575 4137 κατὰ
3597 4079 3690 4153 τὴν
3711 4075 3757 4110 ⁸⁸

2192 4179 2408 4250 γένεσίν
2438 4179 2607 4238 ἐστιν,
2630 4177 2707 4240 ὡς
2746 4176 2887 4247 μέρη
2919 4169 3059 4239 εἶδος
3083 4174 3207 4230 ὅλον
3232 4176 3300 4247 τῇ
3333 4175 3546 4247 συνόδῳ
3571 4174 3751 4228 ἀποτε-

2192 4270 2410 4336 λοῦντα,
2446 4267 2662 4339 επινοίᾳ
2692 4267 2828 4338 μόνῃ
2854 4269 2922 4338 τῇ
2954 4265 3094 4337 πρὸς
3120 4265 3421 4336 διάγνωσιν
3442 4265 3542 4321 τοῦ
3570 4264 3622 4319 τί
3647 4259 3752 4317 κατ’

2190 4363 2382 4418 οὐσίαν
2406 4362 2642 4416 ἕκαστον
2683 4358 2935 4430 ἀλλήλων
2966 4357 3342 4429 διαιρούμενα,
3368 4386 3441 4399 --
3461 4355 3640 4428 ψυχὴν
3661 4354 3752 4423 ἄρα

2192 4457 2287 4511 καὶ
2322 4454 2504 4525 σῶμα,
2527 4453 2603 4517 ὡς
2629 4453 2770 4524 μέρη
2791 4449 3106 4522 ἀνθρώπου,
3128 4448 3377 4521 ἀλλήλων
3400 4449 3756 4522 προῦπάρχειν

505 4540 800 4597 essentiam
840 4539 1277 4610 unumquodque
1327 4555 1360 4594 a
1410 4554 1469 4595 se
1506 4540 1747 4597 invicem
1798 4553 2087 4612 separata:

2196 4546 2463 4620 χρονικῶς
2492 4545 2527 4617 ἢ
2571 4541 2944 4616 μεθυπάρχειν
2972 4542 3276 4613 ἀμήχανον,
3304 4541 3429 4594 imi
3457 4541 3488 4594 ὁ
3515 4539 3609 4594 τοῦ
3634 4535 3753 4608 πρός

506 4632 745 4686 animam
796 4632 964 4703 igitur
1013 4639 1074 4687 et
1103 4645 1309 4702 corpus
1359 4633 1561 4687 merito
1610 4641 1796 4701 partes
1842 4633 2087 4690 hominis

2191 4657 2244 4693 τι
2277 4638 2422 4692 οὕτω
2466 4636 2758 4705 λεγόμενος
2808 4634 3101 4703 λυθήσεται
3144 4632 3322 4701 λόγος.
3342 4631 3471 4687 ιΚαὶ
3498 4629 3672 4685 πάλινσ
3700 4625 3752 4679 Et

504 4727 654 4779 inter
691 4740 750 4779 se
795 4725 1030 4779 invicem
1060 4733 1193 4780 ante
1227 4712 1534 4781 subsistere
1581 4726 1960 4795 temporaliter
1987 4740 2087 4785 aut

2195 4732 2302 4801 γὰρ
2330 4728 2453 4783 καθ’
2485 4726 2618 4781 αὐτὸ
2645 4722 2785 4788 εἶδος
2825 4725 2933 4797 πρὸ
2966 4723 3061 4778 τοῦ
3094 4722 3347 4795 σώματός
3382 4724 3537 4777 ἐστιν
3564 4723 3597 4791 ἡ
3623 4717 3751 4791 ψδχὴ

504 4827 631 4886 post
663 4816 965 4873 subsistere
1014 4815 1359 4885 impossibile
1401 4823 1509 4882 est,
1557 4815 1766 4886 alioqui
1812 4819 1958 4874 ratio
1989 4820 2081 4876 illa

2195 4823 2225 4896 ἢ
2262 4821 2324 4874 τὸ
2362 4819 2546 4891 σῶμα,
2588 4814 2729 4880 εἶδος
2751 4816 2809 4870 δὲ
2832 4815 2964 4871 ἄλλο
2992 4814 3202 4869 τούτων
3225 4814 3490 4883 ἑκάτερον
3508 4812 3647 4867 κατά
3666 4808 3751 4878 τὴν

455 4973 461 4982 τ
504 4921 629 4975 quae
683 4906 763 4960 sic
797 4905 1003 4960 dicitur
1049 4904 1119 4960 ad
1158 4905 1373 4976 aliquid
1421 4906 1688 4962 solvetur.
1739 4907 1809 4962 Et
1851 4908 2078 4977 iterum,

2195 4911 2370 4981 ψυχῆς
2403 4907 2540 4977 πρὸς
2561 4905 2623 4960 τὸ
2650 4899 2813 4975 σῶμα
2841 4902 3112 4967 σύνθεσιν,
3149 4902 3183 4974 ἦ
3211 4900 3467 4982 σώματος
3499 4901 3634 4972 πρὸς
3661 4898 3744 4967 ψυ-

458 4986 461 4989 ’
504 4998 548 5051 si
576 5014 675 5067 per
708 5013 766 5052 se
797 4997 1007 5065 species
1032 5005 1160 5051 ante
1181 5012 1384 5066 corpus
1409 5007 1497 5053 est
1525 4998 1708 5052 anima
1735 5007 1834 5053 aut
1856 5015 2079 5073 corpus,

2195 5002 2319 5074 χὴν,
2346 4997 2623 5071 ᾴποτελεῖ,
2658 4996 2692 5066 ἢ
2748 4996 3030 5065 πάσχοντα
3058 4994 3276 5065 πάντως
3296 4981 3485 5045 ’τοῦτο
3531 4990 3689 5053 ποιεῖ,
3716 4984 3745 5057 ἢ

453 5077 459 5088 ’
503 5087 746 5156 speciem
790 5102 923 5141 vero
972 5085 1136 5140 aliam
1189 5084 1390 5138 horum
1439 5095 1737 5156 utrumque
1780 5090 2083 5145 secundum

2195 5090 2496 5161 πεφυκότα.
2521 5087 2631 5140 Καὶ
2651 5087 2699 5138 εί
2724 5084 2822 5155 μὲν
2848 5085 3147 5154 πάσχοντα,
3176 5082 3512 5136 πεπόνθασιν
3534 5081 3615 5142 είς
3627 5076 3747 5141 ὅπερ

503 5180 700 5235 anima!
746 5178 815 5233 ad
860 5191 1064 5247 corpus
1104 5175 1564 5246 compositionem
1598 5186 1697 5232 aut
1732 5181 1985 5250 corporis
2016 5182 2084 5236 ad

2195 5188 2288 5241 οὔκ
2321 5179 2390 5254 ἦν
2425 5178 2777 5247 ἑξιστάμενα,
2821 5177 2914 5228 καὶ
2943 5175 3247 5247 φθείρεται,
3281 5175 3332 5227 εί
3369 5173 3425 5227 δὲ
3459 5167 3743 5240 πεφυκότα.

503 5273 744 5327 animam
784 5271 1022 5342 perﬁcit.
1049 5281 1145 5326 aut
1187 5270 1456 5341 patientia
1480 5269 1711 5325 omnino
1738 5271 1846 5327 hoc
1876 5272 2087 5330 faciunt

2195 5279 2274 5333 ἀεὶ
2306 5272 2467 5329 τοῦτο
2492 5270 2587 5326 διὰ
2617 5269 2676 5324 τὸ
2723 5267 2968 5338 πεφυκὸς
3020 5266 3318 5339 ἐργάσεται
3367 5262 3634 5334 δηλονότι,
3663 5255 3745 5310 καὶ

504 5373 598 5419 aut
629 5366 958 5421 naturaliter
988 5363 1326 5421 c-xsistentia.
1353 5362 1422 5417 Et
1454 5362 1501 5417 si
1536 5360 1760 5432 quidem
1798 5364 2084 5432 patientia,

2195 5367 2446 5424 οὐδέποτε
2473 5361 2742 5416 παύσεται
2784 5362 2817 5432 ἡ
2852 5360 3001 5431 ψυχὴ
3045 5359 3141 5425 τοῦ
3182 5349 3742 5430 μετενσωματοῦσθαι,

504 5459 793 5526 patiuntur
818 5459 870 5513 id
894 5458 1043 5527 quod
1080 5472 1189 5511 non
1222 5462 1381 5511 erant
1412 5454 1700 5519 exsistere,
1751 5467 1806 5510 et
1836 5472 2087 5511 corrum-

2195 5459 2309 5513 οὐδὲ
2337 5456 2433 5511 τοῦ
2473 5451 2953 5526 μετεμψυχοῦσθαι
2981 5450 3043 5504 τὸ
3077 5450 3259 5523 σῶμα.
3291 5447 3432 5503 Ἀλλ’
3461 5446 3565 5500 οὐκ
3591 5441 3739 5499 ἐστιν»

571 5610 616 5650 ·’
664 5618 827 5675 Joan.
860 5634 937 5681 xx,
973 5616 1064 5672 36.

1779 5722 2017 5779 VARIAS
2074 5722 2482 5781 LECTIONES.

576 5825 622 5858 ⁸⁸
657 5839 730 5902 ὡς
762 5844 991 5910 ἔσχατον
1019 5840 1107 5895 ed.
1133 5839 1250 5893 Gal.
1324 5842 1373 5874 ³³
1407 5839 1728 5912 προγεγόνει
1756 5841 1845 5897 ed.
1880 5840 2001 5897 Gal.
2077 5843 2122 5875 ⁴⁰
2151 5843 2249 5915 τὴν
2276 5856 2384 5896 om.
2412 5839 2501 5896 ed.
2532 5839 2649 5894 Gal.
