3998 6382
366 367 496 436 1101

1591 362 2108 428 AMBIGUORUM
2150 361 2400 430 LIBER.

3478 361 3616 431 110?.

359 484 436 545 ὡς
476 477 650 552 οἶμαι,
696 479 791 534 τοῦ
845 479 1050 544 πάθους
1100 481 1134 550 ἢ
1165 479 1268 550 τῆς
1307 477 1417 533 τῶν
1465 479 1649 550 μερῶν
1703 480 1938 549 φυσικῆς

2054 491 2282 550 puutur;
2305 482 2351 536 si
2374 493 2505 536 vero
2525 479 2852 534 naturaliter
2874 477 3220 546 exsistentia,
3248 495 3469 552 semper
3491 483 3618 547 hoc,

359 573 640 642 δυνάμεως
670 572 811 626 κατά
839 571 938 642 τὴν
983 569 1120 640 πρὸς
1167 569 1397 642 θάτερον
1433 569 1665 640 θατέρου
1716 570 1935 623 σύνοδον

361 663 395 730 ἡ
449 660 542 714 106
591 661 714 714 ὅλου
771 662 894 716 κατ’
931 655 1071 724 εἶδος
1129 660 1502 731 ἐκπλήρωσις,
1533 659 1671 712 ἀλλὰ
1699 659 1800 729 τῆς
1848 659 1935 712 ἐπ’

361 753 544 814 αὐτοῖς
578 754 694 822 ἅμα
723 753 844 806 κατ’
870 747 1009 816 εἶδος
1044 752 1164 804 ὅλον
1192 753 1486 820 γενέσεως.
1523 751 1636 804 Οὐκ
1663 749 1812 804 ἐστιν
1843 748 1938 803 οὖν

359 844 587 900 δυνατὸν
613 843 742 898 ἀνευ
767 843 975 914 φθορᾶς
1010 841 1071 908 ἐξ
1109 843 1282 906 εἴδους
1305 844 1382 905 είς
1409 837 1547 906 εἶδος
1580 839 1938 912 μεταῦάλλειν

359 937 424 990 τὸ
447 935 654 991 οίονοῢν
687 933 846 1002 εἶδος.
873 939 937 992 Et
968 937 1026 992 δὲ
1049 937 1133 992 ὅτι
1163 937 1300 1008 μετά
1330 937 1424 992 τὸν
1456 937 1686 991 θάνατον
1715 936 1810 990 καὶ
1841 935 1940 1007 τὴν

362 1030 520 1084 λύσιν
547 1031 642 1084 τοῦ
693 1031 948 1102 σώματος
978 1031 1128 1085 ἐστιν
1161 1033 1195 1103 ἠ
1225 1029 1375 1101 ψυχὴ
1403 1031 1500 1083 καὶ
1525 1029 1799 1098 ὑφέστηκε
1836 1029 1942 1100 φή-

307 1190 318 1199 Ἷ
364 1139 520 1176 σουσι
571 1123 668 1177 καὶ
705 1121 887 1194 (133
925 1124 976 1193 ὁ)
1028 1123 1133 1194 πρὸ
1165 1122 1261 1176 106
1303 1123 1554 1192 σώματος
1599 1117 1735 1173 εἶναι
1771 1119 1942 1191 αὐτὴν

295 1203 322 1290 ξς
363 1214 626 1268 δύνασθαι
659 1217 754 1267 καὶ
781 1215 1107 1283 ὑφεστάναι,
1139 1214 1240 1267 οὐκ
1263 1212 1680 1282 ὲστοχασμένως
1708 1210 1774 1277 ⁸⁸,
1799 1210 1945 1281 ἐμοι-

363 1323 428 1374 γε
458 1306 624 1366 δοκεῖ,
662 1308 691 1359 ὁ
725 1282 883 1374 λόγος
932 1307 1117 1368 αὐτοῖς
1175 1305 1524 1376 προέρχεται.
1563 1303 1674 1373 Ούχ
1724 1302 1945 1393 ὀ-αύτδς

311 1391 317 1398 ί
359 1395 472 1465 γὰρ
493 1395 761 1462 γενέσεως
792 1395 886 1449 καὶ
908 1396 1097 1459 οὐσίας
1123 1394 1300 1461 λόγος.
1333 1395 1392 1447 '0
1423 1394 1523 1464 μὲν
1549 1393 1657 1464 γὰρ
1685 1391 1781 1446 106
1812 1411 1943 1446 ποτε

359 1483 456 1537 καί
498 1500 599 1538 που
637 1479 779 1538 εἶναι
817 1486 912 1538 καὶ
948 1486 1086 1554 πρός
1112 1500 1166 1537 τι
1198 1485 1368 1550 ἐστὶν,
1399 1486 1427 1537 ὁ
1451 1485 1509 1537 δὲ
1542 1482 1636 1536 106
1677 1479 1817 1538 εἶναι
1850 1485 1944 1540 καί

359 1591 416 1629 τι
451 1575 546 1628 καί
585 1593 702 1640 πως
749 1571 890 1629 εἷναί
924 1577 1041 1628 ὲστι
1073 1575 1394 1647 δηλωτικός.
1427 1576 1491 1629 Εἰ
1519 1575 1577 1628 δὲ
1612 1574 1794 1640 τοῦτο,
1827 1577 1946 1630 ἐστὶ

363 1668 466 1737 μὲν
503 1668 590 1720 ἀεὶ
617 1668 756 1738 μετὰ
788 1668 850 1720 τὸ
886 1668 1141 1735 γενέσθαι
1191 1668 1281 1720 διά
1323 1668 1422 1736 τὴν
1473 1668 1662 1722 οὐσίαν
1702 1670 1736 1737 ἡ
1775 1667 1942 1738 ψυχὴ,

357 1760 463 1812 οὐκ
497 1757 695 1828 ἀςρετος
729 1759 787 1812 δὲ
818 1759 906 1814 διὰ
945 1760 1044 1830 τὴν
1072 1759 1312 1828 γένεσιν,
1347 1755 1484 1812 ἀλλά
1527 1759 1664 1829 μετά
1689 1750 1792 1830 τῆς
1818 1759 1943 1830 σχέ-

360 1869 502 1916 σεως
530 1851 626 1904 τοῦ
653 1869 783 1905 ποτε
816 1851 910 1906 καί
939 1869 1042 1905 που
1071 1851 1167 1905 καὶ
1194 1851 1330 1922 πρός
1365 1869 1439 1906 τι.
1475 1851 1587 1921 Οὐχ
1618 1850 1805 1913 ἁπλῶς
1836 1850 1946 1919 γὰρ

358 1945 583 2014 λέγεται
620 1944 768 2015 ψυχὴ
799 1945 938 2014 μετά
973 1945 1066 1999 τὸν
1096 1945 1191 1998 τοῦ
1235 1941 1488 2014 σώματος
1523 1944 1754 1999 θάνατον
1789 1943 1823 2014 ἡ
1853 1944 1948 2013 ψυ-

359 2038 458 2106 χὴ,
499 2037 634 2090 ἀλλὰ
673 2038 718 2071 ⁸³
766 2035 1060 2107 ἀνθρώπου
1099 2035 1274 2108 ψυχὴ,
1299 2037 1396 2090 καὶ
1424 2037 1521 2091 τοῦ
1556 2054 1702 2100 τινος
1737 2037 1950 2106 ἀνθρώ-

359 2143 471 2181 που
509 2127 679 2198 ψυχή.
711 2127 868 2198 Ἔχει
889 2127 999 2198 γὰρ
1033 2127 1128 2180 καὶ
1171 2127 1310 2196 μετά
1343 2127 1404 2180 τὸ
1439 2125 1599 2198 σῶμα
1631 2126 1707 2191 ὡς
1738 2127 1784 2158 ’⁸³
1809 2123 1950 2191 εἶδος

359 2221 537 2289 αὐτῆς
568 2220 627 2271 τὸ
667 2220 788 2273 ὅλον
830 2221 974 2274 κατὰ
1011 2219 1108 2292 τὴν
1139 2219 1326 2290 σχέσιν
1354 2219 1428 2283 ὡς
1479 2219 1681 2290 μέρους
1722 2237 1953 2292 κατηγο-

363 2312 633 2383 ρούμενον
667 2312 727 2365 τὸ
755 2311 1118 2384 ἀνθρώπινον.
1167 2311 1440 2375 Ὡσαύτως
1465 2311 1521 2364 δὲ
1550 2313 1644 2364 καὶ
1670 2313 1732 2365 τὸ
1760 2312 1948 2382 σῶμα,

362 2406 563 2476 Ονητὸν
614 2406 714 2474 μὲν
759 2405 848 2460 διὰ
892 2404 993 2476 τὴν
1029 2405 1213 2473 φύσιν,
1246 2404 1346 2456 οὐκ
1391 2403 1593 2473 ἄφετον
1631 2405 1688 2458 δὲ
1731 2405 1819 2458 διὰ
1857 2407 1954 2474 τὴν

359 2498 600 2564 γένεσιν.
646 2497 722 2550 Οὔ
751 2497 862 2568 γὰρ
898 2497 1086 2561 ἁπλῶς
1119 2498 1340 2565 λέγεται
1362 2495 1523 2566 σῶμα
1561 2497 1703 2566 μετά
1726 2497 1816 2550 τὸν
1841 2515 1955 2567 χω-

362 2589 564 2660 ρισμὸν
591 2589 689 2660 τῆς
714 2588 893 2659 ψυχῆς
913 2589 974 2642 τὸ
1002 2590 1184 2657 σῶμα,
1216 2589 1328 2641 ἀλλ’
1351 2586 1642 2658 ἀνθρώπου
1670 2587 1956 2659 σῶμα,καὶ

363 2676 464 2729 τοῦ
507 2695 652 2741 τινος
682 2677 975 2748 ἀνθρώπου
1012 2679 1194 2748 σῶμα,
1228 2677 1330 2731 κᾶν
1359 2680 1407 2730 εἰ
1441 2678 1722 2748 φθείρεται
1751 2680 1847 2732 καὶ
1878 2681 1958 2742 εἰς

362 2768 438 2820 τὰ
480 2768 540 2832 ἐξ
569 2761 644 2822 ὧν
685 2769 833 2822 ἐστιν
859 2768 1189 2822 ἀναλύεσθαι
1219 2772 1458 2838 στοιχεῖα
1495 2770 1763 2837 πέφυκεν.
1799 2769 1956 2840 Ἔχει

365 2859 482 2931 ’γὰρ
538 2860 632 2913 καὶ
692 2860 863 2922 οὕτως
923 2860 998 2921 ὡς
1057 2855 1197 2922 εἶδος
1239 2859 1299 2911 τὸ
1323 2859 1441 2912 ὅλον
1472 2858 1633 2913 αὐτοῦ
1684 2861 1823 2914 κατὰ
1860 2860 1956 2931 τὴν

370 2951 560 3021 σχέσιν
604 2951 678 3015 ὡς
719 2951 916 3021 μέρους
968 2949 1444 3021 κατηγορούμενον
1477 2950 1538 3003 τὸ
1593 2949 1953 3020 ἀνθρώπινον.

386 3041 506 3094 Ἐπ’
566 3043 770 3112 ἀμφοῖν
819 3041 1110 3112 τοιγαροῦν
1145 3043 1178 3111 ὴ
1219 3041 1424 3110 σχέσις,
1454 3041 1635 3112 ψυχῆς
1686 3041 1829 3108 λέγω
1866 3042 1960 3105 καὶ

2038 586 2105 625 eo
2143 573 2290 640 quod
2349 572 2603 626 naturale
2659 579 2762 636 est,
2810 573 3061 641 profecto
3107 574 3509 642 operabuntur,
3565 584 3624 630 et

2039 673 2324 730 nunquam
2366 661 2619 732 quiescet
2688 662 2872 716 anima
2927 661 3376 732 coincorporari,
3443 680 3622 734 neque

2040 752 2400 807 coinanimari
2429 768 2653 824 corpus.
2692 752 2800 808 Sed
2834 768 2942 807 non
2975 762 3079 817 est,
3126 763 3184 808 ut
3210 755 3470 822 arbitror,
3495 772 3622 826 pas-

2041 843 2214 900 sionis
2251 854 2348 900 aut
2395 844 2636 915 partium
2672 845 2942 900 naturalis
2974 846 3253 914 potentiae,
3317 847 3622 901 secundum

2041 934 2273 990 alterius
2317 935 2523 990 coitum
2555 935 2623 989 ad
2669 935 2925 1001 alteram,
2961 935 3131 989 totius
3174 937 3478 990 secundum
3503 950 3623 1006 spc-

2042 1025 2186 1080 ciem
2224 1026 2536 1096 plenitudo,
2572 1026 2666 1081 sed
2697 1027 2751 1080 in
2783 1026 2920 1096 ipsis
2945 1027 3108 1081 simul
3154 1028 3460 1081 secundum
3506 1044 3628 1097 spe-

2043 1117 2186 1171 ciem
2211 1126 2379 1172 totam
2403 1118 2776 1188 generationis
2806 1127 2910 1172 est.
2944 1118 3137 1172 Nonne
3171 1118 3338 1188 igitur
3363 1119 3628 1188 possibile

2045 1209 2166 1262 sine
2190 1211 2545 1278 corruptione
2573 1225 2639 1263 ex
2673 1209 2856 1279 specie
2890 1208 2944 1263 in
2970 1211 3211 1278 speciem
3247 1212 3626 1265 transmittere

2044 1301 2489 1371 qualemcunque
2519 1301 2801 1370 speciem?
2836 1301 2892 1355 Si
2920 1313 3131 1366 autem,
3167 1303 3297 1372 quia
3325 1311 3450 1372 post
3479 1318 3627 1356 mor-

2047 1398 2157 1445 tem
2186 1398 2244 1446 et
2272 1393 2607 1448 solutionem
2643 1393 2893 1464 corporis
2925 1401 3010 1448 est
3055 1393 3239 1448 anima
3267 1404 3322 1448 et
3353 1393 3629 1457 subsistit,

2047 1482 2243 1538 dicunt
2268 1485 2434 1539 etiam
2460 1495 2588 1539 ante
2614 1502 2816 1554 corpus
2845 1500 2972 1542 esse
3009 1502 3130 1541 eam
3160 1501 3320 1556 posse
3364 1496 3419 1541 et
3452 1487 3634 1541 subsi-

2047 1581 2214 1638 stere,
2240 1573 2670 1640 inconsiderate,
2710 1566 2770 1628 ut
2806 1575 2943 1630 mihi
2986 1576 3232 1642 videtur,
3265 1577 3408 1632 ratio
3436 1593 3632 1632 eorum

2047 1661 2318 1730 procedit.
2352 1663 2472 1718 Non
2503 1663 2652 1718 enim
2701 1665 2897 1721 eadem
2939 1677 3025 1722 est
3051 1667 3431 1738 generationis
3465 1677 3522 1722 et
3547 1683 3637 1722 es-

2051 1753 2243 1808 sentiae
2285 1755 2448 1809 ratio.
2485 1754 2561 1810 Ea
2597 1755 2743 1810 enim
2775 1757 3021 1826 quando,
3067 1767 3123 1813 et
3154 1758 3247 1812 ubi
3282 1775 3429 1823 esse,
3481 1767 3536 1814 et
3565 1759 3630 1814 ad

2051 1845 2185 1913 quid
2229 1852 2314 1900 est
2341 1861 2355 1911 ;
2387 1861 2452 1900 ea
2497 1861 2631 1901 vero
2676 1862 2797 1902 esse
2840 1856 2897 1903 et
2935 1848 3069 1918 quid
3100 1857 3158 1903 et
3201 1849 3481 1920 quomodo
3513 1865 3635 1904 esse

2048 1945 2139 1990 est
2184 1936 2448 1990 declarat.
2509 1935 2567 1991 Si
2614 1947 2800 1992 autem
2845 1939 2951 1994 hoc
2993 1947 3080 1994 est
3123 1941 3345 2010 quidem
3393 1957 3632 2011 semper,

2050 2037 2342 2095 postquam
2375 2027 2456 2091 ﬁt,
2493 2042 2593 2096 per
2621 2028 2918 2082 essentiam
2961 2029 3168 2094 anima,
3209 2031 3495 2085 enimvero
3527 2047 3637 2085 non

2051 2119 2323 2184 absoluta,
2357 2134 2456 2188 per
2479 2119 2918 2188 generationem,
2957 2119 3052 2175 sed
3084 2135 3209 2174 cum
3246 2121 3637 2190 conjunctione

2053 2209 2319 2277 temporis
2349 2216 2405 2262 et
2447 2207 2556 2263 loci
2580 2217 2637 2262 et
2672 2208 2739 2262 ad
2774 2208 3003 2279 aliquid.
3039 2209 3157 2264 Non
3193 2211 3341 2264 enim
3377 2211 3638 2281 simplici-

2055 2309 2138 2354 ter
2161 2298 2370 2354 dieitur
2392 2300 2574 2355 anima
2599 2311 2724 2372 post
2741 2312 2976 2357 mortem
2999 2303 3252 2373 corporis
3287 2304 3402 2373 ipsa
3435 2305 3636 2367 anima,

2075 2391 2149 2444 ed
2186 2391 2428 2446 hominis
2472 2393 2678 2458 anima,
2708 2401 2764 2447 et
2807 2394 3095 2464 cujusdam
3126 2394 3367 2448 hominis
3411 2397 3591 2450 anima
3623 2414 3636 2458 ;

2055 2481 2222 2535 habet
2253 2482 2400 2536 enim
2431 2493 2486 2537 et
2521 2493 2646 2552 post
2669 2498 2873 2553 corpus
2903 2485 2984 2539 sic
3010 2485 3252 2554 speciem
3287 2502 3440 2540 suam
3467 2495 3637 2542 totam

2055 2573 2360 2628 secundum
2397 2573 2647 2628 habitum
2703 2575 2875 2629 veluti
2915 2576 3087 2645 partis
3119 2575 3471 2646 prtedicatam
3531 2577 3638 2632 hu-

2056 2681 2295 2719 manam.
2317 2665 2584 2720 Similiter
2607 2676 2791 2720 autem
2813 2674 2870 2721 et
2885 2682 3089 2737 corpus
3109 2677 3392 2723 mortuum
3417 2669 3639 2739 quidem

2056 2771 2155 2825 per
2187 2765 2463 2821 naturam,
2511 2771 2621 2810 non
2663 2772 2800 2812 vero
2849 2757 3165 2812 absolutum
3199 2775 3298 2830 per
3332 2760 3644 2831 generatio-

2057 2862 2204 2901 nem.
2271 2847 2394 2902 Non
2449 2848 2599 2901 enim
2648 2847 2976 2918 simpliciter
3026 2849 3235 2905 dicitur
3283 2865 3486 2921 corpus
3519 2860 3644 2922 post

2059 2940 2464 3008 separationem
2511 2940 2580 2996 ab
2611 2941 2794 2996 anima
2822 2957 3045 3012 corpus,
3085 2943 3180 2997 sed
3229 2943 3474 2998 hominis
3519 2959 3645 2999 cor-

2058 3043 2183 3098 pus,
2221 3037 2276 3083 et
2313 3029 2598 3101 cujusdam
2653 3029 2894 3084 hominis
2933 3045 3138 3101 corpus
3174 3031 3278 3087 etsi
3323 3047 3646 3101 corrumpa-

375 3132 660 3204 σώματος,
713 3132 789 3194 ὼς
833 3133 927 3184 καὶ
956 3131 1001 3162 ⁸⁸
1045 3131 1168 3186 ὅλου
1195 3132 1366 3195 εἴδους
1402 3132 1742 3203 ἀνθρωπίνου
1775 3134 1949 3204 μερῶι

2062 3127 2152 3174 tur
2188 3128 2245 3174 et
2275 3120 2331 3173 in
2381 3136 2443 3174 ea
2494 3135 2561 3175 ex
2612 3120 2817 3190 quibus
2845 3129 2930 3176 est
2969 3121 3173 3176 resolvi
3205 3123 3478 3178 elementa
3513 3140 3645 3177 con-

371 3226 754 3294 ἀναφαιρέτως
767 3223 1361 3296 νοουμένη,παρίστησι
1379 3226 1473 3278 καὶ
1485 3226 1582 3294 τὴν
1608 3226 1724 3296 ὅιμα
1745 3227 1952 3280 τούτων

372 3315 610 3382 γένεσιν,
632 3317 728 3368 καὶ
761 3315 860 3385 τὴν
893 3314 1014 3368 κατ’
1041 3314 1230 3367 οὐσίαν
1262 3315 1397 3385 πρὸς
1449 3315 1655 3386 ἄλληλα
1686 3316 1952 3385 διαφορὰν

371 3407 776 3468 ἀποδείκνυσιν,
793 3405 945 3458 οὐδὲν
966 3405 1088 3458 καθ’
1107 3399 1219 3459 οἷον
1244 3405 1446 3477 δήποτε
1460 3407 1660 3477 τρόπον
1687 3409 1813 3471 τοὺς
1832 3412 1952 3463 κατ’

371 3493 563 3549 οὐσίαν
600 3496 786 3559 αὐτοῖς
817 3494 1204 3566 ὲμπεφυκότας
1231 3495 1703 3567 παραϐλάπτουσα
1735 3497 1947 3566 λόγους.

370 3583 490 3638 Οὖει
537 3585 685 3638 ἔστιν
719 3581 814 3639 οὖν
859 3585 995 3649 ὅλως
1038 3585 1198 3657 σῶμα
1232 3586 1462 3639 δυνατὸν
1504 3587 1536 3657 ἢ
1571 3587 1750 3658 ψυχὴν
1774 3590 1954 3660 εὑρεῖν

371 3675 407 3744 ἢ
431 3676 614 3744 λέγειν
637 3677 884 3748 ἄσχετον.
932 3677 1156 3749 Θατέρῳ
1183 3678 1291 3749 γὰρ
1324 3679 1440 3748 ἅμα
1471 3680 1851 3748 συνεισάγεται
1894 3685 1952 3736 τό

373 3783 518 3829 τινος
533 3760 674 3820 εἶναι
691 3766 939 3838 θάτερον·
957 3767 1097 3820 ὥστε
1117 3770 1164 3821 εἰ
1188 3771 1533 3840 προῦπάρχει
1555 3769 1784 3842 θατέρου
1850 3769 1946 3824 θά-

374 3875 556 3929 τερον,
588 3858 664 3922 ὡς
688 3859 874 3932 (134
896 3861 952 3930 τι)
1001 3860 1146 3923 τινος
1181 3862 1726 3931 προσυπακουστέον.
1752 3864 1815 3916 'll
1846 3865 1955 3934 γὰρ

377 3949 564 4020 σχέσις
616 3951 895 4022 ἀκίνητος.
927 3951 1038 4006 Καὶ
1068 3951 1241 4005 ταῦτα
1273 3953 1372 4023 μὲν
1416 3953 1546 4025 περὶ
1579 3951 1806 4010 τούτων.
1847 3956 1956 4009 Καὶ

375 4043 429 4095 εί
462 4042 563 4112 μὲν
611 4043 711 4113 τῆς
766 4042 1030 4112 ἀληθείας
1059 4045 1086 4096 ὁ
1115 4042 1270 4110 λόγος
1299 4044 1400 4097 οὐκ
1439 4043 1807 4097 ἀποπέπτωκε
1828 4085 1842 4109 ,
1877 4043 1956 4115 τῷ

374 4130 498 4201 Θεῷ
542 4131 724 4201 χάρις,
775 4131 853 4202 τῷ
884 4131 975 4186 διὰ
1022 4131 1132 4184 τῶν
1167 4131 1448 4202 ὑμετέρων
1500 4133 1676 4204 εὐχῶν
1723 4133 1860 4205 πρὸς
1895 4134 1956 4186 τὸ

377 4221 559 4286 καλῶς
589 4225 730 4275 νοεῖν
773 4222 1125 4294 ὁδηγήσαντι.
1157 4223 1221 4275 Et
1249 4223 1306 4276 δέ
1335 4221 1440 4276 πού
1472 4241 1525 4275 τι
1553 4224 1652 4291 τῆς
1695 4225 1953 4293 ἀληθείας

378 4315 712 4379 ἑλλέλοιπεν,
747 4317 906 4385 ὑμεῖς
939 4315 1004 4368 ἂν
1031 4314 1276 4384 ,εἰδείητε
1303 4315 1395 4369 τοῦ
1418 4315 1580 4384 λόγου
1617 4315 1678 4369 τὸ
1705 4317 1953 4387 ἀκριϐὲς,

377 4409 454 4470 ὡς
483 4411 547 4462 ἐκ
585 4407 721 4460 Θεοῦ
749 4409 848 4480 τὴν
872 4408 980 4461 τῶν
1001 4409 1260 4462 τοιούτων
1297 4409 1660 4481 ὲμπνεόμενοι
1696 4410 1920 4478 γνῶσιν.

2062 3218 2315 3276 suescat;
2349 3210 2518 3266 habet
2555 3210 2704 3265 enim
2740 3220 2798 3266 et
2835 3210 2917 3266 sic
2968 3212 3126 3283 quasi
3176 3213 3419 3284 speciem
3471 3223 3642 3270 totam

2060 3316 2216 3356 suam
2241 3301 2548 3357 secundum
2580 3302 2852 3369 habitum,
2883 3304 3057 3359 veluti
3089 3305 3261 3375 partis
3288 3303 3642 3375 pradicatam

2059 3393 2380 3447 humanam.
2421 3394 2480 3448 ln
2513 3394 2786 3450 ambobus
2813 3393 3001 3465 itaque
3041 3395 3281 3462 habitus,
3314 3397 3494 3451 anima
3516 3398 3644 3452 dico

2059 3489 2116 3537 et
2151 3497 2416 3552 corpore,
2455 3483 2627 3536 veluti
2682 3483 2853 3538 totius
2893 3484 3088 3541 formae
3135 3484 3392 3542 humana:
3435 3497 3642 3557 partes,

2061 3573 2508 3643 inseparabiliter
2542 3575 2879 3642 intellectus,
2909 3575 3252 3632 demonstrat
3277 3588 3335 3632 et
3363 3578 3528 3634 simul
3557 3595 3647 3635 eo-

2061 3681 2183 3721 rum
2223 3666 2472 3737 genesin,
2515 3676 2573 3721 et
2612 3665 2917 3722 secundum
2955 3668 3252 3724 essentiam
3289 3669 3358 3723 ad
3401 3685 3459 3725 se
3498 3670 3641 3726 invi-

2058 3773 2175 3813 cem
2204 3758 2574 3813 diﬂ‘erentiam
2617 3760 2882 3825 ostendit,
2921 3760 3075 3816 nul-lo
3125 3761 3292 3816 modo
3334 3763 3636 3819 secundum

2057 3851 2353 3906 essentiam
2396 3851 2451 3904 in
2481 3850 2565 3906 eis
2599 3851 2794 3906 insitas
2826 3852 3118 3907 oﬂ‘endens
3163 3853 3430 3909 rationes.
3471 3855 3641 3926 Igitur

2059 3943 2284 3998 omnino
2329 3942 2672 4011 impossibile
2703 3957 2908 4013 corpus
2965 3951 3060 3996 aut
3103 3944 3342 3998 animum
3389 3948 3643 4001 invenire

2060 4045 2156 4089 aut
2202 4035 2390 4089 dicere
2438 4035 2559 4088 sine
2609 4035 2837 4102 habitu;
2893 4036 3058 4090 simul
3102 4038 3248 4091 enim
3298 4056 3422 4092 cum
3468 4043 3642 4094 altero

2055 4125 2428 4180 introducitur
2453 4125 2688 4196 alicujus
2733 4141 2855 4180 esse
2913 4127 3172 4181 alterum.
3215 4128 3404 4198 Itaque
3433 4131 3477 4184 si
3511 4133 3647 4186 alte-

2054 4233 2176 4272 rum
2211 4217 2478 4271 subsistat
2510 4224 2638 4272 ante
2671 4217 2930 4283 alterum,
2980 4219 3262 4288 quomodo
3301 4229 3360 4274 ut
3411 4222 3648 4294 alicujus

2055 4308 2536 4366 auscultandum?
2591 4309 2828 4364 Habitus
2891 4310 3040 4364 enim
3105 4311 3468 4369 immutabilis
3537 4330 3642 4369 est.

2053 4406 2331 4460 Hactenus
2361 4401 2430 4457 de
2475 4401 2585 4456 his.
2631 4402 2699 4456 Et
2747 4402 2792 4456 si
2841 4403 3064 4473 quidem
3106 4421 3135 4458 a
3176 4406 3413 4462 veritate
3461 4423 3646 4463 sermo

378 4517 492 4557 non
537 4501 786 4565 recessit,
821 4501 932 4555 Deo
965 4501 1169 4571 gratias
1201 4517 1301 4572 per
1351 4511 1566 4556 vestras
1611 4502 1894 4556 orationes
1925 4501 1992 4555 ad
2023 4501 2166 4555 bene
2202 4495 2627 4566 intelligendum
2657 4494 2883 4548 ducenti
2910 4511 2924 4560 ;
2969 4497 3014 4549 si
3039 4512 3170 4552 vero
3202 4498 3405 4553 alicubi
3435 4515 3465 4554 a
3494 4501 3647 4555 veri-

380 4602 494 4649 tate
524 4590 735 4658 deﬁcit,
797 4604 896 4644 vos
934 4589 1233 4646 reformate
1273 4591 1506 4645 rationis
1562 4591 1906 4662 diligentiam
1935 4606 2001 4645 ex
2056 4589 2170 4642 Deo
2206 4586 2399 4642 talium
2439 4586 2692 4656 inSpirati
2731 4585 3041 4642 scientiam.

392 4773 497 4826 Ἕκ
528 4770 638 4825 τοῦ
675 4769 863 4826 αὑτοῦ
887 4771 1097 4840 λόγου,
1128 4773 1220 4836 εις
1245 4771 1361 4838 τὸ,ι
1395 4771 1550 4837 Ἕως
1574 4769 1652 4827 ἂν
1680 4771 1781 4825 καί
1822 4775 1949 4843 παῤ

2064 4775 2148 4829 Ea:
2177 4774 2354 4828 eodem
2382 4788 2640 4838 sermone,
2673 4773 2725 4826 in
2767 4774 2861 4826 hoc
2891 4788 2908 4827 :
2938 4790 2959 4824 ι
2999 4774 3138 4828 Dum
3171 4777 3330 4830 etiam
3361 4795 3392 4831 α
3432 4797 3488 4832 se
3531 4782 3648 4851 ipsa

452 4863 676 4934 ἑαυτῆς
711 4865 747 4934 ἡ
781 4865 896 4933 ὕλη
928 4865 1078 4933 φέρῃ
1106 4869 1173 4916 τὸ
1203 4863 1463 4916 ἄτακτον
1500 4861 1702 4932 ὥσπερ
1741 4865 1811 4917 ἐν
1833 4867 1965 4934 pet}.

450 4972 593 5026 ματι
624 4956 723 5026 (ε).
763 4975 782 5007 .

455 5063 626 5135 Οἶμαι
671 5065 763 5118 καὶ
803 5065 893 5118 τὸν
925 5064 1168 5134 παρόντα
1197 5063 1291 5116 106
1321 5063 1480 5131 λόγου
1515 5057 1716 5118 σκοπὸν
1741 5063 1840 5132 τῆς
1868 5065 1961 5118 106

380 5161 658 5231 προτέρου
717 5157 956 5220 διανοίας
1007 5155 1224 5226 ἔχεσθαι
1275 5155 1595 5225 κεφαλαίου.
1647 5155 1962 5221 ,Διεξελθὼν

378 5253 494 5323 γὰρ
525 5253 607 5305 ὅτι
633 5252 864 5304 πλείστα
891 5248 1029 5319 πρὸς
1053 5247 1179 5310 τοὺς
1227 5245 1478 5314 φιλύλους
1505 5262 1564 5298 τε
1597 5247 1690 5298 καὶ
1724 5247 1958 5315 φιλοσω-

387 5343 591 5414 μὰτους
617 5341 790 5396 ταῦτα
817 5342 1034 5409 ἐπάγει,
1065 5339 1140 5402 ὡς
1175 5336 1425 5390 ἐντεῦθεν
1453 5337 1713 5391 δύνασθαι
1742 5339 1834 5391 τὸν
1865 5341 1958 5391 εύ-

2174 4867 2416 4920 materies
2464 4863 2569 4932 fert
2614 4865 2973 4919 inordinatum
3008 4867 3168 4922 veluti
3203 4869 3486 4941 inﬂatum.
3514 4891 3533 4924 ι

2129 5065 2383 5122 Arbitror
2429 5083 2650 5138 quoque
2705 5079 3028 5139 praesentem
3073 5071 3344 5126 sermonis
3384 5071 3650 5128 intentio-

2060 5173 2185 5213 nem
2211 5157 2416 5229 prioris
2449 5159 2788 5215 intellectum
2823 5160 3028 5214 habere
3062 5161 3306 5230 capituli.
3335 5159 3472 5225 Quia
3498 5163 3647 5216 enim

2067 5251 2418 5319 prmtcrmisit
2460 5252 2696 5321 plurima
2742 5259 2930 5304 contra
2978 5250 3223 5304 materia:
3275 5259 3549 5307 amatores
3591 5265 3651 5310 et

2067 5343 2337 5414 corporis,
2382 5345 2498 5400 haec
2539 5329 2777 5410 addidit,
2821 5349 2882 5394 ut
2916 5340 3044 5395 hinc
3079 5353 3302 5410 possent
3333 5343 3422 5412 pie
3469 5343 3650 5398 inten-

1711 5474 1941 5530 VARUE
1975 5475 2380 5536 LECTIONES.

455 5567 500 5602 δ’
531 5571 593 5625 οὐ
648 5565 1150 5637 κατεστοχασμένος
1184 5565 1274 5621 ed.
1333 5565 1451 5621 Gal.
1527 5565 1570 5598 "
1601 5565 1715 5619 ἀλλ’
1741 5567 1831 5622 ed.
1857 5568 1976 5623 Gal.
2053 5569 2102 5601 ⁸³
2127 5571 2203 5633 ὼς
2229 5586 2340 5624 om.
2373 5568 2462 5622 ed.
2485 5567 2604 5622 Gal.
2678 5567 2722 5598 “
2753 5566 2844 5620 καὶ
2878 5581 2986 5622 om.
3027 5566 3117 5624 ed.
3142 5566 3261 5625 Cal.

1933 5684 2160 5740 NOTJE.

461 5783 540 5856 (3)
574 5783 740 5854 Grcg.
786 5783 914 5840 Naz.
955 5782 1027 5836 De
1058 5797 1282 5852 pauper.
1316 5796 1497 5835 amore
1528 5797 1576 5835 c.
1615 5780 1704 5845 50,
1733 5797 1788 5851 p.
1819 5780 1945 5849 279,
1977 5791 2108 5836 tom.
2141 5781 2178 5846 1,
2208 5779 2345 5850 Opp.
2377 5779 2465 5836 ed.
2494 5779 2700 5868 lleued.
