3998 6360
495 338 512 396 1
536 334 628 392 103

1662 332 1725 392 S.
1767 329 2051 390 ΜΑΧΙΜΙ
2089 325 2598 386 COXFESSORIS

3623 327 3741 397 1104

492 441 694 492 tionem
727 435 898 492 sancti
931 443 1344 506 perscrutantes
1375 435 1646 508 conjicere
1673 437 1772 492 sic.
1809 435 2075 502 Quoniam

2187 431 2362 495 σεδῶς
2387 432 2479 484 τὸν
2515 431 2722 486 σκοπὸν
2753 430 2850 484 τοῦ
2883 430 3044 501 ἁγίου
3073 431 3508 506 διερευνώμενον
3544 437 3745 494 ἐπιϐάλ-

481 527 1032 599 ¹ἱιιιεοιίηιριὶιιίίὶιτιιίε
1053 536 1108 582 et
1134 527 1566 582 immortalitatis
1597 525 2012 597 pulchritudine
2043 542 2073 578 a

428 609 432 613 ’
491 621 600 672 Deo
643 617 975 672 clarificatus
1014 616 1192 672 factus
1236 627 1318 672 est
1363 617 1551 681 homo,
1595 616 1896 671 materialis
1941 630 2076 670 vero

488 711 636 766 circa
662 725 719 764 se
746 721 960 766 naturae
990 709 1390 778 turpitudinem
1427 708 1786 764 intellectuali
1827 705 2075 778 pulchri-

491 801 668 856 tudini
717 817 1076 871 pneponens,
1129 801 1335 856 oblitus
1384 809 1470 856 est
1521 801 1737 856 decora:
1770 799 2075 856 secundum

488 891 728 947 animam
761 891 1063 961 dignitatis,
1109 889 1281 960 magis
1325 897 1508 944 autem
1542 891 1638 944 Dei
1675 889 1915 945 animam
1961 889 2078 942 dei-

490 981 740 1036 formiter
769 981 1078 1042 formantis,
1125 997 1286 1036 omne
1321 981 1468 1052 quod
1519 979 1590 1051 (Ir)
1639 980 1770 1036 fecit.
1803 981 2077 1036 sententia

489 1073 737 1144 dignum,
775 1079 1076 1128 secundum
1111 1071 1369 1148 'divipum
1393 1069 1662 1143 judicium
1694 1079 1940 1126 nostram
1986 1085 2076 1124 sa-

489 1166 705 1236 pienter
751 1165 1100 1218 administrat
1149 1164 1416 1227 salutem,
1466 1163 1783 1234 colligitque
1835 1162 2077 1216 fructum

488 1275 598 1312 non
635 1257 810 1311 solum
848 1257 1020 1326 ipsum
1048 1257 1299 1326 corporis
1322 1257 1733 1326 corruptionem
1759 1265 1816 1310 et
1843 1263 2076 1309 mortem

488 1357 543 1402 et
568 1347 633 1402 ad
663 1364 881 1401 omnem
925 1348 1233 1418 passionem
1281 1347 1754 1416 promptissimum
1784 1355 1994 1401 motum
2022 1355 2080 1401 et

489 1439 982 1508 opportunitatem,
1017 1439 1112 1492 sed
1140 1447 1195 1491 et
1219 1447 1372 1492 extra
1401 1445 1452 1491 et
1481 1437 1628 1492 circa
1658 1453 1783 1492 eum
1816 1435 2078 1490 materia-

488 1532 558 1584 lis
590 1529 843 1586 essentiae
877 1529 1134 1602 instabile
1165 1538 1220 1583 et
1262 1529 1578 1584 anomalum
1615 1539 1672 1584 et
1713 1527 1780 1584 ad
1827 1528 2079 1582 alienan-

489 1623 620 1678 dum
665 1624 850 1678 ferens
903 1629 960 1675 et
1005 1621 1204 1686 facile,
1251 1621 1366 1676 sive
1409 1630 1542 1676 tunc
1587 1621 1762 1690 ipsam
1808 1618 2078 1692 (videlicet

490 1715 776 1781 animum),
803 1714 910 1767 Deo
929 1721 1155 1783 propter
1187 1711 1702 1782 praevaricationem
1737 1720 1928 1766 nostro
1951 1699 2078 1764 eor-

2182 520 2296 572 λειν
2327 519 2521 584 οὕτως.
2569 521 2790 592 Ἐπειδὴ
2815 521 2894 594 τῷ
2933 522 3035 593 τῆς
3063 523 3380 594 ἀφθαρσίας
3415 543 3479 580 τε
3516 528 3608 580 καὶ
3635 530 3746 586 ἀθα-

2182 613 2375 676 νασίας
2407 613 2594 666 κάλλει
2627 614 2779 686 παρὰ
2807 613 2946 668 Θεοῦ
2985 616 3472 686 κατηγλαῖσμένος
3500 619 3530 670 ὁ
3557 619 3748 690 ἄνθρω-

2177 721 2278 766 πος
2329 703 2548 772 γέγονε,
2599 703 2660 756 τὸ
2712 704 2770 756 δὲ
2821 705 2922 776 τῆς
2967 705 3097 776 περὶ
3127 706 3292 762 αὑτὸν
3322 705 3523 776 ὑλικῆς
3554 707 3750 774 φύσεως

2154 791 2365 865 ,αἶσχος
2395 795 2490 849 τοῦ
2550 795 2742 867 νοεροῦ
2773 795 3006 862 κάλλους
3038 799 3395 869 προτιμήσας
3446 798 3620 869 λήθην
3666 800 3748 854 τοῦ

2177 889 2320 941 κατὰ
2361 888 2544 959 ψυχὴν
2575 889 2888 959 ἐκπρεποῦς
2919 887 3234 959 ἀξιώματος
3256 932 3271 956 ,
3303 889 3510 960 μᾶλλον
3539 889 3595 942 δὲ
3629 891 3751 945 Θεοῦ

2177 980 2272 1032 τοῦ
2296 981 2389 1032 καὶ
2418 980 2518 1052 τὴν
2547 979 2729 1052 ψυχὴν
2759 980 3010 1045 θεοειδῶς
3040 969 3504 1046 καλλωπίσαντος
3536 982 3752 1053 πάμπαν

2179 1071 2502 1142 ἐπεποίητο,
2535 1073 2635 1142 τῆς
2657 1072 2884 1144 γνώμης
2907 1073 3058 1140 ἄξιον
3088 1073 3232 1128 κατά
3280 1073 3432 1127 θείαν
3461 1074 3640 1145 ψῆφον
3665 1075 3754 1146 τὴν

2179 1163 2360 1231 σοφῶς
2394 1163 2492 1235 τὴν
2539 1164 2699 1234 ἡμῶν
2735 1167 3012 1236 σωτηρίαν
3059 1165 3459 1235 οἰκονομοῦσαν
3507 1167 3755 1237 septem

2179 1253 2414 1320 καρπὸν,
2445 1254 2508 1306 οὑ
2543 1255 2704 1322 μόνον
2737 1255 2828 1306 τοῦ
2863 1255 3116 1320 σώματος
3163 1256 3262 1326 τὴν
3309 1256 3524 1328 φθοράν
3555 1257 3754 1310 καὶτὸν

2179 1343 2434 1410 θάνατον,
2475 1345 2568 1400 καὶ
2613 1346 2714 1410 τὴν
2751 1347 2886 1414 πρὸς
2925 1349 3036 1401 πᾶν
3068 1347 3241 1412 πάθος
3289 1349 3649 1418 εῦέμπτωτον
3681 1350 3754 1410 κί-

2177 1435 2337 1504 νησίν
2365 1451 2424 1487 τε
2455 1433 2552 1486 καὶ
2597 1434 3034 1506 ἐπιτηδειότητα,
3067 1434 3205 1488 ἀλλά
3235 1438 3330 1489 καὶ
3358 1437 3464 1504 τῆς
3496 1439 3651 1498 ἐκτὸς
3674 1439 3758 1490 καὶ

2178 1525 2308 1593 περὶ
2339 1525 2502 1579 αὑτὸν
2535 1525 2727 1595 ὑλικῆς
2750 1527 2942 1590 οὐσίας
2965 1527 3026 1579 τὸ
3055 1526 3292 1581 ἄστατον
3323 1529 3422 1581 καὶ
3453 1528 3753 1598 ἀνώμαλον,

2179 1618 2274 1671 καὶ
2296 1617 2433 1687 πρὸς
2455 1617 2516 1670 τὸ
2539 1617 2882 1671 ἀλλοιοῦσθαι
2910 1617 3142 1689 εὔφορον
3159 1636 3218 1671 τε
3251 1620 3346 1674 καὶ
3375 1619 3626 1692 εὐχερὲς,
3657 1623 3756 1674 εἴτε

2179 1708 2310 1759 τότε·
2333 1707 2503 1777 αὐτὴν
2530 1704 2625 1760 τοῦ
2647 1707 2783 1761 Θεοῦ
2813 1697 2902 1761 διὰ
2931 1709 3031 1778 τὴν
3061 1709 3378 1780 παράὄασιν
3400 1709 3484 1780 τῷ
3516 1708 3756 1782 ἡμετέρῳ

484 1808 606 1878 pori
637 1807 1050 1868 commiscente,
1081 1813 1136 1862 et
1163 1805 1230 1860 ad
1262 1803 1618 1860 alienandum
1652 1819 1796 1867 eam,
1831 1802 1913 1857 sic
1945 1816 2075 1857 cor-

2180 1797 2394 1870 σὼματι
2425 1798 2612 1872 (ι3ἀ,
2636 1799 2688 1869 b)
2723 1816 2783 1851 συ
2795 1801 3348 1872 μμετακεράσαντος,
3382 1801 3485 1854 καὶ
3513 1801 3611 1872 τὴν
3637 1803 3758 1872 πρὸς

488 1916 622 1970 pore
654 1899 719 1954 ad
751 1883 1061 1968 passionem
1097 1908 1153 1954 et
1188 1897 1604 1968 corruptionem
1643 1905 1700 1952 et
1733 1896 1962 1952 omnino
1987 1909 2078 1950 so-

488 1991 780 2052 lutionem,
817 1987 962 2043 sicut
1001 1988 1316 2042 mortaliqu
1345 1989 1400 2041 in
1429 1986 1686 2058 paradiso
1717 1986 1942 2056 pellium
1975 1983 2076 2038 de-

489 2081 664 2134 clarat
711 2079 964 2144 amictus,
1011 2078 1293 2134 inserente
1355 2077 1682 2148 potentiam,
1724 2077 1880 2150 juxta
1926 2073 2076 2146 quod

489 2173 756 2242 scriptum
783 2179 865 2224 est
897 2187 910 2222 :
941 2168 1081 2233 Quia
1113 2178 1162 2223 et
1193 2170 1306 2239 ipsa
1334 2177 1581 2226 creatura
1609 2168 1839 2242 subjecta
1863 2175 1938 2221 est
1963 2183 2080 2220 cor-

491 2263 724 2334 rnptioni
758 2260 960 2324 uolens,
987 2259 1078 2314 sed
1117 2268 1332 2331 propter
1365 2259 1723 2330 subjicientem
1746 2260 1802 2314 in
1824 2275 1950 2330 spe;
1973 2273 2076 2314 seu

488 2371 556 2410 ex
591 2353 886 2425 principio,
943 2367 1042 2421 per
1088 2351 1491 2422 praescientiam
1537 2352 1618 2407 sic
1659 2367 1777 2406 eam
1829 2361 2074 2418 creante,

489 2456 716 2517 propter
750 2445 1036 2516 przevisam
1072 2443 1313 2500 hominis
1343 2443 1877 2513 przevaricationem,
1912 2443 1988 2498 ita
2016 2451 2078 2498 ut

488 2537 749 2614 patiendo
779 2547 837 2592 et
861 2535 1106 2592 vitiando
1139 2551 1238 2606 per
1273 2551 1331 2591 se
1367 2535 1424 2590 in
1454 2550 1786 2591 consensum
1819 2534 1993 2605 ipsius
2021 2541 2077 2589 et

487 2629 727 2701 propriae
747 2627 1030 2699 dignitatis
1046 2625 1284 2690 veniret,
1303 2635 1359 2682 et
1383 2626 1691 2697 inseparate
1715 2626 1988 2696 reciperet
2008 2623 2076 2679 ad

488 2737 690 2792 corpus
713 2729 768 2778 et
797 2737 855 2778 se
885 2721 1060 2790 ipsam
1092 2717 1292 2774 iterum
1323 2719 1604 2774 allectum.
1630 2718 1898 2774 Concedit
1926 2717 2076 2774 enim

487 2813 928 2883 sapientissimus
957 2812 1082 2866 vitae
1115 2819 1318 2867 nostr-.1-
1347 2811 1600 2882 provisor
1632 2809 1961 2865 naturaliter
1995 2809 2076 2863 uti

487 2921 631 2976 sepe
683 2904 852 2958 rebus
897 2903 1138 2974 propriis
1191 2903 1438 2958 motibus
1483 2901 1552 2957 ad
1587 2912 1832 2958 nostram
1869 2901 2080 2958 utilita-

491 3007 622 3060 tem,
660 2995 938 3054 interdum
969 2994 1160 3053 insane
1187 3010 1282 3050 eas
1311 3002 1630 3054 tractantes,
1653 3007 1722 3048 ex
1751 2993 2077 3049 confusione

488 3098 545 3140 et
594 3086 1009 3166 perturbatione
1043 3087 1191 3142 circa
1233 3101 1328 3143 eas
1369 3095 1427 3142 et
1474 3102 1543 3142 ex
1573 3086 1677 3151 eis,
1715 3086 1783 3142 ad
1823 3086 1876 3142 id
1925 3085 2074 3160 quod
2103 3116 2148 3174 ο

489 3179 724 3234 amabile
751 3188 837 3233 est
870 3177 1174 3234 secundum
1207 3189 1483 3244 naturam,
1517 3179 1803 3236 adducens
1849 3180 2076 3235 interim

488 3277 739 3322 nostrum
778 3263 1210 3346 irrationabilem
1257 3269 1324 3326 ad
1357 3285 1421 3325 ea
1455 3285 1578 3340 quae
1610 3271 1902 3342 praesentia
1946 3278 2077 3324 sunt

489 3372 755 3412 amorem.
792 3355 996 3412 Tribus
1045 3357 1194 3414 enim
1244 3359 1642 3416 exsistentibus
1671 3360 2078 3416 universalibus

491 3449 690 3514 modis,
727 3465 826 3520 per
855 3465 992 3519 quos
1026 3451 1218 3508 dicunt
1241 3451 1460 3508 erudite
1493 3460 1711 3508 nostras
1737 3453 1920 3508 sanari
1953 3467 2076 3523 pas-

457 3528 706 3600 siones,
756 3554 854 3610 per
900 3539 1146 3612 singulos
1191 3541 1386 3618 modos
1433 3543 1714 3616 sapienter
1760 3544 2075 3599 inordinate

490 3630 752 3696 materim,
781 3631 1036 3687 ordinate
1065 3633 1374 3688 secundum
1399 3650 1566 3710 super
1588 3651 1690 3691 nos
1710 3644 1764 3691 et
1788 3635 2072 3691 meliorem

489 3722 782 3789 rationem,
833 3723 901 3778 ad
948 3724 1224 3798 cognitam
1277 3726 1391 3782 Deo
1437 3727 1638 3782 bonam
1673 3729 2074 3800 pulchramque

487 3815 906 3885 perfectionem,
937 3818 1246 3888 gubernata
1279 3819 1501 3876 malitiae
1529 3821 1848 3890 passionum
1881 3836 2074 3892 grave-

486 3901 636 3967 dine,
663 3902 1128 3961 medicamentum
1170 3907 1414 3977 ponitur.
1446 3908 1560 3964 Aut
1591 3910 1740 3963 enim
1769 3919 1897 3964 ante
1925 3925 2074 3968 com-

487 3991 781 4045 missorum
816 4001 1170 4061 peccatorum
1212 4009 1430 4064 pinnam
1467 4004 1802 4065 repetentes,
1834 4013 2071 4068 quorum

485 4099 640 4152 :eqtte
663 4098 842 4153 neque
863 4083 1156 4154 vestigium
1182 4087 1448 4142 memoria
1502 4087 1815 4144 detinemus
1844 4097 2072 4159 propter

489 4176 1144 4246 ignorantiam;fortassis
1160 4193 1291 4234 vero
1309 4179 1686 4258 recordantes,
1703 4192 2070 4255 opportunam

487 4268 708 4324 delictis
741 4270 1035 4326 restituere
1079 4272 1480 4329 correctionem
1525 4289 1636 4330 non
1673 4277 2067 4344 sustinuimus,

487 4375 584 4414 seu
599 4361 850 4416 nolentes
875 4377 970 4416 seu
992 4378 1105 4417 non
1125 4363 1373 4420 valentes
1391 4373 1615 4434 propter
1637 4365 1942 4436 ingenitum
1965 4384 2072 4422 ma-

2176 1883 2238 1939 τὺ
2267 1883 2618 1939 ἀλλοιοῦσθαι
2652 1885 2748 1938 καλ⁵
2791 1884 2952 1956 αὐτῇ,
2984 1883 3176 1956 ὥσπερ
3231 1885 3310 1958 τῷ
3366 1887 3624 1958 σώματι,
3671 1886 3758 1958 τὴν

2177 1979 2315 2050 πρὸς
2345 1977 2406 2031 τὸ
2439 1979 2673 2048 πάσχειν
2701 1995 2762 2031 τε
2815 1979 2920 2046 καὶἸ
2959 1977 3279 2050 φθείρεσθαι
3319 1980 3418 2033 καὶ
3456 1980 3600 2044 ὅλως
3645 1979 3759 2033 ltis-

2180 2069 2325 2124 σθαι·
2357 2069 2432 2132 ὡς
2461 2067 2618 2140 δηλοῖ
2648 2070 2680 2140 ἠ
2711 2069 2820 2123 τῶν
2845 2071 3061 2140 νεκρῶν
3093 2070 3368 2143 σωμάτιον
3400 2070 3449 2102 ⁸⁵
3482 2071 3756 2144 περιϐολὴ.

2178 2157 2470 2227 ἐνθἐμένου
2505 2155 2740 2227 δύναμιν
2775 2155 2918 2210 κατά
2950 2157 3012 2208 τὸ
3071 2157 3499 2228 γεγραμμένον,
3531 2157 3616 2212 ὅτι
3658 2160 3757 2213 Καὶ

2177 2246 2332 2312 αὐτὴ
2368 2244 2408 2311 ἠ
2444 2247 2644 2310 κτίσις
2695 2242 2966 2312 ὑπετάγη
3003 2242 3075 2312 τῇ
3111 2243 3306 2314 φθορᾷ
3341 2248 3462 2316 οὐχ
3504 2245 3754 2311 ἑκοῦσα,

2177 2335 2315 2392 ἀλλά
2343 2336 2432 2390 διά
2464 2335 2555 2389 τὸν
2585 2334 2941 2400 ὑποτάξαντα
2971 2336 3060 2388 ἐπ’
3099 2336 3296 2403 ἐλπίδι,
3325 2337 3383 2390 εἴ
3407 2355 3470 2390 τε
3513 2337 3574 2403 ἐξ
3597 2337 3759 2408 ἀρχῆς

2175 2431 2321 2485 κατά
2353 2429 2666 2499 πρόγνωσιν
2712 2428 2890 2492 οὕτως
2918 2430 3086 2500 αὐτὴν
3133 2430 3652 2502 δημιουργήσαντος
3680 2430 3758 2484 διὰ

2175 2520 2276 2591 τὴν
2311 2519 2718 2590 προοραθεϊσαν
2745 2518 3084 2589 παράϐασιν·
3123 2517 3266 2572 ὥστε
3299 2519 3382 2591 τῷ
3417 2520 3654 2590 πάσχειν
3671 2522 3755 2574 καὶ

2177 2611 2485 2666 κακοῦσθαι
2516 2611 2585 2664 δι’
2631 2611 2828 2680 αὐτῆς,
2886 2611 2968 2674 είς
3015 2610 3371 2683 συναίσθησιν
3423 2609 3626 2666 ἑαυτοῦ
3671 2611 3754 2667 καὶ

2177 2702 2272 2757 τοῦ
2303 2701 2506 2757 οἰκείου
2554 2700 2869 2777 ἀξιώματος
2901 2699 3098 2766 ἐλθεῖν,
3135 2703 3233 2756 καὶ
3261 2705 3559 2768 ἀσπασίως
3593 2719 3752 2757 κατα-

2177 2793 2432 2859 δέξασθαι
2462 2793 2563 2865 τὴν
2593 2793 2733 2864 πρὸς
2763 2795 2824 2847 τδ
2859 2793 3024 2864 σῶμα
3054 2795 3147 2847 καὶ
3186 2793 3358 2866 αὐτὴν
3387 2793 3748 2850 ἀποδιάθεσιν.

2178 2883 2462 2953 Συγχωρεῖ
2488 2883 2596 2954 γάρ
2620 2884 2648 2936 ὁ
2683 2883 2962 2951 πάνσοφος
3001 2883 3102 2952 τῆς
3133 2885 3418 2958 ἡμετέρας
3451 2884 3602 2957 ζωῆς
3631 2901 3751 2957 προ·

2178 2973 2380 3045 νοητῆς
2435 2972 2687 3042 φυσικῶς
2737 2972 2979 3044 χρῆσθαι
3021 2974 3286 3040 πολλάκις
3337 2979 3408 3030 τὰ
3463 2981 3750 3048 πράγματα

2162 3067 2300 3128 ταῖς
2343 3065 2576 3128 οἰκείαις
2605 3067 2806 3136 ὁρμαῖς
2833 3065 2970 3136 πρὸς
3011 3068 3396 3138 σωφρονισμὸν
3436 3069 3619 3140 ἡμῶν,
3649 3067 3748 3120 ἐσθ’

2177 3155 2289 3228 ὅπη
2316 3153 2426 3209 τῶν
2461 3156 2745 3226 ἐμμανῶς.
2771 3155 2912 3208 αὐτά
2967 3159 3513 3230 μεταχειριζομένων
3552 3158 3638 3212 διά
3665 3156 3750 3226 τῆς

2178 3249 2310 3321 περὶ
2337 3248 2478 3303 αὐτὰ
2503 3251 2600 3302 καὶ⁵
2626 3249 2684 3314 ἐξ
2712 3247 2894 3303 αὐτῶν
2929 3249 3248 3321 συγχύσεώς
3275 3267 3334 3304 τε
3363 3252 3465 3304 καὶ
3496 3249 3746 3322 ταραχῆς,

2178 3342 2317 3414 πρὸς
2364 3340 2426 3396 τὸ
2468 3340 2610 3394 κατά
2649 3341 2814 3410 φύσιν
2853 3339 3085 3411 ἑραστὸν
3137 3342 3438 3410 ἐπανάγων
3488 3341 3581 3395 τὸν
3625 3341 3749 3405 τέως

2177 3434 2464 3502 ἀλόγιστον
2490 3432 2649 3502 ἡμῶν
2683 3432 2818 3502 πρὸς
2847 3431 2915 3484 τὰ
2951 3434 3196 3501 παρόντα
3221 3435 3424 3506 ἔρωτα.
3449 3435 3627 3508 Τριῶν
3653 3433 3746 3503 γὰρ

2175 3529 2347 3582 ὄντων
2376 3525 2684 3582 καθολικῶν
2705 3527 2948 3598 τρόπων,
2974 3525 3099 3580 καθ’
3121 3527 3217 3592 οῦς
3238 3545 3374 3597 φασι
3397 3527 3746 3596 παιδευτικῶς

2174 3623 2244 3676 τὰ
2271 3621 2522 3693 ἡμέτερα
2563 3617 2813 3685 ἐξιᾶσθαι
2859 3618 3032 3689 πάθη,
3075 3617 3145 3672 δι’
3164 3621 3401 3675 ἑκάστου
3432 3623 3634 3694 τρόπου
3666 3636 3745 3673 σο-

2175 3713 2293 3783 φῶς
2319 3712 2379 3765 τδ
2401 3711 2507 3779 τῆς
2526 3707 2662 3780 ὕλης
2715 3708 2954 3784 ἄτακτον
3003 3710 3286 3775 εὐτάκτως
3329 3713 3474 3768 κατά
3502 3713 3594 3767 τὸν
3621 3712 3746 3784 ὑπὲρ

2175 3806 2322 3878 ἡμᾶς
2355 3805 2448 3856 καὶ
2483 3801 2774 3872 κρείττονα
2811 3801 2972 3870 λόγον
3005 3802 3142 3874 πρὸς
3189 3803 3251 3856 τὸ
3301 3805 3647 3876 ἐγνωσμένον
3676 3804 3744 3871 τῷ

2173 3894 2294 3965 Θεῷ
2343 3891 2732 3961 ἁγαθοπρεπές
2783 3892 3138 3964 ἀποτέλεσμα
3181 3885 3610 3967 κυϐερνωμένης
3657 3891 3744 3962 τῆς

2175 3988 2354 4056 κακῆς
2395 3984 2506 4038 τῶν
2535 3983 2726 4036 παθῶν
2757 3982 3052 4055 ἀχθηδόνος
3086 3983 3224 4056 ἴαμα
3267 3985 3502 4042 τίθεται.
3551 3986 3622 4041 Ἢ
3647 3983 3742 4055 γὰρ

2171 4081 2284 4134 τῶν
2312 4076 2738 4152 προγεγονότων.
2759 4077 3178 4150 ἁμαρτημάτων
3207 4081 3402 4150 ποινὴν
3423 4078 3744 4149 ἀπαιτοῦμεν

2173 4190 2276 4236 νοι,
2311 4165 2388 4224 ὧν
2431 4165 2565 4232 ἴσως
2593 4169 2704 4223 οὐδ’
2739 4167 2888 4238 ἴχνος
2929 4163 2998 4240 τῇ
3055 4169 3248 4242 μνήμῃ
3295 4172 3740 4243 παρακατέχομεν

2417 4259 2472 4334 a)
2523 4258 2612 4314 διὰ
2657 4257 2760 4332 τὴν
2794 4259 3038 4328 ἄγνοιαν,
3071 4260 3235 4332 τυχὸν
3288 4258 3347 4316 δὲ
3397 4265 3496 4318 καὶ
3545 4276 3738 4335 μνημο-

2173 4355 2427 4417 νεύοντες
2460 4351 2559 4423 τὴν
2588 4352 2815 4406 δέουσαν
2856 4353 2970 4416 τοῖς
3012 4351 3498 4424 πλημμεληθεῖσιν
3536 4357 3740 4422 ἁντιση·

487 4451 619 4507 litize
642 4449 923 4534 habitum;
945 4469 1042 4508 seu
1069 4453 1444 4510 infirmitatem
1470 4471 1792 4527 purgamur,
1813 4466 1908 4512 aut
1927 4473 2071 4527 prte-

2177 4445 2352 4501 κῶσαι
2383 4442 2671 4515 διόρθωσιν
2718 4444 2818 4497 οὐκ
2847 4441 3236 4517 ἀνεχόμεθαμῆ
3271 4446 3350 4519 μὴ
3399 4446 3660 4510 θέλοντες,
3684 4444 3739 4514 ἣν

485 4540 698 4599 sentem
721 4556 777 4601 et
797 4536 1146 4602 distributam
1169 4547 1230 4618 (ί)
1253 4547 1518 4602 malitiam
1540 4549 1880 4618 repellimus,
1900 4559 1958 4604 et
1973 4551 2072 4605 ite-

488 4656 611 4694 rum
635 4643 703 4694 ad
733 4640 986 4695 habitum
1013 4639 1214 4695 futura:
1234 4641 1361 4695 vitae
1387 4639 1768 4710 praediscimus
1788 4641 2069 4710 aspicere:

485 4743 581 4787 aut
600 4731 752 4786 firma
776 4732 1072 4788 tolerantia
1089 4741 1144 4786 et
1165 4733 1254 4802 pia
1273 4733 1599 4788 fortitudine
1621 4732 1873 4792 mirabile
1891 4747 2076 4788 exem-

489 4823 636 4892 plum
655 4821 779 4878 aliis
799 4822 1120 4878 hominibus
1147 4823 1288 4878 alius
1310 4822 1569 4893 proponit
1591 4823 1777 4887 homo,
1799 4821 2074 4892 siquidem

486 4909 737 4967 exectius
771 4921 867 4966 aut
897 4911 1256 4983 intelligentia
1289 4921 1454 4981 atque
1483 4913 1688 4967 virtute
1719 4910 1990 4982 gloriosus
2015 4921 2071 4966 et

492 5005 722 5060 idoneus
737 5021 838 5075 per
853 5019 912 5060 se
930 5005 1108 5074 ipsum
1128 5003 1496 5074 imperterrita
1513 5011 1701 5057 contra
1721 5011 1963 5058 terrores
1973 5017 2067 5058 eo-

487 5095 576 5166 pia
597 5093 692 5166 (ιιι)
715 5094 1069 5150 manifestare
1086 5093 1306 5150 interim
1324 5091 1595 5149 occultam
1611 5091 1922 5148 veritatem.
1958 5093 2068 5147 Ad-

562 5233 588 5272 ¹ι
622 5199 782 5288 item.
811 5247 925 5296 VIII,
963 5229 1056 5284 20.

2176 4539 2252 4612 μὴ
2293 4538 2592 4610 ἰσχύοντες,
2619 4536 2708 4592 διὰ
2733 4537 2833 4610 τὴν
2859 4537 3230 4610 ἐγγενομένην
3263 4539 3376 4606 ἕξιν
3403 4543 3504 4614 τῆς
3539 4539 3736 4601 κακίας,

2172 4629 2326 4703 ῆτὴν
2357 4628 2648 4682 ἀσθένειαν
2687 4625 3098 4700 καθαιρόμεθα,
3145 4628 3180 4702 ἢ
3238 4631 3523 4705 παροῦσάν
3560 4649 3618 4686 τε
3658 4627 3740 4683 καὶ

2173 4721 2481 4795 νεμομένην
2506 4719 2708 4775 κακίαν
2734 4720 3183 4793 ἀποϐαλλόμεθα,
3215 4725 3310 4778 καὶ
3352 4725 3490 4796 πρὸς
3533 4725 3740 4778 ἀναστο-

2171 4816 2270 4890 λὴν
2294 4817 2393 4887 τῆς
2423 4813 2728 4886 μελλούσης
2777 4813 2906 4869 ἰδεῖν
2951 4817 3450 4888 προδιδασκόμεθα,
3483 4819 3516 4888 ἢ
3558 4829 3740 4886 καρτε-

2181 4911 2304 4980 ρίας
2331 4910 2566 4982 ἀρίστης
2598 4912 2696 4964 καὶ
2728 4899 2989 4976 εῦσεόοῦς
3011 4905 3269 4982 ἀνδρείας
3298 4909 3600 4984 ὑπόδειγμα
3629 4908 3738 4962 θαυ-

2181 5005 2389 5074 μαστὸν
2413 5007 2527 5066 τοῖς
2560 5001 2742 5067 ἄλλοις
2770 5001 3086 5074 ἀνθρώποις
3131 5005 3290 5070 ἄλλος
3321 5007 3630 5078 προτίθεται
3655 5001 3734 5054 ἄν·

2181 5093 2421 5166 θρωπος,
2448 5095 2626 5165 ἄνπερ
2659 5093 2870 5165 ὑψηλῆς
2975 5096 3074 5166 τὴν
3101 5096 3345 5152 διάνοιαν
3373 5101 3467 5154 καὶ
3495 5099 3590 5166 τὴν
3622 5095 3733 5162 ἀρε-

1798 5323 2034 5380 ΥΑΒΙΑΞ
2068 5324 2479 5382 LECTIONES.
2595 5375 2604 5382 .
2681 5369 2690 5380 .
3669 5363 3687 5382 .

514 5418 606 5494 ἐξ
654 5418 944 5491 δερμάτων
987 5417 1110 5473 eod.
1177 5416 1319 5472 Gud.
1368 5417 1476 5474 Sed
1516 5417 1708 5472 eadem
1750 5433 1946 5474 manus
1982 5419 2190 5490 syllaba
2247 5437 2324 5474 σω
2399 5421 2772 5491 superscripta
2833 5423 3102 5493 σωμάτων
3169 5422 3545 5494 reponendum
3604 5409 3730 5473 indi-

491 5491 656 5546 cavit.

2052 5578 2286 5634 NOT/E.

559 5673 632 5742 (Ir)
671 5671 838 5726 Omne
865 5672 1004 5742 quod
1044 5671 1237 5740 fecerat
1279 5673 1381 5742 (sic
1407 5671 1540 5726 Gale
1599 5673 1653 5742 in
1684 5672 1900 5737 adnot.,
1953 5687 2063 5726 non

495 5741 640 5812 {eam
677 5782 690 5796 .
727 5741 885 5796 verte
920 5745 1132 5794 omnino
1158 5742 1345 5795 oblitrs
1376 5744 1575 5812 fuerat.
1597 5741 1795 5811 (Gale.)

2249 5673 2310 5740 ll)
2340 5671 2484 5747 Lege
2523 5674 2890 5747 dcpaaqrnterp
2922 5691 3038 5747 nos.
3059 5675 3256 5747 (Gale.;

2255 5749 2349 5812 (In)
2385 5743 2524 5814 Lege
2565 5743 2775 5808 copula.
2818 5745 3017 5813 (Gale.)
