3998 6368
337 4665 348 4688 .

345 4702 356 4779 ἔ

403 399 539 465 1103

1622 403 2141 468 AMBIGUORUM
2177 404 2429 465 LIBER.

3450 382 3455 387 ’
3499 402 3634 468 1106

394 515 495 581 τὴν
532 509 801 576 ἐπίδοξος,
855 509 951 563 καὶ
1000 508 1185 573 ἱκανὸς
1230 508 1298 562 δι’
1340 508 1537 563 ἑαυτοῦ
1574 514 1641 583 τῇ
1680 511 1967 581 ἀκλονήτῳ

2091 521 2256 565 nonet
2299 511 2485 580 itaque
2514 525 2608 567 eos
2636 510 2729 581 qui
2758 510 2890 566 nihil
2923 529 3087 582 supra
3122 519 3443 582 praesentem
3473 513 3639 565 vitam

397 604 534 675 πρὸς
581 602 651 656 τά
683 602 834 657 δεινά
890 602 1176 673 συμπλοκῇ
1226 601 1543 672 φανερῶσαι
1566 602 1665 674 τὴν
1694 604 1833 666 τέως
1876 619 1970 656 κε-

396 695 723 765 κρυμμένην
758 694 1038 766 ἀλήθειαν.
1071 696 1338 764 Παραινεῐ
1367 691 1460 749 οὖν
1490 697 1603 758 τοῖς
1633 693 1801 766 μηδὲν
1828 694 1971 765 ὑπὲρ

396 789 495 856 τὴν
525 787 805 859 παροῦσαν
832 786 978 857 ζωὴν
994 786 1327 841 διανοεῖσθαι
1350 788 1693 858 δυναμένοις,
1727 786 1801 858 μὴ
1834 788 1970 857 θαρ-

396 880 554 950 ροὖσι
594 882 660 950 τῇ
685 879 780 932 τοῦ
817 880 1071 951 σώματος
1105 880 1287 951 ὑγεία,
1318 882 1415 934 καὶ
1441 879 1521 950 τῷ
1548 881 1691 935 κατά
1718 879 1845 951 ροῦν
1871 895 1968 950 φε-

397 969 614 1039 ρομένῳ
642 968 752 1021 τῶν
800 968 1148 1039 πραγμάτων
1185 969 1373 1040 δρόμῳ
1422 968 1564 1023 κατά
1606 968 1720 1021 τῶν
1762 968 1969 1021 τούτων

393 1059 777 1129 ὲστερημὲνων
820 1058 1172 1130 ἐπαίρεσθαι,
1202 1059 1319 1123 ἕως·
1347 1061 1381 1130 ἡ
1417 1058 1668 1131 παροῦσα
1705 1059 1967 1127 ἐνέστηκε

394 1152 531 1225 ζωὴ,
573 1154 667 1208 καὶ
697 1156 796 1225 τὴν
844 1153 1052 1223 φθορὰν
1085 1155 1428 1225 περίκεινται
1472 1153 1701 1224 ταύτην,
1745 1154 1874 1222 περὶ
1900 1153 1970 1223 ἢν

393 1246 429 1314 ἡ
462 1244 639 1316 τροπὴ
670 1228 782 1299 καλ
808 1246 842 1312 ἡ
898 1243 1218 1309 ἀλλοίωσις,
1276 1245 1471 1315 ἀδήλου
1503 1245 1659 1308 ὄντος
1694 1245 1787 1299 τοῦ
1816 1244 1869 1298 τί
1904 1245 1970 1298 ἐκ

392 1335 496 1403 τῆς
522 1334 616 1387 τοῦ
642 1334 893 1404 σώματος
916 1336 1010 1389 καὶ
1044 1335 1153 1388 τῶν
1180 1335 1338 1399 ἐκτὸς
1373 1337 1713 1406 πραγμάτων
1748 1337 1971 1405 ἀνωμα-

393 1424 517 1490 λίας
562 1443 618 1478 τε
650 1424 746 1480 καὶ
786 1427 1031 1497 ταραχῆς
1058 1428 1151 1479 καὶ
1188 1428 1372 1490 αὐτοῖς
1405 1428 1770 1498 συμϐήσεται.
1798 1427 1970 1481 Τοῦτο

392 1516 502 1587 γὰρ
529 1513 681 1586 οἶμαι
708 1515 889 1584 λέγειν
917 1516 1083 1570 αὐτὸν
1116 1515 1207 1568 διὰ
1232 1517 1350 1579 τοῦ,
1392 1536 1411 1567 ι
1440 1516 1587 1579 Ἕως
1616 1516 1682 1570 ἂν
1707 1518 1805 1569 καὶ
1833 1517 1966 1586 παρ’

396 1608 600 1676 ἑαυτῆς
636 1611 670 1677 ἡ
697 1607 798 1677 ὕλη
826 1608 969 1679 φέρῃ
996 1608 1058 1660 τὸ
1091 1608 1350 1672 ἄτακτον,
1385 1626 1405 1658 ι
1439 1607 1561 1661 ἀντὶ
1579 1606 1696 1674 τοῦ,
1730 1607 1877 1670 Ἕως
1902 1606 1970 1661 ἂν

395 1698 501 1752 ὑπὸ
531 1698 736 1768 φθορὰν
765 1699 857 1753 καὶ
890 1698 1184 1773 ἀλλοίωσίν
1211 1701 1328 1750 ἐστι
1359 1698 1514 1751 τοῦτο
1535 1698 1596 1750 τὸ
1620 1699 1749 1763 πᾶν,
1783 1698 1880 1751 καὶ
1906 1698 1969 1751 τὸ

394 1790 556 1859 σῶμα
583 1790 683 1858 τῆς
725 1790 1111 1853 ταπεινώσεως
1144 1789 1530 1861 περικείμεθα.
1567 1790 1662 1843 καὶ
1696 1789 1826 1853 ἴσως
1850 1791 1965 1853 τοῖς

391 1881 451 1943 ἐξ
489 1879 657 1934 αὑτοῦ
707 1880 797 1934 διά
848 1881 950 1951 τὴν
984 1881 1228 1950 ἔμφυτον
1268 1880 1556 1934 ἀσθένειαν
1606 1880 1972 1951 πολυτρόποις

391 1973 581 2034 κακοῖς
619 1969 982 2040 ὑποκείμεθαο
1030 1971 1106 2041 μὴ
1163 1972 1284 2024 κατ’
1315 1971 1564 2041 ἀλλήλων
1607 1969 1970 2041 ὲπαιρώμεθα

388 2061 480 2116 διὰ
508 2062 608 2132 τὴν
627 2062 758 2133 περὶ
788 2062 937 2132 ἡμᾶς
964 2061 1259 2133 ἀνισότητα
1277 2062 1461 2132 (135
1487 2062 1563 2133 b),
1596 2061 1735 2116 ἀλλὰ
1769 2062 1971 2131 μᾶλλον

393 2154 632 2223 σώφρονι
650 2152 898 2222 λογισμῷ
924 2152 1023 2223 τὴν
1054 2156 1155 2222 τῆς
1193 2152 1457 2222 ὁμοτίμου
1502 2151 1720 2221 φύσεως
1750 2152 1974 2223 ἀνωμα-

390 2244 515 2298 λίαν
572 2244 985 2313 ὲξομαλίσωμεν
1005 2284 1020 2309 ,
1053 2244 1152 2306 τὰς
1180 2243 1290 2298 τῶν
1319 2244 1494 2297 ἀλλων
1535 2243 1803 2314 ἐλλείψεις
1850 2246 1972 2307 ταῖς

391 2334 552 2405 ἡμῶν
596 2333 778 2389 αὐτῶν
812 2333 1256 2405 ἀναπληροῦντες
1284 2334 1636 2405 ὑπερϐολαῖς.
1671 2335 1764 2388 Διὸ
1802 2335 1967 2404 τυχὸν

392 2423 491 2477 καὶ
518 2425 552 2495 ἡ
582 2423 838 2495 παροῦσα
864 2423 1221 2493 συνεχωρήθη
1249 2423 1633 2476 πολιτεύεσθαι
1658 2425 1967 2496 ἀνωμαλία,

395 2514 488 2567 ἵνα
514 2513 701 2584 δειχθῇ
733 2514 767 2585 ἡ
809 2513 902 2567 τοῦ
944 2516 1004 2566 ὲν
1032 2516 1165 2584 ἡμῖν
1193 2513 1352 2582 λόγου
1386 2513 1618 2584 δύναμις
1646 2515 1971 2587 προτιμῶσα

393 2606 616 2661 πάντων
644 2605 742 2678 τὴν
778 2606 1005 2677 ἀρετήν.
1039 2604 1270 2660 Πάντων
1296 2605 1406 2677 γὰρ
1435 2604 1738 2678 ἀνθρώπων
1767 2608 1800 2678 ἡ
1831 2608 1968 2679 αὐτή

395 2700 515 2752 ἑστι
546 2698 646 2752 τοῦ
673 2715 733 2752 τε
784 2697 1038 2768 σώματος
1072 2698 1169 2751 καὶ
1205 2697 1316 2751 τῶν
1344 2698 1500 2762 ἐκτὸς
1534 2697 1713 2768 τροπὴ
1743 2699 1839 2752 καὶ
1871 2700 1970 2752 ἀλ-

2072 602 2377 673 intclligere
2409 612 2657 672 possunt,
2687 619 2756 658 ne
2802 606 2857 658 in
2897 607 3128 659 sanitate
3167 606 3413 675 corporis
3466 594 3641 659 conli-

2070 694 2222 760 dant,
2253 702 2310 750 et
2335 695 2661 751 destillando
2691 696 2878 752 mobili
2908 713 3091 751 rerum
3124 713 3282 751 cursu
3312 712 3412 766 per
3452 712 3642 751 earum

2068 786 2315 842 defectus
2338 789 2647 843 exaltentur
2677 789 2779 860 (η),
2818 789 2946 842 dum
2989 805 3224 857 przesens
3251 789 3466 843 steterit
3506 788 3639 851 vita,

2069 883 2126 931 et
2163 877 2219 931 in
2272 879 2433 931 talem
2480 879 2893 948 corruptionem
2941 880 3458 942 circumvolvantur,
3497 879 3642 932 circa

2070 982 2232 1037 quam
2281 968 2570 1023 conversio
2601 978 2686 1024 est
2732 979 2788 1025 et
2836 952 3203 1035 mutabilitas;
3242 970 3373 1023 dum
3422 970 3493 1023 sit
3538 969 3644 1021 hoc

2071 1058 2365 1123 incertum,
2397 1059 2530 1128 quid
2558 1076 2625 1114 ex
2649 1076 2879 1132 corpore
2910 1071 2967 1117 et
2991 1063 3237 1118 exterius
3266 1077 3448 1117 rerum
3480 1062 3643 1115 dissi-

2069 1153 2380 1208 militudine
2405 1169 2468 1208 ac
2491 1155 2903 1224 perturbatione
2922 1156 3006 1210 eis
3027 1155 3326 1224 contingat.
3356 1152 3471 1206 Hoc
3497 1150 3642 1204 enim

2069 1246 2310 1300 arbitror
2342 1244 2529 1301 dicere
2553 1260 2678 1300 eum
2709 1259 2807 1315 per
2838 1247 2965 1311 hoc,
2999 1265 3018 1298 ι
3058 1247 3196 1300 Dum
3232 1259 3261 1298 a
3294 1258 3353 1298 se
3386 1244 3503 1312 ipsa
3531 1256 3647 1295 ma-

2071 1338 2235 1393 teries
2280 1338 2390 1393 fert
2434 1338 2827 1403 inordinatum,
2867 1357 2886 1389 ι
2938 1354 3039 1408 pro
3071 1353 3139 1392 eo
3183 1335 3330 1407 quod
3376 1342 3477 1397 est,
3515 1334 3645 1387 dum

2070 1434 2173 1488 sub
2217 1435 2572 1504 corruptione
2607 1442 2663 1489 et
2706 1434 3073 1489 mutabilitate
3114 1441 3199 1487 est
3230 1432 3336 1485 hoc
3370 1437 3543 1484 totum
3593 1436 3646 1480 et

2069 1539 2271 1594 corpus
2301 1525 2628 1580 humilitatis
2658 1526 2960 1588 induimur,
3005 1532 3063 1579 et
3104 1538 3258 1593 teque
3288 1537 3355 1577 ex
3400 1520 3519 1589 ipso
3548 1534 3647 1587 per

2070 1618 2289 1673 insitam
2314 1619 2685 1674 inﬁrmitatem
2710 1620 2895 1674 multis
2915 1618 3093 1673 modis
3116 1618 3274 1672 malis
3299 1612 3643 1684 subjicimur.

2067 1725 2139 1763 ne
2174 1709 2244 1763 ah
2286 1707 2519 1765 invicem
2552 1724 2870 1779 separemur
2900 1724 3000 1778 per
3042 1723 3162 1762 eam
3207 1722 3327 1776 qua:
3369 1706 3512 1759 circa
3546 1712 3647 1756 nos

2072 1808 2158 1854 est
2185 1799 2625 1868 inaequalitatem,
2683 1800 2777 1854 sed
2817 1800 2990 1869 magis
3019 1797 3274 1868 prudenti
3317 1794 3647 1865 cogitatione

2073 1891 2309 1945 naturali
2364 1890 2594 1960 collegio
2647 1891 3069 1959 inaequalitatem
3122 1889 3285 1958 plane
3343 1886 3644 1943 faciamus,

2073 1981 2304 2034 aliorum
2332 1980 2581 2035 defectus
2609 1971 2814 2035 nostris
2842 1980 2975 2049 ipsis
3007 1978 3372 2047 adimplentes
3416 1986 3644 2045 supera—

2072 2069 2412 2126 bundantiis.
2441 2072 2674 2141 Propter
2702 2073 2809 2126 hoc
2842 2070 3092 2126 fortassis
3118 2083 3359 2138 praesens
3387 2080 3646 2122 concessa

2071 2173 2156 2217 est
2200 2163 2517 2218 conversari
2562 2163 2854 2227 anomalia,
2886 2172 2948 2217 ut
2996 2161 3380 2217 ostenderetur
3419 2158 3649 2212 rationis

2077 2268 2202 2321 qua
2248 2253 2302 2307 in
2367 2253 2529 2308 nobis
2561 2262 2646 2308 est
2677 2253 2939 2323 potentia,
2975 2252 3367 2323 prmhonorans
3395 2247 3651 2303 omnibus

2072 2344 2354 2398 virtutem.
2386 2343 2640 2399 Omnium
2670 2343 2820 2399 enim
2864 2344 3149 2397 hominum
3188 2340 3379 2397 eadem
3406 2350 3492 2394 est
3524 2348 3649 2392 car-

2072 2434 2226 2503 peris
2264 2442 2321 2489 et
2344 2450 2538 2489 eorum
2569 2450 2693 2504 quae
2718 2444 2871 2489 extra
2903 2442 3031 2488 sunt
3070 2432 3363 2491 conversio
3387 2439 3444 2484 et
3474 2437 3651 2484 muta-

2073 2524 2278 2588 bilitas,
2311 2541 2431 2595 quae
2460 2525 2566 2580 fert
2608 2535 2663 2580 et
2685 2525 2882 2589 fertur,
2918 2536 2974 2587 et
3015 2522 3362 2579 solummodo
3403 2521 3508 2575 hoc
3538 2528 3649 2573 sta-

2074 2613 2185 2668 bile
2230 2615 2476 2683 possidet
2504 2631 2569 2670 ac
2600 2615 2819 2670 ﬁrmum
2865 2614 3015 2684 quod
3059 2606 3315 2668 instabile
3342 2620 3428 2666 est
3454 2625 3520 2663 ac
3549 2622 3649 2661 vo-

2076 2703 2270 2758 lubile.

396 2788 638 2850 λοίωσις,
679 2786 925 2859 φέρουσά
952 2804 1012 2840 τε
1041 2787 1140 2842 καὶ
1167 2787 1468 2858 φερομένη,
1511 2788 1605 2842 καὶ
1634 2788 1796 2858 μόνον
1818 2788 1981 2842 τοῦτο
2017 2795 2332 2866 κεκτημένη
2365 2794 2629 2866 σταθερόν
2660 2812 2719 2849 τε
2748 2795 2843 2848 καὶ
2904 2794 3153 2865 βάσιμον,
3184 2794 3244 2847 τὸ
3270 2794 3503 2848 ἄστατον
3558 2790 3651 2843 καὶ

397 2885 726 2953 φερόμενονέ

400 3059 515 3116 Τοῦ
550 3057 735 3113 αὐτοῦ
767 3058 838 3111 ἐκ
865 3057 975 3112 τοῦ
1004 3061 1092 3125 εὶς
1116 3058 1222 3111 τὸν
1258 3058 1431 3127 ἅγιον
1473 3059 1835 3116 Ἀθανάονιον
1854 3064 1960 3118 λό-

2071 3067 2324 3140 Ejusdem
2362 3082 2425 3121 ex
2451 3082 2692 3120 sermone
2717 3068 2774 3120 in
2801 3066 3181 3132 Athanasium,
3209 3071 3266 3123 in
3311 3072 3406 3123 hoc
3434 3087 3449 3123 :
3480 3090 3498 3121 ι
3537 3069 3649 3122 Νυη

469 3170 601 3222 του,
628 3155 716 3218 etc
763 3152 850 3217 τὸ,
887 3169 907 3204 ι
950 3152 1032 3206 Οὐ
1072 3151 1182 3222 γὰρ
1239 3152 1364 3220 ἔχει
1412 3164 1469 3205 τι
1516 3154 1966 3227 ὑψηλότερονῆ

2142 3160 2282 3213 enim
2323 3156 2477 3212 habet
2515 3157 2641 3225 quid
2676 3156 2837 3211 altius
2886 3173 3051 3227 quam
3096 3160 3309 3213 omnino
3346 3160 3517 3213 habet.
3556 3178 3573 3209 ι

466 3244 625 3310 ὅλως
653 3243 779 3309 ἕξει
806 3242 905 3314 (ι).
941 3260 961 3294 ι

474 3360 636 3413 Δοκεῖ
665 3375 758 3429 μοι
794 3356 883 3411 διὰ
912 3356 1121 3412 τούτων
1150 3359 1423 3415 ἀπολῦσαι
1458 3361 1643 3431 πάσης
1693 3377 1978 3432 συγκριτιο

393 3453 502 3521 κῆς
553 3469 613 3505 τε
664 3452 759 3505 καὶ
790 3450 1138 3521 διακριτικῆς
1186 3452 1282 3505 καὶ
1321 3453 1497 3518 ἄλλως
1526 3472 1642 3518 πως
1670 3454 1974 3524 λεγομένης

393 3543 635 3613 σχέσεως
660 3541 750 3595 τὸν
777 3540 1166 3611 διδασκόμενον
1185 3551 1214 3595 ο
1254 3541 1500 3614 θεόφρων
1531 3539 1687 3608 οὗτος
1707 3545 1972 3598 διδάσκα-

390 3635 508 3698 λος.
543 3632 944 3703 ’Δσχετονογάρ
979 3632 1040 3684 τὺ
1058 3632 1300 3686 τοιοῦτον
1323 3632 1462 3699 εἶδος
1499 3636 1592 3690 τοῦ
1624 3635 1784 3704 λόγου
1813 3634 1977 3705 φασὶν

391 3728 446 3782 oi
474 3726 601 3796 περὶ
616 3726 787 3779 ταῦτα
815 3724 995 3789 δεινοὶ,
1038 3725 1130 3777 καὶ
1161 3727 1359 3781 ταύτὸν
1389 3727 1647 3782 δύνασθαι
1678 3727 1758 3798 τῷ
1806 3728 1977 3795 ἀσυγ-

393 3816 599 3887 κρίτως
629 3815 771 3887 ὑπὲρ
812 3815 990 3868 πάντα
1033 3809 1178 3870 εἶναι
1221 3815 1425 3886 λέγειν,
1459 3818 1537 3882 ὠς
1575 3818 1805 3888 δύναμιν
1857 3818 1978 3887 ἔχον

395 3909 730 3979 ὐπεροχικῆς
759 3906 1107 3975 ἀποφάσεως.

411 4089 513 4143 Ἕκ
545 4086 653 4142 τοῦ
694 4085 883 4141 αὑτοῦ
916 4086 1126 4153 λόγου.
1182 4087 1270 4150 είς
1296 4085 1387 4147 τὸ,
1424 4104 1444 4136 ι
1496 4082 1694 4156 τῼτινι
1717 4086 1836 4155 μὲν
1865 4085 1981 4142 οὗν

470 4177 786 4247 ἐξεγένετο
836 4175 935 4231 διὰ
987 4177 1179 4245 λόγου
1226 4175 1327 4230 καί
1374 4177 1624 4244 θεωρίας
1667 4178 1982 4247 διασχόντι

468 4270 583 4337 τὴν
608 4269 770 4337 ὕλην
792 4269 893 4323 καὶ
922 4268 987 4322 τὸ
1021 4267 1312 4336 σαρκικὸν
1341 4268 1388 4300 ⁸⁸
1416 4267 1613 4333 τοῦτο,
1647 4268 1768 4324 εἴτε
1798 4269 1983 4339 νέειν-ος

470 4360 588 4430 χρὴ
637 4361 863 4430 λέγειν,
890 4362 1014 4415 εἴτε
1047 4359 1446 4429 προκάλυμμα
1479 4402 1493 4426 ,
1530 4359 1654 4425 Θεῷ
1692 4362 1982 4430 συγγενέα

468 4456 631 4515 σθαι,
672 4453 770 4507 καὶ
803 4451 885 4517 τῷ
926 4452 1422 4521 ἁκραιφνεστὰτῳ
1461 4452 1608 4521 φωτὶ
1661 4452 1977 4520 κραθῆναι,
2009 4493 2054 4553 D

470 4546 602 4599 καθ’
631 4544 781 4597 ὅσον
824 4544 1076 4614 ἐφικτὸν
1094 4544 1445 4611 ἀνθρωπίνῃ
1466 4544 1667 4613 φύσει,
1686 4542 1977 4612 μακάριος

470 4632 650 4703 οὗτος
677 4635 791 4705 τῆς
815 4635 1101 4691 ἐντεῦθεν
1118 4636 1468 4702 ἀναϐάσεως
1495 4636 1593 4689 καὶ
1630 4636 1753 4704 τῆς*
1777 4636 1980 4690 ἐκεῖσε

470 4729 765 4794 θειώσεως,
791 4728 871 4795 ἦν
891 4729 957 4784 τὸ
992 4729 1256 4799 γνησίως
1286 4728 1705 4799 φιλοσοφῆσαι
1751 4726 1979 4798 χαρίζε-

471 4839 595 4887 ται,
646 4822 744 4876 καὶ
805 4821 871 4875 τὸ
926 4820 1081 4888 ὑπὲρ
1129 4821 1243 4888 τὴν
1295 4821 1520 4889 ὑλικὴν
1563 4821 1758 4875 δυάδα
1818 4820 1982 4890 γενέ-

2146 3359 2379 3415 Videtur
2405 3357 2540 3412 mihi
2569 3372 2670 3427 per
2700 3358 2816 3412 haec
2861 3358 3164 3413 absolvisse
3212 3360 3281 3414 ab
3322 3360 3472 3414 onmi
3500 3374 3651 3414 com-

2076 3452 2323 3521 parativo
2354 3456 2412 3505 et
2442 3449 2738 3503 discretivo
2782 3456 2841 3502 et
2874 3449 3264 3519 quoquomodo
3300 3434 3469 3507 aliter
3506 3450 3657 3505 dicto

2076 3540 2269 3596 habitu
2312 3540 2567 3595 edoctum
2597 3539 2698 3594 iste
2730 3539 2914 3594 Deifer
2944 3541 3220 3610 magister.
3257 3540 3389 3595 Nam
3423 3542 3654 3594 immen-

2083 3647 2198 3687 sam
2248 3645 2369 3687 esse
2422 3631 2584 3685 talem
2630 3630 2897 3686 orationis
2940 3632 3179 3700 speciem
3211 3633 3421 3695 dicunt,
3457 3633 3549 3701 qui
3600 3631 3653 3684 in

2086 3724 2286 3778 talibus
2313 3715 2592 3792 sapientes
2622 3730 2772 3787 sunt,
2804 3732 2861 3776 et
2894 3723 3037 3778 hanc
3076 3740 3238 3793 posse
3270 3722 3342 3795 (ο)
3374 3725 3654 3792 incompa-

2084 3816 2334 3871 rabiliter
2361 3830 2529 3884 super
2559 3814 2741 3868 omnia
2772 3830 2891 3870 esse
2920 3815 3128 3880 dicere,
3163 3816 3365 3886 quippe
3398 3815 3656 3868 virtutem

2085 3906 2253 3962 habet
2278 3905 2741 3976 supereminentis
2763 3906 3090 3977 negationis.
3174 3926 3189 3937 '

2083 4088 2337 4155 Ejusdem
2380 4101 2443 4140 ac
2494 4085 2760 4155 epitaphio
2806 4084 2861 4137 in
2906 4092 3150 4137 sanctum
3188 4082 3566 4143 Athanasium,
3603 4081 3660 4133 in

2152 4180 2247 4232 hoc
2271 4194 2289 4232 :
2319 4195 2339 4229 ι
2371 4175 2468 4232 Cui
2494 4177 2657 4246 igitur
2684 4174 2887 4228 licitum
2918 4174 3016 4243 fuit
3051 4190 3143 4242 per
3171 4173 3432 4227 rationem
3459 4178 3509 4224 et
3533 4186 3660 4224 con-

2153 4268 2547 4339 templationem
2592 4266 2988 4337 pertr’ans‘ennti
3027 4264 3308 4317 materiam
3349 4272 3399 4317 et
3441 4264 3663 4317 carnale

2152 4363 2265 4424 hoc,
2287 4360 2396 4414 sive
2416 4357 2649 4411 nimbum
2677 4363 2881 4425 oportet
2902 4354 3092 4418 dicere,
3122 4355 3228 4407 sive
3254 4354 3515 4414 velamen,
3542 4368 3662 4404 cum

2159 4450 2264 4504 Deo
2295 4448 2444 4516 ﬁeri,
2495 4454 2543 4500 et
2584 4446 2867 4515 purissimo
2907 4442 3106 4497 lumine
3155 4444 3351 4504 teneri,
3400 4450 3659 4511 quantum

2154 4540 2392 4611 possibile
2419 4546 2494 4593 est
2522 4539 2769 4593 humana:
2793 4543 3001 4589 natura:
3028 4534 3210 4588 beatus
3231 4535 3329 4588 iste
3359 4534 3662 4588 asceitsionc

2152 4635 2272 4689 hinc
2305 4640 2354 4685 et
2389 4629 2536 4684 illius
2564 4626 2912 4695 deiﬁcatione,
2953 4626 3018 4680 de
3057 4642 3162 4693 qua
3203 4626 3404 4680 sincere
3430 4622 3661 4694 philoso-

2155 4725 2310 4794 phari
2355 4722 2620 4784 donatur,
2673 4728 2721 4772 et
2769 4733 2930 4787 super
2976 4715 3310 4771 materialem
3346 4713 3661 4769 dualilatem

2153 4815 2272 4881 ﬁeri
2303 4829 2392 4883 per
2419 4810 2740 4867 intellectam
2768 4809 2823 4863 in
2854 4807 3110 4863 Trinitatc
3140 4806 3419 4862 unitatem.
3457 4825 3479 4857 ο

473 4914 615 4965 σθαι
668 4911 769 4965 διὰ
816 4911 932 4979 τὴν
991 4913 1063 4964 ἐν
1117 4912 1309 4981 Τριὰδι
1354 4912 1399 4943 δ’
1455 4912 1794 4981 νοουμένην
1849 4912 1982 4965 ἐνό-
2082 4952 2087 4955 -

473 5023 623 5072 tnta
648 5006 747 5077 (Pi).
789 5025 807 5057 ι

488 5120 631 5190 Ἐγὼ
671 5122 770 5191 μὲν
802 5121 904 5175 οὐκ
945 5116 1099 5193 οἶμαι
1131 5118 1366 5185 ἐλλιπῶς
1400 5120 1448 5151 ⁸⁸
1473 5119 1620 5191 ἔχειν
1656 5118 1745 5172 τὸν
1778 5116 1975 5171 ἀποδο-

2155 5114 2270 5182 Ego
2301 5108 2523 5180 quidem
2572 5121 2683 5160 non
2741 5120 2965 5176 possum
3014 5102 3275 5159 deﬁciens
3330 5104 3530 5158 habere
3572 5104 3661 5185 ⁶(ρ)

1579 5271 1585 5277 -
1680 5226 1909 5284 VARIAS
1947 5223 2241 5281 LECTlON
2254 5220 2357 5273 ES.

478 5324 524 5356 “
560 5323 784 5396 σαρκίον
824 5324 914 5381 ed.
975 5324 1093 5380 Gal.

1192 5321 1240 5354 ⁸⁷
1286 5325 1350 5395 τῇ
1403 5321 1581 5394 τριάδι
1635 5320 1725 5375 ed.
1762 5318 1878 5381 Cal.
1957 5317 2002 5350 ’⁵⁸
2033 5312 2294 5375 ἐλλεεπῶς
2322 5311 2409 5366 ed.
2446 5308 2564 5363 Gal.

1934 5428 2157 5484 ΝΟΤίΕ.

482 5529 560 5603 (η)
590 5529 752 5584 Verte
782 5544 875 5581 nec
905 5536 1117 5609 propter
1152 5543 1323 5609 rerum
1344 5542 1563 5609 suarum
1593 5540 1807 5578 cursum
1832 5521 1969 5592 inof-

295 5617 304 5624 ·
407 5595 612 5671 {ensum
639 5608 823 5653 contra
854 5595 938 5652 eos
976 5595 1205 5667 (iniistis
1230 5604 1410 5650 carent
1437 5595 1755 5648 exaltentur.

2152 5519 2221 5581 (al
2249 5519 2412 5571 Verte
2440 5523 2488 5567 et
2521 5514 2659 5567 idem
2687 5512 2861 5567 valere
2896 5527 2978 5569 ar.
3007 5519 3114 5563 etc.
3144 5506 3341 5581 (Cale)

2159 5574 2234 5659 (ρ)
2272 5587 2433 5643 Verte
2456 5583 2819 5653 imperfectam
2853 5574 3175 5634 existimare.
3209 5574 3415 5650 (Gala)
3451 5631 3455 5635 _

482 5714 558 5782 (ι)
590 5712 815 5783 Gregor.
844 5712 972 5766 Naz.
1003 5709 1154 5783 Orat.
1196 5710 1265 5783 In
1295 5710 1502 5765 laudem
1534 5710 1707 5778 magni
1740 5707 2038 5769 Athanasii,
2071 5722 2187 5774 cup.
2226 5705 2269 5769 ἲ,
2298 5718 2352 5773 p.
2394 5701 2515 5765 586,
2557 5710 2691 5755 tom.
2732 5699 2770 5761 Ι,
2799 5696 2886 5752 ed.
2914 5694 3116 5773 Bcucd.

489 5780 564 5855 (Si)
603 5780 766 5837 Ideni.
792 5783 918 5836 ibid.
956 5798 1005 5838 ο.
1036 5782 1091 5846 2,
1124 5797 1178 5850 p.
1204 5780 1325 5835 586.

3709 4880 3734 4922 Ι
