3998 6370
391 4861 423 4933 ἱ.

395 4938 427 5035 ἒ

490 377 634 441 1107

1656 385 1715 447 S.
1754 386 2042 449 ΜΑΧΙΜῙ
2081 386 2589 453 CONFESSOPJS

3621 398 3742 469 1108

492 486 766 545 redditam
808 488 876 547 de
908 488 1112 548 virtute
1148 502 1467 550 sanctorum
1505 496 1751 567 magistri
1783 499 2077 565 rationem,

2185 501 2346 555 θέντα
2399 506 2530 574 περὶ
2579 504 2765 576 (136
2794 503 2852 575 α)
2899 504 2998 576 τῆς
3044 504 3247 578 ἀρετῆς
3293 506 3413 561 τῶν
3459 509 3630 578 ἁγίων
3661 516 3744 569 τοῦ

492 584 596 638 etsi
614 583 859 654 quidam,
882 597 940 641 ut
968 588 1291 657 scripsistis,
1307 589 1413 643 hoc
1431 587 1795 656 arbitrantur,
1818 606 1918 661 per
1944 591 2075 654 hoc,

495 678 709 732 ratione
731 686 787 733 et
810 680 1280 751 contemplatione
1299 682 1667 747 solummodo,
1692 684 1814 738 sine
1835 684 2075 750 actione,

492 776 617 838 post
675 769 849 825 Deum
890 773 1294 828 transeuntium
1356 775 1529 844 ipsam
1586 774 1773 830 dicere
1827 775 2077 845 philoso-

492 860 708 930 phiam;
740 878 772 918 e
800 865 1080 919 contrario
1115 881 1245 921 vero
1284 873 1627 936 compactam
1659 866 1863 921 actioni
1890 883 2076 922 veram

492 954 639 1011 circa
667 972 732 1011 ea
771 972 891 1027 qua:
931 944 1082 1021 sunt,
1111 973 1305 1012 eorum
1336 969 1392 1013 et
1430 958 1826 1030 judicationem
1857 969 1915 1015 et
1946 976 2078 1031 ope-

493 1049 789 1117 rationem,
827 1065 990 1119 quam
1018 1049 1422 1121 philosophiam
1464 1051 1638 1106 solam
1669 1067 1801 1106 vere
1824 1054 2081 1123 planissi-

491 1153 637 1193 mam
661 1154 764 1210 ego
795 1141 988 1195 saltem
1017 1140 1195 1196 audax
1221 1139 1450 1205 deﬁnio,
1488 1142 1663 1212 magis
1687 1151 1874 1212 aperte
1904 1143 2079 1199 intro-

492 1228 717 1286 duxisse
737 1245 857 1286 eam
887 1231 963 1303 (ᾳ)
986 1232 1252 1302 suscipio,
1281 1233 1498 1289 ratione
1525 1241 1583 1288 et
1612 1235 2078 1304 contemplatione

493 1321 696 1393 corrigi
741 1338 863 1378 eam
903 1323 1262 1380 manifestans
1309 1324 1403 1395 (r).
1437 1325 1652 1396 Quippe
1695 1326 1899 1382 rationi
1942 1343 2077 1383 eon-

488 1413 680 1481 juncta
710 1412 936 1467 omnino
965 1413 1186 1469 actione
1229 1421 1286 1468 et
1315 1413 1673 1485 judicatione,
1704 1430 1826 1485 quae
1869 1417 1924 1471 in
1956 1418 2078 1488 ipsa

492 1511 597 1568 est,
624 1519 725 1573 per
765 1504 1285 1575 contemplationem
1322 1506 1752 1576 comprehensa;
1801 1508 2076 1579 siquidem

494 1595 724 1650 rationis
768 1603 855 1652 est
891 1596 1149 1652 ordinare
1191 1597 1443 1667 corporis
1482 1606 1695 1653 motum
1719 1599 1891 1655 veluti
1918 1600 2079 1656 freno

491 1686 729 1756 quodam
807 1694 955 1743 recta
998 1686 1419 1743 ratiocinatione
1479 1678 1665 1745 abeo
1713 1691 1812 1760 qui
1875 1700 1960 1748 est
2007 1693 2075 1749 ad

490 1779 1001 1847 inconsequentiam
1026 1779 1092 1851 (ε)
1119 1786 1304 1835 meatu
1326 1779 1749 1851 disciplinaliter
1768 1791 2043 1839 retentum
2060 1825 2076 1851 ,

491 1872 978 1942 contemplationis
1022 1887 1155 1927 vero
1216 1887 1340 1943 quae
1386 1872 1530 1928 bene
1580 1873 1861 1932 intellecta
1912 1885 2079 1948 atque

491 1961 733 2017 discreta
780 1970 911 2018 sunt
954 1962 1258 2032 prudenter
1285 1962 1554 2019 extollere
1593 1964 1915 2035 judicando,
1959 1974 2081 2023 tan-

491 2075 657 2131 quam
687 2061 868 2116 lucem
913 2059 1273 2120 clarissimam
1319 2075 1419 2131 per
1449 2074 1639 2116 veram
1668 2060 1954 2115 scientiam
1998 2060 2081 2130 ip-

492 2165 608 2206 sam
634 2153 926 2209 veritatem
956 2153 1258 2210 ostendens
1292 2153 1390 2226 (t);
1417 2152 1509 2208 his
1532 2151 1804 2207 ambobus
1839 2153 2079 2209 maxime

490 2253 714 2301 creatur
742 2246 927 2301 omnis
970 2247 1191 2318 sapiens
1219 2246 1395 2302 virtus
1424 2256 1481 2303 et
1521 2245 1855 2309 custoditur,
1890 2246 1958 2301 ab
1991 2245 2080 2302 bis

488 2335 658 2391 etiam
687 2337 1071 2393 manifestatur
1104 2354 1204 2409 per
1228 2353 1448 2409 corpus,
1480 2353 1592 2393 non
1627 2345 1759 2392 tota.
1785 2338 1902 2393 Non
1928 2337 2077 2392 enim

489 2425 710 2495 capitur
738 2441 970 2498 corpore
1003 2429 1135 2484 dum
1160 2427 1232 2484 sit
1254 2428 1541 2485 character
1564 2427 1768 2483 divinae
1790 2427 2075 2498 potentiae,

489 2516 587 2574 sed
610 2517 860 2589 quaedam
893 2533 1087 2575 eorum
1111 2519 1442 2591 quae‘ipsius
1472 2527 1602 2574 sunt
1630 2519 1870 2585 umbrae;
1894 2519 2078 2575 ethoc

489 2624 602 2665 non
646 2618 875 2682 propter
914 2626 975 2668 se
1017 2612 1216 2682 ipsam,
1261 2621 1490 2683 propter
1522 2611 1703 2666 nudos
1734 2626 1869 2666 vero
1903 2610 2079 2681 ipsius

490 2702 664 2772 gratia
703 2710 765 2758 ut
796 2703 854 2759 in
884 2704 1253 2761 imitationem
1292 2704 1522 2760 veniant
1566 2703 1856 2759 deiformis
1903 2705 2075 2759 Deum

489 2794 838 2866 diligentiam
868 2797 1118 2853 virorum
1156 2795 1636 2862 conversationis;
1668 2803 1729 2851 ut
1762 2811 1862 2866 per
1902 2797 2076 2866 parti-

488 2886 824 2957 cipationem
862 2888 994 2945 boni
1042 2889 1251 2960 et‘ipsi
1295 2888 1519 2945 malitiae
1548 2888 1949 2959 turpitudinem
1981 2887 2078 2944 de-

490 2986 783 3047 poncntes,
809 2979 1104 3051 dignorum
1124 2983 1238 3038 Deo
1262 2991 1446 3053 partes
1474 2980 1624 3048 fiant,
1646 2990 1743 3037 aut
1765 2981 2075 3053 deprecan-

490 3077 576 3124 tes
607 3071 941 3140 adjutorium
973 3072 1250 3143 quoddam
1285 3089 1316 3128 a
1348 3068 1670 3144 potentibus
1708 3061 1985 3144 consequi.
2015 3081 2077 3128 ut

460 3160 768 3216 ‘occultum
805 3163 861 3216 in
894 3162 1172 3232 profundo
1210 3164 1409 3219 anima:
1441 3162 1769 3217 eximiorum
1815 3163 2073 3219 affectum
2104 3166 2147 3225 C

492 3266 591 3319 per
621 3266 823 3321 corpus
852 3254 1067 3308 actione
1096 3253 1382 3309 manifesta
1414 3253 1769 3323 accipientes,
1806 3254 1989 3309 omnia
2019 3253 2074 3311 in

491 3340 750 3396 erunibus
775 3341 997 3407 factam,
1027 3351 1083 3399 et
1114 3359 1217 3414 per
1245 3344 1430 3400 omnia
1460 3345 1720 3401 omnibus
1747 3354 2076 3416 prtesentcm

486 3429 591 3491 Dei
619 3432 1020 3500 providentiam
1051 3442 1109 3490 et
1134 3435 1284 3505 ipsos
1311 3435 1565 3503 laudent;
1593 3444 1652 3491 ut
1673 3438 1720 3491 si
1744 3453 1905 3492 nemo
1929 3446 2077 3495 esset

488 3521 586 3589 qui
622 3522 763 3580 bene
794 3541 960 3596 agere
990 3512 1406 3597 deprecaretur,
1439 3543 1536 3585 seu
1573 3528 1669 3599 qui
1715 3530 1782 3584 ad
1814 3530 2075 3586 virtutem

494 3611 745 3686 exemplo
772 3617 999 3674 formari
1028 3618 1248 3685 debeat,
1276 3621 1452 3692 ipsum
1480 3623 1659 3678 solum
1688 3623 1940 3679 suflicere
1966 3623 2073 3679 sibi

489 3707 736 3773 omnino,
788 3726 912 3780 quae
963 3712 1267 3773 secundum
1313 3714 1552 3770 animam
1599 3722 1751 3780 sunt,
1803 3716 2074 3771 virtutum

488 3797 653 3854 donis
683 3799 980 3857 fruentem.
1014 3805 1082 3859 Et
1120 3806 1240 3860 sine
1281 3821 1472 3861 earum
1504 3822 1604 3876 per
1633 3823 1835 3879 corpus
1863 3808 1932 3864 ad
1960 3823 2078 3863 mao

492 3890 754 3946 nifestum
785 3895 1183 3963 approbatione
1211 3912 1323 3952 non
1350 3909 1436 3953 est
1465 3899 1831 3969 incongruum
1864 3900 2073 3956 dicere.

489 3976 597 4047 Qui
629 3981 798 4050 igitur
825 3985 913 4055 pie
946 4001 1044 4056 per
1075 3989 1601 4059 contemplationem
1633 3991 1908 4062 intelligit,
1937 4007 2078 4063 quo-

497 4072 667 4127 modo
699 4074 907 4130 habent
933 4091 997 4133 ea
1035 4094 1159 4148 qua:
1183 4088 1331 4146 sunt,
1364 4089 1421 4137 et
1446 4098 1548 4152 per
1574 4082 1903 4139 rationabile
1941 4098 2077 4139 con-

497 4164 682 4220 silium
723 4168 1070 4227 considerate
1096 4187 1163 4227 ac
1190 4181 1339 4229 recte
1375 4173 1444 4228 de
1479 4173 1613 4243 ipsis
1640 4175 1908 4231 rationem
1937 4173 2080 4230 ditii-

470 4258 598 4322 .nit,
639 4268 696 4315 et
727 4261 973 4317 custodit
1022 4264 1247 4320 sibimet
1286 4264 1582 4336 judicium,
1634 4262 1808 4337 magis
1838 4281 1973 4323 vero
2018 4283 2078 4324 se

496 4349 676 4420 ipsum
725 4351 936 4421 judicio
992 4353 1578 4424 irreprehensibilem,
1632 4371 1855 4412 omnem
1913 4358 2078 4413 simul

435 4468 443 4472 >
489 4444 968 4514 comprehendens
994 4445 1163 4503 habet
1184 4449 1445 4504 virtutem
1467 4466 1482 4515 ;
1506 4448 1575 4504 ad
1597 4449 1739 4504 nihil
1769 4449 1916 4505 aliud
1951 4458 2079 4520 post

2178 593 2505 650 διδασκάλου
2529 596 2712 665 λόγον,
2736 596 2840 650 κάν
2871 614 3035 664 τινες,
3076 598 3153 660 ὡς
3214 598 3541 669 γεγράφατε
3564 642 3579 666 ,
3603 602 3748 661 τοῦτο

2180 686 2443 756 νομίζωσι
2466 687 2533 755 δ’,
2568 688 2657 742 διὰ
2690 688 2787 742 τοῦ
2815 689 2961 759 λόγῳ
2985 689 3083 743 καὶ
3107 688 3309 762 θεωρίᾳ
3338 693 3510 761 μόνον
3539 710 3750 762 πρακτι-

2180 778 2285 846 κῆς
2328 780 2453 851 δίχα
2504 781 2607 852 τὴν
2649 781 2793 835 κατὰ
2838 781 2974 835 Θεὸν
3012 781 3125 835 τῶν
3172 783 3556 853 μετελθόντων
3594 788 3750 857 αὐτὴν

2180 863 2501 943 φιλοσοφίαν
2564 876 2760 937 είπεῖν,
2792 873 3110 928 τούναντίον
3159 875 3215 928 δὲ
3271 875 3584 946 διηρμένην
3615 878 3660 909 ⁸⁸
3691 884 3748 949 τῇ

2180 964 2380 1036 πράξει
2429 966 2526 1036 τὴν
2565 965 2738 1038 ἀληθῆ
2784 966 2914 1036 περὶ
2955 966 3026 1018 τὰ
3072 965 3203 1020 ὄντα
3238 968 3429 1037 κρίσιν
3462 968 3642 1022 αὐτῶν
3668 970 3754 1023 καὶ

2180 1053 2482 1128 ἐνέργειαν,
2528 1058 2594 1128 ἥν
2649 1058 2715 1129 δὴ
2766 1057 3089 1127 φιλοσοφίαν
3146 1058 3316 1122 ὅντως
3376 1057 3755 1129 πληρεστάτην

2179 1146 2357 1216 ἔγωγε
2384 1148 2663 1220 τολμήσας
2698 1149 2868 1219 μόνην
2890 1147 3173 1220 ὁρίζομαι,
3209 1147 3360 1219 μάλα
3411 1147 3605 1216 σαφῶς
3650 1151 3752 1201 εἰσ-

2177 1238 2433 1308 ηγεῖσθαι
2459 1240 2623 1293 αὐτὸν
2644 1239 3039 1310 ὑπολαμϐάνω,
3075 1240 3221 1309 λόγῳ
3253 1240 3351 1294 καὶ
3373 1237 3589 1311 θεωρίᾳ
3635 1257 3757 1293 κατ-

2178 1329 2475 1399 ορθοῦσθαι
2539 1330 2709 1402 αὐτὴν
2783 1330 3250 1402 ἀποφηνάμενον,
3307 1331 3389 1395 ὡς
3479 1329 3559 1400 τῷ
3624 1328 3754 1401 λόγῳ

2181 1423 2537 1494 συνημμένης
2575 1425 2797 1487 πάντως
2826 1423 2928 1494 τῆς
2972 1422 3249 1494 πράξεως,
3283 1423 3385 1478 καὶ
3414 1422 3522 1491 τῆς
3552 1422 3638 1475 ἐπ’
3669 1423 3757 1476 αὺ-

2178 1517 2245 1586 τῇ
2281 1513 2521 1584 κρίσεως
2557 1515 2624 1584 τῇ
2667 1512 2874 1585 θεωρίᾳ
2913 1513 3336 1584 περιεχομένης,
3390 1511 3559 1580 εῐπερ
3606 1509 3753 1579 λόγου

2183 1604 2285 1675 μὲν
2311 1604 2371 1657 τὸ
2391 1603 2615 1657 τάσσειν
2632 1603 2733 1675 τὴν
2764 1603 2859 1657 τοῦ
2882 1601 3141 1672 σώματος
3173 1601 3418 1672 κίνησιν,
3450 1596 3569 1653 οἷον
3609 1601 3754 1670 χαλι-

2180 1692 2257 1764 νῷ
2281 1712 2389 1748 τινι
2432 1693 2511 1765 τῷ
2558 1693 2707 1765 ὀρθῷ
2745 1692 2995 1763 λογισμῷ
3026 1693 3127 1763 τῆς
3157 1692 3292 1762 πρὸς
3321 1689 3567 1745 ἀτοπίαν
3596 1693 3755 1761 φορᾶς

2181 1785 2563 1855 ἐπιστημόνως
2612 1780 3076 1853 ἀναχαιτίζοντος,
3114 1780 3351 1850 θεωρίας
3405 1779 3466 1832 δὲ
3519 1779 3582 1832 τὸ
3616 1779 3682 1832 τά
3715 1782 3752 1812 ⁸⁸

2181 1877 2364 1940 καλῶς
2403 1875 2664 1945 νοηθέντα
2699 1891 2759 1927 τε
2797 1874 2892 1928 καὶ
2938 1872 3201 1943 κριθέντα
3245 1873 3547 1943 ἐμφρόνως
3593 1874 3753 1944 αἱρεῖ-

2182 1969 2307 2023 σθαι
2334 1964 2691 2038 ψηφίζεσθαι,
2716 1964 2882 2017 οἱονεὶ
2910 1962 3028 2032 φῶς
3042 1961 3497 2031 ,παμφαέστατον
3531 1961 3601 2014 δι’
3635 1960 3756 2032 ἁλη-

2181 2058 2307 2124 θοῦς
2335 2057 2590 2127 γνώσεως
2604 2055 2703 2126 τὴν
2739 2054 3001 2124 ἀλήθειαν
3038 2053 3212 2122 αὐτὴν
3244 2050 3616 2123 δεικνυούσης
3638 2063 3655 2080 ·
3685 2046 3755 2115 οἶς

2179 2149 2516 2221 ἀμφοτέροις
2553 2146 2790 2218 μάλιστα
2824 2145 2919 2199 καὶ
2942 2145 3368 2215 δημιουργεῖται
3401 2144 3563 2196 πᾶσα
3615 2141 3752 2212 φιλό-

2181 2257 2347 2311 σοφος
2382 2240 2551 2312 ἀρετὴ
2578 2239 2671 2292 καὶ
2700 2234 3054 2305 φυλάττεταῐ,
3081 2234 3169 2303 ὑφ’
3194 2227 3270 2288 ὧν
3292 2234 3389 2289 καὶ
3440 2234 3754 2304 ἐκφαίνεται

2177 2332 2269 2387 διὰ
2319 2330 2571 2402 σώματος
2635 2330 2734 2399 οὐχ
2779 2329 2899 2396 ὅλη.
2944 2328 3021 2382 Οὐ
3055 2328 3165 2397 γὰρ
3210 2329 3480 2398 χωρεῖται
3530 2325 3752 2395 σώματι,

2178 2423 2469 2497 χαρακτὴρ
2518 2422 2841 2492 ὑπάρχουσα
2902 2419 3055 2483 θείας
3103 2418 3417 2488 δυνάμεως,
3449 2416 3593 2472 ἀλλά
3643 2432 3751 2471 τινα

2177 2514 2289 2568 τῶν
2324 2515 2497 2584 αὐτῆς
2531 2513 2871 2581 σκιάσματα,
2905 2509 3002 2564 καὶ
3031 2507 3192 2563 τοῦτο
3220 2510 3283 2563 οὐ
3332 2508 3403 2563 δι’
3426 2508 3655 2578 ἑαυτὴν,
3673 2507 3751 2561 διὰ

2177 2606 2234 2660 δὲ
2267 2606 2327 2659 τὸ
2353 2605 2479 2668 τοὺς
2509 2604 2750 2673 γυμνοὺς
2787 2603 2884 2673 τῆς
2918 2602 3042 2655 κατ’
3067 2600 3240 2671 αὐτὴν
3284 2600 3522 2671 χάριτος
3557 2600 3638 2663 είς
3675 2599 3752 2668 μί-

2181 2714 2349 2769 μησιν
2403 2696 2579 2750 ἐλθεῖν
2626 2696 2727 2765 τῆς
2776 2693 3047 2757 θεοειδοῦς
3094 2689 3205 2745 τῶν
3248 2689 3524 2761 φιλοθέων
3554 2688 3749 2760 ἀνδρῶν

2178 2789 2553 2860 ἀναστροφῆς,
2584 2788 2681 2858 ἐφ’
2704 2782 2749 2856 ᾧ
2778 2789 2842 2857 τῇ
2879 2785 3080 2855 μετοχῇ
3112 2781 3208 2836 τοῦ
3238 2780 3411 2836 καλοῦ
3436 2779 3538 2836 καὶ
3568 2779 3750 2841 αὐτοὺς

2177 2881 2240 2936 τὸ
2288 2881 2391 2952 τῆς
2428 2881 2630 2944 κακίας
2658 2876 2849 2949 αἶσχος
2893 2874 3269 2946 ἀποθεμένους
3305 2875 3412 2945 τῆς
3453 2871 3565 2926 τῶν
3600 2869 3748 2936 ἀξίων

2178 2974 2316 3028 Θεοῦ
2346 2972 2603 3044 γενέσθαι
2633 2971 2847 3043 μοίρας,
2882 2969 2915 3041 ἢ
2948 2968 3077 3031 τοὺς
3103 2965 3402 3037 δεομένους
3440 2963 3750 3034 ἐπικουρίας

2176 3066 2320 3130 τινος
2349 3064 2536 3136 (136
2560 3063 2613 3135 ὁ)
2668 3062 2773 3116 ὑπὸ
2826 3061 2934 3115 τῶν
2962 3057 3278 3129 δυναμένων
3320 3059 3543 3127 τυχεῖν,
3591 3055 3671 3123 ἐφ’
3708 3044 3747 3119 ᾧ

2178 3157 2279 3229 τὴν
2316 3153 2704 3228 κρυπτομένην
2752 3150 2830 3222 τῷ
2881 3150 3035 3221 βάθει
3069 3148 3171 3219 τῆς
3211 3146 3390 3217 ψυχῆς
3421 3146 3537 3200 τῶν
3574 3142 3749 3214 ἐναρέ-

2178 3265 2287 3303 των
2334 3245 2578 3301 διάθεσιν
2628 3244 2716 3297 διὰ
2776 3242 2871 3296 τοῦ
2922 3240 3178 3311 σώματος
3230 3237 3377 3291 κατὰ
3427 3236 3531 3306 τὴν
3562 3231 3745 3306 πρᾶξιν

2180 3342 2442 3407 φανεῖσαν
2468 3335 2932 3406 ἀποδεξαμένους,
2960 3333 3062 3404 τὴν
3092 3334 3227 3386 πᾶσι
3259 3330 3444 3385 πάντα
3467 3327 3746 3399 γινομένην

2179 3432 2273 3486 καὶ
2301 3429 2392 3484 διὰ
2411 3430 2630 3484 πάντων
2671 3429 2806 3481 πᾶσι
2834 3423 3118 3495 παροῦσαν
3149 3422 3245 3477 τοῦ
3287 3421 3427 3476 Θεοῦ
3477 3418 3743 3491 πρόνοιαν,

2179 3524 2274 3578 καλ⁵
2314 3521 2514 3584 αὐτοὺς
2553 3519 2884 3589 ἀνυμνῆσαι.
2933 3516 3021 3578 '0;
3052 3515 3166 3583 εἴγε
3202 3514 3392 3585 μηδεὶς
3416 3509 3532 3584 ἦνό
3558 3508 3618 3565 εὖ
3651 3524 3743 3562 πα-

2179 3614 2293 3669 θεῖν
2322 3613 2599 3684 δεόμενος.
2622 3610 2654 3681 ἢ
2679 3611 2708 3663 ὁ
2731 3608 2865 3680 πρὸς
2894 3606 3098 3678 ἀρετὴν
3125 3604 3543 3677 παραδείγματι
3568 3616 3739 3654 τυπω-

2180 3707 2342 3775 θῆναι
2366 3703 2618 3774 ὀφείλων,
2649 3700 2814 3755 αὐτὸν
2841 3699 3073 3753 ἕκαστον
3100 3699 3294 3770 ἀρκεῖν
3316 3695 3501 3767 ἑαυτῷ
3519 3694 3738 3753 πάντως.

2179 3802 2299 3864 ταῖς
2328 3798 2471 3853 κατὰ
2496 3794 2678 3867 ψυχὴν
2715 3792 2826 3847 τῶν
2866 3790 3076 3864 ἀρετῶν
3105 3791 3325 3864 χάρισιν
3357 3788 3737 3862 ἅϐρυνόμενον.

2178 3891 2294 3945 Καὶ
2336 3889 2461 3960 δίχα
2488 3887 2589 3959 τῆς
2632 3885 2840 3940 τούτων
2882 3882 2973 3937 διὰ
2997 3881 3092 3937 τοῦ
3125 3881 3380 3954 σώματος
3410 3880 3548 3954 προς
3572 3877 3630 3930 τὸ
3653 3876 3740 3942 ὲμι

2181 3982 2346 4052 φανὲς
2375 3977 2704 4044 ἀποδείξεως
2738 3976 2920 4045 λέγειν
2949 3975 3051 4028 οὐκ
3076 3973 3301 4027 ἄτοπον.
3344 3972 3405 4026 ’0
3433 3970 3615 4025 τοίνυν
3660 3963 3739 4016 εὐ-

2179 4071 2355 4135 σεϐῶς
2385 4069 2477 4125 διὰ
2500 4067 2735 4139 θεωρίας
2770 4067 3117 4138 κατανοήσας
3143 4064 3219 4128 ῶς
3246 4062 3363 4136 ἔχει
3385 4063 3458 4117 τὰ
3479 4061 3628 4124 ὄντα,
3654 4053 3737 4109 καὶ

2178 4163 2270 4219 διὰ
2300 4163 2496 4234 βουλῆς
2525 4159 2756 4230 λογικῆς
2796 4157 3214 4229 έστοχασμένως
3240 4173 3301 4209 τε
3332 4156 3431 4209 καὶ
3459 4150 3634 4226 ὀρθῶς
3656 4145 3737 4199 τδν

2179 4256 2310 4327 περὶ
2349 4251 2534 4308 αὐτῶν
2589 4251 2920 4323 ὁρισάμενος
2948 4248 3128 4317 λόγον.
3160 4247 3256 4300 καὶ
3290 4244 3579 4315 φυλάττων
3625 4239 3735 4327 ἑαυ-

2178 4325 2377 4415 τῷ-τὴν
2403 4341 2610 4413 κρίσιν,
2643 4340 2846 4412 μᾶλλον
2874 4339 2934 4392 δὲ
2969 4337 3166 4392 ἑαυτὸν
3197 4338 3264 4406 τῇ
3289 4335 3475 4405 κρίσει
3507 4325 3738 4399 ἀπαρέγ-

2179 4414 2385 4501 κλιτον,
2418 4437 2601 4489 πᾶσαν
2627 4431 2765 4504 ὀμοῧ
2798 4428 3081 4485 συλλαϐὼν
3107 4429 3222 4499 ἔχει
3248 4427 3346 4498 τὴν
3368 4424 3592 4497 ἀρετὴν,
3617 4414 3737 4489 πρὸς

492 4505 764 4606 cognitam
794 4538 1085 4594 veritatem
1113 4537 1296 4595 adhuc
1326 4505 1530 4606 motus,
1557 4549 1614 4597 et
1635 4540 1819 4597 omnia
1843 4505 2074 4613 praeter-

2179 4528 2334 4584 οὐδὲν
2359 4525 2490 4581 ἄλλο
2519 4522 2658 4595 μετὰ
2677 4522 2776 4594 τὴν
2803 4519 3154 4592 ἐγνωσμένην
3172 4517 3438 4590 ἀλήθειαν
3463 4517 3545 4613 ἔτι
3580 4505 3738 4613 animi:

494 4624 560 4680 iit
610 4626 936 4684 festinanter
993 4630 1199 4686 nullius
1266 4632 1494 4688 omnino
1547 4634 1818 4689 rationem
1872 4633 2079 4691 faciens

491 4731 687 4772 eorum
731 4733 1077 4791 quacunque
1103 4722 1288 4778 carnis
1324 4730 1382 4779 et
1411 4725 1604 4779 mundi
1634 4732 1765 4781 sunt
1792 4734 1849 4782 et
1879 4724 2078 4782 dicun-

492 4815 619 4874 tur;
653 4807 1005 4865 informatam
1050 4810 1260 4867 habens
1303 4815 1416 4885 jam
1463 4814 1676 4872 ratione
1709 4799 2077 4888 comprehen-

491 4913 630 4962 sam,
658 4898 778 4954 sine
820 4914 1021 4971 pugna,
1056 4903 1364 4969 actionem;
1394 4906 1596 4976 quippe
1639 4923 1832 4965 omnes
1856 4910 2080 4967 sibimet

488 4987 883 5046 intellectualis
926 4991 1101 5047 nostri
1146 4992 1556 5062 potentissimas
1590 4994 1958 5066 impassibiles
1991 4999 2076 5054 iu-

491 5079 677 5135 fcrens
711 5081 975 5150 rationes,
1009 5099 1110 5154 per
1154 5099 1294 5154 quas
1338 5084 1520 5141 omnis
1552 5085 1733 5141 virtus
1758 5097 1816 5144 et
1847 5089 2078 5146 scientia

493 5181 578 5227 cst
609 5181 665 5228 et
711 5174 965 5230 consistit
988 5176 1136 5246 jure,
1166 5176 1297 5231 dum
1345 5176 1454 5230 sint
1504 5177 1850 5235 rationabilis
1882 5181 2080 5237 animas

492 5261 784 5329 potentiae;
818 5272 878 5318 ut
919 5263 1030 5319 sint
1059 5265 1285 5335 quidem
1317 5264 1543 5320 omnino
1570 5277 1801 5335 corpore
1828 5281 1941 5321 non
1985 5268 2074 5324 in-

493 5350 777 5422 «ligentes,
824 5365 886 5410 ut
932 5372 1062 5411 vere
1110 5357 1413 5412 manifesta:
1458 5355 1569 5411 sint
1613 5364 1839 5426 propter
1879 5371 2075 5413 causas

2184 4637 2367 4692 μενος,
2402 4618 2499 4672 και
2522 4594 2718 4672 πάντα
2763 4613 3010 4686 παρῆλθε
3028 4611 3119 4666 διὰ
3152 4609 3421 4681 σπουδῆς,
3452 4602 3658 4663 οὐδενὸς
3683 4594 3736 4692 ιδ

2180 4687 2445 4785 ⁸παράπαν
2465 4710 2626 4778 λόγον
2654 4706 2982 4777 ποιούμενος
3010 4703 3122 4757 τῶν
3154 4703 3257 4757 ὅσα
3292 4701 3504 4772 σαρκὸς
3536 4694 3627 4788 καὶ
3652 4687 3733 4788 x6:

2181 4819 2324 4875 σμου
2371 4802 2489 4856 ἐστὶ
2537 4800 2634 4854 καὶ
2685 4798 2935 4866 λέγεται,
2986 4793 3315 4856 ὲνδιαθέτως
3362 4791 3506 4861 ἔχων
3547 4784 3641 4877 ηδη
3668 4784 3733 4877 “ﬁt?

2178 4872 2325 4966 λόγῳ
2385 4891 2785 4965 περιεχομένην
2831 4888 3067 4959 ἀμάχως
3108 4886 3208 4958 τὴν
3264 4882 3490 4955 πρᾶξιν,
3530 4872 3614 4932 οἷα
3648 4872 3733 4966 τοῦ

2179 4958 2266 5058 ὲφξ
2292 4958 2428 5057 ημῖν
2458 4958 2669 5047 πάντας
2703 4958 2882 5051 ἑαυτῷ
2903 4958 2998 5033 τοῦ
3029 4973 3378 5048 διανοητικοῦ
3409 4974 3538 5036 τοὺς
3562 4958 3731 5058 κρατιε-

2182 5052 2346 5143 στους
2395 5077 2630 5139 ἀπαθεῖς
2673 5072 3140 5144 ὲπικομιζομένου
3194 5070 3424 5138 λόγους,
3486 5061 3603 5118 καθ’
3652 5052 3731 5113 οὓς

2181 5175 2332 5227 πᾶσα
2389 5169 2561 5243 ἀρετὴ
2607 5169 2704 5222 καὶ¹
2754 5167 2961 5237 γνῶσίς
3011 5166 3132 5219 ὲστι
3185 5163 3284 5217 καὶ
3325 5145 3729 5256 ὑφέσηκενζώξ

2181 5264 2441 5335 δυνάμεις
2489 5261 2652 5325 ὄντας
2693 5259 2878 5330 ψυχῆς
2912 5257 3163 5328 λογικῆς,
3191 5254 3329 5325 πρὸς
3374 5252 3475 5324 μὲν
3506 5248 3566 5302 τδ
3610 5248 3728 5343 e'ivat

2183 5355 2440 5428 σώματος
2486 5353 2595 5407 οὐδ’
2626 5344 3111 5421 ὅλωςχρῄζοντας,
3146 5346 3279 5419 πρδς
3325 5345 3382 5400 δὲ
3414 5344 3474 5398 τὸ
3522 5341 3725 5411 φανῆναι

1215 5534 1229 5543 ,
1254 5541 1265 5543 _
1284 5541 1288 5543 λ
1554 5502 1567 5511 -
1775 5466 2011 5523 νΑΒΙᾹΞ
2052 5466 2455 5525 LECTlONES.

566 5552 615 5585 “
649 5552 929 5624 νομίζουσι
949 5558 1040 5614 ed.
1072 5557 1194 5615 Gal.
1220 5541 1313 5593 M7"
1340 5558 1681 5633 διῃρημένην
1712 5559 1802 5616 ed.
1832 5556 1949 5617 Gal.
2024 5561 2065 5592 ει
2100 5559 2168 5612 τὰ
2221 5574 2332 5615 om.
2388 5558 2511 5613 cod.
2572 5556 2716 5614 Gud.

2041 5667 2275 5726 NOTIE.

596 5739 652 5811 ᾳ)
682 5739 827 5811 Lege
853 5756 993 5793 eum.
1020 5738 1233 5811 male.)

596 5754 629 5811 ᾳ
682 5739 827 5807 Lege
853 5756 993 5793 eum.
1028 5739 1233 5808 (ϐείω.)

573 5739 652 5881 ir;
680 5808 821 5878 Lege
856 5810 1301 5877 manifrstantem.
1337 5806 1536 5880 (Gale.)

605 5826 629 5839 ο

2256 5742 2323 5807 (5)
2357 5737 2584 5792 Rectius
2607 5736 2966 5807 prcvita_lem._
2989 5732 3190 5807 (Gala)

2256 5800 2318 5879 (τὲ
2355 5808 2500 5877 Lege
2527 5800 2869 5859 ostendentis.
2908 5800 3107 5877 (Cale)
