3998 6374
46 520 95 559 ,λη

436 408 574 474 nos
1647 387 2172 457 AMBIGUOBUM
2207 385 2461 446 LIBER.
3197 355 3207 364 '
3553 372 3694 439 tuo

437 521 528 576 διὰ
554 520 653 583 τὰς
685 515 989 589 εἰρημένας
1011 514 1194 579 αίτίας
1242 510 1386 569 κατά
1432 507 1627 580 καιρὸν
1682 502 1834 574 αὐτῷ
1871 501 2005 573 χρῆ-

2134 497 2421 579 praedictas,
2456 491 2759 550 secundum
2797 499 3031 560 tempus,
3063 503 3134 544 eo
3181 487 3261 542 uti
3309 502 3419 541 non
3470 487 3689 555 vimpe-

436 610 563 667 σθαι
629 610 730 663 οὐκ
775 605 1190 678 ἀναινομένους.
1225 604 1409 677 (137
1472 602 1532 671 ιι)
1571 599 1713 655 Φασὶ
1756 597 1868 668 γὰρ
1912 593 2008 649 τοῦ

432 699 781 772 διανοητικοῦ
814 695 979 764 εῖναι,
1013 697 1201 761 ίδικῶς
1234 696 1336 767 μὲν
1374 693 1476 756 τὰς
1497 694 1715 763 νοήσεις
1746 687 1856 742 τῶν
1883 702 2011 758 νοη-

442 793 569 861 τῶν,
613 790 713 856 τάς
750 789 974 862 ἀρετὰς,
1006 789 1104 852 τὰς
1136 787 1455 858 ἐπιστήμας
1493 784 1626 846 τοὺς
1657 779 1766 835 τῶν
1804 778 2012 848 τεχνῶν

434 884 656 955 λόγους,
686 883 750 937 τὸ
802 881 1211 955 προαιρετικδὴ
1240 880 1303 932 το
1359 872 1708 950 βουλευτικὸν
1729 914 1745 938 ,
1779 869 2015 940 γενικῶς

437 975 499 1031 δὲ
526 973 626 1038 τὰς
654 972 887 1045 κρίσεις,
912 974 1014 1036 τὰς
1062 969 1519 1041 συγκαταθέσεις,
1549 968 1652 1031 τάς
1693 962 2014 1033 ἀποφυγὰς,

437 1066 542 1130 τὰς
583 1064 784 1138 ὁρμὰς,
816 1064 915 1117 καὶ
945 1063 1046 1127 τὰς
1085 1063 1190 1134 μὲν
1216 1057 1360 1116 εἶναι
1391 1060 1563 1133 μόνης
1583 1059 1685 1130 τῆς
1713 1055 1858 1111 κατὰ
1888 1053 2017 1108 νοῦν

438 1157 716 1229 θεωρίας,
747 1156 848 1221 τὰς
880 1155 937 1210 δὲ
966 1156 1066 1224 τῆς
1097 1155 1242 1210 κατά
1268 1153 1363 1208 τὸν
1390 1152 1551 1223 λόγον
1581 1147 2019 1220 ὲπιστημονικῆς

437 1248 750 1318 δυνάμεως.
783 1248 847 1300 Et
876 1246 934 1300 δὲ
965 1246 1182 1309 τούτοις
1210 1244 1629 1318 φρουρουμένην
1658 1241 1709 1294 οἱ
1745 1239 1892 1308 ἀγιοι
1919 1237 2019 1308 τὴν

440 1338 653 1392 οἰκείαν
689 1337 735 1368 ⁸³
791 1335 938 1409 ζωὴν
985 1336 1398 1406 συνετήρησαν,
1448 1333 1557 1404 ἀρα
1608 1326 2021 1402 περιληπτικῶς

440 1428 534 1482 διὰ
563 1425 661 1480 τοῦ
692 1425 852 1493 λόγου
883 1426 978 1479 καὶ
1006 1426 1110 1495 τῆς
1134 1424 1371 1495 θεωρίας
1402 1425 1430 1478 ὀ
1476 1422 1754 1494 μακάριος
1788 1419 1835 1451 ³³
1864 1412 2023 1480 οὗτος

442 1518 588 1589 ἀνὴρ
639 1516 852 1581 πάντας
880 1517 1007 1580 τοὺς
1032 1515 1154 1570 κατ’
1188 1514 1392 1588 ἀρετὴν
1428 1513 1523 1567 καὶ
1552 1512 1756 1581 γνῶσιν
1790 1509 2023 1580 εἰσηγή-

446 1624 581 1662 σατο
612 1608 808 1677 λόγους
835 1609 950 1671 τοῖς
980 1606 1158 1676 ἁγίοις
1191 1604 1668 1676 συνειλημμένους
1699 1643 1714 1667 ,
1752 1602 1820 1656 δι’
1846 1595 1921 1655 ὧν
1952 1601 2021 1670 τῇ

446 1701 778 1771 κατανοήσει
848 1696 943 1752 τοῦ
996 1697 1135 1752 Θεοῦ
1173 1696 1340 1750 ,κατὰ
1410 1695 1646 1766 θεωρίαν
1705 1692 2026 1762 γνωστικῶς

449 1791 880 1864 προσανέχοντες
904 1791 1190 1862 ἐμφρόνως
1219 1788 1360 1843 κατά
1387 1787 1544 1856 λόγον
1567 1785 1657 1840 διὰ
1684 1784 1794 1839 τῶν
1814 1782 2026 1855 ἀρετῶν

448 1880 552 1950 τὴν
603 1877 755 1933 θείαν
791 1880 1008 1942 ἑαυτοῖς
1065 1877 1282 1949 μορφὴν
1316 1877 1733 1931 ὲνετυπὼσαντο
1758 1915 1773 1941 ,
1803 1875 2025 1937 πάντως

450 1971 555 2025 οὐκ
606 1965 747 2025 εἷναι
796 1971 1096 2035 ἀναγκαῖον
1141 1969 1350 2039 οίηθεὶς
1395 1968 1495 2040 τὴν
1522 1967 1615 2021 διὰ
1641 1967 1738 2022 τοῦ
1772 1966 2028 2038 σώματος

453 2062 722 2133 ὀνομάσαι
752 2059 977 2132 πρᾶξιν,
1013 2059 1301 2130 γινώσκων
1339 2060 1415 2131 μὴ
1450 2060 1655 2131 ἀρετῆς
1678 2059 1851 2129 αὐτὴν
1882 2055 2027 2113 εἶναι

456 2150 784 2223 ποιητικὴν,
808 2151 923 2205 ἀλλ’
953 2150 1331 2220 ἑκφαντικην,
1361 2151 1457 2204 καὶ
1506 2150 1685 2220 μόνων
1721 2148 1831 2202 τῶν
1867 2149 2031 2202 θείων

455 2243 748 2312 νοημάτων
769 2253 833 2293 τε
854 2239 951 2294 καὶ
977 2239 1258 2311 λογισμῶν
1297 2239 1596 2311 ὑπουργόν.
1637 2239 1726 2304 Ὠς
1753 2239 1821 2294 ἂν
1852 2239 1910 2293 δὲ
1938 2239 2035 2292 καὶ

456 2332 527 2385 δι’
553 2330 744 2402 ἑτέρου
789 2330 993 2403 τρόπου
1042 2330 1276 2402 φανερὸν
1314 2331 1543 2402 γένηται
1589 2331 1651 2384 τὺ
1699 2329 2034 2402 λεγόμενον.

459 2424 628 2495 φασὶν
662 2425 712 2476 oi
751 2424 860 2476 τῶν
899 2422 1023 2477 καθ’
1066 2424 1217 2494 ἡμᾶς
1250 2425 1594 2495 πραγμάτων
1641 2423 1711 2478 δι’
1742 2423 2035 2495 ἀκριϐείας

464 2512 815 2585 μετελθόντες
863 2517 989 2579 τοὺς
1034 2514 1229 2582 λόγους
1261 2512 1356 2568 τοῦ
1396 2513 1622 2583 λογικοῦ
1657 2513 1719 2569 τὸ
1751 2514 1853 2585 μὲν
1890 2509 2037 2569 εῖναι

458 2607 814 2678 θεωρητικὸν,
833 2606 895 2660 τδ
925 2606 982 2661 δὲ
1032 2608 1340 2679 πρακτικόν
1370 2625 1383 2640 ·
1412 2607 1507 2662 καὶ
1554 2607 1891 2679 θεωρητικὸν
1934 2608 2037 2678 μὲν

460 2699 525 2752 τὸ
566 2699 710 2754 κατά
758 2698 905 2763 νοῦν,
951 2699 1027 2763 ὡς
1066 2699 1180 2771 ἔχει
1223 2699 1294 2755 τὰ
1330 2700 1483 2767 ὄντα,
1523 2700 1833 2773 πρακτικὸν
1874 2698 1932 2752 δὲ
1976 2699 2038 2753 τὸ

463 2790 826 2861 βουλευτικὸν,
857 2791 919 2845 τὸ
958 2791 1143 2863 όρίζον
1194 2794 1309 2857 τοῖς
1364 2796 1694 2866 πρακτικοῖς
1741 2792 1835 2848 τὸν
1876 2791 2039 2863 όρθδν

463 2881 645 2950 λόγον.
695 2882 805 2936 Καὶ
853 2882 1081 2938 καλοῦσι
1124 2867 1186 2939 τῦ
1235 2885 1334 2956 μὲν
1378 2885 1716 2957 θεωρητικὸν
1763 2883 1890 2939 νοῦν
1915 2924 1932 2951 ,
1976 2882 2040 2939 τὸ

461 2970 525 3024 δὲ
556 2971 861 3041 πρακτικὸν
891 2971 1072 3041 λόγον,
1098 2973 1191 3028 καὶ
1216 2974 1276 3028 τὸ
1307 2973 1406 3046 μὲν
1436 2974 1653 3044 σοφίαν,
1688 2974 1751 3028 τδ
1801 2973 1859 3028 δὲ
1901 2974 2041 3046 φρό-

400 3132 407 3139 ο
464 3078 643 3132 νησιν.
679 3063 741 3116 Et
789 3063 848 3116 δὲ
880 3063 1039 3118 τοῦτο
1081 3064 1303 3137 ἀληθὲς,
1336 3067 1403 3119 ὲκ
1451 3066 1551 3137 τῆς
1597 3065 1778 3130 αίτίας
1809 3067 1921 3139 ἀρα
1941 3065 2040 3138 τὴν

2111 576 2328 646 rantur.
2357 587 2559 645 Dicunt
2589 584 2738 639 enim
2769 580 3155 638 intellectualis
3195 594 3336 644 esse,
3381 576 3695 649 specialiter

2111 680 2367 737 notiones
2393 674 2845 748 intelligibilium,
2877 672 3129 736 virtutes,
3172 669 3453 734 scientias,
3493 667 3694 722 artium

2113 773 2376 835 rationes,
2428 765 2794 841 propositum,
2839 761 3153 826 consilium,
3204 759 3535 829 generaliter
3563 772 3696 811 vero

2109 864 2340 937 judicia,
2367 860 2827 931 comparationes,
2852 855 3027 926 fugas,
3053 851 3350 923 appetitus,
3371 860 3428 905 et
3447 848 3694 919 quaedam

2115 956 2341 1027 quidem
2368 969 2489 1009 esse
2517 951 2691 1007 solius
2729 947 3033 1005 secundum
3074 944 3321 1001 animum
3362 942 3699 1012 contempla-

2118 1046 2304 1109 tionis,
2341 1041 2591 1113 quaadam
2624 1053 2756 1094 vero
2787 1035 3094 1093 secundum
3138 1033 3409 1089 rationem
3456 1030 3704 1101 discipli‘
3751 1051 3754 1054 ~

2117 1137 2260 1194 nalis
2294 1135 2571 1208 potentiae.
2620 1133 2678 1189 Si
2713 1145 2898 1189 autem
2944 1131 3145 1187 talibus
3192 1128 3525 1186 eustoditam
3568 1141 3701 1196 pro-

2119 1231 2294 1301 priam
2342 1229 2512 1282 vitam
2568 1225 2745 1281 sancti
2796 1230 3286 1289 conservaverunt,
3337 1220 3505 1291 igitur
3549 1232 3703 1273 com-

2121 1320 2437 1393 preliensim
2460 1335 2560 1390 per
2584 1318 2854 1372 rationem
2875 1324 2933 1372 et
2953 1312 3473 1384 contemplationem
3509 1310 3705 1365 beatus

2123 1414 2229 1468 iste
2261 1413 2346 1467 vir
2391 1427 2603 1477 omnes,
2648 1425 2771 1480 qua:
2818 1417 2949 1465 sunt
2989 1405 3292 1462 secundum
3343 1404 3604 1458 virtutem
3650 1412 3708 1455 et

2124 1505 2446 1573 scientiam,
2483 1501 2790 1558 introduxit
2833 1501 3078 1555 rationes
3125 1513 3156 1552 a
3208 1495 3417 1552 sanctis
3456 1506 3708 1562 compre-

2126 1595 2345 1660 hensas,
2372 1588 2470 1665 per
2500 1609 2638 1664 quas
2670 1592 2912 1648 divinam
2948 1588 3199 1645 notitiam
3244 1603 3343 1659 per
3369 1582 3710 1653 contemplu-
3786 1642 3789 1649 ε

2126 1687 2332 1742 tionem
2381 1685 2619 1741 scienter
2661 1681 3016 1750 accipientes,
3059 1678 3365 1750 prudenter
3403 1672 3706 1730 secundum

2127 1778 2395 1832 rationem
2425 1791 2526 1846 per
2567 1775 2802 1829 virtutes
2828 1773 3070 1829 divinam
3114 1770 3336 1826 sibimet
3382 1774 3709 1836 coeptavere.

2128 1862 2361 1918 formam
2392 1861 2641 1926 omnino,
2663 1876 2777 1915 non
2799 1875 2921 1916 esse
2944 1858 3318 1915 necessarium
3338 1855 3592 1927 judicans
3614 1869 3712 1922 prr

2129 1969 2331 2024 corpus
2374 1952 2660 2009 nominare
2711 1952 3009 2016 actionem,
3047 1962 3386 2020 cognoscens
3430 1961 3542 2000 non
3588 1961 3709 2000 eam

2129 2045 2349 2102 virtutis
2376 2059 2497 2101 esse
2526 2042 2835 2107 factricem,
2862 2042 2960 2097 sed
3001 2039 3509 2102 manifestatricem,
3538 2045 3596 2090 et
3621 2053 3712 2090 so-

2130 2136 2411 2194 lummodo
2445 2135 2755 2189 divinarum
2781 2129 3266 2202 intelligentiarum
3295 2133 3353 2181 et
3385 2122 3715 2196 disputatio-

2132 2242 2265 2283 num
2297 2225 2373 2298 (u)
2400 2224 2733 2279 ministrum.
2765 2222 2836 2278 Ut
2864 2228 3046 2276 autem
3077 2228 3133 2275 et
3167 2234 3266 2289 per
3297 2216 3465 2271 alium
3488 2213 3714 2270 modum

2134 2316 2490 2374 manifestum
2526 2315 2621 2370 fiat
2661 2312 2809 2385 quod
2856 2312 3066 2368 dictum
3101 2319 3209 2375 est,
3254 2309 3448 2364 dicunt
3479 2306 3572 2377 qui
3611 2322 3715 2360 no-

2134 2420 2373 2468 strarum
2437 2423 2623 2463 rerum
2690 2407 2985 2478 diligenter
3050 2403 3298 2465 rationes
3358 2408 3714 2470 percurrunt,

2134 2502 2422 2559 rationalis
2449 2500 2674 2571 quidem
2698 2513 2819 2554 esse
2843 2495 3329 2566 contemplativum
3353 2502 3412 2548 et
3442 2492 3713 2555 activum;

2134 2605 2192 2653 et
2224 2578 2709 2664 contemplativum
2738 2588 2962 2659 quidem
2997 2584 3304 2643 secundum
3352 2582 3715 2646 intellectum,

2136 2687 2340 2758 quippe
2369 2684 2535 2741 habet
2555 2699 2620 2739 ea
2643 2699 2766 2754 quae
2791 2690 2952 2745 sunt;
2980 2678 3220 2734 activum
3248 2690 3383 2731 vero
3412 2672 3715 2730 secundum

2136 2778 2452 2843 consilium,
2471 2774 2615 2846 quod
2642 2773 2842 2829 diﬁinit
2861 2770 3173 2827 actionibus
3195 2776 3403 2831 rectam
3422 2765 3715 2820 rationem.

2137 2870 2208 2928 Et
2236 2876 2436 2933 vocant
2461 2867 2683 2939 quidem
2718 2862 3202 2934 contemplativum
3231 2859 3596 2923 intellectum,
3624 2873 3715 2913 ac-

2139 2962 2314 3019 tivum
2359 2974 2491 3016 vero
2537 2959 2830 3023 rationem,
2861 2964 2916 3012 et
2949 2954 3086 3010 illud
3116 2952 3341 3025 quidem
3369 2950 3718 3020 sapientiam,

2140 3054 2275 3111 illud
2322 3068 2454 3109 vero
2498 3050 2869 3125 prudentiam.
2905 3047 2963 3102 Si
3010 3054 3192 3102 autem
3236 3043 3345 3098 hoc
3387 3056 3617 3104 verum,
3656 3056 3722 3096 ex

464 3152 838 3244 npdﬁtvixara
863 3156 925 3208 τὺ
955 3155 1125 3223 είκδς,
1160 3134 1276 3211 ἀλλ’
1295 3159 1396 3212 οὐκ
1427 3134 1617 3229 ἐκντῆς
1654 3157 1787 3230 ὕλης
1821 3134 2033 3229 ῶνόμα-

2142 3161 2308 3202 causa
2337 3145 2522 3216 itaque
2554 3143 2850 3206 actionem,
2885 3137 3186 3196 secundum
3219 3134 3352 3207 quid
3378 3147 3724 3204 consequens

374 3302 381 3307 θ
467 3258 564 3295 σεν
591 3240 772 3315 (137
807 3244 858 3315 ὁ)
887 3244 917 3298 ό
940 3244 1263 3310 διδάσκαλος
1316 3246 1476 3316 λόγον
1499 3289 1515 3314 ,
1544 3248 1645 3319 τὴν
1678 3248 1848 3319 μηδὲν
1884 3246 2038 3320 ἔχου-

466 3351 573 3425 σαν
604 3336 980 3406 ἀντικείμενον
1007 3336 1122 3402 ἕξιν
1150 3338 1627 3411 προσαγορεύσας.
1653 3338 1904 3410 Λογικῶς
1931 3340 2042 3412 γὰρ

470 3423 568 3477 καῖ
592 3425 929 3493 γνωστικῶς,
964 3425 1079 3478 ἀλλ’
1102 3427 1162 3480 οὑ
1191 3427 1508 3499 πολεμικῶς
1541 3428 1635 3482 καὶ
1662 3427 2043 3497 ἀγωνιστικῶς

467 3514 703 3584 ἐμμένει
757 3520 867 3580 τοῖς
905 3516 1166 3587 ἀληθέσιν
1208 3520 1237 3571 ὁ
1263 3518 1620 3592 θεωρητικὸς,
1645 3520 1738 3573 καὶ
1769 3518 1907 3590 πλὴν
1943 3519 2044 3573 αὒ-

468 3608 581 3660 τῶν
625 3606 754 3662 ἄλλο
807 3625 862 3661 τι
908 3611 1039 3681 όρᾷν
1085 3610 1176 3665 διὰ
1216 3613 1317 3682 τὴν
1356 3612 1492 3683 πρὸς
1543 3612 1682 3667 αὐτά
1713 3611 1906 3683 ἡδονὴν
1942 3612 2045 3666 οὐκ

468 3698 742 3768 ἀνέχεται.
777 3700 839 3753 Ei
871 3700 927 3755 δὲ
953 3702 1060 3775 χρὴ
1090 3703 1184 3757 mi.
1218 3703 1396 3768 ἄλλως
1419 3703 1468 3736 ⁸⁸
1499 3704 1841 3776 σαφέστερον
1882 3703 2046 3758 τοῦτο

471 3791 845 3861 ποιήσασθαι,
880 3793 1042 3848 πάλιν
1082 3796 1132 3849 οι
1170 3794 1435 3864 τῆςκατή
1462 3795 1666 3867 ἀρετὴν
1700 3795 2044 3867 τελειότητος

470 3883 598 3945 τοὺς
638 3882 838 3951 λόγους
892 3886 1276 3956 γυμνάσαντες
1331 3887 1466 3958 φασι
1508 3866 1657 3953 τοὺς
1716 3866 1885 3961 μήπω
1946 3887 2046 3959 τῆς

472 3974 610 4044 πρὸς
657 3975 756 4046 τὴν
806 3975 941 4048 ὕλην
981 3980 1124 4034 κατά
1160 3979 1259 4051 τὴν
1293 3981 1481 4051 σχέσιν
1531 3981 1821 4046 κοινωνίας
1869 3980 2044 4036 καθα-

472 4064 602 4138 ροὺς
650 4068 943 4136 γεγονότας
990 4071 1117 4140 περὶ
1160 4072 1229 4125 τά
1278 4071 1565 4143 πρακτικὰ
1610 4071 2043 4139 καταγίνεσθαι,

474 4156 674 4227 μικτῆς
699 4155 869 4229 οὔσης
903 4160 1089 4224 αὐτοῖς
1117 4160 1199 4214 ἔτι
1231 4161 1349 4231 τῆς
1368 4162 1498 4231 περὶ
1524 4162 1593 4215 τὰ
1625 4161 1757 4216 ὄντα
1780 4163 2038 4233 κρίσεως,

470 4245 567 4299 καὶ
594 4247 699 4300 elui
726 4250 974 4319 τρεπτοὶ,
1017 4252 1185 4324 μήπω
1208 4254 1306 4323 τὴν
1339 4252 1471 4324 περὶ
1495 4254 1564 4307 τά
1597 4254 1814 4325 τρεπτά
1857 4254 2042 4324 σχέσιν

469 4335 841 4408 ἀποθέμενον
871 4342 998 4407 τοὺς
1031 4342 1088 4396 δὲ
1122 4343 1192 4396 δι’
1216 4343 1499 4415 ἀκρότητα
1542 4343 1621 4414 τῷ
1652 4344 1699 4376 ⁸⁵
1728 4342 1848 4414 Θεῷ
1897 4342 2044 4398 κατά

471 4427 659 4498 σχέσιν
692 4431 1118 4501 πλησιάζοντας,
1153 4436 1248 4488 καὶ
1291 4436 1358 4505 τῇ
1394 4431 1590 4487 τούτου
1620 4434 1951 4504 κατανοήσει
1982 4431 2042 4487 τὺ

2141 3246 2245 3305 est,
2278 3246 2333 3293 at
2364 3252 2475 3292 non
2515 3251 2583 3292 ex
2615 3233 2864 3299 materia,
2897 3228 3205 3287 nominavit
3254 3226 3514 3299 magister
3552 3225 3722 3279 ratio-

2142 3347 2270 3387 nem
2299 3329 2508 3385 nullam
2541 3326 2613 3400 (υ)
2647 3325 2940 3381 habentem
2985 3321 3300 3393 oppositum
3343 3317 3724 3373 habitudinem

2144 3423 2444 3494 appellans.
2492 3417 2914 3475 Rationabiliter
2958 3415 3105 3471 enim
3140 3421 3195 3469 et
3233 3412 3493 3475 scienter,
3527 3419 3585 3465 at
3613 3426 3724 3464 non

2143 3529 2243 3585 per
2272 3511 2616 3568 inimicitiam
2647 3518 2705 3565 et
2729 3506 3141 3563 contentionem
3191 3504 3359 3559 instat
3399 3497 3548 3558 veris
3596 3517 3728 3556 con-

2146 3605 2519 3675 templativus,
2550 3610 2607 3658 et
2632 3608 2831 3672 praeter
2859 3599 2976 3670 ipsa
3018 3597 3168 3653 aliud
3214 3596 3346 3667 quid
3382 3594 3572 3649 videre
3599 3609 3727 3663 pm-

2144 3706 2266 3769 pter
2293 3692 2486 3751 éorum
2514 3692 2937 3748 delectationem
2963 3704 3072 3744 non
3103 3678 3321 3757 recipit.
3343 3684 3402 3740 Si
3429 3700 3563 3740 vero
3586 3688 3749 3754 opus

2143 3797 2230 3844 est
2261 3795 2319 3843 et
2342 3786 2503 3842 aliter
2530 3785 2636 3841 hoc
2663 3783 2908 3855 apertius
2932 3781 3134 3845 facere,
3167 3779 3367 3834 iterum
3400 3776 3495 3848 qui
3526 3791 3725 3832 secun-

2145 3880 2278 3936 dum
2322 3879 2584 3936 virtutem
2627 3874 2985 3948 perfectionis
3011 3872 3284 3928 rationem
3321 3876 3601 3934 exercent,
3633 3869 3722 3922 di-

2144 3979 2279 4025 cunt
2307 3967 2573 4040 quosdam
2598 3966 2844 4022 nondum
2873 3963 2944 4019 ad
2984 3961 3267 4018 materiam
3292 3959 3596 4016 secundum
3627 3959 3724 4014 lia-

2144 4060 2320 4117 bitum
2358 4057 2746 4115 communione
2777 4063 3057 4127 purgatos,
3098 4053 3243 4108 circa
3288 4052 3532 4107 actiones
3558 4050 3719 4116 eﬂici,

2143 4155 2275 4211 dum
2301 4154 2375 4210 sit
2402 4154 2564 4209 mista
2593 4152 2774 4207 adhuc
2796 4149 2877 4205 eis
2898 4150 3043 4204 circa
3063 4162 3127 4202 ea
3148 4162 3270 4217 quae
3289 4141 3720 4216 suntjudicalio,

2143 4255 2200 4301 et
2241 4254 2371 4302 sunt
2416 4242 2833 4307 conversibiles,
2874 4240 3121 4295 nondum
3151 4239 3298 4293 circa
3339 4233 3739 4295 conversibilia.

2144 4335 2394 4391 habitum
2441 4335 2799 4405 deponentes.
2848 4330 3123 4398 Quosdam
3177 4342 3305 4383 vero
3354 4342 3455 4398 per
3502 4326 3723 4380 virtutis

2145 4426 2516 4483 summitatem
2533 4427 2646 4481 Deo
2666 4422 2968 4480 secundum
2990 4421 3237 4476 habitum
3258 4419 3720 4490 approximantes,

476 4520 749 4593 μακάριον
788 4523 1224 4597 καρπουμένους,
1252 4524 1390 4598 πρὸς
1412 4526 1639 4590 ἑαυτοὺς
1662 4526 1824 4596 μόνον
1839 4525 1935 4579 καὶ
1954 4518 2033 4578 τοι

2148 4528 2205 4579 et
2221 4520 2399 4591 ipsius
2417 4520 2721 4576 secundum
2745 4514 3159 4586 intelligentiam
3176 4511 3517 4568 beatitudine
3540 4510 3724 4565 fruen-

472 4611 606 4667 Θεδν
656 4614 1071 4687 ἐστραμμένους
1105 4615 1183 4686 τῷ
1215 4615 1377 4688 ῥῆξαι
1419 4616 1660 4688 γνησίως
1702 4616 1804 4686 τῆς
1850 4615 2045 4687 ὑλικῆς

474 4706 712 4777 σχέσεως
744 4706 809 4761 τὰ
834 4707 1011 4778 δεσμά
1036 4707 1144 4761 τῶν
1175 4708 1275 4778 μὲν
1303 4707 1627 4780 πρακτικῶν
1650 4707 1746 4761 καὶ
1772 4706 1873 4778 τῆς
1902 4707 2037 4776 ὕλης

470 4796 755 4862 παντελῶς
782 4797 1202 4872 ἠλλοτριῶσθαι,
1232 4801 1300 4870 τῇ
1328 4799 1387 4853 δὲ
1415 4798 1623 4869 θεωρίᾳ
1661 4797 1758 4851 καὶ
1804 4796 1883 4867 τῷ
1921 4795 2043 4865 Θεῷ

469 4887 945 4959 προσῳκιιῶσθαι.
978 4889 1091 4954 Διὸ,
1128 4890 1286 4960 φασὶ,
1313 4889 1409 4943 καὶ
1461 4888 1720 4958 μένουσιν
1755 4887 2040 4956 ἀτρεπτοι,

474 4981 550 5049 μὴ
577 4979 788 5050 ἔχοντες
811 4980 894 5035 ἔτι
921 4984 1022 5048 τὴν
1050 4982 1184 5050 πρὸς
1204 4983 1302 5049 τὴν
1323 4980 1455 5051 ὓλην
1481 4979 1686 5050 σχέσιν,
1724 4976 1846 5031 καθ’
1872 4978 1940 5048 ἢν
1973 4977 2040 5045 τῇ

473 5069 575 5141 ὕλῃ
607 5072 852 5138 φυσικῶς
885 5072 1243 5145 ἀλλοιουμένῃ
1278 5072 1427 5144 παρά
1444 5071 1606 5140 φύσιν
1640 5067 2042 5135 συνεξαλλοιοῦ-

474 5157 661 5211 σθαι⁸⁵
689 5158 750 5224 ἐξ
769 5160 1018 5231 ἀνάγκης
1039 5161 1287 5231 πέφυκεν
1303 5162 1331 5214 ό
1351 5165 1416 5232 τῇ
1442 5160 1544 5232 ὕλῃ
1568 5160 1709 5214 κατά
1724 5159 1822 5228 τὴν
1857 5156 2044 5227 σχέσιν

473 5253 904 5324 κεκρατημένος,
929 5254 1022 5307 καὶ
1055 5254 1321 5324 μεγίστης
1343 5253 1501 5318 εἰδὼς
1533 5253 1741 5307 δεῖσθαι
1761 5250 2044 5318 δυνάμεως

2143 4622 2248 4677 tes,
2297 4610 2366 4667 ad
2409 4626 2467 4667 se
2517 4611 2666 4681 ipsos
2706 4606 3054 4665 solummodo
3090 4612 3146 4665 et
3188 4605 3358 4659 Deum
3404 4617 3721 4665 conversos,

2141 4702 2448 4774 rumpendo
2480 4703 2696 4758 sincere
2748 4699 3054 4773 materialis
3089 4695 3433 4752 babitudinis
3481 4696 3722 4761 vincula,

2140 4794 2450 4850 actionibus
2488 4793 2710 4864 quidem
2757 4808 2789 4848 a
2833 4791 3063 4847 materia
3105 4788 3349 4860 perfecte
3390 4788 3725 4853 alienantur,

2141 4884 2606 4955 contemplatione
2644 4897 2777 4938 vero
2808 4890 2866 4937 et
2897 4882 3011 4937 Deo
3042 4879 3343 4937 familiares
3387 4879 3547 4936 ﬁunt.
3594 4881 3726 4934 Pro-
3772 4937 3778 4944 ,

2145 4982 2354 5045 pterea,
2386 4975 2663 5044 inquiunt,
2698 4984 2925 5029 manent
2967 4972 3436 5036 inconversibiles,
3470 4987 3581 5027 non
3629 4971 3726 5027 lia-
3776 4992 3783 5042 ε

2145 5065 2341 5120 bentes
2372 5065 2553 5120 adhuc
2584 5065 2649 5119 ad
2690 5063 2973 5121 materiam
3005 5063 3405 5128 habitudinem,
3435 5078 3532 5135 per
3559 5078 3724 5132 quam

2146 5169 2270 5209 cum
2324 5154 2553 5211 materia
2605 5156 2934 5212 naturaliter
2982 5155 3173 5210 mobili
3224 5163 3416 5211 contra
3472 5164 3724 5209 naturam
3771 5190 3776 5195 ρ

2149 5247 2484 5302 commoveri
2529 5263 2597 5303 ex
2646 5247 2973 5304 necessitate
3016 5247 3303 5303 consuevit
3343 5246 3439 5318 qui
3482 5246 3725 5301 materiae

1755 5386 1988 5443 VARIE
2024 5384 2405 5440 LECTIONES

547 5502 616 5572 "_
646 5499 780 5572 ἰᾷίαν
817 5500 1048 5572 είίαϐιιι.
1101 5501 1145 5534 ⁸³
1170 5500 1489 5572 ὀμοκάρὸιος
1517 5498 1641 5554 cod.
1669 5498 1811 5554 Gud.
1876 5496 1920 5527 ⁵⁸
1951 5496 2045 5549 καὶ
2080 5494 2256 5559 ἄλλως
2292 5509 2402 5548 om.
2461 5493 2548 5547 ed.
2588 5492 2708 5551 Gal.
2801 5493 2845 5524 ⁵³
2884 5491 2958 5560 τῷ
2998 5507 3105 5544 om.
3147 5490 3234 5545 ed.
3277 5489 3395 5545 Gal.
3466 5489 3511 5521 "‘
3534 5490 3725 5545 συναλ-

471 5569 749 5626 λοιοῦσθαι
769 5571 858 5627 ed.
892 5570 1013 5626 Gal.

2002 5655 2233 5715 ΝΟΤᾹΞ.

544 5755 793 5828 (αγιθεο
826 5757 1142 5810 mniistram.
1174 5753 1371 5829 (Cale)

2220 5748 2290 5817 (υ)
2318 5747 2457 5818 Lege
2489 5745 2717 5801 nullum.
2751 5744 2946 5819 (Gale.)
