3998 6420
402 329 530 399 iiii

1570 341 1631 402 S.
1670 338 1955 400 MAXIMI
1992 339 2497 404 CONFESSORIS

3536 342 3675 411 ili?

399 460 495 515 per
529 448 910 506 habitudinem
954 464 1246 508 concretus
1285 460 1388 517 est,
1416 460 1470 506 et
1512 452 1761 506 maxima:
1787 451 1982 505 videns

2097 454 2220 523 πρὸς
2270 453 2532 507 ἀπόθεσιν
2573 454 2673 523 τῆς
2718 454 2911 524 ὑλικῆς
2955 456 3323 526 προσπαθεῐας
3366 455 3470 509 τὸν
3497 457 3673 525 αὐτῆς

400 537 644 611 indigere
675 545 932 611 potentia:
957 545 1024 598 ad
1052 544 1451 614 depositionem
1482 541 1778 597 materialis
1807 542 1992 610 passi-‘

398 626 649 696 bilitatis,
702 633 771 686 ab
818 650 883 688 ea
930 634 1157 689 liberari
1204 635 1502 699 volentem,
1544 633 1624 686 ait
1666 631 1977 701 magister:

410 737 431 770 ο
460 719 562 776 Cui
598 722 767 792 igitur
795 725 1007 779 licitum
1054 727 1157 780 fuit
1189 742 1290 796 per
1320 725 1590 779 rationem
1638 734 1695 778 et
1740 732 1985 778 contem-

404 811 702 880 plationem
734 817 1145 884 pertranseunti
1178 818 1486 878 materiam,
1512 823 1572 870 et
1598 815 1813 869 carnale
1855 815 1981 879 hoe,

408 903 524 957 sive
568 905 821 963 nimbum
868 917 1086 977 oportet
1136 909 1346 974 dicere,
1395 908 1511 962 sive
1546 907 1817 972 velamen,
1858 919 1983 959 cum

408 993 521 1049 Deo
548 995 688 1061 ﬁeri,
716 1006 824 1053 etc.
863 1016 883 1050 ι

622 1177 892 1243 Quomodo
923 1190 998 1236 est
1025 1182 1228 1238 nimbus
1261 1192 1310 1238 et
1337 1183 1576 1239 velamen
1606 1201 1752 1238 caro.

478 1290 591 1347 Cur
636 1300 820 1349 autem
877 1296 1126 1353 nimbum
1182 1315 1303 1354 CSSC
1358 1310 1414 1355 οι
1460 1301 1711 1354 velamen
1764 1311 1982 1351 carnem

331 1455 336 1459 .
411 1379 544 1436 dicit
575 1383 873 1455 magister?
892 1387 1082 1442 videns
1115 1390 1318 1461 quippe
1340 1390 1468 1459 quia
1500 1389 1678 1443 omnis
1711 1389 1986 1441 lmmanus

410 1472 625 1527 animus
658 1490 849 1530 errans
881 1488 936 1530 et
967 1493 995 1531 a
1035 1479 1270 1533 naturali
1304 1489 1456 1533 motu
1490 1488 1637 1533 retro
1680 1477 1982 1548 aspiciens,

411 1561 555 1616 circa
605 1565 913 1633 passionem
966 1577 1022 1622 et
1063 1584 1282 1623 sensum
1338 1578 1393 1626 et
1442 1569 1718 1624 sensibilia
1776 1575 1983 1621 motum

2081 542 2512 615 ἐλευθερωθῆναι
2545 545 2870 618 βουλόμενόν
2900 564 3064 618 φησιν
3092 550 3121 601 ὁ
3157 548 3525 613 διδάσκαλος,
3560 567 3578 598 ι
3606 540 3679 617 ’ρ

2083 650 2187 686 τινι
2226 635 2324 703 μὲν
2350 634 2745 703 οὖν’ἐξεγένετο
2786 637 2873 689 διὰ
2919 636 3083 705 λόγου
3125 636 3235 690 καὶ
3264 636 3518 707 θεωρίας
3562 637 3680 688 δια-

2085 725 2267 794 σχιῦντι
2303 727 2400 795 τὴν
2426 725 2559 796 ὓλην
2589 728 2682 780 καὶ
2724 726 2784 778 τὸ
2812 728 3078 798 σαρκικὸν
3111 728 3269 783 τοῦτο
3293 771 3306 789 ,
3336 728 3462 780 εἴτε
3515 726 3681 793 νέφος

2082 817 2187 888 λ(ρῆ
2216 818 2397 885 λέγειν
2422 818 2531 871 εἴτε
2566 819 2965 890 πρθκάλυμμα,
2999 820 3118 889 Θεῷ
3143 817 3552 891 συγγενέσθαι,
3587 815 3685 869 καὶ

2082 909 2150 962 τὰ
2175 909 2321 979 ἑξῆς·
2349 908 2535 995 (138
2559 917 2613 979 α)

2153 1173 2286 1241 Πῶς
2304 1175 2437 1231 ἐστι
2458 1175 2642 1247 νέφος
2670 1177 2770 1232 καὶ
2796 1176 3200 1246 προκάλυμμα
3226 1177 3264 1245 ἡ
3295 1174 3465 1245 σάρξ
3502 1172 3616 1242 (6).

2155 1284 2253 1338 Διά
2286 1286 2338 1339 τί
2359 1285 2415 1338 δέ
2439 1286 2594 1355 νέφος
2618 1284 2758 1340 εἶναι
2782 1288 2877 1339 καὶ
2902 1286 3280 1356 προκάλυμμα
3327 1285 3434 1354 τὴν
3481 1284 3684 1352 σάρκα

2087 1375 2291 1444 φησὶνὸ
2305 1374 2625 1440 διδάσκαλος
2645 1395 2659 1444 ;
2684 1376 2760 1439 ὡς
2780 1376 2936 1439 εἰδὼς
2952 1377 3034 1442 ὅτι
3054 1379 3160 1441 πᾶς
3182 1374 3538 1446 ἀνθρώπινος
3559 1377 3695 1440 νοῦς

2088 1463 2460 1533 πλανώμενος,
2502 1465 2599 1519 καὶ
2646 1465 2748 1535 τῆς
2796 1468 2937 1523 κατὰ
2977 1468 3140 1534 φύσιν
3185 1468 3480 1525 ἀπονεύων
3525 1468 3694 1535 κινή-

2090 1572 2249 1620 σεως,
2290 1558 2419 1628 περὶ
2442 1556 2615 1621 πάθος
2652 1558 2750 1611 κοιλ⁵
2787 1558 3045 1628 αἴσθησιν
3071 1561 3167 1612 καὶ
3209 1558 3455 1629 αἰσθητᾶ-
3510 1560 3698 1612 ποιεῖ-

412 1653 560 1713 facit,
590 1669 701 1707 non
733 1655 941 1710 habens
970 1659 1232 1713 aliorsum
1265 1659 1495 1721 moveri,
1529 1659 1597 1713 ab
1620 1675 1686 1713 eo
1713 1667 1861 1711 motu
1892 1657 1983 1728 qui

2097 1664 2179 1699 ται
2210 1647 2255 1678 ⁸⁷
2277 1646 2375 1718 τὴν
2400 1648 2637 1717 κίνησιν,
2666 1650 2765 1702 οὐκ
2810 1648 2947 1720 ἔχων
2981 1649 3165 1711 ἄλλοθί
3198 1668 3288 1704 ποι
3321 1648 3643 1716 κινηθῆναι
3676 1691 3694 1715 ,

411 1745 476 1798 ad
518 1747 690 1801 Deum
734 1750 1066 1805 naturaliter
1099 1750 1204 1804 fert
1237 1751 1529 1809 deﬁciens.
1569 1760 1624 1806 et
1655 1744 1841 1803 divisit
1871 1765 1991 1803 car-

2097 1739 2190 1806 εῆς
2248 1741 2385 1808 πρὸς
2432 1740 2563 1796 Θεὸν
2612 1741 2859 1811 φυσικῶς
2918 1742 3197 1812 φερούσης
3229 1744 3517 1811 κινήσεως
3566 1741 3695 1795 δἀ-

409 1849 534 1887 nem
569 1835 621 1888 in
651 1836 964 1905 passionem
990 1847 1046 1892 et
1070 1855 1322 1904 sensum;
1355 1837 1540 1892 carnis
1565 1837 1713 1892 enim
1739 1835 1991 1889 animata:

409 1934 705 1996 utrumque
739 1937 845 1993 est,
882 1945 982 1999 per
1015 1931 1265 1984 nimbum
1290 1938 1345 1983 et
1370 1930 1620 1984 velamen
1654 1929 1771 1982 haec
1806 1926 1990 1979 deela-

410 2018 576 2071 ravit.
600 2017 834 2074 Nimbus
865 2021 1013 2074 enim
1044 2032 1129 2074 est
1153 2020 1440 2090 principali
1474 2019 1549 2089 (5r)
1582 2020 1776 2072 anima:
1802 2016 1995 2087 super-

410 2105 749 2161 obumbrans
792 2109 1029 2164 carnalis
1073 2111 1280 2178 passio,
1313 2120 1367 2165 et
1411 2110 1657 2162 velamen
1706 2116 1789 2163 est.
1829 2122 1988 2161 error

354 2256 355 2259 η
411 2195 715 2249 secundum
742 2212 987 2259 sensum,
1010 2200 1409 2267 superﬁciebus
1438 2198 1779 2252 sensibilium
1806 2198 1986 2267 ipsum

414 2284 659 2349 vincens,
689 2295 744 2340 et
773 2287 838 2340 ad
872 2288 1239 2357 intelligibilia
1273 2290 1561 2343 transitum
1596 2290 1849 2343 muniens
1886 2285 1985 2358 (y).

416 2373 518 2427 Per
542 2375 657 2430 haec
688 2377 1023 2432 oblivionem
1051 2380 1385 2432 naturalium
1417 2379 1687 2433 bonorum
1715 2378 1992 2447 accipiens

412 2465 622 2527 anima,
661 2467 808 2522 circa
860 2468 1144 2531 sensibilia
1195 2478 1362 2524 totam
1414 2485 1566 2523 suam
1611 2470 1989 2539 operationem

411 2558 707 2620 convertit,
734 2558 953 2613 furores
986 2570 1042 2615 et
1074 2561 1548 2630 concupiscentias
1578 2569 1633 2615 et
1665 2560 1991 2615 delectatio-

412 2662 510 2702 nes
536 2664 637 2718 per
662 2665 725 2705 ea
751 2667 875 2721 quas
905 2652 1052 2707 dicta
1080 2662 1212 2708 sunt
1235 2654 1559 2706 inhonestus
1586 2652 1816 2708 invenit.

882 2917 1151 2984 Quomodo
1180 2918 1419 2991 voluptas
1447 2919 1527 2986 ﬁt.
1650 2930 1657 2937 '
2021 2922 2065 2980 (ἶ

481 3028 674 3086 Omnis
696 3028 843 3085 enim
872 3029 1168 3086 delectatio
1195 3044 1389 3084 eorum
1415 3043 1537 3098 quae
1564 3025 1993 3092 interdicuntur,
2074 3026 2077 3029 ’

415 3137 483 3176 ex
510 3123 788 3193 passione,
814 3136 915 3191 per
943 3122 1188 3176 medium
1225 3136 1446 3175 sensum
1484 3121 1549 3174 ad
1582 3119 1788 3191 aliquid
1824 3119 1999 3174 sensi-

415 3212 547 3277 bile,
574 3213 799 3266 omhino
828 3211 946 3266 ﬁeri
979 3211 1286 3266 consuevit.
1317 3211 1506 3279 Neque
1540 3211 1689 3265 enim
1720 3209 1866 3263 aliud
1899 3208 1998 3262 ali-

415 3303 548 3374 quid
575 3312 659 3358 est
684 3303 998 3366 delectatio,
1025 3318 1189 3373 quam
1225 3302 1438 3372 species
1463 3317 1657 3356 sensus
1686 3302 1739 3355 in
1773 3302 1997 3356 sensivo

413 3411 517 3463 per
540 3394 817 3464 quoddam
847 3395 1111 3449 sensibile
1148 3395 1401 3460 formati;
1428 3394 1515 3448 vel
1546 3395 1744 3461 modus
1768 3393 1999 3448 sensivze

417 3488 759 3555 operationis
826 3502 926 3555 per
986 3484 1420 3540 irrationabilem
1495 3484 1997 3555 concupiscentiam

417 3578 770 3632 constitutus.
811 3577 1272 3647 Concupiscentia
1318 3577 1467 3631 enim
1518 3576 1706 3632 sensui
1751 3575 1999 3646 apposita

418 3668 476 3722 in
518 3668 950 3723 delectationem
990 3668 1248 3732 vertitur,
1286 3667 1497 3723 addens
1538 3667 1589 3721 ei
1636 3667 1907 3736 speciem,
1945 3673 2001 3719 et

418 3774 616 3814 sensus
654 3775 754 3830 per
797 3758 1304 3830 concupiscentiam
1349 3767 1534 3813 motus
1575 3757 1998 3812 delectationem

412 3842 705 3917 'opcratur,
733 3847 995 3917 quiddam
1031 3845 1292 3901 sensibile
1326 3846 1625 3916 accipiens.
1655 3844 2002 3917 Cognoscen-

418 3951 504 3995 tes
536 3940 705 4011 igitur
729 3941 906 3996 sancti
936 3943 1065 4010 quia
1095 3958 1195 4013 per
1219 3941 1456 3996 mediam
1485 3956 1704 3996 carnem
1735 3941 1801 3996 ad
1832 3932 2001 3996 mate-

419 4033 554 4086 riam
580 4035 761 4087 anima
787 4040 978 4087 contra
1002 4041 1252 4087 naturam
1278 4041 1424 4086 mota
1452 4042 1725 4088 terrenam
1752 4032 2003 4089 induitur

419 4124 675 4188 formam,
704 4124 807 4194 ipsi
839 4124 1013 4194 magis
1040 4139 1140 4194 per
1164 4124 1400 4179 mediam
1429 4124 1665 4179 animam
1696 4125 2001 4185 secundum

2093 1834 2402 1903 μαρτήσας,
2435 1835 2530 1888 καὶ
2558 1834 2719 1887 διεῖλε
2748 1835 2846 1905 τὴν
2892 1835 3071 1906 σάρκα
3112 1835 3196 1898 εἰς
3241 1835 3413 1896 πάθος
3446 1835 3557 1887 καὶ
3599 1833 3694 1885 αἴ-

2090 1924 2303 1993 σθησιν,
2363 1926 2574 1996 σαρκὸς
2622 1926 2743 1999 γάρ¹
2782 1926 3031 1997 ἐμψύχου
3085 1926 3375 1996 ἀμφότερα
3417 1925 3522 1978 διὰ
3588 1923 3692 1978 τοῦ

2089 2015 2284 2082 νέφους
2340 2016 2435 2069 καὶ
2489 2018 2585 2070 τοῦ
2644 2019 3117 2090 προκαλύμματος
3168 2020 3341 2075 ταῦτα
3389 2017 3690 2087 δηλώσας.

2090 2106 2271 2172 Νέφος
2306 2105 2414 2177 γάρ
2444 2108 2560 2160 ἐστι
2596 2107 2675 2177 τῷ
2706 2107 3020 2178 ἡγεμονικῷ
3067 2110 3165 2178 τῆς
3208 2108 3392 2178 ψυχῆς
3453 2111 3695 2161 ἐπισκο-

2090 2195 2218 2248 τοῦν
2254 2196 2315 2249 τὸ
2361 2197 2627 2268 σαρκικὸν
2666 2199 2858 2262 πάθος,
2896 2200 2993 2253 καὶ
3022 2200 3401 2271 προκάλυμμα
3452 2202 3626 2252 ἐστιν
3655 2200 3691 2268 ἡ

2094 2287 2214 2338 κατ’
2240 2287 2507 2357 αἴσθησιν
2528 2290 2735 2360 ἀπάτη,
2770 2293 2891 2354 ταῖς
2930 2291 3275 2358 ἐπιφανείαις
3323 2290 3432 2342 τῶν
3479 2290 3693 2355 αἰσθη-

2093 2376 2201 2428 τῶν
2229 2378 2400 2448 αὐτὴν
2427 2380 2786 2450 ἐπερείδουσα
2825 2383 2918 2434 καὶ
2949 2382 3224 2453 τῆς’πρδς
3249 2382 3317 2434 τὰ
3351 2381 3528 2451 νοητὰ
3574 2381 3692 2432 δια-

2093 2464 2305 2531 ϐάσεως
2353 2468 2800 2538 ἀποτειχίζουσα,
2843 2470 2912 2522 δι’
2940 2464 3014 2524 ὧν
3048 2470 3217 2541 λήθην
3261 2470 3369 2522 τῶν
3415 2468 3689 2537 φυσικῶν

2091 2556 2312 2626 ἀγαθῶν
2336 2558 2691 2630 λαμϐάνουσα
2713 2563 2841 2633 περὶ
2862 2563 2931 2615 τὰ
2954 2563 3186 2631 αἰσθητὰ
3215 2563 3311 2630 τὴν
3334 2562 3466 2630 ὃλην
3497 2560 3691 2629 αὐτῆς

2087 2646 2372 2717 ἐνέργειαν
2424 2649 2794 2719 καταστρέφει
2818 2691 2832 2713 ,
2871 2650 3081 2719 θυμοὺς
3115 2650 3210 2703 καὶ
3242 2647 3550 2716 ἐπιθυμίαις
3585 2645 3685 2697 καὶ

2090 2737 2281 2807 ἡδονὰς
2324 2739 2411 2793 διὰ
2447 2738 2557 2792 τῶν
2600 2741 2908 2811 εἰρημένων
2941 2742 3210 2810 ἀπρεπεῖς
3245 2738 3682 2809 ἑφευρίσκουσα.

2455 2908 2462 2918 ⁸
2554 2921 2686 2989 Πῶς
2736 2923 2926 2992 ἡδονὴ
2966 2924 3202 2994 γίνεται.

2166 3016 2327 3088 Πᾶσα
2355 3033 2460 3105 γὰρ
2492 3036 2652 3107 ἡδονὴ
2687 3036 2795 3091 τῶν
2824 3035 3288 3107 ἀπηγορευμένων
3338 3035 3403 3086 ἐκ
3460 3032 3683 3095 πάθους
3712 3106 3717 3111 ἱ

2095 3125 2180 3179 διὰ
2208 3127 2380 3197 μέσης
2408 3128 2712 3205 αἰσθήσεως
2734 3129 2872 3200 πρός
2918 3147 2969 3181 τι
3003 3128 3220 3190 πάντως
3267 3126 3521 3194 γίνεσθαι
3577 3126 3681 3180 πέ-

2096 3234 2267 3286 φυκεν
2313 3217 2592 3288 αἰσθητόν.
2624 3219 2758 3274 Οὐδὲ
2800 3218 2911 3291 γὰρ
2962 3219 3090 3274 ἄλλο
3142 3219 3193 3271 τι
3238 3220 3356 3272 ἐστι
3412 3218 3580 3288 ἡδονὴ
3643 3217 3678 3287 ῆ

2096 3301 2235 3370 εἶδος
2264 3308 2567 3378 αἰσθήσεως
2597 3309 2656 3363 ἐν
2683 3308 2759 3379 τῷ
2787 3308 3089 3379 αἰσθητικῷ
3119 3309 3207 3362 διά
3239 3325 3384 3371 τινος
3411 3306 3679 3378 αἰσθητοῦ

2038 3450 2044 3457 _
2101 3399 2508 3469 μορφουμένης,
2544 3400 2577 3470 ἢ
2616 3403 2813 3472 τρόπος
2847 3400 3173 3472 αἰσθητικῆς
3227 3400 3511 3470 ἐνεργείας
3552 3398 3680 3452 κατ’

2096 3489 2393 3561 ἐπιθυμίαν
2464 3491 2655 3559 ἄλογον
2715 3493 3122 3561 συνιστάμενος.
3202 3491 3497 3561 Ἐπιθυμία
3565 3489 3679 3561 γάρ

2086 3580 2347 3655 αἰσθήσει
2381 3583 2739 3653 προστεθεῖσα
2773 3584 2854 3646 εἰς
2882 3582 3073 3653 ἡδονὴν
3121 3582 3476 3653 μεταπίπτει,
3536 3579 3678 3643 εἶδος

2098 3672 2236 3743 αὐτῇ
2263 3673 2565 3741 ἐπάγουσα,
2609 3676 2704 3735 καὶ
2757 3669 3013 3744 αἴσθησις
3055 3674 3176 3727 κατ’
3231 3672 3530 3740 ἐπιθυμίαν
3588 3690 3674 3724 κι-
3769 3735 3779 3744 ι

2098 3762 2321 3833 νηθεῖσα
2370 3762 2563 3834 ἡδονὴν
2615 3762 2988 3834 ἀπεργάζεται
3038 3760 3102 3814 τὸ
3155 3760 3410 3829 αἰσθητὸν
3432 3762 3674 3830 προσλα-

2100 3856 2289 3911 ϐοῦσα.
2358 3856 2584 3920 Γνόντες
2632 3852 2724 3910 οὖν
2783 3857 2832 3909 οἱ
2890 3856 3057 3923 ἅγιοι,
3113 3854 3300 3924 (138
3350 3852 3399 3923 ὁ)
3444 3855 3528 3907 ὅτι
3585 3852 3676 3907 διὰ

2105 3947 2274 4020 μέσης
2311 3946 2512 4018 σαρκὸς
2545 3948 2678 4019 πρὸς
2708 3945 2807 4017 τὴν
2835 3944 2968 4017 ὕλην
3019 3946 3052 4015 ἡ
3104 3944 3250 4015 ψυχὴ
3307 3944 3459 4014 παρά
3512 3943 3677 4012 φύσιν

2100 4038 2399 4108 κινουμένη
2421 4037 2522 4108 τὴν
2550 4037 2738 4109 χοῖκὴν
2777 4036 2990 4108 μορφὴν
3018 4035 3331 4097 ὑποδύεται,
3368 4034 3458 4087 διὰ
3500 4034 3675 4103 μέσης

2106 4130 2302 4201 μᾶλλον
2328 4131 2507 4201 ψυχῆς
2538 4130 2677 4184 κατά
2700 4129 2859 4200 φύσιν
2894 4129 3046 4184 αὐτοὶ
3076 4128 3212 4200 πρὸς
3260 4127 3351 4181 τὸν
3412 4127 3545 4180 Θεὸν
3592 4144 3677 4179 κι-

419 4224 678 4271 naturam
716 4216 786 4270 ad
822 4216 997 4271 Deum
1038 4224 1243 4271 motam
1281 4217 1446 4271 etiam
1488 4231 1709 4271 carnem
1752 4218 1864 4271 Deo
1899 4216 1995 4272 de-

2102 4223 2371 4293 νουμένης
2400 4223 2496 4275 καὶ
2521 4220 2616 4293 τὴν
2644 4222 2823 4292 σάρκα
2845 4219 2921 4291 τῷ
2948 4219 3068 4291 Θεῷ
3094 4219 3408 4305 πρεπόντως
3459 4217 3673 4273 οἰκειῶ-

398 4319 614 4365 -οοηιοι-
637 4308 889 4362 famulari
925 4308 1315 4363 intellexerunt
1345 4308 1438 4380 (ι),
1467 4323 1566 4379 per
1597 4308 1997 4365 institutionem

418 4402 686 4458 virtutum
724 4400 1140 4470 acceptabiliter
1172 4401 1346 4471 ipsam
1380 4400 1587 4455 divinis
1620 4408 1883 4457 ornantes
1915 4400 2000 4455 in-

419 4492 751 4548 tellectibus.
1518 4496 1526 4503 '

626 4668 897 4736 Quomodo
927 4678 974 4724 et
1003 4673 1189 4742 quanti
1222 4678 1393 4726 motus
1423 4680 1547 4727 sunt
1576 4674 1790 4727 animle.

492 4781 629 4836 Tres
662 4783 807 4837 enim
844 4785 1189 4848 universales
1222 4793 1404 4840 motus
1435 4786 1639 4841 habere
1672 4785 1909 4841 animam
1944 4785 2002 4840 in

422 4890 593 4927 unum
637 4875 899 4930 collectos
945 4892 975 4929 a
1023 4877 1294 4931 cbaritate
1341 4876 1416 4950 (a)
1466 4877 1795 4941 docuerunt,
1829 4889 2003 4928 unum

423 4963 726 5017 secundum
774 4965 1045 5028 animam,
1079 4966 1313 5020 alterum
1357 4966 1659 5021 secundum
1703 4964 2003 5031 rationem,

2106 4333 2196 4370 σαι
2231 4311 2609 4384 διενοήθησαν,
2634 4312 2703 4365 δι’
2734 4312 3022 4382 ἀσκήσεως
3058 4294 3268 4383 ἀρετῶν
3306 4309 3675 4380 ἐνδεχομένως

2104 4404 2273 4478 αὐτὴν
2301 4407 2422 4468 ταῖς
2450 4404 2623 4469 θείαις
2657 4405 2929 4477 ἐμφάσεσι
2965 4402 3423 4466 καλλωπίσαντες.

2169 4685 2175 4691 ’
2274 4668 2404 4733 Πῶς
2438 4665 2534 4722 καὶ
2572 4666 2755 4720 πόσαι
2800 4664 3070 4733 κινήσεις
3118 4663 3237 4718 εἰσὶ
3269 4661 3496 4737 ψυχῆς.

2170 4781 2332 4854 Τρεῖς
2361 4780 2469 4851 γὰρ
2497 4778 2795 4842 καθολικάς
2822 4779 3062 4847 κινήσεις
3097 4774 3326 4845 ἔχουσαν
3360 4773 3461 4844 τὴν
3496 4771 3676 4843 ψυχὴν

2099 4873 2180 4936 εἰς
2205 4871 2333 4942 μίαν
2358 4871 2754 4938 συναγομένας,
2785 4869 2891 4921 ὑπὸ
2915 4869 3011 4937 τῆς
3037 4868 3260 4938 χάριτος
3293 4864 3674 4934 φωτισθέντες,

2100 4963 2198 5032 τὴν
2232 4960 2374 5015 κατὰ
2399 4960 2548 5024 νοῦν,
2584 4960 2682 5031 τὴν
2708 4962 2851 5013 κατά
2884 4960 3066 5027 λόγον,
3099 4958 3197 5029 τὴν
3229 4958 3372 5011 κατὰ
3401 4957 3672 5025 αἴσθησιν,

425 5053 649 5107 tertium
683 5055 987 5110 secundum
1025 5071 1243 5110 sensum
1281 5075 1294 5111 :
1331 5066 1385 5111 et
1416 5072 1583 5111 unum
1619 5055 1841 5125 quidem
1877 5055 1995 5110 sim-

2102 5055 2197 5107 καὶ
2256 5053 2356 5123 τὴν
2417 5052 2522 5123 μὴν
2577 5052 2751 5121 ἁπλῆν
2811 5052 2905 5103 καὶ
2952 5039 3372 5120 ἀνερμήνευτόν.
3439 5048 3560 5126 καθ’
3609 5048 3675 5117 ἦν

425 5147 575 5215 plum
611 5155 667 5201 et
700 5148 1158 5220 interpretatione
1194 5158 1496 5215 carentem,
1530 5163 1628 5218 per
1659 5160 1821 5217 quem
1857 5146 2006 5200 ineo-

2102 5142 2397 5212 ἁγνὼστως
2430 5141 2557 5212 περὶ
2589 5141 2719 5194 Θεὸν
2746 5141 3043 5212 κινουμένη
3089 5139 3208 5197 κατ’
3247 5138 3439 5197 οὐδένα
3477 5138 3675 5210 τρόπον

1703 5278 1939 5333 VARlz'E
1980 5274 2383 5332 LECTIONES.

493 5372 540 5406 ⁸⁷
573 5354 799 5443 πρίηται,
820 5372 909 5427 ed.
943 5372 1062 5428 Gal.

1943 5486 2172 5544 ΝΟΤᾹΞ.

498 5582 573 5655 (x)
599 5582 743 5655 μεθ
772 5555 1121 5655 principalem
1140 5593 1370 5655 partem.
1402 5581 1596 5655 (Gale)

498 5654 572 5721 (ει)
597 5652 1075 5723 Ϊεὲιοοὸδῑνιιεηδ.
1105 5652 1273 5723 (Gale.

499 5723 568 5785 (ιι)
596 5721 759 5775 Verte
790 5723 1025 5776 meditati
1050 5721 1192 5776 sunt.
1221 5723 1411 5792 (Gaio)

2177 5578 2261 5651 (a)
2281 5579 2443 5632 Verte
2473 5576 2683 5651 eruditi.
2715 5576 2995 5631 Sententia
3050 5576 3253 5647 pendet
3276 5590 3305 5629 a
3332 5573 3502 5629 verbo
3528 5581 3675 5631 tran-

2107 5646 2437 5702 scenderunt.
2464 5646 2660 5717 (Gale.)
