3998 6382
258 347 374 416 1113

1455 355 1976 422 AMBIGUORUEI
2020 355 2291 417 LIBER.

3341 349 3478 417 liii

249 454 302 524 ἑξ
322 456 513 520 οὐδενὸς
540 455 646 508 τῶν
677 457 849 511 ὄντων
876 459 1039 512 αὖλιν
1065 460 1151 513 διὰ
1199 461 1299 530 τὴν
1349 459 1627 533 ὑπεροχὴν
1671 464 1792 516 ἐπι-
1821 493 1834 521 λ

1908 463 2046 533 gnite
2076 463 2222 518 circa
2255 461 2429 520 Deum
2460 471 2632 528 mota,
2657 463 2814 520 nullo
2842 463 3006 519 modo
3041 479 3108 518 ex
3143 463 3254 518 ullo
3284 479 3481 522 eorum
3533 487 3536 490 λ

247 547 500 614 γινώσκει,
525 547 622 617 τὴν
647 547 704 600 δὲ
727 550 850 600 κατ’
869 550 1052 602 αἰτίαν
1077 551 1359 622 ὀριστικὴν
1375 551 1471 606 τοῦ
1487 551 1792 621 ἀγνώστου,

246 637 352 692 καθ’
373 637 438 709 ἢν
464 639 709 706 φυσικῶς
743 641 1036 712 κινουμένη
1077 644 1204 706 τοὺς
1233 644 1321 696 ἐπ’
1353 645 1492 716 αὐτῇ
1529 647 1797 714 φυσικοὺς

243 727 424 791 πάντας
451 727 643 796 λόγους
677 730 773 783 τοῦ
813 731 935 784 κατ’
994 733 1176 786 αἰτίαν
1225 735 1389 804 μόνον
1449 735 1796 806 ἐγνωσμένου

245 821 604 890 μορφωτικοὺς
648 819 809 886 ὄντας
859 824 1027 893 ἑαυτῇ
1057 823 1126 875 δι’
1180 825 1465 896 ἐνεργείας
1500 825 1624 880 κατ’
1673 827 1797 878 ἐπι-

244 913 438 982 στήμην
468 911 773 968 ἐπιτίθεται
829 915 898 980 ⁵⁸,
957 917 1059 987 τὴν
1109 917 1166 970 δὲ
1229 918 1510 984 σύνθετον,
1552 918 1677 971 καθ’
1731 921 1800 988 ἢν

217 1002 335 1076 ’τῶν
359 1003 514 1067 ἐκτὸς
535 1006 892 1077 ἐφαπτομένη
918 1007 993 1070 ῶς
1023 1007 1087 1060 ἐκ
1139 1027 1305 1063 τινων
1351 1010 1642 1080 συμϐόλων
1689 1007 1801 1059 τῶν

236 1097 433 1168 ὁρατῶν
499 1101 626 1162 τοὺς
694 1099 887 1167 λόγους
945 1103 1083 1172 πρὸς
1140 1103 1341 1174 ἑαυτὴν
1395 1102 1798 1172 ἀναμάσσεται,

236 1189 583 1258 μεγαλοφυῶς
612 1191 698 1244 διὰ
729 1192 932 1246 τούτων
963 1195 1103 1248 κατά
1126 1195 1220 1248 τὸν
1248 1195 1427 1266 ἀληθῆ
1453 1195 1549 1248 καὶ
1604 1193 1797 1248 ἀπται-

236 1294 352 1330 στον
369 1280 464 1348 τῆς
495 1279 636 1332 κατά
663 1279 826 1350 φύσιν
857 1285 1128 1352 κινήσεως
1170 1283 1374 1352 τρόπον
1427 1281 1520 1334 τὸν
1557 1280 1804 1348 παρόντα

233 1369 336 1422 τῶν
355 1372 695 1440 σκαμμάτων
726 1372 902 1426 αἰῶνα
929 1373 1210 1444 διέϐησαν,
1235 1375 1337 1445 τὴν
1383 1374 1488 1443 μὲν
1524 1372 1815 1442 αἴσθησιν,

233 1461 430 1524 ἁπλοῦς
465 1463 556 1517 διὰ
612 1463 782 1534 μέσου
823 1465 920 1518 τοῦ
968 1466 1130 1532 λόγου
1179 1467 1318 1537 πρὸς
1371 1467 1466 1520 τὸν
1505 1464 1634 1518 νοῦν
1676 1465 1804 1528 τοὺς

230 1556 333 1608 τῶν
355 1557 632 1628 αἰσθητῶν
659 1564 1063 1629 πνευματικοὺς
1088 1561 1282 1630 λόγους
1335 1560 1566 1632 ἔχουσαν
1611 1559 1808 1630 μόνους

228 1646 675 1713 ἀναϐιϐάσαντες,
724 1650 816 1702 τὸν
863 1649 919 1702 δὲ
973 1651 1134 1718 λόγον
1188 1649 1439 1716 ένοειδῶς
1492 1649 1637 1702 κατὰ
1676 1639 1821 1716 μίαν

227 1737 405 1808 ἁπλῆν
445 1757 504 1792 τε
561 1741 658 1792 καὶ
706 1741 1016 1812 ἀδιαίρετον
1071 1741 1336 1812 φρόνησιν
1383 1741 1522 1815 πρὸς
1564 1740 1658 1794 τὸν
1680 1739 1806 1794 γοῦν

221 1831 348 1893 τοὺς
373 1830 559 1901 (139
586 1831 644 1902 α)
674 1831 782 1884 τῶν
811 1833 983 1886 όντων
1025 1833 1218 1902 ἔχοντα
1245 1835 1438 1902 λόγους
1475 1833 1800 1897 ἑνώσαντες,

222 1921 317 1975 τὸν
337 1922 392 1976 δὲ
419 1923 544 1975 νοῦν
583 1924 686 1994 τῆς
716 1925 846 1995 περὶ
871 1926 938 1978 τά
973 1926 1104 1979 ὄντα
1157 1928 1336 1981 πάντα
1383 1927 1657 1997 κινήσεως
1705 1911 1803 1978 νία-

221 2013 405 2086 Oapi'»;
443 2016 783 2070 ἀπολυθέντα
811 2017 907 2072 καὶ
939 2018 1110 2088 αὐτῆς
1152 2019 1256 2090 τῆς
1312 2017 1438 2072 καθ’
1485 2017 1649 2072 αὐτὸν
1699 2036 1802 2085 φυ-

221 2107 385 2176 σικῆς
410 2107 695 2179 ἐνεργείας
717 2109 1029 2182 ἠρεμοῦντα
1053 2111 1131 2181 τῷ
1159 2110 1281 2181 Θεῷ
1303 2111 1804 2180 προσκομίσαντες,

219 2198 348 2252 καθ’
401 2198 462 2252 δν
493 2198 690 2262 όλικῶς
737 2200 873 2269 πρὸς
917 2200 1052 2253 Θεδν
1111 2201 1495 2270 συναχθέντες,
1545 2201 1662 2254 ὅλοι
1698 2201 1808 2272 ὅλῳ

217 2289 340 2362 Θεῷ
391 2291 731 2361 ὲγκραθῆναι
795 2291 883 2344 διὰ
940 2292 1035 2344 τοῦ
1093 2292 1410 2360 πνεύματος
1465 2291 1805 2362 ἠξιώθησαν,

214 2384 350 2454 ὅλην
377 2383 473 2436 τοῦ
537 2383 865 2454 ἐπουρανίου
916 2385 1058 2437 κατᾶ
1104 2385 1166 2437 τὸ
1213 2384 1442 2438 δυνατὸν
1497 2384 1807 2455 ἀνθρώποις

213 2474 322 2544 τὴν
377 2475 565 2528 εἰκόνα
617 2475 971 2544 φορέσαντες,
1029 2476 1124 2528 καὶ
1173 2475 1406 2529 τοσοῦτο
1449 2477 1498 2508 ⁸³
1550 2477 1808 2542 agam;

213 2567 322 2637 τῆς
361 2567 512 2632 θείας
547 2567 864 2637 ἐμφάσεως,
898 2571 949 2622 εί
996 2569 1158 2639 θέμις
1215 2570 1378 2622 τοῦτο
1427 2573 1627 2636 εἰπεῖν,
1682 2572 1808 2626 ὅσον

215 2657 506 2728 ἑλχθέντες
555 2659 713 2712 αἰνιιώ⁵
769 2659 846 2728 τῷ
892 2660 1014 2728 Θεῷ
1073 2661 1460 2732 συνετέθησαν.
1512 2664 1652 2716 Φασὶ
1698 2663 1810 2735 γάρ

213 2749 469 2818 ἀλλήλων
493 2743 636 2802 εἶναι
664 2750 1092 2820 παραδείγματα
1129 2752 1224 2804 τὸν
1256 2753 1394 2806 Θεὸν
1420 2754 1520 2806 καὶ
1575 2753 1669 2807 τὸν
1710 2754 1809 2808 ἄν-

215 2839 462 2912 θρωπον,
493 2841 586 2894 καὶ
615 2841 874 2896 τοσοῦτον
923 2843 1001 2912 τῷ
1060 2843 1338 2915 ἀνθρώπῳ
1399 2845 1495 2899 τὸν
1544 2846 1680 2900 Θεὸν
1723 2848 1812 2901 διὰ

214 2930 642 3002 φιλανθρωπίαν
705 2932 1182 3004 ἀνθρωπίζεσθαι,
1254 2936 1382 2988 ὅσον
1448 2939 1479 2990 ό
1521 2937 1814 3008 ἄνθρωπος

215 3020 421 3074 ἑαυτὸν
440 3019 517 3090 τῷ
549 3019 668 3091 Θεῷ
699 3021 770 3074 δι’
793 3022 1018 3092 ἀγάπης
1067 3023 1321 3102 δυνηθεὶς
1363 3025 1674 3091 ἀπεθέωσε,
1717 3029 1814 3081 καὶ

1897 571 2019 624 qua:
2053 567 2183 612 sunt
2217 555 2398 624 ipsum
2432 571 2533 625 per
2564 554 2948 610 excellentiam
2986 557 3292 626 cognoscit.
3324 556 3482 614 Alte-

1896 651 2020 700 rum
2046 662 2184 700 vero
2215 646 2520 701 secundum
2553 663 2773 702 causam
2811 647 3154 702 diﬂinitivam
3189 649 3482 719 incogniti,

1897 757 2000 809 per
2024 755 2189 808 quem
2219 739 2549 794 naturaliter
2575 749 2744 804 mota,
2777 753 2969 794 omnes
3003 742 3282 795 naturales
3315 741 3486 794 ratio-

1899 845 2020 894 nes,
2043 845 2142 898 per
2163 845 2386 883 causam
2415 830 2763 884 solummodo
2789 830 3020 901 cogniti,
3044 830 3176 883 dum
3199 830 3313 883 sint
3339 829 3394 882 in
3419 845 3484 882 ea

1899 921 2274 986 formatrices,
2311 921 2416 976 sibi
2465 922 2571 992 ipsi
2617 937 2718 992 per
2757 922 3136 991 operationem
3179 921 3482 975 secundum

1900 1014 2189 1068 scientiam
2242 1013 2500 1082 imponit.
2551 1013 2799 1068 Tertium
2849 1023 3032 1070 autem
3065 1014 3484 1087 compositum,

1899 1121 2004 1174 per
2025 1122 2189 1176 quem
2217 1121 2280 1158 ea
2313 1122 2435 1174 qum
2459 1113 2614 1159 extra
2641 1099 3043 1178 sunttangens,
3069 1105 3240 1160 veluti
3270 1121 3336 1159 ex
3367 1103 3492 1174 qui-

1901 1202 2134 1257 busdam
2182 1201 2353 1270 signis
2392 1199 2693 1255 visibilium
2739 1201 2982 1258 rationes
3019 1199 3166 1270 apud
3211 1213 3269 1253 se
3314 1197 3491 1266 ipsam

1905 1291 2186 1353 reformat,
2217 1289 2642 1361 magnanimiter
2671 1306 2771 1360 per
2801 1289 2924 1356 hos,
2959 1287 3266 1342 secundum
3297 1301 3492 1341 verum

1905 1391 1962 1435 et
1995 1381 2398 1434 innnutahilem
2435 1381 2704 1437 naturalis
2741 1389 2926 1436 motus
2967 1379 3214 1442 modum,
3248 1384 3494 1448 praesens

1905 1475 2154 1528 laborum
2187 1473 2448 1530 stecnlum
2480 1473 2970 1527 transcenderunt.
2998 1470 3230 1526 Sensum
3264 1469 3490 1540 quidem

1908 1566 2234 1635 simpliciter
2281 1548 2600 1635 Spirituales
2651 1565 2796 1620 solas
2847 1564 3091 1622 rationes
3143 1561 3492 1618 sensibilium

1907 1655 2203 1710 haiurntem
2237 1671 2338 1723 per
2369 1655 2606 1708 mediam
2643 1655 2914 1708 rationem
2957 1653 3024 1706 ad
3065 1653 3303 1706 animam
3345 1649 3493 1709 refe—

1911 1755 2124 1813 rentes;
2162 1746 2434 1800 rationem
2471 1762 2604 1800 vero
2639 1745 2992 1800 nniformiter
3023 1760 3123 1816 per
3154 1759 3319 1798 unam
3356 1744 3494 1798 sim-

1907 1839 2162 1908 piamque
2207 1848 2372 1907 atque
2419 1820 2845 1908 inseparabilem
2894 1835 3244 1906 prudentiam
3299 1848 3492 1888 eorum

1904 1945 2028 1998 qum
2084 1938 2215 1984 sunt
2263 1929 2561 1982 habentem
2617 1928 2864 1984 rationes
2915 1926 3102 1980 animo
3153 1924 3494 1985 adunantes,

1904 2021 2087 2090 ipsum
2123 2027 2306 2074 autem
2343 2019 2587 2073 animum
2623 2019 2770 2072 circa
2809 2017 2995 2074 omnia
3025 2031 3147 2086 qua:
3181 2022 3313 2068 sunt
3341 2019 3496 2066 motu

1905 2127 2042 2179 pure
2086 2110 2420 2171 absolutum,
2446 2117 2501 2161 et
2537 2108 2607 2161 ab
2649 2107 2764 2177 ipsa
2805 2103 3114 2160 secundum
3156 2117 3215 2156 se
3255 2099 3501 2156 naturali

1906 2200 2226 2270 Operatione
2259 2199 2509 2268 quietum
2545 2197 2654 2251 Deo
2688 2195 3021 2256 oﬂ‘erentes,
3055 2209 3154 2264 per
3186 2207 3316 2246 eum
3355 2189 3494 2244 nni-

1905 2291 2200 2345 versaliter
2228 2289 2296 2343 ad
2327 2290 2498 2346 Deum
2531 2285 3067 2348 condescendentes,
3101 2283 3202 2337 toti
3241 2290 3356 2336 toto
3387 2281 3502 2336 Deo

1907 2383 2181 2438 contineri
2215 2397 2314 2452 per
2345 2381 2612 2450 Spiritum
2647 2377 2797 2450 digni
2832 2377 2960 2432 facti
2995 2384 3158 2440 sunt,
3183 2383 3354 2429 totam
3389 2387 3505 2429 c03-

1907 2474 2086 2538 lestis,
2123 2479 2388 2544 quantum
2413 2470 2736 2524 hominibus
2770 2467 3032 2539 possibile
3072 2477 3178 2530 est.
3204 2465 3500 2534 imaginem

1909 2567 2150 2620 ferentes
2175 2606 2188 2630 ,
2215 2573 2272 2618 et
2315 2572 2528 2618 tantum
2576 2563 2922 2616 attrahentes
2964 2559 3150 2614 divina
3187 2556 3416 2620 notitia,
3451 2555 3500 2610 si

1908 2657 1990 2710 fas
2028 2665 2112 2710 est
2150 2655 2256 2710 hoc
2293 2655 2510 2717 dicere,
2545 2661 2814 2723 quantum
2858 2652 2961 2720 ipsi
3005 2649 3226 2704 attracti
3265 2649 3377 2702 Deo
3413 2647 3506 2701 in-

1911 2747 2042 2803 serti
2103 2756 2252 2800 sunt.
2301 2746 2502 2800 Dicunt
2558 2744 2706 2799 enim
2763 2743 2910 2797 inter
2963 2758 3023 2796 se
3080 2739 3320 2794 invicem
3374 2753 3534 2794 esse-

1911 2837 2283 2905 paradigmata
2317 2835 2490 2889 Deum
2525 2841 2582 2890 et
2616 2833 2921 2900 hominem,
2953 2840 3010 2886 et
3041 2839 3252 2885 tantum
3283 2827 3500 2882 homini

1911 2928 2084 2981 Deum
2109 2943 2211 2996 per
2235 2927 2672 2982 misericordiam
2699 2920 3014 2991 humanari,
3037 2931 3304 2995 quantum
3329 2921 3502 2975 homo

1913 3034 1974 3072 se
2001 3019 2182 3088 ipsum
2210 3019 2324 3072 Deo
2354 3035 2454 3088 per
2480 3019 2812 3074 charitatem
2843 3015 3188 3072 confortatus
3213 3027 3503 3069 consecra-

214 3109 480 3168 τοσοῦτον
504 3112 610 3166 ὑπὸ
649 3112 787 3166 Θεοῦ
813 3115 908 3168 τὸν
935 3115 1232 3187 ἄνθρωπον
1263 3115 1408 3170 κατὰ
1451 3116 1578 3170 νοῦν
1631 3119 1810 3190 ἀρπάο

1915 3113 2022 3176 νῑι;
2060 3120 2118 3164 et
2151 3119 2362 3164 tantum
2397 3125 2427 3163 a
2460 3109 2574 3164 Deo
2607 3108 2891 3164 hominem
2921 3106 3224 3162 secundum
3256 3105 3502 3158 animum
3557 3173 3560 3178 _

211 3203 414 3271 ζεσθαι
445 3203 584 3276 πρὸς
608 3203 670 3258 τὺ
703 3206 969 3274 γνωστὸν,
1003 3207 1130 3260 ὅσον
1157 3209 1186 3260 ὁ
1233 3207 1525 3280 ἄνθρωπος
1569 3210 1664 3266 τὸν
1713 3211 1808 3264 ἀό-

171 3316 178 3321 ·
215 3309 387 3366 paeon
409 3292 572 3362 φύσει
603 3293 738 3348 Θεὸν
767 3294 854 3348 διὰ
874 3295 986 3349 τῶν
1010 3297 1228 3368 ἀρετῶν
1256 3299 1627 3370 ἐφανέρωσεν.
1670 3300 1811 3354 Ὑπὸ

211 3383 430 3454 ταύτης
457 3385 642 3438 τοίνυν
691 3384 797 3456 τῆς
843 3387 987 3442 κατά
1039 3387 1200 3457 λόγον
1243 3389 1341 3444 καὶ
1389 3389 1626 3462 θεωρίαν
1686 3409 1812 3447 συν-

211 3475 526 3546 ισταμένης
555 3476 901 3545 φιλοσοφίας,
929 3477 1053 3531 καθ’
1086 3479 1154 3551 ἢν
1183 3482 1276 3534 καὶ
1336 3482 1371 3551 ἡ
1426 3481 1522 3534 τοῦ
1553 3481 1810 3554 σώματος

207 3565 278 3634 ἐξ
310 3565 564 3636 ἀνάγκης
601 3567 942 3636 εὐγενξζεται
978 3570 1162 3638 φύσις,
1211 3572 1470 3636 ἀπλανῶς
1525 3577 1662 3642 πρὸς
1717 3574 1811 3628 τὸν

204 3658 315 3714 τοῦ
337 3657 481 3712 Θεοῦ
515 3658 680 3712 πόθον
705 3659 1010 3729 τρωθέντες
1040 3663 1090 3714 οἱ
1115 3661 1262 3727 ἅγιοι
1291 3663 1383 3717 διὰ
1424 3663 1536 3722 τῶν
1571 3663 1810 3721 ἐνουσῶν

197 3747 408 3810 ἀὐτοῖς
426 3742 580 3818 ’πρὸς
607 3747 676 3800 τά
705 3746 828 3800 θεῖα
858 3751 1106 3817 φυσικῶν
1131 3751 1429 3822 ἐμφάσεων
1458 3753 1836 3824 ἀξιοπρεπῶς·

203 3835 361 3908 πρὸς
390 3835 488 3890 τὸν
525 3836 574 3868 ⁶⁰
620 3836 758 3890 Θεὸν
803 3840 1196 3911 παρεγένοντο,
1251 3841 1413 3913 σῶμα
1457 3845 1557 3898 καὶ
1603 3844 1811 3915 κόσμον

200 3929 536 4000 ἀθλητικῶς
569 3928 904 4009 διασχόντες,
931 3931 1186 4002 ἀλλήλοις
1218 3933 1396 3988 ταῦτα
1438 3937 1810 4008 περιεχόμενα

200 4021 511 4093 θεώμενοι,
541 4021 634 4076 τόν
663 4023 765 4093 μὲν
801 4024 985 4093 φύσει,
1026 4024 1086 4078 τὸ
1133 4025 1188 4077 δὲ
1229 4027 1507 4095 αἰσθήσει,
1556 4029 1654 4082 καὶ
1709 4029 1806 4081 θα-

93 4103 100 4110 ’
194 4115 363 4184 τέρῳ
396 4113 628 4185 θάτερον
659 4114 988 4178 ὑποπίπτον,
1037 4119 1103 4187 τῇ
1157 4116 1282 4170 κατ’
1342 4118 1662 4200 ἐπαλλαγὴν
1715 4121 1810 4174 θα-

188 4205 383 4276 τέρου
408 4205 548 4274 πρὸς
567 4206 628 4258 τὸ
655 4205 847 4278 ἕτερον
877 4208 1010 4278 ποιᾷ
1049 4209 1293 4280 ἰδιότητι.
1329 4211 1422 4264 καὶ
1459 4211 1632 4280 μηδὲν
1682 4213 1810 4264 τού-

187 4315 320 4353 των
343 4297 433 4370 τῷ
465 4297 590 4353 καθ’
625 4300 822 4352 ἑαυτὸν
851 4298 996 4372 λόγῳ
1021 4301 1371 4372 περιγραςῆς
1391 4303 1643 4373 ὑπάρχον
1668 4301 1811 4356 ἐλεύ-

188 4391 404 4463 θερον,
455 4393 549 4446 καὶ
608 4393 838 4464 αἰσχρὸν
889 4393 1231 4464 ἡγησάμενοι
1284 4395 1397 4456 τοῖς
1455 4394 1673 4466 θνητοῖς
1718 4397 1812 4450 καὶ

1915 3205 2030 3274 rapi
2083 3204 2151 3257 ad
2207 3203 2581 3274 incognitum,
2619 3210 2888 3272 quantum
2943 3201 3112 3255 homo
3164 3198 3503 3252 invisibilem

1910 3304 2108 3349 natura
2136 3295 2310 3351 Deum
2340 3310 2440 3366 per
2465 3294 2702 3347 virtutes
2733 3292 2863 3346 facit
2889 3291 3262 3346 manifestum.
3289 3289 3373 3344 Ab
3397 3289 3508 3344 hac

1914 3388 2101 3458 itaque
2135 3405 2234 3458 per
2258 3387 2526 3441 rationem
2561 3395 2618 3440 et
2647 3384 3168 3456 contemplationem
3205 3382 3505 3438 constituta

1912 3479 2296 3550 philosophia,
2333 3495 2435 3548 per
2472 3491 2638 3552 quam
2681 3476 2850 3531 etiam
2896 3473 3148 3545 corporis
3187 3472 3506 3528 necessario

1912 3571 2241 3626 nobilitatur
2281 3579 2499 3631 natura,
2532 3567 2744 3640 absque
2790 3581 3000 3632 errore,
3036 3565 3226 3619 divino
3267 3562 3503 3618 sauciati

1915 3661 2089 3718 sancti
2116 3659 2419 3732 desiderio,
2441 3675 2542 3729 per
2566 3659 2760 3718 insitas
2792 3657 2875 3712 eis
2906 3655 3189 3710 naturales
3221 3654 3290 3708 ad
3317 3653 3502 3708 divina

1913 3753 2305 3824 intelligendas
2343 3750 2507 3824 digne
2547 3766 2610 3803 ae
2649 3750 2882 3820 pulchre
2919 3745 2984 3802 ad
3018 3747 3191 3800 Deum
3225 3759 3504 3814 pervene-

1913 3853 2078 3911 runt;
2121 3859 2328 3914 corpus
2357 3842 2413 3902 et
2445 3841 2714 3898 mundum
2751 3838 3062 3900 militariter
3102 3845 3506 3908 pertranseun-

1917 3947 2022 4004 tes,
2042 3937 2146 3992 sibi
2179 3935 2415 3992 invicem
2438 3935 2557 3991 haec
2581 3917 2845 4002 copulata.
2861 3922 3320 3998 contemplantes,
3342 3940 3508 3979 mun-

1916 4031 2046 4086 dum
2073 4029 2296 4099 quidem
2323 4035 2558 4090 naturae,
2579 4039 2786 4096 corpus
2808 4037 2940 4078 vero
2963 4021 3178 4084 sensui,
3194 4026 3251 4074 et
3267 4017 3504 4072 alterum

1915 4122 2072 4178 alteri
2121 4120 2483 4176 succumbere
2527 4134 2629 4188 per
2666 4114 3120 4185 consequentiam
3163 4109 3394 4166 alterius
3433 4107 3503 4163 ad

1915 4214 2150 4267 alterum
2189 4210 2564 4282 qualicunque
2606 4208 2952 4280 proprietate
2991 4221 3004 4258 :
3041 4212 3098 4259 et
3131 4201 3269 4257 nihil
3303 4201 3508 4254 horum

1914 4321 2017 4374 per
2057 4320 2117 4359 se
2165 4304 2349 4374 ipsum
2395 4301 2612 4356 ratione
2657 4294 3190 4366 circumscriptionis
3234 4292 3508 4346 exsistere

1915 4377 2177 4459 liberum,
2210 4404 2268 4449 et
2303 4403 2464 4463 turpe
2503 4391 2776 4446 ducentes
2807 4386 3139 4443 mortalibus
3169 4391 3227 4438 et
3260 4381 3506 4436 circum-

185 4483 626 4554 περιγραπτοῖς
675 4481 860 4556 (139
907 4481 958 4552 ὁ)
1008 4483 1405 4554 ὲμφθείρεσθαί
1448 4501 1509 4536 τε
1560 4487 1658 4539 καὶ
1718 4504 1814 4539 πε-

1915 4487 2136 4556 scriptis
2163 4485 2446 4554 corrumpi
2473 4491 2530 4538 et
2552 4479 2933 4540 circumscribi
2965 4477 3163 4532 animae
3194 4474 3508 4528 immortale

185 4573 598 4649 ριγράφεσθαι
624 4575 725 4643 τῆς
757 4573 936 4645 ψυχῆς
972 4575 1068 4647 ἔᾷν
1119 4574 1180 4628 τὸ
1229 4574 1504 4639 ἀθάνατον
1556 4578 1656 4630 καὶ
1695 4579 1813 4630 ἀει-

177 4662 446 4734 κίνητον
469 4665 620 4736 μόνῳ
647 4665 768 4738 Θεῷ
791 4665 870 4737 τῷ
897 4663 1154 4736 ἀθανάτῳ
1193 4666 1292 4719 καὶ
1339 4662 1526 4738 πάσης
1554 4667 1816 4742 ἀπειρίας

173 4753 486 4824 ἀνωτέρω
529 4755 740 4820 ἀλύτως
788 4747 1021 4820 ἑαυτοὺς
1070 4755 1363 4827 ἀνέδησαν,
1406 4758 1660 4828 οὐδαμῶς
1691 4763 1814 4826 ταῖς

172 4843 435 4912 κόσμου
468 4846 563 4898 καὶ
592 4845 797 4916 σαρκὸς
827 4844 1122 4908 ἀνθολκαῖς
1153 4845 1477 4917 ἐνδίδοντες,
1509 4845 1651 4916 ὅπερ
1694 4847 1814 4899 ἐστὶ

165 4939 406 5010 πάσης
469 4939 672 5010 ἀρετῆς
721 4955 782 4992 τε
817 4930 924 4992 ’καὶ
977 4937 1238 5006 γνώσεως
1291 4937 1601 5009 πλήρωσις,
1653 4933 1811 5010 οἶμαι

168 5031 246 5085 δὲ
286 5033 390 5086 ὅτι
425 5035 520 5086 καὶ
565 5032 738 5096 τέλος.
785 5031 956 5086 Ἀλλὰ
1004 5029 1109 5086 κᾶν
1160 5031 1347 5084 εἴποτε
1395 5031 1530 5100 mp!
1580 5031 1652 5084 τά
1699 5031 1812 5084 τῶν

169 5123 394 5178 ὅντων
441 5123 698 5195 θεάματα
749 5124 1071 5194 κεκίνηνται
1123 5125 1174 5176 οἱ
1219 5121 1389 5191 ἅγιοι,
1434 5123 1538 5176 οὐκ
1589 5124 1682 5176 ἐπὶ
1731 5123 1812 5192 τῷ

169 5217 364 5272 αὐτὰ
395 5219 584 5273 ἐκεῖνα
606 5217 1036 5290 προηγουμένως
1067 5216 1369 5270 θεάσασθαί
1392 5233 1450 5269 τε
1484 5216 1579 5270 καὶ
1601 5217 1808 5285 γνῶναι

163 5309 340 5367 καθ’
371 5311 524 5384 ἡμᾶς
564 5311 765 5378 ὑλικῶς
817 5307 1162 5379 κεκίνηνται,
1191 5309 1310 5362 ἀλλ’
1356 5309 1444 5362 ἵνα
1497 5308 1590 5362 τὸν
1639 5309 1682 5340 ⁸⁸
1723 5309 1812 5362 διὰ

1910 4589 1968 4636 et
1996 4595 2214 4649 semper
2242 4578 2470 4640 mobile,
2505 4575 2607 4630 soli
2641 4575 2756 4630 Deo
2787 4569 3082 4628 immortali
3116 4577 3171 4624 et
3201 4565 3352 4622 omni
3384 4565 3508 4620 inli-

1909 4673 2083 4726 nitate
2117 4669 2392 4740 superiori
2430 4665 2806 4722 insolubilitcr
2835 4679 2892 4718 se
2930 4662 3084 4734 ipsos
3111 4661 3504 4730 alligaverunt,

1911 4763 2063 4816 nullo
2101 4760 2264 4814 modo
2310 4758 2501 4813 mundi
2545 4766 2712 4826 atque
2757 4755 2946 4809 carnis
2988 4749 3390 4808 rcﬂuxionibus
3421 4749 3510 4802 in-

1910 4853 2009 4907 diti
2032 4853 2126 4916 (ι),
2153 4851 2280 4906 liceo
2309 4860 2391 4906 est
2415 4851 2596 4908 omnis
2620 4849 2842 4904 virtutis
2857 4856 2915 4902 et
2931 4845 3178 4901 scientiae
3193 4842 3503 4916 plenitudo.

1909 4945 2143 5000 Estitno
2177 4961 2312 5000 vero
2350 4946 2478 5015 quia
2514 4952 2572 4998 et
2607 4942 2752 4998 ﬁnis.
2783 4939 2890 4996 Sed
2932 4940 2978 4995 si
3021 4937 3318 5010 aliquando
3355 4937 3504 4991 circa

1909 5051 2102 5090 eorum
2129 5051 2251 5104 quae
2282 5043 2413 5089 sunt
2438 5033 2836 5104 speculamina,
2860 5030 2996 5086 moti
3023 5038 3152 5084 sunt
3172 5027 3366 5090 sancti,
3389 5041 3502 5078 non

1911 5127 1965 5180 in
1997 5127 2104 5182 hoc
2133 5127 2224 5182 illa
2255 5127 2374 5198 ipsa
2405 5126 2792 5197 principaliter
2821 5121 3186 5191 contemplari
3217 5129 3272 5173 et
3299 5132 3506 5186 cogno-

1910 5233 2088 5282 scere,
2121 5220 2266 5274 sicut
2289 5234 2414 5281 nos,
2447 5217 2813 5275 materialiter
2839 5215 2974 5270 moti
3007 5219 3156 5276 sunt,
3186 5209 3279 5266 sed
3315 5215 3376 5263 ut
3404 5223 3505 5277 per

1910 5312 2093 5366 omnia
2125 5321 2182 5367 et
2205 5313 2261 5366 in
2297 5311 2556 5368 omnibus
2587 5318 2641 5364 ct
2669 5309 3028 5364 exsistentem
3063 5314 3118 5360 et
3142 5305 3502 5374 apparentem

1529 5449 1767 5506 VARI/IS
1805 5449 2216 5506 L'CCTIONES.
3109 5478 3124 5503 ς

263 5547 332 5588 ⁵³
364 5547 636 5605 διατίθεται
661 5546 752 5604 ed.
783 5544 906 5605 Gal.
981 5544 1029 5579 ⁸⁵
1049 5543 1302 5600 τοσοῦτον
1324 5543 1414 5596 ed.
1443 5542 1562 5601 Gal.
1633 5545 1680 5577 ⁶⁰
1713 5543 1806 5596 τὸν

1908 5559 1962 5596 n.
2009 5545 2095 5598 ed.
2140 5545 2258 5599 Gal.
2327 5545 2369 5576 θ’
2426 5544 2492 5596 ἵν’
2519 5541 2702 5596 αὐτον.
2743 5536 2835 5594 ed.
2876 5532 3001 5591 Gal.

1781 5654 2016 5710 NOTAL

267 5756 368 5830 (ὁ)
397 5756 796 5827 Περιιαῖέοιεὶίνιςε
823 5749 1200 5814 iun’iti,carnis
1223 5753 1556 5815 t‘cniientiis,
1585 5751 1818 5806 rectius.
1864 5749 2062 5820 (Cale)
