3998 6366
533 386 668 454 1115

1714 389 1778 449 S.
1820 386 2111 448 ΜΑΧΙΜΙ
2151 382 2664 446 CONFESSORIS

3657 332 3794 444 nn.

525 502 700 558 Deum
741 499 1153 556 multiformiter
1187 497 1498 562 laudarent,
1526 505 1584 552 et
1617 496 1848 550 multum
1886 493 2109 550 sibimet

2230 490 2430 545 τάντων
2463 492 2558 544 καὶ
2592 492 2650 543 ἐν
2683 491 2846 543 πᾶσιν
2877 489 3006 544 ὄντα
3038 506 3097 542 τε
3135 485 3229 541 atat
3276 484 3612 554 φαινόμενον
3661 489 3774 544 Θεὸν

525 589 908 663 admirationis
943 589 1269 660 colligerent
1303 589 1568 642 virtutem
1604 597 1660 640 et
1690 581 2108 656 gloriﬁcationis

525 697 770 737 causam.
799 681 1052 735 Animam
1083 695 1321 750 namque
1353 695 1383 734 a
1417 679 1528 734 Deo
1559 677 1920 748 accipientes,
1947 674 2110 728 intel-

525 773 728 829 lectum
755 782 812 828 et
836 775 1106 828 ratiOnem
1132 781 1188 827 et
1211 787 1433 827 sensum
1460 771 1778 834 habentem,
1803 783 1928 823 cum
1951 766 2111 821 intel-

527 864 720 936 ligibili
757 875 816 919 et
847 865 992 920 hanc
1025 865 1368 931 sensibilem,
1399 864 1543 919 sicut
1577 870 1633 918 et
1664 862 1956 926 rationem,
1989 875 2111 929 quae

526 965 614 1012 est
642 973 742 1027 per
773 957 1212 1012 enuntiationem
1249 973 1376 1012 eum
1409 972 1473 1010 ea
1507 971 1629 1025 quae
1667 952 2113 1024 inseparabiliter

527 1052 642 1109 est,
685 1055 740 1100 et
793 1045 1134 1100 intellectum
1194 1061 1322 1100 cum
1378 1043 1740 1100 intellectuali
1791 1041 2110 1113 passibilem

532 1135 718 1205 (quem
742 1136 908 1191 etiam
933 1137 1281 1206 phantasiam
1306 1146 1507 1192 vocant
1530 1134 1804 1197 animalis,
1829 1149 1927 1203 per
1947 1147 2112 1201 quem

530 1231 589 1278 ct
622 1225 830 1294 reliqua
874 1226 1154 1292 animalia,
1180 1233 1237 1281 et
1270 1241 1329 1280 se
1367 1225 1604 1280 invicem
1643 1231 1700 1279 et
1736 1238 1837 1277 nos
1875 1231 1931 1276 et
1965 1221 2115 1276 locos

533 1331 672 1386 quos
706 1333 1071 1388 peragravere
1105 1327 1444 1389 cognoscunt
1475 1318 1651 1381 ;eirca
1686 1329 1849 1385 quam
1883 1313 2116 1382 phanta-

534 1408 674 1464 siam
722 1425 946 1466 sensum
1001 1410 1264 1465 constitui
1314 1410 1504 1465 dicunt
1548 1409 1643 1477 qui
1689 1406 1819 1461 talia
1864 1403 2114 1473 sapiunt.

533 1514 802 1571 organum
840 1501 1013 1571 ipsius
1043 1501 1174 1556 dum
1208 1502 1300 1566 sit,
1327 1516 1427 1571 per
1455 1498 1604 1569 quod
1639 1496 1839 1567 recipit
1864 1510 1985 1566 quae
2019 1509 2117 1563 per

535 1607 656 1647 eam
700 1593 1000 1664 imaginata
1045 1592 1245 1664 sunt);
1273 1601 1652 1663 opportunum
1695 1604 1817 1644 esse
1863 1585 2118 1641 arbitrati

536 1693 665 1739 sunt
687 1684 883 1739 borum
912 1686 1259 1757 operationes
1283 1691 1712 1754 consequenter,
1733 1695 1845 1734 non
1873 1677 2116 1739 sibimet,

536 1774 632 1830 sed
651 1775 877 1830 donanti
893 1777 1028 1842 Deo,
1056 1792 1157 1846 per
1189 1791 1353 1846 quem
1384 1782 1441 1830 et
1463 1790 1531 1830 ex
1557 1787 1670 1843 quo
1701 1771 1820 1826 haec
1849 1776 1998 1833 sunt,
2032 1783 2120 1820 re-

535 1867 784 1922 ferendo.
814 1867 956 1922 Tres
988 1867 1138 1923 enim
1174 1867 1502 1922 exsistentes
1533 1862 1876 1920 universales
1901 1860 2116 1925 modos,

534 1964 804 2027 quantum
838 1956 1162 2012 hominibus
1193 1965 1278 2011 est
1305 1954 1594 2026 possibile,
1625 1969 1693 2009 ex
1726 1952 1843 2023 ipsa
1876 1951 2023 2006 circa
2056 1965 2120 2005 ea

536 2065 658 2120 quae
681 2057 812 2103 sunt
836 2048 1084 2119 diligenti
1114 2047 1566 2103 consideratione
1591 2045 1816 2108 eruditi,
1839 2045 1894 2098 in
1920 2045 2122 2114 quibus

537 2140 684 2195 Deus
713 2140 901 2194 omnia
928 2139 1061 2194 fecit
1085 2140 1164 2211 (in
1193 2141 1302 2194 hoc
1330 2153 1568 2208 namque
1598 2152 1721 2192 esse
1748 2145 1805 2191 et
1829 2137 1970 2190 bene
2000 2152 2122 2191 esse

537 2239 597 2285 et
638 2246 859 2301 semper
907 2245 1030 2286 esse
1059 2231 1330 2286 Conditor
1374 2245 1478 2284 nos
1519 2229 1848 2299 substituit),
1883 2237 1940 2284 et
1983 2229 2123 2284 duos

537 2325 764 2396 quidem
791 2333 1069 2382 extremos
1095 2343 1126 2381 a
1149 2327 1267 2382 solo
1293 2327 1408 2383 Deo
1431 2327 1653 2382 habitos
1686 2325 1754 2397 (ε)
1787 2334 1848 2379 ιιι
1876 2341 1906 2379 a
1934 2341 2119 2392 causa,

537 2415 709 2470 alium
741 2430 876 2470 vero
914 2415 1160 2470 medium
1202 2424 1259 2471 et
1296 2425 1486 2471 nostro
1523 2415 1854 2485 pendentem
1892 2415 2122 2469 arbitrio

535 2515 596 2562 et
636 2515 817 2571 motu,
847 2513 905 2560 et
945 2522 1045 2576 per
1085 2523 1146 2562 se
1192 2508 1373 2577 ipsum
1420 2507 1686 2563 extremis
1734 2509 1961 2576 proprie
2012 2509 2120 2562 dici

535 2605 908 2667 praestantem,
932 2607 990 2651 et
1015 2612 1082 2652 eo
1111 2596 1340 2653 absente
1369 2597 1597 2653 abusive
1627 2597 1708 2652 eis
1736 2599 1905 2652 etiam
1938 2599 2125 2667 appel-

537 2686 672 2742 latio
709 2688 1090 2754 constituitur,
1125 2688 1260 2743 illud
1295 2688 1438 2745 bene
1472 2705 1585 2744 non
1619 2689 1956 2744 habentibus
1987 2706 2122 2743 con—

537 2779 811 2850 iunctum,
842 2794 954 2833 non
987 2778 1260 2849 aliterque
1294 2795 1459 2850 posse
1497 2780 1690 2836 adesse
1722 2782 1810 2835 eis
1854 2791 1909 2834 et
1943 2791 2126 2835 custo-

539 2869 648 2924 diri
686 2886 810 2941 quae
850 2871 908 2925 in
947 2871 1213 2927 extremis
1257 2880 1343 2926 est
1382 2873 1699 2938 veritatem,
1733 2889 1897 2942 quam
1946 2874 2125 2927 facere

540 2963 837 3019 consuevit
858 2963 913 3018 id
941 2963 1090 3033 quod
1118 2972 1205 3019 est
1232 2965 1374 3020 bene
1403 2980 1522 3020 esse
1549 2981 1648 3036 per
1673 2966 1914 3020 medium
1941 2975 2126 3021 extre-

542 3055 649 3109 mis
693 3053 1023 3120 admistum,
1071 3070 1237 3125 quam
1290 3070 1358 3110 ex
1407 3055 1530 3126 ipso
1575 3055 1643 3110 ad
1690 3056 1862 3112 Deum
1909 3072 2128 3125 semper

2211 584 2563 652 πολυτρόπως
2610 583 2900 653 ὑμνήσωσι
2932 582 3028 635 καὶ
3057 580 3259 648 πολλὴν
3288 579 3512 641 ἑαυτοῖς
3547 582 3777 647 συναγεί-

2211 690 2348 745 ρωσι
2380 671 2659 741 θαύματος
2685 671 2940 742 ιδύναμιν
2993 671 3088 723 καί⁵
3144 667 3464 737 δοξολογίας
3516 668 3780 723 ὑπόθεσιν.

2210 763 2406 836 Ψυχὴν
2428 764 2536 835 γὰρ
2562 761 2848 833 εἰληφότες
2875 764 3029 834 παρὰ
3065 760 3201 814 Θεοῦ
3233 760 3354 814 νοῦν
3392 759 3494 812 καὶ
3513 758 3668 825 λόγον
3701 764 3783 816 καὶ

2211 857 2465 924 αἴσθησιν
2512 855 2744 926 ἔχουσαν
2784 854 2920 925 πρὸς
2972 855 3039 924 τῇ
3092 853 3258 922 νοητῇ
3305 849 3405 903 καὶ
3456 848 3663 916 ταύτην
3702 852 3785 919 τὴν

2212 948 2498 1020 αἰσθητὴν,
2536 948 2728 1018 ὥσπερ
2763 947 2856 999 καὶ
2886 944 3043 1014 λόγον
3097 942 3237 1013 πρὸς
3261 940 3338 1011 τῷ
3368 937 3668 1010 ὲνδιαθέτῳ
3711 941 3787 994 τὸν

2213 1043 2356 1097 κατὰ
2383 1041 2668 1113 προφορὰν
2697 1040 2794 1092 καὶ
2821 1037 2948 1091 νοῦν
2995 1035 3132 1104 πρὸς
3161 1033 3240 1104 τῷ
3269 1031 3454 1103 νοητῷ
3487 1032 3584 1084 τὸν
3634 1032 3792 1101 παθη-

2213 1133 2366 1188 τικὸν
2393 1133 2473 1203 (ὂν
2506 1133 2601 1186 καὶ
2630 1130 2934 1202 φαντασίαν
2969 1126 3194 1181 καλοῦσι.
3241 1124 3335 1177 τοῦ
3369 1122 3545 1188 ζώου,
3581 1122 3700 1176 καθ’
3743 1125 3793 1176 ὃν

2216 1229 2310 1282 καὶ
2357 1229 2426 1282 τὰ
2452 1226 2618 1280 λοιπά
2666 1225 2784 1289 ζῶα
2819 1224 2915 1277 καὶ
2945 1221 3153 1292 ἄλληλα
3190 1221 3284 1273 καὶ
3319 1218 3474 1290 ἡμᾶς
3533 1217 3631 1269 καὶ
3684 1217 3795 1279 τοὺς

2214 1321 2415 1384 τόπους
2445 1318 2537 1382 οὒς
2563 1317 2862 1371 διώδευσαν
2894 1313 3340 1382 ἐπιγινώσκουσι,
3394 1308 3535 1380 περὶ
3585 1309 3650 1379 ἣν
3696 1325 3798 1361 mw.

2221 1414 2473 1468 ίστασθαι
2505 1413 2601 1482 τὴν
2635 1410 2890 1475 αἴσθησίν
2916 1425 3080 1478 φασιν
3123 1407 3174 1460 οἱ
3230 1405 3384 1474 σοφοὶ
3434 1403 3510 1457 τὰ
3565 1403 3797 1466 τοιαῦτα,

2217 1505 2450 1576 ὄργανον
2479 1501 2650 1571 αὑτῆς
2674 1497 2844 1554 οὖσαν
2886 1497 3278 1570 ἀντιληπτικὸν
3313 1494 3430 1548 τῶν
3487 1493 3631 1564 αὑτῇ
3680 1511 3799 1561 φανο

2217 1595 2575 1663 τασθέντων),
2627 1593 2738 1646 δεῖν
2790 1591 3054 1660 ᾠήθησαν
3093 1589 3305 1642 τούτων
3351 1586 3460 1647 τὰς
3504 1585 3798 1654 ἐνεργείας,

2221 1689 2444 1752 εἰκότως
2475 1687 2576 1756 οὑχ
2601 1685 2834 1747 ἑαυτοῖς,
2862 1683 2997 1735 ἀλλὰ
3022 1680 3100 1751 τῷ
3128 1679 3385 1732 δεδωκότι
3428 1674 3579 1776 ΘεῷΓ
3633 1675 3699 1776 δι’
3753 1676 3847 1776 ὂνᾲ

2374 1741 2443 1843 EE:
2483 1741 2576 1832 ob”
2605 1741 3233 1844 ndwa,'7:pooevé'7xaz.
3290 1770 3462 1838 Τρεῖς
3507 1741 3620 1838 γὰρ
3661 1741 3846 1845 ὄνταςῖ

2224 1869 2550 1930 καθολικῶς
2583 1867 2839 1938 τρόπους,
2887 1864 2961 1927 ὡς
3008 1859 3319 1931 ἀνθρώποις
3367 1861 3529 1911 ἐστὶν
3578 1856 3801 1926 ἐφικτὸν,
3837 1855 3857 1925 ἷ

2223 1965 2288 2016 ἐκ
2317 1961 2419 2032 τῆς
2461 1961 2590 2031 περὶ
2615 1959 2684 2012 τὰ
2729 1958 2858 2010 ὄντα
2887 1953 3151 2025 ἀκριϐοῦς
3180 1954 3583 2018 κατανοήσεως
3605 1951 3803 2004 παιδευ-

2224 2054 2431 2119 Θέντες,
2473 2051 2557 2121 ἐφ’
2589 2045 2670 2114 οἷς
2713 2050 2769 2102 '0
2799 2047 2931 2110 Θεὸς
2960 2047 3029 2099 τὰ
3066 2046 3243 2099 πάντα
3282 2042 3604 2114 πεποίηκεν
3649 2034 3803 2112 (ἐφ’ᾇι

2221 2162 2283 2198 τε
2332 2143 2442 2215 γὰρ
2474 2140 2637 2209 εἶναι,
2686 2141 2779 2195 καλ⁵
2809 2133 2868 2193 εὖ
2914 2135 3079 2206 εἶναι,
3106 2138 3199 2192 καὶ
3223 2138 3311 2194 ἀεὶ
3344 2132 3518 2201 εἶναι,
3550 2136 3734 2209 (ιω
3756 2137 3800 2207 a)

2223 2235 2663 2306 οὑσιὼσας’ήμᾶς
2681 2232 3070 2305 ὑπεστήσατο),
3095 2233 3336 2296 καὶτοὺς
3360 2231 3466 2301 μὲν
3498 2230 3597 2283 δύο
3625 2231 3802 2301 ἄκρους

2223 2327 2405 2390 ὗντας.
2431 2327 2527 2381 καὶ⁹
2557 2326 2722 2396 μόνου
2753 2325 2892 2378 Θεοῦ
2925 2325 3243 2395 ἐχομένους,
3275 2323 3353 2386 ὡς
3398 2323 3613 2386 αἰτίου,
3648 2321 3735 2374 τόν
3762 2320 3798 2372 δὲ

2224 2421 2414 2489 ἕτερον
2440 2418 2625 2490 μέσον,
2669 2419 2762 2472 καὶ
2789 2417 2893 2486 τῆς
2926 2417 3206 2487 ἡμετέρας
3231 2415 3558 2486 ἠρτημένον
3600 2413 3802 2484 γνώμης

2224 2528 2282 2564 τε
2312 2512 2406 2563 καὶ
2435 2511 2726 2581 κινήσεως,
2767 2510 2861 2562 καὶ
2883 2509 2952 2562 δι’
3004 2507 3201 2562 ἑαυτοῦ
3237 2510 3350 2571 τοῖς
3394 2507 3598 2578 ἄκροις
3636 2506 3697 2559 τὸ
3724 2523 3803 2558 tuo

2229 2602 2361 2672 ρίως
2383 2600 2640 2672 λέγεσθαι
2663 2599 3000 2671 παρέχοντα,
3027 2599 3122 2652 καὶ
3145 2593 3208 2652 οὗ
3241 2599 3316 2669 μὴ
3349 2598 3633 2668 παρόντος
3660 2596 3805 2666 ἄχρη-

2229 2711 2356 2758 στος
2389 2693 2574 2756 αὑτοῖς
2605 2697 2639 2764 ἡ
2671 2693 3016 2764 προσηγορία
3050 2689 3402 2756 καθίσταται,
3428 2690 3494 2742 τὸ
3527 2684 3588 2742 εὖ
3623 2703 3803 2756 συνημ-

2231 2787 2394 2854 μένον
2425 2784 2526 2836 οὑκ
2557 2783 2798 2853 ἔχουσιν,
2831 2782 2932 2835 οὑκ
2963 2780 3140 2844 ἄλλως
3175 2780 3436 2836 δύνασθαι
3463 2781 3565 2833 καὶ
3589 2793 3804 2848 προσγε-

2227 2875 2634 2938 νέσθαιαὺτοῖς
2667 2877 2764 2927 καὶ
2817 2873 3164 2944 φυλαχθῆναι
3211 2872 3311 2944 τὴν
3360 2875 3421 2925 ἐν
3467 2873 3586 2934 τοῖς
3635 2871 3802 2940 ἄκροις

2227 2963 2510 3036 ἀλήθειαν,
2573 2964 2641 3035 ἢν
2693 2966 2868 3017 ποιεῖν
2922 2964 3136 3032 πέφυκε
3187 2963 3250 3016 τὸ
3310 2959 3370 3016 εὖ
3405 2959 3556 3018 εἷναι
3599 2959 3807 3015 κατὰτὸ

2233 3056 2400 3126 μέσον
2429 3058 2543 3120 τοῖς
2569 3055 2763 3128 ἄκροις
2816 3055 3271 3128 ἐπικιρνὼμενον,
3312 3055 3346 3126 ἢ
3399 3059 3473 3127 τῇ
3519 3053 3658 3124 πρὸς
3690 3049 3804 3105 Θεὸν

543 3157 698 3210 motu
747 3146 1178 3214 intellexerunt;
1229 3156 1287 3202 et
1327 3147 1594 3217 deinceps
1631 3149 1873 3203 naturali
1914 3149 2128 3204 ratione

2231 3149 2548 3220 ἀεικινησία
2594 3149 2951 3219 διενοήθησαν
2980 3162 2993 3176 ·
3045 3147 3141 3201 καὶ
3168 3147 3354 3202 λοιπὸν
3382 3147 3465 3218 τῷ
3490 3145 3634 3201 κατά
3665 3143 3806 3213 φύσιν

546 3239 676 3294 hinc
708 3239 1198 3309 contemplativum
1236 3241 1436 3295 animae.
1470 3239 1854 3306 extendentes,
1880 3250 1936 3296 et
1967 3240 2131 3296 modo

546 3327 788 3397 quodam
826 3343 938 3382 non
973 3337 1232 3398 oportere
1268 3329 1718 3385 conversibiliter
1749 3331 1831 3385 uti
1864 3332 2133 3387 naturali-

549 3418 652 3474 bus
686 3419 1136 3500 operationibus,
1170 3429 1400 3491 propter
1434 3431 1790 3492 superantem
1822 3426 2134 3480 necessario

548 3512 983 3582 corruptionem,
1008 3528 1075 3566 eo
1110 3513 1275 3567 modo
1307 3513 1403 3586 qui
1435 3523 1519 3569 est
1549 3529 1653 3584 per
1682 3515 2006 3570 abusionem
2041 3533 2140 3571 na-

551 3603 824 3658 turalibus
856 3605 1140 3673 potentiis,
1169 3605 1286 3676 ipsa
1318 3621 1432 3661 non
1461 3613 1655 3661 utente
1683 3607 1920 3672 ratione,
1945 3617 2137 3679 aperte

550 3694 859 3760 audientes,
889 3711 954 3751 ac
983 3696 1144 3766 plane
1176 3713 1277 3768 per
1303 3697 1595 3755 decentem
1625 3705 1837 3755 naturae
1866 3703 2136 3755 rationem

548 3785 618 3840 ad
654 3786 826 3854 ipsius
854 3801 1076 3841 causam
1108 3787 1243 3842 ferri
1274 3787 1625 3856 didicerunt;
1660 3799 1724 3845 ut
1749 3792 1898 3848 unde
1925 3793 2138 3863 simpli-

551 3876 692 3930 citer
713 3877 796 3931 eis
821 3885 1072 3944 estesse,
1091 3885 1147 3933 et
1172 3893 1304 3935 vere
1329 3894 1477 3960 esse,
1499 3880 1835 3953 quandoque
1859 3883 2136 3960 adjectum

555 3960 850 4036 accipiant.
871 3960 1012 4033 Quid
1036 3969 1186 4024 enim
1212 3957 1466 4027 fortassis
1486 3971 1629 4027 lucri
1653 3974 1782 4040 erit,
1816 3973 1883 4029 ad
1909 3991 1966 4031 se
1993 3957 2146 4046 ipsos

555 4074 711 4127 a-que
736 4060 1134 4117 ratiocinantes
1155 4062 1436 4130 dicebant,
1457 4081 1569 4121 non
1593 4082 1624 4121 a
1647 4067 2142 4138 seipso’exsistenti

556 4152 768 4206 causali
801 4153 868 4206 ad
905 4170 961 4208 se
987 4156 1199 4224 ipsum,
1224 4165 1315 4210 aut
1349 4157 1500 4213 aliud
1523 4159 1680 4229 quid,
1708 4170 1912 4230 praeter
1943 4163 2138 4229 Deum,

557 4248 736 4304 moto,
768 4243 989 4312 quando
1019 4245 1073 4298 in
1100 4247 1371 4302 rationem
1405 4247 1582 4319 ipsius
1603 4264 1727 4304 esse
1752 4251 1891 4305 nihil
1918 4252 2144 4308 sibimet

553 4349 585 4388 a
617 4334 800 4412 seipsp
834 4345 931 4391 aut
991 4338 1062 4392 ah
1097 4339 1206 4394 alio
1239 4341 1478 4410 quodam
1513 4350 1712 4412 praeter
1743 4343 1915 4400 Deum
1947 4345 2140 4415 acqui-

554 4441 680 4481 rere
711 4427 954 4497 poterit?
977 4431 1082 4486 Per
1111 4431 1215 4487 hoc
1238 4433 1487 4489 animum
1520 4434 1744 4504 quidem
1774 4437 1924 4492 circa
1960 4439 2138 4492 solum

2233 3242 2486 3296 ἐντεῦθεν
2508 3241 2567 3296 τὸ
2589 3241 2816 3295 όπτικδν
2841 3241 2940 3309 τῆς
2962 3239 3141 3310 ψυχῆς
3167 3240 3646 3302 συνεπιτείναντες
3661 3237 3802 3304 λόγῳ,

2233 3333 2329 3387 καὶ
2351 3333 2553 3403 τρόπον
2577 3331 2700 3385 τινὰ
2744 3333 2825 3402 μὴ
2848 3332 2958 3384 δεῖν
2987 3331 3367 3400 ἀντιστρόφως
3419 3329 3663 3404 χρῆσθαι
3703 3328 3804 3386 ταῖς

2236 3425 2494 3493 φυσικαῖς
2526 3424 2854 3495 ἐνεργείαις,
2879 3423 2966 3476 διὰ
2997 3422 3097 3494 τὴν
3139 3421 3200 3488 ἐξ
3239 3423 3497 3492 ἀνάγκης
3527 3417 3804 3490 ἐπισημαί-

2235 3531 2434 3566 νουσαν
2456 3516 2577 3577 ταῖς
2609 3516 2872 3582 φυσικαῖς
2901 3513 3202 3580 δυνάμεσιν
3235 3514 3300 3566 ὲκ
3324 3514 3422 3566 τοῦ
3467 3513 3614 3568 κατά
3645 3509 3802 3577 παρά-

2235 3622 2435 3677 χρησιν
2485 3605 2690 3676 τρόπου
2740 3604 2967 3674 φθορὰν,
3030 3603 3197 3658 αὑτοῦ
3255 3605 3496 3675 βοῶντος
3542 3604 3634 3658 τοῦ
3665 3602 3803 3669 λόγου

2235 3697 2536 3770 διαρρήδην
2554 3698 2914 3760 ἀκούσαντες,
2967 3695 3187 3766 ὁμαλῶς
3219 3697 3360 3751 κατά
3408 3699 3506 3751 τὸν
3549 3696 3805 3768 πρέποντα

2237 3790 2398 3859 λόγον
2449 3789 2548 3862 τῆς
2581 3789 2798 3859 φύσεως
2855 3788 2995 3861 πρὸς
3031 3787 3122 3842 τὸν
3157 3789 3330 3858 αὑτῆς
3357 3791 3534 3844 αἴτιον
3565 3785 3804 3858 φέρεσθαι

2239 3881 2622 3953 ἐδιδάχθησαν,
2657 3881 2726 3936 ἶν’
2757 3880 2884 3935 ὅθεν
2927 3880 3115 3944 ἁπλῶς
3160 3883 3344 3946 αὐτοῖς
3390 3884 3511 3936 ἐστι
3558 3881 3619 3934 τὸ
3663 3873 3802 3936 εἶναι,

2239 3974 2334 4030 καὶ
2371 3974 2432 4027 τὸ
2457 3973 2629 4038 ὅντως
2656 3967 2797 4027 εἷναί
2829 3989 2962 4026 ποτε
2990 3973 3292 4041 προστεθὲν
3325 3973 3710 4038 ὑποδέξωνται.
3751 3965 3805 4020 Τί

2239 4067 2350 4137 γὰρ
2381 4065 2446 4120 ἂν
2475 4066 2568 4119 καὶ
2597 4065 2754 4118 ἔσται
2776 4064 2854 4136 τῷ
2881 4065 2956 4136 μὴ
2980 4064 3177 4119 ἐαυτοῦ
3209 4064 3354 4118 κατά
3389 4065 3451 4118 τό
3480 4060 3619 4118 εἶναι
3668 4058 3806 4127 αίτίῳ

2242 4160 2381 4230 πρὸς
2431 4157 2665 4220 ἐαυτοὺς
2718 4159 2850 4220 ἴσως
2881 4156 3234 4227 λογισάμενοι
3261 4152 3439 4222 εἷπον,
3475 4155 3616 4227 πρὸς
3635 4150 3806 4207 ἑαυτὸν

2243 4251 2276 4323 ἦ
2313 4250 2442 4306 ἄλλο
2486 4267 2566 4303 τι.
2595 4249 2748 4320 παρά
2800 4249 2895 4301 τὸν
2951 4249 3086 4302 Θεὸν
3134 4248 3451 4320 κινουμένῳ
3496 4247 3558 4302 τὸ
3615 4243 3803 4314 κέρδος,

2243 4343 2406 4396 ὁπότε
2440 4343 2522 4405 εἰς
2541 4341 2633 4394 τὸν
2662 4340 2757 4393 τοῦ
2785 4334 2925 4393 εἶναι
2954 4339 3114 4408 λόγον
3135 4340 3289 4394 οὐδὲν
3336 4339 3520 4409 ἐαυτῷ
3573 4336 3664 4406 ἀφ’
3703 4332 3806 4385 ἐαυ-

2244 4435 2364 4501 τοῦ,
2399 4435 2432 4505 ἢ
2457 4433 2618 4487 ἄλλου
2644 4431 2789 4494 τινὸς
2813 4430 2966 4503 παρά
2998 4431 3092 4484 τὸν
3121 4430 3253 4484 Θεὸν
3288 4429 3648 4502 περιποιῆσαι
3668 4419 3803 4488 δυνή-

553 4516 728 4574 Deum
761 4528 818 4575 et
851 4522 1086 4579 virtutes
1117 4525 1239 4594 ejus
1274 4525 1530 4598 intelligi,
1563 4536 1620 4583 et
1651 4527 1918 4582 inell‘abili
1952 4529 2128 4600 gloriae

2247 4517 2434 4589 σεταί;
2475 4522 2574 4577 Διά
2620 4520 2780 4577 τοῦτο
2808 4519 2901 4573 τὸν
2940 4520 3041 4590 μὲν
3069 4518 3193 4573 νοῦν
3217 4519 3346 4591 περὶ
3376 4519 3542 4589 μόνου
3565 4511 3697 4568 Θεοῦ
3728 4505 3804 4561 καὶ

555 4609 921 4668 beatitudinis
945 4616 1064 4685 ejus
1090 4615 1295 4680 addici,
1318 4618 1591 4672 rationem
1617 4634 1753 4673 vero
1777 4618 2141 4688 interpretem

558 4702 986 4774 intelligibilium
1017 4705 1134 4761 ﬁeri
1156 4717 1212 4762 et
1232 4709 1617 4775 laudatricem,
1647 4710 1791 4765 etad
1822 4727 1886 4766 ea
1915 4710 2148 4767 uniﬁcos

560 4802 710 4874 recte
747 4793 1030 4864 disputare
1063 4797 1286 4862 modos,
1319 4814 1544 4855 sensum
1577 4815 1710 4856 vero
1741 4816 1842 4870 per
1875 4801 2144 4858 rationem

558 4883 912 4948 nobilitatum
956 4886 1104 4957 ipsas
1133 4887 1204 4941 -in
1247 4889 1508 4945 universo
1551 4890 1876 4946 diﬂ‘erentcs
1912 4893 2149 4950 virtutes

557 4987 616 5032 et
637 4977 992 5046 operationes
1019 4979 1431 5050 imaginantem,
1458 4983 1514 5037 in
1543 4982 1630 5038 his
1653 4999 1776 5053 qum
1801 4993 1950 5048 sunt,
1977 4970 2149 5054 quan-

562 5081 676 5125 tmn
718 5070 984 5140 possibile
1023 5080 1138 5136 est,
1172 5073 1371 5127 anima:
1412 5074 1744 5130 annuntiare
1781 5076 2023 5131 rationes
2053 5077 2149 5130 do-

560 5170 752 5218 centes
776 5162 874 5233 (d),
901 5172 958 5218 et
989 5179 1087 5232 per
1121 5165 1367 5219 animum
1388 5174 1444 5220 et
1462 5166 1731 5220 rationem
1761 5168 1928 5221 veluti
1965 5170 2145 5222 navim

563 5257 844 5327 sapienter
882 5257 1123 5312 animam
1166 5259 1565 5329 gubernantes,
1599 5257 1868 5314 lubricam
1913 5259 2053 5316 hanc
2092 5271 2148 5315 et

564 5350 877 5405 instabilem
915 5360 972 5406 et
1009 5352 1064 5406 in
1105 5352 1255 5406 aliud
1294 5351 1457 5407 aliter
1492 5351 1782 5417 ferentem,
1819 5362 1875 5407 et
1919 5369 2142 5408 sensum

562 5440 859 5512 agitantem
903 5441 1031 5498 vitae
1071 5442 1250 5508 viam,
1283 5443 1446 5498 siccis
1491 5441 1932 5512 pertransicrunt
1975 5444 2145 5500 vesti-

564 5548 690 5601 gns.

2244 4617 2356 4670 τῶν
2415 4613 2585 4670 αὑτοῦ
2647 4613 2865 4686 ἀρετῶν
2927 4611 3290 4677 διανοεῖσθαι,
3339 4613 3436 4666 καὶ
3484 4611 3552 4681 τῇ
3607 4601 3802 4675 ἀῤῥήτῳ

2244 4707 2370 4780 δόξῃ
2398 4707 2498 4776 τῆς
2529 4704 2697 4760 αὑτοῦ
2733 4703 3159 4776 μακαριότητος,
3209 4701 3396 4774 (140
3437 4701 3490 4770 b)
3534 4694 3801 4766 ἀγνώστως

2253 4799 2597 4862 ἐπιϐάλλειν,
2631 4798 2726 4852 τὸν
2751 4797 2810 4851 δὲ
2837 4795 2996 4864 λόγον
3019 4794 3364 4867 ἐρμηνευτὴν
3385 4792 3496 4847 τῶν
3529 4784 3800 4857 νοηθέντων

2245 4889 2494 4959 γίνεσθαι
2521 4889 2621 4944 καὶ
2643 4887 2912 4959 ὑμνῳδὸν,
2939 4887 3035 4939 καὶ
3075 4887 3204 4950 τοὺς
3233 4885 3371 4954 πρὸς
3391 4883 3532 4938 αὑτά
3556 4869 3801 4933 ἐνοποιοὺς

2245 4982 2423 5052 ὀρθῶς
2460 4979 2810 5048 διαλέγεσθαι
2861 4979 3121 5051 τρόπους,
3173 4979 3273 5048 τὴν
3320 4976 3378 5030 δέ
3409 4975 3655 5046 αἴσθησιν
3682 4960 3798 5020 κατὰ

2244 5073 2400 5143 λόγον
2450 5072 2864 5141 εὖγενισθεῖσαν
2917 5072 3018 5136 τὰς
3069 5072 3130 5125 ἐν
3179 5069 3258 5140 τῷ
3304 5068 3470 5123 παντὶ
3539 5060 3830 5132 διαφόρους,

2243 5167 2505 5236 δυνάμεις
2535 5182 2595 5218 τε
2641 5164 2738 5218 καὶ
2780 5163 3066 5234 ἐνεργείας
3105 5159 3582 5232 φαντασιουμένην
3613 5151 3725 5210 τοὺς
3749 5145 3796 5196 ἓν

2243 5261 2356 5320 τοῖς
2383 5256 2534 5311 οὖσιν
2565 5255 2641 5319 ὠς
2686 5255 2912 5324 ἐφικτὸν
2943 5257 3011 5328 τῇ
3047 5254 3196 5326 ψυχῇ
3242 5250 3583 5322 διαγγέλλειν
3634 5241 3797 5307 λόγους

2247 5349 2575 5414 διδάξαντες,
2607 5349 2703 5403 καὶ
2728 5347 2820 5402 διὰ
2850 5347 2944 5402 τοῦ
2987 5347 3080 5401 νοῦ
3128 5345 3220 5400 καὶ
3271 5344 3368 5399 τοῦ
3419 5344 3596 5412 λόγου,
3637 5333 3798 5432 ὧσπξρ

2251 5442 2408 5507 ναῦν,
2433 5442 2533 5512 τὴν
2561 5440 2740 5512 ψυχὴν
2771 5439 2954 5508 σοφῶς
2981 5439 3348 5504 οἱακίσαντες,
3376 5436 3475 5508 τὴν
3502 5429 3667 5502 ὑγρὰν
3687 5429 3796 5512 ταῡς

2255 5554 2355 5607 την
2403 5535 2496 5588 καὶ
2534 5533 2765 5588 ἄστατον
2807 5532 2902 5585 καὶ
2941 5532 3130 5587 ἄλλοτε
3164 5529 3338 5594 ἄλλως
3391 5523 3683 5600 φερομένην
3718 5506 3792 5564 καὶ

566 5625 666 5697 τὴν
693 5627 947 5698 αἴσθησιν
974 5626 1372 5692 ἐπικλύζουσαν
1410 5628 1504 5682 τοῦ
1542 5629 1656 5698 βίον
1691 5628 1946 5682 κέλευθον
1979 5629 2232 5702 ἀϐρόχοις
2264 5627 2557 5681 διώδευσαν
2590 5625 2814 5695 ἴχνεσιν.

2075 5741 2302 5800 NOTAE.

645 5809 715 5879 (ο)
743 5811 903 5868 Verte
930 5810 1232 5883 pendentes.
1259 5810 1452 5883 (Gale.)

2331 5809 2407 5882 (ά)
2435 5809 2648 5865 Mallem
2680 5809 2884 5867 docent.
2912 5805 3108 5879 (Gale.)
