3998 6368
227 449 233 454 .
272 384 411 454 1117

371 502 590 569 Θεωρία
623 503 731 572 τῆς
765 503 859 558 διὰ
888 503 998 572 τῆς
1043 505 1362 575 θαλάσσης
1410 508 1741 579 διαϐάσεως

845 596 944 651 διὰ
969 596 1249 666 Μωσέως.

331 704 490 760 οὕτω
516 706 656 777 τάχα
686 707 781 760 καὶ⁵
809 710 1049 778 Μωῦσῆς
1073 712 1281 774 ἐκεῖνος
1306 713 1335 765 ὁ
1363 713 1535 782 μέγας
1556 716 1620 785 τῇ
1657 714 1840 788 πληγῇ

256 797 357 851 τοῦ
401 800 812 871 παντοδυνάμου
856 800 1050 870 λόγου,
1099 796 1160 857 οῦ
1210 802 1480 873 σύμϐολον
1514 799 1584 876 ἧν
1630 806 1760 869 ἴσως
1807 808 1839 876 ὴ

259 889 479 962 ῥάϐδος,
512 891 789 962 θαλάσσης
823 893 1025 961 τρόπον
1058 894 1169 948 τῶν
1206 894 1481 965 αἰσθητῶν
1517 896 1709 950 διελὼν
1743 896 1844 967 τὴν

255 983 500 1055 ἀπάτην,
535 983 567 1054 ἢ
596 986 865 1054 περιελὼν
890 988 1067 1039 εἰπεῖν
1099 987 1450 1059 οἰκειότερον,
1484 988 1718 1061 στερρὰν
1749 990 1846 1043 καὶ

248 1074 582 1139 ἀσάλευτον,
618 1074 697 1146 τῷ
728 1076 864 1148 πρὸς
896 1077 997 1141 τὰς
1043 1077 1195 1142 θείας
1244 1078 1578 1148 ἐπαγγελίας
1624 1082 1844 1148 ἐπειγο-

258 1164 414 1237 μένῳ
440 1166 554 1237 λαῷ
584 1168 685 1238 τὴν
719 1168 970 1239 ὑπίχνιον
1003 1170 1048 1203 ⁸⁸
1080 1169 1387 1242 παρέσχετο
1429 1171 1556 1240 γῆν,
1602 1168 1702 1241 τὴν
1735 1170 1845 1223 ὑπὸ

169 1331 177 1338 ἢ
255 1256 536 1328 αἴσθησιν,
579 1260 746 1331 φημὶ,
786 1260 951 1330 φύσιν
981 1260 1127 1332 ὀρθῷ
1160 1260 1307 1332 λόγῳ
1335 1257 1478 1316 εἶναι
1514 1262 1717 1333 θεατὴν
1750 1262 1846 1315 καὶ

152 1342 163 1351 ’
251 1348 704 1421 εὐπερίγραπτον
741 1352 836 1404 καὶ
877 1351 977 1422 βίῳ
1005 1353 1232 1424 ἀρεταῖς
1273 1353 1627 1423 ἡγλαῖσμένῳ
1674 1352 1843 1423 βατὴν

173 1426 183 1440 ’
249 1437 437 1503 δείξας
466 1438 563 1492 καὶ
601 1440 1021 1509 εύπαρὸδευτον,
1070 1442 1167 1495 καὶ
1228 1441 1434 1512 μηδένα
1486 1441 1734 1494 κίνδυνον
1780 1443 1846 1495 ὲκ

247 1531 356 1599 τῆς
409 1532 752 1602 ἑκατέρωθεν
811 1535 1202 1606 παφλαζούσης
1270 1536 1383 1591 τῶν
1451 1535 1844 1604 διακριθέντων

249 1622 487 1687 ὑδάτων,
510 1618 592 1687 οἷς
622 1623 759 1688 τέως
788 1626 1118 1690 κεκάλυπτο,
1146 1628 1327 1699 ὁρμῆς
1346 1630 1460 1690 τοῖς
1479 1627 1652 1690 οὕτως
1676 1626 1846 1695 αὐτὴν

246 1704 591 1778 διαπερῶσιν
650 1710 1003 1778 ἐπάγουσαν·
1055 1715 1214 1786 εἴπερ
1268 1704 1348 1785 τῷ
1401 1714 1521 1768 κατ’
1553 1716 1845 1783 ἀναγωγὴν

245 1799 405 1869 λόγῳ
431 1799 705 1873 διάκρισις
726 1803 938 1857 ὑδάτων
965 1806 1163 1876 νοητῆς
1193 1805 1465 1876 θαλάττης
1502 1806 1704 1875 ὲστὶνή
1734 1805 1844 1859 τῶν

1485 401 1723 463 AMBIG
1733 400 2005 464 UORUM
2045 405 2296 466 LIBER.

3384 404 3527 472 1118

2125 515 2511 587 Contemplatio
2542 511 2733 589 Moysis
2769 534 2863 588 per
2892 535 3040 573 mare
3073 518 3349 573 transitus.

2014 729 2107 784 Sic
2153 728 2387 785 fortasse
2431 745 2665 801 magnus
2700 744 2921 800 quoque
2962 728 3053 783 ille
3096 729 3309 801 Moyses
3346 726 3531 782 omni-

1942 821 2188 890 potentis
2230 821 2344 877 ictu
2389 821 2640 885 rationis,
2671 821 2832 891 cujus
2876 819 3207 891 symbolum,
3239 819 3300 873 ni
3342 818 3528 881 fallor,

1942 912 2097 982 virga
2129 920 2284 978 erat,
2316 912 2385 967 ad
2421 913 2591 969 maris
2625 913 2798 967 instar
2828 911 3178 967 sensibilium
3214 910 3409 965 fraude
3438 909 3530 964 di-

1946 1002 2060 1058 visa
2080 1044 2095 1065 ,
2124 1013 2219 1057 aut
2250 1004 2425 1073 magis
2457 1004 2680 1075 proprie
2710 1004 2891 1059 dicam
2926 1003 3186 1074 disjecta,
3214 1001 3442 1057 solidam
3474 1008 3531 1055 et

1946 1093 2200 1147 stabilem
2228 1094 2433 1164 populo
2456 1093 2524 1148 ad
2552 1094 2765 1149 divinas
2788 1092 3185 1164 promissiones
3213 1090 3529 1161 properanti

1944 1181 2181 1250 praebuit
2226 1191 2427 1238 terram
2470 1183 2539 1238 ab
2582 1198 2779 1239 eorum
2819 1183 3069 1254 vestigiis
3110 1196 3392 1252 pressam,
3423 1179 3531 1234 hoc

1943 1279 2029 1325 cst
2067 1280 2320 1326 naturam
2366 1271 2468 1327 sub
2511 1288 2735 1328 sensum
2781 1271 3069 1327 cadentem
3117 1281 3283 1325 rectae
3325 1267 3529 1323 rationi

1946 1362 2427 1432 contemplabilcm
2456 1370 2513 1418 et
2535 1364 2678 1419 bene
2708 1363 3069 1432 descriptam,
3094 1360 3332 1430 vitaque
3357 1360 3533 1413 virtu-

1946 1447 2095 1502 tibus
2124 1458 2334 1505 ornatae
2359 1451 2752 1519 permeabilem
2778 1464 2900 1504 esse
2924 1457 3241 1503 monstrans
3267 1446 3532 1501 transitu-

1945 1550 2055 1603 que
2089 1534 2303 1591 facilem
2323 1578 2338 1603 ,
2366 1537 2696 1607 nullumque
2729 1537 3037 1607 periculum
3071 1552 3141 1591 ex
3170 1537 3226 1590 vi
3259 1548 3531 1605 aquarum

1946 1624 2274 1691 divisarum,
2306 1627 2511 1696 quibus
2543 1628 2728 1682 adhuc
2761 1627 3053 1693 obscurata
3090 1634 3231 1691 erat,
3265 1625 3530 1693 utrinque

1945 1723 2208 1771 aestuante
2267 1717 2680 1773 transeuntibus
2733 1716 3123 1772 immittentem
3182 1734 3197 1769 :
3250 1714 3528 1784 siquidem

1946 1806 2259 1861 sublimiori
2291 1816 2349 1861 et
2381 1809 2624 1879 mysticae
2659 1809 2862 1863 rationi
2903 1823 3171 1878 aquarum
3217 1807 3340 1877 ejus
3379 1805 3528 1873 quod

248 1891 382 1946 κατ’
397 1889 632 1960 ιλλειψιν
649 1892 743 1946 καὶ
772 1892 1112 1965 πλεονασμὸν
1146 1896 1541 1966 ἀντικειμένων
1566 1898 1685 1958 ταῖς
1710 1895 1840 1965 ἀρε-

1948 1899 2121 1953 oculis
2161 1898 2386 1953 videtur
2426 1900 2596 1954 maris
2629 1899 2899 1955 discretio
2941 1899 3226 1961 vitiorum,
3263 1913 3385 1967 quae
3429 1908 3529 1967 per

242 1984 375 2045 ταῖς
403 1982 614 2037 κακιῶν
650 1983 749 2051 τῆς
780 1983 958 2057 (14],
993 1987 1046 2057 a)
1107 1987 1243 2059 πρὸς
1275 1988 1509 2057 ἀλλήλας
1558 1985 1841 2057 συνεχείας

1948 1986 2220 2042 defectum
2259 1996 2316 2042 et
2347 1987 2745 2042 abundantiam
2778 1986 3081 2042 virtutibus
3113 1984 3330 2055 objecta
3364 1992 3528 2049 sunt,

244 2073 557 2139 διάστασις,
590 2075 657 2146 ἢν
680 2076 891 2146 πέφυκε
920 2078 1074 2147 λόγος
1125 2081 1323 2141 ποιεῖν,
1369 2079 1608 2150 καρδίως
1661 2076 1842 2131 αὐτῶν

1948 2080 2125 2135 mutui
2157 2079 2302 2134 inter
2322 2095 2383 2134 se
2408 2096 2585 2135 nexus
2606 2079 2903 2135 dissidium
2931 2085 3037 2142 est,
3062 2075 3210 2147 quod
3245 2073 3385 2130 ratio
3415 2070 3533 2129 em-

245 2167 669 2238 καθαψάμενος,
693 2166 916 2232 καὶτοῖς
942 2169 1037 2223 ἐπὶ
1064 2169 1195 2223 Θεὸν
1219 2170 1600 2241 προτροπάδην
1619 2171 1836 2237 ἐπειγο-

1948 2186 2068 2227 cere
2100 2171 2299 2227 idonea
2331 2181 2436 2237 est,
2468 2165 2632 2227 modo
2660 2172 2915 2242 gnaviter
2945 2186 3011 2226 ea
3045 2168 3292 2233 invadat,
3321 2181 3431 2222 nou
3472 2166 3530 2222 in

255 2257 448 2330 μένοις
493 2257 744 2327 οὐδαμῶς
796 2258 1054 2331 ἀλλήλαις
1109 2260 1281 2324 αὑτάς
1327 2260 1666 2331 συναφθῆναι
1706 2277 1840 2330 συγ-

1948 2280 2139 2320 eorum
2173 2265 2271 2334 qui
2309 2265 2555 2320 studiose
2588 2264 2659 2319 ad
2694 2265 2868 2319 Deum
2900 2270 3199 2333 properant
3227 2260 3532 2316 incommo-

252 2349 473 2421 χωρῶν·
1948 2357 2082 2413 dum
2112 2359 2257 2413 inter
2278 2374 2338 2414 se
2367 2357 2654 2414 conciliari
2685 2356 2798 2412 ullo
2825 2354 2989 2429 modo
3016 2354 3193 2410 sinat.

257 2527 482 2596 Θεωρία
507 2527 619 2598 τῆς
646 2531 733 2595 εις
757 2530 823 2583 τὸ
858 2528 997 2598 ὅρος
1021 2528 1373 2595 ἀναϐάσεως
1411 2529 1516 2586 τοῦ
1542 2533 1827 2598 Μωσέως.

2034 2531 2423 2604 Contemplatio
2459 2531 2652 2604 Moysis
2693 2534 2751 2588 in
2785 2538 3018 2587 montem
3049 2529 3400 2585 ascensionis.

327 2642 488 2698 Οῦτω
525 2643 694 2699 πάλιν
730 2644 810 2716 τῷ
861 2645 1122 2700 καλοῦντι
1168 2647 1437 2716 ἑπόμενος
1481 2645 1624 2718 Θεῷ,
1670 2649 1838 2719 ὑπερ-

2002 2644 2097 2700 Sic
2147 2661 2344 2700 rursus
2380 2646 2495 2700 Deo
2527 2646 2752 2701 vocanti
2784 2646 3204 2714 obtemperans,
3257 2640 3527 2697 omnibus

255 2734 408 2807 σχὼν
443 2735 623 2790 πάντα
648 2736 719 2790 τὰ
742 2736 889 2808 τῇδε,
911 2738 994 2802 είς
1018 2738 1111 2791 τὸν
1143 2738 1343 2806 γνόφον
1370 2738 1640 2809 εἰσῆλθεν,
1674 2732 1737 2793 οῦ
1768 2735 1837 2810 ἦν

1948 2736 2059 2791 stic
2093 2737 2391 2806 superatis,
2417 2737 2671 2793 introivit
2696 2737 2753 2791 in
2773 2736 3064 2807 caliginem
3091 2734 3187 2789 ubi
3214 2734 3361 2788 Deus
3385 2741 3527 2794 erat,

251 2829 285 2882 ὀ
319 2827 475 2893 Θεδς,
519 2827 820 2890 τουτέστιν,
873 2829 953 2891 είς
993 2827 1095 2897 τὴν
1143 2828 1299 2897 ἀειδῆ
1336 2829 1431 2882 καὶ
1480 2829 1714 2899 ἀόρατον
1741 2831 1838 2883 καὶ

1948 2830 2041 2882 hoc
2066 2835 2152 2884 est
2182 2828 2239 2882 in
2265 2828 2558 2884 obscuram
2582 2836 2639 2883 et
2671 2827 3009 2883 invisibilem
3039 2837 3097 2881 et
3124 2824 3529 2894 incorporalem

251 2917 555 2990 ἀσώματον
591 2918 900 2990 διατριϐὴν,
934 2918 1012 2989 νῷ
1045 2919 1228 2988 πάσης
1264 2918 1537 2990 ἐλευθέρῳ
1565 2919 1668 2989 τῆς
1706 2920 1842 2989 πρὸς

1948 2920 2441 2985 conversationem,
2487 2930 2674 2976 mente
2701 2920 2771 2975 ab
2797 2920 2949 2975 omni
2974 2919 3051 2974 ad
3087 2918 3390 2989 quidquam
3436 2932 3529 2971 re-

252 3012 440 3067 ὁτιοῦν
467 3011 646 3083 πάρεξ
667 3010 803 3066 Θεοῦ
835 3010 1097 3083 σχέσεως,
1124 3005 1239 3087 ὲνῇ
1268 3011 1580 3083 γενόμενος,
1611 3011 1685 3075 ὡς
1715 3012 1842 3082 ἐνῆν

1948 3009 2145 3065 latione
2190 3020 2392 3080 praeter
2418 3011 2610 3079 Deum
2649 3011 2826 3067 libera
2852 3052 2867 3077 ,
2913 3025 3082 3080 quam
3133 3008 3373 3078 adeptus
3405 3021 3531 3076 quae

254 3104 501 3178 μάλιστα
525 3103 879 3176 ἀνθρωπίνην
919 3103 1222 3174 ἀξιωθῆναι
1252 3104 1436 3173 φύσιν,
1468 3100 1581 3158 οἷον
1613 3104 1842 3159 ἔπαθλον

1948 3116 2159 3157 summa
2185 3111 2403 3172 poterat
2432 3102 2690 3157 humana:
2718 3111 2929 3157 natura:
2957 3101 3246 3170 obtingere
3268 3098 3527 3168 dignitas,

250 3197 357 3265 τῆς
388 3194 668 3267 μακαρίας
682 3193 897 3266 εκείνης
920 3193 1239 3257 ἀναϐάσεως
1252 3194 1401 3261 ἀξιον
1423 3194 1524 3264 τὴν
1545 3194 1739 3266 χρόνου
1756 3194 1842 3248 καὶ

1948 3191 2097 3246 velut
2146 3193 2434 3261 praemium
2484 3193 2662 3249 beatae
2705 3192 2858 3247 illius
2909 3188 3253 3248 ascensionis
3300 3189 3530 3259 dignum
3606 3200 3611 3206 ‘

257 3285 475 3355 φύσεως
494 3285 596 3356 τὴν
613 3284 829 3354 γένεσιν
848 3284 1296 3354 περιγράφουσαν
1308 3285 1602 3355 ’κομίζεται
1622 3284 1842 3352 γνῶσιν,

1948 3284 2320 3355 cognitionem
2347 3293 2593 3355 reportat
2623 3284 2887 3355 temporis
2930 3294 3098 3354 atque
3159 3291 3371 3338 natura:
3417 3280 3534 3334 ori-

251 3377 356 3431 καὶ
368 3375 540 3432 τύπον
572 3375 667 3431 καὶ
704 3375 1061 3449 παράδειγμα
1092 3376 1202 3430 τῶν
1234 3375 1447 3448 ἀρετῶν
1485 3376 1650 3431 αὐτὸν
1685 3394 1842 3448 ποιη-

1949 3375 2093 3446 ginis
2121 3376 2536 3446 descriptivam,
2574 3376 2697 3447 ipso
2737 3378 2848 3432 Deo
2889 3385 3149 3446 tanquam
3197 3382 3327 3445 typo
3363 3382 3533 3441 atque

252 3467 495 3537 σάμενος
518 3466 608 3522 τὸν
635 3467 787 3531 Θεὸν,
817 3467 956 3538 πρὸς
975 3466 1035 3522 δν
1064 3467 1318 3539 καθάπερ
1367 3466 1587 3538 γραφὴν
1630 3467 1842 3535 εὐφυῶς

1948 3466 2200 3536 exemplo
2230 3468 2501 3523 virtutum
2533 3469 2819 3538 proposito
2840 3508 2855 3530 ,
2911 3467 2978 3521 ad
3013 3467 3174 3536 cujus
3208 3464 3529 3535 imaginem,

250 3558 353 3613 τοῦ
379 3559 690 3629 ἀρχετύπου
715 3560 813 3630 τὴν
844 3559 1079 3630 μίμησιν
1102 3558 1384 3624 σώζουσαν
1409 3560 1604 3613 ἑαυτὸν
1634 3560 1842 3613 ἀποτυ-

254 3648 449 3714 πώσας
480 3651 694 3704 κάτεισι
715 3649 810 3703 τοῦ
838 3649 1019 3720 δρους,
1047 3644 1115 3721 ἦς
1141 3650 1433 3721 μετείληφε
1463 3648 1620 3718 δόξης
1642 3648 1782 3701 κατά
1798 3648 1845 3680 ⁸⁸

252 3740 322 3796 τὸ
344 3743 638 3809 πρόσωπον
664 3741 1047 3813 ἐπισημαίνων
1075 3741 1174 3813 τὴν
1199 3742 1361 3813 χάριν
1385 3743 1479 3796 καὶ
1517 3744 1630 3805 τοῖς
1659 3739 1844 3803 ἀλλοις

255 3831 609 3901 ἀνθρώποις,
675 3832 866 3903 ὥσπερ
903 3832 1174 3896 θεοειδοῦς
1218 3834 1392 3887 τύπου
1434 3833 1606 3888 τύπον
1653 3832 1845 3887 ἑαυτὸν

255 3924 556 3995 γενόμενον
584 3925 833 4005 ἀφθόνως
864 3925 1042 3988 διδοὺς
1063 3925 1158 3980 καὶ
1181 3926 1593 3997 προτιθέμενος,
1619 3926 1714 3980 καὶ
1744 3925 1837 3992 δη-

255 4018 342 4070 λοῖ
364 4016 524 4071 τοῦτο
554 4016 724 4071 ποιῶν
765 4017 892 4089 περὶ
914 4010 990 4071 ὧν
1028 4014 1137 4071 εἶδέ
1170 4034 1230 4070 τε
1269 4019 1363 4072 καὶ
1386 4019 1590 4089 ἢκουσε
1617 4016 1695 4088 τῷ
1727 4016 1838 4086 λαῷ

1949 3560 2018 3615 ad
2075 3560 2280 3615 tabulae
2326 3561 2504 3615 instar
2552 3560 2916 3630 archetypum
2958 3558 3189 3628 pulchre
3237 3554 3534 3610 referentis

1947 3658 2237 3720 postquam
2266 3665 2325 3705 se
2353 3651 2534 3720 ipsum
2563 3649 2921 3714 deformavit,
2956 3649 3026 3704 de
3056 3654 3247 3701 monte
3292 3646 3531 3699 descen-

1949 3741 2052 3805 dit,
2080 3741 2270 3812 gloriaa
2292 3757 2400 3811 qua
2452 3740 2765 3811 impertitus
2794 3747 2912 3803 est,
2950 3737 3185 3809 gratiam
3216 3736 3356 3792 facie
3394 3751 3533 3805 quo.

1951 3850 2057 3903 que
2089 3833 2319 3904 reliquis
2344 3834 2511 3889 etiam
2543 3833 2866 3887 hominibus
2904 3830 3243 3902 signiﬁcans,
3268 3837 3532 3898 tanquam

1944 3923 2117 3979 divini
2174 3923 2286 3995 typi
2337 3934 2525 3996 typum
2578 3925 2756 3993 ipsum
2798 3922 3003 3978 factum
3054 3921 3282 3992 largiter
3331 3935 3536 3989 reprae-

1946 4023 2171 4070 sentans
2197 4031 2319 4070 sese
2349 4025 2516 4085 atque
2550 4029 2884 4084 proponens.
2947 4014 3017 4067 Et
3046 4012 3127 4069 sic
3176 4012 3382 4083 populo
3410 4027 3534 4081 quin

1945 4106 2086 4161 vidit
2135 4124 2367 4178 qumque
2393 4107 2606 4162 audivit
2652 4104 2928 4161 narrando
2958 4104 3163 4175 aperit,
3217 4103 3383 4158 etiam
3432 4118 3535 4172 per

1941 4195 2158 4254 littcras
2196 4196 2365 4252 voluti
2396 4196 2774 4252 lncreditatem
2802 4194 3096 4266 quamdam
3136 4210 3166 4249 a
3209 4195 3322 4249 Dco
3344 4193 3534 4249 datam

1943 4288 2259 4356 posteritati
2292 4288 2480 4343 divina
2518 4287 2780 4360 mysteria
2824 4288 3142 4343 relicturus.

212 4121 234 4135 ’
257 4107 648 4178 ἐξηγούμενος.
677 4109 773 4162 καὶ
815 4112 1006 4180 γραφῇ
1046 4111 1160 4172 τοῖς
1214 4109 1516 4179 μετάὐτδν
1564 4103 1677 4164 οἶόν
1712 4125 1839 4163 τινα

259 4198 467 4269 κλῆρον
524 4198 803 4254 θεόσδοτον
868 4200 1194 4271 παραδιδοὺς
1256 4199 1350 4255 τοῦ
1415 4199 1550 4254 Θεοῦ
1609 4199 1679 4254 τά
1730 4217 1835 4271 μυ-

261 4290 485 4361 στήρια.

260 4462 484 4532 Θεωρία
511 4460 622 4532 τῆς
656 4463 850 4532 Ἰησοῦ
873 4465 1214 4535 ἡγεμονίας,
1246 4463 1346 4517 καί
1372 4464 1481 4532 τῆς
1503 4461 1836 4532 διαϐάσεως

1948 4460 2310 4532 Ζοιιιεηιρίίιιὶο
2345 4460 2567 4515 ducatus
2599 4460 2746 4527 Iesu,
2779 4469 2830 4515 et
2886 4477 2983 4531 per
3016 4458 3316 4514 Iordanem
3344 4468 3530 4514 trans-

329 4552 440 4608 τοῦ
483 4552 802 4621 Ἰορδάνου.
850 4557 949 4609 καί
1005 4542 1115 4623 τῆς
1170 4554 1455 4623 δευτέρας
1507 4554 1583 4609 δι’
1647 4556 1836 4612 αὐτοῦ

1998 4554 2105 4606 itus
2154 4563 2202 4605 et
2255 4551 2476 4605 alterius
2511 4551 2575 4605 ab
2620 4568 2680 4605 eo
2720 4567 2815 4623 per
2863 4550 3101 4622 lapideos
3151 4549 3393 4605 cultellos
3448 4551 3535 4606 in-

217 4690 225 4727 ,
329 4645 654 4716 περιτομῆς
687 4645 808 4713 τοῖς
836 4647 905 4701 ἐκ
933 4647 1154 4715 πέτρας
1186 4646 1449 4716 ξίφεσιν.

1998 4646 2199 4699 stituta:
2219 4643 2656 4709 circumcisionis,

327 4755 520 4820 οὕτως
564 4756 771 4828 Ἰησοῦς
791 4759 820 4812 ὁ
847 4757 1089 4819 Μωσέως
1121 4757 1393 4827 διάδοχος,
1423 4756 1512 4810 ἵνα
1544 4756 1612 4811 τά
1658 4756 1834 4811 πολλά

2016 4758 2108 4814 Sic
2130 4757 2314 4822 Jesus,
2353 4757 2556 4829 Moysis
2583 4772 2901 4821 successor,
2941 4765 3003 4811 ut
3027 4756 3199 4812 multa
3218 4772 3342 4827 quae
3367 4755 3438 4812 de
3464 4771 3535 4813 eo

254 4849 374 4919 τῶν
413 4848 544 4919 περὶ
587 4848 758 4902 αὐτοῦ
824 4848 1222 4919 ἱστορουμένων
1264 4848 1612 4919 παραδράμω
1645 4847 1736 4901 διὰ
1782 4848 1842 4901 τδ

1948 4858 2248 4904 narrantur
2278 4858 2508 4919 propter
2529 4864 2790 4920 magnum
2808 4864 3001 4903 eorum
3028 4864 3326 4903 numerum
3354 4856 3535 4903 ιτεηεο

259 4939 493 5010 πλῆθος,
525 4940 866 5010 παραλαϐὼν
895 4940 1078 5012 (ιιι
1104 4942 1156 5009 b)
1178 4940 1271 4994 τὸν
1300 4939 1429 4994 λαὸν
1458 4939 1675 5003 πολλοῖς
1706 4941 1842 5010 πρό-

1948 4941 2184 5012 grediar,
2219 4943 2448 5011 populo,
2478 4941 2575 5011 qui
2607 4941 2799 4998 multis
2831 4950 2993 4997 antea
3038 4941 3220 4997 modis
3244 4940 3301 5008 in
3338 4955 3534 4995 eremo

259 5049 425 5102 τερον
456 5036 591 5103 πρὸς
629 5032 916 5086 εὐσέϐειαν
944 5031 1302 5087 παιδευθέντα
1331 5030 1477 5085 κατά
1510 5029 1608 5101 τὴν
1634 5030 1842 5102 ἔρημον

1948 5033 2014 5088 ad
2053 5033 2318 5103 pietatem
2341 5033 2599 5088 eruditus
2623 5042 2766 5097 erat,
2813 5042 2936 5104 post
2981 5033 3187 5105 Moysis
3234 5031 3292 5085 in
3340 5041 3534 5088 monte

259 5125 512 5195 τρόποις,
551 5126 692 5195 μετά
718 5126 820 5196 τὴν
857 5127 917 5178 ὲν
965 5124 1043 5196 τῷ
1081 5124 1198 5196 ὄρει
1236 5124 1514 5187 Μωῦσέως
1562 5122 1842 5193 τελευτὴν,

1949 5138 2184 5179 mortem
2228 5133 2515 5194 suscepto,
2540 5134 2587 5189 ο,
2624 5134 2680 5180 et
2713 5125 2934 5180 insolita
2955 5123 3402 5179 circumcisionis
3444 5137 3535 5178 ra-

263 5216 363 5271 καὶ
391 5214 528 5288 ξένῳ
552 5218 856 5288 περιτομῆς
894 5217 1026 5271 εῖδει
1059 5215 1395 5283 καθαγνίσας
1425 5214 1590 5269 αὑτὸν
1630 5216 1749 5277 ταῖς
1780 5217 1842 5267 ὲκ

1955 5215 2104 5272 tione
2149 5231 2248 5286 per
2289 5216 2541 5287 lapideos
2593 5217 2850 5271 cultellos
2891 5216 3130 5270 lustrato
3150 5214 3200 5279 ιι,
3237 5221 3532 5284 postquam

264 5308 476 5377 πέτρας
498 5307 836 5378 μαχαίραις,
864 5306 963 5360 καὶ
985 5305 1077 5360 τδν
1112 5305 1386 5377 Ἰορδάνην
1413 5304 1751 5376 ξηρανθέντα
1774 5306 1842 5374 τῇ

1951 5306 2140 5366 divina
2167 5322 2297 5361 arca
2348 5307 2628 5378 praemissa
2678 5307 3001 5364 universum
3058 5306 3327 5377 populum
3377 5306 3531 5361 sicco

264 5401 573 5470 προπομπῇ
609 5401 707 5471 τῆς
744 5398 894 5463 θείας
920 5397 1157 5452 κιϐωτοῦ
1180 5399 1304 5467 τοὺς
1338 5396 1433 5452 τοῦ
1462 5396 1593 5451 λαοῦ
1637 5398 1842 5461 πάντας

1950 5398 2242 5453 Jordancm
2266 5399 2403 5469 pede
2428 5398 2731 5455 transmisit
2763 5409 2785 5437 ε
2808 5439 2821 5464 ,
2856 5398 3196 5454 Salvatorcm
3223 5412 3322 5466 per
3348 5395 3530 5466 ipsqu

1379 5572 1399 5599 ε
1422 5560 1588 5616 Josue
1618 5575 1694 5625 ιιι,
1723 5562 1803 5615 l7.

1564 5700 1797 5756 VAIilAﬂ
1834 5700 2243 5783 LECTIQNES.

332 5813 788 5942 ":pographum
844 5814 1009 5870 habet
1059 5814 1355 5886 ὑπίσχνιον.
1428 5817 1474 5848 ⁸⁸
1523 5815 1842 5888 Apograpbu

332 5901 382 5941 ιτ
426 5925 438 5939 ο

1956 5816 2118 5874 habet
2164 5815 2389 5889 ἄλληλα.

276 5901 438 5942 κατα.

343 5572 365 5599 τ
387 5558 549 5615 Deut.
574 5576 738 5625 χχχιι,
764 5561 852 5616 49.
925 5560 949 5600 τί
973 5561 1137 5617 Josuc
1170 5562 1297 5635 v,‘.’.

2487 5815 2530 5849 θ’
2577 5814 2769 5872 Manus
2800 5814 2974 5887 prima
3019 5814 3252 5872 oledcrat
3291 5813 3384 5870 καὶ
3426 5826 3529 5886 pro
