3998 6366
559 362 699 430 1119

1744 367 1802 444 S_.
1846 366 2137 427 ΜΑΧῙΜΙ
2176 367 2690 436 CONFESSORIS

3670 378 3773 453 Heio

553 480 746 552 Logon
773 477 954 552 typice
1003 479 1374 552 signiﬁcabat,
1407 492 1537 536 eum
1568 478 1665 551 qui
1690 476 1955 550 abrogata
1996 484 2133 549 lega-

2247 483 2502 553 άτεγγείς
2550 487 2876 553 διαϐιϐάσας
2896 491 2961 557 ⁸⁸,
2999 493 3092 547 τὸν
3130 494 3199 548 δι’
3241 494 3408 549 αὐτοῦ
3438 498 3670 563 τυπικῶς
3696 519 3777 575 μη.

550 572 690 627 lium
728 573 1189 629 constitutionum
1226 574 1415 630 littera
1446 574 1711 630 ducatum
1741 573 1860 628 veri
1887 583 1945 628 et
1968 572 2139 627 Deum

551 660 800 716 videntis
821 661 992 718 Israel
1030 662 1090 717 in
1116 662 1466 718 sublimitate
1511 661 1911 733 cogitationum
1955 660 2142 716 obori-

551 760 740 807 turum
765 752 1020 822 suscipit,
1049 753 1255 824 quique
1281 768 1444 808 omne
1474 763 1586 809 tam
1609 753 1779 808 animi
1820 767 1985 822 quam
2011 766 2139 806 cor-

549 845 708 915 poris
735 845 1217 915 inquinamentum
1248 846 1569 902 acutissimo
1604 845 1734 901 ﬁdei
1759 845 1863 915 ipsi
1904 852 2137 900 servata:

550 935 736 991 Verbo
758 937 1144 1003 circumcidit,
1174 938 1440 1008 omnique
1465 954 1662 994 eorum
1712 936 1907 1007 qui‘ad
1943 952 2138 1010 pecca-

552 1033 670 1080 tum
695 1026 959 1097 instigant
979 1029 1316 1083 contumelia
1346 1030 1570 1092 liberat,
1599 1037 1655 1084 et
1686 1028 1964 1083 labentem
1997 1035 2136 1081 tem-

548 1117 703 1189 poris
726 1133 1024 1189 rerumque
1059 1119 1408 1175 instabilium
1450 1129 1706 1175 naturam
1752 1120 1821 1174 ad
1877 1119 2139 1188 incorpo-

548 1210 753 1265 ralium
780 1216 985 1265 statum
1021 1211 1247 1283 trajicit,
1278 1212 1532 1268 humeris
1560 1213 1834 1266 virtutum
1866 1210 2140 1266 sublatam

551 1307 707 1357 tenet
734 1302 1113 1374 cognitionem
1167 1303 1489 1361 divinorum
1533 1304 1930 1376 mysteriorum
1974 1294 2139 1373 capa-

552 1409 695 1452 cem.
1494 1430 1497 1431 ν
1571 1418 1574 1423 ’
1666 1420 1669 1423 ‘

545 1780 936 1863 Contemplatio
980 1781 1357 1845 Hiericlwntis,
1393 1793 1441 1835 et
1495 1797 1693 1853 septem
1739 1786 2135 1850 circuitionum,

685 1911 689 1914 -
757 1879 809 1927 et
833 1888 997 1940 arcte,
1014 1881 1065 1927 et
1100 1874 1371 1942 tubarum,
1402 1882 1452 1928 et
1473 1877 1831 1931 anathemati:
1868 1875 1914 1930 ί.

613 2077 710 2134 Sic
726 2090 926 2132 rursus
953 2074 1383 2132 circuitionibus
1409 2083 1625 2147 septem
1649 2075 2004 2147 totidemque
2043 2084 2131 2131 tu-

542 2170 635 2227 bis
661 2186 792 2227 cum
834 2171 1072 2242 mystico
1101 2170 1349 2225 clamore
1403 2169 1600 2225 urbem
1636 2169 1915 2225 difﬁcilem
1959 2186 2131 2240 expu-

543 2260 823 2334 gnabilem
843 2262 1044 2326 visam,
1068 2261 1494 2317 Hierichuntem
1518 2262 1846 2317 concutiens
1872 2261 2127 2317 eumdem

540 2354 642 2409 Dei
666 2353 859 2425 Logon
894 2355 1128 2427 mystice
1148 2353 1378 2425 aperuit
1420 2344 1484 2409 ut
1509 2355 1780 2411 victorem
1835 2354 2030 2409 mundi
2074 2362 2130 2408 et

539 2446 642 2501 aevi
665 2455 1203 2513 consummatorcm,
1229 2455 1419 2502 mente
1442 2455 1500 2500 et
1522 2448 1765 2523 ratione,
1781 2447 1910 2502 sive
1944 2446 2130 2516 cogni-

541 2539 695 2595 tione
721 2546 779 2594 et
809 2540 1042 2595 virtute.
1074 2539 1324 2607 Quarum
1357 2554 1487 2595 arca
1521 2547 1577 2594 et
1609 2540 1757 2594 tubae
1795 2546 1954 2593 erant
1990 2537 2127 2608 typi,

537 2645 639 2688 eos
663 2630 759 2701 qui
788 2631 948 2686 illum
973 2640 1284 2701 sequantur
1305 2646 1488 2686 aevum
1520 2631 1789 2686 sensibile
1816 2629 1978 2685 facile
2002 2644 2127 2683 esse

538 2723 609 2780 ad
640 2724 1088 2796 expugnandum
1104 2726 1263 2780 nullo
1304 2725 1533 2796 negotio
1563 2723 1881 2795 superabile
1927 2722 2130 2777 docen-

537 2824 645 2883 tes,
673 2825 732 2872 et
759 2800 909 2872 nihil
933 2817 1004 2872 de
1028 2819 1170 2889 ejus,
1201 2834 1315 2887 quo
1336 2818 1617 2885 fruantur,
1645 2816 1970 2872 divinorum
2019 2814 2126 2869 bo-

535 2924 740 2965 norum
771 2918 1053 2965 amatores
1085 2909 1360 2981 indigere,
1397 2912 1529 2980 quia
1570 2925 1699 2965 cum
1747 2917 1927 2964 morte
1963 2915 2130 2976 atque

539 3000 769 3055 interitu
808 3002 883 3069 sit
927 3003 1291 3072 conjunctum
1321 3010 1375 3057 et
1402 3002 1604 3057 divinae
1640 3002 1735 3057 ira:
1774 3002 1922 3055 illex.
1972 2998 2130 3065 Quod

539 3092 705 3147 etiam
737 3092 943 3156 Achar,
975 3092 1124 3147 {ilius
1149 3093 1375 3148 Charini
1415 3097 1462 3159 ε,
1514 3109 1638 3163 quae
1665 3102 1754 3148 est
1802 3092 2129 3147 turbulenta

540 3192 708 3251 atque
742 3182 990 3237 materiae
1022 3198 1215 3236 amans
1245 3181 1314 3237 de
1342 3184 1698 3238 sensibilium
1729 3183 1918 3252 aliquo
1946 3184 2156 3236 intro--

539 3272 816 3327 mittendo
865 3273 1149 3343 cogitatio,
1194 3274 1573 3330 miserandam
1626 3276 1776 3330 illam
1824 3275 1893 3330 de
1944 3275 2131 3330 divina

2240 579 2502 647 νυόμενον
2539 580 2771 651 Σωτῆρα
2820 582 2997 651 Λόγον
3044 587 3372 659 παρεδήλου,
3424 592 3561 659 μετά
3592 592 3680 663 τὴν
3705 611 3777 649 τε-

2238 669 2432 741 λευτὴν
2461 671 2554 724 τοῦ
2585 673 2918 745 γράμματος
2958 676 3070 731 τῶν
3105 680 3348 749 νομικῶν
3396 681 3680 747 διατάξεων
3702 687 3780 757 τὴν

2237 762 2299 815 ἐν
2333 762 2414 831 τῷ
2456 761 2580 831 ῦψει
2626 763 2737 817 τῶν
2782 766 3085 836 ¹νοημάτων
3116 769 3414 842 γινομένην
3443 770 3536 824 τοῦ
3558 772 3780 843 ἀληθινοῦ

2254 854 2475 925 Ἰσραὴλ
2501 856 2596 910 καὶ
2628 858 2866 927 ὁρῶντος
2894 859 3030 915 Θεὸν
3060 863 3362 932 ἠγεμονίαν
3407 863 3781 932 παραλαϐόντα,

2241 947 2336 998 καλ¹
2367 947 2572 1011 παντὸς
2629 947 2729 1018 μὲν
2774 950 2955 1022 ψυχῆς
2994 952 3087 1006 καὶ
3133 954 3385 1024 σώματος
3437 955 3700 1025 μολυσμοῦ
3722 959 3784 1028 τῷ

2240 1039 2542 1109 τομωτὰτῳ
2568 1041 2715 1113 λόγῳ
2736 1043 2836 1111 τῆς
2860 1044 2942 1109 είς
2960 1045 3125 1100 αὑτὸν
3147 1047 3382 1109 πίστεως
3408 1047 3784 1118 περιτέμνοντα,

2240 1131 2446 1193 παντὸς
2488 1133 2548 1186 δέ
2590 1133 2902 1206 ὀνειδισμοῦ
2933 1136 3046 1199 τῶν
3087 1137 3226 1209 πρὸς
3261 1138 3538 1209 ἁμαρτίαν
3559 1138 3788 1210 ἐρεθιζάν-

2236 1239 2345 1277 των
2372 1221 2787 1297 ἐλευθεροῦντα,
2810 1227 2906 1285 καὶ
2934 1228 3036 1299 τὴν
3060 1229 3292 1299 ῥέουσαν
3321 1228 3416 1283 τοῦ
3442 1229 3632 1301 χρόνου
3654 1230 3787 1298 φύσιν

2236 1316 2333 1370 καὶ
2377 1316 2489 1370 τῶν
2538 1320 2882 1390 κινουμένων
2936 1320 3330 1387 διαϐιϐάζοντα
3383 1323 3525 1396 πρὸς
3563 1323 3659 1395 τὴν
3699 1323 3788 1377 τῶν

2234 1409 2546 1481 ἀσωμάτων
2590 1413 2953 1479 κατάστασιν,
2997 1417 3112 1478 τοῖς
3154 1413 3330 1486 ὤμοις
3366 1415 3582 1487 ἀρετῶν
3617 1418 3788 1469 ὲπαιω·

2239 1502 2513 1576 ρουμένην
2550 1503 2748 1575 ἔχοντα
2764 1507 2810 1538 ⁸⁸
2838 1507 2940 1579 τὴν
2967 1507 3229 1579 δεκτικὴν
3270 1508 3381 1563 τῶν
3420 1508 3582 1563 θείων
3610 1525 3788 1580 μυστη·

2240 1596 2370 1666 ρίων
2402 1597 2630 1667 γνῶσιν.

2158 1721 2233 1734 —

2249 1783 2473 1853 Θεωρία
2515 1781 2628 1851 τῆς
2666 1782 2944 1851 Ἱεριχοῦς
2985 1782 3086 1840 καὶ
3147 1781 3270 1837 τῶν
3316 1780 3472 1836 ἑπτὰ
3516 1776 3821 1872 περιόδων,ιῖ

2310 1873 2412 1927 καὶ
2452 1872 2564 1941 τῆς
2594 1872 2846 1927 κιϐωτοῦ
2870 1873 2971 1927 καί
3016 1873 3139 1927 τῶν
3184 1872 3549 1942 σαλπίγγων
3582 1871 3675 1925 καί
3706 1872 3807 1926 τοῦ

2166 1998 2209 2057 Β
2307 1966 2701 2037 ἀναθέματος.

2303 2080 2460 2135 Οὕτω
2477 2080 2641 2134 πάλιν
2659 2080 2933 2152 περιόδοις
2965 2079 3103 2134 ἐπτὰ
3133 2080 3226 2134 καὶ
3252 2078 3515 2146 σάλπιγξι
3539 2077 3786 2142 τοσαύταις

2234 2171 2332 2225 σὺν
2357 2170 2658 2241 ἀλαλαγμῷ
2688 2172 2935 2243 μυστικῷ
2961 2172 3058 2242 τὴν
3085 2172 3395 2225 δυσάλωτον
3426 2173 3461 2243 ἢ
3492 2173 3588 2224 καὶ
3618 2171 3786 2224 ἀνάλω-

2230 2277 2323 2316 τον
2346 2259 2487 2318 εἶναι
2525 2262 2757 2328 δόξασαν
2789 2264 2946 2317 πόλιν
2974 2264 3184 2335 ’ῐεριχὼ
3201 2263 3541 2326 κατασείσας
3558 2263 3647 2316 τὸν
3661 2262 3784 2316 αὐτὸν

2232 2353 2325 2408 τοῦ
2358 2351 2495 2406 Θεοῦ
2528 2354 2702 2421 Λόγον
2745 2354 3027 2424 μυστικῶς
3049 2355 3331 2422 ἐνέφαινεν
3356 2355 3436 2417 ὡς
3470 2352 3691 2424 νικητὴν
3717 2351 3777 2406 τοῦ

2232 2446 2443 2513 κόσμου
2487 2445 2583 2498 καὶ
2624 2446 2986 2516 συντελεστὴν
3015 2445 3112 2500 τοῦ
3142 2446 3362 2509 αἰῶνος,
3404 2444 3485 2516 νῷ
3523 2445 3616 2498 καὶ
3653 2444 3781 2516 λόγῳ,

2232 2537 2353 2608 ἦτοι
2383 2535 2584 2605 γνώσει
2612 2538 2707 2592 καὶ
2750 2539 2944 2609 ἀρετῇ.
2977 2533 3079 2591 Ὃν
3112 2542 3145 2609 ἠ
3180 2538 3418 2601 κιϐωτὸς
3453 2536 3552 2592 καὶ
3586 2538 3640 2590 αί
3686 2536 3784 2590 σάλ-

2233 2646 2434 2698 πιγγες
2483 2629 2657 2693 τύπος
2700 2630 2970 2701 ὑπῆρχον,
3018 2633 3133 2693 τοῖς
3190 2629 3490 2700 ἑπομένοις
3535 2628 3679 2699 αὐτῷ
3716 2628 3785 2680 τὸν

2233 2721 2494 2792 αἰσθητὸν
2534 2721 2712 2776 αἰῶνα
2752 2723 3029 2777 εὐάλωτον
3057 2722 3242 2795 (142
3283 2721 3338 2791 a)
3371 2721 3679 2776 δεικνύοντα
3711 2720 3784 2773 καὶ

2232 2812 2647 2882 εὐκαθαίρετον,
2687 2813 2782 2867 καὶ
2816 2813 2989 2883 μηδὲν
3019 2812 3128 2866 τῶν
3155 2815 3215 2866 ἐν
3240 2810 3392 2881 αὑτῷ
3419 2811 3561 2886 πρὸς
3586 2810 3784 2864 ἀπόλαυ·

2232 2922 2319 2958 σιν
2347 2904 2656 2974 ἐπιτήδειον
2697 2907 2812 2967 τοῖς
2839 2904 2947 2958 τῶν
2988 2904 3151 2958 θείων
3176 2905 3440 2972 ἐρασταῖς
3470 2900 3702 2973 ἀγαθῶν,
3726 2899 3783 2961 ὡς

2233 2998 2450 3067 θανάτῳ
2479 2999 2574 3051 καὶ
2600 2998 2780 3069 φθορᾷ
2809 2993 3159 3070 συνημμὲνον
3189 3001 3287 3053 καὶ
3320 2999 3480 3062 θείας
3510 2995 3783 3066 ἀγανακτή-

2233 3106 2375 3150 σεως
2414 3090 2610 3143 αἴτιον.
2642 3091 2755 3143 Καὶ
2801 3090 2953 3160 δηλοῖ
2990 3092 3174 3160 Ἀναρ
3208 3093 3239 3145 ὁ
3272 3090 3372 3144 τοῦ
3427 3091 3631 3159 Χαρμὶ,
3674 3089 3783 3154 ὅπερ

2232 3180 2379 3233 ἐστὶν
2408 3182 2436 3232 ὁ
2465 3180 2792 3252 ταραχώδης
2824 3181 2921 3234 καὶ
2946 3181 3201 3249 φιλὸῦλος
3229 3181 3495 3251 λογισμὸς
3541 3178 3676 3248 ὑπὲρ
3708 3174 3782 3229 τοῦ

2233 3272 2633 3327 εἰσοικίσασθαί
2676 3289 2729 3325 τι
2768 3273 2879 3326 τῶν
2925 3274 3223 3342 αἰσθητῶν,
3245 3274 3338 3327 τον
3367 3275 3636 3329 οἴκτιστον
3661 3269 3783 3323 ἐκεί-

539 3367 818 3425 sententia
854 3375 1095 3421 mortem
1125 3381 1350 3436 passus,
1380 3367 1752 3432 demonstrat,
1801 3368 1964 3439 cujus
1999 3383 2129 3437 ope-

2233 3381 2320 3418 νον
2367 3364 2509 3419 κατὰ
2550 3366 2708 3418 θείαν
2753 3365 2939 3435 ψῆφον
2988 3368 3438 3437 ἀπενεγκάμενος
3474 3366 3712 3425 θάνατον,
3739 3359 3784 3412 ἃν

486 3499 490 3503 .
538 3459 713 3513 ratrix
761 3458 906 3513 ratio
954 3466 1060 3524 est,
1110 3459 1392 3529 profundo
1438 3461 1797 3516 conscientia:
1848 3439 2005 3515 malae
2040 3460 2127 3515 di-r

538 3565 708 3622 gnum
745 3551 839 3606 tali
880 3551 1158 3621 supplicio
1185 3550 1487 3607 suﬂ‘ocans.

539 3727 928 3800 Contemplatio
984 3729 1109 3802 Tyri
1141 3731 1361 3803 ejusque
1402 3731 1577 3802 regis,
1628 3738 1682 3786 et
1716 3733 2129 3804 expugnationis
2178 3795 2187 3799 _

1273 3838 1410 3895 ομιε.

605 3928 700 3987 Sic
728 3947 924 3989 rursus
958 3933 1267 3989 secundum
1297 3936 1449 4005 quod
1490 3935 1763 4007 scriptum
1801 3945 1888 3992 est
1924 3955 1937 3990 :
1970 3937 2124 3991 Tem-

538 4039 666 4094 pore
688 4024 782 4078 illo
812 4034 971 4096 capta
995 4025 1160 4081 Assor
1183 4068 1198 4093 ,
1231 4036 1280 4081 et
1307 4044 1427 4100 rege
1461 4030 1574 4099 ejus
1602 4029 1784 4100 gladio
1814 4031 2088 4101 interfecto
2107 4072 2121 4094 ,

537 4125 589 4168 et
619 4118 762 4170 omni
798 4119 852 4171 in
898 4134 960 4171 ea
987 4121 1102 4173 vivo
1137 4118 1327 4186 deleto,
1390 4137 1511 4192 qua:
1551 4130 1712 4176 antea
1753 4122 2127 4178 universarum

539 4209 815 4279 regionum
839 4209 1168 4265 dominatrix
1198 4222 1312 4268 erat
1335 4212 1384 4279 δ,
1439 4213 1967 4270 demonstrabantur
2013 4230 2133 4287 my-

537 4300 712 4353 steria
743 4316 981 4371 quorum
1016 4311 1181 4373 typus
1222 4304 1315 4359 illa
1346 4304 1450 4359 sibi
1482 4306 1651 4360 verba
1678 4307 2008 4376 protulerat,
2045 4307 2132 4362 ni-

535 4392 742 4445 mirum
794 4409 989 4448 verum
1037 4403 1292 4450 nostrum
1337 4396 1682 4452 Salvatorem
1732 4398 1922 4454 Jesum
1969 4396 2133 4452 Chri-

534 4491 706 4551 stum,
741 4485 839 4539 Dei
872 4485 1095 4552 Filium,
1143 4488 1414 4541 malarum
1462 4497 1803 4559 potestatum
1835 4505 2122 4559 expugna-

536 4582 734 4638 torem,
780 4576 972 4646 gratia:
1012 4578 1348 4648 dignitatum
1400 4580 1842 4650 dispensatorem
1881 4598 1995 4637 sua:
2040 4582 2125 4635 in.-

536 4667 875 4722 carnationis
907 4678 1155 4738 tempore
1188 4679 1472 4739 peccatum
1499 4674 1730 4743 ejusque
1779 4689 1965 4743 regem
2005 4674 2124 4728 dia-
2154 4677 2159 4681 ’

2234 3457 2528 3528 ἐργάζεται
2561 3457 2720 3526 λόγος
2750 3457 2829 3529 τῷ
2858 3457 3014 3528 βάθει
3042 3460 3139 3530 τῆς
3175 3461 3420 3529 πονηρᾶς
3462 3459 3784 3530 συνειδήσεως

2235 3550 2621 3619 ἐναποπνίγων
2650 3551 2742 3604 τὸν
2772 3550 2916 3605 οὕτω
2944 3551 3333 3624 τιμωρηθῆναι
3363 3551 3540 3617 ἀξιον.

2239 3732 2459 3799 Θεωρία
2500 3733 2689 3800 Τύρου
2714 3730 2816 3785 καί
2858 3729 2967 3784 τοῦ
3003 3729 3195 3797 αὐτῆς
3225 3729 3558 3795 βασιλέως,
3589 3726 3679 3783 καί
3696 3723 3784 3794 τῆς

2325 3823 2333 3829 ’
2438 3836 2441 3839 ·
2764 3820 3047 3886 ἁλώσεως
3072 3820 3286 3890 αὐτῆς.

2303 3934 2462 3989 Οὕτω
2487 3933 2650 3990 πάλιν
2670 3933 2852 3999 καθὼς
2870 3933 3202 4005 γέγραπται,
3223 3932 3318 3989 Ἐν
3349 3935 3431 4001 τῷ
3461 3933 3636 4003 καιρῷ
3657 3932 3781 3985 ἐκεῖ·

2231 4043 2315 4091 νῳ
2354 4028 2839 4097 καταλαϐόμενος
2862 4026 2980 4095 τὴν
3016 4026 3263 4096 Ἀσσὼρ,
3297 4028 3394 4079 καὶ
3430 4023 3781 4091 τὸν-βασιλέα

2228 4118 2419 4186 αὐτῆς
2453 4119 2818 4184 ἀποκτείνας
2852 4119 2925 4172 ἐν
2960 4115 3247 4188 ῥομφαία,
3278 4118 3377 4173 καὶ
3407 4121 3533 4174 πᾶν
3556 4116 3782 4188 ἐμπνέω·

2227 4210 2670 4277 ἐξολοθρεύσας
2689 4210 2762 4264 ἐν
2788 4208 2965 4278 αὐτῇ,
2995 4210 3130 4281 ἥτις
3161 4205 3242 4281 ἦν
3274 4211 3569 4280 πρότερον
3595 4209 3779 4279 ἄρχου-

2228 4315 2311 4353 σα
2341 4300 2559 4355 πασῶν
2585 4299 2710 4354 τῶν
2744 4300 2971 4370 χωρῶν,
3004 4301 3339 4366 ἐδιδάσκετο,
3371 4295 3448 4356 ὧν
3493 4299 3778 4375 μυστηρίων

2227 4392 2399 4456 τύπος
2464 4391 2806 4464 προϐέϐλητο
2833 4394 2962 4459 τοὺς
2990 4394 3205 4464 λόγους,
3239 4397 3375 4449 ὅτιὸ
3403 4394 3652 4467 ἀληθινὸς
3687 4391 3776 4443 Σω-

2228 4487 2331 4555 τὴρ
2361 4485 2520 4555 ἡμῶν
2561 4485 2770 4555 Ἰησοῦς
2805 4487 3060 4559 Χριστὸς,
3095 4492 3122 4544 ὁ
3152 4488 3280 4552 Υἱὸς
3309 4488 3406 4543 τοῦ
3449 4487 3603 4551 Θεοῦ,
3641 4488 3667 4539 ό
3693 4483 3777 4535 τῶν

2231 4576 2488 4646 πονηρῶν
2519 4577 2852 4647 καθαιρέτης
2881 4578 3187 4650 δυνάμεων,
3224 4581 3320 4635 καὶ
3349 4579 3674 4652 κληροδὸτης
3694 4573 3774 4627 τῶν

2229 4666 2397 4733 ἀξίων
2427 4670 2528 4738 τῆς
2556 4669 2800 4739 χάριτος,
2833 4671 2978 4724 κατὰ
3006 4671 3096 4726 τὸν
3121 4675 3313 4743 καιρὸν
3334 4670 3436 4744 τῆς
3465 4670 3623 4727 αὐτοῦ
3651 4672 3774 4721 ἐναν-

538 4758 727 4813 bolum
755 4760 1030 4831 (regnavit
1050 4764 1199 4816 enim
1220 4773 1384 4817 antea
1407 4779 1575 4833 super
1596 4781 1791 4819 omnes
1815 4768 2128 4835 peccatum)

2233 4757 2569 4829 θρωπήσεως
2596 4760 2684 4813 διὰ
2725 4763 2961 4831 σταυροῦ
3010 4763 3458 4833 καταλαϐόμενος
3499 4765 3596 4834 τὴν
3625 4762 3772 4829 ἁμαρο

535 4866 637 4922 per
661 4866 886 4907 crucem
919 4853 1187 4909 invasisse
1215 4864 1270 4910 et
1299 4857 1527 4911 virtutis
1579 4873 1692 4913 suae
1742 4858 1915 4913 verbo
1957 4858 2133 4913 inter-

535 4942 758 5009 fecisse,
805 4959 1079 5015 omneque
1111 4946 1297 5001 vivum
1329 4947 1626 5015 delevisse,
1658 4950 1767 5004 hoc
1789 4958 1874 5004 est
1908 4949 2126 5018 passio-

535 5050 638 5091 nes
660 5052 783 5105 qua:
808 5036 865 5090 in
897 5037 1064 5092 nobis
1087 5046 1252 5103 sunt,
1297 5048 1353 5094 ct
1379 5057 1502 5110 quae
1531 5057 1655 5095 cum
1708 5042 1775 5096 iis
1825 5042 2122 5111 conjuncta

533 5138 666 5184 sunt
689 5129 873 5199 turpia
904 5130 1119 5185 etmala
1150 5129 1410 5201 cogitata,
1439 5148 1509 5186 ne
1536 5135 1650 5187 ullo
1678 5135 1907 5190 omnino
1953 5135 2122 5191 modo

534 5221 591 5276 in
618 5220 702 5277 eis
722 5223 817 5292 qui
863 5222 1067 5278 Christi
1103 5239 1306 5279 nomen
1354 5224 1686 5295 proﬁtentur
1716 5236 1772 5280 et
1819 5228 1874 5280 in
1930 5242 1997 5279 eo
2034 5226 2119 5279 vis

535 5321 673 5366 vunt
699 5323 984 5383 peceatum
1017 5316 1087 5371 de
1137 5325 1340 5373 cmtero
1371 5318 1440 5371 ad
1486 5317 1661 5372 instar
1730 5318 1841 5371 vivi
1886 5318 2122 5390 alicujus

535 5408 747 5462 moveri
781 5424 846 5463 ac
883 5409 1074 5465 vivere
1105 5410 1356 5476 haberet.

581 5604 601 5644 ί
624 5606 794 5665 Iosue
822 5625 897 5676 vr,
923 5610 948 5664 l
983 5624 1139 5684 seqq.
1220 5614 1246 5653 Β
1262 5613 1427 5669 Iosue
1453 5631 1545 5679 vn,
1574 5614 1659 5668 l8.
1736 5614 1762 5654 ιι
1785 5614 1953 5669 Josue
1980 5630 2055 5679 χι,
2084 5613 2166 5667 lt).

2229 4850 2352 4903 τίαν
2379 4851 2473 4903 καὶ
2506 4851 2598 4904 τὸν
2630 4851 2860 4921 βασιλέα
2891 4855 3067 4926 αὐτῆς
3096 4857 3187 4909 τὸν
3211 4856 3461 4911 διάϐολον
3491 4852 3656 4928 (ἦρχε
3691 4849 3773 4916 γὰρ

2237 4943 2458 4998 πάντων
2496 4946 2625 4997 ποτὲ
2652 4944 3015 5014 βασιλεύουσα
3043 4951 3076 5019 ἡ
3111 4950 3390 5020 ἁμαρτία)
3417 4950 3689 5003 ἀπέκτεινε
3711 4937 3770 5007 τῷ

2227 5037 2438 5107 ῥήματι
2463 5036 2564 5106 τῆς
2589 5037 2874 5107 δυνάμεως
2913 5039 3100 5103 αὐτοῦ,
3137 5042 3231 5096 καὶ
3279 5042 3665 5112 ὲξωλόθρευσεν
3693 5032 3768 5087 αὖ·

2221 5129 2321 5198 τῆς
2354 5130 2462 5182 πᾶν
2497 5129 2760 5199 ἐμπνέυν,
2783 5134 3041 5194 ,τουτέστι
3071 5136 3140 5189 τὰ
3170 5134 3316 5206 πάθη
3346 5133 3415 5188 τὰ
3444 5137 3501 5189 ὲν
3530 5134 3668 5205 ἡμῖν’
3695 5122 3767 5177 καὶ

2228 5219 2296 5272 τὰ
2327 5221 2416 5273 ἐπ’
2444 5221 2629 5284 αὐτοῖς
2661 5223 2863 5294 αἰσχρὰ
2915 5227 3010 5278 καὶ
3058 5227 3273 5299 πονηρὰ
3313 5226 3672 5296 ἐνθυμήματα,
3699 5217 3767 5269 ἵνα

2231 5310 2367 5381 μηδὲ
2422 5310 2484 5364 τὸ
2532 5313 2781 5367 ὁπωσοῦν
2831 5318 2887 5369 ἐν
2940 5321 3054 5382 τοῖς
3100 5319 3191 5372 τοῦ
3242 5317 3480 5390 Χριστοῦ
3530 5314 3617 5368 καὶ
3656 5306 3766 5363 κατά

2226 5402 2463 5472 Χριστὸν
2510 5404 2677 5469 ζῶσιν
2718 5409 3048 5475 ἐμπνέοντος
3103 5412 3260 5483 δίκην
3315 5410 3436 5467 καθ’
3468 5406 3633 5464 ὁτιοῦν
3684 5400 3762 5469 ἔχῃ

2227 5497 2412 5549 λοιπὸν
2442 5497 2500 5549 τὸ
2526 5499 2795 5553 κινεῖσθαι
2833 5504 2925 5555 καὶ
2960 5503 3061 5574 ζῇν
3094 5506 3125 5574 ἡ
3166 5503 3427 5575 ἁμαρτία.

1841 5725 2073 5781 VARIAE
2114 5726 2518 5782 LECTIONES.

601 5803 650 5836 “
684 5803 1070 5876 Apograplmm
1102 5809 1384 5872 διαϐάσεις.
1457 5813 1500 5843 θα
1533 5814 1918 5883 Apng'apbum
1953 5817 2076 5878 τοὺς
2133 5815 2314 5884 ὤμους
2376 5818 2465 5886 ἀρ.
2526 5819 2610 5870 ἐπ’
2676 5819 2898 5889 ἔχοντας
2948 5828 3078 5875 cett.
