3998 6374
305 353 438 419 I121

1536 352 2055 414 AMBIGUORUM
2101 357 2353 417 LIBER.

3421 368 3561 433 1122

295 462 486 535 ‘152
511 461 561 531 ὁ)
602 442 821 529 Θεωρία
851 425 937 523 εἷς
968 459 1054 517 τὸ,
1093 477 1109 508 ι
1154 460 1219 510 Oi
1248 457 1861 527 οἷ’,ρανοίιδιηγοῦντω

1977 462 2370 531 Contemplatio
2424 464 2477 516 in
2538 465 2671 519 illud
2716 485 2733 521 :
2795 487 2814 519 ι
2858 471 2983 527 Coeli
3023 485 3282 530 enarrant
3331 476 3563 548 gloriam

858 552 1049 615 δόξαν
1091 550 1259 606 Θεοῦ.
1299 570 1320 602 ι

369 670 528 723 Οὕτω
580 667 742 721 Δασὶδ
771 669 797 720 ό
835 668 953 737 μετ’
984 666 1230 728 ἐκείνους
1266 665 1363 734 μὲν
1405 664 1486 733 τῷ
1517 665 1717 735 χρόνῳ,
1752 664 1873 717 κατ’

291 760 539 821 ἐκείνους
569 758 626 811 δὲ
675 758 751 829 τῷ
799 756 1094 827 πνεύματι,
1145 756 1232 807 ἵνα
1266 755 1396 816 τοὺς
1446 754 1654 823 Κριτὰς
1698 769 1879 823 παρα-

289 851 494 919 δράμω
527 847 699 901 πολλά
730 848 957 919 ἔχοντας
986 850 1044 900 ἐν
1074 847 1152 916 τῷ
1183 846 1284 916 βίῳ
1318 847 1617 914 μυστήρια,
1647 845 1747 915 τὴν
1790 845 1877 897 δό-

290 943 393 1006 ξαν
422 942 516 994 τοῦ
549 941 684 994 Θεοῦ
706 941 1083 1010 διηγουμένων
1110 939 1219 992 τῶν
1248 936 1495 1008 οὐρανῶν
1525 936 1760 999 ἀκούων,
1784 938 1878 987 καὶ

288 1034 394 1100 τὴν
437 1034 659 1103 ποίησιν
692 1032 803 1085 τῶν
852 1029 1053 1102 χειρῶν
1105 1029 1271 1082 αὑτοῦ
1298 1026 1746 1096 ἀναγγέλλοντος
1779 1023 1875 1079 τοῦ

288 1125 678 1196 στερεώματος
709 1124 802 1193 (τὸ
833 1123 1153 1193 θαυμάσιον,
1172 1116 1252 1184 οἷς
1270 1120 1447 1191 ψυχὴν
1470 1122 1499 1172 ό
1530 1117 1875 1189 Δημιουργδς

284 1215 392 1265 οὐκ
415 1214 684 1282 ἐνέθηκε),
712 1214 836 1275 τοὺς
872 1212 1002 1282 περὶ
1041 1210 1320 1278 θεολογίας
1347 1209 1467 1271 νοὸς
1503 1210 1694 1269 ἀκοαῖς
1725 1204 1875 1274 παρὰ

284 1305 402 1356 τῶν
434 1305 658 1375 ἀψύχων
700 1302 1243 1373 ὕπεδέχετολόγους,
1286 1301 1384 1354 κα)⁸
1428 1300 1554 1362 τοὺς
1608 1298 1707 1366 τῆς
1742 1314 1876 1368 προ-

2650 557 2745 610 Dci
2778 572 2820 611 ι.
2860 578 2878 611 ι

2050 664 2141 719 Sic
2173 665 2364 728 David,
2394 674 2556 720 aetate
2588 667 2699 721 illis
2734 668 2936 735 minor,
2966 671 3167 739 spiritu
3194 688 3331 727 vero
3373 688 3561 742 aequa-

1977 753 2065 816 lis,
2102 762 2161 806 ut
2179 753 2426 819 iudices,
2460 764 2774 823 quanquam
2803 759 3077 826 permulta
3101 760 3158 813 in
3177 762 3291 815 vita
3315 761 3560 815 habeant

1976 846 2247 915 mysteria
2300 847 2768 914 praetermittam,
2819 849 3054 904 audiens
3098 852 3270 906 oculos
3329 868 3561 907 narrare

1987 935 2227 1002 gloriam
2251 935 2372 998 Dei,
2425 946 2484 990 et
2522 936 2795 991 facturam
2847 955 3110 995 manuum
3141 942 3317 1009 ipsius
3364 943 3563 1012 praedi-

1978 1036 2110 1077 eare
2178 1023 2587 1078 firmamentum
2632 1027 3040 1094 (admirandum
3112 1030 3218 1085 hoc
3264 1031 3335 1084 de
3390 1032 3562 1087 rebus

1983 1111 2185 1180 quibus
2218 1112 2413 1166 mundi
2440 1113 2640 1166 artifex
2677 1115 2916 1169 animam
2946 1118 3155 1175 nullam
3206 1119 3439 1189 injecit),
3476 1119 3561 1173 in-

1974 1202 2237 1259 .tcllectus
2258 1203 2451 1258 auditu
2473 1204 2544 1258 ab
2574 1204 2893 1261 inanimatis
2929 1208 3266 1278 theologicas
3314 1209 3559 1264 rationes

1977 1293 2320 1362 percipiebat
2346 1333 2361 1358 ,
2397 1303 2562 1363 atque
2591 1298 2953 1364 providentia:
2976 1299 3244 1369 etjudicii
3271 1316 3338 1354 ex
3371 1300 3557 1368 operis

283 1396 440 1459 νοίας
462 1398 554 1450 καί
574 1397 805 1468 κρίσεως
837 1395 895 1462 ἐξ
924 1394 1386 1464 ἀποτελέσματος,
1419 1391 1561 1444 κατά
1579 1389 1641 1443 τὸ
1667 1387 1861 1458 ἀνθρώ·

1974 1385 2357 1453 perfectione,
2422 1396 2694 1455 quantum
2747 1390 2973 1458 quidem
3023 1391 3342 1446 hominibus
3375 1392 3551 1454 licet,

286 1500 415 1544 ποις
433 1485 675 1553 ἐφικτὸν,
698 1483 1006 1539 ὲδιδόισκετο
1039 1484 1296 1553 τρόπους,
1347 1481 1477 1547 τῶν,
1514 1475 1595 1543 οἷς
1633 1479 1878 1548 δηλονότι

282 1576 433 1628 κατὰ
474 1581 640 1647 μέρος
688 1576 1028 1630 ποικίλλεται
1067 1577 1101 1645 ἡ
1143 1574 1239 1628 τοῦ
1295 1574 1498 1636 παντὸς
1546 1570 1875 1642 διεξαγωγὴ,

287 1667 398 1720 οὐκ
431 1669 651 1736 ἐφικνού
660 1684 821 1738 μενος
844 1668 1038 1736 λόγων.

285 1890 514 1959 Θεωρία
543 1892 631 1957 εις
667 1889 755 1958 τὸ,
797 1909 815 1942 ι
848 1891 905 1942 '0
927 1888 1121 1959 πατήρ
1147 1907 1267 1959 μου
1310 1888 1410 1943 καὶ
1440 1890 1478 1956 ἡ
1507 1887 1707 1958 μήτηρ
1751 1905 1871 1959 μου

795 1979 1192 2051 ἐγκατέλιπόν
1212 1997 1309 2050 με.
1337 2000 1357 2033 ›
1844 1974 1853 1979 ’

356 2091 518 2147 Οὕτω
568 2092 765 2146 πάλιν⁶
804 2092 870 2146 '0
917 2093 1114 2163 πατήρ
1158 2110 1279 2167 μου
1317 2078 1415 2150 καὶ
1460 2093 1499 2160 ἡ
1523 2090 1722 2162 μήτηρ
1745 2108 1865 2161 μου

276 2184 688 2254 ἐγκατέλιπόν
720 2202 819 2253 με,
865 2189 901 2238 ὁ
945 2184 1013 2238 δὲ
1059 2186 1277 2253 Κύριος
1313 2186 1722 2255 προσελάϐετό
1764 2201 1863 2254 με,

278 2278 516 2343 φάσκων
552 2277 653 2346 τὴν
680 2277 773 2329 τοῦ
803 2278 948 2330 κατά
982 2275 1144 2345 φύειν
1174 2277 1274 2347 τῆς
1307 2278 1511 2348 σαρκὸς
1540 2277 1672 2347 περὶ
1708 2278 1863 2345 γένε-

276 2383 376 2420 σιν
403 2368 499 2420 καὶ
544 2366 752 2438 φθορὰν
783 2367 977 2436 νόμον,
1010 2368 1132 2422 καθ’
1165 2367 1223 2423 ὃν
1264 2370 1465 2432 πάντες
1498 2369 1590 2422 διὰ
1617 2368 1720 2438 τὴν
1758 2384 1863 2423 πα-

280 2457 522 2526 ράὀασιν
556 2457 651 2511 καὶ
695 2457 1014 2529 γεννώμεθά
1063 2461 1160 2514 καὶ
1194 2459 1589 2535 συνιστάμεθα,
1628 2461 1727 2517 καὶ
1763 2463 1864 2529 τῆς

276 2548 613 2619 τιθηνούσης
642 2551 790 2620 ἡμᾶς
824 2550 1030 2627 μητρὸς
1060 2551 1218 2621 δίκην
1236 2551 1544 2621 αἰσθήσεως
1576 2550 1863 2620 ἀπόλειψιν

275 2656 345 2692 τε
388 2640 485 2693 καὶ
526 2640 833 2711 ἀποφυγὴν,
854 2642 1164 2709 ἀναγκαίαν
1207 2638 1349 2696 εἶναι
1377 2644 1491 2704 τοῖς
1516 2640 1625 2694 τῶν
1655 2641 1863 2711 ἀφθάρ-

276 2747 395 2783 των
441 2729 809 2800 ὲπιθυμηταϊς
868 2732 1391 2803 ἑπικεκρυμμένως,
1438 2728 1615 2801 οἴμαι,
1671 2731 1861 2802 διηγό-

278 2839 447 2893 ρευε·
499 2822 564 2875 δι’
608 2817 683 2877 ὧν
715 2826 742 2877 ό
794 2823 891 2893 μὲν
932 2822 1208 2894 ὁρώμενος
1255 2824 1459 2893 κόσμος
1503 2824 1722 2892 ἀφίεται
1766 2823 1861 2901 καί

276 2912 537 2982 ἀφίησιν,
569 2914 911 2985 όδὲνΚύριος
939 2914 1445 2985 προσλαμϐάνεται,
1477 2915 1571 2987 καὶ
1596 2914 1675 2984 τῷ
1703 2924 1862 2967 ﬂven-

280 3004 503 3076 ματικῴ
544 3006 801 3059 υἱοθετῶν
828 3006 976 3076 νόμῳ
1007 3007 1133 3068 τοὺς
1162 3006 1371 3072 ἀξίους,
1414 3008 1506 3060 καὶ
1538 3009 1652 3071 τοῖς
1686 3007 1859 3073 ἀξίοις

278 3098 809 3168 πατρόθετούμενος,
867 3098 935 3151 δι’
983 3098 1187 3167 ἀρετῆς
1255 3100 1350 3151 καὶ
1415 3099 1692 3167 γνώσεως,
1739 3100 1858 3153 ὅλον

275 3189 477 3247 ἑαυτὸν
494 3190 536 3221 ⁸⁷
580 3191 725 3252 ὅλοις
788 3190 975 3253 αὐτοῖς
1020 3188 1142 3243 καθ’
1179 3189 1460 3258 ὁμοίωσιν,
1502 3189 1577 3253 ὡς
1629 3191 1853 3258 ἀγαθὸς,

1968 1478 2280 1533 docebatur
2308 1480 2503 1534 modos
2528 1521 2543 1545 ,
2604 1483 2857 1549 quamvis
2884 1498 2996 1536 non
3039 1492 3328 1537 assecutus
3380 1481 3551 1536 ratio-

1975 1584 2076 1624 nes
2102 1570 2309 1638 quibus
2331 1586 2430 1639 pcr
2454 1572 2703 1642 singulas
2744 1575 3007 1630 videlicet
3041 1584 3231 1643 partes
3272 1573 3550 1628 universi-

1977 1660 2105 1716 tatis
2134 1662 2541 1717 administratio
2567 1665 2831 1720 variatur.

1903 1805 1977 1817 -ι-

1973 1885 2361 1957 Contemplatio
2395 1887 2450 1940 in
2482 1887 2617 1940 illud
2651 1904 2667 1941 :
2708 1908 2725 1938 ι
2758 1888 2919 1941 Pater
2946 1899 2994 1941 et
3026 1898 3198 1942 mater
3224 1906 3305 1943 me
3357 1888 3549 1943 dereli-

2579 1984 2808 2046 quernnt
2834 1987 2879 2029 ι.
2914 1996 2931 2027 ι

2040 2086 2132 2142 Sic
2157 2105 2356 2144 rursus
2385 2106 2397 2141 :
2428 2088 2592 2143 Pater
2613 2098 2661 2142 et
2692 2096 2864 2142 mater
2890 2105 2969 2141 me
3003 2089 3418 2160 dereliquerunt,
3458 2090 3550 2144 sed

1966 2181 2222 2237 Dominus
2260 2197 2341 2235 me
2365 2183 2587 2251 suscepit
2613 2179 2661 2244 ιι,
2683 2180 2879 2235 dicens
2917 2181 3056 2252 legis
3081 2197 3203 2250 qua:
3240 2182 3545 2236 secundum

1966 2274 2151 2329 carnis
2186 2282 2443 2328 naturam
2476 2273 2545 2327 ad
2571 2274 2991 2342 generationem
3021 2284 3078 2328 et
3102 2273 3394 2328 interitum
3422 2289 3549 2344 per-

1968 2366 2130 2432 tinet,
2167 2381 2277 2435 qua
2306 2380 2408 2419 nos
2448 2380 2642 2420 omnes
2680 2375 2909 2435 propter
2954 2366 3457 2436 transgressionem
3491 2375 3548 2422 et

1964 2474 2295 2529 generamur
2325 2467 2381 2512 et
2415 2468 2763 2523 constamus,
2815 2466 2870 2512 et
2901 2474 3100 2513 sensus
3136 2459 3204 2512 ad
3234 2458 3430 2513 matris
3457 2458 3546 2512 in-

1964 2558 2078 2602 star
2107 2562 2210 2602 nos
2241 2547 2484 2602 foventis
2509 2548 2931 2602 derelictionem
2964 2558 3019 2602 et
3052 2549 3319 2620 effugium
3350 2550 3418 2604 iis
3447 2550 3544 2619 qui

1965 2656 2151 2713 rerum
2210 2656 2325 2695 non
2372 2640 2803 2695 interiturarum
2850 2641 3084 2695 studiosi
3128 2642 3261 2707 sint,
3299 2644 3541 2707 occulte,

1960 2738 2122 2799 puto,
2158 2728 2459 2794 indicavit;
2486 2730 2692 2798 quibus
2726 2730 2971 2786 mundus
3006 2732 3246 2786 visibilis
3285 2735 3543 2788 mittatur

1962 2836 2075 2873 non
2101 2821 2284 2873 minus
2313 2836 2476 2889 quam
2504 2822 2703 2875 missos
2740 2822 2927 2885 faciat,
2986 2823 3083 2877 sed
3114 2824 3383 2879 Dominus
3414 2840 3542 2885 sus-

1962 2910 2118 2980 cipit,
2157 2920 2213 2965 et
2244 2912 2480 2981 spiritali
2549 2913 2644 2981 qui
2697 2913 2848 2982 digni
2899 2922 3031 2967 sunt
3084 2914 3230 2969 ﬁlios
3272 2916 3391 2986 lege
3438 2917 3539 2970 ad-

1961 3012 2181 3071 optans,
2219 3013 2275 3057 et
2306 3004 2422 3073 ipse
2452 3004 2521 3058 ab
2556 3005 2623 3058 iis
2647 3006 2740 3074 qui
2778 3005 2929 3073 digni
2963 3015 3095 3060 sunt
3128 3008 3290 3061 Pater
3306 3008 3538 3078 adopta-

1964 3103 2072 3160 tus,
2110 3112 2208 3166 per
2240 3098 2506 3150 virtutem
2533 3106 2592 3151 et
2625 3097 3031 3167 cognitionem,
3076 3107 3253 3152 totum
3290 3116 3411 3155 sesc
3451 3093 3537 3171 ip;

1962 3204 2083 3243 sum
2116 3189 2397 3243 universis
2429 3189 2542 3243 illis
2580 3188 2891 3243 secundum
2938 3190 3388 3256 similitudinem,
3449 3204 3537 3248 ut-

276 3281 578 3333 ἆνδίδωσιν.
608 3280 679 3332 Ἦ
702 3280 843 3349 τάχα
886 3280 1066 3352 (143
1094 3280 1147 3352 a)
1183 3281 1271 3333 διὰ
1295 3281 1392 3334 τοῦ
1416 3282 1619 3352 πατρὸς
1649 3284 1741 3334 καὶ
1759 3282 1856 3352 τῆς

1969 3292 2090 3352 pote
2127 3283 2328 3346 bonus,
2363 3282 2505 3335 indit
2534 3292 2701 3351 atque
2730 3282 3010 3337 concedit.
3039 3283 3148 3337 Aut
3172 3284 3406 3340 fortasse
3438 3302 3539 3355 per

277 3371 496 3443 μητρὸς
524 3370 614 3423 τὸν
648 3371 895 3441 γραπτὸν
930 3372 1094 3441 νόμον
1131 3372 1226 3424 καὶ
1266 3371 1362 3443 τὴν
1398 3373 1517 3427 κατ’
1550 3372 1712 3425 αὐτὸν
1749 3390 1855 3424 σω-

278 3461 523 3533 ματικὴν
557 3461 817 3534 λατρείαν
850 3454 1171 3529 αἰνίττεται,
1198 3454 1272 3515 ὧν
1302 3465 1368 3534 τῇ
1405 3464 1753 3534 ὑποχωρήσει
1797 3461 1859 3514 τὸ

274 3554 398 3623 φῶς
427 3554 519 3607 τοῦ
550 3552 921 3625 πνευματικοῦ
944 3555 1108 3624 νόμου
1134 3558 1255 3618 ταῖς
1283 3555 1528 3625 καρδίαις
1558 3554 1664 3606 τῶν
1693 3553 1858 3618 ἀξίων

272 3646 591 3700 ἀνατέλλειν
631 3647 865 3715 πέφυκε,
915 3647 1011 3700 καὶ
1052 3648 1150 3715 τῆς
1186 3647 1328 3701 κατὰ
1388 3647 1566 3718 σάρκα
1614 3646 1859 3711 δουλείας

275 3736 595 3809 ἐλευθερίαν
617 3735 960 3807 χαρίζεσθαι.

276 3910 499 3977 Θεωρία
528 3911 615 3976 εἰς
649 3910 763 3966 τὴν
792 3912 1094 3993 ὀπτασίαν·
1134 3912 1332 3969 Ἠλίου
1362 3913 1474 3983 τὴν
1500 3915 1668 3988 etgqu
1691 3930 1847 3985 σπη-

861 4004 1014 4069 λαίῳ
1043 4005 1269 4071 xamen

351 4111 538 4177 Οὕτως
581 4113 767 4176 Ἠλίας
801 4117 829 4168 ό
873 4115 1192 4186 περινόητος
1225 4115 1364 4185 μετὰ
1398 4117 1460 4169 τὸ
1506 4117 1618 4189 πῦρ
1651 4119 1847 4187 ἐκεῖνο,

274 4204 419 4275 μετὰ
455 4206 547 4275 τὸν
600 4206 953 4289 συσσεισμὸν,
998 4207 1135 4276 μετά
1174 4207 1236 4261 τὸ
1282 4208 1427 4277 μέγα
1458 4208 1554 4262 καὶ
1590 4212 1851 4281 κραταιὸν

272 4296 495 4367 πνεῦμα
522 4297 581 4350 τὸ
612 4297 827 4351 διαλύον
852 4296 974 4367 ὅρη,
999 4297 1035 4351 ἀ
1066 4299 1129 4369 δὴ
1158 4299 1321 4368 ζῆλον
1345 4301 1438 4353 καὶ
1475 4301 1745 4372 διάκρισιν
1775 4298 1853 4356 εἷ-

1955 3381 2170 3444 patrem
2210 3381 2267 3427 et
2301 3381 2533 3427 matrem
2568 3374 2826 3442 scriptam
2873 3375 3052 3445 legem
3085 3384 3141 3430 et
3188 3378 3534 3447 corporalem

1957 3481 2125 3535 quem
2164 3467 2398 3536 imperat
2427 3467 2637 3522 cultum
2668 3469 2988 3537 adumbrat,
3019 3488 3256 3541 quorum
3284 3473 3532 3529 discessu

1956 3557 2219 3626 Spiritalis
2253 3558 2391 3628 legis
2419 3559 2514 3613 lux
2546 3559 2841 3629 dignorum
2880 3564 3147 3618 cordibus
3181 3565 3389 3619 exoriri
3438 3581 3536 3635 po-

1957 3655 2087 3716 test,
2118 3658 2176 3705 et
2214 3650 2458 3705 carnalis
2486 3653 2777 3708 servitutis
2800 3654 3113 3709 libertatem
3151 3656 3339 3726 largiri

1988 3912 2373 3985 Contemplatio
2404 3916 2459 3969 in
2501 3915 2750 3970 visionem
2780 3916 2918 3972 Elia:
2951 3917 3003 3971 in
3034 3934 3187 3989 specu
3203 3916 3412 3991 ,σίωνοὸ
3444 3918 3486 3975 ι.

2022 4133 2114 4189 Sic
2140 4132 2290 4191 Elius
2338 4134 2785 4204 sapientissimus
2823 4147 2950 4209 post
2979 4142 3158 4213 ignem
3192 4146 3371 4209 illum,
3402 4160 3527 4218 post

1954 4228 2360 4287 terrarmotum,
2429 4233 2552 4293 post
2590 4242 2848 4298 magnum
2895 4240 2952 4287 et
2996 4235 3378 4292 vehementem
3432 4239 3528 4310 qui

1952 4321 2171 4367 montes
2200 4313 2419 4383 disjecit
2452 4318 2718 4381 llatumm,
2752 4335 2873 4387 quae
2906 4322 3130 4391 quidem
3178 4329 3424 4384 studium
3472 4342 3529 4386 et

271 4407 363 4443 ναι
395 4392 489 4442 καὶ
517 4380 690 4458 τὴνὲν
718 4390 1062 4461 πληροφορίᾳ
1086 4391 1364 4461 πρόθυμον
1395 4392 1577 4448 πίστιν
1607 4395 1854 4466 ὑπολαμ-

1973 4402 2215 4455 udicium
2249 4419 2371 4458 esse
2402 4414 2569 4473 atque
2610 4405 2775 4461 fidem
2823 4380 3045 4478 plenam
3086 4424 3254 4483 atque
3287 4418 3526 4475 alacrem

270 4480 425 4533 ϐάνω
454 4484 507 4551 (ἡ
544 4482 642 4551 μὲν
671 4481 781 4553 γὰρ
809 4481 1102 4553 διάκρισις,
1138 4482 1326 4553 ὥσπερ
1360 4485 1582 4552 σεισμὸς
1616 4487 1683 4539 τὰ
1726 4504 1851 4539 συν-

1970 4502 2287 4562 nterpretor
2337 4497 2503 4565 (nam,
2557 4505 2816 4567 tanquam
2857 4508 3201 4561 terraamotus
3255 4512 3523 4566 montium

270 4571 395 4640 εχῆ,
448 4570 547 4642 τὴν
585 4570 864 4643 μοχθηρίᾳ
910 4573 1288 4627 πυκνωθεῖσαν
1318 4573 1433 4638 ἕξιν
1467 4575 1556 4628 διὰ
1597 4576 1696 4646 τῆς
1722 4578 1851 4647 ἀρε-

1948 4583 2233 4649 continua,
2263 4585 2344 4640 sic
2364 4586 2639 4656 judicium
2673 4590 2923 4646 habitum
2957 4596 3169 4652 scelere
3200 4599 3522 4659 induratum

267 4661 376 4731 τῆς
406 4654 721 4715 ἐπισείουσα
746 4662 844 4732 τῆς
873 4663 1070 4726 κακίας
1101 4663 1397 4734 ἐξίστησιν,
1428 4667 1455 4718 ό
1476 4665 1531 4717 δὲ
1555 4664 1724 4741 ζῆλος,
1748 4684 1847 4718 πυ-

280 4753 368 4777 -λ-
398 4752 550 4777 ΡΙ--....
584 4754 773 4777 2‘-.L__-
792 4772 833 4777 .-.
867 4755 956 4777 ..Δὶ
978 4773 992 4777 -
1032 4754 1251 4777 '._-.._-.-
1282 4758 1339 4777 ,Ω
1386 4756 1523 4777 ὨΑ-κ
1561 4757 1651 4777 ..μ’
1766 4758 1806 4777 ιι

1969 4674 2156 4729 rirtute
2192 4654 2517 4734 concutiens
2562 4681 2919 4751 improbitate
2944 4688 3129 4753 solvit,
3189 4693 3433 4751 studium
3458 4699 3526 4753 ad

275 4753 368 4823 pb;
394 4752 550 4823 δίκην
579 4754 833 4808 ἀνάπτων
864 4755 992 4817 τοὺς
1031 4754 1252 4825 ἔχοντας
1279 4758 1344 4827 τῇ
1381 4756 1528 4822 (sese
1558 4757 1653 4810 τοῦ
1685 4758 1848 4811 πνεύ-

274 4859 446 4910 ματος
482 4843 760 4896 παιδεύειν
799 4842 974 4898 πείθει
1020 4845 1143 4909 τοὺς
1188 4846 1428 4909 ἀσεϐεῖς,
1476 4850 1509 4917 ἡ
1544 4848 1598 4900 δὲ
1640 4848 1847 4913 πίστις,

271 4929 588 5002 πνεύματος
628 4933 805 5003 βιαίου
851 4935 1072 5006 τρόπον,
1117 4935 1276 5005 δόξης
1309 4937 1493 4990 ἕνεκεν
1538 4938 1674 4992 Θεοῦ
1708 4939 1846 5009 πρὸς

270 5014 595 5096 καθαίρεσιν
643 5022 1016 5099 ὀχυρωμάτων
1063 5029 1128 5082 δι’
1178 5029 1491 5095 ἐπιδείξεως
1554 5030 1851 5103 θαυμάτων

267 5115 494 5170 ὠθοῦσα
526 5116 652 5181 τοὺς
688 5118 921 5181 ἀπαθεῖς
964 5118 1157 5184 ὕδατος
1201 5121 1507 5189 γνωστικοῦ
1557 5124 1651 5176 καὶ
1682 5125 1852 5195 πυρὸς

269 5205 525 5261 θεοποιοῦ
564 5208 796 5280 χορηγὸν
827 5211 914 5263 τὸν
958 5211 1125 5274 ὅντως
1153 5211 1342 5264 πιστὸν
1390 5210 1677 5285 ἄνθρωπον
1711 5214 1845 5269 καθ-

268 5298 479 5369 ίστησι,
527 5306 621 5353 καὶ
654 5301 729 5368 τῷ
757 5302 855 5372 μὲν
886 5303 975 5355 τὸν
999 5300 1066 5355 δι’
1112 5303 1334 5371 ἀγνοίας
1375 5303 1533 5374 λιμὸν
1574 5306 1847 5377 θεραπεύ-

1952 4765 2125 4820 instar
2152 4767 2295 4839 ignis
2332 4770 2632 4827 incendens
2666 4775 2896 4843 spiritus
2931 4779 3130 4836 ardore
3162 4783 3360 4854 impios
3401 4805 3529 4845 eru-

1950 4855 2067 4911 dire
2095 4873 2151 4912 se
2172 4859 2629 4933 praeditosjubet,
2680 4865 2815 4922 ﬁdes
2861 4868 2915 4924 in
2940 4872 3168 4928 modum
3202 4876 3365 4934 ﬂatus
3396 4884 3525 4938 saevi

1950 4958 2176 5051 propter
2211 4951 2452 5007 divinam
2491 4956 2719 5026 gloriam
2764 4961 2829 5015 ad
2866 4969 3230 5036 expugnanda
3270 4974 3525 5041 praesidia
3592 5032 3599 5051 ,

1950 5055 2050 5108 per
2097 5042 2493 5099 miraculorum
2557 5051 3098 5109 commendationem
3148 5058 3355 5127 inertes
3393 5078 3523 5129 pro-

1951 5131 2174 5200 pulsans
2198 5134 2479 5191 hominem
2519 5155 2648 5195 vere
2680 5143 2966 5201 credulum
2995 5162 3150 5216 aqua:
3195 5151 3527 5221 cognitionis

1953 5232 2011 5275 et
2062 5223 2201 5293 ignis
2250 5226 2563 5284 deilicantis
2596 5231 2951 5299 prarldtorem
3002 5238 3397 5303 reddit,.dum
3435 5245 3524 5302 hic

1956 5314 2157 5371 famem
2184 5319 2506 5389 ignorantia:
2536 5333 2714 5391 curat,
2766 5327 2878 5384 illic
2911 5346 3010 5399 per
3053 5336 3520 5392 accommodatio-
3603 5370 3610 5378 ο

266 5480 275 5485 -
352 5458 366 5500 1
397 5457 538 5512 Paul.
562 5473 708 5521 xvm,
734 5459 783 5511 l.
865 5458 878 5507 i
911 5458 1049 5512 Psal.
1075 5474 1215 5523 xxvi,
1244 5459 1327 5514 10.
1407 5461 1433 5500 ιι
1461 5461 1594 5517 ibid.
1680 5463 1788 5519 1lll
1816 5464 1951 5539 Reg.
1982 5486 2089 5535 xix,
2111 5472 2165 5526 9.
2245 5486 2281 5513 ω
2306 5475 2374 5530 lll
2402 5477 2533 5549 Reg.
2558 5496 2705 5544 mu,
2731 5481 2817 5539 58.

1559 5623 1787 5678 VARUS
1836 5627 2239 5691 LECTIONES.

342 5706 389 5737 "’
443 5705 822 5778 Apographunt
864 5708 1029 5763 habet
1063 5708 1281 5761 σαυτόν.
