  <div class='ocr_page' id='page_1' title='image "/cluster/home/n/w/nwhite01/storage/ocr_20150623/91:no.2/coo.31924054869957/585.png"; bbox 0 0 3998 6368; ppageno 0'>
   <div class='ocr_carea' id='block_1_1' title="bbox 539 333 682 404">
    <p class='ocr_par' dir='ltr' id='par_1_1' title="bbox 539 333 682 404">
     <span class='ocr_line' id='line_1_1' title="bbox 539 333 682 404; baseline 0.028 -4"><span class='ocrx_word' id='word_1_1' title='bbox 539 333 682 404; x_wconf 70' lang='lat'><strong>1123</strong></span> 
     </span>
    </p>
   </div>
   <div class='ocr_carea' id='block_1_2' title="bbox 1708 335 2648 400">
    <p class='ocr_par' dir='ltr' id='par_1_2' title="bbox 1708 335 2648 400">
     <span class='ocr_line' id='line_1_2' title="bbox 1708 335 2648 400; baseline -0.004 -1"><span class='ocrx_word' id='word_1_2' title='bbox 1708 340 1769 399; x_wconf 92' lang='lat' dir='ltr'><strong>S.</strong></span> <span class='ocrx_word' id='word_1_3' title='bbox 1810 338 2098 400; x_wconf 74' lang='lat' dir='ltr'><strong>MAXIM!</strong></span> <span class='ocrx_word' id='word_1_4' title='bbox 2137 335 2648 400; x_wconf 83' lang='lat' dir='ltr'><strong>CONFESSORIS</strong></span> 
     </span>
    </p>
   </div>
   <div class='ocr_carea' id='block_1_3' title="bbox 3660 326 3776 396">
    <p class='ocr_par' dir='ltr' id='par_1_3' title="bbox 3660 326 3776 396">
     <span class='ocr_line' id='line_1_3' title="bbox 3660 326 3776 396; baseline 0.009 -4"><span class='ocrx_word' id='word_1_5' title='bbox 3660 326 3776 396; x_wconf 69' lang='lat' dir='ltr'><strong>im</strong></span> 
     </span>
    </p>
   </div>
   <div class='ocr_carea' id='block_1_4' title="bbox 537 443 2112 530">
    <p class='ocr_par' dir='ltr' id='par_1_4' title="bbox 537 455 2110 530">
     <span class='ocr_line' id='line_1_4' title="bbox 537 455 2110 530; baseline -0.003 -18"><span class='ocrx_word' id='word_1_6' title='bbox 537 473 663 513; x_wconf 84' lang='lat' dir='ltr'><strong>nem</strong></span> <span class='ocrx_word' id='word_1_7' title='bbox 703 456 1144 513; x_wconf 78' lang='lat' dir='ltr'><strong>sacriﬁcantibus</strong></span> <span class='ocrx_word' id='word_1_8' title='bbox 1171 458 1269 514; x_wconf 86' lang='lat' dir='ltr'><strong>Dei</strong></span> <span class='ocrx_word' id='word_1_9' title='bbox 1308 457 1540 530; x_wconf 76' lang='lat' dir='ltr'><strong>gratiam</strong></span> <span class='ocrx_word' id='word_1_10' title='bbox 1571 457 1851 522; x_wconf 86' lang='lat' dir='ltr'><strong>conciliat,</strong></span> <span class='ocrx_word' id='word_1_11' title='bbox 1906 465 1963 510; x_wconf 89' lang='lat' dir='ltr'><strong>et</strong></span> <span class='ocrx_word' id='word_1_12' title='bbox 2001 455 2110 510; x_wconf 87' lang='lat' dir='ltr'><strong>im-</strong></span> 
     </span>
    </p>
   </div>
   <div class='ocr_carea' id='block_1_5' title="bbox 2213 443 3780 530">
    <p class='ocr_par' dir='ltr' id='par_1_5' title="bbox 2213 443 3780 522">
     <span class='ocr_line' id='line_1_5' title="bbox 2213 443 3780 522; baseline -0.006 -15"><span class='ocrx_word' id='word_1_13' title='bbox 2213 471 2365 517; x_wconf 89' lang='grc' dir='ltr'>ουσα,</span> <span class='ocrx_word' id='word_1_14' title='bbox 2405 452 2480 522; x_wconf 81' lang='grc' dir='ltr'>τῷ</span> <span class='ocrx_word' id='word_1_15' title='bbox 2509 453 2564 505; x_wconf 83' lang='grc' dir='ltr'>δὲ</span> <span class='ocrx_word' id='word_1_16' title='bbox 2595 453 2707 512; x_wconf 78' lang='grc' dir='ltr'>τοῖς</span> <span class='ocrx_word' id='word_1_17' title='bbox 2735 447 2925 502; x_wconf 73' lang='grc' dir='ltr'>θύουσι</span> <span class='ocrx_word' id='word_1_18' title='bbox 2955 444 3021 500; x_wconf 80' lang='grc' dir='ltr'>δι’</span> <span class='ocrx_word' id='word_1_19' title='bbox 3049 445 3394 515; x_wconf 73' lang='grc' dir='ltr'>οἰκειότητος</span> <span class='ocrx_word' id='word_1_20' title='bbox 3423 443 3521 496; x_wconf 75' lang='grc' dir='ltr'><strong>τὸν</strong></span> <span class='ocrx_word' id='word_1_21' title='bbox 3559 443 3684 497; x_wconf 70' lang='grc' dir='ltr'>Θεὸν</span> <span class='ocrx_word' id='word_1_22' title='bbox 3706 448 3780 497; x_wconf 72' lang='grc' dir='ltr'><strong>εὑ-</strong></span> 
     </span>
    </p>
   </div>
   <div class='ocr_carea' id='block_1_6' title="bbox 541 547 2113 619">
    <p class='ocr_par' dir='ltr' id='par_1_6' title="bbox 541 547 2113 619">
     <span class='ocr_line' id='line_1_6' title="bbox 541 547 2113 619; baseline 0 -17"><span class='ocrx_word' id='word_1_23' title='bbox 541 549 834 616; x_wconf 85' lang='lat' dir='ltr'><strong>probitatis</strong></span> <span class='ocrx_word' id='word_1_24' title='bbox 855 550 1115 619; x_wconf 80' lang='lat' dir='ltr'><strong>doctores</strong></span> <span class='ocrx_word' id='word_1_25' title='bbox 1142 551 1597 606; x_wconf 86' lang='lat' dir='ltr'><strong>ratiocinationes</strong></span> <span class='ocrx_word' id='word_1_26' title='bbox 1633 558 1798 618; x_wconf 88' lang='lat' dir='ltr'><strong>atque</strong></span> <span class='ocrx_word' id='word_1_27' title='bbox 1825 547 2113 618; x_wconf 65' lang='lat' dir='ltr'><strong>sapientiae</strong></span> 
     </span>
    </p>
   </div>
   <div class='ocr_carea' id='block_1_7' title="bbox 539 640 2114 711">
    <p class='ocr_par' dir='ltr' id='par_1_7' title="bbox 539 640 2114 711">
     <span class='ocr_line' id='line_1_7' title="bbox 539 640 2114 711; baseline 0.002 -21"><span class='ocrx_word' id='word_1_28' title='bbox 539 641 708 704; x_wconf 66' lang='lat' dir='ltr'><strong>falsae,</strong></span> <span class='ocrx_word' id='word_1_29' title='bbox 735 657 859 710; x_wconf 71' lang='lat' dir='ltr'><strong>qua:</strong></span> <span class='ocrx_word' id='word_1_30' title='bbox 887 641 1077 695; x_wconf 83' lang='lat' dir='ltr'><strong>verbis</strong></span> <span class='ocrx_word' id='word_1_31' title='bbox 1101 642 1235 711; x_wconf 86' lang='lat' dir='ltr'><strong>agit,</strong></span> <span class='ocrx_word' id='word_1_32' title='bbox 1276 643 1559 698; x_wconf 60' lang='lat' dir='ltr'><strong>daemones</strong></span> <span class='ocrx_word' id='word_1_33' title='bbox 1599 640 1904 695; x_wconf 80' lang='lat' dir='ltr'><strong>conﬁciens</strong></span> <span class='ocrx_word' id='word_1_34' title='bbox 1933 654 1963 692; x_wconf 92' lang='lat' dir='ltr'><strong>a</strong></span> <span class='ocrx_word' id='word_1_35' title='bbox 1989 655 2114 709; x_wconf 89' lang='lat' dir='ltr'><strong>pas-</strong></span> 
     </span>
    </p>
   </div>
   <div class='ocr_carea' id='block_1_8' title="bbox 539 732 2114 803">
    <p class='ocr_par' dir='ltr' id='par_1_8' title="bbox 539 732 2114 803">
     <span class='ocr_line' id='line_1_8' title="bbox 539 732 2114 803; baseline 0.002 -19"><span class='ocrx_word' id='word_1_36' title='bbox 539 733 758 786; x_wconf 88' lang='lat' dir='ltr'><strong>sionum</strong></span> <span class='ocrx_word' id='word_1_37' title='bbox 786 735 1057 788; x_wconf 85' lang='lat' dir='ltr'><strong>servitute</strong></span> <span class='ocrx_word' id='word_1_38' title='bbox 1092 734 1344 790; x_wconf 89' lang='lat' dir='ltr'><strong>devictos</strong></span> <span class='ocrx_word' id='word_1_39' title='bbox 1369 733 1752 803; x_wconf 87' lang='lat' dir='ltr'><strong>liberat),post</strong></span> <span class='ocrx_word' id='word_1_40' title='bbox 1777 732 1897 786; x_wconf 68' lang='lat' dir='ltr'><strong>haec</strong></span> <span class='ocrx_word' id='word_1_41' title='bbox 1927 733 2114 787; x_wconf 87' lang='lat' dir='ltr'><strong>omnia</strong></span> 
     </span>
    </p>
   </div>
   <div class='ocr_carea' id='block_1_9' title="bbox 539 821 2113 895">
    <p class='ocr_par' dir='ltr' id='par_1_9' title="bbox 539 821 2113 895">
     <span class='ocr_line' id='line_1_9' title="bbox 539 821 2113 895; baseline 0 -19"><span class='ocrx_word' id='word_1_42' title='bbox 539 839 676 878; x_wconf 88' lang='lat' dir='ltr'><strong>voce</strong></span> <span class='ocrx_word' id='word_1_43' title='bbox 705 825 828 894; x_wconf 86' lang='lat' dir='ltr'><strong>ejus</strong></span> <span class='ocrx_word' id='word_1_44' title='bbox 853 825 908 879; x_wconf 86' lang='lat' dir='ltr'><strong>in</strong></span> <span class='ocrx_word' id='word_1_45' title='bbox 943 841 1049 895; x_wconf 91' lang='lat' dir='ltr'><strong>qua</strong></span> <span class='ocrx_word' id='word_1_46' title='bbox 1083 827 1230 880; x_wconf 91' lang='lat' dir='ltr'><strong>Deus</strong></span> <span class='ocrx_word' id='word_1_47' title='bbox 1263 828 1462 890; x_wconf 89' lang='lat' dir='ltr'><strong>inerat,</strong></span> <span class='ocrx_word' id='word_1_48' title='bbox 1486 824 1607 878; x_wconf 90' lang='lat' dir='ltr'><strong>miti</strong></span> <span class='ocrx_word' id='word_1_49' title='bbox 1634 838 1794 888; x_wconf 87' lang='lat' dir='ltr'><strong>aura,</strong></span> <span class='ocrx_word' id='word_1_50' title='bbox 1828 822 2018 877; x_wconf 90' lang='lat' dir='ltr'><strong>audita</strong></span> <span class='ocrx_word' id='word_1_51' title='bbox 2043 821 2113 876; x_wconf 90' lang='lat' dir='ltr'><strong>de</strong></span> 
     </span>
    </p>
   </div>
   <div class='ocr_carea' id='block_1_10' title="bbox 541 915 2114 989">
    <p class='ocr_par' dir='ltr' id='par_1_10' title="bbox 541 915 2114 989">
     <span class='ocr_line' id='line_1_10' title="bbox 541 915 2114 989; baseline -0.001 -20"><span class='ocrx_word' id='word_1_52' title='bbox 541 925 686 970; x_wconf 84' lang='lat' dir='ltr'><strong>statu</strong></span> <span class='ocrx_word' id='word_1_53' title='bbox 722 925 834 971; x_wconf 87' lang='lat' dir='ltr'><strong>tam</strong></span> <span class='ocrx_word' id='word_1_54' title='bbox 869 919 922 972; x_wconf 93' lang='lat' dir='ltr'><strong>in</strong></span> <span class='ocrx_word' id='word_1_55' title='bbox 948 934 1205 974; x_wconf 89' lang='lat' dir='ltr'><strong>sermone</strong></span> <span class='ocrx_word' id='word_1_56' title='bbox 1239 917 1568 989; x_wconf 80' lang='lat' dir='ltr'><strong>proferendo</strong></span> <span class='ocrx_word' id='word_1_57' title='bbox 1586 931 1751 985; x_wconf 90' lang='lat' dir='ltr'><strong>quam</strong></span> <span class='ocrx_word' id='word_1_58' title='bbox 1780 915 1906 970; x_wconf 68' lang='lat' dir='ltr'><strong>vita:</strong></span> <span class='ocrx_word' id='word_1_59' title='bbox 1931 915 2114 969; x_wconf 84' lang='lat' dir='ltr'><strong>modis</strong></span> 
     </span>
    </p>
   </div>
   <div class='ocr_carea' id='block_1_11' title="bbox 541 1005 2111 1080">
    <p class='ocr_par' dir='ltr' id='par_1_11' title="bbox 541 1005 2111 1080">
     <span class='ocr_line' id='line_1_11' title="bbox 541 1005 2111 1080; baseline -0.002 -18"><span class='ocrx_word' id='word_1_60' title='bbox 541 1025 607 1063; x_wconf 88' lang='lat' dir='ltr'><strong>ac</strong></span> <span class='ocrx_word' id='word_1_61' title='bbox 640 1009 891 1064; x_wconf 88' lang='lat' dir='ltr'><strong>moribus</strong></span> <span class='ocrx_word' id='word_1_62' title='bbox 919 1011 1109 1065; x_wconf 90' lang='lat' dir='ltr'><strong>divino</strong></span> <span class='ocrx_word' id='word_1_63' title='bbox 1141 1020 1198 1066; x_wconf 91' lang='lat' dir='ltr'><strong>et</strong></span> <span class='ocrx_word' id='word_1_64' title='bbox 1231 1020 1425 1080; x_wconf 89' lang='lat' dir='ltr'><strong>pacato</strong></span> <span class='ocrx_word' id='word_1_65' title='bbox 1473 1017 1531 1063; x_wconf 87' lang='lat' dir='ltr'><strong>et</strong></span> <span class='ocrx_word' id='word_1_66' title='bbox 1561 1009 1722 1078; x_wconf 89' lang='lat' dir='ltr'><strong>plane</strong></span> <span class='ocrx_word' id='word_1_67' title='bbox 1755 1005 2111 1061; x_wconf 85' lang='lat' dir='ltr'><strong>immateriali</strong></span> 
     </span>
    </p>
   </div>
   <div class='ocr_carea' id='block_1_12' title="bbox 543 1099 2109 1171">
    <p class='ocr_par' dir='ltr' id='par_1_12' title="bbox 543 1099 2109 1171">
     <span class='ocr_line' id='line_1_12' title="bbox 543 1099 2109 1171; baseline -0.001 -18"><span class='ocrx_word' id='word_1_68' title='bbox 543 1115 606 1153; x_wconf 91' lang='lat' dir='ltr'><strong>ac</strong></span> <span class='ocrx_word' id='word_1_69' title='bbox 643 1100 894 1170; x_wconf 79' lang='lat' dir='ltr'><strong>simplice</strong></span> <span class='ocrx_word' id='word_1_70' title='bbox 940 1101 1233 1171; x_wconf 90' lang='lat' dir='ltr'><strong>omnisque</strong></span> <span class='ocrx_word' id='word_1_71' title='bbox 1259 1102 1453 1155; x_wconf 80' lang='lat' dir='ltr'><strong>formae</strong></span> <span class='ocrx_word' id='word_1_72' title='bbox 1495 1115 1560 1154; x_wconf 86' lang='lat' dir='ltr'><strong>ac</strong></span> <span class='ocrx_word' id='word_1_73' title='bbox 1610 1099 1813 1168; x_wconf 90' lang='lat' dir='ltr'><strong>speciei</strong></span> <span class='ocrx_word' id='word_1_74' title='bbox 1858 1106 2109 1167; x_wconf 81' lang='lat' dir='ltr'><strong>experte,</strong></span> 
     </span>
    </p>
   </div>
   <div class='ocr_carea' id='block_1_13' title="bbox 540 1187 2110 1260">
    <p class='ocr_par' dir='ltr' id='par_1_13' title="bbox 540 1187 2110 1260">
     <span class='ocr_line' id='line_1_13' title="bbox 540 1187 2110 1260; baseline -0.003 -16"><span class='ocrx_word' id='word_1_75' title='bbox 540 1191 637 1258; x_wconf 86' lang='lat' dir='ltr'><strong>qui</strong></span> <span class='ocrx_word' id='word_1_76' title='bbox 665 1191 772 1245; x_wconf 87' lang='lat' dir='ltr'><strong>dici</strong></span> <span class='ocrx_word' id='word_1_77' title='bbox 796 1199 890 1246; x_wconf 87' lang='lat' dir='ltr'><strong>aut</strong></span> <span class='ocrx_word' id='word_1_78' title='bbox 911 1191 1277 1246; x_wconf 88' lang='lat' dir='ltr'><strong>demonstrari</strong></span> <span class='ocrx_word' id='word_1_79' title='bbox 1303 1191 1516 1259; x_wconf 90' lang='lat' dir='ltr'><strong>nequit,</strong></span> <span class='ocrx_word' id='word_1_80' title='bbox 1535 1189 1761 1260; x_wconf 85' lang='lat' dir='ltr'><strong>mystice</strong></span> <span class='ocrx_word' id='word_1_81' title='bbox 1787 1187 2110 1241; x_wconf 88' lang='lat' dir='ltr'><strong>docebatur.</strong></span> 
     </span>
    </p>
   </div>
   <div class='ocr_carea' id='block_1_14' title="bbox 539 1279 2112 1353">
    <p class='ocr_par' dir='ltr' id='par_1_14' title="bbox 539 1279 2112 1353">
     <span class='ocr_line' id='line_1_14' title="bbox 539 1279 2112 1353; baseline -0.001 -19"><span class='ocrx_word' id='word_1_82' title='bbox 539 1283 712 1353; x_wconf 75' lang='lat' dir='ltr'><strong>Cujus</strong></span> <span class='ocrx_word' id='word_1_83' title='bbox 763 1284 992 1353; x_wconf 76' lang='lat' dir='ltr'><strong>gloriam</strong></span> <span class='ocrx_word' id='word_1_84' title='bbox 1031 1284 1338 1337; x_wconf 90' lang='lat' dir='ltr'><strong>admiratus</strong></span> <span class='ocrx_word' id='word_1_85' title='bbox 1382 1281 1548 1336; x_wconf 87' lang='lat' dir='ltr'><strong>simul</strong></span> <span class='ocrx_word' id='word_1_86' title='bbox 1600 1290 1655 1334; x_wconf 91' lang='lat' dir='ltr'><strong>et</strong></span> <span class='ocrx_word' id='word_1_87' title='bbox 1697 1279 2112 1349; x_wconf 90' lang='lat' dir='ltr'><strong>pulchritudine</strong></span> 
     </span>
    </p>
   </div>
   <div class='ocr_carea' id='block_1_15' title="bbox 543 1368 2112 1441">
    <p class='ocr_par' dir='ltr' id='par_1_15' title="bbox 543 1368 2112 1441">
     <span class='ocr_line' id='line_1_15' title="bbox 543 1368 2112 1441; baseline -0.001 -19"><span class='ocrx_word' id='word_1_88' title='bbox 543 1369 828 1435; x_wconf 88' lang='lat' dir='ltr'><strong>percitus,</strong></span> <span class='ocrx_word' id='word_1_89' title='bbox 881 1372 1055 1441; x_wconf 88' lang='lat' dir='ltr'><strong>magis</strong></span> <span class='ocrx_word' id='word_1_90' title='bbox 1102 1370 1334 1440; x_wconf 91' lang='lat' dir='ltr'><strong>cupiens</strong></span> <span class='ocrx_word' id='word_1_91' title='bbox 1380 1385 1488 1424; x_wconf 90' lang='lat' dir='ltr'><strong>una</strong></span> <span class='ocrx_word' id='word_1_92' title='bbox 1531 1383 1653 1424; x_wconf 89' lang='lat' dir='ltr'><strong>esse</strong></span> <span class='ocrx_word' id='word_1_93' title='bbox 1703 1383 1866 1438; x_wconf 90' lang='lat' dir='ltr'><strong>quam</strong></span> <span class='ocrx_word' id='word_1_94' title='bbox 1909 1368 2112 1422; x_wconf 89' lang='lat' dir='ltr'><strong>sectari</strong></span> 
     </span>
    </p>
   </div>
   <div class='ocr_carea' id='block_1_16' title="bbox 541 1459 2112 1529">
    <p class='ocr_par' dir='ltr' id='par_1_16' title="bbox 541 1459 2112 1529">
     <span class='ocr_line' id='line_1_16' title="bbox 541 1459 2112 1529; baseline 0.002 -20"><span class='ocrx_word' id='word_1_95' title='bbox 541 1474 684 1524; x_wconf 70' lang='lat' dir='ltr'><strong>eam,</strong></span> <span class='ocrx_word' id='word_1_96' title='bbox 725 1459 831 1514; x_wconf 87' lang='lat' dir='ltr'><strong>hoc</strong></span> <span class='ocrx_word' id='word_1_97' title='bbox 856 1471 942 1516; x_wconf 89' lang='lat' dir='ltr'><strong>est</strong></span> <span class='ocrx_word' id='word_1_98' title='bbox 973 1477 1099 1515; x_wconf 92' lang='lat' dir='ltr'><strong>cum</strong></span> <span class='ocrx_word' id='word_1_99' title='bbox 1123 1461 1358 1516; x_wconf 85' lang='lat' dir='ltr'><strong>veritate</strong></span> <span class='ocrx_word' id='word_1_100' title='bbox 1387 1475 1508 1515; x_wconf 90' lang='lat' dir='ltr'><strong>esse</strong></span> <span class='ocrx_word' id='word_1_101' title='bbox 1547 1459 1775 1514; x_wconf 92' lang='lat' dir='ltr'><strong>omnino</strong></span> <span class='ocrx_word' id='word_1_102' title='bbox 1806 1475 1970 1528; x_wconf 89' lang='lat' dir='ltr'><strong>quam</strong></span> <span class='ocrx_word' id='word_1_103' title='bbox 2008 1473 2112 1529; x_wconf 93' lang='lat' dir='ltr'><strong>pro</strong></span> 
     </span>
    </p>
   </div>
   <div class='ocr_carea' id='block_1_17' title="bbox 539 1551 2108 1622">
    <p class='ocr_par' dir='ltr' id='par_1_17' title="bbox 539 1551 2108 1622">
     <span class='ocr_line' id='line_1_17' title="bbox 539 1551 2108 1622; baseline 0.001 -20"><span class='ocrx_word' id='word_1_104' title='bbox 539 1566 606 1604; x_wconf 72' lang='lat' dir='ltr'><strong>ea</strong></span> <span class='ocrx_word' id='word_1_105' title='bbox 637 1567 900 1621; x_wconf 85' lang='lat' dir='ltr'><strong>pugnare,</strong></span> <span class='ocrx_word' id='word_1_106' title='bbox 923 1553 1174 1622; x_wconf 88' lang='lat' dir='ltr'><strong>nihilque</strong></span> <span class='ocrx_word' id='word_1_107' title='bbox 1207 1552 1400 1607; x_wconf 84' lang='lat' dir='ltr'><strong>videre</strong></span> <span class='ocrx_word' id='word_1_108' title='bbox 1428 1561 1525 1606; x_wconf 90' lang='lat' dir='ltr'><strong>aut</strong></span> <span class='ocrx_word' id='word_1_109' title='bbox 1546 1567 1706 1606; x_wconf 87' lang='lat' dir='ltr'><strong>nosse</strong></span> <span class='ocrx_word' id='word_1_110' title='bbox 1726 1551 1874 1621; x_wconf 85' lang='lat' dir='ltr'><strong>quod</strong></span> <span class='ocrx_word' id='word_1_111' title='bbox 1905 1551 2108 1617; x_wconf 90' lang='lat' dir='ltr'><strong>obstet,</strong></span> 
     </span>
    </p>
   </div>
   <div class='ocr_carea' id='block_1_18' title="bbox 545 1643 2111 1713">
    <p class='ocr_par' dir='ltr' id='par_1_18' title="bbox 545 1643 2111 1713">
     <span class='ocr_line' id='line_1_18' title="bbox 545 1643 2111 1713; baseline 0.001 -19"><span class='ocrx_word' id='word_1_112' title='bbox 545 1658 610 1696; x_wconf 90' lang='lat' dir='ltr'><strong>ne</strong></span> <span class='ocrx_word' id='word_1_113' title='bbox 642 1643 815 1696; x_wconf 91' lang='lat' dir='ltr'><strong>Deum</strong></span> <span class='ocrx_word' id='word_1_114' title='bbox 852 1653 1025 1697; x_wconf 86' lang='lat' dir='ltr'><strong>totum</strong></span> <span class='ocrx_word' id='word_1_115' title='bbox 1072 1644 1128 1698; x_wconf 89' lang='lat' dir='ltr'><strong>in</strong></span> <span class='ocrx_word' id='word_1_116' title='bbox 1167 1643 1449 1698; x_wconf 82' lang='lat' dir='ltr'><strong>universis</strong></span> <span class='ocrx_word' id='word_1_117' title='bbox 1497 1644 1659 1713; x_wconf 89' lang='lat' dir='ltr'><strong>plene</strong></span> <span class='ocrx_word' id='word_1_118' title='bbox 1709 1645 1882 1707; x_wconf 91' lang='lat' dir='ltr'><strong>norit,</strong></span> <span class='ocrx_word' id='word_1_119' title='bbox 1933 1643 2111 1697; x_wconf 89' lang='lat' dir='ltr'><strong>multo</strong></span> 
     </span>
    </p>
   </div>
   <div class='ocr_carea' id='block_1_19' title="bbox 543 1731 2106 1803">
    <p class='ocr_par' dir='ltr' id='par_1_19' title="bbox 543 1731 2106 1803">
     <span class='ocr_line' id='line_1_19' title="bbox 543 1731 2106 1803; baseline 0.004 -21"><span class='ocrx_word' id='word_1_120' title='bbox 543 1731 844 1798; x_wconf 87' lang='lat' dir='ltr'><strong>pretiosius</strong></span> <span class='ocrx_word' id='word_1_121' title='bbox 893 1733 1195 1798; x_wconf 69' lang='lat' dir='ltr'><strong>mstimans,</strong></span> <span class='ocrx_word' id='word_1_122' title='bbox 1249 1735 1302 1787; x_wconf 92' lang='lat' dir='ltr'><strong>in</strong></span> <span class='ocrx_word' id='word_1_123' title='bbox 1347 1749 1514 1788; x_wconf 90' lang='lat' dir='ltr'><strong>carne</strong></span> <span class='ocrx_word' id='word_1_124' title='bbox 1561 1749 1685 1788; x_wconf 88' lang='lat' dir='ltr'><strong>esse</strong></span> <span class='ocrx_word' id='word_1_125' title='bbox 1734 1742 2106 1803; x_wconf 62' lang='lat' dir='ltr'><strong>perseverat,</strong></span> 
     </span>
    </p>
   </div>
   <div class='ocr_carea' id='block_1_20' title="bbox 543 1802 2181 1890">
    <p class='ocr_par' dir='ltr' id='par_1_20' title="bbox 543 1802 2181 1890">
     <span class='ocr_line' id='line_1_20' title="bbox 543 1802 2181 1890; baseline 0.004 -18"><span class='ocrx_word' id='word_1_126' title='bbox 543 1829 836 1890; x_wconf 88' lang='lat' dir='ltr'><strong>postquam</strong></span> <span class='ocrx_word' id='word_1_127' title='bbox 869 1823 1059 1877; x_wconf 91' lang='lat' dir='ltr'><strong>divino</strong></span> <span class='ocrx_word' id='word_1_128' title='bbox 1081 1825 1354 1878; x_wconf 89' lang='lat' dir='ltr'><strong>virtutum</strong></span> <span class='ocrx_word' id='word_1_129' title='bbox 1387 1839 1557 1878; x_wconf 92' lang='lat' dir='ltr'><strong>cursu</strong></span> <span class='ocrx_word' id='word_1_130' title='bbox 1598 1826 1886 1879; x_wconf 85' lang='lat' dir='ltr'><strong>materiam</strong></span> <span class='ocrx_word' id='word_1_131' title='bbox 1921 1841 2111 1879; x_wconf 89' lang='lat' dir='ltr'><strong>emen-</strong></span> <span class='ocrx_word' id='word_1_132' title='bbox 2144 1802 2181 1859; x_wconf 71' lang='grc' dir='ltr'><strong><em>Β</em></strong></span> 
     </span>
    </p>
   </div>
   <div class='ocr_carea' id='block_1_21' title="bbox 542 1916 2112 1986">
    <p class='ocr_par' dir='ltr' id='par_1_21' title="bbox 542 1916 2112 1986">
     <span class='ocr_line' id='line_1_21' title="bbox 542 1916 2112 1986; baseline 0.004 -22"><span class='ocrx_word' id='word_1_133' title='bbox 542 1928 637 1966; x_wconf 86' lang='lat' dir='ltr'><strong>sus</strong></span> <span class='ocrx_word' id='word_1_134' title='bbox 660 1923 765 1975; x_wconf 78' lang='lat' dir='ltr'><strong>est,</strong></span> <span class='ocrx_word' id='word_1_135' title='bbox 785 1930 908 1983; x_wconf 71' lang='lat' dir='ltr'><strong>qua:</strong></span> <span class='ocrx_word' id='word_1_136' title='bbox 937 1924 1193 1984; x_wconf 84' lang='lat' dir='ltr'><strong>tanquam</strong></span> <span class='ocrx_word' id='word_1_137' title='bbox 1229 1916 1720 1984; x_wconf 67' lang='lat' dir='ltr'><strong>praepedimentum</strong></span> <span class='ocrx_word' id='word_1_138' title='bbox 1759 1926 1844 1970; x_wconf 92' lang='lat' dir='ltr'><strong>est</strong></span> <span class='ocrx_word' id='word_1_139' title='bbox 1866 1916 2112 1986; x_wconf 81' lang='lat' dir='ltr'><strong>expediti</strong></span> 
     </span>
    </p>
   </div>
   <div class='ocr_carea' id='block_1_22' title="bbox 544 2001 2112 2074">
    <p class='ocr_par' dir='ltr' id='par_1_22' title="bbox 544 2001 2112 2074">
     <span class='ocr_line' id='line_1_22' title="bbox 544 2001 2112 2074; baseline 0.006 -20"><span class='ocrx_word' id='word_1_140' title='bbox 544 2001 856 2058; x_wconf 86' lang='lat' dir='ltr'><strong>intellectus</strong></span> <span class='ocrx_word' id='word_1_141' title='bbox 910 2005 979 2058; x_wconf 90' lang='lat' dir='ltr'><strong>ad</strong></span> <span class='ocrx_word' id='word_1_142' title='bbox 1024 2005 1395 2074; x_wconf 84' lang='lat' dir='ltr'><strong>intelligibilia</strong></span> <span class='ocrx_word' id='word_1_143' title='bbox 1441 2007 1739 2072; x_wconf 89' lang='lat' dir='ltr'><strong>transitus,</strong></span> <span class='ocrx_word' id='word_1_144' title='bbox 1789 2021 1854 2061; x_wconf 90' lang='lat' dir='ltr'><strong>ac</strong></span> <span class='ocrx_word' id='word_1_145' title='bbox 1906 2008 2112 2063; x_wconf 89' lang='lat' dir='ltr'><strong>nubem</strong></span> 
     </span>
    </p>
   </div>
   <div class='ocr_carea' id='block_1_23' title="bbox 543 2094 2109 2168">
    <p class='ocr_par' dir='ltr' id='par_1_23' title="bbox 543 2094 2109 2168">
     <span class='ocr_line' id='line_1_23' title="bbox 543 2094 2109 2168; baseline 0.005 -22"><span class='ocrx_word' id='word_1_146' title='bbox 543 2094 739 2148; x_wconf 76' lang='lat' dir='ltr'><strong>anima:</strong></span> <span class='ocrx_word' id='word_1_147' title='bbox 773 2095 1079 2164; x_wconf 88' lang='lat' dir='ltr'><strong>principale</strong></span> <span class='ocrx_word' id='word_1_148' title='bbox 1103 2096 1171 2150; x_wconf 92' lang='lat' dir='ltr'><strong>de</strong></span> <span class='ocrx_word' id='word_1_149' title='bbox 1212 2097 1604 2152; x_wconf 72' lang='lat' dir='ltr'><strong>aliectionibus</strong></span> <span class='ocrx_word' id='word_1_150' title='bbox 1641 2099 1756 2153; x_wconf 91' lang='lat' dir='ltr'><strong>suis</strong></span> <span class='ocrx_word' id='word_1_151' title='bbox 1781 2099 2109 2168; x_wconf 90' lang='lat' dir='ltr'><strong>obscurans,</strong></span> 
     </span>
    </p>
   </div>
   <div class='ocr_carea' id='block_1_24' title="bbox 547 2186 2113 2257">
    <p class='ocr_par' dir='ltr' id='par_1_24' title="bbox 547 2186 2113 2257">
     <span class='ocr_line' id='line_1_24' title="bbox 547 2186 2113 2257; baseline 0.004 -20"><span class='ocrx_word' id='word_1_152' title='bbox 547 2194 683 2238; x_wconf 81' lang='lat' dir='ltr'><strong>utet</strong></span> <span class='ocrx_word' id='word_1_153' title='bbox 712 2186 828 2255; x_wconf 90' lang='lat' dir='ltr'><strong>ipse</strong></span> <span class='ocrx_word' id='word_1_154' title='bbox 859 2202 1050 2241; x_wconf 88' lang='lat' dir='ltr'><strong>eorum</strong></span> <span class='ocrx_word' id='word_1_155' title='bbox 1083 2203 1205 2257; x_wconf 72' lang='lat' dir='ltr'><strong>qua:</strong></span> <span class='ocrx_word' id='word_1_156' title='bbox 1222 2187 1634 2243; x_wconf 89' lang='lat' dir='ltr'><strong>desideraverat</strong></span> <span class='ocrx_word' id='word_1_157' title='bbox 1662 2189 1937 2244; x_wconf 84' lang='lat' dir='ltr'><strong>bonorum</strong></span> <span class='ocrx_word' id='word_1_158' title='bbox 1960 2205 2113 2244; x_wconf 86' lang='lat' dir='ltr'><strong>sum--</strong></span> 
     </span>
    </p>
   </div>
   <div class='ocr_carea' id='block_1_25' title="bbox 543 2277 2110 2350">
    <p class='ocr_par' dir='ltr' id='par_1_25' title="bbox 543 2277 2110 2350">
     <span class='ocr_line' id='line_1_25' title="bbox 543 2277 2110 2350; baseline 0.006 -22"><span class='ocrx_word' id='word_1_159' title='bbox 543 2291 758 2330; x_wconf 89' lang='lat' dir='ltr'><strong>morum</strong></span> <span class='ocrx_word' id='word_1_160' title='bbox 783 2293 1009 2348; x_wconf 91' lang='lat' dir='ltr'><strong>compos</strong></span> <span class='ocrx_word' id='word_1_161' title='bbox 1053 2277 1231 2344; x_wconf 86' lang='lat' dir='ltr'><strong>ﬁeret,</strong></span> <span class='ocrx_word' id='word_1_162' title='bbox 1270 2280 1326 2333; x_wconf 93' lang='lat' dir='ltr'><strong>in</strong></span> <span class='ocrx_word' id='word_1_163' title='bbox 1376 2289 1642 2349; x_wconf 87' lang='lat' dir='ltr'><strong>quantum</strong></span> <span class='ocrx_word' id='word_1_164' title='bbox 1682 2280 1778 2350; x_wconf 90' lang='lat' dir='ltr'><strong>qui</strong></span> <span class='ocrx_word' id='word_1_165' title='bbox 1825 2281 2009 2337; x_wconf 87' lang='lat' dir='ltr'><strong>adhuc</strong></span> <span class='ocrx_word' id='word_1_166' title='bbox 2053 2283 2110 2337; x_wconf 89' lang='lat' dir='ltr'><strong>in</strong></span> 
     </span>
    </p>
   </div>
   <div class='ocr_carea' id='block_1_26' title="bbox 543 2369 2114 2441">
    <p class='ocr_par' dir='ltr' id='par_1_26' title="bbox 543 2369 2114 2441">
     <span class='ocr_line' id='line_1_26' title="bbox 543 2369 2114 2441; baseline 0.007 -24"><span class='ocrx_word' id='word_1_167' title='bbox 543 2382 707 2420; x_wconf 73' lang='lat' dir='ltr'><strong>carne</strong></span> <span class='ocrx_word' id='word_1_168' title='bbox 753 2369 1102 2438; x_wconf 86' lang='lat' dir='ltr'><strong>corruptibili</strong></span> <span class='ocrx_word' id='word_1_169' title='bbox 1141 2379 1395 2424; x_wconf 87' lang='lat' dir='ltr'><strong>versatur</strong></span> <span class='ocrx_word' id='word_1_170' title='bbox 1438 2369 1493 2424; x_wconf 91' lang='lat' dir='ltr'><strong>id</strong></span> <span class='ocrx_word' id='word_1_171' title='bbox 1547 2372 1768 2440; x_wconf 87' lang='lat' dir='ltr'><strong>assequi</strong></span> <span class='ocrx_word' id='word_1_172' title='bbox 1819 2381 2023 2441; x_wconf 89' lang='lat' dir='ltr'><strong>potest,</strong></span> <span class='ocrx_word' id='word_1_173' title='bbox 2055 2383 2114 2428; x_wconf 87' lang='lat' dir='ltr'><strong>et</strong></span> 
     </span>
    </p>
   </div>
   <div class='ocr_carea' id='block_1_27' title="bbox 543 2458 2112 2531">
    <p class='ocr_par' dir='ltr' id='par_1_27' title="bbox 543 2458 2112 2531">
     <span class='ocr_line' id='line_1_27' title="bbox 543 2458 2112 2531; baseline 0.006 -21"><span class='ocrx_word' id='word_1_174' title='bbox 543 2458 725 2520; x_wconf 88' lang='lat' dir='ltr'><strong>nobis,</strong></span> <span class='ocrx_word' id='word_1_175' title='bbox 761 2459 818 2512; x_wconf 92' lang='lat' dir='ltr'><strong>ni</strong></span> <span class='ocrx_word' id='word_1_176' title='bbox 851 2459 1031 2524; x_wconf 81' lang='lat' dir='ltr'><strong>fallor,</strong></span> <span class='ocrx_word' id='word_1_177' title='bbox 1089 2476 1281 2515; x_wconf 89' lang='lat' dir='ltr'><strong>eorum</strong></span> <span class='ocrx_word' id='word_1_178' title='bbox 1315 2477 1436 2530; x_wconf 70' lang='lat' dir='ltr'><strong>qua:</strong></span> <span class='ocrx_word' id='word_1_179' title='bbox 1469 2461 1766 2531; x_wconf 70' lang='lat' dir='ltr'><strong>praedicata</strong></span> <span class='ocrx_word' id='word_1_180' title='bbox 1814 2473 1942 2518; x_wconf 91' lang='lat' dir='ltr'><strong>sunt</strong></span> <span class='ocrx_word' id='word_1_181' title='bbox 1974 2463 2112 2520; x_wconf 84' lang='lat' dir='ltr'><strong>ﬁdes</strong></span> 
     </span>
    </p>
   </div>
   <div class='ocr_carea' id='block_1_28' title="bbox 541 2547 2114 2622">
    <p class='ocr_par' dir='ltr' id='par_1_28' title="bbox 541 2547 2114 2622">
     <span class='ocr_line' id='line_1_28' title="bbox 541 2547 2114 2622; baseline 0.007 -25"><span class='ocrx_word' id='word_1_182' title='bbox 541 2547 1020 2604; x_wconf 89' lang='lat' dir='ltr'><strong>corroboraretur.</strong></span> <span class='ocrx_word' id='word_1_183' title='bbox 1069 2549 1184 2604; x_wconf 80' lang='lat' dir='ltr'><strong>Hoc</strong></span> <span class='ocrx_word' id='word_1_184' title='bbox 1201 2550 1349 2605; x_wconf 91' lang='lat' dir='ltr'><strong>enim</strong></span> <span class='ocrx_word' id='word_1_185' title='bbox 1386 2550 1554 2605; x_wconf 91' lang='lat' dir='ltr'><strong>etiam</strong></span> <span class='ocrx_word' id='word_1_186' title='bbox 1598 2552 1742 2605; x_wconf 88' lang='lat' dir='ltr'><strong>Deus</strong></span> <span class='ocrx_word' id='word_1_187' title='bbox 1779 2551 1829 2606; x_wconf 94' lang='lat' dir='ltr'><strong>ci</strong></span> <span class='ocrx_word' id='word_1_188' title='bbox 1863 2549 2114 2622; x_wconf 85' lang='lat' dir='ltr'><strong>impertit</strong></span> 
     </span>
    </p>
   </div>
   <div class='ocr_carea' id='block_1_29' title="bbox 540 2639 2110 2714">
    <p class='ocr_par' dir='ltr' id='par_1_29' title="bbox 540 2639 2110 2714">
     <span class='ocr_line' id='line_1_29' title="bbox 540 2639 2110 2714; baseline 0.006 -24"><span class='ocrx_word' id='word_1_189' title='bbox 540 2653 641 2706; x_wconf 87' lang='lat' dir='ltr'><strong>per</strong></span> <span class='ocrx_word' id='word_1_190' title='bbox 658 2654 822 2694; x_wconf 90' lang='lat' dir='ltr'><strong>voces</strong></span> <span class='ocrx_word' id='word_1_191' title='bbox 846 2639 984 2695; x_wconf 91' lang='lat' dir='ltr'><strong>adeo</strong></span> <span class='ocrx_word' id='word_1_192' title='bbox 1007 2641 1237 2711; x_wconf 85' lang='lat' dir='ltr'><strong>mystice</strong></span> <span class='ocrx_word' id='word_1_193' title='bbox 1263 2649 1318 2696; x_wconf 91' lang='lat' dir='ltr'><strong>et</strong></span> <span class='ocrx_word' id='word_1_194' title='bbox 1343 2641 1704 2697; x_wconf 81' lang='lat' dir='ltr'><strong>ineﬂ‘abiliter</strong></span> <span class='ocrx_word' id='word_1_195' title='bbox 1727 2643 1929 2711; x_wconf 85' lang='lat' dir='ltr'><strong>editas,</strong></span> <span class='ocrx_word' id='word_1_196' title='bbox 1959 2643 2110 2714; x_wconf 92' lang='lat' dir='ltr'><strong>quod</strong></span> 
     </span>
    </p>
   </div>
   <div class='ocr_carea' id='block_1_30' title="bbox 542 2731 2114 2803">
    <p class='ocr_par' dir='ltr' id='par_1_30' title="bbox 542 2731 2114 2803">
     <span class='ocr_line' id='line_1_30' title="bbox 542 2731 2114 2803; baseline 0.009 -24"><span class='ocrx_word' id='word_1_197' title='bbox 542 2742 652 2781; x_wconf 89' lang='lat' dir='ltr'><strong>una</strong></span> <span class='ocrx_word' id='word_1_198' title='bbox 679 2744 802 2784; x_wconf 91' lang='lat' dir='ltr'><strong>esse</strong></span> <span class='ocrx_word' id='word_1_199' title='bbox 821 2745 948 2785; x_wconf 92' lang='lat' dir='ltr'><strong>cum</strong></span> <span class='ocrx_word' id='word_1_200' title='bbox 973 2731 1084 2786; x_wconf 91' lang='lat' dir='ltr'><strong>Deo</strong></span> <span class='ocrx_word' id='word_1_201' title='bbox 1107 2732 1162 2785; x_wconf 90' lang='lat' dir='ltr'><strong>in</strong></span> <span class='ocrx_word' id='word_1_202' title='bbox 1185 2747 1322 2802; x_wconf 89' lang='lat' dir='ltr'><strong>pace</strong></span> <span class='ocrx_word' id='word_1_203' title='bbox 1349 2734 1548 2803; x_wconf 87' lang='lat' dir='ltr'><strong>quovis</strong></span> <span class='ocrx_word' id='word_1_204' title='bbox 1595 2733 1705 2789; x_wconf 90' lang='lat' dir='ltr'><strong>alio</strong></span> <span class='ocrx_word' id='word_1_205' title='bbox 1745 2733 1894 2790; x_wconf 88' lang='lat' dir='ltr'><strong>bono</strong></span> <span class='ocrx_word' id='word_1_206' title='bbox 1921 2735 2114 2793; x_wconf 78' lang='lat' dir='ltr'><strong>utilius</strong></span> 
     </span>
    </p>
   </div>
   <div class='ocr_carea' id='block_1_31' title="bbox 649 3175 2012 3254">
    <p class='ocr_par' dir='ltr' id='par_1_31' title="bbox 649 3175 2012 3254">
     <span class='ocr_line' id='line_1_31' title="bbox 649 3175 2012 3254; baseline 0.005 -21"><span class='ocrx_word' id='word_1_207' title='bbox 649 3175 1037 3248; x_wconf 75' lang='lat' dir='ltr'><strong>Contemplatio</strong></span> <span class='ocrx_word' id='word_1_208' title='bbox 1073 3180 1130 3232; x_wconf 82' lang='lat' dir='ltr'><strong>in</strong></span> <span class='ocrx_word' id='word_1_209' title='bbox 1162 3178 1418 3233; x_wconf 72' lang='lat' dir='ltr'><strong>Elisazum</strong></span> <span class='ocrx_word' id='word_1_210' title='bbox 1443 3181 1554 3252; x_wconf 80' lang='lat' dir='ltr'><strong>ejus</strong></span> <span class='ocrx_word' id='word_1_211' title='bbox 1601 3182 1914 3254; x_wconf 77' lang='lat' dir='ltr'><strong>discipulum</strong></span> <span class='ocrx_word' id='word_1_212' title='bbox 1961 3197 2012 3241; x_wconf 74' lang='grc' dir='ltr'><strong>ιι.</strong></span> 
     </span>
    </p>
   </div>
   <div class='ocr_carea' id='block_1_32' title="bbox 613 3291 2106 3370">
    <p class='ocr_par' dir='ltr' id='par_1_32' title="bbox 613 3291 2106 3370">
     <span class='ocr_line' id='line_1_32' title="bbox 613 3291 2106 3370; baseline 0.009 -23"><span class='ocrx_word' id='word_1_213' title='bbox 613 3291 707 3348; x_wconf 89' lang='lat' dir='ltr'><strong>Sic</strong></span> <span class='ocrx_word' id='word_1_214' title='bbox 729 3293 895 3366; x_wconf 90' lang='lat' dir='ltr'><strong>hujus</strong></span> <span class='ocrx_word' id='word_1_215' title='bbox 933 3294 1242 3366; x_wconf 88' lang='lat' dir='ltr'><strong>discipulus</strong></span> <span class='ocrx_word' id='word_1_216' title='bbox 1279 3307 1336 3351; x_wconf 90' lang='lat' dir='ltr'><strong>et</strong></span> <span class='ocrx_word' id='word_1_217' title='bbox 1374 3297 1602 3368; x_wconf 78' lang='lat' dir='ltr'><strong>Spiritus</strong></span> <span class='ocrx_word' id='word_1_218' title='bbox 1645 3299 1824 3357; x_wconf 63' lang='lat' dir='ltr'><strong>haeres</strong></span> <span class='ocrx_word' id='word_1_219' title='bbox 1855 3302 2106 3370; x_wconf 65' lang='lat' dir='ltr'><strong>Elisazus,</strong></span> 
     </span>
    </p>
   </div>
   <div class='ocr_carea' id='block_1_33' title="bbox 541 3380 2109 3463">
    <p class='ocr_par' dir='ltr' id='par_1_33' title="bbox 541 3380 2109 3463">
     <span class='ocr_line' id='line_1_33' title="bbox 541 3380 2109 3463; baseline 0.008 -25"><span class='ocrx_word' id='word_1_220' title='bbox 541 3397 710 3438; x_wconf 83' lang='lat' dir='ltr'><strong>sensu</strong></span> <span class='ocrx_word' id='word_1_221' title='bbox 753 3401 867 3439; x_wconf 89' lang='lat' dir='ltr'><strong>non</strong></span> <span class='ocrx_word' id='word_1_222' title='bbox 908 3385 1019 3456; x_wconf 90' lang='lat' dir='ltr'><strong>jam</strong></span> <span class='ocrx_word' id='word_1_223' title='bbox 1067 3387 1446 3443; x_wconf 82' lang='lat' dir='ltr'><strong>materialibus</strong></span> <span class='ocrx_word' id='word_1_224' title='bbox 1484 3380 1648 3460; x_wconf 77' lang='lat' dir='ltr'><strong>nugis</strong></span> <span class='ocrx_word' id='word_1_225' title='bbox 1687 3403 1955 3463; x_wconf 90' lang='lat' dir='ltr'><strong>occupato</strong></span> <span class='ocrx_word' id='word_1_226' title='bbox 1996 3395 2109 3450; x_wconf 89' lang='lat' dir='ltr'><strong>acri</strong></span> 
     </span>
    </p>
   </div>
   <div class='ocr_carea' id='block_1_34' title="bbox 543 3473 2111 3553">
    <p class='ocr_par' dir='ltr' id='par_1_34' title="bbox 543 3473 2111 3553">
     <span class='ocr_line' id='line_1_34' title="bbox 543 3473 2111 3553; baseline 0.006 -26"><span class='ocrx_word' id='word_1_227' title='bbox 543 3473 829 3543; x_wconf 66' lang='lat' dir='ltr'><strong>praeditus,</strong></span> <span class='ocrx_word' id='word_1_228' title='bbox 855 3484 1045 3544; x_wconf 90' lang='lat' dir='ltr'><strong>utpote</strong></span> <span class='ocrx_word' id='word_1_229' title='bbox 1071 3477 1415 3546; x_wconf 88' lang='lat' dir='ltr'><strong>spiritalibus</strong></span> <span class='ocrx_word' id='word_1_230' title='bbox 1432 3478 1542 3548; x_wconf 91' lang='lat' dir='ltr'><strong>jam</strong></span> <span class='ocrx_word' id='word_1_231' title='bbox 1567 3481 1757 3550; x_wconf 87' lang='lat' dir='ltr'><strong>gratiis</strong></span> <span class='ocrx_word' id='word_1_232' title='bbox 1774 3491 1956 3538; x_wconf 89' lang='lat' dir='ltr'><strong>mente</strong></span> <span class='ocrx_word' id='word_1_233' title='bbox 1980 3499 2111 3553; x_wconf 91' lang='lat' dir='ltr'><strong>per-</strong></span> 
     </span>
    </p>
   </div>
   <div class='ocr_carea' id='block_1_35' title="bbox 541 3564 2110 3638">
    <p class='ocr_par' dir='ltr' id='par_1_35' title="bbox 541 3564 2110 3638">
     <span class='ocr_line' id='line_1_35' title="bbox 541 3564 2110 3638; baseline 0.007 -21"><span class='ocrx_word' id='word_1_234' title='bbox 541 3566 718 3630; x_wconf 76' lang='lat' dir='ltr'><strong>fusus,</strong></span> <span class='ocrx_word' id='word_1_235' title='bbox 750 3564 964 3620; x_wconf 90' lang='lat' dir='ltr'><strong>divinas</strong></span> <span class='ocrx_word' id='word_1_236' title='bbox 1002 3566 1162 3621; x_wconf 92' lang='lat' dir='ltr'><strong>malis</strong></span> <span class='ocrx_word' id='word_1_237' title='bbox 1186 3567 1531 3623; x_wconf 88' lang='lat' dir='ltr'><strong>adversarias</strong></span> <span class='ocrx_word' id='word_1_238' title='bbox 1557 3578 1858 3638; x_wconf 87' lang='lat' dir='ltr'><strong>potestates</strong></span> <span class='ocrx_word' id='word_1_239' title='bbox 1899 3573 2110 3628; x_wconf 89' lang='lat' dir='ltr'><strong>circum</strong></span> 
     </span>
    </p>
   </div>
   <div class='ocr_carea' id='block_1_36' title="bbox 541 3658 2110 3738">
    <p class='ocr_par' dir='ltr' id='par_1_36' title="bbox 541 3658 2110 3738">
     <span class='ocr_line' id='line_1_36' title="bbox 541 3658 2110 3738; baseline 0.004 -29"><span class='ocrx_word' id='word_1_240' title='bbox 541 3673 600 3738; x_wconf 79' lang='lat' dir='ltr'><strong>se</strong></span> <span class='ocrx_word' id='word_1_241' title='bbox 624 3672 723 3726; x_wconf 91' lang='lat' dir='ltr'><strong>per</strong></span> <span class='ocrx_word' id='word_1_242' title='bbox 749 3658 912 3712; x_wconf 90' lang='lat' dir='ltr'><strong>aliam</strong></span> <span class='ocrx_word' id='word_1_243' title='bbox 939 3659 1225 3713; x_wconf 90' lang='lat' dir='ltr'><strong>oculorum</strong></span> <span class='ocrx_word' id='word_1_244' title='bbox 1245 3659 1422 3712; x_wconf 91' lang='lat' dir='ltr'><strong>aciem</strong></span> <span class='ocrx_word' id='word_1_245' title='bbox 1449 3669 1557 3714; x_wconf 89' lang='lat' dir='ltr'><strong>tam</strong></span> <span class='ocrx_word' id='word_1_246' title='bbox 1589 3661 1705 3730; x_wconf 89' lang='lat' dir='ltr'><strong>ipse</strong></span> <span class='ocrx_word' id='word_1_247' title='bbox 1723 3663 1923 3718; x_wconf 88' lang='lat' dir='ltr'><strong>videns</strong></span> <span class='ocrx_word' id='word_1_248' title='bbox 1946 3679 2110 3734; x_wconf 88' lang='lat' dir='ltr'><strong>quam</strong></span> 
     </span>
    </p>
   </div>
   <div class='ocr_carea' id='block_1_37' title="bbox 542 3749 2110 3820">
    <p class='ocr_par' dir='ltr' id='par_1_37' title="bbox 542 3749 2110 3820">
     <span class='ocr_line' id='line_1_37' title="bbox 542 3749 2110 3820; baseline 0.004 -19"><span class='ocrx_word' id='word_1_249' title='bbox 542 3764 716 3818; x_wconf 90' lang='lat' dir='ltr'><strong>puero</strong></span> <span class='ocrx_word' id='word_1_250' title='bbox 743 3750 932 3804; x_wconf 87' lang='lat' dir='ltr'><strong>videre</strong></span> <span class='ocrx_word' id='word_1_251' title='bbox 962 3749 1205 3820; x_wconf 82' lang='lat' dir='ltr'><strong>largiens</strong></span> <span class='ocrx_word' id='word_1_252' title='bbox 1249 3751 1576 3805; x_wconf 88' lang='lat' dir='ltr'><strong>validiorem</strong></span> <span class='ocrx_word' id='word_1_253' title='bbox 1615 3750 1939 3808; x_wconf 86' lang='lat' dir='ltr'><strong>inﬁrmitate</strong></span> <span class='ocrx_word' id='word_1_254' title='bbox 1976 3753 2110 3818; x_wconf 89' lang='lat' dir='ltr'><strong>vim,</strong></span> 
     </span>
    </p>
   </div>
   <div class='ocr_carea' id='block_1_38' title="bbox 541 3841 2114 3912">
    <p class='ocr_par' dir='ltr' id='par_1_38' title="bbox 541 3841 2114 3912">
     <span class='ocr_line' id='line_1_38' title="bbox 541 3841 2114 3912; baseline 0.004 -19"><span class='ocrx_word' id='word_1_255' title='bbox 541 3856 728 3907; x_wconf 87' lang='lat' dir='ltr'><strong>carne,</strong></span> <span class='ocrx_word' id='word_1_256' title='bbox 752 3841 1000 3912; x_wconf 87' lang='lat' dir='ltr'><strong>inquam,</strong></span> <span class='ocrx_word' id='word_1_257' title='bbox 1035 3841 1185 3896; x_wconf 90' lang='lat' dir='ltr'><strong>circa</strong></span> <span class='ocrx_word' id='word_1_258' title='bbox 1209 3857 1372 3910; x_wconf 89' lang='lat' dir='ltr'><strong>quam</strong></span> <span class='ocrx_word' id='word_1_259' title='bbox 1409 3842 1632 3896; x_wconf 63' lang='lat' dir='ltr'><strong>malitiae</strong></span> <span class='ocrx_word' id='word_1_260' title='bbox 1665 3843 1894 3912; x_wconf 90' lang='lat' dir='ltr'><strong>spiritus</strong></span> <span class='ocrx_word' id='word_1_261' title='bbox 1927 3859 2114 3900; x_wconf 88' lang='lat' dir='ltr'><strong>acrem</strong></span> 
     </span>
    </p>
   </div>
   <div class='ocr_carea' id='block_1_39' title="bbox 542 3932 2114 4002">
    <p class='ocr_par' dir='ltr' id='par_1_39' title="bbox 542 3932 2114 4002">
     <span class='ocr_line' id='line_1_39' title="bbox 542 3932 2114 4002; baseline 0.004 -18"><span class='ocrx_word' id='word_1_262' title='bbox 542 3933 885 3986; x_wconf 88' lang='lat' dir='ltr'><strong>intellectum</strong></span> <span class='ocrx_word' id='word_1_263' title='bbox 915 3933 970 3986; x_wconf 93' lang='lat' dir='ltr'><strong>in</strong></span> <span class='ocrx_word' id='word_1_264' title='bbox 1001 3932 1219 3987; x_wconf 91' lang='lat' dir='ltr'><strong>insidiis</strong></span> <span class='ocrx_word' id='word_1_265' title='bbox 1241 3933 1541 3998; x_wconf 91' lang='lat' dir='ltr'><strong>collocant,</strong></span> <span class='ocrx_word' id='word_1_266' title='bbox 1585 3941 1643 3988; x_wconf 91' lang='lat' dir='ltr'><strong>et</strong></span> <span class='ocrx_word' id='word_1_267' title='bbox 1681 3934 1955 4002; x_wconf 90' lang='lat' dir='ltr'><strong>potiorem</strong></span> <span class='ocrx_word' id='word_1_268' title='bbox 1995 3935 2114 3990; x_wconf 89' lang='lat' dir='ltr'><strong>ani-</strong></span> 
     </span>
    </p>
   </div>
   <div class='ocr_carea' id='block_1_40' title="bbox 542 4023 2112 4097">
    <p class='ocr_par' dir='ltr' id='par_1_40' title="bbox 542 4023 2112 4097">
     <span class='ocr_line' id='line_1_40' title="bbox 542 4023 2112 4097; baseline 0.005 -22"><span class='ocrx_word' id='word_1_269' title='bbox 542 4039 687 4077; x_wconf 89' lang='lat' dir='ltr'><strong>mam</strong></span> <span class='ocrx_word' id='word_1_270' title='bbox 715 4039 858 4091; x_wconf 89' lang='lat' dir='ltr'><strong>esse,</strong></span> <span class='ocrx_word' id='word_1_271' title='bbox 892 4023 1041 4078; x_wconf 90' lang='lat' dir='ltr'><strong>circa</strong></span> <span class='ocrx_word' id='word_1_272' title='bbox 1069 4039 1234 4094; x_wconf 88' lang='lat' dir='ltr'><strong>quam</strong></span> <span class='ocrx_word' id='word_1_273' title='bbox 1256 4025 1574 4094; x_wconf 80' lang='lat' dir='ltr'><strong>angelorum</strong></span> <span class='ocrx_word' id='word_1_274' title='bbox 1600 4025 1904 4097; x_wconf 75' lang='lat' dir='ltr'><strong>phalanges</strong></span> <span class='ocrx_word' id='word_1_275' title='bbox 1929 4037 2112 4083; x_wconf 85' lang='lat' dir='ltr'><strong>castra</strong></span> 
     </span>
    </p>
   </div>
   <div class='ocr_carea' id='block_1_41' title="bbox 543 4111 2108 4188">
    <p class='ocr_par' dir='ltr' id='par_1_41' title="bbox 543 4111 2108 4188">
     <span class='ocr_line' id='line_1_41' title="bbox 543 4111 2108 4188; baseline 0.006 -21"><span class='ocrx_word' id='word_1_276' title='bbox 543 4113 829 4181; x_wconf 87' lang='lat' dir='ltr'><strong>muniunt,</strong></span> <span class='ocrx_word' id='word_1_277' title='bbox 854 4111 1006 4169; x_wconf 83' lang='lat' dir='ltr'><strong>velut</strong></span> <span class='ocrx_word' id='word_1_278' title='bbox 1038 4115 1245 4184; x_wconf 79' lang='lat' dir='ltr'><strong>regiam</strong></span> <span class='ocrx_word' id='word_1_279' title='bbox 1274 4115 1569 4185; x_wconf 79' lang='lat' dir='ltr'><strong>imaginem</strong></span> <span class='ocrx_word' id='word_1_280' title='bbox 1607 4116 2108 4188; x_wconf 85' lang='lat' dir='ltr'><strong>circumsistentes,</strong></span> 
     </span>
    </p>
   </div>
   <div class='ocr_carea' id='block_1_42' title="bbox 539 4207 1248 4263">
    <p class='ocr_par' dir='ltr' id='par_1_42' title="bbox 539 4207 1248 4263">
     <span class='ocr_line' id='line_1_42' title="bbox 539 4207 1248 4263; baseline 0.001 -3"><span class='ocrx_word' id='word_1_281' title='bbox 539 4215 597 4260; x_wconf 91' lang='lat' dir='ltr'><strong>ct</strong></span> <span class='ocrx_word' id='word_1_282' title='bbox 621 4207 819 4262; x_wconf 81' lang='lat' dir='ltr'><strong>doctus</strong></span> <span class='ocrx_word' id='word_1_283' title='bbox 843 4217 929 4263; x_wconf 88' lang='lat' dir='ltr'><strong>est</strong></span> <span class='ocrx_word' id='word_1_284' title='bbox 956 4214 1014 4262; x_wconf 91' lang='lat' dir='ltr'><strong>et</strong></span> <span class='ocrx_word' id='word_1_285' title='bbox 1038 4207 1248 4262; x_wconf 90' lang='lat' dir='ltr'><strong>docuit.</strong></span> 
     </span>
    </p>
   </div>
   <div class='ocr_carea' id='block_1_43' title="bbox 736 4591 1928 4662">
    <p class='ocr_par' dir='ltr' id='par_1_43' title="bbox 736 4591 1928 4662">
     <span class='ocr_line' id='line_1_43' title="bbox 736 4591 1928 4662; baseline 0.002 -16"><span class='ocrx_word' id='word_1_286' title='bbox 736 4591 1126 4662; x_wconf 79' lang='lat' dir='ltr'><strong>Contemplatio</strong></span> <span class='ocrx_word' id='word_1_287' title='bbox 1165 4593 1220 4647; x_wconf 80' lang='lat' dir='ltr'><strong>in</strong></span> <span class='ocrx_word' id='word_1_288' title='bbox 1247 4592 1462 4648; x_wconf 80' lang='lat' dir='ltr'><strong>Annam</strong></span> <span class='ocrx_word' id='word_1_289' title='bbox 1486 4600 1534 4646; x_wconf 83' lang='lat' dir='ltr'><strong>et</strong></span> <span class='ocrx_word' id='word_1_290' title='bbox 1568 4592 1869 4650; x_wconf 82' lang='lat' dir='ltr'><strong>Samuelem</strong></span> <span class='ocrx_word' id='word_1_291' title='bbox 1887 4604 1928 4648; x_wconf 82' lang='grc'><strong>⁸.</strong></span> 
     </span>
    </p>
   </div>
   <div class='ocr_carea' id='block_1_44' title="bbox 610 4703 2109 4774">
    <p class='ocr_par' dir='ltr' id='par_1_44' title="bbox 610 4703 2109 4774">
     <span class='ocr_line' id='line_1_44' title="bbox 610 4703 2109 4774; baseline -0.002 -15"><span class='ocrx_word' id='word_1_292' title='bbox 610 4703 704 4759; x_wconf 77' lang='lat' dir='ltr'><strong>Sic</strong></span> <span class='ocrx_word' id='word_1_293' title='bbox 735 4703 901 4757; x_wconf 87' lang='lat' dir='ltr'><strong>etiam</strong></span> <span class='ocrx_word' id='word_1_294' title='bbox 951 4703 1111 4758; x_wconf 88' lang='lat' dir='ltr'><strong>beata</strong></span> <span class='ocrx_word' id='word_1_295' title='bbox 1156 4704 1311 4759; x_wconf 86' lang='lat' dir='ltr'><strong>Anna</strong></span> <span class='ocrx_word' id='word_1_296' title='bbox 1363 4703 1546 4774; x_wconf 80' lang='lat' dir='ltr'><strong>magni</strong></span> <span class='ocrx_word' id='word_1_297' title='bbox 1589 4703 1863 4759; x_wconf 88' lang='lat' dir='ltr'><strong>Samuelis</strong></span> <span class='ocrx_word' id='word_1_298' title='bbox 1897 4713 2109 4769; x_wconf 88' lang='lat' dir='ltr'><strong>mater,</strong></span> 
     </span>
    </p>
   </div>
   <div class='ocr_carea' id='block_1_45' title="bbox 541 4794 2113 4863">
    <p class='ocr_par' dir='ltr' id='par_1_45' title="bbox 541 4794 2113 4863">
     <span class='ocr_line' id='line_1_45' title="bbox 541 4794 2113 4863; baseline 0 -14"><span class='ocrx_word' id='word_1_299' title='bbox 541 4795 753 4850; x_wconf 87' lang='lat' dir='ltr'><strong>sterilis</strong></span> <span class='ocrx_word' id='word_1_300' title='bbox 795 4794 1102 4863; x_wconf 86' lang='lat' dir='ltr'><strong>liberisque</strong></span> <span class='ocrx_word' id='word_1_301' title='bbox 1130 4809 1323 4848; x_wconf 90' lang='lat' dir='ltr'><strong>carens</strong></span> <span class='ocrx_word' id='word_1_302' title='bbox 1375 4811 1500 4849; x_wconf 92' lang='lat' dir='ltr'><strong>cum</strong></span> <span class='ocrx_word' id='word_1_303' title='bbox 1555 4797 1774 4850; x_wconf 90' lang='lat' dir='ltr'><strong>ventris</strong></span> <span class='ocrx_word' id='word_1_304' title='bbox 1811 4795 2050 4849; x_wconf 81' lang='lat' dir='ltr'><strong>fructum</strong></span> <span class='ocrx_word' id='word_1_305' title='bbox 2083 4811 2113 4849; x_wconf 87' lang='lat' dir='ltr'><strong>a</strong></span> 
     </span>
    </p>
   </div>
   <div class='ocr_carea' id='block_1_46' title="bbox 541 4883 2109 4958">
    <p class='ocr_par' dir='ltr' id='par_1_46' title="bbox 541 4883 2109 4958">
     <span class='ocr_line' id='line_1_46' title="bbox 541 4883 2109 4958; baseline 0 -19"><span class='ocrx_word' id='word_1_306' title='bbox 541 4885 654 4940; x_wconf 84' lang='lat' dir='ltr'><strong>Deo</strong></span> <span class='ocrx_word' id='word_1_307' title='bbox 691 4885 978 4954; x_wconf 86' lang='lat' dir='ltr'><strong>postulans</strong></span> <span class='ocrx_word' id='word_1_308' title='bbox 1030 4883 1370 4939; x_wconf 90' lang='lat' dir='ltr'><strong>reddituram</strong></span> <span class='ocrx_word' id='word_1_309' title='bbox 1409 4901 1468 4940; x_wconf 86' lang='lat' dir='ltr'><strong>se</strong></span> <span class='ocrx_word' id='word_1_310' title='bbox 1505 4897 1562 4941; x_wconf 90' lang='lat' dir='ltr'><strong>et</strong></span> <span class='ocrx_word' id='word_1_311' title='bbox 1593 4902 1791 4941; x_wconf 91' lang='lat' dir='ltr'><strong>rursus</strong></span> <span class='ocrx_word' id='word_1_312' title='bbox 1830 4886 2109 4958; x_wconf 82' lang='lat' dir='ltr'><strong>gratiﬁca-</strong></span> 
     </span>
    </p>
   </div>
   <div class='ocr_carea' id='block_1_47' title="bbox 541 4974 2112 5047">
    <p class='ocr_par' dir='ltr' id='par_1_47' title="bbox 541 4974 2112 5047">
     <span class='ocr_line' id='line_1_47' title="bbox 541 4974 2112 5047; baseline 0.001 -18"><span class='ocrx_word' id='word_1_313' title='bbox 541 4985 720 5030; x_wconf 88' lang='lat' dir='ltr'><strong>turam</strong></span> <span class='ocrx_word' id='word_1_314' title='bbox 746 4975 891 5045; x_wconf 92' lang='lat' dir='ltr'><strong>quod</strong></span> <span class='ocrx_word' id='word_1_315' title='bbox 908 4974 1152 5030; x_wconf 87' lang='lat' dir='ltr'><strong>dedisset</strong></span> <span class='ocrx_word' id='word_1_316' title='bbox 1181 4975 1356 5031; x_wconf 90' lang='lat' dir='ltr'><strong>datori</strong></span> <span class='ocrx_word' id='word_1_317' title='bbox 1384 4993 1481 5047; x_wconf 89' lang='lat' dir='ltr'><strong>per</strong></span> <span class='ocrx_word' id='word_1_318' title='bbox 1507 4979 1782 5033; x_wconf 86' lang='lat' dir='ltr'><strong>assiduam</strong></span> <span class='ocrx_word' id='word_1_319' title='bbox 1814 4978 1871 5032; x_wconf 91' lang='lat' dir='ltr'><strong>in</strong></span> <span class='ocrx_word' id='word_1_320' title='bbox 1908 4978 2112 5047; x_wconf 87' lang='lat' dir='ltr'><strong>templo</strong></span> 
     </span>
    </p>
   </div>
   <div class='ocr_carea' id='block_1_48' title="bbox 539 5067 2112 5142">
    <p class='ocr_par' dir='ltr' id='par_1_48' title="bbox 539 5067 2112 5142">
     <span class='ocr_line' id='line_1_48' title="bbox 539 5067 2112 5142; baseline 0.001 -20"><span class='ocrx_word' id='word_1_321' title='bbox 539 5067 913 5138; x_wconf 86' lang='lat' dir='ltr'><strong>precationem</strong></span> <span class='ocrx_word' id='word_1_322' title='bbox 945 5083 1072 5124; x_wconf 89' lang='lat' dir='ltr'><strong>cum</strong></span> <span class='ocrx_word' id='word_1_323' title='bbox 1106 5067 1323 5124; x_wconf 83' lang='lat' dir='ltr'><strong>fervore</strong></span> <span class='ocrx_word' id='word_1_324' title='bbox 1353 5071 1725 5140; x_wconf 88' lang='lat' dir='ltr'><strong>polliceretur,</strong></span> <span class='ocrx_word' id='word_1_325' title='bbox 1756 5070 1986 5142; x_wconf 83' lang='lat' dir='ltr'><strong>mystice</strong></span> <span class='ocrx_word' id='word_1_326' title='bbox 2019 5070 2112 5124; x_wconf 82' lang='lat' dir='ltr'><strong>do-</strong></span> 
     </span>
    </p>
   </div>
   <div class='ocr_carea' id='block_1_49' title="bbox 539 5161 2108 5231">
    <p class='ocr_par' dir='ltr' id='par_1_49' title="bbox 539 5161 2108 5231">
     <span class='ocr_line' id='line_1_49' title="bbox 539 5161 2108 5231; baseline 0.002 -19"><span class='ocrx_word' id='word_1_327' title='bbox 539 5161 652 5216; x_wconf 77' lang='lat' dir='ltr'><strong>cuit</strong></span> <span class='ocrx_word' id='word_1_328' title='bbox 667 5176 884 5215; x_wconf 90' lang='lat' dir='ltr'><strong>omnem</strong></span> <span class='ocrx_word' id='word_1_329' title='bbox 900 5162 1139 5216; x_wconf 84' lang='lat' dir='ltr'><strong>animam</strong></span> <span class='ocrx_word' id='word_1_330' title='bbox 1161 5161 1504 5231; x_wconf 89' lang='lat' dir='ltr'><strong>voluptatum</strong></span> <span class='ocrx_word' id='word_1_331' title='bbox 1524 5163 1826 5216; x_wconf 84' lang='lat' dir='ltr'><strong>carnalium</strong></span> <span class='ocrx_word' id='word_1_332' title='bbox 1843 5161 2108 5225; x_wconf 88' lang='lat' dir='ltr'><strong>sterilem,</strong></span> 
     </span>
    </p>
   </div>
   <div class='ocr_carea' id='block_1_50' title="bbox 539 5252 2110 5322">
    <p class='ocr_par' dir='ltr' id='par_1_50' title="bbox 539 5252 2110 5322">
     <span class='ocr_line' id='line_1_50' title="bbox 539 5252 2110 5322; baseline 0.001 -17"><span class='ocrx_word' id='word_1_333' title='bbox 539 5261 764 5322; x_wconf 85' lang='lat' dir='ltr'><strong>propter</strong></span> <span class='ocrx_word' id='word_1_334' title='bbox 793 5252 1060 5319; x_wconf 84' lang='lat' dir='ltr'><strong>divinam,</strong></span> <span class='ocrx_word' id='word_1_335' title='bbox 1097 5255 1368 5308; x_wconf 88' lang='lat' dir='ltr'><strong>virtutum</strong></span> <span class='ocrx_word' id='word_1_336' title='bbox 1395 5253 1701 5308; x_wconf 90' lang='lat' dir='ltr'><strong>seminibus</strong></span> <span class='ocrx_word' id='word_1_337' title='bbox 1735 5253 2007 5322; x_wconf 78' lang='lat' dir='ltr'><strong>indigere,</strong></span> <span class='ocrx_word' id='word_1_338' title='bbox 2048 5262 2110 5307; x_wconf 88' lang='lat' dir='ltr'><strong>ut</strong></span> 
     </span>
    </p>
   </div>
   <div class='ocr_carea' id='block_1_51' title="bbox 539 5341 2109 5414">
    <p class='ocr_par' dir='ltr' id='par_1_51' title="bbox 539 5341 2109 5414">
     <span class='ocr_line' id='line_1_51' title="bbox 539 5341 2109 5414; baseline 0.004 -22"><span class='ocrx_word' id='word_1_339' title='bbox 539 5341 806 5396; x_wconf 85' lang='lat' dir='ltr'><strong>rationem</strong></span> <span class='ocrx_word' id='word_1_340' title='bbox 840 5343 953 5398; x_wconf 89' lang='lat' dir='ltr'><strong>Deo</strong></span> <span class='ocrx_word' id='word_1_341' title='bbox 983 5343 1332 5398; x_wconf 89' lang='lat' dir='ltr'><strong>obedientem</strong></span> <span class='ocrx_word' id='word_1_342' title='bbox 1361 5384 1375 5408; x_wconf 93' lang='lat'><strong>,</strong></span> <span class='ocrx_word' id='word_1_343' title='bbox 1418 5359 1652 5412; x_wconf 70' lang='lat' dir='ltr'><strong>qumque</strong></span> <span class='ocrx_word' id='word_1_344' title='bbox 1695 5358 1760 5397; x_wconf 92' lang='lat' dir='ltr'><strong>ea</strong></span> <span class='ocrx_word' id='word_1_345' title='bbox 1815 5360 1938 5414; x_wconf 69' lang='lat' dir='ltr'><strong>qua:</strong></span> <span class='ocrx_word' id='word_1_346' title='bbox 1981 5351 2109 5398; x_wconf 90' lang='lat' dir='ltr'><strong>ante</strong></span> 
     </span>
    </p>
   </div>
   <div class='ocr_carea' id='block_1_52' title="bbox 535 5433 2105 5505">
    <p class='ocr_par' dir='ltr' id='par_1_52' title="bbox 535 5433 2105 5505">
     <span class='ocr_line' id='line_1_52' title="bbox 535 5433 2105 5505; baseline 0.003 -21"><span class='ocrx_word' id='word_1_347' title='bbox 535 5442 664 5485; x_wconf 77' lang='lat' dir='ltr'><strong>sunt</strong></span> <span class='ocrx_word' id='word_1_348' title='bbox 687 5433 991 5500; x_wconf 84' lang='lat' dir='ltr'><strong>prudenter</strong></span> <span class='ocrx_word' id='word_1_349' title='bbox 1035 5450 1261 5489; x_wconf 86' lang='lat' dir='ltr'><strong>cernere</strong></span> <span class='ocrx_word' id='word_1_350' title='bbox 1301 5435 1517 5500; x_wconf 90' lang='lat' dir='ltr'><strong>calleat,</strong></span> <span class='ocrx_word' id='word_1_351' title='bbox 1561 5443 1743 5490; x_wconf 89' lang='lat' dir='ltr'><strong>mente</strong></span> <span class='ocrx_word' id='word_1_352' title='bbox 1784 5445 2105 5505; x_wconf 86' lang='lat' dir='ltr'><strong>conceptam</strong></span> 
     </span>
    </p>
   </div>
   <div class='ocr_carea' id='block_1_53' title="bbox 537 5525 2106 5596">
    <p class='ocr_par' dir='ltr' id='par_1_53' title="bbox 537 5525 2106 5596">
     <span class='ocr_line' id='line_1_53' title="bbox 537 5525 2106 5596; baseline 0 -18"><span class='ocrx_word' id='word_1_353' title='bbox 537 5534 698 5592; x_wconf 80' lang='lat' dir='ltr'><strong>partu</strong></span> <span class='ocrx_word' id='word_1_354' title='bbox 738 5541 1032 5594; x_wconf 86' lang='lat' dir='ltr'><strong>procreare</strong></span> <span class='ocrx_word' id='word_1_355' title='bbox 1065 5528 1276 5594; x_wconf 87' lang='lat' dir='ltr'><strong>possit,</strong></span> <span class='ocrx_word' id='word_1_356' title='bbox 1327 5541 1428 5596; x_wconf 90' lang='lat' dir='ltr'><strong>per</strong></span> <span class='ocrx_word' id='word_1_357' title='bbox 1485 5525 1762 5581; x_wconf 86' lang='lat' dir='ltr'><strong>assiduam</strong></span> <span class='ocrx_word' id='word_1_358' title='bbox 1807 5542 1930 5581; x_wconf 89' lang='lat' dir='ltr'><strong>cum</strong></span> <span class='ocrx_word' id='word_1_359' title='bbox 1973 5542 2106 5581; x_wconf 88' lang='lat' dir='ltr'><strong>con-</strong></span> 
     </span>
    </p>
   </div>
   <div class='ocr_carea' id='block_1_54' title="bbox 607 5676 1519 5752">
    <p class='ocr_par' dir='ltr' id='par_1_54' title="bbox 607 5676 1519 5752">
     <span class='ocr_line' id='line_1_54' title="bbox 607 5676 1519 5752; baseline 0.008 -25"><span class='ocrx_word' id='word_1_360' title='bbox 607 5676 720 5729; x_wconf 72' lang='grc' dir='ltr'>-ιν</span> <span class='ocrx_word' id='word_1_361' title='bbox 751 5679 879 5748; x_wconf 73' lang='lat' dir='ltr'><strong>Reg.</strong></span> <span class='ocrx_word' id='word_1_362' title='bbox 907 5696 960 5742; x_wconf 86' lang='lat' dir='ltr'><strong>ll,</strong></span> <span class='ocrx_word' id='word_1_363' title='bbox 990 5681 1034 5734; x_wconf 84' lang='lat' dir='ltr'><strong>l.</strong></span> <span class='ocrx_word' id='word_1_364' title='bbox 1117 5681 1185 5734; x_wconf 63' lang='grc' dir='ltr'><strong><em>οᾶ</em></strong></span> <span class='ocrx_word' id='word_1_365' title='bbox 1214 5681 1409 5752; x_wconf 67' lang='lat'><strong>[103.1,</strong></span> <span class='ocrx_word' id='word_1_366' title='bbox 1431 5682 1519 5736; x_wconf 74' lang='grc'><strong>20.</strong></span> 
     </span>
    </p>
   </div>
   <div class='ocr_carea' id='block_1_55' title="bbox 2146 3183 3786 3259">
    <p class='ocr_par' dir='ltr' id='par_1_55' title="bbox 2146 3183 3786 3259">
     <span class='ocr_line' id='line_1_55' title="bbox 2146 3183 3786 3259; baseline -0.006 -14"><span class='ocrx_word' id='word_1_367' title='bbox 2146 3201 2189 3259; x_wconf 82' lang='lat' dir='ltr'>c</span> <span class='ocrx_word' id='word_1_368' title='bbox 2223 3188 2443 3258; x_wconf 81' lang='grc' dir='ltr'><strong>Θεωρία</strong></span> <span class='ocrx_word' id='word_1_369' title='bbox 2474 3189 2562 3254; x_wconf 79' lang='grc' dir='ltr'><strong>είς</strong></span> <span class='ocrx_word' id='word_1_370' title='bbox 2588 3188 2696 3242; x_wconf 84' lang='grc' dir='ltr'><strong>τὸν</strong></span> <span class='ocrx_word' id='word_1_371' title='bbox 2739 3185 3109 3252; x_wconf 71' lang='grc' dir='ltr'><strong>Ἐλισσαῖον,</strong></span> <span class='ocrx_word' id='word_1_372' title='bbox 3146 3186 3254 3240; x_wconf 81' lang='grc' dir='ltr'><strong>τὸν</strong></span> <span class='ocrx_word' id='word_1_373' title='bbox 3280 3183 3482 3241; x_wconf 84' lang='grc' dir='ltr'>αὐτοῦ</span> <span class='ocrx_word' id='word_1_374' title='bbox 3499 3183 3786 3256; x_wconf 77' lang='grc' dir='ltr'>μαθητήν.</span> 
     </span>
    </p>
   </div>
   <div class='ocr_carea' id='block_1_56' title="bbox 2215 533 3784 614">
    <p class='ocr_par' dir='ltr' id='par_1_56' title="bbox 2215 533 3784 614">
     <span class='ocr_line' id='line_1_56' title="bbox 2215 533 3784 614; baseline -0.004 -18"><span class='ocrx_word' id='word_1_375' title='bbox 2215 543 2534 614; x_wconf 75' lang='grc' dir='ltr'>μενίζουσα.</span> <span class='ocrx_word' id='word_1_376' title='bbox 2583 543 2676 594; x_wconf 63' lang='grc' dir='ltr'>καῖ</span> <span class='ocrx_word' id='word_1_377' title='bbox 2727 539 2852 602; x_wconf 75' lang='grc' dir='ltr'>τοὺς</span> <span class='ocrx_word' id='word_1_378' title='bbox 2905 541 3003 609; x_wconf 80' lang='grc' dir='ltr'>τῆς</span> <span class='ocrx_word' id='word_1_379' title='bbox 3037 537 3231 598; x_wconf 80' lang='grc' dir='ltr'><strong>κακίας</strong></span> <span class='ocrx_word' id='word_1_380' title='bbox 3265 533 3638 597; x_wconf 76' lang='grc' dir='ltr'><strong>διδασκάλους</strong></span> <span class='ocrx_word' id='word_1_381' title='bbox 3663 536 3784 603; x_wconf 81' lang='grc' dir='ltr'>λογιο</span> 
     </span>
    </p>
   </div>
   <div class='ocr_carea' id='block_1_57' title="bbox 2214 624 3785 705">
    <p class='ocr_par' dir='ltr' id='par_1_57' title="bbox 2214 624 3785 705">
     <span class='ocr_line' id='line_1_57' title="bbox 2214 624 3785 705; baseline -0.006 -17"><span class='ocrx_word' id='word_1_382' title='bbox 2214 636 2383 705; x_wconf 87' lang='grc' dir='ltr'>σμούς</span> <span class='ocrx_word' id='word_1_383' title='bbox 2413 651 2469 686; x_wconf 87' lang='grc' dir='ltr'><strong>τε</strong></span> <span class='ocrx_word' id='word_1_384' title='bbox 2501 633 2596 686; x_wconf 76' lang='grc' dir='ltr'>καὶ</span> <span class='ocrx_word' id='word_1_385' title='bbox 2623 632 2883 700; x_wconf 88' lang='grc' dir='ltr'>δαίμονας</span> <span class='ocrx_word' id='word_1_386' title='bbox 2912 627 3232 696; x_wconf 78' lang='grc' dir='ltr'>λογοσοφίας</span> <span class='ocrx_word' id='word_1_387' title='bbox 3265 624 3550 680; x_wconf 80' lang='grc' dir='ltr'>κτιννῦσα</span> <span class='ocrx_word' id='word_1_388' title='bbox 3578 629 3671 695; x_wconf 78' lang='grc' dir='ltr'><strong>τῆς</strong></span> <span class='ocrx_word' id='word_1_389' title='bbox 3695 628 3785 678; x_wconf 84' lang='grc' dir='ltr'><strong>τῶν</strong></span> 
     </span>
    </p>
   </div>
   <div class='ocr_carea' id='block_1_58' title="bbox 2213 715 3788 788">
    <p class='ocr_par' dir='ltr' id='par_1_58' title="bbox 2213 715 3788 788">
     <span class='ocr_line' id='line_1_58' title="bbox 2213 715 3788 788; baseline -0.005 -10"><span class='ocrx_word' id='word_1_390' title='bbox 2213 725 2402 778; x_wconf 87' lang='grc' dir='ltr'>παθῶν</span> <span class='ocrx_word' id='word_1_391' title='bbox 2429 722 2670 784; x_wconf 80' lang='grc' dir='ltr'><strong>δουλείας</strong></span> <span class='ocrx_word' id='word_1_392' title='bbox 2693 720 2818 783; x_wconf 79' lang='grc' dir='ltr'>τοὺς</span> <span class='ocrx_word' id='word_1_393' title='bbox 2849 718 3294 788; x_wconf 78' lang='grc' dir='ltr'><strong>κεκρατημένους</strong></span> <span class='ocrx_word' id='word_1_394' title='bbox 3333 715 3643 785; x_wconf 83' lang='grc' dir='ltr'>ἐλευθεροῖ)</span> <span class='ocrx_word' id='word_1_395' title='bbox 3671 717 3788 785; x_wconf 72' lang='grc' dir='ltr'>μετὰ</span> 
     </span>
    </p>
   </div>
   <div class='ocr_carea' id='block_1_59' title="bbox 2210 802 3789 880">
    <p class='ocr_par' dir='ltr' id='par_1_59' title="bbox 2210 802 3789 880">
     <span class='ocr_line' id='line_1_59' title="bbox 2210 802 3789 880; baseline -0.006 -13"><span class='ocrx_word' id='word_1_396' title='bbox 2210 814 2383 867; x_wconf 82' lang='grc' dir='ltr'>ταῦτα</span> <span class='ocrx_word' id='word_1_397' title='bbox 2413 813 2590 866; x_wconf 87' lang='grc' dir='ltr'>πάντα</span> <span class='ocrx_word' id='word_1_398' title='bbox 2629 811 2812 880; x_wconf 73' lang='grc' dir='ltr'>φωνῆς</span> <span class='ocrx_word' id='word_1_399' title='bbox 2839 812 2937 880; x_wconf 84' lang='grc' dir='ltr'>τῆς</span> <span class='ocrx_word' id='word_1_400' title='bbox 2961 809 3020 861; x_wconf 89' lang='grc' dir='ltr'><strong>ἐν</strong></span> <span class='ocrx_word' id='word_1_401' title='bbox 3119 809 3147 860; x_wconf 87' lang='grc' dir='ltr'><strong>ό</strong></span> <span class='ocrx_word' id='word_1_402' title='bbox 3172 807 3310 870; x_wconf 67' lang='grc' dir='ltr'>Θεὸς</span> <span class='ocrx_word' id='word_1_403' title='bbox 3345 806 3576 876; x_wconf 80' lang='grc' dir='ltr'>ὑπῆρχε</span> <span class='ocrx_word' id='word_1_404' title='bbox 3609 805 3789 876; x_wconf 78' lang='grc' dir='ltr'><strong>λεπτῆς</strong></span> 
     </span>
    </p>
   </div>
   <div class='ocr_carea' id='block_1_60' title="bbox 2212 895 3791 972">
    <p class='ocr_par' dir='ltr' id='par_1_60' title="bbox 2212 895 3791 972">
     <span class='ocr_line' id='line_1_60' title="bbox 2212 895 3791 972; baseline -0.005 -18"><span class='ocrx_word' id='word_1_405' title='bbox 2212 901 2384 972; x_wconf 78' lang='grc' dir='ltr'>αῦρας</span> <span class='ocrx_word' id='word_1_406' title='bbox 2430 900 2750 970; x_wconf 75' lang='grc' dir='ltr'>αἰσθόμενος</span> <span class='ocrx_word' id='word_1_407' title='bbox 2788 897 2887 968; x_wconf 81' lang='grc' dir='ltr'>τὴν</span> <span class='ocrx_word' id='word_1_408' title='bbox 2932 897 3186 969; x_wconf 79' lang='grc' dir='ltr'>προφορᾷ</span> <span class='ocrx_word' id='word_1_409' title='bbox 3232 895 3410 964; x_wconf 86' lang='grc' dir='ltr'>λόγου</span> <span class='ocrx_word' id='word_1_410' title='bbox 3451 895 3554 946; x_wconf 69' lang='grc' dir='ltr'><strong>καὶ</strong></span> <span class='ocrx_word' id='word_1_411' title='bbox 3584 895 3791 964; x_wconf 85' lang='grc' dir='ltr'>τρόποις</span> 
     </span>
    </p>
   </div>
   <div class='ocr_carea' id='block_1_61' title="bbox 2215 985 3794 1063">
    <p class='ocr_par' dir='ltr' id='par_1_61' title="bbox 2215 985 3794 1063">
     <span class='ocr_line' id='line_1_61' title="bbox 2215 985 3794 1063; baseline -0.003 -19"><span class='ocrx_word' id='word_1_412' title='bbox 2215 992 2329 1062; x_wconf 86' lang='grc' dir='ltr'>βίου</span> <span class='ocrx_word' id='word_1_413' title='bbox 2348 991 2444 1045; x_wconf 78' lang='grc' dir='ltr'>καὶ</span> <span class='ocrx_word' id='word_1_414' title='bbox 2466 991 2622 1063; x_wconf 63' lang='grc' dir='ltr'>ἤθεσι</span> <span class='ocrx_word' id='word_1_415' title='bbox 2647 989 2798 1043; x_wconf 85' lang='grc' dir='ltr'>θείαν</span> <span class='ocrx_word' id='word_1_416' title='bbox 2830 988 2924 1041; x_wconf 73' lang='grc' dir='ltr'>καὶ</span> <span class='ocrx_word' id='word_1_417' title='bbox 2951 987 3224 1057; x_wconf 78' lang='grc' dir='ltr'>ἀτάραχον</span> <span class='ocrx_word' id='word_1_418' title='bbox 3251 985 3356 1038; x_wconf 74' lang='grc' dir='ltr'>καὶ</span> <span class='ocrx_word' id='word_1_419' title='bbox 3387 985 3685 1055; x_wconf 77' lang='grc' dir='ltr'>εἰρηνικὴν</span> <span class='ocrx_word' id='word_1_420' title='bbox 3711 985 3794 1039; x_wconf 72' lang='grc' dir='ltr'><strong>καὶ</strong></span> 
     </span>
    </p>
   </div>
   <div class='ocr_carea' id='block_1_62' title="bbox 2213 1068 3796 1164">
    <p class='ocr_par' dir='ltr' id='par_1_62' title="bbox 2213 1068 3796 1164">
     <span class='ocr_line' id='line_1_62' title="bbox 2213 1068 3796 1164; baseline -0.005 -27"><span class='ocrx_word' id='word_1_421' title='bbox 2213 1082 2493 1145; x_wconf 81' lang='grc' dir='ltr'><strong>παντελῶς</strong></span> <span class='ocrx_word' id='word_1_422' title='bbox 2526 1068 2687 1135; x_wconf 80' lang='grc' dir='ltr'>ᾶῦλον</span> <span class='ocrx_word' id='word_1_423' title='bbox 2724 1079 2818 1132; x_wconf 81' lang='grc' dir='ltr'>καὶ</span> <span class='ocrx_word' id='word_1_424' title='bbox 2859 1077 3038 1164; x_wconf 46' lang='grc' dir='ltr'>ἁπλῆ)</span> <span class='ocrx_word' id='word_1_425' title='bbox 3079 1078 3174 1132; x_wconf 78' lang='grc' dir='ltr'>καὶ</span> <span class='ocrx_word' id='word_1_426' title='bbox 3204 1075 3421 1139; x_wconf 74' lang='grc' dir='ltr'>παντὸς</span> <span class='ocrx_word' id='word_1_427' title='bbox 3459 1075 3640 1139; x_wconf 80' lang='grc' dir='ltr'>εἴδους</span> <span class='ocrx_word' id='word_1_428' title='bbox 3669 1075 3796 1129; x_wconf 77' lang='grc' dir='ltr'>ἑλευο</span> 
     </span>
    </p>
   </div>
   <div class='ocr_carea' id='block_1_63' title="bbox 2212 1167 3798 1246">
    <p class='ocr_par' dir='ltr' id='par_1_63' title="bbox 2212 1167 3798 1246">
     <span class='ocr_line' id='line_1_63' title="bbox 2212 1167 3798 1246; baseline -0.007 -17"><span class='ocrx_word' id='word_1_429' title='bbox 2212 1176 2374 1246; x_wconf 86' lang='grc' dir='ltr'>θέραν</span> <span class='ocrx_word' id='word_1_430' title='bbox 2403 1172 2495 1225; x_wconf 76' lang='grc' dir='ltr'>καὶ</span> <span class='ocrx_word' id='word_1_431' title='bbox 2529 1173 2810 1242; x_wconf 80' lang='grc' dir='ltr'>σχήματος</span> <span class='ocrx_word' id='word_1_432' title='bbox 2839 1169 3022 1242; x_wconf 65' lang='grc'><strong>(143</strong></span> <span class='ocrx_word' id='word_1_433' title='bbox 3063 1170 3116 1238; x_wconf 88' lang='lat' dir='ltr'><strong>b)</strong></span> <span class='ocrx_word' id='word_1_434' title='bbox 3148 1171 3527 1232; x_wconf 86' lang='grc' dir='ltr'>κατάστασιν,</span> <span class='ocrx_word' id='word_1_435' title='bbox 3562 1167 3798 1237; x_wconf 75' lang='grc' dir='ltr'>λεχθῆναι</span> 
     </span>
    </p>
   </div>
   <div class='ocr_carea' id='block_1_64' title="bbox 2211 1260 3795 1338">
    <p class='ocr_par' dir='ltr' id='par_1_64' title="bbox 2211 1260 3795 1338">
     <span class='ocr_line' id='line_1_64' title="bbox 2211 1260 3795 1338; baseline -0.004 -18"><span class='ocrx_word' id='word_1_436' title='bbox 2211 1268 2245 1338; x_wconf 82' lang='grc' dir='ltr'>ἢ</span> <span class='ocrx_word' id='word_1_437' title='bbox 2283 1266 2559 1338; x_wconf 77' lang='grc' dir='ltr'>δειχθῆναι</span> <span class='ocrx_word' id='word_1_438' title='bbox 2627 1265 2704 1334; x_wconf 80' lang='grc' dir='ltr'>μὴ</span> <span class='ocrx_word' id='word_1_439' title='bbox 2746 1264 3073 1333; x_wconf 75' lang='grc' dir='ltr'>δυναμένην,</span> <span class='ocrx_word' id='word_1_440' title='bbox 3132 1261 3425 1332; x_wconf 75' lang='grc' dir='ltr'><strong>μυστικῶς</strong></span> <span class='ocrx_word' id='word_1_441' title='bbox 3475 1260 3795 1314; x_wconf 66' lang='grc' dir='ltr'>ἐδιδάσκετα</span> 
     </span>
    </p>
   </div>
   <div class='ocr_carea' id='block_1_65' title="bbox 2211 1351 3797 1425">
    <p class='ocr_par' dir='ltr' id='par_1_65' title="bbox 2211 1351 3797 1425">
     <span class='ocr_line' id='line_1_65' title="bbox 2211 1351 3797 1425; baseline -0.006 -13"><span class='ocrx_word' id='word_1_442' title='bbox 2211 1355 2320 1422; x_wconf 65' lang='grc' dir='ltr'><strong>*Ης</strong></span> <span class='ocrx_word' id='word_1_443' title='bbox 2353 1356 2728 1425; x_wconf 84' lang='grc' dir='ltr'>καταπλαγείς</span> <span class='ocrx_word' id='word_1_444' title='bbox 2765 1372 2824 1407; x_wconf 83' lang='grc' dir='ltr'><strong>τε</strong></span> <span class='ocrx_word' id='word_1_445' title='bbox 2856 1355 2955 1422; x_wconf 76' lang='grc' dir='ltr'>τὴν</span> <span class='ocrx_word' id='word_1_446' title='bbox 2988 1353 3146 1418; x_wconf 75' lang='grc' dir='ltr'>δόξαν</span> <span class='ocrx_word' id='word_1_447' title='bbox 3191 1353 3288 1406; x_wconf 56' lang='grc' dir='ltr'><strong>καὶ⁵</strong></span> <span class='ocrx_word' id='word_1_448' title='bbox 3317 1353 3407 1422; x_wconf 80' lang='grc' dir='ltr'>τῷ</span> <span class='ocrx_word' id='word_1_449' title='bbox 3445 1351 3638 1406; x_wconf 85' lang='grc' dir='ltr'>κάλλει</span> <span class='ocrx_word' id='word_1_450' title='bbox 3669 1369 3797 1422; x_wconf 86' lang='grc' dir='ltr'>τρω-</span> 
     </span>
    </p>
   </div>
   <div class='ocr_carea' id='block_1_66' title="bbox 2211 1440 3800 1518">
    <p class='ocr_par' dir='ltr' id='par_1_66' title="bbox 2211 1440 3800 1518">
     <span class='ocr_line' id='line_1_66' title="bbox 2211 1440 3800 1518; baseline -0.004 -15"><span class='ocrx_word' id='word_1_451' title='bbox 2211 1450 2348 1516; x_wconf 73' lang='grc' dir='ltr'>θεὶς,</span> <span class='ocrx_word' id='word_1_452' title='bbox 2377 1448 2472 1503; x_wconf 92' lang='grc' dir='ltr'><strong>τοῦ</strong></span> <span class='ocrx_word' id='word_1_453' title='bbox 2504 1448 2751 1518; x_wconf 76' lang='grc' dir='ltr'>ζηλωτὴς</span> <span class='ocrx_word' id='word_1_454' title='bbox 2786 1440 2930 1499; x_wconf 74' lang='grc' dir='ltr'>εἶναι</span> <span class='ocrx_word' id='word_1_455' title='bbox 2956 1444 3016 1498; x_wconf 83' lang='grc' dir='ltr'>τὺ</span> <span class='ocrx_word' id='word_1_456' title='bbox 3047 1445 3183 1515; x_wconf 74' lang='grc' dir='ltr'>πρὸς</span> <span class='ocrx_word' id='word_1_457' title='bbox 3211 1444 3392 1514; x_wconf 80' lang='grc' dir='ltr'>αὐτὴν</span> <span class='ocrx_word' id='word_1_458' title='bbox 3432 1441 3582 1496; x_wconf 78' lang='grc' dir='ltr'>εἶναι</span> <span class='ocrx_word' id='word_1_459' title='bbox 3619 1443 3800 1512; x_wconf 76' lang='grc' dir='ltr'>μᾶλλον</span> 
     </span>
    </p>
   </div>
   <div class='ocr_carea' id='block_1_67' title="bbox 2211 1531 3800 1611">
    <p class='ocr_par' dir='ltr' id='par_1_67' title="bbox 2211 1531 3800 1611">
     <span class='ocr_line' id='line_1_67' title="bbox 2211 1531 3800 1611; baseline -0.006 -17"><span class='ocrx_word' id='word_1_460' title='bbox 2211 1541 2476 1611; x_wconf 79' lang='grc' dir='ltr'><strong>ποθήσας,</strong></span> <span class='ocrx_word' id='word_1_461' title='bbox 2523 1538 2768 1592; x_wconf 88' lang='grc' dir='ltr'>τουτέστι</span> <span class='ocrx_word' id='word_1_462' title='bbox 2815 1535 2909 1589; x_wconf 92' lang='grc' dir='ltr'><strong>τοῦ</strong></span> <span class='ocrx_word' id='word_1_463' title='bbox 2943 1536 3081 1605; x_wconf 82' lang='grc' dir='ltr'>ὑπὲρ</span> <span class='ocrx_word' id='word_1_464' title='bbox 3127 1533 3396 1605; x_wconf 79' lang='grc' dir='ltr'>ἀληθείας</span> <span class='ocrx_word' id='word_1_465' title='bbox 3437 1533 3712 1604; x_wconf 86' lang='grc' dir='ltr'>μάχεσθαι</span> <span class='ocrx_word' id='word_1_466' title='bbox 3749 1531 3800 1585; x_wconf 75' lang='grc' dir='ltr'>τὺ</span> 
     </span>
    </p>
   </div>
   <div class='ocr_carea' id='block_1_68' title="bbox 2214 1625 3802 1704">
    <p class='ocr_par' dir='ltr' id='par_1_68' title="bbox 2214 1625 3802 1704">
     <span class='ocr_line' id='line_1_68' title="bbox 2214 1625 3802 1704; baseline -0.007 -18"><span class='ocrx_word' id='word_1_467' title='bbox 2214 1633 2352 1704; x_wconf 87' lang='grc' dir='ltr'><strong>μετά</strong></span> <span class='ocrx_word' id='word_1_468' title='bbox 2387 1631 2488 1700; x_wconf 82' lang='grc' dir='ltr'>τῆς</span> <span class='ocrx_word' id='word_1_469' title='bbox 2547 1628 2806 1700; x_wconf 79' lang='grc' dir='ltr'>ἀληθείας</span> <span class='ocrx_word' id='word_1_470' title='bbox 2851 1627 2917 1680; x_wconf 85' lang='grc' dir='ltr'>δι’</span> <span class='ocrx_word' id='word_1_471' title='bbox 2966 1625 3089 1680; x_wconf 78' lang='grc' dir='ltr'>ὅλου</span> <span class='ocrx_word' id='word_1_472' title='bbox 3147 1626 3443 1694; x_wconf 86' lang='grc' dir='ltr'>γενέσθαι,</span> <span class='ocrx_word' id='word_1_473' title='bbox 3497 1625 3598 1677; x_wconf 80' lang='grc' dir='ltr'><strong>καὶ</strong></span> <span class='ocrx_word' id='word_1_474' title='bbox 3652 1625 3802 1694; x_wconf 79' lang='grc' dir='ltr'>μηδὲν</span> 
     </span>
    </p>
   </div>
   <div class='ocr_carea' id='block_1_69' title="bbox 2211 1715 3800 1793">
    <p class='ocr_par' dir='ltr' id='par_1_69' title="bbox 2211 1715 3800 1793">
     <span class='ocr_line' id='line_1_69' title="bbox 2211 1715 3800 1793; baseline -0.006 -15"><span class='ocrx_word' id='word_1_475' title='bbox 2211 1723 2588 1793; x_wconf 80' lang='grc' dir='ltr'>ἀντικείμενον</span> <span class='ocrx_word' id='word_1_476' title='bbox 2632 1722 2766 1791; x_wconf 79' lang='grc' dir='ltr'>όρᾷν</span> <span class='ocrx_word' id='word_1_477' title='bbox 2810 1720 2843 1789; x_wconf 74' lang='grc' dir='ltr'>ἢ</span> <span class='ocrx_word' id='word_1_478' title='bbox 2879 1717 3170 1788; x_wconf 85' lang='grc' dir='ltr'>γινώσκειν</span> <span class='ocrx_word' id='word_1_479' title='bbox 3207 1715 3285 1788; x_wconf 85' lang='grc' dir='ltr'>τῷ</span> <span class='ocrx_word' id='word_1_480' title='bbox 3334 1718 3513 1788; x_wconf 84' lang='grc' dir='ltr'>μόνον</span> <span class='ocrx_word' id='word_1_481' title='bbox 3548 1716 3641 1768; x_wconf 83' lang='grc' dir='ltr'><strong>τὸν</strong></span> <span class='ocrx_word' id='word_1_482' title='bbox 3682 1717 3800 1770; x_wconf 70' lang='grc' dir='ltr'>Θεὸν</span> 
     </span>
    </p>
   </div>
   <div class='ocr_carea' id='block_1_70' title="bbox 2210 1806 3801 1878">
    <p class='ocr_par' dir='ltr' id='par_1_70' title="bbox 2210 1806 3801 1878">
     <span class='ocr_line' id='line_1_70' title="bbox 2210 1806 3801 1878; baseline -0.006 -9"><span class='ocrx_word' id='word_1_483' title='bbox 2210 1817 2330 1869; x_wconf 79' lang='grc' dir='ltr'>ὅλον</span> <span class='ocrx_word' id='word_1_484' title='bbox 2359 1815 2426 1868; x_wconf 82' lang='grc' dir='ltr'>δι’</span> <span class='ocrx_word' id='word_1_485' title='bbox 2450 1815 2574 1868; x_wconf 81' lang='grc' dir='ltr'>ὅλου</span> <span class='ocrx_word' id='word_1_486' title='bbox 2605 1814 2662 1866; x_wconf 87' lang='grc' dir='ltr'><strong>ἐν</strong></span> <span class='ocrx_word' id='word_1_487' title='bbox 2689 1813 2854 1865; x_wconf 81' lang='grc' dir='ltr'>πᾶσιν</span> <span class='ocrx_word' id='word_1_488' title='bbox 2876 1810 3005 1864; x_wconf 81' lang='grc' dir='ltr'>δντα</span> <span class='ocrx_word' id='word_1_489' title='bbox 3035 1808 3370 1864; x_wconf 75' lang='grc' dir='ltr'>ἐπίστασθαι</span> <span class='ocrx_word' id='word_1_490' title='bbox 3402 1807 3598 1878; x_wconf 83' lang='grc' dir='ltr'>πολλῷ</span> <span class='ocrx_word' id='word_1_491' title='bbox 3622 1806 3801 1878; x_wconf 76' lang='grc' dir='ltr'>τιμιώ-</span> 
     </span>
    </p>
   </div>
   <div class='ocr_carea' id='block_1_71' title="bbox 2210 1901 3798 1978">
    <p class='ocr_par' dir='ltr' id='par_1_71' title="bbox 2210 1901 3798 1978">
     <span class='ocr_line' id='line_1_71' title="bbox 2210 1901 3798 1978; baseline -0.006 -17"><span class='ocrx_word' id='word_1_492' title='bbox 2210 1924 2366 1978; x_wconf 91' lang='grc' dir='ltr'>τερον</span> <span class='ocrx_word' id='word_1_493' title='bbox 2396 1905 2608 1978; x_wconf 82' lang='grc' dir='ltr'>κρίνας,</span> <span class='ocrx_word' id='word_1_494' title='bbox 2637 1903 2717 1957; x_wconf 79' lang='grc' dir='ltr'>ἔτι</span> <span class='ocrx_word' id='word_1_495' title='bbox 2745 1901 2820 1955; x_wconf 81' lang='grc' dir='ltr'><strong>ῶν</strong></span> <span class='ocrx_word' id='word_1_496' title='bbox 2857 1904 2915 1955; x_wconf 85' lang='grc' dir='ltr'>ὲν</span> <span class='ocrx_word' id='word_1_497' title='bbox 2941 1902 3105 1972; x_wconf 75' lang='grc' dir='ltr'>σαρκὶ</span> <span class='ocrx_word' id='word_1_498' title='bbox 3135 1901 3272 1969; x_wconf 79' lang='grc' dir='ltr'>πρὸς</span> <span class='ocrx_word' id='word_1_499' title='bbox 3321 1901 3514 1974; x_wconf 75' lang='grc' dir='ltr'>αὐτὴν</span> <span class='ocrx_word' id='word_1_500' title='bbox 3549 1901 3798 1971; x_wconf 80' lang='grc' dir='ltr'>ὑπάρχων</span> 
     </span>
    </p>
   </div>
   <div class='ocr_carea' id='block_1_72' title="bbox 2211 1991 3799 2067">
    <p class='ocr_par' dir='ltr' id='par_1_72' title="bbox 2211 1991 3799 2067">
     <span class='ocr_line' id='line_1_72' title="bbox 2211 1991 3799 2067; baseline -0.006 -16"><span class='ocrx_word' id='word_1_501' title='bbox 2211 1997 2558 2067; x_wconf 82' lang='grc' dir='ltr'>φυλάττεται,</span> <span class='ocrx_word' id='word_1_502' title='bbox 2601 1994 2733 2066; x_wconf 78' lang='grc' dir='ltr'>θείῳ</span> <span class='ocrx_word' id='word_1_503' title='bbox 2778 1991 2990 2065; x_wconf 82' lang='grc' dir='ltr'>ἀρετῶν</span> <span class='ocrx_word' id='word_1_504' title='bbox 3041 1992 3250 2063; x_wconf 76' lang='grc' dir='ltr'>ἅρματι</span> <span class='ocrx_word' id='word_1_505' title='bbox 3303 1991 3416 2062; x_wconf 77' lang='grc' dir='ltr'><strong>τὴν</strong></span> <span class='ocrx_word' id='word_1_506' title='bbox 3454 1991 3599 2062; x_wconf 81' lang='grc' dir='ltr'>ῦλην</span> <span class='ocrx_word' id='word_1_507' title='bbox 3631 1991 3799 2044; x_wconf 83' lang='grc' dir='ltr'>διαπε-</span> 
     </span>
    </p>
   </div>
   <div class='ocr_carea' id='block_1_73' title="bbox 2213 2079 3793 2158">
    <p class='ocr_par' dir='ltr' id='par_1_73' title="bbox 2213 2079 3793 2158">
     <span class='ocr_line' id='line_1_73' title="bbox 2213 2079 3793 2158; baseline -0.027 13"><span class='ocrx_word' id='word_1_508' title='bbox 2213 2089 2400 2158; x_wconf 48' lang='lat' dir='ltr'><strong>Pan&quot;</strong></span> <span class='ocrx_word' id='word_1_509' title='bbox 2431 2087 2506 2150; x_wconf 70' lang='grc' dir='ltr'><strong>ὡς</strong></span> <span class='ocrx_word' id='word_1_510' title='bbox 2536 2085 2909 2157; x_wconf 67' lang='grc' dir='ltr'><strong>πέοκάλυμμα</strong></span> <span class='ocrx_word' id='word_1_511' title='bbox 2935 2081 3037 2151; x_wconf 82' lang='grc' dir='ltr'><strong>τῆς</strong></span> <span class='ocrx_word' id='word_1_512' title='bbox 3071 2082 3320 2152; x_wconf 77' lang='grc' dir='ltr'>καθαρᾶς</span> <span class='ocrx_word' id='word_1_513' title='bbox 3369 2081 3476 2135; x_wconf 84' lang='grc' dir='ltr'><strong>τοῦ</strong></span> <span class='ocrx_word' id='word_1_514' title='bbox 3531 2079 3628 2134; x_wconf 83' lang='grc' dir='ltr'><strong>νοῦ</strong></span> <span class='ocrx_word' id='word_1_515' title='bbox 3673 2080 3793 2150; x_wconf 74' lang='grc' dir='ltr'>πρὸς</span> 
     </span>
    </p>
   </div>
   <div class='ocr_carea' id='block_1_74' title="bbox 2208 2171 3797 2247">
    <p class='ocr_par' dir='ltr' id='par_1_74' title="bbox 2208 2171 3797 2247">
     <span class='ocr_line' id='line_1_74' title="bbox 2208 2171 3797 2247; baseline -0.006 -16"><span class='ocrx_word' id='word_1_516' title='bbox 2208 2178 2277 2231; x_wconf 90' lang='grc' dir='ltr'><strong>τά</strong></span> <span class='ocrx_word' id='word_1_517' title='bbox 2305 2177 2474 2247; x_wconf 81' lang='grc' dir='ltr'>νοητὰ</span> <span class='ocrx_word' id='word_1_518' title='bbox 2502 2175 2828 2240; x_wconf 75' lang='grc' dir='ltr'>διαϐάσεως,</span> <span class='ocrx_word' id='word_1_519' title='bbox 2861 2175 2958 2227; x_wconf 67' lang='grc' dir='ltr'>καὶ</span> <span class='ocrx_word' id='word_1_520' title='bbox 2981 2173 3081 2243; x_wconf 85' lang='grc' dir='ltr'>τῆς</span> <span class='ocrx_word' id='word_1_521' title='bbox 3112 2172 3315 2244; x_wconf 80' lang='grc' dir='ltr'>σαρκὸς</span> <span class='ocrx_word' id='word_1_522' title='bbox 3336 2171 3406 2225; x_wconf 76' lang='grc' dir='ltr'><strong>τὸ</strong></span> <span class='ocrx_word' id='word_1_523' title='bbox 3425 2173 3597 2241; x_wconf 81' lang='grc' dir='ltr'>νέφος</span> <span class='ocrx_word' id='word_1_524' title='bbox 3613 2171 3676 2224; x_wconf 83' lang='grc' dir='ltr'><strong>τὸ</strong></span> <span class='ocrx_word' id='word_1_525' title='bbox 3699 2172 3797 2223; x_wconf 75' lang='grc' dir='ltr'>ἐπι-</span> 
     </span>
    </p>
   </div>
   <div class='ocr_carea' id='block_1_75' title="bbox 2213 2261 3796 2336">
    <p class='ocr_par' dir='ltr' id='par_1_75' title="bbox 2213 2261 3796 2336">
     <span class='ocr_line' id='line_1_75' title="bbox 2213 2261 3796 2336; baseline -0.004 -17"><span class='ocrx_word' id='word_1_526' title='bbox 2213 2266 2440 2320; x_wconf 78' lang='grc' dir='ltr'>σκοτοῦν</span> <span class='ocrx_word' id='word_1_527' title='bbox 2481 2264 2561 2336; x_wconf 81' lang='grc' dir='ltr'>τῷ</span> <span class='ocrx_word' id='word_1_528' title='bbox 2612 2261 2931 2336; x_wconf 77' lang='grc' dir='ltr'>ἡγεμονικῷ</span> <span class='ocrx_word' id='word_1_529' title='bbox 2971 2262 3072 2332; x_wconf 80' lang='grc' dir='ltr'>τῆς</span> <span class='ocrx_word' id='word_1_530' title='bbox 3109 2261 3288 2332; x_wconf 79' lang='grc' dir='ltr'>ψυχῆς</span> <span class='ocrx_word' id='word_1_531' title='bbox 3343 2261 3443 2315; x_wconf 84' lang='grc' dir='ltr'>διὰ</span> <span class='ocrx_word' id='word_1_532' title='bbox 3484 2261 3601 2314; x_wconf 86' lang='grc' dir='ltr'><strong>τῶν</strong></span> <span class='ocrx_word' id='word_1_533' title='bbox 3649 2261 3796 2328; x_wconf 81' lang='grc' dir='ltr'>αὐτῆς</span> 
     </span>
    </p>
   </div>
   <div class='ocr_carea' id='block_1_76' title="bbox 2211 2347 3796 2430">
    <p class='ocr_par' dir='ltr' id='par_1_76' title="bbox 2211 2347 3796 2430">
     <span class='ocr_line' id='line_1_76' title="bbox 2211 2347 3796 2430; baseline -0.006 -18"><span class='ocrx_word' id='word_1_534' title='bbox 2211 2359 2574 2430; x_wconf 85' lang='grc' dir='ltr'>παθημάτων,</span> <span class='ocrx_word' id='word_1_535' title='bbox 2625 2357 2714 2412; x_wconf 82' lang='grc' dir='ltr'>ἵνα</span> <span class='ocrx_word' id='word_1_536' title='bbox 2773 2355 2869 2410; x_wconf 72' lang='grc' dir='ltr'>καὶ</span> <span class='ocrx_word' id='word_1_537' title='bbox 2917 2354 3079 2420; x_wconf 77' lang='grc' dir='ltr'>αὐτὸς</span> <span class='ocrx_word' id='word_1_538' title='bbox 3125 2347 3202 2407; x_wconf 80' lang='grc' dir='ltr'>ὧν</span> <span class='ocrx_word' id='word_1_539' title='bbox 3238 2353 3527 2424; x_wconf 73' lang='grc' dir='ltr'>ἐπόθησεν</span> <span class='ocrx_word' id='word_1_540' title='bbox 3561 2353 3796 2424; x_wconf 75' lang='grc' dir='ltr'>ἀρρήτων</span> 
     </span>
    </p>
   </div>
   <div class='ocr_carea' id='block_1_77' title="bbox 2210 2441 3796 2520">
    <p class='ocr_par' dir='ltr' id='par_1_77' title="bbox 2210 2441 3796 2520">
     <span class='ocr_line' id='line_1_77' title="bbox 2210 2441 3796 2520; baseline -0.006 -16"><span class='ocrx_word' id='word_1_541' title='bbox 2210 2449 2433 2518; x_wconf 79' lang='grc' dir='ltr'>ἀγαθῶν</span> <span class='ocrx_word' id='word_1_542' title='bbox 2479 2449 2708 2520; x_wconf 77' lang='grc' dir='ltr'>μέτοχος</span> <span class='ocrx_word' id='word_1_543' title='bbox 2748 2447 3002 2516; x_wconf 86' lang='grc' dir='ltr'>γένηται,</span> <span class='ocrx_word' id='word_1_544' title='bbox 3047 2445 3122 2507; x_wconf 87' lang='grc' dir='ltr'>ὡς</span> <span class='ocrx_word' id='word_1_545' title='bbox 3167 2443 3398 2513; x_wconf 81' lang='grc' dir='ltr'>ἐφικτὸν</span> <span class='ocrx_word' id='word_1_546' title='bbox 3446 2443 3531 2515; x_wconf 82' lang='grc' dir='ltr'>τῷ</span> <span class='ocrx_word' id='word_1_547' title='bbox 3563 2443 3646 2496; x_wconf 77' lang='grc' dir='ltr'>ἔτι</span> <span class='ocrx_word' id='word_1_548' title='bbox 3678 2441 3796 2513; x_wconf 81' lang='grc' dir='ltr'>μετά</span> 
     </span>
    </p>
   </div>
   <div class='ocr_carea' id='block_1_78' title="bbox 2215 2534 3797 2613">
    <p class='ocr_par' dir='ltr' id='par_1_78' title="bbox 2215 2534 3797 2613">
     <span class='ocr_line' id='line_1_78' title="bbox 2215 2534 3797 2613; baseline -0.005 -18"><span class='ocrx_word' id='word_1_549' title='bbox 2215 2541 2420 2613; x_wconf 83' lang='grc' dir='ltr'>σαρκὸς</span> <span class='ocrx_word' id='word_1_550' title='bbox 2460 2543 2561 2611; x_wconf 83' lang='grc' dir='ltr'><strong>τῆς</strong></span> <span class='ocrx_word' id='word_1_551' title='bbox 2604 2538 2709 2593; x_wconf 84' lang='grc' dir='ltr'><strong>ὑπὸ</strong></span> <span class='ocrx_word' id='word_1_552' title='bbox 2740 2537 2970 2610; x_wconf 76' lang='grc' dir='ltr'>φθορὰν,</span> <span class='ocrx_word' id='word_1_553' title='bbox 3001 2537 3116 2591; x_wconf 54' lang='grc' dir='ltr'><strong>καί</strong></span> <span class='ocrx_word' id='word_1_554' title='bbox 3143 2537 3274 2607; x_wconf 83' lang='grc' dir='ltr'>ἡμῖν</span> <span class='ocrx_word' id='word_1_555' title='bbox 3302 2536 3455 2606; x_wconf 87' lang='grc' dir='ltr'>τάχα</span> <span class='ocrx_word' id='word_1_556' title='bbox 3504 2534 3620 2588; x_wconf 86' lang='grc' dir='ltr'><strong>τῶν</strong></span> <span class='ocrx_word' id='word_1_557' title='bbox 3646 2536 3797 2602; x_wconf 62' lang='lat' dir='ltr'><strong>imu-</strong></span> 
     </span>
    </p>
   </div>
   <div class='ocr_carea' id='block_1_79' title="bbox 2211 2623 3796 2702">
    <p class='ocr_par' dir='ltr' id='par_1_79' title="bbox 2211 2623 3796 2702">
     <span class='ocr_line' id='line_1_79' title="bbox 2211 2623 3796 2702; baseline -0.004 -18"><span class='ocrx_word' id='word_1_558' title='bbox 2211 2631 2491 2702; x_wconf 85' lang='grc' dir='ltr'>γελμένων</span> <span class='ocrx_word' id='word_1_559' title='bbox 2519 2629 2711 2702; x_wconf 74' lang='grc' dir='ltr'>βεϐαία</span> <span class='ocrx_word' id='word_1_560' title='bbox 2737 2623 2966 2699; x_wconf 85' lang='grc' dir='ltr'>γένηται</span> <span class='ocrx_word' id='word_1_561' title='bbox 2991 2629 3276 2693; x_wconf 85' lang='grc' dir='ltr'>πίστωσις.</span> <span class='ocrx_word' id='word_1_562' title='bbox 3302 2628 3488 2682; x_wconf 89' lang='grc' dir='ltr'>Τοῦτο</span> <span class='ocrx_word' id='word_1_563' title='bbox 3522 2627 3635 2699; x_wconf 85' lang='grc' dir='ltr'>γὰρ</span> <span class='ocrx_word' id='word_1_564' title='bbox 3667 2623 3796 2694; x_wconf 83' lang='grc' dir='ltr'>αὐτῷ</span> 
     </span>
    </p>
   </div>
   <div class='ocr_carea' id='block_1_80' title="bbox 2211 2717 3788 2790">
    <p class='ocr_par' dir='ltr' id='par_1_80' title="bbox 2211 2717 3788 2790">
     <span class='ocr_line' id='line_1_80' title="bbox 2211 2717 3788 2790; baseline -0.004 -13"><span class='ocrx_word' id='word_1_565' title='bbox 2211 2723 2304 2777; x_wconf 79' lang='grc' dir='ltr'><strong>καὶ</strong></span> <span class='ocrx_word' id='word_1_566' title='bbox 2330 2725 2360 2776; x_wconf 88' lang='grc' dir='ltr'><strong>ό</strong></span> <span class='ocrx_word' id='word_1_567' title='bbox 2387 2722 2520 2786; x_wconf 80' lang='grc' dir='ltr'>Θεὸς</span> <span class='ocrx_word' id='word_1_568' title='bbox 2549 2721 2836 2775; x_wconf 79' lang='grc' dir='ltr'>ὑπετίθετο</span> <span class='ocrx_word' id='word_1_569' title='bbox 2866 2720 2955 2773; x_wconf 71' lang='grc' dir='ltr'><strong>διὰ</strong></span> <span class='ocrx_word' id='word_1_570' title='bbox 2984 2719 3093 2773; x_wconf 89' lang='grc' dir='ltr'><strong>τῶν</strong></span> <span class='ocrx_word' id='word_1_571' title='bbox 3115 2719 3258 2773; x_wconf 80' lang='grc' dir='ltr'>οὕτω</span> <span class='ocrx_word' id='word_1_572' title='bbox 3288 2717 3590 2790; x_wconf 85' lang='grc' dir='ltr'>μυστικῶς</span> <span class='ocrx_word' id='word_1_573' title='bbox 3617 2717 3788 2787; x_wconf 82' lang='grc' dir='ltr'>δεδρα-</span> 
     </span>
    </p>
   </div>
   <div class='ocr_carea' id='block_1_81' title="bbox 2217 2807 3793 2886">
    <p class='ocr_par' dir='ltr' id='par_1_81' title="bbox 2217 2807 3793 2886">
     <span class='ocr_line' id='line_1_81' title="bbox 2217 2807 3793 2886; baseline -0.006 -20"><span class='ocrx_word' id='word_1_574' title='bbox 2217 2810 2687 2886; x_wconf 87' lang='grc' dir='ltr'>ματουργημένων</span> <span class='ocrx_word' id='word_1_575' title='bbox 2735 2809 3024 2881; x_wconf 86' lang='grc' dir='ltr'>ἀλαλήτως</span> <span class='ocrx_word' id='word_1_576' title='bbox 3070 2809 3229 2880; x_wconf 86' lang='grc' dir='ltr'>βοῶν,</span> <span class='ocrx_word' id='word_1_577' title='bbox 3266 2811 3352 2864; x_wconf 86' lang='grc' dir='ltr'>ὅτι</span> <span class='ocrx_word' id='word_1_578' title='bbox 3399 2809 3616 2874; x_wconf 78' lang='grc' dir='ltr'>παντὸς</span> <span class='ocrx_word' id='word_1_579' title='bbox 3651 2807 3793 2862; x_wconf 76' lang='grc' dir='ltr'>ἄλλου</span> 
     </span>
    </p>
   </div>
   <div class='ocr_carea' id='block_1_82' title="bbox 2211 2889 3790 2971">
    <p class='ocr_par' dir='ltr' id='par_1_82' title="bbox 2211 2889 3790 2971">
     <span class='ocr_line' id='line_1_82' title="bbox 2211 2889 3790 2971; baseline -0.006 -15"><span class='ocrx_word' id='word_1_580' title='bbox 2211 2900 2423 2971; x_wconf 83' lang='grc' dir='ltr'>ἀγαθοῦ</span> <span class='ocrx_word' id='word_1_581' title='bbox 2454 2901 2515 2954; x_wconf 88' lang='grc' dir='ltr'><strong>τδ</strong></span> <span class='ocrx_word' id='word_1_582' title='bbox 2547 2899 2687 2971; x_wconf 87' lang='grc' dir='ltr'><strong>μετά</strong></span> <span class='ocrx_word' id='word_1_583' title='bbox 2715 2897 2853 2952; x_wconf 90' lang='grc' dir='ltr'>Θεοῦ</span> <span class='ocrx_word' id='word_1_584' title='bbox 2883 2898 3047 2970; x_wconf 83' lang='grc' dir='ltr'>μόνου</span> <span class='ocrx_word' id='word_1_585' title='bbox 3081 2898 3171 2952; x_wconf 76' lang='grc' dir='ltr'>διὰ</span> <span class='ocrx_word' id='word_1_586' title='bbox 3224 2898 3326 2969; x_wconf 84' lang='grc' dir='ltr'>τῆς</span> <span class='ocrx_word' id='word_1_587' title='bbox 3377 2897 3617 2970; x_wconf 83' lang='grc' dir='ltr'>είρήνης</span> <span class='ocrx_word' id='word_1_588' title='bbox 3666 2889 3790 2948; x_wconf 76' lang='grc' dir='ltr'>εἶναι</span> 
     </span>
    </p>
   </div>
   <div class='ocr_carea' id='block_1_83' title="bbox 2209 2991 2673 3064">
    <p class='ocr_par' dir='ltr' id='par_1_83' title="bbox 2209 2991 2673 3064">
     <span class='ocr_line' id='line_1_83' title="bbox 2209 2991 2673 3064; baseline 0 -18"><span class='ocrx_word' id='word_1_589' title='bbox 2209 2991 2673 3064; x_wconf 87' lang='grc' dir='ltr'>λυσιτελέστερον.</span> 
     </span>
    </p>
   </div>
   <div class='ocr_carea' id='block_1_84' title="bbox 2279 3295 3784 3373">
    <p class='ocr_par' dir='ltr' id='par_1_84' title="bbox 2279 3295 3784 3373">
     <span class='ocr_line' id='line_1_84' title="bbox 2279 3295 3784 3373; baseline -0.006 -15"><span class='ocrx_word' id='word_1_590' title='bbox 2279 3304 2466 3367; x_wconf 81' lang='grc' dir='ltr'>Οὕτως</span> <span class='ocrx_word' id='word_1_591' title='bbox 2511 3306 2540 3358; x_wconf 83' lang='grc' dir='ltr'><strong>ὁ</strong></span> <span class='ocrx_word' id='word_1_592' title='bbox 2597 3301 2789 3357; x_wconf 84' lang='grc' dir='ltr'>τούτου</span> <span class='ocrx_word' id='word_1_593' title='bbox 2851 3300 3098 3373; x_wconf 80' lang='grc' dir='ltr'>μαθητὴς</span> <span class='ocrx_word' id='word_1_594' title='bbox 3153 3301 3250 3355; x_wconf 86' lang='grc' dir='ltr'>καὶ</span> <span class='ocrx_word' id='word_1_595' title='bbox 3299 3300 3649 3372; x_wconf 86' lang='grc' dir='ltr'>κληρονόμος</span> <span class='ocrx_word' id='word_1_596' title='bbox 3699 3295 3784 3351; x_wconf 82' lang='grc' dir='ltr'><strong>τοῦ</strong></span> 
     </span>
    </p>
   </div>
   <div class='ocr_carea' id='block_1_85' title="bbox 2210 3393 3785 3467">
    <p class='ocr_par' dir='ltr' id='par_1_85' title="bbox 2210 3393 3785 3467">
     <span class='ocr_line' id='line_1_85' title="bbox 2210 3393 3785 3467; baseline -0.004 -20"><span class='ocrx_word' id='word_1_597' title='bbox 2210 3397 2520 3467; x_wconf 86' lang='grc' dir='ltr'>πνεύματος</span> <span class='ocrx_word' id='word_1_598' title='bbox 2555 3395 2854 3459; x_wconf 80' lang='grc' dir='ltr'>Ἐλισσαῖος</span> <span class='ocrx_word' id='word_1_599' title='bbox 2908 3393 3104 3464; x_wconf 83' lang='grc' dir='ltr'>μηκέτι</span> <span class='ocrx_word' id='word_1_600' title='bbox 3145 3395 3267 3457; x_wconf 86' lang='grc' dir='ltr'>ταῖς</span> <span class='ocrx_word' id='word_1_601' title='bbox 3310 3393 3538 3457; x_wconf 83' lang='grc' dir='ltr'>ὑλικαῖς</span> <span class='ocrx_word' id='word_1_602' title='bbox 3599 3406 3785 3461; x_wconf 82' lang='grc' dir='ltr'>φαντα-</span> 
     </span>
    </p>
   </div>
   <div class='ocr_carea' id='block_1_86' title="bbox 2211 3479 3785 3555">
    <p class='ocr_par' dir='ltr' id='par_1_86' title="bbox 2211 3479 3785 3555">
     <span class='ocr_line' id='line_1_86' title="bbox 2211 3479 3785 3555; baseline -0.006 -17"><span class='ocrx_word' id='word_1_603' title='bbox 2211 3485 2355 3548; x_wconf 90' lang='grc' dir='ltr'>σίαις</span> <span class='ocrx_word' id='word_1_604' title='bbox 2387 3485 2654 3555; x_wconf 81' lang='grc' dir='ltr'>ἐχομένην</span> <span class='ocrx_word' id='word_1_605' title='bbox 2695 3483 2836 3555; x_wconf 74' lang='grc' dir='ltr'>ἔχων</span> <span class='ocrx_word' id='word_1_606' title='bbox 2873 3483 2942 3536; x_wconf 83' lang='grc' dir='ltr'>δι’</span> <span class='ocrx_word' id='word_1_607' title='bbox 2964 3482 3246 3554; x_wconf 71' lang='grc' dir='ltr'>ἐνεργείας</span> <span class='ocrx_word' id='word_1_608' title='bbox 3266 3481 3364 3553; x_wconf 78' lang='grc' dir='ltr'>τὴν</span> <span class='ocrx_word' id='word_1_609' title='bbox 3383 3483 3672 3552; x_wconf 82' lang='grc' dir='ltr'>αἴσθησιν,</span> <span class='ocrx_word' id='word_1_610' title='bbox 3702 3479 3785 3533; x_wconf 63' lang='lat' dir='ltr'><strong>ire</strong></span> 
     </span>
    </p>
   </div>
   <div class='ocr_carea' id='block_1_87' title="bbox 2209 3565 3788 3640">
    <p class='ocr_par' dir='ltr' id='par_1_87' title="bbox 2209 3565 3788 3640">
     <span class='ocr_line' id='line_1_87' title="bbox 2209 3565 3788 3640; baseline -0.003 -17"><span class='ocrx_word' id='word_1_611' title='bbox 2209 3569 2562 3623; x_wconf 80' lang='grc' dir='ltr'>διασαθετσαν</span> <span class='ocrx_word' id='word_1_612' title='bbox 2606 3569 2707 3640; x_wconf 65' lang='grc' dir='ltr'>ἤδη</span> <span class='ocrx_word' id='word_1_613' title='bbox 2743 3572 2862 3633; x_wconf 78' lang='grc' dir='ltr'>ταῖς</span> <span class='ocrx_word' id='word_1_614' title='bbox 2903 3569 3047 3623; x_wconf 84' lang='grc' dir='ltr'>κατὰ</span> <span class='ocrx_word' id='word_1_615' title='bbox 3080 3568 3205 3623; x_wconf 84' lang='grc' dir='ltr'>νοῦν</span> <span class='ocrx_word' id='word_1_616' title='bbox 3232 3570 3326 3623; x_wconf 90' lang='grc' dir='ltr'><strong>τοῦ</strong></span> <span class='ocrx_word' id='word_1_617' title='bbox 3360 3569 3679 3640; x_wconf 79' lang='grc' dir='ltr'>πνεύματος</span> <span class='ocrx_word' id='word_1_618' title='bbox 3706 3565 3788 3636; x_wconf 83' lang='grc' dir='ltr'>χά-</span> 
     </span>
    </p>
   </div>
   <div class='ocr_carea' id='block_1_88' title="bbox 2217 3659 3784 3732">
    <p class='ocr_par' dir='ltr' id='par_1_88' title="bbox 2217 3659 3784 3732">
     <span class='ocr_line' id='line_1_88' title="bbox 2217 3659 3784 3732; baseline -0.004 -18"><span class='ocrx_word' id='word_1_619' title='bbox 2217 3679 2350 3732; x_wconf 90' lang='grc' dir='ltr'>ρισι,</span> <span class='ocrx_word' id='word_1_620' title='bbox 2385 3663 2485 3725; x_wconf 86' lang='grc' dir='ltr'>τὰς</span> <span class='ocrx_word' id='word_1_621' title='bbox 2513 3664 2634 3723; x_wconf 87' lang='grc' dir='ltr'>ταῖς</span> <span class='ocrx_word' id='word_1_622' title='bbox 2663 3664 2929 3732; x_wconf 85' lang='grc' dir='ltr'>πονηραῖς</span> <span class='ocrx_word' id='word_1_623' title='bbox 2969 3659 3281 3724; x_wconf 79' lang='grc' dir='ltr'>ἀντιθέτους</span> <span class='ocrx_word' id='word_1_624' title='bbox 3331 3660 3490 3726; x_wconf 87' lang='grc' dir='ltr'>θείας</span> <span class='ocrx_word' id='word_1_625' title='bbox 3537 3660 3784 3729; x_wconf 85' lang='grc' dir='ltr'>δυνάμεις</span> 
     </span>
    </p>
   </div>
   <div class='ocr_carea' id='block_1_89' title="bbox 2212 3745 3784 3821">
    <p class='ocr_par' dir='ltr' id='par_1_89' title="bbox 2212 3745 3784 3821">
     <span class='ocr_line' id='line_1_89' title="bbox 2212 3745 3784 3821; baseline -0.001 -22"><span class='ocrx_word' id='word_1_626' title='bbox 2212 3748 2341 3818; x_wconf 80' lang='grc' dir='ltr'>περὶ</span> <span class='ocrx_word' id='word_1_627' title='bbox 2372 3747 2536 3802; x_wconf 83' lang='grc' dir='ltr'>αὐτὸν</span> <span class='ocrx_word' id='word_1_628' title='bbox 2556 3746 2722 3812; x_wconf 77' lang='grc' dir='ltr'>οὔσας</span> <span class='ocrx_word' id='word_1_629' title='bbox 2743 3748 2810 3802; x_wconf 90' lang='grc' dir='ltr'>δι’</span> <span class='ocrx_word' id='word_1_630' title='bbox 2837 3748 3004 3819; x_wconf 83' lang='grc' dir='ltr'>ἄλλης</span> <span class='ocrx_word' id='word_1_631' title='bbox 3029 3748 3297 3819; x_wconf 86' lang='grc' dir='ltr'>ὀμμάτων</span> <span class='ocrx_word' id='word_1_632' title='bbox 3319 3749 3612 3821; x_wconf 79' lang='grc' dir='ltr'>ἐνεργείας</span> <span class='ocrx_word' id='word_1_633' title='bbox 3634 3745 3784 3807; x_wconf 84' lang='grc' dir='ltr'>αὑτός</span> 
     </span>
    </p>
   </div>
   <div class='ocr_carea' id='block_1_90' title="bbox 2213 3836 3786 3911">
    <p class='ocr_par' dir='ltr' id='par_1_90' title="bbox 2213 3836 3786 3911">
     <span class='ocr_line' id='line_1_90' title="bbox 2213 3836 3786 3911; baseline -0.001 -22"><span class='ocrx_word' id='word_1_634' title='bbox 2213 3853 2272 3889; x_wconf 89' lang='grc' dir='ltr'><strong>τε</strong></span> <span class='ocrx_word' id='word_1_635' title='bbox 2301 3836 2442 3906; x_wconf 75' lang='grc' dir='ltr'>ἐρῶν</span> <span class='ocrx_word' id='word_1_636' title='bbox 2483 3837 2578 3888; x_wconf 74' lang='grc' dir='ltr'><strong>καὶ</strong></span> <span class='ocrx_word' id='word_1_637' title='bbox 2611 3837 2688 3906; x_wconf 82' lang='grc' dir='ltr'>τῷ</span> <span class='ocrx_word' id='word_1_638' title='bbox 2734 3841 2963 3908; x_wconf 84' lang='grc' dir='ltr'>φοιτητῇ</span> <span class='ocrx_word' id='word_1_639' title='bbox 2995 3838 3053 3891; x_wconf 80' lang='grc' dir='ltr'><strong>τὸ</strong></span> <span class='ocrx_word' id='word_1_640' title='bbox 3082 3840 3226 3908; x_wconf 73' lang='grc' dir='ltr'>ὁρᾷν</span> <span class='ocrx_word' id='word_1_641' title='bbox 3257 3841 3621 3911; x_wconf 77' lang='grc' dir='ltr'>χαριζόμενος</span> <span class='ocrx_word' id='word_1_642' title='bbox 3651 3840 3786 3906; x_wconf 87' lang='grc' dir='ltr'>ίσχυ-</span> 
     </span>
    </p>
   </div>
   <div class='ocr_carea' id='block_1_91' title="bbox 2219 3926 3789 4002">
    <p class='ocr_par' dir='ltr' id='par_1_91' title="bbox 2219 3926 3789 4002">
     <span class='ocr_line' id='line_1_91' title="bbox 2219 3926 3789 4002; baseline 0.006 -24"><span class='ocrx_word' id='word_1_643' title='bbox 2219 3928 2442 3998; x_wconf 81' lang='grc' dir='ltr'>ροτέραν</span> <span class='ocrx_word' id='word_1_644' title='bbox 2477 3926 2576 3996; x_wconf 80' lang='grc' dir='ltr'>τῆς</span> <span class='ocrx_word' id='word_1_645' title='bbox 2625 3929 2910 3992; x_wconf 83' lang='grc' dir='ltr'>ἀσθενείας</span> <span class='ocrx_word' id='word_1_646' title='bbox 2969 3929 3067 4002; x_wconf 82' lang='grc' dir='ltr'><strong>τὴν</strong></span> <span class='ocrx_word' id='word_1_647' title='bbox 3109 3929 3362 4000; x_wconf 80' lang='grc' dir='ltr'>δύναμιν,</span> <span class='ocrx_word' id='word_1_648' title='bbox 3402 3931 3556 4002; x_wconf 86' lang='grc' dir='ltr'>λέγω</span> <span class='ocrx_word' id='word_1_649' title='bbox 3601 3929 3663 3999; x_wconf 77' lang='grc' dir='ltr'>δὴ</span> <span class='ocrx_word' id='word_1_650' title='bbox 3702 3929 3789 3996; x_wconf 83' lang='grc' dir='ltr'><strong>τῆς</strong></span> 
     </span>
    </p>
   </div>
   <div class='ocr_carea' id='block_1_92' title="bbox 2214 4019 3786 4096">
    <p class='ocr_par' dir='ltr' id='par_1_92' title="bbox 2214 4019 3786 4096">
     <span class='ocr_line' id='line_1_92' title="bbox 2214 4019 3786 4096; baseline -0.015 -1"><span class='ocrx_word' id='word_1_651' title='bbox 2214 4021 2401 4093; x_wconf 69' lang='lat' dir='ltr'><strong>(1M-</strong></span> <span class='ocrx_word' id='word_1_652' title='bbox 2429 4021 2485 4093; x_wconf 85' lang='grc' dir='ltr'><strong>α)</strong></span> <span class='ocrx_word' id='word_1_653' title='bbox 2517 4021 2737 4094; x_wconf 75' lang='grc' dir='ltr'>σαρκὸς,</span> <span class='ocrx_word' id='word_1_654' title='bbox 2790 4024 2916 4095; x_wconf 75' lang='grc' dir='ltr'>περὶ</span> <span class='ocrx_word' id='word_1_655' title='bbox 2966 4023 3034 4094; x_wconf 80' lang='grc' dir='ltr'>ἢν</span> <span class='ocrx_word' id='word_1_656' title='bbox 3083 4024 3182 4093; x_wconf 81' lang='grc' dir='ltr'><strong>τῆς</strong></span> <span class='ocrx_word' id='word_1_657' title='bbox 3233 4026 3506 4096; x_wconf 81' lang='grc' dir='ltr'>πονηρίας</span> <span class='ocrx_word' id='word_1_658' title='bbox 3547 4025 3615 4077; x_wconf 79' lang='grc' dir='ltr'>τὰ</span> <span class='ocrx_word' id='word_1_659' title='bbox 3645 4019 3786 4074; x_wconf 83' lang='grc' dir='ltr'>πνεύ-</span> 
     </span>
    </p>
   </div>
   <div class='ocr_carea' id='block_1_93' title="bbox 2218 4113 3785 4187">
    <p class='ocr_par' dir='ltr' id='par_1_93' title="bbox 2218 4113 3785 4187">
     <span class='ocr_line' id='line_1_93' title="bbox 2218 4113 3785 4187; baseline 0.001 -21"><span class='ocrx_word' id='word_1_660' title='bbox 2218 4131 2363 4183; x_wconf 88' lang='grc' dir='ltr'>ματα</span> <span class='ocrx_word' id='word_1_661' title='bbox 2389 4113 2481 4166; x_wconf 86' lang='grc' dir='ltr'><strong>τὸν</strong></span> <span class='ocrx_word' id='word_1_662' title='bbox 2515 4113 2822 4184; x_wconf 84' lang='grc' dir='ltr'>διορατικὸν</span> <span class='ocrx_word' id='word_1_663' title='bbox 2849 4114 2974 4168; x_wconf 93' lang='grc' dir='ltr'>νοῦν</span> <span class='ocrx_word' id='word_1_664' title='bbox 3023 4116 3384 4187; x_wconf 80' lang='grc' dir='ltr'>ἐνεδρεύουσι,</span> <span class='ocrx_word' id='word_1_665' title='bbox 3442 4118 3610 4172; x_wconf 84' lang='grc' dir='ltr'>πλέον</span> <span class='ocrx_word' id='word_1_666' title='bbox 3655 4116 3785 4186; x_wconf 83' lang='grc' dir='ltr'>ἔχειν</span> 
     </span>
    </p>
   </div>
   <div class='ocr_carea' id='block_1_94' title="bbox 2218 4205 3782 4279">
    <p class='ocr_par' dir='ltr' id='par_1_94' title="bbox 2218 4205 3782 4279">
     <span class='ocr_line' id='line_1_94' title="bbox 2218 4205 3782 4279; baseline 0.001 -22"><span class='ocrx_word' id='word_1_667' title='bbox 2218 4206 2319 4274; x_wconf 87' lang='grc' dir='ltr'><strong>τὴν</strong></span> <span class='ocrx_word' id='word_1_668' title='bbox 2346 4205 2544 4275; x_wconf 79' lang='grc' dir='ltr'>ψυχὴν,</span> <span class='ocrx_word' id='word_1_669' title='bbox 2582 4207 2710 4276; x_wconf 73' lang='grc' dir='ltr'>περὶ</span> <span class='ocrx_word' id='word_1_670' title='bbox 2737 4207 2803 4276; x_wconf 86' lang='grc' dir='ltr'>ἢν</span> <span class='ocrx_word' id='word_1_671' title='bbox 2830 4205 2940 4259; x_wconf 91' lang='grc' dir='ltr'><strong>τῶν</strong></span> <span class='ocrx_word' id='word_1_672' title='bbox 2963 4207 3214 4273; x_wconf 86' lang='grc' dir='ltr'>ἀγγέλων</span> <span class='ocrx_word' id='word_1_673' title='bbox 3249 4209 3304 4261; x_wconf 87' lang='grc' dir='ltr'><strong>αί</strong></span> <span class='ocrx_word' id='word_1_674' title='bbox 3341 4210 3624 4279; x_wconf 85' lang='grc' dir='ltr'>φάλαγγες</span> <span class='ocrx_word' id='word_1_675' title='bbox 3653 4221 3782 4272; x_wconf 65' lang='grc' dir='ltr'>παρα</span> 
     </span>
    </p>
   </div>
   <div class='ocr_carea' id='block_1_95' title="bbox 2215 4290 3779 4373">
    <p class='ocr_par' dir='ltr' id='par_1_95' title="bbox 2215 4290 3779 4373">
     <span class='ocr_line' id='line_1_95' title="bbox 2215 4290 3779 4373; baseline 0.008 -27"><span class='ocrx_word' id='word_1_676' title='bbox 2215 4294 2600 4363; x_wconf 76' lang='grc' dir='ltr'>εμεάλλουσιν,</span> <span class='ocrx_word' id='word_1_677' title='bbox 2657 4290 2766 4348; x_wconf 81' lang='grc' dir='ltr'>οἷον</span> <span class='ocrx_word' id='word_1_678' title='bbox 2803 4294 3088 4367; x_wconf 80' lang='grc' dir='ltr'>βασιλικὴν</span> <span class='ocrx_word' id='word_1_679' title='bbox 3125 4299 3312 4352; x_wconf 75' lang='grc' dir='ltr'>εἰκόνα</span> <span class='ocrx_word' id='word_1_680' title='bbox 3358 4300 3779 4373; x_wconf 68' lang='grc' dir='ltr'>περιϊστάμενοι.</span> 
     </span>
    </p>
   </div>
   <div class='ocr_carea' id='block_1_96' title="bbox 2211 4383 3080 4440">
    <p class='ocr_par' dir='ltr' id='par_1_96' title="bbox 2211 4383 3080 4440">
     <span class='ocr_line' id='line_1_96' title="bbox 2211 4383 3080 4440; baseline 0.001 -1"><span class='ocrx_word' id='word_1_681' title='bbox 2211 4387 2302 4440; x_wconf 72' lang='grc' dir='ltr'><strong>καὶ</strong></span> <span class='ocrx_word' id='word_1_682' title='bbox 2329 4386 2636 4440; x_wconf 81' lang='grc' dir='ltr'>ἐδιδάσκετο</span> <span class='ocrx_word' id='word_1_683' title='bbox 2662 4385 2757 4438; x_wconf 81' lang='grc' dir='ltr'>καὶ</span> <span class='ocrx_word' id='word_1_684' title='bbox 2783 4383 3080 4440; x_wconf 77' lang='grc' dir='ltr'>ἐδίδασκεν.</span> 
     </span>
    </p>
   </div>
   <div class='ocr_carea' id='block_1_97' title="bbox 2355 4590 3649 4665">
    <p class='ocr_par' dir='ltr' id='par_1_97' title="bbox 2355 4590 3649 4665">
     <span class='ocr_line' id='line_1_97' title="bbox 2355 4590 3649 4665; baseline -0.006 -15"><span class='ocrx_word' id='word_1_685' title='bbox 2355 4595 2576 4665; x_wconf 75' lang='grc' dir='ltr'>Θεωρία</span> <span class='ocrx_word' id='word_1_686' title='bbox 2599 4594 2686 4660; x_wconf 87' lang='grc' dir='ltr'><strong>είς</strong></span> <span class='ocrx_word' id='word_1_687' title='bbox 2709 4592 2823 4660; x_wconf 77' lang='grc' dir='ltr'><strong>τὴν</strong></span> <span class='ocrx_word' id='word_1_688' title='bbox 2856 4593 3073 4645; x_wconf 81' lang='grc' dir='ltr'><em>Ἅνναν</em></span> <span class='ocrx_word' id='word_1_689' title='bbox 3095 4591 3191 4645; x_wconf 81' lang='grc' dir='ltr'>καὶ</span> <span class='ocrx_word' id='word_1_690' title='bbox 3217 4593 3322 4646; x_wconf 81' lang='grc' dir='ltr'><strong>τὸν</strong></span> <span class='ocrx_word' id='word_1_691' title='bbox 3345 4590 3649 4664; x_wconf 79' lang='grc' dir='ltr'>Σαμουήλ.</span> 
     </span>
    </p>
   </div>
   <div class='ocr_carea' id='block_1_98' title="bbox 2283 4701 3774 4776">
    <p class='ocr_par' dir='ltr' id='par_1_98' title="bbox 2283 4701 3774 4776">
     <span class='ocr_line' id='line_1_98' title="bbox 2283 4701 3774 4776; baseline -0.009 -14"><span class='ocrx_word' id='word_1_692' title='bbox 2283 4707 2440 4762; x_wconf 87' lang='grc' dir='ltr'>Οῦτω</span> <span class='ocrx_word' id='word_1_693' title='bbox 2473 4709 2568 4760; x_wconf 70' lang='grc' dir='ltr'><strong>καὶ</strong></span> <span class='ocrx_word' id='word_1_694' title='bbox 2601 4708 2632 4776; x_wconf 86' lang='grc' dir='ltr'>ἠ</span> <span class='ocrx_word' id='word_1_695' title='bbox 2672 4704 2924 4775; x_wconf 85' lang='grc' dir='ltr'>μακαρία</span> <span class='ocrx_word' id='word_1_696' title='bbox 2953 4706 3179 4774; x_wconf 77' lang='grc' dir='ltr'>Ἀνναὴ</span> <span class='ocrx_word' id='word_1_697' title='bbox 3213 4703 3308 4758; x_wconf 88' lang='grc' dir='ltr'><strong>τοῦ</strong></span> <span class='ocrx_word' id='word_1_698' title='bbox 3337 4706 3579 4774; x_wconf 83' lang='grc' dir='ltr'>μεγάλου</span> <span class='ocrx_word' id='word_1_699' title='bbox 3604 4701 3774 4773; x_wconf 74' lang='grc' dir='ltr'>μήτηρ</span> 
     </span>
    </p>
   </div>
   <div class='ocr_carea' id='block_1_99' title="bbox 2211 4784 3770 4872">
    <p class='ocr_par' dir='ltr' id='par_1_99' title="bbox 2211 4784 3770 4872">
     <span class='ocr_line' id='line_1_99' title="bbox 2211 4784 3770 4872; baseline -0.011 -17"><span class='ocrx_word' id='word_1_700' title='bbox 2211 4801 2484 4872; x_wconf 83' lang='grc' dir='ltr'>Σαμουὴλ,</span> <span class='ocrx_word' id='word_1_701' title='bbox 2527 4802 2712 4870; x_wconf 80' lang='grc' dir='ltr'>στεῖρα</span> <span class='ocrx_word' id='word_1_702' title='bbox 2734 4793 2869 4851; x_wconf 81' lang='grc' dir='ltr'>οὖσα</span> <span class='ocrx_word' id='word_1_703' title='bbox 2907 4799 2999 4851; x_wconf 65' lang='grc' dir='ltr'>καὶ</span> <span class='ocrx_word' id='word_1_704' title='bbox 3037 4797 3282 4860; x_wconf 77' lang='grc' dir='ltr'>ἄτεκνος,</span> <span class='ocrx_word' id='word_1_705' title='bbox 3330 4797 3484 4867; x_wconf 72' lang='grc' dir='ltr'>παρὰ</span> <span class='ocrx_word' id='word_1_706' title='bbox 3515 4795 3608 4850; x_wconf 88' lang='grc' dir='ltr'><strong>τοῦ</strong></span> <span class='ocrx_word' id='word_1_707' title='bbox 3650 4784 3770 4844; x_wconf 84' lang='grc' dir='ltr'>Θεοῦ</span> 
     </span>
    </p>
   </div>
   <div class='ocr_carea' id='block_1_100' title="bbox 2211 4882 3772 4966">
    <p class='ocr_par' dir='ltr' id='par_1_100' title="bbox 2211 4882 3772 4966">
     <span class='ocr_line' id='line_1_100' title="bbox 2211 4882 3772 4966; baseline -0.01 -16"><span class='ocrx_word' id='word_1_708' title='bbox 2211 4893 2422 4966; x_wconf 74' lang='grc' dir='ltr'>καρπὸν</span> <span class='ocrx_word' id='word_1_709' title='bbox 2473 4890 2814 4962; x_wconf 70' lang='grc' dir='ltr'>αἰτησαμένη</span> <span class='ocrx_word' id='word_1_710' title='bbox 2848 4888 3077 4954; x_wconf 90' lang='grc' dir='ltr'>κοιλίας,</span> <span class='ocrx_word' id='word_1_711' title='bbox 3107 4890 3201 4943; x_wconf 69' lang='grc' dir='ltr'>καὶ</span> <span class='ocrx_word' id='word_1_712' title='bbox 3233 4889 3555 4943; x_wconf 84' lang='grc' dir='ltr'>ἀντιδώσειν</span> <span class='ocrx_word' id='word_1_713' title='bbox 3577 4885 3666 4940; x_wconf 75' lang='grc' dir='ltr'>καὶ</span> <span class='ocrx_word' id='word_1_714' title='bbox 3690 4882 3772 4936; x_wconf 88' lang='grc' dir='ltr'>ἀν·</span> 
     </span>
    </p>
   </div>
   <div class='ocr_carea' id='block_1_101' title="bbox 2211 4971 3768 5053">
    <p class='ocr_par' dir='ltr' id='par_1_101' title="bbox 2211 4971 3768 5053">
     <span class='ocr_line' id='line_1_101' title="bbox 2211 4971 3768 5053; baseline -0.001 -19"><span class='ocrx_word' id='word_1_715' title='bbox 2211 4980 2588 5053; x_wconf 80' lang='grc' dir='ltr'>τιχαρίζεσθαι</span> <span class='ocrx_word' id='word_1_716' title='bbox 2615 4982 2675 5033; x_wconf 78' lang='grc' dir='ltr'><strong>τὸ</strong></span> <span class='ocrx_word' id='word_1_717' title='bbox 2712 4979 3072 5049; x_wconf 82' lang='grc' dir='ltr'>δοθησόμενον</span> <span class='ocrx_word' id='word_1_718' title='bbox 3103 4979 3182 5049; x_wconf 82' lang='grc' dir='ltr'><strong>τῷ</strong></span> <span class='ocrx_word' id='word_1_719' title='bbox 3205 4979 3404 5032; x_wconf 83' lang='grc' dir='ltr'>διδόντι</span> <span class='ocrx_word' id='word_1_720' title='bbox 3433 4979 3538 5033; x_wconf 70' lang='grc' dir='ltr'>καὶ·</span> <span class='ocrx_word' id='word_1_721' title='bbox 3567 4971 3768 5046; x_wconf 75' lang='grc' dir='ltr'>χαριζο-</span> 
     </span>
    </p>
   </div>
   <div class='ocr_carea' id='block_1_102' title="bbox 2220 5058 3770 5144">
    <p class='ocr_par' dir='ltr' id='par_1_102' title="bbox 2220 5058 3770 5144">
     <span class='ocr_line' id='line_1_102' title="bbox 2220 5058 3770 5144; baseline -0.004 -20"><span class='ocrx_word' id='word_1_722' title='bbox 2220 5074 2367 5144; x_wconf 82' lang='grc' dir='ltr'>μένῳ</span> <span class='ocrx_word' id='word_1_723' title='bbox 2410 5071 2528 5141; x_wconf 85' lang='grc' dir='ltr'><strong>Θεῷ</strong></span> <span class='ocrx_word' id='word_1_724' title='bbox 2565 5071 2652 5122; x_wconf 79' lang='grc' dir='ltr'>διὰ</span> <span class='ocrx_word' id='word_1_725' title='bbox 2684 5071 2781 5140; x_wconf 84' lang='grc' dir='ltr'>τῆς</span> <span class='ocrx_word' id='word_1_726' title='bbox 2821 5071 2881 5122; x_wconf 87' lang='grc' dir='ltr'><strong>ἐν</strong></span> <span class='ocrx_word' id='word_1_727' title='bbox 2925 5069 3003 5140; x_wconf 86' lang='grc' dir='ltr'>τῷ</span> <span class='ocrx_word' id='word_1_728' title='bbox 3035 5068 3146 5138; x_wconf 83' lang='grc' dir='ltr'>ναῷ</span> <span class='ocrx_word' id='word_1_729' title='bbox 3187 5070 3543 5141; x_wconf 86' lang='grc' dir='ltr'>προσεδρείας</span> <span class='ocrx_word' id='word_1_730' title='bbox 3572 5058 3770 5135; x_wconf 76' lang='grc' dir='ltr'>θερμῶς</span> 
     </span>
    </p>
   </div>
   <div class='ocr_carea' id='block_1_103' title="bbox 2220 5147 3766 5231">
    <p class='ocr_par' dir='ltr' id='par_1_103' title="bbox 2220 5147 3766 5231">
     <span class='ocr_line' id='line_1_103' title="bbox 2220 5147 3766 5231; baseline -0.008 -16"><span class='ocrx_word' id='word_1_731' title='bbox 2220 5159 2590 5231; x_wconf 82' lang='grc' dir='ltr'>ὑποσχομένη,</span> <span class='ocrx_word' id='word_1_732' title='bbox 2633 5159 2880 5211; x_wconf 80' lang='grc' dir='ltr'>ἐδίδασκε</span> <span class='ocrx_word' id='word_1_733' title='bbox 2921 5157 3200 5227; x_wconf 82' lang='grc' dir='ltr'>μυστικῶς</span> <span class='ocrx_word' id='word_1_734' title='bbox 3237 5157 3298 5210; x_wconf 87' lang='grc' dir='ltr'><strong>τὸ</strong></span> <span class='ocrx_word' id='word_1_735' title='bbox 3330 5157 3440 5210; x_wconf 87' lang='grc' dir='ltr'>δεῖν</span> <span class='ocrx_word' id='word_1_736' title='bbox 3479 5158 3654 5210; x_wconf 79' lang='grc' dir='ltr'>πᾶσαν</span> <span class='ocrx_word' id='word_1_737' title='bbox 3685 5147 3766 5216; x_wconf 80' lang='grc' dir='ltr'><strong>ψυ·</strong></span> 
     </span>
    </p>
   </div>
   <div class='ocr_carea' id='block_1_104' title="bbox 2216 5231 3766 5324">
    <p class='ocr_par' dir='ltr' id='par_1_104' title="bbox 2216 5231 3766 5324">
     <span class='ocr_line' id='line_1_104' title="bbox 2216 5231 3766 5324; baseline -0.005 -19"><span class='ocrx_word' id='word_1_738' title='bbox 2216 5253 2317 5324; x_wconf 76' lang='grc' dir='ltr'><strong>χὴν</strong></span> <span class='ocrx_word' id='word_1_739' title='bbox 2363 5250 2567 5323; x_wconf 74' lang='grc' dir='ltr'>ἡδονῶν</span> <span class='ocrx_word' id='word_1_740' title='bbox 2624 5250 2904 5320; x_wconf 85' lang='grc' dir='ltr'>σαρκικῶν</span> <span class='ocrx_word' id='word_1_741' title='bbox 2951 5249 3362 5319; x_wconf 88' lang='grc' dir='ltr'>στειρεύουσαν,</span> <span class='ocrx_word' id='word_1_742' title='bbox 3415 5249 3503 5304; x_wconf 86' lang='grc' dir='ltr'>διὰ</span> <span class='ocrx_word' id='word_1_743' title='bbox 3548 5246 3642 5316; x_wconf 83' lang='grc' dir='ltr'>τῆς</span> <span class='ocrx_word' id='word_1_744' title='bbox 3683 5231 3766 5292; x_wconf 74' lang='grc' dir='ltr'><strong>’ιόὕ</strong></span> 
     </span>
    </p>
   </div>
   <div class='ocr_carea' id='block_1_105' title="bbox 2217 5325 3762 5413">
    <p class='ocr_par' dir='ltr' id='par_1_105' title="bbox 2217 5325 3762 5413">
     <span class='ocr_line' id='line_1_105' title="bbox 2217 5325 3762 5413; baseline -0.009 -16"><span class='ocrx_word' id='word_1_745' title='bbox 2217 5343 2374 5408; x_wconf 88' lang='grc' dir='ltr'>Θεοῦ,</span> <span class='ocrx_word' id='word_1_746' title='bbox 2407 5342 2514 5394; x_wconf 89' lang='grc' dir='ltr'><strong>τῶν</strong></span> <span class='ocrx_word' id='word_1_747' title='bbox 2545 5340 2756 5413; x_wconf 90' lang='grc' dir='ltr'>ἀρετῶν</span> <span class='ocrx_word' id='word_1_748' title='bbox 2782 5341 2848 5393; x_wconf 64' lang='grc' dir='ltr'>τὶ</span> <span class='ocrx_word' id='word_1_749' title='bbox 2880 5341 3194 5412; x_wconf 80' lang='grc' dir='ltr'>σπέρματα,</span> <span class='ocrx_word' id='word_1_750' title='bbox 3227 5341 3315 5392; x_wconf 83' lang='grc' dir='ltr'>τνα</span> <span class='ocrx_word' id='word_1_751' title='bbox 3357 5341 3420 5393; x_wconf 86' lang='grc' dir='ltr'><strong>τδ</strong></span> <span class='ocrx_word' id='word_1_752' title='bbox 3475 5337 3680 5410; x_wconf 88' lang='grc' dir='ltr'>βλέπειν</span> <span class='ocrx_word' id='word_1_753' title='bbox 3704 5325 3762 5379; x_wconf 66' lang='grc' dir='ltr'><strong>τά</strong></span> 
     </span>
    </p>
   </div>
   <div class='ocr_carea' id='block_1_106' title="bbox 2214 5417 3762 5504">
    <p class='ocr_par' dir='ltr' id='par_1_106' title="bbox 2214 5417 3762 5504">
     <span class='ocr_line' id='line_1_106' title="bbox 2214 5417 3762 5504; baseline -0.01 -18"><span class='ocrx_word' id='word_1_754' title='bbox 2214 5433 2524 5504; x_wconf 79' lang='grc' dir='ltr'>ἔμπροσθεν</span> <span class='ocrx_word' id='word_1_755' title='bbox 2557 5432 2876 5500; x_wconf 89' lang='grc' dir='ltr'>γνωστικῶς</span> <span class='ocrx_word' id='word_1_756' title='bbox 2906 5432 3208 5502; x_wconf 82' lang='grc' dir='ltr'>δυνάμενον</span> <span class='ocrx_word' id='word_1_757' title='bbox 3237 5433 3378 5486; x_wconf 82' lang='grc' dir='ltr'>κατά</span> <span class='ocrx_word' id='word_1_758' title='bbox 3403 5432 3633 5485; x_wconf 87' lang='grc' dir='ltr'>διάνοιαν</span> <span class='ocrx_word' id='word_1_759' title='bbox 3655 5417 3762 5475; x_wconf 82' lang='grc' dir='ltr'>συλ-</span> 
     </span>
    </p>
   </div>
   <div class='ocr_carea' id='block_1_107' title="bbox 2212 5521 3757 5596">
    <p class='ocr_par' dir='ltr' id='par_1_107' title="bbox 2212 5521 3757 5596">
     <span class='ocr_line' id='line_1_107' title="bbox 2212 5521 3757 5596; baseline -0.005 -18"><span class='ocrx_word' id='word_1_760' title='bbox 2212 5524 2452 5578; x_wconf 75' lang='grc' dir='ltr'>λαεοῦσα</span> <span class='ocrx_word' id='word_1_761' title='bbox 2481 5524 2722 5596; x_wconf 83' lang='grc' dir='ltr'>ὑπήκοον</span> <span class='ocrx_word' id='word_1_762' title='bbox 2753 5522 2846 5576; x_wconf 87' lang='grc' dir='ltr'><strong>τοῦ</strong></span> <span class='ocrx_word' id='word_1_763' title='bbox 2878 5521 3012 5576; x_wconf 85' lang='grc' dir='ltr'>Θεοῦ</span> <span class='ocrx_word' id='word_1_764' title='bbox 3041 5521 3199 5591; x_wconf 90' lang='grc' dir='ltr'>λόγον</span> <span class='ocrx_word' id='word_1_765' title='bbox 3235 5522 3329 5576; x_wconf 74' lang='grc' dir='ltr'><strong>καὶ</strong></span> <span class='ocrx_word' id='word_1_766' title='bbox 3360 5523 3587 5576; x_wconf 90' lang='grc' dir='ltr'>τεκοῦσα</span> <span class='ocrx_word' id='word_1_767' title='bbox 3609 5522 3757 5585; x_wconf 76' lang='grc' dir='ltr'>προσ’</span> 
     </span>
    </p>
   </div>
  </div>
