3998 6360
275 356 422 420 1125

1503 346 1740 408 AMBIG
1753 345 2020 408 UORUM
2065 344 2316 404 LIBER.

3396 341 3536 408 1126

273 474 501 541 ινέγκαι
547 464 774 537 δυνηθῇ,
813 463 902 516 διὰ
944 463 1042 532 τῆς
1097 459 1241 514 κατὰ
1281 457 1395 528 ’τὴν
1438 457 1673 528 Θεωρίαν
1709 457 1864 510 εὑσεα

1986 455 2328 522 cmplatione
2355 453 2732 523 precationem
2763 468 2861 522 pro
2887 468 3083 524 magno
3104 462 3270 524 atque
3301 453 3546 523 pretioso

273 561 408 623 ϐοῦς
439 553 816 628 προσεδρείας,
844 549 921 614 ὡς
952 549 1096 620 μέγα
1122 546 1283 618 χρέος
1330 546 1422 600 καὶ
1458 546 1662 615 τίμιον,
1692 545 1858 616 μηδὲν

276 650 413 704 ἴδιον
467 647 612 717 ἔχειν
655 642 940 713 κρίνουσα,
975 638 1116 692 ὥστε
1164 637 1336 702 δεῖξαι
1377 635 1469 690 τὸν
1514 636 1646 689 Θεὸν
1697 635 1858 706 μόνον

275 740 497 795 διδόντα
524 755 582 791 τε
610 736 708 788 καὶ
749 732 1038 802 δεχόμενον
1057 747 1070 761 ο
1104 728 1247 784 καθά
1276 726 1378 781 ποὺ
1421 744 1588 799 φησιν
1614 729 1642 780 ό
1672 727 1856 796 νόμος,

283 833 366 887 Τὰ
386 828 546 898 δῶρά
573 844 715 897 μου,
744 821 972 894 δόματά
1001 839 1145 891 μου,
1172 818 1536 888 καρπώματά
1563 836 1705 887 μου,
1730 817 1858 872 δια-

276 922 578 992 τηρήσετε
592 920 638 952 ⁸⁸
669 915 1034 987 προσφέρειν
1049 930 1175 983 μοι,
1205 911 1280 976 ὡς
1309 910 1367 978 ἐξ
1389 909 1557 965 αὑτοῦ
1585 927 1641 963 τε
1667 911 1755 965 καὶ
1781 911 1862 974 εἰς

276 1015 446 1069 αὑτὸν
477 1011 681 1074 παντὸς
729 1006 938 1078 ἀγαθοῦ
969 1008 1064 1060 καὶ
1102 1004 1408 1076 ἀρχομένου
1448 1003 1544 1057 καὶ
1582 1003 1859 1074 λήγοντος.

278 1109 504 1176 Ιιέφυκε
533 1104 644 1175 γὰρ
674 1105 702 1156 ό
727 1101 823 1155 τοῦ
858 1097 995 1154 Θεοῦ
1043 1097 1202 1167 λόγος
1234 1090 1314 1159 οἷς
1351 1095 1416 1150 ἂν
1447 1095 1736 1165 ἐγγένηται
1763 1095 1864 1165 τῆς

1961 545 2057 598 illo
2085 545 2299 609 debito,
2329 560 2440 598 non
2471 546 2757 615 proprium
2793 543 3002 598 habere
3032 559 3290 609 censens,
3317 543 3458 598 adeo
3486 552 3547 600 ut

1959 655 2130 691 unum
2161 638 2333 691 Deum
2365 647 2421 692 et
2454 638 2704 692 datorem
2739 644 2793 690 et
2842 645 3189 706 acccptorem
3230 636 3546 707 signiﬁcet:

1959 729 2427 798 quemadmodum
2465 729 2672 782 alicubi
2703 729 2791 782 lex
2821 727 2956 780 dicit
2991 744 3002 779 :
3041 726 3196 779 Dona
3242 743 3381 792 mea,
3431 742 3550 781 mu-

1961 839 2091 877 nera
2126 840 2264 886 mea,
2291 822 2555 890 sacriﬁcia
2597 839 2712 876 mea
2753 822 2882 876 mihi
2926 823 3110 892 oﬂ‘erre
3165 821 3433 875 observate
3470 830 3546 888 P;

1961 927 2089 968 cum
2132 913 2391 968 videlicet
2421 929 2586 968 omne
2620 915 2827 968 bonum
2872 930 2940 968 ex
2987 929 3054 967 eo
3091 923 3353 967 nascatur
3388 921 3445 968 et
3491 913 3548 968 in

1962 1020 2088 1059 eum
2117 1005 2357 1059 desinat.
2415 1005 2618 1059 Idonea
2651 1006 2802 1060 enim
2849 1012 2936 1060 est
2986 1005 3082 1059 Dei
3131 1006 3274 1059 ratio
3321 1005 3553 1074 quibus-

1964 1111 2190 1166 cunque
2241 1097 2429 1150 innata
2484 1104 2570 1150 est
2619 1096 2685 1150 ad
2719 1096 2906 1151 carnis
2939 1104 3126 1159 motus
3167 1095 3553 1166 reprimendos

274 1215 340 1252 τε
379 1196 583 1268 σαρκὸς
616 1193 828 1248 ἀθετεῖν
871 1191 938 1244 τὰ
980 1189 1260 1258 κινήματα
1300 1187 1519 1257 καὶτῆς
1556 1187 1693 1257 πρὸς
1721 1185 1862 1239 αὐτὰ

1987 1201 2076 1239 ιοη
2111 1187 2293 1240 minus
2332 1202 2496 1255 quam
2529 1185 2596 1240 ad
2625 1188 2887 1252 animam,
2929 1203 2997 1242 ne
3021 1187 3090 1242 ad
3117 1187 3243 1242 illos
3286 1188 3550 1254 declinet,

275 1290 382 1362 τὴν
415 1288 596 1360 ψυχὴν
641 1283 988 1340 ἀναστέλλειν
1019 1280 1213 1352 ῥοπῆς,
1267 1279 1364 1334 καὶ
1407 1279 1588 1347 πάσης
1618 1275 1862 1348 πληροῦν

1986 1277 2358 1346 :ohibendam,
2387 1287 2445 1334 et
2489 1279 2684 1348 quavis
2715 1293 2845 1333 vera
2893 1279 3213 1350 cognitione
3265 1280 3555 1350 complen-

277 1381 518 1454 ἀληθοῦς
550 1378 918 1448 διαγνώσεως.
1968 1367 2115 1422 dam.

283 1563 510 1633 Θεωρία
558 1562 646 1628 είς
690 1559 797 1614 τὸν
833 1555 1196 1628 ἀφορίζοντα
1243 1553 1358 1624 τὴν
1400 1553 1744 1624 ἀκάθαρτον
1781 1555 1862 1607 ol-

1986 1551 2360 1624 L'ontemplatio
2394 1555 2450 1607 in
2492 1569 2610 1608 eum
2647 1555 2739 1625 qui
2781 1554 2996 1608 domum
3035 1555 3304 1625 impuram
3354 1569 3559 1608 excom-

992 1650 1154 1702 κίαν.

359 1768 470 1823 Καὶ
523 1766 635 1837 γὰρ
683 1763 776 1818 τὸν
809 1761 963 1833 ἱερέα
1001 1760 1145 1816 κατά
1182 1759 1285 1831 τὴν
1325 1757 1558 1828 νομικὴν
1599 1755 1866 1827 διαταγὴν

2570 1645 2805 1698 municat
2829 1654 2878 1698 ιι.

2039 1756 2175 1811 Nam
2205 1757 2555 1812 sacerdotem
2581 1773 2804 1828 quoque
2829 1759 3134 1814 secundum
3161 1760 3297 1832 legis
3333 1761 3562 1818 manda-

280 1863 527 1917 εἰσιόντα
576 1858 656 1921 είς
695 1856 796 1929 τὴν
832 1852 1030 1926 (144
1053 1853 1116 1924 b)
1167 1851 1292 1906 καθ’
1354 1849 1634 1905 ὁντιναοῦν
1667 1849 1872 1921 τρόπον

1986 1856 2095 1901 tum
2136 1848 2193 1902 in
2218 1848 2445 1904 domum
2506 1850 2973 1920 qualitercunque
3011 1852 3281 1922 pollutam
3322 1852 3559 1924 ingredi,

279 1952 601 2023 ἀκάθαρτον
646 1947 850 2010 οἰκίαν,
887 1945 984 1998 καὶ⁵
1035 1942 1373 2016 ἀφορίζοντα
1405 1940 1600 2011 αὐτὴν,
1653 1938 1749 1993 καὶ⁵
1800 1937 1870 1991 τὰ

280 2045 428 2116 πρὸς
510 2041 782 2112 κάθαρσιν
849 2036 1234 2092 διαστέλλοντα
1312 2036 1428 2098 τοῖς
1504 2031 1870 2103 κεκτημένοις

280 2134 505 2190 ἀκούων
535 2133 627 2185 τὸν
653 2129 918 2202 ἀρχιερέα
945 2127 1106 2196 λόγον
1134 2127 1202 2180 δι’
1225 2125 1394 2181 αὑτοῦ
1427 2122 1872 2196 παραδηλοῦσθαι

280 2226 417 2290 νοῶ,
445 2224 620 2295 φωτὸς
645 2222 803 2292 δίκην
837 2218 1233 2292 καθαρωτάτου
1269 2217 1508 2271 εἰσιόντα
1537 2218 1616 2279 είς
1643 2217 1745 2286 τὴν
1769 2213 1874 2284 ψυ-

281 2322 414 2392 χὴν,
444 2319 538 2371 καὶ
563 2317 631 2370 τὰ
657 2315 828 2384 ὲναγῆ
864 2312 1214 2384 βουλεύματα
1236 2311 1332 2366 καὶ
1352 2311 1694 2381 διανοήματα
1728 2308 1869 2378 μετὰ

283 2413 399 2466 τῶν
431 2408 698 2463 ὑπαιτίων
722 2406 980 2478 πράξεων
1028 2403 1466 2468 ὲκκαλύπτοντα,
1499 2403 1594 2456 καὶ
1621 2403 1747 2465 τοῦς
1771 2404 1870 2471 τῆς

284 2503 634 2575 ἐπιστροφῆς
663 2501 760 2553 καὶ
794 2499 1122 2570 καθάρσεως
1173 2496 1414 2568 τρόπους
1455 2494 1637 2564 σοφῶς
1682 2495 1872 2546 ὑποτι-

285 2595 544 2664 θέμενον.
578 2591 780 2660 Ὅπερ,
817 2584 994 2659 οἶμαι,
1035 2589 1375 2658 σαφέστερον
1407 2586 1451 2618 ⁶⁹
1494 2587 1528 2656 ἡ
1557 2584 1648 2638 τὸν
1695 2585 1873 2654 μέγαν

286 2683 585 2753 προφήτην
633 2679 817 2732 Ἠλίαν
846 2675 1220 2746 ὑποδεξαμένη
1251 2673 1636 2746 παραδηλοῦσα
1665 2673 1870 2741 ἔλεγεν,

292 2777 607 2842 Ἄνθρωπε
635 2770 742 2826 τοῦ
770 2768 938 2832 Θεοῦ,
973 2765 1258 2836 είσῆλθες
1283 2767 1435 2834 πρὸς
1461 2765 1566 2836 ἐμὲ
1599 2765 1704 2819 τοῦ
1724 2765 1871 2819 ἀνα-

287 2865 525 2938 μνῆσαί
541 2881 620 2934 με
648 2863 757 2930 τὰς
791 2861 1032 2927 ἀδικίας
1059 2877 1200 2930 μου.

295 3041 522 3110 Θεωρία
555 3039 644 3105 είς
671 3036 774 3090 τὸν
825 3035 997 3104 ἅγιον
1031 3032 1254 3092 Ἠλίαν,
1291 3031 1390 3084 καί
1422 3033 1510 3096 είς
1554 3030 1667 3099 τὴν
1693 3035 1880 3102 rapa.

862 3125 1047 3194 φθίαν
1101 3121 1315 3191 χήραν.

370 3244 531 3297 Πᾶσα
570 3240 682 3312 γὰρ
714 3239 862 3311 ψυχὴ
900 3235 1212 3308 χηρεύουσά
1233 3251 1292 3287 τε
1324 3233 1507 3288 καλῶν
1554 3236 1650 3289 καὶ
1678 3236 1882 3307 ἀρετῆς

296 3335 508 3407 ἕρημος
555 3331 650 3386 καὶ
699 3329 956 3400 γνώσεως
1009 3324 1145 3379 Θεοῦ
1201 3324 1424 3378 ὲπειδάν
1478 3324 1573 3378 τὸν
1617 3325 1763 3379 θετον
1789 3329 1884 3380 καὶ

296 3419 695 3490 διαγνωστικὸν
735 3415 1063 3486 ὑποδέξηται
1109 3414 1289 3483 λόγον,
1314 3414 1396 3476 είς
1445 3415 1670 3484 μνήμην
1724 3416 1886 3486 ἐρχο-

306 3512 446 3583 μένη
481 3509 591 3562 τῶν
619 3507 790 3576 αὑτῆς
811 3503 1231 3576 ἁμαρτημάτων
1265 3501 1585 3556 διδάσκεται
1609 3521 1727 3567 πως
1760 3507 1888 3574 ἀρε-

303 3604 416 3658 τῶν
447 3601 636 3672 ἄρτοις
672 3599 764 3652 τὸν
797 3597 1159 3668 διατρέφοντα
1190 3596 1414 3666 τρέφειν
1445 3595 1625 3664 λόγον,
1657 3597 1752 3649 κα)⁸
1783 3613 1886 3648 πο-

305 3695 478 3760 τίζειν
506 3691 766 3762 ἀληθείας
809 3689 1046 3759 δόγμασι
1077 3687 1175 3758 τὴν
1215 3688 1400 3758 τι-ηγὴν
1443 3687 1544 3756 τῆς
1580 3685 1748 3758 ζωῆς,
1792 3689 1889 3742 καὶ

308 3785 480 3854 αὐτῆς
527 3784 627 3853 τῆς
657 3782 877 3852 φύσεως
916 3781 1016 3852 τὴν
1051 3781 1130 3842 εἰς
1164 3781 1332 3848 αὐτὴν
1371 3780 1692 3851 προκρίνειν
1721 3782 1890 3851 Θερα-

309 3878 492 3941 πείαν,
521 3874 587 3928 δι’
610 3870 679 3948 ἦς
713 3874 748 3943 ἥ
781 3889 841 3926 τε
879 3871 1039 3943 ὑδρία
1069 3870 1206 3942 σὰρξ
1253 3872 1355 3941 τὴν
1392 3873 1486 3924 ἐπὶ
1515 3875 1634 3935 ταῖς
1667 3874 1891 3942 ἀρεταῖς

312 3965 626 4039 πρακτικὴν
669 3962 962 4033 συντομίαν
1011 3963 1335 4032 χορηγήσει,
1373 3965 1467 4016 καὶ
1500 3965 1528 4016 ό
1591 3963 1892 4033 καμψάκης

311 4057 436 4120 νοῦς
460 4055 560 4128 τὴν
594 4056 659 4109 τὸ
694 4054 810 4124 φῶς
845 4052 1223 4123 συντηροῦσαν
1251 4054 1352 4124 τῆς
1378 4053 1634 4120 γνώσεως
1660 4054 1894 4125 θεωρίαν

311 4146 584 4217 διηνεκῶς
609 4144 904 4214 πηγάςιεις,
933 4143 1028 4196 καὶ
1051 4144 1079 4196 ό
1112 4142 1356 4214 ἔμφυτος
1398 4143 1678 4214 λογισμὸς,
1706 4144 1896 4212 ὥσπερ

313 4240 433 4291 ἐκεῖ
463 4237 562 4307 τῆς
597 4237 774 4308 χήρας
814 4237 844 4288 ό
889 4233 1029 4297 υίὸς,
1057 4233 1156 4304 τὴν
1194 4233 1418 4304 ἐμπαθῆ
1451 4236 1725 4304 προτέραν
1757 4235 1896 4286 ἀπο-

314 4329 543 4396 θέμενος
569 4326 715 4396 ζωὴν
744 4326 844 4395 τῆς
879 4324 1034 4394 παρὰ
1083 4322 1179 4376 τοῦ
1221 4324 1384 4393 λόγου
1417 4324 1698 4395 διδομένης
1741 4324 1896 4385 θείας

315 4422 415 4474 καὶ
449 4418 685 4490 ἀληθοῦς
730 4416 988 4486 γενέσθαι
1037 4415 1265 4488 μέτοχος
1309 4415 1681 4488 ἀξιωθήσεται
1727 4415 1895 4486 ζωῆς.

427 4593 646 4661 Θεωρία
675 4595 762 4659 είς
787 4593 902 4660 τὴν
917 4595 1383 4670 μεταμόρερωσιν
1408 4592 1512 4646 τοῦ
1542 4593 1786 4661 Κυρίου.

393 4703 552 4758 υῦτω
579 4703 796 4756 καὶτῶν
813 4701 1053 4774 Χριστοῦ
1078 4701 1336 4773 μαθητῶν
1363 4703 1499 4773 πρὸς
1535 4705 1644 4766 τοῖς
1662 4706 1782 4774 είρη
1794 4703 1896 4774 μὲ-

320 4815 434 4860 νοις
466 4796 631 4860 τινὲς,
647 4793 832 4867 (145
854 4793 910 4866 a)
931 4791 1012 4857 οἷς
1029 4793 1400 4863 συναναὸἧναί
1421 4811 1480 4846 τε
1501 4796 1594 4847 καὶ
1628 4812 1900 4865 συνεπαρ-

318 4889 480 4960 θῆναι
502 4887 650 4956 αὐτῷ
667 4889 714 4918 "°
737 4885 874 4956 πρὸς
899 4885 962 4938 τὸ
983 4884 1108 4956 ὅρος
1127 4884 1228 4954 τῆς
1257 4885 1424 4938 αὑτοῦ
1451 4884 1815 4956 φανερώσεως
1831 4887 1900 4940 δι’

322 4981 527 5053 ἀρετῆς
544 4979 865 5050 ἐπιμέλειαν
888 4978 1165 5046 ἐξεγένετο
1185 4978 1688 5049 μεταμορφωθέντα
1705 4977 1902 5034 θεασά-

327 5087 508 5142 μενοι,
529 5069 610 5140 τῷ
639 5086 699 5122 τε
762 5069 905 5137 φωτὶ
953 5067 1048 5121 τοῦ
1092 5068 1386 5138 προσώπου
1416 5067 1741 5138 ἀπρόσιτον,
1803 5069 1902 5123 καὶ

324 5166 394 5234 τῇ
417 5161 528 5214 τῶν
557 5160 882 5230 ἐσθημάτων
905 5158 1253 5228 λαμπρότητι
1278 5155 1676 5226 καταπληκτοι,
1713 5157 1808 5210 καὶ
1833 5159 1899 5228 τῇ

325 5253 437 5308 τῶν
469 5251 813 5325 ἑκατέρωθεν
853 5251 1123 5305 συνόντων
1150 5251 1284 5320 τιμῇ
1318 5247 1562 5323 Μωσέως
1592 5249 1687 5300 καὶ
1723 5247 1902 5301 Ἠλίου

327 5344 701 5416 γεγενημένον
739 5341 1164 5413 αἰδεσιμώτερον
1213 5339 1608 5408 ἐπεγνωκότες,
1657 5339 1767 5393 ἀπὸ
1803 5340 1903 5409 τῆς

395 5447 904 5568 _,pl)eut.xxvtn.,l.
975 5479 1456 5546 qLevit.xrv,38.
1539 5475 1808 5550 'lllReg.
1872 5495 2046 5546 xxvn,
2107 5481 2196 5536 18.
2252 5494 2273 5521 ι

1968 1955 2204 2008 eamque
2233 1941 2744 2006 excommunicare,
2775 1949 2832 1994 et
2864 1956 2988 2010 quae
3044 1941 3113 1996 ad
3165 1943 3562 2000 lustrationem
3596 2007 3598 2010 ,

1968 2033 2286 2088 necessaria
2353 2032 2466 2088 sint
2522 2033 2946 2104 possidentibus
3019 2032 3253 2089 deﬁnire
3315 2035 3563 2090 audienti

1970 2141 2250 2180 summum
2292 2141 2391 2196 per
2438 2126 2492 2180 id
2535 2125 2882 2181 sacerdotem
2938 2126 3212 2181 rationem
3263 2126 3564 2197 signiﬁcari

1971 2227 2131 2288 puto,
2160 2217 2229 2272 ad
2263 2217 2438 2272 instar
2462 2218 2776 2287 purissimae
2809 2217 2950 2272 lucis
2975 2218 3217 2272 animam
3245 2218 3565 2289 ingredien-

1978 2318 2108 2373 tem,
2137 2317 2195 2364 et
2243 2309 2562 2379 inquinatas
2602 2309 2916 2364 voluntates
2946 2317 3004 2362 et
3045 2308 3412 2379 cogitationes
3438 2325 3565 2364 cum

1977 2402 2234 2464 sontibus
2275 2401 2438 2456 factis
2466 2401 2828 2467 revelantem,
2861 2409 3025 2470 atque
3072 2402 3570 2458 animadversionis

1973 2500 2032 2547 et
2074 2493 2407 2562 expiationis
2450 2493 2646 2547 modos
2681 2492 2962 2562 sapienter
2992 2493 3338 2548 suadentem.
3385 2494 3566 2560 Quod,

1973 2591 2133 2654 puto,
2174 2583 2420 2652 apertius
2465 2583 2556 2638 illa
2606 2582 2945 2654 signiﬁcans,
2992 2600 3115 2654 qua:
3143 2601 3401 2656 magnum
3434 2601 3567 2654 pro-

1974 2675 2197 2745 phetam
2239 2675 2415 2728 Eliam
2449 2675 2694 2745 hospitio
2717 2675 2935 2745 excepit
2965 2693 2978 2728 :
3009 2675 3176 2729 Homo
3217 2675 3333 2740 Dei,
3363 2677 3564 2747 inquit,

1973 2775 2240 2844 ingressus
2273 2790 2326 2826 es
2363 2773 2431 2826 ad
2467 2789 2551 2827 me
2592 2781 2650 2826 ut
2693 2773 3008 2828 delictorum
3039 2789 3278 2828 meorum
3313 2789 3395 2827 me
3422 2789 3567 2826 com-

1978 2867 2338 2936 monefacere:
2366 2874 2414 2918 ι’.

2059 3039 2446 3111 Contemplatio
2476 3039 2534 3092 in
2563 3045 2810 3092 sanctum
2849 3037 3032 3092 Eliam
3052 3078 3066 3103 ,
3101 3048 3153 3092 et
3199 3039 3254 3092 in
3286 3039 3500 3093 viduam

2556 3129 2928 3200 Sareptensem
2963 3139 3007 3183 ³.

2050 3238 2243 3295 Omnis
2289 3241 2437 3295 enim
2482 3240 2667 3293 anima
2716 3239 2880 3294 bonis
2921 3237 3146 3294 viduata
3178 3249 3236 3295 et
3283 3240 3490 3296 virtute
3520 3250 3574 3296 et

1981 3330 2296 3400 cognitione
2341 3331 2437 3385 Dei
2481 3331 2720 3397 deserta,
2757 3339 3050 3401 postquam
3081 3331 3325 3386 divinam
3371 3342 3429 3388 et
3461 3333 3580 3388 dia-

1981 3421 2289 3491 gnosticam
2337 3423 2556 3491 excepit
2607 3423 2912 3491 rationem,
2963 3421 3292 3477 delictorum
3347 3437 3576 3479 suorum

1984 3513 2272 3566 recordata
2331 3513 2631 3569 instruitur
2681 3515 2951 3569 virtutum
3004 3515 3241 3585 panibus
3304 3516 3576 3572 rationem

1985 3603 2186 3658 almam
2217 3603 2385 3670 alere,
2412 3612 2469 3659 et
2499 3605 2750 3660 veritatis
2774 3605 2995 3675 placitis
3040 3606 3165 3660 vita:
3195 3605 3336 3661 fonti
3386 3615 3577 3677 potum

1987 3696 2322 3763 ministrare,
2353 3697 2569 3766 ipsique
2597 3705 2808 3759 natura:
2837 3698 3049 3751 cultum
3087 3697 3261 3766 ipsius
3291 3697 3577 3768 praeferre,

1989 3804 2088 3858 per
2112 3803 2277 3858 quem
2305 3803 2432 3843 caro
2467 3804 2605 3842 urna
2635 3789 3022 3858 compendium
3055 3789 3358 3844 virtutibus
3386 3787 3580 3844 elﬁcax

1993 3880 2293 3948 praestabit,
2329 3887 2384 3932 et
2417 3879 2587 3934 cadus
2629 3895 2783 3933 mens
2816 3880 3342 3949 contemplationem
3389 3881 3582 3950 cogni-

1994 3971 2180 4036 tionis,
2209 3973 2674 4026 conservatricem
2709 3971 2873 4036 lucis,
2925 3972 3181 4042 perpetui
3210 3972 3378 4028 fontis
3406 3973 3582 4028 instar

1993 4064 2124 4127 alet,
2154 4072 2212 4118 et
2254 4063 2514 4134 cogitatio
2558 4064 2766 4128 innata,
2796 4074 2858 4116 ut
2885 4063 3000 4118 illic
3030 4064 3211 4119 viduae
3254 4063 3422 4130 lilius,
3455 4079 3583 4134 pas-

1995 4153 2109 4208 siva
2136 4153 2366 4222 pristina
2391 4154 2501 4208 vita
2527 4153 2774 4223 deposita
2805 4153 2930 4208 vitae
2957 4153 3160 4209 divina:
3184 4163 3241 4209 et
3265 4137 3412 4208 verte
3443 4169 3472 4207 a
3497 4169 3587 4208 ra-

1999 4245 2148 4299 tione
2183 4245 2324 4300 dataa
2349 4260 2470 4314 quae
2504 4245 2782 4315 particeps
2819 4243 2914 4298 ﬁat
2945 4244 3110 4317 digna
3136 4243 3476 4300 censebitur.

2109 4590 2496 4662 Contemplatio
2529 4594 2584 4646 in
2619 4593 2836 4648 Domini
2869 4593 3397 4665 transﬁgurationem
3431 4595 3478 4649 ⁸.

2077 4701 2167 4756 Sic
2191 4711 2452 4772 praeterea
2488 4702 2652 4757 etiam
2681 4701 2885 4758 Christi
2913 4702 3310 4772 discipulorum
3338 4702 3585 4773 quidam,

1997 4793 2200 4862 quibus
2235 4807 2341 4847 una
2377 4792 2679 4848 ascendere
2720 4802 2776 4847 et
2804 4793 2975 4847 levari
3001 4809 3125 4849 cum
3157 4809 3225 4849 eo
3253 4794 3310 4848 in
3343 4801 3585 4849 montem

1997 4886 2412 4956 gloriﬁcationis
2445 4887 2564 4958 ejus
2613 4886 2686 4941 ob
2724 4886 2949 4942 virtutis
2989 4901 3180 4941 curam
3221 4889 3426 4951 evenit,
3461 4902 3587 4941 cum

2000 4987 2272 5032 mutatum
2315 4977 2571 5032 viderent
2615 4984 2672 5032 et
2714 4977 2838 5032 luce
2900 4977 3060 5033 faciei
3106 4976 3585 5040 inaccessibilem,

1998 5069 2567 5138 vestimentorumque
2611 5069 2863 5124 claritate
2895 5068 3284 5140 obstupefacti,
3324 5077 3490 5138 atque
3518 5066 3589 5122 de

1999 5159 2210 5214 honore
2250 5159 2453 5231 Moysis
2489 5169 2546 5216 et
2574 5161 2729 5226 Elite,
2761 5159 2857 5230 qui
2899 5160 2970 5214 ab
3003 5169 3240 5228 utroque
3277 5159 3450 5214 latere
3487 5157 3586 5213 ad-

1999 5261 2180 5316 erant,
2231 5251 2387 5306 illum
2447 5253 2615 5307 etiam
2654 5253 2860 5323 majore
2915 5251 3183 5322 dignitate
3246 5250 3589 5306 cumulatum

2001 5345 2345 5415 conspicati,
2397 5361 2630 5402 acarne
2658 5345 2716 5400 in
2749 5344 3005 5416 Spiritum
3054 5343 3392 5399 transierunt
3435 5340 3592 5415 prius

2340 5485 2472 5543 ibid.
2539 5487 2593 5543 9.
2677 5488 3164 5558 'Matth.xvn,2.
3402 5549 3439 5594 χ

1592 5619 1821 5674 VARUE
1868 5619 2270 5677 LECTIONES.

409 5740 458 5774 “
489 5739 874 5811 διατηρήσεται
907 5737 1031 5794 cod.
1062 5736 1205 5793 Gud.
1278 5736 1378 5806 "ii,
1411 5737 1532 5792 cod.
1584 5736 1724 5792 Fud.

1805 5737 1848 5770 το
1881 5738 2268 5810 Apographum
2323 5737 2476 5794 αὐτάρ
