3998 6428
1667 276 1806 296 Πηροδκ
1906 282 1915 289 ω
1942 281 1963 289 .-

407 400 540 467 1Ιῖίῖ

1564 400 1635 460 ’8.
1674 399 1931 460 MAXIM
1940 399 1965 459 Ι
2005 391 2517 459 CDNFESSORIS

3559 396 3691 462 11’9.

410 528 541 574 sunt
571 513 952 589 pulchritudo,
978 512 1025 568 si
1067 526 1180 566 non
1206 513 1284 573 ,in
1323 510 1446 583 ejus
1471 511 1567 582 qui
1597 510 1850 566 condidit
1882 511 2002 582 glo-

2108 506 2388 581 όρὼμενον
2409 508 2512 578 τῆς
2544 496 2869 578 κατὰλόγον
2890 509 3181 574 εὐσεϐείας
3211 510 3543 584 ἀποστερεῖν
3572 500 3693 578 rei};

409 624 551 664 nam
588 614 895 677 spectatur,
931 603 1192 657 rationali
1245 601 1582 657 verecundia
1612 602 1832 672 privare
1874 616 2000 671 spe-

412 708 657 755 ctatores
683 696 847 751 solet.
875 694 957 749 Ac
980 709 1181 749 rursus
1197 693 1559 763 Evangelium
1584 710 1598 748 :
1627 691 1686 748 Si
1716 710 1819 748 non
1839 696 1999 751 muti-

413 791 510 846 ίαλὶ
538 797 707 843 essent
735 789 843 841 dies
895 787 1001 853 illi,
1035 786 1144 841 hoc
1191 793 1279 841 est
1313 787 1599 856 nequitiae,
1650 786 1821 839 omnis
1872 801 1998 839 caro

414 900 519 937 non
550 881 859 936 salvaretur
884 892 910 920 ιι
938 923 952 945 ,
984 880 1092 933 ho‘c
1112 864 1198 933 est
1224 878 1406 933 omnis
1431 877 1498 933 de
1532 876 1646 932 Deo
1674 877 1766 948 pia
1800 875 2001 947 c'ogita-

414 979 516 1029 tio.
545 974 875 1035 Mutilantur
910 972 1060 1027 enim
1086 971 1352 1040 nequitia:
1380 970 1522 1034 dies,
1562 985 1689 1033 eum
1722 971 2001 1025 errabun-

416 1067 549 1121 dum
581 1065 729 1136 quod
757 1079 856 1120 eos
889 1063 1022 1118 facit
1050 1062 1386 1117 sensualiter
1421 1062 1699 1133 judicium
1725 1077 1755 1116 a
1784 1062 2001 1115 ratione

415 1161 902 1230 circumscriptum
933 1158 1026 1222 sit,
1054 1166 1222 1228 atque
1247 1165 1372 1227 post
1413 1157 1560 1227 piam
1596 1172 1694 1227 per
1727 1156 1872 1210 hanc
1908 1157 2002 1227 ju-

414 1253 806 1310 stilicatidncm
863 1250 1274 1315 retrocesscrit.
1335 1250 1418 1304 Ab
1462 1249 1806 1304 Antichristo
1850 1250 1999 1303 enim

417 1347 605 1402 carnis
638 1347 727 1402 lex
754 1344 895 1399 nihil
918 1345 1130 1409 diﬂ'ert,
1157 1358 1383 1413 semper
1404 1342 1702 1412 antiquans
1723 1342 1921 1412 spiritu
1945 1350 2002 1396 et

415 1439 621 1494 divina
676 1438 853 1508 ipsius
900 1436 1007 1507 legi
1067 1437 1349 1505 opposita,
1397 1434 1708 1503 usquedum
1756 1448 2041 1503 praesens-

415 1529 530 1584 vita
558 1528 643 1583 cis
665 1527 762 1598 qui
795 1526 864 1581 ab
889 1542 954 1581 ea
988 1524 1210 1579 devinci
1241 1539 1298 1578 se
1320 1521 1478 1589 passi
1502 1528 1633 1575 sunt
1652 1528 1807 1590 grata
1832 1527 2000 1587 atque

410 1619 660 1694 jucunda
692 1628 798 1684 est,
831 1627 890 1672 et
937 1617 1082 1672 ratio
1119 1615 1367 1688 nondum
1409 1615 1610 1668 oborta
1640 1612 1825 1667 verbo
1846 1619 2002 1681 pote-

416 1713 578 1768 statis
606 1712 921 1775 sustulcrit,
947 1708 1257 1765 dividendo
1274 1708 1509 1761 mortale
1528 1706 1600 1761 ab
1628 1703 1926 1760 immortali
1945 1712 2003 1758 et

414 1820 639 1877 gravem
670 1819 738 1860 ex
761 1803 1018 1860 libertate
1042 1799 1371 1871 expellendo
1405 1799 1754 1861 servitutem,
1774 1803 1832 1851 et
1854 1794 2001 1850 veri-

416 1875 586 1952 tatem
621 1897 797 1965 ipsam
821 1908 920 1965 per
943 1893 1119 1963 ipsam
1141 1888 1432 1948 mendacio
1461 1904 1658 1960 puram
1688 1886 2001 1952 eiliciendo,
2037 1875 2077 1930 Β

414 1994 474 2042 et
508 2000 540 2041 a
567 1984 774 2040 divinis
804 1992 971 2053 atque
998 1982 1224 2039 aeternis
1250 1980 1561 2037 materialia
1592 1988 1760 2049 atque
1786 1988 2001 2047 tempo-

415 2078 555 2135 ralia
581 2075 951 2141 secernendo,
977 2090 1089 2145 quo
1113 2090 1271 2130 mens
1294 2090 1394 2145 per
1432 2073 1743 2131 sensualem
1778 2086 1903 2126 cum
1935 2070 2005 2124 iis

415 2169 864 2228 familiaritatem
901 2165 1217 2222 errabunda
1267 2165 1550 2220 declinare
1582 2162 2003 2231 irrationalique

415 2263 727 2321 affectione
751 2259 1083 2315 mortificari
1117 2259 1280 2313 solet.
1320 2258 1404 2313 Ad
1450 2258 1595 2313 hanc
1636 2264 1837 2325 autem‘
1861 2275 2003 2328 pra:-

415 2354 610 2411 sertim
642 2360 699 2408 et
723 2351 1109 2422 principaliter
1155 2349 1219 2404 fit
1257 2349 1560 2405 descensus
1602 2350 1834 2405 rationis
1859 2350 2003 2405 divi-

416 2460 526 2511 nae,
555 2452 619 2499 ut
646 2444 715 2500 de
743 2442 1284 2514 ignorantiwmorte
1327 2457 1449 2497 eam
1487 2443 1902 2507 resuscitet,-et
1933 2439 2011 2496 ab

414 2536 713 2598 aﬂ‘ectidne
738 2544 799 2590 et
822 2534 1014 2589 studio
1053 2530 1424 2589 tnatcrialium
1455 2542 1701 2601 revocet,
1725 2544 1892 2605 atque
1933 2533 2005 2588 ad

418 2630 475 2688 id
501 2630 649 2701 quod
695 2639 892 2684 natura
940 2627 1177 2682 amabile
1228 2635 1313 2681 est
1342 2628 1649 2697 appetitum
1686 2626 2007 2703 ejusrcdu-
2048 2644 2054 2649 ·

408 2730 527 2789 cat.
553 2720 905 2791 Quapropter
934 2718 1310 2774 necessarium
1334 2734 1459 2774 esse
1504 2719 1768 2785 arbitror,
1797 2728 1859 2773 ut
1883 2706 2007 2773 cor-

386 2811 392 2815 ’
418 2810 599 2883 poris,
623 2809 777 2880 quod
799 2794 1144 2864 indumentis
1178 2810 1355 2864 multo
1392 2794 1775 2880 praestat,hoc
1806 2819 1892 2883 est
1917 2809 2006 2864 di-

423 2904 676 2958 vinarum
700 2910 759 2956 et
785 2901 1111 2957 sublimium
1151 2884 1583 2972 cogitationum,
1606 2882 2009 2973 sacrarumque

410 2996 839 3067 Scripturarum
874 3009 938 3049 ac
960 2994 1300 3049 conditionis
1321 2986 1790 3064 spectaculorum,
1816 3010 2005 3051 curam

356 3101 360 3106 '
417 3087 668 3145 habeant
693 3086 789 3156 qui
819 3085 1123 3140 rationales
1167 3094 1318 3150 sunt,
1351 3086 1561 3155 quique
1600 3102 1703 3156 per
1734 3087 2006 3141 rationem

417 3178 492 3233 ad
518 3177 793 3231 rationem
816 3181 1120 3245 properant
1152 3172 1641 3244 (quemadmodum
1668 3172 1785 3242 ipsa
1806 3172 1967 3227 Ratio
1991 3189 2003 3225 :

413 3268 630 3333 Nonne,
654 3268 855 3337 inquit,
884 3268 1065 3321 anima
1089 3265 1258 3337 pluris
1282 3256 1357 3320 est
1383 3283 1545 3337 quam
1559 3265 1724 3330 cibus,
1750 3272 1798 3318 et
1819 3280 2009 3335 corpus

417 3377 586 3431 quam
610 3361 979 3415 indumentum
997 3358 1023 3398 ιι
1042 3359 1066 3412 ?
1084 3374 1153 3413 ne
1168 3374 1276 3428 qua
1294 3359 1695 3423 convincamur
1711 3352 2010 3431 aliquando

422 3451 575 3521 quod
604 3450 696 3504 his
721 3448 1017 3519 prehensis
1056 3448 1200 3503 nihil
1251 3458 1541 3503 teneamus
1588 3447 1861 3504 rationem
1889 3460 2011 3517 quas

422 3542 690 3614 produxit
715 3541 901 3597 omnia
927 3549 984 3596 et
1008 3540 1286 3615 producit,
1317 3556 1431 3595 non
1469 3540 1732 3619 amplexi,
1761 3547 1822 3593 ut
1843 3538 2010 3609 Egy-

419 3635 542 3698 ptia
567 3633 682 3698 illa,
732 3647 857 3702 quae
915 3631 1051 3685 solis
1105 3618 1455 3686 vestimentis
1476 3618 1704 3700 Josephi
1750 3644 2010 3698 compre-

424 3725 618 3781 hensis
654 3723 991 3783 concubitus
1045 3738 1143 3792 Spe
1202 3739 1311 3793 qua
1343 3722 1613 3793 flagrabat
1659 3722 1823 3792 plane
1860 3720 2010 3775 exci-

426 3817 509 3874 dit
535 3828 582 3871 ο.
614 3816 695 3873 Ita
721 3816 871 3880 enim
899 3824 1009 3870 tam
1045 3808 1280 3870 rationis
1302 3815 1656 3873 vestimenta;
1686 3813 2019 3883 Scriptum,

423 3912 677 3979 inquam,
711 3907 906 3972 verba,
938 3921 1104 3976 quam
1127 3920 1252 3975 qua:
1276 3913 1559 3976 apparent
1584 3913 1873 3959 creaturas
1903 3903 2010 3957 im-

423 3997 732 4053 mutatione
769 3995 1154 4085 doctrinarum
1194 3995 1345 4049 illius
1376 3992 2013 4063 comitum'splendidas

422 4092 599 4161 atque
617 4090 887 4154 illustres,
920 4104 988 4143 ac
1017 4088 1263 4145 divinam
1301 4088 1572 4142 rationem
1609 4086 1835 4144 sublimi
1876 4101 2012 4140 eon-

426 4180 784 4250 tcmplatioue
832 4178 1276 4234 condecorantes
1312 4220 1327 4245 ,
1386 4193 1491 4232 nos
1545 4193 1768 4247 quoque
1820 4184 2010 4231 monte

425 4271 628 4327 divinat
678 4268 1180 4338 transﬁgurationis
1254 4283 1487 4323 ascenso
1549 4267 2007 4338 spectaverimus,

424 4380 536 4421 non
566 4379 596 4418 a
616 4362 785 4418 beato
808 4362 1043 4417 rationis
1074 4370 1219 4416 tactu
1244 4360 1691 4431 persuasibiliter
1715 4359 2005 4429 prohibiti,

426 4466 486 4512 ut
513 4454 830 4527 Hagdalena
855 4454 1024 4509 Maria
1048 4468 1171 4523 quae
1207 4453 1504 4507 Dominum
1542 4445 1731 4508 laesum
1759 4467 1861 4522 pro
1886 4451 2013 4505 hor-

427 4550 616 4605 tulano
643 4548 919 4603 habuerat
940 4544 991 4612 ά,
1020 4546 1260 4601 solarum
1294 4561 1417 4616 qua:
1446 4546 1550 4601 sub
1585 4545 2003 4616 generationem

424 4652 592 4710 atque
616 4638 909 4695 interitum
947 4634 1153 4706 cadunt
1186 4624 1370 4699 rerum
1417 4635 1791 4689 factitatorem
1832 4633 2006 4705 nihil-

425 4736 556 4791 dum
580 4748 748 4804 supra
771 4745 996 4787 sensum
1022 4744 1145 4785 esse
1171 4730 1465 4794 arbitrata,
1494 4729 1590 4784 sed
1615 4727 1930 4783 videbimus
1954 4736 2011 4782 et

425 4827 783 4884 adorabimus
802 4826 989 4881 vivum
1013 4838 1081 4879 ex
1105 4824 1340 4879 mortuis
1360 4838 1459 4892 per
1487 4822 1917 4893 clausasjanuas
1941 4820 2009 4875 ad

425 4935 529 4975 nos
560 4920 861 4974 intrantem
895 4929 919 4957 ο
938 4958 952 4983 ,
980 4926 1107 4987 post
1138 4917 1467 4971 exstinctam
1496 4930 1731 4985 prorsus
1763 4915 1819 4969 in
1848 4914 2014 4969 nobis

426 5012 702 5068 actionem
734 5009 1072 5073 sensualem,
1103 5002 1489 5077 rationemque
1534 5008 1713 5077 ipsam
1754 5015 1811 5061 ct
1835 5007 2007 5060 Deum

426 5117 845 5176 cognoscemus,
892 5102 988 5173 qui
1019 5100 1200 5155 omnis
1249 5099 1303 5154 in
1335 5099 1597 5154 omnibus
1651 5107 1755 5163 cst,
1801 5098 2012 5168 quique

426 5196 614 5251 omnia
641 5210 741 5251 sua
766 5194 836 5251 de
861 5192 1113 5249 bonitate
1150 5190 1549 5253 intellectualis
1588 5204 1796 5258 corpus
1818 5229 1833 5251 ,
1887 5204 2015 5243 sen-

2037 3222 2078 3276 C

2041 4593 2080 4646 ο

2102 599 2414 681 θεωμένους
2443 600 2677 669 πέφυκε.
2708 600 2821 654 Καὶ
2843 601 3008 654 πάλιν
3031 602 3094 655 τὸ
3120 603 3482 670 Εὐαγγέλιον,
3516 606 3585 659 Ei
3609 607 3692 676 μὴ

2101 693 2570 761 ἐκολοϐώθησαν
2605 696 2667 747 al
2701 693 2915 763 ἡμέραι
2953 696 3200 761 ἐκεῖναι,
3231 696 3435 768 δηλαδὴ
3470 698 3576 768 τῆς
3603 717 3699 754 xu-

2102 788 2267 851 κίας,
2304 788 2416 840 οὐκ
2458 786 2536 842 ἂν
2584 784 2782 854 ἐσώθη
2822 785 2993 843 πᾶσα
3042 788 3223 855 σὰρξ,
3254 789 3511 843 τουτέστι
3554 792 3700 846 πᾶσι

2102 881 2234 947 περὶ
2260 878 2396 931 Θεοῦ
2431 878 2667 949 εὐσεϐὴς
2701 877 2904 932 ἔννοια.
2940 878 3316 934 Κολοϐοὗνται
3347 881 3463 952 γὰρ
3492 883 3698 947 κακίας

2104 970 2309 1041 ἡμέραι
2334 1011 2349 1035 ,
2414 970 2514 1040 τῆς
2576 971 2701 1024 κατ’
2741 970 2998 1041 αἴσθησιν
3035 971 3488 1044 δημιουργούσης
3533 975 3702 1040 αὐτὰς

2103 1061 2458 1133 ὲσφαλμένης
2504 1062 2748 1132 κρίσεως
2789 1062 2869 1133 τῷ
2909 1063 3056 1135 λόγῳ
3097 1067 3575 1139 περιγραφείσης,
3612 1070 3703 1121 xui

2103 1153 2199 1206 τοῦ
2237 1154 2359 1206 κατ’
2390 1152 2557 1206 αὐτὸν
2586 1153 2844 1218 εὐσεϐοῦς
2872 1154 3244 1228 δικαιώματος
3280 1159 3521 1212 κατόπιν
3544 1176 3703 1228 γεγε-

2104 1244 2365 1315 νημένης.
2410 1246 2785 1316 ’Λντιχρίστου
2823 1248 2934 1319 γὰρ
2966 1249 3120 1302 οὐδὲν
3174 1250 3496 1321 διενήνοχεν
3546 1253 3576 1305 ό
3608 1253 3704 1322 τῆς

2106 1333 2308 1405 σαρκὸς
2335 1336 2522 1405 νόμος,
2554 1339 2644 1390 ἀεὶ
2674 1338 2923 1391 παλαίων
2950 1338 3027 1410 τῷ
3054 1340 3330 1411 πνεύματι
3366 1343 3467 1395 καὶ
3495 1342 3578 1413 τῷ
3609 1346 3703 1398 αὺ-

2103 1426 2198 1481 τοῦ
2230 1427 2360 1499 θείῳ
2386 1428 2537 1499 νόμῳ
2567 1428 3058 1500 ἀντιτασσόμενος,
3093 1433 3199 1496 ἓως
3228 1436 3261 1505 ἡ
3293 1433 3560 1505 παροῦσα
3593 1435 3705 1508 ζωὴ

2104 1521 2217 1579 τοῖς
2245 1520 2577 1590 ἡττημένοις
2607 1520 2746 1591 αὐτῇ
2780 1523 3091 1593 προσφιλής
3126 1524 3243 1577 ἐστι
3270 1526 3365 1577 xui
3404 1527 3703 1597 ἐράσμιος,

2105 1611 2198 1664 xui
2232 1609 2387 1664 οὔπω
2428 1614 2620 1682 φανεὶς
2664 1606 2695 1668 ό
2725 1613 2884 1681 λόγος
2919 1615 3000 1685 τῷ
3030 1618 3240 1687 ῥήματι
3273 1619 3373 1688 τῆς
3406 1618 3705 1687 δυνάμεως

2104 1706 2305 1770 ἀνεῖλε,
2337 1705 2625 1778 διακρίνας
2657 1705 2754 1760 τοῦ
2786 1707 3062 1762 ἀθανάτου
3111 1710 3173 1762 τὸ
3209 1710 3437 1781 θνητὸν,
3472 1711 3579 1764 xui
3603 1711 3705 1781 τῆς

2106 1797 2423 1869 ἐλευθερίας
2469 1798 2570 1871 τὴν
2613 1799 2933 1870 διοχλοῦσαν
2983 1800 3090 1866 ἔξω
3150 1804 3537 1874 ποιησάμενος
3586 1784 3704 1857 δου-

2106 1889 2280 1956 λείαν,
2314 1891 2409 1945 xui
2437 1891 2538 1963 τὴν
2574 1891 2838 1963 ἀλήθειαν
2869 1893 3042 1962 αὐτὴν
3077 1893 3198 1947 καθ’
3233 1893 3439 1965 ἑαυτὴν
3469 1893 3707 1964 ψεύδους

2106 1983 2356 2055 καθαρὰν
2391 1985 2706 2053 ἀποδείξας,
2743 1988 2838 2040 xui
2872 1986 2981 2040 τῶν
3013 1986 3175 2041 θείων
3212 1988 3312 2041 xui
3347 1988 3602 2041 αἰωνίων
3641 1990 3705 2042 τὶ

2107 2077 2267 2132 ὑλικὰ
2306 2078 2401 2130 xui
2440 2078 3172 2152 πρόσκαιραάποδιορίσας,
3208 2078 3348 2149 πρὸς
3377 2077 3414 2132 ἃ
3451 2078 3705 2147 πέφυκεν

2106 2170 2134 2222 ό
2165 2168 2290 2234 νοῦς
2324 2170 2415 2224 διὰ
2442 2171 2540 2241 τῆς
2570 2169 2695 2224 κατ’
2716 2170 2971 2241 αἴσθησιν
3013 2171 3152 2241 πρὸς
3184 2170 3328 2234 αὐτὰ
3353 2170 3703 2241 οἰκειότητος

2108 2261 2464 2332 πλανώμενος
2503 2261 2879 2315 ὲπικλίνεσθαι
2904 2261 2998 2315 xui
3024 2265 3093 2333 τῇ
3112 2261 3294 2333 ἀλόγῳ
3319 2261 3705 2315 θανατοῦσθαι

2110 2356 2335 2424 στοργῇ·
2378 2352 2515 2420 πρὶς
2538 2352 2597 2405 ὃν
2625 2350 2860 2423 μάλιστα
2896 2354 3327 2426 προηγουμένως
3354 2353 3555 2426 (14⁵1
3586 2353 3639 2418 bl
3674 2354 3707 2424 ἡ

2110 2444 2427 2516 θεοπρεπὴς
2463 2444 2560 2498 τοῦ
2580 2436 2764 2514 -λόγου
2809 2446 3115 2510 κατάϐασις
3138 2445 3374 2515 γίνεται,
3403 2446 3508 2499 τοῦ
3538 2446 3708 2499 θανά-

2106 2550 2201 2588 του
2224 2534 2328 2603 τῆς
2355 2534 2582 2602 ἀγνοίας
2613 2534 2777 2589 αὐτὸν
2806 2526 3194 2609 ἀνεγείρουσα,
3227 2537 3321 2590 xui.
3343 2528 3450 2606 τῆς
3483 2536 3627 2607 πρὸς
3642 2536 3707 2589 τὰ

2108 2625 2271 2679 ὑλικὰ
2300 2625 2590 2694 ἐμπαθοῦς
2622 2626 2921 2691 διαθέσεως
2972 2628 3386 2685 ἀναστέλλουσα
3434 2630 3540 2684 καὶ
3572 2628 3706 2700 πρὸς

2107 2719 2169 2772 τὸ
2210 2718 2354 2772 κατὰ
2379 2718 2540 2787 φύσιν
2568 2720 2799 2790 ἑραστὸν
2833 2719 2931 2790 τὴν
2967 2720 3153 2789 ἔφεσιν
3184 2720 3355 2775 αὐτοῦ
3388 2721 3704 2789 ἐπανάγω-

2110 2824 2199 2861 σα.
2230 2808 2321 2861 Διὸ
2346 2809 2664 2877 ἀναγκαίως
2705 2804 2863 2880 οἶμαι
2888 2812 3000 2866 δεῖν
3026 2812 3123 2864 τοῦ
3149 2812 3290 2882 ὑπὲρ
3324 2812 3395 2866 τὰ
3426 2812 3703 2883 ἐνδύματα

2111 2901 2307 2971 μακρῷ
2345 2903 2664 2971 κρείσσονος
2692 2894 2967 2972 σώματος,
2998 2903 3251 2956 τουτέστι
3280 2903 3391 2956 τῶν
3417 2902 3588 2957 θείων
3612 2903 3701 2955 xui

2109 2992 2331 3062 ὑψηλῶν
2374 2993 2689 3063 νοημάτων,
2720 2994 2821 3063 τῆς
2865 3011 2927 3048 τε
2975 2995 3138 3063 ἁγίας
3186 2996 3416 3067 Γραφῆς
3470 2996 3570 3049 xui
3598 2993 3701 3048 τῶν

2110 3085 2250 3139 κατὰ
2283 3086 2381 3156 τὴν
2429 3085 2609 3139 κτίσιν
2643 3086 2959 3157 θεαμάτων,
2994 3070 3304 3159 φροντίζειν
3330 3088 3593 3156 λογικοὺς
3620 3087 3700 3139 όν-

2110 3194 2230 3241 τας,
2266 3176 2480 3230 καὶςδιὰ
2514 3178 2677 3247 λόγου
2720 3179 2865 3249 πρὸς
2902 3180 3063 3249 λόγον
3116 3181 3456 3248 σπεύδοντας
3501 3180 3701 3253 (καθώς

2114 3285 2280 3338 φησιν
2318 3268 2526 3339 όΛὸγος
2558 3270 2742 3337 αὐτὸς,
2774 3272 2923 3341 Οὐχί
2975 3273 3171 3328 πλέον
3219 3274 3395 3329 ἐστίν
3451 3276 3492 3343 ή
3531 3272 3696 3344 ψυχὴ

2111 3359 2221 3430 τῆς
2243 3362 2487 3431 τροφῆς,
2513 3364 2610 3417 καί
2634 3364 2701 3417 τὸ
2728 3362 2903 3433 σῶμα
2932 3364 3051 3418 τοῦ.
3065 3364 3403 3435 ἐνδύματος
3423 3365 3466 3438 ;)
3507 3367 3698 3437 μήπως

2110 3452 2169 3503 ἐν
2195 3453 2377 3524 καιρῷ
2412 3454 2825 3525 διελεγχθῶμεν
2858 3455 3029 3526 μηδὲν
3066 3456 3286 3526 ἔχοντες
3310 3456 3527 3510 τούτων
3556 3458 3698 3508 ἐπει-

2110 3542 2402 3613 λημμένοι,
2448 3545 2543 3598 τοῦ
2576 3546 2889 3615 ὑφεστῶτος
2926 3548 3021 3600 xui.
3051 3538 3387 3615 ὑφιστῶντος
3419 3546 3494 3601 τὰ
3524 3545 3695 3599 πάντα

2110 3622 2275 3701 λόγου
2305 3633 2367 3685 οὐ
2406 3622 2891 3705 περιδραξάμενοι,
2923 3635 3065 3687 κατὰ
3093 3636 3193 3705 τὴν
3214 3636 3533 3705 Αἰγυπτίαν
3555 3633 3693 3688 exsi-

2109 3740 2230 3794 νην,
2268 3725 2393 3795 ἥτις
2442 3724 2621 3796 μόνων
2651 3725 2761 3778 τῶν
2797 3724 3027 3795 ἱματίων
3069 3725 3164 3795 τοῦ
3211 3726 3413 3797 Ἰωσὴφ
3444 3722 3694 3779 ἐπιλαϐο-

2113 3816 2250 3886 μένη
2288 3815 2388 3885 τῆς
2420 3815 2516 3869 τοῦ
2544 3815 2783 3885 ἐραστοῦ
2812 3815 3094 3877 παντελῶς
3127 3817 3437 3889 διήμαρτεν
3460 3815 3690 3888 ὁμιλίας.

2110 3907 2268 3962 Οὕτω
2300 3910 2410 3978 γὰρ
2436 3906 2503 3961 ἂν
2530 3908 2600 3961 τά
2624 3910 2682 3960 τε
2714 3907 2992 3978 ἐνδύματα
3020 3907 3115 3962 τοῦ
3146 3907 3330 3978 λόγου,
3362 3911 3510 3979 φημὶ
3538 3907 3602 3978 δὴ
3629 3904 3691 3958 τὰ

2112 4002 2340 4074 ῥήματα
2385 4000 2487 4069 τῆς
2535 4000 2786 4071 Γραφῆς,
2820 4000 2915 4053 xui.
2946 3999 3016 4053 τὰ
3050 3982 3359 4069 φαινόμενα
3395 3998 3688 4067 κτίσματα,

2108 4093 2341 4164 λαμπρά
2371 4109 2429 4145 τε
2458 4094 2555 4146 καὶ
2592 4091 2926 4171 ὲπίδοξπ“τῇ
2961 4091 3235 4161 ἐναλλαγῇ
3266 4090 3386 4145 ’τῶν
3443 4089 3572 4160 περὶ
3600 4088 3688 4139 αὐ-

2108 4184 2202 4239 τὸν
2244 4183 2556 4255 δογμάτων,
2600 4183 2697 4237 καὶ
2732 4183 2810 4254 τῷ
2864 4183 2995 4254 θείῳ
3020 4183 3165 4253 λόγῳ
3208 4181 3567 4253 ἐμπρέποντα
3609 4175 3688 4228 διὰ

2110 4276 2211 4346 τῆς
2258 4267 2469 4346 ὑψηλῆς
2518 4273 2792 4345 θεωρίας,
2841 4273 2938 4327 xui
2980 4275 3143 4345 ἡμεῖς
3172 4270 3361 4325 ἒπϊτὸ
3407 4271 3536 4340 ὅρος
3568 4269 3686 4322 ἀνα·

2111 4367 2306 4430 ϐάντες
2343 4368 2442 4437 τῆς
2480 4364 2632 4428 θείας
2662 4364 3146 4436 μεταμορφώσεως
3179 4361 3518 4433 θεασόμεθα,
3543 4359 3689 4415 οὐδα-

2114 4460 2231 4530 μῶς
2263 4459 2581 4530 πληκτικῶς
2614 4457 2931 4529 είργόμενοι
2969 4456 3072 4526 τῆς
3108 4455 3389 4527 μακαρίας
3419 4451 3516 4507 τοῦ
3538 4450 3686 4516 λόγου

2113 4554 2259 4625 ἁφῆς
2282 4553 2425 4606 κατὰ
2453 4552 2551 4623 τὴν
2573 4551 2948 4623 Μαγδαληνὴν
2968 4550 3212 4622 Μαρίαν,
3241 4566 3409 4619 κηποι
3435 4547 3526 4621 ρδν
3555 4540 3686 4598 εἷναι

2111 4646 2346 4711 δόξασαν
2381 4645 2473 4698 τὸν
2513 4646 2721 4716 Κύριον
2768 4644 2995 4714 Ἰησοῦν,
3028 4644 3122 4697 xui.
3147 4643 3327 4714 μόνων
3353 4642 3462 4695 τῶν
3485 4641 3587 4711 ὑπὸ
3605 4634 3687 4704 γέ-

2113 4752 2263 4791 νεσιν
2292 4735 2383 4789 xui.
2417 4734 2628 4807 φθορὰν
2677 4734 3012 4804 δημιουργὸν
3039 4732 3194 4786 οὔπω
3229 4731 3397 4802 μηδὲν
3427 4731 3566 4801 ὑπὲρ
3597 4725 3686 4793 τὴν

2086 4828 2372 4899 ,αἴσθησιν
2412 4822 2553 4881 εἶναι
2604 4827 2961 4897 νομίζουσαν,
2997 4824 3134 4879 ἀλλὰ
3156 4822 3573 4899 ςκαὶκόψόμεθαν
3599 4816 3683 4874 καὶ

2115 4919 2574 4993 προσκυνήσομεν
2622 4919 2801 4984 ζῶντα
2861 4917 3048 4990 (148
3089 4919 3144 4986 α)
3196 4918 3264 4971 ὲκ
3317 4916 3530 4988 νεκρῶν
3548 4911 3683 4982 ’πρὸς

2116 5011 2262 5081 ἡμᾶς
2285 5009 2393 5061 τῶν
2421 5007 2604 5085 θυρῶν
2639 4996 3072 5076 κεκλεισμένων,
3106 5004 3423 5073 γενόμενον,
3448 5001 3547 5069 τῆς
3572 4994 3678 5050 κατ’

2116 5099 2372 5171 αἴσθησιν
2422 5099 2705 5165 παντελῶς
2738 5100 2796 5153 ὲν
2845 5100 2980 5171 ἡμῖν
3024 5087 3678 5173 ὲνεργείαςᾶποσὸεσθείο

2116 5210 2237 5264 σῇς.
2279 5192 2371 5246 τόν
2418 5209 2478 5246 τε
2526 5192 2687 5262 λόγον
2715 5192 2880 5247 αὑτὸν
2909 5194 3004 5247 xui
3036 5191 3171 5245 Θεὸν
3211 5192 3393 5245 πάντα
3436 5191 3495 5242 ὲν
3529 5185 3676 5238 πᾶσιν

427 5288 603 5342 sualia
653 5286 1064 5352 indumentum,
1112 5268 1375 5340 confecit.
1426 5282 1503 5337 De
1536 5280 1746 5351 quibus
1776 5280 2008 5334 fortasse

2112 5286 2264 5351 ὄντα,
2297 5286 2393 5339 xui
2417 5282 2593 5339 πάντα
2624 5284 2819 5339 ἑαυτοῦ
2852 5286 2919 5339 δι’
2942 5284 3260 5356 ἀγαθότητα
3295 5282 3368 5343 τὰ
3396 5281 3498 5352 μὲν
3530 5272 3676 5344 vorti

427 5380 637 5437 dictum
677 5380 803 5436 esSe
829 5388 1031 5450 putare
1062 5394 1173 5432 non
1214 5378 1466 5447 ineptum
1498 5382 1583 5432 est
1618 5374 1790 5429 illud:
1819 5374 2008 5435 Omnes

2115 5378 2301 5449 σῶμα.
2331 5377 2401 5431 τὰ
2427 5378 2484 5430 δὲ
2515 5377 2754 5449 αἰσθητὰ
2786 5378 3005 5449 ἱμάτιον
3045 5366 3388 5446 πεποιηκότα
3418 5368 3672 5442 γνωσόμε-

427 5480 483 5523 ut
510 5472 878 5526 vestimentum
896 5477 1240 5526 velustcscent
1274 5470 1321 5534 τ,
1352 5476 1581 5539 propter
1618 5466 1906 5522 interitum
1931 5483 2017 5521 re-

2115 5470 2205 5525 θα.
2260 5469 2397 5541 Περὶ
2427 5462 2503 5523 ὧν
2548 5470 2683 5535 ἴσως
2714 5471 2973 5543 εἰρῆσθαι
3009 5470 3187 5524 δοκεῖν
3217 5468 3319 5522 οὐκ
3351 5463 3569 5525 ἀπεικὸς
3602 5455 3669 5517 τὸ»

495 5613 519 5643 ι
546 5603 739 5660 Matth.
761 5619 908 5669 ntv,
928 5601 1021 5658 22.
1098 5602 1126 5642 ιι
1149 5601 1340 5655 Matth.
1363 5616 1436 5664 vi,
1459 5599 1549 5655 25.
1578 5632 1589 5647 ι
1663 5612 1685 5638 ε
1710 5598 1873 5678 ⁸(ἶεη.
1906 5615 2008 5653 xxx

2114 5598 2201 5654 l2.
2274 5597 2300 5637 ἀ
2347 5598 2507 5654 Joan.
2556 5616 2647 5665 xx,
2676 5598 2767 5653 15.
2850 5598 3031 5655 eibid.
3082 5599 3191 5655 26."
3252 5597 3275 5638 τ
3312 5597 3478 5654 llebr.
3525 5585 3670 5655 1.“-

1726 5737 1962 5815 vanu:
1993 5737 2405 5795 LECTIONES.
3120 5772 3125 5775 .
3383 5696 3389 5703 ’

496 5832 544 5866 ⁷⁵
568 5832 920 5909 ἅποστερῤεἶν
946 5831 1068 5887 cod.
1099 5831 1241 5887 Gud.
