3998 6516
464 462 619 562 tt}:

1694 480 2213 543 AMBIGUORUM
2251 484 2502 543 LIBER.

3489 469 3491 472 ⁴
3574 469 3713 536 1138

461 599 824 668 ἐπινοήσαντες
864 599 1020 669 λόγον
1053 599 1178 662 τοὺς
1225 597 1319 652 δύο
1362 599 1441 661 εἰς
1488 597 1585 651 ἕνα
1624 598 1857 667 θεωρίας
1908 616 2027 650 συν-

2140 600 2252 663 nia,
2285 615 2406 668 qua:
2447 607 2640 652 mutuo
2685 598 2830 653 inter
2866 613 2924 653 se
2963 597 3183 652 vinculo
3224 596 3278 650 iu
3319 592 3483 648 unius
3521 589 3709 644 mundi

460 689 714 743 ἔκλεισαν
762 690 987 761 τρόπον,
1022 691 1146 745 καθ’
1172 692 1231 745 ὃν
1281 689 1424 760 ἁπλῇ
1477 689 1753 760 προσϐολῇ
1794 689 1881 742 διὰ
1924 689 2035 741 τῶν

462 782 520 833 ἐν
551 784 665 844 τοῖς
693 780 812 835 οὖσι
844 783 1016 851 λόγων
1043 785 1179 854 πρὸς
1209 783 1270 836 τὸ
1296 782 1467 837 αἴτιον
1508 780 1633 835 νοῦν
1659 780 2036 852 διαπορθμευ-

465 889 685 936 σαντες,
718 874 814 927 καὶ
841 875 988 945 μόνῳ
1029 874 1177 945 αὐτῷ
1205 875 1280 938 ὡς
1307 872 1607 943 συναγωγῷ
1640 872 1749 925 τῶν
1781 873 1839 938 ἐξ
1869 870 2033 925 αὐτοῦ

465 963 686 1016 πάντων
749 963 842 1016 καὶ
924 963 1162 1033 ἑλκτικῷ
1234 963 1639 1033 προσδήσαντες
1671 1001 1685 1023 ,
1745 962 1856 1023 τοῖς
1910 960 2045 1013 καθτ

460 1052 669 1106 ἕκαστα
691 1046 801 1106 τῶν
829 1054 968 1107 ὅλων
994 1053 1070 1125 τῷ
1107 1052 1493 1124 ὑπερόαθῆναι
1523 1052 1707 1105 οὐκέτι
1751 1051 2039 1121 διαχεόμε-

462 1160 544 1195 νοι
571 1142 770 1211 λόγοις,
804 1145 893 1197 διὰ
917 1144 1010 1197 τοῦ
1039 1144 1332 1197 πεπεῖσθαι
1360 1143 1548 1212 σαφῶς
1582 1142 1741 1212 μόνον
1780 1142 1871 1194 τὸν
1906 1142 2053 1195 Θεδνκ

464 1233 666 1303 κυρίως
718 1230 859 1288 εἶναι
907 1235 1092 1288 λοιπὸν
1131 1236 1195 1287 ἐκ
1226 1234 1325 1303 τῆς
1383 1232 1518 1304 πρὸς
1588 1233 1655 1285 τὰ
1708 1232 1838 1285 ὄντα
1878 1234 2037 1299 ἀκρι-

462 1324 591 1387 ϐοῦς
637 1326 1010 1390 ὲνατενίσεως,
1057 1328 1151 1379 καὶ
1190 1326 1376 1378 οὐσίαν
1416 1324 1523 1377 τῶν
1573 1324 1740 1377 ὄντων
1770 1324 2041 1394 καὶκίνη-

462 1432 551 1467 σιν
595 1416 689 1467 καὶ
734 1417 841 1469 τῶν
892 1417 1258 1488 διαφερόντων
1300 1416 1631 1487 εὐκρίνειαν,
1675 1416 1768 1468 καὶ
1810 1416 2040 1486 συνοχὴν

461 1507 750 1561 ἀδιάλυτον
780 1511 888 1562 τῶν
920 1508 1302 1578 κεκραμένων,
1382 1508 1477 1561 καὶ
1524 1508 1738 1578 ἵδρυσιν
1772 1508 2040 1577 ἀμετάθε-

460 1616 554 1652 τον
575 1599 683 1652 τῶν
713 1601 1072 1669 τεθειμένων,
1102 1600 1199 1653 καὶ
1224 1602 1410 1669 πάσης
1437 1599 1625 1663 ἁπλῶς
1647 1600 1746 1669 τῆς
1789 1596 2039 1652 ὁπωσοῦν

459 1692 759 1763 νοουμένης
780 1691 987 1752 οὐσίας,
1019 1693 1111 1743 καὶ
1138 1691 1407 1760 κινήσεως
1445 1691 1540 1742 καὶ
1569 1691 1862 1760 διαφορᾶς,
1896 1690 2035 1758 κρά-

464 1783 601 1846 σεώς
647 1800 709 1835 τε
762 1783 857 1836 καὶ
911 1782 1114 1846 θέσεως
1162 1781 1336 1836 αἴτιον
1364 1820 1377 1844 ,
1417 1781 1599 1850 σοφῶς
1649 1782 1718 1835 δι’
1761 1781 2038 1851 ἐμφεροῦς

460 1877 777 1948 ὁμοιότητος
808 1876 907 1947 τὴν
929 1877 1070 1930 κατᾶ
1102 1875 1191 1928 τον
1231 1875 1487 1946 αἰσθητὸν
1529 1874 1701 1926 αἰῶνα
1754 1875 2026 1943 μυστικὴν

462 1970 694 2039 θεωρίαν
720 1970 813 2023 ἐπὶ
840 1970 929 2021 τὶν
948 1969 1090 2022 κατὰ
1115 1968 1356 2021 διάνοιαν
1397 1970 1456 2020 ὲν
1493 1966 1765 2036 πνεύματι
1801 1965 1890 2018 διὰ
1928 1964 2036 2016 τῶν
2072 1943 2109 1998 Β

461 2062 672 2133 ἀρετῶν
699 2060 1193 2132 συμπληρούμενον
1228 2061 1433 2130 κόσμον
1484 2061 1829 2129 μετήνεγκαν
1859 2074 1872 2089 ·
1915 2057 2037 2110 καθ’

462 2156 528 2224 ἢν
556 2154 681 2217 τοὺς
714 2155 1043 2224 εἰρημένους
1093 2153 1329 2223 τρόπους
1377 2154 1454 2215 εἰς
1490 2152 1584 2204 ἕνα
1640 2150 2039 2217 συναγαγόντες

462 2249 552 2301 τὸν
586 2246 863 2318 διαφόροις
898 2245 1110 2318 ἀρετῶν
1143 2245 1313 2298 εἴδεσι
1344 2244 1443 2316 τὴν
1474 2246 1568 2296 τοῦ
1598 2242 1742 2296 κατὰ
1785 2243 2030 2295 διάνοιαν

462 2338 746 2408 γνωμικοῦ
785 2339 995 2408 κόσμου
1038 2337 1226 2389 οὐσίαν
1274 2333 1658 2406 ἐκπληροῦντα
1685 2335 1751 2387 δι’
1781 2335 1902 2388 ὅλου
1952 2335 2041 2387 λό-

462 2442 561 2498 γον
577 2428 906 2500 ηονιὼτατον
927 2431 1162 2492 ἑαυτοῖς,
1186 2428 1263 2491 ὠς
1286 2427 1524 2495 ἐφικτὸν,
1555 2424 2038 2495 ἐναπωμόρξαντο,

464 2522 676 2584 πάντας
703 2520 908 2591 δηλαδὴ
937 2519 1283 2591 περάσαντες
1314 2518 1440 2580 τοὺς
1469 2516 1580 2569 τῶν
1603 2514 1773 2568 ὄντων
1807 2514 1905 2567 καῖ
1945 2514 2045 2566 αὐ-

461 2614 590 2676 τοὺς
616 2613 742 2676 τοὺς
773 2613 882 2665 τῶν
913 2610 1128 2681 ἀρετῶν
1171 2609 1385 2678 λόγους,
1430 2607 1637 2676 μᾶλλον
1656 2606 1713 2659 δὲ
1748 2605 1886 2676 μετὰ
1910 2603 2040 2658 τοὺ-

462 2722 570 2758 των
599 2705 736 2773 πρὸς
769 2705 863 2757 τὸν
898 2703 1041 2772 ὑπὲρ
1070 2702 1320 2764 τούτους,
1354 2701 1451 2754 καὶ
1480 2701 1559 2761 εἰς
1590 2698 1649 2752 ὃν
1680 2692 1826 2751 οὗτοι
1854 2697 1949 2750 καὶ
1981 2698 2039 2762 ἐξ

463 2791 524 2852 οὗ
546 2798 607 2850 τὸ
632 2791 771 2850 εἶναι
801 2797 1014 2859 τούτοις
1041 2796 1190 2848 ἐστὶν
1212 2796 1541 2864 ὑπερούσιον
1564 2793 1658 2846 καὶ
1687 2789 2041 2861 ὑπεράγαθον

462 2888 618 2957 λόγον
645 2887 940 2957 ἀγνώστως
971 2888 1378 2957 ἀναδραμόντες
1413 2902 1427 2917 ·
1475 2886 1570 2938 καὶ
1603 2885 1715 2937 ὅλοι
1747 2883 1855 2953 ὅλῳ
1894 2882 2039 2936 κατὰ

461 2979 522 3031 τὸ
564 2979 788 3049 ἐφικτὸν
830 2978 1015 3049 (150
1040 2979 1092 3049 ὁ)
1133 2979 1231 3049 τῆς
1270 2976 1500 3047 ἐνούσης
1552 2976 1737 3038 αὐτοῖς
1801 2973 2041 3043 φυσικῆς

460 3071 745 3141 δυνάμεως
780 3071 823 3103 ⁷⁸
874 3071 1169 3132 ἑνωθέντες
1218 3068 1477 3123 τοσοῦτον
1528 3066 1899 3138 ἐνδεχομένως
1947 3066 2039 3117 ὑπ’

462 3161 627 3215 αὐτοῦ
688 3160 1057 3232 ὲποιὼθησαν,
1119 3160 1262 3214 ὥστε
1299 3160 1398 3213 καὶ
1446 3160 1554 3215 ἀπὸ
1584 3159 1743 3230 μόνον
1785 3157 2038 3227 γνωρίζε·

464 3251 609 3314 σθαι,
639 3247 751 3305 οἷον
781 3252 1028 3323 ἔσοπτρα
1058 3252 1421 3317 διειδέστατα,
1464 3252 1587 3306 ὅλου
1619 3250 1712 3304 τοῦ
1741 3250 2040 3322 ἐνορῶντος
2065 3286 2108 3343 c

460 3338 597 3393 Θεοῦ
654 3341 812 3408 λόγου
864 3343 925 3394 τὸ
960 3337 1099 3404 εἶδος
1145 3338 1574 3410 ἀτταραλείπτως
1616 3339 1705 3393 διὰ
1732 3339 1840 3391 τῶν
1879 3337 2038 3391 θεὲων

444 3433 628 3487 ἀὑτοῦ
682 3433 1089 3503 γνωρισμάτων
1131 3432 1463 3502 φαινόμενον
1498 3431 1735 3501 ἔχοντες,
1763 3428 1837 3499 τῷ
1864 3428 2039 3481 ἐλλει-

459 3524 658 3594 φθῆναι
678 3524 881 3595 μηδένα
902 3523 1011 3576 τῶν
1037 3523 1281 3576 παλαιῶν
1307 3523 1703 3594 χαρακτήρων,ο
1726 3516 1806 3585 οἷς
1835 3520 2039 3589 μηνύε-

462 3615 585 3669 σθαι
648 3616 862 3685 πέφυκε
889 3617 950 3670 τὸ
977 3615 1339 3688 ἀνθρώπινον,
1381 3616 1599 3668 πάντων
1630 3613 1891 3680 εἰξάντων
1924 3615 2036 3676 τοῖς

458 3708 760 3777 ἀμείνοσιν,
795 3704 907 3762 οἷον
954 3708 1062 3780 ἀὴρ
1110 3706 1357 3780 ἀφεγγὴς
1393 3707 1535 3777 φωτὶ
1561 3706 1629 3760 δι’
1664 3707 1786 3760 ὅλου
1838 3721 2037 3776 μετεγ-

458 3799 706 3869 κραθείς.

2137 691 2562 760 completionem
2606 689 2871 745 ineffabili
2918 689 3157 760 quodam
3208 686 3372 741 modo
3413 684 3708 743 cohaerent,

2137 782 2313 836 solum
2357 798 2484 836 cum
2527 783 2627 851 qui
2672 797 2735 836 ea
2780 781 3029 851 colligat,
3071 794 3307 849 cumque
3354 774 3713 831 universitate

2137 882 2324 942 partes
2357 874 2600 944 singulas
2629 874 2836 943 hasque
2871 874 3017 943 ipsas
3044 871 3187 926 inter
3236 870 3445 939 seipsas
3477 866 3715 921 invicem

2134 966 2483 1035 constringit,
2531 964 2793 1034 Opiticem
2832 966 3102 1019 rationem
3147 961 3532 1032 cogitabundi,
3573 960 3712 1014 duos

2138 1056 2275 1111 istos
2312 1058 2366 1111 in
2409 1044 2580 1112 unum
2620 1058 3105 1127 contemplationis
3142 1056 3367 1111 modum
3407 1055 3710 1113 cluserunt,

2139 1148 2444 1203 secundum
2484 1166 2647 1219 quem
2688 1165 2799 1204 uno
2837 1150 3068 1219 appulsu
3106 1164 3208 1218 per
3245 1147 3489 1201 rationes
3530 1160 3713 1199 rerum

2139 1254 2260 1307 quae
2286 1247 2417 1293 sunt
2444 1248 2685 1294 mentem
2715 1239 2784 1293 ad
2811 1254 3035 1293 causam
3071 1238 3527 1300 transmittentes,
3553 1234 3714 1303 eique

2139 1329 2239 1382 uni
2278 1337 2536 1399 tanquam
2578 1330 2944 1385 conciliatrici
2990 1345 3181 1384 eorum
3222 1345 3343 1398 qua:
3380 1343 3448 1382 ex
3483 1342 3548 1381 ea
3587 1336 3717 1380 sunt

2140 1420 2409 1485 omnium,
2442 1437 2506 1475 ac
2546 1437 2733 1477 secum
2782 1421 3045 1485 trahenti,
3079 1420 3462 1489 adjungentes,
3492 1417 3718 1471 univer-

2139 1525 2326 1565 sorum
2365 1512 2673 1566 rationibus
2700 1527 2797 1581 per
2822 1511 3033 1580 singula
3064 1528 3294 1581 qumque
3330 1518 3719 1578 superatorum

2140 1619 2247 1657 non
2289 1604 2400 1673 jam
2448 1604 2663 1669 diffusi,
2703 1619 2827 1657 cum
2877 1604 2959 1658 eis
2998 1604 3175 1672 plane‘
3207 1617 3528 1672 persuasum
3571 1610 3717 1655 esset

2141 1696 2317 1748 Solum
2361 1696 2532 1749 Deum
2575 1696 2803 1766 proprie
2847 1696 3083 1766 relinqui
3120 1712 3188 1750 ex
3233 1704 3491 1749 accurata
3533 1709 3727 1747 rerum»

2142 1802 2263 1856 qute
2290 1796 2419 1841 sunt
2447 1788 2764 1852 intuitione,
2792 1799 2848 1843 et
2878 1788 3173 1842 essentiam
3208 1802 3399 1842 earum
3437 1794 3491 1839 et
3516 1785 3715 1838 motio—

2143 1892 2288 1941 nem,
2322 1885 2376 1929 et
2413 1878 2664 1931 ordinem
2708 1879 2847 1932 bene
2887 1877 3206 1931 distinctum
3248 1890 3438 1929 eorum
3475 1889 3597 1942 qum
3637 1872 3720 1926 di-

2141 1977 2306 2031 stant,
2325 1976 2379 2021 et
2402 1985 2595 2021 eorum
2621 1973 2741 2038 quae
2765 1970 2923 2023 mista
2950 1968 3077 2023 sunt
3101 1968 3392 2022 insolubile
3412 1965 3717 2024 vinculum,

2140 2067 2195 2110 ct
2225 2057 2619 2112 immutabilem
2655 2075 2845 2113 corum
2878 2075 2999 2128 qum
3032 2058 3213 2127 posita
3246 2066 3375 2111 sunt
3406 2055 3722 2110 collocatio-

2144 2163 2298 2209 nem,
2331 2156 2385 2201 et
2423 2150 2604 2202 omnis
2640 2150 2965 2218 simpliciter
2999 2151 3252 2221 essentia:
3289 2163 3508 2217 quaqua
3548 2149 3717 2201 menti

2142 2250 2445 2308 perceptae,
2496 2249 2551 2293 et
2602 2240 2864 2295 motionis
2914 2248 2970 2293 et
3020 2239 3404 2303 discretionis,
3447 2237 3721 2291 mistionis

2142 2339 2306 2405 atque
2342 2331 2638 2399 positionis
2673 2342 2916 2396 causam,
2941 2331 3094 2396 hinc,
3124 2331 3369 2400 inquam,
3397 2345 3498 2400 per
3528 2329 3724 2385 simili—

2144 2422 2388 2477 tudinem
2418 2432 2816 2493 congruentem
2845 2424 3125 2492 sapienter
3151 2424 3435 2495 mysticam
3465 2423 3571 2477 hoc
3596 2437 3722 2477 sen-

2143 2514 2282 2568 suali
2310 2529 2426 2568 tevo
2452 2514 2975 2584 contemplationem
3005 2515 3059 2569 in
3084 2514 3351 2569 mundum
3378 2514 3724 2569 intellectua-

2140 2607 2247 2661 lem
2291 2607 2345 2661 in
2390 2590 2586 2677 spiritu
2632 2623 2732 2677 per
2770 2592 3006 2662 virtutes
3043 2608 3379 2677 completum
3420 2607 3720 2662 transtule-

2141 2707 2290 2763 runt,
2310 2700 2613 2754 secundum
2636 2716 2800 2771 quam
2824 2701 3344 2770 contemplationem
3367 2700 3561 2754 modos
3581 2714 3722 2768 quos

2141 2791 2251 2845 dixi
2295 2792 2348 2845 in
2394 2806 2562 2846 unum
2602 2791 2908 2861 conﬂantes
2949 2793 3219 2847 rationem
3253 2792 3423 2847 variis
3453 2792 3721 2845 virtutum

2141 2882 2430 2952 speciebus
2469 2883 2771 2938 voluntatis
2811 2883 3141 2953 consiliique
3187 2881 3381 2936 mundi
3421 2881 3719 2937 essentiam

2141 2974 2369 3029 omnino
2404 2975 2740 3045 explentem,
2771 2974 2951 3029 solum
2990 2975 3095 3029 sibi
3132 2983 3408 3045 quatenus
3442 2982 3718 3044 poterant,

2142 3066 2278 3136 ipsis
2317 3066 2755 3137 impresseruut,
2787 3070 3061 3137 superatis
3090 3067 3343 3122 videlicet
3375 3082 3567 3122 eorum
3598 3083 3723 3137 qua:

2142 3168 2273 3212 sunt
2308 3158 2551 3227 ipsisque
2585 3157 2854 3213 virtutum
2892 3158 3221 3221 rationibus,
3251 3150 3338 3212 vel
3376 3157 3559 3227 potius
3594 3173 3721 3212 cum

2142 3248 2228 3303 his
2266 3249 2334 3304 ad
2369 3264 2490 3304 eam
2529 3265 2651 3319 quae
2691 3249 2837 3303 ultra
2879 3244 2981 3305 has
3021 3257 3127 3314 est,
3152 3258 3209 3304 et
3247 3250 3304 3303 in
3343 3265 3505 3319 quam
3545 3249 3630 3303 ha:
3667 3259 3724 3303 et

2147 3341 2294 3397 unde
2341 3342 2489 3412 quod
2540 3352 2671 3397 sunt
2717 3342 2951 3407 habent,
2983 3344 3500 3412 superessentialetn
3550 3344 3721 3398 ratio-

2145 3448 2294 3495 nem,
2321 3442 2377 3488 et
2399 3449 2521 3503 qua:
2549 3433 2852 3489 bonitatem
2882 3436 3122 3499 excedit,
3149 3435 3725 3506 incomprehensibili-

2147 3532 2230 3579 ter
2262 3525 2439 3580 evecti
2483 3543 2495 3579 :
2534 3533 2591 3579 et
2622 3540 2816 3581 omnes
2850 3527 3002 3580 omni
3034 3534 3406 3596 quantuman
3444 3527 3607 3581 insita
3642 3527 3725 3581 eis

2145 3617 2381 3670 naturali
2409 3625 2681 3685 potestate
2708 3618 2886 3682 licuit,
2911 3618 3125 3673 aduniti
3158 3627 3369 3673 tantum
3395 3617 3575 3688 quoad
3603 3620 3725 3688 ejus

2144 3709 2259 3763 ﬁeri
2298 3710 2477 3779 potuit
2509 3710 2580 3764 ab
2616 3726 2680 3766 ca
2717 3710 3016 3781 qualiﬁcati
3053 3719 3210 3778 sunt,
3239 3720 3302 3767 ut
3336 3712 3502 3767 etiam
3536 3728 3567 3767 a
3606 3714 3724 3768 solo

2145 3799 2564 3871 insignirentur,
2598 3803 2750 3857 velut
2788 3804 3096 3873 specularia
3142 3804 3514 3868 lucidissima,
3554 3806 3725 3858 totius

457 3891 553 3945 Dei
584 3892 945 3961 inspectantis
978 3892 1212 3947 rationis
1242 3893 1482 3963 Speciem
1521 3893 1684 3962 plene
1716 3907 1815 3962 per
1847 3889 2034 3946 divina
2072 3892 2193 3962 eius
2248 3892 2483 3964 insignia
2541 3903 2899 3964 apparentem
2926 3896 3213 3959 habentes,
3236 3912 3303 3953 eo
3327 3895 3476 3967 quod
3504 3898 3717 3951 nullum

458 3983 527 4038 de
562 3985 813 4055 pristinis
846 3986 1165 4057 signaculis,
1190 3987 1391 4056 quibus
1428 3987 1728 4044 humanum
1766 3986 2129 4052 indicaretur,
2189 3986 2464 4058 reliquum
2506 3997 2665 4055 erat,
2695 3988 2764 4044 iis
2818 4004 2942 4060 quas
2968 3989 3196 4046 meliora
3221 3998 3351 4045 sunt
3395 3988 3721 4044 cedentibus

459 4075 736 4142 omnibus,
776 4077 843 4130 ad
888 4078 1063 4132 instar
1102 4077 1248 4131 acris
1284 4079 1520 4142 illumini
1559 4078 1684 4133 luce
1722 4077 2040 4149 plenissima
2079 4077 2360 4134 transfusi.

773 4255 991 4323 Θεωρία
1026 4257 1114 4321 εις
1154 4255 1261 4309 τὸν
1315 4255 1706 4325 Μελχισεδέκ.

525 4337 725 4434 Ὅττερ,
769 4361 945 4434 οἶμαι,
1011 4367 1173 4433 γνοὺς
1232 4365 1330 4419 καὶ
1393 4363 1583 4418 παθὼν
1638 4368 1666 4419 ὁ
1717 4366 2030 4436 Θαυμαστὸς

454 4455 663 4517 ἐκεῖνος
716 4456 810 4507 καὶ
858 4456 1031 4525 μέγας
1069 4455 1427 4524 Μελχισεδὲκ,
1459 4457 1586 4526 περὶ
1628 4456 1685 4508 ὃν
1717 4458 1783 4510 τὰ
1814 4457 2030 4525 μεγάλα

455 4544 548 4597 καὶ
585 4544 877 4613 θαυμαστά
927 4546 1080 4614 παρά
1138 4550 1203 4617 τῇ
1251 4548 1441 4618 Γραφῇ
1468 4549 1494 4600 ό
1525 4548 1665 4611 θεῖος
1694 4548 2030 4619 διεξέρχεται

2496 4257 2885 4331 Contemplatio
2916 4261 2971 4314 in
3006 4258 3362 4316 Melchisedec.

2208 4371 2386 4439 Quod,
2411 4380 2567 4442 puto,
2590 4371 2745 4427 novit
2764 4380 2822 4427 et
2849 4387 3045 4442 passus
3066 4377 3157 4429 'est
3180 4374 3519 4430 admirabilis
3544 4375 3635 4429 iile
3661 4385 3717 4427 et.

2134 4479 2367 4536 magnus
2403 4463 2789 4530 Melchisedec,
2818 4464 2887 4518 de
2917 4478 3029 4534 quo
3058 4477 3254 4534 magna
3285 4472 3343 4519 et
3369 4465 3714 4519 admirabilia

2134 4556 2191 4611 in
2231 4554 2535 4625 Scripturis
2568 4554 2791 4609 divinus
2825 4570 3008 4609 sermo
3041 4563 3280 4616 enarrat.
3313 4556 3460 4625 quod
3499 4566 3716 4626 tempus

454 4634 636 4703 λόγος,
667 4638 863 4709 χρόνου
919 4638 1011 4690 καὶ
1050 4637 1267 4706 φύσεως
1314 4638 1570 4708 ὑπεράνω
1619 4639 1874 4707 γενέσθαι
1897 4639 2028 4703 ,καὶ

2140 4660 2199 4699 ac
2223 4653 2477 4699 naturam
2510 4646 2811 4714 superavit,
2841 4645 3048 4715 Deique
3080 4645 3221 4700 Filio
3251 4645 3481 4700 similari
3515 4647 3716 4717 dignus

450 4729 789 4806 ὁμοιωθῆναι
839 4729 914 4800 τῷ
950 4730 1064 4801 Υἱῷ
1101 4730 1195 4783 τοῦ
1241 4731 1375 4784 Θεοῦ
1416 4731 1750 4802 κατηξιώθη,
1793 4731 2032 4798 τοιοῦτος

450 4821 567 4886 ἕξει
598 4821 800 4891 δηλαδὴ
827 4823 968 4876 κατά
995 4824 1095 4893 τὴν
1128 4824 1289 4893 χάριν
1324 4825 1401 4888 ὡς
1442 4826 1667 4893 ἐφικτὸν
1711 4826 2029 4897 γενόμενος,

451 4910 563 4977 οἷος
610 4915 772 4978 αὐτὸς
823 4915 852 4966 ὁ
894 4915 1061 4987 δοτὴρ
1126 4916 1227 4985 τῆς
1285 4916 1507 4987 χάριτος
1540 4917 1683 4970 κατὰ
1718 4919 1815 4988 τὴν
1843 4918 2032 4973 οὐσίαν

451 5010 716 5078 ὑπάρχων
751 5008 1197 5063 πιστεύεται.’Τὸ
1228 5010 1337 5078 γὰρ
1378 5008 1647 5077 ’Λπίὶτωρ
1669 5011 1767 5064 καὶ
1788 5010 2030 5080 ἀμήτωρ

449 5098 549 5152 καὶ
595 5100 1074 5170 ἀγενεαλόγητος
1153 5101 1285 5170 περὶ
1340 5101 1505 5154 αὐτοῦ
1564 5101 2031 5172 λεγόμενον,οὐκ

449 5189 580 5243 ἄλλο
635 5192 863 5261 μηνύειν
901 5192 1114 5245 ὑπονοῶ
1141 5193 1173 5264 ἢ
1202 5194 1303 5262 τὴν
1358 5194 1730 5262 ἐγγενομένην
1756 5192 1933 5263 «αὐτῷ
1965 5194 2030 5246 ἐκ

413 5272 551 5350 ⁸τῆς
614 5284 736 5337 κατ’
796 5282 997 5354 ἀρετὴν
1038 5285 1347 5355 ἀκροτάτης
1387 5286 1611 5356 χάριτος
1657 5284 1874 5338 τελείαν
1920 5283 2029 5337 τῶν

450 5375 699 5442 φυσικῶν
729 5377 1128 5447 γνωρισμάτων
1158 5376 1417 5430 ἀπόθεσιν
1451 5393 1466 5407 ·
1502 5377 1563 5429 τὸ
1618 5375 1676 5429 δὲ
1717 5374 1869 5444 μήτε
1921 5378 2027 5443 dp-

448 5466 572 5535 χὴν
601 5467 862 5535 ἡμερῶν,
894 5466 1046 5537 μήτε
1103 5465 1251 5537 ζωῆς
1278 5465 1453 5534 τέλος
1490 5467 1636 5538 ἔχειν
1658 5508 1672 5532 ,
1702 5466 1800 5537 τὴν
1828 5468 2026 5538 χρόνου

450 5562 653 5623 παντὸς
690 5561 783 5613 καὶ
812 5560 1008 5624 αἰῶνος
1046 5560 1289 5629 ἰδιότητα
1331 5559 1755 5630 περιγράφουσα
1780 5558 1986 5627 γνῶσιν
2008 5599 2023 5625 ,

523 5691 550 5730 ¹¹
583 5693 753 5749 liebr.
784 5709 876 5758 vn,
901 5693 954 5746 5.
1035 5694 1050 5733 ι
1082 5692 1218 5747 ibid.

2137 4735 2359 4802 habitus
2380 4732 2485 4800 est,
2504 4735 2629 4790 talis
2651 4735 2913 4791 videlicet
2937 4736 3129 4791 habitu
3156 4738 3457 4793 secundum
3482 4740 3713 4808 gratiam

2133 4826 2313 4897 quoad
2348 4828 2524 4895 potuit
2550 4828 2748 4893 factus,
2779 4828 2959 4899 qualis
2994 4828 3109 4899 ipse
3132 4830 3318 4900 gratiae
3337 4830 3495 4887 dator
3518 4848 3716 4888 secun-

2133 4918 2264 4973 dum
2296 4920 2594 4974 essentiam
2618 4936 2740 4975 esse
2766 4920 3033 4975 creditur.
3056 4920 3213 4988 Quod
3242 4922 3389 4977 enim
3418 4924 3535 4978 sine
3557 4933 3713 4994 patre

2133 5019 2190 5065 et
2214 5019 2389 5069 matre
2411 5020 2467 5066 et
2489 5011 2607 5066 sine
2630 5026 2830 5082 genere
2854 5020 3115 5069 censetur
3134 5014 3186 5081 ιι,
3211 5014 3348 5069 nihil
3371 5015 3522 5070 aliud
3547 5015 3716 5086 signi-

2135 5100 2298 5157 ﬁcare
2324 5111 2457 5172 puto
2481 5118 2643 5173 quam
2672 5119 2793 5174 qua:
2816 5105 3046 5176 contigit
3072 5106 3123 5160 ei
3156 5121 3223 5160 ex
3247 5121 3460 5161 summa
3487 5116 3716 5178 propter

2132 5192 2394 5247 virtutem
2451 5194 2621 5263 gratia
2677 5196 3010 5250 naturalium
3060 5196 3357 5268 insignium
3409 5197 3710 5267 perfectam

2132 5283 2533 5353 depositionetn
2573 5303 2586 5337 :
2627 5285 2763 5339 illud
2804 5302 2953 5352 vero,
2985 5289 3131 5357 quod
3167 5304 3334 5360 neque
3366 5291 3571 5345 dierum
3607 5293 3713 5346 ini—

2132 5376 2264 5429 tium
2295 5391 2462 5446 neque
2491 5375 2608 5431 vita:
2628 5375 2791 5444 ﬁnem
2813 5378 3002 5432 habeat
3026 5380 3067 5444 ί,
3091 5381 3461 5453 cognitionem
3495 5390 3713 5454 tempus

2131 5483 2296 5522 omne
2323 5479 2380 5523 et
2401 5485 2576 5524 aevum
2608 5468 3184 5539 circumscribentem,
3208 5482 3265 5529 et
3288 5474 3711 5544 contemplatio-

2131 5574 2255 5614 nem
2300 5560 2483 5615 omnis
2526 5560 2828 5617 matcrialis
2868 5569 2924 5617 ct
2966 5563 3344 5621 immaterialis
3386 5566 3711 5622 substantia

1761 5761 1999 5820 VARLE
2041 5760 2446 5828 LECTIONES.

523 5859 570 5891 ⁷³
600 5858 888 5923 ἑνωθέντος
925 5859 1089 5915 habet
1120 5859 1515 5930 apographum.
