3998 6410
325 383 464 450 1ἷ39

1489 394 1548 452 5.
1594 389 1884 451 ΜΑΧΙΜΙ
1923 389 2442 456 CONFESSORIS

3523 387 3664 457 111.0

321 491 706 554 eesistenliam
743 511 1100 573 superantem
1137 509 1373 562 testatur
1403 519 1414 530 ·
1448 501 1596 572 quod
1628 517 1760 556 vero
1786 500 1921 555 Filio

2029 503 2124 556 καὶ
2178 503 2362 575 πάσης
2397 504 2592 577 ὑλικῆς
2636 505 2732 560 καὶ
2789 505 2955 560 ἀΰλου
3006 504 3200 571 οὐσίας
3250 503 3370 577 τὴν
3415 501 3668 574 ὓπαρξιν

321 590 420 647 Ζ)εὲ
459 591 786 648 assimilatas
817 594 1064 656 sacerdos
1101 602 1314 648 maneat
1347 593 1403 648 in
1439 603 1754 666 perpetuum
1779 592 1826 656 ί,
1859 593 1914 648 id

247 683 269 773 ξ
321 685 560 742 fortasse
609 684 929 742 manifestat.
973 703 1103 742 eum
1149 687 1219 742 ad
1273 702 1445 758 usque
1501 687 1664 741 linem
1720 685 1915 740 habitu

325 781 618 835 immutato
649 795 812 850 posse
835 781 1062 838 virtutis
1089 782 1199 836 Deo
1227 765 1521 835 simillimae
1546 794 1612 834 ac
1635 777 1838 834 divinae
1860 786 1918 832 et

326 872 380 926 in
415 871 590 932 Deum
621 871 940 948 iutuitionis
969 872 1400 928 intellectualem
1437 871 1660 926 oculum
1697 883 1917 924 servare

321 971 599 1032 apertum.
635 961 776 1019 Cum
823 973 1020 1019 natura
1065 963 1214 1018 enim
1259 961 1509 1032 conﬂigit
1554 962 1760 1026 virtus,
1791 976 1918 1018 cum

327 1065 578 1126 tempore
606 1065 666 1111 et
691 1071 810 1111 aevo
833 1070 970 1137 vera
991 1054 1408 1126 contemplatio,
1435 1055 1606 1110 altera
1629 1062 1691 1109 ut
1713 1055 1918 1109 invicta

325 1167 356 1204 a
392 1150 608 1204 caeteris
641 1157 864 1205 maneat
895 1163 1240 1218 quaecunque
1277 1157 1404 1220 post
1436 1149 1607 1204 Deum
1642 1164 1764 1204 esse
1797 1163 1920 1203 cre-

325 1241 557 1304 duntur,
583 1249 643 1296 et
671 1239 1012 1310 insuperata,
1041 1247 1104 1293 ιιι
1133 1235 1313 1294 solum
1347 1240 1519 1294 Deum
1555 1239 1735 1295 sciens
1763 1238 1920 1310 geni-

329 1341 525 1396 torem,
551 1331 727 1386 altera
755 1346 889 1386 vero
919 1331 1423 1403 incircumscripta,
1453 1334 1510 1388 in
1537 1333 1695 1386 nullo
1723 1347 1918 1387 eorum

325 1438 450 1492 qua:
493 1423 710 1478 initium
753 1430 850 1478 aut
895 1422 1062 1478 ﬁnem
1109 1424 1313 1482 habent
1355 1425 1696 1489 immorans,
1724 1431 1918 1500 utpote

326 1515 423 1568 Dei
453 1529 552 1583 per
577 1529 639 1568 se
669 1513 966 1584 imaginem
995 1512 1264 1576 referens,
1291 1514 1386 1583 qui
1418 1529 1581 1568 omne
1610 1512 1832 1568 initium
1862 1520 1920 1568 et

251 1642 260 1652 ι
325 1608 491 1660 tinem
527 1603 722 1660 definit
757 1619 1091 1674 omnemque
1131 1605 1561 1660 intellectionem
1603 1604 1921 1675 intelligen-

326 1697 463 1750 tiam
491 1690 758 1748 ineffabili
779 1694 984 1749 ecstasi
1009 1693 1077 1748 ad
1101 1710 1160 1750 se
1185 1693 1376 1750 trahit.
1399 1695 1480 1749 Ex
1503 1694 1708 1764 quibus
1729 1693 1918 1750 divina

323 1793 554 1857 apparet
578 1785 906 1852 similitudo,
930 1787 1286 1858 cognitionis,
1313 1787 1564 1857 inquam,
1588 1793 1645 1841 et
1671 1784 1916 1850 virtutis,

323 1891 380 1933 vt
405 1895 503 1948 per
525 1892 666 1949 quas
689 1879 1012 1936 inturbatus
1035 1879 1131 1934 Dei
1156 1879 1331 1934 solius
1356 1894 1512 1934 amor
1534 1878 1716 1950 dignis
1743 1892 1930 1932 serva-

325 1981 438 2036 tur,
465 1969 774 2026 secundum
809 1985 977 2040 quem
1016 1969 1338 2040 adoptionis
1369 1968 1638 2040 dignatio,
1664 1976 1726 2024 ut
1747 1969 1924 2022 Deum

321 2065 506 2129 decet,
536 2063 666 2118 data
699 2071 973 2133 perpetuo
1005 2061 1161 2123 adire
1190 2063 1364 2117 Deum
1397 2069 1454 2116 et
1481 2060 1676 2116 adesse
1714 2058 1926 2130 gratill-

322 2165 502 2236 eatug,
526 2172 650 2226 quae
676 2155 930 2224 dignatio
952 2153 1022 2208 ad
1050 2153 1432 2212 exorationem
1461 2153 1638 2239 ipsam
1663 2150 1924 2206 adeuntis

322 2249 573 2302 divinam
612 2245 1037 2306 similitudinem
1076 2245 1322 2301 exhibet.
1359 2243 1518 2301 Unde
1555 2241 1924 2314 probabiliter

323 2340 569 2395 arbitror
608 2353 718 2392 non
761 2352 862 2406 per
899 2346 1117 2405 tempus
1159 2342 1216 2390 et
1253 2342 1543 2400 naturam,
1569 2333 1680 2388 sub
1715 2334 1924 2404 quibus

323 2430 652 2486 naturaliter
689 2428 829 2484 finiit
863 2442 1094 2499 magnus
1131 2426 1517 2492 Melchisedec,
1543 2441 1777 2497 quaeque
1809 2425 1922 2482 vita

323 2535 378 2579 et
409 2523 620 2579 ratione
643 2523 760 2592 jam
789 2520 1072 2592 superavit
1097 2510 1154 2574 et
1184 2533 1426 2590 prorsus
1447 2516 1779 2588 dereliquit,
1806 2517 1919 2574 dici

324 2618 532 2674 debere
570 2635 584 2673 :
614 2617 814 2674 Divina
851 2632 972 2673 eum
1006 2633 1128 2671 cum
1157 2614 1476 2695 justificavit
1517 2615 1686 2680 ratio;
1721 2613 1819 2670 sed
1852 2628 1920 2668 ex

324 2713 627 2784 quibuset
665 2726 764 2782 per
801 2726 924 2781 quae
967 2709 1216 2772 animmn
1261 2725 1326 2764 ac
1369 2707 1714 2763 voluntatem
1760 2721 1920 2761 suam

325 2804 704 2877 regeneravit,
749 2802 804 2858 id
847 2811 935 2858 est
982 2802 1188 2858 virtute
1231 2809 1290 2858 et
1327 2801 1672 2873 cognitione,
1712 2799 1920 2866 debere

319 2899 528 2954 vocari.
555 2897 617 2954 ln
653 2897 857 2969 quibus
883 2897 1032 2952 enim
1058 2895 1316 2952 voluntas
1342 2895 1594 2966 gnaviter
1617 2909 1718 2965 per
1742 2893 1921 2948 virtu-

325 3005 408 3048 tes
434 3007 565 3048 cum
586 2991 709 3062 lege
733 2998 966 3055 naturae,
995 3005 1122 3045 eum
1149 3005 1258 3060 qua
1283 2989 1490 3048 bellum
1516 3003 1782 3058 perquam
1813 2985 1922 3042 dif-

324 3085 490 3150 ﬁcile,
517 3082 844 3149 deeertavit,
870 3073 1038 3152 atque
1065 3083 1332 3152 temporis
1359 3081 1574 3151 aevique
1602 3079 1918 3151 proprieta-

324 3185 436 3229 tem
472 3190 572 3246 per
603 3173 982 3246 cognitin
1014 3173 1357 3229 intemeratas
1387 3173 1590 3228 mentis
1615 3171 1918 3229 transvolat

325 3267 530 3333 motio,
562 3267 652 3322 his
688 3282 800 3322 non
838 3265 922 3320 fas
962 3274 1049 3320 est
1085 3265 1393 3320 attribuere
1431 3265 1756 3329 relictorum
1797 3270 1920 3318 tan-

323 3375 492 3429 quam
533 3357 750 3428 insigne
786 3355 1214 3427 proprietatem,
1245 3355 1353 3412 sed-
1379 3355 1568 3426 potius
1601 3362 1917 3424 assumpto-
1955 3387 1964 3394 -

325 3466 450 3506 rum
484 3448 972 3521 magnificentiam,
997 3463 1067 3502 ex
1096 3447 1300 3517 quibus
1330 3458 1386 3504 et
1414 3447 1468 3502 in
1500 3447 1706 3518 quibus
1737 3447 1916 3508 solum

326 3552 460 3598 sunt
484 3551 652 3612 atque
681 3547 1076 3612 agnoscuntur.
1103 3538 1156 3596 Si
1183 3539 1408 3610 quidem
1438 3540 1605 3598 etiam
1631 3554 1733 3593 nos
1757 3548 1920 3593 natu-

327 3636 521 3691 raliter
559 3634 644 3690 eis
685 3649 810 3705 quae
851 3633 1114 3691 videntur
1156 3615 1468 3688 incidentes
1515 3648 1584 3688 ex
1634 3631 1919 3687 coloribus

323 3746 558 3802 corpora
597 3739 654 3785 et
693 3727 978 3801 signamus
1013 3735 1070 3782 et
1108 3725 1475 3796 appellamus,
1514 3724 1686 3780 veluti
1725 3723 1916 3780 lumen

323 3840 510 3880 aerem
547 3823 674 3880 luce
709 3822 1018 3894 perfusum,
1051 3831 1110 3877 et
1142 3821 1323 3891 ignem
1358 3819 1802 3890 qualemcunque
1837 3817 1922 3872 in-

323 3933 546 3974 censam
573 3915 882 3980 materiam,
901 3921 960 3970 et
982 3911 1278 3970 candidum
1305 3926 1512 3982 corpus
1537 3909 1916 3974 candidatum,

324 4003 692 4081 rpueq’ue'alia
720 4016 852 4064 sunt
878 4007 1046 4078 hujus
1073 4005 1312 4076 generis.
1339 4003 1498 4070 Quod
1531 4004 1576 4058 si
1609 4001 1919 4066 secundum

325 4103 495 4158 animi
523 4118 589 4158 ac
613 4101 915 4156 voluntatis
936 4099 1200 4154 virtutem
1231 4097 1409 4168 plur-is
1435 4096 1730 4153 aestimavit
1753 4111 1922 4165 quam

325 4207 584 4252 naturam
633 4202 692 4249 et
739 4197 1088 4264 quaecunque
1135 4207 1256 4246 eam
1305 4198 1649 4260 sequuntur,
1688 4198 1919 4260 propter

326 4288 618 4360 pulchram
662 4292 868 4350 nostrae
914 4283 1204 4356 dignitatis
1251 4280 1616 4350 electionem,
1656 4291 1714 4340 et
1755 4297 1918 4341 omne

328 4395 548 4452 tempus
577 4388 745 4450 atque
769 4394 949 4445 aevum
974 4375 1296 4449 cognitione
1317 4361 1923 4449 ,superavit,'quaecun-

325 4491 435 4544 quc
459 4481 585 4546 post
611 4473 786 4536 Deum
811 4477 942 4530 sunt
973 4485 1022 4548 a\
1041 4477 1196 4542 tergo
1227 4469 1333 4526 sibi
1367 4469 1804 4542 essegnostices
1835 4483 1921 4526 se-

2026 595 2472 668 ὑπερσαίνουσαν
2499 597 2738 670 θεωρίαν
2769 600 3080 670 μαρτυρεῖ·
3101 598 3162 652 τὸ
3193 597 3261 652 δὲ
3311 599 3668 666 ’.λὶςίεωμοιω⁴

2019 687 2210 756 μένος
2255 687 2337 754 τῷ
2393 688 2506 756 Υἱῷ
2545 689 2652 745 τοῦ
2705 689 2856 744 Θεοῦ
2891 690 3064 760 μένει
3103 693 3187 757 εἰς
3251 687 3332 742 τὸ
3366 686 3672 756 διενησιὲς

2026 779 2250 849 ἱερεὺς,
2282 781 2424 853 τάχα
2462 782 2624 856 μέχρι
2655 781 2849 849 τέλους
2896 781 3022 836 καθ’
3056 781 3174 848 ἕξιν
3205 781 3525 852 ἄτρεπτον
3563 781 3668 850 τῆς

2027 871 2446 946 θεοειδεστάτης
2495 875 2702 948 ἀρετῆς
2756 875 2852 930 καὶ⁸
2900 871 3002 943 τῆς
3035 873 3186 938 θείας
3223 873 3340 926 καὶ
3389 869 3548 941 πρὸς
3575 869 3673 922 τὸν

2025 964 2159 1022 Θεὸν
2211 964 2392 1040 (151
2424 965 2478 1038 α)
2521 967 2878 1032 ὲνατενίσεως
2908 966 2974 1020 τὸ
3017 966 3202 1038 νοερὸν
3242 965 3429 1035 ὄμμα
3463 961 3672 1016 ἀνεπί-

2029 1071 2234 1125 μυστον
2259 1056 2557 1128 δυνηθῆναι
2581 1056 2820 1128 φυλάξαι
2846 1057 3172 1128 παραδηλοῖ.
3197 1056 3290 1128 Τῇ
3331 1052 3523 1124 φύσει
3553 1051 3673 1121 γὰρ

2026 1149 2060 1218 ἡ
2094 1147 2270 1220 ἀρετὴ
2331 1149 2604 1222 μάχεσθαι
2651 1149 2886 1220 πέφυκε,
2941 1150 3038 1204 καὶ
3093 1149 3286 1220 χρόνῳ
3339 1145 3454 1200 καὶ
3501 1143 3674 1198 αἰῶνι

2023 1242 2058 1312 ἡ
2091 1239 2301 1314 ἀληθὴς
2339 1240 2568 1312 θεωρία,
2597 1242 2684 1310 ἵνα
2716 1245 2749 1314 ἡ
2812 1243 2912 1314 μὲν
2947 1242 3260 1305 ἀδούλωτος
3299 1235 3506 1311 ’μένοι
3553 1238 3676 1300 τοῖς

2025 1332 2214 1404 ἄλλοις,
2263 1333 2366 1387 ὅσα
2400 1335 2539 1403 μετὰ
2569 1335 2704 1389 Θεὸν
2730 1333 2871 1406 εἶναι
2911 1333 3232 1392 πιστεύεται
3259 1376 3278 1401 ,
3329 1331 3441 1386 καὶ
3475 1329 3674 1401 ἀκρά-

2025 1441 2210 1497 τητος,
2235 1423 2312 1489 ὡς
2341 1424 2477 1480 Θεὸν
2511 1425 2674 1496 μόνον
2703 1427 2878 1482 εἰδυῖα
2917 1427 3254 1498 γεννήτορα,
3293 1425 3334 1496 ἡ
3361 1423 3428 1478 δὲ
3461 1421 3676 1492 ἀπερί-

2026 1532 2258 1587 γραφος,
2298 1516 2477 1571 οὐδενὶ
2518 1518 2629 1571 τῶν
2656 1517 2833 1589 ἀρχὴν
2867 1518 2900 1588 ἢ
2931 1517 3089 1583 τέλος
3133 1517 3397 1588 ἐχόντων
3457 1515 3676 1566 ἐναπο-

2029 1611 2290 1683 μένουσα,
2324 1611 2402 1674 ὡς
2433 1611 2566 1665 Θεὸν
2603 1612 2672 1666 δι’
2689 1611 2892 1684 ἑαυτῆς
2920 1612 3303 1690 εἰκονίζουσα,
3335 1609 3447 1664 τὸν
3473 1607 3675 1678 πάσης

2025 1703 2200 1774 ἀρχῆς
2220 1703 2314 1756 καὶ
2339 1703 2530 1768 τέλους
2557 1703 2850 1776 ὁριστικδν,
2871 1705 2967 1759 καὶ
2993 1705 3172 1766 πᾶσαν
3192 1703 3405 1772 νόησιν
3431 1701 3557 1755 τῶν
3577 1717 3672 1753 vo-

2025 1796 2234 1850 ούντων
2266 1797 2388 1850 κατ’
2414 1795 2677 1860 ἔκστασιν
2705 1798 2947 1872 ἄρρητον
2971 1797 3108 1870 πρὸς
3131 1796 3344 1850 ἑαυτὸν
3385 1794 3667 1848 ἕλκοντα.

1963 1875 2004 1931 Β
2042 1886 2134 1952 Ἐξ
2165 1881 2241 1944 ὧν
2261 1890 2294 1957 ἡ
2319 1887 2440 1967 θεία
2468 1889 2736 1960 ὁμοίωσις
2769 1889 3070 1954 δείκνυται,
3094 1887 3378 1959 γνώσεώς
3410 1885 3483 1940 τέ
3512 1901 3668 1956 φημι

2027 1978 2123 2031 καὶ
2151 1979 2380 2049 ἀρετῆς,
2421 1979 2518 2032 καὶ
2543 1972 2612 2033 δι’
2644 1971 2718 2033 ὧν
2823 1980 2902 2043 εἰς
2949 1979 3110 2050 μόνον
3149 1978 3242 2034 τὸν
3283 1977 3442 2031 Θεὸν
3490 1974 3670 2030 ἀκλό-

2029 2088 2194 2142 νητος
2223 2072 2414 2143 ἀγάπη
2441 2073 2556 2136 τοῖς
2581 2071 2756 2138 ἀξίοις
2786 2061 3143 2142 φυλάττεται,
3170 2069 3302 2126 καθ’
3342 2070 3424 2142 ἦν
3459 2069 3528 2124 τὸ
3557 2067 3668 2139 τῆς

2024 2162 2300 2227 υἱοθεσίας
2351 2163 2574 2235 ἀξίωμα
2621 2162 2949 2236 θεοπρεπῶς
3001 2164 3294 2236 διδόμενον
3357 2161 3666 2234 διηνεκῶς

2021 2257 2381 2328 ἐντυγχάνειν
2425 2256 2550 2328 Θεῷ
2598 2258 2698 2312 καλ⁹
2749 2257 3094 2328 παρεστάναι
3133 2253 3474 2326 χαρίζεται,
3510 2253 3666 2324 πρὸς

2022 2348 2345 2419 δυσώπησιν
2404 2349 2578 2420 αὐτὴν
2642 2347 2739 2403 τοῦ
2800 2332 3231 2420 ἐντυγχάνοντος
3295 2347 3418 2420 τὴν
3492 2345 3664 2400 θείαν

2021 2441 2284 2512 ὁμοίωσιν
2314 2443 2710 2512 παρεχόμενον.
2741 2441 2906 2496 Ὅθεν
2956 2441 3188 2506 εἰκότως
3236 2439 3658 2511 ὑπολαμϐάνω

2025 2534 2102 2607 μὴ
2134 2534 2236 2590 διὰ·
2257 2535 2453 2606 χρόνου
2499 2537 2597 2590 καὶ
2643 2533 2883 2605 φύσεως,
2915 2535 3006 2604 ὑφ’
3032 2533 3070 2590 ἃ.
3113 2534 3376 2606 φυσικῶς
3412 2532 3656 2587 ὲτέλειὸ

2024 2627 2202 2698 μέγας
2253 2627 2613 2698 Μελχισεδὲκ,
2661 2627 2766 2700 βίῳ
2833 2628 2928 2682 καὶ
2968 2626 3114 2700 λόγῳ
3183 2624 3654 2698 ὑπρϐαθέντων

2021 2721 2126 2792 ἤδη
2153 2722 2249 2778 καὶ
2273 2721 2561 2784 παντελῶς
2599 2720 3125 2792 καταλελειμμένων
3157 2715 3652 2792 προσαγορευθῆ-

2023 2831 2112 2866 ναι
2141 2813 2272 2877 δεῖν,
2321 2812 2388 2866 '0.
2417 2811 2576 2879 θεῖος
2601 2811 2792 2866 αὐτὸν
2822 2811 3140 2867 ἐδικαίωσε
3167 2812 3386 2881 λόγος,
3428 2809 3560 2864 ἀλλ’
3585 2807 3648 2874 ἐξ

2020 2899 2096 2959 ὧν
2126 2906 2222 2959 καὶ
2245 2905 2312 2958 δι’
2334 2897 2412 2960 ὧν
2436 2905 2633 2960 ἑαυτὸν
2667 2905 3004 2977 μετεποίησε
3021 2903 3348 2974 γνωμικῶς,
3382 2901 3609 2974 ἀρετῆς

2021 2994 2168 3064 λέγω
2215 2995 2312 3051 καὶ
2369 2996 2646 3064 γνώσεως,
2706 2995 3104 3068 ὀνομασθῆναι.
3149 2995 3265 3060 Ἐφ’
3303 2987 3390 3051 ὧν
3439 2995 3563 3064 γὰρ
3611 2993 3644 3064 ἠ

2021 3086 2218 3158 γνώμη
2247 3087 2514 3155 γενναίως
2545 3085 2634 3140 διὰ
2661 3086 2772 3140 τῶν
2801 3086 3018 3160 ἀρετῶν
3045 3087 3138 3141 τὸν
3177 3085 3644 3157 δυσμαχώτατον

2017 3180 2121 3249 τῆς
2177 3178 2398 3248 φύσεως
2445 3178 2864 3249 κατηγωνίσατο
2915 3179 3100 3250 νόμον,
3133 3179 3227 3232 καὶ
3269 3179 3378 3249 τὴν
3429 3176 3640 3249 χρόνου

2020 3273 2118 3325 καὶ⁹
2165 3271 2365 3334 αἰῶνος
2416 3269 2660 3342 ἰδιότητα
2696 3269 2786 3324 διὰ
2827 3268 3088 3339 γνώσεως
3126 3270 3426 3341 ἅχράντως
3467 3271 3502 3338 ἡ
3535 3265 3638 3320 τοῦ

2021 3361 2114 3416 νοῦ
2153 3363 2530 3434 ὕπερίπταται
2567 3361 2809 3431 κίνησις,
2837 3357 3055 3426 τούτοις
3081 3363 3183 3414 οὐκ
3214 3361 3369 3415 ἐστιν
3404 3362 3638 3428 ἐπιφη-

2025 3453 2182 3524 μίσαι
2209 3451 2420 3505 δίκαιον
2452 3451 2561 3504 τῶν
2593 3449 3034 3520 ἀπολειφθέντων
3073 3446 3148 3512 ὼς
3189 3447 3498 3519 γνώρισμα
3529 3445 3636 3506 τὴν

2027 3545 2290 3616 ἰδιότητα,
2327 3543 2510 3615 (151
2545 3543 2600 3616 ὁ)
2635 3541 2774 3604 ἀλλὰ
2813 3542 3016 3613 μᾶλλον
3068 3541 3169 3612 τὴν
3219 3539 3332 3594 τῶν
3375 3535 3637 3610 προσλη-

2023 3639 2272 3710 φθέντων
2321 3635 2828 3709 μεγαλοπρέπειαν,
2859 3634 2920 3702 ἐξ
2966 3626 3043 3688 ὧν
3093 3632 3188 3694 καὶ
3232 3633 3292 3686 ὲν
3338 3626 3427 3695 οἷς
3463 3629 3635 3702 μόνον

2025 3727 2136 3783 εἰσὶ
2185 3727 2375 3781 λοιπὸν
2424 3725 2519 3780 καὶ
2563 3723 3046 3794 ἐπι-γινώσκονται.
3086 3721 3245 3776 Ἐπεὶ
3298 3721 3401 3776 καὶ
3459 3719 3634 3792 ἡμεῖς

2025 3819 2272 3892 φυσικῶς
2321 3819 2438 3883 τοῖς
2471 3819 2690 3890 ὁρατοῖς
2721 3815 3112 3880 ἐπιϐάλλοντες
3133 3815 3196 3867 ὲκ
3231 3812 3344 3866 τῶν
3385 3809 3630 3884 χρῶμά·-

2019 3927 2132 3964 των
2169 3909 2240 3963 τὰ
2290 3906 2520 3978 σώματα
2573 3906 2671 3960 καὶ
2726 3903 3070 3978 γνωρίζομεν
3111 3904 3206 3958 καὶ
3243 3901 3630 3974 ὀνομάζομεν,

2022 3997 2135 4057 οἷον
2173 4000 2250 4064 ὡς
2279 3999 2396 4070 φῶς
2429 4001 2523 4053 τὸν
2553 3998 2970 4070 πεφωτισμένον
3012 3997 3176 4068 ἀέρα,
3213 3995 3310 4050 καὶ
3365 3985 3492 4065 πῦῤ
3525 3990 3630 4062 τὴν

2023 4093 2242 4151 οἱανοῦν
2283 4091 2456 4162 πυρὸς
2505 4091 2831 4162 ἐξημμένην
2871 4088 3028 4160 ὓλην,
3062 4087 3158 4142 καὶ
3203 4086 3406 4140 λευκὸν
3438 4083 3504 4137 τὸ
3533 4082 3628 4134 λε-

2021 4183 2396 4256 λευκασμένον
2444 4182 2628 4254 σῶμα,
2662 4181 2772 4251 καὶ,
2797 4181 2897 4234 ὅσα
2943 4177 3082 4232 ἄλλα
3109 4175 3534 4248 τοιουτότροπα.
3563 4172 3627 4225 Et

2023 4278 2208 4332 τοίνυν
2268 4273 2566 4346 γνωμικῶς
2613 4273 2716 4344 τὴν
2757 4271 2960 4343 ἀρετὴν
3011 4271 3113 4340 τῆς
3137 4269 3355 4340 φύσεως
3385 4267 3487 4321 καὶ
3515 4262 3627 4318 τῶν

2026 4368 2147 4426 κατ’
2183 4366 2356 4437 αὐτὴν
2379 4365 2640 4420 ἁπάντων
2667 4364 3031 4435 προετίμησε,
3057 4360 3146 4416 διὰ
3172 4361 3274 4434 τὴν
3307 4359 3486 4430 καλὴν
3528 4352 3624 4408 τοῦ

2027 4461 2114 4530 ἐφ’
2137 4461 2271 4532 ἡμῖν
2305 4455 2621 4528 ἀξιώματος
2657 4437 2893 4528 αἵρεσιν,
2924 4455 3020 4508 καὶ
3050 4453 3233 4508 πάντα
3271 4451 3472 4522 χρόνον
3523 4446 3622 4500 καὶ

329 4543 576 4620 eundum
607 4543 1132 4632 contemplationem
1159 4560 1464 4628 aestimans,
1483 4570 1542 4616 et
1563 4560 1700 4620 nulli
1719 4575 1918 4616 eorum

2027 4555 2202 4611 αἰῶνα
2233 4553 2376 4608 κατὰ
2411 4551 2512 4624 τὴν
2562 4549 2770 4620 γνῶσιν
2816 4547 3244 4620 ὑπερηκόντισε,
3275 4547 3461 4600 πάντα
3515 4543 3620 4596 ὅσα

325 4674 453 4726 qua:
495 4656 776 4712 exsistunt
811 4654 870 4708 in
910 4669 1024 4724 quo
1066 4652 1468 4722 qualiscunque
1517 4651 1610 4712 ille
1653 4651 1919 4724 terminus

327 4751 678 4810 observatur,
715 4745 1062 4807 immoratus,
1095 4743 1318 4799 divinus
1355 4743 1741 4806 Melchisedec,
1779 4748 1836 4798 'et
1870 4741 1916 4808 si

328 4841 396 4894 τι]
433 4838 650 4895 divinas
678 4835 800 4902 Dei,
821 4849 946 4905 qua:
978 4836 1254 4906 principio
1283 4845 1474 4892 carent
1499 4845 1556 4898 et
1583 4835 1920 4899 immortales

294 4921 308 4936 ⁸
329 4937 482 4992 sntit.
515 4927 792 4988 essentias
811 4941 912 4996 per
945 4925 1216 4989 rationem
1253 4927 1558 4982 secundum
1594 4927 1826 4998 gratiam
1863 4926 1919 4982 in

332 5019 544 5090 Spiritu
574 5024 872 5089 generatus
898 5025 1002 5082 εει,
1025 5023 1082 5070 et
1105 5013 1310 5070 salvam
1343 5015 1398 5069 in
1428 5031 1486 5071 se
1517 5023 1575 5071 et
1597 5032 1785 5082 veram
1811 5015 1920 5072 fert

329 5114 428 5170 Dei
455 5109 726 5184 genitoris
747 5107 1173 5165 similitudinem
1200 5107 1268 5178 (si
1292 5107 1516 5177 quidem
1545 5109 1636 5162 vel
1657 5109 1922 5179 quaelibet

331 5203 617 5273 generatio
667 5200 1016 5274 generatoris
1057 5199 1237 5256 simile
1283 5208 1646 5269 repraesentat.
1684 5216 1920 5272 genera-

333 5310 450 5356 tum
493 5316 505 5352 :
548 5296 688 5358 Nam
729 5295 868 5367 quod
905 5302 1220 5366 generatum
1255 5301 1356 5359 est,
1391 5293 1599 5362 inquit,
1635 5293 1697 5348 de
1737 5310 1920 5360 carne,

329 5407 461 5446 caro
489 5395 587 5452 est,
611 5385 748 5458 quod
774 5401 893 5440 vero
917 5383 982 5438 de
1005 5385 1198 5456 spiritu
1229 5392 1305 5438 est
1334 5392 1670 5455 generatum,
1697 5382 1922 5455 spiritus

333 5494 409 5538 ειι
435 5484 508 5555 1ι),
533 5481 788 5552 sequitur
810 5487 873 5536 ut
901 5494 1012 5536 non
1044 5494 1113 5534 ex
1146 5477 1493 5540 naturalibus
1524 5487 1581 5538 et
1609 5477 1925 5548 temporali-

336 5574 442 5631 bus
472 5572 928 5646 proprietatibus,
947 5571 1154 5641 quibus
1184 5582 1342 5641 pater
1363 5579 1420 5626 et
1446 5581 1622 5627 mater
1647 5579 1703 5626 et
1728 5586 1928 5642 genea-

409 5693 421 5742 i
463 5689 628 5746 llebr.
653 5704 770 5752 vm,
801 5687 856 5742 5.
933 5685 957 5724 ¹ι
987 5686 1144 5742 Joan.
1167 5704 1245 5751 ιιι,
1277 5689 1329 5742 6.

2035 4646 2173 4720 μετὰ
2233 4644 2368 4700 Θεὸν
2427 4643 2660 4698 κατόπιν
2711 4639 2913 4696 ἑαυτοῦ
2959 4639 3282 4709 γνωστικῶς
3321 4635 3473 4691 κατὰ
3518 4632 3622 4704 τὴν

2038 4740 2274 4814 θεωρίαν
2303 4738 2698 4809 ποιησάμενος,
2719 4733 2898 4789 οὐδενὶ
2931 4731 3040 4805 τῶν
3069 4731 3240 4786 ὅντων
3271 4729 3548 4801 ἐμμείνας
3573 4717 3620 4792 ᾧ

2029 4833 2416 4902 ὲπιθεωρεῖται
2448 4830 2509 4884 τὸ
2534 4826 2752 4884 οἱσνοῢν
2775 4825 2972 4899 πέρας.
2999 4825 3028 4878 ὁ
3058 4823 3201 4888 θεῖος
3227 4818 3570 4891 Μελχισεδὲκ
3601 4855 3616 4880 ,

2043 4926 2180 4999 πρὸς
2229 4923 2286 4978 δὲ
2337 4923 2436 4986 τὰς
2484 4921 2638 4984 θείας
2682 4919 2780 4972 καὶ
2835 4918 3113 4988 ανάρχους
3161 4915 3256 4968 καὶ
3309 4912 3620 4972 ἀθανάτους

2037 5017 2252 5090 [οὐσίας
2277 5013 2349 5087 "j
2377 5012 2470 5070 τοῦ
2521 5010 2658 5066 Θεοῦ
2717 5007 2808 5063 διὰ
2853 5007 2948 5062 τοῦ
2995 5006 3158 5075 λόγου
3197 5003 3340 5058 κατὰ
3367 5003 3528 5075 χάριν
3558 5001 3615 5052 ὲν

2029 5107 2318 5179 πνεύματι
2346 5103 2696 5175 γεγέννηται,
2731 5099 2826 5154 καὶ
2874 5099 3022 5154 σώαν
3053 5097 3146 5152 καὶ
3187 5095 3364 5168 ἀληθῆ
3397 5096 3454 5148 ὲν
3488 5097 3617 5148 ἑαυ-

2028 5203 2106 5274 τῷ
2135 5201 2298 5273 φέρει
2324 5197 2420 5254 τοῦ
2449 5198 2816 5268 γεννήσαντος
2865 5191 3003 5247 Θεοῦ
3035 5191 3134 5262 τὴν
3179 5188 3441 5262 ὁμοίωσιν
3469 5181 3612 5260 (ἐπεὶ

2031 5295 2128 5350 καὶ
2167 5296 2319 5348 πᾶσα
2371 5291 2630 5363 γέννησις
2683 5288 2882 5342 ταύτὸν
2923 5285 3001 5357 τῷ
3049 5283 3312 5355 γεννῶντι
3369 5280 3614 5350 πέφυκεν

2031 5387 2322 5442 ἀποτελεῖν
2353 5385 2416 5439 τὸ
2443 5381 2791 5455 γεννώμενον
2823 5397 2837 5412 ·
2883 5379 2954 5433 Τὸ
2985 5377 3093 5450 γὰρ
3126 5373 3567 5448 γεγεννημένον
3587 5409 3604 5432 ,

2032 5481 2222 5552 φησιν,
2250 5480 2321 5534 ἐκ
2355 5475 2465 5545 τῆς
2492 5475 2744 5542 σαρκὸς,
2777 5470 2936 5541 σάρξ
2957 5471 3110 5550 ἐστι,
3147 5467 3214 5522 τὸ
3243 5465 3311 5524 δὲ
3342 5474 3612 5535 γεγεννη·

2029 5573 2219 5642 μένον
2269 5571 2335 5624 ἐκ
2366 5569 2472 5642 τοῦ
2507 5569 2848 5638 πνεύματος
2875 5560 3116 5632 πνεῦμά
3139 5555 3355 5626 ἐστιν),
3391 5553 3610 5610 εἰκότως

1575 5743 1851 5814 ’νΑιιιίΕ
1889 5756 2298 5816 LECTIONES.

411 5843 461 5878 1}

493 5843 833 5907 Vocabulum
860 5851 1042 5917 οὐσίας
1077 5851 1324 5923 ευριιίονί
1362 5852 1428 5908 dc
1459 5869 1604 5910 meo:
