3998 6428
461 409 597 478 1141

1700 398 2228 461 ᾹΜΒΙΟπΗΟΒΗΜ
2265 401 2339 461 LI
2347 401 2520 461 BER.

3606 398 3629 463 Ῑ
3647 397 3750 462 Ῑ-ΞΕ

455 528 572 581 οῦκ·
609 526 676 578 ἐκ
731 519 844 576 τῶν
884 516 1128 590 φυσικῶν
1163 511 1258 570 καὶ
1287 509 1559 585 χρονικῶν
1592 509 1926 579 ἰδιωμάτων,
1957 504 2040 572 οἷς

2165 509 2316 581 ogia,
2357 510 2582 566 initium
2627 510 2853 567 et-ﬁnis
2895 513 3451 584 comprehenduntur
3494 513 3744 581 dierum,

459 618 650 688 πατήρ
691 631 752 668 τε
800 612 895 666 καὶ
947 611 1131 681 μήτηρ
1160 608 1258 662 καὶ
1291 602 1646 675 γενεαλογία,
1673 603 1816 673 ἀρχή
1849 617 1910 654 τε
1944 600 2042 654 καὶ

457 709 616 772 τέλος
681 703 910 778 ἡμερῶν
969 701 1322 772 περιέχεται,
1379 697 1524 766 ἅπερ
1577 694 1795 762 φθάσας
1840 692 2042 748 ἑαυτοῦ

458 797 747 860 παντελῶς
772 792 1100 858 ἐπελύσατο,
1133 789 1250 845 ἀλλ’
1277 789 1343 842 ὲκ
1382 787 1493 841 τῶν
1527 785 1692 840 θείων
1716 785 1816 838 ’καὶ
1860 798 2046 854 μακα-

463 890 600 963 ρίων
623 885 1050 960 γνωρισμάτων,
1076 878 1156 947 οἷς
1187 881 1249 936 τδ
1273 879 1412 945 εἶδος
1441 877 1623 950 ἑαυτῷ
1651 875 2044 949 μετεποίησεν,

460 981 784 1055 ὠνομάσθη,
817 979 1002 1054 (152
1035 975 1090 1049 α)
1124 969 1200 1032 ὧν
1231 972 1332 1030 οὐκ
1373 974 1680 1044 ἐφικνεῖται
1719 971 1782 1025 οὐ
1810 970 2005 1042 χρόνος
2031 1009 2047 1036 ,

463 1077 528 1131 οὐ
550 1075 747 1146 φύσις,
778 1075 842 1128 οὗ
869 1073 1055 1142 λόγος,
1088 1071 1151 1124 οὐ
1172 1067 1320 1134 νοῦς,
1351 1065 1463 1133 οὐδ’
1483 1065 1614 1122 ἄλλο
1638 1082 1693 1118 τι
1713 1061 1859 1120 κατὰ
1889 1079 2050 1134 περι-

461 1166 684 1240 γραφὴν
739 1165 908 1236 φάναι
957 1161 1066 1218 τῶν
1113 1163 1289 1238 όντων
1317 1157 1786 1228 οὗδέν.Ἀπάτωρ
1824 1153 2049 1212 οὖνκαὶ

462 1259 706 1328 ἀμήτωρ
727 1256 827 1312 καί
848 1253 1367 1337 ἀγενεαλόγητος,
1378 1251 1544 1324 μήτε
1562 1249 1764 1320 ἀρχὴν
1788 1245 2050 1337 ἡμερῶν,

455 1351 615 1420 μήτε
655 1349 834 1414 τέλος
891 1343 1044 1415 ζωῆς
1090 1345 1272 1415 ἔχων,
1304 1332 1726 1420 ἀναγέγραπται
1791 1341 1820 1392 ὁ
1875 1332 2054 1410 μέγας

461 1440 824 1514 Μελχισεδὲκ,
855 1439 932 1504 ὡς
955 1440 985 1492 ό
1035 1436 1243 1510 ἀληθής
1269 1435 1381 1490 τῶν
1419 1433 1700 1505 θεοφόρων
1737 1430 1953 1504 ἀνδρῶν
1982 1431 2054 1486 τὰ

463 1534 596 1604 περί
621 1530 790 1586 αὐτοῦ
821 1529 1126 1600 διεσάφησε
1154 1527 1318 1597 λόγος
1341 1565 1358 1593 ,
1389 1525 1451 1578 οὐ
1477 1523 1572 1578 διὰ
1613 1518 1714 1594 τὴν
1749 1521 1915 1596 φύσιν
1953 1519 2054 1592 τὴν

465 1625 700 1697 κτιστὴν
717 1623 815 1678 καὶ
839 1621 898 1688 εξ
927 1621 1028 1676 οὐκ
1050 1621 1246 1685 ὄντων,
1279 1617 1404 1681 καθ’
1433 1618 1500 1690 ἢν
1539 1614 1635 1670 τοῦ
1673 1609 1815 1669 εἶναι
1848 1611 2053 1686 ἤρξατό

465 1735 530 1774 τε
577 1717 673 1772 καὶ
713 1715 928 1788 ἔληξεν,
963 1713 1103 1770 ἀλλὰ
1152 1712 1242 1767 ’όιά
1291 1711 1394 1782 τὴν
1428 1707 1593 1782 χάριν
1639 1707 1740 1781 τὴν
1770 1705 1926 1760 θείαν
1957 1706 2065 1760 καὶ

463 1808 763 1874 ἄκτιστον,
809 1809 912 1862 καὶ
956 1805 1049 1860 ἀεὶ
1099 1801 1270 1860 οὖσαν
1310 1803 1452 1876 ὑπὲρ
1495 1803 1680 1857 πᾶσαν
1732 1799 1898 1870 φύσιν
1957 1798 2055 1852 καὶ

464 1905 646 1959 πάντα
693 1902 907 1974 χρόνον,
943 1901 1009 1954 ὲκ
1061 1896 1158 1952 τοῦ
1199 1896 1285 1952 ἀεὶ
1313 1875 1479 1959 Δὄντος
1513 1892 1687 1972 Θεοῦ,
1729 1889 1950 1962 καθ’.ήν
1985 1889 2055 1944 διε

465 1997 592 2052 ὅλου
617 1995 791 2066 μόνην
813 1993 941 2056 ὅλος·
964 1987 1579 2062 γνωμικῶς·γεννηθεὶς
1597 1982 2060 2060 ἐπιγινώσκεται.

465 2093 645 2153 Μόνος
674 2087 732 2142 δὲ
759 2086 922 2141 τοῦτο
952 2083 1028 2138 ὢν
1053 2086 1118 2156 τῇ
1153 2083 1348 2156 Γραφῇ
1373 2080 1700 2151 τετήρηται,
1731 2076 1806 2140 ὡς
1837 2074 2056 2146 πρῶτος

471 2186 608 2248 ῐοως
635 2178 778 2252 ὑπὲρ
809 2179 910 2250 τὴν
937 2177 1072 2249 ὓλην
1101 2177 1201 2231 καὶ
1224 2176 1284 2230 τὸ
1323 2169 1466 2235 εἶδος
1515 2169 1660 2226 κατά
1709 2169 1808 2240 τὴν
1851 2167 2088 2240 ἀρετὴν·

468 2277 796 2348 γενόμενος,
831 2273 976 2344 ἅπερ
1019 2271 1110 2326 διὰ
1147 2269 1249 2324 τοῦ
1275 2267 1520 2336 ἀπάτωρ
1553 2264 1652 2318 καὶ
1695 2261 1935 2332 ἀμήτωρ
1959 2259 2058 2314 καὶ

466 2371 946 2441 ἀγενεαλόγητος
983 2363 1275 2436 δηλοῦσθαι
1317 2361 1576 2427 δύναται,
1611 2358 1708 2412 καὶ
1743 2357 1820 2422 ὡς
1875 2355 2058 2410 πάντα

465 2467 538 2523 τὰ
559 2462 668 2518 ὑπὸ
699 2461 894 2534 χρόνον
923 2459 1032 2514 ’καὶ
1067 2456 1245 2513 αἰῶνα
1273 2456 1420 2512 κατά
1455 2453 1566 2524 τὴν
1599 2450 1804 2522 γνῶσιν
1834 2446 2058 2520 κπαρελ-

469 2557 604 2620 θὼν,
638 2549 715 2609 ὧν
740 2553 803 2608 τὸ
827 2548 969 2607 εἶναι
995 2549 1266 2622 χρονικῶς
1295 2548 1396 2618 τῆς
1435 2535 1712 2616 γενέσεως
1748 2542 1955 2614 ήρξατο
1985 2540 2058 2594 τὺ

470 2649 604 2707 ποτὲ
630 2643 774 2702 εἶναι
805 2645 908 2700 οὐκ
929 2647 1071 2716 ὴρνη
1083 2642 1272 2712 μένης,
1307 2640 1416 2693 οὐδ’
1443 2636 1624 2692 ὁτιοῦν
1653 2635 1730 2706 τῷ
1757 2635 1903 2689 κατὰ
1935 2633 2058 2691 διὰ-

467 2758 622 2796 νοιαν
650 2737 780 2810 θείῳ
806 2737 996 2809 δρόμῳ
1024 2721 1301 2797 ἒνσκὸισας
1327 2733 1466 2801 ὅπερ
1508 2725 1963 2806 σημαίνειιτυχὸν
1994 2725 2058 2780 τὸ

470 2830 614 2903 μήτε
669 2829 846 2900 ἀρχὴν
889 2824 1118 2898 ἡμερῶν
1156 2825 1294 2895 μήτε
1338 2821 1494 2884 τέλος
1535 2818 1683 2890 ζωῆς
1723 2816 1870 2889 ἔχειν
1899 2833 1914 2848 ·
1959 2815 2058 2871 καὶ

465 2922 544 2987 ὡς
592 2911 973 2992 ε’ξῃρημένως,
993 2918 1242 2990 κρυφίως
1291 2933 1351 2970 τε
1391 2915 1486 2968 καὶ
1529 2913 1932 2998 σεσιγημένως,
1963 2909 2074 2998 καὶ.

469 3013 764 3069 συνελόντα
795 3013 1000 3076 εἰπεῖν,
1043 3011 1358 3080 ἀγνώστως,
1394 3009 1536 3080 μετά
1573 3007 1757 3060 πᾶσαν
1799 2993 1914 3058 τῶν
1968 3001 2059 3056 όν-

466 3125 579 3163 των
624 3105 843 3162 πάντων
875 3104 1169 3176 ἀφαίρεσιν
1208 3101 1353 3156 κατὰ
1395 3100 1522 3155 νοῦν
1552 3101 1634 3167 εἰς
1671 3097 1837 3152 αὐτὸν
1875 3095 2060 3160 εἰσδὺς

467 3201 563 3256 τὸν
593 3201 748 3266 Θεὸν,
777 3200 876 3254 καὶ
900 3198 1022 3262 ὅλος
1053 3198 1162 3269 ὅλῳ
1195 3194 1454 3258 ποιωθείς
1482 3210 1545 3247 τε
1583 3193 1683 3248 καὶ
1739 3207 2060 3262 μεταποιῶ-

469 3293 608 3360 θεὶς,
635 3295 775 3364 ὅπερ
807 3292 888 3358 τὸ,
921 3289 1410 3360 Ἀφωμοιωμένος
1435 3285 1504 3340 δὲ
1531 3285 1612 3352 τῷ
1643 3283 1754 3352 Υἱῷ
1771 3283 1876 3339 τοῦ
1907 3281 2056 3338 Θεοῦ

464 3387 641 3458 μένει
687 3383 884 3454 ἱερεὺς
924 3387 1016 3451 είς
1051 3383 1122 3437 τὸ
1161 3379 1444 3450 διηνεκὲς
1487 3378 1862 3450 ὑπεμφαίνειν
1894 3377 2056 3431 δύνα-

467 3497 583 3534 ται.
617 3479 732 3542 Πᾶς
761 3477 872 3549 γάρ
903 3493 988 3540 τις
1015 3474 1125 3530 τῶν
1145 3473 1351 3544 ¹(Ξιγίων,
1383 3466 1594 3536 οὗτινος
1624 3473 1743 3526 κατ’
1774 3470 2059 3542 ἐξαίρετον

469 3559 774 3644 ἀπήρξατο
803 3567 998 3632 καλοῦ,
1051 3568 1174 3621 κατ’
1215 3565 1350 3620 αὐτὸ
1387 3568 1490 3618 καὶ
1545 3563 1718 3627 τύπος
1752 3557 1896 3617 εἶναι
1948 3559 2045 3615 τοῦ

471 3662 656 3734 (152
689 3662 740 3733 θ)
765 3661 995 3732 δοτῆρας
1028 3656 1165 3712 Θεοῦ
1203 3656 1597 3728 ἀνηγόρευται.
1635 3655 1777 3710 Καθ’
1800 3655 1828 3709 ὃ
1851 3672 2062 3726 σημαι-

469 3757 698 3827 νόμενον
731 3756 826 3810 καὶ
857 3743 1018 3820 οὗτος
1043 3755 1071 3808 ὁ
1105 3751 1280 3824 μέγας
1309 3749 1654 3821 Μελχισεδὲκ
1679 3749 1770 3804 διὰ
1811 3749 1912 3820 τὴν
1953 3749 2058 3818 εμ-

471 3848 794 3920 ποιηθεῖσαν
857 3847 1010 3918 αὒτῷ
1057 3849 1206 3903 θείαν
1256 3849 1458 3920 ἀρετὴν
1497 3843 1663 3900 είκὼν
1734 3839 1876 3899 εἶναι
1927 3860 2060 3897 κατ’

469 3943 701 4012 ηξίωται
747 3941 990 4015 Χριστοῦ
1046 3941 1142 3996 τοῦ
1203 3939 1364 4006 Θεοῦ,
1414 3939 1512 3996 καὶ
1579 3939 1687 3993 τῶν
1729 3938 2062 4010 ἀπορρήτων

471 4033 638 4089 αὑτοῦ
695 4035 1037 4106 μυστηρίων,
1075 4036 1157 4098 εἰς
1189 4033 1257 4112 ὃν.
1283 4033 1491 4096 πάντες
1535 4031 1638 4104 μὲν
1661 4033 1712 4085 ot
1756 4032 1904 4099 ἆγιοι
1939 4045 2062 4084 συνι-

471 4128 698 4196 ἁγονται
731 4127 810 4190 ὡς
843 4128 1152 4198 ἀρχέτυπον
1178 4126 1274 4178 καὶ
1303 4125 1406 4194 τῆς
1435 4126 1494 4180 ἐν
1515 4123 1733 4194 ἑκάστῳ
1761 4121 1945 4196 αὐτῶν
1963 4121 2060 4176 τοῦ

2147 621 2270 675 quae
2301 605 2788 660 ilic-antevertens
2821 606 3049 662 omnino
3079 609 3260 673 exuit,
3299 608 3397 665 sed
3439 624 3506 663 ex
3541 608 3748 663 divinis

2148 711 2212 750 ac
2248 695 2425 752 beatis
2458 695 2794 768 insignibus,
2821 697 3026 768 quibus
3059 698 3163 754 sibi
3196 699 3439 770 speciem
3479 699 3750 754 transfor-

2148 791 2342 857 mavit,
2378 791 2453 847 sit
2487 792 2821 863 appellatus,
2857 809 2982 863 quae
3020 809 3130 850 non
3175 795 3466 850 attaminat
3504 803 3750 865 tempus,

2149 897 2255 938 nec
2303 893 2535 951 natura,
2567 895 2748 956 neque
2791 885 2965 946 ratio,
2997 902 3178 957 neque
3227 901 3416 952 mens,
3446 901 3551 941 nec
3595 885 3750 940 aliud

2151 975 2462 1046 quidpiam,
2485 985 2546 1030 ut
2567 975 2820 1034 breviter
2843 977 3050 1044 dicam,
3073 992 3418 1048 quaecunque
3445 986 3595 1032 sunt.
3617 976 3753 1031 Sine-

2151 1077 2312 1140 patre
2343 1070 2516 1140 igitur
2543 1078 2600 1125 et
2626 1079 2825 1138 matre,
2849 1079 2908 1127 et
2928 1061 3062 1150 sine
3089 1086 3317 1144 genere,
3343 1069 3504 1126 initio
3529 1067 3753 1124 dierum

2151 1160 2346 1216 et‘ﬁne
2369 1159 2496 1218 vitae
2525 1177 2746 1230 carens,
2776 1165 3126 1235 perscriptus
3149 1173 3236 1220 est
3263 1178 3497 1234 magnus
3522 1161 3752 1216 Melchi-

2155 1253 2350 1321 sedec,
2379 1238 2854 1336 quemadmodum
2891 1269 3066 1314 verax
3105 1257 3456 1314 Deiferorum
3498 1255 3750 1316 virorum

2161 1363 2348 1405 sermo
2374 1337 2466 1405 res
2489 1333 2615 1422 ejus.
2633 1332 2934 1418 enarravit,
2957 1365 3069 1405 non
3097 1358 3322 1421 propter
3341 1357 3597 1404 naturam
3628 1363 3752 1418 qua:

2155 1449 2340 1496 creata
2369 1449 2475 1508 est,
2503 1452 2560 1498 et
2591 1441 2661 1498 de
2687 1440 2866 1499 nihilo
2894 1451 3082 1499 creata
3115 1453 3222 1508 est,
3249 1441 3560 1498 secundum
3584 1456 3750 1512 quam

2156 1532 2250 1587 ille
2285 1532 2475 1590 vivere
2512 1541 2569 1590 et
2605 1535 2778 1606 erepit
2808 1541 2866 1590 et
2899 1530 3087 1602 desiit,
3121 1535 3228 1590 sed
3254 1543 3486 1606 propter
3518 1533 3750 1606 gratiam

2156 1626 2422 1691 divinam,
2447 1641 2557 1682 non
2587 1637 2833 1684 creatam
2856 1635 2913 1683 et
2937 1628 3358 1699 sempiternam,
3383 1642 3506 1696 quae
3528 1640 3752 1680 omnem

2157 1727 2272 1774 tam
2323 1727 2580 1776 naturam
2631 1717 2798 1792 quam
2849 1730 3070 1792 tempus
3123 1726 3384 1790 superat,
3429 1735 3496 1775 ex
3543 1728 3752 1774 aeterno

2158 1813 2293 1876 Deo,
2321 1811 2629 1868 secundum
2657 1826 2821 1884 quam
2848 1814 3082 1885 gratiam
3111 1812 3282 1868 solam
3315 1810 3500 1867 omnis
3523 1809 3752 1864 omnino

2158 1906 2444 1961 voluntate
2471 1913 2528 1961 et
2553 1906 2741 1960 animo
2765 1915 3064 1978 generatus
3092 1903 3434 1977 agnoscitur.
3461 1901 3626 1958 Solus
3655 1915 3755 1955 an-

2159 1983 2678 2068 tem‘ejus'generis
2707 1998 2770 2052 in
2807 1997 3095 2068 Scriptura
3127 2005 3384 2052 servatus
3416 2003 3524 2059 est,
3545 1993 3755 2062 quippe

2159 2087 2254 2158 qui
2301 2088 2517 2157 primus
2553 2087 2806 2142 fortassis
2846 2087 3136 2142 materiam
3179 2095 3236 2142 et
3273 2086 3510 2141 formam
3549 2085 3754 2138 virtute

2159 2179 2461 2249 superavit,
2490 2177 2546 2233 id
2573 2177 2734 2248 quod
2770 2179 3058 2248 perillud,
3084 2177 3392 2250 Sine'patre
3418 2176 3467 2232 et
3494 2187 3664 2232 matre
3695 2185 3745 2230 et

2159 2271 2274 2324 sine
2306 2281 2496 2341 genere
2525 2269 2542 2308 ι
2577 2269 2876 2341 signiﬁcari
2914 2278 3118 2342 potest,
3152 2271 3362 2341 quique
3395 2271 3581 2326 omnia
3615 2279 3756 2326 tem-

2158 2359 2283 2432 pori
2324 2369 2384 2416 et
2419 2377 2548 2438 οτι·οκ
2574 2363 2828 2442 subjecta
2871 2363 3189 2434 cognitione
3226 2370 3604 2434 transgressus
3645 2370 3752 2427 cal,

2159 2469 2402 2524 quorum
2427 2455 2764 2531 .exsistcntia
2806 2447 3194 2526 telnporaliter
3233 2456 3302 2511 de
3339 2455 3632 2522 nativitate
3671 2455 3756 2509 in.

2159 2546 2358 2602 choata
2388 2554 2472 2602 est
2498 2562 2622 2617 qua:
2654 2547 2708 2602 in
2745 2547 2962 2617 tempus
2987 2546 3494 2616 aliquod'incidere
3521 2546 3758 2616 ﬁerique

2159 2641 2450 2706 voluerit,-
2471 2655 2652 2710 neque
2689 2641 2744 2695 in
2779 2641 2970 2696 divino
3003 2655 3245 2711 unquam
3282 2640 3600 2696 intellectus
3630 2653 3759 2693 cur-

2161 2733 2338 2789 riculo
2379 2732 2731 2805 claudicans,
2766 2733 2820 2789 id
2855 2733 3005 2805 quod
3042 2733 3276 2788 fortasse
3309 2731 3582 2804 signiﬁcat
3616 2730 3758 2786 illud

2159 2825 2308 2896 quod
2337 2840 2516 2896 neque
2545 2810 2878 2896 principium
2903 2826 3120 2880 dierum
3145 2840 3329 2895 neque
3355 2824 3520 2878 ﬁnem
3547 2824 3770 2879 habere;

2152 2926 2422 2974 narratur
2461 2935 2476 2971 :
2521 2927 2577 2973 et
2612 2925 2672 2973 ut
2709 2918 2977 2989 singulari
3022 2919 3185 2988 plane
3227 2927 3436 2982 etnon
3473 2916 3758 2972 communi

2161 3008 2350 3074 modo,
2383 3009 2524 3064 clam
2564 3018 2620 3063 et
2663 3009 2852 3074 tacite,
2881 3018 2939 3064 et
2978 3017 3038 3064 ut
3069 3008 3318 3063 breviter
3353 3007 3558 3074 dicam,
3589 3006 3759 3062 modo

2163 3101 2464 3174 incognito,
2501 3102 2670 3158 rebus
2713 3117 2837 3172 quae
2877 3109 3009 3156 sunt
3052 3101 3354 3170 amputatis
3391 3101 3553 3171 plane
3591 3109 3760 3170 atque

2162 3194 2370 3250 relictis
2406 3201 2590 3248 mente
2627 3193 2682 3247 in
2721 3193 2904 3264 ipsum
2938 3193 3114 3247 Deum
3154 3192 3494 3262 immergens
3526 3205 3671 3258 sese,
3703 3200 3762 3248 et

2162 3294 2312 3342 totus
2351 3287 2450 3342 toti
2487 3285 2840 3357 qualiﬁcatns
2875 3285 3491 3356 et-transqualiﬁCatus,
3521 3285 3575 3340 id
3609 3284 3762 3356 quod

2164 3384 2302 3438 illud
2334 3401 2348 3437 :
2385 3374 2667 3440 Similatus
2703 3391 2879 3438 autem
2915 3381 3014 3437 Dei
3045 3382 3182 3438 Filio
3216 3393 3398 3438 manet
3424 3384 3670 3457 sacerdos
3704 3385 3768 3439 in

2164 3461 2558 3547 perpetnumm,
2591 3474 2948 3530 subindiCare
2991 3482 3196 3546 potest.
3236 3474 3568 3532 Sanctorum
3609 3475 3762 3532 enim

2163 3566 2410 3638 quilibet
2424 3581 2535 3638 quo
2558 3565 2840 3636 praecipue
2867 3564 3151 3621 inchoavit
3173 3566 3433 3636 pulchro,
3455 3565 3762 3632 secundum

2165 3659 2222 3715 id
2267 3659 2840 3728 etiam'siiuulacrum
2888 3658 2989 3712 Dei
3034 3657 3248 3714 datoris
3290 3659 3608 3716 declaratus
3651 3670 3758 3718 est.

2162 3751 2280 3819 Qua
2311 3751 2587 3808 sententia
2613 3750 2708 3806 hic
2731 3765 2956 3821 quoque
2983 3744 3216 3822 magnus
3239 3751 3608 3808 Melchisedec
3634 3768 3763 3824 pro.

2163 3853 2287 3916 pter
2310 3843 2558 3900 divin-am
2583 3842 2851 3898 virtutem
2882 3843 2934 3898 ei
2963 3842 3185 3900 insitam
3211 3845 3576 3900 simulacrum
3601 3845 3764 3901 Chri-

2164 3937 2234 3992 sti
2257 3935 2356 3992 Dei
2381 3949 2503 3992 esse
2525 3935 2728 4007 dignus
2753 3935 2980 3991 habitus
3002 3945 3108 4002 est,
3129 3936 3364 4008 ejusque
3391 3936 3762 3993 ineﬂ‘ahilimn

2163 4029 2583 4103 mysteriorum,
2606 4029 2662 4084 in
2687 4043 2855 4100 quem
2878 4030 3124 4087 universi
3150 4031 3329 4089 sancti
3356 4039 3772 4104 congregantur-

2165 4131 2428 4194 tanquam
2455 4123 2510 4180 in
2540 4125 2906 4197 archetypum
2935 4140 3000 4184 ac
3023 4125 3243 4196 pulchri
3267 4125 3324 4181 in
3347 4108 3546 4197 quovis
3566 4143 3762 4183 eorum

473 4217 643 4274 καλοῦ
674 4218 970 4290 ἐμφάσεως
1001 4209 1202 4282 αἴτιον,
1244 4217 1484 4288 μάλιστα
1517 4217 1574 4273 δὲ
1599 4215 1788 4279 οὗτος,
1823 4215 1924 4278 ὼς·
1949 4215 2057 4273 τῶν

2165 4215 2424 4288 imaginis
2463 4231 2684 4272 causam
2707 4260 2722 4285 ,
2753 4211 3064 4289 prazsertim
3106 4234 3241 4274 vero
3279 4218 3402 4287 hie,
3439 4229 3631 4292 utpote
3665 4221 3762 4292 qui
3827 4239 3841 4292 ξ

471 4311 650 4364 ἄλλων
693 4309 955 4366 ἁπάντων
1001 4308 1227 4373 πλείους
1277 4310 1337 4362 ὲν
1377 4307 1562 4380 ἐαυτῷ
1596 4305 1778 4379 φέρων
1807 4305 1902 4361 τοῦ
1925 4307 2057 4378 Χρι-

2161 4307 2355 4378 plures
2389 4321 2555 4379 quam
2593 4309 2798 4382 reliqui
2837 4294 2893 4370 in
2926 4325 3050 4368 sese
3083 4309 3294 4368 Christi
3329 4291 3768 4370 deformationes
3822 4291 3834 4394 Ξ

473 4403 600 4458 στοῦ
626 4404 725 4468 τὰς
759 4404 932 4458 ὑποτυ
942 4400 1165 4466 πὼσεις.

2165 4401 2398 4458 ferebat.
2421 4415 2425 4420 ‘
2821 4423 2829 4429 -
2968 4427 2974 4433 -
3613 4455 3618 4461 ,
3817 4400 3827 4477 ξ

2715 4505 2722 4514 .
3815 4483 3825 4514 ί

484 4595 814 4690 Ἐξήγησιζ·
845 4609 931 4674 είς
975 4607 1086 4661 τὸν
1129 4605 1372 4674 Κύριον,
1399 4601 1676 4672 περὶτῶν
1711 4605 2057 4675 λεγομένων

2163 4603 2460 4660 Enar‘ratio
2494 4607 2550 4660 in
2604 4596 2893 4663 Dominum
2945 4607 3010 4661 de
3053 4609 3118 4663 iis
3169 4623 3288 4682 qua:
3333 4611 3389 4664 in
3423 4610 3765 4669 Melchisedec

925 4705 1015 4780 sic
1037 4701 1147 4756 τὸν
1177 4699 1586 4772 Μελχισεδέκ.

541 4813 872 4874 Μονώτατος
901 4813 1009 4884 γὰρ
1041 4812 1069 4864 ό
1092 4810 1304 4883 Κύριος
1329 4809 1492 4883 ἡμῶν
1530 4811 1626 4866 καὶ
1671 4809 1808 4876 Θεὸς
1849 4803 2062 4881 Ἰησοῦς

469 4906 706 4980 Χριστὸς
737 4905 897 4976 φύσει
921 4906 1016 4958 καὶ
1053 4904 1285 4978 ἀληθείᾳ
1305 4905 1538 4978 ἀπάτωρ
1585 4905 1725 4972 snt:
1765 4905 1864 4959 καὶ
1919 4905 2066 4976 ἀμή-

393 5006 412 5030 ’
469 5015 585 5069 τωρ
631 4999 727 5052 καὶ
776 4981 1235 5068 ἀγενεαλόγητος,
1264 4997 1361 5052 καὶ
1411 4998 1550 5070 μήτε
1603 4996 1782 5069 ἀρχὴν
1835 4996 2065 5068 ἡμερῶν

473 5092 611 5163 μήτε
668 5089 816 5160 ζωῆς
869 5088 1022 5154 τέλος
1073 5087 1238 5159 ἔχων·
1272 5089 1505 5162 ἀμήτωρ
1559 5089 1656 5160 μὲν
1685 5087 1774 5142 διὰ
1811 5089 1876 5142 τὸ
1897 5089 2062 5145 ἄῦλον

469 5187 565 5239 καὶ
595 5185 892 5255 ἀσώματον
946 5183 1046 5238 καὶ
1106 5178 1388 5248 παντελῶς
1415 5183 1696 5252 ἄγνωστον
1724 5184 1823 5254 τῆς
1859 5183 1972 5238 ἄνω
1998 5185 2064 5238 ἐκ

469 5277 565 5331 τοῦ
628 5277 850 5348 Πατρός
903 5275 1236 5346 προαιωνίου
1293 5276 1605 5347 γεννήσεως
1642 5290 1657 5304 ο
1715 5273 1950 5348 ἀπάτωρ
2004 5275 2064 5329 δὲ

471 5369 614 5425 κατὰ
671 5369 772 5442 τήν
814 5369 967 5423 κάτω
1022 5367 1117 5422 καὶ
1163 5368 1430 5440 χρονικὴν
1464 5365 1532 5422 ἐκ
1572 5366 1673 5438 τῆς
1715 5367 1926 5438 μητρὸς
1968 5367 2066 5422 καὶ

469 5461 790 5531 ὲνσώματον
824 5461 1101 5531 γέννησιν,
1138 5455 1206 5533 ἧς
1241 5460 1386 5516 κατὰ
1419 5462 1518 5532 τὴν
1552 5460 1820 5533 σύλληψιν
1863 5459 1928 5514 τὸ
1973 5461 2066 5516 διὰ

472 5555 686 5626 σπορᾶς
710 5549 851 5618 εἶδος
874 5553 938 5607 οὐ
968 5554 1348 5625 κατεστήσατο
1373 5571 1387 5585 ·
1418 5554 1861 5628 ἀγενεαλόγητος
1891 5553 1948 5608 δὲ
1985 5553 2062 5619 ὡς

550 5665 570 5708 ι
611 5667 781 5722 Hebr.
811 5683 905 5732 vn,
939 5665 993 5720 5.
1073 5675 1108 5697 ¹¹¹
1139 5666 1278 5723 ibid.

545 5849 596 5886 '°
621 5849 1004 5924 κατεξαίρετον
1034 5848 1156 5906 cod.
1188 5844 1334 5907 Gud.

2803 4700 2944 4756 dicta
2973 4709 3118 4756 sunt.

2236 4813 2392 4870 Unus
2421 4812 2569 4868 enim
2601 4813 2870 4870 Dominus
2910 4823 3104 4870 noster
3135 4823 3192 4870 et
3227 4813 3374 4871 Deus
3406 4817 3570 4873 Jesus
3599 4816 3762 4876 Chri-

2163 4913 2286 4960 stus
2311 4914 2510 4961 natura
2541 4921 2606 4961 ac
2633 4899 2866 4962 veritate
2896 4905 3018 4964 sine
3053 4916 3204 4979 patre
3232 4917 3318 4964 cst
3343 4919 3400 4964 cl.
3429 4910 3547 4966 sine
3585 4919 3762 4967 matre

2165 5006 2226 5054 et
2253 4999 2371 5054 sine
2402 5015 2626 5070 genere,
2659 5009 2716 5055 et
2761 4999 2920 5058 initio
2951 5001 3166 5056 dierum
3195 5006 3250 5058 et
3281 5003 3408 5058 vitm
3454 5003 3560 5060 ﬁne
3587 5013 3757 5060 caret.

2170 5089 2303 5146 Sine
2339 5097 2533 5154 matre,
2570 5102 2800 5161 propter
2843 5092 3207 5149 immaterialc
3242 5103 3299 5149 et
3329 5093 3678 5166 incorporale
3705 5104 3763 5152 et

2170 5183 2334 5254 plane
2360 5183 2700 5256 incognitum
2745 5186 3052 5243 nativitatis
3085 5188 3205 5259 ejus
3233 5203 3302 5242 ex
3329 5188 3492 5242 Patre
3518 5197 3757 5252 aeterno;

2168 5275 2289 5338 sine
2318 5285 2497 5347 patre,
2524 5285 2750 5348 propter
2773 5279 2896 5349 ejus
2921 5279 2975 5332 in
3005 5279 3108 5334 hac
3136 5288 3283 5334 terra
3309 5279 3666 5349 temporalem
3696 5295 3764 5336 ac

2167 5369 2513 5440 corporalem
2553 5385 2621 5426 ex
2655 5377 2830 5425 inatre
2871 5357 3310 5442 generationem,
3356 5361 3516 5443 cujus
3557 5387 3759 5427 secun-
3827 5423 3833 5430 .

2167 5461 2300 5516 dum
2323 5463 2743 5533 conceptionem
2769 5473 2828 5519 et
2853 5477 3043 5518 semen
3073 5463 3426 5520 instituenda;
3447 5478 3622 5536 genus
3647 5478 3763 5522 non
3827 5457 3835 5506 ἶ

2168 5563 2396 5612 secutus
2439 5555 2731 5625 est;‘sine
2785 5573 2987 5630 genere
3041 5557 3305 5631 denique,
3356 5568 3418 5614 ut
3468 5558 3766 5632 utriusque

1768 5753 2014 5816 .VARIE
2053 5755 2470 5815 LECTIONES.‘
