3998 6402
551 438 576 459 Ι

132 460 270 529 1145

1367 458 1890 521 AMBIGUORUM
1928 457 2184 517 LIBER.

3249 453 3390 519 1146

131 581 307 648 ἱερεὺς
348 575 601 647 διηνεκὴς
651 574 743 628 καὶ
792 572 1030 637 αἰώνιος,
1079 572 1283 645 νοερῶς
1313 573 1400 625 ἀεὶ
1429 572 1530 641 τῆς
1559 571 1708 636 θείας

1812 578 2066 626 naturam
2105 577 2269 639 atque
2314 577 2534 638 tempus
2566 574 2849 637 superant,
2887 568 3064 623 factus
3094 577 3179 623 est
3221 568 3391 623 etiam

129 668 414 722 ἀπολαύων
443 667 660 736 ὁμιλίας
683 706 697 728 ,
746 665 843 717 καλ⁵
873 663 961 716 διὰ
985 664 1045 716 τὸ
1081 663 1359 734 μιμεῖσθαι
1393 666 1459 734 τῇ
1492 663 1621 733 περὶ
1644 662 1704 714 τὸ

126 758 292 810 καλὸν
337 759 477 810 κατὰ
528 757 625 826 τὴν
669 757 895 825 γνώμην
942 753 1178 825 ἀτρεψία
1209 754 1269 807 τὸ
1290 755 1335 785 ⁸⁸
1366 754 1506 806 κατὰ
1543 753 1705 820 φύσιν

80 888 83 891 ν
126 849 393 918 ἄτρεπτον
428 850 500 917 μὴ
530 847 874 917 κωλυόμενος
904 844 1216 907 Ἰουδαϊκῶς
1243 844 1518 915 ἁμαρτίας
1544 844 1709 897 οανάπ

122 955 206 1006 τῳ
251 941 327 1000 εἰς
370 941 430 990 τό
467 937 713 1007 διηνεκὲς
741 937 1081 1007 παραμένειν
1105 978 1119 1001 ,
1180 937 1275 989 καὶ
1314 936 1504 988 θυσίαν
1535 951 1705 1005 προσ-

122 1032 317 1100 φέρειν
366 1030 627 1093 αίνὲσεως
679 1030 770 1081 καὶ
813 1028 1280 1098 ἐξομολογήσεως,
1328 1027 1555 1090 ἐνδόξως
1586 1025 1706 1077 θεο-

118 1120 301 1189 λογῶν
327 1121 400 1183 ὡς
428 1120 757 1190 δημιουργόν
788 1120 894 1173 τῶν
918 1121 1197 1182 ἁπάντων,
1222 1120 1317 1172 καλ⁵
1342 1118 1705 1185 εὐγνωμόνως

118 1212 466 1282 εὐχαριστῶν
495 1213 570 1275 ὡς
596 1215 866 1283 προνοητῇ
897 1213 992 1265 καὶ
1020 1215 1181 1283 κριτῇ
1210 1212 1316 1264 τῶν
1337 1212 1473 1263 ὅλων
1491 1210 1702 1277 δικαίῳ,

117 1302 180 1353 ἐν
211 1302 288 1370 τῷ
314 1303 451 1354 κατὰ
475 1303 711 1355 διάνοιαν
738 1302 869 1373 θείῳ
890 1302 1262 1372 Θυσιαστηρίῳ
1288 1341 1302 1365 ,
1350 1302 1408 1367 ἐξ
1434 1298 1493 1354 οὗ
1518 1303 1706 1367 φαγεῖν

114 1394 227 1445 οὐκ
287 1394 484 1461 ἔχουσα
543 1393 906 1459 ἐξουσίαν-οἷ
966 1399 1030 1465 τῇ
1096 1398 1267 1464 σκηνῇ
1330 1393 1703 1464 λατρεύοντες.

116 1486 201 1537 Ού
242 1486 350 1552 γὰρ
392 1480 505 1537 οἷόν
540 1504 596 1538 τε
633 1486 908 1554 μυστικῶν
940 1488 1089 1549 θείας
1119 1486 1371 1554 γνώσεως
1404 1485 1584 1554 ἄρτων
1616 1485 1709 1536 καὶ

117 1576 405 1646 κρατῆρος
456 1576 690 1641 ζωτικοῦ
743 1579 933 1647 σοφίας
992 1578 1318 1649 μεταλαχεῖν
1372 1578 1499 1637 τοὺς
1550 1593 1706 1646 povo-

120 1666 476 1738 στοιχοῦντας
548 1669 627 1740 τῷ
673 1672 1003 1741 γράμματι,
1063 1672 1159 1723 καὶ
1231 1670 1444 1737 ἀλόγων
1497 1668 1710 1729 Θυσίαις

118 1761 315 1812 παθῶν
344 1760 479 1829 πρὸς
508 1762 788 1831 σωτηρίαν
817 1762 1217 1832 ἀρκουμένους,
1248 1763 1342 1814 καὶ
1371 1760 1461 1813 τὸν
1493 1760 1591 1829 μὲν
1616 1759 1711 1813 θά-

115 1869 282 1906 νατον
337 1852 431 1905 τοῦ
467 1854 680 1923 Ἰησοῦ,
734 1854 822 1907 διὰ
870 1855 970 1923 τῆς
1019 1856 1143 1907 καθ’
1181 1846 1461 1925 ἁμαρτίαν
1508 1852 1711 1924 ἀργίας

115 1943 617 2010 καταγγέλλοντας,
667 1944 767 2014 τὴν
806 1945 862 1997 δὲ
911 1944 1210 1998 ἀνάστασιν
1241 1943 1609 2012 αὑτοῦ,“ὑπὲρ
1642 1938 1710 2013 ἧς

118 2036 219 2088 καὶ
246 2035 312 2088 δι’
337 2035 404 2104 ἦν
433 2037 461 2087 ὁ
487 2034 718 2097 θάνατος
740 2034 956 2102 γέγονε,
1001 2036 1088 2088 διὰ
1117 2036 1217 2104 τῆς
1248 2034 1391 2088 κατὰ
1417 2033 1542 2086 νοῦν
1570 2033 1709 2086 θεω-

125 2128 247 2199 ρίας
271 2168 286 2192 ,
338 2128 435 2197 τῆς
467 2129 521 2179 ὲν
548 2126 867 2197 δικαιοσύνῃ
896 2127 1073 2198 ἔργων
1101 2128 1326 2194 ἀγαθῶν
1354 2126 1710 2195 πεφωτισμέ-

126 2235 252 2285 vos.
308 2219 405 2287 οὐχ
451 2218 888 2285 ὁμολογοῦντας.
950 2219 1045 2270 καὶ
1088 2219 1150 2270 τ’)
1188 2218 1289 2286 μὲν
1331 2217 1712 2286 θανατωθῆναι

126 2305 289 2373 σαρκὶ
321 2301 378 2356 εὖ
414 2306 558 2372 μάλα
590 2306 890 2375 προθύμως
920 2306 1107 2378 (154¹
1131 2306 1184 2377 a)
1214 2306 1527 2376 ἑλομένους,
1564 2308 1623 2359 τὸ
1652 2307 1709 2359 δὲ

122 2396 524 2467 ζωποιηθῆναι
556 2398 651 2450 καὶ
679 2397 951 2461 πνεύματι
983 2399 1093 2450 οὐδ’
1118 2398 1368 2451 ὁπωσοῦν
1398 2398 1710 2467 ἀναρχομέο

123 2504 248 2547 νους
271 2530 286 2550 ,
346 2487 425 2539 ἔτι
474 2491 576 2559 τῆς
618 2489 745 2542 κατ’
774 2490 972 2551 αὐτοὺς
1011 2490 1222 2559 σκηνῆς
1254 2490 1487 2561 ἐχούσης
1518 2490 1711 2544 στάσιν

124 2578 210 2632 διὰ
256 2578 317 2632 τὸ
362 2582 529 2651 μήπω
579 2581 1000 2650 πεφανερῶσθαι
1053 2583 1239 2646 αὐτοῖς
1283 2582 1384 2653 τὴν
1424 2582 1513 2635 διὰ
1546 2582 1708 2649 λόγου

130 2672 219 2724 καὶ
263 2671 520 2739 γνώσεως
570 2673 678 2725 τῶν
721 2674 892 2740 ἁγίων
939 2673 1057 2726 ὀδόν
1083 2715 1098 2739 ,
1155 2674 1279 2743 ἥτις
1319 2675 1470 2731 ἐστὶν
1499 2675 1534 2738 ὁ,
1553 2673 1713 2741 λόγος

129 2765 217 2817 τοῦ
245 2764 382 2817 Θεοῦ
413 2766 440 2818 ό
468 2763 659 2830 είπὼν,
721 2765 867 2834 Ἐγώ
895 2768 1011 2835 εἶμι
1042 2767 1079 2835 ἡ
1107 2766 1249 2833 ὁδὸς
1275 2806 1292 2832 ,
1344 2766 1437 2820 καὶ
1480 2765 1588 2818 ἀπὸ
1614 2764 1707 2818 τοῦ

128 2855 302 2925 σάρκα
353 2855 511 2923 λόγον
547 2857 749 2909 εἰδέναι
794 2856 881 2910 διὰ
913 2858 1223 2927 πρακτικῆς
1254 2858 1347 2911 τὸν
1378 2856 1583 2926 Κύριον
1617 2856 1710 2907 ἐπὶ

120 2950 216 3015 τὴν
261 2949 340 3011 ὡς
391 2949 716 3020 μονογενοῦς
748 2950 898 3020 παρὰ
930 2950 1145 3018 Πατρὸς
1174 2950 1354 3015 δόξαν,
1391 2952 1489 3018 τὴν
1525 2949 1706 3018 πλήρη

116 3041 342 3109 χέριτος
377 3042 469 3095 καί
501 3040 763 3112 ἀληθείας
786 3082 799 3103 ,
836 3040 924 3094 διὰ
961 3041 1195 3111 Θεωρίας
1225 3040 1398 3093 ἐλθεῖν
1431 3040 1531 3093 οὐκ
1562 3042 1708 3109 ἐφιε-

115 3133 337 3202 μένους.

528 3303 749 3371 Θεωρία
774 3305 861 3367 είς
890 3304 995 3356 τὸν
1024 3301 1295 3372 ἈΓραιίμ.

186 3416 461 3489 Ἀὖραὰμ
508 3416 673 3470 πάλιν
705 3416 1077 3485 πνευματικὸς
1106 3418 1317 3485 γίνεται
1348 3417 1446 3481 τῆς
1480 3420 1582 3489 γῆς
1617 3420 1709 3473 καὶ

100 3514 206 3582 τῆς
260 3508 591 3575 συγγενείας
646 3508 741 3561 καὶ
787 3507 881 3561 τοῦ
933 3509 1084 3561 οἴκου
1129 3507 1222 3561 τού
1257 3510 1461 3580 πατρὶς
1493 3511 1713 3581 ἐξερχόο

100 3620 288 3676 μενος
339 3601 437 3654 καὶ
480 3601 559 3663 εἰς
588 3601 690 3669 τὴν
729 3600 835 3653 ὑπὸ
861 3599 996 3653 Θεοῦ
1025 3601 1388 3672 δεικνυμένην
1417 3603 1711 3672 ἐρχόμενος

93 3699 211 3766 γῆν
244 3735 265 3757 ,
325 3694 356 3745 ὁ
405 3691 506 3761 τῆς
542 3691 750 3761 σαρκός
784 3690 925 3743 κατὰ
954 3692 1197 3746 διάθεσιν
1226 3694 1578 3764 ἀπορρήξας,
1618 3699 1710 3750 καὶ

98 3785 280 3846 ἐκτὸς
308 3781 484 3850 αὐτῆς
507 3781 803 3850 γενόμενος
832 3779 911 3849 τῷ
938 3781 1205 3853 χωρισμῷ
1235 3784 1343 3835 τῶν
1371 3784 1581 3852 παθῶν,
1617 3788 1712 3840 καὶ

94 3880 211 3940 τὰς
273 3873 564 3942 αἰσθήσεις
613 3871 933 3938 ἀπολιπὼν,
993 3874 1087 3927 καὶ
1141 3875 1412 3945 μηδεμίαν
1442 3878 1712 3933 διἀύτῶν

89 3966 404 4037 ἁμαρτίας
427 3965 504 4018 ἔτι
530 3963 971 4035 παραδεχόμενος
992 3965 1202 4033 πλάνην
1224 4009 1238 4030 ,
1275 3969 1369 4020 καὶ
1394 3969 1461 4022 τὰ
1478 3971 1714 4040 αἰσθητὰ

89 4062 304 4116 πάντα
335 4056 647 4129 παρελθὼν,
692 4058 751 4122 ἐξ
779 4051 852 4111 ὧν
879 4059 944 4127 τῇ
971 4058 1117 4129 ψυχῇ
1150 4058 1236 4111 διὰ
1262 4059 1371 4112 τῶν
1402 4062 1712 4133 αἰσθήσεων

86 4153 157 4205 τὸ
224 4149 552 4202 ἀπατᾶσθαι
608 4148 701 4201 καί
752 4149 933 4201 παίειν
978 4150 1352 4221 προσγίνεται,
1414 4154 1509 4205 καὶ
1567 4154 1712 4223 μόνῳ

87 4244 180 4315 τῷ
214 4240 303 4311 νῷ
338 4240 540 4303 παντὸς
570 4239 759 4292 ὑλικοῦ
791 4239 1062 4309 ἐλευθέρῳ
1092 4240 1297 4310 δεσμοῦ
1332 4244 1411 4305 εἰς
1437 4242 1535 4313 τὴν
1560 4244 1710 4297 θείαν

88 4339 202 4392 καί
248 4333 534 4403 μακαρίαν
564 4335 661 4401 τῆς
690 4330 946 4400 γνώσεως
979 4332 1275 4402 ἐρχόμενος
1305 4334 1408 4400 γῆν
1433 4374 1447 4396 ,
1509 4337 1601 4387 καὶ
1632 4336 1711 4395 εἰς

92 4430 305 4498 μῆκος
359 4426 452 4476 καὶ
504 4424 703 4485 πλάτος
751 4424 922 4493 αὐτὴν
973 4424 1251 4491 μυστικῶς
1280 4424 1554 4487 διοδεύων,
1593 4421 1709 4499 ἐνῇ

88 4522 200 4574 τδν
236 4516 451 4588 Κύριον
478 4515 637 4588 ήμῶν
668 4516 894 4585 εὑρήσει
930 4516 1024 4569 καὶ
1054 4515 1187 4569 Θεὸν
1223 4517 1429 4587 Ἰησοῦν
1452 4518 1708 4590 Χριστὸν,

92 4607 212 4675 τὴν
267 4605 488 4675 ἀγαθὴν
533 4606 641 4658 τῶν
688 4604 1042 4673 φοϐουμένων
1101 4607 1264 4659 αὑτὸν
1313 4608 1681 4678 κληρονομίαν

92 4699 185 4758 είς
231 4694 418 4763 μῆκος
446 4693 547 4762 μὲν
577 4693 902 4748 ἀνείκαστον
946 4694 1013 4747 δι’
1042 4690 1232 4748 ἑαυτὸν
1271 4697 1373 4750 ὑπὸ
1403 4697 1509 4750 τῶν
1539 4699 1707 4764 ἀξίων

92 4785 267 4842 κατὰ
295 4784 361 4837 τὸ
389 4786 614 4852 ἐφικτὸν
648 4785 955 4857 ἀνθρώποις
986 4787 1429 4858 θεολογούμενον,
1465 4791 1533 4843 δι’
1562 4792 1709 4859 ἠμῖς

89 4876 159 4929 δὲ
194 4875 287 4936 είς
308 4872 515 4936 ’πλάτος
542 4873 817 4943 δοξολογού
829 4893 1005 4944 μενον,
1036 4875 1123 4930 διὰ
1146 4878 1242 4948 τῆς
1264 4882 1587 4950 συνεκτικῆς
1615 4879 1708 4932 τοῦ

96 4966 333 5029 παντὸς
390 4966 708 5036 σοφωτάτης
749 4967 913 5021 αὑτοῦ
961 4969 1245 5039 προνοίας,
1305 4972 1399 5024 καὶ
1444 4974 1537 5042 τῆς
1569 4973 1710 5043 ὑπὲρ

94 5055 284 5124 ἡμῶν
344 5054 579 5123 μάλιστα
632 5056 951 5128 θαυμαστῆς
1006 5060 1099 5111 καὶ
1140 5060 1525 5132 ὑπεραρῥήτου
1558 5065 1704 5117 οἱκο-

95 5145 323 5214 νομίας
346 5187 361 5210 ,
410 5147 504 5198 καὶ
552 5147 776 5217 μέτοχος
820 5149 927 5201 τῶν
959 5146 1040 5211 οἷς
1070 5153 1351 5223 γεραίρειν
1381 5154 1472 5207 τὶν
1502 5154 1704 5224 Κύριον

96 5256 109 5281 ὲ
341 5236 393 5307 b)
426 5237 779 5310 ὲξεπαιδεύθη
812 5243 1026 5310 τρόπων
1058 5245 1196 5297 κατὰ
1227 5245 1425 5315 πρᾶξιν
1452 5246 1588 5309 τέως
1611 5247 1708 5300 καὶ

97 5331 368 5400 Θεωρίαν
420 5330 747 5400 γενόμενος,
804 5327 975 5388 δι’ὧν
1026 5337 1059 5406 ἡ
1113 5338 1248 5408 πρὸς
1294 5339 1425 5391 Θεὸν
1475 5339 1712 5410 βεῦαἷως

95 5420 435 5492 κυροῦσθαι
480 5421 692 5489 πέφυκε
738 5424 888 5490 φιλία
928 5442 987 5477 τε
1040 5429 1133 5480 καὶ
1177 5430 1536 5499 ἁφομοὲωσις.
1601 5432 1711 5484 Καὶ

102 5529 178 5563 συ
193 5514 417 5578 δτὸμως
449 5514 577 5583 περὶ
605 5513 812 5567 τούτων
837 5519 1029 5583 εἰπεῖν,
1061 5521 1089 5573 ό
1118 5521 1300 5593 σάρκα
1329 5524 1421 5575 καὶ
1451 5522 1710 5592 αἴσθησιν

103 5603 210 5658 καί
258 5602 476 5673 κόσμον
502 5643 516 5667 ,
572 5606 699 5676 περὶ
729 5605 765 5659 ἂ
792 5607 886 5661 τοῦ
913 5609 1005 5662 νοῦ
1039 5614 1070 5682 ἡ
1109 5614 1245 5684 πρὸς
1271 5614 1340 5667 τὰ
1361 5616 1530 5686 νοητὰ
1565 5616 1708 5671 κατὰ

182 5726 213 5769 ς
242 5719 297 5773 J:
321 5733 414 5771 an.
443 5733 550 5780 xiv,
585 5720 639 5774 6.
719 5731 739 5758 ι’
767 5722 923 5779 Joan.
952 5741 989 5791 ι,
1024 5726 1104 5783 li.
1183 5736 1204 5765 ⁸
1238 5727 1377 5786 Gcn.
1413 5745 1506 5793 xu,
1544 5728 1594 5783 l.

183 5875 240 5913 ⁸⁸
272 5880 371 5935 τὶν
406 5880 530 5938 cod.
561 5878 703 5937 Gud.

1783 2503 1789 2508 ‘
1810 2489 2136 2544 inchoantes
2154 2530 2169 2553 ,

1688 4651 1700 4675 ’
1741 4653 1782 4706 D

1809 662 2069 718 sacerdos
2113 669 2414 732 perpetuus
2442 658 2609 730 atque
2643 669 2907 724 aeternus,
2944 660 3394 715 intellectualiter

1808 771 2028 824 semper
2072 755 2167 808 Dei
2203 753 2602 808 consuetudine
2634 753 2846 816 fruens,
2878 762 2934 807 et
2959 768 3057 806 sua
3084 752 3228 807 circa
3265 753 3391 822 pul-

1807 851 2002 902 chrum
2026 846 2325 900 voluntatis
2350 845 2661 900 constantia
2688 844 2995 899 naturalem
3024 845 3392 897 constantiam

1807 952 1931 990 cum
1962 935 2274 1000 aemuletur,
2321 950 2434 989 non
2479 934 2799 1005 prohibitus
2838 933 3070 988 Judaice
3117 932 3174 986 in
3217 940 3395 988 morte

1807 1028 2043 1103 peccat},
2077 1035 2350 1095 perpetuo
2395 1041 2775 1096 perseverare,
2821 1024 3266 1094 sacriﬁciumque
3310 1024 3395 1078 of—

1807 1117 1952 1171 ferre
1986 1118 2165 1171 laudis
2197 1127 2253 1173 et
2284 1118 2668 1182 confessionis,
2699 1118 2847 1172 clare
2887 1117 3059 1171 Deum
3092 1116 3398 1185 praedicans

1807 1218 1869 1262 ut
1894 1210 2139 1262 omnium
2175 1210 2541 1273 conditorem,
2568 1217 2625 1263 et
2661 1210 2752 1278 pio
2776 1209 2965 1262 animo
2998 1208 3205 1279 gratias
3230 1223 3400 1277 agens

1808 1300 1859 1354 ei
1915 1309 1974 1352 ut
2019 1299 2251 1369 provido
2297 1308 2461 1369 atque
2491 1300 2661 1369 iudici
2699 1299 3086 1353 universorum
3121 1313 3300 1367 aequo,
3341 1298 3398 1351 in

1810 1390 2166 1444 intellectuali
2197 1406 2289 1444 ara
2320 1391 2528 1451 divina,
2559 1390 2706 1444 unde
2737 1392 2818 1444 eis
2854 1390 2947 1460 qui
2978 1389 3397 1443 tabernaculum

1809 1492 2150 1536 venerantur
2181 1484 2347 1537 cdere
2380 1500 2487 1537 non
2520 1483 2671 1537 licet.
2707 1483 2849 1539 Fieri
2887 1482 3035 1536 enim
3072 1497 3183 1535 non
3217 1489 3402 1551 potest

1810 1578 1874 1624 ut
1899 1574 2255 1642 mysticorum
2285 1574 2487 1628 divinae
2519 1574 2855 1643 cognitionis
2886 1590 3090 1643 panum
3135 1589 3198 1627 ac
3231 1588 3401 1642 pocu-

1810 1662 1990 1716 lorum
2036 1664 2218 1718 vit’alis
2249 1665 2533 1734 sapientia:
2581 1665 2616 1718 ii
2664 1665 2961 1734 participes
2994 1665 3125 1719 Iiaut
3156 1664 3249 1734 qui
3282 1664 3400 1718 sola

1813 1755 1867 1809 in
1892 1755 2073 1810 littera
2102 1756 2385 1820 incedunt,
2420 1756 2937 1827 irrationaliumque
2967 1757 3033 1811 ad
3065 1772 3219 1811 suam
3253 1755 3402 1811 salu-

1768 1906 1781 1921 __
1816 1856 1923 1903 tem
1959 1849 2251 1903 sacriﬁciis
2290 1851 2606 1919 passionum
2657 1853 2924 1907 contenti.
2969 1852 3212 1921 Jesuque
3248 1866 3401 1905 mor-

1815 1948 1923 1994 tem
1969 1956 2068 2009 per
2111 1942 2372 2010 peccandi
2411 1944 2775 1996 cessationem
2825 1942 3270 2012 pronuntiantes,
3309 1956 3402 1995 re-

1811 2032 2214 2087 surrectionem
2247 2048 2380 2087 vero
2409 2035 2549 2103 ejus,
2596 2033 2665 2088 de
2712 2049 2821 2103 qua
2872 2042 2928 2088 et
2973 2043 3201 2103 propter
3231 2048 3398 2102 quam

1812 2139 1963 2178 mors
2012 2125 2153 2179 facta
2195 2135 2300 2189 est,
2349 2141 2450 2194 per
2502 2125 2935 2180 intellectualem
2971 2124 3401 2193 contemplatio-

1811 2230 1962 2279 nem,
1992 2230 2116 2284 quze
2147 2215 2201 2268 in
2236 2216 2506 2270 bonarum
2542 2217 2822 2271 actionum
2853 2215 3069 2286 justitia
3106 2215 3404 2270 collustra-

1813 2313 1924 2369 tur,
1950 2306 2267 2372 dimtcntes,
2294 2317 2352 2361 et
2370 2308 2669 2363 carnaliter
2692 2309 3011 2363 tnortilicari
3040 2307 3400 2378 paratissimi,

1810 2407 1866 2452 at
1899 2397 2167 2451 viviﬁcari
2217 2414 2438 2469 quoque
2474 2400 2527 2453 in
2566 2400 2761 2470 spiritu
2811 2415 3159 2469 nequaquam
3209 2400 3397 2455 denuo

2240 2491 2599 2545 tabernaculo
2656 2492 2904 2561 ipsorum
2944 2492 3127 2546 adhuc
3181 2502 3399 2557 stante,

1810 2579 2035 2648 quando
2062 2580 2309 2634 nondum
2354 2580 2434 2634 eis
2462 2597 2562 2650 per
2610 2583 2877 2635 rationem
2922 2592 2979 2636 ct
3027 2582 3399 2651 cognitionem

1812 2680 2130 2725 sanctorum
2168 2673 2255 2725 via
2301 2679 2387 2725 est
2429 2680 2734 2727 monstrata
2765 2689 2886 2742 qua:
2918 2673 3015 2727 Dei
3066 2686 3248 2725 sermo
3292 2678 3400 2735 est,

1811 2762 2003 2816 dicens
2042 2781 2055 2816 :
2106 2762 2215 2833 Ego
2262 2779 2379 2817 sum
2426 2764 2510 2816 cia
2532 2773 2581 2827 ιι,
2604 2773 2750 2818 —et
2784 2776 3083 2834 postquam
3105 2764 3400 2817 Dominum

1814 2853 2140 2908 Sermonem
2172 2870 2393 2908 carnem
2441 2854 2543 2925 per’
2582 2855 2986 2925 philosophiam
3033 2856 3268 2911 activam
3305 2870 3404 2909 co-

1815 2955 2075 3014 gnorunt,
2104 2947 2170 3000 ad
2201 2947 2453 3016 gloriam,
2499 2963 2623 3015 quae
2666 2948 2946 3017 Unigeniti
2990 2956 3075 3002 est
3118 2947 3266 3017 apud
3303 2947 3406 3001 Pa-

1817 3043 1979 3101 trem,
2018 3037 2206 3105 gratiae
2238 3049 2292 3092 et
2321 3039 2573 3092 veritatis
2605 3040 2823 3108 plenam
2860 3050 2903 3106 ι’,
2928 3055 3028 3110 per
3059 3037 3405 3109 contempla-

1814 3129 2020 3183 tionem
2045 3130 2259 3185 venisse
2286 3148 2394 3184 non
2422 3132 2729 3202 cupientes.

2208 3313 2595 3385 Contemplatio
2635 3315 2689 3367 in
2725 3312 3015 3370 Abraham.

1885 3422 2162 3478 Abraham
2217 3442 2407 3479 rursus
2452 3426 2760 3496 spiritualis
2791 3428 2849 3482 ﬁt
2885 3428 2952 3482 de
2984 3439 3148 3494 terra,
3178 3430 3245 3484 de.
3275 3448 3410 3501 pro-

1812 3514 2123 3582 pinquitate
2153 3515 2331 3585 deque
2363 3518 2536 3585 patris
2570 3517 2736 3572 domo
2782 3519 3074 3575 discedens
3113 3521 3165 3575 in
3202 3531 3408 3578 terram

1811 3620 1975 3673 quam
2016 3605 2160 3659 Deus
2191 3608 2518 3661 monstravit
2550 3619 2595 3672 ⁸,
2629 3607 2722 3677 qui
2768 3624 2796 3662 a
2842 3625 3010 3663 carne
3052 3626 3171 3665 sese
3207 3628 3409 3667 sccun—

1812 3694 1942 3747 dum
1971 3695 2220 3749 habitum
2252 3696 2608 3768 abrumpens,
2646 3708 2703 3755 et
2732 3708 2888 3755 extra
2922 3717 3042 3756 eam
3081 3702 3258 3758 factus
3284 3719 3411 3773 pas-

1815 3787 2031 3842 sionum
2076 3788 2336 3854 divortio,
2375 3792 2740 3863 scnsibusque
2784 3794 2998 3849 relictis
3038 3795 3253 3849 nullum
3285 3812 3406 3850 am-

1811 3879 1959 3948 plius
1983 3896 2083 3949 per
2106 3896 2203 3934 eos
2234 3883 2446 3951 peccati
2475 3900 2722 3939 errorem
2760 3886 3057 3955 recipiens,
3091 3888 3408 3944 sensibilis-

1812 3987 1920 4040 que
1964 3971 2149 4026 omnia
2198 3983 2653 4045 praetergressus,
2698 3992 2765 4030 ex
2808 3978 3015 4046 quibus
3060 3979 3257 4033 animm
3309 3996 3410 4049 per

1812 4080 2011 4118 sensus
2042 4064 2194 4119 fraus
2225 4066 2283 4120 ﬁt
2315 4074 2480 4135 atque
2524 4067 2729 4133 illusio,
2764 4069 2993 4139 solaque
3028 4080 3211 4125 mente
3254 4072 3406 4127 onmi

1811 4155 2082 4209 materiali
2116 4157 2338 4211 vinculo
2375 4158 2549 4213 libera
2603 4159 2657 4214 in
2689 4160 2933 4215 divinam
2972 4172 3139 4232 atque
3187 4163 3406 4217 beatam

1810 4243 2142 4311 cognitionis
2200 4257 2400 4299 terram
2461 4247 2745 4315 profectus
2798 4249 2959 4318 longe
3017 4249 3235 4317 lateque
3283 4266 3405 4303 eam

1811 4336 2039 4406 mystice
2087 4345 2362 4407 peragrat,
2394 4338 2485 4391 ubi
2519 4339 2814 4393 Dominum
2868 4350 3115 4393 nostrum
3164 4341 3409 4395 inveniet

1810 4435 1975 4494 atque
2008 4428 2178 4480 Deum
2228 4428 2415 4481 Jcsum
2447 4428 2751 4494 Christum,
2790 4430 2988 4484 bonam
3030 4431 3176 4483 illam
3211 4447 3406 4486 eorum

1810 4518 1904 4584 qui
1935 4518 2408 4591 ipsum‘vcrcnlur
2433 4520 2835 4585 hereditatem,
2862 4520 3170 4586 Christum,
3197 4522 3250 4575 in
3281 4522 3405 4578 lon-

1812 4609 2118 4679 gitudinem
2169 4609 2393 4681 quidem
2438 4610 2953 4681 incomparabilem
3016 4613 3100 4667 sui
3156 4628 3321 4668 causa
3376 4632 3407 4670 a

1815 4699 1996 4769 dignis
2026 4700 2208 4769 quoad
2243 4700 2359 4754 ﬁeri
2408 4709 2590 4770 potest
2632 4701 2777 4770 apud
2822 4703 3101 4767 homines,
3136 4705 3406 4773 prmdica-

1810 4797 1944 4852 tum,
1978 4791 2153 4844 nostri
2187 4806 2354 4846 causa
2386 4807 2519 4846 vero
2556 4793 2609 4849 in
2644 4792 2990 4847 latitudinem
3038 4795 3406 4865 gloriticatum

1807 4883 1875 4937 de
1911 4883 2322 4951 sapientissima
2353 4884 2475 4953 ejus
2502 4901 2622 4954 qmc
2650 4886 2834 4939 omnia
2861 4886 3253 4956 complectitur
3280 4904 3411 4957 pro-

1809 4975 2049 5027 videntia
2086 4973 2266 5044 deque
2321 4975 2631 5029 admirabili
2690 4976 2779 5030 illa
2832 4979 3137 5047 praesertim
3180 4989 3234 5033 ct
3284 4980 3409 5048 plus

1810 5082 1977 5136 quam
2012 5065 2280 5122 inelTabi-li
2317 5084 2417 5137 pro
2466 5068 2625 5123 nobis
2674 5071 3005 5134 oeconomia,
3038 5088 3227 5125 eorum
3266 5088 3407 5141 quo-

1813 5174 1921 5228 que
1971 5159 2174 5227 quibus
2220 5160 2491 5216 honorare
2540 5162 2832 5215 Dominum
2869 5162 3067 5216 didicit
3115 5163 3403 5217 modorum

1810 5251 1991 5304 active
2040 5251 2261 5305 interim
2298 5261 2354 5307 ct
2396 5254 2823 5323 contemplativa
2875 5253 3055 5307 factus
3104 5253 3402 5322 particeps,

1810 5342 2017 5411 quibus
2055 5343 2233 5398 modis
2262 5343 2493 5399 ﬁrmiter
2523 5345 2770 5399 sancitur
2808 5345 2900 5399 Dci
2935 5361 3091 5399 amor
3124 5352 3287 5414 atque
3315 5362 3404 5398 as-

1810 5434 2090 5489 similatio.
2128 5437 2212 5498 Et,
2252 5446 2312 5491 ut
2348 5438 2591 5492 breviter
2624 5437 2691 5491 de
2723 5438 2811 5492 his
2841 5436 3044 5501 dicam,
3078 5435 3123 5493 is
3150 5435 3244 5507 qui
3285 5453 3414 5490 car-

1810 5541 1937 5579 nem
1975 5534 2031 5579 et
2080 5542 2302 5583 sensum
2350 5538 2403 5584 et
2443 5529 2731 5593 mundum,
2762 5529 2906 5583 circa
2938 5544 3078 5599 quos
3109 5526 3309 5582 mentis
3334 5528 3405 5583 ad

1814 5617 2187 5690 intelligibilia
2227 5620 2286 5675 ﬁt
2314 5621 2542 5676 rclativa
2588 5622 2812 5688 solutio,
2857 5621 3033 5675 active
3078 5619 3403 5687 debellavit,

1422 5821 1651 5878 VAltl/E
1686 5821 1978 5882 LECTION
1986 5823 2087 5880 ES.
