3998 6396
164 426 286 498 1153
1362 427 1743 490 AMBIGUOI

1807 428 1884 488 ῙΜ
1926 430 2177 490 LIBER.
3244 435 3386 503 1154

161 541 352 609 Θεωρία
393 540 498 596 τοῦ
527 543 748 615 τρόπου
791 540 922 597 καθ’
976 539 1052 596 ὃν
1097 536 1251 608 ὑπὲρ
1296 539 1404 593 τὸν
1448 538 1715 607 φυσικὸν

1817 537 2202 611 Contemplatio
2236 540 2379 594 modi
2411 557 2512 611 quo
2541 542 2585 596 is
2617 543 2706 613 qui
2733 543 2851 605 Deo.
2869 560 2963 615 per
2983 547 3161 603 omnia
3194 550 3392 604 obtem-

222 630 306 682 καί
344 630 444 682 τὸν
472 632 740 700 γραπτὸν
781 630 970 700 νόμον
997 630 1225 699 γίνεται
1257 629 1289 682 d
1325 625 1424 682 διὰ
1465 625 1707 681 πάντων

1883 631 2145 700 peraverit
2190 636 2301 684 tam
2350 630 2654 687 naturalem
2704 650 2866 706 quam
2915 639 3171 708 scriptam
3224 639 3389 711 legem

220 718 289 784 τῷ
308 718 420 785 Θεῷ
452 722 775 790 γενόμενος
803 721 1109 790 εὐπειθής.
1534 739 1539 746 ·

524 722 775 790 νόμενος
803 721 1109 790 εὐπειθής.
1534 739 1539 746 ·
1877 731 2103 792 superet.

218 810 273 864 El
296 810 395 881 γὰρ
422 813 571 864 πᾶσα
612 815 645 882 ἡ
681 812 789 866 τῶν
817 814 989 866 ὄντων
1017 812 1178 880 φύσις
1217 814 1297 874 εἰς
1324 812 1393 872 τὰ
1418 812 1584 883 νοητὰ
1612 812 1708 865 καὶ

1876 812 2098 868 Etenim
2130 814 2176 868 si
2203 815 2385 870 omnis
2407 828 2592 871 rerum
2618 818 2897 885 naturain
2928 819 3296 891 intelligibilia
3324 838 3389 877 ac

145 903 213 956 τὰ
238 902 456 977 αἰσθητὰ
481 903 755 983 διῄρηται,
804 906 898 958 καὶ
933 904 1004 959 τὰ
1055 906 1153 975 μὲν
1188 904 1406 972 λέγεται
1437 906 1530 958 καὶ
1557 903 1706 958 ἐστιν

1809 904 2094 959 sensibilia
2135 905 2424 971 dividitur,
2456 915 2513 961 et
2550 908 2727 962 altera
2766 917 2821 963 et
2858 908 3126 964 dicuntur
3162 918 3218 965 et
3258 919 3388 967 sunt

144 994 342 1061 αίώνια,
390 995 465 1057 ὡς
501 996 559 1048 ἐν
607 996 763 1050 αἰῶνι
796 996 890 1050 τοῦ
919 994 1058 1050 εἶναι
1108 998 1381 1051 λαὸόντων
1414 997 1608 1067 ἀρχὴν,
1638 994 1706 1049 τὰ

1807 1003 2043 1060 aeterna,
2079 1003 2139 1049 ut
2185 996 2280 1064 qui
2325 996 2381 1050 in
2425 999 2735 1052 aeternitate
2779 998 3115 1054 exsistcntire
3161 1001 3386 1056 initium

140 1086 192 1139 δὲ
232 1086 465 1157 χρονικὰ,
522 1086 593 1147 ὡς
621 1089 678 1139 ὲν
723 1088 900 1158 χρόνῳ
960 1090 1327 1160 πεποιημένα,
1371 1088 1555 1142 καὶτὰ
1600 1089 1703 1163 ⁴μὲν

1808 1094 2111 1155 ceperunt,
2143 1072 2316 1141 altera
2349 1102 2482 1149 vero
2522 1090 2876 1157 temporalia,
2910 1097 3099 1159 utpote
3148 1091 3209 1144 in‘
3250 1100 3387 1146 tem-

139 1176 415 1230 ὑποπίπτει
473 1176 676 1246 νοήσει,
726 1178 794 1232 τὰ
844 1178 900 1231 δὲ
949 1180 1222 1250 αἰσθήσει,
1269 1178 1360 1233 διὰ
1388 1179 1486 1250 τὴν
1530 1177 1707 1232 ταῦτα

1806 1192 1943 1247 pore
1999 1177 2164 1243 facta,
2224 1178 2270 1234 si
2306 1180 2398 1234 illa
2464 1196 2632 1251 porro
2692 1181 3000 1236 intellectui
3064 1185 3381 1248 succidunt,

136 1267 373 1337 ἀλλήλοις
428 1268 868 1337 ἐπισφίγγουσαν
906 1270 1000 1323 τοῦ
1048 1272 1188 1325 κατὰ
1240 1271 1400 1340 φύσιν
1452 1272 1702 1342 σχετικοῦ

1806 1270 1924 1326 haec
1979 1272 2204 1337 sensui,
2283 1282 2510 1343 propter
2573 1273 3002 1343 inseparabilem
3057 1275 3204 1340 vim,
3267 1277 3385 1332 hac

137 1359 412 1430 ἰδιώματος
461 1361 658 1415 ἄλυτον
700 1363 932 1433 δύναμιν
991 1363 1183 1433 (πολλὴ
1240 1365 1349 1435 γὰρ
1390 1366 1423 1435 ἡ
1470 1365 1605 1434 πρὸς
1633 1364 1704 1418 τὰ

1804 1361 1952 1417 inter
1991 1378 2051 1418 se
2096 1364 2203 1418 sibi
2247 1365 2620 1434 copulantem,
2655 1367 3017 1435 proprietatis
3058 1369 3383 1423 naturaliter

131 1451 385 1522 νοούμενα
431 1451 541 1504 τῶν
600 1452 866 1506 νοούντων
897 1454 992 1507 καὶ
1047 1455 1182 1524 πρὶς
1227 1457 1298 1507 τὰ
1333 1455 1566 1524 αἰσθητά
1593 1454 1702 1510 τῶν

1803 1454 2046 1508 relativaa
2090 1455 2284 1521 (multa
2321 1456 2475 1510 enim
2519 1456 2586 1511 ad
2631 1457 2912 1512 intellecta
2957 1459 3382 1528 intelligentiam

126 1541 520 1611 αἰσθανομένων
548 1542 581 1613 ἡ
609 1544 814 1611 σχέσις,
849 1546 877 1596 ὁ
902 1544 959 1596 δὲ
1011 1544 1298 1615 ἄνθρωπος
1325 1545 1388 1598 ἐκ
1410 1546 1585 1616 ψυχῆς
1608 1545 1702 1598 καὶ

1803 1553 1886 1599 est
1918 1554 1974 1599 et
2005 1547 2073 1600 ad
2109 1548 2393 1602 sensibilia
2428 1548 2788 1603 sentientium
2825 1551 3048 1614 relatio,
3083 1551 3249 1606 homo
3279 1568 3382 1606 au-

124 1634 367 1705 σώματος
399 1638 687 1704 τυγχάνων
717 1636 1039 1706 αἰσθητικοῦ
1063 1638 1152 1691 διὰ
1183 1640 1282 1709 τῆς
1306 1639 1427 1692 κατ’
1460 1638 1699 1691 ἐπαλλα-

1802 1644 1913 1690 tem
1939 1653 2007 1691 ex
2031 1638 2214 1693 anima
2238 1647 2294 1693 et
2318 1623 2552 1709 corpore
2579 1642 2826 1695 sensibili
2854 1651 3116 1696 constans
3138 1642 3380 1697 naturali

122 1726 223 1795 τὴν
247 1727 377 1796 πρὸς
409 1728 650 1798 ἑκάτερα
680 1727 749 1780 τὰ
778 1728 879 1797 τῆς
910 1732 1140 1793 κτίσεως
1168 1731 1432 1800 τμήματα
1462 1731 1699 1801 φυσικῆς

1800 1738 1856 1780 et
1879 1736 2068 1781 mutua
2097 1727 2164 1781 ad
2192 1738 2479 1796 utramque
2506 1730 2848 1783 conditionis
2871 1740 3083 1798 partem
3112 1731 3378 1787 relatione

118 1816 352 1887 σχέσεώς
385 1834 444 1868 τε
470 1819 562 1870 καὶ
594 1818 854 1889 ἰδιότητος
898 1821 992 1872 καὶ
1028 1822 1431 1892 περιγράφεται
1462 1823 1555 1876 καὶ
1595 1839 1697 1875 πε-

1800 1826 1965 1886 atque.
2007 1821 2350 1888 proprietate
2394 1828 2503 1872 tam
2544 1820 3019 1875 circumscribitur
3058 1837 3220 1890 quam
3265 1823 3379 1875 cir-

117 1907 394 1975 ριγράφει,
443 1907 504 1960 τὸ
566 1907 666 1978 μὲν
728 1913 795 1980 τῇ
854 1911 1035 1982 οὐσία,
1095 1912 1155 1965 τὸ
1208 1913 1266 1966 δὲ
1327 1918 1391 1984 τῇ
1442 1914 1692 1985 δυνάμει,

1801 1911 2160 1975 cumscribit,
2196 1913 2435 1965 alterum
2482 1914 2756 1976 essentia,
2791 1914 3025 1967 alterum
3072 1922 3376 1983 potestate,

112 1997 295 2067 (157
328 1998 378 2068 θ)
414 1997 489 2062 ὡς
526 2002 639 2063 τοῖς
686 2000 881 2054 ἑαυτοῦ
928 2004 1065 2074 πρὸς
1096 2004 1270 2058 ταῦτα
1319 2006 1691 2077 διαιρούμενος

1800 2007 1989 2066 utpote
2017 1999 2100 2053 sui
2132 1999 2308 2067 ipsius
2336 2000 2589 2069 partibus
2616 2001 2669 2052 in
2699 2001 2815 2054 lucc
2843 2011 3152 2071 separatus,
3176 2011 3233 2055 et
3262 2003 3379 2058 haec

112 2090 329 2161 μέρεσι,
373 2090 467 2143 καὶ
504 2089 679 2144 ταῦτα
723 2092 812 2145 διὰ
865 2093 973 2146 τῶν
1014 2097 1233 2151 οἰκείων
1281 2098 1466 2168 μερῶν
1516 2100 1691 2170 ἐαυτῷ

1799 2105 1896 2159 per
1932 2091 2185 2158 proprias
2218 2100 2404 2159 partes
2436 2091 2756 2144 coadunans
2793 2101 2847 2146 et
2880 2092 3168 2146 attrahens
3207 2110 3220 2144 :
3266 2092 3378 2146 eir-

110 2179 230 2232 καθ⁹
255 2180 450 2234 ἕνωσιν
493 2182 874 2253 ἐπισπώμενος
899 2202 911 2216 ·
959 2189 1399 2258 περιγράφεσθαι
1453 2193 1559 2261 γὰρ
1584 2195 1689 2256 τοῖς

1797 2181 2200 2235 cumscribitur
2233 2180 2380 2235 enim
2419 2181 2863 2252 intelligibilibus
2899 2198 2963 2237 ac
2996 2182 3376 2249 sensibilibus,

110 2273 320 2338 νοητοῖς
351 2274 444 2325 καὶ
469 2266 771 2344 αἰσθητοῖς,
790 2276 864 2340 ώς
890 2277 1038 2348 ψυχὴ
1069 2282 1357 2349 τυγχάνων
1383 2284 1477 2337 καὶ
1510 2285 1688 2355 σῶμα,

1799 2273 2002 2345 guippc
2038 2276 2221 2328 anima
2256 2282 2341 2328 est
2375 2282 2431 2327 et
2465 2290 2690 2344 corpus,
2721 2272 2777 2328 et
2813 2274 3224 2329 circumscribit
3261 2275 3378 2329 haec

99 2363 200 2415 καὶ
229 2360 600 2435 περιγράφειν
649 2367 821 2421 ταῦτα
870 2369 1014 2422 κατὰ
1059 2369 1289 2440 δύναμιν
1320 2374 1584 2443 πέφυκεν,
1618 2376 1678 2440 ὡς

1799 2361 1863 2416 de
1901 2370 2192 2431 pot-estate,
2222 2362 2427 2432 quippe
2461 2362 2781 2431 intelligens
2812 2355 2869 2417 εἴ
2899 2364 3147 2418 sentiens
3181 2380 3195 2417 :
3233 2364 3378 2418 Deus

94 2453 239 2505 νοῶν
269 2454 367 2507 καὶ
395 2455 785 2526 αἰσθανόμενος
807 2474 820 2489 ⁸
854 2459 883 2510 ὁ
928 2459 983 2512 δὲ
1013 2459 1143 2524 Θεὸς
1172 2462 1360 2521 ἁπλῶς
1399 2466 1495 2520 καὶ
1536 2467 1673 2538 ἀορί-

1794 2470 1927 2510 vero
1972 2456 2299 2526 simpliciter
2343 2463 2400 2510 et
2442 2456 2657 2510 inﬁnite
2701 2472 2869 2525 super
2911 2471 3132 2511 omnem
3184 2473 3373 2512 rerum

90 2548 244 2609 στὼς
293 2546 433 2617 ὑπὲρ
464 2547 645 2605 πάντα
679 2550 749 2602 τὰ
783 2549 913 2604 ὄντα
962 2552 1102 2615 ἐστὶ,
1138 2554 1206 2606 τά
1260 2557 1584 2626 περιέχοντά
1631 2577 1669 2611 τι

1794 2555 2049 2601 naturam
2082 2556 2196 2609 est,
2234 2557 2341 2601 tam
2378 2562 2546 2616 super
2575 2563 2640 2602 ea
2674 2563 2797 2616 quae
2831 2547 3179 2602 circumdant
3206 2563 3373 2616 quam

86 2635 198 2688 καὶ
246 2637 615 2708 περιεχόμενα
662 2641 757 2692 καὶ
780 2641 900 2711 τὴν,
933 2636 1007 2695 ὧν
1037 2644 1137 2696 οὐκ
1169 2643 1296 2697 ἄνευ
1334 2647 1527 2711 ταῦτα,
1559 2649 1660 2719 χρό

1793 2652 1913 2706 quae
1952 2637 2370 2692 circumdantur
2406 2654 2685 2708 superque
2724 2648 2979 2693 naturam
3020 2654 3211 2694 eorum
3250 2640 3372 2694 sine

86 2744 191 2779 νου
237 2729 389 2798 φημὶ
433 2731 526 2785 καὶ
569 2729 763 2794 αἰῶνος
817 2736 910 2785 καὶ
940 2735 1106 2787 τόπου
1162 2736 1342 2805 φύσιν,
1387 2734 1469 2802 οἷς
1496 2740 1555 2792 τὸ
1582 2743 1665 2796 πᾶε

1793 2729 1996 2797 quibus
2028 2729 2144 2783 hinc
2174 2744 2285 2783 non
2318 2738 2467 2791 sunt,
2504 2729 2770 2799 temporis
2800 2729 2926 2784 dico
2959 2739 3015 2784 et
3045 2729 3372 2785 aeternitatis

84 2821 501 2891 περικλείεται,
550 2824 626 2887 ὡς
669 2827 805 2879 πᾶσι
831 2828 1112 2902 παντελῶς
1161 2829 1389 2899 ἄσχετος
1423 2829 1544 2901 ὢν),
1579 2832 1663 2902 dp:

1790 2825 1857 2872 et
1880 2816 2010 2881 loci,
2041 2818 2246 2887 quibus
2289 2818 2623 2873 universitas
2661 2817 3140 2879 circumcluditur,
3174 2828 3369 2887 utpote

85 2915 399 2984 σωφρόνως
440 2918 468 2969 ὁ
506 2917 758 2984 διαγνοὺς
809 2918 928 2981 πῶς
978 2920 1110 2989 ἐρᾷν
1144 2920 1237 2972 τοῦ
1268 2921 1403 2973 Θεοῦ
1436 2923 1538 2984 δεῖ,
1594 2923 1664 2976 τοί

1791 2910 1938 2963 omni
1970 2910 2035 2964 ad
2065 2910 2367 2979 quidquam
2395 2911 2664 2966 relatione
2687 2910 2935 2980 carens);
2959 2927 3089 2982 ergo
3111 2913 3206 2981 qui
3238 2929 3370 2982 pru-

80 3006 242 3076 ὐπερ
310 3007 471 3075 λόγον
526 3010 622 3062 καὶ
689 3009 893 3077 γνῶσιν
952 3010 1050 3062 καὶ
1111 3013 1291 3081 πάσης
1347 3013 1534 3076 ἁπλῶς
1590 3015 1655 3083 τῆ

1789 3002 1986 3079 denter
2023 3002 2280 3072 cognovit
2325 3003 2607 3071 quomodo
2658 3003 2831 3057 Deum
2880 3019 3064 3061 amare
3117 3003 3365 3068 deberet,

78 3099 427 3170 οἱασδήποτε
484 3102 805 3156 παντάπασι
865 3102 1123 3172 σχέσεως,
1187 3105 1531 3177 ἐξῃρημένου
1593 3126 1657 3162 κα

1788 3095 1881 3164 qui
1924 3093 2193 3148 rationem
2229 3102 2286 3148 et
2318 3093 2695 3163 cognitionem
2729 3101 2955 3163 superat
2987 3102 3040 3148 et
3073 3096 3365 3164 qualicun-

83 3189 341 3259 φύσεως,
392 3192 570 3245 πάντα
622 3193 690 3247 τὰ
720 3193 955 3264 αἰσθητὰ
1008 3196 1104 3249 καὶ
1143 3198 1310 3267 νοητὰ
1363 3199 1457 3251 καὶ
1507 3201 1662 3254 πάντι

1790 3199 1895 3252 que
1933 3183 2160 3237 omnino
2193 3183 2346 3237 omni
2382 3183 2649 3237 relatione
2683 3191 2739 3238 et
2768 3193 2967 3238 natura
3001 3184 3144 3238 liber
3174 3194 3288 3250 est,
3320 3187 3369 3241 is

84 3281 292 3352 χρόνον
327 3284 418 3335 καὶ
443 3283 615 3337 αἰῶνα
655 3285 750 3338 καὶ
784 3285 950 3339 τόπον
972 3287 1018 3317 ⁸⁸
1058 3287 1301 3355 ἀσχέτως
1352 3290 1663 3358 παρελεύσει

1788 3275 1971 3329 omnia
2006 3274 2290 3328 sensibilia
2326 3284 2492 3343 atque
2526 3273 2897 3344 intelligibilia
2933 3282 2989 3329 et
3019 3291 3181 3330 omne
3225 3284 3364 3332 tem-

84 3388 206 3435 ται,
242 3372 339 3424 καὶ
381 3373 562 3442 πάσης
605 3373 914 3429 τελευταῖον
957 3376 1085 3446 ὅλης
1134 3377 1236 3446 τῆς
1270 3380 1389 3431 κατ’
1432 3380 1663 3452 αἴσθησιε

1787 3381 1890 3435 pus
1923 3374 1978 3419 et
2009 3365 2375 3419 :eternitatcm
2410 3373 2467 3418 et
2500 3365 2682 3418 locum
2720 3365 2839 3419 sine
2873 3366 3140 3420 relatione
3182 3374 3366 3421 trans-

85 3464 188 3517 καὶ
253 3463 417 3531 λόγον
482 3465 574 3518 καὶ
615 3460 753 3519 νοῦν
797 3468 1081 3538 ἐνεργείας
1139 3470 1330 3522 ἑαυτὸν
1386 3469 1664 3542 ὖπερφυῶς

1787 3459 2090 3528 gredietur,
2125 3465 2180 3513 et
2220 3458 2370 3511 omni
2411 3457 2635 3511 demum
2680 3473 2744 3511 ac
2786 3467 2896 3512 tota
2939 3469 2994 3513 et
3033 3461 3271 3513 sensuali
3310 3469 3366 3515 et

80 3554 503 3625 ἀπογυμνώσεις
535 3557 811 3628 νάῤῥήτως
858 3575 917 3609 τε
946 3558 1040 3611 καὶ
1072 3557 1367 3626 ἀγνώστως
1415 3561 1515 3631 τῆς
1546 3563 1659 3632 ὑπὲι

1787 3550 2039 3605 rationali
2084 3559 2141 3604 et
2179 3550 2542 3603 intellectuali
2582 3549 2799 3604 actione
2844 3550 3004 3618 plane
3049 3551 3366 3627 denudatus

77 3648 253 3714 λόγον
284 3647 383 3700 καὶ
411 3648 536 3701 νοῦν
561 3647 713 3712 θείας
743 3650 1111 3720 τερπνὸτητος
1156 3649 1523 3717 ἐπιτεύξεται,
1558 3653 1656 3706 καθ

1784 3641 2141 3696 ineii‘abiliter
2173 3651 2229 3696 et
2262 3640 2906 3709 incomprehensibiliter
2939 3640 3208 3706 divinam,
3239 3658 3363 3711 quae

77 3739 148 3791 ὃν
182 3735 292 3790 οἶδε
323 3739 528 3809 τρόπον
556 3757 615 3791 τε
648 3741 743 3793 καὶ
787 3740 943 3809 λόγον
982 3741 1009 3792 ὁ
1042 3741 1142 3812 τὴν
1172 3742 1427 3814 τοιαύτην
1476 3742 1648 3814 δωρού

1786 3732 2018 3785 verbum
2052 3741 2108 3785 et
2141 3731 2483 3785 intellectum
2520 3740 2816 3799 superata,
2850 3730 3187 3799 voluptatem
3224 3747 3361 3785 eon-

84 3844 262 3896 μενος
285 3829 450 3899 χάριν
495 3829 627 3891 Θεὸς
655 3832 748 3884 καὶ
792 3832 842 3884 οἱ
888 3833 1093 3901 ταῦτην
1132 3833 1446 3905 παράΘεοῧ
1499 3834 1663 3889 λαὸεἰε

1788 3830 2072 3893 sequetur,
2109 3823 2322 3877 ratione
2363 3832 2419 3877 et
2459 3822 2623 3875 modo
2668 3837 2832 3890 quem
2881 3822 3089 3874 norunt
3131 3823 3225 3891 qui
3268 3823 3363 3877 dat

73 3917 441 3984 ἀξιωθέντες,
473 3918 657 3972 οὐκέτι
705 3920 857 3974 οὐδὲν
894 3921 1122 3989 φυσικὸν
1164 3921 1196 3992 ἥ
1227 3919 1472 3993 γραπτὸν
1505 3925 1652 3978 ἐαυτί

1787 3915 2054 3986 ejusmodi
2091 3914 2320 3985 gratiam
2352 3914 2499 3967 Deus
2532 3921 2585 3967 et
2621 3912 2697 3966 illi
2727 3912 2820 3980 qui
2861 3928 2979 3991 eam
3014 3928 3043 3965 a
3079 3912 3189 3965 Deo
3219 3914 3364 3967 acci-

75 4009 678 4080 συνεπικομιζόμενος,
735 4012 955 4083 πάντων
1003 4006 1152 4082 αὐτῷ
1203 4010 1312 4066 τῶν
1356 4014 1654 4086 λεχθῆναιὶ

1786 4022 1915 4076 pere
1960 4015 2312 4071 meruerunt,
2344 4020 2446 4058 nec
2494 4003 2749 4057 naturale
2795 4002 2927 4070 quid
2978 4002 3216 4071 amplius
3260 4019 3361 4057 nec

68 4100 408 4172 γνωσθῆναι
455 4102 769 4179 δυναμένων
802 4104 1083 4167 παντελῶς
1127 4104 1546 4177 ὑπερϐαθέντων
1587 4120 1647 4160 κο

1786 4098 2057 4166 scriptum
2106 4112 2291 4154 secum
2344 4097 2557 4160 ferens,
2595 4103 2883 4165 postquam
2936 4094 3195 4147 universa
3241 4109 3363 4162 quae

70 4194 636 4260 κατασιγασθέντων.
786 4236 797 4245 ,

1785 4188 1893 4241 dici
1925 4189 1975 4242 ci
2003 4197 2098 4243 aut
2121 4188 2374 4257 cognosci
2407 4193 2731 4257 potuerunt,
2756 4194 3016 4255 superata
3045 4194 3175 4238 sunt
3198 4194 3362 4253 atque

757 4263 771 4286 δ
1027 4281 1031 4285 .
1817 4279 1828 4286 .
1838 4280 1849 4286 -
1956 4272 1969 4286 ι
2074 4278 2087 4286 .
2142 4279 2154 4286 .
2642 4274 2651 4280 -

1785 4272 2008 4332 silentio
2038 4278 2344 4348 obsignata.

66 4454 315 4521 Θεωρία
359 4456 449 4521 εις
506 4456 572 4510 τὸ
631 4456 765 4526 περὶ
811 4456 917 4511 τοῦ
972 4457 1347 4525 ἐμπεσόντος
1395 4459 1483 4524 εὶς
1533 4456 1640 4511 τοὺ

1786 4451 2171 4524 Contemplatio
2200 4452 2255 4505 in
2287 4451 2567 4521 Evangelii
2595 4448 2789 4502 dictum
2821 4448 2883 4500 de
2913 4464 2972 4500 ea
2998 4449 3089 4517 qui
3115 4449 3166 4500 in
3197 4448 3360 4501 latro-

408 4542 647 4613 λῃστὰς
656 4545 847 4613 ῥητὸν
868 4530 972 4599 τοῦ
1005 4547 1392 4614 Εὐαγγελίου.
1531 4611 1537 4616 ,

2379 4559 2468 4596 nes
2498 4543 2677 4596 incidit
2699 4540 2746 4593 ι’.
3304 4530 3310 4537 θ

133 4635 267 4691 Καὶ
297 4634 445 4704 τάχα
489 4637 646 4689 τοῦτό
676 4632 792 4689 ἐστι
825 4637 885 4688 τὸ
933 4639 1046 4700 τοῖς
1087 4636 1320 4690 δοθεῖσιν
1378 4636 1471 4690 ἐπὶ
1509 4636 1675 4707 θερα-
1711 4678 1712 4682 η

1851 4637 1930 4691 Ac
1969 4634 2202 4690 fortasse
2239 4634 2345 4688 hoc
2384 4633 2529 4703 quod
2575 4633 2717 4687 datis
2758 4633 2812 4686 in
2857 4631 3196 4686 curationem
3239 4632 3360 4702 ejus

55 4730 204 4799 πειτα.
258 4726 363 4780 τοῦ
406 4729 629 4801 λῃσταῖς
699 4728 1092 4797 περιπεσόντος
1133 4726 1253 4781 δυσὶ
1302 4728 1576 4800 δηναρίοις
1619 4731 1634 4782 ἐ

1782 4730 1875 4800 qui
1907 4730 1963 4782 in
1996 4729 2240 4782 latrones
2271 4726 2544 4799 inciderat
2570 4721 2789 4779 duobus
2820 4724 3062 4778 denariis
3091 4724 3145 4776 in
3176 4724 3361 4777 diver-

47 4822 130 4891 τῷ
178 4816 512 4889 πανδοκείῳ
567 4820 718 4888 παρὰ
774 4818 869 4871 τοῦ
927 4820 1135 4889 Κυρίου
1164 4818 1243 4889 τῷ
1296 4818 1626 4889 ἐπιμελεῖσθε

1783 4821 1932 4874 surio
1973 4835 2002 4874 a
2045 4818 2278 4873 Domino
2313 4820 2364 4871 ei
2401 4817 2491 4871 oui
2529 4833 2660 4870 cura
2694 4816 2935 4870 hominis
2970 4814 3362 4885 injungebatur

47 4910 442 4980 κελευομένη)
488 4900 1043 4982 προσδαπανώμενον,
1072 4911 1221 4983 ,ὅπερ
1274 4913 1367 4963 καὶ
1398 4910 1586 4981 (158
1621 4937 1626 4963 ι

1782 4912 2090 4981 impensum
2124 4916 2230 4972 est,
2261 4908 2408 4976 quod
2444 4907 2607 4961 etiam
2643 4923 2701 4961 se
2738 4907 2996 4960 daturum
3030 4921 3152 4960 esse
3184 4905 3237 4958 in
3274 4921 3360 4959 re.-

47 5024 59 5071 ί
84 5000 396 5070 ιλοτίμως
427 5000 856 5071 ἐπανερχόμενος
874 5002 901 5054 ὁ
935 5000 1138 5073 Κύριος
1165 5000 1359 5054 δώσειν
1387 5003 1626 5071 ὑπέσχετε

1781 5003 1900 5058 ditu
1934 5002 2199 5056 Dominus
2235 5000 2541 5054 liberaliter
2569 5000 2849 5068 pollicitus
2883 5008 2987 5062 est,
3016 5012 3200 5051 rerum
3235 5012 3360 5066 qua:

47 5118 56 5168 ι
140 5094 260 5148 διὰ
318 5092 558 5155 πίστεως
602 5094 863 5163 γινομένη
920 5091 1191 5163 παντελὴς
1246 5092 1360 5144 τῶν
1405 5093 1574 5146 ὄντων
1618 5096 1626 5145 i

1779 5102 1911 5151 sunt
1946 5093 2197 5147 absoluta
2234 5106 2333 5160 per
2363 5091 2525 5144 ﬁdem
2561 5091 2617 5143 in
2653 5090 2912 5159 perfectis
2951 5088 3229 5142 abdicatio
3270 5093 3358 5141 est

54 5192 170 5252 οἷς
217 5184 467 5243 τελείοις
513 5186 804 5256 ἀφαίρεσις
843 5186 1001 5254 (φησὶ
1029 5186 1137 5256 γὰρ
1165 5188 1194 5239 ὁ
1224 5185 1633 5256 Κύριος·”οστι

1781 5188 1879 5257 (ait
1922 5185 2069 5239 enim
2112 5183 2380 5237 Dominus
2429 5200 2441 5235 :
2489 5180 2591 5247 Qui
2635 5196 2736 5233 non
2786 5180 3056 5231 renuntiat
3098 5177 3358 5229 imivcrsa!

61 5283 165 5331 ίικ
204 5274 640 5329 ἀποτάσσεται
689 5273 842 5331 πᾶσι
884 5274 1009 5339 τοῖς
1056 5273 1437 5342 ὑπάρχουσιν
1464 5272 1640 5326 αὐτοί

1776 5293 1888 5333 ante
1923 5276 2262 5348 possessioni,
2296 5290 2399 5327 non
2434 5281 2599 5343 potest
2626 5280 2741 5325 ’βεδε
2775 5286 2918 5323 mens
2954 5266 3236 5337 disci;.~nlus
3260 5267 3352 5335 ε),

60 5374 105 5423 ὑ
138 5366 445 5421 δύναταί
485 5384 605 5435 μου
655 5363 809 5421 εἶναι
855 5364 1173 5436 μαθητὴς),
1225 5364 1347 5418 καθ’
1388 5365 1456 5436 ἢν
1514 5365 1639 5417 πάν(

1780 5367 2083 5422 secnmlnm
2119 5380 2281 5434 quam
2316 5364 2497 5416 omnia
2534 5377 2653 5416 sese
2688 5368 2810 5419 aut.
2840 5360 2985 5428 quod
3020 5358 3205 5412 dicere
3239 5372 3353 5410 ma-

47 5458 275 5518 αι)τοῦ
348 5457 384 5530 ἢ
458 5458 650 5512 έαυτδν
706 5448 922 5513 πάντων
1004 5458 1407 5529 ἀφαιρούμενος
1496 5459 1626 5510 simi

1778 5459 1862 5529 gis
1892 5461 2174 5518 usitatum,
2203 5472 2322 5510 sese
2356 5454 2613 5508 ortinibus
2646 5452 2905 5506 nudanth
2939 5448 3031 5520 qui
3067 5447 3353 5519 sapientiae

48 5550 442 5621 Ξκειότερον,
503 5550 532 5603 ὁ
580 5552 680 5621 τῆς
747 5550 939 5619 σοφίας
1007 5549 1200 5605 ἑαυτὸν
1271 5550 1511 5620 ἐραστὴν
1574 5565 1627 5601 κς

1779 5549 1952 5603 amori
1985 5565 2043 5603 se
2071 5548 2281 5603 dedidit
2313 5538 2435 5601 cum
2472 5546 2589 5600 solo
2619 5546 2730 5599 Deo
2763 5542 3078 5598 conversari
3115 5537 3347 5594 merebi-

105 5678 144 5707 a
189 5663 456 5734 Philipp.
499 5679 572 5731 Iv,
612 5664 665 5718 7.
748 5662 774 5702 δ
798 5662 932 5717 Luc.
970 5679 997 5716 x
1028 5704 1041 5729 ,
1075 5660 1162 5716 EO.
1244 5673 1266 5701 π
1299 5662 1433 5749 line.
1464 5676 1564 5725 xxv,
1589 5659 1680 5719 55.

1394 5753 1625 5809 unus
1658 5749 2093 5827 .LECTlONES.

87 5817 159 5850 ⁸⁸
208 5829 312 5896 αἱς
342 5830 511 5882 τόπον
545 5826 668 5883 cod.
698 5825 839 5883 Gud.
