3998 6410
497 490 715 556 Θεωρία
760 490 846 552 είς
884 490 987 542 τόν
1026 490 1294 558 Μωϋσίξν
1334 491 1432 544 καί
1478 491 1581 546 τὸν
1635 493 1857 546 Ἠλίαν.

454 603 535 658 ‘A'.
588 604 697 656 Καὶ
728 603 944 674 πρῶτον
1000 605 1102 675 μὲν
1147 606 1246 677 τὴν
1290 606 1421 676 περὶ
1458 606 1552 660 τοῦ
1598 607 1709 660 δεῖν
1745 608 1962 668 πάντως

384 698 624 748 συνεῖναι
653 693 729 764 τῷ
760 695 919 765 Λόγῳ
947 698 1039 750 καὶ
1070 698 1190 768 Θεῴ
1214 700 1304 750 τόν
1332 716 1391 750 τε
1420 698 1466 727 ⁸⁸⁸
1495 699 1717 767 νομικὸν
1751 699 1846 750 καὶ
1874 700 1965 751 τὸν

383 787 727 856 προφητικὸν
763 787 920 855 λόγον
962 788 1051 844 διὰ
1079 791 1362 852 Μωϋσέως
1387 791 1483 843 καὶ
1530 789 1712 843 Ἡλίου
1745 789 1965 843 εύσεόεο

385 880 589 945 στᾶτην
620 878 927 947 ἐλάμϐανον
958 879 1188 945 ἔννοιαν,
1242 880 1318 944 ὡς
1371 878 1431 946 ἐξ
1482 881 1644 934 αὑτοῦ
1697 881 1790 933 καὶ
1835 879 1964 949 περὶ

380 968 551 1023 αὐτοῦ
579 971 673 1024 καὶ
694 971 852 1035 ὄντας
884 972 979 1025 καὶ
1020 966 1491 1041 ἀπαγγέλλοντας,
1521 975 1616 1027 καὶ
1640 972 1770 1045 περὶ
1801 973 1964 1026 αὐτὸν

385 1062 723 1132 ἱδρυμένους.

454 1153 529 1206 Β’.
578 1149 710 1206 Εἶτα
759 1154 951 1223 σοψίαν
987 1156 1080 1208 καὶ
1125 1156 1468 1227 χρηστότητα
1504 1154 1769 1209 συνοῦσαν
1813 1152 1964 1226 αὐτῷ

377 1245 472 1298 διὰ
511 1246 619 1298 τῶν
653 1247 834 1299 αὐτῶν
866 1248 1235 1314 ἐπαιδεύοντο,
1263 1251 1362 1320 τὴν
1400 1251 1498 1320 μὲν
1526 1251 1609 1304 ὅτι
1641 1248 1763 1303 κατ’
1793 1248 1964 1319 αὐτὴν

376 1336 796 1409 διαγορευτικός
838 1340 1097 1394 ἐστι’τῶν
1127 1342 1397 1412 ποιητέων
1439 1344 1468 1396 ὁ
1505 1342 1663 1409 λόγος
1687 1381 1702 1407 ,
1729 1342 1823 1394 καὶ
1855 1344 1963 1394 ἀπ·

378 1430 738 1500 αγορευτικδς
775 1430 884 1483 τῶν
932 1433 995 1485 οὐ
1032 1434 1344 1501 ποιητέων,
1404 1430 1474 1506 ἧς
1527 1434 1697 1497 τύπος
1746 1435 1962 1504 ὑπῆρχε

380 1522 625 1591 Μωῦσῆς
663 1524 881 1591 (σοφίας
917 1524 1026 1595 γὰρ
1056 1525 1154 1594 τὴν
1181 1524 1280 1593 τῆς
1327 1525 1650 1596 νομοθεσίας
1681 1522 1823 1579 εἶναι
1870 1541 1962 1577 πι-

380 1612 648 1683 στεύομεν
683 1614 892 1685 χάριν),
925 1615 1022 1684 τὴν
1062 1616 1116 1669 δὲ
1153 1617 1235 1670 ὅτι
1274 1618 1394 1670 κατ’
1427 1618 1597 1686 αὐτὴν
1633 1633 1963 1688 προτρεπτι-

378 1709 477 1772 κός
509 1713 624 1764 ἐστι
660 1711 755 1763 καὶ
793 1714 1219 1783 ἐπιστρεπτικδς
1266 1714 1403 1782 πρὸς
1452 1713 1551 1783 τὴν
1600 1714 1752 1766 Θείαν
1795 1713 1960 1783 ζωὴν,

378 1802 491 1854 τῶν
550 1804 721 1872 αὐτῆς
781 1805 1308 1874 ἀπολισθησάντων,
1363 1797 1432 1878 ἧς
1482 1805 1654 1869 τύπος
1714 1805 1960 1875 ὑπῆρχεν
1992 1827 2035 1883 Β

395 1892 601 1956 Ἠλίας,
633 1894 699 1947 δι’
729 1896 923 1948 ἑαυτοῦ
963 1896 1084 1950 ὅλον
1124 1898 1186 1949 τὸ
1228 1896 1567 1967 προφητικὸν
1596 1897 1770 1966 δηλῶν
1800 1897 1959 1967 χάρι-

382 2005 516 2058 σμα.
550 1988 728 2059 (16],
776 1988 831 2059 τι)
875 1990 1257 2061 Χρηστότητος
1296 1990 1405 2061 γὰρ
1447 1990 1600 2053 Θείας
1660 1990 1791 2042 ἴδιον
1821 1988 1962 2058 γνὼ-

384 2082 702 2153 ρισμα,τῶν
730 2081 1168 2152 πεπλανημένων
1193 2083 1225 2152 ἡ
1253 2082 1387 2151 μετὰ
1409 2080 1819 2150 φιλανθρωπίας
1844 2084 1961 2134 ἑπι-

382 2175 614 2246 στροφὴ,
654 2169 723 2246 ἦς
780 2176 1033 2244 κήρυκας
1088 2176 1216 2239 τοὺς
1256 2177 1545 2245 προφήτας
1593 2174 1958 2242 γινώσκομεν.

453 2265 526 2318 Γ.
560 2267 631 2318 ἿΙ
664 2265 867 2333 γνῶσιν
896 2264 992 2317 καὶ
1027 2262 1299 2328 παιδείαν,
1331 2264 1429 2335 τὴν
1468 2264 1565 2333 μὲν
1598 2264 1680 2315 ὅτι
1703 2262 1867 2315 καλοῦ
1903 2279 1960 2314 τε

382 2357 478 2409 καὶ
500 2358 671 2409 κακοῦ
701 2359 802 2425 τῆς
830 2357 1089 2426 εἰδήσεως
1111 2359 1222 2418 τοῖς
1239 2356 1545 2427 ἀνθρώποις
1566 2355 1799 2424 ὑπάρχει
1818 2370 1959 2425 παρ-

379 2447 622 2508 εκτικός.
680 2447 916 2500 Δέδωκα
959 2447 1088 2516 γὰρ,
1151 2447 1306 2516 φησὶ,
1340 2448 1455 2514 πρὸ
1484 2445 1809 2516 προσώπου
1844 2462 1961 2499 σου

384 2540 503 2606 τὴν
549 2539 701 2607 ζωὴν
733 2542 830 2593 καὶ
891 2540 998 2594 τὸν
1029 2540 1310 2606 θάνατον,
1345 2542 1430 2609 ἐφ’
1458 2533 1503 2609 ᾧ
1545 2542 1641 2610 τὴν
1693 2539 1790 2608 μὲν
1821 2539 1961 2591 ἑλεῖν

379 2633 674 2704 αἱρεῖσθαι,
709 2633 801 2685 τὸν
844 2632 900 2685 δὲ
933 2637 1147 2700 φυγεῖν,
1187 2634 1279 2685 καὶ
1314 2633 1388 2703 μὴ
1423 2632 1499 2695 ὡς
1533 2631 1683 2701 καλῴ
1725 2647 1959 2702 περιπε-

380 2728 496 2777 σεῖν
524 2723 580 2789 ἐξ
607 2722 831 2791 ἀγνοίας
862 2723 941 2793 τῷ
963 2724 1189 2793 χείρονι,
1223 2725 1359 2793 ὅπερ
1390 2723 1629 2791 Μωῦσῆς
1663 2720 1961 2791 πεπραχὼς

377 2815 764 2887 ἀνηγόρευται,
800 2815 1093 2887 προτυπῶν
1138 2818 1195 2869 ἐν
1246 2814 1424 2885 ἐαυτῷ
1468 2815 1564 2884 τῆς
1602 2814 1861 2885 ἀληθείας
1892 2814 1963 2867 τὰ

380 2907 651 2976 σύμϐολα’
687 2907 785 2976 τὴν
826 2907 884 2960 δὲ
917 2908 999 2960 ὅτι
1030 2908 1140 2960 τῶν
1170 2910 1283 2970 τοῖς
1308 2906 1569 2970 ἐναντίοις
1600 2907 1794 2977 ἀνέδην
1815 2924 1960 2978 χρω-

383 2998 561 3068 μένων
593 3000 736 3051 κατά
762 2998 855 3051 τὸν
891 2998 1132 3068 Ἰσραὴλ,
1169 2991 1231 3052 οῦ
1261 2998 1561 3067 παιδευτὴς
1597 2996 1784 3060 Ἠλίας
1814 2998 1841 3049 ὁ
1867 2996 1963 3067 μέ-

381 3107 487 3159 γας
509 3089 747 3157 ἐγένετο,
783 3091 878 3143 καὶ
908 3090 1215 3159 μιγνύντων
1257 3090 1588 3159 ἀδιακρίτως
1630 3087 1698 3141 τὰ
1729 3087 1958 3157 ἄμικτα,

1624 374 2147 444 ΛΜΒῘΟΗΟΒΗΜ
2190 386 2439 449 LIBER.

3511 395 3646 465 1162

2343 496 2730 571 Contemplatio
2768 504 2821 556 in
2852 503 3062 574 Moysen
3085 513 3133 558 et
3164 504 3363 562 Ellam.

2139 609 2177 662 Ι.
2218 608 2394 679 Atque
2418 612 2658 681 primum
2689 614 2915 685 quidem
2955 615 3025 671 de
3080 632 3148 672 eo
3205 618 3353 688 quod
3393 618 3645 675 Sermoni

2067 714 2131 753 ac
2166 702 2280 756 Deo
2316 706 2460 760 ratio
2492 715 2601 761 tam
2626 708 2823 778 legalis
2859 724 3023 776 quam
3057 711 3383 779 prophetica
3411 712 3647 768 deberet

2066 790 2257 846 adesse
2293 808 2394 862 per
2420 794 2640 866 Moysen
2664 806 2831 867 atque
2854 797 3029 852 Eliam
3055 799 3358 868 piissimam
3380 811 3648 871 ceperunt

2048 882 2371 949 notionem,
2417 895 2480 941 ut
2512 901 2655 956 quae,
2696 902 2766 941 ex
2792 903 2861 942 eo
2882 896 2941 942 et
2970 887 3039 943 de
3061 904 3130 944 eo
3164 898 3274 944 tam
3314 893 3649 949 exsisterent.

2065 989 2230 1044 quam
2266 976 2683 1044 denuntiarent,
2712 988 2769 1034 et
2796 981 2944 1035 circa
2976 997 3103 1036 eum
3127 981 3407 1038 collocatae
3436 996 3643 1040 essent.

2136 1150 2202 1208 II.
2227 1152 2437 1211 Deinde
2469 1156 2794 1226 sapientiam
2817 1168 2983 1229 atque
3005 1160 3354 1216 clementiam
3378 1160 3429 1216 ei
3452 1159 3646 1217 adesse

2064 1256 2166 1311 per
2196 1244 2420 1299 eosdem
2457 1245 2770 1311 discebant,
2806 1250 3036 1303 alteram
3081 1250 3211 1319 quia
3245 1267 3345 1319 per
3379 1252 3524 1306 hanc
3552 1267 3648 1306 eo-

2065 1349 2187 1388 rum
2216 1351 2338 1405 qum
2375 1335 2625 1393 facienda
2658 1339 2985 1409 imperativa
3023 1349 3108 1396 est
3139 1342 3303 1405 ratio,
3346 1348 3403 1395 et
3453 1340 3645 1411 probi-

2065 1424 2235 1481 bitiva
2261 1443 2456 1483 eorum
2492 1445 2614 1499 quae
2642 1446 2753 1485 non
2782 1439 2915 1485 sunt
2946 1430 3222 1494 facienda,
3273 1434 3432 1503 cujus
3466 1433 3645 1501 imago

2066 1517 2280 1590 Moyses
2312 1529 2433 1574 erat
2463 1519 2611 1591 (nam
2639 1521 2925 1592 sapientia;
2950 1538 3074 1578 esse
3120 1524 3490 1594 legislationis
3518 1539 3646 1594 gra-

2067 1609 2197 1663 tiam
2231 1610 2527 1681 credimus)
2561 1654 2576 1679 ,
2612 1613 2843 1667 alteram
2886 1627 3021 1667 vero
3054 1612 3295 1668 invitare
3329 1624 3499 1684 atque
3544 1615 3646 1670 ad-

2066 1701 2275 1756 hortari
2314 1700 2382 1756 ad
2417 1702 2660 1757 divinam
2697 1703 2869 1758 vitam
2913 1718 3012 1758 eos
3054 1704 3151 1773 qui
3201 1718 3266 1758 ea
3310 1704 3642 1762 exciderint.

2064 1793 2224 1862 cujus
2252 1791 2430 1862 imago
2453 1802 2573 1847 erat
2599 1792 2770 1856 Elias,
2801 1793 3186 1863 propheticam
3237 1808 3404 1849 omne
3456 1810 3555 1864 per
3586 1809 3645 1849 se

2064 1883 2384 1955 signiﬁcans
2427 1885 2680 1956 gratiam.
2722 1885 3045 1943 Clementiae
3067 1885 3215 1940 enim
3262 1885 3465 1941 divina:
3515 1901 3645 1955 pro-

2062 1975 2247 2045 prium
2288 1974 2503 2044 insigne
2553 1984 2637 2031 est
2674 1976 2994 2031 adhortatio
3024 1992 3146 2045 qua:
3174 1974 3237 2032 ﬁt
3286 1991 3413 2030 cum
3454 1977 3648 2030 huma-

2062 2071 2236 2125 nitate
2292 2077 2349 2123 et
2394 2068 2763 2138 indulgentia,
2815 2068 2975 2143 cujus
3023 2081 3308 2137 praecones
3350 2067 3647 2137 prophetas

2063 2162 2342 2216 novimus.

2129 2254 2218 2308 IlI.
2249 2253 2342 2307 Vel
2366 2251 2738 2321 cognitionem
2757 2260 2813 2307 et
2843 2249 3240 2315 eruditionem,
3264 2251 3496 2305 alteram
3527 2250 3650 2320 qui-

2063 2342 2188 2398 dem
2221 2343 2368 2413 quod
2388 2343 2518 2397 boni
2554 2357 2620 2397 ac
2647 2342 2776 2396 mali
2823 2341 3113 2397 scientiam
3154 2342 3476 2399 hominibus
3505 2325 3647 2412 prs:-

2062 2442 2171 2489 stat
2208 2452 2219 2485 :
2249 2434 2386 2488 Dedi
2412 2435 2573 2497 enim,
2619 2433 2821 2503 inquit,
2854 2450 3035 2487 coram
3083 2434 3221 2503 facie
3268 2441 3360 2489 tua
3403 2436 3565 2489 vitam
3599 2443 3650 2488 et

2062 2536 2284 2582 mortem
2313 2525 2363 2590 ιι,
2397 2527 2628 2581 alteram
2654 2525 2723 2580 ad
2744 2525 3085 2595 eligendum,
3127 2526 3356 2581 alteram
3384 2526 3452 2580 ad
3490 2525 3647 2581 devi-

2062 2619 2314 2683 tandum,
2340 2627 2396 2673 et
2419 2633 2490 2673 ne
2512 2633 2580 2672 ex
2610 2616 2920 2687 ignorantia
2948 2629 3049 2686 pro
3076 2617 3222 2671 bono
3243 2616 3418 2688 pejori
3442 2633 3501 2673 se
3522 2617 3649 2686 quis

2065 2709 2279 2775 induat,
2314 2709 2367 2763 id
2392 2708 2538 2779 quod
2565 2706 2782 2779 Moyses
2814 2705 3012 2762 fecisse
3046 2708 3401 2762 renuntiatus
3420 2717 3645 2772 est,ve-

2062 2801 2245 2857 ritatis
2260 2801 2505 2872 symbols
2522 2800 2577 2854 in
2600 2815 2659 2853 se
2674 2798 3066 2868 praeformans;
3094 2800 3326 2854 alteram
3342 2815 3477 2854 vero
3490 2800 3640 2870 quod

2062 2908 2254 2949 eorum
2275 2893 2328 2947 in
2347 2891 2534 2957 Israel,
2562 2892 2721 2961 cujus
2743 2898 3050 2960 praaceptor
3086 2906 3317 2961 magnus
3337 2891 3483 2945 Elias
3506 2899 3642 2957 erat,

2062 2987 2154 3058 qui
2178 2987 2353 3058 palam
2379 2994 2435 3040 et
2458 2984 2808 3054 impudenter
2837 2983 3249 3039 contrariorum
3268 2998 3426 3038 usum
3448 2998 3651 3053 seque-

2063 3080 2267 3133 bantur
2310 3074 2725 3146 separandaquc
2767 3073 3154 3129 indill‘erenter
3203 3073 3653 3130 ceniundebant.

378 3182 480 3252 τῆς
511 3181 834 3251 ἀδιαφορίας
874 3182 994 3235 ἐστὶ
1034 3181 1379 3245 κολαστικὸς,
1413 3181 1506 3234 καὶ
1534 3179 1643 3232 τῶν
1679 3178 1959 3242 παντελῶς

2072 3176 2280 3225 coercet
2312 3166 2783 3229 indill‘erentiam,
2827 3172 2884 3220 et
2932 3165 3080 3235 quod
3134 3181 3328 3220 eorum
3371 3167 3465 3235 qui
3502 3166 3648 3220 malo

378 3272 458 3341 τῷ
492 3272 651 3343 κακῴ
675 3273 1149 3344 προστεθειμένων
1176 3274 1275 3343 τὴν
1301 3274 1486 3327 ἄνοιαν
1521 3272 1614 3323 καὶ
1640 3269 1737 3338 τὴν
1763 3269 1958 3341 πώρω-

382 3383 467 3417 σιν
492 3366 571 3428 εἰς
603 3365 813 3418 ἔννοιαν
841 3364 1012 3432 ἄγων,
1049 3364 1123 3428 ὡς
1162 3364 1343 3432 λόγος,
1381 3363 1476 3418 καὶ
1503 3362 1755 3430 αἴσθησιν
1781 3362 1848 3414 ⁹⁰.

440 3463 526 3513 Δ’.
553 3458 626 3510 Ἦ
675 3457 877 3529 πρᾶξιν
918 3457 1011 3509 καὶ
1065 3455 1320 3526 θεωρίαν,
1363 3456 1464 3525 τὴν
1504 3455 1603 3525 μὲν
1646 3454 1723 3517 ὡς
1759 3451 1959 3515 κακίας

378 3547 756 3618 ἀναιρετικὴν,
788 3548 881 3600 καὶ
917 3547 1126 3617 κόσμου
1156 3546 1220 3600 δι’
1256 3544 1567 3610 ἐπιδείξεως
1590 3543 1799 3614 ἀρετῶν
1832 3544 1958 3605 τοὺς

378 3640 448 3694 δι’
474 3639 645 3710 αὐτῆς
668 3640 974 3709 ἀγομένους
1001 3637 1281 3699 παντελῶς
1306 3638 1443 3690 κατά
1470 3635 1712 3689 διάθεσιν
1732 3635 1959 3703 τέμνου-

382 3750 503 3796 σαν,
559 3732 633 3794 ὡς
678 3731 919 3800 Maliaci};
954 3732 1052 3800 τῆς
1100 3729 1379 3796 Αἰγύπτου
1425 3728 1517 3781 τὸν
1578 3726 1828 3798 Ἰσραὴλ,
1863 3725 1957 3779 καὶ

381 3823 544 3886 θείοις
576 3821 761 3892 νόμοις
791 3820 883 3873 τοῦ
926 3822 1255 3890 Πνεύματος
1290 3818 1557 3882 εὐπειθῶς
1598 3817 1957 3871 παιδεύουσαν

379 3914 633 3983 ἄγεσθαι·
687 3916 788 3984 τὴν
831 3913 888 3966 δὲ
930 3913 1005 3975 ὡς
1046 3912 1178 3981 ὕλης
1227 3912 1324 3965 καὶ
1374 3912 1544 3973 εἴδους
1580 3909 1953 3981 ἀρπάζουσαν,

379 4009 455 4072 ὡς
486 4008 580 4059 τὸν
620 4006 804 4058 Ἠλίαν
836 4004 896 4057 τὸ
926 4006 988 4056 ἐκ
1018 4004 1188 4074 πυρὸς
1216 4003 1395 4074 ἆρμα,
1432 4005 1527 4056 καὶ
1558 4003 1676 4072 Θεῴ
1703 4002 1790 4055 διὰ
1822 4002 1957 4068 γνώ‹
2016 4069 2024 4075 ⁸

382 4117 520 4161 σεως
549 4098 935 4168 προσάγουσαν
969 4113 1028 4148 τε
1064 4096 1157 4148 καὶ
1181 4097 1570 4181 ρυνάπτουσαν
1612 4095 1715 4147 ὑπὸ
1756 4094 1958 4163 σαρκός

382 4194 505 4264 μηδ’
538 4192 718 4245 ὁτιοῦν
760 4190 1133 4261 βαρούμενους
1156 4228 1170 4251 ,
1204 4188 1294 4241 διὰ
1341 4187 1440 4257 τὴν
1488 4186 1583 4239 τοῦ
1634 4187 1755 4240 κατ’
1786 4188 1956 4255 αὐτὴν

378 4286 544 4354 νόμου
578 4282 909 4353 ἀθέτησιν,ἢ
942 4283 1174 4351 έπάρσει
1210 4280 1331 4333 καθ’
1356 4279 1533 4333 ὁτιοῦν
1558 4281 1650 4332 ἐπὶ
1680 4283 1790 4343 τοῖς
1824 4295 1957 4331 κατ-

376 4375 661 4448 ορθώμασι
714 4376 1114 4444 φλεγομένους,
1150 4373 1238 4426 διά
1302 4373 1402 4443 τὴν
1441 4371 1799 4442 συνημμένην
1836 4373 1957 4433 ταῖς

375 4468 545 4531 ὅντως
584 4467 807 4537 ἀρεταῖς
839 4465 1030 4536 δρόσον
1059 4466 1158 4532 τῆς
1186 4463 1458 4533 πτωχείας
1485 4462 1580 4515 τοῦ
1622 4461 1949 4531 πνεύματος.

450 4560 525 4615 Ε’.
557 4561 625 4612 Ἢ
659 4559 820 4613 πάλιν
850 4558 920 4610 τὰ
954 4558 1132 4628 (161
1161 4557 1212 4623 ὁ)
1240 4557 1384 4610 κατὰ
1414 4556 1506 4609 τὸν
1536 4556 1711 4625 γάμον
1731 4555 1825 4608 καὶ
1854 4554 1952 4625 τὴν

375 4653 623 4724 ἀγαμίαν
650 4652 923 4723 μυστήρια
951 4652 1104 4719 παρά
1130 4648 1208 4717 τῷ
1238 4648 1397 4718 Λόγῳ
1422 4643 1562 4701 εἶναι
1591 4648 1957 4717 μανθάνοντες

374 4745 468 4799 διὰ
498 4743 800 4807 Μωῡσέως,
836 4742 929 4794 τοῦ
959 4741 1048 4793 διὰ
1073 4739 1251 4808 γάμον
1293 4740 1391 4808 τῆς
1418 4737 1569 4797 θείας
1600 4737 1833 4807 ἐραστοῦ
1865 4755 1956 4805 γε-

375 4838 566 4891 νέσθαι
606 4835 765 4907 δόξης
824 4835 897 4904 μὴ
938 4834 1297 4896 κωλυθέντος,
1351 4834 1445 4885 καὶ
1483 4833 1571 4887 διὰ
1625 4832 1829 4898 Ἡλίου,
1860 4833 1956 4886 τοῦ

376 4929 656 4991 παντελῶς
679 4927 926 4996 γαμικῆς
954 4925 1251 4994 συναφείας
1281 4925 1524 4996 καθαροῦ
1557 4926 1954 4996 διαμείναντος,

373 5017 466 5074 οἷα
489 5020 582 5075 τοῦ
616 5021 791 5088 Λόγου
827 5020 921 5071 καὶ
949 5016 1083 5069 Θεοῦ
1110 5017 1237 5078 τοὺς
1274 5016 1419 5087 λόγῳ
1448 5016 1622 5070 ταῦτα
1653 5017 1954 5081 ίθύνοντας,

373 5115 520 5168 κατά
564 5114 691 5176 τοὺς
745 5111 983 5173 emas;
1022 5111 1152 5180 περὶ
1208 5110 1386 5162 αὐτῶν
1414 5111 1701 5181 κειμένους
1729 5111 1953 5181 νόμους,

372 5206 558 5277 ἑαυτῷ
599 5203 877 5276 μυστικῶς
908 5202 1267 5256 εἰσποιεῖσθαι
1315 5200 1701 5269 κηρύττοντος.

447 5303 537 5367 (ς’.
579 5300 647 5352 Ἢ
677 5296 824 5365 ζωῆς
867 5296 960 5348 καὶ
990 5294 1225 5347 θανάτου
1278 5294 1367 5347 διὰ
1399 5293 1506 5346 τῶν
1554 5294 1734 5350 αὐτῶν
1765 5294 1953 5365 κύριον

373 5393 584 5456 πιστῶς
609 5393 737 5444 ὄντα
757 5392 849 5442 τὸν
870 5389 1043 5456 Λόγον
1066 5387 1172 5455 πλη
1181 5387 1414 5457 ροφορού
1423 5404 1597 5456 μενοι.

445 5550 473 5590 ιι
503 5547 662 5602 Deut.
694 5561 818 5609 xxx,
855 5544 942 5599 l9.
1026 5545 1036 5582 ί
1080 5542 1142 5597 IV
1172 5542 1305 5613 Reg.
1334 5557 1392 5603 ιι,
1432 5540 1516 5594 Η.

2064 3276 2295 3332 prorsus
2326 3275 2386 3315 se
2441 3258 2780 3313 addixerunt
2818 3259 3117 3313 amentiam
3173 3268 3229 3313 et
3264 3259 3532 3315 duritiem
3578 3258 3645 3313 ad

2064 3348 2414 3419 sapientiam,
2458 3358 2519 3402 ut
2548 3348 2713 3409 ratio,
2743 3356 2799 3402 et
2826 3362 3050 3403 sensum
3083 3347 3332 3403 deducit.

2140 3442 2227 3496 IV.
2275 3441 2370 3496 Vel
2418 3441 2693 3495 actionem
2732 3449 2791 3495 et
2828 3440 3377 3509 contemplationem,
3417 3440 3644 3495 alteram

2065 3533 2213 3603 quod
2256 3532 2521 3586 malitiam
2565 3533 2711 3587 tollit
2761 3542 2820 3588 ct
2856 3532 3161 3587 virtutibus
3199 3532 3506 3601 propositis
3551 3548 3646 3587 eos

2065 3625 2157 3696 qui
2226 3625 2316 3678 illa
2371 3632 2614 3695 aguntur
2671 3624 2979 3679 secundum
3033 3624 3294 3679 affectum
3339 3640 3571 3693 prorsus
3615 3643 3644 3680 a

2066 3713 2272 3768 mundo
2321 3721 2570 3774 resecat,
2612 3721 2673 3766 ut
2723 3710 2938 3782 Moyses
2985 3712 3242 3766 Israelem
3280 3713 3350 3767 ab
3388 3711 3643 3784 IEgypto.

2066 3806 2379 3875 divinisque
2411 3803 2704 3874 praeceptis
2751 3803 2804 3857 in
2855 3802 3099 3872 Spiritus
3140 3803 3413 3873 obsequio
3460 3806 3644 3861 vivere

2067 3898 2341 3961 instituit;
2380 3897 2608 3950 alteram
2640 3910 2774 3949 vero
2802 3904 2862 3949 ut
2890 3895 2960 3949 ab
3003 3896 3233 3950 materia
3255 3904 3424 3964 atque
3467 3896 3643 3951 forma

2064 3990 2452 4059 abripientem,
2477 3987 2941 4057 quemadmodum
2965 4003 3167 4042 currus
3183 3988 3391 4058 ignitus
3411 3988 3640 4054 Eliaml,

2065 4095 2273 4152 perque
2307 4079 2683 4151 cognitionem
2715 4079 2825 4132 Deo
2856 4078 3226 4133 adducentem
3276 4089 3333 4135 et
3379 4082 3645 4151 copulan-

2067 4183 2175 4227 tem
2224 4187 2392 4227 carne
2437 4170 2578 4225 nihil
2630 4178 2888 4240 gravatos
2920 4179 3144 4240 propter
3179 4171 3530 4240 reprobatam
3566 4173 3641 4226 is-

2066 4266 2175 4320 tius
2215 4265 2413 4334 Iegem,
2446 4271 2541 4317 aut
2592 4262 2702 4315 ulla
2736 4262 2804 4316 de
2847 4271 2994 4317 recte
3035 4262 3194 4316 factis
3235 4266 3497 4332 superbia
3544 4267 3641 4320 Ila-

2062 4364 2302 4428 grantes,
2346 4361 2572 4425 propter
2598 4368 2777 4407 rorem
2815 4354 3045 4424 spiritus
3078 4354 3397 4424 indigentia‘
3419 4399 3432 4422 ,
3496 4361 3642 4414 veris

2064 4447 2366 4502 virtutibus
2392 4446 2773 4515 conjunctum.

2134 4561 2195 4614 V.
2227 4559 2322 4614 Vel
2360 4573 2554 4612 rursus
2590 4556 2932 4610 matrimonii
2961 4566 3018 4611 et
3052 4558 3337 4616 caelibatus
3376 4559 3639 4631 mysteria

2056 4653 2310 4708 conﬁteri
2339 4652 2662 4705 Sermonem
2689 4648 2871 4703 edocti
2911 4664 3008 4718 per
3033 4651 3255 4723 Moysen
3287 4659 3438 4713 sunt,
3474 4667 3638 4721 quem

2059 4745 2474 4799 matrimonium
2499 4757 2612 4795 non
2648 4740 2939 4810 prohibuit
2967 4743 3268 4812 quominus
3308 4744 3363 4799 in
3394 4736 3638 4797 amorem

2059 4839 2261 4893 divina:
2312 4836 2501 4907 gloria:
2550 4833 2789 4898 veniret,
2844 4842 2901 4887 et
2947 4849 3044 4904 per
3093 4836 3266 4891 Eliam
3296 4878 3310 4900 ,
3360 4838 3456 4907 qui
3489 4836 3638 4891 omni

2059 4946 2289 5002 prorsus
2359 4925 2752 4983 matrimoniali
2817 4942 2964 4981 nexu
3019 4944 3240 4999 semper
3318 4928 3637 4983 abstinuit:

2059 5024 2264 5094 quippe
2297 5020 2492 5076 Sermo
2523 5036 2588 5076 ac
2622 5022 2764 5075 Deus
2795 5036 2892 5077 eos
2924 5021 3018 5091 qui
3073 5021 3289 5075 ratione
3338 5021 3455 5075 hare
3499 5020 3641 5075 diri-

2060 5115 2510 5188 guntsecuudum
2535 5115 2682 5183 leges
2699 5114 2769 5169 de
2788 5116 2871 5168 eis
2896 5115 3064 5168 rebus
3088 5113 3359 5168 divinitus
3380 5121 3636 5178 statutas,

2062 5207 2290 5278 mystice
2316 5206 2422 5260 sibi
2460 5204 2710 5274 adoptari
2744 5203 3059 5258 annuntiat.
3638 5208 3643 5213 '

2132 5301 2219 5354 VI.
2269 5298 2365 5352 Vel
2418 5297 2547 5351 vita:
2597 5304 2654 5350 et
2700 5294 2899 5350 mortis
2946 5293 3240 5347 Dominum
3281 5308 3473 5349 revera
3514 5298 3641 5353 esse:

2062 5393 2384 5449 Sermonem
2425 5405 2523 5453 per
2549 5388 2744 5443 eadem
2776 5386 3196 5457 persuasionem
3223 5387 3492 5445 tulerunt.

1693 5652 1920 5711 VARI/IS
1957 5654 2363 5711 LECTIONICS.

448 5786 1179 5865 "athabetapographum.
1256 5790 1301 5821 9°
1352 5790 1546 5844 Manus
1598 5790 1821 5860 antiqua
1855 5808 1961 5848 COI‘!

2078 5801 2098 5846 t
2132 5792 2380 5863 αἴσθησις
2408 5791 2464 5845 iu
2488 5789 2611 5844 cod.
2644 5786 2787 5844 Gud.

695 5890 963 5949 ΡΑτιιοι..
999 5887 1115 5945 (in.
1154 5883 1309 5945 XCI.

3234 5875 3307 5939 3'!
