4012 6442
434 313 574 384 1163

1554 317 1615 377 S.
1655 317 1944 377 MAXIMI
1984 315 2497 381 CONFESSORIS

3563 324 3686 390 llﬁl

502 432 617 490 νη.
648 431 744 487 Vel
773 433 940 487 etiam
964 445 1159 486 omnes
1183 430 1298 484 Deo
1321 428 1533 494 vivere,
1555 445 1661 485 nec
1682 445 2014 500 quemquam

2191 432 2266 484 Z'.
2308 434 2378 485 Ἢ
2433 433 2528 486 καὶ
2579 431 2640 485 τὸ
2684 423 2896 495 πάντας
2942 432 3042 504 ζῇν
3085 432 3162 503 τῷ
3199 432 3333 502 Θεῷ
3389 432 3486 484 καὶ
3519 435 3705 503 μηδένα

430 525 662 579 omnino
703 523 850 595 apud
902 539 1029 578 eum
1078 530 1362 577 mortuum
1403 537 1526 577 esse
1560 538 1660 592 per
1697 522 1892 576 eadem
1929 522 2012 576 di-

433 617 714 680 dieerunt,
763 625 964 685 praeter
997 630 1124 670 eum
1154 615 1249 683 qui
1282 621 1513 682 peccato
1560 628 1619 668 se
1668 613 1788 682 ipse
1837 613 2009 667 morti

431 715 798 772 auctorasset,
833 721 1005 776 seque
1030 705 1343 760 voluntaria
1375 705 1442 759 ad
1472 705 1763 776 passiones
1791 713 1846 760 et
1873 705 2012 761 vitia

431 800 780 872 proclivitate
811 817 840 854 a
876 799 1062 853 Verbo
1094 798 1443 853 abscidisset.

505 892 639 946 Vlll.
673 891 769 946 Vel
816 891 986 945 etiam
1035 891 1102 944 ad
1146 889 1508 952 Sermonem,
1570 897 1633 943 ut
1685 889 1779 958 qui
1805 889 2014 945 veritas

431 993 518 1040 est
559 986 614 1048 ί,
655 982 855 1038 referri
882 991 938 1037 et
980 997 1102 1036 esse
1123 981 1516 1053 mysteriorum
1542 982 1832 1052 imagines,
1875 981 2014 1038 etin

431 1088 561 1129 eum
590 1073 710 1144 cogi
752 1082 808 1128 et
869 1073 1051 1128 redire
1106 1081 1214 1126 tam
1261 1073 1456 1143 legalis
1494 1089 1658 1143 quam
1698 1073 2012 1144 pr0pbetiei

433 1167 619 1236 operis
670 1173 930 1236 tanquam
981 1166 1036 1220 in
1073 1165 1412 1236 principium
1483 1176 1540 1221 et
1593 1165 1758 1220 ﬁnem
1804 1166 2014 1221 eruditi

433 1269 582 1316 sunt.

502 1352 595 1406 1x.
633 1352 728 1406 Vel
749 1367 871 1422 quae
905 1359 1031 1422 post
1078 1353 1252 1407 Deum
1297 1360 1428 1407 sunt
1456 1352 1644 1406 omnia
1696 1360 1751 1406 et
1797 1367 1866 1407 ex
1902 1352 2016 1407 Deo

432 1453 750 1515 procreata,
784 1445 892 1500 hoc
925 1454 1012 1500 est
1040 1460 1228 1499 rerum
1258 1455 1514 1501 naturam
1547 1453 1604 1500 et
1629 1453 1868 1514 tempus,
1907 1459 2016 1500 una
2059 1472 2067 1478 -

433 1547 559 1586 cum
583 1535 715 1599 Deo,
741 1540 800 1587 ut
827 1549 992 1588 causa
1017 1542 1072 1588 et
1101 1534 1334 1603 factore,
1367 1549 1639 1605 apparere
1669 1534 2013 1598 exsistentia,

433 1624 530 1693 qui
576 1624 716 1694 ipse,
765 1625 947 1695 quoad
981 1624 1099 1680 fieri
1145 1627 1266 1697 ejus
1310 1635 1530 1696 potest,
1586 1641 1718 1681 vere
1763 1635 2014 1697 apparet.

433 1716 680 1781 Quorum
712 1717 936 1786 quidem
972 1718 1238 1787 temporis
1289 1717 1468 1788 imago
1518 1719 1732 1790 Moyses
1762 1718 2017 1773 videatur

431 1821 574 1872 esse,
632 1823 741 1862 non
771 1809 948 1862 solum
981 1817 1044 1863 ut
1069 1809 1333 1879 temporis
1362 1825 1428 1864 ac
1456 1809 1786 1865 numerandi
1817 1825 2017 1864 secun-

430 1897 563 1952 dum
594 1899 700 1953 hoc
729 1899 926 1954 doctor
957 1901 1074 1970 (hic
1102 1902 1251 1956 enim
1284 1901 1496 1972 primus
1525 1913 1772 1972 tempora
1814 1917 1845 1955 a
1887 1916 2020 1956 con-

430 1987 550 2041 dito
579 1988 789 2042 mundo
830 1990 1194 2060 numeravit),
1229 1998 1288 2045 et
1340 1989 1665 2060 temporalis
1704 1991 1886 2044 cultus
1923 1989 2020 2045 de-

430 2078 665 2146 ductor,
721 2080 817 2137 sed
861 2081 1031 2135 etiam
1089 2081 1240 2151 quod
1291 2097 1409 2136 non
1477 2097 1584 2136 una
1637 2097 1764 2136 cum
1804 2081 1918 2136 illis
1963 2082 2019 2136 in

432 2173 711 2228 carnalem
773 2173 1026 2243 requiem
1073 2173 1329 2228 introivit
1358 2174 1427 2229 de
1471 2174 1679 2244 quibus
1733 2182 1860 2228 ante
1917 2172 2019 2226 ad-

431 2272 661 2319 ventum
691 2265 866 2320 divini
899 2265 1184 2336 Evangelii
1215 2267 1502 2333 narravit;
1563 2264 1839 2337 ejusmodi
1867 2264 2018 2318 enim

431 2357 600 2412 etiam
633 2366 854 2429 tempus
883 2369 988 2424 est,
1037 2374 1218 2429 neque
1261 2368 1620 2414 antevertens
1649 2373 1832 2428 neque
1882 2372 2019 2411 con-

429 2446 666 2502 veniens
711 2459 864 2502 motu
924 2448 1036 2503 illis
1071 2463 1212 2518 quos
1269 2447 1338 2502 ad
1390 2448 1635 2503 divinam
1693 2446 1864 2502 futuri
1915 2444 2016 2502 aevi

430 2538 604 2593 vitam
638 2540 990 2595 transmittit.
1043 2540 1230 2595 Jesum
1274 2541 1426 2595 enim
1485 2539 1577 2610 qui
1619 2540 1863 2595 universi
1907 2549 2018 2594 tam

431 2633 699 2701 temporis
741 2641 831 2688 est
882 2649 1048 2704 quam
1099 2635 1430 2689 aeternitatis
1457 2677 1471 2702 ,
1522 2635 1690 2691 habet
1733 2651 2020 2691 successo-

430 2736 582 2789 rem;
635 2738 954 2794 quanquam
1012 2724 1149 2779 alias
1182 2726 1449 2796 temporis
1503 2728 1751 2783 rationes
1799 2728 1856 2782 in
1905 2728 2020 2782 Deo

430 2823 779 2885 permanent,
812 2817 1282 2886 quemadmodum
1313 2819 1397 2874 lex
1425 2836 1456 2873 a
1489 2820 1670 2892 Moyse
1703 2821 1756 2874 in
1794 2821 2020 2875 deserto

429 2905 558 2961 data
599 2907 621 2945 ιε
650 2923 758 2961 una
786 2923 911 2962 cum
943 2908 1026 2964 eis
1064 2909 1158 2979 qui
1187 2918 1401 2964 «terram
1457 2912 1822 2981 possessionis
1851 2926 2018 2982 cepe-

430 3006 564 3053 runt
591 2999 837 3070 ingressa
867 3002 1100 3070 mystice
1125 3002 1464 3057 manifestat.
1519 3003 1821 3059 Alternitas
1867 3005 2017 3060 enim

431 3095 654 3156 tempus
680 3095 768 3142 est
797 3096 1087 3157 postquam
1120 3100 1332 3148 motum
1365 3091 1528 3156 stitit,
1577 3101 1634 3147 et
1686 3101 1903 3162 tempus
1932 3102 2018 3148 est

429 3179 733 3241 aeternitas,
769 3181 998 3250 quando
1033 3197 1293 3237 mensura
1326 3183 1689 3254 distinguitur
1724 3198 1877 3240 motu
1903 3187 2019 3257 agi—

434 3279 566 3336 tata,
607 3271 746 3327 adeo
765 3282 827 3327 ut
855 3274 1158 3340 aeternitas,
1190 3285 1252 3330 ut
1281 3275 1511 3331 deﬁnite
1542 3277 1756 3346 loquar,
1803 3287 2020 3347 tempus

433 3373 586 3419 motu
618 3364 912 3433 privatum,
948 3374 1166 3435 tempus
1195 3382 1327 3422 vero
1358 3369 1643 3423 aeternitas
1670 3378 1826 3423 motu
1861 3385 2021 3426 men—

433 3462 645 3508 surata.
677 3453 898 3508 Naturae
921 3463 1104 3509 autem
1130 3455 1277 3511 Elias
1312 3456 1568 3512 videatur
1621 3458 1802 3529 imago
1845 3475 1967 3514 esse
2001 3501 2016 3526 ,

435 3561 545 3599 non
587 3545 766 3600 solum
798 3545 947 3615 quod
977 3547 1274 3603 inviolatae
1300 3549 1409 3603 sibi
1451 3550 1753 3604 custodivit
1774 3551 2020 3606 rationes

433 3645 491 3692 et
520 3637 824 3691 voluntatis
875 3639 1205 3709 consiliique
1253 3640 1610 3710 prudentiam
1663 3643 1719 3696 in
1765 3643 1913 3708 illis,
1949 3643 2019 3698 ab

433 3727 584 3782 omni
621 3728 900 3798 passionis
947 3730 1341 3785 vicissitudine
1406 3732 1662 3796 liberam,
1722 3734 1818 3788 sed
1849 3734 2019 3788 etiam

435 3819 583 3890 quod
614 3819 668 3874 in
696 3821 930 3891 judicio,
989 3811 1466 3891 quemadmodum
1511 3824 1786 3878 naturalis
1829 3825 2018 3894 aliqua

435 3911 542 3976 lex,
570 3911 801 3982 castigat
827 3927 923 3966 eos
947 3912 1043 3980 qui
1077 3921 1274 3966 natura
1305 3921 1507 3982 praeter
1539 3921 1799 3966 naturam
1843 3921 2016 3966 utun-

437 4012 547 4057 tur.
582 4002 714 4056 Tale
737 4001 886 4056 enim
915 4003 1085 4056 etiam
1126 4011 1349 4068 natura,
1389 4018 1513 4072 quae
1557 4017 1616 4056 se
1663 4002 1840 4072 ipsam
1893 4017 2017 4057 cor-

433 4107 694 4163 rumpere
733 4101 996 4148 conantes
1037 4103 1272 4148 eatenus
1317 4095 1569 4164 castigat,
1621 4104 1899 4165 quatenus
1937 4095 2022 4150 in-

434 4184 680 4240 naturali
705 4183 924 4238 vivendi
955 4185 1145 4254 generi
1179 4200 1407 4254 operam
1434 4185 1590 4252 dant,
1613 4202 1680 4240 eo
1717 4186 1866 4255 quod
1906 4202 2020 4242 non

437 4281 658 4349 plenam
707 4277 882 4347 ipsius
910 4287 1128 4332 naturae
1174 4277 1494 4333 facultatem
1539 4280 1872 4334 naturaliter
1899 4295 2018 4334 am-

436 4371 586 4442 plius
609 4385 877 4426 exercere
912 4385 1010 4425 eos
1034 4370 1188 4436 sinit,
1216 4370 1541 4426 imminutos
1567 4373 1676 4442 jam
1700 4371 2020 4442 integritate

2117 527 2396 591 παντελῶς
2421 527 2553 598 παρ’
2582 527 2733 597 αὐτῷ
2786 525 2980 594 νεκρόν
3031 522 3170 580 εἶναι
3232 524 3334 579 διὰ
3386 524 3499 578 τῶν
3547 528 3707 580 αὐτῶν

2119 618 2516 687 μανθάνοντες,
2550 615 2691 686 πλὴν
2736 617 2832 672 τοῦ
2871 617 3062 670 ἑαυτὸν
3099 619 3163 687 τῇ
3219 617 3490 687 ἁμαρτίᾳ
3518 622 3710 688 νεκρὼ-

2117 727 2332 774 σαντος,
2368 713 2461 764 καὶ
2493 713 2557 782 τῇ
2595 711 2828 781 ἑκουσίῳ
2848 711 2984 782 πρὸς
3013 709 3082 764 τὰ
3113 709 3272 780 πάθη
3315 711 3468 780 ῥοπῇ
3500 710 3592 763 τοῦ
3618 713 3689 766 Λό

2115 819 2212 872 γου
2245 803 2435 857 ἑαυτὸν
2457 802 2857 873 ἀποκόψαντος.

2187 895 2350 949 Η’.Ἢ
2383 896 2545 949 πάλιν
2561 896 2699 967 πρὸς
2727 898 2819 948 τὸν
2837 895 3010 963 Λόγον
3038 896 3115 960 ὡς
3133 894 3416 965 ἀλήθειαν
3451 893 3581 946 ὄντα
3607 897 3714 947 κατ’

2116 987 2398 1060 ἀναφορὰν
2434 984 2574 1042 εἷναί
2622 1007 2681 1042 τε
2731 991 2826 1042 καὶ
2863 989 3133 1059 ὑπάρχειν
3173 987 3317 1049 τοὺς
3359 984 3574 1047 τύπους
3616 986 3716 1036 τῶν

2120 1081 2458 1151 μυστηρίων,
2484 1081 2578 1134 καὶ
2595 1083 2672 1143 εἰς
2695 1081 2857 1134 αὑτὸν
2879 1081 3236 1147 συνάγεσθαι,
3266 1077 3378 1147 τῆς
3403 1094 3465 1129 τε
3495 1078 3716 1145 νομικῆς

2118 1173 2214 1227 καὶ⁵
2239 1173 2340 1242 τῆς
2368 1173 2716 1244 προφητικῆς
2751 1172 3140 1244 πραγματείας
3169 1173 3251 1236 ὡς
3295 1169 3486 1241 ἀρχὴν
3518 1171 3611 1222 καὶ
3636 1170 3717 1222 τέο

2116 1263 2227 1328 λος,
2259 1262 2742 1332 ἐφωταγωγοῢντο.

2188 1352 2265 1408 Θ’.
2306 1354 2376 1406 Ἦ
2401 1353 2470 1406 τὰ
2495 1353 2637 1424 μετὰ
2663 1354 2794 1407 Θεὸν
2822 1355 2999 1408 πάντα
3035 1354 3131 1408 καὶ
3157 1355 3224 1408 ἐκ
3252 1353 3402 1407 Θεοῦ
3439 1353 3718 1420 γεγονότα,

2116 1445 2364 1498 τουτέστι
2399 1445 2499 1515 τὴν
2538 1444 2700 1514 φύσιν
2729 1445 2840 1498 τῶν
2870 1446 3041 1500 ὄντων
3071 1446 3288 1500 καὶτὸν
3325 1445 3551 1517 χρόνον,
3577 1445 3720 1518 παρὰ

2117 1533 2196 1604 τῷ
2236 1534 2357 1605 Θεῷ
2406 1536 2536 1589 ὄντα
2573 1536 3032 1604 συνεκφαίνεσθαι
3083 1536 3308 1606 ἀληθῶς
3363 1540 3719 1608 φαινομένῳ,

2120 1626 2262 1680 κατὰ
2289 1627 2350 1680 τὸ
2383 1627 2626 1696 ἐφικτὸν,
2648 1628 2726 1691 ὡς
2760 1626 2919 1698 αἰτίῳ
2949 1628 3046 1681 καὶ
3087 1631 3320 1697 ποιητῇ.
3355 1622 3466 1684 1Ὠν
3493 1629 3588 1682 τοῦ
3629 1632 3719 1700 μὲν

2119 1718 2316 1790 χρόνου
2343 1719 2516 1783 τύπος
2561 1720 2628 1773 ἂν
2661 1721 2748 1788 εἴη
2796 1721 3057 1791 Μωῦσῆς,
3086 1721 3146 1774 ού
3184 1722 3359 1792 μόνον
3412 1722 3494 1784 ὡς
3535 1724 3718 1792 χρόνου

2130 1814 2224 1866 καὶ
2265 1813 2360 1866 τοῦ
2391 1813 2514 1866 κατ’
2551 1813 2714 1866 αὑτὸν
2754 1813 2994 1885 ἀριθμοῦ
3028 1815 3362 1877 διδάσκαλος
3407 1810 3590 1881 (οὗτος
3623 1816 3720 1887 γὰρ

2127 1902 2344 1974 πρῶτος
2390 1903 2482 1957 τὸν
2531 1903 2674 1957 κατὰ
2724 1904 2822 1976 τὴν
2866 1906 3082 1973 γένεσιν
3119 1905 3214 1958 τοῦ
3263 1905 3492 1976 κόσμου
3541 1907 3720 1976 χρόνον

2126 1990 2450 2061 ἠρίθμησε),
2479 1992 2572 2045 καὶ
2601 1992 2676 2056 ὼς
2698 1994 2958 2064 χρονικῆς
2986 1995 3282 2064 γενόμενος
3306 1995 3580 2066 λατρείας
3606 1997 3720 2048 καθ-

2127 2082 2359 2154 ηγητὴς,
2401 2083 2539 2137 ἀλλὰ
2577 2085 2674 2138 καὶ
2727 2085 2803 2148 ὼς
2846 2085 2920 2155 μὴ
2961 2086 3468 2156 συνεισερχόμενος
3502 2087 3548 2118 ⁹¹
3583 2087 3719 2138 ὲκεί-

2127 2190 2238 2236 νοις
2297 2175 2623 2245 σωματικῶς
2674 2177 2754 2239 εἰς
2801 2176 2898 2247 τὴν
2937 2176 3290 2230 κατάπαυσιν
3349 2173 3432 2230 ὧν
3473 2176 3588 2246 πρὸ
3635 2177 3721 2248 τῆς

2128 2262 2279 2327 Θείας
2302 2265 2660 2335 καθηγήσατο
2679 2266 2862 2338 (162
2881 2266 2936 2337 a)
2961 2267 3309 2336 εὐαγγελίας·
3341 2267 3598 2322 τοιοῦτον
3623 2269 3722 2338 γὰρ

2127 2356 2222 2408 καὶ
2256 2357 2283 2409 ό
2318 2357 2533 2428 χρόνος,
2565 2359 2626 2410 οὐ
2675 2358 2894 2428 φθάνων
2946 2361 2979 2432 ἢ
3016 2361 3427 2432 συνερχόμενος
3460 2359 3608 2413 κατὰ
3634 2360 3722 2426 τὴν

2127 2447 2342 2517 κίνησιν
2373 2450 2605 2513 ἐκείνοις
2641 2448 2737 2515 οὓς
2776 2451 2913 2522 πρὸς
2956 2452 3056 2523 τὴν
3102 2453 3253 2506 θείαν
3283 2454 3388 2507 τοῦ
3440 2453 3722 2524 μέλλοντος

2126 2538 2322 2605 αξῶνος
2351 2541 2496 2612 ζωὴν
2531 2542 2740 2612 πέφυκε
2768 2544 3186 2616 παραπέμπειν.
3227 2547 3454 2616 Ἰησοῦν
3474 2545 3589 2618 γὰρ
3617 2545 3719 2616 ἔχει

2125 2632 2217 2685 τὸν
2246 2634 2448 2698 παντὸς
2473 2635 2603 2689 ὄντα
2625 2635 2719 2689 καὶ
2752 2637 2949 2708 χρόνου
2974 2641 3069 2692 καὶ
3095 2639 3294 2703 αἰῶνος
3315 2640 3595 2710 διάδοχον·
3625 2639 3719 2692 κᾶν

2127 2728 2175 2781 εί
2203 2727 2376 2792 ἄλλως
2401 2728 2450 2780 οἱ
2477 2728 2626 2796 λόγοι
2655 2729 2750 2782 τοῦ
2785 2729 2979 2800 χρόνου
3014 2731 3073 2784 ὲν
3103 2731 3181 2801 τῷ
3211 2731 3337 2800 Θεῷ
3368 2731 3714 2802 διαμένωσιν,

2125 2819 2202 2882 ὡς
2231 2819 2382 2889 δηλοῖ
2419 2820 2698 2890 μυστικῶς
2732 2822 2765 2892 ἡ
2801 2822 2896 2875 τοῦ
2937 2823 2994 2876 ἐν
3032 2825 3225 2895 ἐρήμῳ
3273 2824 3534 2888 δοθέντος
3561 2823 3714 2894 νόμου

2125 2909 2214 2963 διὰ
2241 2911 2522 2974 Μωῦσέως
2545 2915 2658 2976 τοῖς
2692 2913 2792 2984 τὴν
2819 2915 2923 2986 γῆν
2944 2914 3170 2968 λαϐοῦσι
3199 2916 3300 2985 τῆς
3331 2915 3716 2985 κατασχέσεως

2129 2997 2451 3063 συνείσοδος.
2490 2998 2636 3054 Αίὼν
2667 3002 2776 3073 γάρ
2813 3003 2964 3058 ἐστιν
3004 3004 3033 3056 ό
3074 3004 3288 3075 χρόνος,
3317 3007 3458 3060 ὅταν
3491 3007 3590 3076 στῇ
3625 3004 3714 3074 τῆς

2046 3126 2091 3186 c
2128 3090 2420 3159 κινήσεως,
2455 3091 2551 3144 καὶ
2583 3092 2779 3162 χρόνος
2819 3092 2967 3145 ἐστὶν
3013 3094 3042 3145 ὁ
3073 3091 3230 3160 αἰὼν,
3271 3095 3412 3148 ὅταν
3455 3093 3716 3165 μετρῆται

2121 3182 2334 3252 κινήσει
2369 3182 2691 3253 φερόμενος,
2726 3183 2803 3248 ὡς
2849 3178 2990 3237 εἶναι
3027 3183 3120 3238 τὸν
3150 3184 3251 3255 μὲν
3293 3186 3504 3252 αἰῶνα,
3539 3185 3623 3238 ἵνα
3647 3185 3716 3246 ὡς

2121 3272 2182 3326 ὲν
2210 3273 2322 3343 ὅρῳ
2370 3273 2684 3344 περιλαϐὼν
2735 3274 2897 3340 εἴπω,
2932 3274 3126 3348 χρόνον
3156 3277 3539 3349 ἐστερημένον
3566 3276 3714 3345 κινή-

2122 3381 2281 3430 σεως,
2311 3366 2402 3417 τὸν
2425 3365 2480 3418 δὲ
2507 3366 2701 3436 χρόνον
2729 3367 2903 3420 αίῶνα
2937 3368 3152 3438 κινήσει
3181 3369 3586 3439 μετρούμενον.
3609 3367 3712 3435 Τῆς

2119 3455 2176 3508 δὲ
2210 3455 2424 3525 φύσεως
2469 3457 2678 3522 Ἠλίας,
2729 3459 2789 3530 ού
2835 3459 2997 3530 μόνον
3049 3459 3126 3523 ὡς
3167 3461 3296 3523 τοὺς
3360 3460 3491 3514 καθ’
3531 3459 3713 3513 ἑαυτὸν

2120 3545 2434 3619 ἀλωϐήτους
2459 3548 2702 3617 φυλάξας
2725 3529 2945 3620 λόγους,
2990 3553 3086 3606 καὶ
3123 3553 3184 3605 τὸ
3229 3551 3317 3605 ἐπ’
3358 3553 3551 3616 αὐτοῖς
3580 3550 3710 3604 κατὰ

2119 3635 2348 3708 γνώμην
2377 3640 2632 3712 φρόνημα
2664 3642 2876 3713 τροπῆς
2919 3641 3021 3711 τῆς
3069 3643 3134 3696 ὲκ
3167 3641 3379 3707 πάθους
3408 3642 3706 3710 ἐλεύθερον,

2121 3727 2260 3781 ἀλλὰ
2287 3729 2385 3783 καὶ
2416 3730 2493 3794 ὡς
2527 3733 2584 3785 ἐν
2611 3732 2792 3803 κρίσει
2845 3732 3138 3800 παιδεύων,
3183 3727 3294 3788 οἷόν
3345 3751 3436 3798 τις
3491 3731 3708 3802 φυσικὸς

2119 3819 2304 3889 νόμος,
2335 3821 2465 3885 τοὺς
2490 3821 2642 3894 παρὰ
2666 3823 2826 3894 φύσιν
2855 3827 2922 3896 τῇ
2957 3824 3119 3894 φύσει
3143 3827 3496 3896 χρωμένους.
3525 3821 3705 3878 T0105-

2119 3928 2211 3964 τον
2240 3912 2348 3984 γὰρ
2382 3913 2534 3985 καὶὴ
2566 3914 2748 3984 φύσις,
2782 3917 2910 3981 τοὺς
2942 3917 3116 3989 αὐτὴν
3149 3917 3561 3989 παραφθείρειν
3590 3911 3702 3968 ἐπί-

2120 4003 2443 4074 χειροῢντας
2469 4005 2721 4062 τοσοῦτον
2743 4007 3072 4076 κολάζουσα,
3101 4007 3228 4062 ὅσον
3252 4008 3350 4068 τοῦ
3373 4007 3530 4079 παρὰ
3555 4005 3702 4076 φύσιν

2121 4094 2220 4166 (ἦν
2259 4096 2661 4169 ἐπιτηδεύουσι,
2708 4099 2788 4171 τῷ
2833 4099 2910 4173 μὴ
2951 4102 3081 4172 ὅλην
3127 4101 3301 4172 αὐτῆς
3341 4100 3596 4171 φυσικῶς
3629 4097 3703 4150 ἔτι

2120 4187 2421 4259 κεκτῆσθαι
2449 4189 2551 4259 τῆς
2583 4189 2802 4259 φύσεως
2829 4189 2930 4262 τὴν
2957 4189 3209 4260 δύναμιν,
3243 4190 3582 4261 μειωθέντας
3609 4185 3701 4256 ἢδη

2119 4281 2218 4349 τῆς
2251 4280 2372 4334 κατ’
2403 4280 2571 4353 αὐτὴν
2601 4281 2923 4352 ὰρτιότητος
2961 4283 3056 4336 καὶ
3083 4282 3172 4336 διὰ
3213 4281 3374 4335 τοῦτο
3414 4275 3702 4347 κολαζομέ-

2121 4389 2265 4439 νους,
2295 4371 2370 4436 ὡς
2421 4373 2632 4437 ἑαυτοῖς
2674 4373 2920 4438 ἀϐούλως
2953 4391 3016 4428 τε
3053 4375 3148 4428 καὶ
3193 4375 3449 4446 ἀφρόνως
3485 4372 3573 4425 διὰ
3608 4367 3699 4434 τῆς

435 4471 492 4516 et
514 4477 613 4532 per
643 4461 750 4516 hoc
777 4461 1099 4532 castigatos,
1135 4461 1341 4532 quippe
1371 4463 1466 4532 qui
1498 4462 1605 4517 sibi
1648 4461 1780 4530 ipsis
1824 4463 2019 4516 incon-

2125 4463 2261 4534 πρὸς
2285 4463 2346 4516 τὸ
2374 4463 2448 4534 μὴ
2482 4463 2542 4518 ὃν
2570 4464 2807 4528 νεύσεως
2837 4464 2933 4517 τοῦ
2982 4461 3124 4520 εἶναι
3159 4465 3570 4539 παρεχομένους
3609 4459 3698 4528 τὴν

437 4556 586 4612 sulto
616 4563 673 4610 et
706 4555 1092 4625 imprudenter
1115 4556 1182 4610 ad
1207 4555 1261 4610 id
1291 4557 1436 4626 quod
1462 4571 1572 4610 non
1594 4563 1677 4610 est
1704 4554 2021 4610 inclinando

436 4647 777 4704 exsistentite
801 4648 1078 4703 defectum
1110 4658 1391 4719 praestant.

502 4742 578 4798 Χ..
636 4739 1071 4794 lntellectualem
1141 4755 1275 4794 vero
1330 4755 1554 4809 quoque
1611 4755 1677 4795 ac
1708 4741 2022 4795 sensualem

2118 4551 2373 4622 ἔλλειψιν.

2193 4733 2252 4786 ι’.
2287 4732 2449 4795 Ἴσως
2476 4729 2534 4784 δὲ
2565 4731 2660 4784 καὶ
2683 4730 2782 4801 τὴν
2815 4729 3013 4801 νοητὴν
3050 4730 3145 4782 καὶ
3176 4729 3276 4799 τὴν
3299 4728 3564 4799 αἰσθητὴν
3592 4721 3695 4778 κτί-

443 4829 816 4887 contlitionem
854 4829 1069 4898 opiﬁcis
1107 4829 1390 4884 Sermonis
1420 4830 1466 4884 si
1505 4830 1629 4899 quis
1672 4846 1772 4899 per
1803 4831 2019 4902 Moysen

2125 4841 2210 4876 σιν
2239 4823 2476 4896 ⁸ἔχεσθαι
2525 4823 2619 4876 τοῦ
2681 4821 3028 4894 Δημιουργοῦ
3086 4823 3261 4890 Λόγου
3310 4839 3394 4883 τις
3419 4817 3586 4874 εἰπὼν
3616 4811 3697 4866 διὰ

441 4928 501 4974 et
528 4919 705 4974 Eliam
737 4918 1013 4973 contineri
1061 4918 1284 4984 dixerit,
1315 4919 1360 4974 is
1385 4919 1622 4974 fortasse
1661 4934 1690 4971 a
1741 4935 1874 4974 vero
1911 4935 2019 4974 non

2125 4915 2406 4979 Μωῦσέως
2437 4915 2531 4968 καὶ
2561 4915 2764 4979 Ἠλίου,
2815 4915 2912 4983 τῆς
2943 4913 3204 4985 ἀληθείας
3235 4915 3296 4967 ού
3325 4908 3690 4984 διαμαρτάνει.

439 5012 744 5068 aberrabit.
773 5012 853 5067 Ex
876 5011 1081 5081 quibus
1100 5011 1374 5067 sensualis
1403 5012 1617 5083 Moyses
1642 5013 1914 5067 rationem
1946 5021 2028 5068 te-

438 5114 554 5171 net,
607 5117 670 5160 ut
697 5106 1038 5177 genera‘tioni
1076 5121 1143 5160 ac
1191 5105 1441 5160 interitni
1477 5105 1780 5176 subjectus,
1827 5122 2024 5176 quem-

2123 5003 2225 5060 Ὧν
2257 5007 2355 5077 τῆς
2390 5007 2488 5078 μὲν
2518 5007 2785 5077 αἰσθητῆς
2817 5006 3001 5077 (162
3023 5006 3073 5079 b)
3103 5005 3343 5076 Μωῦσῆς
3401 5005 3556 5072 λόγον
3609 5001 3693 5052 ἑπ-

2127 5103 2264 5172 έχει,
2302 5103 2378 5164 ὡς
2409 5101 2514 5154 ὑπὸ
2544 5101 2758 5165 γένεσιν
2801 5101 2893 5154 καὶ
2926 5099 3131 5170 φθορὰν
3158 5099 3474 5168 γενόμενος,
3523 5088 3689 5148 καθὼς

439 5195 738 5251 admodum
792 5195 1026 5252 historia
1075 5196 1201 5267 ejus
1229 5205 1436 5260 narrat,
1493 5195 1908 5266 generationem
1962 5211 2019 5250 ac

2126 5197 2159 5265 ή
2191 5195 2323 5265 περὶ
2352 5191 2518 5245 αὑτοῦ
2551 5190 2764 5262 ἱστορία
2797 5190 2968 5262 δηλοῖ,
3008 5191 3108 5262 τὴν
3138 5191 3354 5259 γένεσιν
3384 5188 3476 5243 καὶ
3503 5185 3589 5239 τὸν
3609 5182 3691 5234 θὰσ

441 5298 675 5345 mortem
704 5292 826 5360 ejus
869 5306 1332 5345 commemorans.
1385 5289 1519 5344 Tale
1570 5289 1718 5343 enim
1751 5289 2019 5343 sensualis

2127 5301 2287 5339 νατον
2337 5280 2502 5336 αὑτοῦ
2551 5280 3014 5349 καταγγέλλουσα.
3077 5279 3330 5333 Τοιοῦτον
3357 5280 3465 5350 γὰρ
3494 5274 3581 5329 καὶ
3611 5271 3686 5324 αἰ·

442 5394 663 5451 quoque
691 5381 961 5445 conditio,
1017 5383 1176 5452 cujus
1223 5381 1443 5435 initium
1483 5378 1864 5450 generationis
1917 5394 2021 5433 no—

511 5528 528 5568 ι
562 5517 723 5574 Joan.
753 5535 862 5586 xxv,
900 5519 954 5574 6.
1034 5525 1058 5560 κ
1093 5520 1254 5576 Deut.
1289 5539 1328 5587 ι,
1359 5520 1413 5574 5.

2129 5375 2304 5447 σοητὴ
2345 5374 2559 5439 κτίσις,
2613 5367 2788 5442 ἀρχήν
2828 5373 3180 5444 ἐγνωσμένην
3216 5375 3481 5441 γενέσεως
3508 5367 3688 5438 ἔχουσα

1725 5608 1959 5665 νΑΒῘΕ
2024 5599 2432 5665 LECTIONES.

513 5725 559 5758 ⁸⁸
592 5727 986 5797 συνερχόμενος
1015 5744 1045 5782 a
1076 5743 1149 5782 m.
1175 5744 1259 5798 pr.
1284 5728 1450 5783 habet
1486 5727 1610 5783 cod.
1645 5726 1789 5784 Gud.
