4012 6366
277 359 416 428 1165

1520 343 2043 425 AMBIGUORUM
2083 342 2337 404 LIBER.

3378 292 3545 407 ἰιδο

271 477 369 533 καὶ
411 469 712 541 διαφθορᾶς
759 464 1067 537 ὡρισμένον
1112 460 1265 522 τέλος
1292 456 1609 522 ἐλπίζουσα.
1663 457 1776 527 Τῆς
1801 457 1858 510 δὲ

1988 472 2077 511 um
2101 464 2207 522 est,
2240 465 2298 510 et
2325 470 2451 525 quae
2478 452 2738 510 interitus
2779 453 3061 511 deﬁnitam
3111 460 3536 513 consummatio-

269 568 467 638 νοητῆς
497 562 706 626 Ἠλίας.
736 561 812 622 ὡς
837 556 965 610 οὕτε
988 555 1205 622 γένεσιν
1227 550 1394 605 αὐτοῦ
1420 552 1519 620 τῆς
1542 551 1671 621 περὶ
1691 548 1855 604 αὐτοῦ

1958 566 2086 605 nem
2128 559 2333 621 sperat.
2366 548 2765 606 lntellectualis
2802 557 2999 602 contra
3025 547 3194 611 Elias,
3250 549 3410 619 cujus
3447 564 3548 603 nec

272 655 584 729 μηνυούσης
627 648 870 721 ἱστορίας
895 687 910 713 ,
965 645 1069 699 κᾶν
1098 645 1148 697 εί
1175 642 1539 711 γεγέννηται,
1591 638 1717 693 οὒτε
1750 640 1859 710 μὴν

1986 642 2304 698 nativitatem
2333 640 2792 714 prodiqhistoria,
2814 639 3029 696 etiamsi
3052 649 3345 711 generatus
3362 640 3549 695 fuerit.

267 744 368 815 τὴν
401 737 492 797 δξά
526 740 762 795 θανάτου
794 735 1004 808 φθορὰν
1029 731 1349 798 ἐλπίζεσθαι
1375 730 1719 803 ὁριζομένης,
1755 730 1860 807 κᾶν

267 839 318 889 εἰ
368 833 714 906 τεθνήξεται.
773 830 1029 883 Τοιοῦτον
1074 825 1184 897 γὰρ
1228 825 1324 877 καὶ
1371 825 1404 894 ἡ
1451 822 1617 894 νοητὴ
1658 821 1859 885 κτίσις,

268 925 396 980 οὔτε
444 923 621 996 ἀρχὴν
660 921 932 991 γενέσεως
965 914 1278 989 ἀνθρώποις
1305 913 1609 985 κατάδηλον
1639 912 1861 983 ἔχουσα,

268 1017 374 1072 κᾶν
429 1017 480 1069 εἰ
528 1014 823 1084 γεγένηται
869 1011 966 1064 καὶ
995 1005 1201 1081 ἦρκται
1248 1007 1346 1061 καὶ
1384 1008 1449 1060 ἐκ
1476 1005 1573 1059 τοῦ
1611 1005 1685 1076 μὴ
1712 1003 1867 1067 ὖντος

268 1110 353 1170 εἰς
401 1108 465 1160 τὺ
508 1101 652 1159 εἶναι
703 1094 985 1174 παρῆκται
1010 1138 1027 1168 ,
1089 1098 1217 1154 οὔτε
1266 1097 1420 1161 τέλος
1463 1096 1560 1150 τοῦ
1597 1090 1738 1150 εἶναι
1774 1095 1864 1149 διὰ

269 1201 482 1270 φθορᾶς
539 1195 852 1267 ὡρισμένον
898 1194 1201 1264 ἐκδέχεται.
1264 1191 1338 1244 Τὸ
1388 1189 1500 1260 γὰρ
1557 1188 1863 1259 ἀνώλεθρον

271 1289 524 1359 φυσικῶς
559 1289 675 1359 ἔχει
706 1285 950 1340 λαϐοῦσα
983 1283 1138 1353 παρά
1165 1282 1323 1345 Θεοῦ,
1358 1281 1452 1335 τοῦ
1486 1279 1659 1343 οὕτως
1693 1279 1864 1350 αὐτὴν

268 1380 682 1457 δημιουργῆσαι
712 1375 1062 1447 θελήσαντος.

279 1649 481 1715 Ἄλλη
514 1642 849 1713 συνεκτικὴ
882 1642 1094 1711 θεωρία
1124 1643 1211 1708 εὶς
1244 1641 1358 1707 τὴν
1380 1639 1863 1711 μταμόρςρωσιν.

1961 748 2065 788 nec
2087 734 2279 804 utique
2312 736 2518 788 mortis
2542 748 2669 788 eum
2699 731 2805 787 sibi
2849 746 3074 802 sperare
3108 731 3395 786 interitum
3453 731 3550 786 de-

1963 825 2105 888 ﬁnit,
2143 825 2364 880 etiamsi
2397 832 2635 880 mortem
2688 823 2949 878 subierit.
3006 821 3139 878 Tale
3176 822 3327 877 enim
3381 822 3550 876 intel-

1960 916 2220 972 lectualis
2266 932 2487 986 quoque
2518 916 2784 982 conditio,
2820 930 2945 984 qua:
2966 929 3079 969 non
3098 914 3320 968 initium
3349 915 3553 970 nativi-

1961 1007 2091 1062 tatis
2123 1007 2447 1063 bominibus
2480 1007 2839 1063 manifestum
2887 1007 3077 1073 habet,
3143 1007 3363 1063 etiamsi
3412 1006 3557 1062 facta

1962 1097 2133 1153 fuerit
2161 1106 2219 1152 et
2257 1097 2481 1153 initium
2513 1099 2750 1168 ceperit,
2782 1107 2840 1153 et
2867 1097 2936 1153 de
2964 1097 3142 1152 nihilo
3188 1097 3246 1152 in
3276 1098 3551 1153 exsisten—

1964 1188 2099 1243 tiam
2152 1189 2497 1258 pervenerit,
2524 1204 2630 1244 nec
2669 1189 2836 1244 ﬁnem
2866 1189 3210 1245 exsistentiae
3258 1205 3356 1260 per
3385 1190 3561 1244 inter-

1968 1280 2105 1335 itum
2140 1279 2430 1335 deﬁnitum
2457 1286 2763 1350 exspectat.
2799 1280 2844 1335 Α
2876 1279 2988 1335 Deo
3018 1280 3189 1344 enim,
3218 1281 3314 1350 qui
3345 1296 3465 1335 eam
3486 1281 3560 1335 ita

1969 1386 2188 1427 creasse
2209 1372 2451 1438 volebat,
2498 1373 2606 1428 hoc
2644 1372 2877 1443 accepit,
2913 1381 2976 1427 ut
3024 1374 3357 1429 naturaliter
3389 1376 3561 1431 exitio

1969 1473 2209 1518 careret.

1974 1641 2383 1713 Compendiaria
2404 1643 2515 1699 alia
2530 1645 2586 1697 in
2617 1644 3147 1714 transformationem
3166 1644 3561 1716 contemplatio.

351 1762 416 1814 Et
441 1758 500 1813 δέ
532 1775 610 1829 τῳ
640 1757 715 1828 μὴ
740 1754 1161 1827 περιεργότερος
1184 1753 1280 1806 τοῦ
1306 1753 1516 1816 δέοντος
1541 1747 1682 1806 εἶναι
1704 1752 1869 1817 δοκῶ,

2045 1757 2103 1813 Si
2153 1758 2241 1813 cui
2270 1767 2457 1814 autem
2500 1759 2819 1829 necessario
2844 1774 2954 1814 non
2994 1759 3283 1829 operosior
3309 1758 3562 1827 videbor,

279 1852 383 1906 καὶ
410 1852 600 1921 ἕτερον
633 1849 777 1919 μέγα
802 1864 863 1900 τε
894 1846 989 1900 καὶ
1017 1845 1181 1907 θεῖον,
1206 1844 1282 1907 ὡς
1304 1839 1482 1914 οἶμαι,
1510 1845 1573 1895 ὲκ
1596 1842 1696 1913 τῆς
1720 1842 1872 1906 θείας

278 1939 771 2013 μεταμορφώσεως
815 1938 1117 2009 μυστήριον
1159 1938 1292 2006 ἡμῖν
1321 1936 1720 2003 ἀναφαίνεται,
1779 1935 1872 1988 καὶ

222 2082 225 2085 .
274 2036 390 2089 τῶν
413 2032 720 2104 εἰρημένων
742 2031 1149 2101 λαμπρότερον.
1178 2023 1345 2098 Οἶμαι
1364 2027 1473 2097 γὰρ
1497 2027 1624 2090 τοὺς
1640 2026 1871 2078 καθόλου

274 2126 379 2180 δύο
438 2126 539 2194 τῆς
585 2122 868 2191 θεολογίας
918 2123 1153 2191 τρόπους
1215 2118 1496 2190 μυστικῶς
1545 2117 1873 2187 ὑφηγεῖσθαι

276 2217 353 2272 τὰ
387 2216 479 2270 ἐπὶ
509 2215 606 2269 τοῦ
631 2215 791 2286 ὅρους
823 2213 968 2267 κατὰ
995 2212 1095 2285 τὴν
1127 2210 1558 2282 μεταμόρφωσιν
1591 2209 1873 2280 θεοπρεπῆ

277 2307 858 2379 δραματουργήματα,
914 2304 1009 2358 τόν
1056 2320 1115 2358 τε
1158 2301 1572 2374 προηγούμενόν
1601 2317 1745 2370 φημι
1781 2301 1876 2353 καὶ

283 2400 493 2455 ἁπλοῦν
535 2400 629 2452 καὶ
659 2396 905 2450 ἀναίτιον
928 2436 943 2459 ,
1000 2394 1098 2448 καὶ
1135 2394 1223 2447 διά
1254 2394 1421 2464 μόνης
1451 2391 1546 2445 καὶ
1577 2389 1875 2455 παντελοῦς

284 2491 620 2561 ἀποφάσεως
666 2487 729 2541 τὺ
770 2488 912 2541 θεῖον
946 2486 1023 2550 ὡς
1052 2484 1272 2555 ἀληθῶς
1299 2484 1744 2553 καταφάσκοντα,
1780 2481 1877 2535 καὶ

283 2580 388 2649 τὴν
413 2578 692 2649 ὑπεροχὴν
716 2575 883 2630 αὐτοῦ
913 2575 1239 2644 δι’άφασίας
1266 2573 1492 2638 δεόντως
1519 2573 1874 2644 σεμνύνοντα,

288 2673 388 2724 καὶ
432 2670 525 2723 τὸν
569 2669 837 2738 ἑπόμενον
865 2667 1040 2738 τούῖῳ
1072 2667 1169 2721 καὶ
1197 2664 1471 2730 σύνθετον,
1506 2663 1595 2717 διά
1624 2662 1875 2731 καταφά-

291 2779 433 2825 σεως
494 2758 931 2831 μεγαλοπρεπῶς
989 2759 1054 2811 ὲκ
1102 2756 1214 2809 τῶν
1274 2755 1471 2827 (163
1507 2756 1570 2820 α)
1617 2753 1877 2808 αἰτιατῶν

292 2853 717 2924 ὑπογράφονταο
758 2847 861 2915 οἷς,
891 2849 1032 2902 κατά
1059 2848 1120 2901 τὸ
1142 2847 1367 2901 δυνατὸν
1397 2845 1715 2917 ἀνθρώπους
1744 2845 1879 2898 ειδέ-

292 2962 424 3007 ναι,
480 2945 515 3015 ή
568 2944 698 3014 περὶ
727 2940 863 2996 Θεοῦ
892 2957 953 2993 τε
1005 2939 1099 2993 καὶ
1128 2938 1238 2992 τῶν
1266 2936 1425 2991 θείων
1454 2935 1877 3006 ἐπαιωρουμένη

1972 1851 2151 1906 etiam
2178 1851 2334 1906 aliud
2389 1868 2665 1924 magnum
2695 1860 2752 1908 et
2792 1851 3068 1916 divinum,
3091 1862 3155 1907 ut
3201 1861 3359 1923 puto,
3390 1869 3461 1908 ex
3478 1852 3566 1908 di-

1970 1943 2099 1996 vina
2139 1942 2621 1999 trausformatione
2675 1941 2999 2014 mysterium
3054 1943 3222 1998 nobis
3263 1944 3562 2006 revelatur,

1972 2033 2153 2104 iisque
2215 2050 2338 2105 quae
2393 2036 2507 2106 jam
2560 2035 2676 2089 dixi
2715 2035 3072 2090 luculentius.
3147 2035 3406 2090 Arbitror
3465 2051 3568 2106 per

1974 2123 2479 2179 transformationis
2521 2124 2837 2193 spectacula
2872 2123 2965 2178 illa
3016 2124 3130 2178 Deo
3167 2124 3566 2180 convenienter

1974 2230 2040 2271 ac
2072 2215 2235 2287 digne
2273 2215 2331 2271 in
2385 2224 2574 2271 monte
2633 2216 2783 2271 edita
2829 2214 3034 2271 divinae
3084 2214 3294 2271 Christi
3353 2225 3567 2272 natura:

1975 2306 2117 2360 duos
2170 2305 2406 2377 mystice
2454 2306 2709 2361 enarrari
2748 2306 3037 2377 generales
3066 2306 3283 2369 modos,
3323 2308 3566 2377 primum

1976 2397 2121 2463 dico,
2135 2406 2192 2452 et
2204 2398 2509 2469 simplicem
2527 2407 2757 2454 etcausa
2775 2407 3076 2464 carentem,
3091 2400 3316 2469 solaque
3333 2415 3396 2456 ac
3409 2400 3567 2469 plena

1974 2490 2269 2560 negatione
2316 2489 2567 2545 divinum
2630 2506 2828 2546 revera
2881 2490 3272 2555 allirmantem,
3306 2507 3371 2547 ac
3407 2491 3566 2547 fasti-

1977 2580 2126 2651 gium
2152 2581 2272 2652 ejus
2300 2598 2399 2652 per
2422 2590 2723 2652 stuporem,
2753 2582 2840 2637 cui
2864 2583 3042 2637 oratio
3070 2600 3179 2638 non
3213 2579 3487 2655 suppetit
3506 2594 3569 2638 ut

1978 2688 2078 2742 par
2097 2681 2200 2737 est,
2228 2673 2620 2738 celebrantem,
2645 2682 2702 2729 et
2721 2674 2977 2739 alterum,
2995 2677 3090 2745 qui
3114 2676 3264 2731 hunc
3290 2676 3565 2747 sequitur,

1979 2764 2350 2834 compositum
2393 2773 2560 2835 atque
2594 2781 2694 2836 per
2727 2764 3148 2822 allirmationem
3179 2768 3472 2839 magniﬁce
3497 2783 3568 2826 ex

1980 2857 2222 2912 causatis
2237 2856 2565 2927 probantem
2591 2876 2603 2911 :
2633 2859 2858 2928 quibus,
2883 2859 3494 2929 quatenusliominibus
3507 2859 3569 2917 id

1980 2961 2146 3002 nosse
2171 2946 2365 3002 licebit
2390 2963 2659 3026 suspensa
2698 2947 2767 3003 de
2793 2949 2910 3004 Deo
2938 2949 3120 3019 deque
3168 2949 3374 3005 divinis
3399 2950 3569 3007 rebus

294 3035 503 3105 γνῶσις
543 3035 635 3089 διά
661 3034 770 3087 τῶν
800 3030 1098 3104 προσφυῶν
1125 3032 1259 3101 ἡμῖν
1292 3028 1576 3111 συμϐόλων
1606 3029 1744 3100 πρὸς
1769 3030 1879 3099 ἀμ-

1986 3038 2226 3110 cognitio
2249 3053 2349 3109 per
2377 3039 2635 3109 Symbola
2692 3039 2856 3095 nobis
2909 3039 3106 3111 idonea
3141 3040 3215 3102 ad
3266 3051 3569 3112 utrumque

264 3198 269 3201 η
297 3128 562 3199 φοτὲρους
592 3126 738 3197 ἡμᾶς
764 3126 889 3193 ἀγει
917 3123 1045 3186 τοὺς
1072 3122 1309 3192 τρόπους
1328 3152 1345 3182 ,
1396 3108 1463 3174 διδ
1485 3120 1741 3184 εὐσεϐοῦς
1773 3121 1883 3174 τῶν

294 3220 471 3274 ὅντων
516 3217 897 3288 κατανοήσεως
927 3212 1255 3284 ἀμφοτέρων
1289 3213 1420 3284 ἡμῖν
1448 3211 1728 3282 ὲφιστῶσα
1755 3212 1883 3278 τοὺς

294 3313 527 3382 λόγους,
564 3310 661 3364 καὶ
691 3307 786 3363 τοῦ
817 3308 916 3379 μὲν
945 3305 1214 3379 προτέρου
1248 3307 1357 3359 πᾶν
1382 3304 1442 3358 τὸ
1471 3305 1611 3377 ὑπὲρ
1634 3304 1884 3376 αἴσθησιν

298 3402 575 3475 σύμϐολον
630 3396 770 3455 εἶναι
822 3398 1191 3462 διδάσκουσα,
1257 3395 1353 3450 τοῦ
1398 3395 1455 3449 δὲ
1502 3395 1755 3467 δευτέρου
1816 3397 1887 3451 τά

292 3493 424 3561 κατ’
465 3491 721 3561 αἴσθησιν
774 3489 1099 3561 άθροιστικὰ
1144 3486 1283 3543 εἶναι
1336 3487 1667 3542 παιδεύουσα
1712 3504 1884 3559 μεγαο

294 3585 679 3657 λουργήματα.
724 3583 821 3635 Ἐκ
855 3582 966 3651 γάρ
1004 3581 1116 3634 τῶν
1149 3580 1290 3651 ὑπὲρ
1319 3578 1574 3650 αἴσθησιν
1605 3579 1887 3650 συμϐόλων

295 3678 403 3748 τὴν
475 3675 618 3744 ὑπὲρ
666 3673 824 3741 λόγον
890 3673 991 3755 καὶι
1030 3667 1156 3725 νοῦν
1226 3670 1487 3740 ἀλήθειαν
1534 3665 1673 3725 εἶναι
1728 3671 1887 3740 μόνον

300 3767 636 3835 πιστεύομεν
660 3806 678 3831 ,
729 3764 858 3836 περὶ
904 3761 1000 3816 τοῦ
1031 3762 1083 3816 τί
1135 3764 1228 3815 καὶ
1258 3760 1377 3824 πῶς
1410 3761 1505 3814 καὶ
1532 3762 1724 3815 ὁποίαν
1746 3756 1888 3816 εἶναι

298 3861 399 3916 καὶ
445 3858 549 3913 ποῦ
619 3857 715 3912 καὶ
763 3857 896 3911 πότε
959 3855 1083 3926 μηδ’
1115 3853 1254 3917 ὅλως
1312 3840 1618 3922 τολμῶντες
1666 3856 1890 3907 σκοπεῖν

299 3953 337 4024 ἦ
383 3954 586 4006 ἐννοεῖν
635 3949 990 4020 ἀνεχόμενοι,
1049 3946 1151 4016 τῆς
1199 3947 1569 4017 ἐγχειρήσεως
1608 3945 1669 3999 τὸ
1696 3945 1890 4008 ἀσεϐὲς

301 4042 784 4116 παραιτούμενον
842 4040 908 4092 ὲκ
954 4039 1011 4093 δὲ
1062 4038 1170 4091 τῶν
1198 4037 1320 4090 κατ’
1342 4036 1615 4109 αἴσθησιν,
1653 4038 1727 4101 ὡς
1760 4039 1892 4109 ἡμῖν

302 4139 424 4190 ἔστι
467 4133 695 4189 δυνατὸν
721 4173 736 4197 ,
793 4131 911 4184 κατ’
939 4129 1149 4183 ἔννοιαν
1182 4128 1344 4199 μόνον
1392 4129 1590 4199 ἰσχνῶς
1631 4127 1733 4199 τῆς
1764 4129 1893 4202 περὶ

303 4227 444 4283 Θεοῦ
467 4224 721 4295 γνώσεως
744 4222 842 4284 τὰς
867 4220 1114 4284 εἰκασίας
1133 4219 1503 4290 λαμϐάνοντες
1532 4220 1709 4273 πάντα
1730 4220 1893 4273 αὐτὸν

305 4315 452 4373 εἷναί
484 4332 666 4387 φαμεν
709 4316 808 4369 ὅσα
850 4316 915 4367 ἐκ
937 4311 1047 4367 τῶν
1072 4302 1239 4366 αὐτοῦ
1266 4310 1587 4382 ποιημάτων
1620 4310 1695 4375 ὡς
1721 4310 1893 4365 αἴτιον

305 4409 707 4480 ἐγνωρίσαμεν.

316 4658 450 4711 Ὀτι
477 4655 574 4711 καὶ
603 4652 821 4708 ἑαυτοῦ
845 4652 1033 4715 τύπος
1046 4651 1089 4704 ⁴ὁ
1119 4649 1335 4718 Κύριος
1361 4647 1569 4719 γέγονε
1600 4649 1749 4702 κατὰ
1783 4647 1896 4718 τὴν

598 4744 812 4799 ἑαυτοῦ
845 4742 943 4797 διὰ
976 4739 1203 4811 σαρκὸς
1242 4739 1609 4809 οικονομιαν.

390 4863 763 4930 Σκοπήσωμεν
796 4859 852 4912 δὲ
913 4859 963 4911 εί
1003 4856 1079 4929 μὴ
1121 4854 1305 4918 καλῶς
1350 4854 1568 4925 ἑκάστῳ
1600 4853 1708 4908 τῶν
1741 4854 1893 4927 εἰρη-

318 4955 502 5027 μένων
532 4951 754 5018 τρόπωθ
797 4949 939 5003 κατὰ
971 4949 1072 5017 τὴν
1121 4944 1273 4999 θείαν
1315 4945 1533 5013 ἐκείνην
1563 4943 1657 4997 τοῦ
1688 4944 1895 5015 Κυρίου

322 5043 751 5114 μεταμόρφωσιν
799 5040 895 5093 καὶ
939 5040 1121 5108 σοφῶς
1172 5037 1472 5109 ἐνυπάρχει
1512 5036 1574 5090 τὸ
1608 5036 1895 5106 σύμϐολον.

318 5135 467 5190 Εῐδει
497 5133 607 5205 γὰρ
636 5132 801 5185 αὐτὸν
829 5130 950 5184 καθ’
989 5130 1137 5200 ἡμᾶς
1181 5129 1472 5199 ἀτρέπτως
1519 5127 1809 5197 κτισθῆναι
1831 5127 1900 5180 δι’

321 5226 562 5297 ἄμετρον
591 5220 1007 5292 φιλανθρωπίαν
1036 5220 1475 5288 καταδεξάμενον
1518 5218 1714 5272 ἑαυτοῦ
1746 5218 1900 5286 γενέ-

325 5314 451 5369 σθαι
472 5313 644 5365 τύπον
667 5311 761 5363 καὶ
788 5308 1081 5378 σύμϐολον,
1131 5308 1225 5360 καὶ
1263 5305 1589 5378 παραδεῖξαι
1614 5307 1673 5374 ἐξ
1704 5306 1900 5361 ἑαυτοῦ

325 5401 676 5474 συμϐολικῶς
708 5398 921 5461 ἑαυτὸν,
960 5399 1055 5449 καὶ
1081 5396 1147 5449 δι’
1174 5394 1370 5449 ἑαυτοῦ
1401 5396 1734 5468 φαινομένου
1768 5396 1903 5465 πρὸς

325 5494 522 5548 ἑαυτὸν
563 5489 788 5560 ἀφανῶς
834 5489 1012 5558 πάντη
1055 5488 1436 5558 κρυπτόμενον
1488 5487 1902 5558 χειραγωγῆσαι

323 5585 428 5658 τὴν
478 5585 700 5640 ἃπασαν
753 5581 937 5634 κτίσιν
972 5580 1068 5633 καλ⁵
1122 5579 1220 5647 τῆς
1260 5576 1504 5648 ἀφανοῦς
1544 5577 1638 5630 καὶ
1688 5577 1903 5630 πάντων

325 5678 584 5734 ιιέκεινα
616 5670 1031 5743 κρυφιομύστου
1087 5672 1181 5725 καὶ
1225 5670 1317 5724 ὑπ’
1357 5668 1570 5732 οὐδενὸς
1599 5668 1708 5721 τῶν
1735 5667 1904 5722 ὄντων

323 5766 501 5822 οὐδενὶ
532 5764 593 5818 τδ
624 5762 845 5817 σύνολον
872 5760 1062 5834 τρόπῳ
1090 5757 1350 5829 νοηθῆναι
1390 5755 1422 5826 ἢ
1456 5755 1713 5825 λεχθῆναι
1745 5753 1898 5807 δυναο

1985 3129 2211 3185 modum
2240 3145 2342 3185 nos
2366 3129 2616 3194 deducit,
2670 3129 2801 3185 dum
2856 3144 2957 3200 per
3001 3130 3315 3203 religiosam
3378 3148 3567 3188 rerum

1984 3220 2481 3279 considerationem
2531 3223 2818 3278 amborum
2878 3223 3123 3279 rationes
3187 3224 3349 3280 nobis
3403 3225 3569 3292 sistit,

1985 3312 2192 3385 prioris
2218 3314 2443 3385 quidem
2473 3314 2785 3387 symbolum
2813 3316 3185 3386 quodcunque
3217 3332 3442 3372 sensum
3475 3333 3572 3375 ex-

1986 3404 2146 3459 cedat
2176 3420 2299 3461 esse
2330 3406 2559 3472 docens,
2613 3407 2845 3463 alterius
2872 3408 3159 3464 collectiva
3195 3424 3316 3464 esse
3345 3425 3469 3480 quae
3499 3408 3569 3464 ad

1987 3510 2209 3552 sensum
2243 3497 2556 3567 pertineant
2606 3513 2777 3569 opera
2810 3498 3122 3569 magniﬁca.
3168 3500 3247 3554 Ex
3305 3499 3572 3571 symbolis

2010 3589 2158 3644 enim
2184 3605 2306 3659 qua:
2335 3605 2561 3647 sensum
2586 3590 2861 3646 excedunt
2885 3590 3175 3646 veritatem
3205 3590 3475 3646 rationem
3513 3601 3573 3645 et

1988 3680 2326 3735 intellectum
2351 3690 2700 3751 superantem
2737 3682 2915 3737 solum
2936 3682 3102 3737 modo
3127 3683 3341 3738 censeri
3383 3682 3572 3739 existi—

1988 3788 2224 3836 mamus,
2243 3781 2299 3828 et
2314 3772 2446 3843 quid
2461 3782 2518 3828 et
2543 3773 2821 3843 quomodo
2838 3781 2895 3828 et
2915 3773 3094 3844 qualis
3109 3791 3174 3828 ea
3199 3775 3291 3838 sit,
3315 3783 3373 3828 et
3396 3774 3487 3829 ubi
3517 3782 3574 3828 et

1989 3864 2213 3934 quando
2245 3880 2594 3936 nequaquam
2640 3865 2923 3936 inquirere
2950 3875 3215 3922 conantes
3241 3874 3337 3921 aut
3390 3875 3571 3921 mente

1990 3955 2276 4026 percipere
2317 3956 2674 4021 sustinentes,
2718 3955 3163 4026 quandoquidem
3221 3955 3450 4027 periculi
3494 3955 3572 4010 fa-

1991 4045 2175 4100 ciendi
2223 4044 2561 4117 impietatem
2579 4044 2889 4099 devitamus
2918 4063 2931 4098 :
2967 4060 3035 4098 ex
3101 4044 3453 4100 sensualibus
3479 4060 3578 4099 au—

1993 4145 2124 4201 tem,
2188 4145 2455 4207 quantum
2508 4136 2563 4191 id
2595 4135 2757 4191 nobis
2781 4136 2933 4201 licet,
2964 4137 3203 4207 cogitatu
3233 4135 3578 4191 solummodo

1993 4227 2270 4282 subtiliter
2290 4229 2574 4297 capientes
2625 4242 2714 4281 res
2753 4226 2970 4282 divinas
3002 4226 3366 4297 cognoscendi
3394 4228 3581 4296 conje-

1995 4326 2182 4374 cturas
2214 4319 2390 4374 Deum
2424 4334 2545 4373 esse
2576 4316 3244 4391 statuimus-quacunque
3268 4331 3336 4372 ex
3364 4326 3582 4373 creatu-

1929 4412 1972 4468 ῐ)
2005 4411 2082 4468 ris
2121 4412 2293 4482 ipsius
2342 4410 2785 4483 cognoverimus.

2003 4650 2156 4717 Quod
2197 4651 2357 4705 etiam
2393 4651 2556 4722 ipsius
2588 4652 2766 4721 imago
2796 4650 3053 4705 Dominus
3089 4650 3249 4720 fuerit
3294 4651 3582 4705 secundum

2281 4759 2438 4797 suam
2468 4759 2564 4814 per
2593 4758 2810 4796 carnem
2839 4741 3300 4814 dispensationem.

2073 4856 2505 4913 Consideremus
2539 4867 2724 4911 autem
2768 4871 2952 4910 annon
2987 4872 3149 4911 suum
3186 4856 3421 4927 quisque
3444 4872 3585 4927 quos

2007 4949 2119 5005 dixi
2179 4948 2472 5003 modorum
2510 4946 2815 5004 secundum
2869 4948 3114 5003 divinam
3169 4949 3317 5003 illam
3367 4949 3585 5005 Domini

2006 5042 2547 5100 transformationem
2577 5043 2720 5097 bene
2747 5053 2910 5112 atque
2932 5043 3214 5112 sapienter
3239 5058 3399 5097 suum
3427 5050 3587 5098 tuea-

2009 5145 2097 5191 tur
2139 5133 2472 5206 symbolum.
2521 5133 2718 5203 Specie
2741 5133 2889 5187 enim
2929 5148 3057 5188 eum
3098 5133 3354 5188 humanm
3392 5132 3583 5192 simili.

2009 5226 2106 5280 sed
2146 5241 2260 5280 non
2290 5233 2502 5280 mutata
2528 5224 2704 5294 ipsius
2733 5233 2954 5287 natura,
2985 5222 3271 5277 conditum
3304 5239 3426 5278 esse
3455 5239 3589 5294 pro-

2008 5325 2132 5388 pter
2149 5317 2420 5372 inﬁnitam
2449 5330 2605 5371 suam
2632 5314 2686 5368 in
2711 5321 2887 5384 genus
2912 5313 3215 5367 humanum
3237 5308 3587 5388 clementiam

2009 5411 2096 5466 sui
2140 5410 2316 5480 ipsius
2361 5407 2671 5480 symbolum
2728 5418 2895 5477 atque
2953 5407 3247 5478 imaginem
3281 5386 3416 5461 ‘ﬁcri
3475 5421 3585 5459 non

2013 5510 2380 5566 recusantem,
2421 5509 2588 5571 atque
2619 5515 2687 5555 ex
2736 5515 2795 5554 se
2829 5498 2952 5569 ipso
2985 5514 3045 5552 se
3074 5499 3255 5568 ipsum
3288 5497 3588 5568 symbolice

2011 5592 2417 5654 demonstrare,
2471 5604 2682 5660 perque
2733 5604 2888 5643 suam
2942 5588 3320 5659 apparentiam
3350 5587 3417 5642 ad
3447 5600 3590 5648 sese.

2010 5683 2107 5753 qui
2150 5683 2205 5736 in
2265 5681 2606 5736 obscuritate
2659 5679 3072 5750 ubiqnelatet,
3124 5693 3345 5733 onmem
3394 5675 3588 5742 congii-

2015 5776 2220 5830 tioncm
2267 5772 2566 5836 deducere,
2610 5772 2973 5841 obscureque
3020 5776 3077 5824 ct
3124 5768 3372 5823 omnium
3430 5767 3592 5836 longe
