4012 6382
545 321 680 386 1167

1727 319 1789 381 S.
1831 321 2116 381 MAXIM!
2161 320 2677 385 CONFESSORIS

3663 337 3682 402 l
3695 343 3770 405 168

541 427 868 483 dillicillimo
932 424 1198 498 mysterio
1253 424 1532 480 obvolutae
1577 433 1636 480 et
1687 441 1808 496 qua!
1868 427 1937 480 ab
1990 427 2117 490 ullo,

2235 431 2402 500 μένης
2438 432 2621 502 (163
2647 433 2706 502 ὁ)
2737 435 2993 504 ἀπειρίας
3039 435 3138 498 τὰς
3184 439 3446 506 ἐκφανεῖς
3483 439 3568 494 διὰ
3609 452 3774 519 σαρχδς

539 527 812 590 quotquot
843 519 946 573 hac
972 517 1086 572 vita
1108 515 1373 583 fruimur,
1424 516 1854 588 haudquaquam
1897 517 2128 588 intelligi

537 621 596 666 et
641 611 786 666 edici
833 611 1030 681 possit,
1083 609 1375 665 inﬁnitatis
1410 609 1693 666 luculenta
1721 625 1822 681 per
1871 611 2128 666 incarna-

537 703 744 760 tionem
794 703 1119 760 hominibus
1155 711 1420 774 przestare
1465 703 1693 759 indicia.

746 889 1137 962 Contemplatio
1179 891 1430 962 fulgentis
1483 891 1694 950 Domini
1731 891 1908 962 faciei.

603 1093 878 1166 Splendor
918 1094 1090 1166 igitur
1117 1093 1276 1149 faciei
1336 1094 1556 1148 Domini
1617 1091 1632 1132 ι
1670 1093 1899 1149 vincens
1929 1093 2124 1149 Imma-

532 1200 660 1240 nam
711 1184 1109 1240 beatitudinem
1150 1183 1418 1254 apostolis
1449 1183 1718 1254 negativae
1747 1192 1834 1240 cst
1880 1184 2132 1260 mysticae.

531 1276 735 1334 Christi
783 1276 877 1330 Dei
927 1281 1162 1342 naturas,
1205 1291 1314 1345 qua
1373 1275 1531 1330 beata
1571 1284 1736 1346 atque
1783 1285 1974 1331 sancta
2034 1275 2124 1330 di-

533 1365 738 1422 vinitas
785 1364 1096 1421 secundum
1139 1363 1442 1418 essentiam
1481 1364 1786 1436 plusquam
1833 1363 2122 1419 inenarra-

535 1453 664 1510 bilis
722 1464 778 1510 et
822 1455 1117 1525 plusquam
1179 1453 1460 1525 incognita
1509 1466 1566 1510 et
1629 1455 1778 1509 omni
1849 1455 2122 1512 inlinitate

534 1546 751 1602 inﬁnite
802 1548 1057 1616 superior
1101 1562 1172 1600 ne
1226 1545 1519 1615 vestigium
1557 1546 1783 1616 quidem
1820 1547 1993 1601 ullum
2035 1537 2120 1602 vel

535 1646 701 1692 tenue
747 1637 1266 1708 comprehensionis
1290 1637 1358 1691 iis
1387 1653 1510 1707 quae
1547 1647 1668 1708 post
1699 1653 1757 1693 se
1799 1639 1988 1705 habet,
2031 1637 2119 1695 re-

531 1730 754 1800 linquit,
800 1745 904 1793 nec
935 1730 1219 1800 quomodo
1261 1731 1347 1784 vel
1380 1731 1732 1802 aliquatenus
1766 1731 1959 1786 eadem
1989 1732 2122 1786 unio

531 1820 602 1876 sit
646 1829 703 1875 et
749 1821 990 1884 trinitas,
1039 1820 1458 1892 intelligendum
1497 1821 1590 1875 ulli
1640 1837 1834 1876 eorum
1867 1821 1962 1891 qui.
1997 1831 2124 1876 sunt

529 1911 844 1978 concessit;
874 1911 1326 1981 quandoquidem
1367 1927 1398 1966 a
1437 1919 1692 1966 creatura
1731 1911 1784 1966 id
1829 1911 1976 1980 quod
2013 1927 2121 1964 non

531 2012 778 2058 creatura
820 2010 906 2058 est
957 2002 1079 2073 capi
1131 2003 1348 2071 nequit,
1398 2018 1577 2072 neque
1606 2001 1939 2080 cogitatione
1972 2017 2124 2056 com-

533 2095 805 2166 prehendi
853 2112 882 2150 a
926 2095 1094 2150 [initis
1144 2094 1446 2150 infinitum.

676 2285 1067 2358 Contemplatio
1108 2287 1163 2340 in
1199 2285 1489 2340 luminosas
1535 2284 1747 2338 Domini
1789 2293 1972 2338 vestes.

603 2399 1007 2456 Allirmativum
1039 2405 1225 2454 autem
1278 2397 1502 2452 modum
1551 2397 1604 2452 in
1651 2397 1886 2452 activam
1935 2396 2122 2466 provi-

531 2493 780 2549 dentiam
829 2489 1177 2562 etjudieium
1210 2489 1533 2544 distinctum
1562 2487 1848 2558 suspicor:
1877 2487 2117 2558 primum

531 2586 781 2657 quidem,
827 2583 931 2639 hoc
972 2592 1058 2638 est
1109 2583 1378 2647 activum,
1429 2581 1522 2652 qui
1577 2598 1647 2637 ex
1705 2581 2119 2652 pulchritudine

529 2687 590 2735 et
603 2676 984 2748 magnitudine
1003 2685 1386 2731 creaturarum
1404 2675 1576 2730 Deum
1598 2674 1977 2730 universitatis
1997 2690 2119 2729 esse

529 2771 801 2828 artificem
821 2768 1004 2840 colligi
1026 2768 1208 2838 jubet,
1230 2783 1329 2838 per
1353 2767 1672 2837 splendidas
1692 2767 1910 2820 Domini
1939 2779 2120 2822 vesws

529 2861 896 2926 manifestari,
947 2875 1088 2930 quas
1138 2858 1332 2916 Sermo
1378 2859 1433 2912 in
1487 2869 1776 2914 creaturas
1833 2859 1970 2914 visui
2017 2873 2114 2927 ap-

530 2964 793 3027 parentes
826 2953 1130 3024 productas
1167 2949 1435 3008 ostendit.

853 3133 1237 3205 Contemplatio
1277 3131 1390 3187 alia
1426 3132 1482 3185 in
1521 3129 1757 3201 Moysen.

599 3249 972 3309 Providentia:
1000 3254 1186 3304 autem
1221 3245 1445 3301 modum
1493 3259 1594 3315 per
1637 3244 1860 3316 Moysen
1899 3242 2112 3315 signiﬁ-

531 3344 668 3409 cari,
729 3349 793 3398 ut
831 3356 954 3412 quae
1005 3339 1307 3396 clementer
1352 3351 1546 3392 errore
1601 3337 1794 3392 eximit
1842 3337 2113 3408 pravitate

531 3444 838 3507 correptos,
879 3442 1044 3504 atque
1079 3431 1275 3488 modos
1307 3429 1673 3502 profectionis
1716 3429 1785 3484 ad
1829 3430 2015 3485 divina
2059 3437 2116 3484 et

529 3527 917 3586 immaterialia
955 3533 1011 3582 et
1040 3523 1409 3594 incorporalia
1434 3539 1466 3578 a
1496 3523 1882 3578 materialibus
1905 3531 1961 3577 et
1989 3538 2114 3578 cor-

531 3619 892 3691 ruptibilibus
935 3623 993 3672 et
1039 3615 1426 3686 corporalibus
1460 3613 1783 3670 hominibus
1834 3614 2116 3684 sapienter

529 3713 844 3787 distinguit,
897 3711 1214 3780 divinisque
1260 3709 1478 3781 legibus
1526 3708 1834 3781 prudenter
1863 3707 2043 3764 fulcit.

881 3969 1270 4042 Contemplatio
1304 3968 1416 4024 alia
1457 3971 1517 4024 in
1556 3968 1757 4024 Eliam.

599 4085 806 4144 Judieii
825 4095 962 4140 vero
984 4081 1208 4137 modum
1237 4097 1338 4152 per
1357 4082 1532 4138 Eliam
1557 4081 1881 4153 signiﬁcari,
1907 4091 1966 4137 ut
1995 4101 2117 4155 quae

531 4188 643 4236 tam
659 4177 832 4232 verbo
843 4189 1009 4244 quam
1022 4171 1168 4228 facto
1179 4171 1318 4229 alios
1335 4174 1640 4229 secundum
1660 4174 1917 4230 meritum
1931 4177 2112 4246 punit,

520 4265 1087 4340 "alios'prosequitnr,
1120 4265 1195 4320 ita
1240 4273 1302 4340 ut
1329 4265 1637 4320 secundum
1667 4265 1969 4336 subjectam
1996 4283 2114 4320 ma-

2139 3131 2186 3192 C

2231 520 2526 592 θεουργίας
2561 523 2872 595 ἀνθρώποις
2909 527 3176 597 παρέχειν
3211 529 3604 602 φιλανθρώπως
3629 543 3774 612 μηνύ-

2234 628 2404 685 ματα.
3187 613 3210 636 ‘

2298 889 2520 958 Θεωρία
2573 889 2681 946 τοῦ
2736 890 3172 960 ἀστράψαν-τος
3235 893 3564 964 «modum:
3623 863 3726 971 ,τοῦ

2897 984 3150 1054 Κυρίουη

2297 1094 2370 1148 Τὸ
2395 1095 2579 1150 τοίνυν
2609 1097 2728 1166 φῶς
2759 1101 2853 1152 τοῦ
2882 1099 3181 1170 προσώπου
3207 1105 3304 1158 τοῦ
3331 1107 3536 1178 Κυρίου
3571 1109 3628 1163 rh
3653 1113 3810 1182 νικῆι⁵

2227 1204 2328 1242 σαν
2352 1189 2456 1259 τῆς
2481 1189 2834 1261 ἀνθρωπίνης
2872 1192 3154 1264 μακαρίας
3193 1195 3522 1259 ἀποστόλοις
3564 1201 3658 1271 τῆς
3683 1205 3784 1256 κατ’

2222 1281 2499 1352 ἀπόφασιν
2533 1283 2805 1354 μυστικῆς
2829 1282 3133 1352 θεολογίας.
3170 1285 3297 1340 καθ’
3327 1288 3413 1360 δὴ
3447 1293 3684 1362 μακαρία
3709 1299 3784 1348 καὶ

2220 1373 2352 1441 ἁγία
2399 1373 2593 1447 θεότης
2650 1376 2772 1427 κατ’
2827 1375 3018 1428 οὐσίαν
3073 1378 3223 1431 ἐστὶν
3284 1379 3668 1452 ὑπεράρῥητος
3707 1389 3784 1440 καὶ

2221 1464 2646 1535 ὕπεράγνωστος
2694 1466 2789 1518 καὶ
2845 1465 3032 1538 πάσης
3099 1469 3360 1542 ἀπειρίας
3401 1473 3687 1544 ἀπειράκις
3712 1478 3779 1544 ἐξ·

2218 1555 2492 1626 ῃρημένη,
2523 1556 2630 1610 οὐδ’
2657 1557 2803 1626 ἴχνος
2833 1556 2968 1620 ὅλως
2999 1559 3362 1631 καταλήψεως
3395 1563 3499 1616 κᾶν
3530 1565 3678 1635 ψιλὸν
3694 1573 3784 1634 τοῖς

2227 1647 2346 1716 μετ’
2375 1645 2548 1716 αὐτὴν
2590 1648 2989 1718 καταλείψασα,
3035 1650 3156 1703 οὐδὲ
3207 1652 3306 1724 τὴν
3348 1655 3468 1718 πῶς
3497 1656 3598 1710 κᾶν
3631 1661 3782 1724 striato;

2223 1737 2256 1808 ἡ
2289 1739 2428 1806 αὐτὴ
2446 1739 2540 1792 καὶ
2573 1741 2744 1810 μονάς
2775 1743 2891 1794 ἐστι
2918 1743 3013 1795 καὶ
3040 1743 3198 1814 τριὰς
3226 1744 3442 1799 ἔννοιαν
3467 1749 3675 1816 ἐφιεῖσά
3699 1768 3782 1804 τινι

2220 1829 2329 1882 τῶν
2363 1831 2554 1895 ὄντων,
2582 1834 2771 1904 ἐπειδὴ
2807 1835 2942 1905 μηδὲ
2995 1836 3288 1906 χωρεῖσθαι
3338 1839 3520 1892 κτίσει
3563 1841 3619 1894 τὸ
3655 1842 3782 1897 ἄκτι-

2223 1942 2346 1978 στον
2374 1927 2606 1994 πέφυκε,
2639 1928 2775 1998 μηδὲ
2807 1929 3179 1996 περινοεῖσοαι
3213 1934 3328 1995 τοῖς
3377 1935 3782 2004 πεπερασμένος

2221 2018 2281 2070 τὸ
2311 2017 2559 2089 ἄπειρον.
3307 2017 3329 2031 “

2337 2284 2558 2352 Θεωρία
2583 2287 2673 2352 εἰς
2707 2285 2780 2340 τὰ
2807 2289 2972 2356 φανὰ
2995 2287 3103 2343 τοῦ
3129 2291 3354 2360 Kvplov
3383 2285 3696 2362 ἐνδύματα.

2298 2397 2401 2449 Τδν
2429 2397 2488 2450 δὲ
2517 2399 2894 2466 καταφατικὸν
2926 2400 3130 2473 τρόπον
3157 2401 3238 2465 εἷς
3270 2419 3334 2455 τε
3372 2401 3467 2456 τὸν
3503 2403 3622 2456 κατ’
3659 2403 3776 2473 ἐνέρ-

2226 2505 2386 2558 γειαν
2411 2490 2672 2560 πρόνοιάν
2705 2507 2765 2544 τε
2801 2491 2896 2546 καὶ
2923 2492 3105 2564 κρίσιν
3140 2493 3529 2564 διαιρούμενον
3549 2512 3563 2527 ·
3587 2496 3672 2548 τὸν
3701 2483 3778 2565 μὲν

2227 2580 2349 2632 κατ’
2375 2579 2683 2650 ἐνέργειαν,
2713 2579 2806 2633 τὸν
2833 2582 2898 2636 ἐκ
2929 2583 3196 2653 καλλονῆς
3224 2585 3271 2617 ⁸⁸
3296 2586 3394 2639 καὶ
3425 2585 3682 2656 μεγέθους
3694 2587 3777 2637 τῶν

2224 2671 2548 2740 κτισμάτων
2574 2671 2672 2743 τὴν
2709 2675 2841 2744 περὶ
2864 2673 2960 2728 τοῦ
2993 2673 3342 2748 δημιουργὸν
3365 2671 3512 2728 εῖναι
3539 2675 3644 2729 τῶν
3668 2675 3777 2728 ὅλων

2223 2760 2318 2814 τὸν
2363 2759 2498 2812 Θεὸν
2541 2761 2932 2832 εἰσηγούμενον
2967 2763 3224 2831 δήλωσιν,
3261 2765 3354 2819 διὰ
3397 2767 3510 2819 τῶν
3541 2765 3778 2837 λαμπρῶν

2224 2850 2552 2923 ἐσθημάτων
2581 2851 2676 2906 τοῦ
2708 2853 2918 2925 Κυρίου
2941 2853 3416 2929 δηλοῦσθωβπερ
3433 2860 3513 2922 είς
3538 2858 3602 2912 τὰ
3622 2857 3778 2927 φαινόο

2227 2961 2364 3015 μενα
2393 2943 2671 3016 κτίσματα
2713 2945 3076 3017 προεκλαῦὼν
3101 2949 3130 3002 ὀ
3158 2949 3337 3020 Λόγος
3363 2949 3658 3016 ἀπέδειξεν.

2503 3127 2721 3196 Θεωρία
2761 3126 2920 3196 ἄλλη
2948 3131 3037 3192 εις
3063 3127 3170 3181 τὸν
3194 3129 3488 3200 Manio-ﬁer.

2290 3239 2394 3292 Τὸν
2448 3239 2505 3292 δὲ
2547 3239 2686 3294 κατὰ
2735 3241 2990 3310 πρόνοιαν
3027 3241 3230 3312 τρόπον
3275 3240 3362 3297 διὰ
3409 3241 3506 3296 τοῦ
3531 3238 3776 3302 Μωῦσέως

2223 3329 2608 3400 σημαίνεσθαι,
2629 3330 2705 3396 ὡς
2731 3331 2956 3402 πλάνης
2969 3331 3368 3404 φιλανθρώπως
3413 3331 3774 3404 ἐξαιρουμένην

2221 3424 2349 3486 τοὺς
2373 3423 2546 3496 κακίᾳ
2581 3423 3066 3495 συνειλημμένους,
3097 3425 3190 3478 καὶ
3215 3426 3342 3490 τοὺς
3363 3426 3598 3498 τρόπους
3620 3422 3773 3492 σοφῶς

2213 3517 2328 3581 τοῖς
2365 3515 2680 3587 ἀνθρώποις
2729 3505 3208 3571 διαποικίλλουσαν
3237 3517 3340 3588 τῆς
3395 3518 3534 3590 πρὸς
3576 3515 3640 3570 τὰ
3674 3513 3772 3568 θεῖα

2214 3606 2310 3659 καὶ
2342 3606 2484 3662 άῦλα
2511 3607 2606 3661 καὶ
2635 3607 2906 3678 ἀσώματα
2941 3607 3050 3661 ἀπὸ
3091 3607 3200 3661 τῶν
3245 3609 3451 3667 ὑλικῶν
3494 3611 3587 3664 καὶ
3623 3606 3772 3677 φθαρ-

2211 3697 2322 3751 τῶν
2352 3699 2448 3755 καὶ
2481 3699 2816 3770 σωματικῶν
2857 3701 3162 3772 ἐκδημίας,
3214 3703 3310 3756 καὶ
3347 3703 3465 3768 τοῖς
3512 3699 3666 3764 θείοις
3701 3697 3770 3750 v6-

2216 3805 2339 3856 μοις
2367 3791 2749 3862 ἐπιστημόνως
2781 3791 3085 3863 ἐρείδουσαι.

2359 3967 2545 4041 (164
2574 3969 2630 4038 a)
2678 3969 2900 4038 Θεωρία
2937 3970 3098 4040 ἄλλη
3137 3973 3223 4038 είς
3265 3967 3376 4026 τὸλν
3408 3973 3625 4030 Ἠλίαν.

2285 4079 2390 4132 Τὸν
2443 4079 2500 4132 δὲ
2549 4080 2651 4151 τῆς
2705 4080 2944 4150 κρίσεως
2975 4081 3178 4154 τρόπον
3228 4083 3317 4139 διὰ
3367 4084 3468 4140 τοῦ
3529 4083 3696 4138 Ἠλίου
3731 4080 3770 4112 ’³

2217 4171 2540 4243 μηνύεσθαι,
2597 4173 2674 4238 ὡς
2710 4175 2879 4246 ’λόγῳ
2925 4192 2988 4230 τε
3041 4175 3138 4230 καὶ
3167 4176 3314 4249 ἔργῳ
3352 4180 3482 4243 τοὺς
3529 4177 3625 4249 μὲν
3664 4172 3766 4228 κατ’

2213 4262 2374 4342 ἀξίαν
2414 4265 2856 4337 τιμωρουμένης,
2896 4266 3025 4330 τοὺς
3058 4267 3116 4320 δὲ
3164 4272 3540 4340 περιεπούσης
3571 4267 3652 4320 διὰ
3689 4263 3764 4317 τοῦ

531 4363 726 4420 teriam
763 4368 820 4416 et
864 4358 1184 4430 qualitatem
1215 4358 1298 4413 vel
1332 4357 1558 4412 virtutis
1579 4357 1665 4412 vel
1695 4357 1985 4428 pravitatis
2010 4373 2108 4428 pro

2224 4354 2357 4407 κατὰ
2404 4354 2504 4428 τὴν
2559 4357 2930 4430 ὑποκειμένην
2973 4357 3110 4430 ὕλην
3163 4377 3224 4413 τε
3276 4361 3370 4415 καὶ
3405 4361 3657 4432 ποιότητα
3683 4356 3764 4424 τῆς

529 4454 730 4510 merito
752 4451 1187 4522 uniuscujusque
1204 4449 1562 4506 attribuatur.
1591 4449 1720 4504 Haec
1745 4449 1895 4506 enim
1925 4451 2112 4506 omnia

2224 4449 2410 4518 ὶρετῆς
2463 4447 2497 4518 ἦ
2558 4449 2659 4519 τῆς
2710 4448 2914 4512 κακίας
2967 4449 3188 4520 ἑκάστῳ
3251 4453 3576 4522 προσφόρως
3619 4443 3764 4513 αὐτὴν

529 4558 653 4617 quae
697 4544 882 4600 adhuc
926 4541 1311 4614 quaerebamus
1353 4543 1422 4598 de
1453 4549 1724 4613 pnesente
1761 4557 1934 4598 sacrae
1959 4543 2112 4598 Scri-

2224 4539 2569 4612 hppdCscOat.
2619 4540 2808 4595 Ταῦτα
2847 4542 2958 4613 γὰρ
2990 4542 3171 4596 πάντα
3218 4543 3286 4597 τὰ
3337 4539 3762 4616 προθεωρηθέντα

529 4647 706 4708 ριιπω
727 4635 848 4691 loco
868 4634 1086 4706 Moyses
1115 4641 1282 4704 atque
1308 4633 1481 4698 Elias,
1513 4632 1570 4688 id
1600 4632 1752 4704 quod
1773 4633 1842 4688 iis
1877 4632 2112 4689 maxime

2224 4631 2352 4684 ιατὰ
2381 4631 2472 4686 τὸν
2501 4631 2746 4703 παρόντα
2771 4631 2871 4704 τῆς
2902 4633 3063 4702 ἁγίας
3091 4634 3317 4705 Γραφῆς
3355 4636 3520 4690 τόπον
3548 4629 3762 4698 Μωῦσῆς

528 4727 690 4784 licuit
721 4728 815 4798 qui
844 4741 933 4782 res
961 4726 1180 4782 divinas
1223 4727 1407 4800 typice
1433 4741 1534 4797 per
1570 4740 1700 4780 suas
1743 4725 1988 4794 ipsorum
2021 4741 2112 4781 res

2224 4741 2268 4778 te
2295 4725 2390 4778 καὶ
2425 4723 2633 4789 Ἠλίας.
2665 4723 2740 4788 ὡς
2769 4725 2898 4797 ἐνῆν
2929 4726 3166 4796 μάλιστα
3191 4728 3321 4790 τοὺς
3364 4729 3434 4783 τὰ
3477 4728 3591 4782 θεῖα
3623 4739 3759 4776 τυπι-

520 4819 959 4882 .adumbrabant,
999 4818 1117 4873 suis
1161 4829 1394 4888 uterque
1444 4817 1648 4889 quibus
1677 4817 1813 4893 vixit
1839 4817 2104 4888 tempori~

2224 4817 2328 4880 κῶς
2377 4817 2446 4872 δι’
2479 4817 2692 4872 ἑαυτῶν
2740 4818 3165 4892 ὑπογράφοντας
3213 4822 3534 4893 πράγματα,
3579 4821 3634 4872 ἐν
3666 4815 3758 4873 τοῖς

531 4909 654 4974 bus,
690 4917 752 4964 ut
784 4915 1062 4972 narratur,
1093 4917 1350 4978 egerunt,
1379 4914 1586 4963 etcum
1631 4907 1741 4962 illis
1769 4907 2109 4962 conveniunt

2224 4908 2548 4963 καθ’ὲαυτὸν
2577 4910 2840 4982 ἑκάτερος
2887 4911 3103 4983 χρόνοις
3145 4912 3268 4966 καθ’
3313 4914 3550 4986 ἱστορίαν
3595 4903 3759 4979 είργά··

531 5015 652 5072 qua:
686 5017 786 5072 pro
829 4999 1312 5072 contemplationis
1363 4999 1524 5054 modo
1564 5001 1938 5070 exposuimus.

2224 5017 2400 5065 παντο,
2429 5000 2688 5072 ἐμφερῶς
2713 5001 2906 5073 ἔχοντα
2944 5003 3080 5072 πρὸς
3123 5003 3191 5056 τὰ
3235 5003 3504 5075 εἰρημένα
3531 4998 3662 5056 κατά
3685 4993 3758 5048 τὸν

2211 5091 2311 5162 τῆς
2338 5091 2571 5162 θεωρίας
2593 5093 2814 5162 τρόπον.

532 5263 914 5337 Contemplatio
947 5265 1010 5318 de
1043 5261 1234 5335 Moysis
1283 5270 1332 5317 et
1371 5263 1501 5318 Elim
1535 5265 1590 5318 in
1635 5265 2109 5337 transﬁguratione

2224 5271 2436 5341 Θεωρία
2469 5269 2602 5340 περὶ
2637 5268 2744 5338 τῆς
2775 5268 2924 5338 πρὸς
2958 5271 3067 5326 τὸν
3095 5273 3317 5342 Κύριον
3351 5272 3501 5328 κατὰ
3541 5267 3646 5335 τὴν
3664 5277 3751 5333 με·

965 5374 1085 5411 cum
1116 5353 1342 5410 Domino
1389 5355 1670 5428 colloquio.

2285 5363 2660 5435 ταμόρφωσιν
2685 5361 3005 5428 διαλέξεως
3023 5365 3316 5429 Μωῦσέως
3346 5366 3446 5421 καὶ
3492 5362 3692 5420 Ἠλίου.

603 5470 681 5526 Ex
712 5468 988 5540 colloquio
1012 5477 1198 5523 autem
1232 5483 1427 5522 eorum
1462 5483 1587 5522 cum
1617 5467 1850 5523 Domino
1875 5478 1930 5524 et
1957 5471 2104 5540 quod

2297 5475 2397 5532 ‘En
2421 5475 2478 5530 δὲ
2510 5474 2604 5531 τοῦ
2641 5475 2921 5532 συλλαλεῖν
2951 5477 3152 5542 αὐτοὺς
3189 5478 3270 5548 τῷ
3307 5479 3518 5550 Κυρίῳ,
3551 5473 3638 5536 καὶ
3671 5464 3750 5532 τὴν

612 5582 629 5624 ³
667 5584 856 5639 Μειιιι·
884 5599 1015 5648 δίνην
1049 5583 1106 5638 2·
1821 5653 2052 5710 unus
2092 5655 2500 5716 LECTIONES.

603 5749 652 5781 τι
683 5748 917 5820 καλονῆς
945 5747 1114 5804 habet
1149 5745 1270 5801 eod.
1303 5745 1449 5801 Gud.
1526 5746 1756 5802 “'llizod
1783 5749 1906 5808 eod.
1942 5749 2086 5806 Gud.
2117 5751 2230 5808 Nec
2260 5753 2428 5810 semel
2472 5753 2566 5810 ita.
