4012 6366
161 475 313 540 11ης)
469 527 480 540 .
1415 479 1518 538 ΑΜ
1531 477 1761 538 BIGUO

1878 477 1931 535 .‘vI
1969 475 2220 536 LIBER.
3306 463 3457 528 1170.

157 592 347 658 ἒξώον
381 594 564 664 λέγειν
610 594 910 666 ῆν-ἔμελλε
966 588 1215 667 πληροῦν
1269 597 1325 650 ὲν
1373 593 1757 666 Ἰερουσαλὴμ,

1872 593 2033 648 finem
2087 593 2410 650 indixerunt
2439 605 2604 662 quem
2631 587 3028 672 Hierosolymis
3073 585 3450 656 completur-us

156 689 224 738 οὐ
281 687 444 757 μόνον
489 688 588 759 τὴν
628 688 716 742 ἐπ’
765 687 916 761 αὐτῷ
955 689 1042 742 διὰ
1087 689 1257 757 νόμου
1304 691 1394 742 καὶ
1450 689 1752 759 προφητῶν

1872 695 2024 751 esset,
2062 701 2172 740 non
2205 685 2384 742 solum
2427 684 2497 740 de
2525 682 2912 756 mysteriorum
2943 681 3001 734 in
3035 694 3125 744 eo,
3166 692 3331 748 quem
3367 676 3452 730 lex

160 779 704 849 προκεκηρυγμένην
761 779 871 832 τῶν
943 780 1264 850 μυστηρίων
1305 779 1530 834 ἑκϐασιν
1578 779 1754 832 ἐδιδά-

1872 795 1921 834 ιο
1959 777 2246 849 propheta:
2291 776 2756 846 prtedicaverant,
2816 773 2972 828 exitu
3017 769 3456 828 erudiebantur.

163 883 382 931 σκοντο,
429 867 546 921 ἀλλ’
583 868 716 933 ἴσως
764 870 860 923 καὶ
910 870 971 923 τὸ
1021 870 1096 941 μὴ
1140 869 1349 940 ληπτὺν
1392 865 1534 922 εἶναι
1569 867 1758 940 μηδενὶ

1872 873 1952 928 sed
2002 871 2237 927 [eruisse
2282 869 2451 926 etiam
2502 868 2573 924 de
2617 882 2686 924 eo
2733 865 2882 938 quod
2936 863 3077 919 nulli
3116 861 3344 917 omnino
3396 859 3456 914 in

164 957 402 1012 καθόλου
440 959 550 1012 τῶν
599 961 772 1014 ὄντων
809 962 870 1014 τὸ
907 963 1082 1033 πέρας
1115 961 1218 1030 τῆς
1247 962 1492 1032 ἀρρήτου
1529 961 1659 1030 περὶ
1697 959 1758 1011 τὸ

165 1047 282 1116 πᾶν
299 1046 497 1117 βουλῆς
525 1047 620 1101 τοῦ
656 1049 794 1103 Θεοῦ
822 1050 1051 1104 καὶτῶν
1075 1051 1162 1104 ἐπ’
1190 1051 1330 1121 αὐτῇ
1367 1049 1527 1103 θείων
1555 1050 1760 1102 οἰκονοο

169 1141 340 1209 μιῶν,
386 1142 526 1214 πλὴν
561 1143 662 1214 τῆς
697 1144 941 1216 μεγάλης
989 1145 1156 1199 αὑτοῦ
1199 1143 1456 1216 προνοίας
1493 1145 1592 1196 καὶ
1637 1141 1762 1212 κρί-

172 1247 338 1294 σεως,
373 1231 441 1286 δι’
491 1225 567 1286 ὧν
611 1235 692 1297 είς
736 1235 798 1288 τὸ
835 1237 982 1308 μόνῳ
1030 1237 1110 1307 τῷ
1157 1236 1278 1308 Θεῷ
1313 1235 1764 1308 προεγνωσμένον

168 1320 330 1385 τέλος
359 1322 422 1376 τὸ
449 1324 560 1377 πᾶν
592 1325 875 1390 εὐτάκτως
915 1329 1222 1398 ἐπείγεται,
1262 1329 1402 1400 ὅπερ
1431 1327 1634 1388 πάντες
1667 1325 1766 1396 μὲν

165 1413 376 1482 ὁμοίως
401 1414 677 1486 ἠγνόησαν
725 1418 868 1472 κατά
888 1419 950 1473 τὸ
975 1419 1030 1473 τί
1057 1435 1188 1472 ποτε
1227 1415 1367 1473 εἶναι
1401 1419 1497 1472 καὶ
1526 1418 1641 1480 πῶς
1672 1417 1768 1472 καὶ

168 1509 329 1560 ποῖον
359 1509 454 1562 καὶ
489 1509 643 1576 πότε,
693 1511 845 1580 μόνοι
880 1513 938 1566 δὲ
978 1513 1197 1585 ἀληθῶς
1239 1513 1400 1584 μόνον
1447 1512 1768 1581 ἐπέγνωσαν

166 1597 395 1652 ἔσεσθαι
434 1601 484 1653 οἱ
512 1601 614 1671 τὴν
646 1601 826 1674 ψυχὴν
872 1605 1097 1676 ἀρεταῖς
1136 1605 1546 1676 ἐκκαθάραντες
1597 1603 1766 1672 διγιοι.

171 1689 276 1741 καὶ
314 1689 452 1758 πρὸς
487 1691 556 1744 τὰ
580 1691 700 1745 θεῖα
725 1692 826 1764 τὴν
859 1696 1034 1766 ῥοπὴν
1071 1697 1243 1764 αὐτῆς
1270 1697 1400 1766 ὅλην
1441 1693 1541 1764 τὴν
1573 1693 1768 1763 νοεράν

166 1779 374 1844 ὑλικῶς
406 1783 881 1852 μετεγκλίναντες,
913 1788 1106 1859 αὐτῆς,
1145 1788 1224 1852 ὡς
1281 1790 1480 1850 εἰπεῖν,
1507 1789 1604 1857 τῆς
1633 1784 1772 1839 καθ-

164 1871 300 1926 όλου
331 1873 436 1928 τῶν
461 1875 674 1945 ὁρατῶν
704 1876 943 1946 φύσεως,
973 1880 1042 1934 δι’
1069 1873 1144 1934 ὧν
1193 1879 1383 1954 (1θάΙ
1401 1880 1469 1950 b)
1517 1879 1772 1932 συνίστα-

1862 971 1972 1018 tota
2002 978 2188 1018 rerum
2232 969 2429 1016 natura
2463 959 2666 1015 divina:
2711 972 2926 1013 arcana
2948 954 3100 1012 circa
3133 955 3456 1008 unitersum

1861 1054 1960 1110 Dei
2002 1054 2303 1110 voluntatis
2344 1062 2402 1108 et
2453 1051 2774 1108 divinorum
2819 1050 2942 1121 ejus
2981 1044 3456 1117 dispensationum

1864 1145 1992 1201 ﬁnis
2021 1145 2495 1216 comprehendere
2536 1153 2746 1215 posset,
2794 1149 2996 1213 praeter
3041 1153 3293 1210 magnam
3339 1137 3461 1206 ejus

1867 1238 2277 1308 providentiam
2325 1246 2385 1293 et
2431 1235 2728 1309 judicium,
2786 1234 2992 1306 quibus
3039 1232 3096 1287 in
3145 1230 3314 1286 ﬁnem
3355 1227 3458 1284 soli

1866 1331 1980 1385 Deo
2011 1330 2409 1401 prtemgnitum
2437 1327 2624 1384 omnia
2647 1327 2904 1383 ordinate
2935 1323 3266 1396 procedunt,
3293 1335 3460 1392 quem

1869 1421 2035 1477 tinem
2081 1421 2216 1492 quid
2253 1422 2329 1477 sit
2369 1421 2592 1476 tandem
2635 1429 2695 1476 et
2735 1416 3019 1490 quomodo
3059 1422 3120 1471 et
3165 1413 3346 1485 qualis
3402 1419 3462 1468 et

1869 1507 2093 1576 quando
2134 1523 2292 1578 aeque
2349 1508 2749 1579 iguoraverunt
2795 1520 3013 1572 omnes,
3065 1503 3281 1574 solique
3327 1515 3460 1556 vere

1871 1597 2144 1654 duntaxat
2195 1606 2344 1654 nunc
2387 1599 2636 1654 futurum
2683 1611 2806 1654 esse
2857 1602 3240 1668 cognoverunt
3283 1591 3460 1648 sancti

1871 1699 2085 1745 mentes
2139 1691 2441 1746 Virtutibus
2485 1689 2742 1760 purgati,
2795 1691 3004 1759 quique
3063 1687 3458 1742 libramentum

1874 1782 2247 1838 iutelleetuale
2278 1783 2484 1838 mentis
2519 1789 2698 1837 totum
2741 1791 2798 1836 et
2827 1781 2988 1851 plene
3025 1778 3092 1834 ad
3140 1778 3327 1834 divina
3358 1777 3460 1832 de-

1875 1873 2240 1939 clinaverunt,
2291 1875 2361 1929 ab
2405 1875 2543 1945 ipsa,
2595 1882 2657 1928 ut
2705 1873 2779 1927 ita
2813 1871 3017 1937 dicam,
3055 1871 3351 1926 universali
3381 1871 3463 1926 vi-

169 1963 304 2019 σθαι
345 1968 556 2035 tri-1:02:
580 1969 819 2039 τρόπων.
851 1971 914 2024 τὸ
956 1971 1109 2036 τέλος
1135 1974 1237 2044 τῆς
1275 1970 1562 2043 παρούσης
1595 1969 1764 2038 αὐτῆς

1872 1965 2112 2020 sibilium
2175 1974 2374 2022 natura
2431 1981 2532 2036 per
2575 1965 2824 2030 eosdem,
2870 1964 3078 2036 quibus
3126 1964 3459 2032 constiterit,

169 2056 502 2127 εὐκοσμίας,

173 2165 394 2216 σαντες.

579 2063 866 2133 μονονουχὶ
931 2064 1232 2136 διαρρήδην
1301 2063 1536 2135 βοώσης,
1603 2060 1774 2119 ἀκού-

171 2330 402 2399 Θεωρία
429 2333 664 2402 φυσικὴ
685 2337 821 2406 περὶ
848 2335 957 2391 τοῦ
989 2335 1168 2402 τέλος
1191 2334 1261 2400 ἐξ
1290 2332 1562 2406 ἀνάγκης
1592 2332 1760 2404 ἔχειν

773 2427 883 2481 τὸν
924 2428 1177 2497 κόσμον.
1490 2436 1496 2442 ”

245 2538 732 2612 Περιαθρήσαντες
768 2542 901 2610 γάρ,
956 2541 1033 2605 ὡς
1081 2543 1208 2612 ἐνῆν
1260 2541 1520 2612 μάλιστα,
1543 2541 1773 2613 ἐπιστη-

174 2629 359 2699 μόνως
374 2631 466 2686 τὸν
483 2651 560 2686 πα
565 2633 732 2706 ρόντα
752 2634 980 2704 κόσμον,
1003 2633 1098 2687 καὶ
1118 2633 1228 2686 τῶν
1260 2635 1318 2686 ἐν
1336 2632 1487 2704 αὐτῷ
1506 2631 1772 2696 ποικίλως

171 2719 429 2792 ἀλλήλοις
459 2726 928 2796 συνηρμοσμένων
965 2725 1262 2796 σωμάτων,
1290 2724 1382 2778 τὸν
1399 2725 1776 2793 συνεπτυγμέ·

172 2829 267 2866 νον
295 2814 418 2867 κατ’
463 2801 673 2872 ἔννοιαν
699 2819 881 2889 σοφῶς
917 2818 1506 2888 ὲξαπλώσαντεςλόγον
1521 2814 1680 2888 εὗρον
1709 2818 1777 2873 τὰ
1830 2837 1842 2848 δ

177 2901 282 2970 μὲν
311 2903 494 2958 αὐτῶν
526 2905 764 2978 αἰσθητά
801 2909 896 2962 καὶ
931 2909 1296 2980 ἀντιληπτικὰ
1341 2910 1436 2962 καὶ
1483 2909 1772 2971 καθολικάν

174 2993 360 3050 πάντα
403 2997 460 3052 δὲ
506 3001 643 3053 πᾶσι
684 3001 1055 3073 περιεχόμενά
1097 3020 1153 3056 τε
1185 3003 1280 3055 καὶ
1326 3003 1772 3072 περιτρεπόμενα

175 3087 244 3156 τῇ
271 3087 556 3160 smmum
581 3089 681 3160 τῆς
712 3092 842 3164 περὶ
867 3091 1102 3146 ἕκαστον
1130 3093 1290 3155 ποιᾶς
1334 3091 1614 3160 ίδιότητος.
1643 3092 1771 3158 Τοῖς

177 3178 281 3248 μὲν
311 3171 422 3249 γ’ἀρ
448 3179 730 3251 αἰσθητοῖς
751 3183 1070 3254 περιέχεται
1091 3185 1234 3237 κατά
1268 3182 1430 3252 φύσιν
1469 3181 1536 3236 τὰ
1573 3183 1768 3254 αἰσθη-

174 3270 327 3332 τικά,
359 3270 428 3324 τὰ
452 3270 509 3325 δὲ
543 3272 779 3343 αἰσθητά
808 3275 922 3337 τοῖς
952 3272 1296 3344 αἰσθητικοϊς
1330 3275 1453 3328 κατ’
1487 3275 1762 3346 αίσθησιν,

1865 2057 2060 2112 modos
2105 2061 2399 2128 praesentis
2431 2060 2556 2130 ejus
2595 2057 2813 2114 ordinis
2845 2057 3036 2123 linem,
3075 2065 3290 2114 tantum
3347 2072 3461 2112 non

1864 2151 2072 2207 diserte
2123 2161 2181 2207 et
2233 2153 2382 2208 clara
2432 2167 2572 2207 voce
2607 2151 2966 2222 praedicante,
3019 2149 3378 2220 accipientes.

1799 2272 1870 2285 .—

1873 2332 2260 2404 Contemplatio
2305 2332 2570 2388 naturalis
2619 2333 2686 2388 de
2735 2335 3042 2390 necessitate
3080 2332 3205 2404 ﬁnis
3256 2331 3460 2388 mundi.

1949 2540 2292 2596 Perlustrato
2313 2540 2460 2595 enim
2483 2556 2720 2606 summa,
2743 2555 2866 2611 quae
2889 2539 3217 2611 suppetebat
3239 2539 3459 2610 peritia,

1879 2634 1987 2688 hoc
2034 2641 2305 2704 praesente
2349 2633 2580 2698 mundo,
2624 2633 3066 2702 corporibusque
3111 2632 3165 2687 in
3207 2648 3277 2687 eo
3311 2631 3461 2686 varie

1873 2725 1980 2780 sibi
2035 2726 2379 2796 junctorum,
2429 2723 2816 2794 complicatam
2872 2731 3060 2776 mente
3104 2721 3241 2776 scite
3287 2718 3462 2790 expli-

1872 2824 2070 2872 carunt
2123 2817 2418 2882 rationem,
2469 2823 2526 2871 et
2578 2815 2917 2870 invenerunt
2966 2821 3179 2884 partem
3233 2811 3460 2883 quidem

1870 2927 2065 2966 eorum
2105 2909 2390 2965 sensibilia
2443 2923 2567 2965 esse
2605 2917 2661 2964 et
2693 2905 3216 2978 comprehensibilia
3245 2911 3303 2959 et
3332 2903 3460 2958 uni-

1871 3003 2124 3068 versalia,
2154 3001 2340 3056 omnia
2379 3017 2514 3056 vero
2542 3000 2808 3056 omnibus
2850 2997 3097 3055 coerceri
3137 3005 3302 3066 atque
3325 3011 3462 3050 cou-

1869 3095 2011 3149 verti
2034 3093 2420 3150 vicissitudine
2443 3092 2804 3164 proprietatis
2821 3091 3221 3162 qualiscunque
3245 3087 3462 3158 singula

1867 3186 2284 3242 circumdantis.
2327 3185 2706 3242 Sensibilibus
2749 3184 2896 3239 enim
2939 3189 3268 3238 coercentur
3296 3189 3461 3236 natus-

1864 3278 2058 3334 raliter
2107 3293 2231 3348 qum
2278 3277 2548 3342 sentiunt,
2599 3277 2884 3332 sensibilis
2920 3289 3058 3328 vero
3103 3288 3267 3330 sensu
3298 3272 3464 3327 aliter

173 3360 252 3417 ὡς
281 3361 606 3432 ἀντιληπτά.
638 3365 748 3417 Καὶ
785 3364 948 3418 πάλιν
974 3365 1042 3418 τὰ
1069 3366 1167 3436 μὲν
1199 3365 1431 3420 καθόλου
1459 3369 1570 3428 τοῖς
1610 3384 1764 3437 μερι-

1873 3367 1940 3422 iis
1983 3383 2106 3438 qua:
2148 3367 2421 3432 sentiunt,
2455 3375 2516 3422 ut
2549 3363 3096 3438 comprelrensibilia.
3128 3364 3306 3434 Atque
3340 3378 3463 3418 rur-

175 3456 298 3518 κοῖς
360 3455 506 3509 κατά
552 3457 864 3523 ἀλλοίωσιν,
915 3458 984 3511 τὰ
1022 3458 1080 3512 δὲ
1134 3459 1336 3530 μερικά
1383 3462 1493 3522 τοῖς
1535 3458 1768 3512 καθόλου

173 3547 322 3602 κατὰ
367 3548 632 3603 ἀνάλυσιν
677 3551 1124 3622 περιτρεπόμενα
1160 3550 1464 3622 φθείρεται.
1519 3552 1628 3604 Καὶ
1660 3551 1768 3605 τῶν

177 3641 282 3711 μὲν
311 3640 403 3693 διὰ
425 3641 526 3710 τῆς
565 3641 674 3696 τῶν
707 3642 883 3696 ἄλλων
915 3644 1186 3711 γενέσεως
1221 3645 1255 3712 ἡ
1300 3641 1477 3714 φθορά
1523 3643 1768 3710 ἐπιγίνε-

173 3751 288 3786 ται.
338 3733 461 3788 Τῶν
492 3734 601 3802 γάρ
633 3735 866 3788 καθόλου
911 3737 943 3804 ἠ
990 3735 1126 3804 πρὸς
1171 3735 1376 3804 ἄλληλα
1416 3735 1631 3798 σύνοδος
1659 3735 1768 3790 τῶν

178 3841 244 3893 με
257 3822 427 3892 ρικῶν
453 3824 754 3894 ποιουμένη
771 3825 869 3894 τὴν
895 3825 1111 3893 γένεσιν
1128 3824 1373 3894 ἀλλήλων
1393 3827 1458 3895 τῇ
1485 3825 1766 3880 ἀλλοιώσει

172 3917 296 3968 ἐστὶ
325 3913 522 3988 φθορὰ,
547 3917 641 3969 καὶ
671 3916 781 3971 τῶν
811 3915 881 3970 αὖ
907 3915 1150 3987 μερικῶν
1177 3919 1208 3986 ἡ
1238 3917 1378 3970 κατά
1399 3917 1641 3972 διάλυσιν
1669 3917 1767 3986 τῆς

171 4007 478 4072 συνδέσεως
531 4009 669 4079 πρὸς
721 4009 790 4062 τὰ
826 4008 1058 4064 καθόλου
1103 4008 1364 4073 ἀνάλυσις
1408 4007 1507 4080 τὴν
1559 4009 1767 4078 φθορὰν

169 4102 552 4170 ἐπεισάγουσα
580 4101 690 4154 τῶν
725 4101 956 4154 καθόλου
986 4102 1102 4154 ἐστὶ
1155 4102 1384 4173 διαμονή
1413 4103 1504 4155 καὶ
1531 4102 1761 4170 γένεσις.

169 4193 288 4246 Καὶ
309 4192 516 4262 ταύτην
537 4187 676 4246 εἶναι
706 4193 969 4262 μαθόντες
1000 4192 1092 4246 τοῦ
1125 4194 1386 4264 αἰσθητοῦ
1429 4193 1636 4263 κόσμου
1667 4195 1766 4264 τὴν

171 4282 458 4345 σύστασιν,
492 4281 591 4354 τὴν
627 4284 706 4344 εἰς
749 4282 958 4353 ἄλληλα
988 4282 1094 4335 τῶν
1128 4284 1185 4337 ἐν
1223 4283 1374 4352 αὐτῷ
1406 4284 1672 4350 σωμάτων
1706 4283 1766 4349 ἐξ

167 4366 248 4427 ὧν
281 4373 376 4425 καὶ
405 4375 462 4426 ἐν
491 4367 572 4436 οἷς
615 4375 891 4444 ὑφέστηκε
929 4381 943 4442 (
972 4374 1130 4446 165
1163 4393 1193 4430 a
1218 4375 1234 4442 )
1262 4375 1328 4428 δι’
1354 4375 1603 4444 ἀλλήλων
1633 4377 1762 4445 φθο-

170 4463 276 4532 ράν
315 4464 408 4516 καὶ
437 4461 746 4528 ἀλλοίωσιν,
804 4465 1116 4528 ἀκολούθως
1145 4466 1232 4520 διὰ
1277 4468 1377 4538 τῆς
1410 4467 1552 4520 κατά
1603 4467 1765 4536 φύσιν

167 4555 413 4607 ἀστάτου
445 4555 541 4608 καὶ
571 4553 871 4627 ἀλλοιωτῆς
899 4558 994 4610 καὶ
1026 4556 1213 4612 ἄλλοτε
1240 4559 1418 4622 ἄλλως
1457 4562 1767 4632 φερομένης

167 4661 230 4697 τε
257 4645 355 4698 καὶ
374 4645 849 4716 περιτρεπομένης
878 4648 1108 4702 καθόλου
1139 4649 1248 4703 τῶν
1279 4649 1338 4714 ἐξ
1364 4645 1438 4704 ὧν
1463 4653 1762 4722 συνέστηκε

1869 3474 1964 3513 sus
1994 3439 2325 3513 utiiversalia
2368 3458 2797 3528 particularibus
2846 3455 3157 3511 secundum
3199 3455 3462 3508 immuta-

1865 3547 2098 3609 tionem,
2121 3547 2480 3618 particularia
2497 3556 2694 3604 contra
2717 3545 3132 3602 universalibus
3151 3543 3458 3598 secundum

1868 3640 2290 3696 dissolutionem
2319 3654 2588 3696 conversa
2625 3647 3088 3708 corrumpuntur.
3118 3637 3295 3706 Atque
3314 3635 3456 3704 parti

1867 3740 2090 3810 quidem
2115 3757 2213 3811 per
2233 3739 2469 3796 aliorum
2502 3740 2915 3810 generationem
2947 3738 3206 3792 interitus
3231 3735 3454 3791 accidit.

1866 3829 2268 3886 Uuiversalium
2325 3830 2474 3886 enim
2522 3838 2714 3884 mutua
2767 3829 2916 3883 inter
2968 3842 3026 3883 se
3078 3827 3453 3898 congregatio,

1867 3924 1999 3980 dum
2048 3913 2464 3996 particularium
2513 3921 2683 3976 eﬂicit
2733 3920 3168 3991 generatidnem,
3213 3919 3456 3988 singulo-

1867 4030 1990 4070 rum
2031 4016 2175 4070 inter
2197 4030 2316 4071 sese
2346 4013 2728 4070 immutatione
2755 4011 3014 4066 interitus
3033 4020 3138 4076 est,
3167 4019 3222 4064 et
3251 4010 3454 4064 iterum

1866 4106 2286 4176 partit-triarium
2353 4122 2496 4160 nexu
2549 4105 2770 4160 sublato
2827 4103 2886 4158 in
2933 4103 3268 4158 universalia
3315 4101 3458 4156 facta

1868 4198 2155 4264 resolutio,
2189 4197 2319 4253 dum
2369 4199 2657 4276 interitum
2697 4197 3022 4262 introducit,
3056 4195 3454 4250 universaliurn

1866 4299 1951 4346 est
1996 4289 2318 4360 percnnitas
2367 4305 2432 4344 ac
2489 4289 2797 4361 generatio.
2840 4289 3019 4359 Atque
3069 4289 3210 4344 banc
3262 4289 3456 4342 mundi

1867 4381 2146 4436 sensibilis
2194 4368 2672 4444 constitutionem,
2701 4395 2828 4435 cum
2871 4387 3126 4433 mutuum
3170 4393 3293 4432 esse
3329 4393 3458 4434 nos-

1867 4481 1991 4528 sent
2037 4487 2357 4542 corporum,
2411 4471 2482 4524 de
2528 4471 2735 4541 quibus
2771 4478 2828 4526 et
2867 4472 2921 4524 in
2950 4469 3153 4540 quibus
3191 4469 3457 4526 consistat

1867 4578 1967 4634 per
1999 4577 2057 4617 se
2105 4563 2220 4634 ipsa
2279 4563 2569 4618 interitum
2631 4563 3210 4632 immutationemque,
3258 4575 3456 4616 conse-

1867 4661 2102 4723 quenter
2149 4669 2215 4708 ex
2257 4653 2500 4708 instabili
2539 4652 2845 4708 secundum
2879 4661 3133 4707 naturam
3164 4661 3220 4707 et
3251 4651 3454 4706 immu-

168 4735 448 4804 σωμάτων
473 4715 734 4806 ἰδιότητος
754 4715 852 4808 την
874 4739 933 4804 ἐξ
949 4739 1197 4810 ἀνάγκης
1228 4741 1352 4794 καθ’
1381 4744 1572 4813 εἱρμὸν
1603 4715 1764 4815 γενη-

1872 4715 1980 4798 tata
2015 4759 2138 4814 qua:
2187 4745 2297 4799 huc
2350 4745 2484 4798 illuc
2514 4745 2692 4800 fertur
2724 4744 3184 4814 convertiturque
3209 4744 3451 4815 generali

166 4827 413 4898 σομένην
449 4828 618 4882 αὐτοῦ
673 4831 988 4885 συντέλειαν
1030 4832 1433 4904 ἐπαιδεύθησαν
1481 4837 1580 4889 οὐκ
1626 4833 1766 4891 εἶναι

1872 4849 2160 4905 corporum
2191 4835 2398 4907 quibus
2433 4845 2654 4892 constat
2695 4837 3058 4908 proprietate,
3117 4837 3186 4892 de
3219 4853 3360 4892 nexu
3393 4851 3456 4892 ac

164 4917 422 4984 δυνατὸν,
461 4917 586 4973 οὔτε
635 4919 744 4991 μὴν
779 4919 1008 4993 λογικῆς
1049 4925 1320 4989 συνέσεως
1377 4926 1550 4980 ἀΐδιον
1598 4929 1766 4996 φάναι

1872 4925 2006 4980 serie
2066 4926 2188 4996 ejus
2254 4928 2574 4982 necessario
2631 4927 3169 4983 consummationem
3226 4929 3455 4982 evenire

164 5007 232 5059 τὸ
289 5007 366 5079 μὴ
418 5007 686 5074 ὡσαύτως
742 5009 866 5081 ἔχον
919 5011 1027 5076 ἀεὶ,
1079 5013 1202 5084 δίχα
1249 5014 1462 5084 τροπῆς
1517 5017 1612 5070 καὶ
1665 5016 1766 5086 τῆς

1872 5031 2022 5087 posse
2070 5017 2278 5073 nullam
2323 5018 2726 5084 edocebantur,
2779 5028 2930 5075 recte
2969 5019 3310 5074 aestimantes
3351 5033 3454 5073 nec

159 5099 392 5154 οἱασοῦν
452 5099 816 5168 ἀλλοιώσεως,
875 5102 1014 5158 ἀλλά
1066 5105 1282 5177 μυρίοις
1336 5108 1765 5180 σκεδαννύμενον

1872 5110 2204 5166 rationaliter
2240 5111 2430 5182 utique
2471 5127 2632 5182 posse
2687 5111 2920 5183 intelligi
2970 5110 3251 5182 quomodo
3289 5119 3452 5165 aeter-

157 5191 394 5262 τρόποις
429 5193 525 5246 καὶ
556 5193 1045 5264 περιτρεπόμενον,
1077 5195 1256 5267 ὀρθῶς
1285 5197 1658 5268 λογισάμενοι.

1859 5218 1993 5256 num
2045 5203 2155 5258 dici
2186 5212 2355 5274 queat
2394 5204 2544 5274 quod
2594 5211 2652 5259 et
2679 5219 2901 5274 semper
2928 5204 3034 5258 sibi
3070 5217 3179 5258 non
3213 5211 3452 5262 constet.

160 5299 273 5339 nec
319 5284 705 5342 vicissitudine
733 5295 791 5342 et
822 5287 1196 5360 qualicunque
1242 5289 1624 5377 immutatione
1691 5303 1900 5363 careat,
1952 5296 2050 5355 sed
2102 5297 2322 5358 inﬁnito
2369 5297 2666 5354 modorum
2733 5311 2970 5354 numero
3031 5295 3336 5367 dissipetur
3398 5311 3454 5356 er

158 5381 547 5429 convertatur.

160 5529 395 5598 Θεωρία
440 5529 740 5600 σύντομος
793 5531 929 5599 περὶ
981 5533 1086 5588 τοῦ
1131 5535 1472 5605 μέλλοντος
1523 5539 1763 5608 αἰῶνος,

235 5621 337 5678 καὶ
397 5622 454 5675 τί
507 5621 578 5676 τὸ
623 5623 831 5692 χάσμα
879 5624 1009 5678 ἐστὶ
1061 5625 1127 5678 τὸ
1173 5629 1404 5696 μεταξὺ
1455 5632 1603 5686 θεοῦ
1662 5635 1760 5690 καὶ

235 5716 588 5783 ἀνθρώπων,
629 5717 729 5770 καί
785 5717 840 5770 τί
885 5719 919 5772 ὁ
989 5718 1249 5789 Λάζὶιρος
1297 5723 1396 5778 καὶ
1443 5727 1476 5779 ό
1533 5729 1760 5796 κόλπος

235 5807 346 5860 τοῦ
387 5807 777 5878 πατριάρχου.

249 5898 534 5958 Ἐντεῦθεν
598 5902 708 5956 τῶν
779 5901 1073 5975 ὁρωμένων
1139 5905 1394 5980 ὑπεράνω
1471 5912 1752 5986 γενόμενοι

1863 5534 2255 5606 Contemplatio
2289 5537 2456 5593 brevis
2503 5537 2567 5592 de
2599 5538 2781 5608 futuro
2813 5554 2943 5602 meo,
2971 5546 3020 5591 et
3049 5539 3176 5610 quid
3208 5540 3451 5594 interhiat

1934 5629 2072 5682 inter
2114 5626 2279 5681 Deum
2322 5635 2482 5697 atque
2525 5617 2826 5694 hominem,-
2858 5640 2906 5684 et
2937 5631 3051 5701 quis
3095 5631 3162 5683 sit
3215 5627 3452 5692 Lazarus

1933 5726 1982 5771 et
2023 5717 2170 5772 sinus
2221 5719 2564 5788 patriarchw.

1931 5915 2072 5973 llinc
2107 5918 2350 5974 visibilia
2383 5921 2672 5992 magniﬁce
2714 5923 3058 5994 supergressi
3101 5923 3268 5979 linem
3326 5922 3446 5979 uni-
