4012 6426
616 504 749 571 1171

1801 506 1861 566 S.
1903 505 2191 566 ΜΑΧΙΜΙ
2230 503 2741 563 CONFESSORIS

3696 509 3800 577 ιιτι

609 637 782 677 versa:
850 636 1034 676 rerum
1103 633 1330 681 uatum,
1377 617 1474 686 qui
1527 615 1754 670 omni-no
1797 615 2017 669 futurus
2075 622 2180 675 est,

2292 611 2647 682 μεγαλοφυῑὼς
2691 611 2788 665 τοῦ
2836 612 3054 677 πάντως
3099 616 3360 684 ἐσομένου
3397 617 3500 671 τῶν
3543 617 3661 672 ὅλων
3703 640 3800 674 κατ-

610 707 877 776 speculati
919 716 1070 772 sunt,
1106 706 1161 760 in
1199 699 1313 775 quo
1345 705 1481 759 nihil
1535 719 1721 759 rerum
1761 705 1871 773 jam
1917 704 2060 758 ferat
2097 713 2194 758 aut

610 798 841 863 feratur,
887 813 991 852 nec
1027 799 1108 852 rei
1149 798 1317 852 ullius
1371 795 1599 851 omnino
1654 796 1828 848 motio
1873 794 2194 848 stabilitatis

613 888 913 946 ine-ﬂabilis
944 889 1065 960 ejus
1097 904 1221 958 quae
1267 904 1454 943 rerum
1497 903 1620 957 quae
1658 887 1916 942 feruntur
1958 902 2192 956 quasque

612 981 798 1036 ferunt
846 981 1111 1050 impetum
1152 988 1209 1036 et
1241 990 1448 1035 motum
1482 980 1694 1036 deﬁnit.
1731 979 1846 1046 Quo
1876 981 2193 1050 pervenisse

614 1081 796 1126 mente
839 1073 971 1125 dum
1021 1073 1124 1127 hac
1163 1072 1345 1127 adhuc
1377 1072 1644 1126 interibili
1694 1086 1859 1125 carne
1891 1070 2068 1124 induti
2097 1086 2196 1123 cu-

614 1163 792 1232 piunt,
838 1161 1049 1215 hiatum
1100 1163 1246 1216 inter
1282 1163 1456 1215 Deum
1492 1170 1658 1230 atque
1705 1160 1986 1214 hominem
2025 1159 2195 1213 inter—

609 1254 814 1323 jectum
851 1253 960 1308 vivi
987 1253 1351 1317 transierunt,
1383 1267 1548 1306 carne
1571 1260 1628 1306 et
1649 1250 1854 1304 mundo
1887 1249 2191 1304 secundum

615 1344 938 1399 relationem
965 1353 1159 1414 sponte
1195 1344 1367 1397 exuti.
1395 1343 1592 1397 Hiatus
1619 1342 1768 1396 enim
1803 1355 1995 1395 revera
2032 1339 2195 1394 terri-

614 1435 725 1490 bile
775 1444 832 1490 et
871 1435 1065 1506 ingens
1111 1436 1255 1491 inter
1289 1436 1462 1490 Deum
1505 1441 1561 1489 et
1602 1432 1883 1487 hominem
1929 1430 2194 1485 interhiat

613 1527 865 1596 corporis
888 1542 952 1581 ac
980 1526 1171 1580 mundi
1199 1527 1364 1596 hujus
1393 1541 1548 1579 amor
1571 1533 1737 1594 atque
1768 1523 2020 1588 affectus,
2053 1537 2194 1592 quo-

612 1633 735 1671 rum
767 1617 1130 1688 privationem
1179 1617 1422 1671 Lazarus
1475 1616 1694 1670 fortiter
1727 1622 1785 1670 et
1823 1629 1948 1669 cum
1990 1612 2192 1683 gaudio

609 1709 895 1778 amplexus
928 1708 1417 1781 (quemadmodum
1441 1707 1713 1780 signiﬁcat
1729 1708 1955 1762 morbus
1977 1715 2034 1761 et
2058 1721 2193 1775 pau-

610 1809 815 1871 pertas,
842 1799 1016 1854 altera
1047 1815 1176 1854 eum
1206 1815 1237 1856 a
1273 1800 1503 1863 mundo,
1537 1800 1680 1854 alter
1722 1815 1753 1853 a
1781 1813 2019 1868 corpore
2050 1797 2190 1852 alie-

609 1891 770 1960 nans)
812 1891 867 1945 in
899 1891 1024 1947 sinu
1063 1891 1363 1946 Abrahami
1409 1891 1656 1960 requiem
1687 1891 1938 1960 accipere
1964 1888 2187 1953 meruit,

609 1989 668 2036 et
696 1982 947 2047 divitem,
978 1983 1075 2052 qui
1109 1992 1260 2038 totus
1295 1984 1351 2036 in
1397 1982 1506 2036 illis
1534 1982 1866 2045 inhaesisset,
1915 1989 2072 2035 extra
2104 1995 2192 2034 re—
2224 1976 2264 2030 Β

611 2072 1030 2142 frigerationem
1096 2072 1326 2142 reliquit
1363 2084 1441 2139 ιιι,
1485 2075 1677 2142 ζιιθιιιιθ
1731 2073 1900 2126 alium
1955 2071 2189 2126 carnalis

611 2167 737 2219 vitae
781 2164 1024 2219 fructum
1076 2165 1372 2220 habentem
1406 2174 1608 2234 praeter
1654 2164 1802 2235 quod
1843 2165 1965 2235 ejus
2014 2163 2190 2234 ipsius

611 2271 775 2310 causa
812 2263 1020 2316 aeterna
1060 2271 1222 2329 poena
1258 2257 1514 2322 afﬁcitur,
1553 2272 1736 2326 neque
1767 2263 2038 2326 praasente
2077 2255 2186 2309 vita

495 2373 498 2376 -
608 2346 910 2412 fruentem,
952 2363 1115 2417 quam
1168 2348 1340 2403 solam
1385 2347 1735 2403 desiderabat
1773 2355 1830 2404 et
1874 2347 2187 2414 adamabat,

607 2456 732 2496 cum
767 2449 951 2496 tamen
983 2440 1228 2496 'retineri
1276 2456 1342 2496 ea
1379 2441 1705 2496 naturaliter
1728 2452 1954 2511 propter
1981 2439 2189 2494 ﬂuxum

606 2533 754 2590 haud
796 2541 984 2604 queat,
1038 2548 1220 2604 neque
1263 2533 1461 2588 futurae
1490 2541 1823 2603 compotem,
1856 2533 2013 2603 cujus
2041 2548 2190 2587 som-

606 2637 706 2690 per
735 2622 921 2678 studio
956 2630 1012 2677 et
1043 2637 1230 2678 amore
1259 2639 1328 2678 ex
1360 2629 1476 2678 toto
1505 2630 1821 2688 vacaverat,
1875 2638 2000 2692 qua:
2041 2623 2187 2678 solos

605 2728 702 2768 eos
746 2715 1145 2785 complectatur
1173 2715 1269 2786 qui
1307 2715 1531 2785 penitus
1566 2730 1689 2770 eam
1731 2715 1966 2786 diligant
1997 2725 2053 2770 et
2087 2731 2189 2785 pro

605 2803 883 2860 desiderio
925 2807 1046 2876 ejus
1103 2805 1330 2876 quosvis
1378 2804 1602 2859 dolores
1653 2804 1915 2859 lubenter
1963 2814 2021 2859 et
2061 2819 2187 2859 cum

605 2893 890 2964 voluptate
941 2895 1248 2966 perferant.
1298 2893 1470 2950 Sinus
1515 2903 1702 2950 autem
1751 2895 2052 2949 Abrahami
2093 2893 2188 2963 qui

605 2985 871 3042 dicuntur
922 2987 1284 3059 intelligimus
1330 2988 1506 3044 Deum
1537 2987 1630 3057 qui
1666 2986 1734 3042 de
1764 2985 2063 3041 Abrahami
2099 3001 2188 3040 se-

604 3079 755 3138 mine
807 3080 1107 3140 carnaliter
1155 3080 1319 3136 nobis
1371 3080 1656 3157 apparuit,
1698 3093 1892 3134 verum
1941 3077 2190 3132 omnium

606 3171 963 3241 praebitorem
999 3171 1260 3226 omnibus
1287 3170 1466 3241 gratia
1501 3170 1684 3241 dignis
1711 3185 1811 3240 pro
1843 3169 2104 3239 qualitate
2134 3175 2191 3221 et

605 3261 914 3331 quantitate
941 3263 1211 3334 cujusque
1243 3264 1490 3329 virtutis,
1518 3263 1674 3318 velut
1692 3261 1908 3316 diversa
1938 3260 2186 3330 quaedam

605 3353 888 3418 donativa,
933 3353 1029 3408 sed
1077 3354 1429 3410 individuum
1481 3370 1601 3410 sese
1631 3353 2078 3418 distribuant-em,
2133 3361 2190 3407 et
2218 3347 2262 3369 "

605 3453 793 3500 tamen
830 3446 907 3505 ita
952 3456 1013 3503 ut
1065 3462 1192 3504 cum
1229 3447 1314 3503 eis
1341 3447 1436 3517 qui
1481 3445 1820 3516 participant
1845 3459 2188 3516 nequaquam

605 3539 771 3594 simul
800 3540 1132 3615 .dissecetur,
1162 3548 1391 3610 propter
1419 3538 1650 3594 unitatis
1678 3537 2012 3592 naturaliter
2042 3535 2192 3591 inser

605 3631 910 3702 parabilem
975 3631 1540 3698 exsistentialitatem,
1599 3637 1655 3685 et
1708 3645 1927 3694 rursus,
1963 3637 2190 3698 propter

605 3721 884 3792 disparem
930 3735 1124 3776 eorum
1161 3720 1368 3791 quibus
1397 3720 1840 3777 communicatur
1866 3717 2190 3788 dignitatem

605 3815 664 3869 in
707 3811 1169 3868 communicando
1214 3827 1335 3868 sese
1371 3811 1607 3870 mirifice
1645 3809 1952 3869 secundum
1992 3808 2190 3862 inetia-

606 3905 775 3970 bilem
811 3905 1107 3975 quamdam
1138 3903 1535 3960 adunationem
1582 3901 1879 3973 separatim
1925 3917 2196 3974 apparen-

606 4007 717 4053 tem
749 3996 925 4068 (novit
970 3996 1135 4067 ratio)
1183 4015 1196 4050 :
1249 3997 1317 4052 ad
1357 4011 1522 4066 quem
1567 4010 1733 4050 nemo
1767 4003 2060 4064 penetrare
2090 4009 2191 4065 po-

608 4092 737 4155 terit
760 4091 854 4161 qui
883 4091 1068 4145 carnis
1101 4090 1384 4161 voluptate
1420 4089 1643 4161 gaudet,
1678 4104 1741 4146 ac
1778 4087 1973 4145 mundi
2017 4086 2192 4158 magis

607 4181 802 4238 fraude
853 4198 1019 4252 quam
1051 4181 1214 4237 beata
1261 4182 1437 4252 ipsius
1477 4181 1650 4252 gloria
1702 4179 2031 4245 delectatur,
2087 4194 2194 4235 nec

607 4275 778 4335 Stabit
808 4291 932 4331 cum
955 4275 1148 4333 mundi
1170 4275 1379 4330 victore
1405 4291 1435 4329 a
1458 4275 1666 4329 mundo
1685 4273 1938 4328 devictus
1964 4282 2021 4328 et
2049 4274 2193 4328 male

607 4368 850 4438 prudens
876 4383 943 4422 eo
983 4368 1285 4423 exsultans.
1330 4367 1518 4438 Neque
1547 4367 1694 4421 enim
1725 4366 1808 4421 fas
1846 4380 1967 4422 esse
1997 4365 2190 4421 statuit

607 4460 796 4517 divina
826 4459 1064 4532 justitia,
1100 4467 1163 4514 ut
1193 4460 1287 4530 qui
1315 4461 1420 4515 hac
1453 4459 1565 4513 vita
1607 4475 1725 4514 rem
1753 4459 2050 4514 humanam
2079 4474 2194 4514 me-

2296 705 2664 772 εστοχάσαντο
2737 703 2992 774 πέρατος,
3056 707 3113 758 ἐν
3219 726 3272 760 τι
3301 709 3406 761 τῶν
3461 709 3613 763 ὄντων
3660 715 3804 769 οὐκέτι

2295 794 2462 865 φέρον
2484 795 2599 846 ἐστὶ
2622 796 2716 847 καὶ
2746 794 3069 865 φερόμενον,
3102 799 3222 852 οὐδέ
3259 817 3343 862 τις
3379 801 3578 865 οὐδενὸς
3626 804 3679 856 τὸ
3704 806 3801 858 σύν-

2294 885 2416 938 ολον
2433 886 2648 955 κίνησις
2675 887 3010 957 παγιότητος
3039 889 3409 962 ἀρῤήτου,τὴν
3429 893 3531 945 τῶν
3551 897 3807 966 φερομένων

2291 992 2351 1027 τε
2379 977 2472 1028 καὶ
2501 978 2834 1047 κινουμένων
2876 982 3049 1050 φοράν
3075 999 3135 1034 τε
3166 984 3492 1055 όρισαμένης
3509 989 3596 1038 καὶ
3616 988 3803 1058 κίνησιν.

2295 1069 2438 1138 Πρὸς
2477 1068 2506 1120 ὃ
2535 1070 2790 1136 γενέσθαι
2821 1074 2964 1126 κατά
2990 1072 3115 1126 νοῦν
3141 1075 3588 1146 ἐπιθυμήσαντες,
3627 1079 3696 1133 ἔτι
3733 1080 3808 1151 τὴν

2291 1161 2397 1214 ὑπο
2425 1161 2629 1234 φθορὰν
2655 1164 3028 1235 περικείμενοι
3055 1167 3240 1238 σάρκα
3266 1171 3544 1241 ἐμφρόνως
3569 1173 3623 1224 τὸ
3648 1175 3808 1240 μεταξὺ

2292 1253 2429 1306 Θεοῦ
2463 1257 2556 1307 καὶ
2599 1256 2902 1325 ἀνθρώπων
2961 1259 3152 1329 χάσμα
3207 1260 3481 1330 διέϐησαν,
3530 1266 3710 1335 σαρκὸς
3740 1271 3811 1321 καὶ

2294 1345 2501 1416 κόσμου
2558 1348 2700 1401 κατά
2748 1349 2847 1420 τὴν
2900 1349 3086 1420 σχέσιν
3137 1353 3403 1418 ἑκουσίως
3453 1356 3806 1426 ἀπογενόμενοι.

2293 1439 2496 1508 Χάσμα
2526 1439 2634 1508 γὰρ
2658 1441 2734 1503 ὡς
2766 1441 2984 1512 ἀληθῶς
3013 1444 3244 1516 φοϐερόν
3279 1463 3338 1498 τε
3377 1447 3466 1500 καὶ
3493 1448 3624 1517 μέγα
3651 1452 3811 1519 μεταξὺ

2292 1529 2428 1584 Θεοῦ
2470 1532 2562 1584 καὶ
2601 1532 2906 1604 ἀνθρώπων
2943 1535 3092 1588 ἐστὶν
3121 1537 3156 1604 ὴ
3201 1537 3337 1604 πρὸς
3377 1537 3439 1591 τὸ
3466 1538 3616 1608 σῶμα
3646 1541 3725 1593 καὶ
3744 1542 3812 1595 τδν

2291 1623 2496 1693 κόσμον
2547 1623 2738 1678 τοῦτον
2792 1627 2995 1697 στοργὴ
3048 1629 3142 1681 καὶ
3184 1627 3445 1690 διάθεσις.
3473 1622 3566 1681 Ὧν
3599 1631 3811 1696 γενναίως

2289 1714 2388 1785 τὴν
2419 1716 2674 1787 στέρησιν
2699 1717 2908 1787 χαίρων
2941 1718 3168 1789 στέρξας
3212 1723 3240 1774 ὁ
3271 1720 3519 1788 Λάζαρος
3573 1721 3673 1790 (ὡς
3698 1721 3813 1791 δηλοῖ

2287 1805 2322 1877 ἦ
2350 1823 2408 1858 τε
2443 1807 2598 1870 νόσος
2631 1808 2727 1862 καὶ
2754 1810 2788 1879 ἡ
2823 1809 3001 1875 πενία,
3029 1811 3062 1880 ὴ
3095 1811 3193 1880 μὲν
3230 1813 3329 1882 τὴν
3351 1812 3487 1878 πρὸς
3523 1812 3610 1864 τὸν
3635 1813 3820 1883 κόσμον,

2287 1901 2321 1970 ἡ
2353 1898 2410 1951 δὲ
2435 1899 2534 1966 τὴν
2558 1900 2692 1970 πρὸς
2717 1901 2779 1954 τὸ
2810 1901 2969 1971 σῶμα
2990 1902 3292 1973 ποιουμένη
3318 1904 3467 1973 αὐτῷ
3492 1902 3813 1974 ἀλλοτρίωσιν)

2291 1992 2394 2061 τὴν
2417 1993 2476 2045 ὲν
2499 1993 2720 2055 κόλποις
2760 1994 3008 2066 ’Λϐραάμ
3032 1995 3348 2067 κατηξιώθη
3381 1997 3562 2050 λαϐεῖν
3608 1995 3815 2067 (1651!)

2290 2084 2620 2150 ἀνάπαυσιν,
2646 2086 2738 2138 τὸν
2775 2085 2986 2148 τούτοις
3030 2088 3448 2158 προστετηκότα
3477 2087 3711 2141 πλούσιον
3737 2089 3814 2154 ἔξω

2289 2175 2450 2244 ἀφεὶς
2477 2176 2574 2246 τῆς
2605 2177 2864 2244 ἀνέσεως,
2909 2177 3076 2248 μηδὲν
3101 2177 3227 2231 ἄλλο
3251 2180 3352 2249 τῆς
3385 2179 3474 2232 διὰ
3497 2179 3684 2249 σαρκὸς
3704 2177 3810 2246 ὠφεο

2288 2265 2531 2337 ληθέντα.
2555 2267 2724 2338 ζωῆς.
2759 2269 2898 2338 πλὴν
2925 2269 3021 2322 τοῦ
3062 2269 3150 2323 ἐπ’
3181 2271 3318 2342 αὐτῇ
3347 2271 3658 2342 ἀπεράντως
3689 2269 3807 2323 κολά-

2291 2360 2500 2424 ζεσθαι,
2528 2359 2604 2423 ὡς
2635 2359 2763 2413 οὔτε
2791 2360 2892 2430 τὴν
2926 2361 3214 2433 παροῦσαν
3254 2360 3403 2434 ζωὴν
3433 2361 3638 2432 ἔχοντα,
3670 2361 3804 2431 ἠντι-

2291 2451 2463 2522 θήσας
2505 2451 2674 2522 μόνην
2703 2451 3004 2527 ἠσπάζετο,
3037 2453 3352 2524 ἀκράτητον
3391 2453 3554 2523 φύσει
3587 2453 3714 2507 κατά
3743 2453 3805 2519 τὴν

2291 2540 2478 2610 ρεῦσιν
2506 2541 2890 2612 ὑπάρχουσαν,
2919 2541 3046 2596 οὗτε
3075 2543 3175 2614 τῆς
3216 2543 3520 2615 μελλούσης
3551 2543 3812 2614 μεταλαχεῐν

2289 2631 2612 2701 δυνάμενον,
2652 2632 2790 2702 πρὸς
2833 2631 2901 2704 ἢν
2945 2633 3116 2704 ἀργὸς
3147 2635 3466 2688 παντάπασι
3511 2635 3724 2705 διέμεινε
3751 2633 3816 2686 καὶ

2290 2722 2610 2794 ἀνέραστος,
2659 2723 2844 2793 μόνοις
2890 2726 3124 2790 ἐκείνοις
3159 2727 3510 2798 συμφύεσθαι
3557 2730 3662 2789 τοῖς
3693 2724 3818 2792 αὐτὴν

2288 2813 2593 2885 ὁλοσχερῶς
2661 2807 2984 2886 ἀγαπήσασι
3047 2818 3386 2887 πεφυκυίας,
3447 2818 3540 2872 καῖ
3587 2815 3674 2870 τοῦ
3720 2813 3819 2884 πρὸς

2289 2906 2461 2977 αὐτὴν
2520 2907 2706 2962 εἵνεκα
2763 2908 2930 2962 πόθου
2975 2909 3154 2963 πάντα
3199 2909 3267 2962 τὰ
3320 2909 3550 2978 ἀλγεινᾶ
3578 2905 3820 2977 προθύμως

2293 2997 2413 3067 μεθ’
2483 2997 2681 3069 ἡδονῆς
2744 2999 3096 3069 ὑπομείνασι.
3172 2999 3432 3064 Κόλπους
3503 3000 3556 3054 δὲ
3622 2993 3822 3067 Ἀϐραὰμ

2289 3087 2591 3164 ἀκούοντας
2637 3087 2730 3142 τὸν
2787 3090 2852 3143 ἐκ
2903 3089 3221 3161 σπέρματος
3285 3090 3543 3162 ’Δϐραάμ
3588 3087 3673 3141 τὸν
3716 3084 3821 3138 κατά

2291 3179 2472 3250 σάρκα
2508 3179 2647 3250 ἡμῖν
2685 3178 3024 3248 ἐπιφανέντα
3065 3181 3338 3250 νοήσομεν
3367 3178 3522 3242 Θεὸν,
3570 3177 3653 3232 τὸν
3693 3174 3822 3232 ὅντως

2291 3274 2512 3326 πάντων
2538 3270 2833 3341 χορηγικὸν
2859 3271 2955 3324 καὶ
2986 3272 3123 3326 πᾶσι
3167 3272 3282 3331 τοῖς
3315 3270 3489 3335 ἀξίοις
3532 3269 3625 3338 τῆς
3649 3264 3821 3337 χάριτος

2292 3363 2574 3430 ἀναλόγως
2618 3365 2684 3433 τῇ
2729 3361 2854 3416 κατ’
2896 3362 3102 3434 ἀρετὴν
3149 3361 3387 3418 ἑκάστου
3420 3358 3659 3430 ποιότητι
3683 3373 3734 3410 τε
3754 3353 3824 3408 καὶ

2292 3455 2572 3524 ποσότητι,
2629 3449 2749 3510 οἷόν
2809 3470 2964 3516 τινας
2991 3453 3310 3525 ,διαφόρους
3355 3452 3526 3524 νομὰς
3567 3449 3614 3488 ⁸⁸
3649 3444 3824 3518 ἀμερῶς

2293 3543 2486 3597 ἑαυτὸν
2519 3542 2910 3618 ὲίπιμερίζοντα
2935 3541 3033 3596 καὶ
3061 3545 3178 3606 τοῖς
3210 3543 3536 3615 μετέχουσιν
3555 3541 3656 3596 οὐδ’
3684 3540 3824 3591 ὁπωσ-

2291 3634 2386 3692 οῦν
2409 3634 2956 3704 συνδιατεμνόμενον,
2999 3633 3088 3686 διὰ
3124 3634 3224 3705 τὴν
3265 3634 3410 3691 κατὰ
3440 3633 3598 3704 φύσιν
3631 3631 3826 3699 ἄτμητον

2291 3725 2555 3794 όντότητα
2590 3726 2689 3793 τῆς
2719 3722 2992 3790 ἑνότητος,
3039 3721 3323 3792 κᾶμπαλιν
3350 3723 3443 3779 διὰ
3486 3722 3582 3795 τὴν
3617 3719 3829 3786 διάφορον

2291 3817 2452 3880 ἀξίαν
2505 3814 2616 3869 τῶν
2675 3814 3017 3885 μετεχόντων
3065 3817 3190 3879 ταῖς
3252 3818 3517 3887 μετοχαϊς
3560 3807 3828 3884 παραδόξως

2293 3907 2415 3962 καθ’
2441 3968 2443 3970 _
2473 3908 2672 3960 ἕνωσιν
2721 3907 2959 3983 ἄρρητον
3025 3905 3401 3978 ἀφοριστικῶς
3463 3903 3827 3975 ἑπιφαινόμενον

2295 3995 2478 4074 (οἶδεν
2505 4002 2533 4053 ὁ
2558 3999 2778 4070 λόγος),
2815 3999 2953 4076 πρὸς
2980 3998 3040 4053 ὃν
3077 3999 3253 4062 οὐδεὶς
3299 3999 3554 4070 διαϐῆναι
3588 3995 3826 4065 δυνήσεται

2294 4089 2492 4161 θρύψει
2550 4089 2758 4160 χαίρων
2791 4089 3015 4161 σαρκὸς,
3077 4089 3172 4142 καὶ
3222 4091 3322 4160 τῆς
3379 4091 3545 4144 αὐτοὺ
3603 4081 3826 4158 μακαρίας

2293 4184 2452 4254 δόξης
2505 4186 2570 4255 τῇ
2617 4180 2714 4236 τοῦ
2769 4183 2976 4252 κόσμου
3025 4183 3212 4254 ἀπάτῃ
3254 4182 3420 4237 πλέον
3443 4182 3703 4255 ἡδόμενος,
3734 4171 3827 4228 οὐδὲ

2294 4276 2553 4348 στήσεται
2607 4274 2746 4344 μετά
2807 4272 2902 4326 τοῦ
2955 4273 3048 4328 τὸν
3093 4274 3302 4344 κόσμον
3345 4276 3664 4345 νικήσαντος
3702 4270 3727 4321 ό
3771 4260 3826 4330 τῷ

2293 4365 2486 4437 κόσμῳ
2514 4363 2771 4434 ἡττηθεὶς
2801 4364 2898 4416 καὶ
2942 4363 3029 4419 ἐπ’
3062 4363 3212 4435 αὐτῷ
3245 4365 3434 4429 κακῶς
3457 4363 3611 4426 εἰδὼς
3639 4355 3826 4428 ἀγα).λό-

2301 4473 2481 4527 μενος.
2511 4456 2626 4511 Οὐκ
2653 4450 2793 4511 εἶναι
2828 4455 2938 4526 γάρ
2976 4455 3126 4522 ἄξιον
3159 4456 3377 4529 ἔκρινεν
3424 4460 3458 4528 ἡ
3501 4456 3619 4510 θεία
3664 4453 3824 4506 δικαιο·

607 4555 826 4611 tiuntur
856 4562 913 4609 et
945 4553 1229 4623 opulentia
1253 4569 1317 4609 ac
1343 4552 1664 4607 valetudine
1692 4551 1948 4622 corporis
1984 4561 2039 4608 et
2069 4551 2193 4608 aliis

2297 4551 2431 4620 σύνη
2478 4549 2676 4620 (166
2703 4547 2793 4615 a),
2844 4549 2972 4613 τοὺς
3008 4551 3075 4620 τῇ
3121 4547 3233 4621 ζωῇ
3273 4549 3449 4624 ταύτῃ
3499 4548 3566 4602 τά
3615 4540 3736 4600 κατά
3759 4537 3824 4590 τὸν

605 4645 939 4704 muneribus
971 4646 1330 4709 insolescunt,
1377 4645 1548 4715 inque
1599 4645 1688 4703 his
1725 4645 1856 4699 solis
1887 4642 2192 4700 beatitudi-

2298 4641 2588 4713 ἄνθρωπον
2639 4640 3104 4712 περιγράψαντας,
3159 4642 3258 4695 καὶ
3293 4639 3512 4711 πλούτῳ
3560 4639 3650 4692 καὶ
3706 4627 3821 4700 ὑγείὲ

608 4748 738 4794 nem
764 4733 1265 4798 collocant,contra
1295 4734 1493 4790 animae
1522 4734 1667 4796 bona
1702 4734 1862 4788 nihili
1891 4733 2189 4797 aestimant,

2297 4733 2551 4812 σώματος
2585 4735 2680 4788 καὶ
2726 4736 2841 4797 τοῖς
2890 4732 3072 4795 ἄλλοις
3104 4731 3412 4803 ἀξιώμασιν
3452 4727 3816 4812 ἀϐρυνομένουῗςι

607 4825 816 4881 divinis
863 4833 1029 4895 atque
1083 4828 1309 4882 teter-nis
1354 4827 1669 4896 potirentur
1720 4826 1903 4892 bonis,
1953 4841 2191 4895 quorum

2294 4826 2391 4879 καὶ
2424 4811 2584 4882 τοῦτο
2631 4825 2794 4896 μόνον
2855 4825 3127 4896 μακάριον
3179 4823 3490 4892 κρίνοντας,
3545 4824 3611 4877 τὰ
3663 4819 3713 4873 δὲ
3748 4811 3821 4879 τῆς

608 4933 802 4978 curam
831 4919 1132 4975 habuerint
1158 4921 1323 4990 plane
1368 4921 1598 4984 nullam,
1646 4919 1718 4975 ob
1760 4919 1988 4974 nimiam
2022 4925 2194 4972 mates-

2293 4917 2472 4987 ψυχῇς
2510 4915 2695 4985 ἀγαθὰ
2734 4917 2866 4986 παρ’
2895 4915 3051 4969 οὐδὲν
3081 4915 3424 4986 τιθεμένους,
3455 4915 3564 4970 τῶν
3591 4912 3732 4966 θείων
3753 4901 3823 4960 καὶ

610 5010 834 5069 rialium
879 5011 1147 5078 studium,
1206 5011 1560 5066 immemores
1609 5017 1876 5081 quantum
1907 5008 2111 5064 divitiae
2139 5017 2194 5064 et

2295 5007 2532 5062 αἰωνίων
2568 5008 2894 5078 μεταλαχεῖν
2920 5007 3162 5076 ἀγαθῶν,
3223 5001 3299 5063 ὧν
3351 5008 3462 5062 οὐδ’
3498 5007 3630 5069 ὅλως
3670 4996 3824 5069 ἐφρόν-

609 5101 871 5162 valetudo
922 5103 1248 5180 reliquaque
1315 5102 1640 5175 temporalia
1705 5102 1850 5170 bona
1889 5100 2191 5162 virtutibus

2299 5116 2478 5164 τισαν,
2540 5098 2629 5152 διὰ
2689 5099 2791 5166 τὴν
2844 5097 3046 5169 πολλὴν
3095 5099 3225 5168 περὶ
3276 5099 3346 5154 τὰ
3411 5096 3570 5153 ὑλικά
3613 5088 3825 5154 σπουδὴν,

611 5205 968 5268 superentur.

989 5463 1376 5536 Contemplatio
1413 5465 1476 5518 de
1501 5461 1802 5539 virtutibus,

638 5623 642 5629 .
682 5581 826 5648 sola:
872 5581 1045 5646 enim,
1126 5580 1345 5636 etiamsi
1392 5580 1500 5635 alia
1575 5579 1956 5644 comitantur,
2013 5577 2190 5633 virtu-

611 5678 698 5740 tes
755 5670 981 5726 beatum
1047 5669 1286 5725 reddunt
1327 5669 1668 5730 hominem:
1712 5686 1820 5725 una
1867 5685 1994 5724 cum
2041 5669 2187 5735 aliis,

684 5789 725 5830 1³
763 5781 898 5848 Luc.
929 5799 1038 5850 xvi,
1073 5783 1168 5837 25.

2298 5191 2680 5260 ἀγνοήσαντας
2743 5189 2866 5242 ὅσον
2917 5188 3151 5244 πλούτου
3207 5191 3301 5245 καὶ
3365 5190 3551 5259 ὑγείας
3611 5185 3696 5241 καὶ
3743 5175 3827 5231 τῶν

2301 5279 2475 5340 ἄλλων
2504 5279 2859 5352 προσκαίρων
2885 5279 3108 5349 ἀγαθῶν
3151 5282 3208 5339 αἱ
3247 5283 3444 5351 ἀρεταὶ
3488 5277 3826 5350 ὑπερέχουσιν.

2761 5459 2980 5529 Θεωρία
3017 5459 3151 5528 περὶ
3189 5457 3436 5528 ἀρετῶν.

2371 5575 2546 5631 Μόναι
2572 5575 2681 5648 γὰρ
2710 5575 2805 5628 καί
2834 5576 2930 5629 σὺν
2955 5577 3068 5637 τοῖς
3094 5573 3278 5638 ἄλλοις
3305 5575 3360 5627 αἱ
3395 5569 3583 5643 ἀρεταὶ
3604 5560 3827 5648 μακάριιγ

2297 5668 2515 5722 ποιοῦσι
2543 5643 2976 5738 τον-ἄνθρωπον.
3019 5666 3176 5720 Μετά
3208 5669 3306 5738 μὲν
3347 5665 3458 5719 τῶν
3508 5661 3690 5723 ἀλλων,
3719 5643 3829 5708 κατά

1909 5851 1994 5918 VA
2008 5851 2141 5917 lile
2181 5849 2578 5908 LECTIONES.

707 5921 750 5971 νδ
771 5923 938 6002 νόμας
972 5923 1094 5980 cod.
1123 5921 1266 5992 Gud.
