4012 6404
258 532 380 594 1173

1474 532 1997 612 AMBIGUOBUM
2037 529 2288 593 LIBER.

3367 510 3504 576 1174.

257 644 465 708 πλάτος,
521 641 599 708 ῶς
628 661 712 708 τις
759 643 862 714 ἔφη
909 645 1015 698 τῶν
1045 647 1112 700 τά
1147 645 1268 700 θεία
1317 646 1519 715 σοφῶν,
1563 648 1724 718 μόναι
1761 647 1820 700 δὲ

1932 643 2230 700 secundum
2259 641 2638 704 latitudinem,
2672 646 2733 692 ut
2766 633 2970 705 aliquis
2998 631 3054 685 in
3091 629 3260 684 rebus
3301 627 3507 682 divinis

255 737 340 791 καὶ
367 735 490 789 καθ’
519 737 740 802 ἑαυτὰς,
770 737 912 791 κατὰ
939 740 1312 811 περιγραφήν.
1365 739 1484 792 Τῶν
1517 739 1626 810 γὰρ
1651 741 1822 793 ὄντων

252 828 313 880 τά
339 827 433 896 μὲν
471 826 611 879 κατὰ
643 829 993 899 περιγραφὴν
1036 831 1259 893 νοεῖται,
1299 829 1374 894 ὡς
1406 829 1632 900 δίπηχυ,
1668 829 1736 883 τὰ
1764 829 1821 882 δὲ

255 918 379 971 κατὰ
404 918 628 984 πλάτος,
674 919 750 982 ῶς
781 921 975 989 σωρός.
1019 921 1205 990 Σωροῦ
1251 920 1364 991 γὰρ
1398 921 1500 974 κᾶν
1536 920 1630 974 δύο
1673 921 1823 992 μεδί-

256 1026 407 1078 μνους
442 1009 668 1083 ἀφέλῃς,
703 1011 764 1062 τὸ
791 1011 1114 1082 λειπόμενον
1150 1016 1301 1084 μένει
1339 1013 1513 1083 σωρός
1537 1030 1550 1043 ο
1597 1014 1689 1068 καὶ
1719 1015 1821 1084 τῆς

251 1099 301 1152 δὲ
328 1098 462 1154 κατὰ
503 1099 711 1165 πλάτος
766 1103 1173 1174 μακαριότητος
1221 1103 1287 1158 ἂν
1343 1104 1552 1178 ἀφέλῃς
1603 1104 1671 1158 τά
1726 1105 1820 1158 τοῦ

252 1190 490 1260 σώματος
516 1193 614 1246 καὶ
647 1193 754 1247 τῶν
783 1195 946 1259 ὲκτὸς
976 1197 1176 1264 ἀγαθά,
1228 1198 1536 1269 καταλίπῃς
1560 1197 1618 1251 δὲ
1654 1198 1821 1268 μόνας

247 1279 338 1345 τὰς
368 1283 590 1354 ἀρετάς,
627 1285 779 1355 μένει
829 1287 924 1341 καὶ
977 1286 1151 1351 οὕτως
1193 1288 1478 1352 ἀνελλιπὲς
1524 1289 1587 1342 τὸ
1638 1289 1820 1358 μακά⁹

249 1391 376 1442 ριον.
407 1377 700 1449 Αὐτάρκης
716 1379 826 1451 γάρ
845 1380 938 1432 καὶ
965 1379 1088 1434 καθ’
1116 1381 1315 1452 ἑαυτὴν
1357 1381 1434 1450 τῷ
1468 1381 1646 1451 ἔχοντι
1677 1381 1819 1452 πρὸς

246 1465 582 1536 εὐδαιμονίαν
637 1470 670 1539 ὴ
717 1471 912 1540 ἀρετή.
958 1471 1072 1534 Πᾶς
1116 1469 1210 1524 οὗν
1253 1471 1424 1534 κακὸς
1452 1470 1658 1534 ἄθλιος,
1717 1470 1818 1524 κᾶν

249 1555 416 1608 πάντα
442 1557 745 1630 συλλήϐδην
788 1560 890 1632 ἔχῃ
927 1561 998 1615 τά
1046 1561 1317 1632 λεγόμενα
1356 1563 1456 1632 τῆς
1485 1562 1588 1632 γῆς
1614 1561 1815 1631 άγαθά,

247 1646 349 1700 τῶν
384 1650 598 1720 ἀρετῶν
637 1654 1036 1724 ἐστερημένος·
1079 1655 1172 1708 καὶ
1213 1657 1323 1718 πᾶς
1369 1654 1575 1722 ἀγαθὸς
1636 1654 1819 1724 μακά-

246 1754 376 1805 ριος,
419 1739 525 1792 κᾶν
566 1743 784 1796 πάντων
830 1743 1122 1817 ἐπέρηται
1162 1745 1274 1799 τῶν
1307 1747 1398 1799 ἐπὶ
1426 1746 1528 1817 γῆς
1570 1744 1815 1817 ἀγαθῶν,

245 1825 378 1897 ἔχων
406 1831 506 1901 τῆς
535 1833 740 1905 ἀρετῆς
767 1836 866 1903 τὴν
900 1813 1285 1908 λαμπρότητα,
1320 1813 1530 1906 μεθ’νῆς
1566 1813 1817 1907 Λάζαρος

243 1920 339 2063 ἰὴν
388 1925 446 1976 έν
502 1927 726 1992 κόλποις
788 1929 1039 2002 Ἀϐραάμ
1100 1931 1406 1986 ἀνάπαυσιν
1455 1931 1596 2002 έχων
1645 1931 1815 2000 ἀγάλ-

273 2027 411 2063 εται.

273 2027 411 2069 εται.

1927 736 2149 806 sapiens
2186 733 2424 797 dieebat,
2462 732 2592 787 solae
2619 744 2755 786 vero
2787 742 2884 798 per
2909 722 3258 791 semetipsas,
3301 734 3506 773 secun-

1925 827 2057 881 dum
2081 822 2676 893 circumscriptionem.
2715 820 2924 874 Rerum
2957 814 3107 870 enim
3144 828 3271 881 pars
3306 825 3503 865 secun-

1924 918 2057 972 dum
2107 915 2679 985 circumscriptionem
2728 909 3002 974 noscitur,
3063 913 3134 969 ut,
3178 902 3503 965 bicubitale,

1925 1025 2052 1081 pars
2073 1024 2203 1064 vero
2221 1007 2525 1064 secundum
2547 1003 2919 1066 latitudinem,
2942 999 3022 1053 uti
3044 993 3508 1053 acervus.Aeervi

1924 1100 2303 1157 enimctiamsi
2330 1099 2471 1154 duos
2514 1097 2730 1153 modios
2753 1096 2956 1159 demis,
3005 1101 3190 1147 tamen
3235 1085 3506 1156 relinqui-
3563 1147 3566 1152 _

1925 1200 2016 1246 tur
2060 1206 2320 1255 acervus;
2372 1197 2430 1244 et
2475 1190 2521 1243 si
2570 1188 2720 1243 illius
2775 1183 3082 1242 secundum
3143 1177 3501 1234 latitudinem

1923 1283 2288 1338 beatitudinis
2318 1281 2557 1352 demptis
2605 1277 2993 1350 corporalibus
3043 1282 3211 1343 atque
3257 1268 3508 1325 externis

1924 1377 2087 1431 bonis
2121 1377 2265 1432 solas
2290 1377 2528 1431 virtutes
2557 1375 2802 1444 reliquas
2832 1355 3374 1434 feceris,'beatitudo
3421 1363 3509 1416 ni-

1924 1467 2228 1522 hilominus
2259 1467 2466 1522 illibata
2499 1472 2844 1536 perseverat.
2873 1459 3088 1516 Suﬂicit
3117 1457 3269 1513 enim
3295 1454 3381 1510 vel
3407 1468 3507 1523 per

1921 1560 2274 1629 semetipsam
2313 1557 2380 1612 ad
2419 1555 2825 1613 beatitudinem
2860 1553 3059 1608 virtus.
3098 1547 3293 1604 Omnis
3337 1545 3508 1615 igitur

1921 1649 2097 1704 malus
2144 1650 2336 1714 miser,
2378 1647 2594 1703 etiamsi
2636 1653 2833 1701 cuncta
2861 1651 3023 1697 terrae
3061 1655 3184 1710 quae
3218 1638 3508 1696 dicuntur,

1921 1740 2063 1794 bona
2098 1739 2320 1804 habeat,
2369 1753 2497 1793 cum
2532 1737 2802 1790 virtutum
2834 1734 2908 1788 sit
2940 1746 3141 1802 expers
3176 1747 3189 1782 :
3232 1737 3288 1782 et
3321 1724 3506 1780 omnis

1919 1832 2098 1886 bonus
2148 1832 2362 1895 beatus,
2395 1828 2612 1884 etiamsi
2662 1826 2924 1882 omnibus
2977 1824 3232 1894 privetur
3261 1816 3502 1873 terrenis

1919 1924 2102 1988 bonis,
2130 1939 2254 1980 eum
2285 1923 2358 1978 sit
2395 1921 2617 1976 virtutis
2642 1918 2942 1989 splendore
2962 1925 3216 1979 ornatus,
3256 1924 3506 1982 quocum

1853 2005 1893 2058 Β
1931 2015 2173 2070 Lazarus
2205 2015 2262 2069 in
2293 2015 2419 2068 sinu
2445 2011 2753 2078 Abrahami
2789 2009 2988 2080 requie
3023 2006 3252 2078 gaudet.

247 2191 438 2260 Ἀλλη
488 2195 702 2262 θεωρία
751 2199 840 2264 είς
877 2197 966 2262 τὸ,
1009 2197 1192 2253 (Ἐὰν
1233 2198 1589 2268 σταυρωθῇς
1640 2202 1686 2233 ’⁵
1739 2201 1822 2266 ὡς

1932 2196 2043 2252 Μία
2093 2194 2469 2266 contemplatio
2522 2195 2577 2248 in
2632 2191 2769 2246 illud
2819 2207 2836 2245 :
2892 2208 2910 2241 ι
2968 2186 3026 2244 Si
3083 2181 3412 2253 cruciﬁgaris
3455 2189 3512 2231 ut

800 2289 1039 2361 λῃστής
1082 2291 1182 2362 (ιι).
1228 2311 1249 2344 ι

317 2397 434 2453 Κᾶν
476 2395 633 2460 αὖθις
685 2402 892 2475 λῃστής
923 2405 1071 2459 ἐστιν
1111 2407 1412 2478 εὐγνώμων
1469 2410 1498 2462 ὀ
1553 2409 1826 2476 καταξιω-

245 2491 360 2555 θεὶς
411 2493 608 2564 (166
665 2494 725 2566 ὁ)
781 2496 1232 2568 συσταυρωθῆναι
1290 2499 1514 2570 Χριστῷ
1582 2501 1672 2555 διά
1715 2504 1826 2574 τῆς

246 2585 547 2649 παντελοῦς
577 2587 670 2639 καὶ
691 2587 989 2658 ὁλοκλήρου
1024 2589 1135 2642 τῶν
1165 2590 1358 2644 παθῶν
1381 2593 1728 2664 ἐκκρούσεως
1752 2596 1820 2662 ⁸⁸,

247 2676 344 2729 καὶ
384 2675 574 2742 δεξιῶς
619 2678 769 2748 αὐτῷ
826 2679 1319 2752 συσταυρούμενος,
1377 2683 1622 2736 τουτέστι
1683 2685 1825 2755 μετά

243 2767 405 2834 λόγου
459 2769 556 2822 καὶ
602 2768 858 2839 γνώσεως
920 2773 1099 2826 πᾶσαν
1158 2772 1373 2840 διεξιὼν
1443 2776 1666 2848 ἀρετὴν,
1729 2777 1825 2831 καὶ

243 2858 598 2929 ἀπρόσκοπον
655 2863 824 2916 πᾶσιν
855 2863 1165 2934 ἀνθρώποις
1211 2863 1303 2918 τὸν
1353 2864 1467 2936 βίον
1524 2866 1824 2938 διατηρῶν,

243 2951 342 3005 καὶ
407 2951 679 3023 μηδεμίαν
725 2953 866 3024 ἔχων
923 2955 983 3009 τὸ
1028 2958 1306 3026 παράπαν
1353 2959 1455 3028 τῆς
1506 2958 1603 3012 τοῦ
1663 2959 1824 3029 λόγου

241 3042 553 3114 πραότητος
609 3043 925 3115 ἀπᾴδουσαν
1007 3043 1077 3097 δι’
1138 3044 1526 3116 αὐστηρότητα
1584 3047 1821 3116 κίνησιν,

240 3131 518 3202 ἀγνώμων
560 3133 617 3186 δὲ
659 3133 866 3210 λῃστής
897 3137 1044 3188 ἐστιν
1073 3137 1101 3188 ό
1122 3134 1282 3206 δόξης
1314 3136 1500 3189 ἕνεκεν
1529 3136 1562 3207 ἦ
1601 3137 1824 3208 λημμά-

241 3242 355 3278 των
390 3223 696 3295 ἀδροτέρων
740 3227 855 3289 τοῖς
908 3227 1255 3296 φαινομένοις
1305 3227 1529 3298 τρόποις
1575 3229 1825 3294 ὑπούλως

2594 2284 2756 2339 latro.
2803 2301 2821 2334 ι

1994 2407 2181 2476 Atque
2243 2403 2290 2458 si
2349 2415 2543 2456 rursus
2593 2399 2760 2463 latro,
2802 2396 2898 2466 qui
2951 2409 3060 2449 una
3111 2408 3236 2448 cum
3285 2389 3513 2445 Christo

1925 2513 2146 2554 crucem
2177 2494 2291 2566 pati
2317 2492 2542 2557 meruit,
2577 2504 2772 2560 aequus
2795 2499 2851 2543 et
2885 2487 3096 2557 probus
3141 2493 3227 2540 est
3261 2481 3511 2536 affectio-

1925 2591 2093 2646 nibus
2126 2588 2287 2658 plene
2333 2593 2499 2656 atque
2533 2581 2780 2652 perfecte
2815 2579 3082 2650 expulsis,
3139 2585 3196 2632 et
3226 2575 3292 2631 ad
3325 2573 3513 2628 dexte-

1927 2697 2045 2737 ram
2091 2681 2212 2751 ejus
2259 2679 2409 2734 cruci
2453 2675 2685 2740 afﬁxus,
2730 2674 2836 2727 hoc
2884 2684 2969 2731 est
3022 2684 3148 2724 eum
3212 2666 3424 2722 ratione
3457 2671 3514 2719 et

1929 2774 2244 2845 cognitione
2277 2784 2499 2826 omnem
2542 2766 2804 2822 virtutem
2840 2776 3198 2834 percurrens,
3243 2766 3300 2814 et
3339 2756 3510 2812 vitam

1925 2857 2140 2923 cunctis
2164 2864 2485 2919 hominibus
2513 2859 2842 2915 inoffensam
2859 2865 2916 2912 et
2951 2856 3246 2911 innocuam
3261 2865 3508 2913 servans,

1931 2959 2223 3029 omnisque
2253 2955 2480 3010 omnino
2512 2954 2582 3008 ab
2614 2951 2846 3007 rationis
2868 2946 3293 3004 mansuetudine
3317 2943 3512 2998 absoni

1931 3058 2156 3120 pr0pter
2211 3047 2471 3103 duritiem
2519 3053 2704 3099 motus
2753 3057 2992 3112 expers,
3044 3039 3266 3109 iniquus
3318 3043 3514 3090 contra

1931 3143 2075 3198 latro
2120 3149 2205 3197 est
2243 3141 2337 3210 qui
2387 3139 2556 3192 vitam
2595 3135 2898 3191 virtutibus
2935 3133 3118 3187 colere
3167 3128 3346 3184 modis
3389 3142 3516 3197 spe-

1931 3233 2100 3290 ciosis
2139 3232 2297 3286 famae
2328 3228 2767 3299 autspissiorum
2803 3225 3305 3280 emolumentorum
3337 3220 3514 3288 gratia

217 3315 341 3374 ,τὸν
381 3317 500 3369 κατ’
551 3315 753 3388 ἀρετὴν
804 3315 918 3386 βίον
971 3317 1422 3388 ὑποκρινόμενος,
1469 3319 1568 3373 καὶ
1604 3318 1702 3374 ἕνα
1730 3320 1826 3373 καὶ

1932 3325 2160 3382 subdole
2202 3323 2449 3381 simulat.
2502 3335 2672 3375 unum
2731 3329 2788 3373 et
2828 3317 3008 3372 solum
3055 3313 3201 3385 apud
3257 3320 3516 3366 externos

243 3405 411 3476 μόνον
441 3408 576 3476 πρὸς
610 3408 737 3472 τοὺς
787 3407 895 3474 ἔξω
939 3409 1034 3462 τὸν
1065 3409 1274 3462 κόλακα
1303 3409 1461 3479 λόγον
1489 3410 1613 3464 ἀντὶ
1645 3412 1828 3483 πάσης

238 3497 452 3566 ἀρετῆς
478 3514 537 3552 τε
567 3500 660 3553 καὶ
694 3499 951 3568 γνώσεως
995 3501 1418 3572 μετερχόμενος,
1454 3502 1593 3573 πρὸς
1620 3503 1678 3557 δὲ
1700 3505 1828 3566 τοὺς

241 3587 503 3658 συνήθεις
544 3589 756 3654 σκολιός
799 3607 884 3653 τις
923 3590 1025 3661 τὴν
1064 3589 1292 3662 γνώμην
1333 3591 1444 3645 τῶν
1481 3592 1830 3646 παντάπασιν

237 3677 322 3733 ὣν
354 3680 447 3733 καὶ
503 3680 859 3753 δυσάντητος,
913 3682 972 3736 δν
1019 3685 1102 3737 δεῖ
1139 3685 1288 3754 μάλα
1323 3701 1387 3754 γε
1427 3683 1526 3756 τὴν
1563 3686 1684 3753 όδζλν
1732 3686 1828 3739 τοῦ

238 3768 384 3822 Θεοῦ
436 3768 862 3842 βλασφημοῦντα
923 3775 1060 3845 μετά
1109 3774 1380 3838 συνέσεως
1431 3776 1828 3845 ἐπιστομίζειν.

243 3859 415 3923 Ἴσως
441 3859 552 3931 γὰρ
588 3860 858 3915 παύσεται
893 3861 988 3914 τοῦ
1025 3861 1335 3916 διαϐάλλειν
1382 3863 1470 3916 διὰ
1496 3865 1595 3934 τῆς
1623 3862 1831 3926 οἰκείας

239 3953 602 4025 ἀναστροφῆς
639 3956 731 4008 τὸν
759 3953 941 4023 λόγον,
995 3959 1062 4026 τῇ
1112 3955 1434 4026 παραινέσει
1470 3956 1514 3987 ⁸⁷
1561 3956 1655 4009 τοῦ
1708 3959 1830 4009 ἐπι-

237 4046 607 4116 πλήσσοντος,
639 4046 830 4118 ῶσπερ
864 4048 956 4100 ἐπὶ
978 4046 1070 4100 τοῦ
1107 4049 1348 4118 σταυροῦ
1371 4047 1640 4102 πέπονθεν
1673 4048 1702 4100 ὁ
1735 4049 1833 4118 τὴν

241 4134 609 4205 βλασφημίαν
636 4135 810 4198 ἀδεῶς
839 4136 1217 4207 προσενέγκας
1243 4135 1468 4209 λῃστής.
1509 4137 1584 4189 Τὸ
1622 4139 1730 4207 γάρ
1756 4136 1833 4209 μὴ

235 4224 713 4294 ἀντιφθέγξασθαι
757 4227 836 4296 τῷ
871 4226 1232 4298 ἐπιπλήξαντι
1297 4231 1522 4300 σημεῖον
1576 4229 1688 4299 ἔχει
1733 4229 1834 4300 τῆς

234 4318 344 4371 τοῦ
398 4317 658 4389 ῥηθέντος
703 4318 979 4390 ἀποδοχῆς
1034 4318 1195 4388 λόγου
1245 4319 1345 4390 τὴν
1398 4322 1634 4391 σιωπήν.
1695 4319 1834 4373 Καθ’

235 4411 445 4481 ἥντινα
479 4409 611 4476 γοῦν
639 4410 747 4464 τῶν
771 4411 1080 4481 εἰρημένων
1126 4409 1206 4480 τῷ
1246 4411 1468 4481 Χριστῷ
1500 4411 1835 4482 συσταυρού-

239 4502 418 4572 μεθα,
449 4500 866 4570 σπουδάσωμεν,
899 4501 974 4565 ῶς
994 4502 1161 4572 ἐσμεν
1190 4503 1446 4566 ἐνταῦθα,
1470 4503 1560 4556 τὸν
1593 4521 1832 4556 συσταυο

239 4596 518 4667 ρούμενον
575 4597 707 4667 ἡμῖν
767 4595 1093 4650 ἱλεὼσασθαι
1128 4598 1323 4667 Λόγον,
1356 4598 1450 4650 καὶ
1481 4597 1579 4669 τὴν
1628 4598 1832 4668 ἀψευδῆ

229 4687 510 4754 δέξασθαι
545 4689 590 4720 ⁸⁸
620 4688 762 4742 κατά
792 4689 1100 4761 συνείδησιν
1128 4689 1498 4761 καθαρθεῖσαν
1529 4691 1640 4744 τῶν
1671 4692 1835 4762 πλησ-

235 4781 458 4833 σὸντων
503 4781 674 4851 αὐτὴν
708 4782 998 4851 νοημάτων
1037 4781 1134 4852 τῆς
1182 4781 1544 4844 ἀναπαύσεως
1593 4783 1833 4850 ἐπαγγεο

233 4871 393 4936 λίαν,
452 4873 611 4944 εἴπερ
664 4874 698 4943 ἡ
752 4874 992 4943 σήμερον
1021 4873 1119 4944 τὴν
1149 4873 1456 4928 ἐνεστῶσαν
1503 4857 1834 4927 τούτουτοῦ

232 4958 452 5022 αἰῶνος
506 4959 724 5030 ἡμέραν
785 4960 1122 5014 ἐνδείκνυται
1146 4959 1440 5032 (Σήμερον
1478 4961 1608 5031 γὰρ,
1646 4961 1834 5029 φησὶν,

229 5051 368 5118 ἔσῃ
393 5051 523 5120 μετ’
549 5050 694 5120 ἐμοῦ
727 5049 798 5104 ἐν
831 5049 910 5114 τῷ
934 5052 951 5121 (
975 5051 1130 5121 167
1157 5051 1226 5120 a)
1276 5051 1675 5121 παραδείσῳ),
1710 5053 1743 5121 ἡ
1780 5051 1838 5106 δὲ

229 5139 445 5210 αὔριον
489 5140 589 5212 τὴν
633 5139 727 5194 τοῦ
792 5139 1107 5210 μέλλοντος,
1158 5141 1279 5194 καθ’
1323 5142 1389 5212 ἢν
1429 5142 1687 5210 οὐδεμίαν
1737 5141 1834 5211 μὲν

227 5234 448 5303 ἄφεσιν
475 5232 890 5304 ἁμαρτημάτων
916 5231 1231 5301 ἐκδέχεσθαι
1269 5234 1396 5303 χρὴ,
1441 5233 1608 5304 μόνην
1651 5232 1709 5285 δὲ
1735 5233 1835 5302 τῆς

227 5324 474 5394 ἑκάστῳ
501 5323 822 5394 πρεπούσης
855 5321 976 5376 κατ’
1019 5320 1178 5387 ἀξίαν
1221 5322 1460 5393 ἀμοιϐῆς
1494 5323 1600 5376 τῶν
1645 5322 1838 5393 βεϐιω-

232 5412 436 5484 μένων
464 5411 756 5467 ἀντίδοσιν.

320 5537 353 5565 η
379 5526 518 5582 Luc.
543 5541 698 5590 xm],
731 5524 823 5579 45.

1929 3416 2276 3472 adulatorem
2298 3426 2607 3469 sermonem
2637 3426 2739 3481 pro
2774 3407 2925 3462 omni
2954 3406 3167 3462 virtute
3197 3413 3366 3474 atque
3415 3417 3513 3457 co-

1930 3506 2176 3580 gnitione
2205 3505 2501 3569 meditans,
2538 3517 2666 3571 erga
2695 3499 2998 3554 familiares
3026 3503 3219 3550 contra
3256 3498 3516 3549 versutus

1931 3599 2119 3654 animo
2159 3613 2272 3668 pra:
2315 3595 2532 3651 caeteris
2579 3601 2744 3663 atque
2803 3605 3041 3668 occursu
3096 3587 3358 3651 difficilis,
3418 3586 3512 3654 qui

1931 3708 2059 3748 cum
2089 3692 2187 3746 Dei
2215 3692 2357 3745 viam
2393 3687 2634 3758 graviter
2655 3683 3031 3753 blasphemet,
3074 3679 3250 3750 perite
3284 3676 3515 3748 reprimi

1932 3787 2100 3842 debet
2143 3801 2208 3841 ac
2263 3781 2557 3839 refrenari.
2612 3779 2867 3834 Fortasse
2922 3776 3070 3830 enim
3117 3772 3335 3828 desinet
3378 3785 3515 3824 eon-

1931 3878 2245 3935 versatione
2283 3890 2381 3930 sua
2424 3874 2739 3929 obtrectare
2793 3866 3051 3924 Sermoni
3100 3881 3130 3920 a
3178 3862 3514 3933 castigatore

1933 3971 2347 4034 admonitus,ut
2380 3967 2568 4023 evenit
2594 3967 2650 4019 in
2681 3980 2848 4019 cruce
2881 3961 3084 4017 latroni
3122 3959 3200 4014 illi
3241 3959 3336 4028 qui
3365 3956 3513 4011 blas~

1935 4062 2212 4133 phemiam
2262 4057 2615 4128 impudenter
2649 4054 2957 4109 -intulerat.
2999 4050 3156 4119 Quod
3223 4049 3372 4104 enim
3421 4062 3518 4102 ea-

1936 4152 2162 4224 stiganti
2184 4151 2326 4204 nihil
2358 4147 2667 4218 respondit,
2693 4147 2798 4201 hoc
2825 4143 3048 4200 silentio
3071 4155 3381 4197 sermonem
3411 4155 3440 4192 a
3459 4155 3518 4194 se

1935 4239 2355 4310 comprobatum
2402 4235 2756 4310 signiﬁcavit.
2789 4234 3130 4303 Quacunque
3162 4231 3330 4303 igitur
3351 4229 3520 4299 hujus

1937 4329 2423 4400 contemplationis
2479 4327 2694 4382 ratione
2729 4341 2854 4380 cum
2900 4323 3125 4379 Christo
3192 4320 3344 4376 cruci
3399 4318 3521 4374 afﬁ-

1937 4423 2137 4494 gimur,
2169 4421 2367 4476 demus
2388 4435 2634 4489 operam,
2671 4425 2730 4472 ut
2761 4431 2955 4471 sumus
2981 4415 3083 4477 ibi,
3111 4421 3173 4470 ut
3202 4409 3516 4467 sermonem

1938 4532 2046 4570 una
2077 4531 2200 4571 cum
2237 4515 2397 4568 nobis
2436 4515 2492 4567 in
2529 4528 2750 4566 crucem
2785 4510 2975 4564 datum
3009 4509 3296 4578 placemus
3326 4506 3515 4570 nobis,

1937 4625 2001 4664 ac
2035 4607 2194 4661 ﬁdam
2225 4606 2558 4674 recipiamus
2576 4620 2712 4674 pura
2749 4601 3092 4658 conscientia
3125 4596 3516 4668 castigantium

1938 4699 2331 4770 cogitationum
2371 4699 2543 4767 ipsam
2603 4695 2815 4764 requiei
2876 4702 2934 4747 et
2982 4691 3259 4762 refrigerii
3303 4706 3520 4743 annun-

1941 4791 2260 4856 tiationem;
2330 4788 2606 4858 siquidem
2661 4785 2929 4840 hodierna
2991 4782 3114 4838 dies
3183 4787 3513 4852 praesentem

1941 4881 2108 4952 hujus
2137 4879 2322 4936 smculi
2361 4879 2507 4932 diem
2542 4875 2816 4946 signiﬁcat
2865 4873 3054 4944 (Hodie
3103 4873 3262 4935 enim,
3319 4870 3517 4939 inquit,

1943 4989 2144 5026 mecum
2178 4973 2232 5024 in
2290 4969 2540 5041 paradiso
2577 4968 2680 5021 eris
2725 4965 2801 5035 τι),
2836 4963 3076 5029 crastina
3113 4969 3296 5020 autem
3345 4957 3518 5014 futuri

1945 5062 2156 5126 saeculi,
2192 5075 2301 5130 qua
2335 5059 2539 5113 nullam
2598 5065 2956 5127 peccatorum
2985 5052 3366 5108 remissionem
3420 5063 3519 5102 εχ·-

1957 5159 2213 5222 spectare
2260 5149 2434 5204 debes
2457 5190 2469 5211 ,
2505 5163 2700 5202 verum
2729 5147 2900 5201 solam
2929 5160 3031 5214 pro
3082 5142 3521 5212 uniuscujusque

1941 5243 2071 5298 vitae
2116 5240 2316 5296 merito
2345 5238 2764 5296 retributionem
2795 5235 3147 5315 condignam.

1243 5664 1247 5668 ,
1565 5592 1800 5650 varum
1849 5590 2252 5647 LECTIONES.

325 5694 378 5733 ⁸⁸
414 5695 636 5763 Repone
671 5685 1080 5764 συσταυρὼθῇς,
1110 5699 1171 5747 ut
1199 5701 1376 5748 exstat
1403 5689 1569 5747 etiam
1593 5691 1734 5764 infra
1765 5689 2074 5764 fol._2:t_8__b.
2117 5759 2130 5764 _
2152 5687 2303 5764 "ita
2335 5683 2615 5764 rescripsi.
2637 5682 2783 5764 ‘Cod.
2815 5679 2957 5764 Gud.
2982 5679 3128 5736 enim
3156 5678 3321 5760 habet
3350 5677 3524 5749 ἐχρώ-

235 5781 397 5829 σεως
495 5781 944 5834 "Apograpnum
981 5781 1145 5817 naoet
1171 5781 1238 5832 τῃ
1265 5781 1373 5830 γαρ
1405 5781 1544 5831 παρα

232 5836 456 5891 cabulo
485 5836 823 5906 παραινέσει.
901 5835 947 5865 ³⁸
968 5832 1221 5896 δόξασθαι
1250 5833 1373 5888 cod.
1400 5831 1544 5888 Gud.

494 5750 944 5834 “Apographu'm
976 5750 1150 5834 habet
1171 5766 1238 5832 τῇ
1265 5764 1373 5834 γὰρ
1405 5763 1739 5834 παραινέσει.
1780 5759 1965 5816 Delevi
1998 5759 2131 5813 illud
2166 5757 2274 5827 γὰρ
2313 5755 2463 5826 quod
2490 5750 2600 5809 non
2621 5753 2814 5810 dubito
2838 5753 2971 5824 quin
2999 5750 3306 5808 accreverit
3333 5764 3402 5807 ex
3423 5765 3519 5806 vo-

327 5951 410 6023 (Ι)
441 5949 685 6020 Gregorii
717 5949 842 6005 Naz.
881 5949 971 6006 0r.
1010 5950 1061 6003 in
1090 5947 1146 6004 S.
1179 5948 1404 6017 Pascha,
1441 5957 1564 6018 eap.
1592 5949 1682 6018 9.4,
1720 5958 1850 6004 tom.
1886 5948 1926 6017 Ι,
1963 5965 2016 6019 p.
2051 5946 2175 6011 864,
2209 5943 2297 6000 ed.
2328 5941 2536 5998 Bened.
