4012 6428
346 444 370 510 ι
388 444 485 513 ΞἨ

1588 456 2111 516 AMBIGUORUM
2154 456 2415 518 LIBER.

3491 454 3628 520 1178

341 565 583 634 ἑτοίμως
643 563 950 630 ἀπώσεται,
1008 566 1359 636 λογιζόμενος
1408 567 1628 640 ἀληθῶς
1671 572 1753 625 ὃτι
1820 574 1929 625 πᾶν

2046 573 2344 641 ignoverit,
2378 570 2549 626 etiam
2578 586 2831 627 errorem
2853 589 3015 629 suum
3041 589 3151 644 quo
3176 574 3448 630 mundum
3472 576 3626 644 prin-

341 657 669 727 κινούμενον
700 657 918 722 πάντως
947 659 1042 713 καὶ
1087 660 1295 732 ἤρξατο
1321 662 1421 731 τῆς
1447 665 1735 733 κινήσεως.
1774 665 1933 717 Πᾶσα

333 748 395 801 δὲ
454 748 668 820 κίνησις
723 751 824 803 οὐκ
886 751 1144 822 ἄναρχος,
1221 754 1412 826 ἐπειδὴ
1481 755 1604 809 οὐδὲ
1665 757 1931 820 ἀναίτιος.

337 840 544 913 (168
567 845 637 912 a)
722 842 924 914 Ἀρχὴν
960 845 1070 916 γὰρ
1108 844 1223 917 ἔχει
1261 846 1321 899 τὸ
1356 846 1564 913 κινοῦν,
1616 849 1710 902 καὶ
1753 849 1933 904 αἰτίαν

332 934 455 1003 ἔχει
487 934 569 987 τὸν
593 932 794 987 καλοῦν
827 953 888 989 τε
930 938 1025 990 καὶ
1061 937 1220 992 ἕλκον
1256 941 1301 972 ⁰⁹
1329 940 1467 1010 πρὸς
1505 940 1534 993 ὃ
1569 939 1665 994 καὶ
1698 944 1931 995 κινεῖται

329 1023 513 1087 τέλος.
558 1024 622 1076 Ei
660 1024 714 1076 δὲ
751 1025 933 1097 πάσης
968 1029 1239 1098 κινήσεως
1270 1030 1473 1094 παντὸς
1514 1032 1840 1101 κινουμένου
1873 1032 1934 1084 τὺ

332 1114 528 1167 κινοῦν
565 1116 715 1168 ἐστιν
740 1115 904 1186 ἁρχὴ,
944 1118 1036 1171 καὶ
1079 1118 1231 1182 τέλος
1267 1121 1301 1190 ὴ
1349 1121 1485 1191 πρὸς
1523 1123 1588 1193 ἢν
1618 1123 1843 1192 φέρεται
1870 1121 1932 1174 τὸ

333 1205 667 1274 κινούμενον
714 1207 866 1260 αἰτία
927 1207 1115 1280 (οὐδὲν
1162 1211 1272 1282 γὰρ
1315 1212 1575 1276 ἀναιτίως
1639 1213 1926 1283 κινεῖται),

332 1297 495 1351 οὐδὲν
539 1297 596 1351 δὲ
650 1298 761 1351 τῶν
821 1298 991 1354 ὄντων
1045 1302 1322 1370 ἀκίνητον,
1381 1306 1431 1356 εί
1473 1304 1547 1375 μὴ
1589 1305 1653 1356 τὸ
1698 1304 1931 1375 πρώτως

331 1392 527 1445 κινοῦν
579 1391 830 1469 (τὸγὰρ
886 1395 1116 1465 πρώτως
1160 1396 1344 1451 κινοῦν
1384 1400 1602 1461 πάντως
1650 1398 1928 1468 ἀκίνητον,

331 1484 423 1537 ὃτι
455 1485 549 1538 καὶ
578 1484 816 1556 ἄναρχον
844 1486 885 1555 ),
916 1487 1067 1541 οὐδὲν
1092 1489 1200 1560 ἄρα
1235 1491 1345 1543 τῶν
1372 1491 1544 1544 ὄντων
1583 1491 1733 1543 ἐστὶν
1764 1491 1930 1561 ἄναρ-

330 1592 457 1647 χον,
498 1575 583 1628 ὃτι
636 1575 711 1646 μὴ
750 1577 847 1630 καὶ
879 1577 1161 1648 ἀκίνητον.
1219 1579 1407 1633 Πάντα
1431 1581 1542 1650 γὰρ
1590 1582 1822 1635 κινεῖται
1863 1582 1931 1636 τὰ

331 1669 588 1722 ὁπωσοῦν
620 1669 771 1735 ὄντα,
823 1671 949 1743 δίχα
999 1675 1099 1743 τῆς
1149 1676 1318 1746 μόνης
1369 1677 1466 1728 καὶ
1519 1677 1778 1747 ἀκινήτου
1835 1677 1930 1730 καὶ

332 1760 485 1832 ὑπὲρ
531 1762 711 1816 πάντα
766 1764 968 1831 αἰτίας,
1001 1765 1068 1819 τα
1104 1767 1203 1836 μὲν
1244 1769 1409 1839 νοερὰ
1457 1785 1519 1821 τε
1567 1769 1664 1822 καὶ
1710 1767 1927 1837 λογικὰ,

331 1856 660 1921 γνωπικῶς
680 1874 739 1909 τε
763 1858 859 1911 καὶ
891 1860 1087 1930 ὲπιστη
1099 1860 1355 1930 μονικῶς,
1389 1862 1472 1914 ὅτι
1498 1862 1573 1931 μὴ
1591 1861 1928 1930 αὐτογνῶσις

2032 667 2179 736 cipio
2209 682 2401 721 carere
2439 665 2639 720 statuit
2664 664 2927 721 lubenter
2965 667 3214 737 ahjieiet,
3249 667 3627 738 quodcunque

2034 766 2326 812 moveatur
2371 759 2499 827 jure
2535 759 2889 829 recogitans,
2928 758 3158 813 omnino
3199 761 3412 815 moveri
3455 760 3625 813 etiam

2030 850 2288 919 cmpisse.
2322 848 2520 903 Nullus
2553 864 2689 904 vero
2725 858 2912 905 motus
2940 849 3063 904 sine
3096 849 3398 920 principio,
3448 849 3626 919 siqui-

2033 940 2158 995 dem
2195 954 2301 994 nee
2321 938 2442 994 sine
2479 954 2671 994 causa.
2707 939 3055 1009 Principium
3098 939 3308 995 etenim
3348 939 3515 994 habet
3570 938 3627 994 id

2030 1032 2178 1103 quod
2224 1042 2431 1097 movet,
2462 1042 2628 1103 atque
2659 1048 2888 1089 causam
2938 1032 2991 1087 id
3025 1033 3176 1104 quod
3208 1042 3406 1087 evocat
3452 1040 3510 1087 et
3552 1032 3627 1087 ad

2032 1125 2198 1180 ﬁnem
2224 1141 2338 1195 quo
2387 1136 2645 1181 movetur
2681 1126 2936 1182 attrahit.
2986 1126 3107 1181 Jam
3160 1125 3206 1180 si
3248 1125 3628 1195 cujuscunque

2032 1218 2181 1287 quod
2214 1228 2470 1274 movetur
2497 1219 2764 1274 motionis
2794 1220 2979 1274 omnis
3007 1219 3348 1288 principium
3383 1217 3516 1271 illud
3543 1226 3631 1272 est

2031 1310 2179 1379 quod
2211 1320 2420 1375 movet,
2478 1318 2535 1365 et
2566 1310 2694 1367 ﬁnis
2737 1326 2907 1366 causa
2963 1310 3031 1364 ad
3085 1325 3253 1379 quam
3313 1310 3492 1362 fertur
3540 1322 3631 1362 res

2032 1410 2179 1456 mota
2210 1402 2373 1471 (nihil
2400 1403 2551 1458 enim
2576 1404 2696 1459 sine
2723 1419 2891 1458 causa
2937 1400 3242 1472 movetur),
3286 1400 3428 1455 nihil
3462 1415 3630 1468 porro

2033 1493 2090 1547 in
2142 1495 2313 1548 rebus
2364 1509 2476 1549 non
2529 1505 2787 1550 movetur
2829 1505 3034 1565 praeter
3075 1509 3245 1548 unum
3296 1492 3432 1546 illud
3480 1490 3629 1561 quod

2032 1584 2296 1653 primitus
2318 1592 2505 1638 movet
2557 1585 2709 1656 (nam
2750 1584 2903 1654 quod
2958 1585 3222 1655 primitus
3271 1590 3456 1636 movet
3505 1579 3631 1634 ideo

2033 1684 2182 1727 caret
2216 1682 2369 1729 motu
2403 1674 2552 1743 quod
2587 1675 2754 1728 etiam
2789 1675 3066 1744 principio
3093 1672 3293 1742 caret),
3328 1670 3468 1725 nihil
3495 1685 3630 1738 ergo

2031 1766 2087 1819 in
2122 1766 2291 1819 rebus
2322 1766 2443 1820 sine
2474 1766 2750 1835 principio
2785 1774 2893 1830 est,
2940 1773 3239 1835 propterea
3277 1763 3426 1832 quod
3453 1760 3626 1816 etiam

2033 1859 2152 1913 sine
2209 1868 2386 1913 motu.
2424 1859 2719 1914 Moventur
2751 1858 2903 1912 enim
2938 1871 3286 1927 quaecunque
3340 1864 3627 1922 utcunque

332 1947 373 2018 ἢ
415 1950 830 2020 αὑτοεπιστήμη
882 1951 1067 2005 ἐστίν.
1110 1952 1249 2006 Οὔτε
1298 1955 1408 2024 γὰρ
1452 1954 1611 2007 οὐσία
1644 1952 1827 2007 αὐτῶν
1890 1954 1923 2021 ἡ

2046 1959 2177 2014 sunt,
2205 1960 2436 2020 excepta
2464 1967 2573 2005 una
2603 1967 2782 2020 eaque
2813 1950 3091 2005 immobili
3117 1958 3175 2006 et
3221 1949 3409 2003 omnia
3456 1960 3626 2014 supe-

334 2039 546 2108 γνῶσις
597 2041 778 2095 αὐτῶν
827 2045 943 2097 ἐστι
984 2046 1079 2099 καὶ
1118 2048 1151 2115 ἡ
1200 2045 1507 2116 ἐπιστήμη,
1544 2045 1659 2098 ἀλλ’
1690 2043 1832 2109 ἕξεις
1860 2045 1927 2114 τῇ

333 2132 524 2189 αὐτῶν
546 2133 705 2207 οὐσίᾳ
735 2134 1229 2207 ὲπιθεωρούμεναι,
1274 2137 1338 2190 ἐκ
1376 2140 1474 2207 τῆς
1508 2136 1650 2189 κατὰ
1677 2135 1801 2189 νοῦν
1834 2135 1931 2188 καὶ

332 2225 497 2293 λόγον
532 2224 662 2296 (τὰς
684 2227 1018 2292 συστατικὰς
1049 2229 1231 2282 αὐτῶν
1262 2228 1407 2297 λέγω
1433 2227 1728 2299 δυνάμεις)
1760 2226 1928 2297 ὀρθῆς

338 2318 578 2388 κρίσεως
612 2320 1020 2389 ὲπιγενόμεναι.

2036 2050 2196 2097 rante
2247 2058 2435 2105 causa,
2488 2052 2598 2097 tam
2656 2041 3058 2096 intellectualia
3105 2056 3271 2110 quam
3312 2036 3628 2098 rationalia,

2037 2142 2147 2190 tam
2176 2135 2497 2206 cognitione
2527 2151 2694 2205 quam
2727 2135 2995 2205 scientia,
3021 2134 3154 2203 quia
3182 2148 3287 2188 nec
3327 2130 3412 2186 sui
3452 2127 3631 2197 ipsius

2036 2226 2282 2296 cognitio
2338 2241 2444 2282 nec
2491 2226 2578 2281 sui
2631 2226 2809 2297 ipsius
2862 2226 3099 2281 scientia
3150 2231 3353 2279 exstat.
3409 2218 3631 2274 Etenim

1944 2380 1951 2383 _
2034 2319 2280 2391 cegnitio
2311 2335 2507 2374 eorum
2535 2327 2592 2375 et
2619 2319 2855 2374 scientia
2886 2334 2996 2374 non
3021 2317 3268 2373 essentia
3302 2324 3386 2369 est
3412 2325 3629 2394 eorum,

336 2412 437 2467 sed
463 2411 691 2467 habitus
751 2415 847 2483 qui
885 2414 942 2470 in
1011 2416 1255 2470 essentia
1297 2429 1493 2471 eorum
1561 2401 2123 2475 aniinadvertuntur,
2165 2426 2234 2466 ex
2295 2411 2660 2467 intellectuali
2708 2419 2766 2466 et
2817 2409 3079 2466 rationali
3121 2407 3451 2481 (potestates
3504 2401 3633 2457 dico

338 2518 466 2575 quae
523 2513 585 2559 ut
618 2505 940 2579 consistant
994 2506 1125 2576 ipsae
1185 2503 1459 2569 efﬁciunt)
1521 2510 1676 2558 recto
1720 2501 1933 2574 judicio
1972 2500 2328 2558 accedentes.

345 2731 565 2799 Θεωρία
607 2731 741 2797 περὶ
784 2728 1104 2797 συστολῆς
1153 2730 1252 2783 καὶ
1300 2727 1633 2795 διαστολῆς
1690 2728 1930 2794 οὐσίας,

414 2824 731 2890 ποιότητος
760 2838 822 2875 τε
866 2822 963 2875 καὶ
1014 2824 1374 2890 ποσότητος,
1408 2820 1537 2874 καθ’
1571 2818 1652 2887 ἢν
1679 2817 1931 2888 ἄναρχοι

415 2912 569 2970 εἶναι
599 2916 673 2969 οὺ
696 2912 1010 2968 δύνανται.

429 3046 591 3104 Ἀλλὰ
618 3049 713 3102 καὶ
742 3047 935 3120 αὑτὴὴ
965 3048 1150 3113 ἁπλῶς
1181 3045 1451 3119 λεγομένη
1475 3019 1637 3101 οὐσία
1675 3047 1737 3100 οὐ
1768 3046 1932 3115 μόνον

344 3143 381 3214 ἠ
420 3139 531 3194 τῶν
561 3143 619 3194 ἐν
659 3140 871 3209 γενέσει
910 3140 1005 3194 καὶ
1039 3140 1214 3211 φθορᾷ
1255 3138 1397 3193 κατὰ
1443 3140 1663 3209 γένεσιν
1703 3144 1936 3194 κινεῖται

345 3233 445 3287 καὶ
484 3232 716 3304 φθορὰν,
771 3232 911 3286 ἀλλὰ
949 3232 1043 3285 καὶ
1099 3232 1132 3300 ἠ
1187 3231 1295 3286 τῶν
1328 3231 1499 3286 ὄντων
1541 3233 1799 3287 ἁπάντων
1841 3231 1937 3286 καὶ

2032 2727 2423 2797 Contemplatio
2451 2726 2516 2779 de
2537 2725 2900 2780 contractione
2934 2730 2982 2776 et
3018 2722 3336 2777 dilatatione
3368 2721 3629 2781 essentne.

2105 2821 2381 2892 qualitatis
2411 2831 2459 2874 et
2482 2819 2820 2889 quantitatis,
2851 2816 3141 2873 secundum
3165 2831 3326 2886 quam
3343 2814 3458 2866 sine
3483 2811 3637 2882 prin-

2102 2914 2238 2986 cipio
2269 2928 2379 2966 esse
2409 2928 2515 2965 non
2546 2916 2787 2982 possunt.

2104 3040 2403 3102 Verum'et
2453 3043 2574 3113 ipsa
2617 3057 2741 3112 qua:
2784 3039 3122 3110 simpliciter
3156 3037 3365 3093 dicitur
3393 3033 3635 3093 essentia

2040 3155 2155 3195 non
2178 3138 2347 3192 modo
2374 3151 2571 3191 eorum
2597 3150 2720 3204 quae.
2756 3131 3103 3207 generationi
3130 3138 3341 3185 suntet
3380 3127 3631 3183 interitui

2043 3232 2286 3289 obnoxia
2319 3228 2628 3285 secundum
2658 3227 3082 3298 generationem
3116 3232 3372 3278 movetur
3401 3230 3458 3276 et
3488 3220 3635 3274 inte-

343 3322 633 3392 κεκίνηται
662 3322 757 3375 καὶ
784 3324 1015 3375 κινεῖται
1046 3320 1125 3392 τῷ
1155 3321 1297 3374 κατὰ
1316 3321 1608 3393 διαστολὴν
1627 3323 1721 3376 καὶ
1745 3339 1938 3376 συστο-

2046 3328 2243 3387 ritum,
2271 3324 2367 3379 sed
2408 3324 2579 3379 etiam
2606 3321 2855 3376 omnium
2888 3334 3011 3389 qua:
3037 3326 3170 3372 sunt
3198 3323 3254 3370 et
3284 3322 3436 3368 mota
3466 3320 3551 3366 est
3580 3320 3637 3365 et

345 3414 447 3487 λὴν
482 3415 629 3484 λόγῳ
650 3431 709 3467 τε
737 3414 832 3468 καὶ
859 3415 1070 3483 τρόπῳ.
1111 3414 1356 3467 Κινείται
1393 3415 1493 3485 γὰρ
1520 3415 1629 3468 ἀπὸ
1663 3414 1756 3467 τοῦ
1784 3431 1937 3482 γενι-

346 3508 599 3563 κωτάτου
636 3508 829 3576 γένους
868 3507 957 3561 διὰ
988 3506 1099 3559 τῶν
1136 3508 1533 3578 γενικωτέρωνο
1560 3508 1733 3576 γενῶν
1758 3509 1837 3570 εἰς
1872 3506 1941 3561 τὰ

347 3599 466 3670 εἴδη
498 3598 565 3651 δι’
594 3590 669 3652 ὧν
704 3602 798 3651 καὶ
840 3598 918 3660 είς
954 3596 989 3651 ἃ
1024 3598 1355 3669 διαιρεῖσθαι
1399 3600 1632 3669 πέφυκε,
1675 3600 1942 3670 προϊοῦσα

353 3690 519 3761 μέχρι
549 3689 657 3744 τῶν
697 3689 1063 3743 εἰδικωτάτων
1087 3690 1243 3743 εἰδῶν
1275 3687 1357 3754 οἷς
1388 3691 1722 3762 περατοῦται
1752 3695 1786 3763 ἡ
1820 3692 1939 3746 κατ’

349 3783 526 3854 αὐτὴν
541 3781 816 3852 διαστολὴ,
850 3782 911 3835 τὸ
936 3779 1075 3845 εἶναι
1109 3782 1279 3850 αὐτῆς
1310 3783 1444 3854 πρὸς
1488 3783 1557 3836 τὰ
1593 3785 1745 3838 κάτω
1786 3802 1943 3856 περι-

350 3875 668 3946 γράφουσα,
689 3876 782 3929 καὶ
800 3875 1095 3942 συνάγεται
1118 3876 1280 3930 πάλιν
1306 3876 1414 3930 ἀπὸ
1444 3876 1553 3928 τῶν
1578 3877 1943 3932 εἰδικωτάτων

352 3965 512 4021 εἰδῶν
537 3966 624 4019 διὰ
661 3965 771 4018 τῶν
795 3967 1181 4038 γενικωτέρων
1236 3968 1643 4033 ἁναποδίζουσα
1678 3969 1866 4040 (168
1892 3969 1943 4039 ὁ)

357 4054 524 4127 μέχρι
554 4055 649 4108 τοῦ
676 4057 1046 4125 γενικωτάτου
1080 4057 1292 4125 γένους,
1314 4049 1358 4124 ᾧ
1383 4057 1721 4128 περατοῦται
1758 4060 1790 4128 ὴ
1820 4059 1943 4113 κατ’

355 4149 530 4221 αὐτὴν
560 4150 816 4220 συστολὴ,
842 4151 978 4221 πρὸς
1006 4150 1067 4202 τὸ
1085 4150 1196 4205 ἄνω
1214 4150 1276 4204 τὸ
1303 4146 1443 4204 εἶναι
1465 4151 1637 4222 αὐτῆς
1661 4151 1940 4223 ὁρίζουσα,

354 4242 454 4295 καὶ
481 4240 667 4294 λοιπὸν
687 4240 898 4312 διχόθεν
930 4242 1417 4313 περιγραφομένη,
1464 4242 1674 4295 ἄνωθέν
1704 4260 1765 4296 τε
1795 4243 1943 4311 λέγω

356 4335 452 4388 καὶ
485 4334 754 4402 κάτωθεν,
777 4336 952 4407 ἀρχὴν
982 4337 1078 4390 καὶ
1100 4335 1253 4399 τέλος
1288 4335 1487 4406 ἔχουσα
1520 4337 1819 4403 δείκνυται,
1851 4336 1944 4390 τὸν

355 4427 459 4495 τῆς
486 4428 742 4499 ἀπειρίας
772 4420 886 4481 οὐδ’
904 4429 1042 4493 ὅλως
1070 4429 1422 4494 ἐπιδέξασθαι
1454 4430 1730 4501 δυναμένη
1761 4431 1942 4500 λόγον.

368 4521 648 4585 Ὡσαύτως
709 4522 767 4576 δὲ
821 4523 914 4576 καὶ
957 4524 991 4594 ἡ
1050 4522 1312 4593 ποσότης,
1359 4524 1419 4576 οὐ
1478 4525 1638 4595 μόνον
1677 4526 1710 4594 ή
1745 4524 1855 4578 τῶν
1889 4527 1946 4578 ὲν

356 4615 576 4682 γενέσει
612 4614 706 4666 καὶ
736 4614 914 4685 φθορᾷ
956 4616 1121 4669 παντὶ
1151 4615 1338 4686 τρόπῳ
1369 4608 1414 4683 ᾧ
1460 4616 1675 4685 πέφυκε
1720 4614 1946 4687 θεωρεῖ-

361 4707 490 4761 σθαι
516 4708 635 4760 κατ’
669 4705 904 4776 αὔξησιν
945 4695 1178 4760 κινεῖται
1214 4710 1307 4761 καὶ
1343 4708 1589 4778 μείωσιν,
1619 4708 1757 4763 ἀλλὰ
1786 4709 1942 4780 καὶὴ
1976 4695 2019 4750 υ

364 4797 518 4851 πᾶσα
548 4798 639 4851 καὶ
665 4798 884 4853 πάντων
913 4798 991 4868 τῷ
1018 4799 1137 4852 κατ’
1167 4800 1351 4852 ἄνεσιν
1400 4801 1491 4853 καὶ
1525 4799 1779 4853 ἐπίτασιν
1804 4798 1950 4870 λόγῳ

348 4889 660 4958 κινουμένη
716 4888 811 4942 καὶ
855 4891 979 4950 ταῖς
1047 4890 1190 4942 κατὰ
1251 4889 1418 4958 μέρος
1469 4889 1754 4960 διαφοραῖς
1808 4888 1954 4942 κατὰ

361 4979 650 5050 διαστολὴν
676 4978 945 5032 εἰδοποιου
955 4978 1091 5049 μένη
1111 4980 1535 5051 περιγράφεται,
1553 4978 1614 5032 τὸ
1631 4982 1858 5048 ἄπειρον
1882 4979 1950 5010 ⁸⁸³

364 5071 577 5147 χεῖσθαι
607 5073 709 5126 οῦκ
758 5072 980 5142 ἔχουσα,
1023 5072 1117 5125 καὶ
1166 5073 1460 5140 συνάγεται
1496 5072 1664 5127 πάλιν
1695 5072 1952 5126 ἀναποδί-

365 5164 557 5230 ζουσα,
615 5165 678 5218 τὸ
731 5163 853 5217 κατ’
903 5162 1095 5229 αὑτὰς,
1147 5165 1263 5219 ἀλλ’
1316 5166 1377 5219 οὐ
1415 5165 1477 5218 τὸ
1512 5165 1760 5236 συμφυὲς
1812 5161 1955 5226 εἶδος

368 5256 705 5312 ἀπολύουσα.
755 5256 989 5328 Ὁμοίως
1029 5256 1086 5310 δὲ
1133 5259 1227 5310 καὶ
1269 5259 1301 5329 ἡ
1342 5259 1586 5329 ποιότης,
1617 5259 1679 5326 οὐ
1730 5256 1950 5327 μόνονὴ

366 5348 479 5403 τῶν
508 5353 569 5404 ὲν
618 5348 832 5418 γενέσει
867 5351 961 5404 καὶ
1006 5350 1184 5422 φθορᾷ
1220 5353 1453 5405 κινεῖται
1496 5353 1617 5404 κατ’
1647 5349 1955 5410 ἀλλοίωσιν,

370 5446 508 5503 ἀλλὰ
550 5446 644 5500 καὶ
702 5448 735 5516 ή
784 5448 933 5499 πᾶσα
964 5446 1059 5500 καὶ
1109 5445 1351 5511 πάντων,
1396 5445 1476 5516 τῷ
1518 5444 1740 5517 τρεπτῷ
1770 5461 1829 5497 τε
1864 5443 1958 5496 καὶ

373 5535 656 5606 σκεδαστῷ
692 5535 795 5607 τῆς
829 5538 954 5590 κατ’
992 5537 1164 5605 αὐτὴν
1188 5537 1454 5607 διαφορᾶς
1492 5535 1811 5605 κινουμένη,
1839 5537 1957 5588 δια-

374 5627 572 5699 στολὴν
602 5628 698 5681 καὶ
718 5627 983 5701 συστολὴν
1013 5628 1346 5699 ἐπιδέχεται.
1377 5627 1571 5690 Οὐδεὶς
1599 5626 1657 5687 δὲ
1687 5626 1748 5679 τὸ
1780 5644 1954 5696 πεφυ-

2044 3428 2323 3481 movetur,
2369 3414 2792 3478 contractionis,
2836 3419 2894 3465 et
2947 3407 3293 3465 dilatationis
3328 3406 3542 3459 ratione
3569 3418 3634 3457 ac

2045 3511 2233 3567 modo.
2260 3511 2519 3579 Movctur
2544 3508 2692 3562 enim
2725 3506 2794 3561 ab
2825 3502 3248 3574 generalissimo
3295 3514 3499 3570 genere
3532 3513 3634 3566 per

2045 3601 2391 3676 generaliora
2422 3615 2629 3672 genera
2667 3599 2722 3651 in
2749 3595 2966 3666 species
3015 3610 3116 3664 per
3145 3606 3284 3662 quas
3315 3600 3372 3644 et
3412 3589 3469 3642 in
3503 3603 3640 3657 quas

2046 3693 2361 3757 dividitur,
2422 3684 2789 3761 progrediens
2843 3700 3019 3755 usque
3081 3681 3147 3735 ad
3205 3676 3640 3750 speeialissimas

2047 3785 2261 3858 species
2291 3783 2500 3853 quibus
2534 3780 2867 3859 terminatur
2917 3776 3192 3836 dilatatio,
3224 3781 3478 3827 naturam
3510 3768 3631 3838 ejus

2047 3879 2114 3935 ad
2161 3877 2429 3935 inferiora
2476 3872 2803 3929 deﬁniens:
2852 3871 2984 3923 item
3044 3864 3401 3943 contrahitur
3442 3874 3639 3914 rursus

2047 3988 2078 4028 a
2108 3968 2529 4042 spccialissimis
2564 3963 2865 4037 speciebus
2899 3977 2998 4031 per
3048 3954 3430 4030 generaliores
3477 3966 3636 4005 revo-

2048 4074 2169 4121 cata
2198 4078 2372 4132 usque
2399 4060 2465 4115 ad
2506 4056 2988 4132 generalissimpm
3016 4065 3209 4124 genus,
3251 4062 3363 4119 quo
3414 4052 3640 4099 contra-

2050 4157 2160 4212 ctio
2207 4155 2571 4217 terminatur,
2630 4127 3045 4218 naturam'ejus
3089 4143 3156 4198 ad
3190 4139 3452 4210 superius
3502 4132 3641 4190 deﬁ-

2049 4250 2211 4305 niens
2260 4266 2272 4301 :
2327 4256 2385 4302 et
2437 4245 2703 4314 deinceps
2757 4242 3025 4311 utrinque
3074 4231 3522 4301 circumscripta,
3571 4227 3639 4283 de

2049 4339 2347 4410 superiori,
2373 4338 2622 4407 inquam,
2658 4333 2810 4389 etde
2850 4328 3125 4393 inferiori,
3173 4326 3254 4381 sic
3296 4320 3639 4394 principium

2049 4442 2217 4502 atque
2261 4431 2428 4485 ﬁnem
2476 4428 2683 4482 habere
2714 4426 3167 4481 demonstratur,
3211 4414 3508 4470 inﬁnitatis
3550 4427 3639 4465 ra-

2053 4521 2220 4576 tionis
2267 4517 2698 4589 haudquaquam
2756 4528 2947 4585 capax.
3002 4511 3219 4566 Pariter
3273 4521 3409 4561 vero
3468 4504 3637 4559 etiam

2052 4612 2334 4684 quantitas
2362 4626 2474 4666 non
2503 4610 2684 4665 solum
2725 4621 2923 4663 eorum
2963 4618 3089 4673 qua:
3122 4596 3471 4673 generationi
3514 4604 3643 4649 sunt

2047 4721 2216 4779 atque
2244 4705 2498 4763 interitui
2523 4705 2743 4775 objecta
2776 4702 2928 4757 omni
2960 4715 3073 4771 quo
3097 4693 3446 4766 conspicitur
3477 4690 3644 4745 modo

2048 4801 2356 4856 secundum
2389 4798 2797 4853 incrementum
2833 4799 3078 4847 motatur
3108 4797 3167 4844 et
3198 4787 3640 4845 decrementum,

2049 4893 2145 4949 sed
2176 4892 2344 4947 etiam
2372 4891 2635 4945 universa
2663 4896 2718 4942 ct
2766 4886 3166 4942 universorum
3209 4876 3555 4934 remissionis
3590 4881 3646 4928 et

2051 4985 2384 5041 intentionis
2420 4982 2632 5038 ratione
2661 4990 2812 5035 mota
2854 4987 2912 5035 et
2941 4973 3348 5032 vicissitudinis
3377 4968 3642 5025 diﬁeren-

2054 5080 2148 5136 tiis
2217 5076 2530 5132 secundum
2582 5075 2975 5130 dilatationem
3029 5068 3357 5140 'speciﬁcata
3403 5062 3644 5116 circum-

2059 5171 2347 5236 scribitur,
2379 5169 2546 5239 inque
2581 5167 2863 5222 inﬁnitum
2895 5162 3108 5219 effundi
3132 5158 3348 5230 nequit,
3382 5152 3477 5209 sed
3512 5166 3649 5207 con-

2062 5262 2301 5318 trahitur
2347 5276 2543 5316 rursus
2597 5266 2898 5323 rcvocata,
2941 5255 3073 5310 dum
3137 5251 3357 5305 illarum
3420 5242 3644 5313 quidem

2059 5350 2296 5421 species,
2329 5357 2382 5405 at
2411 5364 2525 5404 non
2570 5348 2815 5403 innatam
2864 5345 3106 5416 speciem
3144 5337 3395 5396 dimittit.
3431 5331 3647 5388 Pariter

2064 5458 2195 5497 vero
2244 5442 2409 5498 etiam
2447 5441 2688 5511 qualitas
2716 5479 2731 5499 ,
2770 5454 2882 5492 non
2929 5435 3107 5490 solum
3154 5444 3347 5487 eorum
3383 5441 3506 5496 qua:
3546 5436 3645 5476 na-

2062 5545 2296 5590 scuntur
2327 5545 2383 5588 et
2424 5534 2709 5589 intereunt
2758 5538 3045 5584 metantur
3096 5515 3402 5581 secundum
3449 5518 3618 5571 immu

2066 5624 2353 5688 tationem,
2389 5623 2485 5677 sed
2518 5622 2684 5678 etiam
2720 5620 2902 5674 omnis
2924 5615 3250 5674 etomnium
3288 5656 3300 5678 ,
3343 5625 3455 5665 suae
3486 5604 3647 5660 dilic-

1688 5762 1923 5817 νΑιιιιΕ
1965 5762 2366 5818 LliCTIONlCS.

411 5922 415 5926 .
458 5873 501 5907 ”
532 5878 677 5935 ἕλκει
718 5879 840 5934 cod.
876 5878 1019 5934 Gud.

1118 5879 1188 5910 ¹·²
1226 5878 1311 5930 ἐπ’
1362 5876 1490 5948 ἄρον
1544 5876 1667 5932 cod.
1726 5876 1868 5932 Gud.
1920 5878 1941 5931 Ε

2077 5878 2133 5932 in
2172 5894 2342 5948 marg.
2381 5874 2588 5931 eadcm-
2626 5889 2819 5928 manus
2850 5871 3085 5926 correxit
3121 5871 3361 5938 ἄπειρον.
