4012 6434
451 461 589 528 1179

1577 462 1637 521 S.
1680 461 1967 522 MAXIM]
2009 461 2520 526 CONFESSORIS

3594 457 3719 525 1180

451 574 642 628 rentia:
699 569 1070 625 mutabilitate
1125 578 1294 638 atque
1347 567 1772 637 dissipabilitate
1840 578 2022 633 mota,

2138 571 2223 633 κδς
2253 571 2642 626 σκεδάννυσοαί
2687 589 2744 625 τε
2793 575 2888 625 καὶ
2925 571 3258 638 συνάγεσθαι
3297 569 3453 639 λόγῳ
3499 570 3528 639 ἢ
3574 572 3717 642 ἐνερ-

450 666 862 720 distractionem
889 665 1038 733 capit
1055 672 1110 716 ct
1141 663 1601 718 contractionem.
1637 663 1809 717 Nemo
1839 670 2023 716 autem

449 773 580 811 sana
609 765 792 810 mente
833 755 1098 825 praeditus
1139 754 1273 808 illud
1303 754 1452 824 quod
1502 754 1765 823 dissipari
1801 763 1859 808 et
1889 768 2027 808 con-

450 849 594 902 trahi
637 849 849 902 ratione
880 855 975 901 aut
1001 846 1052 900 vi
1084 847 1260 916 possit
1301 846 1586 900 immobile
1625 861 1749 900 esse
1797 847 2028 900 omnino

449 939 671 992 dixerit.
705 937 764 992 Id
791 953 920 991 vero
947 937 992 992 si
1017 947 1170 991 motu
1204 951 1315 990 non
1347 944 1658 1000 caret,»nec
1680 943 1836 988 caret
1873 933 2028 1003 prin-

448 1032 624 1100 cipio;
673 1032 718 1084 si
747 1046 879 1084 vero
914 1045 1023 1084 non
1056 1029 1347 1099 principio,
1383 1043 1489 1082 nec
1513 1027 1784 1098 geniturae
1813 1033 1918 1090 est,
1965 1033 2023 1080 ut

447 1134 696 1192 apparet,
726 1137 948 1192 expers,
981 1121 1079 1176 sed
1131 1121 1212 1175 uti
1251 1120 1307 1174 id
1339 1120 1484 1190 quod
1526 1127 1778 1174 movetur
1808 1114 2022 1171 moveri

448 1214 683 1282 ccepisse
725 1213 899 1278 novit,
951 1213 1024 1266 ita
1048 1213 1216 1266 etiam
1248 1211 1502 1282 generari
1524 1219 1586 1265 ut
1612 1217 1759 1265 esset
1787 1207 2025 1277 coepisse

449 1304 503 1358 id
532 1304 678 1374 quod
708 1305 910 1359 factum
940 1313 1024 1359 est
1060 1303 1338 1374 intelligit,
1387 1315 1552 1373 atque
1577 1302 1645 1357 de
1670 1301 1788 1356 solo
1823 1308 1879 1354 et
1913 1313 2026 1352 uno

447 1412 556 1450 non
589 1395 732 1450 facto
769 1413 874 1452 nec
922 1405 1072 1451 moto
1104 1411 1228 1451 esse
1261 1405 1428 1465 atque
1474 1396 1677 1448 motari
1721 1391 2020 1460 accepisse.

445 1487 602 1552 Quod
638 1503 770 1541 vero
805 1504 904 1557 per
949 1486 1288 1542 exsistentiae
1316 1485 1586 1555 originem
1614 1483 1808 1554 coepit,
1834 1482 1890 1537 id
1921 1495 2022 1536 ne-

445 1592 718 1650 quaquam
748 1586 929 1648 potest
961 1578 1236 1648 principio
1273 1592 1486 1633 carere.

443 1757 852 1812 Demonstratur
895 1756 1032 1827 quod
1085 1765 1280 1826 praeter
1336 1755 1504 1810 Deum
1547 1753 1790 1826 quaelibet
1841 1753 2020 1807 omnia

2131 664 2256 734 γείᾳ
2283 667 2428 718 εἴποι
2454 666 2521 718 ἂν
2546 666 2825 736 εὖφρυνῶν
2866 667 3126 736 ἀκίνητον
3151 663 3298 722 εἶναι
3353 663 3717 720 παντάπασιν.

2132 755 2194 807 ΕΞ
2225 754 2281 807 δὲ
2308 756 2382 825 μὴ
2411 756 2690 826 ἀκίνητον,
2731 757 2851 810 οὐδὲ
2878 760 3111 827 ἄναρχον
3132 773 3144 785 ·
3173 759 3221 810 εξ
3262 757 3324 809 δὲ
3363 755 3443 826 μὴ
3469 754 3718 826 ἄναρχον,

2131 847 2252 898 οὐδὲ
2281 849 2546 918 ἀγένητον
2571 849 2836 918 δηλονότι,
2871 850 2986 904 ἀλλ’
3017 849 3207 920 ὥσπερ
3249 846 3405 901 οἶδεν
3452 848 3721 916 ἠργμένον

2134 937 2401 1008 κινήσεως
2445 941 2506 993 τὸ
2561 942 2900 1010 κινούμενον,
2955 941 3131 1005 οὕτως
3179 943 3273 995 καὶ
3328 940 3436 1010 τῆς
3480 939 3620 1006 πρὸς
3667 938 3724 990 τδ

2132 1023 2271 1082 εἶναι
2321 1032 2586 1097 γενέσεως
2629 1029 2829 1104 ἦρχθαι
2875 1033 2937 1086 τὸ
2973 1033 3353 1105 γεγενημένον
3412 1030 3721 1094 ἐπίσταται,

2131 1124 2227 1176 καὶ
2253 1124 2317 1176 ἐκ
2340 1122 2434 1175 τοῦ
2473 1125 2634 1194 μόνου
2667 1127 2762 1178 καὶ
2789 1125 2908 1189 ἑνὸς
2936 1127 3206 1196 ἀγενήτου
3236 1141 3300 1176 τε
3335 1123 3438 1176 καὶ
3467 1121 3722 1190 ἀκινήτου

2130 1211 2193 1265 τὸ
2239 1208 2378 1268 εἶναί
2417 1231 2475 1266 τε
2523 1215 2618 1268 καὶ
2655 1215 2716 1268 τὸ
2757 1216 3023 1270 κινεῖσθαι
3051 1215 3236 1269 λαϐόν.
3271 1214 3352 1266 Τὸ
3373 1214 3432 1266 δὲ
3459 1210 3605 1264 κατὰ
3631 1210 3724 1281 τὴν

2131 1303 2225 1357 τοῦ
2265 1301 2406 1360 εἶναι
2441 1309 2655 1377 γένεσιν
2682 1309 2959 1380 ἠργμένον
3001 1308 3256 1380 οὐδαμῶς
3307 1307 3557 1376 ἄναρχον
3588 1299 3722 1358 εἶναι

2130 1397 2370 1453 δύναται.

2058 1684 2133 1698 ρ’-

2149 1747 2479 1816 ’Δπόδειξις
2522 1750 2648 1816 τοῦ,
2694 1750 2824 1807 Πᾶν
2850 1750 3053 1805 ὁτιοῦν
3099 1750 3246 1803 ἄνευ
3297 1748 3459 1803 Θεοῦ
3489 1745 3721 1808 πάντως

511 1849 672 1919 plane
700 1849 756 1902 in
789 1847 900 1902 loco
927 1849 1052 1912 sint,
1083 1856 1132 1900 et
1163 1855 1441 1918 propterea
1469 1847 1757 1900 necessario
1785 1847 1945 1899 etiam
1967 1844 2024 1896 in

2195 1841 2265 1894 ἐν
2313 1843 2492 1909 τόπῳ,
2548 1843 2648 1897 καὶ
2688 1843 2785 1898 διὰ
2830 1843 3007 1897 τοῦτο
3059 1843 3129 1907 ἐξ
3184 1841 3471 1910 ἀνάγκης
3513 1838 3615 1892 καί
3655 1838 3720 1890 ἐν

513 1949 765 2009 tempore,
793 1926 846 1991 et
876 1939 1015 2008 quod
1040 1937 1094 1991 id
1119 1939 1256 2008 quod
1311 1939 1367 1992 in
1420 1937 1531 1991 loco
1563 1939 1650 2002 sit,
1706 1938 1761 1991 id
1809 1937 2025 1991 omnino

506 2029 796 2083 secundum
832 2036 1034 2098 tempus
1059 2042 1170 2080 esse
1206 2029 1478 2097 inceperit.

516 2143 586 2200 Ut
615 2152 799 2198 autem
842 2143 1095 2198 omittam
1140 2143 1318 2213 ipsam
1364 2159 1589 2214 quoque
1641 2143 2022 2199 exsistentiam

446 2249 654 2298 rerum,
687 2248 814 2287 cum
849 2233 1015 2288 simul
1045 2242 1107 2287 ut
1133 2234 1321 2302 aliquo
1344 2233 1511 2288 modo
1542 2233 1846 2289 exsistatur
1871 2251 2025 2290 com-

445 2327 774 2396 prehendat,
815 2334 872 2380 at
904 2341 1013 2381 non
1041 2326 1390 2396 simpliciter,
1439 2341 1564 2395 qua:
1585 2325 1811 2395 quidem
1841 2328 2021 2397 prima

446 2416 982 2487 circumscriptionis
1017 2416 1230 2486 species
1262 2417 1356 2482 sit,
1393 2417 1557 2471 valde
1601 2427 1767 2487 atque
1800 2419 2023 2489 egregie

447 2509 683 2579 probare
716 2509 852 2563 illud
887 2549 902 2574 ,
939 2510 1090 2578 quod
1132 2525 1222 2564 res
1266 2508 1575 2563 secundum
1628 2511 1926 2565 essentiam
1968 2521 2025 2566 et

445 2601 860 2672 generationem
887 2600 1228 2670 inceperint,
1256 2600 1388 2669 quis
1409 2601 1630 2670 ignorat
1663 2601 1913 2670 qualibet
1965 2618 2026 2658 re

444 2691 836 2762 quoquomodo
863 2691 1185 2755 exsistente,
1209 2699 1409 2761 praeter
1435 2692 1573 2746 illud
1598 2692 1748 2761 quod
1772 2693 2026 2748 divinum

444 2795 512 2839 et.
550 2783 835 2854 singulare
897 2791 989 2838 est
1035 2783 1323 2852 ipsamque
1375 2783 1756 2839 exsistentiam
1803 2785 2028 2855 proprie

444 2883 690 2946 superat,
743 2864 900 2945 prius
952 2875 1187 2945 intelligi
1236 2874 1332 2929 ubi
1381 2875 1700 2942 exsistatur,
1749 2892 1874 2932 cum
1917 2894 2028 2948 quo

444 2981 554 3022 una
577 2982 641 3022 ac
674 2966 838 3021 simul
873 2974 932 3020 ut
961 2967 1131 3021 etiam
1153 2965 1376 3036 quando
1396 2967 1695 3022 exsistatur
1748 2967 2026 3039 intelliga—

442 3075 567 3115 mus
597 3060 900 3116 necessitas
925 3059 1196 3130 postulat.
1222 3059 1345 3114 Non
1374 3061 1524 3115 enim
1559 3060 1630 3115 ab
1671 3081 1689 3114 ‹
1726 3061 2027 3132 aliquando

2196 1933 2413 2002 χρόνῳ,
2441 1936 2538 1989 καὶ
2565 1936 2653 1989 ὅτι
2684 1939 2746 1990 τὸ
2767 1936 2837 1990 ἐν
2857 1937 3020 2002 τόπῳ
3051 1933 3288 1997 πάντως
3315 1931 3477 1986 κατὰ
3503 1929 3720 2000 χρόνον

2194 2026 2292 2079 καὶ
2315 2023 2523 2095 ἦρκται
2542 2029 2651 2084 τοῦ
2680 2025 2855 2083 εἶναι.

2194 2138 2581 2213 (169a)"'lva
2607 2142 2663 2195 δὲ
2690 2141 2845 2196 ἐάσω.
2865 2141 3044 2209 λέγειν
3071 2141 3154 2193 ὅτι
3182 2139 3278 2193 καὶ
3320 2136 3462 2191 αὐτὸ
3493 2136 3556 2189 τί)
3589 2129 3717 2187 εἶναι

2125 2229 2233 2284 τῶν
2259 2232 2449 2295 ὄντων.
2480 2234 2542 2286 τὸ
2561 2233 2678 2298 πῶς
2723 2229 2862 2287 εἶναι
2899 2232 3041 2303 έχον,
3069 2232 3183 2285 ἀλλ’
3205 2231 3306 2301 οὐχ
3329 2228 3548 2292 ἁπλῶς,
3589 2228 3716 2294 ὅπερ

2126 2323 2242 2376 ἐστὶ
2273 2324 2488 2393 πρῶτον
2521 2320 2658 2389 εἶδος
2678 2325 3054 2397 περιγραφῆς,
3093 2323 3318 2395 ἰσχυρόν
3356 2339 3420 2374 τε
3455 2321 3555 2373 καὶ
3580 2317 3716 2389 μέγα

2129 2413 2266 2485 πρὸς
2314 2416 2592 2484 ἀπόδειξιν
2635 2416 2729 2471 τοῦ
2755 2415 2957 2490 ἦρχθαι
2987 2418 3108 2470 κατ’
3133 2415 3328 2469 οὐσίαν
3374 2412 3474 2466 καὶ
3513 2410 3716 2478 γένεσιν

2128 2505 2197 2558 τὰ
2225 2506 2378 2571 ὄντα,
2407 2508 2490 2570 τίς
2519 2509 2708 2576 ἀγνοεί
2747 2509 2832 2563 ὅτι
2871 2508 3077 2572 παντὸς
3114 2506 3210 2561 τοῦ
3257 2503 3523 2560 ὁπωσοῦν
3549 2502 3712 2564 ὄντος.

2130 2596 2269 2668 πλὴν
2300 2597 2395 2651 τοῦ
2447 2597 2593 2653 θείου
2643 2601 2737 2654 καὶ
2779 2601 2967 2671 μόνου,
3005 2599 3100 2652 τοῦ
3148 2593 3254 2652 κάι,
3295 2598 3444 2667 ὑπὲρ
3491 2593 3624 2648 αὐτὸ
3661 2591 3714 2642 τὸ

2129 2683 2268 2743 εἶναι
2317 2691 2525 2762 κυρίως
2575 2691 2932 2764 ὑπάρχοντος,
2966 2691 3379 2763 προεπινοεῖται
3422 2686 3488 2738 τδ
3513 2683 3638 2749 ποῦ,
3677 2674 3716 2748 ᾧ

2130 2782 2308 2852 πάντη
2356 2799 2418 2835 τε
2445 2783 2542 2836 καὶ
2571 2783 2791 2847 πάντως
2823 2783 2887 2850 ἐξ
2936 2783 3185 2853 ἀνάγκης
3221 2779 3633 2834 συνεπινοεῖται
3663 2773 3716 2826 τὸ

2130 2874 2262 2928 πότε
2279 2893 2297 2944 ;
2327 2875 2404 2927 Οὐ
2435 2875 2544 2944 γὰρ
2571 2874 2667 2928 τοῦ
2711 2877 2842 2929 ποτὲ
2869 2875 3231 2947 διωρισμένον
3275 2871 3428 2925 κατὰ
3467 2867 3716 2938 στέρησιν

2127 2965 2354 3020 δυνατόν
2401 2967 2549 3021 ἐστιν
2605 2969 2894 3039 ἐπινοῆσαι
2940 2967 3002 3020 τὸ
3060 2965 3166 3020 ποῦ
3229 2964 3382 3036 (τῶν
3436 2960 3551 3032 γὰρ
3609 2958 3717 3028 ἃμα

2128 3052 2498 3127 ταῦτάέστιν,
2537 3060 2727 3131 ἐπειδὴ
2768 3061 2863 3114 καὶ
2895 3061 3006 3114 τῶν
3037 3059 3138 3113 οὐκ
3172 3059 3300 3113 ἄνευ
3332 3053 3737 3124 τυγχάνουσινγ

441 3167 566 3207 esse
599 3170 618 3204 ο
643 3151 918 3222 privative
940 3163 1262 3223 separatum
1291 3171 1310 3206 ι
1344 3168 1466 3209 esse
1487 3153 1692 3209 alicubi
1726 3173 1744 3206 ι
1793 3156 2024 3227 cogitari

2138 3151 2245 3224 ἡδὲ
2277 3152 2299 3184 ⁸
2320 3152 2414 3205 τοῦ
2459 3151 2562 3206 ποῦ
2595 3152 2656 3206 τδ
2681 3152 2837 3220 ποτὲ,
2969 3147 3416 3206 συνεπινοεῖσθαι
3457 3145 3713 3215 πέφυκεν,

442 3247 593 3315 capit
633 3248 782 3316 (nam
835 3246 953 3300 haec
1007 3245 1174 3300 simul
1229 3254 1381 3312 sunt,
1440 3246 1898 3317 quandoquidem
1922 3263 2026 3302 nec

443 3339 682 3410 disjungi
711 3337 1061 3408 patiuntur);
1098 3353 1202 3393 nec
1236 3353 1432 3393 rursus
1461 3339 1534 3393 ab
1562 3359 1582 3390 σ
1613 3353 1737 3394 esse
1756 3339 2018 3404 alicubi,»

442 3443 792 3500 nequaquam
841 3429 1112 3499 privative
1171 3439 1490 3498 separatum
1536 3437 1623 3485 est
1652 3448 1671 3481 ‹
1728 3431 2027 3501 aliquando

442 3535 586 3584 esse,
623 3539 641 3570 ›
678 3533 920 3590 quocum
948 3518 1091 3574 illud
1128 3535 1239 3573 una
1285 3519 1583 3590 cOgitatur.
1633 3518 1750 3575 Sub
1783 3521 1890 3576 loci
1923 3537 2029 3576 no-

446 3612 595 3668 tione
618 3619 801 3666 autem
828 3611 1033 3676 omnia,
1055 3625 1183 3666 cum
1203 3609 1258 3665 in
1279 3610 1404 3666 loco
1425 3611 1557 3676 sint,
1581 3619 1872 3681 apparent.
1909 3612 2028 3669 Non

444 3704 592 3759 enim
623 3702 946 3758 universum
973 3709 1202 3772 superat
1229 3702 1553 3756 universum
1576 3701 1758 3772 ipsum
1783 3703 2029 3759 universi

449 3798 576 3866 (hoc
606 3797 756 3851 enim
783 3804 841 3852 et
869 3777 1127 3866 ineptum
1156 3803 1214 3850 et
1261 3792 1633 3864 impossibile,
1678 3794 1862 3864 ipsum
1905 3795 2032 3850 uni-

445 3879 666 3945 versum
702 3905 972 3960 superare
1029 3889 1116 3944 sui
1163 3889 1340 3960 ipsius
1395 3889 1724 3943 universum
1773 3905 2030 3958 pronun-

449 3981 630 4047 tiare),
666 3979 762 4036 sed
793 3995 825 4033 a
860 3995 918 4034 se
953 3979 1074 4049 ipso
1109 3979 1166 4033 in
1197 3994 1258 4034 se
1303 3979 1426 4048 ipso
1471 3978 1642 4034 habet
1677 3981 2032 4036 circumscri-

446 4071 729 4142 ptionem,
782 4080 909 4142 post
961 4086 1082 4126 eam
1126 4086 1278 4141 quaa-
1306 4071 1570 4126 universa
1618 4071 2034 4129 circumscribit

449 4163 720 4218 inﬁnitam
754 4165 876 4234 ejus
901 4163 996 4233 qui
1029 4163 1418 4217 universorum
1471 4179 1640 4218 causa
1672 4172 1729 4218 et
1776 4164 1900 4219 fons
1945 4174 2032 4220 est

449 4261 798 4321 potestatem,
851 4252 1035 4322 ipsum
1090 4253 1178 4306 sui
1230 4253 1568 4309 exteriorem
1630 4253 1818 4308 ﬁnem.
1867 4254 2029 4322 Quod

449 4341 605 4396 locus
634 4342 801 4397 etiam
827 4342 1074 4398 universi
1098 4350 1223 4409 est;
1257 4343 1728 4412 quemadmodum
1757 4343 2034 4399 deﬁniunt

451 4433 674 4502 quidam
710 4434 919 4498 locum,
955 4433 1246 4490 dicentes:
1275 4434 1459 4491 Locus
1497 4443 1584 4491 est
1632 4437 1878 4492 exterior
1909 4439 2034 4492 uni-

2131 3244 2384 3315 οὐδαμῶς
2411 3243 2695 3316 διώρισται
2741 3244 2886 3298 κατὰ
2928 3245 3203 3314 στέρησιν.
3262 3239 3406 3294 Ὑπὸ
3437 3239 3499 3292 τὸ
3534 3234 3635 3290 ποῦ
3662 3231 3715 3287 δι

2134 3339 2334 3400 πάντα,
2365 3337 2441 3400 ὡς
2471 3339 2530 3390 ὲν
2561 3338 2714 3408 τόπῳ
2753 3337 2904 3402 ὄντα,
2943 3337 3243 3390 δείκνυται.
3293 3335 3374 3388 Οὐ
3421 3332 3535 3402 γὰρ
3585 3327 3714 3396 ὑπὲρ

2133 3429 2194 3483 τὺ
2215 3430 2326 3483 πᾶν
2355 3428 2488 3482 αὐτὸ
2507 3428 2568 3481 τὸ
2602 3430 2710 3482 πᾶν
2741 3428 2836 3482 τοῦ
2867 3427 3068 3492 παντὸς
3109 3427 3128 3494 (
3149 3426 3311 3480 τοῦτο
3341 3427 3457 3498 γάρ
3489 3439 3605 3485 πως
3630 3420 3716 3473 καὶ

2135 3519 2329 3587 ἄλογον
2390 3520 2486 3574 καὶ
2536 3518 2800 3573 ἀδύνατον
2830 3520 2963 3573 αὐτὸ
3000 3518 3062 3572 τὸ
3101 3519 3210 3571 πᾶν
3249 3517 3398 3588 ὑπὲρ
3436 3515 3497 3569 τὸ
3534 3508 3714 3566 ἑαυτοῦ

2135 3614 2245 3666 πᾶν
2274 3607 2416 3666 εἶναι
2451 3610 2782 3683 θεσπίζειν),
2826 3612 2944 3666 ἀλλ’
2972 3612 3063 3682 ὑφ’
3090 3609 3286 3664 ἑαυτοῦ
3313 3611 3376 3663 ὲν
3420 3604 3596 3676 έαυτῷ
3625 3603 3716 3673 τὴν

2136 3709 2487 3780 περιγραφὴν
2536 3707 2682 3778 ἕχον,
2729 3706 2872 3776 μετὰ
2904 3706 3006 3776 τὴν
3046 3705 3228 3771 πάντα
3271 3701 3716 3776 περιγράφουσαν

2134 3800 2230 3854 τοῦ
2261 3801 2546 3854 παναιτίου
2577 3799 2807 3870 ἄπειρον
2832 3799 3086 3868 δύναμιν,
3127 3796 3261 3852 αὐτὸ
3287 3796 3348 3850 τὸ
3387 3795 3566 3867 πέρας
3595 3791 3716 3843 έαυ·

2134 3892 2230 3946 τοῦ
2257 3892 2318 3946 τὺ
2339 3891 2621 3964 ἐξώτερον.
2674 3891 2853 3962 Ὅπερ
2885 3889 2982 3945 καὶ
3021 3889 3188 3953 τόπος
3223 3888 3342 3941 ἐστὶ
3367 3888 3465 3942 τοῦ
3507 3881 3712 3944 παντὸς.

2137 3985 2322 4050 καθὼς
2355 3985 2450 4040 καὶ
2477 3984 2751 4057 ὁρίζονται
2781 4002 2928 4048 τινες
2957 3984 3049 4037 τὸν
3072 3983 3241 4037 τόπον
3255 3980 3530 4049 λέγοντες,
3551 3975 3715 4033 Τόπος

2136 4076 2287 4130 ἐστὶν
2319 4077 2353 4147 ἠ
2386 4075 2491 4140 ἔξω
2518 4075 2614 4129 τοῦ
2662 4076 2860 4140 παντὸς
2911 4073 3263 4147 περιφέρεια,
3316 4071 3351 4142 ἢ
3401 4073 3436 4142 ὴ
3480 4069 3584 4135 ἔξω
3627 4062 3713 4118 τοῦ

2139 4167 2341 4230 παντὸς
2376 4167 2544 4233 θέσις,
2574 4168 2606 4240 ἢ
2645 4168 2706 4221 τὸ
2726 4168 2903 4240 πέρας
2920 4166 3014 4222 τοῦ
3045 4167 3398 4239 περιέχοντος
3421 4167 3480 4217 έν
3578 4174 3714 4228 περι·

2137 4258 2319 4329 έχεται
2367 4261 2428 4312 τὸ
2479 4261 2888 4332 περιεχόμενον.
2947 4260 3058 4314 Καὶ
3107 4259 3214 4313 ὑπὸ
3253 4259 3314 4312 τὺ
3365 4255 3522 4322 ποτὲ,
3553 4253 3627 4315 ὡς
3653 4253 3706 4303 ἐν

2138 4353 2315 4424 χρόνῳ
2343 4353 2560 4417 πάντως
2587 4353 2738 4419 ὄντα,
2789 4350 3376 4422 συναποδειχθήσεται,
3421 4346 3608 4415 ἐπειδὴ
3644 4341 3710 4412 μὴ

2140 4444 2346 4509 ἁπλῶς,
2378 4444 2513 4498 ἀλλὰ
2551 4443 2668 4508 πῶς
2701 4444 2763 4497 τὺ
2798 4439 2940 4496 εἶναι
2988 4442 3198 4513 έχουσι,
3233 4441 3414 4495 πάντα
3445 4441 3548 4493 ὅσα
3587 4433 3714 4507 μετὰ

453 4539 668 4578 versum
699 4525 1146 4581 circumcurrens
1177 4525 1353 4591 orbis,
1381 4527 1468 4581 vel
1502 4528 1752 4582 exterior
1778 4531 2027 4585 universi

2138 4538 2266 4593 Θεὸν
2301 4537 2362 4590 τὸ
2389 4532 2532 4590 εἶναι
2565 4536 2699 4606 ἔχει.
2744 4537 2854 4590 Καὶ
2886 4535 2976 4588 διὰ
3008 4533 3170 4587 τοῦτο
3209 4534 3310 4587 οὐκ
3338 4534 3573 4604 ᾶναρχα.
3607 4527 3710 4580 Πᾶν

452 4617 675 4686 positio,
710 4618 797 4672 vel
827 4619 1101 4672 terminus
1120 4619 1634 4687 circumplectentis
1679 4620 1737 4674 in
1787 4637 1898 4690 quo
1943 4639 2035 4679 res

449 4707 857 4777 comprehensa
885 4710 1405 4779 comprehenditur.
1439 4710 1617 4764 Etiam
1637 4696 1742 4766 sub
1767 4715 2036 4784 temporis

453 4802 700 4865 notione,
733 4801 864 4871 quia
888 4801 945 4855 in
977 4811 1226 4872 tempore
1244 4803 1473 4858 omnino
1490 4811 1642 4869 sunt,
1673 4821 1782 4860 una
1807 4807 2036 4863 demon-

454 4893 808 4960 strabuntur;
834 4895 1284 4966 quandoquidem
1307 4912 1419 4950 non
1442 4897 1791 4967 simpliciter,
1817 4899 1913 4955 sed
1937 4901 2037 4955 ali-

454 5003 565 5055 quo
582 4985 744 5042 modo
760 5002 881 5042 esse
907 4988 1133 5056 habent,
1159 5005 1522 5059 quaecumque
1545 4998 1670 5060 post
1689 4991 1860 5046 Deum
1882 5001 2034 5057 sunt,

454 5079 836 5134 exsistentiam
886 5097 1041 5135 suam
1089 5081 1316 5136 habent.
1358 5083 1658 5152 Propterea
1718 5091 1904 5138 autem
1936 5099 2039 5139 nec

458 5172 576 5226 sine
618 5174 894 5244 principio
937 5184 1086 5230 sunt.
1115 5175 1500 5245 Quodcunque
1535 5176 1683 5230 cnim
1730 5177 2037 5233 secundum

461 5260 745 5332 quidpiam
770 5264 919 5318 modi
947 5265 1095 5334 capit
1126 5265 1425 5330 rationem,
1463 5265 1683 5319 etiamsi
1714 5275 1824 5331 est,
1856 5275 2038 5321 tamen

462 5370 568 5409 non
597 5365 734 5411 erat.
785 5357 940 5414 Unde
975 5359 1148 5413 Deum
1174 5374 1298 5415 esse
1341 5359 1594 5414 dicentes
1642 5375 1753 5414 non
1798 5361 2039 5430 aliquam

460 5449 839 5504 cxsistentiam
872 5449 1152 5517 dicimus;
1205 5461 1260 5505 et
1310 5459 1610 5521 propterea
1642 5451 1798 5515 illud,
1833 5473 1850 5503 ι
1877 5454 1976 5507 Est
2015 5473 2032 5506 ι

463 5553 684 5608 quoque
709 5548 785 5606 et,
821 5560 839 5591 ‹
876 5541 1010 5596 Erat
1041 5561 1058 5592 ι
1090 5541 1420 5619 simpliciter
1453 5551 1511 5596 et
1538 5541 1824 5616 indeﬁnite
1854 5554 1908 5599 et
1947 5546 2043 5600 ab-

467 5631 642 5686 solute
674 5631 743 5687 de
767 5648 833 5687 co
867 5634 1122 5688 dicimus.
1173 5633 1389 5688 Nullam
1424 5633 1572 5688 enim
1609 5650 1711 5689 nec
1767 5637 2040 5693 rationem

2136 4631 2246 4702 γὰρ
2272 4631 2408 4700 ὅπερ
2437 4629 2558 4682 καθ’
2584 4625 2765 4682 ὁτιοῦν
2803 4627 2893 4680 τὸν
2925 4625 3018 4679 τοῦ
3049 4625 3169 4690 πῶς
3200 4625 3516 4695 ἐπιδέχεται
3545 4619 3710 4685 λόγον,

2137 4722 2240 4776 κᾶν
2294 4722 2342 4774 εί
2381 4720 2550 4785 ἔστιν,
2615 4719 2732 4774 ἀλλ’
2785 4719 2886 4772 οὐκ
2938 4712 3028 4789 ἦν.
3066 4717 3229 4770 Ὅθεν
3262 4720 3347 4769 τὸ¹
3379 4717 3534 4770 Θεῖον
3583 4706 3710 4764 εἶναι

2136 4813 2390 4882 λέγοντες
2411 4811 2473 4863 οὺ
2496 4811 2557 4864 τὸ
2580 4809 2695 4873 πῶς
2721 4806 2862 4862 εἶναι
2908 4807 3143 4879 λέγομεν
3167 4805 3356 4878 (169
3382 4807 3410 4860 b
3431 4806 3448 4874 )
3474 4822 3489 4836 ·
3517 4802 3607 4855 καὶ
3633 4795 3712 4851 διὰ

2137 4902 2297 4956 τοῦτο
2342 4903 2439 4955 καὶ
2483 4900 2547 4955 τὸ
2587 4919 2606 4952 ‹
2639 4901 2798 4953 Ἔστι
2836 4918 2855 4950 ι
2909 4900 3005 4952 καὶ
3059 4899 3123 4950 τὸ
3161 4916 3180 4948 ι
3207 4894 3318 4950 Ἦν
3351 4916 3369 4948 ι
3409 4893 3595 4967 ἁπλῶς
3629 4886 3709 4941 καὶ

2139 4998 2406 5067 ἀορίστως
2455 4996 2552 5049 καὶ⁹
2609 4994 3028 5064 ἀπολελυμένως
3090 4993 3180 5045 ἐπ’
3242 4991 3408 5045 αὐτοῦ
3475 4990 3706 5056 λέγομεν.

2153 5088 2530 5142 Ἀνεπίδεκτον
2579 5087 2689 5157 γὰρ
2741 5086 2944 5150 παντὸς
2989 5085 3150 5154 λόγου
3199 5084 3296 5138 καὶ
3353 5085 3615 5154 νοήματος
3658 5071 3709 5124 τὸ

2139 5179 2298 5237 Θεῖόν
2323 5181 2461 5245 ἐστι,
2487 5177 2611 5232 καθ’
2633 5177 2663 5230 δ
2687 5177 2812 5231 οὔτε
2847 5175 3287 5249 κατηγοροῦντες
3304 5175 3471 5228 αὐτοῦ
3495 5174 3552 5225 τὸ
3577 5165 3700 5222 εῖναι

2141 5273 2372 5344 λέγομεν
2393 5271 2526 5326 αὐτὸ
2551 5266 2712 5327 εἶναι.
2757 5269 2846 5337 Ἐξ
2877 5269 3044 5323 αὑτοῦ
3077 5270 3188 5340 γὰρ
3216 5270 3276 5323 τὸ
3297 5265 3457 5330 εἶναι,
3493 5263 3602 5320 ἀλλ’
3621 5258 3706 5310 οὐκ

2149 5367 2282 5422 αὐτὸ
2307 5365 2368 5419 τὸ
2391 5360 2551 5418 εἶναι.
2595 5363 2770 5434 ’Υπὲρ
2806 5363 2915 5433 γάρ
2944 5364 3060 5416 ἐστι
3101 5362 3198 5416 καὶ
3237 5360 3406 5414 αὐτοῦ
3441 5357 3530 5412 τοῦ
3564 5349 3704 5408 εἶναι,

2149 5456 2245 5511 τοῦ
2274 5473 2334 5509 τε
2364 5456 2482 5518 πῶς
2503 5455 2597 5508 καὶ
2634 5453 2824 5517 ἁπλῶς
2853 5453 3149 5523 λεγομένου
3195 5470 3255 5505 τε
3284 5452 3379 5504 καὶ
3419 5445 3700 5516 νοουμένουε

2152 5551 2214 5602 Εἰ
2250 5548 2306 5601 δὲ
2340 5546 2479 5610 πῶς,
2513 5545 2632 5600 ἀλλ’
2669 5545 2768 5615 οὐχ
2800 5544 3008 5609 ἁπλῶς,
3057 5543 3170 5614 ἔχει
3201 5543 3268 5596 τὰ
3309 5541 3440 5595 ὄντα
3482 5538 3538 5592 τδ
3566 5528 3702 5609 εἶναι,

2151 5639 2340 5707 ὥσπερ
2372 5637 2478 5695 ὑπὸ
2510 5637 2570 5690 τὸ
2603 5635 2708 5690 ποῦ
2737 5633 2879 5690 εἶναι
2909 5636 2996 5691 διὰ
3029 5636 3131 5706 τὴν
3159 5635 3312 5688 θέσιν
3345 5633 3439 5686 καὶ
3471 5629 3528 5681 τὸ
3557 5622 3702 5690 πέρας

1755 5772 1989 5828 VARI/15
2033 5775 2434 5832 LECTIONES.

542 5884 563 5915 ⁸
597 5884 631 5954 ἢ
659 5883 714 5939 δὲ
742 5885 954 5939 restitui
989 5902 1087 5954 pro
1120 5888 1166 5939 εξ
1196 5887 1250 5941 δὲ
1285 5887 1432 5958 quod
1465 5888 1520 5942 in
1548 5891 1862 5961 apographo
1897 5903 2096 5950 exstat.
