4012 6448
3127 98 3597 109 ν-ήἫι

472 476 603 543 1181
1709 489 2029 549 AMBIGU(

2133 491 2226 550 JM
2266 493 2517 553 LIBER.
3585 492 3726 556 1182

465 591 576 643 τῶν
600 591 689 644 ἐπ’
718 592 898 656 αὐτοῖς
929 593 1073 648 κατά
1106 596 1268 664 φύσιν
1295 596 1492 664 λόγων,
1535 597 1630 651 καὶ
1665 599 1767 652 ὑπὸ
1811 601 1871 652 τὺ
1917 601 2029 653 ποτὲ

2147 618 2251 656 nec
2287 603 2628 660 intellectum
2670 607 2818 677 capit
2847 608 3124 674 divinum;
3175 621 3344 677 quare
3387 621 3490 660 nec
3518 603 3725 674 pradi-

466 683 684 747 πάντως
706 679 845 738 εἶναι
882 685 973 738 διὰ
1005 687 1106 755 τὴν
1137 689 1312 759 ἀρχὴν
1348 689 1674 754 ὲπιδέξεται.

2151 703 2340 748 cantes
2366 695 2541 765 ipsius
2567 697 2954 753 exsistentiam
2980 699 3221 752 dicimus
3263 698 3435 767 ipsam
3470 710 3592 750 esse
3623 709 3723 748 ex-

463 776 795 831 sisteutiam.
847 776 968 846 Ipse
1007 778 1156 830 enim
1201 778 1538 833 exsistentia:
1591 779 1748 850 origo
1791 789 1914 843 est,
1961 778 2058 833 sed
2117 796 2228 836 non
2288 784 2405 853 ipsa
2439 787 2782 842 exsistentia.
2838 787 3106 856 Superior
3138 795 3223 840 est
3271 785 3419 839 enim
3466 783 3552 836 vel
3606 783 3726 852 ipsa

461 867 808 932 exsistentia,
839 884 961 938 qum
991 869 1347 938 aliquomodo
1381 879 1436 925 et
1459 871 1788 940 simpliciter
1831 886 1890 925 se
1934 870 2137 926 habere
2160 881 2216 927 et
2247 874 2452 930 dicitur
2509 886 2566 932 et
2631 877 2979 948 intelligitur.
3043 877 3101 933 Si
3163 891 3298 930 vero
3347 872 3723 942 aliquomodo,

462 961 560 1013 sed
603 975 713 1013 non
745 961 1092 1030 simpliciter.
1150 977 1239 1015 res
1282 962 1489 1016 habent
1525 977 1670 1024 esse,
1727 962 1874 1016 sicut
1919 961 2022 1015 sub
2059 961 2162 1015 loci
2197 965 2421 1021 notione
2453 982 2574 1022 esse
2639 976 2866 1037 propter
2933 966 3265 1037 positionem
3303 973 3360 1018 et
3429 963 3725 1016 terminum

465 1053 822 1107 naturalium
870 1054 925 1107 in
973 1054 1056 1108 eis
1109 1055 1439 1119 rationum,
1516 1055 1591 1108 ita
1631 1055 1797 1109 etiam
1861 1053 1965 1106 sub
2015 1056 2281 1123 temporis
2322 1064 2640 1116 necessario
2680 1075 2800 1114 esse
2851 1069 3079 1129 propter
3143 1055 3479 1128 principium
3524 1055 3724 1125 capiet.

450 1286 805 1372 ’Ἀπόδειξις
837 1288 950 1341 τοῦ
984 1288 1069 1358 μὴ
1105 1288 1405 1345 δύνασθαι
1443 1292 1690 1361 ἄπειρον
1734 1289 1906 1360 εἶναι,
1942 1297 2040 1350 καὶ

531 1374 630 1428 διὰ
662 1375 838 1430 τοῦτο
877 1378 1014 1431 οὔτε
1045 1380 1314 1448 ἄναρχον
1334 1381 1480 1446 πᾶν,
1503 1384 1560 1436 εἴ
1587 1400 1641 1436 τι
1663 1385 1811 1437 κατὰ
1839 1385 2040 1454 τὴν-ἐν

2137 1302 2551 1361 Demonstratur
2578 1306 2710 1360 nihil
2745 1321 2895 1377 posse
2925 1305 3197 1373 inﬁnitum
3231 1320 3362 1369 esse,
3406 1311 3457 1356 et
3484 1310 3726 1372 propter-

534 1464 750 1532 πλήθει
772 1470 1080 1534 ποσότητα
1109 1470 1233 1537 ἔχει
1262 1471 1330 1524 τὸ
1355 1467 1526 1526 εἶναι.

534 1578 643 1631 Kai.
671 1578 833 1633 πάλιν
878 1582 926 1633 εἰ
977 1582 1010 1652 ή
1057 1583 1276 1636 πάντων
1313 1585 1468 1638 οὐσία
1499 1586 1709 1640 πολλῶν
1739 1588 1905 1641 ὄντων
1924 1588 2034 1643 τῶν

463 1671 678 1724 πάντων
706 1672 932 1742 ἄπειρος
960 1669 1101 1728 εἶναι
1138 1677 1199 1728 οὐ
1245 1677 1465 1732 δύναται
1521 1679 1735 1750 (πέρας
1773 1682 1882 1752 γὰρ
1919 1681 2032 1752 ἔχει

463 1763 643 1816 αὐτῶν
672 1764 782 1817 τῶν
813 1765 1023 1818 πολλῶν
1054 1766 1225 1820 ὄντων
1272 1770 1372 1839 τὴν
1414 1773 1472 1824 ὲν
1509 1772 1702 1843 πλήθει
1735 1774 2032 1844 ποσότητα,

464 1857 910 1926 περιγράφουσαν
941 1858 1112 1929 αὐτῆς
1135 1859 1226 1912 τόν
1249 1877 1309 1912 τε
1343 1861 1438 1914 τοῦ
1473 1857 1613 1916 εῖναι
1648 1865 1741 1916 καὶ
1779 1865 1870 1916 τοῦ
1917 1865 2034 1929 πῶς

463 1944 603 2001 εἶναι
644 1948 822 2016 λόγον,
853 1950 913 2001 οὐ
945 1950 1054 2021 γὰρ
1087 1951 1286 2018 ἄφετος
1333 1955 1366 2022 ἡ
1392 1953 1523 2025 ,τῶν
1563 1954 1782 2007 πάντων
1819 1955 2032 2025 οὐσία),

461 2041 583 2094 οὐδὲ
616 2042 649 2111 ἡ
681 2040 776 2094 τοῦ
807 2040 930 2094 καθ’
967 2042 1197 2096 ἕκαστον
1237 2044 1394 2113 δῆλον
1423 2045 1719 2107 ὑπόστασις
1745 2045 1896 2098 ἔσται
1916 2047 2038 2118 δίχα

465 2134 834 2206 περιγραφῆς,
865 2134 1123 2204 ἀλλήλαις
1147 2136 1224 2207 τῷ
1252 2136 1471 2209 ἀριθμῷ
1494 2139 1589 2191 καὶ
1617 2140 1680 2208 τῇ
1711 2139 1868 2209 οὐσίᾳ
1899 2140 2039 2193 κατά

462 2225 619 2294 λόγον
648 2229 1148 2300 περιγεραμμέναι.
1197 2229 1258 2282 Εἰ
1296 2229 1351 2282 δὲ
1374 2233 1721 2301 περιγραφῆς
1751 2231 1901 2284 οὐδὲν
1932 2232 2038 2285 τῶν

463 2319 632 2373 ὄντων
661 2319 965 2392 ἐλεύθερον,
1001 2321 1181 2375 πάντα
1223 2324 1291 2376 τά
1319 2323 1449 2376 ὄντα
1483 2322 1720 2393 δηλονότι
1761 2324 2038 2392 ἀναλόγως

463 2410 676 2474 ἑαυτοῖς
713 2413 805 2465 καὶ
835 2411 896 2463 τὸ
927 2412 1058 2465 ποτὲ
1090 2407 1230 2466 εἶναι
1262 2413 1354 2466 καὶ
1383 2413 1442 2467 τὸ
1468 2412 1601 2466 «ποῦ
1625 2410 1793 2468 εἶναι»
1826 2415 2034 2486 εἴληφε.

464 2502 681 2556 Τούτων
710 2503 819 2575 γάρ
847 2504 975 2558 ἄνευ
1003 2506 1066 2557 τὸ
1097 2506 1360 2577 παράπαν
1389 2507 1541 2560 οὐδὲν
1561 2502 1696 2561 εῖναι
1726 2507 2034 2579 δυνήσεται,

462 2598 563 2650 οὐκ
605 2597 785 2663 οὐσία,
824 2598 886 2650 οὐ
934 2600 1190 2669 ποσότης,
1238 2601 1299 2654 οὐ
1331 2602 1574 2672 ποιότης,
1609 2603 1670 2656 ού
1722 2604 1924 2674 σχέσις,
1975 2606 2036 2657 οὐ

464 2688 702 2761 ποίησις,
736 2691 797 2744 οὐ
826 2691 1020 2756 πάθος,
1050 2693 1112 2746 οὐ
1157 2695 1389 2763 κίνησις,
1419 2695 1517 2766 οὐχ
1557 2694 1690 2760 ἕξις,
1729 2696 1826 2765 οὐχ
1853 2696 2037 2766 ἕτερόν

462 2798 516 2834 τι
574 2782 682 2836 τῶν
735 2777 818 2846 οἷς
861 2784 925 2836 τὸ
961 2786 1070 2838 πᾶν
1126 2785 1526 2855 περικλείουσιν
1586 2788 1635 2840 οἱ
1690 2787 1819 2858 περὶ
1866 2786 2038 2840 ταῦτα.

459 2873 641 2926 δεινοί.
689 2873 855 2926 Οὐδὲν
903 2873 997 2927 οὖν
1033 2874 1143 2927 τῶν
1184 2875 1352 2928 ὅντων
1381 2877 1635 2947 ἄναρχον,
1684 2871 1729 2946 ᾧ
1764 2896 1815 2930 τι
1851 2877 2036 2949 ἕτερον

461 2967 904 3036 προεπινοεῖσθαι
949 2967 1144 3036 (170
1181 2968 1273 3036 a),
1311 2967 1432 3020 οὐδὲ
1475 2968 1853 3040 ἀπερίγραφον
1904 2963 1948 3038 ᾧ
1983 2988 2037 3024 τι

458 3052 648 3124 ἕτερον
699 3056 1133 3110 συνεπινοεῖσθαι
1181 3057 1426 3110 δύναται.
1486 3059 1549 3112 Εἰ
1599 3059 1655 3113 δὲ
1695 3059 1805 3113 τῶν
1869 3060 2036 3114 ὄντων

457 3145 612 3198 οὐδὲν
639 3146 874 3218 ἄναρχον
919 3147 954 3219 ἢ
1004 3147 1413 3220 ἁπερίγραφον,
1447 3149 1520 3212 ὡς
1547 3148 1715 3216 ἔδειξε
1732 3151 2036 3218 ἀκολούθως

456 3241 524 3312 τῇ
561 3239 721 3310 φύσει
745 3243 853 3294 τῶν
875 3241 1044 3295 ὅντων
1080 3243 1351 3313 ἑπόμενος
1405 3245 1434 3296 ὁ
1477 3243 1656 3312 λόγος,
1706 3239 1774 3314 ἦν
1821 3246 2037 3311 πάντως

459 3330 592 3384 ποτὲ
617 3329 705 3383 ὅτε
727 3347 780 3383 τι
802 3331 910 3384 τῶν
932 3331 1101 3385 ὄντων
1117 3333 1234 3384 οὐκ
1268 3327 1337 3402 ἦν
1361 3348 1377 3363 ο
1407 3333 1453 3385 εἰ
1483 3333 1540 3386 δὲ
1560 3333 1658 3386 οὐκ
1691 3328 1781 3402 ἦν,
1820 3335 2036 3398 πάντως

2207 1412 2269 1450 ea
2297 1413 2390 1450 nec
2416 1400 2532 1451 sine
2563 1400 2736 1464 initio,
2771 1400 2818 1452 si
2852 1399 2978 1468 quid
3001 1397 3290 1451 secundum
3315 1395 3524 1448 numeri
3543 1409 3724 1464 quan-

2205 1489 2408 1542 titatem
2443 1491 2596 1544 habet
2641 1491 3018 1544 exsistentiam.

2203 1592 2386 1662 Atque
2446 1610 2662 1660 rursus,
2724 1595 2769 1648 si
2827 1595 3207 1647 universorum
3272 1587 3542 1651 essentia,
3598 1599 3724 1639 cum

2130 1684 2300 1737 multa
2320 1685 2430 1738 sint
2443 1686 2719 1750 universa,
2738 1684 2952 1739 inﬁnita
2971 1699 3093 1738 esse
3109 1699 3218 1736 non
3233 1689 3413 1752 potest
3433 1678 3726 1749 (terminus

2129 1773 2276 1827 enim
2297 1773 2544 1843 ipsorum
2561 1775 2860 1828 multorum
2879 1789 3001 1843 quae
3016 1773 3291 1827 exsistunt
3311 1768 3527 1824 numeri
3544 1779 3723 1836 quan-
3786 1821 3790 1824 .

2132 1866 2341 1919 titatem
2393 1875 2560 1932 tenet,
2587 1883 2709 1936 qua:
2753 1866 2899 1920 illius
2951 1874 3060 1920 tam
3096 1861 3398 1919 exsistendi
3427 1875 3590 1930 quam
3621 1855 3723 1910 ali-

2132 1954 2409 2021 quomodo
2461 1954 2762 2010 exsistendi
2813 1954 3107 2017 rationem;
3139 1965 3324 2020 neque
3357 1948 3506 2003 enim
3553 1945 3720 1999 abso-

2136 2045 2251 2098 luta
2281 2055 2366 2100 est
2396 2047 2781 2101 universorum
2809 2042 3093 2115 essentia),
3126 2058 3230 2097 nec
3258 2040 3625 2110 singulorum,
3658 2043 3722 2089 ut

2140 2145 2309 2205 patet,
2342 2137 2645 2191 substantia
2675 2137 2794 2192 sine
2824 2134 3339 2204 circumscriptione
3369 2131 3495 2193 erit,
3527 2143 3722 2182 nume-

2141 2241 2204 2280 ro
2257 2235 2312 2281 et
2341 2227 2582 2282 essentia
2616 2235 2810 2282 mutuo
2840 2226 3146 2282 secundum
3177 2224 3447 2278 rationem
3478 2222 3721 2274 circum-

2139 2318 2361 2388 scripta.
2396 2318 2451 2373 Si
2476 2327 2659 2373 autem
2676 2319 3191 2388 circumscriptione
3221 2331 3413 2370 eorum
3443 2329 3564 2384 quas
3594 2319 3724 2368 sunt

2137 2410 2436 2480 quidquam
2469 2426 2581 2464 non
2611 2419 2788 2476 vacat,
2822 2412 3080 2464 universa
3124 2409 3386 2462 nimirum
3428 2420 3551 2474 quas
3582 2413 3714 2457 sunt

2137 2503 2242 2557 sibi
2266 2504 2397 2572 ipsis
2409 2505 2801 2559 convenienter
2816 2515 2872 2558 et
2900 2523 2916 2554 ι
2938 2502 3232 2572 aliquando
3248 2515 3368 2555 esse
3389 2510 3499 2552 neti
3519 2495 3721 2551 alicubi

2137 2610 2286 2650 esse»
2323 2605 2609 2666 ceperunt.
2645 2596 2740 2651 His
2767 2596 2915 2650 enim
2946 2609 3142 2649 vacare
3174 2593 3312 2647 nihil
3343 2590 3574 2645 omnino
3611 2602 3714 2658 po-

2139 2688 2286 2752 terit,
2317 2703 2426 2742 non
2445 2688 2703 2753 essentia,
2727 2704 2836 2742 non
2853 2687 3152 2756 quantitas,
3180 2699 3287 2737 non
3321 2681 3578 2751 qualitas,
3602 2692 3716 2731 non

2139 2781 2351 2840 relatio.
2370 2795 2478 2834 non
2491 2779 2652 2842 actio,
2668 2794 2776 2832 non
2801 2779 3002 2848 passio,
3020 2791 3131 2830 non
3147 2773 3450 2837 motio,non
3470 2769 3715 2832 habitus,

2138 2888 2242 2926 nec
2269 2871 2419 2924 aliud
2451 2871 2621 2924 ullum
2651 2884 2762 2939 quo
2791 2871 3111 2922 universum
3142 2862 3589 2920 circumcludunt
3617 2861 3715 2929 qui

2138 2962 2226 3015 bis
2256 2962 2424 3016 rebus
2453 2970 2582 3015 sunt
2607 2961 2831 3016 eruditi.
2865 2959 3054 3028 Itaque
3083 2971 3275 3012 eorum
3305 2969 3426 3024 qua:
3449 2962 3578 3007 sunt
3605 2965 3716 3020 quo

2138 3053 2268 3123 quid
2299 3052 2449 3108 aliud
2482 3052 2638 3124 prius
2671 3051 2900 3123 cogitari
2935 3059 3134 3120 potest,
3193 3048 3249 3102 id
3292 3045 3566 3116 principio
3594 3057 3708 3096 non

2137 3159 2308 3210 caret.
2335 3145 2415 3200 uti
2447 3160 2551 3200 nec
2578 3143 3089 3212 circumscriptione
3119 3154 3358 3211 quocum
3391 3137 3524 3207 quid
3559 3135 3717 3190 aliud

2136 3241 2298 3295 simul
2331 3239 2562 3311 cogitari
2593 3246 2795 3308 potest.
2829 3237 2948 3293 Jam
2980 3237 3025 3291 si
3060 3249 3246 3289 rerum
3273 3248 3396 3312 qua:
3417 3239 3544 3285 sunt
3573 3228 3714 3284 nihil

2139 3333 2411 3403 principio
2437 3339 2702 3386 caretnec
2731 3328 3338 3398 circumsm-iptionemt
3371 3324 3714 3378 demonstra-

457 3421 702 3489 γέγονεν,
733 3422 892 3493 εἴπερ
924 3422 1025 3476 οὐκ
1051 3418 1136 3494 ἦν.
1188 3423 1261 3476 Οὐ
1293 3423 1400 3494 γάρ
1437 3424 1604 3494 ἄμφω
1619 3425 1894 3496 ὲνδὲχεται
1932 3427 2026 3480 καὶ

2133 3428 2209 3482 vit
2228 3430 2630 3494 consequenter
2659 3431 2910 3477 naturam
2942 3436 3127 3476 rerum
3160 3431 3400 3488 sequens
3420 3415 3579 3479 ratio,
3599 3413 3714 3466 lieri

458 3508 596 3565 εἶναι
633 3512 726 3564 καὶ
769 3511 1018 3576 γίνεσθαι
1069 3513 1239 3584 χωρὶς
1281 3517 1493 3584 τροπῆς
1537 3515 1630 3567 καὶ
1665 3514 2025 3580 ἀλλοιώσεως.

458 3603 522 3655 Et
566 3601 677 3672 γὰρ
719 3599 787 3674 ἦν
830 3604 926 3657 καλ⁹
965 3603 1208 3673 γέγονεν,
1258 3605 1493 3677 ἐτράπη,
1528 3607 1609 3670 εἰς
1637 3607 1774 3677 ὅπερ
1810 3608 1914 3661 οὐκ
1959 3605 2029 3680 ἦν

461 3693 855 3767 μεταχωρῆσαν
892 3695 1031 3748 κατὰ
1071 3694 1168 3767 τὴν
1196 3696 1428 3765 γένεσιν,
1467 3697 1501 3768 ἢ
1535 3697 1827 3769 ἠλλοιώθη,
1862 3714 2030 3768 προσ-

459 3787 636 3858 θήκην
688 3781 750 3841 οὖ
797 3777 1058 3859 ἐστέρητο
1113 3789 1346 3853 κάλλους
1391 3790 1797 3861 ἐπιδεξάμενον.
1831 3792 1946 3846 Πᾶν
1973 3791 2028 3844 δὲ

456 3879 868 3949 τρεπόμενον,ἢ
901 3877 1301 3949 ἀλλοιούμενον,
1325 3879 1359 3949 ἢ
1393 3879 1607 3944 ἐλλιπὲς
1639 3881 1837 3946 εἴδους,
1870 3881 2029 3934 αύτο⁶

456 3967 608 4028 τελὲς
653 3966 676 3998 ⁸
712 3961 850 4020 εἶναι
895 3967 954 4019 ού
996 3966 1240 4022 δύναται.
1290 3968 1365 4021 Τὸ
1405 3968 1464 4022 δὲ
1499 3969 1575 4039 μὴ
1615 3971 1677 4021 δν
1720 3967 2026 4031 αὐτοτελὲς,

457 4059 648 4130 ἑτέρου
703 4058 928 4122 ,πάντως
973 4058 1465 4130 προσδεηθήσεται,
1539 4061 1634 4114 τοῦ
1696 4045 2030 4132 παρέχοντος

457 4149 604 4221 αὐτῷ
629 4150 729 4221 τὴν
752 4149 1087 4221 τελειότητα,
1121 4151 1217 4203 καὶ
1251 4149 1366 4204 ἔστι
1394 4151 1602 4205 τέλειον
1645 4153 1742 4221 μὲν
1764 4152 1824 4204 τὸ
1851 4151 2030 4204 τοιοῦ-

454 4258 566 4307 τον,
611 4240 726 4295 ἀλλ’
772 4240 872 4293 οὐκ
915 4239 1222 4304 αὐτοτελὲς,
1266 4241 1354 4294 διὰ
1395 4240 1454 4293 τὸ
1483 4241 1560 4312 μὴ
1589 4241 1771 4308 φύσει,
1812 4241 2028 4312 μεθέξει

453 4331 512 4386 δὲ
539 4331 600 4386 τὸ
631 4331 833 4386 τέλειον
859 4331 1023 4402 ἔχειν.
1055 4331 1129 4384 Τὸ
1150 4331 1207 4385 δὲ
1235 4333 1422 4404 ἐτέρου
1469 4333 1862 4406 προσδεόμενον
1891 4335 2028 4405 πρὸς

454 4425 734 4478 τελείωσιν
792 4424 888 4478 καὶ
948 4423 1083 4496 πρὸς
1141 4424 1273 4477 αὐτὸ
1315 4424 1378 4478 τὸ
1420 4421 1559 4477 εἶναι
1607 4425 1788 4494 πολλῷ
1829 4425 2028 4496 μᾶλλον

457 4515 941 4587 προσδεηθήσεται.
992 4518 1056 4570 Εἰ
1081 4516 1191 4587 γὰρ
1218 4516 1389 4581 εἴδους
1419 4517 1702 4586 κρείττων,
1737 4516 1812 4580 ὥς
1840 4534 2024 4585 φασιν,

451 4612 486 4678 ἡ
522 4608 680 4661 οὐσία
709 4607 1037 4678 καθέστηκε,
1064 4607 1270 4679 ταύτην
1313 4608 1370 4661 δὲ
1416 4607 1592 4679 ἑαυτῷ
1636 4612 1938 4680 παρασχεῖν
1990 4609 2022 4681 ἢ

454 4700 640 4764 ἁπλῶς
698 4699 843 4770 ἔχειν
866 4700 1152 4771 δεδύνηται
1204 4703 1380 4754 ἐκεῖνο
1424 4701 1487 4754 τὸ
1540 4701 1622 4766 δν,
1682 4702 1822 4772 ὅπερ
1870 4701 2025 4755 αὐτοὶ

2128 3535 2240 3574 non
2270 3528 2452 3588 potest
2479 3518 2614 3588 quin
2658 3513 2956 3584 aliquando
3012 3525 3199 3566 rerum
3236 3508 3538 3579 quidquam
3602 3519 3716 3559 non

2127 3612 2314 3675 fuerit,
2340 3618 2396 3665 et
2422 3611 2465 3665 si
2496 3624 2606 3663 non
2637 3607 2761 3671 fuit,
2796 3605 2912 3661 ﬁeri
2945 3619 3057 3659 non
3091 3610 3276 3672 potest
3321 3601 3456 3671 quin
3501 3596 3708 3655 factum

2129 3702 2218 3768 sit,
2252 3700 2524 3770 siquidem
2562 3714 2673 3752 non
2707 3697 2829 3751 fuit.
2861 3695 3169 3762 Utrumque
3198 3692 3368 3755 enim,
3427 3698 3537 3743 tam
3590 3702 3713 3742 esse

2127 3809 2292 3864 quam
2334 3793 2476 3857 ﬁeri,
2510 3806 2617 3845 non
2649 3789 2797 3859 capit
2825 3789 2945 3842 sine
2973 3783 3339 3841 conversione
3369 3790 3425 3836 et
3454 3781 3714 3834 immuta-

2128 3885 2299 3941 tione.
2329 3885 2575 3953 Namque
2614 3882 2660 3936 si
2700 3881 2802 3935 fuit
2840 3888 2899 3934 et
2947 3879 3149 3933 factum
3207 3882 3312 3939 est,
3380 3887 3713 3928 conversum

2127 3987 2230 4044 est,
2255 3986 2543 4048 postquam
2575 3975 2631 4028 in
2664 3973 2718 4027 id
2749 3970 2897 4042 quod
2927 3985 3038 4024 non
3067 3967 3170 4021 fuit
3192 3981 3290 4037 per
3319 3972 3502 4017 ortum
3537 3970 3714 4015 trans-

2130 4070 2213 4134 iit,
2273 4077 2368 4123 aut
2414 4067 2766 4120 immutatum
2796 4071 2902 4126 est,
2937 4068 3226 4131 postquam
3275 4054 3710 4109 additamentum

2127 4163 2249 4232 ejus
2296 4176 2404 4230 qua
2434 4160 2645 4229 privata
2673 4163 2792 4211 erat
2822 4149 3238 4224 pulchritudine
3265 4145 3497 4216 recepit.
3527 4143 3710 4211 Quid-

2128 4252 2262 4322 quid
2311 4261 2496 4306 autem
2552 4247 3032 4305 convertituraut
3063 4245 3409 4300 immutatur.
3445 4247 3541 4294 aut
3593 4238 3710 4292 for-

2127 4358 2216 4396 ma
2245 4355 2498 4395 mancum
2541 4348 2647 4403 est,
2697 4338 2750 4392 id
2784 4337 3099 4392 absolutum
3138 4349 3236 4404 per
3266 4347 3325 4388 se
3355 4344 3708 4386 consumma-

2128 4445 2354 4503 tumque
2395 4448 2516 4487 esse
2545 4431 2756 4500 nequit.
2814 4429 2972 4496 Quod
3005 4437 3188 4483 autem
3226 4442 3334 4481 non
3394 4441 3492 4495 per
3525 4439 3583 4478 se
3616 4423 3711 4477 ab-

2125 4526 2366 4580 solutum
2412 4533 2517 4586 est,
2545 4523 2599 4578 id
2632 4525 2805 4577 altero
2839 4521 3068 4575 omnino
3097 4516 3367 4588 indigebit
3408 4515 3556 4586 quod
3602 4515 3708 4570 sibi

2125 4615 2527 4670 absolutionem
2561 4620 2802 4682 przeslet,
2852 4622 3017 4680 atque
3040 4619 3126 4665 est
3146 4609 3459 4664 absolutum
3484 4606 3708 4676 quidem

2129 4707 2256 4771 tale,
2289 4706 2385 4760 sed
2413 4720 2524 4759 non
2560 4721 2660 4775 per
2689 4719 2747 4758 se
2790 4702 3125 4764 absolutum,
3162 4700 3425 4769 quoniam
3463 4713 3573 4752 non
3608 4713 3709 4751 na-

453 4794 620 4862 φάναι
643 4792 944 4863 βούλονται,
976 4793 1094 4855 πῶς
1135 4792 1269 4863 πρὸς
1297 4792 1358 4846 τὸ
1387 4792 1532 4862 ἔχειν
1563 4793 1750 4858 ἁπλῶς
1782 4793 1815 4864 ἢ
1852 4811 2028 4864 παρα-

2133 4807 2274 4864 tura,
2305 4798 2401 4853 sed
2431 4795 2932 4851 communicatione
2964 4793 3280 4848 absolutum
3312 4792 3499 4846 habet.
3551 4789 3706 4856 Quod

454 4887 602 4955 σχεῖν
635 4882 814 4953 ἑαυτῷ
842 4884 904 4937 τὸ
927 4879 1111 4957 ἦττον,
1147 4885 1290 4955 φημὶ
1318 4885 1374 4937 δὲ
1414 4885 1475 4938 τὸ
1506 4881 1666 4949 εἶδος,
1710 4887 1811 4939 οὐκ
1855 4888 2024 4956 ἐπήρ-

453 4993 620 5042 κεσε;
663 4977 726 5029 Εἰ
755 4975 812 5028 δὲ
841 4975 978 5046 πρὸς
1029 4975 1091 5028 τὺ
1135 4978 1439 5047 παρασχεῖν
1477 4976 1655 5046 ἑαυτῷ
1687 4977 1747 5029 τὸ
1774 4972 1957 5050 ἦττον,
1989 4977 2022 5049 ἢ

453 5068 639 5132 ἁπλῶς
681 5067 825 5139 ἐχειν
868 5069 1042 5121 ἐκεῖνο
1078 5067 1140 5121 τὸ
1179 5067 1259 5133 ὃν,
1294 5069 1430 5138 ὅπερ
1450 5071 1504 5122 εἴ
1539 5087 1600 5122 τε
1646 5070 1852 5136 οὐσίαν,
1887 5071 1940 5123 εἴ
1963 5088 2022 5123 τε

452 5161 584 5232 ὓλην
609 5161 795 5214 καλεῖν
827 5159 1107 5231 βούλονται
1139 5163 1189 5212 οἱ
1215 5161 1278 5214 τὸ
1304 5161 1540 5232 ἄναρχον
1573 5164 1683 5226 τοῖς
1726 5164 1866 5232 μετὰ
1889 5163 2022 5216 Θεὸν

451 5255 544 5308 καὶ
571 5257 635 5308 ὲκ
665 5254 800 5308 Θεοῦ
847 5255 1188 5324 προσάπτειν
1224 5255 1534 5326 τολμῶντες
1599 5255 1694 5325 (ού
1740 5256 1848 5327 γάρ
1887 5257 2017 5326 περὶ

449 5346 639 5400 τούτου
664 5347 1067 5418 διαφερόμεθα)
1102 5349 1202 5401 οὐκ
1241 5348 1536 5417 ἐπήρκεσε,
1585 5347 1703 5410 πῶς
1740 5347 1800 5399 τὸ
1833 5351 2016 5418 κρεῖτ-

450 5456 560 5502 τον,
594 5439 836 5492 αὐτὸ-τὸ
878 5435 1018 5492 εἶναί
1058 5458 1222 5510 φημι,
1261 5440 1293 5510 ἢ
1333 5439 1516 5502 ἁπλῶς
1563 5439 1595 5511 ἢ
1650 5440 1782 5509 παρ’
1827 5438 2019 5491 ἑαυτοῦ

449 5527 593 5599 ἔχειν
621 5527 927 5598 δεδύνηται,
956 5530 1016 5582 τὸ
1064 5530 1198 5598 πρὸς
1237 5529 1296 5581 τὸ
1336 5528 1481 5598 ἔχειν
1516 5528 1577 5580 τὸ
1614 5524 1775 5599 ἦττον
1823 5529 2020 5581 ἀδυνα-

448 5619 650 5687 τῆσαν;
684 5621 746 5673 Et
773 5620 990 5689 δὲ-παρ’
1029 5620 1230 5690 ἑαυτῆς
1259 5620 1289 5690 ἢ
1321 5619 1505 5683 ἁπλῶς
1555 5619 1699 5689 ἔχειν
1752 5619 1813 5670 τὸ
1856 5614 2019 5688 ἦττον

447 5711 695 5783 οὐδαμῶς
734 5716 767 5784 ἡ
809 5711 910 5782 ὕλη
1179 5713 1228 5782 b)
1259 5713 1560 5782 δεδύνηται,
1598 5710 1776 5781 πολλῷ
1818 5712 2016 5780 μᾶλλον

2128 4897 2314 4942 autem
2373 4887 2549 4942 altero
2581 4885 2790 4956 indiget
2816 4884 2882 4938 ad
2937 4897 3057 4938 sese
3078 4881 3596 4944 consummandum,
3651 4880 3704 4934 id

2124 4979 2291 5032 etiam
2351 4977 2526 5031 multo
2570 4977 2743 5048 magis
2769 4975 3039 5047 indigebit
3069 4975 3137 5029 ad
3170 4975 3276 5030 hoc
3312 4975 3490 5043 ipsum
3523 4981 3582 5026 ut
3611 4971 3704 5026 sit.

2127 5071 2259 5125 Nam
2286 5069 2330 5124 si
2360 5069 2553 5133 forma,
2588 5080 2649 5125 ut
2679 5069 2857 5133 aiunt,
2885 5069 3126 5124 essentia
3178 5077 3423 5138 praestat,
3468 5081 3704 5135 eamque

2125 5159 2229 5216 sibi
2281 5159 2384 5229 ipsi
2436 5167 2702 5228 praastare
2745 5160 2830 5214 vel
2889 5158 3216 5229 simpliciter
3266 5158 3473 5212 habere
3524 5164 3706 5226 potest

2125 5252 2258 5307 illud
2301 5267 2421 5315 ens,
2468 5251 2616 5320 quod
2658 5251 2764 5321 ipsi
2821 5251 3008 5305 dicere
3054 5250 3268 5310 volunt,
3297 5247 3574 5317 quomodo
3633 5248 3700 5302 ad

2123 5343 2438 5398 habendum
2455 5333 2782 5412 simpliciter
2797 5343 2882 5396 vel
2904 5340 3274 5410 praestandum
3292 5340 3396 5395 sibi
3416 5341 3572 5410 pejus
3591 5339 3702 5392 for-

2121 5450 2262 5489 mam
2283 5434 2430 5498 dico,
2453 5449 2563 5487 non
2589 5433 2922 5487 suﬂiciebat?
2949 5432 3004 5487 Si
3029 5442 3211 5488 autem
3235 5432 3302 5486 ad
3328 5430 3698 5501 przestandum

2119 5526 2221 5581 sibi
2244 5525 2398 5596 pejus
2425 5523 2510 5578 vel
2545 5522 2871 5592 simpliciter
2899 5521 3234 5586 habendum,
3261 5521 3395 5574 illud
3415 5520 3697 5588 ens,quod

2118 5618 2508 5673 velessentiam
2529 5618 2612 5671 vel
2633 5617 2920 5671 materiam
2936 5631 3133 5670 vocare
3155 5615 3331 5684 placet
3349 5615 3431 5668 eis
3445 5612 3697 5682 quiquod

2118 5713 2277 5766 initio
2313 5719 2471 5766 caret
2493 5710 2662 5764 rebus
2708 5725 2828 5778 quae
2858 5718 2981 5779 post
3012 5709 3182 5763 Deum
3215 5717 3271 5762 et
3315 5724 3380 5763 ex
3421 5709 3534 5776 Dco
3567 5713 3698 5760 sunt

1725 5843 1960 5897 VAlilrE
1990 5843 2388 5899 LECTIONES.

515 5937 543 5973 ⁴
570 5939 850 6000 ἀνελλιπὲς
882 5938 1004 5992 cod.
1044 5939 1183 5994 Gud.
1211 5939 1364 6005 Quod
1397 5939 1449 5993 in
1482 5954 1653 6008 marg.
1691 5938 1758 5992 ab
1798 5939 1988 5994 eadem
2021 5953 2184 5993 manu
2217 5939 2569 5995 emendatum
2604 5946 2687 5994 est
2717 5938 2772 5993 in
2801 5936 3106 6000 αὐτοτελές.
