4012 6438
413 449 547 510 li“‘3

1574 441 1635 500 S.
1675 438 1962 499 MAXIMI
2003 435 2516 496 CONFESSORIS

3574 432 3700 496 1134

367 572 375 577 '
402 568 694 613 annectere
722 564 990 610 conantur
1025 554 1223 625 (neque
1250 554 1400 608 enim
1432 555 1499 609 de
1527 556 1631 609 hoc
1661 552 1989 622 litigamus),

2123 563 2233 616 ιῦτδ
2258 563 2318 616 τὸ
2348 559 2718 624 εἷναιάπὶῶς,
2763 562 2795 630 ἢ
2850 561 2965 626 πῶς
3011 562 3140 629 παρ’
3186 563 3410 628 ἑαυτῆς
3463 560 3608 627 ἔχειν
3643 563 3700 615 οὐ

412 649 555 704 haud
586 646 911 709 sulliciebat,
938 645 1217 715 quomodo
1248 645 1465 709 melius,
1497 644 1669 713 ipsam
1720 641 1994 697 exsisten-

410 740 539 793 tiam
570 738 717 802 dico,
751 736 834 791 vel
881 736 1207 805 simpliciter
1242 735 1325 788 wl
1365 751 1397 789 a
1420 750 1478 788 se
1516 735 1637 804 ipso
1663 733 1869 786 habere
1900 746 1997 800 po-

414 829 537 888 tuit,
566 826 714 897 quod
736 826 802 879 ad
830 826 986 896 pejus
1012 824 1328 878 habendum
1360 840 1466 877 non
1482 822 1693 876 valuit?
1726 820 1781 876 Si
1813 830 1997 874 autem

408 937 437 974 a
468 935 526 974 se
573 920 692 989 ipsa
718 907 804 973 vel
851 918 1176 987 simpliciter
1209 916 1440 971 materia
1472 916 1629 986 pejus
1654 914 1865 969 habere
1900 922 2003 967 ne-‘

408 1027 685 1081 quaquam
722 1011 927 1080 potuit,
960 1011 1135 1065 multo
1170 1008 1343 1079 magis
1383 1009 1556 1077 ipsam
1610 1006 1994 1062 exsistentiam

411 1101 759 1169 simpliciter,
788 1100 873 1153 vel
910 1099 1094 1168 aliquo
1126 1099 1292 1151 modo
1314 1114 1344 1151 a
1373 1113 1431 1152 se
1466 1097 1671 1151 habere
1705 1114 1809 1150 non
1840 1103 1997 1166 pote-

414 1191 501 1245 rit.
540 1192 684 1261 Ergo
713 1206 835 1261 qua:
857 1190 925 1245 ad
964 1191 1302 1253 habendum,
1337 1198 1400 1243 ut
1427 1189 1864 1244 demonstratum
1891 1196 1996 1253 est,

414 1284 588 1352 pejus,
643 1282 899 1355 formam,
936 1285 1185 1352 inquam,
1226 1282 1371 1336 baud
1414 1282 1606 1345 valuit,
1648 1297 1713 1336 ea
1785 1296 1889 1334 nec
1929 1280 1999 1334 ad

413 1373 629 1439 melius,
658 1374 833 1444 ipsam
854 1374 1233 1430 exsistentiam
1280 1374 1525 1444 inquam,
1546 1374 1853 1429 habendam
1878 1375 2000 1428 nul-

2100 654 2477 724 δυνηθήσεται.
2507 650 2735 724 Ἀρόὗν
2767 655 2799 723 ἡ
2825 655 2961 725 πρὸς
3002 656 3063 708 τὸ
3094 654 3267 724 ἔχειν,
3294 653 3379 714 ὡς
3412 651 3702 718 δέδεικται,

2098 746 2162 800 τὸ
2187 741 2370 818 ἦττον,
2402 746 2547 813 λέγω
2571 746 2625 797 δὲ
2649 747 2708 799 τὸ
2736 741 2896 811 εἶδος,
2923 748 3237 813 ἀτονήσασα
3271 744 3409 798 οὐδὲ
3442 745 3507 797 τὸ
3538 750 3708 807 κρείτο

2100 852 2217 899 τον,
2250 836 2384 888 αὐτὸ
2410 835 2470 888 τὸ
2494 830 2633 888 εἶναί
2679 853 2845 906 φημι,
2894 837 2999 890 κᾶν
3042 836 3299 890 ὁπωσοῦν
3356 835 3517 904 ἔχειν
3551 834 3707 906 δυνη-

2104 928 2222 997 θείη
2256 927 2409 981 ποτέ.
2440 928 2501 979 Ei
2520 927 2578 980 δὲ
2602 927 2783 990 τοῦτο,
2820 928 3038 990 πάντως
3068 928 3133 980 ἐκ
3156 926 3301 979 Θεοῦ
3335 926 3402 978 τὸ
3426 920 3572 978 εἶναι
3601 929 3709 989 τοῖς

2103 1014 2224 1071 οὖσι
2250 1018 2346 1072 καὶ
2378 1017 2439 1071 τὸ
2467 1013 2606 1081 εἶδος
2628 1017 2951 1088 δεδώρηται,
2985 1019 3219 1087 ἐπείπερ
3254 1016 3413 1069 εἰσιν
3432 1031 3448 1043 ο
3482 1017 3534 1067 εἰ
3560 1015 3619 1067 δὲ
3651 1018 3711 1068 ὲκ

2101 1108 2236 1163 Θεοῦ
2270 1111 2423 1162 πᾶσα
2451 1110 2632 1173 οὐσία,
2670 1110 2767 1162 καὶ
2827 1110 2928 1177 ὕλη
2980 1111 3076 1161 καὶ
3127 1106 3274 1171 εἶδος
3333 1108 3494 1161 ἆπαν
3542 1107 3710 1169 ἐστὶν,

2103 1199 2277 1260 οὐδεὶς
2306 1199 2371 1253 ἂν
2397 1200 2470 1269 μὴ
2496 1200 2672 1268 πάντη
2716 1199 2994 1269 σώφρονος
3030 1199 3300 1269 λογισμοῦ
3336 1196 3715 1266 ἐστερημένος

2109 1290 2283 1344 εἰπετν
2304 1291 2596 1361 ἀνάσχοιτο
2627 1291 2863 1362 ἄναρχον
2888 1292 2922 1363 ἢ
2947 1293 3211 1359 ἀγένητον
3240 1290 3353 1361 τὴν
3386 1289 3553 1359 ὕλην,
3586 1288 3715 1341 Θεὸν

2112 1379 2270 1444 εἰδὼς
2299 1381 2410 1436 τῶν
2440 1381 2611 1435 ὄντων
2650 1384 2883 1452 ποιητὴν
2913 1384 3007 1436 καὶ
3036 1381 3411 1452 δημιουργόν.

412 1469 460 1519 la
512 1482 576 1521 ex
611 1475 768 1534 parte
814 1466 1077 1520 valuerit.
1105 1464 1163 1519 Si
1199 1480 1331 1519 vero
1375 1466 1448 1518 ita
1498 1474 1602 1525 est.
1660 1480 1729 1520 ex
1799 1466 1908 1519 lico
1960 1469 2189 1528 omnino
2258 1471 2423 1526 rebus
2455 1472 2643 1527 datum
2685 1481 2769 1526 est
2805 1480 2866 1526 ut
2896 1473 3005 1527 sint
3046 1482 3104 1526 et
3136 1471 3387 1525 formam
3434 1469 3712 1530 habeant,

411 1573 534 1611 cum
567 1558 678 1613 sint
711 1576 724 1611 :
758 1558 806 1612 si
847 1572 979 1611 vero
1015 1572 1081 1611 ex
1112 1558 1223 1610 Deo
1258 1556 1437 1610 omnis
1453 1556 1710 1619 essentia,
1739 1559 2060 1623 etmateria,
2100 1570 2157 1615 et
2182 1561 2360 1617 forma
2387 1563 2567 1619 omnis
2602 1574 2705 1631 est,
2751 1579 2914 1618 nemo
2967 1563 3235 1634 profecto,
3267 1562 3319 1615 si
3360 1576 3508 1616 sana
3536 1570 3717 1615 mente

413 1664 521 1703 non
554 1656 639 1701 est
668 1648 935 1717 privatus,
978 1646 1264 1699 materiam
1326 1645 1585 1699 intactam
1624 1654 1722 1700 aut
1778 1648 2060 1719 principio
2110 1662 2389 1709 carentem
2415 1653 2600 1709 dicere
2630 1655 2950 1721 sustinebit,
2988 1670 3114 1709 cum
3142 1654 3325 1711 Deum
3389 1652 3717 1710 meminerit

415 1756 597 1795 rerum
628 1749 838 1795 natura:
879 1738 1148 1792 [actorem
1182 1744 1238 1791 et
1257 1734 1546 1790 artiﬁcem.
2594 1726 2605 1737 ‘

2030 1835 2100 1846 .—

412 1895 818 1950 Demonstratur
858 1893 997 1966 quod
1033 1891 1290 1963 quidquid
1321 1902 1591 1947 moveatur
1650 1891 1731 1945 vel
1759 1909 1876 1944 cum
1905 1890 1992 1944 ul-

2123 1896 2448 1962 Ἀπόδειξις
2478 1894 2569 1950 ὅτι
2594 1894 2718 1953 πᾶν
2738 1895 3117 1965 κινούμενον,
3163 1894 3201 1963 ἢ
3227 1894 3411 1957 ἄλλῳ
3455 1892 3719 1961 διαφόρῳ

484 1997 592 2041 tero
622 1986 907 2041 secundum
934 1982 1217 2038 essent-iam
1243 1984 1515 2055 (li/ferente
1540 1999 1604 2036 ea:
1628 1992 1825 2038 artemo
1841 1983 2002 2036 simul

483 2085 754 2149 cernatur,
812 2075 1082 2144 inﬁnitum
1127 2091 1238 2128 esse
1278 2076 1385 2128 non
1419 2091 1590 2142 posse,
1636 2076 1848 2146 etquod
1872 2075 2004 2146 dyas

485 2185 653 2237 neque
679 2169 888 2222 initium
911 2167 1000 2230 sit,
1026 2182 1194 2237 neque
1213 2168 1324 2219 sine
1349 2166 1522 2231 initio,
1564 2175 1613 2220 et
1648 2167 1785 2236 quod
1822 2183 2006 2220 manas

482 2256 597 2310 sola
623 2257 835 2327 proprie
850 2258 919 2310 sit
951 2258 1161 2310 initium
1191 2264 1240 2310 et
1261 2258 1375 2310 sine
1408 2258 1582 2322 initio,

483 2370 665 2440 Atque
696 2387 912 2438 rursus,
947 2371 992 2427 si
1023 2379 1166 2437 erat,
1200 2380 1263 2426 ut
1292 2372 1521 2440 quidam
1553 2372 1770 2438 dicunt,
1830 2384 2007 2428 mate-

417 2465 520 2526 ria,
553 2480 664 2518 non
693 2463 840 2519 facta
871 2473 956 2520 est
988 2464 1184 2535 igitur;
1220 2465 1265 2518 si
1298 2475 1435 2519 Vero
1463 2481 1577 2520 non
1606 2465 1750 2520 facta
1771 2476 1879 2533 est,
1905 2481 2010 2521 nec

417 2566 702 2624 metatur;
737 2557 783 2613 si
845 2572 978 2613 vero
1009 2573 1120 2612 non
1165 2566 1431 2624 metatur,
1477 2575 1602 2614 esse
1646 2560 1800 2615 nullo
1844 2560 2009 2614 modo

417 2649 656 2720 incepit;
715 2650 763 2705 si
794 2664 928 2706 vero
958 2665 1082 2704 esse
1112 2666 1225 2705 non
1272 2650 1500 2720 incepit,
1533 2651 1812 2721 principio
1852 2660 2009 2706 caret

415 2742 675 2808 omnino;
723 2742 768 2797 si
800 2758 936 2797 vero
965 2742 1448 2813 careLprittcipio,
1481 2752 1634 2797 caret
1662 2744 1830 2797 etiam
1864 2743 2007 2809 ﬁne;

415 2834 462 2888 si
496 2834 601 2889 ﬁne
630 2845 805 2900 caret,
840 2835 1144 2891 immobilis
1163 2835 1394 2889 omnino
1425 2843 1510 2889 est
1531 2835 1839 2906 (immobile
1861 2834 2011 2889 enim

416 2940 583 2981 omne
615 2925 894 2982 inﬁnitum
924 2935 1010 2983 est
1030 2944 1045 2990 ;
1068 2941 1253 2996 neque
1284 2926 1431 2981 enim
1463 2927 1635 2982 habet
1667 2928 1760 2982 ubi
1791 2943 2011 2981 movea-

421 3022 512 3067 tur
541 3017 690 3085 quod
747 3033 859 3072 non
904 3018 1204 3073 limitatum
1258 3016 1388 3086 est),
1441 3017 1486 3072 si
1548 3033 1682 3074 vero
1724 3018 1868 3082 hoc,
1900 3018 2012 3073 duo

418 3107 648 3162 omnino
680 3107 896 3163 inﬁnita
925 3118 983 3164 et
1015 3109 1293 3178 principio
1323 3116 1380 3162 et
1437 3119 1592 3169 motu
1637 3110 1883 3165 carentia
1916 3126 2013 3164 ex-

418 3203 588 3265 stant,
620 3198 763 3254 Deus
793 3214 958 3269 atque
989 3198 1316 3261 materia,id
1335 3199 1482 3269 quod
1519 3199 1634 3254 ﬁeri
1666 3217 1776 3256 non
1807 3210 2009 3271 potest.

422 3288 678 3345 Binarius
706 3291 857 3345 enim
896 3307 1168 3346 numerus
1197 3306 1379 3360 neque
1411 3289 1663 3346 inﬁnitus
1693 3301 1797 3354 est,
1832 3309 2013 3362 neque

420 3381 543 3435 sine
578 3382 762 3443 initio.
812 3399 994 3453 neque
1045 3385 1167 3438 sine
1205 3394 1381 3450 motu,
1437 3401 1619 3454 neque
1679 3387 2013 3456 principium

420 3472 651 3527 omnino
687 3472 853 3528 ullius
885 3474 966 3528 rei
996 3489 1119 3529 esse
1153 3474 1377 3544 poterit,
1398 3491 1522 3545 qum
1552 3477 1860 3532 secundum
1894 3478 2017 3532 uni-

425 3560 632 3615 tionem
675 3569 734 3616 et
780 3562 1213 3634 disjunctioncm
1259 3566 1720 3635 circumscriptus
1766 3569 1859 3631 sit,
1926 3587 2015 3625 se-

423 3653 667 3707 cundum
703 3654 1013 3710 unitionem
1044 3656 1271 3726 quidem
1304 3665 1365 3712 ut
1421 3660 1751 3713 cxstantiam
1807 3660 2017 3719 habens

429 3741 723 3797 monadum
755 3745 1237 3814 compositionem,
1270 3764 1301 3801 a
1335 3749 1540 3817 quibus
1572 3758 1830 3819 tanquam
1889 3764 2016 3818 par-

431 3830 581 3885 tibus
613 3833 936 3904 contjnetur
966 3845 1023 3890 et
1053 3835 1106 3891 in
1138 3853 1278 3906 quas
1310 3839 1479 3891 veluti
1512 3850 1698 3908 partes
1729 3839 1902 3893 secari
1924 3854 2020 3907 po-

429 3934 533 3980 test
565 3926 725 3996 (nihil
756 3938 941 3983 autem
975 3930 1124 3999 quod
1156 3931 1499 4001 disjunctum
1529 3947 1651 3986 esse
1683 3942 1778 3987 aut
1809 3933 2020 3999 disiun-

426 4017 500 4086 εἰ,
534 4018 650 4072 sive
702 4020 1075 4088 compositum
1106 4036 1231 4075 esse
1271 4030 1368 4075 aut
1397 4023 1678 4091 componi,
1712 4022 2018 4077 scentulum

429 4118 705 4175 naturam,
738 4112 823 4163 vel
862 4112 1216 4179 positionem,
1253 4114 1338 4167 vel
1372 4113 1539 4167 alium
1576 4116 1748 4169 ullum
1796 4115 2020 4169 modum

429 4199 656 4269 cogitari
689 4209 894 4269 queat,
929 4202 1182 4270 quinimo
1212 4220 1284 4257 ne
1314 4204 1432 4273 ipsa
1461 4204 1687 4275 quidem
1733 4222 1854 4275 qua:
1886 4206 2020 4259 sim-

431 4292 649 4358 pliciter
676 4291 884 4347 dicitur
907 4293 1207 4363 disjunctio
1240 4296 1324 4351 vel
1355 4297 1708 4366 compositio,
1742 4297 2018 4352 inﬁnitum

428 4398 549 4437 esse
575 4384 801 4452 poterit,
833 4385 965 4454 quia
1006 4401 1187 4455 neque
1221 4387 1453 4457 simplex
1489 4396 1545 4443 et
1577 4389 1777 4450 solum,
1839 4404 2019 4458 neque

431 4473 776 4528 numerabile
806 4484 902 4529 aut
935 4487 1286 4531 numeratum
1319 4486 1852 4534 connumeratumve
1877 4522 1890 4541 ,
1925 4488 2020 4535 aut

430 4566 580 4619 omni
610 4566 939 4636 simpliciter
982 4568 1358 4639 qualicunque
1392 4570 1587 4623 habitu
1621 4570 1855 4624 liberum
1898 4581 2014 4634 est;

434 4658 548 4712 haec
565 4658 713 4712 enim
745 4660 928 4714 omnia
962 4660 1016 4714 in
1040 4661 1236 4716 habitu
1258 4662 1707 4733 conspiciuntur,
1741 4662 2018 4717 inﬁnitum

432 4757 616 4809 autem
648 4757 732 4802 est
762 4749 883 4804 sine
916 4751 1210 4812 relatione,
1270 4769 1396 4807 eum
1431 4751 1570 4805 nihil
1632 4752 1859 4805 relative
1916 4752 2021 4806 sibi

433 4839 789 4909 conjunctum
834 4840 1063 4895 omnino
1113 4842 1334 4912 habeat)
1388 4858 1401 4895 :
1450 4842 1756 4898 secundum
1807 4843 2021 4915 disiun-

433 4932 672 4985 ctionem
705 4940 911 4995 autem,
945 4940 1004 4986 ut
1032 4949 1265 4989 numero
1296 4943 1535 5001 motata,
1571 4950 1638 4990 ex
1670 4951 1780 5005 quo
1812 4936 2021 5006 incepit

372 5067 375 5071 .
433 5031 491 5076 et
520 5038 550 5075 a
581 5038 692 5090 quo
724 5021 1047 5077 continetur
1068 5064 1085 5088 ,
1117 5026 1569 5095 quandoquidem
1602 5042 1712 5080 non
1744 5035 1939 5080 natura
1969 5035 2025 5082 et

436 5125 633 5182 prwter
690 5116 1017 5171 relationem
1073 5116 1460 5172 exsistentiam
1518 5118 1707 5174 habet.
1784 5118 2023 5172 Numero

436 5206 585 5260 enim
618 5208 800 5263 omnis
832 5206 1038 5264 binitas
1059 5208 1315 5263 etonmis
1347 5209 1553 5274 unitas,
1587 5211 1641 5263 in
1674 5219 1885 5279 partem
1906 5209 2025 5280 ejus

436 5299 818 5365 contribueris,
853 5309 1090 5363 constat,
1123 5316 1234 5369 quo
1263 5317 1499 5356 numero
1530 5298 1651 5372 ejus
1684 5305 1926 5354 unitatcs
1956 5301 2024 5355 de

441 5387 1017 5461 incircumscriptione
1078 5391 1315 5447 invicem
1383 5393 1617 5463 singula:
1675 5393 2017 5447 eximuntur.

441 5481 635 5535 Nullus
663 5490 847 5536 autem
879 5483 964 5537 vel
995 5484 1500 5554 quomodocunque
1530 5483 1897 5539 ratiocinandi
1932 5501 2028 5553 pc-

443 5574 582 5627 ritus
614 5573 888 5628 inﬁnitum
919 5591 1043 5629 esse
1075 5575 1281 5630 dixerit
1306 5591 1549 5645 quocum
1570 5592 1635 5631 ex
1664 5585 1874 5631 aeterno
1892 5576 2025 5646 quid

446 5679 552 5717 uua
598 5666 680 5718 vel
737 5666 986 5739 additum
1043 5668 1418 5737 conspiciatur
1447 5669 1687 5723 essentia
1719 5668 2023 5734 diversum,

446 5768 569 5805 cznn
602 5755 911 5810 meminerit
940 5759 989 5810 ei
1029 5759 1123 5827 qui
1158 5760 1227 5813 ita
1261 5760 1501 5815 senserit
1533 5760 1823 5815 inﬁnitatis
1858 5761 2022 5815 ratio-

451 5860 571 5900 Item
606 5862 829 5914 prorsus
882 5851 1252 5917 cversumiri.
1318 5852 1564 5922 Namque
1627 5852 1903 5907 inﬁnitum
1936 5869 2024 5908 sc-

2177 1987 2330 2042 κατὰ
2383 1986 2498 2055 τὴν
2538 1988 2759 2040 οὐσίαν
2798 1987 2867 2051 ἐξ
2907 1986 3104 2040 ἀϊδίου
3143 1986 3715 2053 συνθεωρούμενον,

2179 2077 2428 2143 ἄπειρον
2452 2073 2606 2132 εἶναι
2638 2079 2711 2131 οὑ
2743 2075 3016 2138 δύναται,
3042 2076 3140 2129 καὶ
3169 2076 3257 2128 ὄτι
3295 2077 3337 2143 ἠ
3382 2074 3547 2140 δυὰς
3584 2075 3718 2128 οὔτε

2144 2157 2338 2243 ορχή
2377 2173 2568 2235 ἐστιν,
2618 2169 2757 2223 οὔτε
2806 2168 3091 2237 ἄναρχος,
3128 2168 3228 2222 καὶ
3284 2168 3385 2222 ὅτι
3434 2168 3473 2235 ή
3524 2166 3718 2237 μονὰς

2173 2265 2331 2333 μόνη
2360 2261 2577 2330 κυρίως
2605 2259 2762 2330 ἀρχὴ
2795 2258 2892 2313 καὶ
2923 2258 3207 2329 ἄναρχος.

2180 2375 2293 2429 Καὶ
2329 2373 2511 2436 πάλῖν,
2561 2374 2611 2425 εἰ
2654 2367 2744 2442 ἦν,
2778 2370 2853 2435 ὥς
2887 2371 3032 2434 τινές
3073 2388 3262 2440 φασιν,
3288 2373 3322 2442 ἡ
3363 2369 3500 2441 ὕλη,
3528 2372 3593 2424 οὐ
3628 2370 3719 2440 γέ-

2108 2483 2237 2537 γονε
2270 2466 2537 2536 δηλονότι,
2562 2468 2612 2519 εἰ
2641 2465 2698 2517 δὲ
2729 2464 2804 2535 μὴ
2840 2466 3085 2533 γέγονεν,
3110 2465 3231 2518 οὐδὲ
3266 2468 3540 2528 κινεῖται,
3582 2466 3634 2518 εἰ
3661 2465 3713 2517 δὲ

2113 2557 2190 2629 μὴ
2228 2559 2478 2622 κινεῖται,
2509 2554 2634 2609 οὔτε
2668 2554 2763 2609 τοῦ
2800 2552 2940 2607 εἶναι
2978 2553 3202 2627 ἤρξατο,
3245 2558 3294 2610 εὶ
3328 2556 3392 2609 δὲ
3434 2556 3536 2610 τοῦ
3578 2551 3714 2610 εἶναι

2114 2649 2190 2720 μὴ
2246 2648 2471 2720 ἤρξατο,
2523 2648 2739 2713 πάντως
2771 2648 3031 2720 ἄναρχον,
3082 2650 3132 2701 εἰ
3181 2647 3237 2701 δὲ
3290 2649 3570 2720 ἄναρχον,
3624 2648 3716 2703 καὶ

2111 2742 2360 2810 ἄπειρον.
2391 2742 2439 2793 εἰ
2483 2740 2540 2793 δὲ
2572 2739 2820 2809 ἄπειρον,
2852 2739 3071 2803 πάντως
3132 2740 3227 2793 καὶ
3257 2740 3534 2810 ἀκίνητον
3568 2736 3716 2809 (ἀκε-

2112 2849 2270 2901 νητον
2296 2831 2405 2903 γὰρ
2433 2831 2652 2894 πάντως
2677 2831 2736 2884 τὸ
2764 2831 3014 2901 ἄπειρον,
3054 2831 3114 2885 οὐ
3145 2832 3251 2902 γὰρ
3276 2831 3398 2903 ἔχει
3431 2831 3542 2885 ποῦ
3571 2847 3718 2899 κινη-

2112 2924 2271 2995 θῆναι
2300 2923 2360 2975 τὸ
2388 2922 2462 2992 μὴ
2495 2921 2869 2994 ὁριζόμενον),
2900 2921 3027 2975 εἰδὲ
3049 2921 3230 2996 tauro,
3261 2922 3362 2977 δύο
3393 2924 3620 2985 πάντως
3652 2919 3716 2972 τὰ

2111 3014 2318 3085 ἄπειρα
2344 3014 2438 3067 καὶ
2463 3014 2675 3086 ἄναρχα
2704 3015 2798 3068 καὶ
2834 3014 3090 3085 ἀκίνητα,
3122 3014 3257 3077 Θεὸς
3284 3016 3397 3088 κῇ
3414 3014 3544 3084 ὖλη,
3583 3014 3713 3082 ὅπερ

2112 3103 2252 3161 εἶναι
2280 3108 2581 3177 ἀμήχανον.
2620 3106 2762 3171 Audi;
2790 3107 2899 3178 γὰρ
2937 3106 3063 3160 οὔτε
3106 3106 3360 3178 ἄπειρος,
3397 3106 3529 3160 οὔτε
3557 3106 3715 3175 ἄναρ-

2118 3215 2231 3269 χος,
2271 3195 2398 3250 οὔτε
2450 3198 2728 3267 ἀκίνητος,
2777 3195 2904 3251 οὔτε
2952 3195 3060 3267 μὴν
3093 3197 3238 3269 ἀρχὴ
3285 3196 3530 3250 καθόλου
3576 3194 3713 3258 τινὸς

2119 3286 2256 3341 εἶναι
2280 3287 2590 3357 δυνήσεται,
2625 3287 2748 3340 καθ’
2784 3287 2978 3341 ἕνωσίν
3012 3304 3072 3357 τε
3116 3288 3213 3341 καὶ
3252 3287 3531 3359 διαίρεσιν
3564 3302 3714 3356 περιο

2118 3383 2463 3452 γραφομένη,
2512 3380 2633 3433 καθῗ
2683 3380 2878 3433 ἕνωσιν
2937 3379 3036 3449 μὲν
3084 3378 3161 3442 ὡς
3225 3378 3473 3450 ὓπαρξιν
3518 3368 3711 3448 ἔχουσα

2117 3476 2225 3529 τῶν
2265 3474 2510 3543 μονάδων
2538 3472 2638 3542 τὴν
2674 3471 2946 3538 σύνθεσιν,
2973 3471 3064 3541 ὑφ’
3110 3465 3184 3526 ὧν
3216 3470 3292 3534 ὡς
3328 3469 3520 3542 μερῶν
3566 3485 3713 3539 περι-

2124 3567 2311 3635 έχεται
2347 3564 2437 3618 καὶ
2466 3565 2546 3627 εἰς
2579 3563 2645 3627 ἃς
2676 3563 2750 3627 ὡς
2782 3564 2923 3633 μέρη
2960 3562 3257 3632 τέμνεσθαι
3286 3562 3517 3630 δύναται
3538 3560 3709 3631 (οὐδὲν

2119 3658 2175 3711 δὲ
2224 3656 2496 3726 διαιρετὸν
2537 3655 2570 3725 ἢ
2605 3655 2800 3726 (17],
2833 3655 2897 3724 α)
2941 3654 3344 3724 διαιρούμενον,
3388 3654 3425 3726 ἢ
3466 3652 3711 3706 σύνθετον

2118 3749 2151 3819 ἦ
2188 3748 2590 3817 συντιθέμενον,
2622 3747 2764 3801 κατὰ
2819 3746 2984 3816 φύσιν
3036 3745 3068 3818 ἢ
3119 3744 3270 3799 θέσιν
3311 3746 3343 3816 ἢ
3404 3745 3568 3801 ἄλλον
3596 3742 3710 3796 τινὰ

2120 3836 2483 3906 ἐπινοηθῆναι
2535 3835 2836 3906 δυνάμενον
2879 3836 3107 3906 τρόπον,
3169 3834 3284 3888 ἀλλ’
3330 3835 3458 3889 οὐδὲ
3503 3833 3706 3902 αὑτὴὴ

2122 3929 2307 3992 ἁπλῶς
2335 3927 2607 3998 λεγομένη
2644 3926 2908 3998 διαίρεσις
2948 3926 2980 3996 ἢ
3018 3926 3290 3989 σύνθεσις,
3320 3925 3558 3995 ἄπειρον
3577 3921 3705 3977 εἶναι

2120 4022 2429 4089 δυνήσεται,
2485 4018 2565 4071 ὅτι
2625 4017 2700 4088 μὴ
2747 4017 2843 4071 καὶ
2893 4016 3100 4071 ἁπλοῦν
3139 4017 3231 4070 καὶ
3273 4017 3463 4086 μόνον,
3505 4013 3596 4069 καὶ
3637 4012 3706 4085 μὴ

2121 4109 2427 4179 ἀριθμητὸν
2473 4107 2505 4178 ἢ
2558 4107 2967 4178 ἀριθμούμενον
3016 4108 3050 4177 ἢ
3101 4107 3626 4178 συναριθμούμενον,
3674 4102 3701 4172 ἢ

2126 4200 2304 4269 πάσης
2345 4198 2534 4261 ἁπλῶς
2587 4198 2874 4269 ἐλεύθερον
2920 4201 3019 4268 τῆς
3061 4194 3389 4269 οξὸισδήποτε
3429 4198 3664 4267 σχέσεως
3690 4210 3701 4221 ·

2122 4292 2435 4362 πάνταγὰρ
2462 4289 2632 4345 ταῦτα
2676 4294 2733 4342 ἐν
2773 4291 2957 4359 σχέσει
3000 4289 3313 4361 θεωρεῖται,
3358 4291 3422 4344 τὸ
3460 4292 3516 4343 δὲ
3559 4289 3704 4343 ἄπει-

2126 4402 2217 4455 ρον
2255 4384 2505 4453 ἄσχετον,
2535 4384 2596 4436 οὐ
2628 4382 2737 4451 γὰρ
2760 4382 2875 4452 ἔχει
2917 4399 2971 4434 τι
3016 4382 3156 4437 κατὰ
3193 4382 3380 4453 σχέσιν
3430 4378 3704 4450 συνημμέ-

2122 4494 2209 4528 νον
2237 4475 2608 4543 παντέιπασι),
2641 4473 2782 4526 κατὰ
2803 4472 3069 4544 διαίρεσιν
3097 4473 3153 4525 δὲ
3188 4472 3262 4535 ὼς
3287 4470 3512 4543 ἀριθμῷ
3538 4481 3705 4523 mou-

2127 4568 2284 4637 μέν-η,
2336 4566 2393 4631 ἐξ
2445 4561 2616 4635 οὗπερ
2662 4565 2865 4636 ἤρξατὸ
2892 4581 2949 4617 τε
3002 4563 3097 4617 καὶ
3136 4563 3225 4632 ὑφ’
3269 4556 3329 4616 οὗ
3370 4562 3699 4637 περιέχεται,

2133 4658 2362 4728 ἐπείπερ
2396 4658 2457 4710 οὐ
2482 4656 2642 4725 φύσει
2667 4657 2724 4708 τὸ
2755 4652 2894 4709 εἶναι
2920 4656 3012 4709 καὶ
3047 4657 3274 4726 ἄσχετον
3295 4655 3427 4724 ἔχει.
3471 4647 3703 4723 Ἀριθμῴ

2129 4746 2236 4818 γὰρ
2272 4748 2423 4799 πᾶσα
2466 4746 2597 4809 δυὰς
2648 4747 2742 4798 καὶ
2797 4747 2946 4798 πᾶσα
3001 4745 3168 4815 μονὰς
3204 4746 3284 4809 εἰς
3335 4746 3503 4816 μέρος
3545 4738 3700 4806 αὐτῆς

2132 4836 2467 4891 συντελοῦσα
2517 4835 2657 4891 εἶναι
2710 4836 3046 4907 καθέστηκε,
3102 4834 3225 4889 καθ’
3272 4837 3331 4889 ὃν
3367 4835 3610 4905 ἀλλήλων
3652 4829 3699 4880 αξ

2132 4929 2250 4981 κατ’
2280 4927 2451 4998 αὐτὴν
2497 4927 2746 4998 μονάδες,
2792 4923 3153 4995 ἀφαιροῦνται
3204 4925 3266 4976 τὸ
3307 4924 3693 4995 ἁπερίγραφον.

2132 5018 2322 5083 Οὐδεὶς
2357 5019 2416 5072 δὲ
2452 5019 2862 5090 μεμοιραμένος
2888 5019 2985 5070 καὶ
3000 5015 3248 5069 ὁπωσοῦν
3274 5013 3369 5068 τοῦ
3400 5008 3696 5083 λογίζεσθαι

2130 5113 2276 5165 εἴποι
2297 5111 2363 5165 ἂν
2402 5111 2632 5182 ἄπειρον
2661 5105 2803 5163 εἶναι
2837 5103 2880 5178 ᾧ
2935 5108 2994 5173 ἐξ
3027 5108 3199 5162 ἀϊδίου
3233 5101 3615 5178 συνθεωρεῖταί
3644 5112 3693 5152 τι

2131 5204 2163 5273 ἢ
2230 5202 2717 5273 συνεπιθεωρείταί
2778 5200 2901 5253 κατ’
2954 5199 3144 5252 οὐσίαν
3203 5196 3485 5268 διάφορον,
3556 5185 3696 5250 εἰδὼς

2128 5293 2509 5348 διαπεσεῖσθαι
2571 5292 2788 5353 πάντως
2832 5289 2982 5360 αὑτῷ
3034 5288 3128 5343 τὸν
3173 5287 3321 5358 περὶ·
3347 5287 3443 5340 τοῦ
3482 5281 3690 5349 ἀπείρου

2132 5388 2291 5456 λόγον
2321 5385 2465 5439 οὕτω
2501 5382 2804 5454 φρονοῦντι.
2843 5382 2917 5435 Τὸ
2943 5381 3055 5454 γὰρ
3092 5382 3323 5451 ἄπειρον
3352 5378 3498 5431 κατὰ
3531 5373 3690 5427 πάντα

2133 5483 2228 5535 καὶ
2282 5479 2440 5547 λόγον
2488 5479 2584 5530 καὶ
2626 5476 2826 5547 τρόπον
2865 5476 3012 5528 ἐστὶν
3057 5475 3307 5543 ἄπειρον,
3356 5472 3477 5524 κατ’
3503 5464 3685 5522 οὐσίαν,

2134 5571 2276 5626 κατὰ
2302 5570 2551 5641 δύναμιν,
2584 5570 2706 5623 κατ’
2729 5568 3031 5639 ἐνέργειαν,
3057 5568 3177 5619 κατ’
3200 5563 3369 5633 ἄμφω
3394 5562 3462 5615 τὰ
3483 5558 3687 5628 πέρατα,

2133 5666 2194 5718 τὸ
2224 5664 2338 5719 ἄνω
2365 5681 2428 5716 τε
2464 5663 2607 5731 λέγω
2648 5662 2740 5715 καὶ
2792 5660 2851 5713 τὸ
2899 5659 3069 5723 κάτω,
3130 5656 3379 5709 τουτέστι
3424 5649 3560 5705 amri
3605 5642 3687 5710 τὴν

2134 5757 2310 5829 ἀρχὴν
2330 5756 2424 5808 καὶ
2451 5755 2510 5806 τὸ
2527 5755 2699 5818 τέλος·
2738 5751 3051 5821 Ἄκώρητον
3076 5748 3186 5817 γὰρ
3216 5746 3358 5798 κατὰ
3388 5744 3484 5814 τὴν
3504 5735 3684 5794 οὐσίαν.
3760 5768 3767 5779 .

2137 5850 2228 5904 καὶ
2260 5834 2615 5917 ἁπερινὸητον
2659 5842 2797 5899 κατὰ
2844 5842 2940 5913 τὴν
2987 5840 3240 5909 δύναμιν,
3297 5839 3389 5891 καὶ
3428 5831 3563 5889 κατὰ
3608 5824 3686 5892 τὴν
