4012 6370
304 399 444 465 1185

1548 392 2069 453 AMBIGUORUM
2113 394 2363 453 LIBER.

3435 394 3569 458 1135

301 515 587 582 ἐνέργειαν
632 510 1035 590 ἁπερί-(εαςον,
1093 507 1187 559 καὶ
1237 504 1473 577 ἄναρχον
1519 504 1746 566 ἄνωθεν,
1791 504 1885 556 καὶ

1990 504 2231 558 cundum
2262 520 2482 560 omnem
2518 516 2624 560 tam
2671 504 2940 562 rationem
2993 525 3155 578 quam
3198 509 3420 563 modum
3478 512 3567 564 in-

301 604 668 670 ἀτελεύτητον
714 600 959 653 κάτιυθέν
990 599 1107 650 ἐστι
1150 595 1211 648 τὸ
1248 596 1500 661 ἄπειρον,
1552 597 1648 647 καὶ
1691 594 1882 655 ἁπλῶς

301 699 486 767 εζπεῖν
507 692 894 763 ἀληθέστερον,
944 688 1087 741 κατὰ
1116 687 1293 740 πάντα
1323 686 1594 756 ἀόριστον,
1627 686 1702 748 ὡς
1731 685 1885 737 οὐδε-

301 787 393 850 νὸς
419 789 482 839 τὺ
510 783 775 852 παράπαν
803 781 927 834 καθ’
958 781 1057 834 ἕνα
1099 779 1208 832 τῶν
1247 777 1725 849 άπηριθμημένων
1756 777 1885 846 τρόο

302 896 425 933 πων
453 876 631 945 (171
653 875 728 943 b.)
749 871 1209 942 συνεπινοηοῆναι
1231 870 1379 941 αὐτῷ
1397 870 1725 939 δυναμένου.
1746 868 1885 921 Καθ’

297 969 365 1025 ὃν
383 968 493 1039 γὰρ
517 967 583 1020 ἂν
615 968 870 1035 εἴποιμεν
898 965 1056 1032 λόγον
1081 963 1332 1034 ἣτρόπον
1359 960 1617 1015 δύνασθαί
1631 978 1682 1012 τι
1702 959 1889 1029 ἓτερον

298 1060 455 1130 αὐτῷ
481 1056 598 1111 κατ’
631 1056 818 1109 οὐσίαν
858 1056 1113 1126 διάφορον
1146 1052 1613 1122 παραϐάλλεσθαι,
1643 1051 1736 1105 τὸν
1764 1051 1886 1103 ὅλον

298 1149 402 1215 τῆς
437 1145 565 1212 ὅλης
593 1144 850 1213 ἀπειρίας
890 1142 1040 1211 αὐτῷ
1073 1141 1555 1211 συναφαιρούμεθα
1597 1141 1775 1209 λόγον.
1822 1141 1884 1193 Εἰ

297 1236 360 1291 δὲ
384 1235 613 1309 ἄπειρόν
642 1252 696 1288 τι
722 1231 861 1288 εἶναι
901 1235 962 1287 οὐ
990 1235 1213 1288 δύναται
1243 1228 1286 1301 ᾧ
1314 1233 1373 1297 ἐξ
1402 1234 1574 1286 ἀϊδίου
1607 1232 1885 1302 συνυπάρ-

297 1346 388 1400 χει
440 1328 626 1399 ἔτερόν
671 1345 724 1381 τι
769 1327 890 1380 κατ’
933 1326 1126 1381 οὐσίαν
1182 1324 1459 1397 διάφορον,
1486 1324 1712 1394 ἄπειρον
1747 1321 1886 1376 εἶναι

297 1418 555 1489 οὐδαμῶς
587 1418 862 1486 ἐνδέχεται
891 1416 1083 1470 δυάδα.
1116 1416 1182 1469 Δί
1218 1416 1325 1485 γὰρ
1360 1415 1478 1469 κατ’
1516 1415 1687 1486 αὐτὴν
1719 1414 1887 1485 μονά-

294 1511 389 1573 δες
428 1509 686 1579 ἀλλήλαις
718 1509 863 1561 κατὰ
896 1507 1200 1578 παράθεσιν
1236 1509 1679 1577 συνυπάρχουσαι
1722 1508 1886 1579 ἀλλή-

295 1596 401 1660 λας
441 1595 743 1667 ὁρίζουσιν,
771 1597 1065 1668 οὐδετέρας
1100 1598 1199 1668 τὴν
1226 1597 1420 1667 ἑτέραν
1455 1598 1725 1668 ἀορίστως
1756 1599 1886 1666 ὁρᾶ-

297 1685 426 1740 σθαι
463 1686 877 1757 συγχωρούσης,
898 1689 1335 1757 παρακειμένην,
1358 1687 1472 1741 ἀλλ’
1490 1689 1586 1757 οὐχ
1617 1686 1885 1756 ὑπερϐαί-

294 1795 497 1833 νουσαν
519 1779 772 1850 ἐχούσης,
792 1779 995 1833 καὶτὸν
1013 1780 1113 1846 τῆς
1131 1780 1385 1850 ἀπειρίας
1400 1780 1624 1841 εἰκότως
1642 1778 1884 1850 ἀλλήλων

1988 597 2204 649 ﬁnitum
2257 605 2361 658 est,
2398 597 2702 651 secundum
2749 600 3069 653 essentiam.
3120 600 3425 652 secundum
3464 615 3571 668 po-

1987 681 2264 752 testatem,
2286 690 2591 744 secundum
2613 690 2912 753 actionem,
2946 692 3248 745 secundum
3269 700 3567 758 utrumque

1987 780 2311 847 terminum,
2368 783 2754 851 superiorem,
2810 783 3055 852 inquam,
3114 792 3171 835 et
3224 782 3565 844 inferiorem,

1986 871 2093 925 hoc
2123 881 2209 926 est
2239 874 2543 928 secundum
2575 875 2795 928 initium
2819 884 2876 929 et
2906 875 3093 927 ﬁnem.
3123 874 3568 944 lmperceptibitc

1986 967 2136 1021 enim
2168 968 2474 1022 secundum
2532 969 2830 1023 essentiam
2870 977 2925 1024 et
2976 968 3311 1039 cegitatione
3342 976 3579 1021 tmeom-'

1987 1059 2364 1126 prchensibile
2418 1060 2723 1114 secundum
2766 1068 3100 1129 potestatem
3149 1067 3206 1112 et
3263 1038 3566 1112 secundum

1986 1148 2260 1202 actionem
2290 1148 2860 1216 incircumscriptum,
2914 1157 2972 1201 et
3000 1147 3120 1201 sine
3177 1146 3452 1216 principio
3477 1162 3572 1200 su-

1986 1253 2105 1307 pra,
2161 1247 2217 1292 ct
2251 1239 2371 1295 sine
2403 1239 2511 1293 ﬁne
2562 1238 2703 1292 infra
2760 1247 2848 1293 est
2907 1238 3186 1292 inﬁnitum
3222 1238 3380 1301 illud,
3419 1244 3476 1291 et
3510 1245 3574 1293 ιιι

1987 1327 2314 1397 simpliciter
2342 1328 2534 1383 verius
2564 1329 2766 1390 dicam,
2803 1344 2869 1382 ex
2895 1328 3155 1382 omnibus
3184 1328 3437 1397 partibus
3482 1328 3572 1382 in-

1987 1415 2364 1481 terminatum,
2398 1432 2524 1472 ιιιιιη
2559 1417 2696 1472 nihil
2754 1418 2983 1472 omnino
3041 1418 3347 1471 secundum
3398 1433 3572 1472 unum

1985 1522 2178 1562 eorum
2212 1525 2352 1578 quos
2392 1510 2646 1564 recensui
2674 1510 2964 1564 modorum
2996 1525 3104 1562 una
3137 1525 3263 1564 cum
3322 1524 3390 1564 eo
3420 1509 3572 1580 cogi-

1989 1602 2092 1654 tari
2125 1594 2688 1671 possit.'Quacunque
2722 1602 2870 1656 enim
2904 1604 3118 1655 ratione
3148 1602 3233 1655 vel
3272 1601 3436 1654 modo
3491 1602 3575 1655 al-

1988 1702 2169 1747 terum
2226 1693 2358 1762 quid
2414 1693 2655 1747 essentia
2713 1708 2810 1746 sua
2865 1692 3147 1747 diversum
3196 1692 3247 1745 ei
3305 1691 3572 1761 applicari

1948 1790 2148 1853 'posse
2206 1787 2586 1849 statuerimus,
2644 1794 2755 1838 tota
2791 1785 2961 1838 totius
3016 1785 3311 1838 inﬁnitatis
3355 1783 3572 1836 ratione

297 1871 761 1939 συναφαιροῦνται
801 1871 1064 1939 λόγον,Εἰ
1104 1871 1162 1924 δὲ
1206 1871 1453 1942 ἄπειρον,
1497 1872 1876 1935 ὡςδέδεικται,

1996 1877 2175 1946 ipsum
2211 1877 2573 1947 privabimus.
2603 1877 2760 1943 Quod
2791 1877 2834 1931 si
2872 1875 3154 1930 inlinitum
3184 1872 3394 1944 aliquid
3449 1887 3574 1930 esse

299 1960 376 2033 μὴ
396 1962 673 2032 ἐνδέχεται.
691 1960 835 2016 εῖναι
849 1962 1037 2028 δυάδα,
1057 1961 1179 2015 οὔτε
1196 1963 1429 2034 ἄναρχον
1460 1961 1723 2032 δηλονότι,
1739 1965 1884 2033 ἁρχὴ

295 2054 410 2122 γὰρ
442 2053 622 2124 πάσης
648 2054 839 2117 δυάδος
883 2055 1051 2124 μονάς
1081 2072 1096 2086 ο
1154 2058 1202 2108 εί
1250 2055 1308 2108 δὲ
1355 2059 1430 2126 μὴ
1464 2054 1698 2125 ἄναρχον
1763 2055 1884 2108 οὐδὲ

296 2143 581 2213 ἀκίνητον,
624 2144 865 2195 κινεῖται
911 2144 1022 2213 γὰρ
1047 2141 1125 2212 τῷ
1148 2141 1367 2213 ἀριθμῷ
1399 2144 1464 2194 ὲκ
1494 2142 1737 2211 μονάδων
1765 2139 1883 2194 κατ’

295 2235 514 2297 ἕνωσιν,
538 2236 631 2285 καὶ
652 2233 734 2295 είς
761 2232 903 2284 αὐτὰ
931 2231 1072 2285 κατὰ
1107 2232 1376 2302 διαίρεσιν
1408 2231 1470 2284 τὸ
1503 2226 1641 2284 εἶναι
1667 2229 1884 2299 λαμὸάο

295 2340 468 2378 νουσα
500 2340 515 2354 ·
540 2322 590 2376 εἰ
618 2323 673 2376 δὲ
702 2323 775 2392 μὴ
803 2321 1082 2390 ἀκίνητον,
1129 2321 1251 2374 οὐδὲ
1294 2321 1457 2376 ἄλλου
1508 2320 1655 2383 τινος
1705 2319 1883 2392 ἀρχὴν

296 2410 460 2467 εἶναι.
484 2414 559 2465 Τὸ
590 2412 699 2484 γὰρ
735 2412 1055 2481 κινούμενον
1086 2411 1188 2465 οὐκ
1224 2412 1390 2482 ἀρχὴ,
1428 2411 1546 2465 ἀλλ’
1581 2410 1641 2478 ἐξ
1682 2410 1881 2481 ἀρχῆς,

294 2503 497 2574 δηλαδὴ
526 2503 622 2558 τοῦ
658 2503 952 2565 κινοῦντος.
991 2503 1176 2566 Μονὰς
1201 2503 1258 2558 δὲ
1293 2504 1429 2574 μόνη
1454 2502 1660 2573 κυρίως
1687 2504 1881 2570 ἀκίνηο

295 2612 411 2658 τος,
442 2597 525 2648 ὃτι
560 2596 696 2664 μήτε
723 2594 951 2665 ἀριθμός
977 2596 1116 2658 ἐστι,
1152 2595 1292 2664 μήτε
1325 2593 1631 2664 ἀριθμητὸν
1664 2592 1696 2663 ἣ
1722 2592 1881 2663 ἀριθ-

300 2687 573 2759 μούμενον
636 2685 780 2755 (οὔτε
808 2689 918 2756 γὰρ
955 2686 1118 2756 μέρος
1146 2686 1179 2755 ἢ
1209 2685 1333 2739 ὅλον
1375 2685 1407 2754 ἢ
1453 2684 1636 2754 σχέσις
1667 2685 1814 2736 ἐστὶν
1848 2683 1882 2752 ἡ

300 2780 515 2847 μονὰς),
547 2778 641 2831 καὶ
675 2776 881 2847 κυρίως
910 2777 1145 2847 ἄναρχος
1175 2778 1217 2841 ⁵,
1245 2776 1327 2829 δτι
1354 2775 1653 2845 μηδέτερον
1683 2774 1883 2842 ἑαυτῆς

294 2870 415 2939 ἔχει
466 2866 862 2938 πρεσϐύτερον,
893 2866 952 2930 ἐξ
989 2861 1050 2920 οὗ
1077 2865 1373 2935 κινουμένη
1404 2864 1622 2932 δέχεται
1650 2863 1713 2916 τὸ
1742 2858 1882 2914 εἶναι

222 2966 229 2969 “
299 2959 493 3029 μονὰς,
518 2958 613 3010 καὶ
637 2957 865 3029 ἄπειρον
892 2957 1118 3027 κυρίως,
1152 2957 1232 3010 ὅτι
1265 2945 1572 3026 μηδὲνέχει
1604 2955 1884 3024 συνυπάρ·

295 3067 395 3120 χον
442 3049 475 3118 ἣ
507 3048 1034 3119 συναριθμούμενον,
1064 3048 1158 3101 καὶ
1195 3046 1341 3118 ἁρχὴ
1370 3046 1599 3116 κυρίως,
1631 3047 1711 3099 ὅτι
1745 3063 1884 3099 παν-

294 3140 508 3203 τὸςκαὶ
539 3139 778 3210 ἀριθμοῦ
807 3141 904 3193 καὶ
959 3138 1370 3209 ἀριθμουμένου
1423 3140 1518 3192 καὶ
1573 3136 1881 3210 ἁριθμητοῦ

295 3234 451 3287 αἰτία
519 3235 777 3303 τυγχάνει
796 3274 811 3297 ,
864 3233 940 3297 ὼς
1004 3233 1187 3303 πάσης
1228 3232 1467 3303 σχέσεως
1530 3234 1625 3285 καὶ
1685 3233 1886 3295 παντὸς

300 3326 504 3396 μέρους
529 3326 621 3379 καὶ
646 3325 767 3379 ὅλου
791 3325 1129 3398 ἐξῃρημένη,
1154 3328 1251 3380 καὶ
1281 3325 1485 3396 κυρίως
1515 3324 1610 3377 καὶ
1636 3323 1877 3395 ἀληθῶς,

295 3417 486 3487 (172
513 3420 570 3488 a)
612 3416 847 3488 πρώτως
871 3417 893 3447 ⁸
930 3433 991 3469 τε
1036 3417 1130 3470 καὶ
1162 3417 1338 3486 μόνως
1368 3417 1465 3470 καὶ
1505 3412 1711 3479 ἁπλῶς,
1761 3414 1878 3468 ἀλλ’

292 3510 504 3572 οὔπως,
541 3506 734 3580 πρώτη
766 3526 827 3561 τε
877 3508 1045 3579 μονὰς
1082 3509 1405 3581 ὑπάρχουσα
1446 3509 1540 3561 καὶ
1585 3508 1743 3579 μόνη.
1777 3508 1888 3561 Καὶ

293 3599 458 3655 τοῦτο
507 3600 760 3670 λέγοντες
794 3601 902 3655 οὐκ
942 3601 1110 3672 αὐτὴν
1137 3601 1213 3664 ὡς
1250 3600 1367 3653 ἔστι
1406 3599 1746 3671 σημαίνομεν
1788 3598 1887 3671 τὴν

288 3694 847 3766 μακαρίανβεότητα,
874 3696 1118 3767 ἀπείρως
1136 3695 1279 3749 κατὰ
1300 3695 1475 3750 πάντα
1499 3696 1594 3748 καὶ
1612 3694 1771 3763 λόγον
1795 3696 1887 3748 καὶ

291 3783 502 3852 τρόπον
529 3785 622 3837 καὶ
645 3782 719 3852 νῷ
749 3786 843 3836 καὶ
876 3784 1019 3855 λόγῳ
1057 3785 1223 3838 παντὶ
1251 3785 1349 3840 καὶ
1389 3785 1615 3855 ὀνόματι
1659 3787 1889 3856 ἀπρόσι-

290 3891 393 3927 τον
426 3873 592 3928 οὖσαν
624 3874 906 3938 παντελῶς
938 3877 1036 3928 καὶ
1078 3877 1558 3946 ἀπροσπέλαστον,
1602 3878 1716 3931 ἀλλ’
1759 3879 1888 3932 ἑαυ-

295 3967 411 4028 τοῖς
438 3966 564 4035 ὅρον
597 3964 698 4033 τῆς
723 3967 803 4028 είς
833 3966 1005 4036 αὐτὴν
1033 3966 1275 4030 πίστεως
1301 3967 1622 4039 παρέχομεν
1655 3969 1887 4039 βάσιμον

297 4059 400 4111 καὶ
434 4059 565 4128 ἡμῖν
594 4059 815 4128 ἐφικτόν
846 4076 906 4114 τε
937 4059 1032 4112 καὶ
1051 4060 1387 4130 πρόσφορον.
1423 4061 1499 4114 Οὐ
1532 4060 1642 4131 γὰρ
1673 4061 1748 4123 ὡς
1780 4079 1887 4115 παο

300 4147 632 4217 ραστατικὸν
660 4148 876 4211 πάντως
901 4147 1082 4214 τοῦτο,
1106 4148 1252 4218 φημὶ
1296 4149 1354 4202 δὲ
1401 4147 1464 4200 τὸ
1507 4149 1610 4219 τῆς
1661 4150 1889 4218 μονάδος

295 4237 493 4307 δννομα,
529 4237 629 4306 τῆς
660 4236 813 4301 θείας
842 4239 935 4292 καὶ
973 4239 1244 4310 μακαρίας
1269 4239 1460 4303 οὐσίας
1478 4239 1506 4291 ὁ
1529 4238 1673 4303 θεῖος
1703 4240 1889 4307 διαγο-

301 4329 454 4397 ρεύει
488 4328 667 4398 λόγος,
703 4331 819 4384 ἀλλ’
850 4331 926 4394 ὡς
954 4331 1287 4386 ἐνδεικτικὸν
1315 4332 1416 4402 τῆς
1458 4332 1758 4397 παντελοῦς
1789 4334 1886 4385 αὐ-

296 4421 404 4491 τῆς
435 4421 741 4493 ἁπλότητος
769 4423 871 4492 τῆς
920 4424 1180 4477 ἐπέκεινα
1236 4423 1420 4495 πάσης
1477 4425 1775 4494 ποσότητός
1828 4442 1886 4478 τε

1990 1986 2101 2024 non
2134 1978 2313 2040 potest
2344 1985 2467 2023 cum
2497 1986 2610 2038 quo
2649 1986 2714 2023 ex
2738 1978 2948 2023 aeterno
2974 1966 3210 2020 alterum
3237 1965 3369 2035 quid
3407 1965 3573 2020 simul

1991 2070 2174 2117 exstet
2232 2062 2478 2117 essentia
2515 2061 2820 2124 diversum,
2865 2058 3152 2112 hinitatcm
3207 2073 3329 2112 esse
3388 2057 3577 2112 inﬁni-

1993 2163 2101 2208 tam
2138 2154 2567 2222 haudquaquam
2597 2154 2764 2221 capit.
2793 2151 2964 2223 Cujus
3010 2149 3278 2204 monades
3324 2148 3562 2203 invicem

1990 2245 2096 2300 sibi
2152 2246 2421 2314 appositae
2468 2236 2815 2298 cum‘simul
2861 2247 3100 2303 exstent,
3158 2239 3396 2293 invicem
3455 2252 3576 2293 sese

1990 2335 2391 2396 determinant.
2432 2343 2489 2388 et
2522 2335 2693 2388 altera
2724 2334 2954 2387 alteram
2987 2331 3341 2385 interminate
3395 2329 3576 2384 videri

1989 2427 2266 2496 prohibet,
2299 2427 2609 2496 appositam
2666 2423 2892 2493 quidem
2944 2421 3073 2486 sibi,
3125 2419 3223 2473 sed
3272 2434 3382 2472 non
3413 2432 3579 2488 supc-

1988 2528 2201 2574 rantem
2231 2520 2463 2584 habens,
2495 2517 2745 2585 adeoque
2775 2513 3039 2568 videlicet
3096 2510 3393 2566 inﬁnitatis
3449 2526 3602 2569 sese.

1991 2612 2225 2667 invicem
2258 2612 2471 2664 ratione
2502 2608 2764 2679 spoliant.
2788 2606 2907 2661 Jam
2939 2606 3007 2670 si,
3054 2613 3116 2657 ut
3170 2604 3574 2668 demonstravi,

1990 2702 2258 2757 inﬁnitam
2291 2716 2413 2755 esse
2436 2700 2727 2754 binitatem
2760 2698 2905 2752 haud
2936 2697 3103 2768 capit,
3144 2713 3248 2753 nec
3291 2696 3451 2752 initio
3480 2714 3576 2753 ca-

1990 2810 2114 2869 rere
2153 2795 2319 2863 capit,
2345 2808 2468 2847 cum
2501 2792 2720 2845 initium
2751 2792 2933 2845 omnis
2962 2790 3216 2845 binitatis
3245 2791 3317 2844 sit
3345 2804 3571 2855 monas;

1990 2886 2036 2941 si
2071 2903 2202 2942 vero
2235 2886 2395 2940 initio
2442 2900 2554 2939 non
2607 2892 2780 2948 caret,
2836 2898 2942 2937 nec
2967 2883 3214 2936 motione
3245 2891 3416 2947 caret,
3447 2892 3574 2936 cum

1990 2994 2225 3034 numero
2258 2984 2548 3032 moveatur
2570 2990 2637 3028 ex
2664 2974 2994 3029 monadibus
3019 2988 3118 3043 per
3150 2972 3573 3035 adunationem,

1989 3079 2047 3125 et
2092 3070 2148 3124 in
2198 3085 2292 3124 eas
2343 3070 2651 3125 secundum
2712 3067 3143 3139 disjunctionem
3193 3066 3575 3120 cxsistenliam

1993 3162 2347 3227 transducat;
2406 3162 2454 3216 si
2487 3176 2620 3216 vero
2663 3173 2785 3215 non‘
2807 3160 3051 3214 motione
3083 3166 3255 3220 caret,
3307 3173 3412 3211 nec
3439 3158 3579 3211 alte-

1994 3255 2113 3308 rius
2143 3254 2378 3325 alicujus
2403 3253 2622 3309 initium
2656 3268 2779 3309 esse
2811 3259 3013 3322 potest.
3071 3250 3226 3317 Quod
3258 3250 3407 3303 enim
3458 3264 3579 3305 mo-

1994 3355 2159 3403 vetur
2189 3347 2408 3402 initium
2429 3362 2541 3402 non
2569 3355 2673 3411 est,
2699 3347 2796 3401 sed
2828 3361 2898 3399 ex
2921 3344 3104 3406 initio,
3139 3342 3403 3397 videlicet
3457 3344 3580 3412 ejus

1997 3438 2145 3509 quod
2178 3448 2383 3493 movet.
2417 3439 2606 3493 Menas
2632 3424 2817 3491 autem
2850 3437 2966 3490 sola
3007 3432 3311 3488 immobilis
3335 3440 3420 3486 est
3452 3447 3580 3501 pro-

1994 3532 2135 3602 prie,
2157 3532 2284 3602 quia
2316 3547 2495 3600 neque
2526 3546 2793 3585 numerus
2821 3536 2906 3583 est
2930 3568 2946 3589 .
2977 3523 3160 3595 neque
3188 3523 3576 3582 numerabilis.

1995 3638 2177 3692 neque
2233 3631 2522 3677 numerata
2577 3622 2781 3694 (neque
2810 3619 2957 3673 enim
2988 3631 3116 3687 pars
3145 3624 3239 3670 aut
3274 3623 3451 3669 totum
3482 3623 3580 3669 aut

1995 3715 2195 3769 relatio
2224 3725 2309 3769 est
2348 3713 2586 3786 monas),
2648 3722 2703 3768 et
2731 3710 2957 3782 proprie
3002 3708 3163 3762 initio
3201 3717 3416 3770 carens,
3449 3709 3580 3777 quia

1997 3804 2237 3859 alterum
2293 3820 2351 3859 se
2381 3804 2666 3874 antiquius
2714 3817 2825 3856 non
2854 3799 3042 3860 habet.
3067 3798 3214 3852 unde
3239 3811 3433 3851 monas
3456 3813 3583 3853 esse

1998 3896 2256 3966 accipiat,
2289 3904 2344 3951 et
2369 3894 2582 3950 inﬁnita
2614 3893 2860 3964 proprie,
2891 3890 3031 3944 nihil
3061 3889 3275 3944 habens
3300 3887 3450 3958 quod
3492 3902 3582 3942 se-

1996 4004 2121 4045 cum
2173 3988 2337 4044 simul
2391 3996 2570 4042 exstet
2596 3985 2686 4041 vel
2718 3983 2884 4039 simul
2937 3978 3571 4045 ccnseatur,et'initium

1995 4080 2242 4152 proprie,
2273 4081 2402 4153 quia
2431 4079 2613 4137 ornuis
2645 4086 2754 4134 tam
2784 4074 3004 4133 numeri
3022 4091 3185 4147 quam
3216 4078 3580 4134 numerabilis

1995 4180 2051 4226 et
2095 4173 2375 4228 numerati
2420 4187 2588 4227 causa
2630 4178 2734 4232 est.
2785 4178 2849 4225 ut
2885 4185 3007 4239 qua:
3036 4170 3188 4224 omni
3224 4170 3495 4225 relatione
3522 4179 3581 4225 et

1994 4262 2145 4317 onmi
2177 4270 2334 4332 parte
2368 4271 2426 4317 et
2457 4268 2573 4317 toto
2596 4261 2811 4332 privata
2836 4268 2940 4323 est,
2965 4267 3022 4313 et
3069 4261 3296 4330 proprie
3327 4275 3392 4315 ac
3420 4276 3576 4317 vere.

1996 4356 2258 4425 primarie
2286 4362 2451 4425 atque
2474 4354 2651 4407 solum
2681 4352 3101 4422 etsimpliciter,
3131 4352 3228 4406 sed
3247 4353 3399 4406 nullo
3412 4352 3580 4407 modo

1994 4446 2214 4507 aﬁ‘ecta,
2234 4444 2409 4515 prima
2437 4452 2494 4498 et
2522 4444 2639 4500 sola
2669 4451 2850 4498 exstat
2877 4451 2935 4497 et
2964 4457 3177 4497 monas.
3202 4442 3359 4508 Quod
3389 4442 3573 4498 dicen-

299 4514 398 4568 καὶ
456 4516 766 4585 ποιότητος,
816 4515 909 4569 καὶ
965 4516 1066 4586 τῆς
1117 4517 1440 4586 οἱασδήποτε
1496 4518 1754 4587 σχέσεως,
1799 4517 1885 4571 ἵνα

1996 4547 2080 4594 tes
2109 4514 2372 4592 noneam
2405 4542 2464 4589 ut
2492 4543 2580 4589 est
2613 4533 2987 4604 signiﬁcamus
3016 4533 3232 4588 beatam
3290 4534 3575 4601 deitatem,

296 4606 521 4678 γνῶμεν
573 4608 655 4662 ὅτι
707 4609 782 4679 μὴ
838 4609 960 4664 ὅλον
1015 4609 1069 4661 τί
1118 4610 1266 4662 ἐστιν
1294 4609 1369 4672 ὡς
1389 4611 1453 4662 ἐκ
1490 4610 1676 4681 μερῶν
1704 4626 1888 4673 τινων,

301 4700 442 4770 μηδέ
460 4718 513 4753 τι
540 4700 708 4771 μέρος
725 4701 874 4755 ἐστὶν
896 4702 955 4767 ἐξ
978 4703 1099 4756 ὅλου
1119 4703 1287 4765 τινός.
1323 4702 1613 4772 ’Υπεράνω
1642 4702 1749 4773 γὰρ
1787 4704 1892 4756 πά.-

300 4808 405 4860 σης
424 4791 744 4862 διαιρέσεώς
759 4809 816 4845 τε
835 4793 931 4846 καὶ
952 4793 1256 4856 συνθέσεως
1274 4794 1369 4846 καὶ
1384 4793 1584 4868 μέρους
1604 4793 1698 4847 καὶ
1714 4794 1834 4847 ὅλου
1854 4795 1886 4865 ἠ

320 4881 882 4952 θεότης,ὄτιᾶποσον,
903 4886 996 4938 καὶ
1014 4884 1195 4955 πάσης
1224 4884 1323 4953 τῆς
1352 4886 1495 4937 κατὰ
1527 4885 1677 4937 θέσιν
1713 4885 1891 4955 ὑπάρ-

301 4974 441 5040 ξεως
462 4977 555 5028 καὶ
570 4978 667 5045 τῆς
681 4976 799 5041 πῶς
813 4971 954 5030 εἶναι
972 4978 1142 5048 αὐτὴν
1156 4977 1483 5048 ὁριζομένης
1500 4977 1708 5040 ἐννοίας
1732 4979 1890 5047 ἀπῳ-

300 5067 566 5136 κισμένη,
581 5067 664 5121 ὅτι
681 5067 894 5135 ἄποιον,
911 5069 1007 5122 καὶ
1026 5069 1126 5138 τῆς
1144 5069 1279 5139 πρὸς
1300 5068 1426 5121 ἄλλο
1446 5069 1551 5121 πᾶν
1569 5057 1748 5138 πάσης
1764 5086 1891 5121 συν-

302 5160 502 5228 αφείας
522 5175 582 5212 τε
597 5160 695 5213 καὶ
711 5161 1045 5230 οἰκειότητος
1063 5160 1325 5231 ἐλευθέρα
1354 5164 1448 5214 καὶ
1479 5161 1700 5230 ἄφετος,
1733 5160 1891 5231 ἄσχε-

301 5269 399 5305 τον
418 5250 623 5323 γὰρ,τὸ
644 5252 747 5324 πρὸ
772 5252 943 5322 αὐτῆς
963 5253 994 5322 ἢ
1011 5254 1127 5324 μετ’
1148 5253 1365 5324 αὐτῆςῆ
1391 5252 1508 5322 μετ’
1528 5254 1698 5322 αὐτὴν
1720 5254 1820 5306 οὐκ
1847 5252 1894 5304 ἔ-

302 5360 503 5415 χουσα,
523 5344 596 5409 ὡς
631 5346 851 5399 πάντων
872 5347 891 5377 ⁷
930 5346 1213 5411 ἐπέκεινα,
1245 5345 1340 5398 καὶ
1369 5345 1559 5416 μηδενὶ
1584 5346 1692 5399 τῶν
1726 5346 1895 5398 ὄντων

1998 4629 2216 4684 inﬁnite
2237 4626 2540 4683 secundum
2566 4641 2787 4680 omnem
2836 4634 2893 4681 et
2925 4626 3198 4681 rationem
3245 4635 3320 4681 et.
3349 4628 3577 4683 modum

1997 4730 2107 4775 tam
2134 4719 2304 4775 menti
2367 4733 2533 4787 quam
2578 4717 2778 4771 rationi
2836 4718 2986 4771 omni
3017 4728 3073 4771 et
3101 4718 3371 4772 vocabulo
3415 4719 3578 4788 plane

1990 4812 2266 4867 ditiicilem
2296 4821 2464 4879 atque
2514 4810 2978 4873 inaccessibilem,
3013 4809 3109 4864 sed
3141 4811 3423 4866 nobismet
3446 4812 3583 4882 ipsis

1991 4906 2227 4961 limitem
2258 4903 2386 4957 fidei
2418 4904 2474 4957 in
2507 4917 2628 4957 eam
2655 4903 2935 4965 stabilem,
2969 4903 3242 4972 nobisque
3275 4912 3465 4972 aptum
3499 4913 3583 4958 at-

1991 5012 2101 5065 que
2159 4996 2419 5049 idoneum
2479 5002 2825 5062 praestamus.
2874 4993 3064 5063 Neque
3094 4994 3241 5047 enim
3291 5001 3350 5046 ut
3379 5009 3582 5062 reprae-

1997 5090 2331 5145 sentativum
2357 5089 2483 5150 hoc,
2517 5087 2793 5150 monadis,
2828 5089 3077 5158 inquam,
3106 5104 3330 5151 nomen,
3380 5087 3581 5141 divina:

1994 5190 2052 5235 et
2072 5182 2246 5235 beatae
2273 5180 2531 5236 essentite
2561 5179 2785 5234 divinus
2808 5186 3207 5233 commemorat
3248 5194 3449 5241 sermo,
3479 5178 3578 5233 sed

1995 5273 2063 5327 ad
2088 5270 2499 5339 monstrandam
2532 5270 2830 5340 perfectam
2853 5271 2975 5339 ejus
3004 5269 3436 5339 simplicitatem,
3459 5283 3582 5337 quae

1998 5380 2221 5419 omnem
2272 5363 2640 5432 quantitatem
2693 5371 2748 5416 et
2779 5362 3101 5431 qualitatem
3140 5370 3197 5415 et
3257 5360 3580 5414 relationem

1613 5505 1849 5559 VARle
1896 5502 2300 5559 LECTIONES.

383 5625 406 5695 ε
436 5624 670 5695 ἄναρχον
697 5624 821 5679 cod.
847 5624 988 5680 Gud.
1020 5640 1098 5678 m.
1124 5639 1211 5693 pr.

1310 5626 1330 5656 °
1362 5624 1492 5677 Inde
1517 5623 1587 5677 ah
1628 5624 1734 5676 hoc
1776 5623 1906 5676 folio
1952 5637 2127 5691 usque
2181 5620 2246 5674 ad
2282 5619 2377 5673 fol.
2404 5618 2554 5691 7228,
2587 5617 2640 5671 in
2671 5616 2975 5691 _cod._Gud_.
3012 5624 3227 5671 exstant
3260 5616 3488 5677 scholia,
3512 5615 3584 5669 ah

303 5688 639 5756 eadem,'u'ti
671 5695 913 5756 videtur,
950 5688 1194 5750 manu'in
1230 5694 1478 5764 margine
1515 5694 1774 5763 ascripta.
1819 5694 1988 5747 Doleo
2025 5688 2112 5745 me
2136 5707 2202 5764 eo
2248 5705 2369 5764 quo
2404 5688 2775 5764 libri_copiam
2813 5689 3080 5745 habebam
3112 5697 3359 5764 tempore
3388 5691 3580 5764 ('(‘uiu-

308 5779 436 5836 rum
467 5765 784 5820 valetudine
815 5765 1155 5836 prohibitum
1193 5758 1379 5836 fuisse~
1396 5758 1695 5833 quominus
1722 5780 1784 5817 ea
1822 5778 2065 5834 quoque,
2096 5760 2469 5815 minutissime
2509 5758 2827 5813 charactere
2873 5767 3110 5823 exarata,
3141 5759 3272 5812 mihi
3312 5759 3573 5813 transcri-

306 5835 522 5890 berem.
604 5836 860 5900 τπάντως
892 5836 1053 5889 habet
1082 5835 1476 5904 apugraphum.
