4012 6386
481 411 617 476 118⁸1

1560 370 1568 376 ’
1655 403 1718 461 s.
1758 398 2049 459 MAXIMI
2088 394 2600 458 CONFESSORIS

3597 395 3712 466 ιιδδ

477 520 714 584 excedit,
739 526 798 573 ut
828 532 1008 587 neque
1047 523 1222 571 totum
1259 509 1471 581 aliquid
1501 508 1657 563 velut
1681 523 1747 561 ex
1800 505 2056 575 partibus

2177 505 2282 557 ιατ’
2317 504 2506 557 οὐδένα
2544 501 2755 570 λόγονῆ
2777 500 2978 570 τρόπον
3011 502 3438 591 συντεΞιγμένη.
3465 505 3567 558 Καὶ
3584 509 3716 564 τοῦτο

478 612 757 681 aliquibus
779 624 960 679 neque
992 615 1206 678 partem
1224 605 1466 674 aliquam
1503 617 1569 656 ex
1589 609 1704 654 toto
1737 599 1924 666 aliquo
1943 611 2065 651 esse

475 716 598 760 eam
622 699 1146 754 animadvertamus.
1174 695 1271 749 Est
1291 692 1437 748 enim
1454 689 1632 744 deitas
1643 686 1898 756 superior
1915 683 2065 738 omni

479 794 850 864 disjunctione
870 799 927 844 et
953 785 1344 858 conjunctione
1377 791 1433 836 et
1450 787 1605 851 parte
1622 787 1679 832 et
1704 785 1844 842 toto,
1877 784 2067 845 utpote

479 900 603 956 quae
617 892 768 938 extra
783 880 1146 950 quantitatem
1170 889 1388 930 omnem
1408 881 1513 936 est,
1531 881 1586 924 et
1603 868 1795 939 procul
1820 867 1888 921 ab
1913 867 2066 921 omni

479 976 718 1048 positiva
734 972 1002 1028 exstantia
1029 979 1086 1024 et
1108 969 1393 1022 intellectu
1413 978 1534 1018 eam
1558 962 1745 1031 aliquo
1766 959 1930 1014 modo
1947 973 2068 1013 esse

481 1067 807 1128 definiente,
841 1072 1031 1131 utpote
1056 1075 1177 1129 quae
1203 1059 1321 1112 sine
1347 1056 1616 1126 qualitate
1647 1061 1751 1117 est,
1807 1061 1865 1107 et
1917 1051 2068 1106 omni

482 1162 551 1216 ad
593 1157 830 1230 quodvis
859 1157 1096 1210 alterum
1127 1167 1344 1206 annexu
1369 1149 1542 1203 libera
1568 1156 1734 1216 atque
1765 1146 1965 1208 soluta,
1983 1154 2071 1200 est

485 1254 637 1309 enim
661 1250 782 1317 sine
814 1247 1108 1310 relatione,
1141 1260 1263 1314 qua:
1319 1251 1446 1296 ante
1505 1255 1564 1295 se
1615 1237 1941 1308 quidquam,
1975 1244 2072 1292 aut
2108 1237 2113 1243 ’

487 1359 615 1398 cum
643 1357 700 1396 se
729 1348 827 1394 aut
850 1345 974 1408 post
1007 1353 1066 1392 se
1095 1351 1206 1390 non
1237 1333 1459 1397 habeat,
1502 1340 1564 1386 ut
1612 1330 1860 1384 omnium
1917 1340 2073 1395 supe-

488 1433 627 1496 rior,
655 1444 833 1498 neque
857 1442 984 1481 cum
1006 1425 1118 1479 ullo
1145 1438 1339 1478 eorum
1365 1435 1487 1490 quae
1538 1426 1668 1474 sunt
1702 1417 1814 1470 ulla
1857 1414 2072 1468 ratione

489 1534 586 1579 aut
611 1523 775 1577 modo
810 1517 1135 1587 composita.
1170 1514 1326 1580 Quod
1358 1512 1807 1567 animadvertens
1837 1507 2072 1561 fortasse

489 1630 720 1686 magnus
748 1622 805 1667 et
833 1613 1055 1665 divinus
1095 1606 1414 1678 Dionysius,
1446 1623 1464 1656 ι
1509 1603 1806 1670 Quocirca,
1869 1600 2070 1670 inquit,

487 1722 682 1762 monas
709 1717 932 1774 quoque
969 1700 1250 1755 celebrata
1273 1706 1328 1750 et
1365 1695 1520 1760 trias,
1579 1691 1841 1747 divinitas
1887 1691 2074 1745 omnia

487 1813 777 1870 superans,
811 1811 921 1850 non
947 1807 1139 1848 monas
1165 1799 1273 1851 est,
1301 1802 1485 1857 neque
1515 1785 1670 1847 trias,
1694 1784 1810 1837 sive
1845 1797 1876 1836 a
1912 1781 2076 1836 nobis

487 1896 606 1950 sive
636 1893 705 1948 ab
743 1893 850 1946 alio
882 1888 1142 1960 quopiam
1192 1885 1396 1954 agnita,
1427 1879 1524 1935 sed
1565 1887 1627 1932 ut
1668 1876 1815 1947 quod
1848 1875 1906 1930 in
1959 1875 2077 1944 ipsa

488 1996 576 2043 est
603 2000 766 2056 supra
802 1997 969 2052 quam
1009 1981 1064 2032 in
1096 1992 1268 2032 unum
1298 1973 1616 2043 copulatum
1667 1977 1724 2023 et
1752 1967 1848 2022 Dei
1883 1967 2077 2021 fecun-

491 2079 624 2131 dum
647 2091 775 2129 vere
806 2071 1195 2144 praedicemus,
1223 2065 1430 2120 trinum
1462 2069 1520 2116 et
1547 2075 1717 2114 unum
1767 2058 1944 2112 Deum
1974 2070 2076 2110 no-

492 2171 770 2230 minamus
791 2165 946 2219 illum
977 2159 1071 2230 qui
1121 2173 1287 2227 supra
1310 2169 1473 2209 omne
1511 2165 1713 2205 nomen
1760 2157 1866 2213 est,
1898 2138 1955 2202 et
1987 2162 2078 2201 re-

492 2261 600 2315 bus
629 2258 713 2312 vel
767 2251 1057 2309 vocabulis
1109 2248 1322 2303 utimur
1371 2244 1429 2298 in
1485 2239 1826 2312 designando
1869 2252 1938 2293 eo
1981 2237 2078 2307 qui

493 2351 647 2407 omni
670 2347 908 2404 essentia
938 2353 1023 2400 est
1052 2342 1326 2412 superior.
1361 2356 1380 2390 ι
1421 2337 1594 2393 Nemo
1628 2335 1817 2405 igitur,
1849 2331 1944 2401 qui
1987 2347 2079 2386 re-

492 2443 686 2514 ligiose
708 2455 807 2510 per
837 2421 1128 2492 veritatem
1144 2429 1364 2486 vivendi
1395 2427 1678 2483 studiosus
1706 2423 1938 2496 dyadem
1980 2426 2078 2475 aut

494 2545 794 2587 numerum
825 2526 1098 2599 principio
1127 2529 1412 2579 carentem
1467 2527 1563 2573 aut
1588 2516 1924 2588 principium
1963 2528 2082 2568 om-

495 2623 630 2677 nino
659 2619 968 2690 cujuspiam
998 2630 1123 2670 esse
1153 2613 1344 2668 dicere
1379 2609 1694 2665 conabitur.
1749 2606 1906 2662 Unus
1929 2604 2080 2658 enim

495 2730 596 2784 per
629 2711 948 2767 universam
968 2718 1075 2761 tam
1106 2703 1437 2759 rationalem
1459 2715 1624 2772 quam
1648 2696 2080 2759 intellectualem

497 2801 980 2873 contemplativam
1015 2803 1346 2868 potestatem
1373 2800 1431 2849 et
1490 2790 1782 2847 scientiam
1809 2788 1889 2842 illi
1936 2787 2082 2842 Deus

499 2892 808 2964 apparebit,
838 2888 1022 2944 omnis
1055 2884 1349 2942 infinitatis
1391 2881 1647 2946 ulterior,
1690 2893 1797 2933 nec
1819 2877 2080 2947 cuiquam

498 2986 728 3040 omnino
761 2997 959 3038 eorum
999 2993 1122 3049 quae
1154 2985 1286 3033 sunt
1317 2990 1386 3030 ex
1404 2973 1516 3029 ulla
1544 2979 1724 3042 parte,
1760 2977 1963 3041 praeter
1996 2982 2084 3022 so-

497 3080 607 3134 lam
623 3091 723 3146 per
741 3073 906 3130 ﬁdem
929 3069 1326 3141 cognitionem,
1354 3073 1413 3120 et
1432 3064 1539 3119 hoc
1564 3078 1632 3116 ex
1655 3061 1923 3132 operibus
1938 3060 2079 3130 ejus,

499 3167 650 3239 quod
686 3173 793 3230 est,
834 3179 946 3218 non
969 3159 1114 3230 quod
1142 3155 1441 3226 aliquando
1463 3163 1570 3218 est,
1597 3158 1891 3223 perceptus
1915 3158 2082 3218 atque

502 3257 749 3330 agnitus,
778 3261 836 3310 et
863 3251 1046 3307 omnis
1068 3247 1170 3304 aevi
1204 3262 1270 3301 ac
1305 3243 1571 3315 temporis
1599 3250 1656 3296 ει
1679 3241 1929 3296 omnium
1963 3253 2082 3308 quae

507 3329 566 3406 in
595 3363 714 3405 aevo
743 3353 872 3402 sunt
901 3359 967 3398 ac
997 3353 1246 3412 tempore
1277 3338 1456 3392 factor
1477 3345 1642 3405 atque
1678 3331 1902 3397 artifex,
1940 3329 2079 3385 nihil

508 3454 742 3511 prorsus
777 3449 1112 3508 quocunque
1130 3439 1215 3487 est
1241 3429 1406 3484 modo
1435 3428 1488 3482 ei
1515 3428 1748 3482 alterum
1781 3422 1850 3479 de
1875 3430 2084 3477 πιεῖνηο

2165 597 2326 667 τυχὸν
2352 597 2609 666 ἐννοήσας
2637 596 2665 646 ὁ
2691 595 2864 664 μέγας
2884 595 2978 646 καὶ
2995 593 3138 653 Gaio;
3175 593 3448 656 Διονύσιός
3480 613 3601 666 φησι
3631 601 3712 669 (Ι)-

2173 707 2193 739 ‹
2226 689 2316 742 Διὸ
2345 690 2439 742 καὶ
2461 688 2630 758 μονὰς
2659 685 2976 756 ὑμνουμένη
3011 685 3107 738 καὶ
3133 685 3310 756 τριὰς,
3338 688 3374 756 ἡ
3401 687 3538 760 ὑπὲρ
3569 691 3719 746 πάντα

2169 775 2520 851 θεότης,⁶οὐκ
2555 779 2703 832 ἐστιν
2734 777 2857 831 οὔτε
2890 777 3081 848 μονάς,
3123 775 3249 829 οὔτε
3294 779 3473 848 τριὰς,
3525 779 3557 850 ἢ
3607 788 3722 851 πρὸς

2168 875 2329 947 ἡμῶν
2377 873 2410 942 ἦ
2461 871 2623 926 ἄλλου
2668 870 2814 933 τινὸς
2865 869 3265 940 διεγνωσμένη,
3305 869 3423 922 ἀλλ’
3454 870 3538 923 ἵνα
3560 873 3647 924 καὶ
3675 877 3725 928 τὸ

2171 963 2596 1037 ὐπερηνωμένον
2633 963 2655 994 ⁸
2700 961 2873 1031 αὐτῆς
2905 961 2998 1014 καὶ
3029 959 3091 1012 τὸ
3125 959 3375 1028 θεογόνον
3400 960 3606 1031 ἀληθῶς
3639 966 3726 1034 ῠμ.

2169 1059 2445 1128 νήσωμεν,
2474 1054 2658 1124 (172
2691 1053 2742 1122 b)
2775 1055 2841 1123 τῇ
2873 1052 3124 1123 τριαδικῇ
3165 1052 3260 1104 καὶ
3317 1052 3495 1123 ὲνιαίᾳ
3553 1052 3728 1106 θεωνυ-

2175 1147 2278 1218 μιᾳ
2310 1146 2408 1218 τὴν
2441 1144 2802 1216 ὑπερώνυμον
2834 1142 3225 1212 ὠνομάσαμεν,
3255 1143 3479 1207 καὶτοῖς
3511 1138 3622 1196 οὖσι
3646 1142 3730 1215 τὴν

2172 1235 2519 1306 ὑπερούσιον.
2558 1253 2577 1286 ι
2633 1233 2903 1304 Οὐδαμῶς
2960 1227 3055 1285 οὖν
3097 1247 3182 1294 τις
3238 1233 3412 1286 δυάδα
3470 1231 3502 1301 ἦ
3553 1233 3730 1304 πλῆθος

2172 1325 2486 1398 ἄναρχον,ἢ
2514 1324 2690 1394 ἀρχὴν
2721 1323 2783 1376 τὸ
2817 1321 3037 1376 σύνολόν
3067 1339 3216 1385 τινος
3245 1316 3386 1376 εἶναι
3433 1321 3610 1390 λέγειν
3651 1323 3730 1376 δυ-

2173 1420 2422 1490 νήσεται,
2460 1416 2562 1486 ζῇν
2597 1414 2840 1478 εὐσεϐῶς
2891 1414 2958 1467 δι’
3019 1413 3280 1483 ἀληθείας
3339 1412 3729 1484 βεϐουλημένος.

2176 1507 2272 1573 Εἷς
2293 1508 2404 1578 γὰρ
2428 1507 2519 1561 διὰ
2553 1507 2734 1575 πάσης
2759 1504 2858 1573 τῆς
2883 1502 3028 1558 κατά
3058 1504 3218 1572 λόγον
3251 1502 3349 1556 καὶ
3381 1501 3507 1555 νοῦν
3549 1503 3733 1574 θεωρη-

2175 1601 2332 1670 τικῆς
2359 1599 2645 1668 δυνάμεως
2673 1597 2768 1649 καὶ
2790 1594 3104 1664 ἐπιστήμης
3132 1593 3283 1664 αὑτῷ
3311 1593 3447 1657 Θεὸς
3477 1594 3734 1665 ἀναφανή·

2178 1708 2351 1750 σεται,
2386 1690 2570 1758 πάσης
2600 1686 2859 1757 ἀπειρίας
2903 1687 3168 1756 ὑπάρχων
3199 1686 3482 1752 ἐπέκεινα,
3527 1685 3620 1739 καὶ
3648 1703 3736 1757 μηο

2177 1782 2290 1836 δενὶ
2320 1780 2551 1835 καθόλου
2584 1777 2695 1831 τῶν
2728 1777 2899 1830 ὄντων
2937 1776 3063 1830 καθ’
3103 1776 3494 1846 ὀτιοῦν,·πλὴν
3529 1775 3620 1829 τοῦ
3663 1777 3738 1830 διὰ

2179 1874 2416 1935 πίστεως
2454 1871 2614 1942 μόνον
2636 1868 3028 1938 γινώσκεσθαι,
3057 1869 3154 1923 καὶ
3176 1866 3341 1921 τοῦτο
3375 1869 3442 1919 ὲκ
3462 1867 3569 1921 τῶν
3595 1866 3738 1921 αὐτοῦ

2178 1964 2504 2036 ποιημάτων
2541 1963 2626 2016 ὅτι
2667 1962 2840 2026 ἐστὶν,
2873 1961 2974 2031 οὐχ
3015 1961 3098 2014 ὅτι
3131 1959 3263 2013 ποτέ
3285 1959 3405 2016 ἐστι
3437 1957 3740 2027 διεγνωσμέ-

2178 2076 2290 2124 νος,
2321 2058 2416 2112 καὶ
2441 2055 2644 2120 παντὸς
2675 2055 2874 2118 αἰῶνος
2905 2054 3002 2107 καὶ
3039 2052 3234 2124 χρόνου
3267 2050 3369 2104 καὶ
3404 2051 3618 2105 πάντων
3647 2049 3738 2102 τῶν

2177 2154 2236 2208 ὲν
2265 2151 2424 2204 αἰῶνι
2443 2150 2537 2203 καὶ
2557 2149 2734 2220 χρόνῳ
2761 2147 2999 2218 ποιητής
3022 2163 3082 2199 τε
3104 2145 3200 2199 καὶ
3223 2144 3290 2216 δη
3299 2143 3585 2215 μιουργὺς,
3611 2141 3740 2194 οὐδὲν

2178 2242 2238 2296 τὸ
2280 2241 2544 2312 παράπαν
2591 2239 2652 2303 ἐξ
2685 2238 2856 2292 ἀϊδίου
2903 2236 3026 2289 καθ’
3061 2233 3338 2289 ὁντιναοῦν
3369 2232 3570 2304 τρόπον
3617 2231 3743 2299 αὐτῷ

2181 2331 2540 2397 συνεπινοῶν,
2569 2330 2727 2394 εἰδὼς
2753 2331 2834 2383 ὅτι
2871 2327 3168 2398 μηδέτερον
3200 2325 3310 2378 τῶν
3332 2323 3457 2395 ἅμα
3486 2324 3626 2377 κατά
3654 2321 3743 2393 τὴν

2181 2423 2418 2497 ὓπαρξιν
2449 2422 2704 2493 ἀλλήλοις
2740 2420 2801 2484 ἐξ
2829 2418 3001 2473 ἀϊδίου
3037 2417 3306 2470 συνόντων
3347 2410 3495 2468 εἶναι
3545 2413 3744 2467 δύναται

2178 2519 2273 2573 τοῦ
2307 2517 2499 2588 ἑτέρου
2525 2513 2831 2584 ποιητικόν.
2875 2510 3296 2576 Ἀσυλλόγιστον
3326 2506 3438 2579 γὰρ
3463 2505 3618 2559 τοῦτο
3636 2521 3746 2557 παν·

2181 2610 2388 2664 τάπασι
2414 2607 2511 2661 καὶ
2536 2605 2877 2669 ἀνένδεκτον,
2905 2603 3000 2657 καὶ
3023 2603 3137 2664 τοῖς
3167 2598 3294 2654 νοῦν
3317 2599 3506 2668 ἔχουσι
3531 2595 3742 2665 καταγέ-

2180 2704 2382 2756 λαστον
2410 2698 2631 2753 ἐπὶτῶν
2665 2697 2901 2768 ἐχόντων
2926 2693 3043 2765 ἅμα
3071 2692 3133 2746 τὺ
3161 2686 3304 2746 εἶναι
3339 2689 3615 2743 ποιεῖσθαι
3637 2687 3746 2741 ἄλλο

2182 2793 2345 2849 ἄλλον
2373 2790 2682 2862 ποιητικόν.
2727 2787 2870 2842 Ἀλλ’
2918 2789 2983 2840 ὲκ
3031 2783 3166 2838 Θεοῦ
3216 2782 3310 2837 τοῦ
3365 2783 3458 2837 ἀεὶ
3507 2781 3654 2842 ὄντος
3690 2779 3746 2832 τὰ

2183 2882 2363 2936 πάντα
2398 2881 2463 2933 ἐκ
2487 2879 2581 2932 τοῦ
2615 2877 2692 2949 μὴ
2713 2877 2869 2940 ὄντος
2916 2867 3178 2944 γενέσθαι
3238 2871 3529 2934 παντελῶς
3569 2887 3626 2922 τε
3671 2869 3748 2921 καὶ

2181 2969 2400 3035 ὁλικῶς,
2437 2968 2554 3024 ἀλλ’
2587 2967 2649 3020 οὐ
2681 2965 2927 3038 μερικῶς
2946 2982 3006 3025 τε
3029 2964 3126 3018 καὶ⁵
3148 2961 3381 3025 ἀτελῶς,
3416 2961 3493 3032 ὡς
3515 2960 3574 3025 ἐξ
3593 2958 3748 3021 aii-cia;

2182 3059 2624 3132 ἀπειρογνώστου
2666 3059 2762 3112 καὶ
2809 3055 3254 3127 ἀπειροδυνάμου
3308 3051 3494 3122 σοφῶς
3549 3064 3745 3120 παρηγ-

2188 3153 2345 3224 μένα,
2375 3150 2625 3222 δέξηται,
2657 3149 2754 3204 καὶ
2776 3150 2835 3202 ὲν
2854 3147 3006 3218 αὐτῷ
3027 3145 3424 3216 συνεστηκέναι
3447 3144 3470 3176 ⁸
3489 3143 3557 3197 τὰ
3573 3142 3746 3201 πάντα,

2189 3246 2265 3309 ὡς
2303 3245 2362 3297 ὲν
2398 3240 2885 3313 παντοκρατορικῷ
2909 3237 3149 3310 πυθμένι
3179 3235 3571 3308 φρουρούμενά
3596 3249 3651 3286 τε
3672 3232 3750 3284 καὶ

2189 3333 2651 3406 διακρατούμενα,
2697 3333 2797 3386 xui.
2827 3333 2906 3395 εις
2934 3329 3100 3384 αὐτὸν
3126 3327 3197 3382 τὰ
3230 3329 3415 3383 πάντα
3447 3327 3750 3395 ἐπιστρέφε-

2193 3423 2341 3489 σθαι,
2375 3422 2631 3493 καθὰπερ
2661 3422 2742 3485 εἰς
2789 3420 2992 3473 οἰκεῖον
3056 3417 3268 3471 ἕκαστα
3317 3416 3515 3487 πέρας,
3559 3417 3631 3477 ῶς
3664 3409 3748 3463 πού

509 3531 734 3603 abigens
769 3527 1104 3600 cogitatione
1123 3564 1138 3590 ,
1181 3537 1395 3578 memor
1422 3519 1570 3591 quod
1601 3527 1860 3574 neutrum
1889 3527 2076 3570 eorum

2193 3531 2358 3586 φησιν
2390 3514 2419 3566 ό
2451 3515 2624 3584 μέγας
2655 3513 3052 3584 Ἀρεοπαγίτης
3087 3509 3363 3572 Διονύσιος
3393 3508 3495 3579 (2).

503 3601 627 3696 qua;
655 3621 1111 3678 exsistentialiter
1126 3617 1196 3672 de
1217 3624 1426 3670 mterno
1455 3612 1618 3669 simul
1633 3619 1765 3666 sunt
1783 3617 2041 3664 neutrum
2053 3607 2271 3664 efficere
2296 3609 2490 3679 possit.
2512 3608 2705 3678 Neque
2717 3607 2869 3663 enim
2895 3603 3371 3675 cogitaripmnino
3387 3601 3442 3656 id
3467 3604 3659 3671 potest,
3670 3604 3751 3646 ne-

503 3732 612 3786 que
629 3714 771 3778 fieri,
789 3713 981 3783 eisque
1006 3711 1102 3781 qui
1119 3716 1300 3764 mente
1317 3714 1552 3762 utuntur
1573 3703 1869 3759 ridiculum
1891 3710 1999 3769 est,
2017 3717 2205 3757 rerum
2222 3701 2457 3756 duarum
2478 3715 2600 3771 quae
2617 3698 2779 3754 simul
2797 3696 3073 3753 exsistunt
3088 3695 3315 3749 alteram
3337 3691 3568 3747 alterius
3593 3686 3751 3741 facere

504 3809 856 3866 creatricem.
891 3805 1000 3861 Sed
1027 3819 1096 3860 ex
1141 3803 1256 3858 Deo
1293 3809 1502 3856 aeterno
1553 3797 1975 3853 universitatem
1998 3809 2070 3850 ex
2101 3793 2283 3848 nihilo
2310 3794 2509 3849 factam
2531 3807 2656 3848 esse
2674 3793 2733 3848 in
2758 3799 2937 3845 totum
2967 3805 3034 3844 ac
3056 3787 3242 3858 plene,
3267 3794 3324 3840 at
3344 3800 3458 3839 non
3478 3777 3750 3853 particula-

510 3904 682 3958 timet
711 3897 1060 3970 imperfecte,
1088 3903 1230 3950 utex
1282 3908 1449 3948 causa
1489 3889 1722 3946 infinita:
1759 3895 1817 3943 et
1845 3885 2179 3957 cognitionis
2237 3895 2295 3940 et
2326 3885 2624 3955 potestatis
2650 3884 2936 3954 sapienter
2961 3879 3282 3943 deductam,
3310 3872 3748 3946 approbationem

507 3994 700 4059 habet,
726 3992 894 4060 inque
923 4003 993 4043 eo
1011 3986 1272 4040 universa
1289 3992 1546 4039 constare
1562 3988 1624 4035 ut
1641 3980 1698 4034 in
1724 3978 2106 4048 omnipotente
2120 3975 2305 4030 radice
2327 3975 2605 4030 custodita
2635 3983 2801 4043 atque
2838 3979 3185 4035 conservata,
3202 3969 3335 4023 etin
3361 3964 3616 4021 eumdem
3641 3958 3752 4013 uni-

509 4101 674 4143 versa
706 4083 890 4139 redire
914 4080 1069 4135 velut
1099 4078 1155 4132 in
1173 4075 1462 4147 proprium
1481 4087 1643 4128 suum
1659 4070 1920 4142 quodque
1941 4067 2266 4134 terminum,
2329 4067 2412 4122 uti
2431 4067 2639 4122 alicubi
2655 4065 2794 4122 dicit
2839 4077 3070 4134 magnus
3094 4058 3391 4131 Dionysius
3420 4051 3747 4126 Areopagita.

511 4259 900 4332 Contemplatio
947 4275 1053 4330 qua
1101 4257 1504 4312 demonstratur
1553 4254 1650 4310 Dei
1703 4255 2076 4326 providentiam

2191 4254 2376 4330 (173
2420 4251 2475 4325 a)
2538 4252 2758 4319 Θεωρία
2799 4243 3189 4313 ἀποδεικτικὴ
3243 4240 3352 4296 τοῦ
3413 4236 3570 4294 εἶναι
3620 4231 3752 4289 κατὰ

669 4352 958 4408 secundum
988 4361 1244 4405 naturam
1273 4365 1431 4403 suam
1458 4348 1638 4402 omnia
1671 4349 1940 4418 prosequi.

2297 4347 2489 4416 φύσιν
2515 4343 2616 4396 ἐπὶ
2640 4341 2883 4395 πάντων
2903 4338 3020 4407 τὴν
3047 4337 3156 4392 τοῦ
3173 4334 3322 4390 Θεοῦ
3351 4333 3656 4403 πρόνοιαν.

584 4465 763 4521 Etiam
791 4462 1136 4534 provisorem
1171 4475 1356 4515 rerum
1389 4467 1601 4514 naturae
1630 4473 1754 4513 esse
1790 4460 2076 4528 persuade-

2261 4457 2374 4512 Καὶ
2411 4453 2718 4524 προνοητὴν
2759 4451 2924 4505 αὑτὸν
2967 4445 3110 4503 εἶναι
3157 4446 3522 4516 πεισθήσεται
3548 4444 3653 4498 τῶν
3678 4443 3750 4496 ὄν-

513 4557 667 4613 bitur
691 4555 765 4620 ei,
793 4529 892 4625 per
914 4567 1054 4622 quas
1085 4559 1144 4606 et
1181 4551 1352 4605 Deum
1387 4564 1509 4604 esse
1538 4548 1757 4612 didicit,
1786 4549 1996 4619 justum
2028 4566 2076 4606 at

2198 4564 2329 4612 των,
2365 4547 2432 4601 δι’
2467 4541 2542 4600 ὧν
2567 4547 2649 4600 ὅτι
2683 4544 2777 4598 καὶ
2804 4543 2937 4606 Θεός
2966 4544 3115 4594 ἐστιν
3143 4537 3421 4609 ἐδιδάχθη,
3455 4537 3658 4591 δίκαιον
3683 4529 3748 4588 εἷ-

515 4646 716 4703 rationi
749 4652 1183 4700 consentaneum
1210 4657 1332 4696 esse
1364 4655 1550 4694 rerum
1578 4640 1866 4694 custodem
1927 4649 2076 4710 atqui

2194 4657 2282 4694 ναι
2317 4639 2523 4710 κρίνων
2560 4638 2655 4690 καὶ
2694 4635 2937 4704 εὔλογον,
2970 4633 3046 4704 μὴ
3075 4632 3236 4686 ἄλλον
3271 4627 3415 4683 εἶναι
3442 4630 3654 4699 φύλακα
3672 4626 3750 4680 καὶ

517 4746 832 4795 curatorem
857 4749 1022 4806 quam
1079 4733 1260 4803 ipsum
1313 4747 1500 4786 rerum
1543 4729 1915 4785 conditorem.
1974 4731 2076 4800 lps:

2193 4731 2533 4802 ἐπιμελητὴν
2562 4729 2671 4782 τῶν
2698 4727 2926 4797 ὄντωνῆ
2967 4726 3127 4796 μόνον
3165 4725 3257 4778 τὸν
3303 4722 3417 4776 τῶν
3459 4723 3624 4776 ὄντων
3670 4719 3750 4786 δη·

515 4829 666 4884 enim
698 4841 883 4881 rerum
921 4823 1242 4895 perennitas
1265 4832 1323 4877 et
1343 4821 1480 4877 ordo
1509 4832 1568 4876 et
1590 4821 1796 4891 positio
1820 4831 1878 4877 et
1923 4821 2076 4877 metit

2198 4824 2481 4896 μιουργόν.
2515 4822 2660 4892 Αὐτὴ
2690 4821 2800 4890 γὰρ
2824 4820 2858 4890 ἡ
2891 4818 2998 4872 τῶν
3022 4818 3194 4872 ὄντων
3224 4814 3456 4886 διαμονὴ
3480 4815 3574 4868 καὶ
3606 4815 3636 4884 ἠ
3665 4809 3750 4864 τά-

515 4929 574 4976 ει
609 4927 796 4973 mutua
824 4931 923 4986 per
957 4913 1172 4969 medias
1211 4921 1395 4982 partes
1441 4913 1718 4968 connexio
1771 4914 2076 4968 extremita

2197 4917 2280 4983 ξις
2297 4917 2391 4970 καὶ
2412 4917 2446 4980 ἡ
2477 4914 2629 4978 θέσις
2655 4913 2751 4967 καὶ
2785 4914 2818 4984 ἡ
2845 4911 3083 4982 κίνησις,
3111 4909 3207 4964 καὶ
3237 4910 3270 4980 ἡ
3296 4910 3360 4961 ἐν
3391 4908 3636 4978 ἀλλήλοις
3657 4903 3748 4957 τῶν

517 5021 657 5074 tum,
688 5007 826 5063 nihil
857 5021 978 5063 sese
1011 5005 1249 5059 invicem
1279 5018 1596 5074 quanquam
1640 5005 1937 5059 contrariae
1963 5020 2076 5060 sun:

2201 5009 2387 5078 ἄκρων
2415 5007 2508 5060 διὰ
2533 5007 2644 5059 τῶν
2667 5005 2851 5076 μέσων
2879 5001 3102 5072 συνοχὴ,
3124 5001 3291 5071 μηδὲν
3323 4999 3466 5054 κατά
3493 4999 3588 5070 τὴν
3617 4999 3748 5050 ἐναν-

517 5101 922 5161 infestantium,
940 5108 998 5154 et
1025 5097 1265 5168 partium
1285 5096 1342 5150 in
1367 5104 1543 5150 totum
1555 5095 1988 5165 conspiratio,et
2008 5105 2076 5149 tot

2200 5099 2424 5167 τιότητα
2451 5096 2864 5168 λυμαινομένων
2902 5093 3174 5164 ἀλλήλοις,
3225 5092 3262 5158 ἧ
3311 5109 3371 5144 τε
3429 5091 3539 5144 τῶν
3588 5084 3747 5158 μερῶν

517 5203 701 5248 torum
734 5190 1019 5261 aequabilis
1065 5203 1160 5257 ac,
1190 5189 1352 5257 plena
1407 5203 1508 5257 per
1553 5196 1739 5257 partes
1796 5203 2076 5258 coagmen-

2203 5189 2339 5258 πρὸς
2361 5190 2430 5241 τὰ
2457 5189 2554 5241 ὅλα
2583 5187 2891 5250 σύννευσις,
2924 5184 3020 5237 καὶ
3045 5183 3153 5236 τῶν
3184 5182 3322 5235 ὅλων
3354 5182 3488 5252 πρὸς
3516 5180 3583 5232 τὰ
3626 5177 3748 5247 μέρει

518 5285 675 5350 tatio,
701 5295 757 5341 et
782 5285 1027 5355 ipsarum
1053 5282 1295 5352 partium
1322 5282 1468 5335 inter
1485 5295 1544 5335 se
1583 5288 1846 5334 constans
1887 5280 2076 5334 discre-

2199 5281 2267 5334 δι’
2295 5280 2416 5333 ὅλου
2440 5279 2656 5347 ἓνωσις,
2681 5279 2775 5332 καὶ⁵
2797 5277 2978 5332 αὐτῶν
3006 5275 3144 5351 πρὸς
3187 5273 3395 5345 ἄλληλα
3436 5273 3544 5326 τῶν
3586 5265 3746 5341 μερῶν

1821 5412 2057 5467 VARI/Ii
2097 5413 2507 5470 LECTIONES.

1469 5509 1490 5540 ⁸
1525 5505 1914 5560 συνεστακέναι
1953 5505 2077 5562 cod.
2103 5505 2248 5561 Gud.

2027 5615 2262 5673 NOTAE.

595 5715 668 5786 (i)
700 5715 922 5840 Diongs.
971 5715 1239 5784 Areopag.
1277 5712 1354 5766 De
1386 5713 1574 5768 divinis
1628 5729 1771 5768 nom.
1828 5727 1950 5784 cap.
2007 5710 2094 5779 15,

595 5801 658 5840 rn.
691 5786 732 5840 Ι.
758 5801 814 5840 n.
877 5785 964 5839 55.
993 5783 1132 5840 Onn.
1166 5784 1258 5838 ed.
1293 5784 1430 5838 Ven.

522 5783 659 5845 tota.
691 5786 732 5853 Ι,
755 5801 814 5856 p.
841 5783 964 5840 555.
993 5783 1134 5854 Opp.
1166 5784 1258 5838 ed.
1293 5784 1430 5838 Ven.

480 5556 489 5614 ἱ
589 5512 613 5545 ⁸
643 5510 1048 5585 ὐπερηνομένον
1078 5509 1202 5565 cod.
1229 5507 1374 5565 Gud.

2301 5710 2354 5775 2)
2386 5711 2470 5766 Cf.
2501 5710 2736 5780 Dionys.
2780 5707 3050 5780 Areopag.
3082 5707 3159 5763 De
3191 5705 3358 5761 divin.
3399 5717 3536 5758 nom.
3564 5710 3671 5766 cap.
3694 5690 3740 5757 ιν

2199 5796 2254 5853 p.
2283 5779 2407 5850 597,
2433 5789 2567 5835 tom.
2604 5779 2659 5848 1,
2673 5779 2762 5834 ed.
2793 5779 2989 5835 Venet.
