4012 6394
221 391 361 456 1189

1471 379 1996 442 AMBIGUORUM
2036 383 2291 443 LIBER.

3362 388 3499 456 1190

225 505 514 576 ήάμικτος
548 499 824 567 διάκρισις
873 495 1015 550 κατὰ
1062 494 1163 564 τὴν
1213 492 1526 558 ἰδιάζουσαν
1577 494 1810 548 ἑκάστου

1927 494 2018 559 tio,
2063 496 2374 550 secundum
2435 511 2591 551 suam
2620 497 3056 569 uniuscujusque
3099 498 3492 568 diﬁ'erenttam,

221 592 507 665 διαφοράν,
537 591 634 644 καὶ
660 589 974 658 ἀσύγχυτος
1004 585 1200 649 ἓνωσις
1227 589 1370 640 κατὰ
1413 584 1513 654 τὴν
1563 583 1813 654 ἀπαράλ-

223 688 420 740 λακτον
453 688 510 737 ὲν
568 684 713 746 ὅλοις
769 675 1110 751 ταυτότητά,
1168 678 1266 732 καὶ
1313 679 1347 748 ἡ
1403 679 1620 732 πάντων
1674 679 1813 746 πρὸς

226 780 425 840 πάντα,
456 775 544 828 ἵνα
574 773 650 845 μὴ
675 773 744 826 τὰ
792 771 918 825 καθ’
953 772 1187 824 ἕκαστον
1215 769 1385 838 λέγω,
1422 768 1713 840 σύγκρισις
1753 785 1811 820 τε

226 871 321 924 καὶ
347 870 642 939 διάκρισις,
673 865 770 919 καὶ
798 867 830 934 ἠ
869 866 1089 918 πάντων
1137 863 1235 916 καὶ
1261 863 1496 916 ἑκάστου
1527 862 1650 915 κατ’
1675 856 1814 922 εἶδος

227 961 445 1030 διαδοχὴ
494 958 583 1012 ἀεὶ
638 955 1044 1026 φυλαττομένη,
1080 955 1314 1026 μηδενὸς
1334 955 1396 1008 τὸ
1421 955 1687 1024 παράπαν
1716 953 1813 1006 τοῦ

225 1051 428 1105 οἰκείου
444 1049 546 1118 τῆς
567 1046 785 1119 φύσεως
807 1046 970 1114 λόγου
1002 1045 1526 1116 παραφθειρομένου
1557 1044 1653 1097 καὶ
1678 1043 1816 1114 πρὸς

224 1144 356 1198 ἄλλο
376 1143 741 1214 συγχεομένου
761 1159 821 1194 τε
846 1141 940 1194 καὶ
973 1138 1324 1210 συγχέοντος,
1358 1138 1602 1192 δείκνυσι
1629 1135 1816 1204 σαφῶς

224 1237 296 1292 τὰ
327 1237 505 1291 πάντα
538 1238 604 1307 τῇ
657 1234 890 1306 προνοίᾳ
933 1230 1256 1301 συνέχεσθαι
1301 1230 1396 1283 τοῦ
1453 1228 1816 1298 πεποιηκότος

226 1330 386 1385 Θεοῦ.
417 1329 493 1382 υύ
520 1330 628 1398 γὰρ
653 1321 764 1380 οἷόν
793 1325 852 1379 τέ
884 1327 1036 1378 ἐστιν
1079 1323 1284 1391 ἀγαθὸν
1303 1321 1435 1375 ὂντα
1459 1321 1550 1374 τὸν
1575 1320 1707 1373 Θεὸν
1739 1320 1814 1390 μὴ

229 1421 325 1475 καὶ
351 1417 696 1491 εὐεργετικὸν
718 1416 937 1479 πάντως
964 1411 1131 1481 εἶναι,
1153 1415 1290 1485 μηδὲ
1314 1412 1663 1484 εὐεργετικὸν
1687 1411 1816 1464 ὄντα

232 1513 314 1582 μὴ
341 1510 436 1565 καὶ
465 1508 826 1583 προνοητικὸν
845 1507 1069 1570 πάντως
1095 1502 1258 1568 εἶναι,
1287 1507 1380 1558 καὶ
1409 1504 1498 1558 διὰ
1520 1502 1680 1556 τοῦτο
1708 1503 1816 1555 τῶν

232 1605 403 1658 ὅντων
438 1598 792 1672 θεοπρεπῶς,
821 1597 1256 1669 ἐπιμελούμενον
1308 1594 1488 1664 σοφῶς
1535 1594 1578 1625 ¹⁰
1632 1594 1818 1657 αὐτοῖς

229 1695 418 1766 ῶσπερ
469 1693 531 1747 τὸ
585 1690 723 1746 εἶναι
774 1691 869 1744 καὶ
939 1691 1040 1760 τὴν
1089 1687 1414 1760 κηδεμονίαν
1468 1685 1814 1758 χαρίζεσθαι.

231 1785 468 1856 Πρόνοια.
521 1784 631 1855 γάρ
676 1785 790 1836 ἐστι
834 1781 975 1836 κατὰ
1022 1781 1149 1842 τοὺς
1172 1779 1468 1851 θεοφόρους
1497 1779 1815 1850 Πατέραςή

231 1879 300 1932 ὲκ
317 1875 452 1931 Θεοῦ
492 1877 573 1940 είς
605 1877 673 1930 τά
703 1877 832 1929 ὄντα
859 1875 1128 1944 γινομένη
1153 1872 1466 1942 ἐπιμέλεια.
1508 1871 1812 1942 Ὀρίζονται

230 1971 290 2024 δὲ
319 1971 488 2040 αὐτὴν
513 1969 610 2023 καὶ
659 1967 855 2032 οὕτως,
920 1965 1156 2038 Πρόνοιά
1205 1968 1322 2018 ἐστι
1379 1963 1634 2034 βούλησις
1676 1963 1813 2016 Θεοῦ

231 2063 302 2116 δι’
333 2063 400 2132 ἢν
424 2062 604 2116 πάντα
634 2060 703 2114 τά
731 2059 862 2112 ὄντα
889 2057 986 2129 τὴν
1019 2048 1204 2126 (173
1228 2055 1278 2124 b)
1307 2056 1618 2126 πρόσφορον
1637 2054 1816 2119 διεξα-

231 2155 422 2223 γωγὴν
454 2152 746 2224 λαμϐάνει.
783 2151 843 2203 Ei
885 2149 943 2203 δὲ
992 2148 1129 2206 Θεοῦ
1186 2147 1442 2218 βούλησίς
1503 2148 1672 2211 ἐστιν,
1729 2147 1816 2198 ἵνα

231 2247 420 2309 αὐτοῖς
447 2245 556 2297 τῶν
583 2241 925 2296 διδασκάλων
953 2240 1251 2310 χρήσωμαι
1288 2241 1402 2302 τοῖς
1433 2237 1635 2305 λόγοις,
1664 2239 1816 2292 πᾶσα

233 2339 449 2408 ἀνάγκη
477 2336 620 2392 κατὰ
645 2337 734 2391 τὸν
769 2335 932 2406 ὀρθὸν
969 2334 1130 2404 λόγον
1157 2333 1410 2402 γίνεσθαι
1433 2333 1503 2386 τά
1531 2333 1813 2403 γινόμενα,

232 2432 334 2502 τὴν
367 2429 604 2500 κρείττω
635 2429 712 2500 μὴ
755 2427 1123 2499 έπιδεχόμενα
1157 2425 1329 2490 τάξιν,
1361 2425 1526 2480 αὐτὸν
1556 2421 1650 2479 οὖν
1678 2421 1816 2478 εἶναι

236 2523 545 2594 προνοητὴν
598 2522 663 2574 ὲκ
701 2520 900 2583 παντὸς
944 2519 1146 2590 τρόπου
1179 2520 1353 2571 εἰπεῖν
1395 2517 1756 2588 ὲναχθήσεται
1788 2518 1818 2570 ό

235 2615 336 2686 τὴν
376 2613 638 2685 ἀλήθειαν
669 2611 863 2682 ὁδηγὸν
899 2610 1044 2682 ἔχειν
1069 2609 1349 2681 ἐλόμενος,
1376 2611 1436 2664 ὃν
1463 2612 1558 2666 καὶ
1587 2611 1817 2683 ποιητὴν

237 2706 378 2774 ἔγνω
412 2705 519 2758 τῶν
544 2705 713 2757 όντων
750 2702 991 2772 άληθῶς,
1014 2703 1046 2775 ἢ
1067 2702 1162 2756 τοῦ
1191 2703 1553 2772 πεποιηκότος
1577 2704 1645 2758 τὰ
1667 2703 1814 2768 ὄντα,

236 2798 396 2868 εἴπερ
421 2798 525 2852 κάν
554 2801 666 2861 τοῖς
694 2796 874 2862 ζώοις,
905 2796 1034 2848 ὅταν
1069 2797 1189 2858 ταῖς
1223 2794 1367 2848 κατὰ
1415 2795 1574 2864 λόγον
1605 2797 1818 2866 ἐφόδοις

236 2893 352 2954 τοῖς
377 2887 533 2944 οὖσιν
577 2888 910 2960 ἐμϐαλόντες
956 2886 1114 2957 ἡμῶν
1165 2886 1225 2939 τὸ
1263 2886 1452 2956 νοερὸν
1488 2887 1840 2958 εὑρίσκωμεν

237 2982 496 3053 ἔμφασιν,
553 2982 655 3035 οὐκ
693 2980 905 3050 ἀγενῶς
956 2978 1028 3032 τὰ
1080 2979 1219 3049 ὑπὲρ
1273 2977 1432 3047 λόγον
1472 2979 1816 3044 είκάζουσαν.

249 3073 466 3126 Ἐκεῖνά
486 3089 546 3125 τε
578 3071 689 3142 γάρ
722 3070 959 3141 ὁρῶντες
988 3069 1134 3123 κατὰ
1167 3067 1326 3137 γένος
1367 3068 1476 3122 τῶν
1533 3068 1593 3132 ἐξ
1637 3068 1818 3122 αὐτῶν

235 3162 486 3230 φυσικῶς
537 3159 971 3232 έπιμελούμενα,
1034 3157 1366 3230 θαρροῦντες
1409 3159 1506 3213 καὶ
1540 3161 1702 3230 ἡμεῖς
1726 3161 1817 3214 τὸν

236 3255 372 3326 περὶ
399 3253 495 3307 τοῦ
539 3253 852 3324 προνοητὴν
883 3250 1198 3322 μονώτατον
1231 3247 1372 3304 εἶναι
1397 3252 1488 3304 τὸν
1518 3252 1653 3305 Θεὸν
1684 3253 1822 3307 πάν-

191 3365 193 3370 ‘
233 3365 350 3401 των
404 3347 514 3401 τῶν
554 3347 724 3400 ὄντων
779 3344 898 3414 μετ’
938 3343 1199 3407 εὐσεϐοῦς
1233 3345 1551 3416 παρρησίας
1584 3346 1824 3410 εὐσεϐῶς

235 3441 458 3504 ἑαυτοῖς
489 3439 646 3507 λόγον
675 3437 1047 3509 διοριζόμεθα,
1081 3438 1177 3491 καὶ
1207 3437 1270 3491 οὐ
1303 3436 1412 3490 τῶν
1446 3439 1568 3508 μὲν,
1613 3438 1723 3492 τῶν
1767 3439 1825 3494 δὲ

232 3532 324 3599 οὒ,
382 3534 636 3605 καθάπερ
689 3533 832 3596 τινὲς
885 3531 995 3586 τῶν
1041 3533 1110 3586 τὰ
1166 3531 1272 3598 ἔξω
1320 3532 1823 3603 φιλοσοφησάντων,

181 3699 185 3702 _
235 3626 380 3680 am
411 3627 631 3680 πάντων
653 3625 813 3696 ὁμοῦ,
845 3625 989 3680 κατὰ
1016 3625 1146 3696 μίαν
1196 3625 1295 3692 τῆς
1347 3623 1684 3695 ἀγαθότητος
1731 3626 1827 3680 καὶ

232 3719 670 3789 ἀπαράλλακτον
704 3717 990 3788 βούλησιν,
1023 3717 1132 3770 τῶν
1162 3733 1224 3769 τε
1275 3717 1507 3770 καθόλου
1565 3717 1663 3771 καὶ
1718 3718 1828 3772 τῶν

235 3812 370 3866 καθ’
399 3811 651 3877 ἕκαστον,
694 3810 896 3873 ειδότες
931 3810 1008 3873 ὡς
1043 3809 1152 3864 τῶν
1197 3810 1343 3863 κατὰ
1392 3810 1557 3881 μέρος
1610 3811 1829 3865 πάντων

233 3901 322 3974 τῷ
353 3901 712 3972 μὴ-προνοίας
735 3899 1035 3971 τυγχάνειν
1063 3901 1158 3954 καὶ
1185 3900 1435 3971 φυλακῆς
1458 3901 1557 3970 τῆς
1587 3900 1831 3972 πρεπού-

231 4011 350 4066 σης
389 3993 856 4065 διαφθειρομένων
901 3992 995 4045 καὶ
1040 3991 1108 4045 τὰ
1145 3990 1376 4043 καθόλου
1423 3991 1831 4062 συνδιαφθαρή-

237 4103 402 4141 σεται
424 4087 511 4158 (ὲκ
533 4085 641 4156 γὰρ
669 4085 780 4138 τῶν
810 4083 954 4138 κατὰ
990 4083 1160 4154 μέρος
1199 4083 1268 4136 τά
1306 4083 1538 4138 καθόλου
1581 4085 1832 4139 συνίστα-

234 4178 374 4232 σθαι
414 4179 667 4247 πέφυκε),
700 4179 800 4249 τὴν
852 4176 982 4247 περὶ
1024 4176 1216 4230 τούτου
1263 4175 1488 4245 λογικὴν
1534 4176 1828 4241 ἀπόδειξιν,

231 4271 337 4325 διὰ
361 4271 460 4341 τῆς
481 4269 706 4338 εὐλόγου
732 4270 1096 4340 άντιστροφῆς
1144 4267 1281 4338 πρὸς
1314 4266 1413 4338 τὴν
1442 4266 1699 4337 ἀλήθειαν
1734 4267 1832 4338 ὁρ-

232 4363 361 4426 θῶς
385 4361 750 4432 ποδηγοῦσαν,
782 4361 997 4423 ἑαυτοῖς
1024 4357 1478 4429 προϐαλλόμενοι.
1517 4359 1586 4411 Ei
1613 4358 1721 4429 γὰρ
1763 4358 1832 4412 τά

232 4455 482 4512 καθόλου
517 4456 575 4508 ὲν
599 4457 714 4518 τοῖς
741 4453 886 4507 κατὰ
919 4453 1083 4524 μέρος
1110 4453 1439 4522 ὑφέστηκεν,
1476 4451 1728 4521 οὐδαμῶς
1770 4451 1832 4504 τὸ

1912 597 1970 640 et
2003 587 2264 644 mistione
2298 605 2499 659 expers
2526 589 2861 646 coadunatio
2887 633 2900 656 ,
2939 593 3245 648 secundum
3299 595 3496 648 immu-

1916 687 2081 733 tatam
2135 681 2192 734 in
2246 682 2378 736 totis
2427 682 2812 750 identitatem,
2870 692 2927 739 et
2991 688 3378 740 universorum
3430 687 3497 742 ad

1916 771 2194 837 universa,
2238 789 2309 828 ne
2355 773 2570 845 singula
2616 791 2955 841 recenseam,
3004 779 3287 833 concretio
3333 789 3499 849 atque

1915 867 2196 932 discretio,
2224 869 2724 940 universorumque
2755 878 2811 924 et
2855 871 3056 941 singuli
3104 872 3370 942 cujusque
3408 887 3498 926 se-

1915 961 2156 1017 cundum
2181 962 2423 1034 speciem
2454 963 2715 1018 inviolata
2749 963 3047 1030 successio,
3079 980 3186 1034 qua
3219 965 3357 1019 nihil
3382 980 3500 1018 om-

1915 1054 2048 1109 nino
2090 1055 2158 1109 de
2189 1055 2412 1124 propria
2444 1070 2509 1109 ac
2541 1055 2808 1125 peculiari
2837 1067 3048 1109 natura;
3083 1055 3296 1109 ratione
3330 1056 3500 1125 perit,

1915 1136 2168 1202 autcum
2213 1149 2389 1203 altero
2431 1147 2792 1203 confunditur
2825 1147 2941 1202 sive
2973 1148 3152 1216 ipsum
3189 1147 3499 1211 confundit,

1916 1237 2034 1291 hanc
2101 1238 2416 1292 luculenter
2491 1238 2845 1293 manifestam
2907 1238 3094 1292 omnia
3151 1237 3503 1307 providentia

1915 1331 2190 1386 contineri
2231 1331 2540 1387 conditoris
2585 1332 2702 1386 Dei.
2749 1331 2895 1386 Fieri
2929 1331 3077 1385 enim
3127 1345 3238 1385 non
3283 1339 3501 1401 potest,

1917 1421 2050 1491 quin
2084 1423 2248 1486 Deus,
2285 1422 2378 1492 qui
2410 1422 2590 1477 bonus
2619 1430 2723 1488 est,
2757 1437 2868 1475 non
2898 1422 3065 1476 etiam
3100 1421 3385 1476 beneﬁcus
3409 1421 3502 1487 sit,

1917 1525 2012 1570 aut
2041 1515 2135 1585 qui
2169 1516 2450 1570 beneﬁcus
2475 1523 2579 1580 est,
2608 1531 2719 1569 non
2770 1517 2900 1570 item
2946 1514 3246 1583 providens
3283 1515 3354 1569 sit
3383 1530 3506 1568 om-

1917 1606 2070 1669 nino,
2098 1613 2154 1660 et
2175 1607 2308 1677 quin
2351 1616 2644 1676 propterea
2685 1621 2895 1671 rerum,
2927 1615 2988 1659 ut
3019 1620 3119 1675 par
3147 1606 3268 1676 ejus
3293 1605 3506 1660 natura!

1917 1709 2021 1763 est,
2045 1707 2194 1753 tutor
2212 1698 2492 1768 sapienter
2510 1699 2592 1754 eis
2615 1697 3080 1769 quemadmodum
3100 1699 3503 1761 exsistentiam,

1920 1790 1993 1844 ita
2026 1791 2191 1845 etiam
2229 1807 2416 1845 curam
2455 1790 2679 1845 tribuat.
2725 1790 3078 1845 Providentia
3122 1791 3268 1845 enim
3304 1805 3504 1846 secun-

1920 1883 2051 1936 dum
2097 1883 2287 1937 Patres
2330 1882 2520 1937 divino
2570 1881 2780 1952 Spiritu
2830 1882 3041 1936 amatos
3087 1881 3276 1935 divina
3319 1897 3504 1936 rerum

1921 1974 2240 2044 procuratio
2271 1984 2376 2028 est.
2405 1973 2685 2029 Deﬁniunt
2715 1989 2845 2028 vero
2872 1989 2992 2028 eam
3026 1973 3189 2028 etiam
3227 1974 3301 2027 ita
3335 1991 3347 2027 :
3379 1973 3508 2027 Pro—

1920 2065 2148 2118 videntia
2178 2065 2273 2118 Dei
2303 2065 2549 2119 voluntas
2579 2074 2654 2118 est
2682 2082 2790 2136 qua
2822 2081 3000 2118 omnes
3031 2081 3114 2119 res
3145 2065 3510 2118 convenienter

1921 2165 2271 2228 peraguntur.
2301 2157 2459 2224 Quod
2500 2158 2548 2214 si
2582 2157 2679 2212 Dei
2709 2165 2795 2212 est
2819 2145 3186 2221 voluntas,'ut
3229 2155 3364 2225 ipsis
3409 2155 3510 2208 do-

1923 2256 2136 2304 ctorum
2166 2250 2356 2304 verbis
2379 2258 2527 2316 utar,
2568 2263 2796 2304 necesse
2828 2255 2912 2303 est
2939 2247 3168 2303 omnino
3197 2255 3346 2301 utea
3381 2262 3507 2317 qua:

1923 2340 2065 2396 ﬁunt
2091 2349 2237 2396 recta
2262 2340 2476 2395 ratione
2514 2339 2665 2405 ﬁant,
2689 2339 2829 2394 adeo
2860 2349 2921 2394 ut
2946 2340 3231 2399 meliorem
3257 2339 3507 2394 ordinem

1921 2448 2033 2488 non
2063 2441 2416 2504 exspectent;
2437 2440 2498 2487 ut
2529 2433 2708 2503 ipsum
2744 2432 2913 2504 igitur
2943 2432 3287 2502 provisorem
3322 2431 3508 2486 dicere

1923 2527 2073 2582 omni
2096 2526 2260 2580 modo
2283 2525 2549 2580 invitetur
2569 2525 2665 2595 qui
2690 2527 2921 2580 veritate
2949 2525 3051 2579 vite
3069 2525 3209 2580 duce
3232 2526 3309 2601 ulti
3335 2526 3506 2589 volet,

1923 2634 2090 2691 quem
2120 2627 2177 2672 et
2205 2618 2549 2674 conditorem
2587 2633 2796 2681 rerum,
2832 2624 2926 2670 aut
2965 2617 3122 2686 cujus
3162 2630 3288 2671 esse
3318 2616 3511 2670 condi-

1925 2708 2061 2763 toris
2094 2707 2191 2762 Dei
2225 2722 2312 2762 res
2341 2715 2489 2760 recte
2518 2707 2811 2777 cognovit;
2857 2705 3305 2775 quandoquidem
3335 2705 3422 2760 vel
3452 2705 3520 2760 in'

1926 2798 2278 2863 animalibus,
2306 2812 2431 2852 cum
2462 2796 2809 2850 rationalium
2836 2797 3330 2850 instrumentorum
3356 2811 3511 2850 men-

1925 2891 1998 2945 tis
2037 2905 2141 2960 ope
2193 2891 2249 2944 in
2299 2904 2387 2943 res
2437 2888 2781 2959 inquirentes
2822 2887 3168 2941 inveniamus
3213 2886 3509 2957 imaginem

1925 2981 2075 3036 haud
2121 2981 2344 3051 indigne
2379 2995 2444 3035 ea
2489 2996 2612 3050 quae
2655 2995 2821 3050 supra
2869 2979 3135 3034 rationem
3181 2985 3310 3032 sunt
3341 2993 3514 3032 annu-

1926 3073 2152 3129 lantem.
2188 3073 2283 3128 Illa
2327 3072 2474 3128 enim
2509 3073 2641 3127 dum
2672 3088 2773 3142 pro
2820 3086 3021 3142 genere
3053 3087 3164 3127 sua:
3207 3071 3379 3141 prolis
3416 3087 3512 3125 na-

1846 3189 1891 3249 c
1927 3163 2180 3218 turaliter
2230 3178 2419 3218 curam
2469 3163 2677 3218 habere
2728 3161 3016 3224 videmus,
3071 3163 3251 3217 securi
3305 3170 3363 3218 et
3408 3176 3513 3216 nos

1929 3256 2077 3328 quod
2117 3271 2260 3310 unus
2289 3255 2434 3309 Deus
2481 3254 2648 3309 rebus
2676 3255 2936 3308 omnibus
2965 3263 3186 3324 praestet
3221 3255 3516 3325 providen-

1930 3351 2061 3406 tiam
2105 3365 2232 3404 cum
2279 3350 2369 3418 pia
2403 3347 2660 3402 libertate
2707 3347 2796 3416 pie
2851 3347 3014 3402 nobis
3062 3347 3195 3417 ipsis
3242 3348 3513 3402 rationem

1931 3443 2248 3507 deﬁnimus,
2286 3441 2452 3510 idque
2505 3456 2618 3495 non
2683 3440 2824 3509 parti
2885 3440 3084 3506 solum,
3145 3440 3358 3495 caeteris
3402 3455 3514 3494 non

1932 3536 2100 3601 item,
2152 3534 2429 3605 quomodo
2475 3532 2698 3602 quidam
2752 3532 2820 3586 de
2877 3532 3118 3587 ethnicis
3165 3531 3516 3602 philosophis

1932 3639 2202 3695 statuunt,
2233 3629 2328 3684 sed
2358 3627 2666 3684 secundum
2699 3626 2915 3680 unicam
2943 3625 3207 3680 bonitatis
3233 3634 3289 3680 et
3317 3626 3518 3679 immu-

1935 3721 2160 3778 tabilem
2207 3723 2570 3783 voluntatem,
2608 3718 2824 3773 cunctis
2869 3717 3161 3786 aequaliter
3207 3718 3263 3772 in
3297 3717 3518 3770 univer-

1934 3831 2054 3872 snm
2084 3822 2141 3869 et
2172 3813 2508 3884 singulatim,
2540 3811 2680 3865 bene
2725 3810 2879 3879 gnari
2904 3809 3075 3878 quod,
3110 3809 3156 3863 si
3187 3825 3296 3863 non
3328 3824 3515 3878 parem

1935 3907 2150 3978 singula
2176 3921 2404 3976 quaeque
2429 3903 2831 3974 providentiam
2858 3911 3022 3972 atque
3057 3902 3308 3956 idoneam
3336 3911 3520 3957 custo-

1936 3999 2082 4053 diam
2117 3998 2433 4062 habuerint,
2469 3996 2783 4051 neccssario
2820 4010 2929 4050 una
2961 3995 3128 4050 etiam
3177 4003 3374 4051 cuncta
3422 4009 3520 4064 pe-

1937 4091 2112 4144 ritura
2142 4089 2254 4144 sint
2284 4087 2430 4159 (nam
2460 4103 2527 4141 ex
2553 4086 2785 4156 singulis
2812 4085 3144 4141 universitas
3168 4083 3428 4156 constat),
3463 4093 3522 4140 et

1937 4181 2264 4235 rationalem
2318 4179 2482 4249 hujus
2535 4177 2616 4231 rei
2671 4175 3216 4240 demonstrationem,
3255 4190 3378 4245 qua;
3423 4190 3523 4244 per

1937 4272 2190 4327 idoneam
2241 4270 2611 4326 inversionem
2657 4268 2726 4322 ad
2779 4267 3068 4322 veritatem
3124 4267 3228 4322 rite
3273 4267 3520 4331 deducit,

1938 4365 2041 4420 sibi
2076 4371 2468 4434 proponentes.
2497 4361 2634 4415 Nam
2669 4361 2714 4416 si
2749 4360 3007 4414 universa
3043 4360 3099 4414 in
3128 4359 3361 4430 singulis
3386 4375 3521 4414 con-

1938 4463 2106 4520 stant,
2134 4469 2316 4524 neque
2345 4453 2460 4506 ullo
2491 4451 2654 4505 modo
2682 4467 2782 4522 per
2811 4466 2869 4506 se
2902 4450 3020 4520 ipsa
3048 4466 3168 4506 esse
3200 4460 3364 4521 atque
3391 4467 3524 4506 con-

233 4546 516 4618 παράπαν
541 4545 633 4598 τὸν
659 4543 755 4597 τοῦ
786 4543 911 4596 καθ’
936 4543 1078 4597 αὐτὰ
1107 4538 1246 4594 εἶναι
1281 4557 1341 4593 τε
1388 4541 1482 4593 καὶ
1531 4541 1823 4608 ὑφεστάναι

1937 4556 2102 4612 stare,
2132 4554 2425 4616 postquam
2455 4544 2670 4614 singula
2700 4543 3034 4607 interierint,
3067 4543 3295 4613 cogitari
3324 4543 3524 4598 admit-

235 4640 408 4708 λόγον
440 4637 626 4709 (174,
655 4639 711 4706 a)
744 4635 1107 4706 ὲπιδεχόμενα
1153 4633 1267 4690 τῶν
1313 4634 1455 4686 κατὰ
1492 4632 1657 4704 μέρος
1714 4633 1832 4686 δια·

238 4733 650 4803 φθειρομένων,
673 4729 835 4804 παντί
858 4745 961 4781 που
987 4726 1148 4796 δῆλόν
1176 4729 1322 4781 ἐστιν
1348 4725 1424 4788 ὼς
1452 4724 1573 4778 οὐδὲ
1603 4725 1672 4778 τὰ
1703 4725 1836 4778 καθα

237 4825 380 4879 ὁλου
413 4824 692 4893 ὁτήσεται.
727 4821 810 4874 Τά
852 4821 994 4891 μέρη
1031 4821 1140 4890 γὰρ
1177 4819 1234 4872 ὲν
1279 4820 1403 4881 ταῖς
1451 4818 1687 4889 ὁλότησι,
1739 4818 1834 4870 καὶ

234 4918 302 4972 αι
343 4916 602 4986 ὸλότητες
642 4916 701 4969 ὲν
723 4917 834 4977 τοῖς
868 4913 1062 4982 μέρεσι
1093 4911 1186 4964 καὶ⁵
1211 4911 1320 4963 εἰσὶ
1351 4911 1443 4964 καὶ
1471 4911 1832 4982 ὑφεστήκασι.

237 5012 365 5065 Καὶ
397 5009 571 5072 οὐδεὶς
593 5009 812 5079 ἀντερεί
833 5006 992 5074 λόγος
1012 5023 1027 5037 ο
1058 5003 1197 5074 πλὴν
1224 5004 1306 5057 ὅτι
1327 5003 1433 5057 ὐπὸ
1453 5003 1552 5073 τῆς
1577 5002 1835 5074 ἀληθείας

234 5107 442 5174 ὥσπερ
464 5103 828 5173 δεσμούμενοι
857 5100 1085 5162 ἄκοντες
1117 5099 1213 5151 καὶ
1243 5097 1398 5151 αὐτοὶ
1430 5097 1532 5166 τῆς
1578 5098 1836 5166 προνοίας

235 5193 351 5265 τὴν
378 5192 607 5263 δύναμιν
628 5189 1014 5258 ὲξαγγέλλουσι
1039 5187 1136 5241 καὶ
1157 5187 1245 5240 διὰ
1270 5186 1490 5240 πάντων
1511 5187 1717 5257 διήκειν
1733 5204 1836 5240 κα-

235 5282 654 5346 τασκευάζουσι
678 5282 748 5336 δι’
780 5274 855 5335 ὧν
886 5279 1070 5346 αὐτοῖς
1118 5276 1592 5331 κατεσπούδασαν.
1632 5279 1834 5345 Λέγον-

234 5393 344 5438 τες
377 5375 486 5448 γὰρ
520 5375 628 5428 ὑπὸ
656 5374 752 5444 τῆς
779 5374 1039 5444 προνοίας
1061 5371 1289 5440 ἄγεσθαι
1318 5370 1456 5442 μόνα
1487 5371 1555 5424 τὰ
1582 5369 1832 5436 καθόλου,

236 5469 544 5540 λελήθασιν
579 5467 809 5530 ἑαυτοὺς
840 5467 934 5519 καὶ
974 5465 1084 5518 τῶν
1124 5465 1264 5518 κατὰ
1312 5463 1478 5535 μέρος
1512 5460 1658 5518 εἶναι
1701 5463 1836 5533 πρό-

239 5579 404 5617 νοιαν
429 5560 705 5629 λέγοντες,
734 5558 794 5623 ἐξ
826 5560 1077 5629 ἀνάγκης
1103 5558 1241 5628 πρὸς
1291 5557 1392 5627 τὴν
1437 5556 1717 5627 ἀλήθειαν,
1771 5555 1838 5624 ἦν

241 5653 480 5724 φεύγειν
525 5651 943 5716 σπουδάζουσιν,
990 5650 1350 5720 ὑπαγόμενοι.
1407 5650 1470 5702 Εἰ
1519 5648 1628 5719 γὰρ
1675 5648 1837 5718 χάριν

1940 4647 2084 4704 tunt,
2120 4653 2303 4703 nemo,
2337 4645 2489 4708 puto,
2516 4651 2628 4691 non
2663 4635 2874 4691 videbit
2903 4651 3006 4690 nec
3048 4635 3164 4705 ipsa
3196 4650 3358 4706 posse
3401 4637 3525 4690 uni-

1937 4747 2096 4785 versa
2130 4739 2295 4784 stare.
2328 4729 2520 4783 Partes
2550 4727 2699 4782 enim
2737 4726 2791 4780 in
2839 4725 3072 4789 totitate,
3102 4734 3159 4781 et
3191 4726 3436 4782 totitates
3468 4729 3522 4782 in

1939 4821 2188 4890 partibus
2210 4828 2317 4874 tam
2346 4825 2474 4873 sunt
2497 4831 2662 4887 quam
2688 4815 3017 4871 subsistunt.
3039 4815 3229 4885 Neque
3251 4816 3359 4871 ulla
3385 4816 3524 4871 ratio

1940 4914 2299 4982 obloquetur;
2327 4909 2434 4964 nisi
2462 4909 2610 4978 quod
2637 4923 2668 4962 a
2689 4908 2922 4963 veritate
2953 4914 3209 4976 tanquam
3237 4907 3523 4966 constricti

1937 5007 2098 5063 inviti
2127 5006 2214 5061 vel
2251 5004 2356 5074 ipsi
2400 5001 2764 5072 providentiae
2795 5000 2907 5055 vim
2942 5000 3244 5070 praedicant
3277 5015 3376 5069 per
3408 5015 3527 5054 om-

1937 5099 2028 5154 nia
2058 5111 2284 5153 currere
2310 5103 2474 5164 atque
2509 5101 2764 5148 astruunt
2793 5107 2894 5162 per
2919 5107 2983 5146 ea
3013 5090 3216 5161 quibus
3251 5089 3354 5144 sibi
3382 5099 3526 5144 sata-

1937 5198 2093 5262 gunt.
2132 5187 2391 5242 Dicentes
2417 5184 2567 5239 enim
2595 5199 2623 5238 a
2655 5181 3003 5253 providentia
3027 5181 3373 5236 solummodo
3403 5181 3526 5236 uni-

1937 5295 2098 5335 versa
2145 5277 2310 5342 duci,
2357 5274 2719 5346 providentiae
2766 5273 2820 5326 in
2879 5271 3406 5327 commemoratione
3467 5287 3525 5326 se

1939 5373 2090 5443 ipsos
2131 5386 2253 5427 esse
2287 5368 2590 5440 particulas
2633 5365 3058 5429 obliviscuntur,
3096 5364 3422 5419 necessitate
3455 5364 3522 5417 ad

1934 5464 2246 5527 veritatem,
2278 5475 2442 5530 quam
2475 5457 2723 5513 devitarc
2753 5454 2999 5519 student,
3034 5454 3278 5510 deducti.
3311 5455 3446 5509 Nam
3477 5454 3524 5509 si

1935 5553 2299 5626 perennitatis
2330 5551 2504 5623 gratia
2538 5549 2796 5604 universa
2845 5556 3074 5602 censent
3115 5547 3524 5616 providentiam

1936 5647 2162 5711 mereri,
2193 5660 2312 5700 eam
2343 5643 2518 5698 multo
2560 5641 2727 5698 citius
2767 5639 2968 5694 mereri
3011 5639 3225 5713 singula
3251 5646 3525 5706 statuunt,

1547 5766 1781 5821 'VARlz'E
1827 5764 2121 5822 LECTION
2129 5763 2230 5820 ES.

322 5841 370 5875 ⁸ο
406 5843 592 5910 σοφοῖς
628 5837 753 5894 cod.
787 5839 928 5923 Gud.
