4012 6398
597 365 730 432 1191

1752 370 1814 430 S.
1855 363 2142 428 MAXlMI
2182 361 2692 426 CONFESSORIS

3683 371 3779 438 1152

595 486 652 538 in
681 484 886 554 quibus
917 491 1028 538 stat
1059 484 1448 542 universorum
1483 483 1801 555 perennitas
1829 490 1884 534 et
1927 481 2170 533 substan-

2279 477 2540 546 διαμονῆς
2563 479 2631 530 τὰ
2657 478 2887 532 καθόλου
2920 479 3175 550 προνοίας
3207 478 3484 546 ἁξιοῦσθαί
3523 499 3654 550 φασι,
3689 489 3781 540 ruri-

593 577 688 630 tia.
720 575 937 630 Etenim
969 576 1136 631 simul
1179 577 1494 632 adiciuntur
1535 575 1902 647 perennitate,
1953 584 2178 643 propter

591 665 898 721 naturalem
945 674 1003 720 et
1038 667 1476 724 indissolubilem
1507 669 1652 722 inter
1679 678 1799 722 sese
1831 665 2175 728 relationem,

593 755 667 810 ita
703 765 764 809 ut
793 757 968 812 altero
995 759 1050 812 in
1080 761 1486 828 perennitatem
1528 767 1878 821 conservato,
1905 773 2020 812 nec.
2042 757 2178 811 alte-

592 863 714 901 rum
762 847 832 902 ab
881 849 984 904 hac
1017 850 1265 906 custodia
1312 851 1489 906 aliena
1533 865 1676 914 esse,
1711 859 1770 905 et
1814 863 2008 904 rursus
2049 863 2176 904 cum

589 937 829 995 alterum
877 938 982 994 hac
1029 941 1391 1009 perennitatis
1438 941 1688 997 custodia
1733 940 2026 1002 exciderit,
2075 955 2180 995 nec

594 1028 832 1083 alterum
862 1043 927 1084 ea
970 1029 1110 1086 allici
1144 1033 1328 1089 dicere
1365 1049 1464 1103 par
1497 1034 1592 1088 sit.
1621 1033 1822 1088 Tribus
1847 1047 1980 1087 vero
2008 1033 2179 1102 potis-

591 1117 794 1196 simum
823 1119 1001 1174 modis
1023 1120 1196 1176 Deum
1225 1123 1486 1179 omnibus
1509 1123 1800 1194 providere
1827 1134 2046 1193 negant.
2070 1122 2180 1178 Aut

589 1209 738 1262 enim
776 1209 1027 1280 ignorare
1069 1229 1196 1268 eum
1238 1215 1600 1285 providentia:
1633 1217 1776 1270 viam
1817 1231 1882 1270 ac
1910 1215 2176 1270 rationem

590 1299 805 1364 dicunt,
836 1312 933 1357 aut
965 1305 1132 1368 nolle,
1165 1314 1260 1360 aut
1294 1323 1402 1362 non
1449 1323 1628 1377 posse.
1661 1308 1768 1363 Sed
1796 1307 2063 1378 profecto,
2092 1322 2178 1362 se-

590 1395 832 1448 cundum
857 1411 1184 1453 communes
1209 1399 1458 1454 omnium
1487 1401 1742 1455 nctiones
1769 1400 1947 1456 bonus
1971 1410 2028 1454 et
2055 1401 2178 1469 plus

591 1501 754 1554 quam
791 1486 972 1542 bonus
1001 1485 1145 1544 Deus
1178 1489 1318 1545 bona
1353 1500 1408 1546 et
1440 1507 1658 1562 semper
1687 1500 1746 1546 et
1775 1491 2032 1546 omnibus
2063 1506 2179 1546 om-

591 1576 723 1629 nino
751 1577 1035 1634 voluntate
1058 1596 1156 1635 sua
1187 1581 1446 1647 destinat,
1474 1593 1530 1637 et
1554 1583 1774 1652 sapiens
1801 1591 1858 1637 et
1886 1583 2176 1654 plusquam

589 1669 832 1737 sapiens,
861 1671 946 1724 vel
977 1673 1160 1742 potius
1185 1676 1366 1729 omnis
1395 1675 1678 1746 sapientiae
1704 1677 1844 1741 fons,
1881 1676 2032 1730 novit
2060 1690 2178 1729 om-

589 1759 721 1815 nino
747 1777 868 1830 quae
901 1765 1242 1832 conducunt,
1270 1775 1326 1821 et
1359 1776 1577 1836 potens,
1611 1768 1696 1822 vel
1731 1768 1916 1838 potius
1949 1767 2176 1822 inﬁnita:

588 1853 866 1920 potentiae,
899 1856 1171 1927 condigne
1196 1859 1309 1913 Deo
1334 1868 1390 1914 et
1414 1861 1810 1916 convenienter
1833 1860 1891 1916 in
1915 1859 2175 1916 omnibus

493 2017 500 2025 Ι
589 1943 788 2012 placita
821 1955 878 2000 et
925 1949 1159 2004 consilia
1207 1966 1306 2004 sua
1353 1953 1725 2008 conducibilia
1762 1952 1991 2023 pulchre
2022 1967 2178 2008 exse-

587 2036 799 2105 quitur,
831 2049 891 2093 ut
921 2040 1101 2095 bonus
1123 2049 1182 2096 et
1205 2044 1428 2112 sapiens
1451 2053 1507 2100 et
1537 2055 1756 2114 potens,
1781 2045 2054 2100 transiens
2080 2059 2177 2114 per

589 2135 788 2182 cuncta
819 2139 874 2184 et
897 2131 1133 2188 visibilia
1167 2143 1224 2188 et
1254 2135 1570 2200 invisibilia,
1601 2146 1658 2192 et
1692 2137 1946 2193 universa
1973 2144 2030 2192 et
2063 2136 2176 2192 sin-

589 2220 737 2290 gula,
767 2229 828 2291 et
859 2239 1026 2292 parva
1054 2235 1112 2281 et
1158 2242 1372 2298 magna,
1406 2238 1464 2284 et
1491 2241 1688 2286 cuncta
1715 2247 1837 2302 quae
1870 2230 2174 2286 secundum

588 2313 906 2382 quampiam
954 2317 1253 2386 cujuslibet
1298 2321 1516 2387 generis
1541 2320 1914 2376 exsistentiam
1945 2320 2172 2384 habent,

589 2402 724 2456 nihil
755 2403 823 2458 de
842 2404 1132 2472 bonitatis,
1159 2409 1444 2478 sapientiae
1469 2412 1728 2480 potentiae
1757 2427 1871 2466 suae
1904 2411 2174 2468 inﬁnitate

587 2495 895 2562 remittens,
923 2507 979 2552 et
1003 2499 1188 2555 omnia
1207 2501 1516 2557 secundum
1538 2503 1884 2574 singulorum
1903 2505 2174 2560 exsisteno

589 2585 678 2640 tiae
721 2587 989 2644 rationem
1021 2589 1130 2644 sibi
1169 2591 1304 2662 ipsis
1347 2602 1404 2648 et
1436 2593 1672 2651 invicem
1705 2597 1760 2650 in
1803 2596 2170 2652 indissolubili

584 2689 911 2734 cunctorum
943 2681 1140 2736 eodem
1173 2692 1231 2738 et
1259 2699 1401 2739 nexu
1432 2696 1490 2741 et
1518 2687 1840 2759 compagine
1875 2698 1931 2744 et
1973 2703 2170 2758 peren-

583 2768 756 2824 nitate
780 2785 1135 2830 conservans.
1163 2775 1308 2841 Quid
1329 2785 1537 2844 autem,
1569 2795 1754 2834 nonne
1785 2781 1958 2851 ipsam
1987 2797 2086 2851 per
2109 2796 2168 2837 se

583 2869 840 2943 naturam
869 2864 937 2920 de
967 2865 1176 2932 divina,
1206 2884 1332 2938 quae
1359 2873 1546 2926 omnia
1587 2881 1764 2936 curet,
1808 2873 2170 2943 providentiae

582 2934 936 3020 exsistentia,
991 2934 1303 3014 luculenter
1347 2960 1620 3019 instruere
1663 2963 1952 3018 videmus?
2009 2963 2168 3030 Quod

581 3045 731 3098 enim
763 3049 1090 3104 naturaliter
1116 3051 1278 3106 nobis
1323 3053 1682 3122 providentiae
1721 3054 1964 3126 cognitio
2001 3056 2200 3112 insita.

2280 583 2378 635 της
2419 567 2600 636 πολλῷ
2627 569 2893 638 πρότερον
2922 568 3208 634 ἀξιοῦσθαι
3240 571 3307 622 τὰ
3337 570 3480 624 κατὰ
3513 573 3656 642 μέρος
3703 579 3787 630 εἰσ·

2277 658 2522 726 ἀγουσιν,
2541 660 2598 710 ἐν
2619 652 2751 729 οἷςή
2778 659 2884 712 τῶν
2914 659 3144 714 καθόλου
3167 655 3397 731 διαμονή
3426 663 3516 715 καὶ
3534 663 3788 729 ὑπόστασις.

2277 747 2669 814 Συνεισὰγεται
2703 749 2812 817 γὰρ
2842 749 3092 820 ἀλλήλοις
3123 750 3296 803 ταῦτα
3339 751 3428 804 διὰ
3451 751 3546 820 τὴν
3575 753 3692 806 κατὰ
3717 757 3792 823 φύ-

2280 857 2364 894 σιν
2381 841 2666 896 ἀδιάλυτον
2687 841 2824 913 πρὸς
2855 841 3062 914 ἄλληλα
3087 842 3294 914 σχέσιν,
3330 842 3427 895 καὶ
3459 843 3664 914 θατέρου
3692 850 3794 918 πρὸς

2275 932 2536 1006 διαμονὴν
2601 935 3064 1006 συντηρουμὲνου,
3123 935 3258 1006 μηδὲ
3315 937 3378 990 τὺ
3435 936 3610 1009 ἕτερον
3638 939 3796 1010 ταύτης

2277 1021 2418 1079 εἶναι
2447 1028 2546 1096 τῆς
2573 1027 2824 1097 φυλακῆς
2877 1027 3185 1100 ἀλλότριον,
3235 1029 3336 1083 καὶ
3384 1029 3500 1093 ἐνὸς
3556 1029 3697 1084 πάλιν
3727 1034 3798 1102 τῆς

2277 1117 2415 1188 πρὸς
2450 1118 2716 1190 διαμονὴν
2755 1119 3005 1190 φυλακῆς
3038 1120 3426 1185 διαπίπτοντὲς
3467 1121 3594 1192 μηδέ
3624 1123 3680 1175 τὸ
3707 1116 3801 1176 iiiis

2275 1205 2478 1278 ταύτης
2496 1210 2786 1278 τυγχάνειν
2808 1208 2958 1277 λέγει
2988 1209 3304 1267 ἀκόλουθον.
3331 1211 3540 1274 Ἀλλως
3561 1228 3616 1264 τε
3634 1211 3681 1264 δὲ
3697 1214 3803 1265 κατὰ

2277 1299 2426 1369 τρεῖς
2445 1301 2682 1370 τρόπους
2711 1301 2774 1354 τὸ
2806 1301 2883 1372 μὴ
2913 1302 3133 1356 πάντων
3149 1301 3260 1356 τῶν
3291 1302 3466 1356 ὄντων
3495 1304 3719 1374 προνοεῖν
3738 1303 3803 1357 τὸν

2277 1391 2410 1445 Θεὸν
2440 1392 2678 1461 λέγεται.
2711 1394 2785 1446 Ἢ
2807 1395 2915 1464 γὰρ
2936 1394 3158 1463 ἀγνοεῖν
3182 1395 3348 1450 αὐτὸν
3368 1395 3584 1465 λέγουσι
3599 1395 3686 1464 τῆς
3707 1413 3804 1467 προ-

2277 1483 2424 1547 νοίας
2449 1484 2546 1554 τὴν
2581 1485 2825 1556 μέθοδον,
2857 1485 2892 1556 ἢ
2928 1487 3004 1557 μὴ
3037 1486 3350 1557 βούλεσθαι,
3393 1487 3429 1561 ἢ
3465 1489 3540 1560 μὴ
3575 1489 3804 1544 δύνασθαι.

2291 1573 2453 1627 Ἀλλὰ
2488 1574 2594 1646 μὴν
2631 1577 2775 1630 κατὰ
2807 1575 2909 1640 τὰς
2951 1577 3139 1642 κοινὰς
3169 1577 3392 1632 πάντων
3425 1578 3626 1641 ἐννοίας
3649 1579 3808 1646 ἀγαθὸς

2281 1665 2358 1718 ὢν
2392 1669 2487 1720 καὶ
2513 1667 2864 1740 ὑπεράγαθος
2889 1672 2917 1723 ὁ
2947 1669 3083 1734 Θεὸς
3107 1671 3197 1723 ἀεὶ
3231 1671 3456 1734 πάντως
3481 1670 3549 1724 τὰ
3579 1670 3704 1724 καλὰ
3723 1671 3810 1741 30-J-

2280 1759 2433 1812 λεται
2463 1759 2556 1812 καὶ
2587 1761 2750 1824 πᾶσι,
2785 1759 2881 1813 καὶ
2910 1761 3074 1828 σοφὸς
3107 1760 3376 1832 ὑπάρχων
3411 1761 3505 1814 καὶ
3530 1760 3809 1830 ὑπέρσοφος,

2284 1853 2483 1924 μᾶλλον
2511 1851 2570 1904 δὲ
2601 1851 2782 1921 πάσης
2823 1851 3016 1920 σοφίας
3051 1851 3226 1924 πηγὴ,
3251 1850 3516 1920 γινώσκει
3549 1851 3741 1914 πάντως
3763 1853 3810 1902 τὰ

2280 1943 2655 2014 συμφέροντα,
2684 1941 2872 2014 (174
2899 1942 2950 2014 b)
2989 1943 3085 1996 καὶ
3131 1941 3355 2007 δυνατὸς
3411 1941 3508 2007 ὢν,
3555 1941 3733 2013 μᾶλλον
3770 1941 3811 1994 δὲ

2277 2034 2736 2106 ἀπειροδύναμος,
2773 2035 2989 2104 ἐνεργεῖ
3025 2035 3244 2099 πάντως
3274 2035 3598 2106 θεοπρεπῶς
3631 2035 3686 2086 ἐν
3711 2034 3809 2086 πᾶσι

2277 2128 2346 2182 τὰ
2377 2127 2702 2198 ἐγνωσμένα
2725 2125 2877 2197 αὐτῷ
2915 2127 3012 2180 καὶ
3044 2126 3422 2198 βεϐουλημὲνα
3453 2125 3630 2189 καλῶς
3667 2126 3702 2156 ¹¹
3741 2123 3811 2176 καὶ

2279 2218 2652 2290 συμφέροντα,
2701 2217 2777 2282 ὡς
2827 2217 3031 2286 ἀγαθὸς
3063 2219 3157 2272 καὶ
3181 2217 3348 2286 σοφὸς
3377 2217 3476 2273 κα).
3503 2215 3732 2280 δυνατὸς,
3752 2214 3808 2267 δι-

2279 2315 2427 2370 ικνού
2437 2331 2596 2386 μενος
2626 2313 2718 2367 διὰ
2745 2313 2963 2368 πάντων
2985 2313 3096 2367 τῶν
3118 2329 3178 2366 τε
3201 2313 3416 2386 ὁρατῶν
3441 2310 3658 2366 καὶτῶν
3685 2310 3806 2379 ἀορά-

2275 2425 2404 2474 των,
2440 2409 2535 2462 καὶ
2565 2406 2674 2461 τῶν
2700 2404 2932 2460 καθόλου
2965 2407 3060 2461 καὶ
3087 2405 3196 2460 τῶν
3221 2404 3490 2476 μερικῶν,
3516 2405 3606 2458 καὶ
3631 2402 3726 2455 τῶν
3744 2419 3802 2472 μισ

2274 2479 2426 2570 κρῶν
2477 2501 2574 2554 καὶ
2627 2485 2743 2554 τῶν
2803 2499 3078 2570 μεγάλων,
3132 2499 3231 2552 καὶ
3286 2500 3512 2553 πάντων
3557 2497 3661 2550 τῶν
3705 2493 3804 2548 κατὰ

2273 2593 2456 2648 πᾶσαν
2479 2593 2578 2664 τὴν
2602 2592 2819 2647 οίανοῦν
2843 2593 3032 2646 οὐσίαν
3069 2592 3132 2644 τὸ
3185 2587 3331 2644 εἶναι
3385 2590 3638 2661 ἐχόντων,
3681 2585 3806 2656 μηδὲν

2273 2688 2452 2756 ὑφιεῖς
2476 2687 2578 2756 τῆς
2597 2687 2743 2740 κατὰ
2768 2687 2869 2756 τὴν
2893 2685 3210 2755 ἁγαθότητα
3240 2687 3337 2739 καὶ
3375 2685 3476 2756 τὴν
3520 2682 3700 2751 σοφίαν
3739 2678 3804 2732 καὶ

2269 2781 2370 2853 τὴν
2387 2780 2622 2851 δύναμιν
2651 2779 2940 2851 ἀπειρίας,
2965 2777 3061 2833 καὶ
3081 2779 3260 2832 πάντα
3289 2779 3435 2832 κατὰ
3472 2777 3566 2830 τὸν
3609 2774 3807 2828 tandem!

2268 2876 2363 2930 τοῦ
2391 2873 2532 2930 εἶναι
2560 2875 2719 2942 λόγον
2755 2875 2890 2946 πρός
2919 2892 2976 2928 τε
3007 2875 3178 2931 ἑαυτὰ
3213 2873 3310 2929 καὶ
3345 2872 3554 2944 ἄλληλα
3585 2868 3710 2924 κατὰ
3731 2867 3806 2927 τὴν

2269 2970 2558 3024 ἀδιάλυτον
2589 2969 2808 3022 πάντων
2849 2968 3108 3039 σχετικὴν
3134 2966 3403 3039 ἁρμονίαν
3444 2983 3506 3019 τε
3539 2963 3628 3016 καὶ
3663 2959 3806 3026 διαμο-

2267 3063 2367 3134 νὴν
2401 3061 2708 3133 συντηρῶν.
2735 3060 2802 3114 Τί
2833 3061 2911 3126 δὲ,
2944 3059 3120 3131 αὐτὴν
3147 3059 3274 3112 καθ’
3311 3058 3522 3128 ἑαυτὴν
3563 3057 3622 3108 οὐ
3671 3065 3804 3106 κατα-

583 3137 676 3200 sit,
719 3137 836 3208 ipsa
885 3149 1088 3196 natura
1137 3143 1286 3198 haud
1331 3145 1590 3216 exiguum
1623 3146 1832 3216 praebet
1865 3148 2168 3205 documen-

2270 3157 2502 3226 νοοῦμεν
2533 3154 2636 3226 τὴν
2663 3153 2828 3222 φύσιν
2850 3151 2980 3224 περὶ
3007 3151 3100 3206 τοῦ
3123 3147 3267 3206 εῖναι
3295 3149 3399 3222 τὴν
3429 3150 3524 3212 ἐπὶ
3547 3147 3710 3202 πάντα
3733 3137 3804 3192 τοῦ

585 3236 723 3292 tum,
771 3231 995 3298 quando
1025 3247 1128 3288 nos
1157 3235 1311 3290 nulla
1355 3237 1557 3306 praevia
1605 3238 1954 3296 institutione
1996 3242 2167 3297 veluti

585 3322 917 3390 propulsans
949 3324 1018 3380 ad
1049 3327 1221 3380 Deum
1249 3341 1348 3397 per
1376 3345 1572 3399 preces
1612 3331 1669 3385 in
1709 3332 1910 3387 subitis
1948 3334 2169 3391 casibus

582 3411 736 3466 illinc
757 3414 989 3469 salutem
1012 3433 1260 3487 quaerere
1283 3420 1529 3476 instruit.
1551 3421 1999 3496 Quotiescunque
2017 3426 2166 3481 enim

583 3503 771 3559 subito
817 3510 1149 3564 necessitate
1195 3511 1378 3581 aliqua
1421 3514 1966 3585 eomprebendimur,
2012 3519 2168 3574 invo—

584 3593 846 3662 luntarie,
875 3599 994 3654 sine
1019 3601 1131 3656 ulla
1154 3604 1356 3672 prmvia
1379 3605 1846 3673 consideratione,
1871 3607 2046 3663 Deum
2081 3607 2164 3663 in-

580 3700 781 3741 vocare
811 3687 1076 3756 solemus,
1123 3695 1462 3762 tanquam'si
1511 3696 1630 3766 ipsa
1674 3697 2021 3767 providentia
2061 3713 2167 3754 nos

579 3775 650 3830 ad
689 3791 768 3841 se,
795 3779 964 3836 nullis
1005 3782 1252 3840 consiliis
1296 3784 1788 3850 intercedentibus,
1824 3789 2085 3854 attrahat,
2109 3796 2168 3845 et

584 3869 840 3925 mentalis
875 3872 960 3927 vis
997 3883 1204 3930 nostrae
1241 3877 1592 3934 velocitatem
1645 3888 1974 3944 antevertat,
2019 3880 2165 3935 divi-

580 3975 824 4030 numque
855 3963 1118 4020 omnibus
1145 3968 1360 4023 caeteris
1400 3970 1730 4039 praesentius
1773 3971 2036 4026 auxilium
2079 3988 2168 4028 os-

585 4051 792 4106 tendat.
819 4054 1008 4124 Neque
1028 4072 1160 4112 vero
1189 4059 1560 4116 involuntarie
1590 4071 1788 4116 natura
1811 4078 1915 4118 nos
1935 4064 2003 4118 ad
2031 4063 2165 4118 illud

579 4142 730 4208 quod
760 4152 971 4200 naturae
997 4162 1194 4218 expers
1219 4159 1304 4205 est
1334 4151 1656 4208 deduceret.
1690 4154 1962 4209 Nimirum
1991 4156 2167 4225 quode

581 4245 802 4301 cunque
835 4235 1070 4290 alterum
1101 4237 1402 4310 quodpiam
1447 4243 1776 4300 naturaliter
1801 4247 2075 4316 sequitur,
2101 4255 2166 4302 ut

580 4329 839 4386 omnibus
862 4331 1184 4400 obscurum,
1210 4336 1447 4392 validam
1478 4337 1648 4394 habet
1675 4339 2046 4412 invictamque
2070 4343 2166 4398 de-

579 4423 951 4480 monstrandae
983 4426 1235 4483 veritatis
1269 4429 1399 4484 vim.
1427 4430 1484 4486 Si
1522 4447 1656 4488 vero
1683 4435 1811 4504 quia
1851 4433 2160 4509 impercep-

2269 3248 2404 3302 Θεοῦ
2433 3245 2696 3319 πρόνοιαν
2729 3245 2916 3314 σαφῶς
2943 3239 3110 3298 οὖσαν
3132 3242 3507 3308 διδάσκαλονς
3537 3234 3804 3306 Ἰέκμήριον

2267 3338 2378 3411 γὰρ
2399 3341 2460 3393 οὐ
2497 3339 2693 3411 μικρὸν
2721 3337 2816 3392 τοῦ
2865 3335 3113 3407 φυσικῶς
3163 3336 3299 3410 ἡμῖν
3355 3329 3685 3401 ἐνεσπάρθαι
3732 3322 3806 3390 τὴν

2266 3432 2364 3503 τῆς
2395 3432 2652 3503 προνοίας
2684 3429 2890 3500 γνῶσιν
2913 3430 2947 3500 ἡ
2978 3427 3144 3497 φύσις
3177 3426 3320 3494 αὐτὴ
3349 3425 3590 3486 δίδωσιν,
3611 3414 3806 3487 ὁπηνίκα

2262 3523 2334 3579 ἂν
2365 3523 2516 3593 ἡμᾶς
2547 3520 2850 3584 ἀδιδάκτως
2889 3517 3082 3589 ὥσπερ
3113 3517 3335 3572 ὠθοῦσα
3375 3515 3520 3589 πρὸς
3571 3511 3658 3566 τὸν
3704 3503 3806 3558 Θεὸν

2263 3613 2356 3668 διὰ
2388 3615 2498 3670 τῶν
2532 3613 2708 3684 εὐχῶν
2735 3614 2792 3666 ἐν
2823 3613 2941 3677 ταῖς
2969 3610 3230 3682 ἐξαίφνης
3269 3609 3671 3702 περιστάσεσιν

2265 3708 2358 3763 θεν
2391 3706 2574 3778 ζητεῖν
2600 3707 2700 3778 τὴν
2725 3704 3004 3776 σωτηρίαν
3037 3700 3465 3774 παρασκευάζεις
3493 3701 3563 3795 ηᾷ,
3613 3693 3720 3750 Tn‘
3761 3693 3808 3795 ci-

2265 3801 2478 3871 νάγκης
2505 3799 2614 3872 γὰρ
2657 3799 2812 3869 ἄφνω
2842 3796 3246 3869 συλληφθέντες
3275 3793 3672 3866 ἀπροαιρέτως,
3701 3793 3804 3872 ’πρ-ιν

2263 3869 2388 3946 τινα
2412 3869 2506 3944 καὶ¹
2541 3869 2870 3960 σκέψασθαι,
2900 3889 2993 3943 τὸν
3040 3887 3175 3942 Θεὸν
3230 3884 3606 3956 ἐπιϐοώμεθα,
3651 3877 3720 3940 ὡς
3755 3869 3805 3924 ἃν

2267 3985 2366 4056 τῆς
2387 3983 2645 4053 προνοίας
2666 3981 2838 4052 αὐτῆς
2863 3979 3004 4052 πρὸς
3022 3977 3225 4048 ἑαυτὴν
3247 3977 3346 4030 καὶ
3369 3971 3645 4044 λογισμῶν
3667 3961 3804 4072 χωρίς

2265 4077 2528 4144 ἑλκούσης
2561 4075 2729 4146 ἡμᾶς,
2758 4073 2854 4128 καὶ
2890 4071 2952 4126 τὸ
2977 4071 3143 4141 τάχος
3163 4070 3260 4140 τῆς
3295 4071 3352 4122 ἐν
3377 4069 3516 4138 ἡμῖν
3541 4067 3718 4132 νοερᾶς
3743 4067 3805 4146 it"

2267 4168 2453 4238 κῴσης
2473 4143 2780 4237 δυνάμεως,
2813 4165 2911 4218 καὶ
2940 4163 3159 4217 πάντων
3185 4159 3546 4232 ἰσχυροτέραν
3573 4153 3665 4222 τὴν
3685 4143 3803 4238 θείαν

2267 4235 2728 4330 προδεικνυουσης
2753 4253 3030 4326 βοήθειαν.
3067 4253 3186 4306 Οὐκ
3217 4250 3284 4305 ἂν
3319 4249 3376 4304 δὲ
3407 4250 3560 4320 ἡμᾶς
3597 4235 3802 4330 ἦγενμὰ·

2265 4325 2608 4424 προαιρετως
2633 4325 2858 4422 ἡφύσις
2887 4347 2984 4400 ἐπὶ
3017 4345 3078 4398 τὸ
3123 4347 3198 4414 μὴ
3233 4343 3395 4413 φύσιν
3424 4341 3546 4426 ἔχον
3576 4325 3800 4426 γίνεσθξι·

2267 4417 2383 4496 Πτᾶν
2411 4417 2469 4494 δέ
2512 4441 2574 4494 τὸ
2606 4417 2810 4509 ὁτῳοῦν
2833 4436 3082 4508 φυσικῶς
3110 4435 3399 4504 ἑπόμενον,
3421 4422 3505 4496 ὡς
3523 4428 3678 4484 πᾶσιν
3701 4417 3797 4509 ἆδῖγ

581 4511 754 4570 bibitis
785 4515 946 4572 nobis
973 4533 1038 4573 ea
1061 4534 1182 4588 qua:
1217 4521 1432 4594 singula
1475 4533 1635 4582 curet
1672 4500 2036 4596 providentiae
2075 4500 2162 4586 est

2270 4534 2355 4587 λον
2375 4570 2392 4594 ,
2467 4500 2698 4602 ἰσχυρὰν
2757 4500 2870 4600 ἔχει
2934 4529 3030 4582 καὶ
3078 4500 3508 4596 ἀκαταμάχητον
3555 4507 3802 4602 satis?

578 4605 743 4668 ratio,
775 4614 838 4660 ut
865 4609 1034 4662 etiam
1073 4619 1158 4666 est
1197 4614 1501 4670 secundum
1549 4617 1686 4674 illud
1717 4637 1730 4672 :
1759 4619 1932 4686 Quam
1978 4640 2164 4678 recon-

577 4693 690 4749 dita
735 4697 846 4766 ejus
867 4700 1094 4768 judicia,
1141 4713 1190 4757 et
1219 4722 1380 4775 quam
1409 4709 1792 4780 investigabile:
1821 4705 1937 4780 eius
1981 4716 2080 4770 uia:
2113 4717 2162 4782 δ,

579 4785 708 4841 ideo
740 4790 1142 4858 providentiam
1174 4798 1430 4867 negarint
1453 4816 1574 4856 esse
1609 4819 1734 4859 meo
1763 4806 1986 4874 quidem
2013 4808 2167 4880 judi-

577 4879 672 4933 eio
711 4879 858 4936 haud
903 4893 1051 4939 recte
1093 4887 1168 4940 ita
1197 4897 1468 4947 statuunt.
1513 4893 1651 4949 Nam
1693 4897 1739 4952 si
1775 4913 1966 4970 magna
1998 4909 2084 4954 est
2111 4909 2168 4956 et

579 4968 1030 5042 impereeptibilis
1057 4975 1203 5032 inter
1226 4979 1471 5050 singulos
1491 4983 1742 5041 homines
1763 4968 2156 5060 discrepantia,

575 5069 632 5117 et
661 5063 928 5136 cujusque
958 5066 1130 5136 ipsius
1163 5076 1521 5132 commutatio
1567 5086 1624 5132 et
1652 5079 1994 5147 vicissitudo,
2025 5082 2159 5138 dum

578 5151 635 5207 in
669 5155 794 5210 vita:
819 5173 1022 5227 genere
1055 5168 1112 5215 et
1137 5165 1386 5222 moribus
1419 5176 1476 5222 et
1499 5170 1876 5228 voluntatibus
1897 5181 1954 5228 et
1981 5175 2162 5230 consi-

576 5243 664 5300 liis
689 5256 747 5302 et
779 5250 1194 5320 cupiditatibus,
1228 5256 1282 5310 in
1313 5257 1534 5326 litteris,
1564 5262 1820 5332 negotiis,
1855 5265 2076 5332 studiis,
2105 5281 2164 5322 et

574 5335 631 5390 in
669 5338 802 5409 ipsis
836 5343 1039 5398 mentis
1067 5349 1496 5418 cogitationibus
1520 5365 1658 5420 pene
1685 5352 1938 5417 inﬁnitis,
1980 5357 2162 5411 omni-

538 5471 544 5476 -
573 5431 788 5504 basque
819 5435 901 5490 eis
933 5451 1056 5505 qua:
1083 5441 1331 5508 quotidie
1357 5451 1416 5497 et
1454 5443 1685 5514 singulis
1711 5459 1852 5513 pene
1877 5446 2030 5504 heris
2058 5452 2166 5507 alia

645 5583 671 5610 ο
701 5575 862 5632 Rom.
897 5594 969 5644 χι,
995 5579 1084 5633 55.

2263 4596 2553 4686 ἀπόδειξιν-
2572 4596 2668 4691 τῆς
2693 4596 2952 4690 ἀληθείας
2981 4616 3164 4688 (175
3200 4616 3256 4686 a)
3280 4617 3380 4686 τὴν
3410 4615 3652 4682 δύναμιν.
3679 4596 3800 4708 Elii

2261 4720 2346 4773 ὅτι
2373 4714 2761 4784 ἀκατάληπτος
2789 4717 2924 4784 ἡμῖν
2947 4714 3048 4782 τῆς
3084 4713 3194 4765 τῶν
3221 4711 3364 4766 κατὰ
3395 4711 3560 4782 μέρος
3589 4709 3796 4784 προνοιξς

2260 4809 2290 4860 ὁ
2319 4805 2496 4873 λόγος,
2521 4779 2714 4872 ὥσπερ
2747 4779 2845 4856 οὖν
2875 4802 2973 4856 καὶ
2995 4779 3112 4852 ἐστι
3139 4797 3283 4852 κατὰ
3309 4779 3407 4860 τδζ
3424 4779 3794 4873 Ὠςάνεξερεὺξ

2263 4913 2417 4964 mm
2472 4895 2545 4950 τὰ
2585 4896 2840 4962 κρίματα
2889 4894 3076 4948 αὐτοῦ
3134 4889 3236 4944 καὶ
3287 4865 3801 4980 ἀνεξιχνίαστοέξλ

2267 4989 2396 5044 ὁδοὶ
2421 4985 2632 5046 αὑτοῦ,
2664 4983 2754 5038 διὰ
2783 4983 2944 5038 τοῦτο
2984 4987 3144 5054 φαῖεν
3193 4983 3328 5054 μηδὲ
3380 4979 3632 5046 πρόνοιαν
3669 4973 3799 5054 emis

2265 5080 2367 5134 οὑκ
2415 5077 2592 5150 ὀρθῶς
2627 5074 2816 5146 ἐροῦσι
2865 5049 3011 5128 κατᾶ
3057 5073 3149 5129 τὸν
3194 5049 3328 5144 ἐμὸν
3370 5068 3570 5160 λόγον.
3614 5059 3676 5160 ΕΞ

2257 5172 2426 5241 πολλή
2455 5169 2542 5232 τίς
2568 5169 2718 5222 ἐστιν
2748 5167 2782 5237 ἡ
2815 5164 3052 5236 διαφορὰ
3081 5165 3176 5219 καὶ
3209 5159 3589 5229 ἀκατάληπτος
3619 5154 3710 5205 τῶν
3731 5154 3798 5241 ἦν’

2259 5231 2496 5336 θρώπῶν
2526 5231 2782 5316 ἑκάστου
2829 5231 3247 5329 προς-ἕκαστον
3283 5255 3380 5347 καλ
3415 5251 3613 5347 ὴςπρὺς

2261 5359 2494 5412 ἑκάστου
2518 5351 2814 5422 ἐναλλαγὴ,
2840 5351 2914 5462 ἐν,
2932 5351 3162 5462 τεῆβίοξς
3187 5345 3470 5462 καὶὶῆθεσί
3482 5336 3796 5462 καῗίνὶῗμῗέῗ

2263 5451 2359 5506 καὶ
2384 5446 2739 5520 προαιρέσεσι
2769 5445 2864 5498 καὶ
2896 5442 3239 5514 ἐπιθυμίαις,
3273 5437 3604 5509 ἐπιστήμαις
3635 5439 3690 5478 τε
3721 5429 3780 5473 κα

1840 5704 2075 5760 VARUE
2113 5703 2517 5760 LECTIONES.

647 5799 689 5833 ¹¹
723 5801 863 5856 καλὰ
886 5806 1010 5859 cod.
1048 5805 1186 5864 Gud.
1223 5825 1300 5864 m.
1325 5825 1410 5881 pr.
1490 5813 1534 5845 "
1563 5817 2056 5886 παρασκευάζουσα
2087 5816 2254 5872 habet
2275 5817 2668 5889 apngrapllum-
