4012 6396
236 449 361 518 1193
409 404 417 411 ﬁ
1463 449 1986 513 AMBIGUORUM
2023 445 2277 539 LIBER.
3347 434 3483 500 119:

231 559 426 635 χρείαις
457 560 551 616 καὶ
573 560 971 636 ἐπιτηδεύμασι
994 561 1090 618 καὶ
1121 559 1312 625 αὐτοῖς
1342 564 1457 627 τοῖς
1500 563 1643 618 κατὰ
1685 563 1792 633 ψυ-

1901 569 1952 617 et
1979 560 2085 615 alia
2133 557 2395 615 accidunt
2442 571 2550 611 una
2598 562 2971 610 commutatur
3021 552 3302 626 (versath
3335 556 3485 610 enim

231 654 325 726 χὴν
350 655 632 724 λογισμοῖς
659 655 910 728 ἀπείροις
936 651 1059 709 οὖσι
1095 652 1304 727 σχεδὸν,
1352 654 1449 708 καὶ
1496 656 1633 708 πᾶσι
1684 656 1795 718 τοῖς

1906 655 2026 719 hoc,
2082 651 2171 707 cui
2232 651 2399 705 homo
2450 664 2653 704 nomen
2708 656 2814 713 est,
2886 647 3111 712 animal,
3181 647 3294 703 cito
3346 656 3490 702 tcm-

229 747 343 800 καθ’
367 746 611 817 ἑκάστην
633 748 848 819 ἡμέραν
876 747 970 802 καὶ
989 746 1142 819 ὥραν
1172 745 1637 818 ὲπισυμϐαίνουσι
1662 763 1799 817 συμ-

1906 745 2129 814 poribus
2157 751 2322 813 atque
2354 740 2774 797 necessitatibus
2794 739 3238 813 commutatum),
3261 755 3490 796 necesse

232 837 698 909 μεταὸαλλομένου
744 838 1139 911 (ἀγχίστροφον
1182 836 1294 909 γὰρ
1325 836 1487 891 τοῦτο
1517 836 1581 889 τδ
1601 834 1740 901 ζῶον
1770 837 1799 889 ό

1906 845 1985 891 est
2030 835 2259 889 omnino
2292 833 2697 903 providentiam
2739 848 2984 903 quoque,
3016 833 3245 903 praescie
3291 842 3490 888 cuncta

228 932 524 1002 ἄνθρωπος,
549 931 722 996 ὀξέως
754 934 871 995 τοῖς
898 932 1114 1002 καιροῖς
1141 930 1236 983 καὶ
1262 931 1383 991 ταῖς
1415 926 1639 999 χρείαις
1658 943 1799 997 συμ-

1907 943 2002 998 per
2040 927 2254 996 singula
2299 925 2509 980 ambitu
2557 940 2659 980 suo
2703 926 3185 995 complectentem,
3216 925 3491 980 diversam

229 1023 741 1093 μεταϐαλλόμενον),
788 1023 1004 1094 ἀνάγκη
1046 1023 1201 1076 πᾶσα
1240 1022 1333 1075 καὶ
1374 1020 1474 1092 τὴν
1517 1020 1798 1090 πρόνοιαν,

1910 1032 1957 1075 et
1988 1020 2198 1074 variam
2239 1025 2294 1072 et
2337 1017 2700 1087 multiplicem
2730 1017 2927 1083 videri,
2977 1029 3164 1088 atque,
3210 1033 3338 1095 cum
3385 1034 3494 1073 una

226 1117 643 1187 προγνωστικῶς
670 1119 851 1173 πάντα
879 1116 1269 1186 ωνειληφυίαν
1289 1115 1435 1170 κατὰ
1454 1113 1802 1187 περιγραφὴν

1910 1126 2028 1167 cum
2064 1113 2233 1167 rebus
2259 1111 2398 1168 adeo
2429 1111 2814 1181 multiplicatis
2860 1121 2919 1165 ut
2961 1105 3216 1165 numero'
3239 1126 3494 1180 compre-

224 1211 290 1262 τὰ
320 1210 436 1264 καθ’
467 1209 703 1275 ἕκαστα,
734 1210 992 1281 διάφορόν
1020 1227 1081 1263 τε
1109 1213 1205 1263 καὶ¹
1232 1208 1486 1278 ποικίλην
1513 1206 1801 1277 φαίνεσθαι

1912 1204 2070 1259 bendi
2092 1213 2371 1274 nequeant
2390 1204 2744 1268 extendatur,
2767 1204 3075 1259 secundum
3096 1203 3301 1258 factum
3322 1204 3496 1274 quod—

224 1304 314 1354 καὶ
347 1291 661 1372 πολυσχιδῆ,
694 1303 791 1355 καὶ
812 1304 880 1374 τῇ
909 1301 1017 1356 τῶν
1038 1300 1507 1372 πεπληθυσμένων
1524 1299 1797 1369 ἀκαταλη-

1910 1310 2011 1366 que
2051 1302 2110 1350 et
2152 1295 2473 1366 cogitatum,
2505 1295 2590 1349 vel
2628 1309 2802 1364 usque
2831 1294 2885 1348 in
2924 1302 3121 1349 tenues
3152 1310 3276 1364 qua:
3324 1296 3494 1348 menti

225 1392 323 1464 ςιίᾳ
353 1385 840 1463 συνεκτεινομένην
876 1392 1098 1462 ἑκάστῳ
1137 1391 1471 1463 προσφόρως
1505 1388 1630 1443 καθ’
1670 1388 1803 1443 ἐκα-

1911 1394 1998 1441 aut
2022 1386 2239 1457 corpori
2264 1385 2590 1440 oboriantur
2620 1393 2804 1441 motus
2832 1385 3130 1455 unicuique
3160 1386 3495 1441 convenien-

228 1501 347 1536 στον
376 1484 469 1537 καὶ
499 1485 734 1556 πρᾶγμα
776 1483 872 1537 καὶ
910 1485 1111 1555 νόημα,
1157 1483 1321 1555 μέχρι
1362 1483 1460 1536 κα)⁸
1491 1482 1600 1535 τῶν
1629 1481 1803 1550 ψιλῶν

1914 1487 1988 1533 Ler
2028 1472 2458 1533 accommodari.
2498 1477 2655 1545 Quod
2704 1478 2750 1533 si
2798 1479 3141 1549 singulorum
3181 1480 3498 1534 diﬁ‘erentia

227 1577 538 1647 κινημάτων
568 1576 678 1630 τῶν
708 1577 848 1630 κατὰ
871 1577 1051 1648 ψυχὴν
1080 1577 1356 1646 καὶσῶμα
1372 1575 1800 1645 συνισταμένων,

1916 1572 2188 1628 notionem
2228 1572 2467 1637 Excedit,
2499 1578 2557 1627 et
2589 1570 2801 1626 inﬁnita
2848 1580 2934 1626 est
2967 1572 3108 1626 ratio
3138 1572 3500 1642 providentia:

226 1666 577 1737 ἁρμόζεσθαι.
617 1664 796 1721 Είοῦν
842 1667 952 1721 τῶν
1007 1669 1149 1722 κατὰ
1200 1668 1365 1739 μέρος
1415 1666 1806 1738 άκατάληπτός

1915 1664 2018 1719 illis
2065 1680 2123 1720 se
2155 1665 2552 1720 convenienter
2593 1664 3084 1730 accommodantis,
3132 1664 3362 1720 minime
3417 1673 3499 1718 ta-

223 1759 364 1811 ὲστιν
387 1761 419 1828 ἡ
456 1758 711 1830 διαφορά,
746 1760 842 1814 καὶ
865 1760 965 1830 τῆς
995 1759 1344 1832 ἁρμοζούσης
1369 1760 1555 1823 αὐτοῖς
1580 1758 1806 1823 εἰκότως

1915 1772 2053 1822 men,
2084 1772 2212 1812 cum
2246 1757 2460 1812 inﬁnita
2494 1766 2551 1812 et
2582 1756 3043 1828 imperceptibilis
3074 1757 3236 1813 nobis
3264 1758 3336 1812 sit
3367 1774 3499 1828 pro-

222 1855 472 1923 προνοίας
504 1853 731 1922 ἄπειρος
772 1853 801 1905 ὀ
826 1852 1005 1920 λόγος,
1042 1851 1160 1905 ἀλλ’
1193 1852 1314 1913 οὐκ,
1357 1851 1546 1922 ἐπειδὴ
1578 1850 1805 1922 ἄπειρός

1915 1844 2167 1904 videntis:
2209 1849 2454 1919 singulas
2497 1859 2679 1919 partes
2721 1849 3076 1921 procurantis
3124 1850 3305 1914 ratio,
3369 1849 3499 1904 inde

221 1916 283 1997 τέ
313 1945 401 1997 καὶ
429 1916 706 2012 ἄγνωστος
742 1944 875 2014 ἡμῖν
1035 1943 1145 1996 τῶν
1173 1942 1314 1997 κατὰ
1344 1943 1510 2014 μέρος
1533 1916 1805 2016 ⁷προνοίας

1917 1941 2135 2012 propria
2182 1940 2491 2011 ignorantia
2541 1941 3003 2011 sapientissimum
3057 1957 3242 1996 rerum
3290 1952 3501 1999 natura:

219 2037 249 2087 ό
284 2034 435 2102 λόγος
463 2034 748 2104 τυγχάνει,
794 2035 893 2107 τὴν
939 2036 1075 2089 ἰδίαν
1111 2036 1335 2104 ἄγνοιαν
1372 2034 1652 2105 ἀναίρεσιν
1683 2052 1803 2089 ποι-

1920 2033 2358 2102 procurationem
2396 2032 2590 2088 tollere
2618 2033 2905 2090 debemus.
2945 2032 3038 2087 sed
3074 2033 3260 2088 omnia
3291 2022 3504 2104 simpli-

220 2125 396 2178 εἰσθαι
422 2125 522 2196 τῆς
561 2127 841 2195 πανσόφου
873 2126 981 2179 τῶν
1010 2127 1179 2179 ὄντων
1234 2125 1561 2197 κηδεμονίας
1602 2124 1804 2194 ὀφείλο-

1915 2124 2051 2180 citcr
2079 2134 2138 2182 et
2163 2126 2283 2180 sine
2311 2127 2586 2192 examine,
2612 2127 2725 2182 Deo
2754 2128 3151 2182 convenienter
3176 2136 3234 2182 et
3268 2128 3499 2191 utiliter,

223 2235 342 2289 μεν,
375 2219 553 2272 πάντα
583 2219 642 2272 δὲ
682 2220 873 2283 ἁπλῶς
908 2219 1006 2272 καὶ
1048 2217 1807 2289 ἀνεξετάστωςνθεοπρεπῶς

2058 2216 2273 2272 identia:
2319 2217 2545 2272 laudare
2579 2233 2747 2288 opera
2792 2227 2855 2272 et
2894 2226 3121 2289 accepta
3172 2219 3402 2285 referre,
3448 2229 3505 2275 et
3620 2220 3642 2237 ‘

219 2327 280 2362 τε
309 2312 398 2363 καὶ
421 2312 832 2381 συμφερόντως,
862 2310 931 2363 τά
963 2309 1064 2378 τῆς
1086 2309 1343 2378 προνοίας
1380 2307 1568 2381 (1⁵15
1595 2308 1647 2377 b)
1711 2310 1803 2378 ὲφ-

1918 2322 2034 2376 qua:
2071 2305 2211 2361 ﬁunt
2255 2309 2396 2363 bene
2433 2308 2551 2363 ﬁeri
2598 2309 2901 2376 conlidere,
2966 2311 3183 2365 etiamsi
3234 2312 3502 2367 rationem

223 2405 411 2473 υμνεῖν
442 2403 581 2473 ἔργα
610 2403 704 2457 καὶ
733 2400 1114 2472 ἀποδέχεσθαι,
1137 2402 1234 2454 καὶ
1263 2400 1442 2464 καλῶς
1475 2400 1719 2469 γίνεσθαι
1742 2400 1807 2454 τὰ

1917 2415 2103 2455 eorum
2132 2416 2242 2454 non
2272 2416 2566 2470 possumus
2590 2403 2832 2473 assequi.
2867 2402 3078 2459 Cuncta
3106 2419 3240 2461 vero
3269 2404 3314 2460 si
3355 2404 3501 2467 dico,

220 2496 479 2566 γινόμενα
514 2495 816 2559 πιστεύειν,
869 2494 973 2549 κᾶν
1014 2496 1146 2565 ἡμῖν
1186 2495 1216 2546 ὁ
1253 2494 1411 2561 λόγος
1440 2495 1589 2547 ἐστὶν
1618 2493 1804 2562 ἀνέφι-

1918 2493 2271 2563 providentia:
2312 2510 2401 2550 res
2440 2494 2588 2560 dico,
2617 2495 2873 2551 videlicet
2902 2512 3011 2551 non
3042 2512 3105 2551 ea
3139 2513 3262 2568 qum
3287 2514 3318 2553 a
3344 2500 3502 2555 nobis

220 2605 369 2659 κτος.
395 2588 583 2641 Πάντα
603 2588 657 2639 δὲ
678 2586 857 2656 λέγων
893 2587 963 2640 τά
994 2588 1093 2656 τῆς
1124 2586 1387 2658 προνοίας
1420 2587 1585 2656 φημὶ,
1610 2586 1673 2639 οὐ
1702 2585 1804 2656 γὰρ

1919 2584 2216 2639 secundum
2280 2593 2483 2639 nostra:
2531 2585 2833 2640 voluntatis
2881 2594 2939 2641 et
2985 2584 3186 2642 indolis
3231 2589 3503 2646 rationem

219 2678 291 2733 τὰ
314 2678 500 2743 κακῶς
531 2678 622 2747 ὑφ’
656 2678 815 2749 ἡμῶν
844 2679 988 2733 κατὰ
1016 2678 1108 2731 τὸν
1141 2676 1236 2731 τοῦ
1275 2677 1321 2709 ³³
1357 2677 1442 2746 ἐφ’
1485 2677 1618 2747 ἡμῖν
1651 2676 1803 2745 λόγον

1920 2693 2080 2748 prave
2124 2676 2297 2743 ﬁunt;
2324 2677 2443 2731 haec
2469 2677 2618 2731 enim
2644 2694 2672 2731 a
2700 2677 3061 2747 providentia:
3096 2681 3310 2736 ratione
3344 2683 3504 2752 plane

219 2769 484 2841 γινόμενα
507 2785 521 2797 '
558 2768 734 2821 ταῦτα
763 2768 874 2837 γὰρ
907 2768 1001 2820 τοῦ
1027 2766 1169 2820 κατὰ
1199 2766 1302 2836 τὴν
1348 2764 1611 2837 πρόνοιαν
1650 2763 1803 2832 λόγου

1923 2770 2142 2824 absona.
2178 2768 2398 2824 Modum
2446 2769 2616 2840 igitur
2648 2770 2933 2825 rationalis
2975 2779 3032 2825 et
3059 2776 3507 2845 contemplativa:

219 2858 500 2922 παντελῶς
524 2858 932 2929 άλλότρια.,Τὸν
952 2858 1051 2929 μὲν
1076 2856 1172 2910 οὖν
1198 2856 1597 2926 σημαινόμενον
1614 2854 1803 2926 τρόπον

1977 2869 2232 2916 ucturum
2265 2860 2556 2931 potestatis
2584 2869 2643 2915 et
2685 2860 2877 2931 gratia:
2906 2852 2979 2916 ab
3022 2878 3222 2935 magno
3251 2864 3506 2935 hocma-
3544 2874 3555 2880 ‘

217 2953 350 3023 περὶ
379 2950 479 3020 τῆς
511 2951 621 3004 τῶν
645 2951 819 3017 ἁγίων
846 2950 988 3003 κατὰ
1022 2948 1114 3002 τὸν
1147 2946 1307 3017 λόγον
1332 2948 1427 3001 καὶ
1460 2945 1556 3018 τὴν
1574 2947 1801 3016 θεωρίαν

1924 2953 2084 3022 gistro
2109 2950 2480 3023 signiﬁcatum
2511 2935 2807 3022 postquam
2837 2954 3179 3024 conjectura,
3208 2971 3323 3012 non
3355 2966 3508 3012 certa

215 3042 501 3114 δυνάμεως
548 3060 608 3098 τε
660 3043 756 3097 καὶ
804 3043 1027 3113 χάριτος
1070 3041 1175 3095 ὑπὸ
1204 3040 1299 3094 τοῦ
1342 3039 1579 3111 μεγάλου
1615 3039 1799 3092 τούτοι

1924 3045 2373 3115 interpretatione
2397 3043 2657 3116 (multum
2682 3045 2832 3100 enim
2857 3046 3015 3102 abest
3042 3056 3104 3102 ut
3130 3063 3289 3105 mens
3317 3058 3508 3107 nostra

212 3137 541 3192 διδασκάλου
578 3137 721 3191 κατὰ
748 3136 809 3189 τὸ
844 3135 1071 3188 δυνατὸν
1115 3133 1513 3204 στοχαστικῶς,
1558 3130 1673 3185 ἀλλ’
1709 3131 1796 3184 οὐ)

1924 3135 2063 3191 illius
2085 3134 2380 3189 veritatem
2400 3133 2750 3208 mquiparet),
2775 3151 2877 3206 per
2894 3136 3041 3193 hanc
3074 3125 3508 3210 disputationem

213 3228 614 3298 άποφαντικῶς
639 3226 844 3301 (πολλῷ
868 3229 979 3299 γὰρ
1000 3227 1358 3281 ἀπολείπεται
1386 3225 1465 3296 τῷ
1496 3224 1682 3296 μέτρῳ
1711 3223 1797 3293 τῆς

1925 3226 2087 3282 verbo
2117 3226 2340 3297 assequi
2378 3214 2611 3299 ejusque
2653 3228 2816 3298 quasi
2844 3229 3079 3302 vestigia
3108 3231 3373 3305 indagare
3412 3250 3509 3294 co-

214 3320 340 3372 κατ’
398 3319 562 3373 αὑτὸν
606 3318 871 3390 ἀληθείας
907 3318 935 3370 ὁ
970 3316 1240 3388 ἡμέτερος
1276 3315 1446 3387 νοῦς),
1484 3315 1571 3368 διὰ
1596 3313 1704 3367 τῶν
1735 3316 1798 3366 εί-

1612 3313 1704 3367 εῶν
1735 3316 1811 3366 εἰ·
1839 3313 1887 3333 ν
1914 3326 2081 3377 natus
2102 3334 2248 3387 sum,
2276 3319 2441 3377 talem
2473 3336 2596 3377 esse
2621 3320 2893 3378 duntaxat
2922 3323 3196 3394 suspicor.

214 3405 477 3476 ρημένων
508 3405 841 3478 ὑποδραμὼν
873 3405 952 3477 τῷ
983 3406 1148 3477 λόγῳ,
1183 3406 1278 3460 καὶ
1307 3405 1498 3478 ὥσπερ
1523 3403 1813 3477 ίχνηλατή-

213 3515 343 3564 σας,
378 3499 582 3554 τοιόνδε
608 3500 733 3555 καθ’
767 3499 1028 3554 ὑπόνοιαν
1064 3500 1228 3573 μόνον
1255 3501 1420 3571 φημί.

206 3684 445 3751 Θεωρία
476 3682 767 3753 διάφορος
821 3682 933 3752 τῆς
976 3683 1365 3751 διαόαθείσης
1412 3682 1533 3738 ὑπὸ
1565 3681 1684 3736 τῶν
1741 3682 1790 3738 ἀι

1925 3679 2303 3751 Contemplatio
2364 3680 2571 3735 diversa
2636 3691 2913 3753 superata:
2979 3702 3013 3739 a
3072 3691 3275 3745 sanctis
3336 3702 3509 3749 mate-

282 3779 438 3850 τίων
492 3780 714 3849 ὑλικῆς
763 3779 1010 3847 δυάδος,
1047 3780 1146 3835 καὶ
1201 3780 1296 3847 τίς
1323 3780 1361 3849 ἡ
1393 3779 1463 3833 ἐν
1504 3776 1578 3847 τῇ
1618 3775 1814 3845 Τριάὸι

1982 3773 2134 3828 rialis
2167 3772 2375 3845 dyadis,
2410 3781 2460 3828 et
2507 3789 2755 3845 quianam
2795 3777 2855 3832 in
2880 3776 3140 3837 Triuitate
3177 3783 3511 3857 intelligatur

282 3871 596 3943 νοουμένη
629 3872 844 3940 ἑνότης
878 3873 973 3942 (ο).

629 3872 844 3940 ἑνότης
878 3873 973 3942 (ο).
1982 3866 2180 3920 unitas.

288 3986 395 4040 Διὰ
418 3986 475 4039 δὲ
504 3985 600 4040 τοῦ
636 3986 778 4058 ὑπὲρ
806 3986 907 4059 τὴν
932 3987 1125 4059 ὐλικὴν
1171 3987 1339 4042 δυάδα
1384 3988 1662 4057 γενέσθαι,
1721 3988 1813 4043 διὰ

1983 3981 2141 4049 Quod
2161 3991 2346 4039 autem
2379 3984 2720 4041 matcrialem
2751 3985 2986 4058 dyadem
3018 4000 3285 4061 superent
3309 3997 3511 4063 sancti,

122 4064 128 4069 ’
200 4076 315 4149 τῆν
344 4078 403 4129 ἐν
431 4080 499 4149 τῇ
528 4077 722 4145 Τριάδι
753 4076 1053 4147 νοουμένην
1091 4077 1342 4148 ἑνότητα,
1402 4078 1464 4130 τὸ
1518 4077 1660 4148 ὑπὲρ

1928 4087 2139 4148 ποριεῖ
2160 4078 2431 4133 unitatem
2457 4078 2512 4133 in
2530 4079 2805 4137 Trinitate
2828 4082 3193 4151 intellectam,
3211 4087 3512 4159 signiﬁcari

212 4168 362 4237 ὕλην
395 4166 654 4236 γενέσθαι
681 4166 777 4221 καὶ
800 4167 862 4219 τὸ
892 4163 1052 4232 εἶδος,
1092 4167 1153 4232 ἐξ
1181 4163 1255 4221 ὧν
1287 4168 1358 4221 τὰ
1388 4165 1639 4238 σώματα,
1685 4168 1796 4231 τοὺς

1930 4168 1983 4223 ib
2012 4184 2079 4224 eo
2107 4169 2362 4241 suspicor
2389 4172 2679 4227 materiam
2707 4183 2875 4245 atque
2904 4176 3162 4245 formam,
3205 4180 3353 4236 unde
3383 4192 3514 4239 sunt

200 4261 413 4330 ἁγίους
443 4259 629 4328 λέγειν
665 4259 881 4314 ὑπονοῶ
907 4259 1093 4326 αὐτὸν,
1132 4260 1166 4331 ἢ
1197 4263 1296 4331 τὴν
1342 4261 1522 4331 σάρκα
1573 4260 1673 4315 καὶ
1711 4260 1784 4332 τὴλ

1930 4272 2165 4328 :orpora,
2194 4269 2481 4330 superatas
2504 4271 2601 4316 aut
2629 4278 2854 4320 carnem
2877 4274 2936 4321 et
2962 4270 3277 4335 materiam,
3307 4274 3514 4342 quibus

202 4354 380 4423 ὓλην,
408 4353 590 4425 ἆσπερ
615 4355 939 4426 διασχόντας
971 4353 1075 4425 ἔφη
1127 4353 1248 4424 Θεῷ
1304 4352 1666 4421 συγγενέσθαι
1717 4370 1786 4407 κα

1928 4350 2180 4421 lisruptis
2207 4367 2332 4406 cum
2361 4353 2476 4409 Deo
2501 4357 2785 4426 congressi
2810 4359 3110 4428 purissima
3140 4362 3267 4418 luce
3300 4374 3512 4435 tempe-

198 4447 291 4518 τῷ
354 4448 816 4519 ἀκραιφνεστάτῳ
867 4447 1141 4519 κραθῆναι
1186 4447 1328 4517 φωτὶ
1381 4446 1782 4518 καταξιωθῆναι

2016 4443 2026 4498 i
2064 4451 2231 4514 atque
2263 4445 2525 4514 perfundi
2558 4444 2783 4513 mereri,
2818 4449 2924 4506 hoc
2953 4459 3041 4506 est
3065 4453 3262 4508 anima:
3286 4455 3356 4510 ad
3386 4471 3514 4511 car-
3598 4495 3600 4498 ι

198 4538 473 4591 τουτέστι
500 4541 599 4613 τὴν
623 4540 763 4611 πρὸς
807 4540 906 4612 τὴν
966 4542 1148 4610 σάρκα
1208 4540 1309 4610 τῆς
1365 4538 1548 4610 ψυχῆς
1602 4540 1782 4611 σχέσιν

1931 4551 2066 4602 tem,
2097 4543 2154 4591 et
2183 4552 2284 4607 per
2310 4554 2536 4594 carnem
2558 4540 2631 4619 ad
2655 4541 2902 4598 materia:
2928 4543 3279 4611 relationem,
3315 4547 3424 4614 vel,
3452 4557 3515 4604 ut

198 4632 311 4689 καὶ
338 4631 429 4685 διὰ
459 4631 562 4703 τῆς
598 4633 804 4707 σαρκὸς
835 4633 974 4705 πρὸς
1006 4634 1105 4704 τὴν
1139 4630 1313 4703 ὓλην,
1353 4632 1409 4702 ἢ“
1446 4631 1679 4686 καθόλου
1731 4633 1781 4685 εί

1929 4630 1975 4683 in
2003 4630 2323 4686 universum
2361 4633 2577 4704 loquar,
2613 4635 2766 4690 omni
2809 4637 3058 4694 sensuali
3096 4642 3338 4697 essentia
3383 4658 3513 4700 cum

199 4726 363 4789 πεῖν,
396 4726 580 4794 πάσης
598 4724 699 4795 τῆς
713 4724 1040 4796 αἱσθητικῆς
1062 4724 1249 4788 οὐσίας
1266 4723 1404 4794 πρὸς
1420 4724 1519 4794 τὴν
1547 4723 1782 4797 αἰσθητὴ

1929 4722 2168 4778 sensibili
2224 4725 2376 4780 exuti
2422 4727 2730 4783 naturalem
2784 4731 3211 4799 necessitatem,
3260 4735 3513 4792 divinum

192 4818 595 4892 ἀποθεμένους
639 4820 878 4891 φυσικὴν
922 4820 1257 4890 οἰκειότητα,
1294 4820 1395 4892 τῆς
1428 4820 1486 4873 δὲ
1522 4819 1674 4885 θείας
1719 4820 1776 4891 μί

1928 4815 2186 4872 duntaxat
2217 4830 2365 4875 recte
2402 4822 2708 4892 appetitum
2744 4826 2945 4889 secuti,
2980 4835 3213 4898 propter
3240 4829 3512 4886 unitatem

193 4929 314 4983 νης
342 4912 589 4984 γνησίως
621 4913 1059 4986 ἐπιλαϐομένους
1115 4915 1381 4982 ἐφέσεως,
1419 4913 1521 4969 ιδιά
1566 4913 1689 4984 τὴν,
1737 4912 1777 4965 ὼ

1928 4921 2060 4975 qua,
2090 4915 2156 4962 ut
2192 4909 2327 4975 dixi,
2373 4911 2431 4966 in
2461 4912 2733 4970 Trinitatc
2779 4916 3131 4989 intelligitur.
3177 4919 3318 4976 Cum
3359 4922 3512 4978 enim

196 5001 378 5075 ἔφην,
414 5006 714 5078 νοουμένην
741 5007 801 5059 ὲν
831 5009 899 5078 τῇ
929 5006 1122 5078 Τριάδι
1161 5006 1411 5076 ἑνότητα.
1462 5004 1655 5076 Μέσην
1703 5004 1777 5074 γά

1932 4999 2156 5055 nediam
2199 5000 2346 5058 inter
2380 5004 2557 5061 Deum
2596 5014 2655 5062 et
2684 5010 2977 5065 materiam
3022 5012 3345 5069 collocatam
3392 5016 3516 5070 ani-

195 5097 484 5168 κειμένην
529 5096 667 5167 Θεοῦ
711 5097 818 5154 ,καὶ
866 5096 997 5171 ὕλης
1025 5096 1124 5171 τὴν
1148 5098 1328 5168 ψυχὴν
1356 5097 1684 5165 ἐγνωκότες,
1718 5113 1779 5150 κα

1930 5108 2063 5148 ruam
2111 5110 2233 5152 esse
2283 5097 2693 5166 intellexerint,
2747 5111 2808 5158 et
2850 5103 3057 5161 habere
3100 5106 3157 5161 in
3212 5114 3514 5178 utrumque

196 5187 316 5251 τὰς
338 5188 478 5259 πρὸς
504 5190 674 5261 ἄμφω
702 5191 984 5255 ἑνοποιοὺς
1013 5192 1273 5260 δυνάμεις
1298 5190 1547 5261 ἔχουσαν,
1572 5189 1665 5242 τὸν
1688 5188 1780 5243 νοῦ

1926 5187 2149 5243 uniendi
2194 5204 2317 5245 sese
2346 5189 2736 5263 conﬁandique
2768 5203 3095 5266 potestates,
3142 5198 3510 5267 intellectum,

198 5277 366 5346 λέγω
401 5284 538 5354 πρὸς
555 5284 647 5337 τὸν
670 5284 803 5338 Θεὸν
831 5286 926 5338 καὶ
953 5287 1091 5356 πρὸς
1116 5283 1217 5354 τὴν
1252 5282 1387 5355 ὕλην
1411 5282 1510 5354 τὴν
1535 5281 1782 5353 αἴσθησιν

1944 5297 2165 5354 nquam,
2211 5283 2269 5338 in
2295 5284 2469 5341 Deum
2514 5294 2589 5343 ει-
2602 5286 2660 5342 in
2692 5289 2983 5345 materiam
3013 5305 3258 5358 sensum,
3287 5308 3528 5350 sensum:

194 5370 321 5442 τὴν
375 5375 473 5442 μὲν
528 5377 785 5448 αἴσθησιν
849 5378 989 5448 μετὰ
1035 5378 1143 5431 τῶν
1202 5376 1482 5447 αἰσθητῶν
1530 5375 1778 5432 παντελῶ

1931 5376 2143 5447 ιυίᾶειη
2172 5392 2281 5433 una
2304 5392 2429 5433 cum
2461 5378 2821 5435 scnsibilibus
2849 5381 3013 5452 plane
3038 5382 3383 5456 abjecerunt,
3415 5401 3515 5457 per

198 5464 413 5536 (176
444 5471 500 5530 α)
524 5470 940 5536 άπετινάξαντο,
969 5469 1114 5524 κατὰ
1137 5470 1236 5541 τὴν
1272 5472 1330 5524 ὲν
1361 5468 1605 5524 διαθέσει
1633 5486 1782 5541 σχετι

1927 5468 2204 5524 relativam
2253 5469 2321 5556 in.
2357 5470 2653 5528 affectione
2683 5473 3081 5544 operationem,
3110 5486 3168 5532 et
3197 5492 3300 5549 per
3333 5478 3511 5534 solum

197 5557 325 5629 κὴν
356 5558 662 5630 ἐνέργειαν,
691 5563 834 5617 κατὰ
862 5565 920 5617 δὲ
947 5563 1040 5617 τόν
1066 5564 1191 5617 νοῦν
1216 5563 1531 5633 μονώτατον
1553 5563 1778 5635 ἁρῤήτω

1928 5561 2260 5617 intellectum
2294 5562 2564 5620 ineﬁ'abili
2601 5566 2767 5623 modo
2807 5582 2929 5624 eam
2973 5568 3042 5624 ad
3076 5570 3249 5626 Deum
3291 5586 3512 5628 accom-

1548 5670 1784 5728 νΑιιιΑΞ
1817 5670 2114 5727 LECTIUN
2125 5671 2224 5730 ES.

285 5768 337 5802 ³³
369 5768 473 5825 Hic
501 5769 856 5837 vocabulum,
886 5771 1036 5842 quod
1067 5786 1195 5826 cum
1220 5769 1314 5825 τοῦ
1341 5771 1628 5844 jungatur,
1654 5769 1930 5827 excidisse
1957 5770 2230 5841 suspicor.
2260 5842 2265 5847 η

282 5885 370 5977 (Ο)
397 5886 481 5944 Cf.
508 5886 672 5958 Grcg.
704 5889 836 5944 Naz.
874 5889 1027 5945 Orat.
1076 5892 1166 5958 111,
1205 5892 1284 5946 De
1315 5910 1465 5965 pace,
1497 5909 1619 5966 cap.
1655 5893 1710 5964 8,
1747 5910 1806 5965 p.
1848 5894 1976 5966 450,
2010 5902 2155 5972 tom.
2177 5895 2220 5963 1,
2248 5866 2387 5968 Opp.
2421 5896 2511 5954 ed.
2547 5897 2683 5979 Ben.

394 5986 398 5990 '
496 6020 503 6027 ο
542 5981 817 6044 Ριτιιοι.
851 5984 969 6046 Gn.
1008 5985 1171 6048 XCI.
3156 5993 3238 6057 38

1850 6146 1883 6164 δ’
