4012 6372
257 434 396 503 11-37

1511 428 2034 491 AMBIGUORUM
2072 429 2325 489 LIBER.

3387 422 3405 485 1
3427 423 3525 488 193

252 556 387 626 περὶ
414 555 511 626 μὲν
543 552 612 607 τά
640 552 779 607 καλά
803 591 816 615 ,
869 550 980 604 εἴτε
1031 547 1100 603 τά
1124 546 1296 611 ὖντως
1324 543 1484 611 ὄντα,
1518 545 1629 598 εἴτε
1659 543 1731 597 τά
1751 561 1840 599 νο-

1944 558 2186 614 ρηεεεηε
2208 558 2364 609 vero,
2391 536 2636 598 dolorem
2664 558 2675 594 ε
2707 538 2847 595 adeo
2874 547 2933 594 ut
2958 538 3212 610 voluptas
3238 544 3294 593 et
3318 552 3492 593 coucu
3520 570 3527 577 -

256 649 524 719 μιζόμενσ
549 686 565 708 ,
618 647 719 716 τὴν
757 644 951 716 ἡδονὴν
988 642 1081 697 καὶ
1108 639 1208 714 τὴν
1238 636 1537 708 ἐπιθυμίαν
1557 678 1572 703 ,
1629 637 1759 709 περὶ
1784 635 1841 690 δέ

253 742 323 795 τὰ
352 739 532 810 φαῦλα
559 738 655 809 τὴν
681 737 859 807 λύπην
893 736 986 790 καὶ
1015 734 1108 788 τὸν
1138 732 1324 802 φόϐον.
1353 730 1525 784 Πάλιν
1545 729 1601 783 δέ
1628 729 1725 802 τὴν
1751 728 1844 782 λύ-

253 849 366 900 πην
416 829 714 901 διαιροῦσιν
763 831 843 892 είς
890 828 1155 898 τέσσαρα,
1215 824 1299 888 είς
1344 825 1495 896 ἄχος,
1540 825 1620 887 εἰς
1653 821 1838 892 ἄχθος,

254 924 338 986 εἰς
376 921 573 992 φθόνον
597 961 612 985 ,
664 922 743 983 εἰς
771 919 941 974 ἔλεον.
997 904 1108 972 Καὶ
1147 917 1210 970 τὸ
1244 916 1343 987 μὲν
1372 917 1505 986 ἄχος
1536 910 1677 968 εἷναί
1710 924 1841 982 φασι

251 1001 432 1085 λύπην
459 1013 703 1083 ἀφωνίαν
731 1009 1075 1082 ἐμποιοῦσαν
1103 1003 1185 1073 οἷς
1210 1008 1276 1062 ἂν
1302 1008 1615 1078 ἐγγένηται,
1637 1005 1725 1059 διά
1743 1005 1842 1074 τὴν

251 1107 336 1168 εἰς
364 1105 528 1174 βάθος
554 1103 790 1174 πάροδον
820 1101 915 1154 τοῦ
942 1099 1275 1168 λογιστικοῦ·
1307 1098 1368 1153 τὸ
1390 1098 1448 1153 δὲ
1475 1097 1638 1169 ἄχθος
1664 1096 1843 1166 λύπην

252 1198 531 1269 βαροῦσάν
560 1213 621 1248 τε
666 1196 761 1248 καὶ
791 1193 1106 1265 διοχλοῦσαν
1158 1193 1245 1245 ἐπ’
1271 1191 1596 1262 ἀϐουλήτοις
1624 1188 1843 1259 συμϐά-

252 1305 409 1343 σεσι·
461 1289 563 1345 τὸν»
598 1288 657 1341 δὲ
706 1287 901 1356 φθόνον
939 1286 1116 1357 λύπην
1141 1286 1230 1338 ἐπ’
1252 1284 1556 1353 ἀλλοτρίοις
1581 1282 1839 1351 ἀγαθοϊς⁶

247 1381 316 1433 τὸ
348 1382 406 1434 δὲ
448 1380 599 1444 ἔλεος
646 1379 824 1447 λύπην
856 1378 944 1431 ἐπ’
968 1378 1274 1450 ἀλλοτρίοις
1307 1378 1519 1439 κακοῖς.
1574 1374 1760 1429 Κακὺν
1785 1374 1844 1428 δέ

252 1470 436 1523 πᾶσαν
483 1467 663 1538 λύπην
710 1467 918 1536 ἔφασαν
972 1470 1036 1538 τῇ
1089 1469 1292 1538 ἑαυτῆς
1339 1466 1521 1535 φύσει.
1583 1465 1703 1520 Κᾶν
1733 1465 1844 1535 γάρ

248 1563 281 1614 ὀ
307 1560 595 1623 σπουδαῖος
615 1560 706 1612 ἐπ’
733 1559 1040 1630 ἀλλοτρίοις
1066 1558 1249 1628 (17⁸1
1271 1558 1324 1627 α)
1349 1556 1586 1627 λυπῆται
1628 1558 1841 1620 κακοῖς,

250 1654 331 1714 ὡς
359 1653 638 1723 ἐλεήμων,
691 1651 805 1704 ἀλλ’
827 1651 889 1704 οῦ
920 1651 1351 1722 προηγουμένως
1391 1649 1534 1703 κατὰ
1561 1647 1841 1719 πρόθεσιν,

251 1746 369 1799 ἀλλ’
394 1744 749 1814 ἐφεπομένως
779 1744 922 1796 κατά
949 1743 1293 1812 περίστασιν.
1333 1741 1393 1795 ’0
1419 1742 1477 1795 δὲ
1508 1740 1845 1810 θεωρητικὸς

251 1839 358 1891 κάν
401 1835 616 1898 τούτοις
660 1830 878 1903 ἅπαθὴς
919 1834 1210 1904 διαμένει,
1270 1834 1515 1903 συνάψας
1540 1832 1733 1886 ἑαυτὸν
1766 1830 1845 1902 τῷ

1945 637 2210 707 piscentia
2245 636 2312 691 ad
2345 636 2488 690 bona
2516 634 2829 705 pertineant
2857 640 2914 688 et
2938 633 3083 689 eirea
3112 647 3178 687 ea
3204 636 3525 702 appareant,

1944 727 2063 781 sive
2105 743 2295 781 revera
2343 733 2492 791 sunt,
2538 726 2653 780 sive
2697 734 2982 795 putantur,
3028 724 3177 779 circa
3211 724 3354 778 mala
3397 738 3529 778 vero

1918 819 2103 874 ‘dolor
2134 829 2193 876 et
2235 829 2435 878 metus.
2469 821 2684 876 Rursus
2714 820 2960 875 dolorem
2995 812 3249 873 dividunt
3295 800 3351 871 in
3397 834 3531 887 qua-

1946 919 2094 975 tuor,
2129 911 2182 965 in
2233 918 2547 978 mmi'orcm,
2599 912 2653 965 in
2688 909 3019 973 molestiam,
3057 909 3113 962 in
3154 908 3436 970 invidiam,
3473 906 3528 959 in

1945 998 2404 1057 misericordiam.
2435 1002 2614 1071 Atque
2657 1016 2950 1056 nuerorem
2989 1000 3183 1055 dicunt
3210 1015 3331 1054 esse
3372 997 3527 1053 dolo-

1946 1106 2059 1148 rem
2085 1083 2468 1151 obmutescere
2492 1094 2780 1149 facientem
2807 1101 2904 1148 eos’
2920 1093 3014 1163 qui
3039 1093 3149 1147 sint
3181 1093 3299 1162 ipso
3323 1080 3526 1156 allecti,

1945 1196 2241 1258 propterea
2265 1189 2413 1260 quod
2438 1205 2501 1243 ea
2527 1191 2725 1244 anima:
2749 1196 2879 1258 pars
2901 1176 3023 1256 quae
3046 1185 3275 1240 rationis
3306 1200 3372 1238 ac
3401 1199 3532 1238 con-

1945 1280 2058 1336 silii
2098 1282 2258 1336 sedes
2300 1291 2405 1347 est,
2454 1282 2559 1336 hoc
2588 1297 2675 1336 est
2718 1281 3047 1347 λογιστικῦν,
3091 1280 3147 1332 in’
3192 1276 3527 1348 profundum

1946 1370 2418 1442 transgrediatur;
2456 1373 2761 1426 molestiam
2797 1380 2979 1425 autem
3017 1370 3263 1424 dolorem
3292 1376 3529 1439 gravan-

1948 1470 2059 1517 tem
2088 1473 2144 1519 et
2178 1464 2495 1518 turbantem
2537 1465 2591 1518 in
2627 1458 2849 1519 casibus
2880 1461 3231 1533 injucun‘dis;
3266 1452 3529 1514 invidiam

1945 1570 2075 1610 vero
2108 1556 2352 1610 dolorem
2386 1556 2439 1609 in
2465 1557 2608 1610 ketis
2637 1557 2805 1610 rebus
2834 1557 3060 1622 alienis;
3094 1553 3529 1609 misericordiam

1945 1647 2185 1718 denique
2225 1649 2471 1702 dolorem
2525 1647 2579 1701 in
2626 1648 2792 1701 rebus
2830 1647 3026 1701 alienis
3069 1646 3318 1701 adversis
3364 1652 3530 1714 atque

1946 1740 2184 1794 miseris.
2233 1740 2432 1794 Malum
2481 1754 2612 1793 vero
2660 1736 2877 1793 omnem
2924 1738 3170 1793 dolorem
3216 1746 3533 1793 statuerunt

1930 1845 2044 1884 sua
2088 1830 2261 1899 ipsius
2297 1839 2514 1884 natura.
2540 1829 2769 1884 Etiamsi
2799 1829 2947 1883 enim
2988 1826 3076 1882 vir
3101 1827 3280 1881 bonus
3304 1827 3361 1881 in
3395 1825 3533 1881 alio-

249 1927 393 2000 Θεῷ,
423 1928 518 1981 καὶ
537 1927 647 1981 τῶν
667 1922 793 1997 τῇδε
822 1926 1103 1996 παρόντων
1124 1923 1512 1995 ἀλλοτριώσας.
1537 1919 1642 1977 Τὸν
1669 1924 1724 1977 δὲ
1747 1924 1843 1994 φό-

1951 1938 2071 1975 rum
2099 1922 2265 1977 rebus
2286 1922 2537 1977 adversis
2557 1922 2726 1987 dolet,
2756 1929 2819 1975 ut
2842 1920 3180 1985 misericors,
3209 1927 3393 1972 tamen
3421 1932 3529 1972 non

248 2021 350 2075 ϐον
377 2020 541 2074 πάλιν
565 2018 869 2090 διαιροῦσιν
899 2021 980 2082 εἰς
1002 2016 1063 2083 ἐξ
1081 2060 1096 2082 ,
1142 2016 1222 2081 είς
1246 2017 1424 2082 ὄκνον,
1462 2018 1542 2081 είς
1567 2016 1722 2081 αἰδὼ,
1760 2017 1842 2081 εἰς
1891 2076 1898 2083 ,

249 2112 538 2182 αἰσχύνην,
569 2112 647 2177 είς
672 2109 1030 2180 κατάπληξιν,
1061 2110 1143 2173 εἰς
1166 2109 1448 2180 ἔκπληξιν,
1474 2111 1558 2173 εἰς
1576 2110 1838 2179 ἀγωνίαν.

253 2205 364 2257 Καὶ
409 2203 502 2256 τὸν
550 2202 649 2273 μὲν
696 2202 854 2255 ὄκνον
905 2196 1048 2255 εἷναί
1089 2216 1263 2270 φασι,
1325 2201 1490 2272 φόϐον
1536 2201 1842 2272 μελλούσης

250 2295 533 2366 ἐνεργείας
555 2333 571 2358 ,
606 2295 706 2365 τὴν
736 2293 871 2347 αἰδὼ
899 2293 957 2347 δέ
988 2292 1156 2362 φόϐον
1198 2292 1294 2346 ἐπὶ
1321 2290 1620 2364 προσδοκίᾳ
1645 2294 1839 2362 ψόγου,

249 2387 350 2459 τὴν
397 2387 454 2440 δὲ
508 2385 774 2456 αἰσχύνην
817 2385 982 2453 φόϐον
1034 2384 1122 2438 ἐπ’
1166 2384 1380 2455 αἰσχρῷ
1429 2385 1839 2456 πεπραγμένῳ,

250 2480 351 2551 τὴν
395 2479 453 2531 δὲ
503 2477 849 2546 κατάπληξιν
897 2476 1063 2545 φόϐον
1111 2478 1176 2530 ἐκ
1227 2472 1473 2548 μεγάλης
1514 2476 1839 2545 φαντασίας,
1882 2532 1885 2539 ,

250 2573 351 2643 τὴν
401 2572 459 2624 δὲ
512 2569 777 2640 ἔκπληξιν
828 2569 994 2638 φόϐον
1051 2571 1117 2622 ἐκ
1170 2567 1427 2640 μεγάλων
1476 2569 1842 2640 ἀκουσμάτων

250 2664 349 2737 τὴν
396 2664 649 2735 αἰσθησιν
689 2661 1096 2734 ἀφαιρούμενον
1119 2702 1136 2730 ,
1187 2661 1287 2732 τὴν
1315 2662 1557 2729 ἀγωνίαν
1581 2661 1638 2714 δὲ
1676 2663 1841 2731 φόϐον

250 2755 636 2820 διαπτώσεως,
681 2756 964 2810 τουτέστιν
992 2754 1317 2824 ἀποτυχίας.
1370 2752 1701 2824 Φοϐούμενοι
1730 2756 1841 2828 γὰρ
1872 2752 1875 2755 ’

218 2860 223 2865 ”
250 2852 544 2920 ἀποτυχεῖν
574 2848 918 2919 ἀγωνιῶμεν.
983 2845 1227 2902 Καλοῦσι
1258 2847 1315 2900 δέ
1361 2864 1510 2908 τινες
1539 2848 1712 2920 αὐτὴν
1743 2852 1842 2903 καὶ

248 2942 476 2996 δειλίαν.
537 2940 643 2996 Iov
694 2942 751 2995 δὲ
801 2941 974 3012 θυμὸν
1021 2940 1186 2995 πάλιν
1232 2934 1376 2994 εἶναι
1419 2940 1641 3009 λέγουσι
1689 2940 1840 3005 ζέσιν

246 3036 347 3090 τοῦ
395 3036 752 3108 περικαρδίου
803 3037 1039 3107 αἵματος
1087 3035 1155 3088 δι’
1180 3035 1361 3104 ὄρεξιν
1402 3034 1836 3105 ἀντιλυπήσεως.

248 3129 531 3200 Διαιροῦσι
559 3129 615 3181 δέ
650 3129 741 3182 καὶ
768 3128 958 3182 τοῦτον
987 3129 1066 3192 εἰς
1091 3128 1237 3200 τρία,
1274 3129 1355 3190 εἰς
1378 3128 1569 3199 ὀργὴν,
1602 3128 1670 3198 ἦν
1694 3143 1841 3190 τινες

246 3222 520 3275 ἐκάλεσαν
548 3221 712 3291 χολὴν
741 3222 838 3275 καὶ
868 3219 1045 3291 χόλον,
1079 3221 1172 3274 καὶ
1200 3221 1280 3284 είς
1313 3220 1619 3291 μῆνιν,⁹καὶ
1642 3220 1721 3281 είς
1745 3219 1839 3272 κό-

246 3330 364 3367 τον.
399 3314 509 3367 Καὶ
535 3313 635 3376 τὴν
667 3313 766 3376 μὲν
795 3311 965 3376 ὀργὴν
990 3308 1132 3366 εἶναί
1159 3329 1292 3376 φασι
1324 3310 1497 3376 θυμὸν
1526 3311 1663 3376 πρὸς
1693 3311 1841 3376 ἐνὲρο

1948 3226 2135 3266 eessus
2172 3219 2409 3266 infelicis
2432 3221 2598 3281 atque
2632 3219 2748 3281 spei
2782 3219 3076 3267 frustratae.
3100 3219 3236 3267 Nam
3264 3219 3394 3267 dum
3425 3229 3536 3267 me»

1945 3302 2154 3357 luimus
2196 3319 2266 3358 ne
2294 3303 2409 3357 voti
2457 3312 2741 3373 compotes
2776 3304 2993 3370 ﬁamus,
3026 3312 3331 3376 torpemus.
3362 3305 3536 3373 Quam

243 3330 364 3367 τον.
399 3314 509 3367 Καὶ
535 3313 635 3383 τὴν
667 3313 766 3383 μὲν
795 3311 965 3384 ὀργὴν
990 3308 1132 3366 εἶναί
1159 3329 1292 3382 φασι
1324 3310 1497 3382 θυμὸν
1526 3311 1663 3383 πρὸς
1693 3311 1841 3381 ἐνὲρο

247 3423 408 3476 γειαν
437 3404 613 3476 ἀρχὴν
656 3405 751 3458 καὶ
786 3404 1001 3474 κίνησιν
1031 3402 1224 3474 ἔχοντα
1246 3443 1261 3465 ,
1312 3400 1346 3472 ἢ
1384 3400 1555 3472 θυμὸν
1585 3400 1841 3470 ἐνεργού-

250 3510 437 3566 μενον·
471 3494 571 3567 τὴν
603 3494 659 3547 δέ
691 3493 852 3565 χολὴν
885 3495 983 3565 τὴν
1012 3496 1080 3547 δι’
1104 3494 1266 3547 ἄλλου
1298 3492 1514 3563 ἄμυναν
1540 3492 1634 3546 τοῦ
1664 3491 1843 3562 λυπή-

246 3602 444 3649 σαντος
467 3602 483 3616 ·
539 3586 629 3638 τὸν
658 3585 715 3638 δὲ
748 3585 904 3655 χόλον
936 3586 1038 3655 τὴν
1066 3585 1136 3639 δι’
1156 3583 1350 3638 ἐαυτοῦ
1380 3584 1475 3638 τοῦ
1503 3584 1842 3656 λυπηθέντος

242 3677 604 3744 ἐπεξέλευσιν
632 3679 711 3739 είς
738 3678 832 3730 τὸν
859 3677 1178 3749 λυπήσαντα
1199 3694 1212 3708 ο
1269 3677 1369 3749 τὴν
1391 3678 1450 3731 δὲ
1481 3679 1642 3748 μῆνιν
1671 3677 1842 3749 Θυμὸν

243 3771 333 3832 εἰς
363 3767 667 3821 παλαίωσιν
721 3767 976 3839 (εἴρηται
1024 3769 1082 3821 δὲ
1135 3769 1287 3840 παρὰ
1328 3770 1389 3823 τὸ
1424 3771 1606 3838 μένειν
1651 3772 1747 3823 καὶ
1773 3772 1839 3843 τῇ

247 3861 448 3934 μνήμῃ
478 3861 958 3931 παρακατέχεσθαι
981 3860 998 3930 )
1018 3902 1034 3925 ,
1098 3861 1189 3913 τὸν
1227 3860 1284 3914 δὲ
1331 3862 1490 3915 κότον
1517 3861 1688 3932 θυμὸν
1718 3860 1842 3914 ἐλπι-

200 4003 205 4006 .
241 3952 523 4023 τηροῦντα
553 3952 748 4023 καιρὸν
790 3954 869 4015 εἰς
898 3953 1173 4023 τιμωρίαν
1197 3969 1212 3983 ⁸
1266 3953 1486 4025 εἴρηται
1512 3953 1571 4007 δέ
1606 3947 1757 4025 παρ’ὁι
1781 3953 1842 4007 τὸ

242 4046 464 4100 κεῖσθαι
502 4048 595 4101 καὶ
627 4042 801 4109 οὗτος.
844 4047 1120 4123 Διαιροῦσι
1155 4047 1211 4100 δέ
1248 4048 1578 4101 καὶτούτων
1609 4047 1842 4101 ἕκαστον

241 4140 335 4203 εἰς
363 4138 500 4192 ἀλλα
529 4139 724 4192 πολλά.
756 4138 937 4209 ’Ἀπερ
968 4142 1017 4191 εἰ
1057 4139 1348 4209 βουληθείη
1376 4157 1458 4204 τις
1489 4126 1557 4193 δι’
1579 4132 1843 4209 ἀκριϐοῦς

241 4230 554 4297 ἱξετάσεως
584 4231 922 4304 παραδοῦναι
949 4233 1136 4302 γραφῇ
1162 4272 1177 4297 ,
1214 4231 1393 4285 πολὺν
1412 4218 1659 4305 ἀθροίσει
1686 4230 1842 4299 λόγον

242 4325 347 4379 καὶ
391 4326 587 4395 χρόνον
630 4325 973 4395 δαπανήσει.
1025 4324 1099 4387 ὡς
1134 4310 1338 4394 (Pri
1361 4325 1411 4395 li)
1448 4324 1580 4395 μηδὲ
1615 4323 1842 4378 ἀνεκτὸν

238 4412 390 4470 εῖναι
418 4419 531 4481 τοῖς
560 4417 954 4487 ἐντυγχάνουσι
981 4416 1070 4472 διὰ
1098 4417 1160 4470 τὸ
1187 4417 1414 4486 πλῆθος.
1438 4416 1600 4484 Μέγα
1622 4415 1717 4469 οῦν
1748 4414 1841 4468 καὶ

237 4508 563 4593 θαυμαστὸν
612 4510 781 4573 ὅντως
828 4510 948 4562 ἐστὶ
1002 4510 1099 4563 καὶ
1147 4495 1350 4580 πολλῆς
1383 4509 1639 4579 δεόμενον
1669 4524 1841 4580 προσ-

1947 2028 2015 2070 ex
2047 2013 2295 2082 professo
2318 2022 2375 2068 et
2400 2012 2704 2068 secundum
2745 2010 3114 2083 propositum,
3140 2011 3237 2065 sed
3266 2009 3535 2065 sccunda~

1951 2109 2037 2163 rio
2067 2124 2168 2178 per
2209 2109 2578 2164 occasionem.
2607 2108 3080 2179 Contemplativus
3107 2118 3300 2163 contra
3341 2109 3429 2163 vel
3478 2108 3531 2161 in

1950 2196 2037 2251 bis
2069 2209 2230 2253 vacat
2271 2199 2495 2262 all‘ectu,
2540 2201 2653 2255 Deo
2679 2209 3063 2270 congregatus,
3100 2208 3157 2254 et
3183 2199 3270 2256 bis
3297 2192 3536 2255 terrenis

1950 2289 2117 2345 rebus
2140 2291 2431 2347 alienatus.
2457 2292 2660 2348 Melum
2686 2308 2822 2347 vero
2849 2307 3045 2347 rursus
3071 2287 3331 2348 dividunt
3362 2293 3417 2347 in
3442 2289 3535 2349 se:

1948 2386 2164 2454 partes,
2179 2384 2234 2439 in
2252 2386 2784 2456 tergiversationem,
2807 2383 3221 2450 verecundiam,
3242 2385 3533 2455 pudorem,

1949 2484 2251 2546 stuporem,
2275 2476 2808 2542 consternationem,
2837 2486 3138 2546 torporem.
3172 2476 3241 2532 Et
3270 2476 3529 2548 tergiver-

1914 2608 1917 2613 .
1948 2566 2217 2641 sationem
2244 2567 2467 2638 quidem
2502 2567 2776 2623 deﬁniunt
2807 2575 3017 2625 metum
3051 2567 3285 2624 actionis
3311 2568 3531 2633 futurae,

1946 2660 2342 2716 verecundiam
2374 2674 2507 2717 vero
2533 2674 2741 2717 metum
2771 2661 2841 2717 de
2879 2660 3290 2732 exspectatione
3313 2660 3533 2733 vitupe-

1948 2752 2047 2819 rii;
2084 2744 2351 2823 pudorem
2377 2750 2508 2810 dein
2556 2750 2764 2810 metum
2798 2746 2869 2809 de
2899 2769 2959 2810 re
2988 2753 3139 2824 turpi
3184 2744 3531 2824 perpetrata;

1948 2850 2230 2913 stuporem
2275 2852 2483 2899 metum
2511 2844 2580 2899 de
2625 2843 2817 2915 grandi
2850 2851 2907 2899 et
2930 2845 3244 2900 vehementi
3272 2844 3537 2917 imagina-

1948 2933 2099 2989 tione
2138 2942 2509 3004 conceptum;
2552 2934 3053 2989 consternationem
3083 2941 3292 3013 metum
3332 2951 3400 2989 ev
3434 2934 3537 2988 im-

1950 3026 2206 3082 manibus
2233 3027 2547 3081 rumoribus
2576 3027 2669 3096 qui
2702 3042 2923 3082 sensum
2961 3026 3249 3093 auferunt;
3282 3028 3534 3099 agoniam

1947 3104 2207 3189 denique,
2252 3119 2336 3173 vel
2372 3127 2672 3189 torporem,
2715 3128 2921 3173 metum
2952 3119 3160 3190 lapsus,
3198 3120 3252 3174 id
3288 3129 3375 3175 est
3414 3137 3538 3175 sue—

1948 3226 2135 3266 eessus
2172 3210 2409 3266 infelicis
2432 3221 2598 3281 atque
2632 3211 2748 3281 spei
2782 3211 3076 3267 frustratae.
3100 3192 3236 3267 Nam
3264 3214 3394 3267 dum
3425 3229 3539 3267 me»

1944 3404 2074 3454 sunt
2119 3398 2287 3454 etiam
2334 3399 2427 3470 qui
2480 3399 2831 3454 timiditatem
2880 3388 3124 3456 vocant:
3154 3400 3372 3473 Θυμὸν,
3421 3399 3538 3458 sive

1946 3489 2402 3560 indignationem,
2449 3508 2585 3546 vero
2630 3509 2822 3547 rursus
2867 3493 3306 3564 interpretantur
3353 3490 3539 3550 fervo?

1944 3586 2065 3637 rem'
2111 3583 2391 3652 sanguinis
2441 3584 2650 3639 circum
2701 3584 3006 3654 praecordia
3046 3586 3275 3655 propter
3319 3578 3538 3641 deside—

1943 3675 2087 3728 rium
2118 3674 2328 3728 doloris
2358 3672 2598 3729 vicissim
2634 3674 2936 3744 inﬂigendi.
2982 3674 3161 3730 Etiam
3210 3676 3355 3731 banc
3397 3677 3540 3732 divi-

1943 3764 2085 3819 dunt
2112 3765 2287 3818 m'odo'
2316 3766 2539 3834 triplici,
2571 3744 2623 3819 in
2663 3765 2854 3836 ὀργὴν,
2885 3782 3048 3835 quam
3090 3762 3342 3836 sunt‘qui
3370 3768 3536 3839 χολὴν

1943 3866 1999 3912 et
2026 3857 2180 3927 χόλον
2213 3852 2585 3928 appellarunt,
2618 3867 2673 3912 et
2716 3859 2771 3912 in
2811 3857 2995 3929 μῆνιν,
3037 3865 3095 3912 et
3134 3859 3190 3912 in
3236 3859 3411 3914 κότον.
3440 3860 3537 3916 Αι-

1943 3966 2051 4020 que
2097 3949 2265 4022 ὀργὴν
2316 3950 2540 4020 quidem
2592 3938 2865 4005 definiunt
2928 3949 3363 4021 indignationem
3413 3968 3539 4022 qua:

1943 4045 2277 4116 principium
2304 4054 2361 4099 et
2393 4053 2601 4099 motum
2634 4044 2801 4125 liabet
2824 4043 2890 4098 ad
2924 4044 3220 4114 agendum,
3253 4046 3369 4100 sive
3396 4045 3538 4100 indi—

1941 4138 2256 4209 gnationem
2307 4138 2598 4208 agitatam;
2649 4137 2812 4209 χολὴν
2862 4144 3046 4192 autem
3090 4137 3393 4193 vindictam
3438 4155 3539 4211 per

1942 4229 2179 4283 alterum
2221 4234 2494 4297 sumptam
2522 4226 2590 4281 de
2616 4242 2684 4282 eo
2714 4226 3098 4298 qui-injuriam
3130 4227 3345 4296 intulit;
3379 4230 3537 4300 χόλον

1942 4312 2206 4375 contrasi
2248 4319 2374 4389 quis
2409 4335 2508 4389 per
2539 4318 2805 4388 seipsum,
2857 4319 2949 4374 cui
2992 4321 3142 4375 illata
3185 4332 3272 4381 est
3312 4322 3532 4394 injuria,

1940 4434 2068 4473 cum
2096 4418 2189 4487 qui
2221 4415 2406 4471 intulit
2442 4416 2797 4485 persequitur
2825 4417 3033 4491 :pﬁvw
3076 4433 3246 4487 porro
3284 4420 3537 4491 indigna-

1943 4515 2149 4569 tionem
2181 4514 2685 4568 invetcrasccntem‘
2715 4513 2927 4583 (vocata
2963 4522 3048 4568 est
3079 4514 3227 4569 enim
3272 4519 3435 4587 μῆνις
3465 4520 3534 4575 de

234 4599 378 4670 οχῆς
404 4616 466 4652 τε
496 4600 593 4653 καὶ
622 4600 882 4670 σπουδῆς,
915 4600 1011 4654 καὶ
1041 4600 1148 4668 πρὸ
1177 4598 1385 4654 τούτων
1418 4598 1694 4669 τῆςνθείας
1718 4601 1836 4652 ἐπιο

1943 4620 2007 4658 eo
2037 4600 2184 4673 quod
2220 4602 2486 4658 memoria
2530 4601 2859 4673 retinetur);
2909 4602 3151 4674 denique
3192 4607 3352 4659 κότον
3393 4607 3569 4663 indi--

234 4691 474 4764 κουρίας
496 4732 511 4753 ,
565 4693 626 4745 τὸ
653 4692 948 4763 δυνηθῆναι
982 4692 1197 4763 πρῶτον
1228 4692 1326 4763 μὲν
1355 4692 1455 4762 τῆς
1484 4686 1679 4762 ὑλικῆς
1705 4691 1837 4745 δυά-

206 4782 333 4852 ,δος
377 4784 487 4836 τῶν
519 4784 777 4854 ἐμφύτων
803 4783 1079 4856 κρατῆσαι
1107 4784 1392 4854 δυνάμεων
1414 4825 1430 4847 ,
1485 4783 1658 4854 θυμοῦ
1693 4783 1839 4853 λέγω

232 4877 341 4931 καὶ
385 4879 718 4949 ἐπιθυμίας,
776 4879 872 4932 καί⁷
910 4878 1014 4957 τοῦ
1044 4880 1168 4932 κατ’
1195 4860 1367 4943 αῦτάς
1400 4878 1708 4957 μερισμοῦ,
1742 4860 1845 4932 καὶ,

236 4972 515 5042 μακάριος
569 4972 629 5037 ὃς
678 4973 834 5042 ἀγειν
886 4956 1122 5045 ετοίμως
1166 4973 1370 5037 ταύτας
1416 4972 1665 5047 ὅποιντῷ
1694 4972 1836 5043 λόγῳ

229 5062 392 5115 δοκεί
419 5062 705 5133 δεδύνηται
729 5103 744 5128 ,
801 5065 997 5136 μέχρις
1032 5065 1098 5120 ἂν
1123 5068 1236 5129 τοῖς
1264 5067 1591 5136 πρακτικοῖς
1620 5065 1711 5119 διὰ
1736 5066 1836 5134 τῆς

230 5153 444 5225 ἠθικῆς
502 5155 822 5226 φιλοσοφίας
868 5154 988 5222 ⁸τῶν
1034 5157 1319 5229 προτέρων
1368 5157 1699 5228 καθαίρηται
1746 5156 1835 5209 λο-

234 5263 486 5316 γισμων.

1943 4696 2257 4766 gnationem
2307 4703 2524 4765 tempus
2556 4695 2815 4750 vindictae
2856 4695 3175 4769 observans,
3222 4699 3318 4769 qui
3351 4684 3534 4756 dictus

1941 4774 2029 4844 cst
2066 4789 2198 4869 item
2244 4788 2370 4843 inde
2414 4788 2559 4871 quod
2588 4789 2746 4859 quasi
2774 4790 3097 4846 reconditus
3112 4792 3264 4863 jacet
3301 4793 3454 4857 intus
3485 4805 3536 4852 et

1943 4890 2148 4934 manet.
2178 4880 2440 4934 Dividunt
2469 4896 2600 4935 vero
2640 4881 2839 4936 horum
2868 4886 3304 4956 unumquodque
3336 4886 3395 4942 in
3429 4887 3535 4943 alia

1934 4973 2145 5053 multa;
2182 4988 2304 5052 qua:
2334 4973 2377 5028 si
2414 4973 2546 5053 quid
2592 4984 2845 5031 accurate
2888 4966 3215 5056 perquirere
3249 4986 3307 5033 et
3330 4977 3535 5035 litteris

1945 5046 2163 5119 tradere
2193 5046 2453 5133 voluerit,
2485 5050 2797 5122 sermonem
2842 5050 3075 5122 nimium
3120 5069 3434 5127 cumulabit
3478 5081 3536 5126 et

1945 5154 2163 5235 tempus
2187 5144 2448 5235 insumet,
2481 5172 2604 5226 quat
2627 5138 2967 5235 abundantia
2993 5148 3029 5214 a~
3060 5140 3362 5235 lectoribus
3398 5160 3532 5218 ferri

1944 5232 2067 5333 non
2082 5230 2289 5330 possit.
2324 5232 2572 5320 Magnum
2616 5230 2803 5330 itaque
2825 5261 2990 5322 atque
3019 5230 3404 5311 admirandum
3444 5256 3535 5328 rc-

236 5353 380 5393 vera
429 5329 534 5404 est,
579 5349 635 5395 et
685 5341 835 5410 quod
878 5342 1050 5396 multa
1118 5329 1427 5397 attentione
1486 5349 1544 5397 et
1587 5340 1793 5402 studio,
1842 5326 1907 5393 ac
1960 5326 2147 5418 divina
2192 5326 2496 5411 praeertim
2546 5357 2650 5411 ope
2701 5326 2971 5415 indigeat,
3021 5345 3263 5415 primum
3304 5326 3531 5418 quidem

122 5480 129 5486 .
236 5446 410 5502 posse
460 5434 802 5489 materialem
847 5436 1160 5491 innatarum
1209 5443 1545 5506 potestatum
1598 5435 1830 5509 dyadem
1871 5416 2157 5504 superare,
2219 5432 2673 5505 indignationem,
2718 5437 2981 5515 inquam,
3011 5445 3068 5492 et
3130 5416 3532 5510 concupiscen-

235 5526 416 5589 tiam,
438 5539 740 5596 earumque
770 5527 824 5581 in
869 5543 1007 5598 quas
1048 5534 1241 5598 patent
1267 5528 1457 5583 divisae
1487 5529 1722 5599 species,
1758 5534 1923 5596 atque
1953 5527 2149 5582 beatus
2200 5536 2284 5582 est
2330 5527 2423 5598 qui
2490 5528 2745 5598 expedite
2778 5528 2876 5584 bas
2931 5522 3135 5585 ducere
3198 5520 3531 5605 quocunque

236 5619 448 5674 rationi
499 5618 740 5689 placebit
780 5620 1043 5689 potuerit,
1090 5631 1283 5691 usque'
1302 5621 1432 5676 dum
1477 5619 1761 5691 practicis.
1794 5618 1849 5673 id
1910 5626 1995 5673 est
2061 5618 2275 5699 activis,
2341 5621 2411 5676 ab
2446 5620 2526 5675 eis
2560 5636 2699 5691 quas
2731 5618 2860 5679 ante
2895 5620 3089 5678 habuit
3132 5608 3401 5695 purgetur
3433 5639 3534 5694 per

235 5710 656 5783 philosOpbiam
697 5712 988 5767 moralem.

1838 5848 1911 5859 ..-
