4012 6368
529 379 666 445 113⁸]

592 585 772 639 scandi
806 582 1066 655 {acaltate
1089 578 1345 655 pt'a’ditits
1373 593 1449 637 est
1468 601 1585 637 cum
1624 582 1734 654 lege
1767 591 1977 636 naturw
2006 598 2112 635 non

581 677 778 730 debeat
805 672 1133 747 conjungere
1194 673 1364 747 legem
1412 678 1713 749 sapientiw,
1760 675 1969 747 etquid
2014 673 2115 729 sibi

590 769 711 825 velit
756 767 937 824 littera
963 768 1129 841 alpha
1151 769 1448 825 Abrahami
1481 771 1683 824 nomini
1709 769 1914 824 addita.

592 886 806 942 Deinde
857 903 992 944 vero
1042 888 1213 944 etiam
1262 903 1526 958 superare
1574 903 1671 943 eas
1720 895 2026 958 potestates
2047 901 2112 941 ac

520 995 754 1050 prorsus
778 991 1068 1048 excutere,
1108 989 1369 1053 tanquam
1422 982 1655 1052 Agarem
1692 990 1749 1036 et
1803 980 2110 1046 lsmaelem,

527 1073 883 1130 Abrahamus
911 1073 1005 1129 ille
1034 1088 1288 1145 magnus,
1321 1090 1452 1130 cum
1477 1075 1600 1146 ejus
1629 1088 1787 1128 mens
1806 1073 1917 1144 jam
1953 1080 2016 1127 ut
2055 1072 2111 1127 in

523 1166 692 1222 lsaaci
726 1165 878 1221 illius
897 1164 1174 1222 sacriﬁcio
1195 1165 1343 1223 circa
1378 1165 1571 1221 divina
1596 1163 1914 1236 spectacula
1948 1179 2110 1219 exer—

1715 379 1777 438 s.
1800 350 2108 437 .MAXIMI
2149 375 2665 439 CONFESSORIS

523 492 915 565 Contemplatio
947 508 1009 545 ea:
1048 490 1331 562 Scriptura
1359 491 1422 544 de
1481 508 1539 544 eo
1605 491 1743 562 quod
1787 492 1877 562 qui
1913 506 2105 562 cogno-

2220 492 2442 560 Θεωρία
2468 493 2537 545 ἐκ
2568 491 2678 561 τῆς
2708 491 2958 562 Γραφῆς
2985 492 3122 562 περὶ
3148 491 3255 547 τοῦ
3277 491 3362 562 μὴ
3388 491 3517 547 δεῖν
3540 494 3635 546 τὸν
3654 514 3771 567 γνω-
3886 519 3901 535 κ

3660 378 3767 445 1200

2291 582 2509 637 στικὸν
2534 583 2613 650 τῷ
2636 583 2747 654 τῆς
2770 585 3013 655 φύσεως
3036 588 3201 656 νόμῳ
3221 588 3327 640 τὸν
3346 585 3461 655 τῆς
3476 588 3679 655 copim;
3692 593 3772 644 Jo-

2288 695 2399 746 γον
2425 677 2793 743 συνάπτειν,
2849 679 2945 732 καὶ
2977 678 3070 745 τίς
3100 680 3139 747 ἡ
3168 677 3488 747 προσθήκη
3518 678 3613 733 τοῦ
3641 680 3775 751 ἄλφα

2288 770 2596 839 στοιχείου
2626 773 2713 838 εἷς
2739 772 2805 825 τὸ
2835 771 3025 841 ὄνομα
3054 772 3162 827 τοῦ
3192 772 3471 842 Ἀϐραάμ.

2291 883 2525 937 Ἔπειτα
2551 882 2610 937 δὲ
2639 884 2736 938 καὶ
2765 884 2907 957 ὑπὲρ
2939 884 3111 950 αὐτὰς
3133 885 3389 955 γενέσθαι
3417 885 3511 940 καὶ
3534 887 3776 952 παντελῶς

2217 973 2571 1040 ἀπώσασθαι,
2599 974 2677 1038 ὡς
2698 974 2797 1043 τὴν
2813 976 2998 1046 Ἀγαρ
3021 977 3235 1031 καὶτὸν
3259 976 3506 1048 Ἰσμαὴλ,
3521 977 3550 1029 ὁ
3564 976 3780 1050 Ἀϐραὰμ

2216 1066 2427 1130 ἐκεῖνος
2461 1068 2491 1121 ὁ
2520 1067 2697 1137 μέγας
2722 1108 2737 1133 ,
2792 1066 2888 1121 τοῦ
2923 1066 3238 1137 λογιστικοῦ
3287 1068 3391 1141 ῆδη
3443 1067 3573 1139 περὶ
3598 1068 3661 1122 τὰ
3684 1068 3782 1125 θεῖα

2216 1159 2360 1215 κατὰ
2413 1160 2506 1214 τὸν
2551 1159 2746 1214 Ἰσαὰκ
2792 1161 3005 1213 ἐκεῖνον
3065 1158 3458 1235 γυμνασθῆναι
3514 1158 3782 1229 δυναμένου

519 1260 635 1316 ceri
665 1259 835 1323 norit,
860 1275 893 1314 a
914 1274 1052 1315 voce
1077 1259 1269 1315 divina
1316 1275 1416 1331 per
1442 1259 1832 1330 cogitationem
1881 1257 2105 1314 descen-

2216 1254 2493 1324 θεάματα,
2525 1252 2632 1306 ὑπὸ
2659 1253 2762 1324 τῆς
2788 1252 2934 1307 κατὰ
2963 1252 3064 1323 τὴν
3090 1253 3297 1322 γνῶσιν
3325 1252 3636 1324 φερομένης
3659 1251 3786 1318 θείας

517 1351 739 1406 dentem
763 1350 1021 1406 eruditus
1052 1350 1300 1407 divinam
1357 1351 1551 1408 liberae
1586 1349 1893 1421 Spiritualis
1918 1342 2112 1422 cogni-

2217 1345 2408 1418 φωνῆς
2457 1345 2888 1418 διδασκόμενος,
2953 1345 3031 1416 μὴ
3077 1345 3345 1399 δύνασθαι
3394 1344 3458 1397 τὸ
3511 1344 3649 1398 κατά
3683 1344 3786 1399 νοῦν

518 1443 686 1499 tionis
709 1443 766 1498 in
790 1451 979 1500 mente
1007 1444 1353 1516 progeniem,
1399 1461 1523 1515 quae
1546 1460 1673 1500 cum
1712 1443 1899 1501 servili
1927 1443 2105 1501 carnis

2217 1439 2360 1494 θεῖον
2391 1438 2493 1509 τῆς
2520 1438 2819 1511 ἐλευθέρας
2849 1438 2993 1494 κατά
3020 1436 3243 1508 πνεῦμα
3266 1435 3526 1506 γνώσεως
3547 1435 3786 1507 γέννημα,

515 1535 727 1590 semine
753 1535 1059 1606 conjuncta
1092 1544 1199 1602 est,
1255 1536 1470 1591 beatam
1498 1536 1980 1592 annuntiationem
2010 1536 2111 1590 im-

513 1637 734 1698 petrare
776 1642 890 1684 non
946 1643 1148 1699 posse,
1203 1645 1328 1700 quae
1382 1639 1468 1685 est
1514 1629 1884 1685 deificationis
1933 1627 2111 1701 gratia

511 1737 706 1777 eorum
729 1738 852 1792 qua:
882 1722 1181 1778 Dominum
1204 1723 1447 1795 diligunt
1470 1724 1590 1794 spei
1627 1724 1901 1795 exposita,
1938 1739 2108 1794 quam

2213 1530 2293 1603 τῷ
2338 1528 2575 1602 δουλικῷ
2621 1533 2722 1603 τῆς
2770 1531 2975 1605 σαρκὸς
3026 1529 3477 1601 ὲπισυνημμένον
3519 1527 3787 1598 σπέρματι,

2213 1625 2316 1695 τῆς
2345 1624 2627 1697 μακαρίας
2659 1627 2846 1696 τυχεῖν
2877 1623 3246 1695 ἐπαγγελίας,
3295 1623 3422 1694 ἥτις
3452 1622 3600 1675 ἐστὶν
3628 1622 3660 1691 ἡ
3688 1619 3788 1673 κατ’

2215 1717 2442 1783 ἐλπίδας
2491 1717 2835 1789 προκειμένη
2884 1719 2998 1782 τοῖς
3039 1716 3303 1788 ἀγαπῶσι
3346 1714 3442 1769 τὸν
3474 1713 3675 1785 Κύριον
3708 1712 3790 1782 τῆς

513 1814 693 1886 typice
722 1816 836 1887 jam
865 1815 1291 1886 anticipaverat,
1310 1817 1567 1873 monadis
1584 1817 1784 1873 rationi
1814 1832 1916 1888 per
1943 1816 2105 1873 ﬁdem

2215 1808 2467 1875 θεὼσεως
2520 1813 2720 1883 χάρις,
2789 1811 2859 1884 ῆν
2907 1812 3012 1882 ῆδη
3073 1808 3323 1874 τυπικῶς
3369 1809 3588 1879 ὑπῆρχε
3628 1822 3790 1877 προει-

516 1906 749 1978 mystice
782 1907 1101 1979 adjunctus,
1126 1924 1236 1978 qua
1265 1908 1561 1965 uniformis
1593 1909 1792 1973 factus,
1815 1909 1901 1963 vel
1924 1909 2105 1979 potius

2214 1902 2422 1975 ληφὼς,
2457 1903 2535 1975 τῷ
2562 1905 2695 1976 περὶ
2726 1904 2959 1976 μονάδος
2980 1904 3125 1976 λόγῳ
3151 1904 3242 1958 διὰ
3268 1902 3513 1964 πίστεως
3542 1899 3790 1970 μυστικῶς

509 1996 579 2053 de
604 1996 797 2052 multis
822 2013 991 2064 unus,
1042 1998 1200 2053 solus
1242 2002 1312 2054 ad
1374 1999 1554 2055 solum
1580 2000 1744 2071 plane
1776 2000 1952 2055 Deum
1987 2016 2107 2055 ma-

425 2134 469 2168 ης,
513 2090 718 2162 gniﬁce
748 2102 1121 2165 congregatus
1142 2101 1250 2161 est,
1285 2093 1439 2149 nulla
1472 2093 1703 2148 omnino
1760 2093 1912 2148 circa
1955 2092 2107 2149 aliud

510 2185 647 2256 quid
666 2200 862 2241 eorum
888 2201 1012 2258 quas
1058 2185 1325 2257 dissipata
1377 2195 1507 2242 sunt
1550 2186 1964 2256 qualiscunque
2008 2200 2106 2240 co-

511 2276 781 2348 gnitionis
825 2277 1069 2350 imagine
1134 2278 1300 2335 simul
1329 2278 1502 2345 illata,
1544 2278 1599 2333 id
1624 2279 1773 2350 quod
1822 2279 1987 2350 alpha
2015 2278 2108 2333 lit-

510 2378 664 2435 teraa,
710 2384 835 2439 quae
894 2369 1109 2425 nomini
1153 2371 1276 2442 ejus
1328 2369 1519 2455 addita
1562 2380 1667 2439 est,
1707 2372 1762 2427 vi
1802 2371 2103 2443 signiﬁcari

508 2468 665 2529 puto.
708 2457 893 2526 Quare
943 2459 1112 2515 etiam
1144 2474 1344 2515 eorum
1388 2461 1508 2531 qui,
1540 2461 1805 2537 omnibus
1826 2477 1953 2533 qua;
1977 2471 2106 2533 post

506 2540 682 2606 Deum
702 2559 834 2607 sunt
861 2550 1157 2617 abdicatis,
1191 2566 1292 2622 per
1335 2550 1500 2608 ﬁdem
1532 2552 1600 2608 ad
1650 2550 1825 2609 Deum
1878 2552 2105 2609 adducti

507 2652 659 2709 sunt,
691 2654 849 2714 pater
875 2642 1187 2715 appellatus
1230 2652 1317 2700 est
1341 2654 1389 2711 P,
1421 2653 1611 2717 utpote
1634 2645 1730 2716 qui
1758 2646 1969 2703 eisdem
2004 2662 2107 2717 per

507 2735 673 2791 ﬁdem
698 2735 755 2791 in
779 2735 981 2807 spiritu
1006 2734 1343 2809 imaginibus
1370 2737 1515 2808 patri
1546 2738 1759 2795 similes
1779 2754 1904 2798 esse
1936 2739 2100 2795 liberi

506 2832 756 2899 possent.
1410 2835 1425 2851 '

631 3144 1022 3216 Contemplatio
1043 3147 1100 3201 in
1145 3145 1361 3218 Moysen
1381 3147 1444 3201 de
1476 3148 1726 3202 detractis
1757 3148 1967 3202 calceis.

575 3346 739 3415 Quod
772 3346 828 3402 in
862 3347 1145 3420 principio
1181 3347 1447 3420 gnosticae
1475 3349 1603 3405 vitae
1655 3348 1887 3404 fortasse
1930 3349 2098 3405 etiam

506 3440 723 3512 Moyses
753 3440 866 3506 ille,
901 3457 1028 3497 cum
1054 3442 1347 3523 accederet
1369 3441 1439 3498 ad
1467 3450 1825 3514 conspectum
1880 3441 2022 3498 lucis
2044 3442 2101 3497 in

506 3534 652 3589 rubo
679 3533 915 3606 mystice
938 3536 1283 3606 apparentis,
1316 3551 1346 3590 a
1371 3536 1558 3591 divina
1583 3552 1754 3592 voce:
1788 3535 1944 3602 Solve
1982 3537 2101 3592 cal-

503 3644 619 3682 ceos
650 3627 714 3681 de
735 3627 958 3699 pedibus
994 3629 1123 3695 tuis,
1149 3628 1276 3682 riam
1314 3628 1403 3684 ubi
1426 3638 1537 3683 stas
1561 3638 1707 3684 terra
1729 3637 1919 3683 sancta
1952 3639 2025 3683 est
2049 3639 2097 3694 σι,

502 3719 700 3775 didicit
748 3721 990 3775 animam
1015 3723 1084 3776 ab
1135 3720 1400 3777 omnibus
1452 3722 1841 3792 corporalibus
1895 3737 2097 3778 secun-

2131 3258 2178 3321 C

2216 1994 2516 2065 συναφθεὶς
2537 2033 2554 2060 ,
2621 1995 2747 2050 καθ’
2767 1996 2828 2050 δν
2875 1995 3115 2068 ὲνοειδὴς
3147 1995 3447 2066 γενόμενος
3467 2032 3483 2054 ,
3535 1990 3791 2063 μᾶλλονδὲ

2215 2089 2280 2141 ὲκ
2311 2086 2527 2142 πολλῶν
2554 2082 2635 2152 εἷς
2655 2127 2673 2155 ,
2725 2088 2889 2159 μόνος
2938 2088 3078 2159 πρὸς
3116 2088 3279 2159 μόνον
3324 2086 3394 2140 δι’
3417 2086 3543 2139 ὅλου
3573 2084 3662 2138 τὸν
3681 2082 3789 2136 Θεὸν

2219 2177 2661 2250 μεγαλοπρεπῶς
2712 2176 2990 2251 συνήχθη,
3053 2178 3260 2249 μηδένα
3308 2178 3373 2231 τὸ
3419 2176 3683 2248 παράπαν
3710 2175 3788 2242 τῆς

2214 2268 2439 2342 οίασοῢν
2468 2270 2599 2343 περί
2626 2287 2681 2325 τι
2705 2269 2838 2325 ἄλλο
2866 2270 2979 2325 τῶν
3008 2270 3326 2325 σκεδαστῶν
3354 2269 3618 2339 γνώσεως
3645 2266 3787 2321 τύπον

2204 2359 2386 2432 ἑαυτῷ
2447 2361 2994 2434 συνεπιφερόμενος,
3058 2362 3198 2432 ὅπερ
3255 2356 3415 2431 οἶμαι
3467 2357 3664 2430 δηλοῦν
3712 2356 3788 2428 τὴν

2203 2456 2304 2510 τοῦ
2326 2456 2578 2521 δοθέντος
2605 2456 2687 2521 είς
2712 2454 3036 2527 προσθήκην
3059 2453 3155 2507 τοῦ
3180 2454 3456 2525 ὀνόματος
3477 2450 3624 2520 ἄλφα
3638 2450 3786 2520 γράμ-

2208 2565 2382 2619 ματος
2401 2547 2654 2620 δύναμιν.
2686 2547 2778 2602 Διὸ
2800 2547 2898 2602 καὶ
2919 2545 3105 2619 πατὴρ
3131 2545 3242 2601 τῶν
3263 2546 3354 2600 διὰ
3373 2544 3620 2608 πίστεως
3641 2558 3784 2614 προσο

2206 2641 2497 2714 αγομένων
2531 2642 2722 2713 (178
2741 2640 2799 2713 α)
2826 2639 2947 2712 Θεῷ
2973 2641 3117 2695 κατά
3163 2641 3428 2712 στέρησιν
3463 2639 3679 2693 πάντων
3699 2634 3787 2688 τῶν

2205 2737 2356 2806 ’μετά
2381 2734 2515 2788 Θεὸν
2543 2734 2942 2807 ἐχρημάτισεν,
2974 2733 3051 2798 ὡς
3079 2734 3213 2797 τοὺς
3235 2732 3443 2796 αὐτοὺς
3471 2728 3616 2785 κατά
3634 2727 3787 2782 πίστιν

2209 2828 2269 2883 ὲν
2299 2827 2577 2899 πνεύματι
2626 2820 2833 2893 τύπους
2866 2827 2947 2899 τῷ
2975 2826 3150 2899 πατρὶ
3179 2826 3291 2882 τῶν
3320 2826 3535 2881 τέκνων
3558 2821 3785 2896 ἐμφερῶς

2208 2920 2355 2992 ἔχειν
2384 2922 2728 2993 δυναμένων.

2212 3145 2435 3220 Θεωρία
2480 3148 2581 3225 εἰς.
2604 3145 2713 3200 τὸν
2742 3142 3014 3211 Μωῢσῆν
3043 3142 3177 3213 περὶ
3204 3140 3326 3197 τῶν
3352 3137 3784 3211 ἀφαιρουμένων

2794 3235 3220 3306 ὑποδημάτων.

2279 3351 2452 3407 Τοῦτο
2483 3350 2650 3424 τυχὸν
2697 3353 2757 3407 ὲν
2789 3353 2933 3424 ἀρχῇ
2966 3351 3064 3422 τῆς
3096 3351 3414 3420 γνωστικῆς
3442 3347 3664 3419 ἀγωγῆς
3706 3343 3782 3398 καὶ

2205 3447 2234 3500 ὁ
2262 3446 2438 3517 μέγας
2466 3444 2713 3516 Μωῦσῆς
2743 3445 2950 3508 ἐκεῖνος
2976 3443 3369 3515 διδασκόμενος
3399 3441 3510 3495 ὑπὸ
3535 3441 3631 3504 τῆς
3653 3437 3781 3498 Θείας

2209 3535 2393 3606 φωνῆς
2433 3533 2775 3601 ἐπαιδεύετο,
2803 3533 2967 3605 ἡνίκα
2994 3536 3277 3606 προσῆγεν
3306 3532 3441 3587 ίδεῖν
3464 3532 3527 3584 τὸ
3551 3531 3607 3583 έν
3626 3532 3684 3600 τῇ
3706 3525 3779 3597 βά·

2207 3647 2285 3700 τῳ
2319 3627 2604 3700 μυστικῶς
2628 3626 3042 3698 φανταζόμενον
3075 3628 3191 3696 φῶς
3222 3625 3571 3696 φασκούσης,
3602 3621 3780 3676 Λῦσον

2206 3721 2282 3776 τὰ
2311 3721 2668 3792 ὑποδήματα
2700 3722 2820 3776 ἀπὸ
2852 3721 2972 3775 τῶν
2995 3720 3200 3775 ποδῶν
3226 3736 3347 3775 σου
3369 3761 3384 3785 ,
3422 3723 3457 3775 ό
3486 3717 3597 3789 γὰρ
3625 3718 3778 3778 τόπος

2205 3817 2277 3870 ἐν
2296 3809 2345 3885 ᾧ
2377 3815 2643 3885 ἕστηκας
2669 3813 2745 3886 τῆ
2771 3814 2911 3885 ἁγία
2935 3813 3089 3876 ἐστὶ,
3127 3814 3187 3867 τὸ
3212 3813 3427 3878 δεινῶς,
3476 3808 3647 3883 οἶμαι,
3688 3805 3779 3859 τῶν

2208 3907 2542 3979 σωματικῶν
2603 3907 2864 3962 ἁπάντων
2921 3906 3290 3960 ἀπολελύσθαι
3369 3906 3533 3966 κατὰ,
3567 3903 3778 3971 διάθεσιν

2207 4000 2308 4072 τὴν
2333 3999 2536 4071 ψυχὴν,
2571 3999 2875 4071 μέλλουσαν
2903 3999 3000 4071 τὴν
3028 3999 3117 4052 διὰ
3146 4000 3383 4071 θεωρίας
3415 3999 3553 4070 πρὸς
3574 3997 3665 4068 τὴν
3687 3993 3777 4047 τῶν

2215 4092 2606 4164 ὑπερκοσμίων
2654 4091 2842 4163 νόησιν
2888 4094 3200 4163 γνωστικὴν
3244 4093 3521 4147 ποιεῖσθαι
3557 4087 3775 4160 πορείαν,

2213 4184 2310 4239 καὶ
2354 4184 2571 4255 τελείαν
2623 4183 2721 4239 τοῦ
2767 4185 2827 4238 ὲν
2873 4184 3059 4256 σχέσει
3114 4184 3317 4258 σαρκὸς
3366 4184 3636 4257 προτέρου
3681 4179 3777 4251 βίου

2208 4265 2567 4350 ἀλλοτρίωσιν
2620 4278 2709 4332 διὰ
2748 4277 2849 4349 τῆς
2880 4279 2993 4333 τῶν
3020 4280 3387 4353 ὑποδημάτων
3422 4279 3572 4351 ἔχειν
3601 4273 3777 4332 ἀποθέ-

2214 4386 2369 4435 σεως.

501 3813 633 3869 dum
657 3813 1013 3871 affectionem
1039 3814 1288 3886 perfecte
1339 3815 1578 3871 solutam
1639 3831 1782 3881 esse,
1826 3830 1948 3871 eam
1979 3831 2103 3887 quae

500 3908 986 3979 contemplationis
1036 3910 1125 3964 via
1172 3908 1244 3964 ad
1276 3924 1365 3965 res
1411 3909 1669 3965 ccclestes
1717 3909 2105 3980 intelligendas

500 4000 806 4070 gnosticam
840 4000 1245 4070 perfectionem
1280 4001 1353 4056 sit
1383 4000 1658 4067 instituta,
1702 4016 1769 4056 ac
1798 4001 2101 4071 perfectam

501 4091 753 4160 pristina:
785 4091 840 4146 in
868 4090 1054 4147 carnis
1082 4092 1278 4148 habitu
1310 4093 1439 4148 vitae
1470 4093 1861 4148 alienationem
1912 4102 2103 4149 tenere

502 4198 602 4253 per
624 4183 840 4239 calceos
866 4183 1178 4254 depositas.

2534 4600 2755 4668 θεωρία
2785 4603 2872 4666 εις
2896 4597 3049 4669 μέρη
3086 4595 3206 4651 τῶν
3227 4594 3478 4651 θυσιῶν.

574 4709 691 4766 Hoc
739 4725 936 4767 rursus
967 4712 1203 4771 fortasse
1243 4715 1393 4772 idem
1436 4715 1765 4787 perdivinus
1793 4715 2010 4788 Moyses
2039 4714 2098 4773 in

2277 4709 2451 4764 Τοῦτο
2505 4712 2669 4766 πάλιν
2727 4712 2857 4773 ἴσως
2918 4711 2947 4764 δ
3005 4710 3170 4775 αὐτὸς
3230 4709 3509 4775 θειότατος
3558 4705 3770 4776 Μωΰσῆς

504 4804 911 4862 sacriﬁciorum
961 4807 1173 4879 regulis
1220 4806 1589 4881 signiﬁcabat,
1650 4808 1876 4880 adipem
1918 4815 1977 4864 et
2012 4824 2101 4864 re-

2210 4807 2264 4860 ὲν
2292 4809 2412 4879 ταῖς
2439 4805 2550 4860 τῶν
2577 4804 2782 4860 θυσιῶν
2808 4803 3084 4871 διατάξι-,σι
3112 4805 3423 4878 παρεδήλου
3451 4803 3562 4858 τῶν
3584 4800 3769 4874 ἱερείων

503 4913 604 4954 nes
629 4906 686 4953 et
728 4905 1011 4970 pectuset
1032 4899 1301 4972 jecinoris
1320 4900 1517 4957 ﬁbram
1552 4901 1623 4958 de
1652 4900 1853 4957 hostiis
1894 4890 2100 4974 iubens

2210 4899 2463 4971 ἀφαιρεῖν
2494 4896 2557 4950 τὸ
2586 4897 2777 4968 στέαρ,
2815 4896 2913 4951 καὶ
2940 4897 3070 4962 τοὺς
3096 4897 3354 4969 νεφροὺς,
3387 4897 3484 4950 καὶ
3510 4897 3571 4949 τὸ
3598 4890 3767 4963 στηθύ-

504 4992 730 5063 praecidi
765 5002 815 5061 ι,
848 4993 997 5065 ipsas
1022 4993 1288 5048 nimirum
1310 4994 1598 5065 generales
1626 5000 1948 5049 nostrarum
1974 5008 2103 5064 pas-

2210 5009 2339 5054 νιον,
2378 4993 2474 5045 καὶ
2506 4992 2600 5046 τὸν
2630 4990 2788 5044 λοϐὸν
2822 4988 2920 5044 τοῦ
2949 4991 3185 5062 ἥπατος,
3222 4992 3555 5051 ἐπιτάσσων,
3591 4989 3647 5041 τὸ
3674 4985 3765 5038 δεῖν

503 5086 722 5142 sianum
744 5094 1073 5158 potestates,
1105 5085 1545 5160 indignationem
1579 5087 1707 5142 dico
1751 5097 1809 5143 et
1836 5087 2102 5156 concupi-

2210 5085 2380 5149 αὐτάς
2408 5102 2469 5139 τε
2512 5084 2612 5148 τὰς
2639 5083 2863 5155 γενικὰς
2896 5082 3009 5137 τῶν
3037 5086 3095 5137 ὲν
3121 5086 3255 5154 ἡμῖν
3286 5082 3480 5137 παθῶν
3511 5081 3759 5148 δυνάμεις.

504 5179 793 5246 scentiam,
823 5196 948 5252 qua:
977 5195 1112 5236 vera
1155 5188 1242 5236 est
1267 5178 1573 5235 materialis
1601 5166 1758 5252 dyas,
1791 5191 2100 5248 earumque

2210 5179 2298 5232 τὸν
2328 5178 2668 5257 θυμδνλέγω
2697 5178 2794 5232 καὶ
2816 5177 2916 5249 τὴν
2942 5176 3267 5248 ἐπιθυμίαν,
3290 5179 3391 5248 τὴν
3413 5177 3579 5239 ὄντως
3602 5167 3762 5236 ὑλικὴν

503 5273 651 5330 vires
689 5273 900 5330 activas
949 5290 1091 5331 esse.
1135 5271 1517 5346 praecidendas
1567 5280 1625 5328 et
1689 5262 2099 5328 comburendos

2210 5271 2408 5338 δυάδα,
2474 5272 2570 5324 καὶ
2627 5269 2728 5334 τὰς
2778 5270 3060 5341 ἐνεργείας
3117 5268 3299 5324 αὐτῶν
3353 5269 3626 5342 ἀφαιρεῖν,
3684 5257 3761 5314 καὶ

505 5365 696 5423 divino
746 5367 857 5440 igni
908 5368 1196 5438 potestatis
1246 5366 1495 5438 mystica:
1540 5380 1641 5436 per
1690 5356 2092 5435 cognitionem,

2210 5362 2282 5435 τῷ
2329 5363 2461 5435 θείῳ
2504 5352 2640 5435 πυρὶ
2692 5363 2795 5433 τῆς
2838 5363 2982 5417 κατά
3020 5363 3224 5432 γνῶσιν
3269 5361 3539 5434 μυστικῆς
3568 5350 3761 5423 ἐκτῆξαι

506 5461 959 5532 concupiscentia
987 5461 1212 5533 quidem
1243 5476 1347 5531 per
1377 5473 1563 5522 renes,
1609 5456 1789 5512 activa
1819 5471 1956 5511 vero
1976 5456 2100 5525 ejus

2210 5455 2507 5527 δυνάμεως,
2538 5455 2637 5527 τῆς
2664 5455 2763 5526 μὲν
2791 5456 3090 5528 ἐπιθυμίας
3117 5456 3207 5510 διὰ
3229 5456 3339 5512 τῶν
3363 5454 3590 5526 νεφρῶν,
3614 5449 3699 5517 τῆς
3712 5443 3760 5496 δέ

504 5550 581 5621 vi,
622 5552 729 5609 hoc
750 5540 1282 5625 est‘voluptate,‘per
1319 5549 1685 5623 pinguedinis
1738 5556 1946 5619 partes,
1978 5548 2099 5603 sive

2210 5548 2487 5622 ὲνεργεεειις
2516 5550 2725 5619 αὐτῆς,
2781 5550 3032 5603 τουτέστι
3066 5548 3168 5620 τῆς
3199 5548 3431 5619 ἡδονῆς,
3480 5545 3564 5601 διὰ
3587 5540 3669 5594 τθῡ
3692 5535 3758 5633 λεί

506 5642 748 5717 adipem,
775 5646 1152 5717 indignatione
1181 5660 1282 5716 per
1324 5655 1540 5716 pectus,
1567 5654 1623 5704 et
1666 5644 1844 5698 activa
1897 5643 2018 5713 eius
2044 5642 2097 5697 vi

2210 5659 2341 5707 πους
2367 5684 2381 5708 ,
2439 5643 2562 5715 ἦτοι
2589 5641 2686 5697 τοῦ
2715 5642 2936 5707 στέατος
2970 5642 3342 5714 δηλουμένης,
3385 5642 3478 5696 καὶ
3503 5636 3589 5693 τοῦ
3613 5634 3757 5698 θυμου

742 4594 1136 4670 Contemplatio
1154 4601 1211 4655 in
1237 4609 1417 4671 partes
1444 4600 1852 4671 sacriﬁciorum.

578 5834 606 5876 ι’
633 5826 768 5881 Gen.
803 5839 932 5886 ml,
964 5824 1017 5877 5.
1095 5834 1121 5872 «ι
1158 5823 1329 5877 Exod.
1369 5840 1448 5888 ιιι,
1487 5824 1539 5877 5.
1623 5833 1642 5861 τ
1681 5822 1856 5877 Levit.
1890 5840 1982 5889 vn,
2015 5824 2105 5878 50.
