4012 6448
278 531 386 597 1201

1486 539 2006 601 AMBIGUORUM
2052 544 2300 605 LIBER.

3396 546 3531 610 12132

271 648 352 702 διὰ
391 647 484 699 τοῦ
538 646 824 716 στηθυνίου
852 689 866 712 ,
929 647 1025 717 τῆς
1070 647 1129 700 δὲ
1168 648 1302 727 κατ’
1330 647 1495 701 αὑτὸν
1540 647 1848 719 ἐνεργείας,

1984 666 2058 705 ter
2088 651 2282 706 ﬁbram
2314 653 2601 723 jecinoris,
2632 671 2759 711 cum
2783 672 2890 726 qua
2933 672 3119 710 amara
3158 666 3215 713 et
3244 660 3391 713 acris
3446 659 3532 713 bi~

268 738 352 791 διὰ
389 737 485 790 τοῦ
532 737 690 791 λοϐοῦ
732 737 826 792 τοῦ
857 739 1067 809 ἥπατος
1094 780 1108 805 ,
1175 740 1235 793 ἐν
1259 732 1304 808 ᾧ
1337 740 1370 811 ἡ
1402 740 1579 812 πικρὰ
1606 739 1701 794 καὶ⁵
1727 739 1845 812 δρι-

274 830 472 898 μυτάτη
507 829 724 903 πέπηγε
756 829 908 902 χολὴ,
950 830 1390 903 σημαινομένων.

273 1010 479 1080 Θεωρία
524 1012 830 1083 σύντομος
867 1015 956 1081 είς
998 1012 1117 1083 τὴν
1149 1014 1297 1070 κατὰ
1324 1017 1514 1087 νόμον
1547 1014 1841 1087 διάφορον

909 1104 1159 1174 λέπραν.

337 1218 502 1274 Τοῦτο
549 1218 715 1273 πάλιν
759 1219 863 1273 κάν
900 1219 982 1290 τῷ
1035 1221 1166 1291 περὶ
1211 1220 1423 1293 λέπρας
1464 1223 1617 1297 τόπῳ
1661 1227 1841 1296 σοφῶς

267 1308 414 1384 οῐμαι
479 1312 887 1383 παρεμφαίνειν
947 1311 1016 1365 δι’
1068 1314 1414 1393 αἰνιγμάτων
1467 1316 1841 1386 συμϐολικῶν,

1959 741 2028 795 lis
2055 742 2316 808 cohaeret,
2344 743 2685 815 signiﬁcatis.

1947 1010 2339 1086 contemplatio
2399 1014 2566 1069 brevis
2621 1016 2677 1069 in
2725 1016 2991 1070 diversam
3037 1018 3324 1071 secundum
3373 1016 3541 1088 legem

2609 1108 2814 1179 lepram
2839 1123 2886 1163 ι.
3213 1094 3224 1103 ’

2023 1215 2139 1271 Hoc
2173 1231 2367 1272 rursus
2389 1217 2557 1272 etiam
2604 1219 2658 1274 in
2684 1220 2808 1275 loco
2839 1220 2906 1275 de
2941 1221 3094 1290 lepra
3126 1220 3413 1290 sapienter
3444 1235 3543 1291 per

1952 1305 2594 1378 symbolicasimagines
2658 1309 2975 1380 signiﬁcare
3026 1309 3312 1377 arbitror,
3375 1311 3545 1381 lepra:

271 1405 366 1478 τὴν
405 1405 553 1475 ἁφὴν
592 1403 696 1475 τῆς
737 1403 947 1475 λέπρας
998 1406 1080 1469 είς
1126 1406 1375 1480 τέσσαρα
1407 1410 1597 1481 (178
1629 1411 1680 1482 b)
1710 1411 1845 1485 γένη

1984 1396 2297 1455 [rectionem
2316 1399 2373 1454 in
2392 1408 2630 1471 quatuor
2646 1417 2849 1472 genera
2869 1400 3157 1468 discernit,
3186 1402 3243 1456 in
3262 1401 3470 1468 album,
3489 1412 3547 1457 et

274 1495 588 1569 μερίσαντα,
631 1497 713 1559 είς
761 1494 956 1551 λευκὸν
999 1497 1093 1552 καὶ
1135 1497 1346 1569 χλωρὸν
1391 1502 1486 1555 καὶ
1532 1502 1725 1568 ξανθὸν
1755 1505 1851 1559 καὶ

274 1587 536 1659 ἀμαυρὸν,
573 1586 641 1640 δι’
677 1580 754 1642 ὧν
788 1588 848 1642 τό
876 1605 935 1641 τε
977 1587 1212 1660 θυμικὸν
1242 1591 1340 1646 καὶ
1368 1592 1429 1646 τὸ
1454 1592 1853 1666 ἐπιθυμητικὸν

276 1681 354 1750 είς
379 1678 445 1733 τὰ
467 1679 559 1733 ὑπ’
584 1679 725 1733 αὐτὰ
759 1679 873 1752 εἴδη
911 1679 1272 1753 διαιρούμενα
1293 1682 1596 1749 δείκνυται,
1626 1686 1726 1756 τῆς
1754 1686 1855 1757 μὲν

277 1770 570 1841 ἐπιθυμίας
615 1772 709 1827 διὰ
758 1770 854 1827 τοῦ
899 1771 1098 1827 λευκοῦ
1149 1775 1246 1828 καὶ
1277 1776 1512 1847 χλωροῦ,
1546 1779 1628 1841 είς
1655 1777 1856 1851 ἡδονὴν

279 1863 371 1918 καὶ
402 1864 581 1934 λύπην
613 1863 940 1937 μερίζεσθαι
962 1865 1322 1939 δηλουμένης,
1349 1867 1445 1921 τοῦ
1488 1868 1544 1923 δὲ
1569 1868 1745 1942 θυμοῦ
1769 1870 1860 1925 διὰ

1950 1490 2152 1557 ,viride,
2179 1497 2237 1546 et
2256 1491 2510 1559 rubrum,
2529 1501 2585 1549 et
2604 1508 2831 1559 cmcum,
2848 1509 2948 1565 per
2962 1510 3086 1565 qum
3105 1495 3550 1565 concupiscenti-

1952 1597 2082 1638 vum
2112 1584 2584 1655 ctindignativum
2618 1586 2672 1639 in
2709 1587 2924 1656 species
2967 1602 3095 1642 suas
3121 1587 3298 1651 divisa
3342 1596 3547 1643 osten-

1961 1675 2190 1744 duntur,
2209 1677 2657 1752 concupiscentia
2685 1677 2909 1748 quidem
2943 1693 3041 1748 per
3080 1678 3267 1734 album
3293 1686 3348 1733 ct
3372 1677 3551 1734 viride
3641 1702 3647 1709 ·

1964 1769 2022 1829 in
2043 1768 2381 1839 voluptatem
2409 1776 2467 1824 et
2494 1769 2742 1850 dolorem
2771 1769 3152 1840 indignatione
3179 1783 3314 1824 vero
3338 1784 3438 1840 per
3455 1785 3552 1824 ru-

1964 1859 2126 1917 brum
2139 1869 2196 1916 et
2207 1861 2479 1916 caacumin
2493 1861 2631 1916 iram
2642 1869 2699 1916 et
2714 1861 3550 1932 succensionem,occultamque

276 1955 368 2009 τοῦ
393 1955 584 2022 ξανθοῦ
614 1958 710 2010 καὶ
735 1956 831 2011 τοῦ
868 1958 1120 2031 ἀμαυροῦ
1147 1960 1227 2023 είς
1250 1961 1423 2031 ὀργὴν
1448 1961 1545 2015 καὶ
1578 1963 1741 2033 μῆνιν
1765 1966 1860 2020 καὶ

1984 1952 2339 2009 simulationis
2360 1953 2627 2008 malitiam
2643 1952 2903 2009 discreta.
2931 1953 3060 2009 Haec
3096 1953 3248 2009 enim
3287 1953 3555 2025 primaria

276 2047 373 2119 τὴν
403 2048 825 2120 κεκρυμμένην
844 2050 1191 2121 κακουργίαν
1216 2052 1319 2122 τῆς
1340 2031 1685 2126 ὑποκρίσεως
1723 2075 1861 2130 τεμ-

1984 2055 2099 2102 sunt
2122 2061 2324 2119 genera
2353 2061 2569 2113 earum,
2597 2055 2660 2101 ut
2691 2046 2906 2112 dicunt,
2942 2046 3302 2102 aﬁ‘ectionum
3329 2055 3386 2102 et
3438 2061 3559 2101 om-

275 2140 520 2212 νομένου.
555 2141 742 2196 Ταῦτα
778 2142 890 2214 γὰρ
935 2143 1128 2216 πρῶτα
1169 2146 1303 2219 γένη
1329 2147 1441 2203 τῶν
1464 2151 1558 2204 ὑπ’
1586 2151 1728 2207 αὐτὰ
1753 2172 1863 2208 πα-

278 2231 403 2296 θῶν,
434 2232 513 2298 ὥς
540 2251 695 2304 φασι,
738 2237 835 2290 καὶ
880 2238 1101 2293 πάντων
1150 2241 1583 2316 ἀρχηγικώτερα
1623 2246 1733 2301 τῶν
1765 2247 1861 2304 τοῦ

276 2319 454 2392 θυμοῦ
481 2323 578 2377 καὶ
620 2324 719 2395 τῆς
753 2325 1052 2397 ἐπιθυμίας
1090 2331 1431 2402 γεννήματα,
1462 2328 1547 2399 οἷς
1573 2335 1675 2409 τὴν
1703 2354 1864 2411 νοση-

278 2411 571 2486 λευομένην
601 2414 778 2488 ψυχὴν
795 2417 894 2490 οὐχ
934 2413 1048 2472 οἷόν
1075 2436 1156 2486 τε,
1192 2420 1298 2486 ἕως
1332 2423 1438 2477 ὑπὸ
1464 2424 1674 2480 τούτων
1719 2443 1862 2481 κατ-

279 2506 546 2574 έστικται,
594 2511 708 2574 τοῖς
773 2510 875 2582 τῆς
924 2510 1075 2577 θείας
1126 2508 1453 2587 ἠξιωμένοις
1513 2519 1866 2593 παρεμϐολῆς

278 2597 592 2669 ἐναρίθμιον
622 2596 784 2656 εἶναι.

276 2780 513 2848 Θεωρία⁸
544 2782 633 2848 είς
678 2779 788 2836 τὸν
837 2783 1046 2850 Φινεὲς
1101 2786 1202 2838 καί
1254 2786 1396 2854 τοὺς
1445 2789 1872 2861 ἀναιρεθέντας

554 2895 562 2903 ι
906 2876 1009 2931 ὑπ’
1039 2878 1249 2933 αὑτοῦ.

348 2988 521 3042 Τοῦτο
572 2990 669 3044 καὶ
715 2964 1165 3063 τὸνθαυμαστὺν
1208 2989 1364 3066 οἶμαι
1413 2998 1603 3063 Φινεὲς
1648 3001 1866 3057 ἐκεῖνον

273 3080 358 3151 τῷ
388 3083 510 3135 καθ’
540 3083 734 3136 ἑαυτὸν
766 3082 915 3156 ζήλῳ
948 3086 1425 3157 παραινίττεσθαι.
1457 3091 1570 3163 Τὴν
1602 3092 1714 3164 γὰρ
1742 3095 1868 3148 Μα-

269 3172 506 3227 διανίτιν
543 3173 622 3245 τῷ
666 3175 977 3250 Ἰσραηλίτῃ
1014 3181 1544 3252 συγκαταιχμάσας,
1587 3186 1873 3255 μυστικῶς

270 3260 368 3314 διὰ
399 3262 496 3315 τοῦ
527 3261 754 3332 δόρατος
779 3266 883 3335 τὴν
917 3265 1052 3338 ὓλην
1075 3267 1152 3339 τῷ
1182 3269 1332 3335 είδει,
1368 3270 1463 3324 καὶ
1486 3271 1562 3344 τῷ
1590 3272 1748 3347 θυμῷ
1774 3275 1874 3347 τὴν

272 3352 599 3423 ἐπιθυμίαν,
620 3356 713 3408 καὶ
732 3354 832 3428 τὴν
848 3356 1145 3428 ἀλλόφυλον
1172 3361 1366 3434 ἡδονὴν
1386 3363 1464 3435 τῷ
1480 3365 1720 3437 ἐμπαθεῖ
1735 3367 1879 3436 λογι-

272 3445 408 3517 σμῷ
439 3445 527 3502 διὰ
568 3448 668 3520 τῆς
709 3449 806 3503 τοῦ
845 3451 1151 3525 ἀρχιερέως
1195 3453 1358 3524 λόγου
1423 3457 1709 3530 δυνάμεως
1752 3478 1878 3517 συν-

274 3540 631 3595 απωθεῖσθαι
666 3542 810 3614 χρῆν
842 3547 1162 3602 παντάπασι
1200 3549 1301 3620 τῆς
1343 3548 1524 3624 ψυχῆς
1564 3528 1875 3623 ἐνέφαινεν.
1904 3528 1949 3590 c

273 3627 441 3695 Εἶδος
460 3633 505 3667 ¹⁸
534 3634 647 3706 γὰρ
697 3635 838 3706 πρὸς
885 3636 1020 3710 ὕλην
1065 3639 1269 3711 τρόπον
1308 3642 1518 3714 ἐπέχει,
1551 3644 1579 3697 ὅ
1615 3662 1675 3698 τε
1709 3646 1880 3716 θυμὸς

277 3724 428 3799 πρὸς
460 3725 561 3794 τὴν
599 3727 923 3800 ἐπιθυμίαν,
952 3728 1030 3802 τῷ
1078 3734 1480 3805 προσεγγισμῷ
1522 3733 1698 3800 διδοὺς
1738 3737 1879 3809 αὑτῇ

276 3816 527 3887 κίνησιν,
564 3817 688 3872 καθ’
713 3821 916 3893 ἑαυτὴν
946 3818 1116 3877 οὖσαν
1146 3824 1430 3895 ἀκίνητον,
1459 3826 1489 3880 ὃ
1523 3844 1599 3887 τε,
1620 3827 1882 3900 λογισμὸς

272 3909 430 3980 πρὸς
458 3911 559 3982 τὴν
604 3912 820 3985 ἡδονὴν,
854 3915 1149 3971 εἰδοποιεῖν
1185 3917 1357 3991 αὐτὴν
1399 3919 1683 3990 πεφυκὼς,
1731 3922 1881 3975 ἀνεί-

268 4001 407 4054 δεον
438 4002 532 4056 καὶ
555 4003 805 4075 ἄμορφον
830 4006 974 4060 κατὰ
1009 4007 1100 4060 τὸν
1131 4007 1263 4065 ἴδιον
1307 4008 1464 4077 λόγον
1502 4011 1879 4082 ὑπάρχουσαν.

234 4095 451 4164 ’Δηλοῖ
497 4096 556 4149 δὲ
603 4098 763 4153 τοῦτο
801 4100 898 4152 καὶ
953 4098 1231 4173 αὑτὴιτῶν
1259 4102 1544 4173 ὀνομάτων
1569 4106 1602 4174 ή
1629 4103 1879 4175 δύναμις.

266 4188 484 4256 Χασϐὴ
513 4189 621 4262 γὰρ
644 4192 677 4262 ἡ
708 4191 1029 4256 Μαδιανίτις
1054 4193 1403 4264 ὀνομάζεται,
1430 4195 1570 4266 ὅπερ
1595 4196 1714 4248 ἐστὶ
1732 4198 1884 4265 Γαρ-

1969 2140 2124 2195 nium
2156 2139 2580 2211 principaliores
2632 2137 3028 2212 indignationis
3063 2147 3122 2194 et
3154 2137 3559 2209 concupiscen-

1973 2230 2062 2285 tia:
2086 2230 2401 2303 progenies,
2464 2230 2670 2301 quibus
2731 2246 2855 2301 qua:
2913 2230 3097 2285 anima
3156 2226 3561 2301 comprehensa

1969 2332 2135 2393 atque
2161 2322 2383 2389 infecta,
2423 2322 2666 2393 quandiu
2690 2323 2759 2378 ab
2810 2321 2895 2378 eis
2952 2322 3344 2393 compungitur
3393 2322 3449 2376 in
3475 2320 3562 2376 di-

1969 2415 2110 2472 vinae
2133 2415 2422 2487 phalangis
2450 2431 2683 2471 numero
2718 2416 2936 2472 censeri
2967 2431 3080 2471 non
3111 2422 3316 2487 potest.

1892 2738 1961 2754 —

1977 2798 2367 2871 Contemplatio
2410 2797 2475 2851 in
2521 2794 2769 2862 Phincos,
2837 2799 2887 2848 et
2941 2792 3032 2864 qui
3081 2791 3146 2845 ab
3191 2806 3251 2844 eo
3296 2790 3564 2860 interfecti

2653 2896 2779 2943 sunt
2825 2890 2868 2940 τ.

2045 3008 2162 3065 Hoc
2192 3007 2359 3065 etiam
2401 3004 2784 3062 admirabilem
2832 3001 2990 3058 illum
3013 3001 3255 3059 Pliinees
3290 3000 3411 3056 zelo
3460 3015 3563 3055 suo

1977 3102 2291 3177 signiﬁcare
2330 3101 2591 3158 arbitror.
2645 3097 3058 3154 Madianitidem
3113 3096 3263 3152 enim
3302 3111 3414 3151 una
3439 3111 3565 3151 cum

1977 3195 2227 3257 Israelita
2250 3191 2685 3267 mysticejaculo
2732 3188 3087 3261 transﬁgens,
3146 3190 3432 3245 materiam
3458 3204 3567 3242 una

1979 3305 2107 3345 cum
2141 3287 2340 3352 forma,
2375 3294 2433 3341 et
2482 3282 2989 3354 concupiscentiam
3022 3297 3133 3337 una
3153 3296 3279 3337 cum
3319 3280 3570 3352 indigna-

1982 3378 2156 3443 tione,
2181 3382 2239 3431 et
2262 3374 2634 3446 alienigenam
2656 3374 2997 3442 voluptatem
3026 3388 3136 3427 una
3170 3387 3296 3427 cum
3353 3371 3567 3451 cogita-

1982 3469 2135 3524 tione
2160 3467 2361 3523 ati‘ectu
2376 3466 2590 3522 irretita
2613 3480 2712 3536 per
2728 3463 3008 3536 pontiﬁcis
3026 3464 3258 3519 rationis
3276 3462 3387 3518 vim
3404 3463 3565 3520 simul

1982 3559 2352 3618 excutiendas
2371 3559 2603 3614 omnino
2639 3573 2709 3613 ex
2758 3557 2943 3613 anima
2970 3573 3093 3614 esse
3120 3557 3408 3612 indicavit.
3432 3557 3570 3612 For-

1984 3669 2072 3711 ma
2103 3653 2253 3709 enim
2293 3651 2365 3707 ad
2417 3649 2704 3706 materiam
2737 3649 2979 3721 applicat
3007 3649 3258 3714 modum,
3313 3659 3371 3703 et
3420 3648 3569 3703 indi-

1982 3745 2171 3817 gnatio
2195 3742 2264 3799 ad
2296 3741 2830 3814 concupiscentiam,
2869 3740 3367 3812 appropinquando
3414 3755 3569 3795 com-

1983 3852 2214 3893 movens
2243 3850 2369 3907 quae
2415 3850 2517 3913 per
2553 3849 2614 3890 se
2644 3832 2947 3888 immobilis
2980 3825 3098 3898 'est,
3123 3840 3181 3887 et
3208 3831 3473 3903 cogitatio
3500 3832 3566 3884 a:l

1984 3929 2349 4000 voluptatem,
2385 3925 2477 3982 cui
2511 3924 2747 3981 formam
2795 3923 3024 3994 praebet,
3055 3934 3184 3978 cum
3217 3921 3354 3977 alias
3390 3920 3569 3975 forma

1985 4036 2052 4076 ac
2091 4018 2276 4090 specie
2324 4015 2632 4074 secundum
2684 4013 2977 4086 propriam
3028 4012 3301 4068 rationem
3361 4023 3568 4068 careat.

1986 4111 2201 4168 [ndicat
2232 4111 2341 4166 hoc
2370 4109 2459 4166 vel
2516 4109 2635 4179 ipsa
2680 4107 2972 4163 nominum
3016 4105 3101 4162 vis
3125 4112 3181 4161 et
3220 4104 3570 4178 signiﬁcatio.

1983 4203 2188 4261 Cbasbi
2213 4203 2361 4258 enim
2387 4200 2701 4257 Madianitis
2735 4199 2828 4255 illa
2872 4198 3202 4270 appellatur,
3258 4197 3408 4270 quod
3466 4208 3571 4259 est,

266 4280 588 4349 g-aJw'ydc
634 4299 779 4351 μου,
832 4283 931 4339 καὶ
983 4284 1205 4356 Ζαμϐρὶ
1250 4287 1278 4339 ό
1326 4286 1693 4358 Ἰσραηλείτης,
1745 4289 1882 4355 ὅπερ

264 4370 440 4424 ἐστὶν
479 4365 751 4443 ’ᾼσμάιτ
789 4392 932 4443 μου,
981 4376 1231 4431 τουτέστι
1299 4380 1683 4451 μετεωρισμός
1754 4399 1879 4450 μου.

280 4462 560 4517 Ἐπειδὰν
608 4459 702 4518 οὖν
741 4465 842 4537 τῆς
891 4466 1043 4532 θείας
1091 4469 1400 4525 ἀπονεῦσαν
1442 4472 1674 4545 μελέτης
1697 4491 1756 4527 τε
1790 4476 1884 4529 καὶ

260 4555 649 4619 ὲνατενίσεως
685 4557 749 4610 τὸ
784 4558 1094 4627 λογιστικὸν
1128 4562 1228 4633 τῆς
1267 4548 1448 4635 ψυχῆς
1492 4565 1588 4619 καὶ
1619 4582 1885 4637 μετεωρι-

266 4648 418 4701 σθὲν
581 4649 753 4721 ὑλικῷ
796 4651 898 4722 τῆς
968 4653 1174 4723 σαρκὸς
1218 4655 1583 4727 γαργαλισμῷ
1611 4656 1801 4732 (179
1828 4658 1880 4728 a)

1988 4664 2045 4718 in
2077 4663 2315 4719 sublime
2334 4667 2525 4717 evecta
2556 4674 2684 4713 cum
2715 4656 2989 4713 materiali
3030 4655 3349 4718 titillatione,
3379 4653 3491 4718 coit
3516 4653 3572 4710 in

266 4739 596 4812 συμπλακῇ
666 4741 808 4796 κατὰ
854 4741 955 4814 τὴν
1007 4745 1240 4815 κάμινον
1288 4747 1390 4817 τῆς
1441 4747 1740 4818 ἁμαρτίας,
1788 4747 1880 4801 τοῦ

1987 4755 2202 4826 peccati
2233 4753 2452 4816 ardore,
2485 4751 2598 4809 acri
2643 4749 2872 4805 omnino
2899 4747 3163 4819 pontiﬁce
3194 4747 3408 4809 ratione
3434 4761 3575 4817 opus

263 4831 537 4903 ζηλωτοῢ
580 4835 800 4900 πάντως
819 4834 990 4891 δεῖται
1015 4837 1318 4910 ἀρχιερέως
1348 4841 1530 4910 λόγου,
1561 4840 1698 4912 πρὸς
1727 4841 1879 4895 ἀναι.

1988 4854 2095 4911 est,
2120 4854 2229 4900 tam
2252 4843 2322 4898 ad
2345 4842 2644 4898 tollendum
2674 4856 2797 4911 quae
2819 4848 2931 4895 tam
2969 4839 3223 4910 improbe
3259 4838 3571 4903 coiverunl,

264 4942 451 4997 ρεσιν
484 4926 585 4999 μὲν
615 4929 727 4982 τῶν
754 4928 898 4984 οὕτω
927 4931 1112 4995 κακῶς
1165 4933 1417 5006 ἀλλήλοις
1457 4936 1880 5007 συμπεπλεγμέ-

1990 4953 2154 5010 quam
2174 4936 2243 4992 ad
2272 4934 2628 4993 avertendam
2650 4932 2853 4990 divinae
2882 4933 3002 4997 irin.
3029 4931 3400 4999 invasionem.

264 5035 422 5082 νων,
460 5020 815 5095 ἀποστροφὴν
843 5023 902 5077 δὲ
928 5025 1030 5097 τῆς
1062 5026 1375 5099 φερομένης
1406 5027 1556 5094 θείας
1572 5028 1879 5103 ἀγανακτή-

264 5120 459 5175 σεως.
1516 5143 1535 5159 _.

1988 4293 2251 4351 Titillatio
2274 4294 2400 4359 mei,
2425 4300 2484 4348 et
2532 4291 2755 4347 Zambri
2814 4291 3085 4357 lsraelita,
3104 4286 3253 4359 quod
3293 4295 3381 4345 est
3430 4286 3573 4343 Cau-

1986 4390 2153 4443 ticum
2202 4388 2327 4452 mei,
2392 4384 2449 4441 id
2475 4392 2563 4440 est
2613 4382 2851 4439 elevatio
2904 4383 3014 4438 mei
3042 4381 3099 4436 in
3125 4379 3395 4436 sublime.
3433 4376 3571 4434 Cum

1986 4481 2155 4553 igitur
2179 4479 2423 4535 divinam
2451 4476 2869 4532 meditationem
2902 4481 2959 4528 et
3012 4471 3375 4531 intuitionem
3407 4464 3572 4531 aref-

1986 4581 2107 4630 sata
2133 4573 2331 4628 animae
2385 4585 2514 4642 pars
2560 4567 2866 4632 rationalis,
2899 4566 3016 4622 sive
3044 4564 3374 4635 λογιστικὴν,
3408 4570 3575 4633 atquo

272 5296 523 5364 Θεωρία
545 5299 632 5364 εις
650 5297 740 5367 τὸ,
762 5318 781 5352 ι
806 5301 903 5368 Μὴ
929 5299 1078 5356 δῶτε
1099 5302 1174 5358 τὰ
1203 5303 1342 5374 ἅγια
1361 5303 1487 5373 τοῖς
1516 5304 1684 5373 κυσί,
1714 5304 1815 5360 καί
1838 5305 1880 5340 ⁸⁸

1984 5301 2376 5382 Contemplatio
2396 5301 2453 5355 in
2475 5299 2612 5355 illud
2632 5316 2649 5353 :
2694 5317 2712 5349 ι
2734 5298 2825 5357 Νι
2845 5297 3181 5361 (Ιαιεβαεναι
3203 5293 3423 5351 canibus
3448 5299 3475 5331 υ
3502 5336 3517 5359 ,
3547 5312 3570 5345 ιι

357 5394 458 5459 εὶς
491 5391 584 5457 τὸ,
604 5390 769 5463 Miles
789 5391 1022 5460 ῥάϐδον
1053 5393 1208 5464 μήτε
1246 5395 1449 5466 πήραν
1470 5395 1627 5467 μήτε
1653 5396 1884 5467 ὑπὀδή-

355 5502 532 5557 ματα
562 5483 783 5554 χρῆναι
813 5486 959 5554 τοὺς
983 5487 1373 5556 ἀποστόλους
1390 5488 1774 5554 βαστάζειν.»

360 5601 546 5655 Τοῦτο
591 5601 688 5671 καὶ.
721 5602 751 5654 ὀ
783 5601 987 5671 Κύριος
1017 5602 1203 5667 αὐτὸς,
1237 5601 1312 5668 ὡς
1354 5603 1546 5676 ἔμοιγε
1587 5603 1759 5668 δοκεῖ,
1793 5620 1890 5657 τυ-

266 5695 386 5771 χόν
427 5694 757 5766 παρεδήλου,
781 5693 941 5746 τοῦτο
973 5693 1075 5764 μὲν
1102 5693 1161 5746 ὲν
1186 5687 1268 5757 οἷς
1307 5710 1465 5766 φησι,
1497 5693 1594 5763 Μὴ
1634 5693 1786 5747 δῶτε
1822 5692 1890 5748 τὸ

361 5826 389 5855 ο
432 5813 610 5870 Levit.
639 5829 756 5879 xm,
788 5815 1010 5882 passim.
1096 5815 1111 5849 ι
1142 5812 1304 5867 Num.
1335 5829 1461 5879 xxv,
1490 5815 1523 5867 7
1549 5810 1703 5883 seqq.

1786 5823 1811 5851 ιι
1839 5811 2032 5867 Matth.
2060 5828 2156 5877 vn,
2193 5813 2257 5870 6..

2052 5396 2186 5452 Item
2214 5397 2269 5450 in
2285 5393 2420 5449 illud
2437 5411 2455 5448 :
2489 5411 2507 5444 ι
2531 5391 2681 5461 ρμρά
2706 5406 2874 5462 neque
2895 5388 3165 5451 baculum,
3183 5402 3353 5458 neque
3363 5400 3573 5459 peram,

2058 5504 2225 5560 neque
2262 5485 2463 5542 calceos
2526 5483 2755 5557 apostoli
2781 5483 3006 5538 debeant
3024 5481 3165 5553 ferre
3193 5488 3291 5535 ν..)

2056 5602 2174 5657 Hoc
2197 5600 2364 5657 etiam
2409 5600 2533 5669 ipse.
2581 5597 2870 5662 Dominus,
2923 5593 3429 5659 ntinihividetur,
3460 5593 3575 5646 tor-

1990 5705 2133 5750 tasse
2157 5692 2508 5765 signiﬁcavit,
2548 5691 2749 5761 partim
2789 5689 2882 5744 ubi
2915 5688 3084 5754 dicit:
3109 5685 3189 5742 Ne
3211 5687 3334 5742 date
3358 5702 3573 5741 sacrum

2328 5819 2352 5848 τ
2389 5810 2522 5865 Luc.
2560 5825 2636 5870 ιχ,
2671 5808 2724 5859 5.

633 5999 643 6012 ,
1580 5930 1828 5987 vanus
1868 5929 2287 5987 LECTlttNES.-

364 6025 420 6061 “
450 6024 622 6089 εἴδους
647 6022 772 6080 cod.
801 6023 942 6078 Gud.
1026 6025 1063 6057 "
1096 6022 1244 6095 ἆσμα
1279 6022 1401 6079 cod.
1432 6021 1572 6089 Gud.
1657 6026 1697 6056 ³⁸
1729 6026 1819 6080 καὶ
1848 6024 1880 6079 d

1984 6023 2195 6079 levatur
2227 6024 2283 6078 in
2313 6021 2433 6077 coel.
2479 6021 2621 6075 Gud.
