4012 6372
265 411 416 480 1209

1520 421 2047 482 AMBIGUORUM
2086 417 2340 486 LIBER.

3419 425 3555 490 1210

263 537 370 589 καὶ
397 534 565 589 πάλαι
589 536 884 609 γνωρίμων
909 535 1002 589 καὶ
1033 535 1296 597 ὡσαύτως
1321 535 1556 607 ἐχόντων
1584 537 1660 600 ώς
1685 537 1868 590 ἑώλων

1980 554 2097 608 quae
2130 540 2369 611 vulgaris
2408 555 2542 596 usus
2585 548 2716 595 sunt
2748 549 2804 596 et
2837 542 3051 613 pridem
3094 541 3310 612 cognita
3340 553 3407 594 -et
3445 557 3556 595 non

266 626 374 679 καὶ
420 625 828 697 πεπατημένων
867 627 964 679 καὶ
991 625 1222 695 μηδενὸς
1251 625 1438 689 ἀξίων,
1474 626 1864 692 κατεξανιστα-

271 725 497 785 μενους,
541 715 639 768 καὶ
689 715 890 785 μᾶλλον
943 713 1015 767 τὰ
1046 713 1362 784 νεαρώτερα
1396 713 1868 784 προσδεχομένους

268 807 590 870 ἀσπασίως,
639 807 744 860 κᾶν
785 805 961 875 ψευδῆ
1006 805 1224 876 τύχοιεν
1257 805 1409 869 ὄντα,
1459 805 1553 858 καὶ
1595 806 1868 876 μηδεμίαν

269 900 361 963 είς
388 900 566 970 ψυχὴν
598 899 986 953 διαϐαίνουσαν
1018 897 1287 966 ὠφέλειαν
1329 897 1542 966 ἔχοντα.
1583 897 1755 967 Ὑπὲρ
1798 893 1869 968 ἦς

272 991 520 1061 μάλιστα
577 991 688 1053 πᾶς
735 989 966 1060 εύσεδὴς
1030 989 1185 1057 λόγος
1225 990 1322 1041 καὶ
1378 989 1538 1050 πόνος
1590 989 1867 1057 σωτήριος

268 1082 466 1153 ᾅδεταί
488 1099 546 1136 τε
573 1084 668 1135 καὶ
703 1069 968 1152 γράφεται
988 1082 1083 1134 καὶ
1110 1081 1512 1152 ἐπιτηδεύεται,
1540 1082 1566 1132 ὁ
1599 1083 1698 1149 μὲν
1725 1082 1868 1135 κατά

267 1177 378 1245 τῆς
405 1174 710 1243 ἀγνωσίας,
739 1176 766 1227 ὁ
793 1174 850 1228 δὲ
883 1173 1026 1228 κατά
1055 1174 1156 1241 τῆς
1190 1173 1386 1244 ἡδονῆς
1430 1172 1816 1242 ὁπλιζόμενος,
1841 1174 1868 1226 ὁ

275 1268 382 1339 μὲν
411 1268 497 1322 ἵνα
518 1268 614 1337 τῆς
647 1267 871 1336 ἀγνοίας
901 1266 1152 1336 ἐκτεμὼν
1191 1267 1260 1319 τὰ
1294 1283 1369 1336 πη
1382 1264 1611 1336 ρώματα
1639 1264 1738 1335 τῆς
1766 1264 1870 1334 ψυ-

271 1361 383 1430 χῆς
409 1361 670 1430 οίκειώσῃ
698 1359 820 1430 Θεῷ
857 1359 946 1412 διά
985 1357 1240 1426 γνώσεως
1293 1359 1393 1429 τὴν
1425 1357 1685 1426 ἀλήθειαν
1715 1357 1869 1427 ἕχον-

270 1469 400 1516 τας,
447 1453 578 1516 τοὺς
628 1452 716 1504 διά
751 1450 909 1505 τοῦτο
937 1452 1050 1514 τοῖς
1091 1451 1377 1521 μαθήμασι
1428 1450 1740 1520 χαίροντας,
1775 1449 1870 1501 καὶ

275 1542 390 1596 τῶν
423 1543 720 1613 ὁρωμένων
753 1559 813 1594 τε
843 1541 941 1595 καὶ
983 1541 1292 1612 νοουμένων
1335 1541 1591 1611 ὑπεράνω
1620 1540 1709 1593 τὸν
1744 1539 1870 1593 νοῦν

276 1634 664 1705 παραπέμψας
711 1633 874 1706 θέλξει
898 1634 976 1704 τῷ
1010 1635 1234 1704 ἀρρήτῳ
1267 1634 1365 1702 τῆς
1409 1632 1561 1694 θείας
1608 1632 1872 1702 καλλονῆς

276 1728 471 1798 ἔρωτι,
515 1727 611 1780 καὶ
658 1727 993 1800 προσηλώσῃ
1019 1726 1103 1797 τῷ
1137 1727 1286 1796 πόθῳ
1319 1725 1572 1797 μηδαμοῦ
1605 1725 1872 1797 φέρεσθαι

276 1819 608 1888 δυνάμενον,
652 1819 855 1889 μᾶλλον
887 1819 945 1872 δὲ
981 1817 1280 1890 δυνηθῆναι
1323 1818 1398 1888 μὴ
1449 1818 1812 1887 ἀνεχόμενον’
1843 1819 1872 1870 ὁ

277 1912 341 1964 δὲ
373 1911 462 1966 ἵνα.
490 1911 592 1981 τῆς
610 1911 732 1966 καθ’
754 1911 950 1983 ἡδονὴν
981 1911 1221 1981 σχέσεως
1247 1912 1372 1973 τοὺς
1387 1910 1548 1980 ἥλους
1567 1909 1873 1982 ἐκκρούση-
1905 1895 1948 1949 Β

277 2020 374 2057 ται
403 1998 482 2066 οἷς
519 2005 550 2056 ὁ
579 2003 707 2074 περὶ
737 2003 869 2056 Θεὸν
911 2003 1011 2072 τῆς
1035 2003 1212 2073 ψυχῆς
1235 2002 1397 2067 πόθος
1418 2019 1477 2055 τε
1507 2001 1602 2056 καὶ
1623 2003 1775 2064 τόνος
1807 2002 1874 2055 ἐκ

278 2092 385 2164 τῆς
414 2094 647 2166 ἀρχαίας
673 2095 954 2166 παρακοῆς
978 2093 1114 2164 πρὸς
1127 2094 1230 2164 τὴν
1250 2093 1386 2161 ὕλην
1416 2092 1660 2162 ἐνεπάγη
1689 2092 1784 2144 καὶ
1802 2091 1874 2146 τά

279 2187 643 2260 φθειρόμενα,
676 2190 770 2242 καὶ
800 2188 1092 2258 ἀπαλλάξῃ
1141 2187 1340 2251 κακίας
1380 2187 1509 2250 τοὺς
1565 2185 1870 2257 ἐνεσχημέ-

277 2296 407 2343 νους
427 2278 493 2344 ⁸⁸,
531 2281 625 2332 καὶ
644 2279 846 2351 ἀρετῆς
879 2281 1124 2349 ποιήσειε
1150 2277 1412 2349 φοιτητὰς
1449 2277 1732 2347 γνησίους,
1778 2277 1874 2329 καὶ

279 2375 534 2428 ἄσειστον
566 2373 700 2443 πρὸς
733 2373 910 2427 πάντα
936 2373 1005 2427 τά
1028 2372 1260 2426 κωλύειν
1284 2369 1552 2426 δοκοῦντα
1573 2372 1670 2440 τῆς
1696 2369 1874 2439 ψυχῆς

277 2469 384 2540 τὴν
409 2467 545 2540 πρὸς
582 2466 643 2520 τὸ
675 2465 839 2520 καλὸν
888 2465 1164 2518 οίκείωσιν
1207 2464 1618 2534 ἀπεργάσηται,
1653 2461 1874 2524 διδάξας

281 2561 423 2632 πρὸς
462 2561 561 2632 μὲν
601 2557 953 2630 ἅποστροιρὴν
1003 2557 1218 2628 ἡδονῆς,
1269 2555 1476 2627 (182
1508 2554 1581 2624 a)
1633 2552 1724 2606 διὰ
1764 2551 1872 2604 τῶν

282 2654 373 2724 ἐφ’
402 2653 533 2724 ἡμῖν
573 2651 793 2706 ἀτόπων
837 2649 1137 2719 ἀπατηλῶς
1193 2647 1487 2716 σαινούσης
1535 2645 1630 2699 καὶ
1663 2642 1872 2714 μαλασ-

286 2746 493 2818 σούσης
557 2745 618 2799 τὸ
693 2743 920 2815 στερρὸν
957 2743 1058 2810 τῆς
1111 2741 1359 2810 γνώμης,
1421 2738 1518 2792 καὶ
1574 2735 1872 2806 πειθούσης

283 2837 676 2912 προαιρεῖσθαι
714 2837 784 2889 τὰ
837 2835 1084 2905 παρόντα
1119 2833 1229 2884 τῶν
1275 2831 1604 2901 μελλόντων,
1655 2829 1750 2882 καὶ
1804 2828 1873 2880 τὰ

283 2931 548 3003 δρώμενα
593 2930 702 2984 τῶν
749 2927 1085 2998 νοουμένων,
1118 2925 1473 2995 ἐγκράτειαν,
1523 2921 1658 2992 πρὸς
1690 2920 1746 2974 δὲ
1778 2917 1870 2988 φό-

284 3023 387 3076 σου
423 3022 517 3075 καὶ
540 3020 738 3083 δειλίας
769 3017 1057 3083 ἀπόθεσιν,
1087 3017 1154 3070 δι’
1183 3014 1368 3069 αὐτῶν
1389 3013 1435 3045 ³⁸
1470 3011 1570 3065 οὐκ
1613 3009 1700 3079 ἐφ’
1739 3011 1874 3080 ἡμῖν

281 3115 361 3170 τὰ
405 3115 686 3185 ἀνήκεστα
719 3112 814 3165 καὶ
841 3109 1192 3181 ἀνθρωπίνης
1231 3101 1371 3160 εἶναι
1404 3105 1666 3158 δοκοῦντα
1701 3101 1880 3173 κρείτ-

1969 641 2170 688 novata
2195 635 2348 688 velut
2376 641 2569 688 contra
2604 631 2852 689 obsoleta
2883 644 2941 690 et
2973 636 3101 690 trita
3131 643 3186 690 et
3211 637 3339 690 vilia
3377 637 3550 689 insur-

1968 737 2117 798 gant,
2149 727 2286 781 adeo
2321 735 2382 781 ut
2415 727 2746 792 recentiora,
2774 728 2860 781 vel
2894 728 2940 782 si
2977 728 3262 782 mendacia
3297 729 3427 793 sint,
3461 744 3558 782 ne-

1968 835 2078 888 que
2115 819 2227 873 ulla
2264 819 2390 873 inde
2427 820 2481 872 in
2519 819 2759 872 animam
2794 819 3008 874 utilitas
3045 818 3338 882 redundet,
3374 827 3554 872 tamen

1967 912 2226 981 lubenter
2281 910 2569 980 recipiant.
2625 911 2836 965 Animae
2887 911 3195 980 praesertim
3258 910 3552 964 commodo

1969 1004 2153 1058 omnis
2199 1005 2325 1073 pius
2371 1013 2427 1057 et
2471 1018 2655 1058 sermo
2701 1011 2758 1057 et
2799 1002 2956 1056 labor
2997 1002 3255 1057 salutaris
3299 1002 3550 1072 praedica-

1972 1099 2080 1156 tur,
2115 1092 2507 1158 conscribitur,
2539 1101 2862 1157 accuratur;
2905 1107 3140 1160 quorum
3187 1091 3326 1146 alter
3367 1099 3558 1145 contra

1971 1181 2374 1252 ignorantiam,
2431 1181 2571 1235 alter
2625 1190 2816 1235 contra
2872 1181 3215 1250 voluptatem
3279 1189 3558 1242 armatur,

1971 1273 2111 1325 alter
2142 1280 2204 1325 ut
2237 1270 2472 1325 infirmis
2505 1282 2562 1325 et
2595 1272 2806 1324 inutilis
2841 1271 3037 1324 animae
3069 1271 3320 1340 partibus
3359 1270 3562 1324 excisis

1970 1379 2068 1420 eos
2100 1363 2198 1433 qui
2233 1379 2332 1433 per
2363 1363 2738 1434 cognitionem
2766 1362 3058 1416 veritatem
3092 1362 3299 1416 habent
3326 1362 3562 1430 ideoque

1973 1456 2029 1510 in
2063 1456 2371 1526 disciplinis
2399 1455 2610 1510 versari
2641 1454 2915 1526 gaudent,
2943 1454 3055 1508 Deo
3089 1453 3377 1516 conciliet,
3411 1468 3562 1505 men-

1975 1559 2196 1619 temque
2237 1563 2458 1602 sursum
2499 1563 2666 1618 supra
2707 1563 2771 1601 ea
2812 1563 2932 1616 qua!
2969 1547 3233 1601 videntur
3273 1554 3329 1600 et
3365 1544 3566 1601 intelli-

1972 1650 2178 1714 guntur
2229 1641 2484 1695 emissam
2541 1640 2811 1694 ineffabili
2870 1638 3075 1692 divina
3131 1635 3566 1706 pulchritudinis

1973 1749 2159 1789 amore
2187 1733 2521 1796 demulceat,
2547 1741 2714 1802 atque
2745 1731 2819 1784 ita
2848 1729 3030 1800 alligat
3058 1737 3120 1782 ut
3151 1729 3306 1782 nullo
3330 1741 3563 1796 usquam

1973 1825 2251 1882 desiderio
2299 1823 2571 1879 stimulari
2620 1823 2823 1892 possit,
2857 1822 2974 1876 sive
3021 1820 3204 1889 potius
3249 1834 3410 1889 posse
3452 1833 3562 1873 non

1975 1920 2249 1976 sustineat
2281 1937 2296 1972 :
2332 1918 2472 1972 alter
2502 1925 2564 1970 ut
2594 1915 2893 1984 voluptatis
2922 1914 3145 1968 habitus
3176 1913 3360 1967 clavos
3399 1925 3558 1965 excu-

1977 2012 2079 2067 tiat
2099 2011 2304 2081 quibus
2333 2009 2532 2064 animm
2557 2007 2704 2062 circa
2730 2007 2903 2061 Deum
2932 2005 3273 2060 desiderium
3302 2011 3359 2057 et
3386 2003 3564 2057 inten-

1977 2105 2053 2160 tio
2083 2104 2151 2158 de
2183 2111 2370 2157 vetere
2406 2099 2797 2155 inobedientiae
2830 2097 3034 2152 delicto
3075 2096 3143 2150 ad
3183 2095 3473 2149 materiam
3510 2102 3566 2149 et

1974 2213 2039 2253 ea
2068 2213 2189 2268 quae
2213 2195 2465 2251 interitui
2490 2195 2774 2265 subiacent
2800 2191 3074 2262 applicata
3099 2199 3249 2255 sunt,
3276 2197 3333 2244 et
3358 2188 3569 2258 impro-

1973 2285 2146 2340 bitate
2174 2285 2400 2338 indutos
2429 2283 2650 2348 liberet,
2672 2289 2727 2335 et
2756 2281 2986 2336 virtutis
3008 2295 3175 2335 veros
3198 2279 3364 2334 faciat
3388 2280 3569 2334 culto—

1975 2393 2095 2444 res,
2127 2383 2185 2432 et
2223 2375 2540 2429 immobiles
2581 2389 2683 2428 nos
2723 2381 2778 2427 et
2822 2374 3183 2426 inconcussos
3221 2380 3367 2426 stare
3407 2370 3568 2425 faciat

1974 2477 2169 2524 contra
2213 2467 2397 2522 omnia
2430 2482 2553 2536 quae
2582 2465 2780 2520 animas
2814 2480 2940 2521 eum
2973 2465 3209 2520 honesto
3241 2473 3298 2519 et
3326 2464 3568 2534 pulchro

1975 2560 2404 2615 familiaritatem
2452 2557 2751 2613 ineundam
2797 2558 3096 2627 prohibere
3136 2556 3454 2619 videantur,
3491 2555 3559 2609 ad

1975 2652 2356 2709 declinandam
2385 2650 2607 2720 quidem
2635 2627 3152 2718 voluptatem,\quaa
3182 2663 3284 2716 per
3312 2646 3570 2701 absurdi-

1977 2751 2116 2798 tates
2141 2750 2362 2796 nostras
2387 2739 2772 2794 fraudulenter
2795 2739 3013 2794 consilii
3045 2735 3346 2793 duritatem
3377 2737 3571 2792 adula-

1975 2842 2066 2888 tur
2089 2841 2146 2888 et
2175 2832 2372 2895 mollit,
2396 2839 2454 2886 et
2478 2829 2774 2900 praesentia
2803 2829 3027 2894 futuris,
3051 2844 3283 2899 quaeque
3309 2828 3570 2882 videntur

1975 2927 2058 2981 eis
2087 2939 2212 2995 qua;
2244 2922 2582 2993 cogitatione
2616 2921 3006 2991 percipiuntur
3039 2921 3302 2991 praeferre
3337 2920 3568 2984 suadet,

1976 3020 2260 3074 instruens
2294 3015 2656 3080 continentia,
2692 3013 2760 3067 ad
2803 3012 3196 3082 deponendum
3235 3027 3369 3066 vero
3413 3012 3576 3066 timo-

1976 3129 2094 3170 rem
2126 3121 2291 3181 atque
2320 3116 2551 3174 metum,
2577 3106 2672 3177 qui
2704 3106 2806 3177 ipsi
2838 3105 3159 3176 gravissima
3191 3119 3424 3173 quaeque
3451 3121 3561 3158 non

281 3227 421 3263 τονα
454 3208 740 3276 δυνάμεως
777 3202 1208 3273 ὑποτιθεμένων,
1234 3199 1330 3253 καὶ
1379 3199 1470 3271 βίᾳ
1517 3199 1738 3270 κρατεῖν
1787 3196 1876 3250 διὰ

1980 3208 2039 3262 in
2080 3214 2274 3262 nostra
2319 3219 2486 3259 manu
2529 3202 2627 3256 sed
2668 3201 2967 3254 humanam
3015 3205 3347 3269 potestatem
3395 3197 3572 3252 videri

279 3301 393 3372 τῆς
422 3301 532 3354 τῶν
571 3295 820 3370 φοὸερῶν
860 3294 1160 3363 ἐπαγωγῆς
1187 3290 1284 3346 τοῦ
1309 3289 1586 3361 σώφρονος
1611 3286 1875 3360 λογισμοῦ

285 3391 734 3466 μηχανωμένων,
771 3387 1052 3458 ὑπομονὴν
1097 3386 1192 3441 καὶ
1239 3384 1339 3456 τὴν
1391 3386 1457 3438 ἐκ
1495 3381 1703 3436 τούτων
1735 3399 1877 3452 συμ-

283 3487 680 3560 πληρουμένην
715 3484 959 3555 ἀνδρίαν,
1037 3481 1137 3554 τὴν
1161 3480 1312 3551 ’πρὸς
1347 3481 1531 3534 πᾶσαν
1555 3478 1748 3550 ἡδονὴν
1773 3477 1881 3530 τῶν

281 3581 382 3648 ἐφ’
411 3580 545 3648 ἡμῖν
569 3575 665 3628 καὶ
695 3573 894 3644 ὀδύνην
915 3572 1024 3626 τῶν
1063 3571 1166 3625 οὐκ
1201 3571 1287 3640 ἐφ’
1314 3571 1447 3639 ἡμῖν
1475 3567 1758 3622 ἀνένδοτον
1787 3566 1880 3620 καὶ

279 3669 565 3738 ἀήττητον
591 3665 724 3732 ἕξιν.
748 3661 1171 3732 Κνηθομένους
1200 3661 1257 3714 δὲ
1281 3659 1396 3728 τὴν
1423 3658 1620 3727 ἀκοὴν
1648 3658 1747 3712 καὶ
1769 3657 1884 3725 τὴν

282 3759 590 3830 γλῶσσαν
643 3757 901 3809 ἐκάλεσεν
949 3756 978 3807 ὁ
1028 3752 1351 3814 διδάσκαλος
1399 3751 1524 3812 τοὺς
1574 3749 1704 3820 περὶ
1752 3743 1826 3802 ὧν
1855 3750 1884 3802 ὁ

283 3855 474 3921 λόγος,
505 3849 696 3921 ἐπειδὴ
729 3851 838 3913 πᾶς
873 3849 1031 3917 λόγος
1063 3847 1153 3901 διὰ
1191 3844 1446 3915 γλώσσης
1490 3841 1780 3897 καλεῖσθαί
1823 3858 1884 3893 τε

287 3947 393 4000 καὶ
438 3941 813 4016 προφέρεσθαι
863 3941 958 3994 καὶ
1008 3941 1076 3994 δι’
1112 3939 1286 4009 ἀκοῆς
1331 3936 1633 3990 ἀκούεσθαί
1681 3953 1742 3989 τε
1790 3933 1884 3987 καὶ

294 4035 672 4107 μανθάνεσθαι
718 4033 990 4102 πέφυκεν.
1021 4030 1087 4083 Ei
1126 4030 1184 4084 δέ
1217 4029 1312 4083 καὶ
1347 4028 1468 4082 κατ’
1500 4027 1670 4097 ἀλλην
1704 4026 1886 4080 ἐπιϐο-

288 4130 395 4199 λὴν
418 4125 738 4197 ἐκδέχεσθαι
792 4125 1095 4196 θελήσομεν
1130 4122 1547 4192 τὸλεγόμενον,
1580 4119 1886 4186 Κνηθόμε-

287 4239 391 4276 rat
423 4221 540 4289 τὴν
571 4221 769 4288 ἀκοὴν
812 4218 909 4272 καὶ
955 4216 1072 4285 τὴν
1100 4215 1412 4286 γλῶσσαν,
1442 4213 1607 4283 τυχὸν
1641 4213 1692 4265 οί
1727 4212 1888 4282 μόνον

291 4310 440 4380 πρὸς
479 4309 648 4378 ψόγον
685 4308 782 4362 καὶ
823 4307 924 4376 τῆς
960 4305 1081 4361 κατ’
1119 4303 1296 4359 ἄλλων
1345 4301 1604 4372 διαϐολῆς
1645 4302 1678 4372 ἢ
1725 4301 1888 4355 λοιδο-

295 4404 428 4472 ρίας
472 4401 698 4455 ἀκούειν
730 4416 794 4452 τε
835 4401 930 4452 καὶ
963 4397 1148 4452 καλεῖν
1194 4394 1661 4468 προθυμούμενοι,
1697 4395 1792 4447 καὶ
1825 4393 1886 4446 τὺ

291 4495 444 4552 κατὰ
481 4494 684 4557 παντὸς
727 4491 956 4563 ἀμαθῶς
1004 4489 1328 4561 ἐπαίρεσθαι
1362 4488 1522 4557 λόγου
1560 4505 1620 4542 τε
1672 4486 1770 4541 καὶ
1799 4489 1889 4540 ἁν-

1981 3309 2248 3366 superare
2307 3289 2650 3362 persuadent
2697 3287 3085 3358 violenterque
3145 3303 3244 3357 per
3297 3297 3575 3341 terrorum

1983 3386 2329 3444 invasionem
2364 3381 2596 3439 rationis
2624 3380 2953 3452 consiliique
2989 3380 3346 3436 sobrietatem
3385 3378 3576 3448 oppri-

1981 3495 2134 3535 mere
2169 3487 2465 3540 conantur,
2499 3476 2784 3530 instruens
2819 3472 3130 3528 constantia
3163 3480 3218 3525 et
3251 3469 3577 3525 fortitudine

1982 3571 2112 3625 inde
2143 3576 2545 3630 consummata,
2572 3566 2765 3621 habitu
2797 3566 2862 3620 ad
2897 3564 3203 3634 quamlibet
3229 3578 3421 3616 eorum
3455 3578 3578 3630 qum.
3661 3557 3668 3563 ’

1982 3659 2041 3713 in
2068 3658 2233 3713 nobis
2260 3666 2391 3711 sunt
2419 3656 2780 3724 voluptatem,
2808 3663 2865 3709 et
2892 3652 3196 3722 quemlibet
3225 3665 3420 3704 eorum
3451 3666 3594 3718 quae.
3650 3716 3657 3719 _

1982 3761 2139 3806 extra
2162 3766 2263 3805 nos
2285 3759 2416 3804 sunt
2435 3748 2684 3802 dolorem
2712 3744 3090 3816 imperterrito
3110 3753 3167 3798 et
3187 3742 3411 3796 invicto.
3439 3742 3580 3795 Pru-

1985 3844 2177 3897 rientes
2213 3850 2391 3895 autem
2427 3840 2614 3920 auditu
2650 3847 2698 3891 et
2730 3836 2918 3906 lingua
2952 3834 3214 3904 magister
3237 3833 3455 3887 vocavit
3484 3850 3580 3885 eos

1986 3937 2054 3991 ad
2085 3950 2227 4005 quos
2265 3941 2477 4004 spectat
2503 3946 2708 3995 sermo,
2741 3928 3018 3999 siquidem
3052 3926 3234 3981 omnis
3263 3941 3446 3980 sermo
3483 3940 3581 3992 per

1986 4029 2228 4100 linguam
2259 4012 2316 4082 et
2345 4026 2655 4096 appellatur
2680 4032 2738 4079 et
2765 4021 3067 4093 profertur,
3097 4027 3263 4088 atque
3293 4032 3392 4087 per
3424 4015 3582 4071 audi-

1989 4130 2105 4176 tum
2133 4119 2478 4174 auscultatur
2502 4125 2560 4172 et
2585 4116 2874 4172 ediscitur.
2905 4114 3024 4170 Jam
3060 4113 3106 4167 si
3141 4113 3308 4166 etiam
3347 4111 3414 4166 ad
3447 4112 3579 4165 alte-

1989 4229 2114 4268 rum
2159 4227 2381 4282 quoque
2424 4210 2772 4280 prepositum
2814 4206 3073 4276 excipere
3116 4205 3374 4260 volumus
3424 4204 3579 4264 illud,

1987 4307 2299 4361 Prurientes
2325 4304 2512 4358 auditu
2538 4311 2586 4355 et
2610 4301 2816 4372 lingua,
2835 4300 3068 4354 fortasse
3090 4306 3256 4353 erunt
3277 4297 3372 4368 qui
3403 4298 3580 4351 solum

1989 4399 2058 4454 ad
2098 4395 2437 4466 vituperium
2483 4393 2717 4447 aliorum
2765 4399 2823 4446 et
2863 4389 3327 4445 obtrectationem
3371 4387 3582 4441 calum-

1991 4491 2256 4559 niamque
2299 4485 2634 4542 audiendam
2675 4493 2733 4539 et
2771 4480 3162 4553 proferendam
3201 4479 3493 4539 inclinant,
3526 4485 3586 4532 et

291 4585 424 4657 δρὸς
458 4582 845 4654 σεμνολόγημα
884 4579 1184 4652 κρίνοντες,
1215 4577 1309 4630 καὶ
1343 4575 1452 4648 πρὸ
1485 4576 1578 4629 τοῦ
1619 4593 1673 4628 τι
1719 4575 1878 4644 φάναι

1993 4591 2188 4640 contra
2220 4578 2474 4650 quemvis
2507 4577 2623 4634 sive
2658 4589 2976 4631 sermonem
3009 4573 3125 4628 sive
3155 4571 3441 4626 hominem
3478 4570 3583 4624 im-

293 4677 390 4729 τδν
428 4673 670 4728 ὓποπτον
695 4673 899 4734 ιαύτοῖς
954 4671 1047 4723 καὶ
1091 4667 1460 4738 φθονούμενον
1514 4665 1884 4735 σφαδάζοντες

293 4768 378 4838 τῷ
407 4765 678 4836 πνεύματι
712 4765 806 4818 καὶ
852 4759 965 4816 οἷον
1001 4762 1100 4834 τὴν
1133 4760 1314 4831 ψυχὴν
1357 4757 1736 4830 προωθοῦντες
1788 4759 1886 4812 καὶ

297 4859 402 4930 τὴν
439 4856 609 4928 ἀκοὴν
665 4853 1050 4926 ἐτοιμάζοντες
1081 4853 1176 4908 καὶ
1201 4851 1299 4922 τὴν
1337 4849 1593 4920 γλῶσσαν
1615 4851 1752 4919 πρὸς
1787 4849 1889 4922 θή-

299 4965 404 5018 ραν
439 4947 582 5011 τινὸς
625 4944 897 5015 συλλαΰῆς
929 4943 962 5013 ἢ
1010 4941 1228 5008 λέξεως,
1266 4941 1364 5011 οὐχ
1419 4941 1506 4993 ἵνα
1545 4939 1884 5011 εύθυμῶσιν,

297 5039 420 5096 ἀλλ’
467 5040 553 5093 ἵνα
591 5037 863 5092 κακίσωσι
909 5035 1002 5089 καὶ
1051 5033 1185 5105 ὓλην
1238 5033 1402 5104 ἔχωσι
1435 5032 1536 5102 τῆς
1572 5033 1693 5085 κατ’
1723 5031 1891 5085 αὑτοῦ

297 5130 712 5203 γλωσσαλγίας.
743 5129 922 5198 Ὅπερ
955 5125 1240 5180 ἐποιοῦντο
1264 5125 1343 5194 τῷ
1371 5125 1512 5195 ἁγίῳ
1536 5123 1712 5195 τούτῳ
1735 5125 1889 5192 ἀνδρὶ

295 5229 351 5278 οἱ
388 5224 508 5276 κατ’
539 5223 716 5276 ἐκεῖνο
769 5217 964 5290 καιροῦ
996 5218 1094 5288 τῆς
1125 5215 1386 5286 ἀληθείας
1431 5215 1637 5285 ἐχθροὶ,
1669 5232 1888 5286 προπη-

294 5314 524 5378 δῶντες,
569 5313 664 5367 καλ⁹
697 5310 1244 5383 προεξανιστάμενοι,
1292 5309 1386 5362 καὶ
1431 5309 1563 5379 πρὶν
1607 5309 1888 5380 λεχθῆναι,

299 5405 416 5462 τῶν
451 5404 764 5476 λεγομένων
785 5421 798 5435 ·
835 5403 1091 5471 καθάπερ
1135 5400 1246 5452 τῶν
1293 5400 1476 5452 ἵππων
1499 5401 1626 5464 τοὺς
1660 5400 1888 5470 πολεμι-

300 5500 566 5572 στηρίους
595 5515 657 5551 τε
685 5497 777 5552 καὶ
808 5497 1000 5567 (182
1018 5494 1082 5565 b)
1107 5493 1548 5564 ἀμιλλητηρίους,
1584 5493 1634 5546 οἳ
1663 5495 1756 5548 καὶ
1787 5494 1892 5566 πρὸ

298 5591 417 5647 τῶν
465 5591 694 5660 ἀγώνων
736 5589 966 5657 καὶτῆς
1013 5588 1314 5656 σάλπιγγος
1351 5585 1612 5656 εὐθυτενῆ
1659 5586 1728 5638 τὰ
1773 5581 1892 5640 ὦτα

1988 4675 2167 4748 perite
2205 4681 2260 4728 et
2294 4670 2501 4725 rustice
2543 4669 2878 4724 insolescere
2907 4674 3204 4722 venustum
3243 4676 3300 4719 et
3332 4663 3581 4734 lepidum

1984 4767 2257 4839 iudicant,
2291 4778 2354 4818 ac
2390 4762 2714 4832 priusquam
2759 4760 2805 4814 is
2843 4759 2938 4829 qui
2977 4757 3084 4813 sibi
3121 4757 3260 4827 ipsis
3293 4763 3586 4824 suspectus

1988 4870 2094 4925 est,
2117 4859 2204 4913 vel
2232 4857 2322 4912 cui
2347 4855 2618 4919 invident,
2644 4852 2850 4922 aliquid
2880 4851 3051 4916 dicat,
3076 4849 3276 4921 spiritu
3303 4847 3586 4903 exsultant

1989 4963 2046 5008 et
2069 4950 2239 5007 veluti
2265 4949 2507 5004 animam
2537 4947 2857 5017 propellunt
2880 4945 3242 5012 auditumque
3269 4945 3583 5010 praaparant

1997 5052 2058 5100 et
2103 5044 2348 5113 linguam
2398 5041 2467 5096 ad
2515 5040 2777 5111 syllabam
2824 5038 3066 5108 aliquam
3113 5035 3197 5088 vel
3249 5032 3584 5087 locutionem

1995 5135 2326 5196 venandam,
2359 5149 2469 5188 non
2501 5148 2613 5202 quo
2648 5130 2839 5186 lzetitia
2873 5139 2930 5185 et
2959 5127 3237 5183 hilaritate
3271 5121 3440 5179 animi
3471 5120 3588 5174 atii-

2001 5227 2168 5289 ciant,
2206 5225 2305 5279 sed
2346 5233 2408 5279 ut
2447 5224 2706 5294 injuriam
2751 5222 2992 5277 inferant
3028 5217 3428 5285 materiamque
3473 5228 3587 5268 suae

2001 5315 2322 5385 petulantia:
2349 5314 2606 5368 habeant.
2641 5313 2698 5367 Id
2731 5311 2880 5382 quod
2911 5311 3043 5366 huic
3077 5317 3270 5364 sancto
3294 5305 3417 5360 viro
3443 5303 3588 5358 acci-

2000 5409 2082 5462 dit
2110 5409 2204 5463 illo
2237 5417 2484 5478 tempore
2515 5406 2584 5460 ab
2616 5405 2865 5460 veritatis
2898 5403 3161 5467 inimicis,
3186 5396 3456 5471 ejusmodi
3489 5394 3584 5464 qui

2001 5501 2316 5570 prosiliunt,
2354 5507 2408 5554 et
2451 5499 2535 5552 vel
2583 5497 2904 5566 priusquam
2950 5495 3095 5549 dicta
3141 5494 3272 5554 sint,
3307 5492 3364 5546 in
3400 5487 3587 5541 verbis

1966 5645 1968 5648 ,
1997 5606 2188 5644 ansam
2219 5599 2274 5646 ct
2303 5588 2652 5644 occasionem
2689 5603 2747 5642 se
2786 5585 3049 5640 incitandi
3087 5583 3333 5653 arripere
3369 5579 3580 5640 solent;

1582 5719 1818 5774 VARLE
1858 5723 2258 5779 LECTIONES.

379 5841 428 5872 ⁸³
465 5837 854 5909 ὲνισχημένους
885 5836 1008 5893 cod.
1040 5837 1177 5892 Gud.
1260 5837 1298 5867 ²¹
1337 5833 1422 5888 διὰ
1457 5834 1563 5887 τῶν
1600 5834 1718 5890 COd-
1749 5833 1893 5890 Glld-
