4012 6370
314 395 469 465 1213

1571 410 2089 473 AMBIGUORUM
2127 368 2380 477 LIBER.

310 534 409 572 σιν
439 521 467 586 ό
495 516 835 582 διδλσκαλος.
885 519 945 573 Ὀ
995 518 1051 571 δὲ
1099 518 1301 589 μᾶλλον
1350 522 1580 593 ἀπορεῖν
1629 523 1775 594 ὑμᾶς
1820 540 1916 577 πε-

2020 540 2142 582 rore
2181 527 2451 583 dissidere
2493 530 2592 584 ait.
2626 528 2727 585 llic
2767 531 2953 586 autem
2996 532 3169 603 magis
3208 532 3483 603 haesitare,
3516 538 3593 592 uti

313 609 598 680 ποίηκεν,
626 607 703 673 ὡς
750 605 924 681 οἶμαι,
976 609 1120 664 κατὰ
1162 609 1406 664 τοιούσδε
1454 613 1780 686 τρόπους,ἢ
1825 617 1909 669 ὅτι

309 718 430 774 περ
474 703 524 756 οἰ
565 699 751 779 χώρας
796 701 947 766 τινὸς
975 700 1063 754 διὰ
1099 704 1500 773 στρατιωτικῆς
1532 707 1911 777 κρατήσαντες

308 796 507 873 χειρὸς
547 796 865 869 γεωμετρίᾳ
910 797 1117 866 ταύτην
1199 799 1703 871 καταδιαιροῦνται,
1746 803 1911 874 ηνίιια

315 889 605 960 βασιλείας
632 890 782 961 νόμῳ
814 893 1040 961 κρατεῖν
1080 892 1099 962 (
1319 891 1387 963 b)
1428 892 1687 957 ἐθέλωσι,
1734 896 1911 966 χαρᾶς

311 986 382 1039 δὲ
408 987 504 1040 καὶ
532 985 725 1057 χρῆμα
762 986 1040 1073 μέγιστρν,
1064 987 1262 1059 χαρᾶς,
1294 990 1408 1049 τοῖς
1445 989 1582 1058 μόνα
1604 989 1675 1042 τὰ
1703 989 1909 1061 παρόν-

312 1094 394 1131 τα
430 1076 855 1148 μεταδιώκουσιν
895 1078 1101 1146 ἀγαθὰ,
1129 1079 1223 1131 καί⁵
1249 1078 1310 1131 τὸ
1336 1079 1565 1150 νικητὰς
1592 1081 1793 1146 αὐτοὺς
1820 1096 1913 1148 γε·

314 1169 537 1234 νέσθαι,
571 1169 667 1224 καὶ
695 1168 925 1223 πλοῦτον
958 1169 1153 1241 ἀθρόον
1186 1171 1518 1242 κτήσασθαι,
1555 1166 1638 1236 οἷς
1678 1172 1741 1227 τὸ
1770 1173 1911 1225 οἰον-

313 1260 419 1314 οὖν
463 1260 661 1324 πένθος
707 1263 945 1315 συνεῖναι
999 1262 1316 1333 ἀμήχανον·
1354 1263 1603 1334 ἧέπειδή
1655 1280 1819 1333 φασιν
1861 1264 1911 1317 οἰ

317 1352 456 1424 περὶ
489 1351 665 1406 ταῦτα
691 1352 860 1406 δεινοί
895 1353 1022 1413 τοὺς
1064 1354 1507 1422 ἀναγκαστικοὺς
1552 1354 1697 1418 ἰδίως
1723 1354 1913 1410 συλλο-

316 1447 559 1516 γισμοὺς
595 1447 839 1517 ἀνῆφθαι
873 1450 940 1519 τῇ
982 1450 1321 1522 γεωμετρίᾳ,
1355 1450 1613 1521 φορτικός
1644 1468 1727 1519 τις
1766 1450 1912 1505 εἰκό-

315 1557 433 1603 τως
474 1539 799 1610 ὀφθήσεται,
856 1541 952 1594 καὶ
988 1540 1050 1592 τὸ
1093 1540 1337 1612 καθῆκον
1379 1540 1454 1613 μὴ
1511 1540 1777 1612 συνορῶν,
1821 1542 1912 1595 τὸν

319 1630 626 1696 πενθοῦντα
663 1630 1116 1702 συλλογιζόμενος
1170 1634 1265 1686 καὶ
1321 1633 1534 1701 ἀλόγως
1576 1633 1741 1686 αὐτὸν
1786 1650 1915 1686 πεν-

319 1722 522 1777 θοῦντα
560 1722 732 1788 δεῖξαι
790 1720 1163 1792 πειρώμενος·
1210 1723 1243 1794 ἢ
1292 1722 1457 1796 τυχὸν
1512 1724 1608 1780 καὶ
1636 1723 1786 1794 αὐτῷ
1832 1722 1911 1793 τῷ

320 1814 611 1868 πενθοῦντι
652 1813 784 1891 φαίη
828 1831 913 1877 τις
948 1814 1291 1886 ἀνάρμοστον
1337 1812 1567 1871 εἶναιτὸ
1609 1815 1915 1884 συλλογίζε-

322 1907 468 1968 σθαι,
503 1907 821 1979 πιθανότητι
875 1906 1047 1976 λόγων
1103 1908 1293 1962 ἑαυτὸν
1363 1907 1756 1978 μηχανώμενος
1790 1906 1908 1960 πεί-
1944 1906 1959 1939 ε

322 1997 444 2052 θειν
470 1998 546 2062 ὡς
574 1992 635 2052 οὺ
670 1997 908 2051 πέπονθε
944 1998 1044 2067 τὴν
1076 1997 1224 2069 ἔργῳ
1252 1998 1347 2052 καὶ
1376 2000 1668 2071 πράγματι
1700 1996 1910 2067 συμϐᾶ-

323 2108 424 2144 σαν
453 2089 603 2159 αὐτῷ
635 2091 943 2164 συμφορὰν,
986 2091 1018 2163 ἦ
1054 2091 1145 2147 καὶ
1176 2090 1327 2160 αὐτῷ
1353 2089 1432 2161 τῷ
1460 2091 1667 2152 πένθει,
1696 2090 1816 2160 ἦτοι
1843 2091 1909 2158 τῇ

319 2182 519 2236 τούτου
557 2181 739 2253 φύσει,
784 2182 1065 2245 παντελῶς
1116 2183 1380 2236 ἐναντίον.
1423 2180 1776 2251 Ἐκκρούεται
1803 2178 1910 2251 γὰρ

302 2268 522 2348 ’ὥσπερ
565 2275 627 2327 τὸ
684 2273 882 2336 πένθος
913 2275 942 2327 ό
980 2274 1196 2328 πενθῶν
1233 2273 1712 2343 συλλογιζόμενος,
1769 2270 1913 2327 οὕτω

321 2369 425 2423 καὶ
448 2368 510 2421 τὸ
538 2366 737 2431 πένθος
758 2366 852 2421 τοῦ
901 2363 1040 2420 εἶναι
1070 2366 1267 2430 πένθος
1302 2366 1583 2430 ἐκπίπτει,
1614 2364 1751 2436 πρὸς
1787 2364 1913 2429 coit,-
1951 2372 1954 2376 '

319 2458 585 2531 λογισμὸν
652 2458 1097 2530 μετατιθέμενος.
1143 2458 1465 2517 Ἀποόαλὼν
1520 2457 1631 2529 γάρ
1678 2474 1764 2520 τις
1815 2456 1909 2509 τὸν

318 2552 408 2614 εἰς
439 2550 498 2603 ὃν
524 2548 626 2614 τὰς
661 2548 883 2610 ἐλπίδας
922 2544 1035 2633 εἶχε
1070 2549 1169 2619 τῆς
1208 2536 1487 2627 διαδοχῆς,
1526 2547 1765 2618 περιττὰ
1802 2547 1915 2611 λοι-

318 2642 428 2697 πδν
461 2644 680 2714 ἡγεῖται
708 2643 778 2699 τὰ
809 2641 935 2713 τῇδε
970 2641 1175 2705 πάντα.
1216 2640 1331 2694 Καὶ
1364 2639 1511 2703 κατὰ
1549 2638 1740 2693 τοῦτον
1787 2638 1919 2703 ἰσως

314 2736 418 2788 τὸν
440 2733 644 2806 τρόπον
670 2734 770 2786 οὐκ
795 2733 898 2813 ἔξω
928 2733 1089 2801 λόγου
1120 2733 1255 2803 φαίη
1302 2750 1386 2795 τις
1418 2728 1557 2786 εῖναι
1590 2733 1661 2784 τὰ
1704 2731 1917 2804 θεωρη-

317 2828 513 2899 θέντα,
550 2828 713 2897 γνοὺς
749 2828 825 2899 μὴ
845 2826 1109 2882 δύνασθαι
1143 2827 1467 2897 συμϐαίνειν
1499 2826 1752 2898 ἀλλήλοις
1777 2825 1922 2879 κατὰ

313 2919 389 2975 τὸ
402 2920 534 2976 αὐτὸ
553 2921 655 2992 τὴν
676 2920 853 2995 χαρὰν
865 2920 958 2974 καὶ
980 2919 1042 2973 τὸ
1063 2918 1278 2983 πένθος,
1297 2918 1395 2989 τῆς
1413 2918 1683 2989 ἐκατέρου
1709 2934 1923 2988 ποιητι-

242 3012 255 3019 ’
317 3012 433 3083 κῆς
460 3012 639 3075 αἰτίας
668 3013 767 3073 οὐκ
786 3014 850 3066 ὲκ
883 3011 990 3069 τῶν
1014 3011 1193 3065 αὐτῶν
1224 3010 1407 3084 ἀρχῶν
1423 3009 1656 3083 ἐχούσης
1679 3010 1922 3080 δηλονότι

316 3101 428 3165 τὰς
483 3102 757 3174 ἀφορμάς.
786 3101 895 3154 Καὶ
934 3101 1140 3155 τούτων
1173 3102 1385 3172 μάρτυς
1422 3100 1683 3171 ἐχέγγυος
1708 3100 1738 3153 ό
1770 3100 1925 3168 ἆγιος

2010 618 2252 685 videtur,
2286 636 2384 676 vos
2409 620 2540 677 fecit
2570 622 2722 678 hisce
2753 623 2931 678 modis
2963 641 2975 677 :
3010 626 3120 691 vel,
3144 626 3293 695 quod
3323 628 3418 697 qui
3450 629 3598 687 mili-

2013 711 2116 767 tari
2162 728 2328 768 manu
2375 714 2656 785 regionem
2703 717 3432 788 aliquamoccupaverunt,
3464 736 3597 791 geo-

2010 802 2223 871 metria:
2263 817 2366 872 ope
2409 802 2775 872 dispertiunt,
2816 820 2944 859 cum
2988 807 3141 877 regni
3184 808 3302 879 lege
3341 810 3595 871 obtinere

2009 890 2307 956 voluerint,
2338 891 2539 946 summi
2576 892 2760 963 gaudii
2792 909 2925 949 vero
2955 896 3235 964 negotium
3271 913 3413 960 esse.
3442 910 3594 955 certe

2011 981 2195 1055 gaudii
2238 982 2319 1039 eis
2359 984 2453 1054 qui
2495 985 2611 1039 sola
2654 986 2945 1054 praesentia
2990 996 3293 1059 sequantur
3329 990 3503 1057 bona,
3540 1000 3596 1045 et

2011 1075 2326 1144 superiores
2356 1076 2495 1144 fieri,
2522 1085 2577 1132 et
2606 1077 2827 1132 divitias
2857 1078 3063 1148 spissas
3091 1095 3438 1153 comparare,
3469 1098 3595 1138 cum

2010 1167 2215 1237 quibus
2241 1168 2546 1223 commodis
2567 1170 2966 1240 qualiscunque
2995 1187 3203 1227 mmror
3223 1173 3454 1244 junctus
3474 1190 3596 1231 esse

2010 1277 2121 1317 non
2147 1263 2323 1331 possit
2347 1279 2362 1316 :
2386 1263 2497 1327 vel,
2520 1279 2644 1317 cum
2674 1264 2768 1333 qui
2798 1264 2854 1318 in
2879 1263 2982 1319 bac
3004 1280 3062 1319 re
3091 1265 3255 1336 periti
3283 1275 3414 1320 sunt
3433 1266 3599 1339 syllo-

2010 1353 2217 1422 gismos
2252 1354 2474 1424 proprie
2509 1355 2790 1410 coactivos
2831 1356 2998 1411 tribui
3032 1358 3349 1427 geometriae
3385 1358 3593 1422 dicant,

2011 1444 2197 1502 fatuus
2218 1447 2415 1500 merito
2438 1446 2738 1511 videbitur,
2761 1455 2816 1500 et
2839 1448 2973 1519 quid
3001 1448 3194 1503 deceat
3216 1465 3409 1519 parum
3436 1450 3598 1505 intel-

2010 1540 2206 1611 ligens,
2225 1540 2318 1609 qui
2342 1539 2409 1594 ad
2436 1539 2613 1609 ipsum
2637 1549 2961 1594 maerentem
2985 1539 3261 1609 applicato
3281 1541 3596 1613 syllogismo

2012 1633 2196 1702 inepte
2234 1646 2360 1686 eum
2405 1645 2642 1686 moerere
2684 1631 2920 1709 probare
2962 1640 3195 1686 conatus
3234 1629 3401 1686 fuerit
3450 1649 3464 1686 :
3509 1632 3594 1686 vel

2012 1724 2243 1780 fortasse
2284 1723 2450 1778 etiam
2497 1722 2566 1777 ab
2618 1722 2737 1793 ipso
2781 1738 3051 1788 maerore,
3086 1723 3138 1778 id
3185 1732 3269 1779 est
3316 1740 3346 1779 a
3396 1733 3596 1779 natura

2012 1818 2162 1888 ejus,
2194 1816 2495 1870 abhorrere
2541 1815 2739 1883 aliquis
2781 1815 3015 1879 dixerit,
3048 1830 3153 1869 nec
3189 1815 3487 1870 convenire
3535 1824 3597 1869 ut

2013 1908 2105 1977 qui
2164 1914 2362 1961 maeret
2416 1905 2759 1975 syllogismos
2815 1906 3038 1977 colligat
3096 1921 3160 1960 ac
3216 1906 3599 1975 probabilibus

2012 1999 2322 2054 rationibus
2355 1998 2460 2053 sibi
2497 1998 2828 2069 persuadere
2858 2006 3035 2052 tentet
3061 2013 3250 2052 casum
3278 1997 3372 2067 qui
3404 2011 3596 2051 revera

2012 2091 2279 2145 acciderit
2305 2090 2411 2145 sibi
2441 2105 2553 2144 non
2582 2089 2869 2145 accidisse.
2894 2088 3185 2156 Quomodo
3214 2089 3362 2143 enim
3391 2103 3601 2143 maeror

2014 2200 2161 2240 exeo
2184 2183 2607 2254 expelliturqui,
2632 2183 2760 2238 dum
2779 2191 2999 2246 maeret,
3028 2181 3388 2237 ratiocinator
3414 2193 3471 2237 et
3494 2183 3601 2254 syl-
3709 2247 3715 2253 _

2015 2277 2263 2348 logismis
2292 2291 2514 2346 operam
2545 2276 2660 2340 dat,
2690 2276 2762 2329 ita
2797 2276 2963 2329 etiam
3002 2290 3207 2329 maeror
3244 2290 3452 2331 mmror
3481 2291 3601 2329 esse.

2016 2368 2248 2435 desinit,
2276 2384 2402 2423 cum
2447 2367 2514 2421 ad
2559 2367 2935 2439 syllogismum
2972 2381 3031 2421 se
3074 2365 3351 2420 transfert.
3384 2365 3519 2419 Nam
3557 2366 3601 2420 si

2016 2462 2143 2531 quis
2171 2476 2299 2515 eum
2330 2458 2515 2515 amisit
2549 2459 2606 2513 in
2640 2473 2751 2529 quo
2782 2472 2937 2528 spem
2973 2455 3342 2512 sucwssionis
3369 2456 3603 2510 colloca-

2017 2563 2201 2619 verat,
2245 2551 2522 2622 snperllua
2564 2551 2670 2607 sibi
2714 2559 2772 2606 et
2805 2565 2949 2621 vana
2986 2550 3106 2605 haec
3152 2557 3372 2604 terrena
3419 2546 3601 2603 omnia

2018 2646 2268 2701 habebit.
2301 2646 2370 2700 Et
2408 2645 2515 2699 hoc
2552 2643 2788 2699 fortasse
2826 2642 2992 2698 modo
3035 2641 3187 2697 haud
3230 2641 3530 2695 abhorrere
3572 2656 3602 2693 a

2021 2739 2236 2801 ratione
2273 2737 2474 2807 aliquis
2510 2735 2712 2791 dixerit
2744 2750 2810 2790 ea
2845 2750 2968 2805 qua:
3000 2731 3354 2803 contemplati
3390 2745 3601 2794 sumus,

2021 2832 2069 2887 si
2102 2828 2421 2885 meminerit
2444 2843 2556 2883 non
2586 2842 2746 2898 posse
2772 2842 2883 2881 una
2913 2825 3235 2896 contingere
3261 2822 3521 2894 gaudium
3550 2830 3605 2876 et

2023 2937 2352 2985 mmrorem,
2383 2936 2509 2975 eum
2555 2919 2845 2988 utriusque
2890 2915 3135 2971 elﬁciens
3172 2930 3337 2970 causa
3381 2930 3492 2969 non
3539 2928 3605 2968 ex

2025 3016 2231 3072 eisdem
2256 3012 2546 3084 principiis
2578 3010 2824 3082 profecta
2857 3009 2947 3064 sit.
2971 3007 3144 3079 Cujus
3179 3007 3259 3062 rei
3292 3021 3524 3078 sponsor
3549 3014 3607 3061 et

2033 3108 2193 3164 testis
2221 3105 2384 3161 nobis
2412 3112 2497 3160 est
2521 3109 2745 3158 sanctus
2771 3110 2827 3155 et
2853 3099 3039 3155 divina
3070 3098 3289 3168 sapiens
3317 3095 3610 3168 Dionysius

319 3194 433 3255 καὶ¹
456 3193 700 3265 θεόφρων
739 3193 1014 3256 Διονύσιος
1041 3196 1071 3249 ό
1121 3193 1539 3265 Ἀρεοπαγίτης,
1604 3192 1804 3247 οὑτωσὶ
1843 3193 1921 3247 δι-

2029 3200 2382 3273 Areopagita,
2407 3198 2504 3269 qui
2529 3197 2598 3253 de
2626 3195 2875 3268 angelica
2905 3193 3280 3263 descriptione
3306 3191 3382 3246 ita
3405 3189 3613 3246 edisse-

321 3284 491 3351 εξιὼν
510 3286 757 3358 περὶτῆς
775 3286 1075 3358 ἁγγελικῆς
1096 3285 1513 3358 εἰκονογραφίας
1534 3302 1578 3336 οι
1607 3285 1690 3341 Τὰ
1718 3284 1777 3339 δέ
1794 3302 1933 3354 γεω-

331 3378 574 3450 μετρικὰ
624 3378 719 3432 καὶ
766 3378 1057 3433 τεκτονικὰ
1099 3378 1293 3451 σκεύη,
1322 3377 1385 3445 τὸ
1414 3360 1802 3448 θεμελιωτικὸν
1834 3389 1931 3445 καὶ

322 3470 672 3541 οἰκοδομικὸν
692 3470 788 3525 καὶ
809 3470 1174 3541 τελειωτικὸν,
1194 3470 1288 3523 καὶ
1305 3469 1405 3533 ὅσα
1430 3469 1566 3522 ἄλλα
1593 3469 1697 3540 τῆς
1708 3469 1928 3537 ἀναγω-

326 3562 432 3635 γοῦ
466 3563 559 3617 καὶ
581 3540 1011 3634 ἐπιστρεπτικῑῖς
1063 3565 1180 3617 ἐστι
1223 3562 1331 3625 τῶν
1351 3561 1656 3633 δευτέρων(
1678 3559 1840 3633 184
1861 3560 1924 3631 a)

336 3656 595 3731 προνοίας
622 3655 756 3727 (10).
782 3674 801 3709 ι
831 3655 1022 3711 Ταῦτα
1060 3655 1118 3721 δέ
1149 3655 1331 3717 πάντα
1371 3655 1606 3726 φαιδρὰν
1655 3655 1928 3719 ἐνδείκνυ-

330 3765 427 3809 ται
462 3746 764 3820 διαγωγὴν,
797 3741 951 3821 ’ᾗτινι
983 3746 1209 3811 πάντως
1227 3745 1289 3799 τὸ
1315 3746 1513 3810 πένθος
1536 3747 1801 3811 ἐναντίον,
1829 3747 1925 3800 καὶ

330 3836 435 3910 διὰ.
462 3836 623 3899 τοῦτο
660 3837 1029 3908 ἀνάρμοστον.
1061 3837 1123 3889 Εἰ
1156 3835 1215 3888 δὲ
1249 3835 1359 3900 καὶ,
1376 3835 1553 3900 ἄλλως
1584 3835 1734 3901 ἔστιν
1764 3836 1926 3889 ἐκλα-

334 3929 453 3989 ϐεῖν
492 3929 585 3983 τὸν
635 3930 820 3994 τόπον,
872 3930 975 3985 οὐκ
1026 3928 1257 4000 ἄκαιρον
1301 3922 1702 4001 εἶναινομίζῳ,
1735 3929 1832 3993 καὶ
1862 3928 1926 3982 τὸ

330 4020 431 4091 τοῦ
466 4019 640 4095 Σιρὰχ
681 4018 858 4092 Ἰησοῦ
904 4018 1374 4091 προσθεῖναι,τοῖς
1403 4021 1735 4091 εἰρημένοις.
1768 4020 1924 4073 Ἔστι

328 4111 407 4164 δέ·
429 4111 588 4164 τοῦτο
607 4127 620 4140 ·
649 4112 931 4168 Μουσικὰ
962 4111 1033 4171 ἐν
1063 4108 1267 4175 πένθει
1287 4151 1302 4176 ,
1333 4110 1579 4180 ἄκαιρος
1621 4110 1921 4181 διήγησις.

342 4203 437 4267 Ὠς
467 4198 562 4257 οὖν
595 4204 700 4275 τῆς
741 4203 1011 4274 μουσικῆς
1057 4204 1239 4267 πάσας
1272 4188 1637 4275 περιεχούσης
1664 4204 1763 4269 τὰς
1792 4219 1923 4257 παι-

327 4295 570 4367 δεύσεις,
595 4290 669 4349 ὧν
698 4296 828 4367 μίαν
861 4296 997 4363 φασὶ
1036 4295 1135 4367 τὴν
1167 4297 1514 4368 γεωμετρίαν
1549 4298 1598 4349 οἰ
1628 4295 1759 4367 περὶ
1784 4295 1920 4359 ταῦ-

328 4403 409 4442 τα
446 4386 545 4457 τὴν
579 4388 820 4458 σπουδὴν
845 4387 1163 4463 ἐσχηκότες,
1189 4388 1384 4442 τούτου
1409 4380 1593 4465 χάριν,
1632 4388 1708 4451 ὡς
1741 4383 1918 4458 οἶμαι,

2031 3293 2106 3349 rit
2135 3309 2148 3346 :
2184 3310 2203 3343 ι
2234 3289 2581 3347 Geometrica
2606 3296 2789 3345 autem
2816 3293 2981 3357 atque
3003 3283 3220 3339 fabrilia
3246 3283 3612 3337 instrumenta

2030 3383 2297 3441 fundandi
2324 3390 2381 3438 et
2401 3379 2709 3438 aediﬁcandi
2737 3376 3169 3446 absolvendique
3196 3374 3532 3439 facultatem,
3556 3382 3614 3428 et

2030 3490 2375 3547 quaecunque
2425 3473 2531 3529 alia
2577 3468 2949 3527 subductricis
2995 3475 3053 3522 et
3098 3464 3438 3521 deductricis
3483 3472 3614 3519 sunt

2029 3569 2355 3625 inferiorum
2387 3562 2771 3637 providentiae.
2805 3581 2821 3613 ι
2864 3559 2995 3627 Quae
3029 3557 3216 3614 omnia
3249 3557 3424 3612 hilare
3458 3571 3615 3610 mon-

2029 3669 2210 3721 strant
2246 3660 2583 3723 institutum,
2612 3655 2700 3712 cui
2737 3655 2898 3725 plane
2940 3652 3271 3707 adversatur
3307 3664 3534 3712 maeror,
3558 3658 3615 3702 et

2028 3753 2280 3811 dissidet.
2310 3751 2422 3807 Sed
2457 3749 2625 3804 etiam
2660 3746 2707 3802 si
2743 3745 2905 3800 aliter
2939 3743 3122 3798 locum
3154 3740 3404 3810 accipere
3433 3746 3611 3808 potes,

2027 3846 2174 3903 haud
2214 3853 2397 3900 tamen
2439 3832 2876 3910 inopportunum
2908 3848 3029 3890 esse
3061 3848 3187 3919 reor
3215 3832 3381 3887 etiam
3419 3828 3611 3884 Sirach

2024 3940 2155 4003 Jesu
2201 3924 2284 3994 eis
2325 3950 2448 4006 qua:
2493 3930 2858 3988 disseruimus
2904 3942 3184 3998 apponere
3234 3924 3466 3979 dictum.
3515 3921 3615 3977 Est

2026 4040 2209 4087 autem
2268 4025 2375 4083 boc
2431 4043 2446 4081 :
2506 4025 2708 4080 Musica
2765 4023 2821 4076 in
2883 4019 3024 4074 luctu
3079 4026 3155 4073 est
3214 4015 3614 4091 intempestivus

2024 4141 2198 4180 sermo
2216 4122 2266 4177 ἀ.
2295 4120 2434 4178 Cum
2473 4119 2640 4190 igitur
2676 4115 2885 4172 musica
2906 4112 3114 4168 omnes
3148 4110 3471 4183 disciplinas
3502 4108 3615 4162 cir-

2025 4214 2448 4285 cumplectatur,
2480 4224 2714 4281 quarum
2758 4223 2924 4262 unam
2962 4221 3084 4261 esse
3124 4204 3485 4276 geometriam
3526 4199 3619 4255 di-

2025 4315 2163 4362 cunt
2192 4306 2287 4376 qui
2308 4305 2365 4359 in
2386 4302 2634 4358 iisrebus
2663 4299 2909 4355 studium
2927 4304 3259 4368 posuerunt,
3291 4301 3616 4365 propterea,

2025 4408 2088 4459 ut
2126 4409 2282 4471 puto,
2313 4395 2577 4468 magister
2611 4392 2942 4464 supradictae
2976 4390 3130 4445 vocis
3171 4387 3629 4458 interpretationi

333 4478 757 4550 συμφερόμενος
786 4478 864 4549 τῷ
891 4479 991 4550 τὴν
1014 4478 1427 4551 προρρηθεῖσαν
1453 4479 1735 4552 ἐκθεμένῳ
1760 4479 1921 4550 ῥῆσιν

2027 4491 2334 4550 assentiens
2371 4486 2731 4560 geometriam
2776 4500 2807 4539 a
2848 4497 3090 4538 mmrore
3136 4478 3407 4535 dissidere
3455 4477 3617 4533 dixit.

330 4572 368 4624 ὁ
397 4569 720 4633 διδάσκαλος
766 4570 1111 4641 ἀνάρμοστον
1162 4572 1268 4642 ἔφη
1303 4571 1383 4644 τῷ
1424 4571 1613 4626 πένθει
1650 4572 1749 4643 τὴν
1785 4587 1926 4640 γεω-

336 4661 593 4733 μετρίαν.
645 4663 708 4726 Εἰ
762 4661 821 4715 δέ
862 4678 948 4726 τις
1010 4662 1181 4733 φαίη,
1230 4662 1295 4725 Τί
1334 4663 1537 4736 δήποτε
1582 4662 1683 4727 τὰς
1733 4662 1925 4725 λοιπὰς

333 4754 541 4833 παρεὶς
568 4755 881 4820 παιδεύσεις
909 4753 1115 4826 ταύτην
1165 4755 1333 4827 μόνην
1360 4756 1435 4821 ὡς
1483 4756 1823 4827 ἀνάρμοστον
1852 4753 1930 4825 τῷ

334 4846 530 4907 πένθει
564 4848 904 4921 παρείληφε;
937 4848 1117 4919 φαμὲν
1140 4849 1223 4902 ὅτι
1256 4847 1461 4919 ταύτην
1490 4847 1762 4917 ἐσκόπησε
1800 4863 1933 4899 κατα

340 4938 572 5010 ἀλληλον
606 4936 747 4997 εἰναι
784 4941 989 5003 πάσαις
1044 4942 1167 5004 ταῖς
1192 4939 1606 5012 προλεχθείσαις
1633 4924 1930 5000 ἐπίὁολαίς.

345 5032 582 5085 Ἔπειτα
621 5032 679 5084 δὲ
731 5032 825 5087 καὶ
861 5030 952 5085 διὰ
993 5031 1199 5103 ταύτης
1231 5032 1331 5102 τῆς
1367 5033 1499 5103 μιᾶς
1541 5031 1637 5085 καὶ
1669 5031 1725 5084 αἰ
1752 5031 1936 5083 λοιπαὶ

346 5121 743 5193 συνεκδοχικῶς
790 5122 1355 5195 συμπαρελήφθησαν.
1397 5123 1583 5176 Ταῦτα
1642 5122 1761 5194 μὲν,
1809 5121 1931 5173 κατ’

344 5214 450 5286 ἐμὲ
480 5216 667 5286 φάναι,
704 5215 965 5287 λελέχθω.
1010 5218 1076 5271 Εἰ
1111 5216 1169 5270 δέ
1197 5233 1282 5280 τις
1312 5216 1371 5269 τὸ
1412 5218 1661 5288 κρεῖττον
1692 5213 1928 5285 ἐξεύροι,

278 5363 298 5373 ,
347 5307 670 5377 ὁμολογήσω
716 5308 878 5380 χάριν
912 5308 1022 5362 τῶν
1057 5308 1414 5380 ἠγνοημένων
1458 5307 1591 5381 παρ’
1620 5306 1787 5363 αὐτοῦ
1831 5307 1931 5379 τὴν

346 5398 553 5471 γνῶσιν
586 5400 784 5455 λαϐὼν.
1523 5421 1529 5427 ·

435 5677 460 5717 ἀ
501 5678 667 5733 Eccli.
698 5695 827 5744 χχιι,
860 5680 911 5735 6.

1955 4542 2005 4598 D

2033 4582 2141 4641 Sed
2170 4581 2216 4637 si
2242 4579 2369 4651 quis
2399 4579 2546 4633 dicat
2579 4595 2591 4630 :
2625 4575 2768 4644 Quid
2805 4573 3027 4629 tandem
3064 4571 3280 4627 caeteris
3314 4567 3630 4639 disciplinis

2034 4672 2256 4731 omissis
2293 4672 2437 4726 hanc
2475 4669 2648 4727 solam
2686 4678 2947 4737 tanquam
2990 4665 3449 4735 incongruentem
3496 4677 3624 4717 cum

2037 4782 2275 4827 mwrore
2323 4762 2663 4834 composuit,
2699 4759 3102 4831 respondemus
3142 4758 3288 4812 hanc
3328 4771 3456 4811 eum
3500 4761 3624 4825 apte

2040 4859 2245 4914 vidisse
2291 4873 2454 4928 posse
2488 4855 2644 4928 jungi
2686 4870 2812 4913 cum
2856 4868 3023 4924 supra
3068 4849 3386 4923 propositis.
3418 4848 3624 4904 Deinde

1984 5001 1990 5006 .
2040 4966 2175 5007 vero
2217 4950 2386 5005 etiam
2427 4949 2531 5003 hac
2574 4964 2684 5003 una
2726 4946 2955 5017 reliquae
2996 4960 3215 5017 quoque
3260 4941 3455 4999 eadem
3498 4947 3627 4996 sunt

2041 5044 2457 5115 comprehensae
2489 5049 2657 5112 atque
2691 5041 3019 5112 conjunctae.
3046 5040 3224 5107 Atque
3244 5026 3373 5093 haec
3411 5049 3496 5089 me
3532 5048 3623 5085 ex.

2035 5136 2287 5208 posuisse
2323 5132 2579 5189 suﬁiciat.
2608 5132 2810 5189 Verum
2845 5130 2892 5185 si
2929 5129 3055 5201 quis
3095 5127 3293 5184 melius
3327 5124 3627 5193 investiga-

2037 5227 2202 5294 verit,
2229 5225 2275 5281 si
2304 5239 2500 5280 eorum
2531 5238 2655 5294 quae
2685 5220 3005 5293 ignorabam
3030 5218 3100 5274 ab
3123 5233 3189 5273 eo
3216 5213 3627 5287 interpretatio-

2039 5336 2165 5376 nem
2196 5332 2494 5395 accepero,
2518 5315 2724 5393 gratias
2747 5312 2986 5375 habebo.

1967 5552 2042 5588 ι...-

437 5836 548 5904 (10)
587 5834 806 5905 Dionys.
842 5832 1088 5905 Areopag
1143 5802 1223 5887 υιιΧ
1254 5832 1445 5889 ca‘lrsli
1476 5834 1915 5905 Iricrarchia-cap

2020 5834 2068 5899 5,
2102 5850 2156 5906 p.
2188 5834 2303 5899 151,
2338 5842 2468 5889 lom.
2500 5833 2542 5899 1,
2575 5832 2712 5905 Opp.
2756 5833 2843 5889 Cll.
2869 5833 3067 5887 Venet.

3459 421 3597 491 1214
3685 431 3697 440 ’
