4012 6398
1692 281 1717 319 Ι

515 419 650 527 1215

1661 463 1721 525 S.
1763 462 2052 523 ΜΑΧῘΜΙ
2095 461 2608 522 CONFESSORIS

3642 458 3764 526 1216

512 569 768 641 Ejusdem
807 587 872 624 ea:
911 587 1105 642 magno
1137 569 1550 641 Theologico,in
1597 569 1732 624 illud
1769 588 1786 624 :
1833 590 1851 621 ι
1896 569 2101 624 Etenim

2219 570 2329 626 Τοῦ
2361 567 2574 632 αὑτοῦ,
2610 567 2678 622 ἐκ
2713 565 2822 621 τοῦ
2861 565 3136 636 μεγάλου
3173 563 3553 634 θεολογικοῦ,
3579 569 3660 632 εἰς
3689 573 3766 634 τὸ,

583 657 722 727 quod
765 657 906 714 Deus
949 661 1044 724 sit,
1082 676 1145 713 ac
1189 659 1430 728 princeps
1476 658 1717 728 quwdam
1756 675 1952 724 causa,
1984 675 2102 730 qua

582 763 668 800 res
713 765 894 804 onmes
941 751 1234 821 procrearit
1277 758 1437 820 atque
1480 752 1778 813 conservet,
1813 757 1925 804 tum
1963 749 2102 806 oculi

581 839 702 912 ipsi,
741 848 854 895 tum
893 839 979 895 lea:
1018 841 1283 896 naturalis
1318 843 1524 905 docent,
1556 839 1657 902 illi,
1690 842 1815 896 dum
1850 843 2004 898 rebus
2045 844 2102 898 in

583 943 859 1003 aspectum
869 933 1170 987 cadentibus
1189 933 1354 988 aciem
1368 933 1804 1005 alﬁgunt,easque
1827 944 1874 989 et
1888 936 2102 1009 pulchre

582 1024 723 1092 ﬁxas
756 1035 804 1079 et
835 1023 1053 1080 stabiles
1083 1040 1194 1079 esse
1227 1033 1276 1078 et
1307 1025 1574 1096 progredi,
1600 1035 1760 1099 atque
1788 1029 2023 1094 immote,
2045 1036 2102 1082 ut

584 1119 663 1173 ita
689 1118 884 1181 dicam,
913 1119 1108 1173 moveri
1140 1117 1381 1189 volvique
1413 1121 1755 1191 perspiciunt,
1786 1114 2104 1182 medentem

582 1210 710 1264 dum
741 1225 836 1281 per
861 1225 942 1264 res
971 1209 1139 1264 oculis
1168 1210 1432 1282 subjectus
1465 1229 1528 1266 ac
1558 1220 1699 1266 recto
1725 1215 1910 1269 ordine
1935 1215 2099 1270 collo-

583 1307 732 1355 catas
770 1309 1043 1355 auctorem
1081 1317 1270 1356 earum
1305 1309 1447 1356 certo
1487 1303 1697 1373 quidem
1734 1307 2104 1363 ratiocinando

583 1393 901 1460 assequitur.
935 1411 954 1445 ι

584 1505 690 1574 Qui
744 1523 938 1564 eorum
997 1525 1121 1580 quae
1165 1504 1424 1566 videntur
1469 1511 1936 1582 pulchritudinis,
1981 1531 2106 1586 qua:

515 1608 707 1655 ornata
742 1612 903 1668 sunt,
931 1611 989 1658 et
1020 1613 1232 1659 natura)
1265 1604 1684 1675 amplitudinem
1719 1621 1848 1664 cum
1883 1610 2104 1666 ratione

409 1717 416 1723 -
517 1691 848 1748 scnsualiter
888 1693 1226 1764 aggreditur,
1261 1693 1409 1750 haud
1451 1711 1572 1751 eam
1614 1712 1714 1768 per
1751 1713 1812 1755 se
1859 1711 2104 1756 creatam

516 1779 734 1838 eﬂicere
755 1783 1060 1854 quidquam
1115 1785 1386 1843 concedet
1427 1796 1484 1842 et
1522 1803 1553 1842 a
1599 1788 1968 1846 moderatrice
2017 1792 2104 1848 sui

519 1870 732 1926 ratione
763 1872 1118 1945 disjunctam,
1140 1891 1246 1931 nec
1279 1875 1454 1946 ipsam
1489 1877 1759 1934 rationem
1792 1879 2106 1937 intellectus

519 1962 873 2033 simplicitate
904 1966 1173 2036 liberam,
1203 1984 1312 2038 qua
1349 1970 1564 2025 ratione
1601 1979 1712 2025 tam
1749 1986 1948 2028 sensus
1983 1989 2108 2044 spe-

515 2051 631 2107 cies
669 2064 727 2108 et
760 2053 950 2112 formae
993 2072 1095 2126 per
1130 2058 1369 2114 mediam
1413 2069 1742 2130 potestatem
1781 2063 2106 2120 rationalem

515 2143 572 2196 in
606 2144 930 2202 omnifarias
964 2149 1210 2205 rationes
1241 2150 1579 2222 diriguntur,
1615 2167 1782 2222 quam
1820 2154 2108 2211 rationalis

511 2237 805 2304 potestatis
834 2238 1158 2296 diversitate
1188 2243 1432 2301 varietas
1461 2245 1884 2302 omnifariarum
1909 2263 2108 2304 eorum

511 2342 638 2396 quae
670 2339 802 2388 sunt
834 2333 1116 2390 rationum
1150 2335 1208 2389 in
1245 2335 1580 2392 uniformem
1613 2344 1672 2393 et
1704 2337 2016 2410 simplicem
2051 2350 2108 2397 et

513 2418 927 2478 indifferentem
975 2425 1417 2484 intellectionem
1463 2429 1705 2500 cogitur,
1740 2445 1851 2500 qua
1896 2431 2108 2488 indivi—

511 2507 652 2572 dua,
693 2520 754 2566 ut
797 2512 1029 2582 dicitur,
1066 2525 1123 2572 et
1145 2517 1490 2602 ‘quautitatis
1529 2534 1729 2590 expers
1773 2529 1832 2576 et
1872 2521 2108 2593 simplex

510 2601 756 2684 cognitio
781 2614 1020 2673 constat,
1043 2607 1091 2663 is
1115 2601 1310 2665 revera
1332 2621 1603 2682 quantum
1629 2611 1686 2667 id
1713 2613 1928 2668 homini
1953 2614 2104 2680 licet,

509 2708 612 2762 per
641 2695 889 2752 visibilia
921 2714 1229 2772 eorumque
1261 2702 1518 2760 ordinem
1550 2703 1819 2760 factorem
1855 2705 2106 2776 ipsorum

507 2794 566 2867 et
591 2798 1040 2847 conservatorem
1071 2801 1130 2848 et
1152 2793 1464 2865 principem
1489 2798 1678 2853 animo
1704 2799 1810 2854 sibi
1841 2797 2110 2856 informa-

508 2877 614 2945 vit,
641 2889 810 2952 atque
839 2882 1014 2938 Deum
1045 2888 1290 2958 agnovit,
1323 2904 1434 2944 non
1467 2905 1580 2960 quo
1609 2890 1744 2962 quid
1775 2891 2022 2947 essentia
2049 2898 2108 2947 et

507 2974 822 3031 substantia
865 2976 980 3034 sint
1017 2979 1168 3049 (nam
1208 2980 1318 3036 hoc
1353 2979 1476 3037 ﬁeri
1519 2998 1642 3038 non'
1671 2985 1911 3056 potest),
1942 2992 2000 3040 at
2036 2985 2107 3041 de

509 3066 896 3138 singularitate
941 3071 1286 3128 exsistentiae
1329 3073 1452 3144 ejus
1497 3073 1714 3130 doctus.
1761 3075 1942 3147 Atque
1987 3077 2108 3133 haec

508 3167 635 3228 post
659 3175 881 3216 omnem
911 3163 1189 3221 sensualis
1216 3165 1272 3220 in
1303 3169 1490 3238 specie
1519 3169 1814 3239 positionis
1841 3177 1897 3224 et
1920 3169 2108 3242 ﬁgurae

2281 679 2300 712 ι
2331 659 2440 714 Τοῦ
2481 657 2600 728 μὲν
2635 657 2746 728 γὰρ
2807 653 2962 711 εἶναι
3023 655 3172 711 Θεὸν
3232 659 3329 712 καὶ
3384 655 3510 710 τῶν
3533 657 3772 714 ’πάντων

2274 749 2597 817 ποιητικήν
2617 766 2680 803 τε
2716 749 2814 802 καὶ
2849 748 3477 826 συνεκτικὴνιαῑτίαν,
3515 750 3612 804 καὶ
3651 751 3774 821 ὄψις

2273 839 2646 906 διδάσκαλος·
2690 839 2788 894 καὶ
2834 843 2868 895 ό
2905 829 3168 911 φυσικὸς
3203 841 3413 911 νόμος,
3450 841 3490 908 ἡ
3526 841 3776 912 μὲν-τοῖς

2275 933 2600 1003 ὁρωμένοις
2629 932 3108 1002 προσϐάλλουσα
3129 932 3228 987 καὶ
3256 935 3570 1002 πεπηγόσι
3601 935 3776 1004 καλῶς

2269 1025 2374 1079 καὶ
2421 1026 2730 1090 ὁδεύουσι,
2772 1027 2872 1081 καὶ
2922 1025 3243 1096 ἀκινήτως,
3279 1027 3357 1081 ἵν’
3393 1026 3590 1093 οὕτως
3627 1027 3774 1092 εἴπω,

2276 1118 2660 1189 κινουμένοις
2698 1137 2763 1174 τε
2792 1119 2890 1174 καὶ
2923 1119 3299 1190 φερομένοις,
3342 1123 3379 1174 ό
3432 1118 3504 1173 δὲ
3543 1120 3643 1174 διὰ
3680 1119 3778 1174 τῶν

2279 1211 2596 1280 δρωμένων
2645 1212 2744 1266 καὶ
2803 1211 3182 1282 τεταγμένων
3222 1212 3330 1267 τὸν
3355 1213 3640 1282 ἀρχηγὸν
3667 1217 3781 1268 τοὺ-

2276 1320 2396 1358 των
2419 1301 2934 1375 συλλογιζόμενος
2954 1303 3090 1376 (Η).
3127 1323 3149 1356 ι

2289 1499 2348 1554 Ὁ
2376 1499 2436 1555 τὸ
2470 1499 2698 1572 μέγεθος
2725 1498 2836 1556 τῶν
2864 1500 3162 1571 ὁρωμένων
3187 1501 3264 1565 ὡς
3293 1502 3412 1572 ἔχει
3441 1501 3675 1566 κάλλους
3701 1506 3780 1557 κεῖ

2205 1591 2446 1661 φύσεως,
2501 1592 2600 1645 σὺν
2644 1593 2792 1664 λόγῳ
2828 1592 2972 1646 κατὰ
2999 1593 3100 1660 τὴν
3127 1592 3390 1663 αἴσθησιν
3419 1591 3687 1658 ἐπελθὼν,
3718 1595 3781 1664 μὴ

2208 1683 2512 1756 συγχωρῶν
2555 1685 2696 1755 αὐτῇ
2739 1683 3022 1747 παντελῶς
3063 1683 3184 1737 καθ’
3235 1684 3450 1754 ἑαυτὴν
3500 1685 3782 1754 γενομένην

2206 1777 2456 1848 ἐνεργεῖν
2486 1775 2584 1830 τοῦ
2617 1775 2966 1856 ἡνιοχοῦντος
2997 1775 3169 1847 αὐτὴν
3205 1774 3782 1848 λόγουκεχωρισμὲνην

2205 1869 2412 1942 οὑδὲν,(
2420 1869 2582 1943 184
2598 1869 2650 1935 b)
2671 1869 2808 1941 μηδὲ
2823 1869 2915 1923 τὸν
2931 1869 3090 1938 λόγον
3108 1868 3272 1923 αὐτὸν
3292 1869 3398 1939 τῆς
3409 1867 3508 1922 τοῦ
3525 1869 3618 1923 νοῦ
3635 1870 3779 1923 ἁπλό-

2206 1980 2370 2032 τητος
2399 1963 2622 2032 ἄφετον,
2659 1962 2783 2016 καθ’
2806 1961 2865 2017 ὃν
2891 1963 2994 2032 τῆς
3028 1958 3470 2032 μὲνάἰσθήσεως
3497 1961 3572 2016 τά
3601 1979 3658 2017 τε
3685 1963 3780 2033 εἴδη

2207 2053 2305 2108 καὶ
2332 2054 2400 2126 τὰ
2434 2055 2693 2126 σχήματα
2731 2053 2822 2110 διὰ
2859 2055 3033 2125 μέσης
3069 2055 3170 2126 τῆς
3199 2053 3343 2108 κατὰ
3385 2053 3482 2107 τὸν
3517 2053 3778 2124 λόγον-δυ-

2207 2124 2428 2218 νάμεως
2591 2147 2786 2217 λόγους
2841 2124 3220 2213 παντοδαποὺς
3267 2147 3510 2218 ἄγεσθαι
3568 2146 3778 2216 πέφυκε.

2207 2239 2305 2309 τῆς
2357 2228 2415 2292 δὲ
2471 2237 2568 2292 τοῦ
2622 2238 2784 2309 λόγου
2823 2239 3110 2311 δυνάμεως
3151 2240 3184 2310 ἡ
3217 2239 3365 2297 κατὰ
3397 2238 3503 2311 τὴν
3537 2239 3778 2314 διαφορὰ-ι

2207 2327 2456 2383 ποικιλία
2505 2327 2613 2383 τῶν
2661 2331 2720 2384 ὲν
2757 2331 2871 2394 τοῖς
2921 2325 3041 2388 οὖσι
3091 2327 3462 2384 παντοδαπῶν
3513 2327 3686 2395 λέγων
3718 2323 3780 2384 aii

2207 2420 2416 2490 ὲνοειδῆ
2463 2421 2560 2474 καὶ
2592 2419 2773 2493 ἁπλῆν
2825 2423 2922 2476 καὶ
2967 2421 3263 2492 ἀδιάφορον
3308 2419 3653 2491 συνάγεσθαι
3679 2421 3780 2488 νόη-

2209 2529 2316 2576 σιν,
2350 2511 2476 2567 καθ’
2506 2513 2574 2585 ἦν
2622 2514 2657 2584 ἡ
2711 2513 2928 2586 ἀμερὴς
2978 2513 3252 2585 λεγομένη
3311 2513 3412 2567 καὶ
3447 2511 3666 2574 ἄποσος,
3706 2512 3780 2568 καὶ

2207 2607 2384 2661 ἐνιαία
2433 2604 2639 2676 γνῶσις
2692 2606 3046 2678 συνέστηκεν,
3105 2599 3260 2671 οὗτος
3312 2605 3542 2678 ἀληθῶς
3585 2607 3669 2661 διὰ
3690 2604 3779 2663 τῶν

2206 2701 2505 2772 ὁρωμένων
2533 2699 2757 2771 καὶτῆς
2809 2703 2868 2754 ὲν
2903 2699 3090 2764 αὐτοῖς
3145 2698 3412 2765 εὐταξίας
3445 2699 3544 2753 τὸν
3575 2697 3780 2769 ποιητὴν

2207 2793 2416 2846 τούτων
2453 2792 2550 2846 καὶ
2579 2793 2810 2862 συνοχέα
2830 2791 2927 2846 καὶ
2942 2789 3210 2864 ἀρχηγὸν,
3249 2791 3326 2854 ὡς
3352 2791 3636 2863 ἀνθρώπῳ
3651 2790 3780 2843 δυνα-

2205 2883 2321 2949 τὸν,
2349 2882 2756 2948 ἀνετυπώσατο,
2781 2882 2879 2938 καὶ
2901 2883 3043 2955 ἔγνω
3072 2883 3228 2950 Θεὸν,
3250 2884 3314 2938 οὐ
3337 2883 3490 2938 κατὰ
3511 2883 3573 2938 τὸ
3593 2883 3644 2936 τι
3669 2897 3778 2940 ποτε

2207 2977 2304 3051 τὴν
2335 2978 2524 3033 οὐσίαν
2553 2971 2694 3031 εἶναι
2721 2977 2815 3031 καὶ
2849 2977 2947 3049 τὴν
2985 2976 3290 3032 ὑπόστασιν
3311 2976 3499 3046 (τοῦτο
3527 2975 3636 3048 γὰρ
3659 2975 3775 3046 ἀμή·

2205 3088 2371 3142 χανον
2402 3071 2499 3126 καὶ
2547 3069 3013 3145 ἀνεπιχείρητον),
3049 3068 3190 3124 ἀλλὰ
3228 3069 3353 3124 κατ’
3383 3069 3526 3124 αὐτὸ
3551 3069 3613 3122 τὸ
3641 3067 3778 3138 μόνον

2208 3158 2348 3217 εἶναι
2408 3162 2621 3234 μαθών.
2683 3161 2794 3217 Καὶ
2867 3161 3042 3216 ταῦτα
3093 3161 3232 3234 μετὰ
3281 3163 3472 3217 πᾶσαν
3530 3161 3630 3232 τὴν
3675 3158 3778 3214 κατ’

509 3255 568 3302 et
594 3247 950 3308 formationis
981 3263 1039 3306 et
1065 3252 1322 3325 imaginis
1354 3257 1670 3325 transitum,
1701 3265 1780 3322 et,
1807 3257 1854 3312 si
1879 3257 1969 3313 cui
1995 3273 2101 3314 non

2207 3255 2463 3328 αἴσθησιν
2491 3258 2550 3311 ὲν
2577 3255 2819 3328 σχήματι
2850 3253 3052 3320 θέτ’εὼς
3081 3273 3140 3309 τε
3179 3256 3277 3311 καὶ
3342 3257 3570 3328 μορφῆς
3596 3255 3685 3308 καὶ
3707 3269 3778 3306 τυ·

511 3338 719 3396 nimius
766 3356 892 3399 esse
933 3344 1203 3412 videbor,
1245 3357 1400 3403 extra
1446 3349 1622 3420 ipsam
1671 3365 1894 3420 quoque
1936 3350 2100 3421 plane

511 3444 698 3485 rerum
725 3447 850 3502 qua:
873 3443 1004 3490 sunt
1027 3435 1310 3492 rationum
1339 3436 1712 3494 differentiam
1741 3440 2096 3508 constitutus,

507 3531 566 3577 et
591 3523 747 3593 quasi
774 3527 1190 3583 conterminum
1220 3545 1344 3586 sese
1370 3531 1731 3602 interponens
1755 3532 1902 3589 inter
1923 3533 2100 3590 Deum

507 3623 564 3670 et
597 3615 986 3674 universorum
1017 3636 1143 3691 quae
1165 3631 1292 3692 post
1315 3623 1490 3680 Deum
1517 3633 1670 3694 sunt,
1692 3642 1932 3698 quorum
1961 3629 2102 3684 alter

415 3732 418 3734 τ
507 3709 888 3778 supereminet
911 3719 968 3769 et
993 3713 1238 3771 intactus
1259 3724 1467 3773 aeterne
1490 3727 1696 3785 manet,
1719 3735 1901 3791 neque
1925 3722 2100 3777 ullum

504 3802 611 3879 qui
639 3818 699 3859 se
743 3815 1078 3878 assequatur
1115 3817 1212 3864 aut
1249 3811 1486 3883 attingat
1524 3812 1870 3870 intellectum
1909 3814 2100 3882 habet,

503 3893 682 3949 altera
717 3897 908 3952 relicta
943 3909 1078 3956 sunt
1107 3909 1164 3956 et
1198 3902 1456 3958 mentalis
1487 3903 1835 3974 cognitionis
1860 3921 2099 3976 exsupe-

422 3981 433 3986 ’
506 3986 686 4042 rantia
719 3999 1002 4059 superata,
1033 3999 1092 4046 et
1123 4002 1310 4048 mente
1346 3993 1612 4051 inferiora
1641 3993 1782 4060 visa,
1808 4013 1932 4053 cum
1963 3999 2100 4069 quid

502 4079 766 4148 superius
791 4081 883 4136 'eis
917 4082 992 4138 sit
1023 4082 1258 4140 ﬁrmiter
1285 4095 1435 4141 esset
1466 4101 1532 4142 ac
1560 4102 1694 4143 vere
1729 4088 2095 4158 intellectum,

505 4168 624 4225 haec
659 4171 794 4226 mihi
831 4173 1097 4244 magister
1126 4192 1230 4246 per
1262 4177 1440 4232 visum
1479 4167 1536 4232 ἐι
1568 4181 1879 4236 naturalem
1919 4183 2098 4254 legem

503 4260 810 4316 secundum
844 4264 1117 4320 rationem
1153 4267 1430 4323 redditam
1464 4269 1799 4341 signiﬁcare,
1827 4287 1938 4326 non
1964 4289 2100 4330 vero

505 4359 566 4405 nt
600 4353 825 4422 quidam
859 4356 1353 4427 existimaverunt,
1389 4377 1490 4429 pro
1527 4378 1638 4418 uno
1671 4373 1728 4419 et
1759 4363 1954 4420 eodem
1993 4381 2097 4436 po-

502 4459 638 4504 nere
687 4447 866 4504 visum
925 4457 984 4506 et
1033 4451 1211 4524 legem
1266 4455 1596 4510 naturalem.
1647 4454 1892 4527 Uterque
1944 4457 2096 4514 enim

501 4535 650 4592 circa
676 4539 870 4598 eadem
895 4542 1007 4598 vim
1035 4558 1190 4600 suam
1217 4561 1485 4602 exercens
1511 4548 1794 4617 quomodo
1821 4548 1892 4604 ab
1920 4550 2097 4605 altero

2200 3347 2430 3412 πῶσεως
2443 3349 2538 3403 καὶ
2554 3347 2858 3420 φαντασίας
2874 3346 3148 3412 διάϐασιν,
3167 3348 3260 3402 καὶ
3283 3349 3332 3402 εῑ
3352 3349 3430 3421 μή
3452 3365 3533 3419 τῳ
3551 3343 3776 3418 περιττὸς

2197 3438 2339 3496 εἶναι
2367 3441 2532 3510 δοκῶ,
2569 3440 2665 3496 καὶ
2695 3441 2868 3512 αὐτῆς
2895 3439 3001 3508 ἔξω
3033 3439 3315 3506 παντελῶς
3345 3439 3457 3512 τῆς
3488 3441 3548 3494 ὲν
3573 3441 3680 3502 τοῖς
3697 3436 3774 3490 λό-

2199 3549 2322 3603 γοις
2349 3531 2459 3587 τῶν
2487 3531 2660 3587 ὅντων
2689 3531 2958 3605 διαφορᾶς
2987 3531 3315 3604 γενόμενος,
3365 3531 3469 3588 καὶ
3527 3525 3638 3586 οἷον
3661 3526 3772 3600 μεθ-

2201 3622 2352 3696 όριον
2401 3622 2599 3678 ἑαυτὸν
2625 3621 2926 3695 παρενθεὶς
2973 3621 3110 3676 Θεοῦ
3159 3639 3234 3676 τε.
3279 3621 3376 3677 καὶ
3430 3621 3646 3677 πάντων
3684 3617 3772 3670 τῶν

2201 3715 2342 3789 μετὰ
2383 3715 2517 3771 Θεὸν
2539 3756 2556 3783 ,
2608 3715 2703 3770 τὸν
2739 3715 2839 3788 μὲν
2885 3714 2962 3781 ὡς
2991 3712 3361 3786 ὑπερέχοντος
3392 3714 3492 3769 καὶ
3517 3711 3770 3784 squama

2199 3808 2266 3864 δι’
2303 3807 2430 3864 ὅλου
2483 3806 2743 3880 μένοντος
2807 3807 2906 3862 καὶ
2951 3805 3228 3878 μηδεμίαν
3275 3805 3590 3877 φθᾶνουσαν
3631 3799 3770 3858 αὐτὸν

2201 3899 2416 3970 ἔχοντος
2443 3897 2652 3970 νόησιν,
2677 3895 2788 3952 τῶν
2806 3897 2866 3952 δὲ
2889 3895 3406 3968 καταλελειμμένων
3437 3897 3532 3950 καὶ
3550 3897 3614 3966 τῇ
3635 3906 3770 3961 περι-

2199 3991 2360 4064 ουσίᾳ
2387 3988 2491 4062 τῆς
2521 3989 2666 4046 κατὰ
2709 3987 2836 4044 νοῦν
2877 3987 3136 4058 γνώσεως
3157 3985 3530 4044 διαὸαθέντων
3571 3985 3660 4040 καὶ
3685 3997 3767 4036 κα-

2197 4081 2460 4153 τωτέρων
2482 4081 2696 4145 ἐννοίας
2730 4079 3010 4151 φανέντων
3046 4078 3126 4150 τῷ
3155 4077 3211 4132 τί
3231 4093 3362 4132 ποτε
3388 4073 3536 4133 εἶναι
3561 4071 3767 4147 βεϐαίως

2200 4173 2344 4246 ὑπὲρ
2379 4173 2522 4228 αὐτὰ
2571 4173 2669 4228 καὶ
2709 4171 2930 4244 ἀληθῶς
2969 4171 3260 4242 ἐννοῆσαι,
3313 4169 3494 4226 ταῦτά
3528 4186 3616 4241 μοι
3644 4165 3767 4220 δοκεῖ

2197 4265 2285 4320 διὰ
2312 4268 2412 4336 τῆς
2437 4263 2615 4335 ὅψεως
2645 4263 2741 4318 καὶ
2767 4261 2864 4316 τοῦ
2893 4260 3130 4334 φυσικοῦ
3157 4261 3326 4334 νόμου
3357 4261 3505 4316 κατὰ
3533 4259 3628 4330 τὴν

2197 4355 2448 4412 δοθεῖσαν
2490 4355 2674 4410 αἰτίαν
2706 4354 2736 4408 ὁ
2762 4353 3087 4420 διδάσκαλος
3133 4353 3620 4434 παραινίττεσθαι,
3669 4345 3750 4401 ἀλλ

2197 4448 2260 4503 οὐ
2283 4449 2482 4503 ταύτὸν
2505 4447 2775 4514 τίθεσθαι,
2800 4444 2987 4510 καθώς
3010 4464 3156 4512 τινες
3175 4445 3456 4518 ᾠήθησαν,
3473 4445 3572 4517 τὴν
3591 4443 3702 4512 ὄψιν
3714 4453 3762 4490 τε

2197 4542 2296 4597 καὶ
2347 4542 2440 4596 τὸν
2486 4539 2716 4610 φυσικὸν
2763 4539 2952 4610 νὸμον.
2988 4537 3190 4609 Ἀμφω
3225 4537 3336 4608 γὰρ
3385 4537 3517 4609 περὶ
3552 4533 3616 4588 τὰ
3644 4529 3760 4618 ait?

502 4623 727 4682 ditlerat
765 4629 1063 4701 cogitando
1103 4641 1286 4704 potest
1324 4635 1570 4706 percipi,
1604 4652 1733 4692 cum
1771 4637 1914 4692 alter
1947 4638 2092 4695 irra-

2202 4634 2298 4704 τὴν
2327 4631 2613 4703 ἐνέργειαν
2645 4629 2840 4702 ἔχοντα
2885 4629 2985 4702 τὴν
3016 4631 3111 4684 ἀπ’
3136 4628 3385 4700 ἀλλήλων
3410 4628 3632 4683 δύναται
3661 4636 3746 4676 κατ

503 4719 790 4776 tionaliter
841 4723 1151 4780 visibilium
1209 4735 1359 4783 tactu
1413 4729 1591 4784 solum
1645 4730 1802 4786 nisus
1856 4731 2096 4790 ulterius

504 4809 765 4878 progredi
797 4827 907 4866 non
939 4815 1143 4882 possit,
1175 4816 1350 4872 altera
1381 4827 1438 4874 et
1467 4819 1682 4875 ratione
1713 4819 1864 4878 socia
1899 4822 2096 4895 adjun-

505 4907 594 4955 cta
630 4899 700 4954 de
734 4901 818 4957 eis
851 4901 1150 4975 diligenter
1177 4907 1413 4977 inquirit
1445 4917 1503 4965 et
1529 4920 1715 4966 mente
1749 4913 1894 4968 bene
1929 4924 2094 4986 atque

504 4989 814 5060 prudenter
856 4995 1228 5062 transcendit,
1265 5013 1377 5068 quo
1417 5001 1654 5057 maxime
1695 5003 2094 5074 cogitationem

502 5089 561 5136 et
588 5081 750 5139 tidem
781 5085 850 5140 de
883 5085 979 5141 Dei
1009 5087 1332 5144 exsisteutia
1363 5092 1636 5148 naturalis
1666 5109 1766 5164 per
1798 5095 1976 5150 visum
2008 5097 2092 5152 lex

504 5173 828 5232 insinuavit.
857 5177 1049 5234 Visum
1080 5178 1253 5252 igitur
1283 5181 1586 5254 appellavit
1616 5199 1844 5240 sensum
1881 5186 2098 5258 simpli-

503 5266 666 5334 citer,
690 5283 803 5337 non
829 5270 1020 5342 aliquo
1045 5272 1235 5341 modo,
1262 5274 1552 5332 sensibilia
1577 5286 1858 5348 petentem
1889 5279 2094 5350 (neque

501 5362 652 5416 enim
703 5379 902 5420 sensus
951 5367 1234 5436 peculiare
1275 5379 1362 5425 est
1403 5369 1736 5441 simpliciter
1774 5371 1983 5441 aliquid
2025 5386 2094 5426 ex

501 5455 690 5526 aliquo
738 5457 890 5512 aliud
937 5460 1266 5532 colligere),
1304 5471 1361 5519 et
1405 5463 1584 5536 legem
1630 5463 1939 5518 naturalem
1981 5463 2094 5518 vim

503 5549 813 5603 naturalem
856 5566 980 5621 quae
1017 5551 1474 5610 intellectualiter
1511 5571 1576 5611 ac
1613 5555 1959 5611 rationaliter
1993 5571 2094 5624 per

504 5649 728 5690 sensum
769 5637 886 5702 ﬁat,
919 5641 1227 5696 secundum
1268 5659 1433 5714 quam
1475 5661 1504 5700 a
1547 5646 1740 5718 pejore
1775 5645 1836 5700 lit
1880 5645 2094 5701 idoneae

501 5727 899 5795 explorationis
933 5747 1038 5802 ope
1069 5733 1136 5788 ad
1172 5734 1372 5790 melius
1405 5749 1691 5791 ascensus.
1726 5735 2094 5791 lmmobilitcr

2200 4726 2444 4780 ἐπίνοιαν
2469 4723 2726 4797 δέχεσθαι
2752 4723 3030 4794 διάκρισιν
3049 4765 3067 4788 ,
3123 4721 3204 4792 τῷ
3233 4721 3334 4792 τὴν
3365 4721 3466 4793 μὲν
3501 4713 3683 4794 (185
3715 4709 3758 4779 α)

2200 4819 2412 4888 ἀλόγως
2459 4821 2528 4890 τῇ
2577 4813 2923 4888 προσψαὺσει
2975 4813 3085 4867 τῶν
3132 4812 3347 4886 ὁρατῶν
3395 4813 3556 4884 μόνον
3595 4802 3758 4876 cmpl-

2201 4909 2392 4975 ζεσθαι
2428 4907 2744 4980 περαιτέρω
2771 4905 2976 4978 βαίνειν
3007 4905 3112 4960 οὐκ
3142 4904 3396 4978 ἔχουσαν,
3429 4906 3518 4959 τὸν
3543 4903 3597 4956 δὲ
3621 4896 3690 4968 τῷ
3707 4910 3754 4947 τε

2201 5001 2539 5074 συνημμένῳ
2565 4999 2710 5072 λόγῳ
2761 4999 2936 5054 ταῦτα
2965 4997 3450 5070 πολυπραγμονεῖν
3491 4997 3580 5051 καὶ
3604 4989 3673 5060 τῷ
3693 4984 3753 5054 νῷ

2196 5089 2378 5154 καλῶς
2405 5107 2465 5142 τε
2493 5089 2588 5142 καὶ
2611 5087 2791 5157 σοφῶς
2822 5087 3192 5160 ὑπερϐαίνειν,
3222 5086 3344 5141 καθ’
3361 5086 3390 5140 ὃ
3421 5087 3644 5157 μάλιστα
3669 5076 3750 5144 τὴν

2198 5182 2328 5248 περὶ
2361 5178 2456 5233 τοῦ
2485 5175 2626 5233 εἶναι
2655 5177 2789 5233 Θεὸν
2838 5177 3048 5233 ἔννοιάν
3076 5195 3136 5231 τε
3165 5177 3262 5231 καὶ
3291 5177 3474 5230 πίστιν
3504 5177 3532 5229 ὁ
3556 5163 3748 5242 φυσικὸς

2167 5273 2286 5326 ’διὰ
2333 5273 2431 5342 τῆς
2479 5270 2654 5341 ὅψεως
2701 5271 2992 5342 εἱσαγήοχε
3035 5269 3220 5341 νόμος.
3249 5268 3413 5338 ’Όψιν
3437 5263 3530 5322 οῦν
3555 5259 3745 5317 ἐκάλεσε

2198 5364 2299 5436 τὴν
2327 5363 2519 5428 ἁπλῶς
2536 5404 2553 5432 ,
2609 5361 2726 5417 ἀλλ’
2746 5363 2808 5416 οὑ
2839 5362 2940 5434 τὴν
2970 5361 3087 5425 πῶς
3105 5401 3119 5427 ,
3170 5361 3309 5432 πρὸς
3335 5360 3402 5414 τὰ
3429 5349 3746 5449 αἰσθητὰ-τῇς

2199 5460 2512 5530 αἰσθήσεως
2563 5455 2874 5529 προσϐολὴν
2935 5457 3036 5527 (οὐ
3086 5453 3197 5524 γὰρ
3247 5453 3550 5524 αἰσθήσεως
3590 5441 3744 5500 ἁπλῶς

2199 5550 2261 5604 τὸ
2318 5549 2382 5604 ἐκ
2433 5565 2580 5613 τινος
2635 5546 2824 5618 ἕτερόν
2874 5564 2928 5600 τι
2979 5543 3397 5614 συλλογίζεσθαι
3449 5539 3742 5618 καθέστηκεν

2203 5640 2334 5696 ἴδιον
2361 5641 2416 5710 ),
2481 5641 2648 5712 νόμον
2695 5617 2755 5694 δὲ
2811 5638 3043 5710 φυσικὸν
3089 5636 3189 5707 τὴν
3227 5635 3317 5691 διὰ
3352 5635 3452 5706 τῆς
3477 5617 3740 5698 αἰσθήσεώς

2201 5733 2498 5805 γινομένην
2526 5730 2670 5786 κατὰ
2709 5730 2836 5787 νοῦν
2883 5731 2978 5786 καὶ
3005 5727 3166 5798 λόγον
3203 5725 3438 5798 φυσικὴν
3465 5726 3735 5793 ἐνέργειαν.

573 5906 687 5978 (li)
723 5905 883 5978 Grcg.
918 5909 1044 5963 Naz.
1076 5909 1167 5966 0r.
1196 5913 1351 5966 theol.
1387 5915 1450 5980 ll,
1475 5930 1594 5984 cap.
1624 5914 1678 5979 6,
1709 5932 1760 5984 p.
1794 5910 2074 5978 499,'tom.
2117 5913 2156 5978 1,
2190 5910 2326 5982 Opp.
2364 5911 2496 5966 edit.
2535 5909 2735 5965 Bcned.
