4012 6376
271 364 421 430 1327

1530 360 2052 421 AM’BIGUORUM
2094 361 2347 424 LIBER.

3438 372 3577 438 1218

268 481 404 534 καθ’
433 482 499 551 ῆν
533 480 563 550 ἡ
596 477 729 548 πρὸς
758 479 819 532 τὸ
846 480 1096 550 κρεῖττον
1129 477 1244 548 μετ’
1269 472 1545 546 ἐμμελοῦς
1577 473 1857 539 ἐξετάσεωι

1983 488 2117 528 vero
2164 474 2377 529 moveri
2427 474 2674 546 ferrique
2722 491 2787 532 ea
2836 493 2958 548 qua:
3001 479 3263 537 videntur
3310 487 3574 556 magister

270 575 409 630 καθ’
431 577 549 630 ὁδον
578 576 686 629 άπὸ
711 576 819 629 τῶν
847 576 1085 647 ἡττόνων
1113 572 1380 635 ἀνάϐασις
1405 570 1638 639 γίνεται.
1665 570 1881 638 Ἀκινή-

266 684 390 731 τως
439 668 495 720 δὲ
553 667 820 722 κινεῖσθαί
864 684 922 720 τε
974 666 1071 720 καὶ
1114 664 1379 735 φέρεσθαι
1411 663 1483 716 τὰ
1514 662 1769 734 ὁρώμενα
1797 661 1878 714 el-

275 777 448 830 ρηται
478 758 553 829 τῷ
582 759 890 828 διδασκάλῳ
919 758 997 828 τῷ
1026 758 1123 828 μὲν
1150 758 1293 828 λόγῳ
1318 797 1332 819 ,
1380 750 1425 824 ᾧ
1455 754 1648 823 γέγονε
1678 752 1876 816 ταῦτα,

270 855 427 907 κατά
465 870 524 905 τε
571 853 734 921 φύσιν
781 854 878 906 καὶ
911 853 1146 922 δύναμιν
1176 850 1276 904 καὶ
1301 851 1609 922 ἐνέργειαν,
1641 847 1793 913 τάξιν
1816 861 1877 899 τε

266 946 373 997 καὶ
404 946 667 1015 διαμονὴν
696 946 1093 1014 άμεταστάτως
1123 943 1292 1014 ἔχειν,
1326 944 1422 996 καὶ
1453 941 1530 1013 μὴ
1557 938 1877 1007 ἐξίστασθαι

268 1040 405 1093 καθ’
447 1040 626 1093 ὁτιοῦν
669 1040 773 1109 τῆς
807 1043 1048 1111 φυσικῆς
1079 1039 1343 1108 ἰδιότητος
1385 1038 1481 1091 καὶ
1513 1033 1877 1107 μεταϐάλλειν

267 1130 359 1190 εἰς
389 1128 517 1182 ἄλλο
551 1130 646 1183 καὶ
676 1128 985 1201 φύρεσθαι,
1038 1126 1311 1183 κινεῖσθαι
1334 1126 1393 1180 δὲ
1422 1125 1586 1181 πάλιν
1624 1124 1702 1196 τῷ
1733 1124 1875 1180 κατὰ

267 1220 412 1291 ῥοὴν
466 1222 563 1273 καὶ
606 1220 889 1293 ἀπορροήν
940 1210 1108 1291 λόγῳ,
1169 1217 1397 1290 αὐξήσει
1430 1234 1490 1271 τε
1540 1219 1607 1288 τῇ
1654 1217 1785 1288 περὶ
1813 1216 1876 1270 τὸ

269 1314 446 1366 ποσὸν
493 1314 591 1367 καὶ
624 1312 853 1383 μειώσει
894 1314 991 1366 καὶ
1019 1316 1088 1384 τῇ
1133 1312 1265 1381 περὶ
1291 1310 1354 1364 τὸ
1383 1309 1537 1364 ποιὸν
1562 1307 1871 1374 ἀλλοιώσει,

268 1403 373 1456 καὶ
419 1403 626 1475 κυρίως
672 1406 885 1467 εἰπεῖν,
940 1407 1006 1475 τῇ
1050 1403 1111 1469 ἐξ
1139 1403 1389 1475 ἀλλήλων
1423 1401 1668 1472 διαδοχῇ,
1705 1400 1874 1468 ὑπεξ-

271 1498 591 1567 ισταμένων
620 1498 710 1553 ἀεὶ
737 1500 853 1561 τοῖς
881 1498 1269 1569 ἐπιγνομένοις
1297 1497 1405 1567 τῶν
1434 1495 1869 1568 προειληφότων.

269 1589 388 1643 Καὶ
417 1590 607 1653 ἁπλῶς
638 1591 724 1644 ἵνα
754 1590 994 1644 συνελὼν
1023 1592 1185 1658 είπω,
1222 1590 1402 1644 πάντα
1424 1589 1492 1644 τὰ
1516 1589 1649 1643 ὄντα
1668 1588 1793 1642 καθ’
1810 1586 1873 1643 ὃν

272 1683 380 1751 μὲν
414 1682 821 1755 ὑπέστησάν⁴τε
854 1685 950 1737 καὶ
982 1684 1090 1737 εἰσὶ
1117 1683 1306 1752 λόγον,
1365 1682 1609 1753 στάσιμά
1635 1698 1698 1735 τε
1728 1698 1870 1736 παν-

265 1773 446 1837 τελῶς
475 1775 583 1828 εἰσι
632 1776 727 1829 καὶ
752 1774 987 1846 ἀκίνητα
1013 1816 1029 1843 ,
1084 1775 1163 1846 τῷ
1187 1775 1245 1829 δὲ
1275 1774 1384 1830 τῶν
1410 1775 1540 1846 περὶ
1563 1773 1704 1829 αὐτὰ
1731 1773 1873 1827 θεω-

1982 565 2117 621 dicit
2148 582 2213 621 ea
2241 583 2350 638 qua
2378 567 2522 624 facta
2551 578 2682 624 sunt
2713 569 2950 638 ratione,
2977 576 3279 630 secundum
3318 590 3574 651 naturam

1979 662 2036 713 et
2060 667 2392 729 potestatem
2421 668 2479 716 et
2505 662 2804 725 actionem,
2830 665 3080 721 ordinem
3118 677 3283 738 atque
3315 687 3575 741 perseveo

1979 752 2238 818 rantiam,
2275 752 2641 809 immutabilia
2682 771 2828 821 esse,
2866 764 2924 812 ct
2968 773 3080 812 non
3130 760 3244 814 ullo
3292 763 3457 817 modo
3502 764 3573 819 de

1978 844 2220 898 naturali
2263 846 2604 915 proprietate
2646 847 2848 903 cedere
2888 851 3207 921 mutarique
3244 852 3299 905 in
3333 854 3569 909 alterum

1977 942 2035 990 et
2060 936 2432 1001 commisceri,
2458 954 2525 993 ac
2554 940 2768 994 moveri
2802 957 2998 997 rursus
3026 941 3207 999 ﬂuxus
3236 953 3291 998 et
3320 945 3573 1002 (lc-ﬂuxus

1978 1029 2217 1095 ratione,
2245 1029 2591 1086 incremento
2622 1040 2679 1086 et
2709 1031 3090 1101 decremento,
3119 1051 3230 1104 quo
3266 1038 3569 1106 quantitas,

1976 1129 2034 1175 et
2071 1121 2494 1188 immutatione,
2523 1139 2631 1193 qua
2667 1125 2903 1193 qualitas
2946 1126 3208 1191 allicitur,
3241 1136 3297 1182 et
3340 1138 3401 1184 ut
3438 1146 3571 1199 pro-

1976 1212 2097 1282 prie
2120 1213 2301 1268 dicam
2320 1254 2333 1278 ,
2364 1214 2597 1270 alterius
2625 1231 2694 1270 ex
2726 1216 2903 1270 altero
2932 1218 3285 1273 successione
3316 1236 3380 1274 ac
3404 1221 3573 1276 vicis-

1976 1305 2254 1372 situdine,
2293 1308 2426 1363 dum
2470 1308 2769 1380 anticipata
2812 1324 3035 1380 semper
3076 1311 3285 1368 cedunt
3320 1313 3403 1369 eis
3446 1331 3571 1385 qua:

1976 1399 2415 1470 subsequuntur.
2443 1401 2622 1472 Atque
2659 1410 2719 1456 ut
2746 1402 2937 1472 paucis
2968 1403 3274 1469 absolvam,
3306 1406 3569 1463 universa

1974 1508 2099 1563 qua:
2139 1502 2291 1557 sunt,
2317 1494 2625 1549 secundum
2665 1496 2935 1550 rationem
2976 1512 3087 1567 qua
3131 1497 3467 1553 exstiterunt
3502 1516 3568 1555 ac

1975 1590 2135 1648 sunt,
2170 1582 2327 1639 lirma
2373 1585 2603 1639 omnino
2648 1595 2778 1640 sunt
2817 1595 2874 1641 et
2914 1586 3171 1653 immota,
3205 1589 3301 1643 sed
3349 1591 3564 1646 ratione

1975 1691 2166 1732 eorum
2193 1692 2317 1746 qua:
2342 1677 2489 1732 circa
2522 1677 2638 1746 ipsa
2666 1679 3128 1749 contemplamur,
3155 1696 3262 1749 qua
3291 1683 3564 1738 universi-

1976 1768 2106 1824 tatis
2139 1769 2304 1840 hujus
2335 1768 2626 1825 maitifesto
2660 1779 2881 1826 constat
2907 1774 3217 1829 oeconomia
3245 1784 3300 1829 et
3322 1776 3564 1831 absolvi-

272 1825 1065 1945 poupngv,‘l)
1094 1825 1211 1920 τοῦ*
1222 1866 1424 1930 παντὸς
1451 1825 1647 1920 τούτου
1681 1864 1857 1935 σαφῶς

1976 1867 2086 1925 tur,
2110 1825 2389 1925 universa,
2412 1870 2475 1917 ut
2499 1867 2747 1932 apparet,
2773 1872 3055 1919 motantur
3076 1873 3131 1918 et
3157 1865 3561 1935 inquietantur.

263 1956 556 2027 οἰκονομία
585 1958 887 2028 συνέστηκὲ
915 1976 975 2011 τε
1009 1961 1102 2012 καὶ
1132 1958 1462 2027 διεξάγεται,
1495 1957 1674 2011 πάντα
1701 1959 1857 2011 κινεῖς

1971 1950 2087 2007 Nec
2122 1959 2302 2008 tamen
2339 1953 2606 2023 impetum
2644 1964 2700 2009 et
2731 1956 3033 2011 motionem
3066 1957 3211 2012 idem
3249 1958 3565 2030 signiﬁcare

262 2065 363 2099 ται
403 2048 648 2118 δηλονότι
700 2051 793 2103 καὶ
833 2051 1077 2104 ὰστατεῐ.
1127 2051 1203 2104 Οὐ
1228 2049 1424 2103 ταύτὸν
1448 2049 1506 2103 δέ
1533 2066 1700 2120 φασιν
1724 2043 1857 2103 εἶναι

1972 2052 2244 2100 statuunt.
2278 2045 2576 2100 Motionem
2616 2046 2765 2101 enim
2810 2049 2984 2118 magis
3023 2049 3277 2104 tribuunt
3314 2052 3401 2107 eis
3438 2069 3564 2122 qua:

263 2143 337 2211 τῇ
364 2143 511 2212 φορᾷ
540 2141 640 2211 τὴν
667 2143 904 2213 κίνησιν.
965 2142 1078 2215 Τὴν
1127 2144 1226 2214 μὲν
1256 2144 1366 2215 γὰρ
1415 2143 1632 2214 κίνησιν
1664 2143 1857 2213 μᾶλλοι

1968 2138 2317 2208 generationi
2352 2140 2643 2210 subjacent
2674 2151 2731 2195 et
2764 2141 3038 2207 interitui,
3070 2151 3130 2198 ut
3160 2159 3284 2213 quae
3319 2145 3402 2200 eis
3437 2162 3563 2216 quas

263 2228 412 2285 εἷναί
444 2232 630 2303 (185
650 2233 704 2304 ὁ)
731 2251 864 2302 φασι
888 2233 999 2288 τῶν
1023 2235 1131 2287 ὑπὸ
1150 2234 1367 2304 γένεσιν
1396 2233 1490 2287 καὶ
1527 2232 1755 2304 φθορὰν,
1790 2233 1866 2297 ὡς

264 2326 678 2397 ἐπιδεχομένων
724 2330 837 2391 τοῖς
872 2329 1002 2399 περὶ
1031 2328 1172 2381 αὐτὰ
1200 2327 1602 2398 θεωρουμένοις
1633 2327 1696 2380 τὸ
1726 2327 1863 2397 μᾶλ-

264 2416 364 2471 λον
393 2417 489 2469 καὶ
517 2417 579 2470 τὸ
602 2412 770 2489 ἦττον
799 2418 924 2488 (κᾶν
954 2418 1048 2471 ἐπὶ
1079 2418 1297 2473 πάντων
1325 2417 1464 2488 ὁμοῦ
1489 2418 1598 2471 τῶν
1620 2416 1864 2486 γενητῶν

261 2508 482 2578 κυρίως
507 2507 769 2575 λέγεσθαι
796 2510 1067 2581 δυνατὸν),
1096 2510 1198 2580 τὴν
1219 2510 1276 2563 δὲ
1300 2510 1476 2581 φορὰν
1494 2510 1595 2579 τῆς
1614 2508 1754 2563 κατὰ
1773 2507 1865 2562 κύ-

262 2599 402 2654 κλον
451 2601 783 2672 κινουμένης
830 2601 1022 2666 οὐσίας
1064 2600 1159 2656 καὶ
1192 2601 1493 2672 ἀκαμάτως
1520 2601 1619 2669 τὴν
1649 2599 1862 2671 περιδί-

259 2706 452 2760 νησιν.
512 2692 628 2747 Οὐκ
673 2690 794 2748 οἶδα
843 2694 1075 2765 πότερον
1121 2692 1458 2764 θαρῤήσαντι
1500 2692 1631 2764 περὶ
1664 2691 1726 2745 τὸ
1750 2692 1861 2746 πᾶν

260 2782 523 2853 φυσικῶς
571 2786 906 2859 ἐνεργούσης
950 2786 1131 2854 λέγειν
1163 2785 1315 2838 ἐστὶν
1351 2784 1595 2854 ἀσφαλὲς
1650 2784 1677 2854 lj
1708 2785 1862 2856 ἐνερ-

259 2876 576 2947 γουμένης,
622 2878 763 2950 πλὴν
790 2879 875 2933 ὅτι
905 2878 1115 2950 κυρίως
1142 2879 1317 2932 εἰπεῖν
1346 2880 1492 2931 ἐστιν
1524 2873 1857 2947 ἐνεργουμέ-

263 2983 369 3041 νης
413 2968 476 3022 τὸ
525 2970 810 3044 φέρεσθαι.
876 2973 1045 3027 Οὑδέν
1084 2973 1193 3043 γάρ
1234 2972 1345 3026 τῶν
1371 2971 1543 3025 ὄντων
1575 2967 1857 3032 παντελῶς

260 3062 417 3115 ἐστιν
438 3062 856 3135 αὑτενέργητον,
887 3065 970 3119 δτι
995 3065 1133 3137 μηδέ
1153 3065 1416 3130 ἀναίτιον,
1444 3061 1506 3116 τὸ
1524 3061 1582 3116 δέ
1605 3061 1681 3132 μὴ
1705 3061 1857 3115 avai-

255 3171 382 3208 τιον
401 3197 415 3221 ,
469 3158 697 3211 κινεῖται
728 3159 947 3223 πάντως
975 3158 1043 3212 δι’
1061 3158 1279 3226 αἰτίαν,
1331 3156 1729 3229 ἐνεργούμενον
1757 3154 1854 3225 δη·
1882 3175 1925 3234 ο

255 3243 444 3298 λονότι
488 3246 550 3299 τὸ
584 3247 853 3301 κινεῖσθαι
883 3248 1132 3319 φυσικῶς
1161 3249 1267 3302 ὑπὸ
1294 3247 1397 3319 τῆς
1427 3246 1606 3309 αἰτίας
1625 3284 1641 3310 ς
1692 3243 1763 3297 δι’
1784 3243 1853 3315 ἢν

255 3336 364 3391 καὶ
410 3339 548 3409 πρὸς
592 3340 660 3413 ἢν
715 3344 956 3395 ποιεῖται
999 3341 1099 3413 τὴν
1142 3340 1378 3413 κίνησιν.
1424 3338 1708 3402 Ἀναιτίως
1743 3337 1854 3409 γάρ

253 3428 517 3501 οὐδαμῶς
566 3436 797 3487 κινεῖται
851 3433 975 3487 καθ’
1013 3433 1320 3505 οίονδήτινα
1366 3433 1572 3500 τρόπον
1615 3431 1724 3485 τῶν
1767 3447 1854 3484 κι-

252 3523 543 3593 νουμένων
581 3525 757 3579 οὐδέν.
814 3526 982 3597 Ἀρχὴ
1012 3526 1070 3580 δὲ
1105 3525 1289 3597 πάσης
1314 3526 1586 3597 κινήσεως
1616 3523 1853 3593 φυσικῆς

253 3616 413 3669 ἐστιν
464 3620 511 3687 ἡ*
532 3617 648 3671 τῶν
677 3618 1013 3689 κινουμένων
1045 3619 1283 3688 γένεσις,
1338 3617 1484 3688 ἀρχὴ
1513 3616 1570 3671 δὲ
1617 3616 1717 3686 τῆς
1745 3614 1854 3669 τῶν

249 3710 600 3781 κινουμένων
622 3712 891 3780 γενέσεως
910 3711 939 3763 ὁ
961 3711 1116 3777 Θεὸς,
1140 3712 1215 3775 ὡς
1237 3710 1639 3783 γενεσιουργός.
1665 3709 1777 3778 Τῆς
1796 3708 1855 3763 δέ

248 3801 372 3856 τῶν
399 3804 788 3873 γεγενημένων
833 3805 1072 3874 φυσικῆς
1102 3804 1372 3872 γενέσεως
1412 3803 1568 3865 τέλος
1600 3804 1633 3873 ἡ
1663 3800 1853 3865 στάσις

253 3896 435 3957 ἐστὶν,
468 3896 535 3966 ἢν
561 3899 707 3966 ποιεί
734 3896 955 3961 πάντως
987 3897 1127 3968 μετὰ
1150 3897 1252 3967 τὴν
1274 3896 1524 3951 διάϐασιν
1548 3895 1660 3950 τῶν
1684 3912 1854 3949 πεπε-

255 3986 557 4057 ρασμένων
590 3990 624 4059 ὴ
656 3989 906 4060 ἀπειρία.
942 3991 999 4042 ἐν
1092 3988 1182 4042 διὰ
1210 3988 1271 4042 τὸ
1303 3988 1379 4060 μὴ
1409 3984 1552 4042 εἶναι
1576 3987 1852 4058 διάστημα

253 4077 415 4131 πᾶσα
461 4081 700 4132 ποιεῖται
740 4078 956 4148 κίνησις
999 4079 1108 4132 τῶν
1151 4078 1461 4147 φυσικῶν²²
1493 4079 1850 4149 κινουμένων,

248 4169 358 4223 οὐκ
388 4169 591 4241 ἔχουσα
619 4171 806 4225 λοιπὸν
839 4173 964 4226 ὅποι
993 4188 1053 4225 τε
1097 4172 1196 4226 καὶ
1225 4171 1344 4235 πῶς
1387 4171 1483 4225 καὶ
1514 4170 1650 4241 πρὸς
1674 4172 1727 4223 τί
1763 4187 1852 4225 κι-

249 4261 518 4331 νηθῆναι,
564 4262 641 4327 ὡς
668 4264 762 4318 τὸν
789 4263 1044 4336 ὁρίζοντα
1075 4265 1171 4317 καὶ
1195 4263 1366 4334 αὐτὴν
1393 4261 1495 4335 τὴν
1519 4263 1709 4333 πάσης
1740 4264 1853 4334 ὀρι-

249 4351 454 4424 στικὴν
520 4353 789 4423 κινήσεως
840 4353 1100 4424 ἀπειρίαν
1154 4352 1286 4407 Θεὸν
1343 4352 1498 4417 τέλος
1553 4354 1630 4416 ὠς
1678 4354 1850 4407 αττιον

247 4443 481 4515 ἔχουσα.
536 4445 726 4514 Πάσης
768 4442 862 4499 οὖν
910 4445 1183 4514 γενέσεώς
1210 4462 1272 4498 τε
1317 4446 1413 4499 καὶ
1440 4446 1709 4517 κινήσεως
1742 4445 1851 4499 τῶν

1967 2232 2115 2287 circa
2143 2231 2262 2302 ipsa
2288 2233 2659 2288 observantur
2682 2232 2921 2305 augendi
2947 2235 3346 2308 minuendique
3378 2240 3564 2295 notio-

1965 2333 2093 2373 nem
2129 2320 2431 2376 admittunt
2465 2321 2715 2394 (etiamsi
2749 2324 2818 2378 de
2850 2325 3068 2381 cunctis
3102 2328 3305 2383 creatis
3338 2330 3562 2400 proprie

1966 2409 2076 2465 dici
2132 2411 2186 2466 id
2243 2414 2496 2484 potest),
2544 2414 2811 2485 impetum
2865 2434 2998 2473 vero
3050 2419 3378 2491 substantiae
3434 2438 3563 2479 esse

1964 2501 2161 2556 volunt
2186 2501 2396 2559 circulo
2428 2518 2548 2559 sese
2581 2513 2637 2559 et
2669 2505 2945 2561 indefesse
2979 2511 3381 2577 commoventis
3410 2520 3561 2567 rota-

1965 2593 2198 2649 tionem.
2224 2594 2426 2651 Nescio
2466 2606 2654 2653 utrum
2695 2598 2764 2654 de
2805 2599 3069 2655 universo
3104 2600 3295 2657 dicere
3331 2604 3556 2660 conanti

1962 2685 2297 2742 naturaliter
2335 2689 2557 2758 operari
2603 2689 2657 2745 id
2708 2697 2888 2746 tutum
2928 2690 3019 2756 sit,
3054 2707 3125 2747 an
3168 2693 3411 2761 incitari,
3446 2696 3555 2752 nisi

1960 2776 2109 2847 quod
2157 2778 2279 2849 ejus
2327 2779 2422 2849 qui
2475 2780 2741 2837 incitatur
2787 2783 3067 2852 peculiare
3119 2784 3417 2841 dicendum
3468 2798 3557 2843 est

1960 2867 2115 2924 ferri.
2152 2870 2315 2926 Nulla
2354 2872 2505 2926 enim
2549 2888 2666 2938 res,
2701 2889 3048 2945 quaecunque
3093 2877 3398 2944 exsistunt,
3435 2880 3556 2950 ipsa

1958 2976 2060 3031 per
2106 2977 2166 3019 se
2214 2972 2480 3033 operatur
2522 2966 2783 3033 omnino,
2815 2968 2945 3038 quia
2998 2984 3103 3024 nec
3148 2985 3317 3026 causa
3366 2982 3551 3039 caret;

1960 3053 2108 3127 quod
2136 3069 2270 3109 vero
2302 3071 2471 3111 causa
2501 3071 2612 3112 non
2645 3066 2818 3124 caret,
2848 3058 2902 3113 id
2937 3060 3165 3116 omnino
3195 3077 3296 3131 per
3328 3078 3551 3119 causam

1959 3155 2240 3212 movetur,
2270 3148 2417 3204 unde
2451 3146 2861 3222 apparet'qu’od
2896 3166 3064 3207 causa
3096 3152 3362 3209 incitatur
3392 3153 3460 3210 ad
3492 3170 3554 3211 se

1958 3239 2420 3294 commovendum
2454 3242 2782 3297 naturaliter
2816 3242 2883 3298 ad
2918 3259 3084 3314 quam
3118 3253 3175 3298 et
3206 3262 3318 3316 quo
3352 3247 3554 3302 motio-

1956 3342 2083 3383 nem
2109 3329 2315 3402 dirigit.
2345 3333 2475 3388 Sine
2506 3349 2672 3389 causa
2703 3334 2854 3389 enim
2883 3351 3076 3390 eorum
3102 3353 3225 3407 qua:
3253 3349 3547 3395 moventur

1956 3418 2097 3474 nihil
2119 3437 2351 3492 usquam
2371 3425 2482 3479 ullo
2501 3425 2665 3481 modo
2680 3436 2954 3483 movetur.
2972 3428 3198 3485 Initium
3220 3447 3353 3487 vero
3368 3433 3551 3489 omnis

1954 3516 2227 3571 naturalis
2261 3519 2535 3575 motionis
2565 3528 2650 3575 est
2679 3537 2870 3576 eorum
2902 3538 3027 3593 quae
3055 3536 3357 3581 moventur
3384 3543 3554 3599 gene-

1954 3605 2121 3671 ratio,
2154 3608 2314 3679 cujus
2344 3625 2540 3665 rursus
2577 3611 2752 3681 ipsius
2788 3614 3011 3671 initium
3047 3616 3195 3672 Deus
3226 3626 3332 3684 est,
3365 3627 3427 3673 ut
3457 3636 3554 3691 ge-

1953 3698 2263 3754 nerationis
2297 3710 2512 3756 auctor.
2540 3702 2748 3758 Eorum
2781 3721 2904 3775 quae
2935 3705 3079 3762 facta
3113 3715 3246 3762 sunt
3277 3711 3552 3768 naturalis

1954 3790 2334 3860 generationis
2368 3792 2495 3848 ﬁnis
2527 3803 2612 3848 est
2636 3803 2838 3862 status,
2867 3811 3035 3866 quem
3070 3798 3232 3868 plane
3261 3808 3388 3870 post
3417 3817 3553 3857 con-

1954 3893 2363 3938 summatorum
2398 3893 2809 3957 transgressum
2845 3887 3089 3944 inﬁnitas
3119 3889 3315 3955 eﬂicit,
3349 3892 3406 3947 in
3440 3909 3550 3965 qua

1952 3983 2182 4047 propter
2203 3976 2538 4033 exsistentiae
2562 3979 2925 4035 cessationem
2947 3982 3129 4037 omnis
3152 3983 3324 4039 motio
3349 4001 3545 4043 eorum

1952 4071 2295 4128 naturalium
2342 4089 2466 4144 quae
2509 4082 2803 4130 moventur
2844 4075 3201 4132 intervallum
3240 4078 3404 4146 facit,
3435 4097 3550 4138 non

1953 4163 2232 4234 reliquum
2262 4164 2475 4220 habens
2501 4181 2612 4237 quo
2642 4175 2738 4223 aut
2761 4168 3041 4238 quomodo
3075 4177 3131 4224 et
3162 4170 3228 4225 ad
3261 4171 3394 4241 quid
3432 4190 3553 4228 mo-

1953 4263 2182 4321 veatur,
2215 4268 2356 4311 cum‘
2373 4257 2579 4322 Deum,
2614 4257 2711 4327 qui
2740 4259 2832 4314 vel
2862 4259 3038 4330 ipsam
3070 4261 3255 4319 omnis
3286 4263 3549 4321 motionis

1955 4347 2389 4402 terminatricem
2426 4347 2755 4405 inﬁnitatem
2789 4351 3004 4417 definit,
3037 4352 3203 4408 linem
3234 4364 3294 4409 ut
3323 4371 3550 4412 causam

1954 4438 2174 4496 habeat.
2203 4439 2392 4511 itaque
2438 4442 2618 4497 omnis
2656 4443 3032 4513 generationis
3071 4455 3130 4502 et
3160 4448 3425 4506 motionis
3461 4466 3550 4506 re-

244 4535 427 4589 ὕντων
452 4577 469 4603 ,
508 4532 669 4609 ’ἀρχὴ
713 4539 811 4590 καὶ
839 4536 991 4601 τέλος
1021 4538 1171 4591 ἐστὶν
1200 4539 1230 4591 ὁ
1252 4536 1386 4601 Θεὸς
1406 4578 1421 4604 ,
1479 4538 1556 4601 ὡς
1592 4536 1653 4603 ἐξ
1679 4536 1847 4592 αὐτοῦ

1959 4549 2081 4588 rum
2112 4534 2498 4591 exsistentium
2532 4536 2750 4591 initium
2776 4546 2833 4593 et
2856 4537 2984 4593 ﬁnis
3011 4538 3159 4595 Deus
3188 4547 3296 4607 est,
3321 4556 3448 4596 cum
3479 4558 3549 4599 ex

242 4628 641 4700 γεγενημένων
671 4629 768 4683 καὶ
794 4628 862 4682 δι’
884 4628 1054 4683 αὐτοῦ
1078 4628 1441 4700 κινουμένων,
1468 4630 1563 4683 καὶ
1584 4630 1667 4693 εἰς
1687 4629 1850 4683 αὐτὸν

242 4720 354 4792 τὴν
386 4721 578 4775 στάσιν
609 4721 1011 4792 ποιησομένων,
1049 4721 1239 4791 Πάσης
1268 4721 1327 4774 δὲ
1359 4721 1596 4791 φυσικῆς
1625 4721 1735 4775 τῶν
1761 4720 1850 4776 ὅν-

239 4831 363 4869 των
392 4816 658 4886 κινήσεως
681 4816 1090 4886 προεπινοεὴαι
1114 4815 1148 4886 ἡ
1171 4816 1410 4884 γένεσις,
1434 4814 1616 4884 πάσης
1637 4813 1693 4867 δὲ
1718 4814 1848 4868 στά-

245 4924 395 4971 σεως
424 4911 830 4978 προεπινοεῆαι
861 4906 1050 4979 (186
1071 4906 1124 4974 a)
1157 4905 1300 4960 κατὰ
1348 4905 1514 4976 φύσιν
1543 4907 1576 4977 ἡ
1604 4907 1843 4977 κίνησις.

245 5000 314 5055 El
341 4998 436 5053 οὖν
463 5001 732 5070 κινήσεως
759 5001 1167 5071 προεπινοεῖται
1195 4997 1335 5051 κατὰ
1359 4997 1520 5066 φύσιν
1542 4999 1575 5070 ἡ
1599 4998 1835 5067 γένεσις,

239 5094 517 5162 κινήσεως
559 5092 619 5146 δὲ
677 5095 1077 5162 μετεπινοεῖται
1133 5091 1279 5146 κατὰ
1330 5091 1495 5162 φύσιν
1546 5093 1579 5162 ή
1622 5092 1836 5157 στάσις,

241 5187 462 5255 γένεσις
507 5185 754 5255 δηλονότι
813 5188 907 5238 καὶ
957 5186 1147 5248 στάσις
1195 5181 1335 5239 εἶναι
1384 5183 1495 5238 τῶν
1532 5183 1650 5255 ἃμα
1694 5183 1839 5239 κατὰ

239 5279 346 5351 τὴν
387 5277 625 5349 ὓπαρξιν
664 5279 988 5349 ἀμήχανον,
1047 5276 1294 5348 ἀλλήλων
1356 5276 1528 5340 αὐτὰς
1589 5276 1838 5345 φυσικῶς

237 5371 590 5442 διείργουσαν
619 5371 665 5402 ’³
687 5370 907 5441 ἔχουσαι
951 5368 1094 5424 κατὰ
1132 5368 1197 5422 τὸ
1246 5368 1410 5438 μέσον
1448 5367 1547 5439 τὴν
1590 5366 1831 5440 κίνησιν.

238 5463 321 5517 Οὔ
349 5463 458 5535 γὰρ
491 5461 696 5533 φυσικὴ
729 5462 980 5532 ἐνέργεια
1012 5463 1112 5531 τῆς
1139 5461 1410 5530 γενέσεως
1439 5460 1551 5515 τῶν
1576 5462 1835 5531 κινουμέ-

236 5572 352 5609 νων
379 5556 412 5625 ή
436 5554 627 5617 στάσις
654 5556 823 5619 ἐστὶν,
856 5553 997 5607 ἀλλὰ
1020 5554 1173 5617 τέλος
1200 5553 1304 5622 τῆς
1327 5554 1446 5607 κατ’
1470 5553 1647 5622 αὐτὴν
1675 5553 1836 5607 δυνά-

246 5665 393 5723 μεως
416 5649 449 5721 ἢ
473 5648 776 5720 ἐνεργείας,
804 5647 838 5717 ἢ
863 5649 1012 5713 ὅπως
1039 5647 1104 5703 ἄν
1130 5663 1213 5711 τις
1240 5645 1420 5701 ἐθέλοι
1445 5644 1606 5700 τοῦτο
1629 5646 1832 5715 λέγειν.

1949 4638 2016 4677 eo
2060 4635 2335 4695 generatze
2375 4627 2487 4680 sint
2523 4636 2579 4682 et
2626 4635 2934 4695 uiolentur,
2968 4636 3175 4685 statum
3215 4645 3441 4702 quoque
3489 4632 3548 4689 in

1948 4730 2076 4769 eum
2108 4716 2357 4771 facturze.
2390 4717 2554 4773 Omni
2587 4735 2720 4773 vero
2755 4721 2997 4777 naturali
3031 4738 3220 4778 rerum
3253 4739 3378 4794 qua:
3414 4733 3547 4780 sunt

1947 4810 2193 4865 motione
2224 4812 2379 4881 prior
2411 4811 2741 4885 intelligitur
2767 4813 3074 4885 generatio,
3099 4816 3364 4887 omnique
3391 4825 3545 4874 statu
3597 4810 3605 4887 l

1946 4903 2100 4973 prior
2130 4902 2441 4959 secundum
2471 4914 2729 4961 naturam
2763 4908 3093 4981 intelligitur
3119 4908 3313 4965 motio.
3338 4910 3459 4966 Jam
3495 4911 3542 4966 si
3604 4968 3607 4971 .

1946 4997 2248 5053 motionem
2286 4998 2592 5069 secundum
2633 5007 2889 5056 naturam
2927 5002 3193 5073 anticipat
3229 5002 3541 5072 generatio,
3604 4992 3607 4993 ⁷

1945 5090 2247 5146 motionem
2271 5106 2406 5145 vero
2436 5091 2741 5147 secundum
2766 5103 3021 5149 naturam
3048 5093 3411 5164 subsequitur
3432 5102 3546 5149 sta-

1948 5190 2066 5243 tus.
2098 5178 2329 5253 apparet
2360 5186 2778 5255 generationem
2815 5196 2873 5242 et
2907 5195 3114 5242 statum
3152 5187 3317 5242 simul
3359 5187 3544 5243 subsi-

1946 5286 2093 5331 stere
2146 5293 2256 5332 non
2308 5293 2503 5347 posse,
2540 5277 2671 5332 dum
2722 5278 2992 5342 mediam,
3031 5294 3155 5349 qua:
3193 5278 3422 5333 alteram
3469 5279 3540 5333 ab

1944 5367 2117 5423 altera
2151 5370 2479 5425 naturaliter
2510 5368 2755 5434 dirimat,
2786 5368 3028 5423 habeant
3063 5367 3387 5423 motionem.
3416 5369 3538 5423 Non

1938 5462 2088 5516 enim
2127 5463 2398 5518 naturalis
2436 5462 2584 5517 actio
2622 5461 2999 5533 generationis
3043 5470 3319 5517 motorum
3361 5471 3540 5517 status

1938 5562 2043 5619 est,
2066 5554 2163 5609 sed
2198 5554 2324 5609 ﬁnis
2358 5555 2761 5625 potestatis.vel
2798 5554 3035 5609 actionis
3067 5553 3135 5608 ad
3171 5561 3375 5609 statum
3411 5569 3540 5623 per-

1940 5647 2200 5711 tinentis,
2230 5647 2315 5703 ve!
2352 5662 2578 5718 quoquo
2614 5646 2668 5701 id
2702 5646 2908 5719 aliquis
2941 5644 3108 5701 modo
3142 5645 3330 5702 dicere
3360 5646 3532 5707 volet.

1562 5765 1796 5821 νΑΒιᾸτῑ
1845 5764 2258 5823 LECTIONES.

313 5861 360 5895 ²²
386 5848 639 5914 Fortasse
673 5858 935 5923 φυσικῶς.
1018 5859 1061 5891 ³³
1089 5856 1408 5924 διέργουσαν
1433 5858 1555 5913 cod.
1584 5857 1726 5929 Gud.
