4012 6380
559 396 695 463 1219

1720 393 1781 452 s.
1825 373 2113 451 MAXlMI
2152 356 2665 453 CONFESSORIS

3671 403 3778 471 ῙΞΞΟ

555 516 670 570 Sub
700 515 915 570 actione
948 512 1095 569 enim
1128 528 1249 585 quae
1278 508 1424 568 facta
1456 517 1585 565 sunt
1608 502 1747 563 facta
1782 510 1934 569 sunt,
1960 501 2131 557 omnis

2254 500 2372 557 Ἐπ’
2394 505 2647 577 ἐνεργείᾳ
2665 504 2775 578 γὰρ
2804 507 2870 561 τά
2895 492 3166 579 γενόμενα
3192 508 3405 580 γέγονε,
3431 513 3573 567 πᾶσα
3592 511 3642 568 δὲ
3661 516 3783 590 ὲνέρ·

551 614 685 659 τειό
707 603 851 659 actio
874 602 943 658 ad
966 602 1133 659 ﬁnem
1156 603 1395 673 aliquem
1416 601 1680 672 pertinet,
1701 613 1772 653 ne
1796 596 1903 650 ﬁne
1927 605 2132 650 careat.

551 696 931 768 Quodcunque
960 697 1113 753 enim
1147 694 1482 752 naturalium
1515 695 1794 773 actionum
1825 691 1986 746 tinem
2023 700 2136 744 non

551 788 739 855 habet,
762 789 816 843 id
845 804 948 845 nec
973 789 1284 860 perfectum
1315 796 1418 852 est,
1442 787 1569 843 ﬁnis
1590 794 1776 841 autem
1798 782 2132 839 naturalium

551 881 830 935 actionum
865 896 1059 937 eorum
1092 897 1215 952 quae
1244 881 1386 936 facta
1418 888 1548 936 sunt
1577 879 1646 934 ad
1681 892 1905 933 causam
1940 874 2138 929 motio-

550 972 641 1031 nis
674 985 758 1029 est
788 982 984 1030 status.
1016 974 1512 1043 Quemadmodum,
1539 981 1603 1028 ut
1634 987 1702 1028 ex
1733 985 1846 1025 uno
1877 983 2138 1039 quaecun-

550 1076 661 1137 Que
693 1075 821 1122 sunt
854 1067 1099 1121 omnium
1139 1066 1402 1122 motionis
1439 1065 1665 1120 modum
1704 1061 2133 1134 perspiciamus,

551 1157 756 1223 anima,
785 1174 911 1213 cum
944 1159 1337 1214 intellectualis
1368 1166 1425 1213 et
1453 1156 1740 1213 rationalis
1767 1153 2008 1209 essentia
2039 1151 2132 1217 sit,

549 1259 609 1305 et
642 1253 847 1321 cogitat
884 1258 941 1305 et
980 1251 1373 1317 ratiocinatur,
1414 1250 1678 1307 facultate
1714 1256 1878 1303 utens
1917 1252 2132 1308 mente,

548 1341 814 1409 motione,
841 1342 1196 1414 cogitatione,
1218 1342 1436 1397 actione
1462 1341 1702 1411 denique
1735 1337 1993 1409 cogitato.
2018 1336 2136 1390 Hoc

548 1434 699 1489 enim
732 1435 1025 1506 cogitantis
1057 1442 1114 1490 et
1138 1436 1259 1507 ejus
1291 1434 1439 1506 quod
1474 1434 1748 1505 cogitatur
1779 1428 2135 1502 cogitationis

550 1524 674 1581 linis
716 1537 821 1593 est,
854 1537 917 1583 ut
953 1528 1099 1599 quod
1144 1521 1557 1583 extremitatth
1596 1534 1847 1581 mutuam
1891 1523 2038 1578 inter
2072 1536 2133 1577 se

546 1620 874 1676 relationem
938 1620 1366 1676 circumscribit.
1417 1619 1672 1690 Cogitare
1734 1617 1886 1673 enim
1934 1614 2133 1691 anima

546 1709 751 1764 desinit
794 1711 929 1766 illud
984 1711 1284 1782 cogitatum
1332 1718 1624 1782 postquam
1671 1708 1951 1787 cogitavit.
1994 1708 2132 1762 Nam

545 1788 846 1874 cogitatum
897 1805 1121 1875 proprie
1175 1805 1377 1871 semel,
1422 1820 1603 1875 neque
1651 1804 1889 1869 iterum,
1934 1802 2133 1858 anima:

2240 613 2367 667 γεια
2412 599 2548 670 πρός
2582 615 2634 652 τι
2666 599 2820 663 τέλος
2849 600 2999 653 ἐστὶν
3025 640 3040 662 .
3099 601 3189 655 ἵνα
3235 602 3308 674 μὴ
3339 602 3555 675 ἀτελής.
3609 607 3673 660 Τὸ
3696 611 3784 679 γὰρ

2239 690 2393 754 τέλος
2447 691 2521 762 μὴ
2562 690 2685 762 ἔχον
2730 691 2842 745 τῶν
2886 693 3028 748 κατὰ
3058 692 3223 762 φύσιν
3254 695 3546 764 ἐνεργειῶν
3587 698 3694 752 οὐδὲ
3717 702 3786 755 τέ-

2239 781 2384 835 λειόν
2408 783 2545 847 ἐστι,
2575 783 2729 848 τέλος
2757 784 2815 838 δὲ
2843 784 2953 837 τῶν
2982 786 3127 839 κατὰ
3155 784 3315 855 φύσιν
3338 788 3786 863 ὲνεργειῶν,ἡτῆς

2240 874 2380 945 πρὸς
2420 875 2483 928 τὸ
2523 877 2700 929 αῐτιον
2750 876 2861 931 τῶν
2895 878 3284 949 γεγενημένων
3316 882 3585 950 κινήσεως
3613 883 3787 948 στάσις.
3826 930 3829 933 .

2240 962 2367 1020 οἷον
2399 967 2485 1021 ἵνα
2517 964 2577 1033 ἐξ
2601 969 2718 1033 ἐνὸς
2748 969 2841 1023 τὸν
2869 971 2965 1023 ἐπὶ
2990 972 3211 1024 πάντων
3236 970 3345 1024 τῶν
3370 971 3539 1025 ὄντων
3561 980 3789 1047 κατανοή-

2242 1073 2425 1129 σωμεν
2454 1059 2554 1131 τῆς
2581 1060 2854 1131 κινήσεως
2879 1061 3107 1133 τρόπον,
3134 1063 3167 1134 ή
3197 1061 3366 1134 ψυχὴ,
3401 1063 3558 1116 οὐσία
3587 1068 3790 1135 vespas:

2240 1152 2337 1206 καὶ
2363 1150 2558 1224 λογικὴ
2588 1152 2949 1224 ὑπάρχουσα,
2985 1154 3096 1209 καὶ
3137 1157 3251 1210 νοεῖ
3281 1156 3376 1210 καὶ
3396 1156 3684 1224 λογίζεται,
3717 1161 3790 1214 δύη

2239 1259 2406 1314 ναμιν
2439 1242 2638 1313 ἔχουσα
2665 1244 2757 1299 τὸν
2787 1245 2934 1312 νοῦν,
2962 1248 3192 1318 ’κίνησιν
3220 1248 3279 1302 δὲ
3308 1248 3409 1319 τὴν
3436 1252 3639 1319 νόησιν.
3668 1252 3792 1324 ἐνέρο

2239 1348 2395 1404 γειαν
2436 1335 2495 1389 δὲ
2545 1336 2607 1389 τὸ
2653 1338 2854 1410 νόημα,
2916 1340 3098 1412 Πέρας
3141 1341 3251 1412 γὰρ
3286 1341 3464 1395 ’τοῦτο
3509 1342 3607 1413 τῆς
3631 1361 3685 1397 τε
3719 1347 3791 1399 τοῦ

2240 1427 2492 1493 νοοῦντος
2525 1428 2620 1483 καὶ
2645 1430 2741 1484 τοῦ
2767 1433 3065 1503 νοουμένου
3098 1434 3343 1505 νοήσεώς
3367 1436 3538 1499 ἐστιν,
3571 1435 3642 1500 ὡς
3668 1454 3793 1508 περι-

2238 1520 2518 1591 οριστικὺν
2550 1524 2651 1594 τῆς
2684 1522 2824 1594 πρὸς
2851 1524 3059 1595 άλληλα
3086 1524 3197 1579 τῶν
3223 1525 3413 1596 ἄκρων
3440 1525 3675 1596 ὑπάρχον
3700 1528 3794 1597 σχέ-

2242 1625 2402 1674 σεως.
2458 1611 2678 1667 Νοοῦσα
2709 1614 2819 1686 γὰρ
2851 1616 2884 1685 ἠ
2917 1617 3064 1688 ψυχὴ
3097 1616 3316 1671 τσταται
3358 1616 3458 1671 τοῦ
3486 1622 3624 1671 νοεῖν
3650 1620 3794 1673 έκεῖνο

2238 1703 2300 1755 τὸ
2344 1703 2540 1774 νοηθὲν
2592 1706 2735 1776 μετὰ
2776 1707 2876 1780 τὴν
2910 1709 3078 1763 αὐτοῦ
3121 1709 3328 1781 νόησιν.
3364 1710 3471 1765 ’Τὸ
3501 1710 3606 1781 γὰρ
3636 1712 3792 1780 νοηθὲν

2238 1796 2453 1869 κυρίως
2485 1797 2634 1864 ἅπαξ
2653 1840 2667 1865 ,
2726 1800 2829 1856 οὐκ
2856 1801 2938 1854 ἐτι
2985 1800 3095 1874 τὴν
3121 1801 3258 1875 πρὸς
3284 1802 3348 1856 τὸ
3375 1802 3634 1873 νοηθῆναι
3662 1804 3793 1857 πάλιν

542 1858 861 1948 facultatem
893 1858 1177 1963 prorocat,
1207 1903 1264 1950 et
1295 1858 1394 1966 per
1422 1858 1669 1964 singulas
1698 1909 1948 1965 quasque
1982 1894 2131 1965 cogi-

2237 1858 2553 1946 έκκαλείται
2585 1858 2687 1963 si};
2713 1892 2896 1966 ψυχῆς
2919 1858 3177 1966 δύνάμινξ
3213 1858 3325 1950 ita?
3341 1858 3473 1951 an:
3488 1858 3705 1949 ἕκαστον
3728 1898 3794 1949 νό-

544 1983 781 2040 taliones
814 1986 895 2041 sic
929 1995 1134 2043 statum
1170 1986 1320 2058 capit
1349 1988 1748 2057 qualiscunque
1782 1985 2133 2057 cogitationis

543 2074 601 2130 in
657 2063 952 2146 cogitando
1003 2093 1073 2133 eo
1124 2078 1275 2149 quod
1333 2078 1631 2149 cogitatur.
1677 2077 1910 2144 Quando
1964 2077 2133 2149 igitur

543 2168 730 2223 omnia
763 2170 999 2241 cogitata
1034 2171 1282 2226 omnium
1317 2186 1441 2242 quae
1473 2170 1705 2243 cogitari
1737 2180 1971 2242 possunt
2002 2185 2130 2227 sen-

544 2257 791 2313 sibilium
844 2268 900 2315 et
946 2260 1334 2333 cogitabilium
1385 2248 1721 2334 cogitatione
1775 2261 2129 2328 transiverit,

541 2346 760 2404 desinet
808 2351 1026 2419 anima,
1079 2353 1158 2408 uti
1209 2353 1278 2409 ab
1326 2354 1587 2410 omnibus
1630 2369 1753 2424 quae
1794 2355 2128 2426 cogitantur,

541 2439 619 2495 ita
667 2441 834 2496 etiam
885 2458 914 2497 a
966 2453 1082 2500 tota
1136 2446 1470 2516 cogitatione
1523 2456 1691 2517 atque
1742 2446 2009 2502 relatione
2061 2444 2131 2500 ad

538 2533 728 2588 omnia
776 2542 884 2589 tam
931 2536 1163 2593 relativa
1211 2554 1377 2609 quam
1421 2540 1770 2610 cogitabilia,
1812 2554 1917 2596 nec
1960 2539 2135 2595 habet

540 2624 817 2695 reliquum
863 2629 1090 2685 omnino
1131 2631 1267 2701 quid
1306 2632 1543 2704 cogitet,
1574 2640 1699 2703 post
1737 2632 2129 2704 cogitationem

537 2728 732 2771 eorum
761 2732 885 2789 quae
912 2722 1241 2779 naturaliter
1267 2724 1502 2796 cogitari
1531 2733 1785 2797 possunt,
1812 2734 1940 2796 post
1964 2738 2140 2796 quam'

537 2823 705 2879 supra
748 2820 991 2867 mentem
1035 2822 1093 2870 et
1133 2815 1407 2872 rationem
1455 2825 1513 2873 et
1551 2818 1920 2889 cognitionem
1962 2818 2130 2874 modo

535 2914 643 2955 nec
690 2902 1028 2974 intelligibili
1068 2922 1175 2962 nec
1211 2908 1564 2978 perceptibili
1607 2924 1711 2965 nec
1748 2909 1960 2965 eﬂ‘abiii
2002 2914 2141 2966 cum‘

535 2986 654 3049 Beo
700 2995 957 3062 unietur,
1002 3010 1116 3054 non
1172 3001 1424 3072 cogitans
1472 3001 1732 3068 omnino,
1783 3002 1896 3057 imo
1946 3015 2128 3073 neque

537 3086 901 3144 considerans
925 3088 1100 3145 Deum
1131 3099 1229 3146 aut
1249 3092 1556 3149 aestimans.
1582 3093 1733 3148 Nihil
1759 3094 1909 3149 enim
1946 3102 2128 3150 exstat

537 3191 732 3233 eorum
757 3195 880 3249 quae
905 3182 1242 3252 cogitantur,
1261 3200 1373 3255 quo
1402 3174 1502 3254 per
1530 3186 1854 3241 relationem
1878 3186 2120 3256 aliquam
2152 3224 2199 3284 Ο

537 3270 722 3325 anima
776 3273 1170 3342 cogitationem
1205 3290 1358 3329 suam
1385 3275 1627 3347 dirigere
1650 3280 1850 3348 possit,
1890 3277 1987 3333 sed
2026 3293 2127 3348 per

537 3359 847 3430 simplicem
886 3362 1113 3434 (quippe
1144 3363 1339 3419 habitu
1383 3380 1449 3421 ac
1498 3366 1768 3422 relatione
1813 3366 2124 3439 vacantem)

537 3451 873 3518 unitionem,
902 3456 1027 3524 quae
1074 3455 1309 3526 cogitari
1336 3472 1449 3511 non
1480 3456 1649 3528 capit,
1675 3465 1735 3513 et
1783 3457 2125 3513 ineffabilem

536 3544 833 3613 quamdam
879 3553 935 3599 et
989 3546 1145 3602 haud
1188 3548 1570 3625 vestigabilem
1618 3549 1910 3615 rationem,
1959 3565 2137 3621 quam

536 3637 689 3693 solus
716 3640 879 3694 novit
898 3638 1045 3697 Deus
1073 3641 1175 3713 qui‘
1220 3643 1651 3699 inenarrabilem
1711 3644 1855 3700 hanc
1892 3645 2125 3716 gratiam

535 3730 716 3802 dignis
766 3733 1020 3805 largitur,
1049 3741 1113 3790 et
1162 3735 1258 3805 q'ui
1310 3751 1433 3790 eam
1485 3736 1786 3807 aliquando
1837 3737 2119 3808 accepturi

535 3823 684 3888 Sunt’,
732 3822 963 3895 quando
1007 3828 1372 3884 conversione
1430 3837 1487 3883 et
1546 3829 1933 3885 immutatione
1972 3830 2123 3885 omni

535 3918 720 3972 omnia
758 3920 1054 3985 vacabum,
1090 3932 1384 3992 postquam
1444 3933 1635 3978 rerum
1685 3937 1810 3993 quae
1850 3924 2137 3979 exsistunt‘

536 4012 801 4082 qualibet
829 4014 989 4068 circa"
1009 4013 1314 4085 quidquam
1345 4015 1518 4071 motio
1547 4032 1778 4085 prorsus
1823 4017 2135 4072 terminum.

537 4104 817 4161 invenerit
880 4100 1219 4163 intinitateni'
1265 4100 1445 4179 Deum,
1494 4103 1873 4176 comitantem,
1923 4110 1980 4164 in
2014 4120 2133 4181 qua;

535 4205 883 4268 quaecunque
912 4206 1195 4253 mutantur
1219 4194 1424 4255 sta'tum
1442 4209 1691 4257 sumunt.
1711 4201 1843 4258 Jure
1871 4200 2121 4272 quidem,

537 4288 805 4355 arbitrer,
841 4291 1224 4362 gravissimam
1247 4300 1495 4349 meretur
1513 4293 2003 4365 reprehensionem
2026 4292 2131 4363 qui'

533 4384 1027 4453 pratexsistentiam
1054 4386 1362 4442 animarum
1388 4386 1602 4450 statuit,
1635 4385 1895 4457 gentilem
1927 4385 1982 4440 in
2006 4402 2129 4444 mod

535 4476 673 4531 dum
692 4478 1071 4535 commiscens‘
1088 4495 1212 4550 quae
1237 4493 1269 4535 a
1310 4479 1700 4536 commistione
1730 4479 2039 4535 abhorrent
2065 4474 2129 4533 et:

2234 1998 2354 2056 ημα
2396 1984 2542 2039 οὕτω
2572 1988 2764 2041 στάσιν
2793 1986 3012 2058 δέχεται
3046 1988 3147 2059 τῆς
3175 1991 3342 2054 ποιᾶς
3375 1989 3470 2043 ἐπὶ
3497 1988 3576 2059 τῷ
3600 1993 3793 2059 νοήματι

2234 2075 2335 2130 τοῦ
2385 2076 2673 2147 νοηθέντος
2718 2077 2980 2149 νοήσεως.
3016 2078 3215 2133 Ἠνίκα
3249 2075 3345 2133 οὖν
3395 2078 3578 2133 πάντα
3605 2079 3669 2132 τὰ
3693 2080 3792 2148 vei;-

2238 2186 2387 2240 ματα
2440 2168 2550 2222 τῶν
2591 2170 2901 2240 νοουμένων
2938 2170 3162 2224 πάντων
3200 2168 3483 2240 αίσθητῶν
3510 2186 3571 2223 τε
3619 2171 3704 2223 καὶ
3725 2187 3790 2222 νο-

2178 2281 2199 2298 ν
2231 2260 2381 2329 ητῶν
2412 2258 2559 2315 κατὰ
2583 2251 2683 2331 τήν
2709 2260 2899 2332 νόησιν
2923 2261 3192 2336 παρέλθῃ.
3217 2261 3481 2327 παύεται,
3507 2261 3688 2332 ὥσπερ
3706 2264 3788 2315 τῶν

2232 2351 2543 2421 νοουμένων
2574 2353 2833 2407 ἁπάντων
2857 2393 2872 2419 ,
2910 2352 3057 2408 οὕτω
3087 2354 3185 2408 καὶ
3213 2353 3313 2425 τῆς
3345 2354 3479 2426 ὅλης
3505 2354 3729 2426 νοήσεως
3748 2370 3787 2406 τε

2231 2441 2328 2495 καὶ
2380 2443 2625 2512 σχέσεως
2695 2442 2837 2513 πρὸς
2859 2471 2863 2474 ~
2888 2443 2959 2498 τὰ
3015 2443 3184 2513 σχετά
3233 2444 3419 2498 πάντα
3480 2446 3573 2499 καὶ
3622 2443 3786 2514 νοητὰ.

2231 2533 2331 2588 οὐκ
2361 2533 2562 2606 ἔχουσα
2593 2535 2786 2589 λοιπὸν
2806 2534 2862 2589 τί
2885 2534 3081 2606 νοῆσαι
3113 2535 3177 2589 τὸ
3207 2536 3511 2607 παράπαν,
3565 2536 3692 2607 μετὰ
3716 2535 3788 2606 τὴν

2230 2629 2339 2681 τῶν
2388 2627 2651 2699 νοηθῆναι
2696 2627 2945 2699 φυσικῶς
2987 2628 3305 2701 δυναμένων
3338 2632 3562 2702 νόησιν,
3619 2630 3723 2700 μεθ’
3739 2632 3789 2701 ἢν

2232 2719 2373 2791 ὑπὲρ
2411 2720 2538 2775 νοῦν
2588 2721 2684 2775 atat
2731 2721 2893 2789 λόγον
2938 2722 3037 2775 καὶ
3078 2722 3287 2791 γνῶσιν
3315 2724 3600 2793 ἀνοήτως,
3640 2721 3789 2791 ἀγνώ-

2232 2827 2374 2875 στως
2403 2828 2461 2865 τε
2494 2811 2590 2865 καὶ
2622 2812 2885 2885 (Imb)
2929 2814 3230 2885 ἀφράστως
3262 2814 3411 2869 κατὰ
3451 2814 3626 2887 ἁπλῆν
3653 2831 3788 2888 προσ-

2231 2903 2396 2974 ϐολὴν
2428 2904 2762 2977 ένωθήόεται
2800 2907 2881 2978 τῷ
2909 2906 3032 2977 Θεῷ
3055 2947 3071 2973 ,
3132 2907 3199 2961 σὺ
3223 2907 3430 2962 νοοῦσα
3457 2910 3787 2971 παντάπασιν,

2228 2994 2354 3048 οὔτε
2389 2995 2496 3067 μὴν
2541 2996 2639 3050 τὸν
2675 2996 2811 3051 θεὸν
2852 2997 3201 3070 λογιζομένη.
3239 2999 3314 3052 Οὐ
3347 3000 3464 3070 γάρ
3496 2999 3608 3054 ὲστί
3631 2999 3789 3054 τιτῶν

2228 3088 2574 3159 νοουμένων,
2628 3088 2721 3143 ἵνα
2745 3091 2890 3145 κατά
2916 3096 3043 3146 τινα
3071 3091 3262 3167 σχέσιν
3295 3094 3329 3163 ἡ
3353 3092 3507 3164 ψυχὴ
3534 3092 3630 3164 τὴν
3653 3072 3788 3146 αὐτοῦ

2228 3180 2458 3253 δύνηται
2474 3181 2669 3247 νόησιν
2681 3181 2849 3254 ἒχειν,
2873 3183 3014 3237 ἀλλά
3035 3184 3181 3239 κατὰ
3206 3182 3308 3255 τὴν
3339 3183 3542 3254 ἁπλῆν,
3557 3185 3632 3247 ὡς
3655 3182 3789 3252 ἄσχε·

2234 3286 2355 3340 τον,
2404 3276 2497 3329 καὶ
2527 3276 2672 3347 ὑπὲρ
2700 3275 2895 3348 νόησιν
2917 3276 3114 3331 ἕνωσιν
3137 3314 3155 3340 ,
3203 3276 3297 3330 καί
3349 3293 3479 3330 τινα
3520 3274 3667 3344 λόγον
3713 3275 3789 3346 ἄρ-

2236 3368 2401 3439 ρητόν
2442 3380 2507 3423 τε
2559 3369 2656 3423 καὶ
2698 3369 3107 3442 άνερμήνευτον
3132 3408 3148 3432 ,
3206 3367 3267 3422 ὃν
3311 3368 3479 3439 μόνος
3503 3364 3638 3444 οἶδεν
3664 3365 3788 3437 ότὴν

2234 3458 2442 3527 ἄφατον
2484 3458 2692 3530 ταύτην
2731 3460 2897 3531 χάριν
2939 3462 3056 3523 τοῖς
3086 3458 3260 3524 ἀξίοις
3297 3459 3641 3531 δωρούμενος
3663 3456 3784 3519 Θεὸς,

2233 3550 2330 3605 καὶ
2376 3553 2427 3605 οἱ
2478 3551 2685 3622 ταύτην
2717 3550 2947 3621 ὕστερον
2978 3551 3270 3605 πείσεσθαι
3301 3544 3593 3622 μέλλοντες
3612 3591 3626 3610 ,
3656 3548 3788 3619 ἡνίκα

2235 3641 2415 3697 πάντα
2455 3638 2667 3714 τροπῆς
2698 3642 2962 3713 ἐλεύθερα
3014 3643 3111 3696 καὶ
3155 3641 3500 3705 ἀλλοιώσεως
3532 3640 3676 3694 ἔσται
3702 3638 3787 3690 πά-

2236 3751 2337 3806 σης
2360 3776 2375 3799 ,
2430 3735 2533 3806 τῆς
2583 3734 2704 3789 καθ’
2727 3735 2908 3789 ὁτιοῦν
2961 3735 3091 3805 περί
3126 3752 3179 3788 τι
3223 3735 3497 3803 κινήσεως
3526 3731 3629 3786 τῶν
3650 3729 3786 3783 ὄντων

2235 3827 2517 3891 παντελῶς
2556 3829 2732 3899 πέρας
2763 3827 3041 3899 λαϐούσης
3084 3827 3185 3897 τὴν
3216 3826 3347 3896 περὶ
3372 3825 3511 3879 Θεὸν
3540 3821 3785 3894 ἀπειρίανν

2233 3923 2291 3976 ὲν
2387 3920 2457 3976 τὰ
2487 3921 2784 3991 κινούμενα
2815 3921 2992 3975 πάντα
3021 3920 3238 3990 δέχεται
3268 3918 3486 3974 στάσιν.
3525 3917 3654 3989 Περὶ
3678 3912 3787 3968 Θεὸν

2232 4013 2344 4085 γὰρ
2367 4053 2382 4079 ,
2451 4012 2564 4067 ἀλλ’
2589 4012 2650 4065 οὐ
2697 4011 2833 4076 Θεὸς
2858 4051 2875 4075 ,
2935 4013 2969 4083 ἡ
3015 4010 3268 4082 ἀπειρία,
3313 4011 3469 4074 ὅστις
3497 4009 3591 4064 καὶ
3614 4006 3784 4071 ταύτης

2234 4103 2587 4174 ἀσυγκρίτως
2620 4102 2963 4173 ὑπέρκειται.
3016 4103 3255 4165 Δικαίως
3282 4102 3439 4170 γοῦν,
3469 4098 3638 4174 οἶμαι,
3666 4097 3783 4168 μέμ-

2232 4196 2380 4264 ψεως
2423 4194 2576 4260 ἄξιος
2625 4193 2887 4265 πλείστης
2923 4194 2952 4246 ό
2990 4193 3089 4264 τὴν
3121 4193 3475 4265 προϋπαρξιν
3497 4193 3602 4248 τῶν
3625 4188 3780 4262 ψυχῶν

2233 4285 2582 4357 δογματίζων
2630 4285 2788 4349 ἐστὶ,
2850 4284 2946 4338 καὶ
2995 4285 3095 4355 τὴν
3139 4285 3402 4355 ἀκίνητον
3434 4283 3658 4338 καθόλου
3694 4279 3780 4333 τῶν

2234 4379 2477 4448 λογικῶν
2504 4378 2669 4434 ὲνάδα
2699 4376 2976 4441 θεσπίζων
2995 4416 3011 4439 ,
3060 4378 3249 4447 φύρων
3285 4376 3609 4449 Ἑλληνικῶς
3636 4375 3695 4428 τὰ
3722 4372 3779 4442 μὴ

2234 4472 2519 4544 φυρόμενα
2545 4513 2561 4538 ,
2622 4470 2719 4524 καὶ
2750 4468 2928 4536 λέγων
2963 4469 3081 4539 ἅμα
3115 4469 3258 4522 κατὰ
3287 4470 3388 4538 τὴν
3416 4468 3643 4538 ὓπαρξιν
3668 4460 3779 4518 εἶναι

535 4566 842 4625 secundum
868 4569 1237 4626 substantiam
1294 4580 1715 4643 contemporare
1745 4587 1871 4627 cum
1894 4586 2123 4642 genera-

2232 4566 2298 4635 τῇ
2330 4561 2544 4631 γενέσει
2572 4560 2683 4614 τῶν
2708 4558 2945 4629 λογικῶν
2972 4558 3073 4629 τὴν
3103 4558 3313 4613 στάσιν.
3346 4560 3421 4613 Οὐ
3447 4558 3555 4630 γὰρ
3583 4554 3777 4647 W964i-

536 4660 689 4715 tione
719 4658 1079 4717 ratio'nalium‘
1110 4671 1313 4718 statum
1341 4677 1615 4719 asserens.
1638 4662 1829 4734 Neque
1856 4662 2007 4719 enim
2034 4678 2127 4735 ge-

536 4754 1026 4810 nerationem‘a‘nte
1055 4762 1282 4822 statum,
1313 4772 1436 4826 quae
1468 4757 1770 4812 immobilis
1799 4764 1999 4811 natura
2029 4756 2123 4821 sit,

536 4851 632 4897 aut
684 4849 903 4899 statum
946 4848 1079 4915 post
1128 4844 1468 4901 immobilem
1534 4846 1975 4919 generationem,
2028 4853 2126 4901 aut

538 4934 781 5005 denique
809 4944 917 4991 una
941 4940 1077 4992 curn“
1100 4920 1459 5009 generatione
1490 4947 1695 4994 statum
1748 4939 1995 5010 cogitare
2035 4953 2125 4992 ra-

539 5028 708 5084 tionis
738 5028 1280 5100 veritati‘competit.
1325 5028 1449 5085 Non
1478 5030 1627 5085 enim
1668 5030 1901 5086 facultas
1952 5045 2127 5102 gene-~

537 5119 773 5175 rationis
824 5128 909 5177 e‘st
945 5129 1143 5187 status,
1189 5122 1328 5177 adeo
1372 5131 1434 5176 ut
1463 5137 1589 5177 cum
1625 5122 1983 5193 generatione
2025 5130 2123 5176 e'o-

538 5226 661 5267 rum
692 5227 815 5282 qua:
854 5212 998 5269 facta
1025 5224 1158 5272 sunt
1188 5230 1295 5269 una
1330 5215 1630 5285 cogitetur,
1656 5214 1765 5270 sed
1791 5213 2127 5270 facultativae’

537 5318 731 5359 corum
757 5321 880 5377 qua!
914 5305 1057 5362 facta
1102 5316 1233 5363 sunt
1262 5308 1644 5380 generationis
1697 5306 1937 5362 actionis
1997 5305 2137 5362 linis-

538 5402 756 5461 cxstat;
797 5412 863 5451 ac
893 5395 1244 5467 simpliciter,
1274 5408 1336 5453 ut
1384 5399 1578 5468 paucis
1607 5398 1912 5463 absolvam,
1953 5398 2127 5453 sieo-

538 5502 662 5541 rum
683 5496 769 5543 est
789 5497 968 5545 status
994 5500 1118 5560 quae
1148 5491 1217 5546 ad
1247 5492 1382 5562 quid
1411 5500 1561 5555 sunt,
1616 5507 1727 5545 non
1777 5491 1845 5545 ad
1888 5498 2124 5563 genera-

540 5577 770 5646 tionem,
803 5580 899 5636 sed
934 5580 1003 5636 ad
1062 5582 1361 5638 motionem
1420 5596 1543 5637 esse
1580 5581 1806 5644 dicitur,
1836 5581 1904 5636 ad
1960 5592 2124 5652 quam

540 5672 709 5726 etiam
775 5672 1149 5729 differentiam
1195 5675 1361 5745 capit,
1402 5674 1534 5729 dum
1592 5674 1662 5729 ad
1707 5679 2125 5746 generationem

541 5762 768 5833 quidem
815 5765 1044 5820 minime
1100 5766 1363 5830 refertur,
1394 5765 1462 5820 ad
1503 5781 1670 5835 quam
1707 5765 1935 5821 differre
1974 5767 2123 5821 haud

545 5856 711 5923 capit.
745 5858 933 5912 Donec
960 5858 1130 5928 igitur
1152 5867 1356 5913 statum
1406 5857 1595 5923 audio,
1634 5859 1811 5915 solum
1854 5861 2123 5917 cessatio-

2229 4675 2313 4713 νει
2344 4656 2424 4721 τῷ
2455 4653 2648 4727 ἀληθεῖ
2675 4653 2823 4724 λόγῳ
2865 4651 2965 4722 τὴν
2993 4651 3212 4721 γένεσιν
3242 4650 3673 4724 προεπινοεῖσθαι
3703 4646 3777 4713 τῆς

2230 4751 2478 4811 στάσεως
2501 4789 2516 4814 ,
2575 4745 2836 4815 ἀκίνητον
2882 4744 3046 4815 φύσει
3100 4743 3222 4817 κατ’
3251 4744 3417 4798 αὐτὸν
3443 4742 3775 4813 ὑπάρχουσαν.

2227 4840 2355 4895 οὕτε
2391 4835 2837 4910 μετεπινοείσθαι
2868 4834 3060 4889 στάσιν
3087 4833 3351 4905 ἀκινήτου
3381 4830 3654 4903 γενέσεως,
3679 4826 3777 4881 οὔτε

2232 4933 2339 5005 μὴν
2366 4927 2800 4985 συνεπινοεῖσθαι
2825 4929 2891 4999 τῇ
2913 4926 3129 4996 γενέσει
3148 4925 3249 4999 τὴν
3273 4926 3487 4980 στάσιν.
3511 4923 3582 4979 Οὐ
3597 4921 3694 4991 γὰρ
3706 4916 3774 4971 δύ-

2227 5039 2394 5093 ναμις
2428 5022 2527 5092 τῆς
2556 5018 2898 5089 γενέσεως·ή
2938 5016 3132 5080 στάσις
3161 5015 3345 5081 ἐστὶν,
3396 5015 3485 5070 ἴνα
3531 5023 3773 5067 συνεπινο-

2225 5117 2334 5188 τιθῇ
2366 5118 2431 5187 τῇ
2459 5114 2673 5183 γενέσει
2703 5110 2815 5166 τῶν
2840 5109 3252 5181 γεγενημένων,
3284 5109 3422 5164 ἀλλὰ
3445 5109 3541 5181 τῆς
3562 5104 3686 5161 κατὰ
3701 5098 3772 5154 δύ-

2227 5225 2393 5278 ναμιν
2445 5203 2747 5279 ἐνεργείας,
2791 5203 2890 5273 τῆς
2948 5204 3059 5255 τῶν
3114 5200 3503 5273 γεγενημένων
3546 5197 3772 5268 γενέσεως

2227 5300 2381 5365 τέλος
2413 5300 2653 5369 ὑπάρχει
2679 5338 2694 5359 ,
2755 5298 2851 5352 καὶ
2881 5293 3091 5359 ἁπλῶς,
3131 5294 3219 5349 ἵνα
3250 5293 3484 5348 συνελὼν
3515 5292 3657 5352 είπω,
3685 5283 3770 5338 τῶν

2230 5397 2367 5466 πρός
2396 5411 2450 5447 τι
2477 5392 2623 5447 οὖσα
2645 5391 2680 5462 ὴ
2712 5391 2923 5454 στάσις.
2959 5390 3022 5441 οὐ
3057 5387 3195 5458 πρὸς
3223 5387 3473 5456 γένεσιν,
3516 5380 3640 5437 ἀλλὰ
3664 5373 3770 5447 πρὶς

2228 5488 2445 5557 κίνησιν
2478 5484 2701 5553 λέγεται
2726 5523 2742 5545 ,
2800 5481 2937 5553 πρὸς
2966 5480 3033 5553 ῆν
3078 5480 3175 5533 καὶ
3204 5476 3600 5549 ἀντιδιαστολὴν
3623 5466 3768 5555 ἐπιδέ-

2227 5595 2385 5651 χεται
2409 5618 2427 5643 ,
2460 5573 2717 5646 οὐδαμῶς
2745 5573 2844 5644 τὴν
2871 5572 3010 5642 πρὸς
3042 5571 3259 5639 γένεσιν
3287 5569 3561 5642 ἀναφορὰν
3585 5566 3766 5665 έχουσςο

2230 5673 2370 5744 πρὸς
2419 5672 2485 5744 ἥν
2533 5667 2822 5737 διαστολὴν
2869 5666 2972 5719 οὐκ
3020 5663 3352 5739 ἐπιδέχεται.
3394 5665 3535 5726 Ἕως
3559 5658 3672 5713 δ’ἇν
3694 5658 3765 5705 οῦν

2230 5768 2420 5821 στάσιν
2469 5763 2676 5823 ἀκούω,
2735 5761 2934 5832 (187
2964 5760 3021 5832 α)
3076 5758 3292 5812 παῦλαν
3341 5757 3501 5828 μόνον
3553 5746 3763 5823 μανθάνω

2230 5860 2516 5930 κινήσεως.
2554 5856 2616 5908 Et
2645 5854 2699 5908 δὲ
2729 5853 2838 5907 τῶν
2867 5852 2983 5925 ἅμα
3012 5851 3157 5906 κατὰ
3184 5850 3285 5922 τὴν
3315 5849 3541 5921 ὓπαρξιν
3563 5843 3649 5899 οὒκ
3669 5837 3758 5891 ἔστι
