4012 6422
291 433 315 496 1
334 435 443 499 29.1
1559 422 1875 487 AMBIGUl

1997 422 2082 483 IM
2118 420 2369 481 LIBER.
3082 416 3091 423 ’
3444 422 3581 487 129.2

283 552 521 622 γένεσις
573 546 664 597 καὶ
714 542 925 604 στάσις,
973 539 1083 611 ἄρα
1114 535 1547 610 παραχαράττει,
1581 534 1767 605 σαφῶς
1802 532 1864 587 τὸ

2001 546 2125 586 nem
2156 529 2417 586 motionis
2447 527 2714 599 intelligo.
2736 525 2794 583 Si
2817 541 2950 582 vero
2981 529 3287 585 secundum
3312 534 3585 590 exsisten—

287 621 409 713 ’τῆς
439 637 698 710 ἀληθείας
727 636 885 703 λόγον
918 633 946 684 ὁ
974 631 1134 685 τοῦτο
1165 629 1441 693 θεσπίζων
1460 668 1475 693 ,
1522 628 1616 681 καὶ
1644 628 1745 695 τὴν
1769 625 1871 680 ἀκί-

2002 626 2135 681 tiam
2163 621 2453 695 generatio
2486 629 2543 676 et
2577 628 2754 676 status
2801 635 2914 674 non
2964 627 3413 693 contemporant,
3469 642 3586 682 ma-

292 711 472 807 νήτον
530 731 644 800 ἅμα
691 731 757 800 τῇ
807 729 1021 795 γενέσει
1071 723 1534 794 προϋπάρχουσαν
1577 720 1740 774 ἑνάδα
1785 717 1876 770 τῶι

2003 717 2202 773 nifesto
2240 714 2496 771 veritatis
2556 714 2828 769 rationem
2889 711 3174 794 adulterat
3226 715 3277 771 is
3327 718 3423 787 qui
3477 718 3587 774 hoc

293 804 550 896 λογικῶν
578 818 944 892 δογματίζων.
1004 819 1066 869 Εἰ
1092 816 1149 868 δέ
1180 832 1263 878 τις
1292 815 1472 882 λέγοι,
1510 813 1620 867 Καὶ
1651 812 1770 875 πῶς
1803 810 1877 863 ἐπ

2002 806 2263 878 praedicat
2330 813 2497 875 atque
2552 804 2826 860 unitatem
2882 805 3227 860 immobilem
3287 824 3398 863 una
3459 824 3586 864 cum

209 933 215 937 '
293 918 450 972 θεοῦ
499 915 717 982 λέγεται
764 911 985 973 στάσις,
1046 910 1121 979 μὴ
1161 908 1361 977 ἰχουσα
1393 902 1793 975 προεπινοοομέ

2008 897 2358 969 generatione
2390 904 2525 952 ante
2546 896 2839 952 rationalia
2869 899 3255 968 praeexsistere
3283 900 3495 955 statuit.
3522 903 3592 956 At

298 1012 565 1082 κίνησινς
627 1006 771 1077 φημί
802 1003 1019 1073 πρῶτον
1051 1002 1170 1072 μὲν,
1207 999 1282 1052 Οὐ
1311 997 1507 1051 ταύτὸν
1536 994 1776 1063 Κτίστης
1804 992 1882 1045 κα¹

2004 991 2044 1044 si
2097 990 2220 1061 quis
2262 989 2447 1044 dicat:
2478 989 2548 1044 Et
2582 989 2864 1059 quomodo
2895 990 3010 1045 Deo
3031 991 3358 1069 attribuitur
3388 1000 3588 1057 status,

296 1080 516 1166 κτισις,
550 1098 615 1152 ἶν’
635 1097 772 1166 ὅπερ
800 1095 881 1147 ἑνὶ
915 1091 1139 1145 δυνατὸν
1168 1090 1476 1160 προσεῖναι,
1510 1085 1633 1140 κατ’
1651 1084 1880 1153 ἀνάγκηι

2014 1097 2129 1137 :um
2155 1080 2459 1136 motionem
2482 1089 2610 1135 ante
2641 1081 2907 1151 seipsum
2928 1083 3159 1153 cogitari
3187 1098 3303 1137 non
3324 1084 3598 1139 admittit?

296 1192 393 1263 τῷ
437 1191 612 1260 ἑτέρῳ
658 1185 923 1247 ὡσαύτως
969 1181 1411 1254 ἐπιθεωρηθῆναι
1458 1178 1721 1248 δύνηται,
1777 1177 1880 1229 ὲπε

2008 1174 2248 1229 Primum
2274 1172 2502 1243 quidem
2548 1173 2897 1243 respondeo:
2950 1174 3072 1230 Non
3122 1175 3271 1231 idem
3324 1175 3592 1231 Conditor

298 1286 526 1352 οὖτωγε
578 1278 835 1350 οὐδαμῶς
883 1276 947 1330 τὸ
998 1275 1142 1330 κατὰ
1187 1274 1351 1344 φύσιν
1392 1272 1651 1342 διάφορον
1695 1268 1882 1322 τούτω·

2010 1275 2087 1320 est
2106 1274 2273 1336 atque
2295 1265 2566 1331 conditio,
2586 1273 2650 1320 ut
2690 1267 2841 1337 quod
2898 1268 2995 1322 uni
3036 1268 3220 1324 inesse
3258 1277 3463 1339 potest,
3495 1285 3594 1324 ne-

303 1380 467 1432 ἓσται
496 1372 808 1444 καταφανές
826 1395 837 1401 ·
875 1371 1066 1423 ἔπειτα
1095 1366 1302 1438 κυρίως
1329 1366 1524 1425 εἰπεῖν,
1556 1362 1587 1415 ὀ
1606 1360 1744 1424 Θεὸς
1776 1358 1887 1413 οὔτε

2006 1360 2243 1415 eessario
2298 1360 2471 1415 etiam
2521 1359 2581 1414 in
2633 1360 2815 1416 altero
2883 1375 2994 1415 una
3045 1361 3329 1416 observari
3381 1369 3590 1432 queat,

303 1469 549 1521 κινεῖται
578 1461 859 1524 παντελῶς
890 1459 1014 1513 οὐτε
1046 1459 1265 1510 ἵσταται
1288 1455 1469 1527 (τοῦτο
1492 1453 1603 1524 γὰρ
1629 1450 1741 1505 τῶν
1759 1450 1887 1503 κατὰ

2010 1451 2233 1522 quando
2275 1451 2353 1506 ita
2411 1451 2646 1522 quidem
2696 1454 2975 1508 naturalis
3019 1454 3220 1509 borum
3277 1454 3594 1510 diﬂ‘erentia

305 1562 481 1629 φύσιν
530 1553 968 1626 πεπερασμένων
1024 1550 1120 1603 καὶ
1164 1548 1341 1619 ἀρχὴν
1372 1545 1467 1599 τοῦ
1500 1541 1641 1598 εἷναι
1671 1544 1889 1614 ὲχόντωι

2011 1543 2328 1599 nullomodo
2381 1544 2678 1600 manifesta
2736 1546 2899 1601 erit:
2958 1546 3186 1613 deinde,
3250 1556 3315 1603 ut
3370 1537 3595 1619 proprie

306 1652 467 1705 ἐστὶν
495 1648 672 1717 ἴδιον),
706 1644 829 1699 οὐτε
862 1644 969 1715 μήν
1000 1659 1054 1694 τι
1083 1643 1229 1694 ποιεῖ
1259 1637 1631 1699 παντάπασιν,
1657 1633 1780 1687 οὐτε
1802 1633 1890 1687 πά-

2014 1637 2207 1702 rlicam,
2259 1638 2406 1692 Deus
2447 1653 2629 1708 neque
2668 1645 2925 1693 movetur
2980 1639 3208 1694 omnino
3252 1655 3434 1710 neque
3489 1650 3598 1699 stat

311 1762 440 1813 σχει
483 1741 593 1794 τῶν
628 1742 728 1794 ὅσα
758 1739 847 1790 ἐπ’
868 1733 1036 1789 αὐτοῦ
1066 1733 1305 1803 δι’ήμᾶς
1342 1730 1435 1785 καὶ
1459 1731 1659 1783 νοεῖται
1692 1726 1785 1781 καὶ
1811 1723 1895 1778 λέ-

2013 1730 2139 1802 (hoc
2176 1729 2328 1784 enim
2382 1744 2575 1785 eorum
2624 1738 2712 1785 est
2757 1731 3043 1800 peculiare
3085 1747 3209 1802 quae
3261 1734 3597 1788 naturaliter

307 1850 498 1904 γεται,
527 1830 618 1884 διὰ
638 1829 700 1882 τὸ
725 1826 867 1882 κατὰ
889 1825 1053 1894 φύσιν
1075 1824 1219 1893 ὑπὲρ
1244 1824 1424 1877 πᾶσαν
1443 1815 1585 1874 εἷναι
1611 1816 1826 1888 κίνησίν
1843 1832 1891 1868 τε

2008 1822 2303 1878 terminata
2331 1830 2648 1893 suntatque
2696 1823 2923 1878 initium
2959 1823 3302 1880 exsistentiae
3341 1825 3592 1897 habent),

309 1925 416 1977 καὶ
439 1922 654 1983 στάσιν,
676 1919 773 1972 καὶ
798 1917 988 1988 μηδενὶ
1009 1916 1154 1985 λόγῳ
1172 1915 1285 1977 τοῖς
1306 1912 1430 1966 καθ’
1444 1906 1591 1982 ἡμᾶς
1604 1909 1652 1942 ⁸⁵
1668 1906 1893 1962 ὐποδάλ·

2012 1927 2192 1983 neque
2226 1913 2531 1984 quidquam
2559 1914 2786 1968 omnino
2812 1914 2951 1970 facit
2970 1924 3066 1971 aut
3089 1917 3303 1985 patitur
3329 1932 3596 1987 quaecun-

307 2012 508 2066 λεσθαι
538 2010 782 2080 τρόποις.
820 2007 1005 2060 ταῦτα
1040 2002 1463 2075 παρεκσατικῶς
1499 1997 1740 2070 εἰρήσθω
1773 1995 1891 2067 περῖ

2015 2024 2117 2079 que
2143 2024 2240 2079 per
2258 2024 2363 2065 nos
2386 2010 2701 2081 cogitantur
2728 2010 2796 2065 de
2811 2025 2883 2065 eo
2914 2018 2972 2065 et
2991 2006 3274 2077 dicuntur,
3302 2020 3599 2081 propterea

305 2103 413 2157 τοῦ
473 2101 644 2173 μηδὲν
691 2101 887 2172 χρῆναι
930 2098 1112 2165 λέγειν
1171 2096 1284 2149 τῶν
1328 2093 1498 2147 ὄντων
1551 2090 1695 2145 κατὰ
1740 2088 1889 2158 φύσιι

2015 2102 2165 2174 quod
2205 2103 2537 2158 naturaliter
2598 2118 2819 2158 omnem
2854 2112 2912 2158 et
2952 2104 3255 2159 motionem
3303 2112 3360 2159 et
3393 2113 3599 2160 statum

307 2193 742 2266 ἀπολελυμένους
792 2193 1040 2262 ἐνεργεῖν
1062 2230 1079 2254 ,
1139 2189 1226 2242 ἵνα
1286 2187 1361 2260 μὴ
1412 2184 1652 2239 ἀναίτιόν
1695 2199 1749 2274 τι
1794 2179 1891 2233 τῶι

2017 2203 2261 2266 superat,
2290 2209 2472 2265 neque
2498 2195 2608 2250 ulla
2660 2195 2880 2250 ratione
2909 2205 3117 2251 nostrae
3161 2203 3376 2274 naturae
3417 2197 3601 2252 modis

313 2288 467 2360 μετὰ
494 2287 625 2340 Θεὸν
655 2284 911 2354 ἀφρόνως
937 2281 1282 2351 εἰσάγωμεν,
1339 2276 1684 2350 ἐνεργεῖσθαι
1712 2273 1774 2327 δὲ
1799 2291 1897 2344 φυ-

2016 2286 2281 2358 subjacet.
2316 2287 2444 2343 Haec
2481 2302 2582 2358 per
2612 2276 3019 2358 digressionem
3068 2288 3215 2344 dicta
3264 2289 3379 2344 sint
3423 2289 3493 2345 de
3531 2305 3600 2344 eo

308 2380 493 2443 σικῶς
526 2378 589 2430 τὸ
614 2377 862 2447 ἐνεργεῖν
896 2373 1044 2428 τοῦθ’
1065 2374 1206 2445 ὅπερ
1232 2369 1630 2442 ὲνεργούμενον
1659 2366 1892 2437 πέφυκει

2015 2378 2156 2448 quod
2181 2378 2317 2447 nihil
2346 2380 2402 2433 in
2427 2379 2595 2434 rebus
2620 2379 2949 2434 naturaliter
3002 2379 3256 2463 absolute
3288 2396 3451 2451 agere
3499 2381 3599 2436 de-

301 2473 591 2543 ἐνεργεῖν.
2009 2470 2249 2526 beamus
2268 2468 2478 2537 dicere,
2525 2485 2597 2525 ne
2627 2470 2762 2540 quid
2793 2484 2960 2525 causa
3006 2484 3211 2525 vacans
3244 2484 3439 2525 eorum
3476 2486 3602 2540 qum

2010 2568 2142 2631 post
2164 2561 2339 2615 Deum
2372 2568 2506 2616 sunt
2558 2560 2746 2631 inepte
2781 2555 3133 2625 inducamus,
3165 2560 3263 2617 sed
3318 2562 3405 2631 agi
3438 2550 3604 2616 natu-

2012 2654 2206 2710 aliter
2221 2669 2344 2710 esse
2369 2668 2535 2725 agere
2571 2651 2803 2724 Ἀφιοά
2825 2658 3019 2707 actum
3042 2664 3204 2723 agere
3218 2652 3421 2707 valeat.

303 2842 443 2898 Tal}
487 2840 673 2896 αὐτοῦ
700 2841 891 2910 λόγου
934 2842 1022 2907 εἰς
1053 2838 1156 2902 τὸ,
1207 2856 1229 2889 ι
1252 2837 1414 2891 Ἀλλ’
1470 2836 1523 2890 εἰ
1568 2834 1887 2907 ἀσώματον

2020 2835 2272 2907 Ejusdem
2290 2836 2547 2890 sermonis
2569 2835 2625 2888 in
2645 2833 2782 2888 illud
2800 2850 2850 2889 ξ(
2868 2831 2975 2890 Sed
2991 2834 3040 2889 si
3061 2835 3453 2905 incorporeum,
3470 2850 3604 2889 non-

398 2933 562 2986 οὕπω
612 2926 730 3000 μὲν
794 2929 939 2984 οὐδὲ
999 2929 1187 2984 τοῦτο·
1251 2927 1363 2998 τῆς
1426 2928 1648 2994 οὐσίας
1726 2943 1913 2996 παραυ

2115 2926 2223 2979 ῐαηε
2242 2935 2427 2979 tmen
2447 2925 2547 2978 hoc
2570 2925 2813 2978 essentia
2855 2925 3248 2994 patrocinatur,
3298 2939 3403 2979 non
3432 2926 3605 2995 magis
3696 2961 3699 2965 -

390 3023 685 3078 στατικὸν
704 3018 728 3089 ,’
771 3021 977 3089 ὥσπερ
1035 3019 1178 3076 οὐδὲ
1240 3019 1304 3073 τὸ
1372 3017 1740 3089 ἀγέννητον,
1810 3017 1908 3073 καὶ

2087 3034 2255 3089 quam
2276 3016 2417 3088 quod
2440 3017 2763 3086 ingenitum,
2803 3024 2863 3071 et
2890 3017 3008 3071 sine
3040 3017 3218 3086 initio,
3248 3024 3306 3070 et
3343 3019 3601 3073 immuta-

395 3117 465 3170 τό
492 3114 785 3184 ἄναρχον,
830 3114 930 3168 καὶ
968 3113 1036 3166 τὸ
1072 3112 1503 3173 ἀναλλοίωτον,
1536 3110 1637 3163 καὶ
1686 3108 1911 3182 (255013;)-
1969 3157 1975 3164 .

2069 3110 2211 3174 Μία,
2239 3111 2423 3164 “sine
2468 3111 2711 3175 interitu,
2753 3118 2807 3163 et
2842 3124 3170 3181 quacunque
3229 3110 3295 3164 de
3348 3109 3469 3165 Deo
3508 3120 3602 3167 aut

397 3223 529 3271 τον,
580 3203 680 3259 καὶ
728 3204 847 3259 ὅσα
898 3203 1037 3272 περί
1090 3202 1241 3258 Θεοῦ
1284 3202 1325 3272 ἢ
1370 3200 1508 3271 περὶ
1550 3199 1700 3255 Θεὸν
1754 3197 1910 3254 εἶναι
1938 3253 1981 3312 c

1304 3202 1325 3272 ᾖ
1370 3200 1508 3271 περὶ
1550 3199 1700 3255 Θεὸν
1754 3197 1910 3254 εἶναι
1938 3253 1982 3312 c
2086 3205 2227 3259 circa
2246 3204 2419 3258 Mm
2438 3219 2549 3259 me
2576 3205 2846 3260 dicuntur.
2869 3224 2888 3257 ι

389 3298 655 3368 λέγεται.
692 3314 714 3349 ι
1410 3308 1411 3311 η

300 3422 309 3427 ”
398 3410 551 3483 Πρὸς
586 3409 716 3471 τούς
756 3406 1012 3479 ἀνόμοιον
1046 3405 1283 3476 μάλιστα
1325 3402 1403 3475 τῷ
1436 3403 1611 3473 Πατρί
1648 3402 1740 3458 τὸν
1784 3402 1884 3457 Tib

2089 3425 2172 3481 Ad
2212 3441 2310 3482 eos
2362 3413 2649 3498 inprimis
2693 3427 2789 3498 qui
2820 3426 3024 3485 Filium
3076 3429 3227 3487 Patri
3276 3431 3604 3491 dissimilem

320 3504 660 3574 κακούργως
682 3502 1023 3568 εἰσάγοντας,
1051 3498 1140 3553 διὰ
1168 3499 1265 3553 τοῦ
1291 3497 1535 3568 νομίζειν
1556 3498 1745 3551 οὐσίαν
1776 3494 1904 3550 εἰναι

2021 3520 2228 3575 nefarie
2256 3494 2642 3585 introducunt,
2695 3494 2762 3577 eo
2800 3522 2974 3593 quod,
3003 3533 3067 3579 ut
3117 3525 3382 3592 arbitror,
3424 3528 3605 3586 Patris

322 3596 427 3649 τοῦ
483 3593 693 3667 [ἰατρὸς
746 3592 808 3647 τὸ
858 3592 1173 3663 ἀγέννητον,
1228 3590 1305 3655 ὡς
1364 3587 1552 3662 οἶμαι,
1613 3591 1709 3644 τὸν
1760 3589 1906 3659 λόγοι

2020 3612 2309 3675 essentiam
2340 3612 2397 3667 in
2427 3627 2495 3666 eo
2525 3613 2801 3668 collocant
2855 3615 3005 3684 quod
3035 3596 3319 3687 ingenitus
3367 3619 3460 3684 sit,
3482 3635 3604 3675 ser-

328 3691 682 3760 ποιούμενος,
738 3686 832 3741 καὶ
883 3687 950 3742 ὲκ
998 3685 1109 3740 τῶν
1157 3685 1358 3756 ὁμοίων
1417 3684 1478 3739 τὸ
1543 3684 1662 3738 δέον
1718 3683 1912 3746 αὐτοὺς

2019 3719 2239 3758 monent
2274 3703 2542 3774 dirigens,
2592 3712 2649 3759 et
2696 3720 2764 3759 ex
2793 3704 3071 3762 similibus
3120 3708 3254 3777 quid
3302 3725 3603 3780 agnoscere

334 3784 633 3853 ἱπιγνῶναι
669 3781 955 3846 διδάσκων,
993 3778 1169 3834 ταῦτά
1206 3796 1372 3853 φησιν
1399 3780 1428 3833 ό
1471 3778 1811 3842 διδάσκαλος,
1851 3776 1916 3831 ἵν’

2020 3797 2261 3852 debeant
2283 3795 2587 3862 instruens,
2614 3796 2730 3850 hazc
2779 3796 2917 3852 dicit
2949 3776 3232 3869 magister,
3278 3776 3604 3860 ut'veritate

334 3875 445 3930 ὑπὸ
472 3875 571 3945 τῆς
597 3873 855 3943 ἀληθείας
876 3871 1019 3944 πρὸς
1038 3872 1143 3938 τὴν
1162 3870 1445 3924 εὐσέϐειαν
1475 3870 1917 3939 συνελαυνόμενοι

2019 3888 2088 3942 ad
2117 3888 2379 3958 pietatem
2433 3888 2611 3943 coacti
2674 3886 2914 3943 libenter
2970 3904 3095 3944 eum
3153 3890 3317 3948 nobis
3357 3907 3424 3948 eo
3453 3893 3602 3966 quod

336 3966 609 4031 εὐπειθῶς
655 3965 754 4021 οὐν
789 3967 928 4036 ἡμῖν
958 3964 1025 4041 τὸ
1069 3965 1149 4036 μὴ
1195 3964 1340 4034 ἔχειν
1379 3963 1593 4032 γένεσιν
1642 3956 1829 4033 (18⁷
1863 3960 1916 4031 b)

2024 3956 2184 4037 Pater
2210 3978 2565 4050 generatione
2587 3988 2742 4035 caret
2799 3980 2938 4035 nihil
2968 3981 3076 4037 nisi
3121 3984 3269 4053 quod
3323 3956 3608 4058 ingenitus

336 4060 433 4113 τὸν
452 4057 671 4129 Πατέρα
693 4058 854 4128 μόνον
879 4053 1083 4127 δηλοῦν·
1099 4055 1161 4108 τὸ
1185 4055 1487 4126 ἀγέννητον
1515 4054 1915 4127 ὁμολογήσωσι,

2026 4071 2095 4126 sit
2114 4068 2338 4140 probari
2378 4069 2708 4134 concedant,
2735 4082 3010 4125 memores
3037 4071 3209 4141 quod,
3237 4071 3282 4127 si
3310 4053 3610 4128 essentiam

339 4150 645 4208 συνειδότες
667 4149 742 4213 ὡς
784 4147 945 4220 εἰπερ
973 4146 1164 4202 οὐσίαν
1193 4146 1328 4200 Θεοῦ
1354 4147 1417 4200 τὸ
1440 4147 1736 4217 ἀγέννητον
1776 4142 1919 4200 εἶναι

2022 4160 2122 4217 Dei
2170 4161 2330 4231 plane
2380 4159 2487 4214 hoc
2530 4174 2653 4215 esse
2674 4160 3084 4217 contenderent
3129 4164 3280 4234 quod
3320 4165 3606 4237 ingenitus

338 4242 560 4304 πάντως
606 4240 904 4310 βιάσαιντο,
950 4239 1138 4293 οὐσίαν
1170 4237 1307 4291 Θεοῦ
1335 4238 1427 4292 καὶ
1458 4238 1519 4293 τὸ
1543 4237 1836 4308 ἀσώματον
1861 4237 1922 4303 ἐξ

2024 4260 2128 4316 est,
2171 4252 2341 4308 etiam
2396 4251 2907 4322 incorporalitatem
2970 4255 3130 4326 ejus,
3190 4264 3248 4312 et
3295 4257 3443 4327 quod
3486 4259 3608 4314 sine

337 4335 614 4403 ὰκάγκης,
654 4330 832 4387 καὶτὸ
877 4331 1133 4402 ἄναρχον,
1167 4330 1264 4384 καὶ
1306 4331 1367 4384 τὸ
1405 4329 1694 4394 ἀθάνατον,
1734 4328 1829 4383 καὶ
1860 4329 1921 4382 τὸ

2026 4344 2205 4411 initio,
2231 4351 2288 4400 et
2312 4344 2644 4399 immortalis
2668 4352 2772 4413 est,
2800 4354 2857 4400 et
2883 4346 3268 4414 immutabilis,
3301 4357 3358 4405 et
3376 4350 3610 4406 interitu

339 4424 718 4490 ἀναλλοίωτον,
775 4424 870 4477 καὶ
918 4422 981 4476 τὸ
1029 4421 1338 4493 ἄφθαρτον,
1387 4421 1484 4476 καὶ
1542 4422 1643 4475 ὅσα
1685 4421 1774 4499 διὰ
1822 4422 1922 4493 τῆς

2030 4442 2195 4500 caret,
2240 4443 2304 4490 et
2359 4448 2707 4505 quaecunque
2759 4435 3030 4505 privative
3103 4447 3332 4508 propter
3376 4455 3614 4511 exsupe-

340 4518 675 4590 στερητικῑγς
722 4516 1055 4587 ἀναιρέσεως
1098 4516 1187 4570 διὰ
1236 4515 1337 4589 τὴν
1371 4515 1648 4587 ὑπεροχὴν
1695 4516 1726 4570 ὁ
1789 4515 1921 4581 Θεὸς

2030 4529 2268 4583 rantiam
2297 4527 2447 4582 Deus
2475 4543 2602 4583 esse
2637 4527 2848 4583 dicitur
2879 4528 3052 4601 (certe
3089 4530 3134 4584 si
3161 4529 3268 4585 sibi
3293 4541 3614 4591 constantes

339 4606 482 4662 εἶναι
535 4606 770 4676 λέγεται,
819 4605 999 4675 λέγειν
1044 4606 1289 4671 εἰκότως,
1340 4607 1551 4670 ἑαυτοῖς
1600 4605 1731 4675 γοῦν
1780 4623 1923 4660 στοι-

2031 4618 2465 4688 essevoluerint)
2518 4618 2836 4673 necessario
2894 4619 3087 4689 utique
3114 4628 3361 4677 statuere
3406 4637 3613 4695 cogen-

339 4700 585 4772 χοῦντες,
628 4698 1104 4770 ὲκϐιασθήσονται,
1151 4700 1246 4754 καὶ
1296 4698 1438 4754 οὕτω
1470 4698 1691 4763 ,πολλὰς
1732 4699 1921 4763 οὐσίας

2029 4719 2141 4777 tur,
2201 4710 2452 4779 adeoque
2481 4722 2594 4764 non
2630 4726 2797 4765 unam
2830 4718 3096 4777 statuere,
3133 4712 3245 4768 sed
3283 4715 3488 4770 multas
3515 4716 3613 4772 Dei

339 4788 500 4856 Θεοῦ,
535 4793 630 4844 καὶ
655 4791 716 4845 οὐ
738 4790 887 4864 μίαν,
920 4791 1122 4861 μᾶλλον
1148 4789 1225 4857 δὲ,
1260 4791 1592 4862 κυριώτερον
1630 4792 1807 4845 εἰπεῖν
1832 4791 1923 4844 καὶ

2028 4802 2322 4868 essentias,
2351 4802 2482 4865 imo,
2542 4809 2604 4856 ut
2624 4802 2801 4873 magis
2824 4803 3051 4873 praprie
3083 4818 3149 4859 ac
3195 4806 3382 4862 verius
3405 4806 3611 4875 dicam,

340 4882 724 4954 ἀληθέστερον,
765 4882 1057 4938 πολυθεϊαν
1091 4882 1411 4953 Ἑλληνικὴν
1447 4881 1730 4946 νοσοῦντες
1755 4883 1924 4949 ἐλεγ-Ξ

2031 4890 2179 4962 quod
2230 4893 2455 4963 gentilis
2479 4893 2778 4949 multorum
2827 4895 3061 4951 deorum
3094 4897 3380 4969 religionis
3417 4902 3615 4957 morbo

341 4977 657 5052 χθήσονται,
690 4978 829 5048 ὅπερ
880 4977 954 5039 ὡς
984 4974 1179 5040 ἁσεῦὲς
1218 4977 1393 5029 εἰπεῖν
1422 4976 1801 5047 αἰσχυνόμενοι
1828 4977 1925 5047 τῆς

2032 4982 2285 5038 laborent
2312 4983 2395 5039 sic
2421 4984 2822 5054 traducentur;
2852 4987 3026 5057 quod,
3065 4997 3129 5044 ut
3186 4990 3442 5060 impium,
3476 5008 3616 5048 eon-

340 5070 603 5137 ἀπονοίας
641 5070 858 5132 πάντως
904 5068 1193 5137 ἀφέξονται
1228 5069 1323 5123 καὶ
1353 5068 1430 5139 μὴ
1484 5068 1818 5139 βουλόμενοι.
1846 5068 1924 5122 Τὰ

2033 5072 2175 5128 literi
2208 5074 2253 5129 si
2296 5085 2649 5143 reverentur,
2697 5069 2942 5133 amentia
2986 5095 3085 5135 sua
3129 5081 3292 5152 plane
3315 5082 3406 5137 vel
3453 5083 3613 5140 inviti

341 5162 455 5231 γὰρ
500 5160 871 5233 cremauit-il
924 5161 1245 5233 ἀναιρετικὰ
1293 5159 1421 5232 περί
1467 5177 1519 5213 τι
1574 5159 1925 5231 θεωρούμενα

2031 5166 2327 5223 decedent.
2362 5168 2638 5223 Privativa
2669 5170 2819 5224 cnim
2866 5172 2982 5226 sive
3023 5172 3281 5242 negativa
3310 5188 3434 5243 qua:
3463 5175 3614 5231 circa

340 5255 443 5307 οὐκ
468 5253 596 5306 αὐτὸ
621 5256 795 5306 ἐκεῖνο
827 5254 1082 5324 τυγχάνει
1119 5253 1248 5306 ὄντα
1271 5253 1330 5305 τὸ
1358 5252 1488 5323 περὶ
1513 5252 1540 5305 ὃ
1568 5252 1924 5324 θεωροῦνται,

2032 5274 2149 5314 rem
2202 5260 2444 5330 aliquam
2479 5261 2852 5317 observantur
2894 5263 3045 5318 haud
3069 5265 3260 5334 ipsum
3312 5265 3452 5323 illud
3481 5277 3613 5323 sunt

342 5345 468 5399 ἐπεὶ
500 5346 718 5408 πάντως
762 5347 974 5397 ἔσονται
1011 5342 1120 5397 τῶν
1151 5344 1528 5416 σημαινόντων
1564 5345 1626 5398 τὸ
1666 5344 1718 5398 τί
1754 5348 1924 5409 ἐστιν,

2031 5351 2178 5407 circa
2204 5354 2352 5422 quod
2386 5355 2782 5419 observantur,
2839 5356 2967 5427 quia
2999 5357 3225 5427 quidem
3258 5360 3487 5415 omnino
3531 5361 3613 5416 sic

320 5437 419 5497 ’ὡς
451 5438 627 5489 ἐκεῖνο
672 5435 803 5488 αὐτὸ
850 5434 998 5501 ὄντα,
1045 5435 1159 5489 ἀλλ’
1199 5436 1260 5488 οὐ
1300 5436 1359 5489 τὸ
1385 5436 1439 5488 τί
1481 5437 1581 5489 οὐκ
1617 5435 1767 5491 ἔστιν
1792 5437 1904 5491 αὐτὶ

2030 5458 2230 5499 eorum
2273 5456 2459 5502 essent
2488 5463 2610 5517 quae
2653 5449 2786 5518 quid
2843 5449 2917 5504 sit
2972 5449 3258 5515 denotant,
3312 5461 3375 5506 ut
3434 5452 3614 5522 ipsum

342 5525 519 5578 ἐκεῖνο
563 5522 922 5593 σημαίνονταο
992 5525 1040 5576 εἰ
1079 5523 1133 5577 δὲ
1172 5522 1350 5590 τοῦτο,
1401 5525 1527 5595 ὅρος
1572 5526 1783 5582 ἐκείνου
1829 5527 1924 5581 τοῦ

2031 5535 2170 5591 illud
2210 5539 2555 5606 exsistentia,
2587 5541 2683 5596 sed
2716 5557 2827 5596 non
2856 5542 2990 5613 quid
3020 5557 3132 5599 non
3157 5543 3232 5600 sit
3263 5543 3399 5601 illud
3426 5532 3611 5620 ipsum

1533 5700 1541 5708 ι
1652 5663 1887 5720 VARUS
1924 5664 2322 5728 LECTIONES.

415 5726 460 5757 "
487 5728 628 5798 ὐμᾶς
659 5728 782 5783 cod.
810 5727 951 5783 Gud.

419 5839 492 5908 ιθ)
527 5840 674 5895 ιιΙειιι
702 5843 824 5898 ibid.
857 5860 975 5913 cap.
1005 5845 1059 5905 9,
1096 5860 1149 5913 p.
1185 5845 1307 5912 ὅθι,
1346 5855 1477 5902 tom.
1510 5847 1553 5913 1,
1584 5848 1722 5919 Opp.
1750 5851 1838 5905 ed.
1875 5850 2083 5907 Bencd.
