4012 6412
513 393 650 458 1293

1692 391 1754 450 S.
1795 391 1851 450 Μ
1860 388 2086 449 ΑΧΙΜί
2120 387 2635 449 CONFESSORIS

3639 385 3759 451 πει

505 501 858 567 denotantia;
889 499 1037 570 quod
1082 499 1128 555 si
1152 513 1348 554 verum
1380 505 1553 565 esset,
1584 497 1711 553 ﬁnis
1750 497 1904 553 illius
1933 497 2085 554 circa

2224 496 2316 568 ιερὶ
2364 495 2394 548 ὁ
2460 496 2712 564 λέγονται
2779 491 2923 549 εἷναι
2993 491 3169 548 ταῦτα
3227 492 3600 565 δειχθήσεται,
3647 499 3765 573 ὅπερ

505 596 655 666 quod
690 595 961 649 dicuntur
979 608 1103 648 esse
1138 593 1257 686 haec
1283 592 1827 657 demonstrarentur,
1864 589 1921 645 id
1938 592 2090 661 quod

507 690 759 758 ineptum
786 697 873 742 est
903 695 960 740 et
990 685 1109 740 ﬁeri
1133 683 1349 755 nequit.
1376 684 1497 739 Non
1547 684 1694 738 enim
1732 699 1820 739 ex
1856 683 1926 739 iis
1969 700 2095 754 qua:

506 798 622 837 non
648 789 781 837 sunt
812 795 1005 834 rerum
1033 778 1172 832 ﬁnes
1207 777 1568 846 colliguntur,
1614 773 1712 829 sed
1739 788 1809 829 ex
1852 773 1920 829 iis
1969 788 2095 844 qua:

507 882 659 938 sunt,
705 887 831 942 qua:
863 870 1125 941 exiguum
1176 883 1368 923 rerum
1410 864 1736 936 expandunt
1770 874 1941 945 atque
1988 880 2096 918 am-

507 965 757 1035 pliﬁcant
783 963 1075 1029 ambitum,
1129 961 1224 1031 qui
1270 975 1478 1015 nomen
1526 974 1721 1014 earum
1775 966 1882 1014 est.
1944 957 2097 1012 Nihil

509 1057 703 1127 itaque
737 1055 968 1111 omnino
985 1072 1053 1109 ex
1082 1053 1154 1108 iis
1183 1068 1307 1123 qua:
1334 1053 1405 1133 de
1431 1052 1548 1107 Deo
1571 1060 1671 1107 aut
1698 1051 1865 1112 ,circa
1921 1050 2098 1119 Deum

508 1164 631 1203 esse
652 1147 934 1211 dicuntur,
963 1146 1057 1201 Dei
1105 1145 1351 1201 essentia
1410 1159 1656 1214 unquam
1716 1158 1840 1199 esse
1889 1148 2094 1213 potest,

510 1242 638 1311 quia
662 1257 766 1296 nec
788 1241 1145 1311 positionem,
1166 1254 1288 1309 quae
1312 1238 1429 1293 sola
1459 1246 1516 1292 et
1537 1237 1641 1292 soli
1668 1237 1783 1291 Deo
1810 1234 2096 1305 competit,

509 1342 567 1386 et
601 1331 874 1387 relatione
928 1339 1111 1397 vacat,
1142 1346 1250 1386 nec
1297 1329 1478 1398 ipsum
1518 1329 1655 1384 illud
1672 1328 1823 1399 quod
1865 1329 1921 1383 vi
1949 1327 2098 1382 circa

510 1423 720 1494 aliquid
750 1424 929 1479 activa
954 1438 1187 1494 prorsus
1239 1430 1485 1478 solutum
1526 1430 1612 1477 est
1662 1420 1972 1477 secundum
2004 1434 2098 1475 es-

510 1515 746 1568 sentiam
782 1529 848 1568 ac
880 1513 1254 1569 substantiam
1284 1513 1535 1570 indicare
1569 1521 1775 1584 potest.

512 1690 597 1744 Ea:
624 1691 808 1746 eodem
828 1708 1071 1747 sermone
1102 1693 1159 1748 in
1189 1693 1330 1749 illud
1354 1710 1373 1749 :
1413 1715 1431 1746 ι
1458 1695 1921 1761 Quemadmodum
1954 1698 2098 1751 enim

581 1798 685 1837 non
716 1784 902 1855 sufﬁcit
924 1801 1117 1856 corpus
1152 1786 1347 1853 dicere,
1396 1796 1489 1842 aut
1517 1796 1834 1859 generatum
1866 1804 1977 1843 esse
2030 1787 2101 1841 ad
2135 1810 2175 1864 Β

586 1878 1075 1933 demonstrandum
1090 1881 1734 1951 atque,manifestandum
1746 1883 1841 1937 hoc
1856 1880 1941 1935 vel
1963 1874 2105 1934 illud

583 1966 725 2018 circa
759 1966 900 2035 quod
939 1968 1049 2021 lucc
1075 1978 1382 2034 versentur,
1418 1969 1511 2025 sed
1543 1969 1683 2024 illud
1729 1987 1937 2042 quoque
1965 1970 2104 2041 quod

584 2053 664 2129 his
687 2053 986 2124 subjectum
1013 2066 1088 2110 est
1123 2057 1297 2122 dicere
1321 2067 1549 2130 oportet,
1580 2062 1625 2114 si
1647 2062 1774 2131 Iquis
1812 2061 2038 2133 perfecte
2056 2071 2105 2115 et

589 2140 747 2212 plene
767 2145 895 2213 quid
962 2146 1248 2216 cogitemus
1296 2157 1604 2203 monstrare
1656 2148 1926 2216 voluerit;
1978 2167 2106 2205 nam

587 2232 671 2286 vel
691 2235 846 2288 homo
898 2235 984 2289 vel
1042 2238 1131 2293 bos
1158 2238 1242 2293 vel
1275 2255 1441 2310 equus
1499 2242 1597 2294 hoc
1644 2257 1959 2311 corporeum
1995 2259 2106 2298 esse
2162 2296 2171 2307 ,

581 2335 758 2396 potest
782 2328 1097 2384 etinteritui
1119 2331 1422 2386 obnoxium.
1442 2353 1460 2385 ι

589 2438 729 2494 Cum
775 2449 1006 2498 sanctus
1025 2443 1321 2500 haereticos
1344 2444 1565 2502 videret
1586 2448 1643 2502 id
1674 2464 1848 2504 unum
1865 2458 2103 2520 certare,

522 2537 585 2589 nt
609 2535 1146 2602 superessentialem
1175 2546 1429 2594 naturam
1454 2549 1706 2597 amentes
1733 2558 1924 2599 secum
1974 2545 2112 2617 ipsis

521 2622 899 2691 destruerent,
937 2627 1374 2700 artiﬁciosisque
1414 2632 1733 2690 rationibus
1776 2645 2111 2706 potestatem

522 2714 962 2786 insuperabilem
986 2720 1254 2792 omnique
1275 2724 1592 2802 conditioni
1615 2742 1685 2781 ex
1729 2730 1852 2798 pari
1900 2731 2112 2802 imper-

522 2809 845 2879 ceptihilem
876 2827 991 2868 suae
1013 2800 1354 2886 cognitionis
1378 2820 1881 2890 comprehensione
1911 2800 2113 2895 capere

522 2900 736 2967 conari,
761 2917 862 2973 per
892 2910 1073 2959 totum
1107 2920 1427 2963 sermonem
1459 2909 1736 2979 privative
1769 2921 1827 2967 et
1854 2916 2113 2985 negative

522 2990 593 3047 de
614 2992 729 3048 Deo
763 2994 958 3052 dicere
982 2996 1198 3064 maluit,
1248 2999 1389 3054 nulli
1427 3002 1658 3058 omnino
1705 3004 1972 3074 positioni
2017 3014 2144 3061 aut‘

2197 588 2398 641 ἄτοπον
2444 585 2540 638 καὶ
2582 585 2864 640 ἀδύνατον.
2909 584 2985 638 Ob
3034 583 3144 656 γὰρ
3176 584 3244 638 ἐκ
3288 583 3404 638 τῶν
3440 576 3517 639 ὧν
3544 586 3640 639 οὐκ
3671 588 3769 645 ἔστι

2196 678 2305 732 τῶν
2342 678 2686 749 πραγμάτων
2722 678 2773 733 οί
2809 678 2927 750 ὅροι
2967 677 3323 746 συνάγονται,.
3362 676 3485 731 ἀλλ’
3525 679 3589 731 ἐκ
3628 680 3770 738 τῶνᾶ

2199 769 2370 832 ἔστιν,
2433 767 2775 836 ὲξαπλοῦντα
2815 767 2920 838 τὴν
2975 765 3241 837 σύντομον
3283 766 3397 820 τῶν
3458 773 3772 839 πραγμάτων

2199 859 2514 932 περίληψιν,
2568 860 2691 931 ἥτις
2740 859 3009 930 ὀνομασία
3065 856 3273 912 τούτων
3312 856 3584 929 ὑπάρχει.
3630 861 3773 918 Οῦδὲν

2199 951 2293 1011 οὖν
2346 958 2408 1010 τὸ
2460 956 2682 1009 σύνολον
2726 955 2837 1009 τῶν
2878 953 3009 1025 περὶ
3041 952 3181 1007 Θεοῦ
3233 952 3267 1024 ἢ
3313 953 3453 1026 περὶ
3477 953 3608 1008 Θεὸν
3657 952 3774 1011 εἶναι

2198 1047 2510 1119 λεγομένων
2558 1046 2714 1099 οὐσία
2742 1040 2891 1099 εἶναι
2943 1044 3080 1099 Θεοῦ
3136 1043 3359 1099 πώποτε
3413 1042 3662 1107 δύναται,
3710 1047 3775 1100 ὃτι

2203 1139 2338 1211 μηδὲ
2392 1138 2577 1203 θέσιν,
2637 1131 2808 1211 μόνην
2870 1137 2966 1192 καὶ
3024 1137 3172 1209 μόνῳ
3211 1135 3332 1208 Θεῷ
3405 1135 3776 1208 ἁρμόζουσαν,

2200 1234 2451 1304 ἄσχετον,
2506 1232 2600 1287 καὶ
2655 1233 2760 1302 τῆς
2807 1233 2937 1304 περί
2986 1250 3042 1287 τι
3097 1232 3457 1287 παντάπασιν
3521 1231 3778 1301 ἐνεργείας

2199 1327 2399 1392 ἄφετον
2448 1324 2583 1380 αὐτὸ
2611 1326 2790 1379 ἐκεῖνο
2835 1328 2978 1379 κατὰ
3015 1325 3075 1379 τὸ
3117 1325 3168 1378 τί
3194 1342 3327 1378 ποτε
3372 1319 3520 1378 εἶναι
3566 1324 3779 1395 ἐμφῆναι

2196 1415 2440 1473 δύναται.

2220 1694 2314 1746 Ἐκ
2340 1692 2447 1747 τοῦ
2491 1691 2681 1747 αὐτοῦ
2712 1691 2925 1759 λόγου,
2957 1694 3047 1759 εὶς
3067 1691 3158 1756 τὸ,
3196 1710 3215 1743 ι
3237 1689 3333 1759 Ὡς
3357 1689 3477 1761 τὰρ
3506 1692 3619 1746 οὐκ
3640 1690 3790 1762 ἀρκεῖ

2278 1787 2343 1839 τὸ
2398 1782 2573 1854 σῶμα
2617 1784 2830 1851 εἰπεῖν,
2877 1786 2915 1854 ἢ
2952 1785 3019 1840 τὸ
3062 1783 3495 1856 γεγεννῆσθαι,
3545 1786 3692 1854 πρὸς
3729 1787 3786 1841 τό

2278 1876 2376 1949 καί
2407 1876 2540 1945 περὶ
2587 1874 2620 1929 ὃ
2664 1876 2852 1929 ταῦτα
2898 1874 3296 1945 παραστῆσαι
3340 1893 3409 1930 τε
3462 1876 3567 1931 καί
3618 1872 3784 1944 δηλῶ-

2277 1985 2384 2022 σαι
2406 2008 2421 2032 ,
2478 1968 2642 2023 ἀλλὰ
2694 1967 2793 2022 δεῖ
2834 1968 2934 2022 καὶ
2983 1968 3049 2022 τὸ
3100 1958 3513 2039 ὐποκεῖμενον
3577 1970 3787 2037 τούτοις

2279 2061 2492 2124 εἰπεῖν,
2540 2065 2593 2116 εί
2633 2062 2853 2132 μέλλοι
2893 2062 3136 2127 τελείως
3174 2062 3276 2116 καί
3305 2060 3706 2131 ἀποχρώντως
3731 2064 3784 2116 τὸ

2279 2154 2613 2223 νοούμενον
2664 2152 3172 2222 παραστήσασθαι
3195 2169 3209 2182 ⁸
3268 2153 3309 2221 ἢ
3352 2155 3469 2222 γὰρ
3498 2152 3785 2221 ἅνθρωπος

2283 2246 2323 2316 ἢ
2344 2245 2505 2312 ,βοῦς
2536 2246 2575 2315 ἣ
2616 2246 2802 2313 ἵππος
2828 2245 3007 2299 τοῦτο
3035 2244 3103 2299 τὸ
3143 2246 3217 2300 ἐν
3238 2245 3478 2316 σώματι
3520 2243 3623 2299 καί
3644 2246 3783 2314 φθει-

2271 2338 2557 2408 ρόμενον.
2601 2356 2621 2387 ι

2216 2503 2241 2517 κ
2295 2452 2632 2523 Ἐπειδήπερ
2680 2449 2829 2523 ἑώρα
2887 2451 3014 2516 τοὺς
3067 2451 3386 2523 αἱρετικοῦς
3440 2453 3472 2505 ὁ
3516 2449 3671 2519 ἅγιος
3705 2449 3785 2503 ἕνα

2215 2546 2385 2618 μόνον
2433 2546 2656 2617 ἔχοντας
2714 2546 2906 2618 (188
2952 2549 3007 2616 α)
3057 2546 3280 2615 ἀγῶνα,
3330 2547 3437 2617 τὴν
3486 2543 3784 2616 ὑπερούσιον

2212 2639 2429 2701 ἑαυτοῖς
2456 2637 2707 2709 ἀνοήτως
2747 2636 3218 2704 συγκαταδάλλειν
3260 2635 3456 2706 φύσιν,
3511 2636 3604 2689 καὶ
3632 2652 3783 2706 τεχνι-

2215 2733 2339 2795 καῖς
2374 2729 2619 2803 μεθόδοις
2668 2730 2964 2802 περιλήψει
3002 2729 3104 2800 τῆς
3150 2729 3274 2784 κατ’
3311 2730 3522 2793 αὐτοὺς
3558 2728 3785 2798 γνώσεως

2214 2826 2440 2893 κρατεῖν
2489 2822 2926 2895 ἐπιχειροῦντας,
2979 2824 3056 2887 ὡς
3102 2823 3294 2895 ᾤοντο,
3347 2823 3456 2894 τὴν
3501 2822 3782 2893 ἀκράτητον

2212 2916 2465 2989 δύναμιν,
2495 2918 2594 2971 καὶ
2625 2916 2775 2988 πάσῃ
2819 2918 2887 2988 τῇ
2926 2916 3104 2970 κτίσει
3135 2918 3281 2972 κατὰ
3325 2916 3390 2971 τὸ
3426 2912 3547 2971 ἴσον
3595 2906 3784 2986 ἁχὶἱιρηο

2215 3025 2330 3075 τον,
2374 3009 2441 3063 δι’
2483 3010 2608 3064 ὅλου
2652 3008 2749 3063 τοῦ
2782 3008 2943 3078 λόγου
2981 3008 3084 3073 τὰς
3139 3011 3434 3081 περήσεις
3482 3026 3544 3063 τε
3581 3007 3782 3069 καὶτὰς

521 3081 876 3142 aﬁirmationi
953 3089 1223 3157 indulsit,
1278 3108 1349 3147 ne
1419 3101 1686 3164 tanquam
1752 3098 2111 3168 impudentes

2224 3103 2522 3170 ἀποφάσεις
2551 3102 2929 3174 προύτίμησεν
2980 3102 3076 3157 ἐπὶ
3121 3102 3257 3157 Θεοῦ
3289 3103 3498 3172 λέγειν,
3543 3101 3783 3173 μηδεμιᾶς

523 3188 690 3230 canes
726 3176 873 3232 hanc
895 3179 1182 3235 mordicus
1207 3190 1502 3251 captarent
1545 3195 1605 3241 et
1649 3188 1940 3244 venenatis
1968 3189 2111 3246 den-

2224 3191 2501 3256 παντελῶς
2551 3189 2927 3263 ἀνασχόμενος
2975 3191 3181 3255 θέσεως
3219 3192 3253 3262 ἢ
3301 3192 3684 3261 καταφάσεως,
3712 3187 3781 3241 ἵνα

525 3267 676 3323 tibus
695 3268 753 3323 in
772 3271 1032 3329 veritatis
1063 3287 1383 3329 sermonem
1436 3275 1652 3333 furiose
1702 3278 1985 3336 irruerent
2020 3298 2113 3338 οσμ-

2224 3283 2299 3354 μὴ
2346 3284 2552 3353 ταύτης
2602 3283 2893 3354 λαϐόμενοι
2946 3284 3024 3347 ὡς
3075 3284 3313 3349 ἀναιδεῖς
3351 3285 3540 3347 -κύνες
3575 3282 3781 3353 δήγματι

523 3361 805 3417 casionem
826 3364 1212 3433 praetendendi
1244 3372 1531 3438 utcunque
1555 3377 1611 3424 et
1638 3368 1868 3426 fallendi
1890 3382 1947 3427 et
1978 3390 2111 3444 pro-

2224 3374 2346 3437 τοὺς
2398 3374 2640 3438 ἰοδόλους
2683 3374 2903 3438 ὀδόντας
2959 3372 3326 3445 μανικῶς»τῷ
3365 3373 3517 3445 λόγῳ
3552 3371 3649 3442 τῆς
3673 3369 3780 3439 ἀλη-

522 3452 632 3521 prii
671 3454 841 3509 studii
874 3455 1178 3512 artiﬁcium
1205 3460 1539 3516 conﬁciendi
1574 3462 2020 3538 qualemcunque
2042 3466 2113 3525 de

526 3543 640 3597 Dea
663 3544 770 3605 sibi
790 3560 1113 3602 concessam
1142 3551 1418 3606 sermonis
1446 3552 1784 3621 positionem
1818 3556 2110 3615 facientes.

523 3634 704 3701 Quare
721 3653 906 3708 neque
926 3653 1151 3711 corpus,
1173 3657 1356 3712 neque
1374 3642 1739 3701 immateriale
1759 3662 1985 3718 corpus,
2008 3667 2111 3706 ne-

525 3742 634 3797 que
659 3728 1011 3800 incorporale
1041 3733 1292 3800 omnino,
1319 3751 1504 3806 neque
1531 3737 1590 3791 in
1615 3739 1900 3808 universo,
1928 3757 2114 3813 neque

526 3819 710 3876 inulla
734 3822 983 3878 universi
1010 3833 1190 3895 parte,
1212 3843 1396 3898 neque
1419 3845 1587 3905 supra
1611 3831 1956 3901 universum,
1979 3844 2116 3893 etut

524 3912 854 3980 simpliciter
873 3914 1078 3983 dicam,
1100 3917 1240 3973 nihil
1280 3921 1510 3976 omnino
1538 3931 1596 3978 et
1620 3924 1678 3978 in
1716 3925 1895 3980 nihilo
1919 3942 2116 3999 eorum

526 4023 649 4075 quae
682 4008 1060 4079 qualicunque
1087 4010 1274 4078 modo,
1308 4020 1372 4067 ut
1402 4029 1599 4069 verum
1622 4018 2008 4083 est,videntur
2026 4022 2116 4077 vel

526 4101 1083 4174 comprehenduntur
1118 4103 1203 4157 vel
1254 4103 1524 4160 dicuntur
1546 4108 1633 4162 vel
1677 4109 1994 4181 cogitantur
2025 4113 2116 4169 vel

531 4192 682 4247 nosci
711 4199 997 4263 utcunque
1018 4205 1274 4264 possunt,
1299 4197 1476 4253 Deum
1502 4214 1626 4254 esse
1654 4200 1841 4267 docet,
1871 4202 1941 4259 de
1963 4206 2118 4261 omni

530 4300 626 4340 cos
645 4284 928 4355 opinione,
944 4285 1042 4340 Dei
1064 4288 1305 4343 essentia
1324 4288 1459 4359 quid
1474 4291 1546 4346 sit
1568 4295 1967 4364 comprehendi
1988 4312 2118 4368 pos-

529 4394 610 4445 se,
637 4379 994 4450 propulsans.
1036 4380 1248 4438 Deinde
1277 4382 1579 4440 instantius
1614 4401 1711 4441 eos
1738 4387 1809 4441 ad
1847 4387 2113 4458 pietatem

532 4472 824 4543 instigans,
849 4480 906 4528 et
927 4486 996 4528 ex
1026 4472 1358 4530 inferiarum
1383 4484 1441 4532 et
1470 4476 1909 4549 incomparabile
1937 4497 2131 4565 quan:

532 4573 647 4618 tum
681 4579 712 4618 a
736 4564 852 4619 Deo
875 4563 1205 4621 distantium
1230 4567 1664 4641 investigatione
1712 4570 2025 4629 universale
2047 4574 2117 4630 de

530 4657 645 4711 Deo
667 4646 973 4713 temerarie
995 4674 1182 4729 neque
1227 4660 1497 4732 cogiaare,
1522 4662 1730 4718 nedum
1773 4664 1996 4721 edicere
2018 4666 2117 4720 ulli

531 4749 615 4804 t‘as
635 4764 759 4805 esse
782 4763 992 4805 conans
1023 4752 1388 4821 persuadere,
1418 4754 1537 4810 haec
1566 4754 1723 4841 dicit.
1762 4756 1832 4812 Et
1861 4757 2118 4827 profecto

532 4843 600 4897 ad
658 4842 996 4897 stabilienda
1037 4859 1261 4915 quoque
1306 4862 1371 4901 ea
1429 4863 1555 4917 quae
1611 4857 1809 4904 contra
1858 4866 1957 4906 eos
2001 4852 2117 4923 jam

532 4935 806 5007 privative
836 4943 893 4990 et
924 4935 1180 5007 negative
1209 4937 1614 5008 diSputaverat,
1639 4949 1702 4995 ut
1724 4940 1854 4996 inde
1874 4958 2122 4999 commo-

533 5027 930 5099 nefacti,quod
956 5028 1125 5083 etiam
1159 5029 1488 5085 ultimorum
1536 5033 1593 5087 in
1625 5033 1830 5089 creatis
1856 5042 2120 5090 accurata

532 5117 962 5187 comprehensio
1013 5119 1310 5174 rationalis
1361 5131 1568 5176 nostra
1621 5123 1708 5179 vis
1789 5123 2117 5191 facultatem

534 5217 782 5281 superet,
810 5212 986 5267 multo
1010 5214 1240 5285 majoris
1266 5214 1602 5270 temeritatis
1645 5225 1703 5271 et
1737 5217 1984 5273 audacia:
2017 5219 2121 5273 im-

534 5313 723 5375 petum
740 5319 1005 5362 coercere
1032 5314 1282 5377 possent,
1298 5317 1595 5378 postquam
1615 5307 1672 5361 in
1691 5311 1883 5379 parvis
1902 5318 2119 5365 naturae

536 5398 918 5455 inﬁrmitatem
944 5408 1194 5455 nossent.
1236 5401 1458 5456 Etenim
1499 5401 1545 5454 si
1601 5400 1670 5454 de
1698 5401 1870 5470 ﬁgura
1933 5401 2119 5471 aliqua

536 5489 877 5559 inquirimus
928 5491 1074 5562 tinge
1109 5492 1358 5559 homine,
1405 5492 1492 5547 vel
1533 5508 1704 5563 equo,
1732 5491 1819 5545 vel
1856 5492 2018 5559 hove,
2052 5494 2119 5548 ad

535 5581 703 5650 plene
746 5583 1338 5652 comprehendendum
1382 5584 1616 5656 ﬁguram
1647 5599 1854 5654 corpus
1913 5585 2121 5641 dixisse

537 5673 686 5730 haud
713 5674 937 5741 sufﬁcit,
979 5677 1065 5732 vel
1090 5677 1409 5747 generahile
1438 5676 1607 5733 modo
1650 5687 1749 5734 aut
1808 5678 2112 5745 interibile,

2153 4520 2200 4575 D

2221 3466 2372 3531 θείας
2403 3466 2769 3538 ἐμϐάλλωσιν,
2793 3467 3190 3540 ἀφορμὴνκτοῦ
3228 3467 3485 3522 ὁπωσοῦν
3512 3463 3781 3538 προτείνειν

2221 3559 2319 3611 καὶ
2382 3558 2898 3630 παραλογίζεσθαι,
2956 3560 3054 3614 καὶ
3107 3559 3168 3613 τὸ
3232 3561 3438 3614 οἰκεῖον
3501 3561 3581 3622 εἰς
3634 3558 3780 3627 πέρας

2220 3651 2452 3718 ἀγαγεῖν
2490 3651 2788 3723 δυνηθῆνριι
2820 3650 3170 3722 σπούδασμα,
3212 3650 3313 3723 τὴν
3343 3650 3634 3707 ὁποιανοῦν
3674 3646 3781 3715 περὶ

2221 3740 2357 3794 Θεοῦ
2398 3741 2647 3795 δοθεῖσαν
2689 3742 2880 3805 αὐτοῖς
2923 3741 3225 3813 τοῦλόγου
3272 3741 3428 3796 θέσιν
3479 3737 3776 3808 ποιούμενοι.

2223 3834 2322 3887 Διὰ
2345 3833 2504 3887 τοῦτο
2532 3833 2659 3888 οὔτε
2704 3834 2888 3906 σῶμα,
2933 3833 3060 3888 οὔτε
3096 3834 3258 3890 ἄῦλον
3299 3834 3484 3906 σῶμα,
3513 3832 3634 3887 οὔτε
3662 3827 3780 3883 ἀσώ-

2228 3943 2397 3996 ματον
2424 3926 2727 3993 παντελῶς,
2774 3926 2899 3981 οὔτε
2943 3928 3003 3980 ἐν
3041 3925 3122 3997 τῷ
3148 3927 3334 3992 παντὶ,
3352 3926 3482 3980 οὔτε
3508 3925 3565 3978 ἐν
3589 3917 3776 3977 τινιτοῦ

2224 4017 2449 4081 παντὸς,
2483 4016 2608 4070 οὕτε
2636 4017 2777 4090 ὑπὲρ
2805 4018 2866 4071 τὸ
2917 4019 3047 4084 πᾶν,
3073 4019 3171 4072 καὶ
3196 4017 3387 4083 ἁπλῶς
3416 4019 3611 4079 εἰπεῖν,
3655 4012 3777 4066 οὐδὲν

2222 4112 2286 4165 τὸ
2322 4111 2586 4182 παράπαν
2624 4111 2720 4165 καὶ
2753 4112 2811 4167 ἐν
2854 4111 3033 4165 οὐδενὶ
3070 4110 3193 4166 καθ’
3237 4112 3558 4183 οίονδήποτε
3586 4107 3774 4178 τρόπον.

2224 4200 2302 4263 ὼς
2358 4199 2506 4254 ἐστιν
2539 4198 2760 4270 ἀληθὲς,
2802 4199 2911 4255 τῶν
2954 4202 3251 4272 ὁρωμένων
3297 4199 3331 4272 ἢ
3386 4189 3775 4273 χωρουμένωνῆ

2224 4292 2536 4363 λεγομένων
2588 4292 2621 4363 ἦ
2674 4292 2982 4363 νοουμένων
3028 4292 3062 4364 ἢ
3109 4292 3423 4364 γνωσθῆναι
3468 4289 3590 4347 καθ’
3631 4282 3777 4340 ὁτιοῦν

2223 4385 2562 4457 δυναμένων,
2642 4381 2784 4440 εἶναι
2849 4385 2942 4440 τὸν
2993 4387 3126 4441 Θεὸν
3184 4386 3572 4455 ἀποφαίνεται,
3627 4380 3776 4447 πάσης

2225 4480 2426 4542 αὐτοὺς
2452 4479 2550 4549 τῆς
2578 4479 2706 4550 περὶ
2731 4477 2866 4532 Θεοῦ
2906 4477 3321 4550 καταληπτικῆς
3337 4479 3482 4533 κατὰ
3510 4478 3570 4532 τὸ
3598 4473 3647 4529 τί
3670 4483 3775 4524 ποτε

2226 4566 2368 4624 εἶναι
2426 4569 2527 4641 τὴν
2589 4566 2777 4621 οὐσίαν
2840 4567 3052 4631 ἐννοίας
3112 4567 3532 4639 ἀπορῤαπίζων.
3580 4564 3774 4616 Ἔπειτα

2225 4659 2754 4731 δυσωπητικὼτερον
2809 4659 3008 4723 αὐτοὺς
3062 4658 3273 4727 ἐνάγων
3329 4658 3469 4731 πρὸς
3509 4653 3772 4712 εὐσέϐειαν,

2227 4756 2322 4810 καὶ
2350 4757 2414 4807 ἐκ
2435 4754 2535 4823 τῆς
2576 4753 2706 4823 περὶ
2731 4752 2801 4807 τὰ
2835 4752 3066 4822 δεύτερα
3093 4752 3191 4807 καὶ
3221 4753 3441 4825 μρκρὰν
3465 4745 3775 4817 ὰσυγχρίτως

2227 4849 2336 4902 ἀπὸ
2382 4847 2518 4901 Θεοῦ
2567 4846 2796 4919 ἐρεύνης
2840 4847 2904 4900 τὸ
2940 4842 3175 4900 καθόλου
3205 4848 3336 4917 περὶ
3362 4845 3499 4900 Θεοῦ
3527 4833 3773 4912 τολμηρῶς

2231 4941 2365 5011 μηδὲ
2422 4942 2646 5004 ἐννοεῖν,
2707 4941 2904 5010 μήτιγε
2962 4938 3167 5007 λέγειν,
3227 4934 3368 4992 εἶναί
3428 4954 3532 4991 τινι
3590 4923 3771 5000 θεμιτδν

2226 5032 2396 5097 δεῖξαι
2455 5031 2800 5103 βουλόμενος,
2851 5030 3025 5085 ταῦτά
3074 5047 3228 5102 φησι.
3270 5030 3382 5085 Καὶ
3425 5030 3531 5103 μὴν
3557 5016 3772 5088 καὶπρὸς

2230 5126 2491 5178 σύστασιν
2538 5125 2644 5178 τῶν
2693 5125 2794 5195 ἤδη
2844 5123 2983 5194 πρὸς
3027 5123 3228 5187 αὐτοὺς
3271 5122 3416 5178 κατὰ
3449 5113 3683 5191 στέρησὶν
3720 5120 3767 5159 τε
3815 5154 3820 5195 ἱ

2229 5217 2323 5270 καὶ
2355 5217 2634 5284 ἀπόφασιν
2685 5214 3030 5286 εἰρημένων,
3077 5213 3220 5269 ὥστε
3262 5216 3466 5278 αὐτοὺς
3509 5201 3768 5266 συνειδότας

2228 5308 2500 5370 ἐντεῦθεν,
2532 5307 2609 5371 ὼς
2651 5308 2746 5361 καὶ
2776 5310 2809 5379 ἡ
2841 5308 2953 5360 τῶν
2996 5308 3242 5378 ἐσχάτων
3271 5309 3331 5359 ἐν
3358 5310 3471 5370 τοῖς
3514 5301 3766 5370 ποιήμασιν

2229 5401 2462 5473 ἀκριδὴς
2484 5401 2789 5473 κατάληψις
2819 5401 2921 5471 τῆς
2946 5401 3071 5455 καθ’
3117 5402 3265 5472 ἡμᾶς
3287 5400 3510 5469 λογικῆς
3535 5384 3766 5473 ἐνεργείας

2479 5496 2529 5562 ὁ)
2571 5470 2894 5566 ὑπερήδαίνει
2944 5492 3043 5565 τὴν
3102 5470 3370 5563 δύναμιν,
3419 5493 3517 5561 τῆς
3560 5481 3670 5552 περὶ
3709 5470 3762 5525 τά

2232 5585 2412 5657 πολλῷ
2457 5583 2631 5656 μείζω
2662 5587 3003 5657 θρασύτητος
3048 5585 3146 5656 τὴν
3191 5585 3475 5654 ἀλόγιστον
3520 5570 3763 5645 δυνηθῆναι

2230 5678 2404 5750 φορὰν
2435 5681 2703 5751 ἐπισχεῖν,
2749 5680 2810 5736 ὲν
2857 5681 2969 5745 τοις
3014 5680 3230 5750 μικροῖς
3277 5677 3339 5732 τὸ
3367 5675 3576 5737 ἀσθενὲς
3600 5660 3758 5739 μαθόν-

611 5830 688 5898 (0)
722 5829 870 5884 ldcm
905 5830 1031 5885 ibid.
1063 5847 1183 5901 cap.
1208 5834 1261 5897 9,
1292 5848 1346 5902 ρ.
1375 5833 1498 5896 502,
1539 5841 1670 5887 tom.
1705 5831 1747 5888 Ι.
1779 5831 1916 5904 Opp.
1964 5834 2054 5889 ed.
2084 5832 2289 5889 Bened.

3814 5174 3822 5217 ἓ
