4012 6372
267 411 403 477 1225

1501 406 2023 469 AMBIGUORUH
2067 408 2315 467 LIBER.

3384 401 3519 469 1226

259 543 358 589 τας
382 526 480 595 τῆς
526 523 764 594 φύσεως.
801 522 863 576 Εἰ
892 522 1002 594 7&9
1034 520 1377 587 ἐξετάζουσιν
1414 522 1546 590 ἡμῖν
1578 519 1835 589 στοιχεῖόν

1944 519 2224 573 hominem
2257 517 2339 571 vel
2372 517 2566 569 bovem
2593 513 2920 584 vel'equum,
2962 514 3056 568 sed
3099 514 3247 585 quod
3274 514 3362 569 bis
3389 515 3521 568 sub.

259 635 335 682 τι,
366 618 496 689 φέρε
543 619 718 670 εἰπεῖν
762 616 795 686 ἢ
848 615 1135 688 ἄνθρωπον
1178 614 1211 685 ἢ
1257 614 1423 667 ἵππον
1467 612 1501 683 ἦ
1552 611 1699 682 βοῦν,
1741 612 1840 665 οῦκ

259 710 418 781 ἀρκεῖ
467 708 603 780 πρὸς
645 707 858 763 τελείαν
896 706 1204 777 κατάληψιν
1251 705 1314 759 τὺ
1357 703 1515 771 σῶμα
1558 703 1738 772 λέγειν
1781 703 1841 756 τὸ

260 802 547 870 στοιχεῖον,
583 799 618 871 ἢ
650 800 909 871 γεννητὸν
960 799 1120 870 μόνον
1159 798 1193 870 ἢ
1234 796 1476 867 φθαρτὸν
1497 795 1589 849 τὸν
1629 795 1841 867 ἄνθρωο

259 894 414 963 πονῆ
450 892 543 945 τὸν
594 892 720 962 βοῦν
751 892 784 963 ἢ
816 892 911 945 τὸν
961 892 1152 959 ἵππον,
1182 891 1321 945 ἀλλὰ
1353 892 1436 945 δεῖ
1488 888 1841 963 παραστῆσαι

258 984 354 1039 καὶ
403 984 466 1037 τὸ
513 984 726 1047 τούτοις
791 984 1186 1055 ὑποκείμενον,
1240 985 1378 1056 ὅπερ
1439 986 1694 1054 γεννᾶται
1750 983 1843 1035 καὶ

256 1074 537 1145 φθείρεται
585 1075 681 1127 καὶ
724 1073 1050 1129 πεποίωται.
1120 1072 1290 1144 Σῶμα
1338 1074 1396 1127 δὲ
1440 1074 1474 1144 ἢ
1513 1074 1766 1142 γέννησις
1805 1070 1840 1141 ἢ

255 1164 452 1235 φθορὰ,
506 1162 761 1234 οὐδαμῶς
783 1163 1071 1235 ὑπάρχον,
1131 1164 1257 1216 ἐπεὶ
1286 1163 1440 1217 ἔσται
1489 1164 1629 1217 κατὰ
1684 1161 1843 1215 τοῦτο

254 1256 500 1324 ἀνάγκης
522 1253 836 1320 ἀκολουθία,
859 1253 913 1307 εἵ
928 1272 982 1307 τι
1005 1255 1189 1325 σῶμα,
1223 1256 1321 1308 καὶ
1365 1257 1631 1325 στοιχεῖον
1678 1246 1838 1318 εἶναι,

255 1350 350 1401 καὶ
374 1347 429 1400 εί
449 1364 503 1401 τι
540 1347 801 1417 γεννητδν
839 1346 873 1419 ἦ
910 1347 1179 1419 φθαρτὸν,
1214 1347 1248 1418 ἢ
1292 1346 1580 1418 ἄνθρωπος
1637 1344 1838 1425 εἶναιῆ

257 1439 385 1511 βοῦς
416 1440 451 1511 ἢ
478 1440 665 1503 ἵππος.
699 1442 776 1495 Οὐ
810 1440 920 1511 7&9
950 1440 1005 1493 εἵ
1031 1457 1084 1493 τι
1111 1439 1290 1511 σῶμα,
1318 1439 1536 1502 πάντως
1562 1438 1623 1503 ἐξ
1670 1438 1841 1504 ἀνάγ-

255 1548 358 1602 κης
384 1531 481 1585 καὶ
506 1534 776 1602 στοιχεῖον
803 1533 838 1603 ἦ
859 1532 1148 1603 ἄνθρωπος
1179 1532 1213 1604 ἢ
1263 1530 1391 1602 βοῦς
1416 1531 1450 1602 ἢ
1482 1530 1669 1592 ἵππος.
1706 1531 1773 1583 Εἵ
1788 1546 1841 1583 τι

259 1626 358 1696 μὲν
393 1624 507 1697 7&9
535 1627 821 1695 στοιχεῖον,
866 1626 1086 1688 πάντως
1140 1624 1202 1690 ἐξ
1229 1624 1477 1694 ἀνάγκης
1512 1622 1609 1677 καὶ
1660 1622 1839 1691 σῶμα,

253 1718 353 1771 οὐκ
378 1717 434 1770 εἵ
452 1734 506 1771 τι
532 1718 590 1771 δὲ
613 1718 796 1788 σῶμα,
821 1718 1041 1781 πάντως
1066 1716 1127 1782 ἑξ
1146 1718 1395 1786 ἀνάγκης
1422 1717 1517 1768 καὶ
1557 1716 1838 1784 στοιχεῖον.

253 1807 392 1863 οὔτε
429 1808 485 1861 εἵ
514 1825 569 1862 τι
628 1808 787 1879 σῶμα
832 1808 866 1880 ἢ
916 1808 1176 1879 γεννητὸν
1220 1807 1255 1877 ἢ
1307 1806 1565 1878 φθαρτὸν,
1622 1805 1843 1868 πάντως

1940 612 2150 683 jectum
2181 611 2272 675 sit,
2324 609 2378 662 id
2410 618 2497 677 est
2540 607 2688 677 quod
2720 615 3023 678 generetur
3057 618 3111 659 ct
3172 607 3434 671 intereat,
3466 615 3519 662 et

1943 701 2213 770 qualitate
2246 699 2507 755 affectum
2537 699 2610 752 sit
2638 707 3042 768 reprtesentare
3089 708 3327 768 oportet.
3383 699 3524 754 Cor-

1945 809 2050 863 pus
2070 809 2208 848 vero
2228 792 2660 863 haudquaquam
2694 790 2983 863 generatio
3037 797 3142 855 est,
3194 800 3290 844 aut
3351 792 3524 846 inter-

1945 887 2086 954 itus;
2112 886 2390 956 siquidem
2421 884 2550 941 inde
2580 885 2898 940 necessario
2924 894 3285 954 sequeretur,
3314 884 3362 938 si
3390 885 3524 954 quid

1944 984 2149 1049 corpus
2169 980 2262 1042 sit,
2293 978 2588 1049 ettiguram
2612 993 2754 1044 esse,
2786 986 2863 1041 et,
2888 977 2932 1035 si
2952 977 3086 1048 quid
3113 968 3431 1047 genera'bile
3454 978 3528 1032 sit

1942 1072 2028 1126 vel
2075 1072 2379 1132 interibile,
2433 1079 2491 1127 et
2528 1071 2805 1127 hominem
2853 1085 2998 1136 esse,
3046 1070 3134 1125 vel
3184 1070 3382 1126 bovem
3437 1071 3526 1125 vel

1941 1177 2167 1231 equum.
2187 1162 2381 1232 Neque
2403 1162 2576 1228 enim,
2604 1161 2651 1216 si
2669 1160 2799 1230 quid
2820 1175 3024 1231 corpus
3041 1170 3146 1225 est,
3176 1163 3403 1217 omnino
3423 1178 3525 1217 nc-

1943 1254 2239 1311 cessarium
2299 1256 2553 1327 utﬁgura
2575 1255 2751 1310 sitvel
2771 1255 2936 1309 homo
2968 1257 3057 1311 vel
3080 1256 3184 1312 hos
3204 1257 3292 1312 vel
3324 1272 3522 1328 equus.

1942 1347 2081 1402 Nam
2101 1347 2146 1402 si
2174 1347 2309 1418 quid
2335 1346 2533 1420 ﬁgura,
2569 1347 2885 1403 necessario
2914 1362 3147 1417 prorsus
3195 1349 3363 1404 etiam
3399 1364 3527 1404 cor-

1942 1456 2048 1510 pus
2070 1449 2309 1505 est,non
2343 1456 2477 1496 vero
2508 1440 2555 1495 si
2587 1440 2723 1511 quid
2742 1456 2976 1511 corpus,
3004 1441 3327 1497 necessario
3355 1442 3522 1497 etiam

1944 1531 2138 1601 ﬁgura.
2178 1530 2368 1599 Neque
2393 1531 2438 1585 si
2477 1529 2613 1599 quid
2636 1524 2861 1599 corpus,
2912 1530 2997 1584 vel
3052 1530 3398 1601 generabile,
3429 1532 3520 1586 vel

1943 1619 2249 1683 interibile,
2310 1618 2631 1673 necessario
2672 1631 2905 1687 prorsus
2954 1618 3122 1673 etiam
3184 1619 3353 1673 homo
3403 1629 3523 1684 est,

1942 1710 2165 1781 quando
2194 1710 2270 1764 ita
2302 1711 2529 1780 quidem
2560 1711 2728 1765 etiam
2764 1711 2931 1765 homo
2990 1710 3220 1765 omnino
3270 1724 3528 1769 necessa~

1944 1803 2032 1857 rio
2076 1800 2245 1856 ~esset
2296 1802 2673 1871 quodcunque
2733 1814 2956 1869 corpus,
3003 1792 3089 1854 vel
3148 1800 3525 1871 quodcunque

258 1899 321 1965 ἐξ
380 1900 631 1969 ἀνάγκης
683 1869 779 1953 καὶ
849 1869 1136 1970 άνθρωπος
1162 1937 1176 1965 ,
1243 1869 1374 1952 ἐπεὶ
1422 1869 1571 1951 οὕτω
1616 1912 1681 1965 γε
1749 1896 1835 1950 καὶ

1944 1895 2266 1967 generabile
2296 1869 2382 1951 est
2408 1896 2494 1951 vel
2528 1869 2835 1950 interibile.
2878 1895 3015 1949 Nam
3068 1895 3112 1950 si
3149 1896 3288 1965 quid
3333 1869 3521 1961 homo,

252 1989 546 2061 ἅνθρωπος
602 1990 758 2044 ἔσται
818 1988 1038 2055 πάντως
1094 1990 1156 2058 ἐξ
1212 1990 1460 2061 ἀνάγκης
1512 1991 1623 2045 πᾶν
1681 1989 1737 2042 εί
1786 2005 1840 2042 τι

252 2082 439 2152 σῶμα,
498 2081 593 2136 καὶ
622 2082 731 2136 πᾶν
761 2082 814 2135 εἵ
850 2099 905 2134 τι
946 2080 1287 2152 γεννώμενόν
1337 2082 1485 2135 ἐστιν
1534 2080 1568 2151 ἢ
1624 2079 1842 2151 φθειρό-

260 2189 448 2243 μενον.
510 2173 580 2226 Et
629 2189 682 2226 τι
748 2172 848 2242 μὲν
920 2172 1029 2244 7&9
1088 2173 1415 2245 ἄνθρωπος,
1488 2173 1707 2236 πάντως
1779 2167 1839 2238 ἐξ

250 2263 507 2334 ἀνάγκης
546 2264 643 2317 καὶ
681 2263 844 2334 σῶμα
885 2266 980 2318 καὶ
1002 2265 1366 2335 ,γεννώμενον
1400 2265 1494 2318 καὶ
1547 2262 1841 2336 φθειρόμε-

262 2372 380 2420 νον,
410 2354 513 2408 οὐκ
540 2354 594 2407 εἵ
614 2371 669 2407 τι
696 2353 755 2406 δὲ
786 2354 949 2424 σῶμα
979 2353 1014 2425 ἢ
1036 2353 1295 2424 γεννητὸν
1327 2354 1361 2424 ἢ
1401 2351 1662 2425 φθαρτὸν,
1706 2351 1839 2404 πάν-

244 2443 724 2515 τωςίιξάνάγκης
783 2443 880 2498 καὶ
935 2442 1249 2515 ἄνθρωπος.
1301 2441 1440 2497 Οὔτε
1490 2442 1602 2514 γὰρ
1640 2442 1837 2495 ἕπεται

246 2536 494 2600 πάντως,
546 2536 670 2589 ἐπεὶ
717 2535 871 2589 ἔσται
921 2538 950 2587 ὀ
984 2536 1298 2607 ἄνθρωπος,
1348 2535 1409 2599 ἐξ
1456 2534 1703 2603 ἀνάγκης
1724 2530 1837 2601 ,καὶ

250 2634 520 2701 στοιχεῖον
564 2629 659 2682 καὶ
710 2626 839 2698 βοῦς
880 2629 975 2683 καὶ
1014 2627 1201 2691 ἵππος,
1257 2628 1352 2680 καὶ
1378 2628 1490 2680 πᾶν
1535 2625 1589 2679 εἰ
1616 2642 1669 2678 τι
1707 2623 1836 2678 ἄλλο

244 2721 567 2789 ἐνσώματον
598 2721 692 2773 καὶ
715 2718 1057 2791 γεννώμενον
1085 2721 1183 2773 καὶ
1216 2719 1599 2789 φθειρόμενον.
1633 2717 1707 2770 Οὐ
1725 2717 1835 2788 7&9

247 2812 647 2884 κατηγορεῖται
703 2828 832 2865 ποτε
865 2813 933 2866 τά
992 2812 1197 2882 μερικὰ
1228 2811 1378 2864 κατὰ.
1427 2811 1535 2863 τῶν
1576 2810 1830 2873 καθόλου,

245 2901 378 2955 οὔτε
403 2904 470 2955 τὰ
502 2901 617 2971 εἵδη
652 2901 763 2954 τῶν
806 2900 1002 2967 γενῶν,
1050 2899 1177 2953 οῦτε
1208 2900 1335 2954 τῶνα
1363 2899 1729 2971 περιεχόντων
1765 2897 1834 2953 τά

247 2986 649 3066 περιεχόμενα,
711 2992 808 3046 καὶ
855 2991 942 3045 διὰ
993 2991 1150 3044 τοῦτο
1200 2991 1321 3066 οὐδε
1374 2991 1719 3059 ἀντιστρέφει
1762 2991 1835 3045 τά

243 3062 621 3150 καθόλου-τοῖς
650 3085 753 3138 ἰπὶ·
773 3085 995 3157 μέρους,
1027 3083 1149 3137 οὐδὲ
1195 3084 1262 3137 τὰ
1293 3062 1423 3154 γένη
1461 3085 1575 3147 τοῖς
1610 3083 1830 3151 εἵδεσιν,

238 3175 374 3229 οὐδὲ
398 3174 467 3230 τά
499 3176 654 3230 κοινά
687 3177 798 3239 τοῖς
857 3175 1167 3240 ίδιάζουσιν,
1204 3175 1324 3229 οὐδὲ
1357 3175 1546 3246 (189
1573 3193 1605 3229 a
1626 3175 1666 3246 ),
1704 3192 1826 3229 συν·
1856 3207 1899 3263 c

242 3266 443 3320 ελόντα
496 3267 686 3337 φάναι,
732 3269 845 3330 τοῖς
902 3266 1309 3337 περιεχομένοις
1362 3267 1430 3320 τά
1478 3267 1828 3338 περιέχοντα.

241 3355 440 3421 οὕτως
467 3354 560 3419 οὖν
591 3357 732 3410 κατά
761 3356 852 3411 τὸν
877 3356 1210 3411 άποδοθέντα
1261 3357 1421 3438 λόγον
1457 3357 1554 3410 καὶ
1588 3359 1682 3411 ἐπὶ
1710 3356 1832 3427 βοὸς

241 3450 348 3502 καὶ
380 3450 552 3503 ἵππου
589 3450 679 3507 καὶ
704 3449 904 3512 παντὸς
935 3448 1030 3503 τοῦ
1059 3449 1104 3481 ’⁵
1134 3447 1313 3502 ὁτιοῦν
1348 3448 1540 3517 ἕτερου
1568 3448 1826 3517 ληπτέον.

238 3542 314 3596 Et
341 3541 521 3595 τοίνυν
545 3543 646 3595 οῦκ
677 3544 839 3613 ἀρκεῖ
877 3542 1013 3612 πρὸς
1066 3541 1276 3595 τελείαν
1307 3542 1508 3610 γνῶσιν
1552 3540 1658 3595 τῶν
1691 3558 1834 3611 πρα-

235 3636 479 3706 γμάτων
537 3634 598 3687 τὸ
658 3635 859 3704 πλῆθος
904 3635 1015 3687 τῶν
1063 3635 1191 3705 περὶ
1233 3635 1372 3687 αὐτὰ
1437 3634 1832 3705 θεωρουμένων

235 3730 450 3793 εἰπεῖν,
503 3726 648 3795 λέγω
703 3726 768 3796 δὴ
824 3726 886 3779 τὸ
948 3726 1109 3795 σῶμα
1153 3728 1246 3779 καὶ
1288 3726 1349 3779 τὸ
1387 3724 1679 3793 γεννᾶσθαι
1736 3725 1832 3778 καὶ

238 3817 599 3890 φθείρεσθαι,
646 3817 742 3871 καὶ
797 3817 899 3870 ὅσα
947 3816 1172 3871 τοιαῦτα
1220 3817 1352 3888 περὶ
1389 3817 1448 3869 τὸ
1473 3816 1832 3886 ὑποκείμενόν

235 3915 419 3978 ἐστιν,
456 3911 591 3966 ἀλλὰ
628 3912 711 3965 δεῖ
740 3912 961 3973 πάντως
987 3912 1083 3964 καὶ
1114 3910 1176 3963 τὸ
1209 3910 1572 3980 ὑποκείμενον
1597 3910 1830 3974 τούτοις,

238 4002 503 4071 θεμελίου
523 4003 726 4073 τρόπον
757 4002 841 4071 ἐφ’
877 3995 922 4070 ᾧ
945 4000 1118 4055 ταῦτα
1158 4001 1381 4072 βέϐηκε,
1421 4002 1473 4055 τί
1497 4003 1645 4055 ἑστιν
1665 4002 1833 4056 ἐνδεί-

240 4091 467 4156 ξασθαι,
500 4094 549 4145 εἰ
583 4092 875 4162 μέλλοιμεν
912 4090 1134 4155 τελείως
1175 4092 1273 4145 καὶ
1315 4091 1741 4162 άπαραλείπτως
1771 4095 1832 4146 τὸ

235 4182 577 4252 νοούμενον.
608 4182 965 4253 παριστάναι.
1028 4184 1097 4235 Ἥ
1146 4184 1257 4251 7&9
1307 4183 1609 4254 ἄνθρωπον
1636 4186 1835 4258 ἔχομεν

235 4276 425 4327 εἰπεῖν
472 4274 511 4343 ἢ
543 4273 670 4344 βοῦν
722 4275 755 4345 ἦ
796 4275 983 4341 ἵππον,
1014 4273 1188 4330 ταῦτα
1224 4274 1287 4347 δὴ
1317 4276 1388 4330 τά
1429 4279 1505 4348 μὴ
1542 4278 1670 4332 ὄντα
1702 4281 1833 4334 αὐτὸ

234 4364 410 4419 τοῦτο
436 4364 618 4435 σῶμα,
647 4366 764 4422 ἀλλ’
788 4367 1101 4437 ἐνσώματα,
1134 4367 1231 4421 καὶ
1257 4368 1332 4439 μὴ
1361 4368 1491 4425 ὄντα
1520 4370 1652 4423 αὐτὸ
1674 4371 1833 4426 τοῦτο

242 4458 542 4528 γεννήσεις
567 4460 661 4511 καὶ
705 4442 936 4529 φθοράς,
966 4458 1104 4512 ἀλλὰ
1132 4458 1448 4529 γεννώμενα
1487 4461 1583 4513 καὶ
1612 4462 1832 4534 φθειρό-

237 4566 413 4621 μενα,
451 4549 525 4614 ὼς
558 4545 695 4603 εἶναι
723 4549 931 4614 ταῦτα,“
948 4549 1110 4620 σῶμά
1130 4565 1274 4620 φημι
1314 4553 1410 4604 καὶ
1454 4552 1711 4624 γέννησιν
1736 4561 1832 4613 καὶ

1944 1986 2264 2042 necessario
2290 2002 2521 2057 prorsus
2542 1988 2713 2040 etiam
2749 2001 2971 2055 corpus,
3008 1994 3065 2040 ct
3088 1987 3402 2056 generabile
3427 2028 3442 2051 ,
3466 1996 3524 2043 et

1944 2078 2250 2143 interibile,
2276 2092 2390 2132 non
2416 2092 2549 2133 vero
2576 2078 2622 2131 si
2646 2076 2781 2147 quid
2808 2091 3033 2147 corpus,
3062 2076 3522 2148 vel'generabile,

1941 2170 2029 2225 vel
2088 2169 2395 2235 interibile,
2461 2170 2781 2224 necessario
2838 2183 3070 2238 prorsus
3120 2169 3290 2224 etiam
3334 2170 3503 2224 homo

1941 2263 2135 2333 Neque
2182 2263 2330 2317 enim
2372 2263 2599 2318 omnino
2652 2262 2879 2331 quando
2946 2260 3113 2316 homo
3158 2270 3267 2327 est,
3331 2278 3528 2318 neces-

1940 2355 2090 2411 sario
2111 2356 2366 2424 sequitur
2402 2363 2464 2409 ut
2496 2363 2553 2410 et
2579 2355 2750 2427 ﬁgura
2784 2363 2839 2409 et
2875 2355 2977 2409 bos
3010 2362 3066 2409 et
3106 2369 3286 2424 equus
3334 2340 3426 2419 sit,
3469 2363 3527 2410 et

1939 2448 1987 2505 si
2011 2449 2160 2519 quod
2184 2448 2335 2502 aliud
2365 2462 2699 2519 corporeum
2724 2455 3117 2519 etgcneratum
3140 2456 3196 2503 et
3227 2447 3520 2503 interiens.

1938 2541 2232 2611 Nunquam
2259 2542 2405 2595 enim
2428 2540 2788 2611 particularia
2829 2539 3202 2610 praedicantur
3262 2539 3331 2593 de
3393 2539 3522 2613 uni-

1945 2631 2275 2698 versalibus,
2310 2648 2498 2703 neque
2537 2634 2751 2703 species
2773 2632 2840 2687 de
2861 2632 3181 2703 generibus,
3242 2646 3425 2702 neque
3452 2632 3522 2688 de

1948 2720 2366 2777 continentibus
2406 2727 2687 2780 contenta.
2750 2720 2987 2789 ideoque
3040 2734 3224 2789 neque
3269 2719 3520 2791 recipro-

1940 2823 2140 2869 cantur
2165 2813 2311 2868 inter
2340 2827 2401 2870 se
2424 2810 2759 2868 universalia
2818 2822 2875 2868 ct
2925 2812 3305 2883 particularia,
3335 2830 3520 2885 neque

1938 2920 2143 2977 genera
2169 2904 2476 2975 etspecies,
2542 2920 2725 2975 neque
2772 2907 3089 2961 communia
3152 2914 3210 2961 et
3270 2896 3518 2977 peculia-

1949 2996 2053 3062 ria,
2084 3009 2265 3065 neque
2289 2995 2534 3065 denique
2567 2994 2915 3051 continentia
2973 3005 3029 3050 et
3093 3004 3377 3052 contenta.
3424 2997 3517 3052 Sic

1937 3089 2109 3161 igitur
2136 3085 2446 3144 secundum
2473 3087 2617 3145 hanc
2642 3089 3073 3160 explicationem
3105 3099 3162 3145 et
3205 3090 3274 3145 de
3299 3091 3439 3145 bove
3462 3102 3519 3145 et

1938 3180 2005 3234 de
2033 3195 2179 3250 equo
2199 3189 2257 3235 et
2305 3178 2375 3234 de
2418 3180 2675 3250 quolibet
2728 3181 2839 3236 alio
2897 3181 3276 3243 statuendum.
3326 3182 3520 3252 Itaque

1936 3288 2047 3326 non
2076 3271 2280 3328 sufﬁcit
2300 3271 2368 3326 ad
2407 3272 2628 3343 plenam
2684 3289 2873 3329 rerum
2912 3274 3284 3345 cognitionem
3321 3291 3519 3330 eorum

1936 3380 2060 3434 quae
2089 3366 2238 3421 circa
2272 3380 2368 3420 eas
2400 3374 2725 3437 spectantur
2773 3366 2931 3436 plura
2982 3378 3339 3431 enumerare,
3392 3382 3519 3423 cor-

1932 3473 2057 3526 pus,
2096 3458 2344 3527 inquam,
2401 3466 2458 3512 et
2490 3457 2641 3527 quod
2689 3465 2986 3528 generetur
3048 3466 3102 3513 et
3158 3459 3418 3524 intereat,
3462 3467 3521 3514 et

1939 3563 2290 3618 quaecunque
2322 3548 2377 3604 id
2404 3563 2581 3619 genus
2634 3549 2947 3620 subjectum
3005 3548 3364 3615 comitantur,
3417 3551 3517 3606 sed

1934 3639 2085 3708 quod
2116 3639 2204 3694 bis
2229 3639 2540 3711 subjectum
2571 3649 2675 3705 est,
2710 3649 2771 3693 ut
2829 3640 3255 3695 fundamentum
3304 3642 3359 3695 in
3406 3656 3518 3711 quo

1938 3730 2028 3785 illa
2057 3737 2226 3793 stant,
2255 3730 2490 3787 omnino
2521 3732 2688 3787 etiam
2709 3732 2844 3801 quid
2877 3731 2951 3788 sit
2988 3733 3520 3804 demonstrariepus

1935 3822 2114 3897 est,.si
2138 3821 2387 3892 perfecte
2412 3832 2470 3878 et
2511 3824 2675 3893 plene
2711 3806 3162 3894 quidﬂcogitetur
3213 3838 3517 3894 repraesen~

1936 3924 2054 3969 tare
2081 3914 2449 3993 voluerimus.
2479 3914 2589 3969 Aut
2608 3914 2757 3968 enim
2804 3914 3106 3969 liominem'
3125 3915 3399 3970 habemus
3424 3915 3516 3970 di-

1934 4022 2066 4063 cere
2099 4014 2197 4062 aut
2220 4007 2419 4062 bovem
2447 4014 2544 4061 aut
2564 4021 2772 4075 equum
2809 4006 3053 4076 hazcjam
3078 4021 3202 4076 quae
3234 4022 3348 4061 non
3384 4014 3517 4062 sunt

1934 4100 2118 4170 ipsum
2140 4100 2248 4154 hoc
2274 4113 2496 4169 corpus,
2528 4098 2627 4156 sed
2654 4099 2986 4169 corporalia,
3016 4106 3073 4155 et
3102 4114 3224 4169 quae
3254 4110 3369 4155 non‘
3386 4102 3520 4155 sun't

1935 4191 2043 4246 hoc
2064 4191 2251 4261 ipsum
2278 4190 2668 4261 generationes
2686 4189 3153 4255 etinteritus,~sed
3185 4200 3445 4261 generata
3459 4200 3519 4248 et

1936 4283 2302 4346 intereuntia,
2335 4282 2473 4337 adeo
2503 4291 2567 4337 ut
2600 4283 2738 4347 haec,
2767 4296 2995 4353 corpus,
3032 4283 3285 4352 inquam,
3317 4291 3374 4339 et
3425 4300 3519 4355 ge-

1933 4375 2150 4429 neratio
2168 4382 2226 4427 et
2262 4374 2544 4436 interitus,
2566 4374 2860 4429 manifesto
2875 4375 3135 4429 animalia
3156 4375 3520 4443 comitentur,

1936 4467 2033 4523 sed
2059 4481 2171 4521 non
2224 4466 2485 4521 animalia
2536 4468 2654 4536 ipsa
2691 4467 2965 4522 exsistant
3006 4467 3147 4533 lucc,
3182 4481 3403 4539 corpus,
3422 4469 3517 4524 in-

1946 4574 2131 4630 quam,
2167 4558 2530 4629 etgenevatio
2562 4567 2619 4613 et
2655 4558 2936 4615 interitus.

234 4638 486 4711 φθορὰν,
516 4638 723 4731 δηλαδὴ
753 4639 882 4731 περὶ
919 4638 987 4691 τὰ
1023 4638 1159 4703 ζῶα,
1225 4639 1344 4693 ἀλλ’
1406 4642 1467 4694 οῦ
1499 4643 1568 4696 τὰ
1592 4643 1708 4709 ζῶα
1737 4648 1912 4703 ταῦτα
1946 4649 2230 4717 ὑπάρχειν,
2266 4647 2426 4716 σῶμα
2456 4648 2599 4716 λέγω
2626 4649 2721 4702 καὶ⁸
2750 4649 3006 4721 γέννησιν
3035 4653 3129 4704 καὶ
3153 4651 3379 4724 φθοράν.

314 4733 385 4786 Ei
443 4730 623 4785 τοίνυν
657 4731 810 4784 οὐδὲν
842 4731 905 4786 τὸ
936 4731 1159 4793 σύνολον
1190 4734 1300 4785 τῶν
1330 4733 1501 4789 ὄντων
1543 4738 1660 4791 ἐστῖ
1706 4741 1827 4793 κατ’

2007 4740 2198 4809 Itaque
2234 4739 2278 4793 si
2308 4738 2446 4797 nihil
2468 4739 2538 4796 de
2561 4741 2728 4797 rebus
2749 4742 2977 4797 omnino
2997 4743 3308 4798 secundum
3341 4744 3517 4815 ipsam

227 4820 384 4875 αὐτὸ
412 4821 474 4873 τὸ
493 4815 633 4875 εἶναι
660 4821 798 4893 ὅπερ
828 4823 943 4875 ἐστὶ
972 4824 1064 4877 καὶ
1092 4823 1310 4893 λέγεται
1335 4826 1397 4879 τὸ
1419 4826 1694 4901 ἄθροισμα
1718 4832 1829 4887 τῶν

224 4916 382 4984 ἡμῖν
414 4914 549 4985 περὶ
595 4914 727 4968 αὐτὸ
765 4916 1073 4984 νοουμένων
1111 4934 1173 4970 τε
1203 4918 1298 4971 καὶ
1339 4918 1666 4991 λεγομένων,
1712 4924 1828 4979 ἀλλ’

221 5004 434 5077 ἕτερόν
459 5020 513 5058 τι
564 5006 719 5077 παρὰ
759 5006 954 5072 ταῦτα,
999 5008 1064 5063 τὸ
1087 5011 1216 5081 περὶ
1239 5010 1268 5063 ὃ
1304 5011 1473 5065 ταῦτά
1502 5014 1649 5077 ἐστι,
1706 5032 1831 5068 συν-

222 5095 468 5150 εκτικδν
492 5096 593 5166 μὲν
617 5096 848 5185 τούτων,
874 5099 1008 5153 αὐτὸ
1032 5099 1090 5154 δὲ
1118 5100 1328 5166 τούτοις
1350 5104 1603 5175 οὐδαμῶς
1618 5108 1832 5179 συνεχύο

222 5200 408 5254 μενον
452 5184 614 5256 (οὐδὲ
669 5184 775 5257 γάρ
805 5187 955 5241 ἐστιν
981 5190 1047 5243 ὲκ
1100 5192 1394 5262 τούτων,ἢ
1436 5190 1631 5259 ταῦτα,
1676 5196 1711 5267 ἡ
1767 5212 1821 5249 τι

217 5276 473 5342 τούτων,
509 5278 542 5348 ἧ
567 5278 639 5332 ἐκ
665 5297 847 5345 τινων,
878 5282 1079 5353 ἧτινος
1108 5283 1312 5348 αὐτῶν,
1346 5284 1380 5355 ἢ
1421 5286 1507 5343 ἐν,
1532 5286 1761 5352 τούτοις,
1786 5290 1823 5360 ἦ

216 5384 408 5435 ⁸τισιν,
446 5370 481 5441 ἡ
509 5386 618 5425 τινι
644 5370 876 5438 τούτων,
903 5373 964 5426 τὸ
990 5375 1120 5446 περὶ
1169 5374 1199 5428 ὃ
1244 5375 1418 5431 ταῦτα
1462 5377 1557 5431 καὶ
1583 5379 1697 5434 ἐστι
1728 5381 1825 5435 καὶ

217 5459 525 5531 λέγεται),
584 5462 885 5516 παυσάσθω
940 5467 1093 5519 πᾶσα
1141 5464 1288 5537 ψυχὴ
1330 5468 1493 5521 παντὶ
1534 5468 1680 5540 λόγῳ
1715 5470 1824 5524 τῶν

192 5540 372 5623 ’περὶ
402 5553 538 5609 Θεοῦ
564 5553 811 5625 θρασέως
841 5557 1116 5629 ὲπιπηδᾷν
1148 5559 1429 5630 εἰθισμένη
1452 5559 1545 5613 τοῦ
1569 5560 1825 5632 διακενῆς

214 5643 486 5709 ἀσεϐεῖν,
539 5648 632 5700 καὶ
689 5647 749 5699 ἰν
797 5649 909 5711 τοῖς
954 5653 1169 5722 μικροῖς
1220 5649 1467 5721 μαθοῦσα
1491 5649 1590 5722 τὴν
1615 5652 1825 5706 οἰκείαν

1935 4831 2413 4898 exsistentiam,id
2435 4840 2522 4887 est
2552 4831 2701 4901 quod
2733 4847 2927 4887 eorum
2949 4849 3073 4904 qua:
3097 4850 3129 4890 a
3155 4834 3322 4890 nobis
3346 4834 3418 4893 de
3449 4852 3517 4890 eo

1937 4922 2256 4993 cogitantur
2317 4921 2658 4978 etdlcuntur
2685 4925 3049 4996 congregatio
3085 4930 3146 4981 et
3186 4934 3351 4982 estet
3375 4926 3517 4981 diei-

1938 5024 2050 5080 tur,
2081 5014 2179 5071 sed
2208 5015 2361 5070 aliud
2395 5015 2529 5085 quid
2554 5016 2629 5072 ab
2672 5016 2763 5073 bis
2802 5018 3113 5084 diversum,
3166 5018 3221 5074 id
3252 5014 3516 5076 videlicet

1933 5106 2085 5176 quod
2113 5106 2205 5161 illa
2233 5106 2600 5171 comitantur,
2634 5124 2698 5164 ea
2745 5124 3086 5166 conservans
3115 5126 3180 5166 ac
3220 5112 3515 5168 continens

1935 5198 2179 5267 quidem,
2211 5199 2390 5269 ipsum
2415 5213 2551 5254 vero
2578 5200 2667 5255 bis
2686 5216 3035 5271 nequaquam
3060 5210 3388 5259 contentum
3417 5214 3515 5257 aut

1934 5298 2327 5347 conservatum
2361 5291 2439 5362 (id
2478 5294 2629 5346 enim
2662 5293 2810 5347 circa
2840 5293 2991 5363 quod
3043 5294 3161 5351 hac
3189 5302 3247 5350 et
3296 5302 3429 5350 sunt
3456 5303 3515 5348 rt

1935 5383 2202 5438 dicuntur
2230 5400 2341 5439 non
2363 5394 2449 5441 est
2483 5401 2550 5441 ex
2575 5386 2684 5450 his,
2715 5402 2896 5456 neque
2919 5387 3059 5453 haec,
3083 5403 3266 5458 neque
3301 5388 3513 5459 aliquid

1939 5474 2165 5540 horum,
2186 5492 2370 5547 neque
2404 5493 2469 5533 ex
2501 5478 3007 5548 aliquibus,—neque
3025 5480 3262 5550 alicujus
3294 5494 3508 5543 eorum,

1934 5582 2118 5637 neque
2150 5569 2207 5622 in
2240 5569 2349 5632 bis,
2382 5578 2478 5623 aut
2504 5570 2802 5640 aliquibus,
2855 5578 2951 5625 aut
3016 5571 3203 5642 aliquo
3262 5572 3507 5636 horum).

1926 5654 2148 5713 desinat
2169 5673 2307 5714 vane
2335 5671 2392 5714 et
2424 5660 2591 5731 impie
2626 5676 2788 5733 agere
2819 5662 3000 5719 omnis
3048 5663 3231 5719 anima
3273 5665 3507 5720 cuilibet

1511 5770 1744 5826 νΑΙιιΑε
1802 5772 2202 5831 LECTIONES.

170 5848 219 5866 δ
299 5831 353 5861 ³³
382 5833 634 5893 Fortasse
663 5856 778 5893 τον.

568 5931 818 5993 Parnm.
884 5931 1004 5991 (in.
1034 5931 1183 5993 XCI.

3109 5948 3189 6007 39
