4012 6368
420 332 453 400 ‘.
484 352 628 418 .1331
1675 360 1732 418 s.
1775 361 2064 422 MAXIMI
2105 363 2615 426 CONFESSORIS
3620 374 3735 440 1232

496 464 805 535 distantiis,
860 462 1209 536 longitudine
1254 472 1314 522 et
1356 467 1649 523 latitudine
1683 478 1738 523 et
1770 468 2085 534 altitudine,

2203 472 2275 524 ἔτι
2308 472 2365 525 δὲ
2410 475 2504 528 καὶ
2542 473 2878 545 διαστήμασι
2920 476 3090 549 τρισὶ,
3118 479 3289 550 μήκει
3317 478 3414 532 καὶ
3459 479 3639 537 πλάτει
3661 491 3739 542 καὶ

494 574 618 629 qua)
657 558 789 629 ipsa;
816 557 1019 613 iterum
1054 574 1151 614 sex
1188 560 1443 616 terminis
1476 561 1894 627 discernuntur,
1940 576 2084 632 quo-

2203 563 2369 629 Ξάθει,
2406 567 2502 619 καὶ
2532 566 2715 631 αὐτοῖς
2742 566 2802 633 ἓξ
2825 568 3233 641 διειλημμένοις
3262 570 3517 640 πέρασιν,
3534 573 3738 630 ἑκάστου

488 663 620 701 rum
669 646 1054 718 unusquisque
1107 648 1372 705 videlicet
1426 649 1647 705 duobus
1689 650 1976 716 deﬁnitur,
2022 660 2085 706 ut

2203 657 2446 728 δηλονότι
2492 658 2614 713 δυσὶ
2647 662 3157 733 περιγραφομένου,
3194 657 3306 717 οἷον
3355 664 3419 717 τὸ
3447 664 3549 735 μὲν
3592 668 3743 739 μῆκος

482 734 787 807 longitudo
834 738 1129 807 superiore
1163 749 1221 794 et
1252 739 1546 806 inferiore,
1579 741 1817 801 latitudo
1852 742 2084 815 dextero

2203 749 2267 821 τῷ
2299 751 2412 806 ἄνω
2442 768 2501 805 τε
2560 753 2655 807 καὶ
2694 751 2773 823 τῷ
2806 754 2981 821 κάτω,
3006 794 3009 799 .
3034 755 3099 809 τὸ
3140 755 3198 812 δὲ
3240 734 3461 819 πλάτος
3497 755 3573 826 τῷ
3598 734 3744 829 δεξιῷ

495 837 552 883 et
598 828 760 896 laevo,
820 830 1057 886 altitudo
1104 832 1373 888 anteriori
1415 834 1653 911 termino
1683 835 2082 906 ctposteriori.

2203 840 2282 896 ιαὶ
2308 840 2387 912 τῷ
2412 842 2713 915 ἀριστερῷ,
2743 842 2805 897 τὺ
2826 842 2883 898 δὲ
2902 843 3070 914 βάθος
3105 843 3186 915 τῷ
3212 845 3426 916 ὲμπρὺς
3455 846 3647 917 πέρατι
3668 851 3747 901 καὶ

493 922 676 993 Atque
709 923 933 991 iterum,
964 941 1091 980 cum
1131 925 1336 982 eredem
1368 941 1694 984 communes
1716 928 1973 985 notiones
1998 929 2085 983 in-

2203 934 2268 1007 τῷ
2306 935 2503 991 ὀπίσω.
2547 937 2659 991 Καὶ
2717 936 2901 1002 πάλιν,
2953 936 3065 992 τῶν
3093 936 3275 992 αὐτῶν
3314 936 3510 992 κοινῶν
3559 939 3749 992 ἐννοιῶν

496 1015 791 1089 definitum
825 1018 1001 1073 Deum
1033 1034 1156 1074 esse
1188 1019 1498 1089 insinuent,
1527 1022 1635 1078 hoc
1652 1032 1868 1079 estnon
1888 1038 2087 1094 capere

486 1109 717 1179 plenam
755 1125 820 1165 ex
857 1110 1194 1181 quibusnam
1234 1121 1455 1170 constet
1497 1115 1811 1191 subjectum
1843 1116 2087 1187 explica-

497 1200 726 1267 tionem,
760 1218 863 1257 nec
887 1202 1061 1275 magis
1092 1205 1386 1263 admittere
1412 1207 1468 1261 in
1493 1208 1616 1263 loco
1641 1208 2084 1275 collocationem,

495 1288 590 1343 aut
622 1291 763 1345 intra
804 1301 1025 1362 tempus
1056 1293 1279 1349 initium
1311 1296 1398 1351 vel
1434 1298 1623 1363 linem,
1659 1298 1889 1368 insuper
1918 1299 2088 1354 etiam

497 1382 879 1454 inﬁguratum,
907 1395 969 1440 ut
1004 1386 1100 1457 qui
1143 1402 1257 1443 non
1297 1389 1563 1461 globosus
1586 1398 1672 1446 est.
1694 1399 1791 1446 aut
1815 1391 2091 1463 quadran-

490 1474 657 1543 gulus
693 1485 790 1563 aut
832 1486 1054 1535 erectus
1088 1488 1184 1535 aut
1215 1480 1478 1537 deorsum
1507 1498 1763 1555 vergens,
1797 1484 1933 1554 quin
1961 1499 2090 1540 eum

493 1565 660 1623 etiam
700 1574 908 1624 tactum
957 1579 1016 1627 et
1063 1572 1246 1628 visum
1307 1571 1523 1645 fugere,
1569 1590 1698 1631 cum
1733 1576 1923 1630 sensui
1978 1591 2092 1631 non

2203 1582 2448 1653 ὶόρατον,
2501 1581 2578 1646 ὡς
2622 1582 2880 1653 αἰσθήσει
2937 1582 3014 1654 μὴ
3069 1582 3379 1637 ὑποπίπτον
3440 1581 3633 1654 (ταῦτα
3660 1580 3754 1652 γάρ

490 1657 777 1729 snbjaceat
815 1660 969 1733 .(ha:c
1003 1663 1155 1718 enim
1190 1679 1490 1735 corporum
1526 1677 1657 1723 sunt
1678 1667 1963 1741 propria),
1994 1669 2095 1725 ab-

2203 1668 2469 1738 σωμάτων
2502 1667 2658 1741 ἴδια),
2703 1670 3026 1743 παράλογον
3074 1672 3139 1725 ὲκ
3187 1671 3298 1738 τῶν
3342 1669 3763 1739 ἀνασκευασθέν-

493 1749 726 1805 surdum
756 1760 841 1807 est
872 1768 942 1809 ex
976 1753 1062 1811 eis
1102 1772 1227 1827 qua:
1265 1759 1574 1815 evertimus
1600 1759 1853 1815 divinum
1889 1777 2095 1833 corpus

2203 1778 2305 1817 των
2344 1761 2704 1834 ὑπειληφέναι
2742 1764 2804 1817 τὸ
2831 1762 2980 1818 θετον
3011 1759 3156 1825 εἶναι
3185 1766 3346 1837 σῶμα
3386 1765 3484 1818 καὶ
3532 1748 3763 1834 ἀνάγκην

492 1855 638 1907 esse,
687 1850 858 1913 atque
895 1844 952 1899 in
1005 1850 1087 1900 tot
1138 1860 1370 1902 necesse
1408 1847 1620 1924 habere
1658 1848 1835 1904 dividi
1858 1849 1915 1905 in
1958 1859 2095 1921 quot

2203 1854 2343 1927 ἔχειν
2376 1855 2457 1920 εἰς
2482 1856 2725 1911 τοσαῦτα
2753 1856 3075 1928 μερίζεσθαι
3094 1861 3176 1922 εἰς
3203 1860 3305 1913 ὅσα
3326 1858 3496 1913 πάλιν
3524 1858 3600 1921 ὡς
3624 1857 3765 1927 σῶμα

492 1947 756 2001 rursum,
807 1944 870 1989 ut
910 1950 1136 2007 corpus,
1179 1937 1558 2005 contrahatur,
1601 1940 1910 2017 collegisse.
1942 1940 2094 2007 Indi-

2203 1944 2519 2018 συνάγεται.
2568 1948 2802 2020 ’Δμερὲς
2829 1948 3153 2021 γάρ-πάντη
3183 1951 3245 2004 τὸ
3304 1951 3469 2004 Θείόν
3504 1952 3667 2014 ἐστιν,
3690 1950 3765 2003 ὅτι

490 2023 700 2080 viduus
744 2024 894 2081 enim
927 2026 1092 2097 plane
1127 2036 1214 2083 est
1246 2027 1416 2095 Deus,
1451 2029 1581 2100 quia
1624 2038 1682 2085 et
1714 2031 1875 2102 plane
1922 2048 2098 2102 quan-

2203 2040 2298 2095 καὶ
2325 2039 2613 2107 παντελῶς
2641 2041 2873 2108 άποσον,
2904 2040 3112 2096 άποσον
3137 2041 3198 2097 δὲ
3226 2040 3537 2105 παντελῶς,
3570 2042 3651 2095 ὃτι
3684 2042 3766 2093 καὶ

488 2118 669 2173 titatis
700 2133 935 2189 expers;
972 2121 1307 2190 quantitatis
1326 2130 1511 2179 autem
1532 2124 1942 2195 planeexpers,
1967 2127 2097 2197 quia

2203 2132 2489 2199 παντελῶς
2518 2134 2730 2205 ᾁποιοάι,
2749 2136 2942 2190 ἄποιον
2968 2135 3028 2189 δὲ
3057 2133 3363 2199 παντελῶς,
3383 2133 3468 2189 ὅτι
3492 2132 3583 2185 καὶ
3610 2130 3766 2199 πάντη

493 2216 550 2263 et
582 2210 873 2280 qualitatis
915 2212 1080 2282 plane
1115 2227 1352 2283 expers;
1387 2215 1673 2285 qualitatis
1701 2225 1884 2273 autem
1930 2219 2097 2289 plane

2203 2225 2429 2294 ἁπλοῦν,
2460 2225 2669 2282 ἁπλοῦν
2697 2227 2755 2282 δὲ
2776 2228 2976 2299 πάντη,
3002 2227 3085 2282 ὅτι
3114 2227 3211 2283 καὶ
3227 2225 3559 2281 ἀδιάστατον
3589 2224 3765 2292 πάντη,

500 2317 720 2374 expers,
763 2303 896 2374 quia
942 2312 1001 2360 et
1044 2306 1275 2360 omnino
1327 2305 1601 2376 simplex;
1650 2309 1885 2380 simplex
1910 2318 2097 2367 autem

2203 2320 2528 2385 ἀδιάστατον
2551 2320 2611 2375 δὲ
2642 2322 2823 2391 πάντη
2873 2323 2956 2376 ὅτι
2985 2322 3077 2376 καὶ
3116 2321 3300 2392 πάντη
3345 2320 3602 2388 ἄπειρον,
3636 2318 3770 2371 ἄπει-

2202 2427 2296 2482 ρον
2325 2412 2383 2466 δὲ
2418 2412 2620 2485 πάντη,
2651 2413 2735 2468 ὅτι
2764 2414 2860 2468 καὶ
2905 2413 3083 2485 πάντη
3112 2413 3377 2483 ἀκίνητον
3435 2410 3520 2481 (οὐ
3558 2409 3769 2462 κινεῖται

2197 1028 2454 1097 ἀόριστον
2504 1029 2596 1084 τδν
2628 1028 2761 1083 Θεὸν
2805 1029 3166 1103 εἰσαγουσῶν,
3198 1030 3449 1087 τουτέστι
3489 1029 3564 1100 μὴ
3591 1031 3753 1083 imis-

2186 1122 2418 1192 χύμενον
2455 1120 2862 1187 διεξοδεύουσαν
2919 1120 3224 1187 ἀνάπτυξιν
3254 1162 3270 1187 ,
3320 1124 3387 1175 ὲκ
3432 1120 3595 1175 τίνων
3649 1138 3755 1175 συν-

2192 1216 2393 1286 έστηκε
2424 1215 2485 1270 τὸ
2518 1215 2902 1286 ὑποκείμενον,
2928 1217 3064 1286 μήτε
3086 1215 3195 1287 μὴν
3220 1214 3320 1285 τὴν
3346 1216 3405 1268 ὲν
3433 1214 3583 1285 τόπῳ
3600 1213 3749 1278 θέσιν,

2192 1308 2226 1380 ἦ
2256 1310 2355 1380 τὴν
2376 1309 2436 1362 ὲν
2462 1308 2644 1381 χρόνῳ
2673 1308 2852 1380 ἀρχὴν
2897 1308 2930 1379 ἢ
2963 1307 3140 1374 τέλος,
3200 1307 3429 1379 προσέτι
3476 1307 3571 1361 καὶ
3596 1308 3755 1377 ἀσχη-

2196 1397 2482 1471 μάτιστον,
2511 1393 2624 1452 οἷον
2653 1398 2737 1451 δτι
2782 1398 2844 1451 οὐ
2888 1396 3233 1469 σφαιροειδὲς
3283 1397 3317 1469 ἢ
3368 1396 3701 1468 τετράγωνον
3725 1392 3773 1466 ῆ’

2193 1488 2378 1560 ὄρθιον
2412 1489 2446 1560 ἢ
2476 1490 2626 1543 κάτω
2668 1489 2942 1556 νενευκὸς,
2992 1491 3085 1543 ναὶ
3119 1490 3227 1560 μὴν
3264 1488 3362 1542 καὶ
3409 1488 3618 1557 ἀναφὲς
3676 1491 3790 1541 καὶ·

493 2396 676 2471 plane,
717 2396 867 2467 quod
899 2397 1131 2454 omnino
1174 2414 1287 2454 non
1319 2398 1528 2467 distat;
1562 2401 1732 2459 distat
1761 2412 1946 2459 autem
1975 2419 2097 2459 om-

491 2492 628 2547 nino
663 2491 813 2563 quod
862 2508 1101 2564 prorsus
1142 2490 1395 2549 inﬁnitus
1439 2502 1562 2554 est:
1607 2495 1859 2556 inﬁnitus
1909 2506 2098 2559 autem

491 2595 576 2640 est
604 2601 862 2656 prorsus,
886 2586 1038 2657 quod
1070 2594 1127 2642 et
1152 2602 1385 2657 prorsus
1406 2587 1709 2647 immobilis
1727 2588 2097 2661 (nequaquam

486 2681 640 2735 enim
701 2689 961 2737 movetur
1014 2680 1167 2752 quod
1209 2696 1323 2737 non
1374 2682 1546 2740 habet
1594 2683 1692 2739 ubi
1742 2684 2097 2756 moveatur);

493 2774 799 2831 immobilis
830 2784 1017 2830 autem
1049 2775 1236 2846 plane,
1284 2775 1434 2845 quod
1471 2783 1528 2835 et
1557 2774 1720 2831 initio
1752 2776 1983 2832 omnino
2012 2793 2103 2832 ca-

492 2878 577 2922 ret
622 2866 784 2939 (nihil
827 2867 979 2923 enim
1001 2875 1135 2923 ante
1169 2882 1228 2923 se
1250 2866 1418 2923 habet
1444 2884 1544 2924 seu
1571 2870 1771 2941 majus,
1800 2871 1942 2926 nihil
1971 2888 2101 2929 eum

493 2974 551 3014 se
587 2960 708 3030 ipso
754 2975 856 3015 seu
885 2959 1122 3031 aequale,
1161 2959 1305 3015 nihil
1334 2969 1463 3030 post
1501 2974 1582 3029 se,
1613 2962 1833 3033 quodve
1859 2964 2101 3027 conferri

493 3061 590 3105 aut
646 3067 844 3123 capere
898 3052 1079 3123 ipsum
1128 3052 1367 3132 possit);
1428 3053 1592 3111 initio
1632 3064 1823 3112 autem
1873 3059 2099 3114 omnino

2206 3058 2486 3122 παντελῶς
2522 3058 2580 3112 ἓν
2612 3059 2708 3112 καὶ
2743 3057 3074 3129 μονώτατον,
3113 3058 3174 3113 ἒν
3206 3057 3263 3110 δὲ
3285 3056 3469 3127 πάντη
3501 3054 3595 3109 καὶ
3613 3049 3772 3122 μονώ-

496 3154 669 3211 caret,
703 3144 854 3215 quod
883 3152 941 3200 et
974 3144 1258 3217 ingenitus
1289 3155 1375 3201 est
1403 3146 1588 3216 plane,
1610 3147 1893 3219 ingenitus
1916 3159 2099 3206 autem

2205 3165 2390 3217 τατον,
2422 3150 2502 3227 ὅτι
2527 3150 2622 3204 καὶ⁴
2651 3149 2934 3214 παντελῶς
2957 3150 3209 3221 ἄσχετον,
3236 3149 3334 3203 καὶ
3356 3147 3453 3201 διὰ
3480 3145 3637 3199 τοῦτο
3656 3158 3772 3196 παν·

493 3236 682 3309 plane,
717 3236 869 3307 quod
901 3245 960 3293 et
991 3238 1222 3293 omnino
1249 3254 1397 3293 unus
1425 3247 1483 3294 et
1514 3239 1699 3307 solus;
1732 3255 1874 3296 unus
1915 3249 2099 3296 autem

2208 3243 2448 3296 τάπασιν
2483 3242 2726 3315 ᾄρῥητόν
2769 3259 2831 3297 τε
2881 3244 2977 3298 καὶ
3007 3243 3308 3312 ἄγνωστον,
3346 3240 3449 3294 καὶ
3491 3239 3665 3307 πάσης
3684 3234 3773 3304 τῆς

497 3329 725 3384 omnino
756 3336 813 3385 et
861 3331 1037 3399 solus,
1074 3331 1224 3402 quod
1274 3342 1333 3387 et
1362 3332 1591 3388 omnino
1627 3341 1779 3388 caret
1809 3332 2099 3389 all'ectione

2210 3336 2320 3389 τῶν
2369 3336 2456 3390 ἐπ’
2491 3337 2625 3391 αὐτὸ
2666 3336 2852 3400 καλῶς
2880 3353 2942 3392 τε
2965 3336 3063 3390 καὶ
3084 3333 3410 3406 θεοπρεπῶς
3461 3327 3772 3399 κινουμένων

496 3432 556 3479 et
602 3422 892 3490 relatione,
945 3432 1005 3478 et
1060 3422 1133 3479 ob
1171 3422 1281 3479 hoc
1332 3422 1557 3493 penitus
1596 3421 1898 3480 inell‘abilis
1922 3433 1979 3480 et
2021 3425 2099 3479 in-

2210 3428 2469 3498 γνώσεως
2513 3430 2689 3501 πέρας
2717 3430 3051 3502 μονώτατον,
3095 3428 3192 3484 καὶ
3246 3425 3572 3500 μονωτάτην
3600 3419 3776 3491 γνῶσιν

499 3516 779 3587 cognitus,
829 3515 1125 3587 omnisque
1158 3530 1353 3571 eorum
1390 3514 1489 3585 qui
1519 3514 1694 3589 probe
1728 3523 1799 3571 et
1828 3515 1943 3571 Deo
1970 3531 2099 3573 con-

2212 3514 2355 3593 ἔχονχ
2380 3520 2556 3594 άληθῆ
2601 3522 2665 3576 τὸ
2708 3523 2783 3594 μὴ
2821 3520 3208 3592 γινώσκεσθαι.
3266 3566 3269 3573 .
3490 3549 3511 3555 -
3554 3560 3559 3565 .

500 3608 790 3664 venienter
840 3607 911 3663 ad
972 3622 1104 3664 eum
1150 3617 1555 3678 promoventur
1600 3606 1936 3680 cognitionis
1976 3607 2106 3664 linis
2143 3613 2367 3681 unicus,
2402 3622 2461 3670 ct
2485 3614 2707 3671 unicam
2774 3613 3153 3686 cognitionem
3186 3625 3377 3666 veram
3426 3608 3639 3664 habens
3668 3614 3772 3658 eam

502 3701 652 3772 quod
699 3717 810 3757 non
859 3700 1037 3772 possit
1059 3701 1357 3773 cognosci...

2200 2502 2310 2576 γὰρ
2341 2504 2517 2578 πάντη
2547 2505 2769 2568 πώποτε
2798 2507 2861 2561 τὸ
2890 2505 2969 2578 μὴ
2996 2507 3121 2577 ἔχον
3158 2505 3265 2560 ποῦ
3293 2504 3635 2576 κινηθῆναι),
3670 2501 3771 2555 ἀκε-

2201 2614 2368 2667 νητον
2388 2598 2446 2652 δὲ
2470 2599 2671 2669 πάντη,
2696 2599 2779 2652 ὅτι
2807 2599 2903 2653 καὶ
2921 2598 3205 2661 παντελῶς
3255 2597 3440 2668 (ιθι
3474 2596 3527 2667 b)
3561 2594 3770 2664 ἄναρχον

2203 2689 2428 2762 (οὐγὰρ
2455 2688 2571 2761 ἔχει
2602 2708 2654 2744 τι
2701 2690 2809 2760 πρὸ
2839 2688 3007 2744 αὑτοῦ
3041 2688 3138 2745 καὶ
3179 2687 3388 2759 μεῖζον,
3439 2684 3568 2741 οὔτε
3605 2701 3658 2737 τι
3688 2682 3770 2735 σὺν

2203 2781 2355 2854 αὑτῷ
2379 2784 2476 2836 καὶ
2509 2782 2647 2848 ἴσον,
2674 2781 2800 2837 οὔτε
2842 2800 2896 2836 τι
2929 2784 3047 2854 μετῖ
3073 2780 3228 2847 αὐτὸ,
3272 2779 3369 2834 καὶ
3409 2774 3763 2848 παραμετρεῖ-

2198 2873 2331 2930 σθαι
2363 2873 2455 2928 καὶ
2485 2877 2687 2947 χωρεῖν
2710 2874 2847 2943 αὐτὸ
2866 2873 3211 2945 δυνάμενον),
3238 2872 3483 2942 ἄναρχον
3505 2869 3563 2923 δὲ
3594 2868 3769 2934 πάντη,

2202 2969 2286 3023 ὅτι
2317 2969 2412 3022 καὶ
2431 2968 2731 3038 ἀγέννητον
2745 2962 2948 3038 πάντη,
2966 2966 3265 3035 ἀγέννητον
3285 2963 3344 3017 δὲ
3367 2964 3573 3032 πάντη,
3600 2960 3678 3013 ὅτι
3691 2956 3771 3011 καὶ

2124 3826 2197 3840 _

500 3886 588 3941 Ea:
625 3850 811 3942 eodeni
857 3903 1101 3941 sermone
1129 3888 1186 3941 in
1216 3886 1357 3942 illud
1386 3904 1405 3942 :
1437 3908 1455 3939 ι
1477 3887 1619 3943 Nam
1655 3889 1704 3943 si
1738 3889 1794 3944 id
1833 3891 1973 3960 quod
1992 3850 2099 3946 (non

2223 3893 2327 3946 Ἐκ
2347 3887 2460 3944 τοῦ
2482 3886 2673 3943 αὐτοῦ
2707 3885 2918 3956 λόγου.
2938 3887 3027 3951 εις
3061 3883 3153 3948 τὸ,
3188 3902 3208 3935 ι
3245 3883 3316 3937 El
3349 3880 3465 3951 γὰρ
3507 3879 3575 3935 τὸ
3605 3876 3684 3948 μὴ
3712 3873 3773 3927 ὃν

575 3990 652 4034 est
701 3997 967 4051 nusquam
992 3988 1090 4047 est,
1129 3996 1194 4035 ne
1222 3989 1301 4034 est
1339 3982 1551 4052 quidem
1587 3981 1830 4051 fortasse.
1885 3980 2108 4048 Quodsi

579 4072 773 4127 alicubi
822 4088 934 4126 esse
979 4073 1200 4136 dixeris,
1237 4072 1424 4141 procul
1462 4074 1642 4139 dubio,
1679 4074 2107 4146 quandoquidem

577 4173 676 4231 est,
716 4164 800 4219 vel
835 4166 889 4219 in
916 4167 1160 4221 universo
1193 4167 1307 4233 est,
1339 4166 1426 4226 ,υει
1456 4184 1625 4238 supra
1651 4168 1976 4224 uniuersum.
2007 4188 2026 4221 ι

576 4277 697 4345 Qua
733 4277 803 4334 de
843 4292 1032 4343 causa,
1076 4278 1316 4334 audiens
1358 4278 1600 4337 fortasse
1626 4280 1867 4350 inquiet,
1904 4280 2099 4336 inver-

506 4372 723 4427 sionem
773 4370 1074 4442 ancipitem
1115 4370 1381 4442 magister
1429 4371 1640 4443 posuit,
1691 4370 1886 4427 addito
1937 4390 1956 4423 ι
1988 4371 2102 4426 lor-

507 4474 655 4520 tasse
678 4482 698 4515 ι
724 4463 1034 4521 adverbio?
1052 4479 1181 4520 cum
1208 4464 1279 4520 de
1305 4463 1676 4521 rationalibus
1698 4464 2101 4536 suppositioni-

506 4557 616 4613 bus
635 4573 803 4614 nemo
816 4574 931 4615 non
953 4558 1180 4615 dubitet
1202 4559 1339 4630 quin
1358 4559 1484 4632 jure
1507 4559 1739 4615 omnino
1761 4559 2102 4614 concedatur

2277 3978 2573 4051 οὐδαμοῦ,
2611 3978 2679 4034 τὸ
2720 3976 3004 4049 μηδαμοῦ
3060 3975 3253 4044 τυχὸν
3303 3971 3581 4041 οὐδὲ-ὃν,
3620 3973 3667 4023 sl
3714 3963 3773 4018 δὲ

2196 4108 2199 4115 -
2273 4076 2411 4130 ἐστι
2462 4088 2606 4138 που,
2656 4069 2927 4136 πάντως,
2992 4068 3240 4136 ἐπείπερ
3281 4066 3480 4131 ἐστιν,
3529 4061 3568 4133 ἢ
3600 4061 3666 4115 ἐν
3706 4054 3772 4121 τῷ

2275 4164 2478 4233 παντὶ,
2513 4165 2555 4235 ἠ
2576 4162 2734 4233 ὑπὲρ
2761 4162 2829 4217 τὸ
2856 4160 2982 4216 πᾶν
3019 4158 3119 4232 (5).

2280 4281 2361 4334 Δι’
2394 4280 2464 4351 ἢν
2500 4276 2706 4344 αἰτίαν,
2740 4274 2874 4339 ἴσως
2901 4276 2931 4328 ὁ
2958 4271 3177 4328 ἀκούων
3207 4273 3346 4344 ἐρεῖ,
3370 4270 3485 4342 Τὴν
3518 4270 3774 4334 ἀντιστρο-

2208 4374 2318 4445 φὴν
2369 4367 2674 4442 ἀμφίϐολον
2733 4366 2764 4418 ὁ
2810 4363 3134 4426 διδάσκαλος
3189 4361 3362 4425 ἔθετο,
3424 4358 3681 4433 προσθεὶς
3720 4352 3771 4445 τὸ

2215 4444 2234 4519 ι
2273 4444 2438 4536 τυχὸν
2476 4481 2495 4515 ι
2548 4461 2862 4532 ἐπίρρημα,
2904 4457 3041 4511 πᾶσι
3094 4455 3257 4527 δήλου
3294 4453 3474 4519 ὄντος,
3517 4451 3654 4506 κατὰ
3692 4444 3772 4505 τὰς

2207 4556 2433 4629 λογικάς
2458 4553 2771 4619 ὑποθέσεις,
2802 4551 2922 4617 τοῦ,
2967 4549 3029 4604 τὸ
3069 4544 3325 4620 μηδαμοῦ
3359 4545 3420 4600 ὂν
3470 4544 3605 4617 μηδὲ
3632 4536 3772 4619 εἶναι.

509 4649 567 4704 id
620 4664 738 4705 non
793 4664 919 4706 esse
969 4651 1122 4721 quod
1175 4629 1455 4721 nusquam
1504 4651 1600 4707 sit.
1645 4650 1749 4706 Cui
1794 4665 1899 4720 pro
1946 4649 2099 4706 exilis

2204 4651 2439 4714 δικαίως
2472 4646 2824 4701 παντάπασιν
2852 4635 3256 4715 ὁμολογεῖσθαι.
3311 4638 3457 4710 Πρὸς
3487 4637 3548 4690 ὃν
3579 4632 3708 4688 κατὰ
3726 4629 3775 4680 τὸ

510 4748 715 4796 nostrae
729 4740 1113 4813 intelligentiae
1131 4741 1439 4813 indigentia
1454 4741 1939 4814 respondebimus,
1957 4741 2106 4812 quod

513 4832 771 4887 Eunomii
803 4835 1036 4904 ejusque
1063 4833 1491 4904 discipulorum,
1538 4835 1638 4905 qui
1677 4835 1855 4890 Deum
1899 4849 1962 4890 ut
1989 4835 2108 4905 ipse

511 4935 570 4975 se
605 4921 788 4992 ipsum
822 4937 990 4978 nosse
1021 4923 1320 4994 jactarent,
1373 4922 1648 4977 insaniam
1688 4936 1955 4977 coercere
1985 4932 2106 4977 stu-

512 5015 651 5071 dens
682 5023 915 5087 propter
940 5014 1077 5070 tales
1103 5028 1392 5070 sermones
1420 5012 1475 5067 in
1497 5013 1763 5083 placitum
1799 5011 2104 5068 absurdum

514 5106 748 5178 redegit.
780 5109 893 5162 Aut
930 5106 1104 5172 enim,
1160 5121 1288 5161 cum
1340 5106 1516 5161 Deum
1558 5114 1823 5175 tanquam
1868 5105 1986 5174 ipse
2045 5118 2108 5159 se

516 5202 698 5271 ipsum
746 5214 914 5256 nosse
949 5199 1149 5255 dicunt
1185 5196 1566 5257 necessarium
1590 5197 1755 5268 plane
1785 5196 2013 5260 habent,
2043 5202 2105 5250 ut

516 5291 683 5347 etiam
723 5290 820 5346 ubi
854 5289 928 5346 sit
984 5305 1153 5361 quem
1203 5289 1395 5345 norint
1440 5288 1548 5358 ipsi
1573 5287 1955 5359 adjiciant,~in
1986 5288 2104 5358 ple-

519 5397 646 5437 nam
673 5381 885 5453 cogniti
916 5380 1498 5451 comprehensionem,
1524 5387 1585 5433 et
1619 5378 1696 5433 ita
1713 5378 1855 5433 nihil
1879 5378 2107 5433 omnino

520 5476 589 5534 ab
622 5475 1009 5533 exsistentium
1042 5474 1160 5531 ullo
1196 5472 1502 5530 secundum
1537 5473 1688 5542 ipsos
1721 5471 1871 5527 Deus
1899 5471 2106 5539 diﬂ‘ert,

2209 4740 2313 4811 τῆς
2353 4738 2580 4810 πτωχῆς
2631 4735 2792 4808 ἡμῶν
2841 4733 3082 4797 διανοίας
3138 4729 3351 4793 ὲπιδεὲς
3405 4726 3657 4799 ἐροῦμεν,
3705 4722 3772 4773 ὅτι

2212 4832 2479 4904 Εὐνόμιον
2508 4832 2612 4884 ⁴καὶ
2639 4829 2767 4892 τοὺς
2793 4829 2932 4899 ἀμφ’
2956 4825 3140 4891 αὑτὸν,
3172 4823 3437 4892 λέγοντας
3476 4819 3672 4874 ειδέναι
3698 4812 3772 4864 τὸν

2210 4926 2347 4981 Θεὸν
2380 4925 2457 4988 ὡς
2487 4923 2653 4987 αὐτὸς
2677 4920 2893 4987 ἑαυτὸν,
2948 4919 3050 4991 τ’ἦς
3079 4917 3283 4988 πολλῆς
3313 4916 3560 4985 ἐπισχεῖν
3604 4906 3772 4981 μανίας

2212 5016 2540 5090 βουλόμενος
2611 5016 2693 5078 εἰς
2755 5014 2959 5069 ἄτοπον
3009 5011 3171 5076 δόξαν
3221 5008 3313 5063 διὰ
3380 5006 3490 5061 τῶν
3540 5000 3774 5090 τοιούτων

2211 5086 2473 5178 ἀπήγαγε
2504 5104 2704 5173 λόγων.
2756 5104 2830 5157 Ἤ
2856 5102 2968 5174 γὰρ
3015 5101 3275 5170 λέγοντας
3318 5097 3517 5153 εἰδέναι
3545 5093 3634 5147 τὸν
3660 5086 3770 5142 θεὸν

2211 5199 2289 5263 ὡς
2327 5196 2497 5260 αὐτὸς
2524 5195 2742 5261 ἑαυτὸν,
2771 5195 2871 5249 καὶ
2909 5195 2971 5249 τδ
3003 5192 3107 5247 ποῦ
3137 5193 3245 5264 χρὴ
3276 5191 3370 5246 τδν
3396 5186 3770 5261 γινωσκόμενον

2213 5289 2355 5347 εἶναι
2409 5290 2787 5361 προσεπάγειν
2838 5287 3044 5351 αὐτοὺς
3097 5285 3321 5349 πάντως
3375 5283 3606 5352 ἀνάγκη,
3654 5273 3777 5345 πρὸς

2214 5382 2431 5437 τελείαν
2469 5379 2567 5434 τοῦ
2596 5380 3006 5451 γινωσκομένου
3021 5379 3069 5411 ³⁸
3114 5374 3444 5447 κατάληψιν,
3502 5372 3595 5427 καὶ
3637 5364 3770 5420 οὐδὲν

2215 5470 2436 5535 οὐδενὸς
2481 5468 2595 5523 τῶν
2650 5468 2822 5523 ὅντων
2845 5469 2908 5524 τὸ
2941 5467 3213 5541 παράπαν
3241 5465 3389 5522 οὕτω
3410 5481 3476 5537 γε
3520 5458 3764 5530 διενήνοχε

1836 5604 2073 5661 νΑΙῖΙᾹΞ
2113 5603 2524 5661 LECTIONES.

613 5703 662 5739 ’⁸
690 5703 894 5759 Eadem
938 5718 1136 5759 manus
1164 5702 1220 5756 in
1250 5700 1375 5756 cod.
1407 5697 1551 5754 Gud.
1594 5714 1765 5771 marg.
1784 5698 1955 5756 rubro
1982 5699 2281 5770 adscripsit
2311 5698 2738 5772 σημαινομένου.

594 5821 672 5894 (3)
699 5821 852 5878 Idem
879 5820 1007 5877 ibid.
1038 5836 1158 5891 cap.
1193 5819 1282 5886 £0,
1316 5835 1372 5888 p.
1404 5816 1526 5873 502.
1559 5815 1699 5888 Opp.
1730 5818 1863 5874 edit.
1897 5818 2101 5875 Bened.
2137 5828 2269 5874 tom.
2302 5818 2347 5874 l.
