4012 6366
413 403 549 474 1233

1646 409 1880 469 AMBIG
1894 408 2161 469 UORL’M
2204 407 2455 466 LIBER.

3542 383 3679 451 1234

407 525 531 578 κατ’
559 524 754 586 αύτοὶρς
774 522 802 575 ὁ
826 522 978 584 Θεὸς,
1013 520 1162 591 τόπῳ
1194 522 1285 576 καῖ
1302 521 1462 583 αύτδς
1486 524 1983 593 περιγραφόμενος,

2095 523 2210 590 ipse
2231 520 2353 574 loco
2381 515 2861 584 circumscriptus,
2886 528 2995 581 quo
3020 510 3160 564 nihil
3182 507 3484 563 absurdius
3502 507 3674 559 foret:

404 605 471 668 οὗ
494 613 547 667 τί
570 611 770 681 γένοιτ’
802 611 867 665 ἂν
898 610 1244 682 ἀτοπώτερον
1270 629 1282 675 ;
1320 611 1352 679 ῆ
1386 613 1458 681 μὴ
1485 611 1745 680 λέγοντας
1790 613 1913 679 ποῦ,
1947 614 1980 683 ἢ

411 704 549 774 μηδὲ
583 700 725 757 εἶναι
758 703 821 755 τὸ
855 702 1076 755 σύνολον
1109 702 1312 769 λέγειν,
1369 704 1508 756 κατὰ
1549 703 1647 773 τὴν
1693 704 1857 757 αὑτοῦ
1886 704 1983 757 τοῦ

406 796 564 863 λόγου
599 794 877 855 ὑπόθεσιν,
910 788 971 847 οὗ
992 793 1046 846 τί
1079 792 1296 861 γένοιτ’
1335 794 1401 846 ἂν
1445 793 1787 864 ἀθεώτερον;
1844 797 1986 863 (πῶς

405 887 515 958 γάρ
546 888 642 939 καὶ
669 882 853 956 (192
883 884 936 955 α)
974 885 1026 937 τί
1071 885 1138 938 ἂν
1170 885 1255 954 εἴη
1298 886 1357 937 τὸ
1390 886 1463 956 μὴ
1506 887 1723 949 πάντως
1782 903 1881 939 που
1927 890 1988 939 τὸ

409 970 548 1029 εἶναι
583 975 819 1046 ἔχον;)ἢ
856 976 1075 1039 πάντως
1126 971 1268 1028 εἶναι
1317 975 1376 1040 ἐξ
1419 975 1667 1047 ἀνάγκης
1711 978 1907 1039 αὐτοὺς
1953 980 1987 1047 ἡ

408 1067 706 1122 ἀκολουθία
749 1066 844 1120 τοῦ
875 1067 1036 1135 λϐγου
1072 1068 1254 1135 λέγειν
1303 1068 1549 1137 βιάζεται
1591 1069 1684 1122 καὶ
1728 1069 1984 1139 μηδαμοῦ

408 1154 571 1224 εἶναι,
602 1158 697 1211 καὶ
746 1157 837 1211 διὰ
881 1158 1040 1211 τοῦτο
1096 1158 1238 1211 εἶναι
1302 1160 1401 1228 μὲν
1470 1161 1564 1212 καὶ
1604 1159 1871 1231 ὑπάρχειν
1929 1160 1989 1213 τὸ

406 1252 585 1314 Θεῖον,
618 1250 671 1303 τί
699 1252 756 1304 δὲ
791 1245 931 1304 εἶναι
983 1251 1077 1304 καὶ
1110 1251 1378 1321 ὑπάρχειν
1411 1251 1486 1322 μὴ
1520 1251 1736 1305 εἰδέναι.
1791 1254 1851 1305 Εἰ
1879 1255 1988 1321 γὰρ

409 1339 470 1390 τ¹>
496 1338 598 1391 ποῦ
624 1340 683 1393 τὺ
712 1339 864 1393 Θεῖον
893 1335 1034 1394 εἶναι
1065 1342 1186 1393 κατ’
1232 1341 1432 1405 αὐτοὺς
1461 1342 1758 1411 ἄγνωστον,
1806 1342 1988 1412 πολλῷ

414 1428 614 1498 μᾶλλον
643 1430 773 1483 αὐτὸ
795 1430 855 1483 τὸ
888 1429 1062 1495 Θεῖον,
1090 1432 1120 1484 ὅ
1154 1430 1206 1484 τί
1238 1446 1372 1484 ποτε
1404 1433 1524 1485 κατ’
1573 1432 1761 1484 ούσίαν
1816 1433 1985 1495 ἐστὶν,

412 1518 825 1591 ἀγνωστότερον
848 1518 1022 1574 ἔσται.
1071 1519 1163 1573 Διὸ
1196 1520 1343 1591 μηδέ·
1378 1537 1480 1574 που
1528 1516 1666 1574 εἶναι
1695 1520 1756 1573 τὸ
1794 1522 1869 1592 μὴ
1902 1539 1989 1589 γι-

410 1610 759 1681 νωσκόμενον
811 1610 1172 1674 εύσεϐοῦντας
1237 1611 1437 1691 αὐτούς
1492 1611 1706 1681 ἀνάγκη
1769 1612 1989 1675 πάντως

409 1702 718 1772 ὁμολογεῖν.
746 1701 845 1755 Διὰ
874 1701 1101 1773 ταύτην,
1142 1702 1218 1766 ὡς
1269 1698 1446 1773 οἶμαι,
1484 1702 1588 1774 τὴν
1641 1702 1823 1757 αἰτίαν
1851 1720 1990 1772 συμ-

412 1793 848 1865 περιφερόμενος
900 1795 1000 1864 μὲν
1034 1796 1147 1858 τοῖς
1209 1794 1340 1865 περὶ
1387 1793 1653 1866 Εὐνόμιον
1701 1794 1987 1865 ἀμφέϐαλε

2091 619 2207 673 aut,
2254 610 2302 663 si
2359 624 2486 662 cum
2545 620 2815 673 nusquam
2849 604 2935 656 vel
2983 616 3212 672 prorsus
3257 614 3366 652 non
3406 597 3678 649 exsistere

2091 708 2369 763 statuunt,
2411 697 2717 753 secundum
2749 696 2925 773 ipsius
2957 694 3189 748 rationis
3214 690 3676 762 suppositionem,

2092 790 2224 859 quid
2262 791 2407 844 foret
2432 789 2604 859 magis
2633 786 2910 857 impium?
2942 783 3241 855 (quomodo
3269 782 3416 836 enim
3457 795 3680 848 compa-

2093 891 2271 935 ratum
2310 888 2366 935 ct
2397 880 2530 950 quid
2566 889 2715 934 esset
2749 878 2897 947 quod
2932 877 3161 930 omnino
3190 873 3391 927 alicubi
3421 887 3543 926 esse
3567 885 3677 923 non

2094 969 2381 1040 haberet?)
2424 976 2520 1023 aut
2553 969 2716 1038 plane
2745 964 3062 1021 necessario
3112 978 3235 1017 esse
3269 977 3398 1017 eum
3448 958 3684 1013 rationis

2090 1059 2491 1131 consequentia
2542 1066 2789 1112 statuere
2819 1056 2943 1109 illos
2964 1055 3128 1125 cogit,
3152 1064 3207 1109 et
3233 1067 3504 1122 nusquam
3528 1066 3673 1111 esse,

2090 1167 2299 1221 perque
2339 1151 2447 1204 hoc
2499 1164 2621 1204 esse
2657 1147 2882 1218 quidem
2923 1154 2981 1201 ct
3020 1145 3288 1200 exsistere
3316 1144 3513 1207 Deum,
3544 1141 3689 1212 quid

2090 1250 2276 1296 autem
2321 1241 2395 1295 sit
2439 1250 2495 1295 ct
2526 1240 2755 1295 exsistat
2787 1254 2846 1293 se
2877 1253 2987 1291 non
3020 1252 3203 1291 nosse.
3247 1235 3305 1290 Si
3355 1233 3503 1290 enim
3546 1233 3675 1289 ubi—

2089 1349 2217 1399 nam
2258 1333 2332 1387 sit
2356 1334 2503 1387 Deus
2531 1330 2770 1402 ignorari
2798 1338 3069 1393 statuunt,
3097 1328 3269 1382 multo
3290 1326 3465 1398 magis
3495 1326 3675 1397 ipsum

2089 1426 2307 1481 Numen
2339 1424 2605 1479 divinum
2623 1420 2891 1494 quidnam
2924 1421 3227 1477 secundum
3255 1420 3553 1475 essentiam
3583 1419 3676 1481 sit;

2092 1518 2458 1590 ignorabitur.
2493 1517 2676 1585 Quare
2702 1518 2745 1572 si
2791 1516 3047 1587 religiose
3071 1523 3125 1570 ct
3160 1515 3250 1585 pie
3271 1529 3431 1585 agere
3461 1514 3675 1576 volunt,

2091 1609 2239 1680 quod
2296 1609 2583 1680 ignoratur
2619 1590 2722 1662 nec
2764 1602 3405 1677 usquam-esse’omnino
3441 1619 3680 1659 consen-

2091 1701 2197 1756 tire
2227 1700 2533 1756 debebunt.
2572 1700 2650 1754 De
2703 1699 2830 1765 hac,
2889 1706 2953 1753 ut
2994 1697 3256 1759 arbitror,
3293 1711 3457 1751 causa
3488 1696 3677 1750 Euno»

2092 1792 2297 1847 mianis
2339 1791 2682 1862 morigerans
2711 1790 3027 1844 inversione
3058 1804 3155 1844 eos
3180 1786 3676 1857 induitmagister,

409 1885 511 1955 τὴν
537 1886 902 1958 ἀντιστροφὴν
932 1889 960 1941 ὀ
990 1887 1311 1950 διδάσκαλος
1331 1927 1348 1954 ,
1380 1887 1440 1941 τὸ
1493 1905 1512 1939 ι
1550 1888 1713 1958 τυχὸν
1752 1907 1770 1939 ι
1823 1889 1983 1960 ἐπίρ-

2095 1883 2354 1939 adverbio
2407 1902 2425 1934 ι
2454 1882 2686 1937 fortasse
2716 1902 2733 1933 ι
2780 1881 2982 1951 posito,
3018 1880 3291 1949 nobisque
3324 1877 3682 1933 consideran-

415 1979 567 2047 ρημα
596 1976 847 2047 θέμενος,
891 1978 985 2032 καὶ
1028 1980 1159 2050 ἡμῖν
1207 1978 1637 2050 καταλιμπάνων
1683 1983 1824 2035 νοεῖν
1874 1981 1988 2035 ὃτι·-

413 2085 525 2140 περ
558 2068 621 2122 οὐ
657 2070 878 2133 πάντως
928 2070 989 2124 τὸ
1050 2071 1302 2141 μηδαμοῦ
1353 2070 1415 2124 τδ
1456 2072 1679 2143 μηδαμῆ
1725 2072 1989 2142 μηδαμῶς

406 2157 473 2218 ὃν
494 2160 724 2229 εἰσάγει.
757 2159 890 2213 Θεδν
912 2160 1021 2232 γάρ
1052 2163 1210 2231 ἡμεῖς
1250 2157 1391 2215 εἷναί
1425 2179 1627 2234 φαμεν,
1662 2165 1755 2217 καὶ
1814 2162 1990 2233 μηδα-

418 2248 522 2317 μοῦ
552 2250 864 2318 τυγχάνειν,
899 2250 978 2320 τῷ
1006 2250 1082 2322 μὴ
1108 2251 1184 2314 ὠς
1236 2251 1295 2305 ὲν
1322 2252 1473 2321 τόπῳ
1518 2251 1793 2315 οιίσιωδῶς
1847 2251 1991 2304 κατὰ

412 2340 516 2407 τὴν
549 2330 791 2411 ὕπαρξιν
821 2341 1281 2411 περιγράφεσθαι,
1323 2342 1419 2396 καὶ
1457 2341 1677 2406 πάντως
1707 2338 1867 2405 εἶναι,
1913 2341 1989 2410 τῷ

418 2432 496 2502 μὴ
521 2432 730 2486 δεῖσθαι
759 2433 1038 2496 παντελῶς
1069 2433 1168 2488 τοῦ
1190 2434 1396 2498 παντὸς
1423 2434 1535 2488 τῶν
1563 2434 1735 2489 ὃντων
1764 2436 1901 2507 προς
1935 2434 1992 2487 τὸ

413 2522 578 2590 εἶναι,
605 2519 680 2579 ὦν
701 2528 872 2597 χωρὶς
902 2527 996 2579 καὶ
1029 2522 1097 2597 ἧν
1118 2526 1215 2579 καὶ
1252 2526 1387 2590 ἔστι,
1425 2527 1519 2579 καὶ
1566 2528 1651 2581 ἀεὶ
1710 2523 1850 2580 εἶναι
1899 2527 1991 2579 δυ-

412 2620 669 2690 νήσεται,
703 2618 900 2688 μᾶλλον
928 2619 983 2671 δὲ
1019 2618 1174 2672 ἐστιν
1217 2620 1322 2673 ἀεί.
1365 2621 1438 2675 Οὐ
1468 2619 1578 2691 γὰρ
1607 2619 1757 2673 θέσιν
1790 2621 1902 2690 ἔχει
1923 2620 1992 2674 τὰ

411 2710 546 2762 ὄντα
571 2710 601 2762 ὁ
640 2711 735 2763 καὶ
764 2709 895 2780 πρὶν
913 2707 1054 2763 εἶναι
1083 2709 1150 2762 τὰ
1171 2709 1302 2764 ὂντα
1328 2710 1613 2783 ὑπάρχων.
1639 2712 1702 2764 Ei
1732 2711 1842 2781 γὰρ
1861 2713 1991 2781 παρ’

414 2802 549 2869 ἡμῖν
568 2801 669 2855 οὐκ
698 2803 756 2855 ὲν
783 2803 897 2865 τοῖς
925 2803 1201 2872 τεχνητοῖ;
1228 2804 1447 2866 πάντως
1473 2803 1534 2856 τὸ
1554 2799 1693 2857 εἶναι
1724 2804 1865 2857 κατὰ
1892 2801 1993 2874 τὴν

414 2890 647 2961 ὓπαρξιν
663 2891 1039 2954 ὑπστατικῶς
1059 2892 1269 2963 ἔχουσιν
1283 2896 1330 2946 οἱ
1357 2895 1593 2965 τεχνῖται
1620 2910 1995 2965 περιγεγραμ-

415 2985 579 3054 μένον
609 2987 672 3039 τδ
704 2986 1058 3057 φθειρόμενον
1088 2988 1246 3041 τοῦτο
1282 2991 1541 3060 πρᾶγμα,
1570 2990 1667 3043 καὶ
1698 2989 1993 3061 ἀληθέστε-

413 3093 508 3144 ρον
542 3078 748 3148 κυρίως
777 3081 952 3132 εἰπεῖν
988 3080 1254 3150 μηδέποτε
1277 3080 1358 3147 ὃν,
1390 3081 1442 3134 τί
1475 3079 1542 3135 ἄν
1562 3098 1646 3145 τις
1687 3081 1820 3152 φαίη
1864 3081 1993 3151 περὶ

407 3170 512 3237 τῆς
560 3171 804 3241 ἀρρήτου
864 3171 958 3225 καὶ
1002 3172 1284 3240 ἀγνώστου
1353 3173 1450 3227 καὶ
1498 3173 1784 3245 ὰχωρήτου
1824 3174 1989 3226 πᾶσιν

408 3259 616 3328 ὁμοίως
648 3264 743 3314 καὶ
774 3260 861 3315 ἀεὶ
881 3262 1147 3327 ὡσαύτως
1169 3264 1399 3335 ἐχούσης
1423 3264 1709 3328 δυνάμεως
1737 3282 1754 3331 ;

416 3444 520 3497 Ἕκ
546 3443 656 3498 τοῦ
675 3446 862 3502 αὐτοῦ
882 3447 1090 3518 λόγου,
1118 3451 1206 3516 εἷς
1226 3450 1313 3514 τὸ,
1344 3469 1363 3502 ι
1391 3451 1529 3506 Elea
1571 3455 1877 3522 φαντασία
1898 3473 1987 3520 τις

416 3552 439 3569 ’κ
477 3536 561 3610 ἦν
581 3539 854 3608 ήμερινή,
884 3541 1007 3595 εἴτε
1022 3542 1243 3609 νυκτὸς
1263 3544 1539 3614 ἀψευδὴς
1552 3546 1714 3615 ὄψις,
1738 3547 1860 3602 εἴτε
1879 3548 1986 3602 τοῦ

481 3632 840 3701 ἡγεμονικοῦ
874 3634 1160 3701 τύπωσις,
1202 3638 1659 3709 συγγινομένσυ·
1688 3639 1811 3706 τοῖς
1844 3638 1988 3710 μέλ-

482 3726 708 3777 λουσιν
735 3724 817 3790 ὡς
843 3725 1146 3795 παροῦσιν
1162 3727 1261 3798 (4).
1293 3748 1312 3782 ι

484 3816 706 3895 ’Ᾱκρως
752 3816 1055 3888 καθαρθεὶς
1102 3819 1214 3873 τῶν
1264 3817 1346 3884 οἷς
1388 3819 1719 3890 μολύνεσθαι
1770 3819 1984 3890 πέφυκε

403 3905 520 3960 τῶν
549 3906 851 3979 ἀνθρώπων
875 3911 910 3981 ἡ
951 3908 1114 3979 φύσις
1134 3913 1161 3965 ὁ
1185 3912 1458 3983 μακάριος
1499 3908 1654 3977 οὗτος
1685 3915 1875 3986 Πατὴρ
1898 3915 1987 3969 διὰ

404 3997 512 4066 τῆς
544 4000 860 4070 πρακτικῆς
896 4000 1234 4071 φιλοσοφίας,
1267 4004 1450 4075 (192
1508 4005 1558 4075 (7)
1592 4006 1686 4059 καὶ
1730 4005 1822 4059 τὸν
1861 4007 1985 4060 νοῦν

403 4088 479 4141 δι’
504 4089 628 4143 ὅλου
658 4090 920 4156 ποιωθεὶς
942 4092 1019 4163 τῷ
1051 4094 1191 4164 ἁγίῳ
1225 4095 1505 4163 Πνεύματι
1535 4099 1658 4160 ταῖς
1703 4098 1985 4163 ἐπιϐολαῖς

404 4178 522 4232 τῶν
549 4179 710 4235 θείων
751 4181 1147 4253 θεωρημάτων,
1175 4183 1263 4239 διὰ
1298 4189 1396 4257 τῆς
1440 4188 1676 4259 ἀληθοῦς
1720 4190 1860 4243 κατὰ
1887 4191 1986 4260 τὴν

405 4268 611 4338 γνῶσιν
639 4273 1048 4342 μυσταγωγίας,
1074 4269 1162 4328 οἷα
1182 4275 1248 4347 δὴ
1276 4276 1344 4330 τά
1369 4277 1460 4331 ἴσα
1486 4281 1598 4344 τοῖς
1632 4280 1813 4348 ἁγίοις
1853 4298 1987 4351 προ-

403 4363 613 4430 φήταις
643 4363 853 4429 παθὼν,
886 4365 955 4420 τὰ
984 4365 1099 4439 εἴδη
1126 4369 1227 4440 τῆς
1269 4373 1614 4442 προφητείας
1664 4373 1723 4426 ὲν
1775 4374 1985 4435 τούτοις

402 4454 541 4523 ἡμῖν
573 4455 986 4527 ἀπηρίθμησεν.ο
1028 4453 1124 4522 Οἷς
1169 4460 1329 4532 είπερ
1379 4464 1441 4516 τὸ
1474 4462 1587 4516 δεῖν
1608 4462 1746 4528 ὅλως
1779 4464 1985 4537 τολμᾷν

403 4542 551 4599 οὕτω
584 4547 941 4618 μεγαλοφυῶς
990 4567 1050 4604 τε
1094 4553 1188 4607 καὶ
1229 4553 1597 4619 ἐνθεαστικῶς
1645 4559 1983 4629 εἰρημένοις,

404 4636 505 4690 καὶ
542 4639 761 4693 πάντων
790 4640 899 4697 τῶν
932 4642 1006 4713 μὴ
1029 4644 1289 4698 τοιούτων
1317 4641 1427 4712 οἷος
1465 4648 1629 4713 αὐτὸς
1656 4645 1726 4721 ἦν
1754 4652 1783 4703 ὁ
1834 4651 1984 4705 διδά-

2019 3261 2059 3318 C

2090 1977 2224 2032 dum
2276 1976 2527 2047 reliquit,
2562 1975 2710 2047 quod
2750 1990 3101 2045 nequaquam
3132 1974 3199 2028 Μ’
3226 1973 3373 2043 quod
3409 1988 3679 2042 nusquam

2092 2069 2321 2124 exsistat
2365 2068 2591 2124 omnino
2630 2068 2898 2123 exsistere
2933 2067 3141 2138 neget?
3180 2067 3352 2121 Deum
3393 2064 3540 2119 enim
3576 2071 3681 2117 nes

2092 2178 2213 2217 esse
2261 2162 2520 2227 dicimus,
2578 2170 2636 2216 et
2686 2176 2959 2231 nusquam
2990 2175 3133 2224 esse,
3181 2159 3307 2229 quia
3356 2173 3486 2221 non,
3520 2156 3676 2227 quasi

2095 2253 2150 2307 in
2184 2253 2328 2318 loco;
2372 2251 2745 2307 esscntialiter
2793 2249 3100 2305 secundum
3154 2247 3523 2303 substantiam
3574 2244 3682 2300 cir-

2093 2344 2507 2410 cumscribitur,
2559 2352 2631 2400 et”
2661 2342 3075 2406 esse'omnino,
3119 2340 3245 2411 quia
3292 2347 3411 2395 tota
3460 2337 3682 2391 univcr-

2094 2441 2255 2496 sitatc
2305 2456 2497 2495 eorum
2532 2455 2653 2510 quae.
2694 2446 2824 2493 sunt
2856 2424 3018 2507 plane
3068 2450 3178 2490 non
3229 2442 3356 2505 eget
3400 2433 3468 2487 ad
3522 2447 3678 2487 suam

2094 2532 2499 2598 cxsistentiam,
2533 2533 2652 2587 sine
2678 2531 2883 2600 quibus
2908 2537 2962 2583 et
2988 2536 3130 2593 erat,
3153 2535 3209 2581 et
3230 2535 3333 2591 est,
3376 2534 3433 2580 et
3461 2539 3680 2595 semper

2096 2641 2218 2682 esse
2264 2626 2491 2697 poterit,
2554 2624 2639 2679 vel
2686 2625 2873 2692 potius
2918 2636 3138 2690 semper
3181 2626 3286 2673 est.
3328 2617 3504 2673 Haud~
3531 2616 3677 2671 enim

2092 2712 2194 2789 pro
2234 2718 2511 2790 positione
2551 2717 2728 2771 utitur
2757 2714 2838 2770 eis
2872 2729 2995 2786 qua:
3017 2721 3157 2767 sunt
3180 2712 3273 2783 qui
3304 2710 3389 2766 vel
3421 2709 3682 2765 antc‘i‘uit

2074 2826 2257 2881 -quam
2293 2812 2410 2881 ipsa
2445 2826 2566 2880 qum
2607 2817 2755 2864 sunt.
2791 2808 2924 2863 Nam
2957 2807 3002 2862 si
3034 2821 3204 2877 penes
3226 2819 3328 2858 nos
3358 2805 3415 2857 in
3447 2800 3563 2856 suis
3592 2817 3681 2855 ar-

2096 2900 2280 2955 tiﬁciis
2336 2898 2759 2954 substantialem
2807 2898 3183 2952 exsistentiam
3225 2894 3468 2949 artiﬁces
3519 2886 3680 2963 plane

2094 3006 2204 3044 non
2229 2991 2436 3045 habent
2458 2988 2951 3061 circumscriptam,
2982 3005 3098 3044 rem
3122 2988 3469 3043 interituram
3496 2987 3677 3050 istam,

2095 3090 2151 3135 et
2182 3098 2305 3152 quae
2328 3081 2516 3136 verius
2536 3097 2818 3152 nunquam
2840 3095 2960 3135 esse
2976 3080 3276 3144 diceretur,
3293 3078 3449 3149 quid,
3473 3092 3677 3148 qumso,

2097 3176 2164 3231 de
2186 3176 2467 3230 ineffabili”
2489 3184 2544 3231 et
2578 3175 2856 3246 incognita
2884 3184 2938 3229 ct
2965 3175 3225 3229 omnibus
3250 3173 3457 3244 pariter
3482 3172 3682 3244 imper‘

2095 3268 2339 3337 ceptibili
2380 3284 2443 3322 ac
2478 3282 2698 3338 semper
2734 3267 2931 3322 eadem
2961 3274 3232 3336 potestate
3274 3264 3515 3320 dixeris?

2098 3454 2176 3510 (2‘1:
2216 3455 2392 3509 eodem
2436 3472 2698 3527 sermone,
2735 3457 2788 3509 iu
2816 3454 2995 3509 illud:
3037 3474 3053 3505 ι
3094 3454 3213 3510 Sive
3237 3455 3488 3509 diurnum
3514 3453 3681 3525 quod-

2163 3548 2287 3601 dam
2313 3540 2736 3617 erat‘spcrtrum.
2762 3549 2868 3602 sive
2889 3549 3105 3602 minime
3136 3547 3308 3617 fallax
3339 3548 3502 3601 noctis
3528 3548 3676 3612 visio,

2157 3639 2264 3692 sive
2307 3639 2505 3709 prmia
2535 3639 2780 3710 quaedam
2812 3640 2998 3693 mentis
3027 3640 3323 3711 impressio,
3351 3638 3532 3709 futura
3560 3645 3683 3692 tan-

2156 3747 2314 3801 quam
2360 3732 2643 3802 prwsentia
2658 3794 2661 3799 ι
2676 3722 2945 3785 exhibens.
2974 3750 2992 3781 ι

2157 3820 2361 3876 Beatus
2412 3821 2502 3876 hic
2547 3821 2709 3877 Pater
2762 3821 2831 3875 iis
2883 3822 3085 3892 quibus
3135 3821 3423 3876 hominum
3480 3828 3677 3876 natura

2088 3924 2492 3984 conspurcatur
2542 3930 2642 3985 per
2694 3915 2952 3982 activam,
3000 3932 3120 3986 qua:
3161 3915 3387 3981 dicitur,
3430 3915 3677 3985 philoso-

2088 4007 2277 4077 phiam
2326 4008 2553 4078 penitus
2590 4019 2877 4081 purgatus,
2925 4025 2989 4064 ac
3021 4017 3204 4063 mente
3255 4023 3285 4063 a
3331 4017 3521 4063 sancto
3553 4007 3677 4078 Spi-

2088 4102 2199 4155 ritu
2228 4101 2544 4157 divinarum
2576 4094 3106 4174 contemplationem
3137 4103 3438 4175 propositis
3463 4112 3531 4158 ex
3562 4112 3690 4158 toto.

2088 4200 2452 4263 przeparatus,
2504 4209 2602 4264 per
2653 4202 2842 4248 Veram
2901 4190 3235 4264 cognitionis
3284 4192 3673 4255 initiationem,

2088 4281 2295 4350 quippe
2337 4281 2532 4335 eadem
2574 4288 2740 4351 atque
2773 4282 2947 4338 sancti
2985 4282 3272 4352 prophetae
3302 4297 3517 4353 passus,
3551 4297 3680 4351 pro-

2088 4369 2291 4438 phetia!
2330 4370 2544 4440 species
2594 4370 2649 4424 in
2674 4369 2763 4424 his
2794 4368 2959 4426 nobis
2991 4369 3358 4426 enumeravit.
3403 4369 3535 4437 Quae
3567 4376 3677 4423 tam

2088 4461 2380 4532 magnifice
2447 4469 2613 4532 atque
2654 4461 2842 4517 divine
2893 4462 3271 4533 pronuntiata,
3325 4469 3381 4517 et
3426 4461 3674 4516 omnium

2087 4557 2185 4626 qui
2220 4571 2327 4610 non
2385 4556 2520 4612 tales
2560 4557 2742 4626 qualis
2776 4556 2892 4628 ipse
2927 4556 3190 4630 magister
3219 4556 3322 4613 fuit
3356 4557 3674 4612 facultatem

2088 4648 2430 4718 superantia,
2476 4648 2759 4719 suscipere
2803 4649 3216 4720 interpretanda
3245 4649 3449 4705 audere
3479 4650 3674 4704 saltem

406 4726 608 4793 σκαλος
640 4729 740 4801 τὴν
764 4731 994 4803 δύναμιν
1022 4734 1464 4807 ὑπερϐαίνουσιν,
1509 4715 1824 4795 ἐπιϐάλλειν
1867 4744 1979 4796 οἰό-

2095 4753 2191 4795 nos
2232 4740 2439 4796 debere
2472 4749 2764 4811 postquam
2789 4738 2926 4798 utile
2959 4741 3145 4796 visum
3180 4750 3287 4809 est,
3327 4742 3675 4813 conjectura-

410 4819 557 4889 μεθα
580 4823 871 4894 χρήσιμον,
897 4818 1289 4897 στοχαστικῶς,
1325 4829 1440 4883 ἀλλ’
1464 4831 1565 4886 οὐκ
1593 4833 1984 4903 άποφαντικῶς

404 4907 567 4963 τοῦτο
594 4912 863 4984 ποιητέον.
908 4909 1079 4986 Οῐμαι
1122 4919 1305 4974 τοίνυν
1361 4923 1739 4993 στοχαστικῶς
1800 4926 1985 4979 εἰπεῖν

407 5003 559 5058 κατὰ
571 5005 670 5077 τὴν
692 5007 831 5078 ἐμὴν
854 5010 1241 5080 ἁμόλυωπίαν,
1266 5032 1286 5066 ι
1316 5015 1614 5082 φαντασίαν
1661 5018 1932 5090 ἡμερινὴν
1962 5039 1978 5070 ι

405 5095 573 5150 αὑτὸν
612 5099 892 5170 εἰρηκέναι
932 5102 1030 5173 τὴν
1058 5102 1166 5158 τῶν
1196 5104 1545 5177 ἀπροσὼπως
1572 5110 1687 5174 τοῖς
1708 5111 1881 5179 ἁγίοις
1909 5112 1985 5175 ὡς

406 5186 439 5239 δ
463 5185 480 5206 9
792 5208 814 5222 ρ
1545 5199 1571 5212 ε

443 5205 461 5240 ι
506 5188 811 5260 αἰσθήσεω,
836 5192 1187 5263 ἀκουομένων
1220 5214 1612 5268 πνευματικως
1650 5203 1746 5255 καὶ
1794 5219 1984 5271 φαινο-

409 5274 586 5347 μένων
616 5280 791 5350 λόγων
823 5285 918 5337 καὶ
941 5288 1285 5357 πραγμάτων
1314 5289 1440 5359 ὄψιν
1473 5308 1533 5344 τε
1575 5292 1670 5345 καὶ
1700 5294 1983 5365 ἐνήχησιν.

405 5366 488 5419 οὐ
524 5368 633 5442 γὰρ
658 5370 723 5444 δὴ
754 5372 934 5455 λέγειν
978 5375 1138 5448 θέμις
1190 5379 1283 5432 ἐπὶ
1329 5379 1438 5433 τῶν
1469 5381 1632 5436 θείων
1676 5382 1738 5435 τὸ
1770 5383 1984 5455 θαυμα-

407 5456 537 5512 στὸν
552 5459 597 5492 ’τ
631 5460 849 5527 πάντως
884 5454 995 5518 δεῖν
1044 5471 1300 5539 παρεῖναι
1346 5470 1482 5541 πρὸς
1514 5470 1849 5527 διατύπωσιν
1883 5454 1983 5544 τῆς

2091 4832 2220 4888 liter
2245 4832 2372 4900 hoc,
2397 4849 2509 4888 non
2536 4834 2879 4890 enuntiative
2910 4835 3018 4890 erit
3052 4833 3389 4892 faciendum.
3419 4836 3677 4891 Arbitror

2094 4925 2283 4997 igitur,
2307 4935 2365 4982 ut
2402 4918 2535 4996 quid
2567 4926 2818 4997 suspicer
2848 4942 2950 4998 pro
2978 4927 3180 4984 hebete
3206 4944 3328 4984 meo
3355 4935 3411 4984 et
3435 4928 3674 4983 obtunso

2092 5017 2318 5089 ingenio
2352 5016 2639 5081 edicamﬂ
2662 5017 2926 5073 diurnum
2959 5026 3239 5090 spectrum
3264 5038 3282 5070 ι
3314 5034 3439 5074 cum
3470 5019 3673 5074 dixisse

2093 5108 2364 5163 visionem
2397 5115 2453 5163 et
2477 5109 2722 5163 Sonitum
2753 5111 2960 5165 sanctis
2989 5110 3125 5165 viris
3150 5119 3411 5181 tanquam
3431 5125 3530 5181 per
3548 5126 3675 5166 sen-

2094 5215 2217 5255 sum
2254 5201 2619 5271 spiritualitcr
2650 5203 2904 5258 auditum
2934 5219 2999 5259 ac
3027 5203 3206 5259 visum
3237 5218 3423 5259 rerum
3458 5218 3524 5258 ac
3550 5219 3675 5261 ver—

2098 5291 2316 5347 borum.
2363 5294 2442 5348 De
2485 5293 2690 5350 divinis
2720 5294 2867 5350 enim
2907 5311 3020 5351 non
3055 5296 3139 5353 fas
3172 5305 3258 5353 est
3285 5305 3526 5353 statuere
3563 5298 3670 5352 mi-

2093 5386 2344 5440 raculum
2379 5401 2508 5441 vere
2543 5386 2737 5443 ad’esse
2771 5396 3031 5457 oportere
3060 5388 3126 5444 ad
3160 5390 3452 5461 imaginem
3482 5390 3672 5460 impri-

2092 5477 2371 5543 mendam,
2413 5478 2508 5533 sed
2549 5478 2692 5534 miro
2722 5480 2964 5549 quodam
2996 5490 3054 5536 et
3102 5480 3325 5538 insolito
3352 5482 3536 5546 modo.
3567 5497 3670 5538 nec

1700 5583 1937 5641 VARI/13
1971 5586 2264 5646 LECTION
2272 5589 2374 5648 ES.

481 5660 1068 5756 :I‘Eeeentiotrumanus
1095 5672 1559 5756 νοοῖ-θαυμαστὸν
1590 5681 1979 5751 superscripsit
2004 5682 2059 5736 in
2089 5682 2230 5738 Gud.
2263 5683 2405 5740 libro
2436 5702 2593 5754 φαντ,
2624 5700 2735 5756 quo
2767 5687 3067 5756 φανταστὸν
3105 5687 3511 5747 emendandum
3542 5708 3668 5751 esse

405 5730 763 5804 signiﬁcaret.
795 5736 952 5804 Quod
984 5741 1156 5812 magis
1189 5730 1389 5812 placet.

482 5847 557 5921 (4)
589 5840 736 5906 idem
764 5852 885 5908 ibid.
911 5871 1031 5926 cap.
1065 5856 1149 5923 19,
1185 5874 1238 5929 p.
1272 5846 1406 5925 510,
1442 5870 1570 5918 tom.
1606 5864 1646 5921 l.
1680 5864 1816 5937 Opp.
1852 5867 1984 5923 edit.
2020 5867 2225 5923 Bened.
