4012 6376
546 351 679 416 1239

540 463 801 519 dominus
857 474 979 519 erat
1024 466 1357 535 Apostolus,
1403 472 1713 525 secundum
1765 483 2019 525 naturam
2067 481 2124 525 et
2156 477 2199 533 Α

537 554 888 611 affectionem
944 565 1321 629 transgressus
1374 571 1462 616 est
1512 562 1957 632 appellationem,
1997 576 2123 617 eum

539 652 793 700 naturam
823 654 878 702 et
906 648 1168 704 virtutem
1214 660 1270 704 et
1300 651 1672 722 cognitionem
1702 652 1999 706 humanam
2034 667 2130 706 su-

538 746 804 807 perasset.
839 737 960 805 Quo
990 749 1175 796 autem
1208 744 1381 813 magis
1409 744 1633 799 carebat
1677 743 1892 798 infinite
1932 744 2124 799 divino

534 830 785 897 nomine,
816 831 1099 902 hujus‘per
1113 835 1344 903 gratiam
1368 835 1719 905 participavit
1752 836 2121 901 vocationem,-

533 934 660 974 cum
722 920 871 976 Deus
921 937 1033 992 prae
1084 923 1233 976 omni
1284 933 1526 988 eretero,
1577 924 1727 994 quod
1780 923 2120 988 adhaerebat,

534 1008 760 1064 nomine
789 1021 847 1064 et
879 1010 1116 1064 naturali
1155 1019 1211 1065 et
1242 1011 1475 1066 relativo
1510 1011 1692 1067 laetus
1725 1022 1875 1069 esset
1911 1029 2125 1068 assum—

533 1100 726 1169 ptione
754 1110 809 1155 et
838 1111 1155 1156 vocaretur.
1185 1103 1295 1157 Aut
1326 1102 1493 1158 etiam
1523 1120 1721 1160 rursus
1756 1104 1831 1160 ita
1873 1121 1885 1157 :
1926 1124 1943 1155 ι
1984 1105 2153 1159 Pro-,

533 1193 742 1261 gressio
775 1214 793 1244 ι
826 1192 1052 1263 quidem
1078 1204 1164 1249 est
1186 1195 1349 1264 plena
1384 1196 1695 1251 secundum
1718 1196 1981 1252 virtutem
2019 1213 2123 1252 na-

537 1297 674 1341 tura:
702 1287 1069 1353 renuntiatio,
1122 1307 1139 1337 ι
1177 1289 1428 1344 ascensio
1474 1308 1493 1342 ι
1547 1304 1680 1345 vero
1714 1298 1799 1344 est
1830 1304 2020 1344 eorum
2067 1288 2124 1342 in

534 1378 738 1448 quibus
792 1389 991 1434 natura
1040 1387 1125 1445 est
1180 1380 1585 1452 transgressio,
1639 1380 1821 1435 locum
1874 1380 2120 1450 inquam,

534 1479 590 1524 et
625 1477 864 1539 tempus,
898 1469 955 1523 in
988 1470 1195 1540 quibus
1241 1486 1429 1525 rerum
1472 1486 1596 1541 qua:
1634 1467 1764 1525 sunt
1810 1470 2123 1525 substantia

532 1570 787 1629 constat;
827 1581 845 1613 ί
877 1562 1185 1632 assumptio
1222 1581 1241 1614 ›
1284 1577 1418 1618 vero
1462 1562 1531 1617 ad
1577 1576 1706 1617 eum
1750 1572 1858 1624 est.
1892 1577 1962 1615 ex
2011 1579 2127 1632 quo

531 1663 726 1710 cuncta
756 1663 812 1709 et
839 1670 939 1725 per
970 1671 1136 1726 quem
1169 1662 1225 1710 et
1256 1655 1312 1709 in
1334 1670 1522 1725 quem,
1555 1663 1816 1725 tauquam
1850 1654 1920 1709 ad
1952 1655 2123 1708 linem

530 1761 715 1800 rerum
752 1748 999 1801 omnium
1050 1762 1151 1817 per
1190 1747 1423 1818 gratiam
1481 1746 1787 1803 restitutio.
1836 1746 1905 1800 Et
1958 1746 2124 1800 aliter

528 1838 707 1893 dicam
744 1857 758 1893 :
794 1858 811 1891 ι
838 1839 1165 1910 Pro-gressio
1200 1828 1237 1891 ›”
1253 1855 1353 1909 per
1380 1840 1705 1909 practicam,
1739 1854 1864 1909 quae
1894 1837 2120 1902 dicitur,
2160 1815 2202 1874 Β

528 1928 936 2000 philosophiam
988 1940 1077 1985 est
1127 1931 1182 1984 in
1226 1931 1491 1985 virtutem
1540 1929 1807 1985 deductio
1840 1970 1855 1994 ,
1917 1937 1978 1982 ut
2015 1943 2123 1998 qua

528 2020 793 2090 magister
822 2021 1126 2090 Apostolus
1169 2030 1461 2091 promovet
1503 2021 1850 2092 discipulos;
1893 2038 2019 2076 nam
2066 2022 2122 2076 in

528 2112 789 2167 omnibus
831 2112 1092 2183 magister
1124 2113 1454 2171 antecedere
1510 2115 1677 2171 debet
1715 2114 2009 2185 discipulis
2052 2114 2121 2168 ad

526 2204 738 2273 agenda
770 2221 832 2259 ea
865 2221 987 2274 quae
1026 2205 1227 2262 decent
1264 2224 1276 2262 :
1325 2226 1343 2259 ι
1403 2208 1657 2263 ascensio
1700 2229 1716 2259 ι
1761 2224 1894 2263 vero
1932 2208 2115 2278 perita

528 2296 805 2351 rationum
835 2297 1002 2352 rebus
1032 2297 1466 2359 inhabitantium
1500 2315 1603 2370 per
1624 2300 1938 2356 naturalem
1980 2316 2118 2356 con-

529 2386 944 2459 templationem
978 2391 1404 2459 comprehensio
1442 2408 1455 2445 :
1504 2410 1523 2457 ς
1562 2392 1870 2463 assumptio
1904 2412 1921 2445 ι
1955 2392 2117 2448 deni-

524 2496 633 2551 que
666 2480 758 2550 pia
807 2496 954 2536 vera:
1004 2491 1058 2537 et
1121 2481 1442 2554 theologica:
1497 2483 1789 2553 sapientia:
1838 2484 2114 2549 initiatio,

522 2589 648 2644 quin
677 2574 860 2643 qualis
883 2574 957 2629 sit
988 2574 1160 2630 verbo
1192 2575 1425 2645 exprimi
1462 2591 1575 2632 non
1604 2584 1807 2647 potest.
1862 2575 2116 2633 Tertium

522 2677 709 2721 autem
739 2666 941 2721 emtum
978 2664 1236 2735 suSpicor
1260 2681 1383 2722 esse
1414 2665 1553 2725 lines
1599 2666 2118 2737 circumscriptivos

522 2754 783 2827 practicm
813 2754 1186 2826 philosophiae
1232 2764 1288 2809 et
1330 2756 1602 2812 naturalis
1636 2757 2118 2827 contemplationis

522 2862 589 2908 ac
616 2847 942 2925 theologicae
986 2847 1322 2903 initiationis
1360 2858 1609 2905 Summas
1652 2849 1901 2905 rationes
1935 2891 1948 2914 ,
1999 2849 2116 2907 sive

522 2940 718 2997 harum
750 2942 1036 3005 terminos,
1066 2941 1511 3012 quandoquidem
1529 2942 1725 2998 modus
1743 2943 1944 3012 aliquis
1962 2958 2118 2998 comv

520 3029 932 3101 prehendenda:
962 3039 1018 3085 et
1050 3030 1275 3087 virtutis
1309 3040 1365 3087 et
1400 3043 1615 3087 natura:
1640 3044 1695 3086 et
1724 3048 1846 3103 qua:
1878 3033 1932 3086 in
1960 3018 2116 3087 utra.-

521 3132 631 3193 que
665 3120 769 3176 sita
793 3130 881 3175 est
909 3120 1199 3192 theologia;
1221 3162 1236 3187 ,
1272 3122 1675 3179 convenienter
1712 3132 1769 3179 et
1809 3124 2114 3179 secundum
2144 3153 2187 3211 ο

522 3215 779 3264 naturam
823 3210 1124 3281 unicuique
1184 3226 1380 3270 eorum
1431 3229 1555 3282 qua:
1601 3224 1731 3271 sunt
1785 3231 1817 3269 a
1871 3216 1985 3271 Deo
2016 3217 2115 3272 ad-

522 3306 748 3368 aptatus
798 3308 907 3367 est,
958 3301 1163 3371 quibus
1214 3302 1269 3357 in
1312 3302 1567 3364 terminis
1600 3314 1656 3360 et
1689 3304 1892 3365 finibus
1920 3309 2119 3383 beatus

520 3397 821 3465 Apostolus
858 3413 1052 3453 eorum
1084 3415 1207 3469 qua:
1239 3398 1353 3459 dixi
1392 3400 1660 3465 rationes,
1704 3411 1977 3472 quantum
2007 3402 2115 3457 sibi

522 3488 721 3545 liceret
763 3489 1067 3562 superavit.
1100 3490 1239 3546 Nam
1292 3491 1338 3546 si
1376 3507 1571 3549 eorum
1620 3509 1742 3563 qua:
1784 3494 2118 3551 naturaliter

523 3577 674 3637 intus
698 3581 948 3636 continet
974 3581 1175 3637 caalum
1214 3582 1518 3653 descriptio
1557 3594 1662 3650 est,
1710 3601 1776 3643 ac
1825 3585 1950 3640 linis
1984 3601 2118 3641 cun-

522 3679 738 3726 ctorum
765 3689 1109 3745 quaecunque
1132 3675 1321 3732 sensui
1349 3675 1587 3732 obnoxia
1625 3684 1775 3743 sunt,
1806 3677 2115 3732 secundum

523 3763 906 3820 sublimiorem
942 3764 1205 3821 nimirum
1230 3766 1596 3838 etmysticam
1627 3769 1902 3826 rationem
1933 3768 2117 3841 omnis

520 3873 742 3930 quoque
795 3858 1018 3931 virtutis
1067 3861 1152 3916 vel
1197 3860 1535 3931 cognitionis
1574 3861 1822 3917 rationes
1869 3860 2115 3915 circum-

520 3951 793 4016 scribens,
824 3967 950 4023 quae
974 3968 1329 4024 summopere
1366 3953 1695 4019 reverenda,
1740 3952 1979 4008 cessatio
2006 3993 2022 4017 ,
2056 3960 2117 4011 ut

521 4041 649 4096 ﬁnis
681 4057 875 4097 eorum
912 4058 1036 4113 qua:
1061 4044 1342 4107 videntur,
1375 4052 1432 4098 et
1461 4044 1737 4098 terminus
1764 4058 1960 4098 eorum
1994 4058 2115 4113 qua:

522 4133 1079 4201 circumscribuntur,
1122 4134 1357 4207 ﬁgurate
1397 4135 1598 4191 cmlum
1640 4134 1970 4206 appellatur.
2006 4135 2117 4190 Aut

523 4244 720 4284 rursus
771 4247 789 4280 ι
828 4229 1053 4283 tertium
1089 4248 1106 4281 ι
1170 4228 1458 4301 Scriptura
1529 4248 1546 4279 ι
1581 4230 1783 4284 ρατιυηι
1823 4250 1840 4282 ι
1882 4230 2115 4289 fortasse

521 4322 763 4395 appellat
792 4331 1116 4379 sanctorum
1149 4324 1469 4394 angelorum
1502 4322 1628 4390 tria,
1656 4339 1781 4393 qua:
1812 4340 1977 4395 supra
2013 4339 2116 4379 nos

519 4414 715 4469 ordine
757 4430 978 4472 sursum
1019 4416 1328 4472 ascendunt
1369 4425 1574 4479 castra,
1610 4414 1677 4470 ad
1718 4418 1842 4487 quin
1879 4426 2112 4472 sanctus

520 4507 727 4564 Paulus
765 4507 1005 4565 fortasse
1033 4510 1398 4583 pertransiit,
1452 4512 1834 4583 cognitionum
1886 4525 2112 4579 suarum
2151 4510 2190 4565 D

521 4590 912 4673 negationibus
960 4601 1015 4657 in
1060 4599 1283 4657 illirium
1349 4600 1746 4660 allirmationes
1778 4600 1781 4609 λ
1809 4602 2068 4658 initiatus
2095 4644 2108 4667 ,

520 4702 578 4747 et
610 4693 906 4762 prmcipuis
933 4692 1282 4764 prepriqrum
1324 4693 1735 4765 privationibus
1758 4674 1978 4748 illorum
2015 4692 2110 4748 ha-

522 4784 676 4837 bitus
726 4783 999 4839 imitatus.
1061 4782 1252 4840 Omnis
1305 4786 1454 4843 enim
1506 4785 1867 4851 rationalium
1913 4796 2110 4840 natura

520 4874 827 4929 secundum
859 4874 1109 4933 ordinem
1151 4893 1311 4931 suum
1351 4889 1408 4933 et
1460 4878 1780 4934 facultatem
1830 4877 1884 4932 in
1946 4893 2114 4947 supc-

520 4964 686 5020 rioris
718 4965 834 5036 ipsa
887 4966 1142 5022 essentia:
1195 4977 1251 5022 et
1287 4966 1503 5025 ordinis
1559 4966 1841 5039 gnosticos
1886 4968 2112 5024 habitus

520 5067 578 5115 ct
621 5060 929 5132 positiones
977 5068 1033 5115 et
1088 5061 1485 5117 allirmationcs
1544 5064 1815 5134 privative
1856 5064 2114 5123 ablativis

520 5152 635 5208 suis
664 5154 1054 5225 negationibus
1097 5154 1348 5210 initiatur
1379 5166 1545 5225 atque
1577 5172 1671 5211 cas
1699 5156 1969 5222 imitatur,
2001 5166 2113 5212 cst-

520 5261 629 5313 que
664 5248 969 5302 secundum
994 5248 1371 5320 cognitionem
1410 5248 1704 5305 allirlnatio
1751 5266 1945 5304 eorum
1990 5266 2112 5320 quae

520 5337 872 5407 superjaecnt
895 5353 1089 5393 eorum
1135 5354 1259 5408 qua:
1288 5338 1539 5409 subjecta
1576 5349 1707 5395 sunt
1736 5341 1958 5411 negatio
1979 5383 1994 5407 ,
2031 5349 2113 5394 at—

520 5443 629 5498 que
668 5443 865 5484 rursus
902 5445 1096 5485 earum
1139 5446 1263 5501 qua:
1314 5431 1573 5501 subjectae
1626 5442 1757 5486 sunt
1801 5433 2108 5487 secundum

520 5519 893 5591 cognitionem
922 5523 1144 5592 negatio
1184 5538 1377 5576 earum
1418 5540 1540 5594 quIc
1571 5525 1991 5593 superemineat
2028 5534 2112 5585 cst

520 5608 836 5677 afﬁrmatio,
887 5628 1064 5682 usque
1116 5614 1185 5667 ad
1244 5621 1575 5669 cunctorum
1627 5615 1789 5671 unice
1837 5632 2109 5671 summam

520 5712 779 5765 naturam
819 5712 877 5758 et
923 5705 1177 5760 ordinem
1231 5705 1490 5775 negative
1538 5708 1925 5779 progrediens,
1971 5724 2110 5779 quos

520 5802 647 5871 post
674 5807 868 5849 omnes
898 5796 1126 5850 ordines
1152 5806 1208 5850 et
1251 5807 1559 5868 potestates
1602 5801 1921 5858 immediata
1962 5801 2108 5857 circa

1716 363 1777 423 S.
1819 362 2106 422 MAXIMI
2145 363 2655 426 CONFESSORIS

2229 470 2303 528 05
2332 476 2387 528 δὲ
2418 478 2616 545 μᾶλλον
2636 479 2880 550 ἀπείρως
2907 479 3099 533 ἀπέδει
3125 479 3273 533 θείου
3298 478 3579 557 ὀνόματος,
3600 482 3762 539 τούτου

2232 569 2374 622 κιτά
2401 571 2559 639 χάριν
2597 573 2825 642 μετέσχε
2855 572 2953 641 τῆς
2985 572 3255 643 κλήσεως,
3284 574 3418 636 Θεὸς
3454 574 3569 627 ἀντὶ
3598 582 3764 642 παντὸς

2230 660 2391 714 ἄλλου
2426 664 2721 730 προσόντος
2748 662 3013 734 ὀνόματος
3041 664 3275 733 φυσικοῦ
3308 682 3370 718 τε
3414 667 3508 718 καὶ
3552 668 3765 736 σχετικοῦ

2228 755 2294 824 τῇ
2328 753 2592 824 ἀναλήψει
2618 756 2716 809 καὶ
2739 756 3035 825 γενόμενος
3084 755 3182 809 καὶ
3222 755 3573 826 καλούμενος.
3606 758 3668 810 Ἦ
3690 761 3767 813 καὶ

2230 846 2391 899 πάλιν
2416 844 2561 900 οὕτω
2581 862 2595 877 ο
2619 866 2638 899 ι
2679 847 2911 917 Πρόοδος
2953 870 2968 897 ι
3012 849 3111 919 μέν
3144 848 3293 901 ἐστιν
3325 849 3359 918 ἡ
3395 848 3650 919 παντελὴς
3671 850 3768 903 κατ’

2229 938 2432 1008 ἀρετὴν
2463 942 2563 1009 τῆς
2594 940 2810 1008 φύσεως
2839 940 3091 1010 ἄρνησις,
3132 956 3165 991 «⁷
3194 940 3461 1004 ἀνάϐασις
3499 959 3517 991 ι
3552 941 3654 1011 δὲή
3682 942 3770 1003 τῶν

2227 1031 2285 1082 ιν
2319 1024 2399 1094 οἷς
2433 1032 2581 1085 ἐστιν
2614 1033 2648 1103 ἡ
2692 1032 2854 1100 φύσις
2903 1030 3230 1101 ὑπέρδασις,
3256 1032 3404 1101 λέγω
3436 1033 3494 1085 δὲ
3523 1032 3676 1087 τόπον
3698 1035 3772 1088 καὶ

2228 1124 2440 1194 χρόνον,
2476 1125 2534 1177 ὲν
2561 1118 2644 1188 οἷς
2669 1126 2702 1195 ή
2732 1124 2845 1178 τῶν
2868 1125 3041 1178 όντων
3087 1125 3240 1177 ἐστὶν
3272 1124 3593 1187 ὑπόστασις,
3633 1141 3652 1174 ι
3675 1126 3774 1177 ἀνά-

2228 1213 2389 1281 ληψις
2428 1234 2445 1264 ι
2479 1213 2535 1267 δὲ
2562 1216 2590 1284 ἡ
2624 1214 2762 1285 πρὸς
2783 1214 2874 1267 τὸν
2909 1214 2969 1281 ἐξ
2993 1207 3055 1267 οὗ
3087 1212 3156 1266 τὰ
3190 1213 3373 1268 πάντα
3407 1214 3503 1266 καὶ
3529 1212 3593 1265 δι’
3620 1208 3676 1267 οὗ
3700 1215 3775 1266 καὶ

2227 1308 2305 1370 εἰς
2327 1306 2416 1372 ,ὃν,
2449 1308 2524 1370 ὡς
2558 1307 2696 1379 πρὸς
2729 1307 2904 1377 πέρας
2935 1306 3045 1360 τῶν
3075 1306 3213 1359 ὅλων
3249 1306 3393 1359 κατὰ
3414 1305 3574 1375 χάριν
3599 1304 3776 1357 ἀποκα-

2226 1399 2508 1462 τάστασις.
2536 1398 2650 1451 Καὶ
2690 1398 2867 1463 ἄλλως
2903 1398 2961 1452 δὲ
3006 1397 3197 1467 φάναι,
3234 1415 3253 1448 ι
3289 1394 3518 1467 πρόοδός
3552 1414 3570 1446 ι
3599 1396 3777 1459 tenvi}

2225 1490 2313 1544 διὰ
2351 1491 2453 1561 τῆς
2489 1491 2804 1563 πρακτικῆς
2844 1490 3164 1560 φιλοσοφίας
3212 1488 3290 1552 ὡς
3335 1486 3658 1542 διδασκάλου
3698 1486 3776 1540 τοῦ

2239 1586 2563 1640 ’Δποστόλου
2588 1586 2698 1640 τῶν
2728 1586 2895 1641 αὑτοῦ
2933 1586 3196 1656 μαθητῶν
3223 1586 3304 1649 είς
3332 1582 3538 1655 ἀρετὴν
3563 1581 3775 1651 προκαθ-

2228 1679 2449 1749 ήγησις’
2485 1678 2566 1733 δεῖ
2622 1679 2735 1751 γὰρ
2778 1681 2836 1734 ἰν
2869 1679 3034 1734 παντὶ
3068 1676 3523 1750 προπορεύεσθαι
3556 1674 3660 1728 τῶν
3691 1691 3778 1744 μα-

2228 1771 2407 1841 θητῶν
2436 1771 2530 1826 τὸν
2581 1771 2922 1837 διδάσκαλον,
2972 1772 3109 1842 πρὸς
3153 1770 3254 1842 τὴν
3297 1769 3412 1824 τῶν
3458 1767 3780 1837 καθηκόντων

2228 1863 2510 1934 ἐνέργειαν
2531 1879 2545 1894 ·
2586 1882 2604 1915 ι
2630 1863 2907 1935 ἀνάϐασις,
2927 1883 2946 1916 ο
2985 1863 3044 1916 δὲ
3077 1864 3112 1934 ή
3141 1861 3232 1916 διὰ
3260 1862 3364 1932 τῆς
3409 1861 3643 1929 φυσικῆς
3669 1857 3780 1911 θεω-

2229 1956 2349 2028 ρίας
2394 1956 2798 2027 ἐπιστημονικῇ
2832 1955 2944 2009 τῶν
2981 1955 3039 2008 ἐν
3082 1955 3197 2017 τοῖς
3227 1952 3351 2017 οὖσι
3379 1951 3556 2019 λόγων
3584 1948 3780 2021 mpm,-

2222 2048 2335 2117 ψις,
2362 2066 2380 2099 ι
2417 2046 2691 2118 ἀνάληψις
2711 2065 2729 2098 ι
2768 2046 2826 2101 δὲ
2859 2048 2893 2117 ἡ
2916 2045 3147 2114 εὐσεϐὴς
3169 2044 3270 2113 τῆς
3299 2040 3541 2113 ἀληθοῦς
3564 2041 3655 2094 καὶ
3681 2039 3778 2095 θεο-

2223 2140 2447 2210 λογικῆς
2490 2139 2684 2208 σοφίας
2725 2139 2966 2211 ἄρῤητος
3000 2139 3219 2207 μύησις.
3251 2135 3453 2207 Τρίτον
3497 2134 3555 2186 δὲ
3579 2132 3779 2204 οὐρανὸν

2225 2233 2365 2288 κατὰ
2399 2233 2709 2303 στοχασμὸν
2749 2230 2891 2286 εἶναι
2933 2230 3151 2302 νομίζω
3178 2230 3324 2292 οτοὺς
3359 2226 3777 2298 περιγράφοντας

2221 2326 2381 2395 ὅρους
2418 2326 2517 2394 τῆς
2545 2340 2607 2377 τε
2641 2325 2957 2395 πρακτικῆς
2992 2320 3315 2390 φιλοσοφίας
3361 2319 3462 2373 καὶ
3509 2317 3608 2386 τῆς
3646 2331 3777 2384 φυσι-

2221 2418 2324 2485 κῆς
2358 2415 2616 2486 θεωρίας,
2644 2416 2740 2469 καὶ
2768 2415 2867 2484 τῆς
2899 2411 3218 2481 θεολογικῆς
3255 2406 3649 2480 μυσταγωγίας
3676 2405 3777 2467 τοὺς

2222 2510 2593 2577 ὑψηλοτάτους
2610 2509 2826 2576 λόγους,
2859 2508 2980 2578 ἦτοι
3011 2509 3080 2560 τὰ
3108 2505 3318 2559 τούτων
3342 2503 3583 2574 πέρατα,
3612 2498 3773 2566 ἐπειδὴ

2223 2603 2422 2675 μέτρον
2450 2602 2567 2656 ἔστί
2600 2618 2655 2654 τι
2690 2599 3051 2669 καταλήψεως
3085 2597 3291 2669 ἀρετῆς
3320 2596 3420 2649 καὶ
3467 2593 3674 2663 φύσεως
3700 2589 3774 2647 καὶ

2219 2699 2318 2767 τῆς
2337 2694 2423 2748 ἐπ’
2453 2695 2654 2764 ἀμφοῖν
2681 2690 2983 2759 θεολογίας,
3005 2687 3286 2757 ἀναλόγως
3310 2686 3461 2740 κατά
3485 2684 3642 2753 φύσιν
3665 2682 3769 2735 ἑκά-

2221 2802 2331 2856 στῳ
2355 2783 2540 2857 (195
2578 2783 2633 2854 a)
2663 2782 2772 2845 τῶν
2810 2781 2982 2836 ὄντων
3008 2780 3163 2851 παρὰ
3182 2777 3322 2832 Θεοῦ
3358 2772 3772 2849 προσηριιοσμέ-

2220 2894 2340 2939 νον,
2356 2877 2418 2928 ἐν
2445 2869 2528 2937 οἷς
2552 2874 2702 2944 ὅροις
2723 2870 2819 2927 καὶ
2840 2870 3075 2943 πέρασιν
3102 2869 3137 2922 ὁ
3165 2867 3443 2939 μακάριος
3482 2861 3772 2923 Ἀπόστολος

2219 2967 2344 3029 τοὺς
2373 2964 2484 3019 τῶν
2517 2962 2827 3034 εἰρημένων
2857 2962 2996 3014 κατά
3035 2959 3098 3015 τὸ
3140 2958 3368 3027 ἐφικτὸν
3397 2953 3678 3027 παρελθὼν
3703 2950 3773 3003 λόσ

2220 3071 2350 3123 γους
2378 3053 2621 3121 ἐγένετο.
2657 3054 2719 3106 Εἰ
2745 3052 2855 3120 γὰρ
2888 3048 3204 3121 περιγραφὴ
3228 3046 3338 3101 τῶν
3382 3046 3537 3109 ὲντὸς
3564 3042 3772 3112 διειλημ·

2226 3146 2402 3217 μένων
2426 3145 2568 3200 κατὰ
2595 3142 2757 3213 φύσιν
2788 3143 2935 3197 ἐστὶν
2970 3144 2998 3194 ὁ
3030 3139 3280 3213 οὐρανὸς,
3312 3139 3419 3193 καὶ
3441 3138 3564 3209 ὅρος
3588 3134 3773 3188 πάντων

2217 3238 2328 3292 τῶν
2366 3236 2472 3296 ὑπὸ
2509 3235 2786 3305 αἴσθησιν,
2825 3233 3075 3303 δηλονότι
3126 3230 3270 3286 κατὰ
3310 3229 3409 3282 τὸν
3448 3232 3546 3299 τῆς
3594 3228 3773 3292 ἀναγω-

2218 3332 2321 3401 γῆς
2350 3330 2508 3398 λόγον
2556 3328 2650 3382 καὶ
2675 3329 2827 3382 πᾶσα
2877 3325 3301 3398 περιγράφουσα
3341 3323 3474 3384 τοὺς
3506 3318 3629 3389 περί
3654 3330 3773 3377 τινος

2218 3426 2422 3495 ἀρετῆς
2452 3424 2486 3494 ἢ
2513 3421 2768 3491 γνώσεως
2799 3415 2991 3490 λόγους
3021 3418 3199 3487 λῆξιῆ
3219 3415 3295 3479 ὡς
3324 3416 3456 3488 ὄρος
3484 3413 3591 3468 τῶν
3621 3408 3772 3481 όριζου

2221 3516 2421 3584 μένων,
2454 3514 2552 3568 καὶ
2578 3512 2757 3584 ,πέρας
2786 3511 2894 3566 τῶν
2934 3502 3501 3582 περιγεγραμμένων,
3532 3502 3772 3576 τροπικῶς

2216 3605 2441 3677 οὐρανὸς
2470 3604 2902 3674 όνομάζεται.Ἦ
2917 3602 3077 3657 πάλιν
3099 3620 3117 3653 ι
3143 3600 3326 3669 τρίτον
3355 3597 3589 3669 οὐρανὸν
3616 3615 3633 3646 ι
3659 3590 3771 3646 εἶναι

2216 3698 2382 3767 τυχόν
2411 3713 2578 3766 φησιν
2615 3698 2647 3767 ἡ
2682 3696 2874 3765 Γραφὴ
2905 3695 3005 3758 τὰς
3051 3693 3194 3764 ὑπὲρ
3228 3692 3382 3763 ἡμᾶς
3413 3690 3554 3762 πρὸς
3596 3687 3653 3741 τὸ
3681 3683 3772 3738 ἀνω

2219 3789 2343 3843 καθ’
2369 3790 2561 3860 είρμὺν
2588 3791 2738 3859 τρεῖς
2765 3788 2872 3842 τῶν
2902 3787 3077 3854 ἁγίων
3105 3784 3356 3855 ἀγγέλων
3389 3784 3596 3849 τάξεις,
3623 3780 3770 3844 ἇσπερ

2216 3881 2454 3949 ἔφθασεν
2506 3879 2635 3942 ἴσως
2664 3882 2693 3941 ό
2729 3879 2881 3948 ἅγιος
2920 3877 3151 3942 Παῦλος,
3195 3878 3318 3939 ταῖς
3348 3875 3465 3931 τῶν
3490 3874 3610 3929 κατ’
3639 3868 3772 3923 αὐτὸν

2218 3972 2474 4043 γνώσεων
2502 3972 2814 4040 ἀποφάσεσι
2844 3970 2955 4024 τῶν
2989 3969 3112 4040 κατ’
3152 3967 3398 4031 ἐκείνους
3430 3965 3532 4028 τάς
3553 3958 3770 4030 καταφά-

2220 4082 2334 4127 σεις
2375 4063 2703 4134 μυούμενος,
2732 4062 2830 4116 καὶ
2853 4064 2975 4124 ταῖς
3003 4058 3127 4114 καθ’
3151 4058 3430 4130 ὑπεροχὴν
3458 4056 3568 4111 τῶν
3586 4052 3771 4109 οἰκείων

2221 4157 2511 4224 στερήσεσι
2539 4151 2640 4215 τάς
2673 4152 2898 4206 ἐκείνων
2920 4149 3071 4216 ἕξεις
3099 4147 3465 4220 μιμούμενος.
3498 4146 3649 4199 Πᾶσα
3685 4139 3770 4207 γὰρ

2219 4247 2382 4317 φύσις
2426 4246 2535 4300 τῶν
2580 4244 2816 4316 λογικῶν
2851 4243 2996 4298 κατά
3044 4243 3145 4314 τὴν
3180 4241 3384 4311 ἑαυτῆς
3410 4238 3567 4306 τάξιν
3598 4235 3684 4291 καὶ
3706 4230 3769 4285 δύα

2218 4355 2384 4410 ναμιν
2426 4337 2528 4409 τῆς
2562 4337 2703 4406 ὑπὲρ
2737 4334 2906 4404 αὐτὴν
2942 4334 3134 4399 οὐσίας
3172 4334 3268 4387 καὶ
3296 4331 3518 4411 τάξεως
3538 4330 3632 4392 τάς
3658 4343 3770 4394 γνωο

2222 4431 2415 4493 στικὲις
2440 4429 2582 4495 ἕξεις
2635 4445 2693 4481 τε
2729 4428 2822 4481 καὶ
2867 4427 3047 4491 θέσεις
3080 4426 3423 4496 καταφάσεις
3469 4415 3770 4493 στερητικῶς

2219 4525 2341 4585 ταῖς
2375 4520 2496 4575 κατ’
2529 4518 2701 4590 αὐτὴν
2732 4518 3123 4590 ἀφαιρετικαῖς
3149 4516 3463 4584 ἀποφάσεσι
3495 4507 3767 4584 pssimi.“

2222 4612 2318 4666 καὶ
2344 4614 2615 4684 μιμεῖται,
2639 4609 2734 4665 καὶ
2752 4609 2901 4663 ἐστιν
2931 4611 2963 4679 ἡ
2994 4609 3136 4664 κατά
3154 4606 3252 4677 τὴν
3276 4606 3481 4677 γνῶσιν
3510 4603 3615 4657 τῶν
3638 4602 3771 4667 ὑπερ·

2221 4705 2490 4777 κειμένων
2527 4704 2835 4773 κατάφασις
2882 4702 2992 4756 τῶν
3022 4700 3478 4771 ὑποϐεϐληκότων
3506 4695 3766 4763 ἀπόφασις.

2221 4798 2318 4852 καὶ
2348 4797 2587 4868 ἔμπαλιν
2616 4795 2727 4850 τῶν
2761 4793 3267 4864 ὑποδεδληκυιῶνή
3298 4790 3441 4845 κατά
3472 4788 3568 4860 τὴν
3596 4782 3768 4853 γνῶσιν

2220 4891 2494 4956 ἀπόφασις
2533 4886 2643 4941 τῶν
2681 4885 3065 4959 ὑπερεχουσῶν
3086 4879 3396 4952 κατάφασις
3419 4922 3435 4944 ,
3491 4878 3646 4951 μέχρι
3689 4869 3767 4937 τῆς

2225 4976 2411 5033 πασῶν
2444 4978 2568 5033 καθ’
2618 4976 2894 5049 ὑπεροχὴν
2926 4974 3212 5047 ἀνωτάτης
3239 4973 3456 5045 φύσεώς
3483 4987 3542 5024 τε
3577 4967 3663 5023 καὶ
3688 4962 3759 5015 τά·

2220 5071 2357 5138 ξεως
2400 5069 2759 5141 ἀποφατικῶς
2790 5068 3184 5141 προοδεύουσα,
3214 5067 3282 5138 ἣν
3320 5065 3457 5136 μετά
3495 5062 3662 5122 πάσας
3692 5051 3764 5106 τάσ

2220 5159 2332 5226 ξεις
2358 5177 2417 5214 τε
2444 5161 2541 5217 καὶ
2568 5160 2827 5230 δυνάμεις
2852 5160 2886 5230 ἡ
2930 5158 3136 5228 ἄμεσος
3167 5156 3300 5228 περὶ
3328 5150 3460 5207 Θεὸν
3498 5149 3762 5217 διαδέχεται

2220 5252 2359 5305 κατά
2404 5252 2501 5323 τὴν
2549 5249 2752 5320 γνῶσιν
2809 5247 3234 5317 amusing-31:”
3264 5244 3477 5308 οὐδενὸς
3523 5233 3763 5297 παντελῶς

2222 5342 2687 5413 καταφασκομένη
2741 5340 2849 5394 τῶν
2902 5338 3103 5405 όντων,
3153 5338 3228 5409 μὴ
3263 5336 3416 5399 ὄντος
3457 5331 3632 5387 λοιπὸν
3655 5328 3757 5395 ὅρου

2219 5435 2365 5498 τινὸς
2418 5435 2449 5505 ἢ
2501 5436 2740 5503 πέρατος
2776 5432 2869 5487 τοῦ
2917 5431 3121 5503 ταύτην
3174 5424 3653 5500 περιλαμϐάνοντος
3681 5414 3760 5482 τὴν

2220 5527 2494 5595 ἀπόφασιν
2513 5524 2698 5596 (195
2723 5525 2797 5592 ὁ).
2834 5524 3046 5595 Ὥσπερ
3071 5522 3180 5593 γὰρ
3206 5522 3316 5575 τῶν
3354 5514 3617 5587 αἰσθητῶν
3641 5505 3755 5563 κιτᾶ

2221 5617 2382 5684 φύσιν
2411 5615 2693 5684 ἀπόφασίς
2748 5617 2861 5668 ἐστι
2901 5613 2969 5667 τὰ
3022 5612 3211 5684 νοητὰ,
3257 5611 3401 5665 οὕτω
3447 5606 3538 5661 καὶ
3569 5607 3623 5658 ἐν
3661 5598 3758 5657 ταῖς

2222 5706 2673 5777 συμπληρούσαις
2698 5706 2789 5758 τὸν
2827 5705 2940 5760 ἄνω
2977 5706 3183 5775 κόσμον
3219 5704 3430 5766 οὐσίαις
3468 5717 3526 5753 τε
3569 5695 3653 5750 καὶ
3678 5690 3752 5742 δυ-

2221 5801 2450 5871 νάμεσιν
2482 5801 2535 5852 αἱ
2560 5800 2668 5853 τῶν
2698 5797 2927 5872 πρώτων
2967 5799 3106 5850 κατὰ
3143 5797 3241 5869 τὴν
3279 5797 3403 5867 περὶ
3435 5792 3558 5847 Θεὸν
3589 5783 3753 5858 γνῶσιν
