4012 6406
306 366 447 434 1ἓ41

1590 367 2117 430 AMBIGUORUM
2155 368 2412 430 LIBER.

3454 367 3593 433 1242

308 480 583 553 ὕπεροχαὶ
629 477 718 536 διὰ
755 477 856 549 τὴν
903 475 1097 546 ὕφεσιν
1148 476 1269 540 ταῖς
1326 476 1443 546 μετ’
1472 475 1644 541 αὐτὰς
1688 470 1891 546 ἀποφᾶς

2004 476 2176 530 Deum
2208 474 2414 544 excipit
2437 474 2744 529 secundum
2775 474 3152 544 cognitionem
3192 484 3438 547 negatio,
3466 495 3619 553 quas

304 589 555 633 σκονται.
627 570 717 633 Ὠς
766 571 877 640 γὰρ
913 568 1057 639 άπερ
1098 569 1260 639 ἡμεῖς
1294 570 1434 647 νοεῖν
1478 568 1539 620 οὐ
1593 567 1892 638 δυνάμεθα,

304 667 424 731 τοῖς
462 662 602 734 ὑπὲρ
636 663 785 733 ἡμᾶς
824 660 1000 729 ἁγίοις
1051 659 1306 729 ἀγγέλοις
1355 659 1463 713 εἰσὶ
1516 658 1720 728 νοητὰ,
1753 657 1897 712 οὕτω

306 759 409 812 καὶ
436 758 550 819 τοῖς
591 754 732 825 ὑπὲρ
761 755 904 826 ἡμᾶς
942 752 1118 821 ἁγίοις
1146 751 1400 821 ἀγγέλοις
1428 752 1497 807 τὰ
1520 752 1600 824 μὴ
1628 750 1897 821 νοούμενα

303 852 425 913 τοῖς
460 848 605 919 ὑπὲρ
643 832 844 909 αὑτοῖις
882 845 1062 913 ἁγίοις
1114 844 1371 913 ἀγγέλοις
1421 844 1529 897 εἰσὶ
1569 842 1762 913 νοητὰ,
1800 840 1898 895 καὶ

303 941 454 996 οὕτω
494 939 620 993 καθ’
650 936 780 1008 ἑξῆς
829 937 936 993 ἀπὸ
968 936 1250 1007 δυνάμεως
1281 936 1360 998 εἰς
1407 932 1638 1003 δύναμιν
1668 931 1900 986 ἀναϐαίο

302 1054 417 1090 νων
438 1037 466 1089 ὁ
495 1032 653 1102 λόγος
687 1032 784 1085 καὶ
812 1030 948 1099 ὑψού
959 1046 1140 1100 μενος,
1169 1029 1264 1081 καὶ
1290 1027 1473 1090 πάσας
1502 1025 1689 1091 τάξεις
1716 1040 1776 1076 τε
1803 1022 1897 1075 καὶ

300 1125 568 1196 δυνάμεις
593 1122 907 1188 διαϐαίνων,
945 1122 1026 1185 είς
1062 1121 1120 1174 τὸ
1160 1119 1400 1194 ἀρῤητόν
1428 1135 1487 1172 τε
1529 1118 1625 1172 καὶ
1668 1116 1897 1187 ἀνόητον

300 1219 467 1292 λήγει
499 1219 591 1272 καὶ
622 1215 903 1280 παντελῶς
948 1214 1249 1283 ἄγνωστον.
1307 1213 1372 1266 Et
1411 1210 1591 1264 τοίνυν
1623 1208 1767 1263 κατὰ
1807 1209 1899 1262 τὸν

318 1309 723 1384 Ἀρεοπαγίτην
756 1298 1038 1361 Διονύσιον
1075 1307 1133 1358 αἱ
1166 1304 1266 1375 μὲν
1302 1301 1610 1371 ἀποφάσεις
1653 1300 1746 1353 ἐπὶ
1788 1299 1898 1352 τῶν

303 1405 471 1459 θείων
500 1402 721 1473 ἀληθεῖς
761 1401 863 1472 (6),
893 1400 951 1452 αἱ
990 1397 1047 1451 δὲ
1079 1396 1423 1466 καταφάσεις
1454 1395 1790 1465 ἀνάρμοστοι
1829 1393 1895 1463 τῇ

305 1498 640 1571 κρυφιότητι
700 1494 812 1549 τῶν
868 1493 1224 1566 ἀπορρήτων,
1263 1491 1490 1554 εἰκότως
1527 1489 1555 1542 ὁ
1607 1485 1896 1550 θεσπέσιος

316 1575 659 1652 Ἀπόστολος,
676 1585 869 1641 πασῶν
905 1585 1015 1639 τῶν
1050 1582 1169 1651 κατ’
1194 1583 1356 1638 αὐτὸν
1386 1581 1643 1653 γνώσεων
1678 1580 1897 1652 ἀποφή-

303 1699 410 1746 σας
447 1681 548 1752 τὴν
576 1680 787 1750 νόησιν,
835 1678 931 1733 καὶ
963 1677 1148 1749 πάσης
1179 1676 1438 1748 ὑπεράνω
1464 1675 1760 1746 γενόμενος
1785 1672 1898 1727 τῶν

296 1776 479 1829 ὄντων
515 1774 776 1846 σχέσεως,
799 1770 924 1826 οὔτε
963 1772 1022 1825 ὲν
1055 1770 1294 1842 σώματι,
1322 1768 1508 1833 καθὼς
1540 1766 1718 1832 εἶπεν,
1751 1766 1894 1821 εἰκό-

295 1883 413 1929 τως
454 1861 544 1937 ἧν,
586 1861 916 1937 ἐνεργοῦσαν
967 1861 1069 1915 οὐκ
1110 1859 1251 1932 ἔχων
1293 1859 1394 1931 τὴν
1438 1857 1714 1930 αἴσθησιν,
1767 1855 1895 1911 οὔτε

297 1958 465 2022 ἐκτὸς
494 1953 653 2019 αὗθις
678 1954 774 2010 τοῦ
804 1952 1078 2025 σώματος,
1106 1951 1386 2025 ἀργοῦσαν
1416 1951 1556 2023 ἔχων
1582 1952 1682 2024 τὴν
1707 1952 1894 2022 νόησιν

298 2047 449 2101 κατά
481 2047 572 2101 τὸν
603 2045 793 2119 καιρὸν
814 2049 914 2118 τῆς
940 2044 1089 2116 αὐτῷ
1118 2044 1420 2118 γενομένης
1453 2044 1739 2117 ἁρπαγῆς,
1770 2043 1895 2097 καθ’

297 2141 372 2212 ἢν
408 2139 708 2211 ἀφράστως
740 2155 799 2192 τε
828 2140 923 2192 καὶ
955 2134 1254 2206 ἀγνώστως
1278 2136 1403 2191 τινά
1436 2135 1726 2207 δεξάμενος
1752 2134 1896 2190 κατὰ

298 2233 512 2303 μύησιν
539 2229 911 2302 ὑπερκόσμιον
962 2228 1191 2300 ῥήματα
1249 2231 1378 2300 σιγῇ
1430 2228 1605 2281 ταῦτα
1653 2230 1895 2298 τιμήσας

292 2323 539 2393 ἐφύλαξε
576 2321 857 2386 παντελῶς
890 2321 1193 2394 ἀνέκφορα,
1235 2321 1313 2387 ὡς
1366 2321 1509 2393 μήτε
1550 2320 1642 2374 νοῦ
1677 2323 1892 2391 νοῆσαι,

295 2417 448 2487 μήτε
478 2415 735 2487 γλώσσης
775 2414 1034 2485 λαλῆσαι,
1070 2415 1209 2486 μήτε
1252 2415 1426 2484 ἀκοῆς
1457 2412 1599 2467 αὒτά
1630 2410 1897 2479 δέξασθαι
1937 2430 1941 2433 λ

290 2509 642 2580 δυναμένων.
692 2509 845 2562 Ποιεί
874 2508 957 2575 δὲ,
997 2507 1182 2571 καθὼς
1215 2509 1264 2561 oi
1304 2504 1705 2578 πεπειραμένοι
1736 2505 1890 2573 φασὶ,

290 2599 403 2670 τὴν
432 2599 532 2669 μὲν
563 2600 622 2652 ἐν
653 2601 719 2673 τῇ
749 2598 1006 2668 λεχθείσῃ
1043 2615 1062 2650 ι
1104 2597 1320 2669 προόδῳ
1359 2616 1377 2648 ι
1418 2594 1520 2668 τῆς
1559 2598 1764 2668 ἀρετῆς
1797 2613 1893 2673 τε-

290 2690 455 2746 λείαν
494 2691 694 2763 πρᾶξιν
739 2690 924 2755 πίστις
975 2689 1112 2761 ὀρθὴ
1163 2691 1258 2744 καὶ
1289 2688 1454 2759 φόϐος
1481 2690 1563 2752 είς
1605 2688 1737 2741 Θεὸν
1770 2672 1895 2742 ἀνό-

292 2784 518 2849 θευτος,
559 2784 660 2853 τὴν
684 2782 755 2853 ,δὲ
797 2782 939 2840 κατά
970 2782 1070 2855 τὴν
1098 2776 1364 2836 ἀνάϐασιν
1391 2780 1692 2837 ἄπταιστον
1727 2766 1899 2848 φυσιέ

290 2876 407 2949 κὴν
446 2874 682 2947 θεωρίαν
723 2875 880 2939 ἐλπὶς
915 2874 1102 2946 (196
1137 2873 1192 2945 a)
1232 2872 1426 2943 βεϐαία
1479 2873 1573 2928 καί⁸
1606 2870 1890 2944 ἀλώΰητος

292 2968 542 3033 σύνεσις,
569 2968 671 3040 τὴν
702 2968 760 3022 δὲ
785 2967 926 3022 κατὰ
955 2970 1055 3035 τὴν
1088 2987 1105 3019 ι
1128 2965 1396 3036 ἀνάληψιν
1435 2985 1454 3019 ι
1474 2965 1671 3022 θέωσιν
1698 2967 1889 3039 ἀγάπη

289 3062 506 3129 τελεία,
539 3064 636 3117 xa‘t
677 3058 802 3125 νοῦς
847 3062 960 3124 τοῖς
1009 3054 1130 3114 οὖσι
1173 3058 1297 3112 καθ’
1327 3057 1603 3131 ὑπεροχὴν
1651 3062 1890 3129 πάμπαν

2003 582 2030 620 a
2064 566 2218 621 nullo
2254 565 2484 619 omnino
2513 580 2707 621 eorum
2735 582 2857 639 qua:
2888 577 3018 621 sunt
3055 566 3383 634 allirmatur,
3408 586 3591 640 neque

2002 660 2149 716 ullus
2184 657 2251 713 de
2283 667 2485 713 caetero
2523 659 2751 713 omnino
2802 658 2929 714 ﬁnis
2972 666 3152 714 exstat
3190 669 3288 714 aut
3321 663 3592 718 terminus

2005 751 2102 822 qui
2156 752 2303 806 hanc
2334 749 2687 820 negationem
2731 750 3191 819 comprehendat.
3215 750 3588 818 Quemadmo-

2000 842 2131 897 dum
2162 841 2314 896 enim
2345 841 2695 897 sensibilium
2731 841 3041 897 secundum
3075 852 3331 899 naturam
3366 848 3590 917 negatio

1999 944 2129 990 sunt
2169 934 2565 1015 intelligibilia,
2610 935 2682 989 ita
2722 934 2890 989 etiam
2931 935 2988 989 in
3022 934 3105 991 eis
3127 922 3587 1007 quisuperiorem

1999 1027 2273 1083 mundum
2296 1028 2578 1097 complent
2600 1028 2858 1083 essentiis
2878 1043 2942 1082 ac
2973 1029 3346 1098 potestatibus
3388 1032 3592 1100 prima-

1999 1120 2211 1175 riorum
2262 1119 2572 1177 secundum
2602 1120 2703 1175 Dei
2730 1120 3109 1190 cognitionem
3141 1136 3265 1191 qua:
3310 1122 3592 1176 excellunt

1998 1220 2229 1283 propter
2273 1200 2705 1269 submissiOnem
2759 1212 2842 1267 eis
2875 1228 2997 1281 quae
3040 1222 3167 1284 post
3211 1229 3270 1270 se
3304 1225 3437 1268 sunt
3489 1229 3589 1268 ne-

1997 1315 2217 1383 gantur.
2244 1305 2318 1362 Ut
2356 1306 2504 1360 enim
2523 1318 2646 1375 qure
2662 1320 2767 1361 nos
2793 1305 3105 1376 intelligere
3129 1320 3241 1360 non
3265 1320 3586 1377 possumus,

1997 1396 2224 1462 sanctis,
2256 1395 2351 1465 qui
2376 1412 2478 1452 nos
2513 1404 2803 1466 superant,
2844 1395 3057 1467 angelis
3107 1396 3391 1452 intellecta
3435 1406 3585 1458 sunt,

1997 1488 2074 1544 ita
2105 1505 2229 1558 quae
2252 1489 2464 1559 angelis
2489 1504 2593 1544 nos
2635 1489 3033 1559 superantibus
3059 1531 3075 1555 ,
3111 1505 3222 1543 non
3252 1499 3385 1544 sunt
3420 1488 3586 1543 intel~

1995 1581 2137 1636 lecta
2167 1580 2249 1636 eis
2289 1588 2422 1635 sunt
2477 1580 2690 1651 angelis
2725 1579 2935 1635 sanctis
2974 1580 3259 1635 intellecta
3308 1596 3432 1649 quae
3486 1579 3588 1633 hos

1995 1682 2280 1747 superant,
2309 1683 2475 1745 atque
2513 1674 2588 1730 ita
2620 1674 2888 1745 deinceps
2934 1691 2964 1729 a
2996 1682 3276 1745 potestate
3323 1674 3380 1729 in
3431 1686 3590 1744 pote-

1996 1776 2196 1823 statem
2227 1766 2534 1823 ascendens
2566 1767 2734 1834 ratio,
2772 1776 2828 1823 et
2853 1768 3112 1834 exaltata,
3139 1779 3195 1823 et
3216 1783 3411 1822 omnes
3432 1767 3586 1821 ordi-

1997 1876 2097 1916 nes
2119 1868 2288 1930 atque
2321 1866 2629 1930 potestates
2656 1867 3023 1931 transgressa,
3074 1859 3141 1914 in'
3172 1860 3454 1915 inetfabile
3484 1859 3587 1913 de-

1995 1949 2132 2004 sinit
2167 1966 2233 2024 ae
2294 1948 2455 2020 plane
2512 1948 2880 2020 incognitum.
2924 1949 3118 2019 Itaque
3184 1949 3230 2005 si
3277 1948 3585 2008 secundum

1994 2044 2320 2117 Dionysium
2343 2042 2735 2113 Areopagitam
2759 2043 3084 2113 negationes
3113 2043 3168 2097 in
3192 2044 3359 2098 rebus
3379 2042 3588 2098 divinis

1994 2136 2286 2197 veritatem
2321 2135 2552 2201 habent,
2577 2142 2771 2190 contra
2798 2134 3196 2190 amrmationes
3225 2150 3415 2190 rerum
3448 2133 3606 2193 inef-.

1995 2227 2247 2284 fabilium
2277 2226 2605 2308 obscuritati
2628 2242 2741 2282 non
2766 2228 3115 2283 conveniunt
3136 2269 3150 2293 ,
3189 2227 3417 2293 divinus
3440 2227 3591 2296 Apo-

1996 2322 2172 2389 stolus
2190 2321 2437 2388 omnium
2470 2335 2700 2377 suarum
2737 2320 3120 2390 cognitionum
3166 2322 3454 2376 intellectu
3484 2335 3587 2375 tte-

1994 2422 2142 2485 gato,
2191 2413 2453 2481 omnique
2503 2428 2690 2468 rerum
2719 2428 2844 2483 qua:
2893 2422 3025 2468 sunt
3072 2414 3369 2469 aﬂ'ectione
3422 2427 3590 2479 supe-

1994 2517 2135 2569 rata,
2182 2522 2364 2575 neque
2417 2506 2472 2560 in
2528 2520 2784 2576 corpore,
2838 2514 2900 2560 ut
2943 2505 3127 2572 dixit,
3158 2505 3332 2561 fuisse
3364 2505 3586 2575 proba~

1992 2599 2181 2655 biliter
2218 2599 2492 2663 videatur,
2548 2613 2674 2652 eum
2730 2598 2972 2653 activum
3006 2613 3115 2652 non
3150 2598 3393 2675 haberet
3451 2613 3587 2652 sen-

1993 2707 2140 2756 sum,
2176 2708 2357 2762 neque
2389 2706 2585 2746 rursus
2618 2698 2774 2746 extra
2799 2706 3004 2761 corpus
3031 2733 3046 2756 ,
3080 2708 3207 2746 eum
3241 2691 3586 2748 intellectum

1994 2784 2199 2839 habere
2243 2793 2551 2839 cessantem
2581 2798 2649 2837 eo
2679 2798 2790 2852 quo
2818 2790 3011 2853 raptus
3053 2782 3144 2837 'est
3172 2791 3444 2857 tempore.
3474 2799 3588 2853 quo

1994 2876 2050 2931 in
2081 2874 2617 2946 raptuinenarrabili
2638 2875 2880 2945 quodam
2914 2883 2971 2929 et
3004 2874 3289 2945 iucOgnito
3309 2874 3475 2930 modo
3495 2889 3587 2930 sce-

1993 2969 2238 3025 cnndum
2259 2969 2545 3025 cmleslem
2570 2967 2940 3023 initiationem
2963 2967 3214 3037 quaedam
3235 2966 3407 3023 verba
3429 2952 3590 3029 acce-

1995 3060 2097 3131 pit,
2121 3075 2245 3129 qua:
2277 3059 2445 3113 tacite
2477 3059 2685 3114 coleret
2707 3067 2763 3113 et
2781 3073 3068 3129 nunquam
3100 3058 3440 3128 divulganda
3457 3074 3587 3114 cus~

293 3156 566 3220 ἑκουσίως
592 3155 1019 3226 πεπηρωμένος.
1059 3152 1170 3206 Καὶ
1196 3151 1299 3222 τῆς
1314 3153 1430 3223 μὲν
1457 3153 1771 3223 πρακτικῆς
1801 3170 1890 3221 φι-

2001 3153 2230 3219 todiret,
2260 3160 2474 3222 utpote.
2497 3168 2621 3222 quae
2654 3167 2832 3222 neque
2858 3168 3018 3208 mens
3039 3151 3374 3223 intelligere,
3406 3167 3590 3221 neque

291 3249 557 3319 λοσοφίας
592 3248 755 3302 πάλιν
808 3247 969 3317 ἔργον
1014 3240 1152 3299 εἷναί
1201 3261 1336 3312 φασι
1397 3244 1583 3316 πάσης
1637 3245 1729 3298 τὸν
1763 3244 1888 3298 νοῦν

297 3341 528 3414 ἔμπαθῆ
569 3339 874 3411 φαντασίας
902 3338 1143 3409 καθαρὸν
1178 3336 1543 3407 καταστῆσαι,
1575 3338 1672 3406 τῆς
1695 3336 1753 3391 δὲ
1783 3354 1887 3406 φυ-

300 3434 466 3502 σικῆς
499 3432 735 3504 θεωρίας
781 3431 966 3501 πάσης
1003 3430 1103 3500 τῆς
1135 3430 1195 3482 ὲν
1236 3431 1350 3494 τοῖς
1387 3424 1510 3483 οὖσι
1549 3428 1672 3483 καθ’
1701 3428 1768 3499 ἢν
1804 3430 1889 3483 αἰ-

293 3527 425 3585 ⁴ιτίιιν
450 3528 793 3596 ὑπάρχουσιν
809 3521 1050 3595 ἀληθοῦς
1072 3519 1330 3589 γνώσεως
1355 3522 1518 3576 αὐτὸν
1544 3522 1890 3592 ἐπιστήμονα

289 3622 492 3682 δεῖται,
525 3621 623 3692 τῆς
651 3620 710 3674 δὲ
742 3613 1064 3688 θεολογικῆς
1102 3615 1498 3692 μυσταγωγίας
1541 3615 1729 3684 ὅμοιον
1766 3613 1889 3683 Θεῷ

293 3713 396 3767 καὶ
427 3711 565 3773 ἴσον,
593 3710 670 3775 ὡς
699 3710 944 3780 ἐφικτὸν,
977 3713 1044 3781 τῇ
1073 3711 1257 3782 χάριτι
1280 3706 1424 3761 κατά
1446 3705 1543 3774 τὴν
1583 3702 1698 3769 ἕξιν
1728 3704 1887 3773 ποιῆ-

295 3823 415 3870 σαι.
454 3805 687 3877 μηδενὸς
725 3804 788 3861 τὸ
824 3803 1046 3859 σύνολον
1077 3802 1158 3856 ἔτι
1186 3801 1295 3856 τῶν
1328 3797 1469 3875 μετά
1497 3797 1629 3852 Θεὸν
1660 3796 1751 3853 διὰ
1787 3797 1889 3867 τὴν

294 3899 578 3970 ὑπεροχὴν
615 3897 747 3952 ὅντα
768 3878 1032 3967 νοήμονα.

1995 3244 2182 3314 lingua
2234 3242 2394 3299 eﬂ‘ari
2428 3284 2444 3310 ,
2497 3258 2677 3313 neque
2712 3258 2880 3298 aures
2915 3243 3204 3313 percipere
3260 3254 3491 3312 possent
3536 3240 3587 3299 h.

1991 3335 2171 3390 Elﬁeit
2196 3346 2405 3399 autem,
2437 3344 2496 3389 ut
2529 3335 2566 3389 ii
2590 3334 2683 3405 qui
2714 3337 2931 3406 experti
2969 3343 3101 3408 sunt
3140 3335 3371 3390 tradunt
3402 3376 3418 3402 ,
3471 3336 3590 3390 viro

1992 3426 2127 3481 tutis
2155 3426 2210 3479 in
2256 3444 2274 3477 ι
2307 3426 2719 3496 progressione,
2777 3447 2795 3477 ι
2855 3442 3022 3496 quam
3069 3427 3183 3482 dixi
3218 3467 3234 3488 ,
3285 3426 3590 3498 perfectam

1993 3520 2271 3575 actionem
2322 3518 2460 3574 ﬁdes
2506 3529 2657 3574 recta
2687 3528 2741 3574 et
2778 3529 2963 3575 metus
2998 3521 3054 3574 in
3105 3520 3280 3575 Deum
3328 3521 3590 3576 incorru~

1995 3620 2143 3682 plus,
2176 3611 2489 3667 naturalem
2520 3627 2657 3668 vero
2692 3613 2749 3667 in
2785 3632 2804 3664 ‹
2841 3613 3173 3677 ascensione
3210 3633 3228 3667 ι
3259 3614 3589 3682 inoﬁ‘ensam

1996 3703 2522 3775 contemplationem
2573 3719 2701 3774 spes
2733 3703 2895 3759 ﬁrma
2944 3715 3001 3760 et
3046 3703 3407 3762 immaculata
3451 3721 3588 3762 con-

1995 3794 2252 3860 scientia,
2275 3794 2702 3858 ,deiticationem
2730 3794 2975 3866 denique
3012 3797 3067 3852 in
3100 3816 3118 3847 ι
3151 3796 3535 3867 assumptione
3561 3815 3582 3849 ι

1997 3886 2244 3960 perfecta
2276 3887 2527 3943 charitas
2554 3903 2619 3944 ac
2649 3903 2807 3943 mens
2841 3889 3007 3944 rebus
3035 3904 3161 3959 quae
3188 3898 3320 3944 sunt
3363 3889 3591 3959 penitus

291 4002 353 4048 et
399 3992 566 4062 plane
603 3992 769 4046 ultro
825 3989 1105 4044 abdicata.
1153 3989 1337 4056 Atque
1393 3983 1592 4040 activae
1658 3978 1885 4051 quidem
1927 3976 2297 4048 philosophiae
2338 3992 2536 4039 rursus
2582 3992 2706 4034 esse
2752 3977 2953 4034 dicunt
2995 3986 3266 4041 ,mentem
3338 3980 3586 4051 passioni

288 4086 593 4144 obnoxiam
658 4086 810 4143 omni
875 4082 1272 4155 imaginatione
1315 4081 1391 4136 'ac
1441 4075 1700 4135 saeculari
1754 4088 1953 4145 pompa
1989 4072 2252 4139 liberare,
2311 4072 2590 4161 natu/ralis
2636 4082 2826 4129 autem
2885 4073 3377 4144 contemplationis
3434 4080 3585 4134 omni

286 4198 419 4237 eam
483 4196 672 4236 rerum
749 4193 859 4248 qua
921 4191 1090 4232 causa
1135 4176 1409 4231 exsistant
1464 4187 1593 4227 vera
1642 4167 1963 4241 cognitione
2001 4166 2289 4231 imbuere,
2345 4167 2670 4252 tbeologica:
2716 4167 2961 4239 denique
3019 4169 3356 4224 initiationis
3400 4176 3458 4223 et
3503 4169 3590 4222 in-

284 4273 623 4332 struetionis
648 4287 771 4327 eam
805 4271 920 4329 Deo
957 4268 1226 4340 aequalem
1266 4275 1323 4323 et
1353 4281 1567 4338 parem,
1606 4271 1888 4333 quatenus,
1920 4260 2070 4325 licet,
2121 4260 2301 4331 gratia
2372 4260 2684 4319 secundum
2757 4262 3014 4319 habitum
3048 4261 3287 4319 reddere
3311 4301 3327 4329 ,
3361 4267 3421 4315 ut
3448 4260 3586 4331 siam

285 4381 639 4440 qumcunque
667 4374 793 4437 post
840 4366 1016 4421 Deum
1054 4371 1185 4421 sunt
1213 4372 1444 4435 prepter
1477 4359 1840 4418 eminentiam
1864 4357 2029 4424 plane
2065 4356 2306 4427 ignoret.

2384 4502 2403 4533 ι

300 4574 409 4631 Ἐκ
446 4572 554 4627 τοῦ
609 4571 797 4626 αὐτοῦ
847 4571 1057 4640 λόγου,
1093 4570 1181 4635 εὶς
1224 4567 1314 4633 τὸ,
1361 4586 1378 4618 ι
1420 4565 1557 4621 Οὐδ’
1594 4564 1673 4620 ἂν
1696 4563 1886 4619 αὐτὸν

1998 4580 2072 4635 Ex
2101 4579 2284 4633 eodem
2312 4594 2574 4644 sermone,
2622 4580 2677 4633 in
2715 4578 2856 4633 illud
2892 4594 2911 4632 .'
2952 4596 2971 4629 ι
3010 4577 3120 4632 Nec
3156 4578 3220 4632 ab
3273 4578 3465 4632 mundo
3500 4579 3586 4632 iu-

357 4664 703 4734 δυνηθῆναι
729 4662 1003 4734 χωρῆσαι
1040 4663 1146 4717 τὸν
1178 4662 1336 4717 κάτω
1367 4661 1604 4730 κόσμον
1625 4702 1640 4725 ,
1676 4658 1878 4713 Ἰωάν-

364 4776 479 4826 νης
538 4761 571 4812 ό
608 4759 717 4812 τοῦ
751 4759 947 4826 Λόγου
1001 4756 1337 4825 πρόδρομος
1361 4799 1374 4821 ,
1419 4755 1458 4822 ἠ
1498 4752 1734 4824 μεγάλη
1768 4752 1880 4821 τῆς

362 4851 651 4919 ἀληθείας
678 4848 871 4919 φωνὴ,
898 4845 1193 4917 διωρίζετο
1230 4848 1272 4902 ⁷-.
1291 4867 1308 4899 ι
1580 4876 1589 4883 -

365 4960 636 5033 Εὖκαιρον
680 4956 750 5032 ἦν
778 4961 925 5031 κάμὲ
957 4961 1094 5033 πρδς
1134 4946 1224 5014 τὸν
1254 4960 1407 5027 ἆγιον
1434 4959 1621 5013 τοῦτον
1656 4960 1752 5013 καὶ
1791 4959 1884 5030 μὲ-

276 5072 396 5126 γαν
440 5057 540 5126 τῆς
579 5055 839 5125 ἀληθείας
884 5053 1225 5119 διδάσκαλον,
1280 5054 1338 5106 τὸ
1382 5048 1612 5127 μέγεθος
1666 5054 1882 5125 ὁρῶντα

276 5150 388 5220 τῆς
432 5147 581 5218 αὐτῷ
635 5148 785 5218 παρὰ
820 5145 954 5200 Θεοῦ
983 5145 1232 5215 δοθείσης
1277 5145 1489 5216 σοφίας,
1523 5148 1697 5198 εἰπεῖν
1741 5147 1879 5216 ὅπερ

278 5239 476 5305 Δαὸὶδ,
504 5241 532 5297 ὁ
558 5238 668 5292 τῶν
703 5236 1001 5310 προφητῶν
1033 5237 1128 5291 καὶ
1153 5235 1420 5305 βασιλέοιν
1447 5237 1874 5306 ἐπισημότατος,

282 5330 430 5403 πρὸς
457 5329 549 5401 τρν
578 5329 732 5392 Θεὸν,
765 5327 827 5382 τὸ
858 5326 1088 5400 ἄπειρον
1121 5325 1221 5399 τῆς
1259 5329 1317 5380 ἐν
1361 5328 1529 5381 πᾶσιν
1569 5328 1736 5383 αὐτοῦ
1775 5346 1873 5398 με-

278 5422 641 5496 γαλειότητος
690 5418 1087 5489 καταπλαγεὶς,
1121 5418 1488 5483 ὲνθεαστικῶς
1519 5420 1873 5489 ἀπεφθέγξα-

177 5506 185 5515 ’
279 5533 369 5583 το,
400 5515 575 5582 λέγων
602 5530 616 5542 ·
635 5511 1101 5582 Ἐθιιυμαστώθη
1137 5510 1174 5580 ἡ
1210 5510 1433 5581 γνῶσίς
1464 5525 1581 5566 σου
1602 5511 1673 5576 ἐξ
1700 5511 1867 5581 ἐμοῦ,

357 5646 386 5687 ⁸³
418 5649 437 5707 1
466 5646 595 5705 Cor.
623 5663 680 5715 ll,
714 5650 767 5705 9.

357 5765 433 5843 (6)
468 5764 1092 5843 DionysgArcopag.__De
1126 5769 1341 5841 mystica
1387 5769 1543 5825 theol.
1578 5786 1695 5843 cap.
1734 5773 1779 5837 1,
1815 5789 1866 5843 p.

284 5826 427 5905 εει(
448 5844 578 5893 tom.
611 5826 820 5910 LOpp.
856 5826 1112 5894 édTVen.

2058 4673 2240 4743 [ένίονὶ
2293 4664 2441 4743 posse
2512 4673 2633 4743 capi
2681 4671 2917 4726 Joannes
2964 4671 3129 4725 “Verbi
3188 4686 3487 4743 prwcursor
3538 4681 3587 4725 et

1970 4813 1977 4819 .
2058 4782 2257 4836 magna
2290 4765 2527 4819 veritatis
2555 4780 2655 4818 vom
2684 4765 3070 4834 pronuntiavit.
3100 4783 3117 4816 ι

2058 4962 2446 5034 Opportunum
2473 4968 2595 5019 erat
2629 4973 2691 5019 ut
2721 4974 2779 5021 et
2811 4981 2916 5036 ego
2948 4975 3204 5022 sanctum
3230 4967 3382 5022 bunc
3419 4977 3585 5038 atque

1988 5073 2251 5128 magnum
2269 5058 2524 5113 veritatis
2554 5058 2905 5129 magistrum,
2968 5075 3096 5115 eum
3144 5059 3584 5130 magnitudinem

1989 5148 2280 5218 sapientiae
2319 5148 2573 5204 viderem
2623 5165 2654 5204 a
2692 5149 2809 5206 Deo
2842 5150 2892 5206 ei
2920 5149 3097 5217 datae,
3165 5152 3240 5206 ita
3269 5151 3587 5221 alloquerer

1992 5248 2055 5293 ut
2102 5238 2278 5295 David
2317 5240 2720 5310 prophetarum
2769 5257 3074 5313 regumque
3130 5242 3582 5314 insignissimus,

1982 5335 2178 5399 Deum,
2204 5334 2650 5409 inﬁnitam~ejus
2702 5337 2759 5392 in
2788 5338 3050 5393 omnibus
3106 5338 3279 5394 rebus
3327 5340 3586 5411 majesta-

1982 5434 2092 5482 tem
2118 5427 2456 5495 admiratus,
2491 5430 2684 5485 divino
2711 5431 3172 5503 numine‘plenus
3198 5433 3395 5489 dicens
3431 5451 3445 5488 :
3476 5433 3583 5488 Mi-

1982 5518 2204 5575 rabih'or
2249 5520 2391 5587 facta
2417 5530 2495 5577 est
2526 5523 2604 5577 tui
2636 5524 2884 5595 cognitio,
2932 5534 2981 5579 et
3035 5523 3265 5580 invaluit
3286 5559 3301 5585 ,
3340 5539 3497 5595 quam
3527 5538 3582 5578 ut

2057 5773 2133 5852 Cl)
2174 5773 2493 5852 Greg.ANaz.
2527 5795 2605 5852 or.
2641 5779 2797 5835 (licet.
2825 5779 2891 5849 ll,
2926 5797 3043 5851 cap.
3073 5780 3163 5847 9.0,
3195 5796 3248 5852 ιι.
3284 5781 3409 5849 511,
3442 5790 3575 5839 tom.

1986 5843 2028 5902 l.
2059 5842 2198 5917 Opp.
2231 5842 2365 5902 edit.
2402 5847 2606 5905 Bened.
