4012 6420
548 364 563 426 l
578 367 681 430 24-7

1697 379 1756 439 S.
1800 380 2088 441 MAXIMI
2129 381 2644 446 CONFESSORIS

3684 382 3796 454 12:13

538 499 673 539 vero
698 484 1059 556 Evangelium
1093 485 1276 552 Luem,
1306 495 1368 543 ut
1392 487 1541 558 quod
1570 491 1894 561 ampliorem
1923 508 2135 548 sermo-

2270 490 2363 549 ίαν
2390 498 2506 559 τοῖς
2550 498 2774 567 τρόποις
2807 496 3177 567 κατάλληλον,
3205 498 3305 566 τῆς
3351 496 3414 549 δὲ
3460 494 3722 565 θεολογίας
3750 501 3800 553 et

538 574 628 631 nis
662 577 1072 634 enarrationem
1106 579 1412 643 contineat.
1447 592 1505 637 et
1549 581 1919 639 institutionis
1950 584 2128 639 histo-

2242 586 2384 646 κατὰ
2432 586 2708 660 Ἰωάννην,
2737 587 2797 654 ἐξ
2824 582 2892 661 ἦς
2925 590 3020 643 καὶ
3067 591 3150 653 εἰς
3187 590 3252 659 ἥν
3281 587 3611 659 θεοπρεπῶς
3631 588 3803 661 ἤρξατό

540 671 681 724 riam
712 670 893 725 modis
920 686 1222 742 congruam
1251 682 1309 728 et
1340 680 1805 743 consentaneam;
1841 676 2134 749 theologize

2270 695 2301 730 ἐ
2326 680 2423 733 καὶ
2452 678 2635 751 ἔληξε.

541 762 784 833 denique
831 764 1143 836 symbolum
1187 780 1309 821 esse
1351 766 1581 822 Joannis
1630 768 2015 840 Evangelium,
2065 785 2134 825 ex
2170 785 2284 842 quo
2347 779 2402 826 et
2448 772 2506 827 in
2584 771 2734 842 quod
2778 772 2893 829 Deo
2928 758 3343 829 convenienter
3394 772 3729 827 inchoaverit
3763 784 3808 828 et

544 857 813 913 ﬁniverit.

614 951 796 1020 Atque
824 952 1022 1006 rursus
1061 958 1123 1006 ut
1150 951 1432 1007 sensibilis
1460 951 1705 1008 mundus
1734 954 1983 1024 quinque
2010 969 2141 1009 sen-

547 1058 713 1097 suum
748 1044 1079 1099 naturaliter
1123 1052 1209 1099 est
1254 1044 1567 1108 institutor,
1601 1045 1734 1100 dum
1778 1045 2029 1117 subjacet
2058 1046 2142 1101 eis

549 1144 714 1204 atque
757 1135 824 1190 ad
875 1151 935 1190 se
979 1135 1570 1206 comprehendendum
1618 1152 1717 1192 eos
1760 1136 2010 1204 deducit,
2063 1135 2143 1191 ita

548 1224 715 1279 etiam
743 1224 1139 1280 intellectualis
1165 1225 1408 1281 mundus
1430 1227 1701 1296 virtutum
1727 1233 1833 1292 est,
1861 1225 2143 1281 dum~ani-

551 1316 1045 1373 inite-facultatibus
1075 1318 1319 1373 obnoxia
1353 1317 1421 1372 ad
1454 1318 1711 1388 spiritdm
1750 1332 1846 1374 eas
1877 1317 2155 1400 instituit,

548 1418 607 1465 et
633 1409 941 1466 uniformes
971 1410 1175 1469 reddit
1206 1412 1464 1481 circaque
1500 1426 1628 1466 eum
1676 1410 1947 1466 duntaxat
1987 1427 2146 1467 com-

551 1502 762 1557 moveri
796 1503 1025 1573 ejusque
1054 1504 1514 1574 perceptionibus
1548 1503 1709 1558 inniti
1739 1504 1922 1575 jubet.
1957 1504 2028 1559 Et
2060 1503 2146 1574 ip-

553 1590 631 1647 sis
663 1606 796 1647 vero
845 1594 1094 1663 corporis
1144 1595 1406 1650 sensibus
1454 1593 1763 1649 secundum
1813 1594 2148 1650 diviniorem

553 1682 828 1738 rationem
876 1687 959 1740 eis
1001 1686 1445 1753 convenientem,
1494 1686 1715 1742 institui
1747 1688 1904 1744 aiunt
1948 1689 2149 1744 animae

552 1774 880 1843 facultates,
933 1784 995 1831 ut
1038 1778 1243 1848 quibus
1303 1778 1373 1833 ad
1422 1778 1699 1850 agendum
1745 1780 2014 1849 paulatim
2059 1780 2149 1835 in-

553 1875 865 1934 struantur,
896 1870 1208 1925 rationibus
1249 1870 1515 1926 nimirum
1546 1887 1671 1942 qua:
1701 1873 1757 1927 in
1789 1872 1961 1928 rebus
2002 1872 2153 1928 exsi-

554 1959 833 2015 stentibus
887 1961 1062 2016 insint
1105 1962 1594 2033 apprehendendis
1643 1979 1709 2019 ac
1750 1964 2151 2035 percipiendis,

554 2059 655 2114 per
704 2060 845 2117 quas
904 2050 1079 2105 veluti
1148 2067 1248 2121 per
1306 2052 1517 2109 litteras
1576 2054 1842 2125 quasdam
1908 2056 1992 2110 eis
2057 2055 2155 2126 qui

557 2138 851 2194 oculorum
914 2140 972 2195 in
1035 2144 1332 2199 veritatem
1402 2130 1578 2201 aeiem
1648 2146 1948 2202 intendunt
2008 2148 2158 2204 Deus

560 2227 758 2285 Sermo
785 2231 1010 2302 legitur.
1038 2233 1195 2290 Unde
1227 2243 1284 2291 et
1312 2238 1656 2308 exemplares
1683 2239 1883 2294 animae
1917 2241 2154 2295 faculta-

560 2331 681 2376 tum
710 2323 981 2396 imagines
1013 2343 1212 2385 sensus
1236 2341 1597 2399 vocaverunt,
1620 2348 1747 2388 cum
1772 2335 2158 2405 unusquisque

561 2431 763 2472 sensus
785 2432 912 2473 cum
941 2419 1315 2478 instrumento
1353 2439 1480 2490 suo,
1516 2426 1819 2497 unicuique
1845 2426 2042 2482 animm
2075 2427 2158 2482 fa-

561 2509 756 2562 cultati
783 2513 1187 2569 convenienter
1213 2516 1427 2572 ratione
1456 2518 1630 2588 magis
1659 2519 1891 2590 mystica
1916 2517 1984 2574 de
2006 2519 2165 2590 prin.

561 2599 709 2670 cipio
741 2616 772 2655 a
816 2612 1017 2675 natura
1062 2606 1367 2662 attributus
1399 2608 1493 2662 sit.
1524 2609 1604 2663 Ac
1635 2608 1915 2664 facultatis
1948 2609 2160 2665 intelli—

561 2689 751 2760 gendi,
797 2693 915 2747 sive
970 2695 1196 2761 mentis,
1247 2697 1452 2761 visum,
1507 2697 1797 2752 rationalis
1842 2712 1996 2762 vero,
2042 2698 2161 2752 sive

562 2786 840 2841 sermonis
864 2788 1139 2854 auditum,
1169 2790 1339 2844 animi
1371 2790 1660 2856 olfactum,
1686 2791 2163 2861 concupiscentiae

564 2880 807 2947 gustum,
837 2878 1025 2934 vitalis
1069 2888 1275 2935 tactum
1311 2897 1433 2938 esse
1477 2897 1703 2937 sensum
1749 2881 1965 2949 dicunt,
1993 2890 2161 2954 atque

564 2972 897 3041 simpliciter
918 2982 979 3027 ut
1001 2973 1207 3029 clarius
1233 2989 1320 3029 me
1346 2976 1677 3045 exprimam,
1705 2964 1912 3030 mentis
1934 2975 2162 3046 quidem

566 3060 759 3133 imago.
780 3070 866 3118 est
894 3064 1070 3130 visus.
1104 3064 1212 3121 hoc
1243 3074 1329 3121 est
1355 3065 1572 3133 oculus,
1598 3067 1892 3122 sermonis
1915 3078 2024 3139 .est
2066 3083 2166 3123 au-

2272 948 2283 958 ’
2320 952 2432 1006 Καὶ
2466 953 2630 1008 πάλιν
2672 951 2864 1023 ὥσπερ
2909 954 2938 1007 ὁ
2979 953 3242 1025 αἰσθητὸς
3292 953 3516 1025 κόσμος
3564 971 3811 1026 στοιχειω.

2248 1045 2401 1109 τικός
2450 1046 2567 1100 ἐστι
2634 1046 2774 1100 κατὰ
2847 1046 3013 1117 φύσιν
3066 1045 3179 1100 τῶν
3265 1047 3438 1100 πέντε
3488 1047 3809 1121 αἰσθήσεων,

2251 1134 2575 1189 ὑποπίπτων
2622 1137 2815 1201 αὑταῖς
2860 1137 2955 1191 καὶ
3004 1137 3147 1209 πρὸς
3193 1137 3295 1208 τὴν
3342 1138 3555 1192 ἑαυτοῦ
3605 1143 3813 1214 κατάλη-

2249 1221 2344 1292 ψιν
2374 1223 2583 1295 ὁδηγῶν
2606 1266 2621 1289 ,
2674 1224 2819 1279 οὕτω
2853 1225 2950 1279 καὶ
2977 1227 3007 1279 ό
3041 1226 3187 1281 κατὰ
3233 1227 3485 1281 διάνοιαν
3515 1228 3712 1300 κόσμος
3732 1233 3815 1287 τῶν

2252 1314 2488 1385 ἀρετῶν,
2534 1320 2656 1381 ταῖς
2703 1318 2807 1389 τῆς
2845 1319 3028 1389 ψυχῆς
3066 1320 3399 1374 ὑποπίπτων
3422 1322 3683 1393 δυνάμεσι
3705 1343 3814 1382 στοι-

2248 1407 2387 1477 χειοῖ
2416 1405 2585 1469 αὐτὰς
2638 1406 2788 1477 πρὸς⁸
2823 1407 2886 1460 τὸ
2930 1407 3186 1479 πνεῦμα,
3238 1409 3511 1474 ἐνοειδείς
3551 1411 3817 1484 ἐργαζόμε-

2250 1516 2341 1562 νος
2397 1499 2474 1570 τῷ
2517 1501 2646 1571 περὶ
2695 1500 2832 1555 αὐτὸ
2863 1500 3024 1572 μόνον
3070 1501 3244 1566 αὐτάς
3276 1502 3584 1569 κινεῖσθαι,
3607 1506 3816 1572 καὶτοῖς

2252 1590 2417 1645 αὑτοῦ
2469 1591 2821 1662 ἀντιλήψεσιν
2848 1592 3254 1664 ὲπερείδεσθαι.
3295 1594 3415 1647 Καὶ
3446 1594 3622 1659 αὑτὰς
3648 1596 3702 1649 δὲ
3739 1601 3815 1663 τὰς

2251 1670 2533 1755 αἰσθήσεις
2560 1684 2653 1738 τοῦ
2682 1684 2956 1757 σώματος,
2983 1686 3125 1741 κατὰ
3145 1686 3240 1741 τὸν
3265 1687 3469 1750 αὐταῖς
3498 1688 3819 1759 ἐμπρέποντα

2255 1775 2531 1847 θειότερον
2576 1777 2758 1847 λόγον,
2785 1779 3200 1850 στοιχειωτικὰς
3240 1774 3390 1832 εἷναί
3421 1796 3562 1847 φασι
3622 1780 3729 1833 τῶν
3744 1784 3820 1851 τῆς

2255 1866 2436 1939 ψυχῆς
2457 1866 2775 1940 δυνάμεων,
2790 1868 3162 1940 στοιχειούσας
3181 1870 3352 1932 αὑτὰς
3375 1870 3570 1941 ἠρέμα
3592 1871 3719 1941 πρὸς
3760 1876 3821 1925 ἐν·

2256 1959 2497 2029 ἐργειαν,
2516 1963 2635 2024 ταῖς
2653 1959 2717 2033 δὴ
2735 1961 2778 1994 ’⁸
2799 1960 3005 2015 ἑαυτῶν
3021 1960 3347 2035 ἀντιλήψεσι
3366 1960 3486 2014 τῶν
3513 1961 3574 2015 ὲν
3599 1964 3706 2025 τοῖς
3728 1958 3822 2020 οὖσι

2256 2050 2454 2119 λόγων,
2475 2052 2543 2106 δι’
2565 2046 2642 2106 ὧν
2659 2051 2735 2116 ὡς
2747 2051 2835 2106 διὰ
2852 2052 3200 2125 γραμμάτων
3216 2053 3385 2107 τινῶν
3405 2054 3529 2117 τοῖς
3548 2052 3819 2119 ὀξυωποῦσι

2259 2140 2399 2214 πρὸς
2432 2143 2529 2215 τὴν
2557 2144 2817 2217 ἀλήθειαν
2880 2146 2911 2198 ό
2957 2145 3092 2211 Θεὸς
3148 2145 3326 2215 Λόγος
3385 2144 3815 2215 ἀναγινώσκεται.

2260 2235 2426 2292 Ὅθεν
2455 2237 2550 2291 καὶ
2580 2236 3094 2309 παραδειγματικάς
3115 2237 3224 2292 τῶν
3264 2236 3530 2309 ψυχικῶν
3570 2237 3815 2308 δυνάμεων

2260 2329 2478 2393 εἰκόνας
2502 2329 2600 2394 τάς
2620 2328 2905 2401 αἰσθήσεις
2928 2330 3217 2396 ἐκάλεσαν,
3264 2329 3341 2393 ὡς
3375 2330 3627 2398 ἑκάστης
3672 2331 3809 2401 αἰσθή-

2262 2438 2398 2486 σεως
2433 2420 2572 2491 μετὰ
2621 2420 2715 2475 τοῦ
2748 2421 2924 2492 αὐτῆς
2970 2422 3234 2494 ὀργάνου,
3260 2421 3439 2491 ἤγουν
3473 2420 3807 2493 αἰσθητηρίου,

2263 2512 2700 2585 προηγουμένως
2725 2512 2917 2584 (198
2964 2512 3017 2585 b)
3043 2513 3256 2587 ἑκάστῃ
3283 2513 3527 2584 δυνάμει
3556 2513 3656 2583 τῆς
3677 2512 3816 2582 ψυχῆς

2264 2603 2967 2676 ἅναλόγωςμυστικωτέρῳ
3018 2607 3127 2658 τινὶ
3156 2604 3304 2676 λόγῳ
3338 2605 3492 2660 κατὰ
3529 2604 3685 2673 φύσιν
3704 2619 3815 2656 νενε-

2270 2713 2345 2765 μη
2356 2695 2543 2765 μένης.
2578 2697 2691 2749 Καί
2718 2712 2885 2765 φασιν
2919 2693 3061 2750 εἶναι
3090 2696 3189 2767 τῆς
3218 2697 3318 2768 μὲν
3350 2697 3560 2768 νοερᾶς
3578 2694 3818 2764 δυνάμεως

2265 2786 2384 2858 ἦτοι
2409 2785 2506 2840 τοῦ
2536 2786 2629 2841 νοῦ
2652 2785 2755 2858 τὴν
2791 2787 3025 2858 όπτικὴν
3081 2790 3359 2859 αἴσθησιν,
3394 2788 3502 2858 τῆς
3526 2787 3589 2841 δὲ
3632 2783 3817 2853 λογικῆς

2266 2877 2388 2948 ἦτοι
2416 2877 2510 2931 τοῦ
2538 2878 2698 2948 λόγου
2732 2878 2832 2951 τὴν
2854 2870 3217 2951 ἀκουστικὴν,
3259 2879 3362 2950 τῆς
3389 2879 3451 2933 δὲ
3491 2876 3727 2948 θυμικῆς
3744 2876 3817 2943 τὴν

2266 2970 2660 3043 όσφραντικήν,
2699 2972 2801 3044 τῆς
2840 2973 3253 3045 ἐπιθυμητικῆς
3287 2973 3346 3028 δὲ
3386 2976 3493 3045 τὴν
3541 2968 3816 3041 γευστικὴν,

2267 3064 2365 3134 τῆς
2386 3062 2445 3116 δὲ
2475 3062 2715 3135 ζωτικῆς
2734 3062 2835 3135 τὴν
2858 3063 3118 3136 ἁπτυοὴν,
3145 3065 3240 3118 καὶ
3266 3062 3462 3127 ἁπλῶς
3486 3063 3578 3117 ἴνα
3603 3058 3817 3129 σαφέστε-

566 3153 738 3220 ditus,
773 3155 881 3211 hoc
927 3166 1015 3212 est
1059 3157 1236 3220 auris,
1270 3158 1442 3213 animi
1488 3165 1577 3214 est
1616 3158 1878 3225 olfactus,
1924 3160 2033 3215 hoc
2076 3166 2165 3216 est

2273 3171 2366 3227 ρον
2398 3156 2558 3222 εῐπω,
2594 3152 2703 3211 τοῦ
2723 3155 2825 3223 μὲν
2852 3155 2942 3211 νοῦ
2970 3156 3120 3211 ἐστιν
3161 3156 3329 3212 εἰκὼν
3369 3158 3407 3229 ἡ
3445 3155 3594 3227 ὄψις,
3642 3151 3817 3237 ηγουνό

570 3260 762 3311 nasus,
802 3248 1272 3318 concupiscentia
1310 3256 1396 3304 est
1440 3258 1657 3321 gustus,
1691 3258 1859 3321 atque
1903 3251 2031 3306 vitae
2077 3259 2165 3307 est

571 3347 781 3407 tactos;
818 3343 1023 3411 quibus
1063 3346 1247 3399 anima
1293 3344 1600 3401 secundum
1643 3344 1768 3412 Dei,
1814 3344 1912 3415 qui
1961 3354 2163 3402 cuncta

571 3433 855 3503 sapienter
895 3435 1157 3503 instituit,
1202 3437 1378 3508 legem
1411 3438 1743 3505 naturaliter
1787 3436 2033 3493 innitens
2070 3452 2173 3508 per

573 3542 703 3581 suas
742 3527 1053 3596 facultates,
1087 3540 1144 3586 et
1190 3530 1259 3586 ad
1303 3531 1588 3587 sensibilia
1629 3531 1783 3587 varie
1824 3531 2168 3600 transducta,

572 3619 621 3672 si
654 3618 797 3675 bene
829 3636 925 3690 per
957 3621 1255 3679 facultates
1292 3638 1424 3679 suas
1450 3638 1550 3680 usa
1581 3623 1753 3679 fuerit
1794 3623 1851 3679 in
1898 3622 2173 3694 multipli-

574 3712 734 3769 cibus
766 3729 954 3769 rerum
988 3716 1302 3773 rationibus
1335 3717 1686 3790 colligendis,
1724 3724 1781 3774 et
1809 3716 1878 3773 ad
1903 3732 1964 3773 se
1990 3717 2169 3788 ipsam

574 3804 859 3875 sapienter
900 3808 1201 3865 transferre
1231 3810 1476 3881 potuerit
1521 3810 1784 3867 universa
1828 3827 1951 3881 qua:
1993 3809 2176 3865 oculis

572 3898 836 3969 objacent
880 3899 938 3954 in
981 3900 1187 3971 quibus
1232 3902 1379 3957 Deus
1423 3902 1625 3957 tacitus
1665 3914 1846 3973 praeco
1873 3899 2172 3965 delitescit,

579 3991 1014 4060 pulcherrimum
1045 3994 1212 4049 etiam
1244 3993 1362 4066 ipsa
1393 3994 1463 4051 de
1483 3995 1771 4051 voluntate
1799 3993 1857 4049 in
1891 3992 2177 4048 intellectu

578 4092 638 4138 et
676 4085 1029 4155 spiritualem
1081 4070 1355 4142 mundum
1411 4082 1622 4153 condit,
1655 4084 2016 4158 generalibus
2040 4099 2180 4155 qua-

581 4186 710 4230 tuor
750 4175 1055 4233 virtutibus
1089 4178 1495 4234 elementorum
1544 4179 1601 4233 in
1656 4177 1881 4233 modum
1928 4175 2077 4233 inter
2119 4191 2179 4233 se

575 4267 790 4336 junctis
841 4269 910 4325 ad
968 4270 1163 4326 mundi
1206 4270 1636 4343 intelligibiliter
1698 4270 1828 4326 inde
1876 4269 1931 4325 in
1977 4269 2175 4341 spirit

581 4361 1004 4418 consummandi
1034 4363 1598 4434 compaginationem,
1623 4360 1889 4417 nimirum
1916 4360 2061 4417 dum
2076 4373 2181 4431 pro

2271 3245 2574 3318 όφθαλμδς,
2601 3245 2695 3301 τοῦ
2728 3248 2788 3300 δὲ
2812 3248 2972 3316 λόγου
3000 3246 3208 3317 ἐστὶνή
3236 3247 3399 3317 ἀκοὴ,
3441 3246 3613 3316 ἢγουν
3645 3241 3701 3296 τὸ
3730 3236 3815 3302 οὖς,

2272 3339 2367 3393 τοῦ
2396 3339 2457 3395 δὲ
2478 3338 2653 3411 θυμοῦ
2686 3341 2836 3394 ἐστιν
2860 3341 2893 3411 ἡ
2918 3339 3210 3413 δσφρησις,
3236 3342 3411 3412 ἤγουν
3451 3341 3487 3409 ἡ
3526 3337 3630 3410 ῥὶς,
3669 3335 3754 3403 τῆς
3778 3332 3817 3384 δὲ

2273 3430 2569 3504 ἐπιθυμίας
2597 3431 2747 3486 ἐστὶν
2765 3433 2817 3504 ⁸ἡ
2853 3431 3064 3501 γεῦσις,
3097 3434 3315 3505 καὶτῆς
3344 3431 3503 3504 ζωῆς
3532 3432 3566 3502 ἠ
3602 3428 3731 3497 ἁφή·
3752 3419 3817 3485 αἷς

2272 3527 2306 3596 η
2351 3524 2501 3597 ψυχὴ
2532 3524 2675 3579 κατὰ
2704 3524 2799 3580 τὸν
2853 3524 3022 3596 νόμον
3057 3523 3155 3579 τοῦ
3184 3524 3256 3582 τὰ
3300 3524 3488 3580 πάνυ
3537 3521 3706 3590 σοφῶς
3746 3516 3813 3585 δη·

2279 3616 2718 3689 μιουργήσαντος
2763 3615 2904 3671 Θεοῦ
2961 3616 3106 3671 κατὰ
3152 3615 3321 3686 φύσιν
3382 3611 3717 3686 ἐποχουμένη
3753 3604 3817 3660 διὰ

2275 3705 2385 3762 τῶν
2406 3698 2579 3778 αὐτῆς
2605 3706 2910 3778 δυνάμεων,
2942 3706 3040 3761 καὶ
3068 3705 3208 3777 πρὸς
3235 3704 3308 3760 τά
3338 3702 3583 3775 αἰσθητὰ
3608 3696 3819 3756 ποικίλως

2270 3795 2728 3869 ’διαϐιϐαζομένη,
2759 3798 2810 3851 εἰ
2860 3795 3168 3868 μὲνκαλῶς
3213 3796 3486 3868 χρήσαιτο
3510 3793 3634 3855 ταῖς
3666 3783 3817 3853 αἰσθή-

2280 3906 2400 3944 σεσι
2428 3889 2519 3944 διὰ
2553 3889 2664 3944 τῶν
2702 3888 2926 3945 οἰκείων
2975 3888 3266 3959 δυνάμεων
3312 3888 3447 3951 τοὺς
3489 3874 3820 3941 παντοδατὶοῦς

2277 3980 2388 4037 1τῶν
2415 3981 2585 4037 ὄντων
2608 3981 2806 4051 λόγους
2837 3980 3236 4053 άναλεγομένη,
3268 3981 3367 4035 καὶ
3390 3978 3601 4050 δυνηθῇ
3638 3966 3816 4053 pateﬁt:

2281 4073 2448 4129 ϐᾶσαι
2479 4074 2619 4146 πρὸς
2669 4072 2877 4146 ἑαυτὴν
2924 4050 3106 4143 σοφῶς
3151 4050 3262 4136 πᾶν
3290 4073 3353 4127 τδ
3379 4070 3676 4146 ὁρώμενον,
3713 4063 3761 4115 ἐν

2281 4145 2590 4235 κέκρυπται
2614 4163 2750 4229 Θεὸς
2788 4145 2969 4236 σιωπῇ
2996 4145 3424 4236 κηρυττόμενος,
3455 4160 3727 4216 κάλλιστον
3750 4145 3818 4202 καὶ

2282 4255 2424 4328 αὐτὴ
2457 4255 2600 4311 κατὰ
2630 4255 2952 4329 προαίρεσιν
2976 4257 3037 4309 ἐν
3068 4257 3135 4327 τῇ
3165 4254 3377 4326 διανοίᾳ
3421 4252 3520 4308 καὶ
3564 4255 3819 4314 πνευματι-

2282 4350 2379 4405 κὸν
2430 4348 2636 4421 κόσμον
2682 4348 3111 4421 ἐδημιούργησε,
3166 4347 3268 4413 τάς
3302 4345 3531 4416 γενικὰς
3582 4340 3811 4404 τέσσαρας

582 4471 729 4510 nexu
762 4463 820 4511 et
858 4421 1602 4526 applicationevfacultatum
1651 4452 1831 4525 ipsius
1877 4453 1936 4507 in
1982 4464 2166 4507 sensu:

2285 4443 2492 4515 ἀρετὰς
2544 4441 2830 4514 στοιχείων
2869 4440 3031 4512 δίκην
3098 4441 3362 4513 ἀλλήλαις
3413 4437 3667 4497 συνθεῖσα
3714 4421 3816 4496 πρδς

581 4546 817 4615 actionis
849 4518 1093 4619 singulas
1124 4547 1364 4603 virtutes
1404 4546 1554 4602 sistit
1582 4562 1596 4599 :
1622 4552 1683 4599 ut
1715 4542 2069 4615 prudentiam
2112 4556 2166 4595 ei

2270 4535 2572 4609 ’σύμπηξιν
2599 4534 2697 4590 τοῦ
2724 4534 2787 4601 ἐξ
2816 4533 2999 4591 αὐτῶν
3030 4534 3237 4607 νοητῶς
3282 4534 3426 4587 κατὰ
3475 4526 3686 4597 πνεῦμα
3721 4530 3818 4619 Gul“

516 4681 525 4689 .
582 4639 833 4708 guostica
880 4647 937 4695 et
982 4639 1159 4709 perita
1196 4636 1592 4693 intellectualis
1623 4642 1682 4691 et
1726 4633 2011 4719 rationalis
2053 4646 2182 4687 cum

582 4746 839 4786 sermone
888 4731 1215 4786 facultatum
1256 4730 1326 4786 ad
1368 4729 1596 4786 videndi
1632 4727 2011 4807 audiendique
2053 4742 2183 4782 sen-

583 4838 709 4876 sum
732 4824 1135 4893 applicatarum
1157 4823 1307 4879 circa
1342 4823 1632 4879 sensibilis
1658 4837 1758 4877 sua
1785 4821 2040 4887 actione;
2074 4819 2187 4874 for-

586 4916 886 4972 titudinem
914 4932 1051 4972 vero
1094 4932 1163 4972 ex
1191 4932 1406 4973 summa
1449 4915 1620 4972 animi
1663 4915 1733 4971 ad
1764 4915 2048 4977 olfactum,
2078 4913 2186 4969 hoc

584 5017 673 5063 est
717 5021 935 5071 nasum,
968 5007 1025 5062 in
1074 5022 1189 5078 quo
1236 5006 1402 5060 animi
1444 5006 1705 5077 spiritum
1752 5004 2185 5065 sedembabere

586 5099 804 5167 dicunt,
852 5101 1117 5172 applicati
1159 5100 1308 5156 circa
1347 5115 1512 5155 suum
1557 5098 1821 5156 sensibile
1875 5098 2187 5154 secundum

589 5193 867 5249 actionem
910 5194 1324 5265 aequabilitate;
1364 5193 1786 5264 temperantiam
1829 5206 1897 5246 ex
1928 5188 2193 5259 concupi-

592 5283 858 5342 scentivac
887 5284 1168 5341 facultatis
1191 5285 1260 5341 ad
1285 5293 1509 5358 gustum
1533 5282 1821 5356 applicata:
1849 5282 1996 5337 circa
2027 5295 2192 5336 suum

592 5377 862 5433 sensibile
888 5378 1176 5435 moderato
1207 5395 1347 5447 usu;
1374 5379 1650 5451 justitiam
1674 5392 1743 5434 ex
1773 5392 1929 5447 aequa
1957 5383 2014 5430 et
2043 5373 2197 5429 ordi-

595 5480 725 5526 nata
752 5477 813 5525 et
842 5470 900 5525 in
920 5472 1145 5527 cunctis
1167 5473 1427 5543 aequabili
1454 5488 1557 5544 per
1582 5479 1786 5528 tactum
1813 5480 1871 5526 et
1896 5470 2045 5525 circa
2070 5467 2194 5523 uni-

596 5579 755 5619 versa
807 5564 926 5619 fere
978 5566 1261 5621 sensibilia
1309 5566 1496 5620 vitalis
1549 5563 1828 5621 facultatis
1885 5560 2190 5617 secundum

600 5658 874 5711 actionem
909 5657 1326 5717 distributione.
1360 5656 1439 5711 Ex
1475 5658 1562 5713 his
1604 5656 1957 5728 generalibus
1997 5667 2194 5708 rursus

2289 4606 2673 4701 πληρουμένου
2704 4627 2936 4699 κόσμου,
2987 4606 3131 4683 κατά
3180 4625 3508 4697 συμπλοκὴν
3543 4619 3712 4692 μέντοι

2287 4699 2427 4790 πρὸξ
2450 4718 2554 4794 ’ῗάς
2588 4719 2876 4790 αἰσθήσεις
2915 4717 3028 4785 τῶν
3057 4717 3232 4789 αὗτῆς
3262 4715 3549 4787 δυνάμεων
3591 4699 3813 4776 ἐνεργείας

2286 4814 2528 4884 ἑκάστην
2555 4813 2760 4885 ἀρετὴν
2785 4812 3147 4883 ὑποστήσασα
3174 4826 3188 4840 ·
3223 4803 3338 4865 οἷον
3356 4809 3461 4880 τὴν
3487 4804 3583 4878 μὲν
3611 4796 3817 4891 optimi!”

2288 4906 2359 4959 ἐκ
2388 4904 2489 4975 τῆς
2518 4903 2664 4958 κατὰ
2693 4902 3019 4974 συμπλοκὴν
3050 4900 3153 4972 τῆς
3189 4917 3249 4955 τε
3299 4901 3489 4973 νοερᾶς
3526 4893 3619 4950 καὶ
3644 4889 3819 4975 “Tm?

2288 4968 2573 5069 δυνάιέιως
2599 4996 2740 5067 πρὸς
2766 4968 2869 5068 τὴν
2914 4968 3153 5066 ὀπτικήν
3203 5011 3263 5048 τε
3296 4968 3401 5049 ιιιαί.⁷
3421 4980 3729 5050 ἀκουστικὴν
3762 4968 3820 5075 at:

2293 5092 2506 5162 σθησιν,
2542 5090 2675 5162 περὶ
2709 5089 2780 5144 τὰ
2800 5090 2987 5146 αὐτῶν
3018 5087 3278 5158 αἰσθητὰ,
3333 5080 3637 5155 γνωστικῆς
3674 5086 3725 5125 τε
3752 5078 3819 5167 ξι

2291 5154 2735 5256 ἐπι-στηνμονιῑκῆς
2773 5182 3080 5255 ἐνεργείας,
3132 5154 3233 5252 την
3278 5154 3353 5234 δέ
3374 5175 3623 5256 ἀνδρείαν
3655 5167 3710 5219 ἐκ
3745 5154 3818 5222 τῆς

2292 5280 2435 5334 κατὰ
2487 5277 2814 5348 συμπλοκὴν
2868 5276 2965 5330 τοῦ
3002 5272 3237 5344 θυμικοῦ
3267 5272 3405 5343 πρὸς
3432 5270 3529 5342 τὴν
3571 5264 3815 5349 tamen

2295 5374 2468 5445 ’ἤγουν
2497 5375 2589 5426 τὸν
2649 5371 2925 5443 μυκτῆρα,
2978 5372 3036 5424 ἐν
3091 5362 3136 5436 ᾧ
3178 5367 3241 5421 τὸ
3288 5363 3538 5436 θυμικὸν,
3575 5356 3644 5418 ὣς
3676 5354 3816 5445 φασιῇ

2300 5431 2582 5529 adulterat
2645 5431 2863 5535 πνεῦμά
2899 5431 2929 5525 ,ί
2972 5431 3159 5532 (199
3212 5460 3269 5530 a)
3314 5431 3472 5528 ’περὶ
3520 5453 3579 5507 τὸ
3628 5431 3818 5510 cn:ka

2303 5554 2561 5626 αἰσθητὸν
2612 5534 2795 5624 ἄκρας
2848 5542 2991 5606 κίτι
3046 5547 3164 5621 τὴν
3201 5548 3489 5622 ἐνέργειαν
3527 5534 3815 5626 ὁμαλότητξῆ

2302 5647 2401 5717 τὴν
2449 5624 2507 5700 δὲ
2555 5626 2916 5718 σωφροσύνην
2950 5646 3015 5698 ὲκ
3052 5643 3156 5713 τῆς
3206 5643 3350 5698 κατὰ
3398 5626 3695 5711 συμπλοκὴν
3745 5624 3816 5679 τίς

1902 5776 2136 5834 νΑιιιΕ
2166 5767 2573 5826 LECTIONES.

682 5836 722 5865 ’⁷³
752 5847 873 5909 ταῖς
903 5848 956 5901 δὲ
994 5848 1094 5902 ιδυιί
1150 5849 1291 5901 (iud.
