4012 6400
245 385 400 454 1249

1528 390 2049 454 AMBIGUORUM
2090 394 2341 454 LIBER.

3402 400 3540 467 1250

244 498 385 552 κατ’
420 496 721 569 ἐπιθυμίαν
777 498 1063 570 δυνάμεως
1099 498 1234 570 πρὸς
1281 499 1380 570 τὴν
1416 500 1725 571 γευστικὴν
1753 502 1835 554 αῖ-

1946 507 2185 568 quatuor
2221 501 2523 557 virtutibus
2565 501 2704 559 duas
2750 506 3122 574 generaliores
3150 508 3220 566 de
3265 518 3544 584 composi-

245 590 457 661 σθησιν
494 590 626 661 περὶ
698 590 762 644 τὸ
822 592 1021 645 οίκεῖον
1084 591 1344 662 αἰσθητὸν
1415 593 1841 665 μεμετρημένης

244 678 535 747 χρήσεως.
576 677 673 745 τὴν
726 676 782 731 δὲ
834 677 1187 748 δικαιοσύνην
1242 685 1307 733 ἐκ
1355 682 1453 750 τῆς
1483 683 1540 734 ἐν
1580 681 1722 745 ὅλοις
1755 681 1843 736 διὰ

247 770 360 839 τῆς
392 768 629 838 ἀπτικῆς
663 768 758 843 καὶ
811 770 941 840 περὶ
990 771 1094 825 ὅλα
1139 771 1326 842 σχεδὸν
1360 773 1429 824 τά
1469 773 1703 843 αἰσθητά
1740 773 1843 844 τῆς

238 860 499 931 ζωτικῆς
556 860 843 931 δυνάμεως
899 861 1044 917 κατὰ
1091 862 1189 935 τὴν
1245 862 1531 934 ἐνέργειαν
1588 864 1711 936 ἴσης
1747 866 1844 920 καὶ

238 954 524 1008 εὐτάκτου
554 955 647 1008 καὶ⁹
681 955 985 1025 ἁρμονικῆς
1029 956 1427 1027 διανεμήσεως.
1475 957 1572 1010 Ἐκ
1613 957 1671 1010 δέ
1700 957 1826 1012 τού-

235 1062 368 1100 των
399 1044 556 1111 αὖθις
585 1045 694 1100 τῶν
713 1047 946 1116 γενικῶν
974 1047 1259 1118 τεσσάρων
1293 1049 1508 1120 ἀρετῶν
1544 1049 1641 1104 δύο
1683 1068 1836 1119 γενι-

238 1138 512 1210 κωτέρας
535 1139 681 1192 κατά
706 1137 961 1192 σύνθεσιν
991 1139 1197 1213 ἀρετὰς
1231 1144 1407 1195 ποιεῖν
1438 1141 1838 1209 ἐκδιδάσκεται,

236 1232 358 1299 τὴν
394 1230 585 1299 σοφίαν
611 1232 758 1300 φημὶ
782 1230 878 1284 καὶ
897 1229 996 1303 τὴν
1037 1230 1345 1303 πραότητα,
1364 1232 1460 1303 τὴν
1493 1233 1594 1301 μὲν
1621 1234 1839 1303 σοφίαν,

238 1321 337 1385 ὡς
385 1322 560 1385 πέρας
598 1315 768 1375 οὖσαν
805 1321 916 1374 τῶν
966 1322 1264 1390 γνωστῶν,
1303 1322 1413 1375 τῶν
1458 1323 1516 1376 δὲ
1556 1324 1838 1394 πρακτῶν,

238 1412 357 1483 τὴν
387 1411 699 1482 πραότητα·
725 1406 837 1464 οἷον
867 1413 930 1465 ἐκ
965 1411 1065 1482 μὲν
1101 1411 1204 1479 τῆς
1252 1413 1568 1482 φρονήσεως
1612 1411 1708 1466 καὶ
1741 1414 1842 1484 τῆς

240 1502 604 1571 δικαιοσύνης
643 1506 786 1556 ποιεῖ
809 1503 907 1573 τὴν
946 1502 1162 1573 σοφίαν,
1179 1502 1255 1568 ὡς
1284 1503 1540 1571 γνώσεως
1570 1503 1669 1575 τῆς
1694 1504 1841 1558 κατά

241 1595 355 1666 τὴν
390 1596 655 1666 φρόνησιν
685 1598 778 1649 καὶ
808 1599 907 1667 τῆς
939 1598 1082 1651 κατά
1099 1596 1200 1667 τὴν
1229 1595 1581 1666 δικαιοσύνην
1598 1596 1841 1667 ἐπιστή-

249 1703 372 1757 μης
401 1686 753 1758 ὑπάρχουσαν
818 1687 1149 1755 συνεκτικὴν
1170 1687 1391 1754 αἰτίαν,
1442 1687 1537 1739 καὶ
1564 1686 1655 1740 διὰ
1683 1686 1842 1739 τοῦτο

243 1780 433 1849 πέρας
453 1778 571 1845 τῶν,
598 1778 880 1847 γνωστῶν,
917 1779 993 1842 ὡς
1020 1774 1196 1845 εἷπον,
1227 1779 1601 1850 τυγχάνουσαν
1624 1794 1640 1809 ·
1684 1780 1749 1831 ἐκ
1783 1778 1840 1832 δὲ

1948 589 2099 645 tione
2144 592 2382 649 virtutes
2420 592 2636 649 eﬂicere
2677 595 2861 661 discit,
2890 598 3241 670 sapientiam,
3288 605 3537 677 inquam,

1948 688 2004 736 et
2039 683 2544 751 mansuetudinem,
2572 687 2901 756 sapientiam
2925 692 3172 760 quidem,
3203 711 3327 765 qua:
3350 714 3540 754 rerum

1951 775 2423 845 perceptibilium,
2467 779 2968 848 mansuetudinem,
3004 799 3128 853 qua:
3153 801 3338 842 rerum
3377 805 3546 861 agen.

1950 865 2147 921 darum
2184 867 2311 922 linis
2332 877 2453 937 est;
2479 884 2604 923 nam
2636 885 2703 925 ex
2733 872 3030 940 prudentia
3058 883 3113 929 ct
3130 877 3340 947 justitia
3371 881 3543 937 ellicit

1951 956 2302 1025 sapientiam,
2327 974 2449 1027 quae
2472 960 2806 1030 cognitionis
2829 978 2862 1017 a
2895 964 3196 1032 prudentia
3223 977 3280 1023 et
3306 973 3442 1027 artis
3470 974 3542 1028 ab

1946 1048 2161 1119 jnstitia
2193 1051 2492 1105 moderata:
2523 1066 2688 1107 causa
2720 1060 2806 1108 est
2837 1045 3235 1122 conservatrix,
3274 1059 3538 1131 ideoque,

1950 1148 2011 1194 ut
2057 1140 2195 1208 dixi,
2245 1143 2694 1213 perceptibilium
2742 1145 2868 1200 ﬁnis
2917 1156 3002 1202 est
3040 1166 3052 1201 :
3089 1165 3157 1203 ex
3212 1151 3542 1210 fortitudine

1948 1247 2082 1286 vero
2139 1242 2196 1288 et
2244 1235 2611 1304 temperantia
2657 1239 3171 1306 mansuetudinem,
3224 1244 3348 1312 quae
3398 1246 3539 1301 nihil

1947 1321 2101 1377 aliud
2133 1330 2219 1378 est
2265 1339 2431 1393 quam
2473 1325 2645 1381 animi
2684 1337 2741 1381 et
2780 1330 3247 1400 concupiscentia
3294 1337 3539 1404 perfecta

1947 1411 2017 1468 ad
2045 1429 2109 1468 ea
2130 1430 2256 1484 quae
2275 1424 2489 1472 naturae
2514 1419 2793 1474 contraria
2823 1429 2953 1474 sunt
2975 1422 3349 1490 immobilitas,
3374 1443 3537 1497 quam

1948 1506 2172 1576 quidam
2202 1506 2563 1562 indolentiam
2592 1521 2888 1578 vocarunt,
2911 1512 3151 1584 ideoque
3185 1530 3378 1571 eorum
3417 1536 3541 1589 quae

1950 1596 2053 1653 sub
2094 1598 2367 1654 actionem
2399 1601 2605 1656 cadunt
2640 1604 2766 1659 linis
2796 1613 2898 1659 est.
2945 1607 3053 1662 llas
3082 1623 3216 1663 vero
3248 1626 3444 1668 rursus
3479 1614 3539 1668 in

1949 1699 2213 1745 virtutem
2238 1692 2490 1747 omnium
2514 1696 3007 1764 generalissimam,
3033 1699 3361 1757 charitatem
3387 1705 3536 1770 dico,

1947 1782 2248 1847 contrahit,
2271 1799 2393 1853 qua:
2416 1783 2664 1841 dimovet
2686 1802 2750 1842 ea
2780 1804 2902 1857 qua:
2930 1805 2996 1844 ex
3027 1791 3165 1860 ipsa,
3191 1801 3247 1846 et
3279 1796 3538 1851 conciliat

240 1871 356 1940 τῆς
385 1869 639 1940 ἀνδρείας
690 1869 784 1922 καὶ
839 1869 938 1940 τῆς
996 1870 1357 1943 σωφροσύνης
1384 1869 1485 1939 τὴν
1529 1870 1835 1942 πραότητα,

1943 1883 2007 1923 ea
2045 1885 2167 1939 quae
2197 1885 2297 1940 per
2327 1871 2525 1941 ipsam,
2557 1882 2615 1929 et
2659 1875 2718 1929 in
2760 1892 2930 1932 unum
2965 1878 3170 1936 conﬁat
3200 1897 3264 1936 ea
3311 1899 3433 1953 quae
3479 1886 3537 1940 in

244 1962 432 2033 μηδὲν
487 1961 615 2017 ἀλλο
668 1961 1048 2033 τυγχάνουσαν
1086 1962 1121 2034 ἢ
1173 1961 1347 2033 θυμοῦ
1405 1962 1500 2016 καὶ
1542 1962 1841 2033 ἐπιθυμίας

240 2054 497 2125 παντελῆ
531 2054 667 2127 πρὸς
697 2054 766 2108 τά
807 2056 957 2126 παρά
990 2054 1154 2124 φύσιν
1197 2054 1513 2125 ἀκινησίαν,
1566 2053 1635 2124 ἦν
1692 2070 1840 2118 τινες

237 2147 526 2200 ἐκάλεσαν
579 2145 875 2211 ἀπάθειαν,
906 2147 1004 2199 καὶ
1068 2146 1157 2200 διὰ
1203 2146 1364 2200 τοῦτο
1415 2146 1526 2200 τῶν
1578 2145 1840 2216 πρακτῶν

237 2236 412 2300 τέλος
454 2236 831 2308 ὑπάρχουσαν.
896 2236 1115 2300 Ταύτας
1165 2236 1223 2289 δέ
1272 2236 1437 2292 πάλιν
1476 2239 1557 2301 είς
1599 2237 1697 2306 τὴν
1728 2235 1838 2290 τῶν

238 2329 453 2384 πασῶν
479 2329 855 2401 γενικωτάτην
909 2329 1135 2399 ἀρετὴν,
1172 2328 1316 2399 φημὶ¹
1359 2327 1415 2380 δέ
1459 2328 1558 2398 τὴν
1592 2328 1836 2398 ἀγάπην,

242 2422 508 2490 συνάγει,
536 2421 868 2491 ἐκστατικὴν
893 2417 1059 2474 οὖσαν
1099 2419 1206 2473 τῶν
1252 2419 1312 2487 ἐξ
1341 2419 1514 2489 αὐτῆς
1542 2420 1635 2473 καὶ
1667 2436 1837 2490 προσ-

239 2512 544 2583 αγωγικὴν
582 2511 692 2565 τῶν
726 2511 795 2565 δι’
818 2511 987 2582 αὐτῆς
1033 2510 1130 2564 καὶ
1171 2511 1557 2583 ἐνοποιητικὴν
1595 2511 1704 2565 τῶν
1757 2513 1838 2576 εἰς

240 2605 426 2674 αὐτὴν
455 2604 777 2675 ἀρξαμένων
804 2621 863 2657 τε
896 2604 989 2656 καὶ
1040 2602 1370 2672 κινηθέντων
1401 2602 1499 2656 καὶ
1535 2601 1833 2673 ληξάντων,

241 2698 353 2752 καὶ
389 2697 757 2768 διαφερόντως
788 2696 883 2749 ἐπὶ
920 2697 1056 2749 πᾶσι
1091 2694 1501 2764 θεοποιητικήν.
1545 2694 1704 2749 Οὕτω
1736 2695 1836 2767 μὲν

245 2786 350 2843 οὖν
378 2790 414 2857 ή
447 2787 596 2858 ψυχὴ
623 2785 916 2857 κινουμένη
951 2801 1011 2838 τε
1042 2783 1225 2853 σοφῶς
1254 2784 1347 2837 καὶ
1375 2784 1677 2856 ἐνεργοῢσα
1710 2784 1835 2838 καθ’

243 2878 314 2932 ὃν
346 2879 443 2932 καὶ
489 2878 606 2931 ἐστι
649 2878 743 2932 καὶ
786 2876 1081 2947 γεγένηται
1118 2875 1339 2946 θεοτελῆ
1372 2875 1532 2944 λόγον
1584 2877 1692 2929 τῶν
1738 2876 1836 2946 μὲν

243 2969 534 3041 αἰσθητῶν
566 2968 854 3040 χρησίμως
884 2968 975 3021 διὰ
1004 2968 1112 3023 τῶν
1149 2967 1456 3039 αἰσθήσεων
1492 2967 1835 3038 ἀντιλαμϐά-

244 3080 432 3129 νεται,
466 3063 594 3125 τοὺς
644 3063 703 3113 ἐν
748 3061 934 3124 αὐτοῖς
967 3060 1317 3132 πνευματικὴ
1372 3059 1567 3128 λόγους
1602 3061 1836 3112 οἰκειου-

244 3156 420 3228 μένη,
468 3155 567 3218 τὰς
619 3155 679 3208 δέ
726 3154 1011 3224 αἱσθησεις
1070 3152 1263 3253 αὑτὰς,
1318 3150 1666 3253 λογισθείσας
1731 3151 1831 3223 ἤδη
1861 3195 1904 3253 C

244 3246 447 3321 (199
463 3246 516 3315 ὁ)
548 3248 614 3317 τῇ
666 3244 759 3298 τοῦ
791 3244 952 3314 λόγου
980 3244 1291 3316 περιουσίᾳ,
1343 3243 1533 3315 ὥσπερ
1584 3245 1833 3315 ὀχήματα

244 3335 449 3405 λογικά
476 3336 761 3407 προσίεται
782 3337 889 3389 τῶν
920 3336 1089 3407 αὐτῆς
1111 3335 1417 3406 δυνάμεων,
1455 3336 1622 3400 αὑτὰς
1648 3337 1704 3390 δὲ
1737 3338 1834 3401 τὰς

247 3428 514 3497 δυνάμεις
551 3429 670 3490 ταῖς
695 3428 921 3499 ἀρεταῖς
954 3428 1238 3493 συνάπτει,
1264 3429 1358 3480 καὶ
1379 3427 1577 3497 ἑαυτὴν
1615 3428 1704 3483 διὰ
1724 3428 1834 3481 τῶν

242 3518 467 3590 ἀρετῶν
499 3520 613 3583 τοῖς
638 3520 695 3571 ἐν
723 3520 919 3583 αὑταῖς
958 3517 1252 3590 θειοτέροις
1275 3518 1476 3586 λόγοις,
1519 3520 1570 3571 οί
1601 3518 1659 3571 δέ
1688 3518 1832 3572 θειόο

240 3628 407 3685 τεροι
442 3610 553 3664 τῶν
583 3610 796 3683 ἀρετῶν
833 3611 982 3679 λόγοι
1038 3610 1117 3680 τῷ
1162 3611 1221 3663 ἐν
1270 3610 1452 3674 αὐτοῖς
1484 3610 1707 3679 ἀφανῶς
1739 3627 1833 3665 κεο

244 3703 562 3773 κρυμμένῳ
597 3700 955 3772 πνευματικῷ
991 3700 1089 3770 νῷ,
1137 3700 1166 3753 ό
1198 3698 1255 3752 δὲ
1299 3699 1673 3770 πνευματικὸς
1707 3699 1834 3763 νοῦς

241 3794 362 3848 τῶν
386 3796 445 3846 ἐν
491 3795 612 3857 ταῖς
667 3795 895 3864 ἀρεταῖς
945 3792 1236 3862 θειοτέρων
1274 3789 1468 3860 λόγων,
1509 3793 1693 3845 πᾶσαν
1733 3794 1833 3863 τῆς

244 3887 430 3958 ψυχῆς
468 3886 535 3958 ἢν
566 3885 680 3956 ἔχει
731 3884 870 3955 πρὸς
908 3883 977 3938 τά
1022 3882 1269 3950 παρόντα
1328 3883 1569 3954 φυσικήν
1628 3899 1688 3935 τε
1737 3885 1833 3937 καὶ

248 3977 650 4048 προαιρετικὴν
680 3974 865 4044 σχέσιν
922 3971 1307 4042 διωθούμενος,
1365 3971 1545 4042 ἁπλῆν
1568 3971 1695 4043 ὅλην
1726 3971 1833 4041 ὅλῳ

247 4068 435 4123 δίδωσι
461 4066 541 4136 τῷ
568 4064 764 4136 Θεῷ,,ὀ
786 4064 844 4118 δὲ
873 4063 1006 4126 Θεὸς
1034 4061 1330 4133 ταύτηνδι’
1362 4063 1486 4123 ὅλου
1517 4060 1832 4133 περιλαϐὼν

253 4156 397 4228 μετά
448 4153 542 4209 τοῦ
589 4153 1009 4225 συμπεφυκότος
1049 4152 1195 4222 αὐτῇ
1248 4150 1498 4221 σώματος
1550 4152 1833 4222 ἀναλόγως

247 4247 395 4302 αὐτὰ
437 4246 677 4316 ἐξομοιοῖ
705 4243 909 4315 ἐαυτῷ,
943 4243 1085 4295 ὥστε
1144 4241 1210 4295 δι’
1238 4241 1410 4311 αὐτῆς
1459 4242 1586 4312 ὅλης
1636 4243 1832 4313 ἀπερι-

248 4339 477 4409 γράφως
494 4337 613 4391 ὅλον
639 4334 925 4406 φαίνεσθαι
951 4331 1234 4401 δύνασθαι,
1260 4331 1408 4385 τδν³⁰
1432 4332 1696 4403 μηδαμῶς
1723 4350 1830 4386 τινι

248 4430 359 4486 τῶν
388 4430 559 4484 ὅντων
612 4428 736 4483 καθ’
773 4426 951 4482 ὁτιοῦν
981 4427 1041 4493 ἐξ
1079 4426 1272 4482 ἑαυτοῦ
1328 4425 1622 4495 φαίνεσθαι
1667 4427 1829 4496 φύσιν

1944 1957 2120 2027 ipsam
2147 1970 2489 2030 occeperunt
2516 1972 2573 2017 et
2592 1973 2740 2019 mota
2771 1975 2899 2020 sunt
2923 1977 2976 2022 et
3003 1967 3164 2024 finem
3194 1971 3534 2038 habuerunt,

1941 2063 2176 2118 qumque
2208 2049 2265 2104 in
2294 2051 2559 2107 omnibus
2604 2053 2847 2124 denique
2896 2058 3132 2116 maxime
3162 2060 3405 2117 deilicat.
3445 2064 3538 2132 Sic

1941 2138 2113 2211 igitur
2139 2141 2320 2197 anima
2365 2152 2573 2201 motata
2602 2146 2882 2215 sapienter
2918 2158 2976 2203 et
3018 2165 3187 2220 agens
3231 2155 3536 2211 secundum

1940 2230 2141 2288 divinae
2206 2234 2570 2303 perfectionis
2621 2238 2893 2294 rationem
2949 2257 3057 2310 qua
3103 2254 3162 2298 et
3211 2246 3424 2301 exsistit
3480 2258 3537 2304 et

1940 2325 2084 2380 facta
2109 2332 2215 2391 est,
2251 2327 2535 2382 sensibilia
2573 2330 2796 2403 quidem
2835 2332 3047 2387 utiliter
3066 2350 3167 2404 per
3194 2328 3390 2393 sensus
3410 2354 3538 2409 per-

1938 2415 2096 2486 cipit,
2133 2431 2437 2488 earumque
2472 2420 2716 2476 rationes
2748 2423 3058 2492 spiritualis
3102 2427 3213 2482 sibi
3258 2429 3534 2502 adjungit,

1939 2507 2092 2578 ipsos
2116 2523 2247 2563 vero
2274 2524 2495 2577 sensus,
2525 2512 2758 2567 rationis
2786 2514 3047 2572 facultate
3066 2519 3178 2589 jam
3205 2522 3524 2588 aastimatos,

1939 2608 2201 2668 tanquam
2228 2599 2485 2657 vehicula
2516 2603 2807 2658 rationalia
2837 2620 3062 2661 suarum
3094 2610 3272 2678 ipsius
3298 2612 3531 2669 faculta-

1940 2695 2057 2743 tum
2087 2689 2351 2757 admittit,
2399 2690 2660 2763 ipsasq'ue
2692 2694 2984 2752 facultates
3016 2699 3320 2758 virtutibus
3360 2718 3533 2773 seque

1938 2779 2118 2850 ipsam
2162 2796 2263 2851 per
2295 2782 2532 2838 virtutes
2575 2783 2948 2841 divinioribus
2991 2802 3179 2843 earum
3221 2791 3533 2849 rationibus

1936 2872 2206 2943 adjungit,
2242 2881 2301 2928 et
2340 2873 2644 2930 diviniores
2664 2875 2936 2929 virtutum
2971 2877 3214 2935 rationes
3257 2882 3532 2952 spirituali

1937 2964 2029 3033 qui
2052 2964 2109 3018 in
2127 2964 2211 3020 eis
2234 2966 2455 3020 occulto
2481 2966 2617 3021 latet
2642 2967 2979 3035 intellectui;
3013 2971 3320 3040 spiritualis
3343 2983 3530 3032 autem

1938 3054 2249 3111 intellectus
2276 3056 2615 3111 diviniorum
2664 3057 2720 3111 in
2752 3059 3054 3115 virtutibus
3099 3062 3374 3117 rationum
3410 3080 3533 3120 om-

1938 3161 2067 3201 nem
2110 3147 2328 3215 animae,
2360 3164 2525 3219 quam
2574 3149 2743 3205 habet
2775 3151 2843 3205 ad
2878 3153 3174 3221 praesentia
3222 3157 3530 3212 naturalem

1938 3238 2353 3310 voluntatisque
2406 3239 2666 3295 affectum
2715 3251 2772 3296 et
2824 3243 3150 3299 relationem
3205 3261 3531 3312 removens,

1939 3330 2250 3399 simplicem
2285 3338 2457 3387 totam
2503 3333 2602 3387 toti
2653 3334 2822 3388 tradit
2852 3335 2985 3400 Deo,
3022 3344 3187 3406 atque
3232 3336 3378 3393 Deus
3410 3353 3530 3392 eam

1936 3437 2004 3477 ex
2040 3430 2160 3478 ῑοιο
2199 3440 2307 3479 una
2341 3440 2466 3479 cum
2496 3440 2731 3495 corpore
2763 3443 3001 3496 quocum
3040 3438 3271 3499 cognata
3292 3439 3388 3493 ρει
3411 3446 3532 3484 δηι-

1936 3514 2153 3584 plexns,
2188 3520 2586 3572 convenienter
2613 3529 2912 3589 utrumque
2956 3520 3064 3575 sibi
3094 3521 3200 3590 ipsi
3243 3523 3530 3590 assimilat,

1935 3603 2075 3658 adeo
2110 3613 2170 3659 ut
2211 3621 2331 3677 per
2359 3606 2537 3675 ipsam
2590 3616 2758 3661 totam
2806 3610 2968 3677 plane
3016 3612 3533 3683 incircumscriptus

1935 3710 2204 3767 apparere
2232 3704 2288 3752 et
2320 3704 2474 3753 totus
2505 3700 2703 3768 possit,
2739 3701 2831 3768 qui
2876 3717 2940 3756 ea
2983 3711 3185 3757 natura
3223 3714 3310 3759 est
3339 3713 3400 3758 ut
3428 3720 3530 3760 eo-

1937 3802 2059 3840 rum
2089 3788 2186 3856 qui
2230 3796 2360 3841 sunt
2391 3788 2487 3842 ulli
2522 3789 2635 3843 ullo
2664 3788 2829 3843 modo
2863 3789 2932 3845 de
2959 3806 3015 3845 sc
3049 3793 3170 3862 ipso
3203 3808 3314 3848 non
3356 3809 3531 3865 appa-

1936 3887 2073 3933 reat.
2119 3881 2300 3950 Atque
2346 3879 2454 3935 hoc
2497 3889 2582 3936 est
2628 3879 2865 3936 fortasse
2906 3883 3054 3952 quod
3093 3869 3291 3940 beatus
3335 3886 3426 3941 hic
3472 3897 3529 3955 et

1934 3986 2167 4042 magnus
2210 3971 2405 4027 doctor
2448 3972 2505 4027 in
2548 3974 2735 4029 animo
2781 3974 2992 4030 habens
3041 3975 3098 4031 in
3133 3977 3428 4049 Epitapbio
3469 3980 3527 4036 in

1933 4059 2234 4117 Caesarium
2254 4062 2485 4118 fratrem
2505 4050 2727 4120 dicebat
2752 4083 2766 4119 :
2795 4084 2812 4116 ι
2838 4066 2970 4121 Post
2987 4066 3154 4122 etiam
3172 4068 3476 4138 aliquanto.
3501 4088 3520 4111 ι

1933 4152 1990 4207 id
2033 4162 2120 4209 est
2148 4162 2277 4224 post
2304 4158 2795 4224 resurrectionem,
2836 4176 2856 4210 ι
2894 4173 3020 4213 cum
3067 4168 3354 4230 cognatam
3402 4175 3526 4216 car-

1934 4262 2061 4303 nem
2088 4247 2180 4321 (de
2221 4249 2406 4305 anima
2438 4249 2699 4305 videlicet
2732 4248 3010 4322 loquens),
3055 4267 3219 4321 quam
3263 4268 3387 4306 cum
3438 4252 3530 4308 hic

1933 4336 2444 4408 philosopharetur,
2477 4341 2683 4395 sociam
2714 4340 2931 4406 habuit,
2957 4356 2989 4395 a
3014 4350 3182 4406 terra,
3209 4358 3332 4411 quae
3354 4350 3411 4396 ct
3432 4341 3527 4396 dc—

1935 4430 2095 4485 derat
2123 4440 2180 4484 et
2202 4428 2258 4483 in
2282 4428 2446 4484 ﬁdem
2476 4442 2787 4500 acceperat,
2818 4432 3032 4501 recepit
3057 4432 3224 4502 (quod
3250 4435 3528 4502 quomodo

248 4523 465 4594 ἔχοντα.
489 4523 599 4575 Καὶ.
627 4522 786 4575 τοῦτο
817 4521 978 4591 τυχόν
1005 4522 1153 4574 ἐστιν
1184 4521 1318 4589 ὅπερ
1347 4521 1547 4589 νοήσας
1585 4521 1614 4572 ό
1648 4520 1829 4589 μακά-

1939 4521 2032 4575 fiet
2079 4521 2226 4574 Deus
2270 4520 2446 4586 novit,
2496 4521 2590 4589 qui
2624 4536 2688 4574 ea
2736 4511 2882 4576 inter
2924 4537 2984 4577 se
3031 4524 3315 4593 conjunxit
3362 4534 3526 4594 atque

250 4631 371 4688 ριος
397 4608 551 4677 οὗτος
580 4614 673 4667 καὶ
704 4613 879 4684 μέγας
892 4612 1215 4675 διδάσκαλος
1238 4613 1297 4664 ἐν
1317 4610 1396 4681 τῷ
1420 4611 1499 4674 είς
1530 4610 1833 4682 Καισάριον

246 4707 344 4761 τὸν
377 4706 605 4775 ἀδελφὸν
647 4705 952 4775 Ἐπιταφίῳ
988 4706 1342 4767 ἀναστάσεως
1374 4703 1502 4774 ἔφη,
1546 4721 1564 4755 ι
1617 4704 1831 4771 Μικρὸν

248 4798 310 4862 δὲ
345 4796 574 4870 ὕστερον
624 4797 722 4850 καὶ
760 4796 822 4849 τὸ
879 4796 1143 4865 συγγενὲς
1191 4794 1416 4866 σαρκίον
1473 4794 1830 4848 ἀπολαϐοῦσα

254 4890 411 4961 (περὶ
452 4892 553 4959 τῆς
608 4889 786 4959 ψυχῆς
840 4887 1084 4959 δηλονότι
1132 4880 1468 4956 φάσκων)ᾦ
1500 4888 1567 4940 τὰ
1620 4887 1831 4942 ἐκεῖθεν

252 4981 736 5051 συνεφιλοσόφησε,
764 4980 917 5049 παρά
945 4979 1046 5048 τῆς
1098 4980 1193 5033 καὶ
1219 4978 1418 5050 δούσης
1451 4979 1545 5032 καὶ
1598 4996 1828 5032 πιστευ-

251 5073 437 5143 θείσης
468 5073 592 5142 γῆς,
623 5073 825 5143 τρόπον
880 5071 939 5125 ὃν
983 5066 1125 5125 οἶδεν
1168 5073 1195 5125 ό
1231 5069 1406 5126 ταῦτα
1442 5071 1710 5142 συνδήσας
1738 5071 1834 5124 7.0.1

250 5166 507 5229 διαλύσας
538 5166 692 5230 Θεὸς,
746 5164 924 5235 τούτῳ
981 5164 1416 5236 συγκληρονομεῖ
1460 5165 1560 5235 τῆς
1610 5163 1821 5217 ἐκεῖθεν

251 5257 433 5329 δόξης,
462 5258 555 5311 καὶ
607 5256 862 5328 καθάπερ
897 5257 1006 5310 τῶν
1054 5256 1348 5328 μοχθηρῶν
1380 5254 1549 5309 αὑτοῦ
1587 5254 1823 5326 μετέσχε

250 5352 341 5406 διὰ
368 5350 467 5420 τὴν
503 5351 807 5421 συμφυΐαν,
850 5348 995 5402 οὕτω
1046 5349 1142 5403 καὶ
1195 5348 1306 5427 τῶν
1339 5348 1592 5420 τερπνῶν
1628 5348 1828 5416 ἐαυτῆς

254 5443 631 5519 μεταδίδωσιν,
663 5441 784 5495 ὅλον
815 5443 894 5505 είς
917 5439 1117 5512 ἐαυτὴν
1152 5438 1502 5506 ἀναλώσασα,
1534 5440 1630 5493 καὶ
1674 5455 1828 5507 γενο-

256 5534 391 5607 μένη
420 5535 516 5589 σὺν
539 5533 715 5604 τούτῳ
745 5532 822 5596 ἐν,
852 5534 947 5586 καὶ
969 5533 1206 5603 πνεῦμα,
1236 5532 1332 5586 καὶ
1356 5531 1502 5597 νοῦς,
1541 5533 1637 5585 καὶ
1674 5531 1826 5595 Θεὸς,

256 5625 655 5688 καταποθέν-τος
702 5623 808 5677 ὑπὸ
868 5624 963 5694 τῆς
1023 5622 1172 5694 ζωῆς
1221 5623 1315 5677 τοῦ
1374 5622 1570 5694 θνητοῦ
1640 5638 1699 5674 τε
1732 5620 1828 5674 καὶ

1933 4610 2232 4682 dissolvit),
2269 4620 2382 4666 tum
2426 4611 2649 4666 demum
2680 4627 2802 4667 eam
2838 4629 3060 4683 quoque
3101 4613 3169 4668 ad
3203 4615 3390 4685 gloriae
3418 4632 3525 4670 cm-

1932 4702 2088 4757 lestis
2114 4701 2495 4757 haereditatem
2533 4719 2721 4758 secum
2764 4704 3156 4771 admissuram,
3183 4715 3240 4761 et
3264 4708 3526 4777 quemad-

1935 4794 2162 4848 modum
2205 4793 2278 4849 ob
2321 4802 2532 4850 natura:
2555 4795 3006 4866 conjunctionem
3040 4813 3408 4853 aerumnarum
3443 4800 3527 4870 ip-

1933 4883 2050 4938 sius
2086 4883 2364 4959 particeps
2402 4882 2602 4953 fuerat,
2650 4885 2733 4941 sic
2777 4886 2943 4941 etiam
2974 4887 3353 4958 jucunditatcs
3396 4903 3524 4945 suas

1933 4990 2059 5032 cum
2095 4977 2213 5047 ipsa
2245 4978 2795 5047 communicaturam,
2832 4989 3009 5036 totum
3034 4979 3294 5037 videlicet
3321 4997 3523 5051 corpus

1938 5069 1997 5127 in
2036 5084 2097 5137 se
2138 5070 2315 5140 ipsam
2348 5070 2756 5136 absumentem,
2791 5080 2847 5126 et
2889 5088 3015 5127 cum
3058 5087 3126 5127 eo
3174 5088 3344 5126 unum
3388 5073 3523 5127 effc-

1936 5168 2102 5225 ctam,
2146 5170 2202 5217 et
2234 5161 2513 5231 Spiritum,
2557 5167 2613 5215 ct
2641 5167 2906 5221 mentem,
2940 5170 2997 5214 et
3035 5159 3231 5223 Deum,
3259 5158 3521 5228 absorpta

1933 5254 2205 5309 nimirum
2232 5269 2263 5309 a
2290 5255 2401 5308 vita
2428 5270 2495 5310 eo
2521 5253 2669 5324 quod
2693 5253 2925 5308 mortale
2947 5261 3003 5307 et
3023 5251 3289 5307 caducum
3321 5260 3458 5306 crat.
3492 5271 3511 5304 ι

1931 5345 2220 5413 Quomodo
2253 5348 2399 5402 enim
2432 5362 2533 5418 per
2557 5340 2868 5417 "peccatum
2898 5360 3025 5399 caro
3061 5344 3131 5399 ab
3167 5343 3391 5399 interitu
3423 5343 3521 5398 ab-

1937 5448 2127 5509 sorpta
2180 5449 2328 5504 erat,
2376 5455 2407 5494 a
2456 5453 2623 5493 carne
2674 5452 2807 5493 vero
2859 5437 3040 5491 anima
3090 5435 3160 5492 de
3206 5435 3520 5492 actionibus

1936 5529 2140 5599 agnita,
2170 5528 2240 5584 ab
2262 5528 2442 5583 anima
2465 5542 2595 5582 vero
2616 5542 2716 5598 per
2736 5527 2951 5598 plenam
2975 5524 3336 5597 ignorantiam
3361 5524 3517 5595 agni-

1937 5621 2013 5674 tio
2039 5621 2159 5684 Dei,
2187 5621 2326 5677 adeo
2348 5630 2409 5676 ut
2430 5621 2516 5676 vel
2546 5636 2614 5677 an
2642 5620 2786 5677 Deus
2811 5628 2956 5677 esset
2982 5619 3282 5693 ignoraret,
3309 5617 3383 5674 ita
3400 5616 3532 5690 jam,

1533 5731 1765 5789 VARIIE
1804 5731 2209 5789 LECTIUNES.

330 5805 375 5837 ³⁸
402 5803 510 5858 τῶν
541 5805 706 5861 habet
737 5805 1108 5879 apograplium
