4012 6416
538 395 673 460 1255
1406 378 1437 394 ‘
1668 390 1728 448 s.
1768 387 2071 448 MAXIMI-
2098 383 2609 445 CONFESSORIS
3647 391 3772 460 «ξω

531 504 780 576 bajulare
804 513 856 568 -Ρ,
903 501 1285 557 sublimiorem
1321 499 1544 570 quidem
1587 516 1649 554 ea
1674 516 1798 569 quae
1828 502 2123 570 prmgreSsa

2228 514 2285 550 τε
2315 498 2416 568 τὴν
2446 498 2690 553 Παλαιὰν
2717 498 2858 553 κατά
2898 515 2957 552 τε
2987 497 3085 569 τὴν
3132 498 3278 553 Νέαν
3316 498 3589 571 Διαθήκην
3612 502 3778 575 Exeat:

530 603 673 657 erat,
697 592 792 647 sed
819 607 883 646 ea
907 607 1031 661 qua:
1055 599 1178 663 post
1200 605 1260 645 se
1283 604 1381 659 per
1401 589 1650 643 divinum
1681 588 1949 658 Spiritum
1971 588 2120 642 circa

2224 607 2349 653 νων,
2404 589 2473 642 δι’
2531 589 2870 660 αἰνιγμάτων
2931 608 2992 644 τε
3055 591 3154 645 καὶ
3209 590 3404 659 φωνῶν
3468 594 3563 646 καὶ
3617 599 3779 651 τύπων

534 684 711 753 ipsum
759 682 943 737 futura
989 685 1136 736 esset
1169 679 1524 734 humiliorem
1569 688 1626 734 ct
1659 680 1832 749 ipsam
1876 678 2123 748 discipli-

532 790 659 830 nam
691 774 982 842 discipulis
1008 772 1344 843 signiﬁcans.
1374 770 1550 835 Unde,
1591 770 1654 832 ni
1693 770 1873 836 fallor,
1902 770 2123 842 ‘adjecit

534 864 883 922 illud:Cum
940 875 1121 919 autem
1179 866 1379 919 venerit
1429 863 1523 917 ille
1576 864 1815 917 veritatis
1869 861 2118 933 Spiritus,

532 958 751 1013 deducet
782 974 870 1011 vos
897 957 952 1010 in
977 957 1121 1010 omni
1146 956 1366 1011 ueritate
1391 965 1449 1021 ‘l;
1477 955 1564 1011 vel
1588 956 1672 1010 eis
1697 970 1820 1025 quae
1841 955 1973 1009 alibi
2001 955 2078 1009 ait
2105 971 2118 1007 :

534 1050 671 1104 Ecce
700 1065 793 1121 ego
829 1066 937 1103 una
965 1063 1083 1102 cum
1104 1048 1243 1102 vobis
1277 1062 1368 1101 ero
1391 1063 1573 1101 omnes
1595 1048 1705 1102 dies
1731 1062 1897 1118 usque
1921 1047 1992 1100 ad
2027 1047 2123 1100 a’vi

532 1140 1037 1194 consummationem
1071 1149 1115 1192 ι’.
1146 1138 1269 1193 Non
1296 1139 1449 1209 quod
1475 1146 1669 1208 postea
1698 1138 1860 1208 plane
1890 1152 2001 1190 non
2035 1136 2124 1189 [ιιι-

535 1240 697 1285 turus
724 1237 795 1285 snt
828 1245 935 1284 una
966 1245 1093 1285 cum
1127 1229 1230 1296 eis,
1266 1230 1365 1286 sed
1410 1230 1560 1301 quod
1599 1229 1894 1284 sublimior
1930 1227 2125 1283 videli-

486 1320 507 1341 ‘
534 1333 622 1381 cet
663 1324 733 1379 sit
766 1324 995 1398 futurus.
1018 1340 1184 1394 quam
1212 1340 1379 1394 quem
1426 1339 1496 1379 eo
1546 1338 1723 1392 usque
1769 1321 2125 1376 humiliorem

535 1416 838 1478 novissent,
864 1422 927 1469 ut
957 1430 1120 1485 quem
1154 1414 1225 1469 ad
1271 1429 1425 1468 suam
1451 1412 1770 1468 facultatem
1790 1411 2125 1481 ’augendam

534 1516 719 1564 essent
741 1506 1004 1579 agnituri.
1031 1506 1181 1560 Idem
1209 1505 1357 1560 enim
1381 1520 1481 1575 per
1503 1518 1565 1559 se
1590 1517 1810 1572 semper
1829 1501 2122 1567 exsistens,

535 1600 852 1668 nullamque
898 1614 966 1653 ex
1012 1597 1396 1652 immutatione
1425 1594 1872 1659 conversionem,
1918 1607 2024 1647 nec
2066 1591 2125 1646 in

533 1691 704 1762 magis
748 1698 845 1744 aut
891 1690 1077 1744 minus
1125 1696 1483 1759 augmentum
1535 1694 1631 1740 aut
1676 1676 2125 1739 imminutionem

528 1782 852 1845 admittens,
896 1780 1157 1835 omnibus
1198 1778 1383 1834 omnia
1424 1792 1524 1848 per
1573 1776 1838 1831 bonitatis
1870 1775 1932 1829 lit
1962 1766 2125 1830 exsul

2223 682 2543 754 προτρέχων
2585 683 2749 746 αὑτὸς
2776 683 2997 750 ἑαυτοῦ,
3039 685 3137 738 καὶ
3182 684 3272 739 διὰ
3302 684 3510 741 τούτων
3551 687 3677 758 πρὸς
3701 690 3784 765 τὴν

2222 776 2396 847 χωρὶς
2443 774 2654 829 τούτων
2705 775 2854 843 ἄγων
2898 777 3182 848 ἀλήθειαν,
3228 780 3340 841 τοῖς
3394 777 3562 832 αὑτοῦ
3604 781 3783 851 Κυρίου

2222 868 2401 935 λόγοις
2458 865 2620 921 τοῦτο
2661 868 3138 938 τεκμαιρομένου,’
3184 868 3254 922 δι’
3298 862 3373 922 ὧν
3409 869 3613 939 ἔλεγεν,
3681 875 3787 929 Ἔτι

2222 958 2427 1014 πολλὰ
2450 960 2569 1030 ἔχω
2599 960 2804 1029 λέγειν
2820 959 2985 1030 ὑμῖν,
3021 960 3164 1016 ἀλλ’
3188 963 3263 1016 οὐ
3292 961 3565 1018 δύνασθε
3584 965 3789 1029 ﬁcari-

2224 1047 2343 1110 ζειν
2365 1049 2532 1118 ἄρτιο
2566 1050 2850 1121 σημαίνων
2883 1049 2986 1118 τὴν
3024 1050 3369 1124 ὑψηλοτέραν
3405 1052 3509 1122 μὲν
3539 1054 3638 1124 τῆς
3679 1072 3791 1127 προ-

2223 1140 2519 1210 λαϐοὑσης,
2588 1138 3020 1210 χθαμαλωτέραν
3060 1140 3120 1193 δὲ
3187 1143 3279 1195 καὶ
3329 1142 3507 1215 αὑτὴν
3557 1146 3652 1213 τῆς
3700 1160 3805 1219 μετ’

2224 1230 2397 1301 αὑτὴν
2426 1230 2518 1284 διὰ
2547 1230 2642 1284 τοῦ
2673 1230 2820 1284 θείου
2867 1232 3189 1301 Πνεῦματος
3234 1234 3362 1302 περὶ
3402 1234 3572 1288 αὑτοῦ
3598 1230 3793 1306 μέλλου-

2227 1340 2327 1375 σαν
2400 1321 2641 1388 ἔσεσθαι,
2697 1321 2856 1395 ’πρὸς
2931 1324 3132 1389 αὑτοὺς
3203 1325 3583 1381 διδασκαλίαν.
3655 1330 3792 1387 Ὅθεν

2209 1412 2452 1493 ⁸εἰκότως
2497 1414 2777 1482 ἐπήγαγεν
2803 1431 2819 1446 ο
2860 1415 3049 1470 Ὅταν
3098 1415 3170 1470 δὲ
3235 1416 3389 1487 ἔλθῃ
3452 1417 3700 1488 ἐκεῖνος,
3741 1424 3793 1478 τὸ

2227 1504 2468 1574 Πνεῦμα
2528 1504 2641 1574 τῆς
2698 1506 3010 1575 ἀληθείας,
3067 1508 3358 1578 ὁδηγήσει
3405 1509 3567 1580 ὑμᾶς
3617 1513 3684 1565 ἐν
3735 1513 3793 1581 τῇ

2223 1597 2476 1665 ἀληθείᾳ
2506 1596 2674 1664 πάσῃ
2699 1597 2772 1668 ·ἢ
2806 1598 2903 1652 καὶ
2923 1597 2989 1652 δι’
3023 1592 3099 1654 ὧν
3132 1600 3363 1670 ἑτέρωθί
3396 1617 3592 1672 φησιν·
3641 1602 3814 1672 Ἰδοὺη

2224 1686 2339 1758 ἐγὼ
2379 1689 2508 1756 μεθ’
2548 1687 2718 1759 ὑμῶν
2752 1691 2879 1759 ειμι
2915 1689 3118 1757 πάσας
3166 1692 3276 1758 τὰς
3576 1692 3681 1759 ἕως
3704 1670 3824 1763 τῆς.

2226 1777 2589 1841 συντελείας
2621 1775 2737 1831 τοῦ
2751 1775 2969 1842 αἰῶνος
2996 1794 3012 1809 ·
3034 1780 3134 1850 οὑχ
3153 1780 3230 1845 ὡς
3256 1781 3401 1851 μετὰ
3435 1782 3597 1836 τοῦτο
3624 1801 3793 1838 παντε-

530 1873 862 1945 perantiam,
911 1872 1139 1926 humilis
1186 1869 1531 1935 humilibus,
1582 1867 1839 1923 sublimis
1870 1867 2123 1922 sublimi-

2229 1862 2337 1925 λῶς
2387 1862 2569 1934 (202
2600 1863 2656 1935 a)
2705 1864 2807 1919 οὑκ
2873 1867 3137 1938 ισομένου
3183 1872 3304 1940 μετ’
3345 1871 3556 1936 αὐτῶν,
3604 1870 3710 1929 ἀλλ’
3734 1877 3793 1941 ὡς

529 1966 657 2031 bus,
685 1974 740 2020 et
768 1965 853 2020 eis
884 1964 981 2035 qui
1009 1980 1070 2019 se
1098 1979 1199 2033 per
1239 1978 1301 2018 se
1331 1961 1513 2032 ipsum
1544 1959 1875 2015 deitieentur
1904 1957 2128 2028 proprie

528 2058 698 2121 Deus,
745 2058 884 2113 adeo
928 2065 993 2110 ut
1037 2054 1326 2126 praesentis
1374 2053 1479 2109 aevi
1532 2052 1719 2107 omnia
1766 2049 2128 2121 providentiae

529 2149 681 2205 circa
709 2148 991 2203 hominem
1033 2147 1223 2203 formae
1251 2157 1417 2215 atque
1460 2142 1723 2214 mysteria
1745 2181 1759 2206 ,
1784 2148 2129 2211 quantacun—

528 2254 641 2311 que
669 2248 820 2305 sunt,
853 2238 959 2294 viae
1000 2235 1331 2308 praaparatio
1367 2243 1425 2290 et
1465 2234 1778 2288 futurorum
1807 2229 2009 2301 praevia
2033 2229 2129 2283 de-

531 2332 765 2402 scriptio
796 2330 888 2385 sit.
917 2328 1284 2398 Comparatus
1317 2325 1484 2397 igitur
1518 2333 1576 2380 et
1606 2325 1725 2394 ipse
1753 2320 1971 2377 Domini
2001 2335 2128 2390 per-

416 2440 425 2455 '
530 2422 812 2494 ceptibilis
844 2421 1065 2476 interim
1096 2434 1280 2474 sermo
1323 2434 1451 2473 cum
1487 2432 1554 2472 eo
1585 2416 1682 2486 qui
1722 2415 1898 2485 magis
1934 2412 2128 2484 mysti-

528 2530 631 2571 cus
653 2512 944 2583 discipulis
971 2512 1103 2566 olim
1130 2510 1375 2574 dabitur,
1407 2519 1465 2564 et
1497 2508 1765 2580 pristinus
1784 2508 1904 2578 ejus
1932 2520 2127 2561 rursus

528 2620 656 2659 cum
700 2602 947 2659 secundo
993 2600 1287 2665 adventus,
1321 2599 1406 2655 sui
1459 2599 1633 2669 ipsius
1674 2610 1987 2668 prmcursor
2016 2605 2123 2662 est,

527 2695 768 2750 obscure
799 2691 1025 2763 quidem
1053 2690 1109 2744 in
1151 2705 1211 2745 se
1252 2687 1555 2744 ostendens
1577 2688 1645 2744 ad
1671 2685 2018 2742 audientium
2044 2685 2126 2740 l'a-

528 2783 821 2847 cultatem,
846 2790 958 2834 no‘n
997 2777 1355 2848 patefaciens,
1387 2792 1539 2832 nunc
1561 2792 1684 2847 quae
1706 2774 1763 2829 in
1788 2775 2009 2830 occulto
2026 2789 2129 2845 pe-

527 2888 630 2929 nes
663 2886 721 2927 se
750 2871 918 2925 tacite
942 2869 1110 2924 habet
1135 2868 1415 2940 mysteria,
1451 2876 1747 2938 propterea
1790 2864 1940 2937 quod
1983 2864 2126 2927 inte-

528 2962 636 3016 rim
665 2958 974 3016 conditioni
1002 2959 1164 3029 plane
1190 2959 1304 3014 sint
1327 2956 1813 3028 impereeptibilia.
1840 2955 2122 3028 Quidquid

529 3055 702 3119 enim,
748 3062 808 3108 ut
846 3052 982 3117 dixi,
1014 3051 1233 3129 litteris
1260 3051 1510 3123 subiacet
1540 3058 1596 3106 et
1636 3048 1886 3114 vocibus,
1917 3049 1972 3103 id
2001 3049 2123 3104 fieri

531 3162 641 3203 non
668 3153 851 3218 potcSt
880 3146 1017 3217 quin
1047 3153 1101 3199 et
1132 3160 1294 3200 suum
1336 3160 1407 3199 ex
1433 3152 1609 3199 semet
1638 3130 2009 3208 intellectum,
2036 3143 2122 3197 vel

2231 1955 2583 2029 Oti/nlorépou‘
2644 1955 2888 2027 δηλονότι
2943 1961 3092 2032 ,παρ’
3164 1960 3243 2016 δν’
3305 1963 3451 2028 τέως
3529 1966 3794 2035 ἠπίσταντο

2228 2044 2673 2118 χθαμαλώτερον,
2700 2047 2777 2113 ὡς
2800 2050 2939 2121 πρὸς
2965 2051 3063 2123 τὴν
3110 2054 3323 2110 ἑαυτῶν
3370 2056 3607 2128 δύναμιν
3657 2060 3791 2129 γινώ-

2224 2136 2458 2201 σκεσθαι
2511 2137 2817 2209 μέλλοντος.
2834 2142 3130 2211 ﬁumina;
3176 2145 3289 2217 γὰρ
3336 2147 3606 2220 ὑπάρχων
3625 2150 3707 2205 ἀεὶ
3733 2153 3791 2207 δι’

2228 2229 2444 2296 ἑαυτὸν,
2485 2231 2581 2286 καὶ
2612 2233 2883 2305 μηδεμίαν
2911 2236 3357 2309 παραδεχόμενος
3396 2239 3460 2306 ἐξ
3486 2240 3787 2307 ἀλλοιώσεως

2231 2321 2559 2394 μεταϐολὴν,
2611 2321 2738 2378 οὔτε
2774 2324 2837 2378 τὸ
2873 2325 3075 2395 μᾶλλον
3117 2328 3213 2382 καὶ
3240 2322 3432 2401 ἦττον,
3465 2332 3602 2385 πᾶσι
3648 2335 3785 2387 πάντα

2227 2412 2440 2481 γίνεται
2502 2413 2571 2468 δι’
2622 2415 2932 2486 ὑπερϐολὴν
2992 2417 3350 2491 ἀγαθότητος,
3410 2421 3669 2487 1ἰταιτιεεινὸς
3706 2427 3785 2488 τοις

2226 2506 2526 2572 ταπεινοῖς,
2578 2505 2783 2577 ὑψηλὸς
2816 2510 2929 2571 τοῖς
2976 2508 3224 2581 ὑψηλοῖς,
3248 2513 3370 2571 ,καὶ
3415 2515 3533 2577 τοϊς
3569 2513 3636 2568 δι’
3660 2515 3791 2570 αὑτὸν

2226 2596 2604 2670 θεουμένοις”ό
2652 2598 2813 2669 φύσει
2846 2600 3003 2668 Θεὸς,
3045 2601 3122 2666 ὡς
3155 2600 3297 2658 εἶναι
3330 2604 3403 2659 τὰ
3433 2604 3531 2660 τοῦ
3561 2607 3788 2679 παρόντος

2225 2688 2420 2771 αἰῶνος
2448 2689 2627 2745 πάντα
2658 2693 2759 2762 τῆς
2802 2691 2938 2762 περὶ
2961 2692 3054 2747 τδν
3097 2694 3395 2767 ἄνθρωπον
3424 2698 3678 2770 προνοίας
3698 2699 3789 2767 siit}

2223 2794 2283 2831 τε
2322 2779 2416 2832 καὶ
2448 2780 2744 2852 μυστήρια,
2776 2780 2881 2835 κᾶν
2910 2781 3123 2853 μεγάλα
3150 2780 3207 2855 ᾖ.
3240 2786 3659 2859 προοδοποίησίν
3694 2804 3786 2841 τινα

2225 2871 2322 2925 καὶ
2368 2873 2812 2943 προδιατύπωσιν
2859 2859 2969 2931 τῶν
3009 2864 3334 2947 μελλόντων.
3382 2880 3787 2951 Συγκρινόμινος

2224 2959 2319 3019 οὖν
2367 2964 2460 3020 καὶ
2495 2964 2658 3031 αὐτὸς
2696 2967 2736 3020 ,ό
2773 2966 2911 3030 τέως
2961 2966 3058 3022 τοῦ
3109 2969 3317 3040 Κυρίου
3369 2972 3620 3043 χωρητὸς
3660 2972 3786 3040 λόγος

2226 3053 2361 3125 πρὸς
2413 3054 2506 3108 τὸν
2544 3056 2836 3125 μέλλοντα
2910 3057 3027 3121 τοῖς
3084 3058 3361 3130 μαθηταῖς
3406 3061 3786 3132 μυστικώτερον

2225 3147 2709 3218 ὲπιχορηγεῖσθαι,
2736 3149 2771 3220 ἢ
2796 3167 2856 3203 τε
2887 3149 3133 3223 προτέρα
3159 3151 3525 3207 πάλιν-αὑτοῦ
3554 3154 3787 3226 παρουσία

529 3241 578 3295 si
625 3217 911 3310 spirituale
963 3237 1098 3307 quid
1147 3238 1240 3299 sit».
1273 3245 1551 3306 quatenus
1592 3234 2017 3304 haudquaquam
2066 3233 2121 3289 in

2225 3238 2295 3307 τῇ
2338 3217 2593 3310 δευτέρᾳ,
2650 3217 2958 3311 πρόδρομός
3011 3217 3160 3295 ἐστιν
3212 3236 3434 3309 ἑαυτοῦ,
3494 3217 3784 3315 παραδείξας

528 3331 748 3386 litteras
772 3337 936 3399 atque
962 3326 1334 3388 elocutionem
1359 3325 1528 3391 cadit,
1555 3333 1815 3395 tanquam
1846 3324 1915 3379 ad
1948 3325 2119 3379 mani-

530 3422 735 3477 festum
786 3429 857 3475 et
910 3419 1265 3491 perspicuum
1315 3418 1518 3488 dirigat
1566 3416 1837 3482 verbum;
1887 3416 2123 3485 ideoque

530 3527 873 3584 quaecunque
905 3528 936 3567 a
963 3511 1186 3566 Christo
1212 3511 1324 3571 Deo
1353 3508 1645 3579 discipulis
1687 3508 1744 3562 in
1776 3507 2122 3563 inenarrabi-

529 3605 639 3660 lem
700 3603 1041 3660 intellectum
1103 3612 1162 3659 et
1226 3601 1745 3672 interpretationem
1794 3599 1942 3654 dicta
1991 3608 2121 3655 sunt

528 3695 798 3751 Joannem
854 3694 1085 3750 fortasse
1133 3694 1359 3750 divinus
1405 3692 1497 3748 hic
1541 3691 1737 3746 doctor
1783 3690 2118 3761 appellavit,

2231 3328 2332 3398 μὲν
2362 3328 2621 3400 ἀμυδρῶς
2651 3331 2711 3382 ὲν
2755 3330 2940 3402 ἐαυτῷ
2967 3332 3104 3404 πρὸς
3128 3332 3228 3405 τὴν
3270 3334 3381 3388 τῶν
3412 3333 3784 3406 ὑποδεχομένων

2226 3420 2479 3492 δύναμιν,
2521 3422 2581 3475 οὑ
2630 3423 2954 3494 φανερώσας
2996 3424 3054 3478 δὲ
3106 3425 3203 3482 νῦν
3240 3427 3390 3500 ειπερ
3430 3428 3561 3500 ,εχει
3601 3444 3784 3498 σεσιγη-

2230 3512 2422 3582 μένως
2447 3513 2580 3584 παρ’
2629 3514 2813 3585 ἐαυτῷ
2859 3516 2919 3570 ἐν
2956 3516 3262 3588 ἀποκρύφῳ
3305 3522 3604 3590 μυστήρια,
3632 3519 3710 3572 διὰ
3738 3517 3783 3570 τὸ

2225 3603 2293 3672 τῇ
2324 3602 2504 3661 κτίσει
2547 3604 2687 3665 τέως
2732 3601 2875 3661 εἶναι
2917 3610 3198 3689 παντελῶς
3225 3611 3512 3684 ἀχώρητα.
3565 3614 3673 3667 Πᾶν
3697 3612 3782 3681 γὰρ

2225 3693 2255 3747 ὃ
2285 3694 2609 3777 γράμμασιν
2654 3697 2973 3767 ὑποπίπτει,
3002 3700 3185 3767 καθὼς
3212 3705 3456 3776 εἴρηται,
3487 3707 3580 3760 καὶ
3614 3706 3783 3775 φωναῖς

530 3802 928 3860 praecursorem
971 3787 1203 3858 gratiam
1244 3801 1313 3841 ex
1362 3800 1431 3840 eo
1466 3798 1580 3854 quo
1622 3783 1690 3837 ad
1738 3781 2118 3853 recipiendum

2229 3787 2448 3851 πάντως
2477 3788 2563 3841 ὅτι
2606 3791 2703 3845 καὶ
2745 3791 2837 3846 τὸν
2874 3795 3166 3865 νοούμενον
3209 3794 3269 3861 ἐξ
3295 3798 3489 3866 αὑτοῦ,
3519 3799 3618 3854 κᾶν
3651 3811 3780 3850 πνευ-

529 3888 693 3955 aptus
721 3887 847 3934 erat
872 3878 1105 3948 pulchre
1146 3886 1315 3948 atque
1352 3875 1637 3945 sapienter
1662 3874 1977 3929 nominans.

2231 3876 2460 3947 ματικδν
2497 3873 2556 3951 ᾖ,
2604 3879 2730 3937 ὅσον
2781 3882 2939 3954 πρὸς,
2968 3884 3032 3937 τὸ
3084 3885 3329 3957 manu;
3373 3889 3663 3960 γράμμασι
3708 3882 3781 3936 καὶ

529 3973 839 4043 ὲκφωνήσει
910 3970 1279 4043 προσπίπτον,
1353 3970 1571 4041 φωνῆς,
1617 3967 1776 4035 λόγον
1844 3966 1920 4030 ὡς
1988 3966 2122 4037 πρὸς
2194 3969 2395 4040 τρανὸν
2469 3971 2628 4041 λόγον
2671 3974 2881 4045 ἐπέχει,
2933 3974 3028 4030 sm
3077 3976 3167 4030 διὰ
3208 3979 3369 4032 τοῦτο
3413 3980 3592 4034 πάντα
3627 3977 3688 4032 τὰ
3711 3976 3778 4028 διὰ

530 4060 769 4132 Χριστοῦ
821 4059 916 4114 τοὺ
967 4059 1105 4113 Θεοῦ
1151 4061 1263 4123 τοῖς
1347 4058 1614 4129 μαθηταῖς
1703 4055 2024 4148 λαληθέντα
2060 4057 2198 4129 πρὸς
2231 4058 2323 4113 τὸν
2364 4060 2634 4132 ἀλάλητον
2695 4063 2822 4119 νοῦν
2874 4066 2997 4137 ἦτοι
3054 4067 3241 4139 νόησιν
3307 4068 3565 4141 Ἰωάννην
3611 4066 3778 4131 ἴσωςὸ

532 4159 825 4221 θεσπέσιος
882 4150 1036 4221 οὗτος
1072 4153 1395 4220 δ.δάσκαλος
1451 4152 1868 4237 προσηγόρευσε
1896 4192 1912 4218 ,
1954 4154 2054 4225 τὴν
2119 4154 2429 4228 πρόδρομον
2475 4158 2638 4231 χάριν
2672 4161 2738 4214 ἐκ
2764 4159 2859 4217 τοῦ
2905 4161 3158 4219 δεκτικοῦ
3199 4163 3383 4230 καλῶς
3407 4181 3474 4221 τε
3507 4165 3599 4221 καὶ
3629 4161 3775 4233 σοφῶς

531 4252 828 4325 ὀνομάσας.

531 4439 617 4496 Ex
647 4437 824 4492 eodem
848 4449 1113 4499 sermone,
1163 4434 1220 4487 in
1265 4430 1435 4487 illud:
1477 4450 1496 4484 ι
1522 4430 1832 4503 Disputatio
1878 4446 2001 4486 vero
2049 4447 2116 4487 ea

2224 4433 2410 4504 (θοῇ
2462 4433 2519 4505 ὁ)
2573 4434 2670 4508 Ἐκ
2725 4434 2836 4490 τοῦ
2886 4435 3077 4491 αὐτοῦ
3132 4436 3371 4509 λόγου,
3413 4440 3503 4504 εὶς
3554 4435 3639 4500 τὸ,
3693 4433 3772 4484 «Ὀ

587 4545 723 4603 ,ηυίε
750 4529 814 4582 de
840 4527 948 4581 Deo
973 4527 1283 4597 suscipitur,
1312 4541 1415 4596 quo
1463 4524 1764 4596 perfectior,
1797 4538 1857 4577 eo
1911 4526 2117 4595 quoque

2294 4524 2366 4579 δὲ
2420 4524 2557 4594 περὶ
2614 4526 2767 4582 Θεοῦ
2819 4518 3024 4597 λόγος,
3082 4527 3207 4601 ὅσῳ
3234 4528 3622 4598 ,τελεώτερος,
3660 4536 3771 4578 τοσ-

603 4620 864 4693 difﬁcilior
881 4629 976 4683 est,
1041 4619 1384 4691 pluribusque
1450 4616 1894 4689 objectationibus
1943 4625 2113 4687 patet,

2298 4616 2454 4681 ούτφ
2497 4615 3020 4685 δυσεφικτότερος,
3070 4619 3172 4673 καί
3221 4619 3472 4685 πλείους
3512 4617 3613 4681 τὰς
3638 4615 3771 4669 ἀντι·

604 4717 866 4785 in-iisque
907 4712 1174 4767 diluendis
1229 4729 1293 4766 ac
1348 4709 1695 4766 dissoluendis
1748 4713 1869 4781 plus
1923 4711 2120 4782 negotii

605 4808 838 4879 facessit.
866 4825 882 4858 ι

608 4924 666 4980 Si
697 4938 821 4996 qua:
856 4921 998 4977 facta
1037 4928 1171 4976 sunt
1203 4921 1377 4976 multa
1408 4932 1560 4986 sunt,
1596 4920 1863 4976 diﬂ'erunt
1891 4933 2117 4990 quoque

533 5018 764 5074 omnino
817 5029 942 5086 quae
997 5012 1142 5067 faeta
1193 5020 1345 5078 sunt,
1412 5011 1690 5081 siquidem
1745 5011 1922 5066 multa
1961 5019 2113 5065 sunt.

535 5107 683 5163 Fieri
710 5106 862 5162 enim
895 5120 1009 5159 non
1032 5109 1222 5174 potest
1247 5103 1384 5173 quin
1404 5118 1527 5173 qua:
1550 5104 1747 5169 multa,
1776 5102 1978 5157 eadem
2004 5116 2115 5156 non

530 5204 592 5252 et
650 5196 870 5250 diversa
926 5193 1063 5250 sint.
1130 5195 1311 5264 Atque
1361 5194 1410 5249 si
1460 5193 1681 5250 diversa
1722 5201 1855 5248 sunt
1919 5191 2120 5255 multa,

534 5288 770 5344 diversa:
807 5296 940 5343 sunt
984 5288 1156 5341 etiam
1205 5286 1583 5359 intelligenda:
1620 5286 1866 5341 rationes
1912 5283 2122 5355 quibus

534 5379 851 5436 secundum
876 5381 1176 5435 essentiam
1207 5380 1507 5446 exsistunt,
1542 5379 1750 5451 quibus
1788 5382 1846 5432 et
1889 5384 2123 5447 propter

534 5486 674 5542 quas
700 5471 878 5542 magis
900 5470 1171 5527 dill‘erunt
1204 5487 1328 5542 quae
1355 5471 1661 5536 diﬂ‘erunt;
1696 5484 1809 5524 non
1851 5467 2004 5523 enim
2031 5466 2121 5520 in-

536 5565 623 5613 ter
664 5573 787 5614 sese
840 5556 1102 5614 diﬂ‘erent
1146 5575 1271 5629 qua:
1335 5558 1605 5615 ditierunt
1640 5597 1654 5623 ,
1700 5556 1811 5611 nisi
1868 5556 2124 5621 rationes

605 5704 631 5743 ρ
665 5694 831 5750 Joan.
854 5708 962 5759 xvr,
996 5696 1083 5750 l2.
1157 5711 1184 5749 τι
1216 5700 1354 5756 lbid.
1386 5700 1469 5755 l3.
1554 5708 1579 5738 ι’
1604 5697 1793 5753 Matth.
1828 5713 2013 5762 xxvm,
2044 5694 2136 5751 20.

2296 4707 2521 4777 λήψεις
2593 4707 2753 4777 ἔχων
2772 4747 2791 4773 ,
2873 4709 2973 4763 καί
3052 4710 3185 4776 τὰς·
3238 4710 3456 4777 λύσεις
3517 4704 3769 4778 ἐργωδεσδ

2298 4797 2490 4867 τέρας.
2528 4818 2548 4852 ι

2298 4913 2362 4967 El
2411 4912 2585 4967 πολλὰ
2617 4911 2686 4966 τὰ
2724 4914 2985 4983 γεγονότα
3014 4914 3151 4980 ἐστὶ,
3190 4916 3295 4970 οιαὶ
3329 4915 3557 4986 διάφορα
3585 4910 3765 4966 πάντως

2226 5005 2296 5058 τὰ
2322 5005 2585 5074 γεγονότα
2628 5005 2798 5071 ἐστὶν,
2836 5009 2996 5078 εἴπερ
3025 5006 3214 5062 πολλά.
3249 5007 3324 5061 Οὑ
3354 5007 3463 5079 γὰρ
3490 5002 3692 5060 δυνατὸν
3712 4994 3765 5049 τὰ

2225 5096 2400 5150 πολλὰ
2444 5097 2519 5168 μὴ
2568 5096 2665 5150 καὶ
2694 5096 2928 5168 διάφορα
2978 5093 3137 5151 εἷναι.
3186 5098 3295 5152 Καὶ
3340 5101 3388 5152 εί
3435 5093 3760 5167 διάφοράὲστι

2223 5191 2293 5243 τὰ
2314 5189 2506 5255 πολλὰ,
2534 5189 2830 5260 διαφόρους
2877 5191 2970 5243 καὶ
2995 5191 3124 5253 τοὺς
3164 5185 3247 5254 οἷς
3276 5193 3395 5245 κατ’
3418 5190 3598 5245 οὐσίαν
3620 5181 3762 5251 ὑπάρ-

2224 5298 2379 5352 χουσι
2412 5281 2606 5350 λόγους
2633 5281 2875 5351 νοητέον,
2909 5277 2987 5344 οἷς
3019 5282 3222 5351 μᾶλλον
3259 5283 3355 5336 καὶ
3405 5281 3474 5337 δι’
3499 5279 3587 5342 οὓς
3611 5269 3760 5339 vitastis

2228 5388 2380 5443 ρουσι
2407 5371 2476 5424 τὰ
2523 5371 2851 5442 διαφέροντα
2873 5388 2887 5402 ’
2928 5372 2993 5425 οὑ
3026 5371 3135 5442 γὰρ
3180 5372 3247 5426 ἂν
3280 5373 3528 5444 διέφερον
3551 5362 3756 5436 ἀλλήλων

2224 5464 2292 5517 τὰ
2321 5463 2665 5533 διαφέροντα,
2704 5462 2779 5535 μὴ
2806 5463 2916 5517 τῶν
2946 5463 3119 5532 λόγων
3146 5458 3228 5528 οἷς
3254 5450 3536 5533 γεγόνασιν
3565 5457 3753 5530 ἐχόντων

2218 5552 2502 5623 διαφοράν.
2551 5554 2613 5606 El
2654 5553 2834 5606 τοίνυν
2883 5552 3075 5623 ὥσπερ
3121 5554 3177 5607 αἱ
3224 5552 3502 5624 αίσθήσεις
3550 5539 3753 5618 φυσικῶς

599 5808 679 5884 (9)
708 5809 864 5865 Idem
889 5816 1013 5876 ibid.
1040 5836 1159 5890 cap.
1198 5821 1287 5887 9.1,
1320 5837 1375 5890 p.
1405 5822 1528 5889 511,
1566 5828 1698 5875 ιοιιι.
1726 5820 1766 5875 1.
1792 5817 1928 5891 Opp.
1963 5819 2051 5876 ed.
2078 5814 2285 5872 Bened.
