4012 6414
252 457 376 522 1257

1509 466 1611 522 AM
1626 465 1742 521 iiIi}
1760 459 2032 521 UUi’tUM
2072 456 2325 515 LIBER.

3364 452 3501 516 193.38

244 569 769 639 ἁντιλαμὸανόμεναι
818 572 927 624 τῶν
968 572 1242 642 αἰσθητῶν
1299 571 1355 635 ἐξ
1394 572 1636 641 ἀνάγκης
1678 571 1820 623 κατὰ

1930 565 2127 634 quibus
2154 563 2297 616 facta
2333 571 2462 615 sunt
2499 561 2873 616 ditior-entiam
2909 562 3199 617 haberent.
3232 564 3287 618 Si
3313 565 3501 634 igitur,

244 657 550 732 παραδοχὴν
607 659 809 725 πολλὰς
862 661 1144 715 ποιοῦνται
1216 663 1308 715 καὶ
1366 661 1657 731 διαφόρους
1710 661 1817 713 τῶν

245 750 616 820 ὑποκειμένων
646 754 741 805 καὶ
788 752 1210 807 ὑποπιπτόντων
1248 753 1440 813 αὐταῖς
1467 751 1566 814 τὰς
1601 751 1818 818 ἀντιλή-

241 842 378 910 ψεις,
410 841 552 895 οὕτω
578 844 675 897 καὶ
702 846 731 896 6
756 844 878 908 νοῦς
904 843 1121 897 πάντων
1151 844 1397 913 φυσικῶς
1425 840 1821 911 ἀντιλαμϐανό-

245 951 400 1003 μενος
437 933 544 987 τῶν
573 936 632 987 ἐν
668 936 782 997 τοῖς
814 931 932 988 οὖσι
986 935 1184 1003 λόγων,
1233 932 1316 999 οἷς
1344 935 1593 1004 ἀπείροις
1621 931 1819 985 ὲνθεω-

246 1023 350 1091 ρῶν
380 1021 661 1092 ἐνεργείας
686 1022 824 1076 Θεοῦ
865 1024 1068 1087 πολλὰς
1119 1026 1353 1077 ποιεῖται
1398 1023 1493 1077 καὶ
1532 1022 1818 1092 ἀπείρους,

238 1116 412 1167 εἰπεῖν
450 1114 672 1183 ἀληθὲς,
721 1114 828 1169 τῶν
865 1108 942 1169 ὧν
975 1115 1438 1186 ἀντιλαμϐάνεται
1467 1114 1625 1168 θείων
1666 1117 1819 1184 ἐνερ-

240 1208 402 1275 γειῶν
456 1209 741 1279 διαφορὰς,
782 1209 969 1263 ἄτονον
1010 1209 1236 1272 εἰκότως
1284 1209 1396 1274 ἕξει
1448 1207 1548 1277 τὴν
1590 1206 1821 1276 δύναμιν

238 1301 332 1354 καὶ
354 1299 452 1371 τὴν
486 1301 710 1370 μέθοδον
752 1300 958 1371 ἄπορον
986 1301 1088 1371 τῆς
1119 1300 1553 1372 ἑπιστημονικῆς
1591 1300 1821 1370 ἐρεύνης

236 1393 332 1446 τοῦ
355 1393 525 1455 ὅντως
566 1393 720 1456 ὄντος
770 1392 1027 1463 ἀληθοῦς,
1072 1395 1174 1447 οὐκ
1222 1392 1362 1463 ἔχων
1392 1392 1584 1460 νοῆσαι
1615 1394 1733 1455 πῶς
1765 1395 1823 1446 ὲν

239 1488 454 1558 ἑκάστῳ
502 1487 611 1541 τῶν
664 1486 786 1540 καθ’
841 1488 1003 1541 ἑαυτὸ
1051 1489 1297 1542 ἑκάστων
1327 1489 1371 1519 ³³
1429 1487 1573 1557 λόγῳ
1627 1489 1722 1541 καὶ
1765 1490 1822 1541 ὲν

242 1579 407 1632 πᾶσιν
452 1576 590 1647 ὁμοῦ
629 1577 753 1631 καθ’
793 1576 890 1641 οὓς
922 1577 1231 1648 ὑπάρχουσι
1259 1577 1327 1630 τὰ
1370 1577 1549 1631 πάντα
1582 1576 1763 1646 λόγοις
1795 1581 1824 1630 6

244 1671 410 1742 μηδὲν
448 1670 523 1724 ὢν
548 1672 658 1725 τῶν
704 1670 873 1724 ὄντων
917 1671 1133 1743 ἀληθῶς
1161 1672 1255 1725 καὶ
1301 1671 1480 1726 πάντα
1513 1672 1719 1743 κυρίως
1748 1671 1824 1725 ὢν

241 1765 333 1817 καὶ
361 1762 501 1831 ὑπὲρ
526 1762 703 1817 πάντα
742 1762 895 1826 Θεός.
929 1764 993 1816 Εἰ
1042 1764 1172 1832 γοῦν
1212 1765 1359 1816 πᾶσα
1407 1762 1525 1817 θεία
1567 1764 1708 1818 κατὰ
1733 1763 1855 1817 τὸν-

239 1852 413 1924 ἀληθῆ
471 1852 629 1921 λόγον
675 1852 924 1923 ἐνέργεια
978 1852 1073 1907 τὸν
1130 1852 1264 1907 Θεὸν
1315 1853 1540 1925 ἀμερῶς
1587 1854 1707 1908 ὅλον
1755 1853 1824 1907 δι’

238 1944 443 2014 ἑαυτῆς
470 1946 527 1996 ὲν
544 1943 761 2013 ἑκάστῳ
784 1942 908 1997 καθ’
931 1943 1101 2015 όνπερ
1122 1945 1247 1997 τινὰ
1276 1945 1434 2014 λόγον
1462 1947 1611 1998 ἐστὶν
1643 1945 1827 2010 tanta;

238 2018 633 2107 ὑποσημαίνει,
677 2036 764 2100 τίς
816 2036 1061 2109 ἀκριϐῶς
1104 2040 1252 2090 ἐστιν
1296 2039 1325 2090 ὁ
1373 2037 1566 2107 νοῆσαί
1617 2054 1677 2090 τε
1731 2037 1828 2091 καὶ

235 2134 419 2185 εἰπεῖν
452 2132 774 2202 δυνάμενος,
826 2132 943 2195 πῶς
985 2133 1043 2185 ὲν
1087 2132 1224 2185 πᾶσί
1253 2148 1313 2184 τε
1359 2132 1555 2195 κοινῶς
1591 2131 1711 2195 ὅλος
1734 2133 1827 2184 καὶ

236 2225 296 2276 ὲν
343 2224 559 2294 ἑκάστῳ
591 2224 700 2278 τῶν
755 2224 926 2279 ὄντων
982 2223 1312 2289 ἰδιαζόντως,
1361 2224 1582 2297 ἀμερῶς
1623 2242 1683 2278 τε
1735 2226 1829 2278 καὶ

237 2314 558 2384 άμερίστως
582 2315 729 2368 ἐστὶν
751 2315 781 2368 6
800 2314 952 2380 Θεὸς,
987 2316 1122 2386 μήτε
1144 2315 1405 2378 ποικίλως
1428 2315 1829 2370 συνδιαστελλό-

241 2420 408 2473 μενος
433 2407 551 2466 ταῖς
588 2405 698 2458 τῶν
737 2404 909 2459 ὄντων
952 2401 1033 2470 οἷς
1063 2406 1273 2460 ἔνεστιν
1313 2407 1389 2471 ὡς
1418 2405 1493 2461 ὢν
1526 2406 1723 2478 (203
1758 2412 1827 2477 a)

237 2495 500 2565 ἀπείροις
545 2494 854 2564 διαφοραῖς,
920 2498 1059 2566 μήτε
1085 2492 1178 2550 οὖν
1232 2497 1655 2568 συστελλόμενος
1690 2499 1829 2552 κατά

237 2585 348 2655 τὴν
373 2583 470 2638 τοῦ
506 2585 627 2648 ἑνὸς
676 2586 985 2651 ἰδιάζουσαν
1037 2585 1294 2658 ὓπαρξιν,
1357 2590 1494 2660 μήτε
1526 2588 1829 2643 συστέλλων

239 2675 389 2728 κατὰ
421 2674 539 2746 ’τὴν
597 2677 723 2747 μίαν
772 2679 988 2732 πάντων
1048 2679 1233 2749 ἑνικὴν
1285 2680 1514 2751 ὁλότητα
1574 2680 1674 2745 τὰς
1722 2680 1829 2733 τῶν

239 2767 418 2818 δντων
447 2766 734 2835 διαφοράς,
772 2765 910 2819 ἀλλὰ
940 2767 1119 2821 πάντα
1141 2769 1198 2821 ὲν
1228 2769 1395 2822 πᾶσίν
1418 2771 1567 2824 ἐστιν
1590 2769 1826 2841 άληθῶς,

194 2872 197 2873 ⁷
243 2858 275 2910 ὁ
307 2859 578 2929 μηδέποτε
610 2858 708 2929 τῆς
745 2859 952 2923 οἰκείας
1002 2861 1244 2931 ἀμεροῦς
1284 2862 1586 2934 ἁπλότητος
1614 2864 1830 2930 ἐξιστά-

244 2967 444 3022 μενοςς
478 2950 672 3017 Καλῶς
705 2948 799 3005 οὖν
842 2953 870 3004 6
898 2950 1218 3016 διδάσκαλος
1246 2953 1353 3024 ἔφη
1382 2954 1482 3018 τὰς
1515 2955 1833 3027 ἀντιλήψεις

142 3082 151 3091 .
238 3042 344 3097 τοῦ
372 3043 500 3115 περ)⁸
525 3043 780 3113 θεότητος
806 3042 963 3112 λόγου
996 3043 1198 3108 πολλὰς
1222 3040 1382 3111 εἶναι,
1413 3045 1471 3113 ἐξ
1492 3040 1567 3101 ὧν
1597 3048 1679 3101 ὅτι
1714 3047 1830 3099 ἐστὶ

243 3136 415 3205 μόνον
477 3136 609 3199 Θεὸς
661 3135 1047 3205 διδασκόμεθα,
1111 3137 1205 3190 καὶ
1261 3137 1360 3201 τὰς
1411 3138 1592 3201 λύσεις
1652 3142 1828 3212 ἐργω-

1930 665 1991 708 ut
2024 669 2224 709 sensus
2258 654 2590 707 natmaliter
2643 644 2930 710 seusibilia
2975 658 3352 726 percipientcs
3409 673 3507 711 ne—

1924 747 2169 801 cessario
2208 746 2411 799 multas
2440 762 2544 815 pro
2578 748 2904 817 receptione
2937 748 3150 803 faciunt
3184 759 3237 804 et
3261 749 3509 803 diversas

1921 854 2115 893 eorum
2148 853 2273 907 qua:
2336 838 2630 908 subjacent
2661 840 2921 895 sensibus
2950 849 3009 895 et
3040 842 3335 896 succidunt
3382 857 3502 910 per-

1923 929 2234 998 ceptiones,
2268 929 2349 983 sic
2381 930 2549 983 etiam
2578 945 2758 996 mens,
2779 947 2905 986 cum
2934 947 3132 987 omnes
3175 933 3508 986 naturaliter

1923 1018 1982 1071 in
2016 1018 2188 1073 rebus
2212 1019 2456 1074 rationes
2474 1020 2772 1091 percipiat,
2810 1022 2865 1076 in
2914 1023 3117 1093 quibus
3150 1022 3385 1077 inﬁnitis
3414 1022 3509 1076 Dei

1924 1113 2178 1167 actiones
2206 1113 2480 1168 intuendo
2503 1113 2709 1169 multas
2733 1113 2901 1168 cllicit
2934 1123 2992 1168 et
3030 1114 3299 1180 inﬁnitas,
3334 1125 3393 1168 ut
3417 1131 3513 1168 vc-

1926 1220 2052 1259 rum
2084 1204 2288 1270 dicam,
2317 1204 2633 1259 divinarum
2659 1220 2688 1260 a
2722 1221 2780 1260 se
2807 1215 3200 1275 perceptarum
3226 1207 3510 1259 actionum

1926 1300 2309 1367 virtutumque
2331 1286 2700 1363 diifercntias,
2734 1297 2952 1351 inﬁrma
3007 1306 3198 1352 utetur
3244 1298 3513 1352 nimirum

1926 1389 2188 1444 facultate
2235 1389 2567 1460 irritamque
2596 1389 2830 1444 habebit
2883 1405 3030 1444 verte
3064 1389 3318 1444 veritatis
3348 1389 3513 1442 inda-

1927 1478 2123 1549 ganda:
2172 1479 2309 1533 artis
2361 1480 2476 1533 sua:
2534 1480 2683 1533 viam
2716 1488 2887 1549 atque
2916 1480 3215 1544 rationem,
3254 1494 3379 1533 cum
3428 1480 3513 1532 in-

1930 1571 2179 1642 telligere
2206 1570 2356 1626 haud
2383 1580 2553 1642 queat
2578 1570 2862 1641 quomodo
2908 1571 2966 1625 in
3017 1586 3351 1640 unaquaque
3398 1570 3514 1624 sin-
3576 1628 3584 1651 ξ

1928 1665 2183 1735 gulorum
2216 1679 2567 1736 quorumque
2612 1664 2851 1729 ratione,
2882 1673 2938 1718 et
2996 1663 3053 1717 in
3091 1664 3306 1719 cunctis
3349 1662 3513 1716 simul

1929 1755 2136 1826 quibus
2166 1766 2372 1812 cuncta
2393 1757 2672 1813 exsistunt
2702 1757 3036 1823 rationibus,
3078 1756 3124 1812 is
3157 1758 3253 1826 qui
3322 1771 3515 1811 revera

1933 1848 2083 1904 inter
2099 1865 2165 1905 ea
2193 1866 2315 1921 quae
2351 1856 2483 1906 sunt
2526 1865 2641 1905 non
2662 1858 2942 1914 censetur,
2976 1857 3034 1904 et
3066 1849 3253 1904 omnia
3282 1848 3512 1919 proprie

1931 1945 2022 2011 sit,
2053 1954 2108 2000 et
2141 1946 2519 2016 supraomnia
2565 1946 2734 2002 Deus.
2770 1944 2937 2001 Certe
2973 1945 3020 2001 si
3071 1945 3253 2000 omnis
3300 1944 3510 2005 divina,

1933 2046 1992 2092 ut
2015 2053 2209 2093 verum
2236 2046 2343 2103 est,
2368 2039 2517 2093 actio
2548 2047 2606 2094 et
2637 2039 2818 2093 virtus
2866 2039 3042 2092 Deum
3094 2035 3385 2091 individue
3431 2046 3514 2089 to—

1937 2140 2054 2184 tum
2113 2146 2214 2200 per
2265 2133 2622 2201 semetipsam
2672 2131 2729 2185 in
2774 2144 3110 2201 unaquaque
3162 2145 3246 2195 re,
3295 2145 3516 2200 quaqua

1930 2221 2147 2278 ratione
2172 2222 2320 2279 inest
2369 2223 2599 2295 proprie
2654 2223 2949 2295 signiﬁcat,
3006 2223 3131 2293 quis
3173 2232 3429 2277 accurate
3462 2234 3518 2275 et

1931 2311 2244 2382 intelligere
2274 2322 2331 2369 et
2359 2330 2623 2395 enarrare
2649 2315 2878 2385 poterit,
2903 2314 3187 2385 quomodo
3214 2315 3267 2368 in
3298 2314 3517 2368 cunctis

1931 2407 2306 2461 communiter
2363 2417 2513 2463 totus
2569 2416 2627 2463 et
2681 2408 2740 2462 in
2783 2424 3119 2479 unoquoque
3153 2423 3349 2464 eorum
3395 2424 3517 2478 quas

1930 2500 2332 2569 suntprivatim
2361 2502 2602 2571 partium
2626 2517 2829 2571 expers
2851 2510 2906 2556 et
2930 2501 3257 2557 individuus
3283 2502 3516 2557 exsistat

1932 2591 2102 2657 Deus,
2136 2609 2320 2663 neque
2366 2594 2521 2648 varie
2573 2608 2637 2649 ac
2678 2593 3067 2663 multipliciter
3108 2594 3374 2649 diductus
3407 2610 3516 2647 una

1933 2698 2061 2739 cum
2107 2701 2295 2741 rerum
2326 2684 2556 2756 quibus,
2612 2696 2674 2741 ut
2723 2688 3020 2752 exsistens,
3083 2688 3228 2743 inest
3280 2686 3516 2741 inﬁnitis

1934 2775 2288 2841 ditl‘erentiis,
2348 2792 2531 2848 neque
2573 2787 2893 2834 contractus
2948 2780 3253 2834 secundum
3316 2779 3519 2849 singuli

1934 2870 2205 2939 cujusque
2238 2871 2578 2939 peculiarem
2606 2871 3008 2937 exsistentiam,
3048 2887 3230 2941 neque
3293 2883 3519 2927 contra—

1936 2960 2075 3014 hens
2097 2961 2406 3015 secundum
2432 2978 2599 3017 unam
2623 2971 3042 3025 cunctorum,et
3067 2963 3400 3033 singularem
3437 2972 3519 3017 to-

1937 3046 2149 3106 titatem
2182 3066 2376 3105 eorum
2404 3068 2526 3123 quae
2556 3060 2685 3108 sunt
2720 3053 3093 3119 differentias,
3125 3053 3221 3109 sed
3246 3054 3432 3108 omnia
3466 3054 3519 3107 in

1936 3142 2196 3198 omnibus
2232 3159 2423 3199 revera
2448 3145 2679 3200 exsistat
2707 3146 2753 3200 is
2775 3146 2872 3216 qui
2920 3162 3207 3217 nunquam
3247 3148 3518 3216 peculiari

238 3229 528 3297 δεστέρας,
582 3226 642 3290 ἐξ
685 3222 761 3281 ὧν
817 3228 979 3280 πάλιν
1032 3229 1084 3281 τί
1124 3228 1224 3281 οὐκ
1276 3228 1392 3282 ἔστι
1444 3230 1826 3300 μανθάνομενο

1936 3249 2034 3289 sua
2060 3244 2117 3290 et
2148 3235 2439 3292 individua
2463 3237 2824 3308 simplicitate
2882 3240 3147 3294 excidat?
3181 3239 3325 3293 Bene
3352 3240 3520 3310 igitur

242 3318 389 3390 πρὸς
420 3319 482 3373 τὸ
509 3320 714 3374 παῦσαι
738 3322 1060 3393 περιεργίας
1088 3321 1398 3400 ἀνωφελοῦς
1438 3324 1532 3377 καὶ
1561 3324 1831 3396 βλαϐερᾶς

244 3412 375 3475 τοὺς
409 3410 615 3482 ληπτὸν
655 3412 936 3483 οἰομένους
976 3412 1038 3466 τὸ
1068 3414 1221 3467 Θεῖον
1257 3417 1371 3477 τοῖς
1402 3414 1671 3479 διακένοις
1702 3417 1833 3471 ἁνα-

1937 3328 2200 3397 magister
2240 3329 2466 3385 deitatis
2490 3331 2720 3386 rationis
2759 3332 2966 3386 multas
2990 3347 3112 3387 esse
3134 3332 3523 3402 perceptiones

1936 3417 2099 3485 dixit,
2129 3420 2197 3475 de
2236 3421 2444 3491 quibus
2474 3423 2657 3477 solum
2695 3423 2846 3494 quod
2895 3424 3043 3491 Deus
3070 3425 3142 3477 sit
3190 3424 3517 3478 doceamur.

245 3503 524 3571 πλασμοῖς
552 3503 650 3572 τῆς
679 3504 860 3557 αὑτων
885 3504 1149 3567 διανοίας,
1231 3504 1354 3557 οὑδὲ
1385 3504 1444 3558 τὸ
1473 3505 1698 3576 ἔσχατον
1723 3507 1829 3560 τῶν

1933 3510 2354 3584 solutionesque
2380 3515 2730 3583 Operosiores
2747 3524 2802 3569 et
2831 3514 3195 3580 dilﬁciliores,
3227 3514 3295 3569 de
3321 3515 3522 3584 quibus

242 3596 310 3650 ιν
337 3597 453 3658 τοῖς
479 3591 597 3650 οὖσι
631 3596 754 3649 καθ’
795 3596 854 3649 ὃν
879 3596 997 3649 ἐστι
1037 3597 1131 3649 καὶ
1164 3596 1401 3668 ὑπάρχει
1428 3597 1584 3667 λόγον
1614 3599 1829 3670 ἀληθῶς

1934 3618 2131 3659 rursus
2153 3604 2286 3674 quid
2310 3620 2422 3659 non
2447 3608 2521 3662 sit
2543 3607 2857 3674 discamus;
2895 3625 3008 3679 quo
3041 3609 3110 3663 ab
3143 3607 3327 3662 inutili
3354 3617 3521 3678 atque

240 3689 368 3743 ἐστι
388 3686 614 3759 ληπτόν.
678 3760 687 3765 _

1935 3697 2136 3751 nociva
2167 3696 2491 3752 curiositate
2521 3709 2811 3754 revocaret
2861 3716 2958 3755 eos
2992 3700 3087 3771 qui
3143 3700 3392 3753 divinum
3424 3714 3519 3752 va-

240 3782 341 3837 nis
396 3782 747 3854 ingeniorum
816 3798 1046 3838 suorum
1101 3782 1376 3854 ﬁgmentis
1430 3787 1905 3857 comprehendere
1942 3804 2105 3859 posse
2132 3791 2239 3845 sibi
2274 3793 2556 3859 videntur,
2599 3795 2807 3865 quibus
2858 3811 2925 3851 ne
2989 3795 3244 3849 ultimum
3291 3794 3518 3865 quidem

238 3892 448 3933 eorum
481 3893 604 3953 quae
628 3887 758 3934 sunt
809 3893 919 3948 qua
945 3877 1018 3933 sit
1066 3879 1286 3935 ratione
1343 3893 1400 3935 et
1436 3882 1666 3937 exsistat
1698 3896 1829 3939 vere
1867 3885 2265 3955 comprehendi
2296 3897 2500 3957 potest.

1859 4007 1929 4022 ‘-

256 4070 366 4123 Ἕκ
414 4067 520 4121 τοῦ
543 4068 677 4135 περί
719 4067 856 4122 Υὶοῦ
895 4066 1130 4137 πρώτου
1163 4067 1373 4139 λόγου,
1413 4070 1501 4136 εἰς
1548 4066 1637 4137 τὸ,
1676 4093 1698 4119 ς
1733 4072 1829 4125 Διὰ

1936 4070 2022 4129 Ea:
2050 4073 2223 4145 primo
2254 4072 2332 4129 de
2388 4072 2524 4130 Filio
2566 4092 2830 4143 sermone,
2896 4077 2955 4133 in
2985 4075 3163 4133 illud:
3201 4097 3219 4130 ι
3258 4075 3520 4142 Quocirca

320 4159 500 4215 τοῦτο
537 4160 729 4229 μονὰς
768 4160 870 4214 ἀπ’
916 4158 1110 4229 ἀρχῆς
1155 4163 1244 4227 εἰς
1287 4161 1480 4216 δυάδα
1520 4162 1829 4230 κινηθεῖσα

2007 4168 2188 4222 unitas
2227 4169 2489 4240 principio
2517 4171 2575 4224 in
2629 4170 2898 4226 binarium
2950 4180 3096 4227 mota
3155 4172 3212 4225 in
3264 4170 3522 4225 Trinitatc

314 4251 498 4323 μέχρι
525 4250 765 4321 Τριάδος
792 4253 942 4320 ἔστη
970 4252 1105 4323 (10).
1138 4272 1158 4303 ι

2004 4261 2257 4314 constitit.
2278 4280 2305 4312 ο

318 4367 442 4420 Πᾶν
488 4367 629 4420 κατὰ
677 4364 837 4435 φύσιν
895 4365 1215 4436 κινούμενον
1260 4364 1327 4420 δι’
1374 4362 1556 4422 αιτίαν
1614 4370 1833 4433 πάντως
2001 4348 2384 4421 Quodcunque
2433 4350 2751 4413 secundum,
2798 4360 3053 4407 naturam
3095 4361 3384 4420 movetur,
3420 4370 3520 4409 ne-

234 4462 511 4522 κινεῖται,
552 4459 646 4511 καὶ
672 4459 783 4511 πᾶν
802 4459 862 4510 τὸ
888 4457 955 4511 δι’
990 4459 1176 4512 αἰτίαν
1208 4460 1525 4529 κινουμένων
1558 4462 1626 4515 δι’
1651 4463 1832 4517 αἰτίαν
1933 4460 2087 4500 εθδδθ
2135 4452 2221 4499 εει
2270 4448 2330 4497 ut
2381 4443 2449 4498 de
2502 4459 2666 4499 causa
2719 4453 3031 4512 Πιονίὶθιυνν
3062 4451 3118 4499 (ει
3147 4444 3520 4517 αυοάουηειυυ

234 4555 474 4614 πάντως
519 4551 615 4604 καὶ
676 4550 813 4615 ἔστι,
849 4553 960 4603 πᾶν
1004 4550 1060 4605 δὲ
1099 4544 1161 4605 τὸ
1206 4553 1274 4605 δι’
1318 4554 1499 4607 αἰτίαν
1542 4555 1601 4607 ὃν
1640 4555 1734 4610 καὶ
1766 4555 1829 4609 δι’

1933 4537 2001 4591 de
2062 4552 2229 4591 causa
2263 4545 2540 4602 movetur,
2576 4552 2811 4602 necesse.
2838 4547 2923 4594 est
2951 4547 3011 4592 ut
3045 4540 3113 4593 de
3143 4551 3308 4594 causa
3351 4541 3520 4595 etiam

232 4642 433 4696 αἰτίαν
480 4640 793 4710 κινούμενον
826 4641 997 4712 ἀρχὴν
1041 4642 1139 4712 μὲν
1165 4637 1279 4712 εἶχε
1321 4646 1537 4708 πάντως
1565 4646 1662 4699 τοῦ
1694 4641 1829 4701 εἶναι

1934 4638 2208 4694 exsrstat;
2267 4627 2637 4698 quodcunque
2691 4645 2823 4684 vero
2871 4632 2939 4687 de
2976 4647 3142 4688 causa
3187 4633 3407 4689 exsistit
3438 4643 3521 4687 at-

226 4734 346 4805 τὴν
389 4733 454 4786 δι’
492 4733 559 4804 ἢν
590 4735 705 4786 ἐστι
738 4734 832 4787 καὶ
855 4733 913 4800 ἐξ
936 4728 1003 4806 ἧς
1028 4735 1163 4807 πρὸς
1194 4735 1253 4789 τὸ
1288 4728 1428 4790 εἶναι
1453 4737 1592 4807 ἤχθη
1625 4738 1829 4802 αἰτίαν,

1936 4733 2043 4788 que
2076 4716 2144 4772 de
2180 4734 2344 4772 causa
2381 4728 2651 4781 movetur,
2700 4720 2920 4776 initium
2975 4740 3198 4796 quoque
3250 4730 3522 4786 exsisteb-

224 4826 404 4888 τέλος
433 4823 489 4877 δὲ
510 4823 604 4877 τοῦ
639 4825 909 4878 κινεῖσθαι
934 4824 1034 4897 τὴν
1071 4826 1244 4898 αὑτὴν
1283 4827 1350 4880 δι’
1382 4829 1448 4900 ῆν
1475 4832 1706 4883 κινεῖται
1737 4830 1829 4884 καὶ

1936 4809 2024 4865 tiae
2066 4819 2125 4863 ut
2172 4811 2372 4865 habeat
2428 4827 2653 4869 necesse
2720 4822 2804 4868 est
2865 4832 2985 4871 eam
3040 4835 3140 4888 per
3191 4838 3356 4891 quam
3422 4839 3520 4879 ex-

222 4921 390 4992 πρὸς
423 4920 489 4990 ἣν
518 4916 799 4985 ἐπείγεται
844 4918 1045 4974 αἰτίαν.
1074 4920 1188 4973 Πᾶν
1230 4920 1287 4973 δὲ
1324 4920 1385 4975 τὸ
1415 4921 1482 4975 δι’
1522 4922 1703 4975 αἰτίαν
1734 4922 1829 4976 καὶ

1934 4903 2080 4959 sistit
2130 4913 2186 4958 et
2217 4920 2438 4975 exqua
2488 4907 2556 4961 ad
2615 4907 2997 4965 exsistentiam
3057 4912 3224 4968 ducta
3271 4924 3356 4969 est
3389 4930 3514 4969 Cull-

217 5013 300 5066 ὃν
338 5010 438 5064 καὶ
465 5007 783 5078 κινούμενον
829 5009 927 5062 καὶ
967 5010 1192 5080 γενητὸν
1241 5012 1479 5077 πάντως.
1536 5014 1601 5066 Εἰ
1640 5014 1697 5067 δὲ
1733 5011 1829 5067 τοῦ

1936 5006 2076 5058 sam,
2102 4993 2265 5049 ﬁnem
2298 5011 2431 5050 vero
2466 4997 2731 5055 motionis
2756 5000 3011 5056 eamdem
3052 5019 3159 5073 qua
3192 5014 3514 5061 moveturet

217 5098 575 5170 κινουμένου
600 5098 758 5162 τέλος
789 5098 938 5151 ἐστὶν
986 5101 1018 5170 ἡ
1063 5100 1132 5152 δι’
1180 5101 1248 5170 ἣν
1290 5105 1523 5155 κινεῖται
1571 5103 1742 5169 αἰτία,
1796 5106 1829 5173 ή
1935 5087 2006 5142 ad
2035 5098 2479 5158 (ἰυίιωΡΓοΡθΓδι
2502 5104 2751 5145 causam-
2792 5092 3175 5163 Ουοάοιιηίιυο
3211 5105 3397 5151 διηεΠὶ
3417 5113 3516 5168 Per

214 5191 387 5262 αὐτὴ
439 5191 658 5247 πάντως
711 5190 829 5242 ἐστὶ
877 5192 943 5260 τῇ
1003 5191 1068 5243 δι’
1103 5192 1169 5262 ἢν
1210 5192 1504 5262 γεγένηται
1538 5196 1633 5248 καὶ
1680 5195 1827 5249 ἔστιν

1935 5192 2159 5232 causam
2181 5188 2237 5233 et
2275 5185 2444 5233 estet
2482 5190 2740 5235 movetur
2772 5180 2981 5236 facmm
3018 5191 3079 5236 ut
3117 5184 3191 5237 sit
3235 5184 3364 5240 item
3417 5201 3517 5240 ne-

213 5287 421 5358 αἰτίᾳ.
454 5283 567 5338 Μία
594 5280 686 5337 οὖν
712 5281 820 5353 ἄρα
857 5283 1071 5346 πάντως
1103 5284 1198 5336 τοῦ
1230 5285 1482 5340 ὁπωσοῦν
1535 5286 1688 5351 ὄντος
1734 5288 1828 5341 καὶ

1931 5286 2084 5325 cesse
2122 5279 2229 5325 est.
2284 5270 2443 5337 Quod
2501 5272 2548 5326 si
2594 5274 2717 5343 ejus
2770 5275 2918 5343 quod
2973 5285 3227 5332 movetur
3267 5276 3394 5332 ﬁnis
3428 5289 3515 5332 est

214 5380 570 5451 κινουμένου
601 5380 742 5432 κατὰ
783 5377 946 5445 φύσιν
972 5379 1047 5440 ὡς
1082 5377 1227 5450 ἀρχὴ
1255 5382 1350 5433 καὶ
1384 5382 1538 5445 τέλος
1569 5383 1720 5436 αἰτία
1760 5382 1828 5435 δι’

1932 5379 2097 5417 causa
2127 5378 2226 5433 per
2259 5379 2424 5433 quam
2476 5373 2753 5429 movetur,
2813 5381 3039 5421 necesse
3070 5375 3156 5421 est
3202 5367 3395 5422 eadem
3443 5370 3514 5424 sit

210 5468 303 5548 ἢν
336 5473 438 5527 καὶ
467 5472 582 5525 ἔστι
611 5473 706 5525 καὶ
738 5472 969 5524 κινεῖται
1012 5471 1119 5523 πᾶν
1150 5471 1211 5522 τὸ
1244 5469 1303 5524 ὃν
1351 5474 1446 5527 καὶ
1481 5472 1822 5544 κινούμενον.

1930 5470 2094 5508 causa
2121 5469 2406 5523 perquam
2460 5454 2664 5508 factum
2692 5464 2774 5509 est
2821 5465 2879 5509 et
2934 5457 3173 5509 exsistit.
3212 5457 3354 5528 Ergo
3403 5474 3515 5514 una

214 5545 583 5640 Ᾰραστήριος
642 5561 749 5632 γὰρ
795 5561 1117 5632 ὑπάρχουσα
1168 5559 1401 5633 δύναμις
1445 5564 1540 5615 καὶ
1580 5567 1727 5616 ποιεῖ
1759 5565 1828 5617 τά

1930 5545 2157 5599 omnino
2186 5555 2273 5599 est
2306 5547 2424 5616 ejus
2450 5546 2597 5615 quod
2630 5555 2913 5616 utcunque
2936 5549 3153 5605 exsistit
3180 5559 3234 5604 et
3258 5559 3515 5605 movetur

1516 5683 1756 5738 VARI/{*3
1799 5683 2206 5741 LEC'I'IUNES.

327 5757 380 5789 ³³
402 5755 632 5808 ἑκάστου
667 5753 792 5807 eod.
814 5750 956 5806 Gud.
1918 5761 1927 5768 '

303 5846 779 5923 (10)Greg.Naz.
820 5846 910 5901 ον.
951 5846 1123 5901 Theol.
1158 5848 1248 5915 ιιι,
1282 5848 1345 5902 de
1379 5846 1535 5916 Filio,
1564 5864 1685 5920 cap.
1722 5851 1774 5917 ε,
1806 5867 1861 5922 ρ.
1897 5852 2019 5918 ὕει,
2059 5861 2188 5907 tom.
2218 5852 2401 5924 lOpp.
2426 5814 2559 5911 edit.
2586 5856 2784 5911 Bened.

448 5943 702 6003 Parnm.
771 5939 889 5999 (in.
932 5938 1096 6000 XCI.
2755 6021 2763 6032 κ
2999 5949 3074 6010 [ιο
