4012 6370
628 395 763 461 19.59

1798 389 1861 450 S.
1902 385 2192 450 MAXIMI
2230 383 2745 452 CONFESSORIS

3719 397 3820 468 1250

636 505 944 564 secundum
1000 513 1261 561 naturam
1291 511 1355 559 ut
1388 500 1610 557 initium
1638 505 1699 555 et
1730 496 1859 556 ﬁnis
1894 513 2065 565 causa
2095 512 2215 585 ,per

2319 498 2579 570 γινόμενα
2608 500 2937 571 θεοπρεπῶς
2966 500 3041 565 ὡς
3073 500 3220 573 ἀρχὴ
3247 499 3343 554 καὶ
3379 498 3729 574 προϐάλλεται,
3757 512 3826 567 καὶ

622 615 785 671 quam
805 609 860 653 et
890 605 976 655 est
1005 607 1062 653 et
1092 605 1352 653 movetur
1375 592 1751 666 quodcunque
1789 599 1877 648 es:
1921 597 1979 647 et
2021 605 2215 647 mme—

626 702 738 749 tur.
776 693 1021 748 Strenua
1042 690 1190 746 enim
1213 697 1271 744 et
1303 686 1494 745 efﬁcax
1517 700 1645 753 cum
1675 684 1759 741 vis
1799 683 1894 750 sit,
1922 683 2040 740 Deo
2081 696 2216 739 con-

623 783 916 840 venienter
940 789 1052 836 tam
1082 780 1249 837 efﬁcit
1283 795 1348 835 ea
1374 793 1497 850 quae
1550 776 1711 843 ﬁunt,
1770 784 1834 831 ut
1883 774 2130 840 initium,
2156 778 2215 827 et

622 872 909 944 producit,
946 886 1116 941 quam
1155 868 1325 924 trahit
1378 865 1749 938 providenter
1804 880 1873 920 ea
1905 878 2035 935 qua
2089 876 2210 919 mo-

622 973 848 1029 ventur,
874 971 935 1017 ut
971 961 1120 1027 ﬁnis,
1142 970 1308 1031 atque
1335 959 1617 1014 terminat.
1669 957 1788 1014 Jam
1824 956 1872 1013 si
1922 953 2215 1027 quodcun-

625 1073 734 1130 que
761 1063 1017 1111 movetur
1045 1061 1103 1108 et
1124 1051 1334 1109 factum
1378 1059 1465 1107 est
1512 1066 1610 1121 per
1637 1063 1862 1105 causam
1912 1046 2131 1103 exsistit
2156 1054 2214 1101 et

626 1156 885 1205 movetur
916 1154 973 1201 et
998 1146 1209 1199 factum
1244 1154 1349 1211 est,
1418 1143 1671 1213 sequitur
1704 1151 1766 1196 ut
1815 1156 1919 1196 nec
1951 1139 2211 1195 effectum

626 1240 700 1295 sit
731 1237 1113 1310 quodcunque
1134 1235 1477 1291 exsistentia:
1499 1249 1720 1289 causam
1759 1232 1928 1287 habet
1978 1232 2210 1297 nullam,

626 1346 730 1386 nec
752 1329 960 1385 mobile
995 1327 1086 1383 sit.
1119 1327 1241 1382 Non
1305 1326 1456 1382 enim
1492 1334 1748 1381 movetur
1790 1324 2016 1379 omnino
2063 1324 2214 1395 quod

627 1420 969 1476 exsistentia:
994 1435 1163 1475 causa
1189 1428 1365 1474 caret.
1397 1418 1453 1474 Si
1478 1428 1661 1473 autem
1691 1417 1840 1487 quod
1876 1433 2042 1472 causa
2062 1424 2215 1472 caret

626 1512 773 1567 idem
800 1511 1232 1577 caretmotione,
1251 1510 1502 1583 sequitur
1536 1520 1598 1566 ut
1623 1510 1875 1565 divinum
1911 1509 1982 1564 sit
2014 1509 2214 1563 immo-

623 1600 754 1667 bile,
772 1600 925 1671 quod
942 1599 1282 1655 exsistentize
1302 1616 1414 1655 suae
1430 1615 1653 1656 causam
1675 1614 1789 1654 non
1813 1598 1983 1654 habet
2006 1614 2215 1654 rerum-

622 1709 730 1764 que
756 1709 879 1764 qua:
910 1700 1042 1748 sunt
1068 1693 1316 1748 omnium
1348 1709 1516 1749 causa
1538 1700 1643 1749 est.
1681 1692 1968 1760 Quomodo
2020 1692 2212 1764 igitur,

622 1782 860 1838 fortasse
891 1782 1099 1853 aliquis
1158 1783 1551 1856 interrogabit,
1593 1784 1942 1840 admirabilis
1985 1784 2077 1839 hic
2111 1783 2211 1839 do—

620 1883 744 1930 ctor
779 1885 1043 1945 tanquam
1073 1875 1279 1931 mobile
1318 1876 1628 1933 introducit
1658 1879 1832 1933 Deum
1890 1877 1948 1931 in
2000 1892 2215 1948 praepo-

622 1967 788 2022 sitis?
813 1966 917 2022 Cui
950 1967 1423 2037 respondebimus
1446 1969 1598 2039 quod
1624 1980 1855 2025 noverat
1885 1971 2078 2040 procul
2107 1970 2214 2023 du-

622 2059 756 2114 bio:
797 2059 959 2114 Ratio
1010 2060 1280 2131 cujusque
1322 2062 1459 2116 artis
1505 2077 1865 2127 conservans,
1910 2062 2215 2117 immobilis

624 2152 854 2208 omnino
880 2151 949 2206 ad
974 2166 1036 2206 se
1066 2167 1318 2217 manens,
1360 2163 1421 2208 ut
1452 2156 1709 2226 exemplo
1738 2168 1884 2220 utar,
1940 2172 2064 2211 cum
2116 2170 2215 2225 per

626 2243 876 2314 singulas
937 2244 1149 2300 formas
1193 2258 1390 2300 eorum
1436 2261 1560 2315 quae
1618 2245 1686 2300 ad
1734 2246 1989 2302 eamdem
2038 2256 2210 2301 artem

624 2336 915 2407 pertinent
968 2334 1269 2402 formatur,
1302 2336 1517 2392 moveri
1549 2336 1759 2392 dicitur
1800 2338 2009 2408 potius,
2065 2337 2215 2408 quod

628 2428 939 2483 secundum
977 2443 1039 2483 se
1069 2437 1260 2484 movet
1307 2428 1361 2483 id
1404 2427 1556 2499 quod
1611 2437 1730 2483 arte
1753 2428 2011 2494 efﬁcitur,
2047 2444 2214 2499 quam

624 2519 777 2589 quod
809 2520 1087 2575 movendo
1119 2528 1402 2591 appareat,
1422 2520 1536 2585 vel,
1558 2528 1620 2575 ut
1648 2520 1743 2575 lux
1772 2537 1894 2593 qua:
1916 2520 1985 2576 ad
2017 2521 2214 2577 viden-

623 2610 760 2665 dum
815 2620 1002 2666 movet
1042 2612 1224 2666 visum
1265 2612 1474 2669 dicitur
1523 2615 1762 2681 moveri,
1812 2630 1938 2669 cum
1986 2628 2217 2670 movens

611 2704 808 2761 omnis
828 2703 985 2760 visus
1016 2705 1256 2776 proprie
1300 2721 1470 2762 causa
1505 2707 1579 2763 sit
1626 2708 1804 2779 magis
1853 2687 2021 2778 quam
2065 2705 2215 2778 quod

625 2805 912 2863 movetur,
945 2798 1023 2852 ita
1056 2807 1115 2853 ct
1140 2798 1396 2854 divinum
1423 2801 1586 2871 plane
1608 2801 1890 2856 immobile
1943 2801 2216 2859 exsistens

620 2902 737 2958 pro
759 2889 1010 2945 essentia
1034 2904 1131 2944 sua
1178 2899 1347 2961 atque
1382 2899 1604 2955 natura,
1627 2900 1819 2964 utpote
1854 2893 2136 2950 inﬁnitum
2158 2902 2217 2950 et

618 2992 739 3033 non
771 2978 1037 3035 affectum
1086 2987 1144 3034 et
1202 2981 1649 3048 interminatum,
1696 2991 1959 3053 tanquam
2012 2984 2216 3055 aliquis

623 3070 852 3126 conscia
880 3072 1024 3127 ratio
1045 3087 1237 3128 rerum
1267 3089 1389 3144 quae
1418 3084 1548 3130 sunt
1588 3077 1862 3132 essentias
1894 3077 2216 3134 inhabitans

627 3159 843 3216 moveri
866 3160 1099 3229 dicitur,
1137 3164 1501 3233 providenter
1554 3181 1747 3221 eorum
1796 3184 1922 3239 qtue
1945 3177 2077 3225 sunt
2122 3185 2213 3226 se-

627 3252 874 3309 cundum
909 3268 1068 3309 suam
1114 3258 1556 3328 unumquodque
1586 3274 1696 3329 qua
1726 3270 2014 3316 moveatur
2041 3261 2215 3318 ratio-

624 3362 757 3405 nem
781 3347 1084 3415 movendo,
1113 3357 1268 3415 et,ut
1297 3365 1484 3415 causa,
1511 3367 1855 3422 quaecunque
1881 3352 1949 3408 de
1968 3353 2038 3409 iis
2080 3370 2219 3425 quo-

628 3455 754 3495 rum
785 3449 867 3496 est
899 3455 1067 3496 causa
1093 3440 1494 3511 praedicantur,
1517 3441 1636 3497 sine
1653 3442 1853 3498 aﬁ‘ectu
1878 3443 2214 3515 recipiendo.

627 3531 788 3600 Quod
810 3532 1321 3588 commendandum
1352 3534 1625 3605 suscipiet
1647 3538 1743 3606 qui
1767 3535 1823 3590 in
1845 3534 1935 3592 his
1960 3553 2216 3608 quaeren-

630 3627 714 3682 dis
736 3625 985 3680 studium
1018 3625 1209 3696 posuit
1237 3625 1466 3683 divinus
1511 3637 1570 3683 et
1600 3643 1831 3699 magnus
1892 3637 2050 3685 vates
2091 3646 2219 3685 san-

625 3726 754 3774 ctus
774 3719 1082 3792 Dionysius
1108 3719 1465 3791 Areopagita,
1497 3719 1591 3776 ubi
1628 3722 1741 3778 ait:
1779 3742 1795 3774 ι
1818 3722 1964 3791 Quid
1994 3723 2218 3779 tandem

626 3812 874 3884 theologi
913 3811 1227 3884 signiﬁcare
1252 3813 1470 3879 volunt,
1503 3830 1632 3869 cum
1664 3814 1917 3871 divinum
1973 3813 2217 3882 Numen,

625 3921 781 3960 nunc
819 3920 1090 3970 amorem,
1118 3920 1271 3959 nunc
1296 3905 1653 3971 charitatem,
1704 3923 1854 3962 nunc
1902 3908 2141 3964 amabile
2163 3916 2220 3963 et

628 3996 861 4050 charum
890 3996 1133 4050 vocant?
1157 4014 1175 4047 ι
1208 3995 1586 4061 ρυωειίοιιεω
1611 3995 1851 4052 absolvit
1882 3998 1971 4053 bis
1994 3998 2217 4055 verbis:

634 4107 652 4139 ι
687 4086 846 4154 Quod
885 4087 979 4142 hic
1016 4095 1296 4153 movetur,
1337 4087 1453 4143 illic
1502 4098 1731 4155 movet;
1763 4107 1781 4141 ι
1819 4098 1986 4161 atque
2017 4098 2081 4146 ut
2128 4092 2217 4147 lu-

624 4180 909 4235 culentius
937 4179 1148 4235 dicam:
1184 4179 1344 4234 Nunc
1395 4194 1551 4235 amor
1601 4179 1855 4236 divinum
1905 4189 1993 4238 est
2052 4190 2219 4253 atque

630 4272 877 4327 eharitas
900 4278 957 4327 et
972 4278 1247 4338 movetur,
1266 4287 1418 4328 nunc
1435 4271 1672 4327 amabile
1692 4280 1778 4330 est
1797 4282 1854 4329 et
1874 4273 2128 4341 charum,
2162 4283 2220 4330 et

632 4375 817 4421 movet
837 4365 906 4420 ad
934 4381 994 4421 se
1021 4380 1364 4436 quaecunque
1395 4380 1643 4421 amorem
1676 4375 1845 4438 atque
1877 4368 2214 4424 charitatem

624 4458 889 4530 capiunt;
936 4466 993 4514 et
1031 4466 1094 4513 ut
1142 4474 1338 4514 rursus
1396 4459 1651 4530 apertius
1690 4458 1913 4515 dicam:
1965 4460 2220 4517 Movetur

2319 588 2470 644 ἕλκει
2498 589 2568 644 τά
2592 592 2893 663 κινούμενα
2915 592 3297 666 προνοητικῶς
3333 590 3413 656 ῶς
3452 592 3596 659 τέλος
3622 597 3703 650 καὶ
3740 602 3828 671 opt.

2317 679 2402 747 ζει
2437 680 2621 754 (203
2651 683 2739 755 ὁ).
2766 685 2828 739 Εἰ
2878 684 2934 740 δέ
2977 685 3086 739 πᾶν
3113 682 3437 755 κινούμενον
3465 687 3556 739 καὶ
3579 690 3769 758 γενητὴν
3784 694 3831 748 δι’

2317 774 2499 830 αἰτίαν
2520 774 2639 829 ἐστι
2660 794 2720 830 τε
2755 776 2851 831 καὶ
2882 778 3115 831 κινεῖται
3152 777 3251 830 καὶ
3273 775 3582 848 γεγένηται,
3609 782 3703 834 πᾶν
3726 782 3750 835 δ
3779 787 3832 856 μὴ

2315 866 2382 920 δι’
2418 867 2600 922 αἰτίαν
2636 869 2790 922 ἐστὶν
2833 868 2958 922 οὐδέ
3006 868 3238 940 ποιητόν
3289 868 3457 932 ἐστιν,
3509 868 3623 923 οὐδὲ
3667 876 3833 944 κινητὸν

2280 957 2582 1029 »δηλονότμ
2644 960 2721 1015 Οὐ
2771 960 2881 1033 γὰρ
2926 961 3165 1014 κινεῖται
3213 958 3277 1012 τδ
3312 959 3619 1014 παντάπασι
3660 962 3723 1032 μὴ
3749 963 3831 1034 {xcv

2247 1847 2292 1904 Β

2243 3211 2290 3273 C

2315 1049 2410 1103 τοῦ
2438 1046 2581 1131 εἰναι
2612 1052 2816 1105 αἰτίαν.
2844 1052 2909 1106 El.
2945 1051 3002 1106 δέ
3046 1052 3108 1105 τὸ
3140 1051 3384 1106 ἀναίτιον
3412 1050 3621 1116 πάντως
3651 1054 3733 1108 καὶ
3752 1056 3833 1109 ἀκί-

2316 1157 2499 1211 νητον,
2534 1142 2795 1217 ἀκίνητον
2822 1140 2932 1214 ἄρα
2963 1141 3024 1196 τὸ
3054 1142 3240 1207 Θεῐον,
3293 1141 3370 1206 ὡς
3412 1141 3505 1196 τοῦ
3542 1137 3672 1196 εἶναι
3712 1146 3829 1214 31136:-

2321 1233 2451 1303 μίαν
2483 1232 2608 1304 ἔχον
2662 1234 2868 1298 αἰτίαν,
2911 1234 3009 1288 καὶ
3039 1234 3263 1289 πάντων
3310 1233 3421 1288 τῶν
3463 1233 3628 1287 όντων
3647 1236 3829 1307 ὑπάρχον

2317 1323 2487 1378 αἰτία.
2548 1322 2672 1389 Πῶς
2701 1320 2814 1393 οὖν,
2861 1324 2996 1390 ἴσως
3047 1327 3163 1397 ἐρεῖ
3191 1343 3296 1390 τις,
3342 1326 3371 1379 ό
3411 1325 3701 1395 θαυμαστὸς
3727 1324 3830 1392 οὗτος

2316 1416 2641 1485 διδάσκαλος
2666 1416 2986 1489 κινούμενον
3015 1417 3229 1487 εἰσάγει
3269 1417 3330 1472 τὸ
3361 1419 3518 1471 Θεῖον
3550 1421 3607 1470 ὲν
3629 1422 3724 1482 τοῖς
3743 1437 3832 1486 πριιι-

2318 1508 2527 1563 τεθεῖσι
2554 1526 2569 1576 ;
2606 1509 2750 1581 Πρὸς
2788 1510 2849 1563 ὃν
2879 1509 3117 1582 ἐροῦμεν
3147 1510 3233 1564 ὅτι
3274 1511 3484 1574 παντὸς
3530 1512 3709 1581 μᾶλλον
3738 1514 3835 1584 ⁴ἰξδξι,

2317 1600 2377 1654 τό
2404 1613 2415 1628 ⁸
2462 1599 2732 1671 Έκάστης
2786 1600 2985 1671 τέχνης
3038 1602 3358 1666 συνεκτικὸς
3415 1602 3590 1671 λόγος,
3647 1604 3840 1675 ἀκίνητος

2322 1690 2502 1761 μένων
2552 1692 2909 1746 παντάπασιν
2960 1691 3045 1760 ἐφ’
3080 1692 3299 1757 ἐαυτὸν,
3356 1693 3446 1746 ἵνα
3500 1696 3837 1765 παραδείγματι

2318 1783 2641 1855 χρήσωμαι,
2697 1782 2820 1836 καθ’
2871 1782 3112 1837 ἕκαστον
3142 1780 3285 1849 εἶδος
3314 1784 3426 1839 τῶν
3466 1786 3569 1840 ὑπὸ
3592 1787 3681 1857 τὴν
3718 1788 3840 1859 αὐτὴν

2320 1876 2517 1947 τέχνην
2568 1875 2975 1948 μορφούμενος,
3029 1878 3303 1955 κινεῖσθαι
3356 1878 3577 1948 λέγεται
3618 1880 3686 1951 τῷ
3720 1887 3840 1935 κινεῖν

2325 1969 2529 2041 μᾶλλον
2563 1969 2688 2023 καθ’
2724 1969 2917 2026 ἐαυτὸν
2963 1971 3026 2026 τὸ
3060 1972 3490 2046 τεχνούμενονῆ
3525 1973 3601 2045 τῷ
3638 1976 3839 2029 κινεῖσθαι

2324 2062 2759 2134 προφαινόμενος
2781 2080 2796 2095 ’
2848 2063 2905 2135 ἦ,
2945 2064 3021 2130 ὡς
3065 2065 3184 2135 φῶς
3215 2066 3357 2137 πρὸς
3412 2067 3475 2119 τὸ
3507 2069 3634 2138 όρᾷν
3661 2068 3741 2139 τὴν
3758 2071 3839 2138 at“

2322 2152 2491 2207 κινῶν
2518 2151 2741 2221 λέγεται
2792 2153 3086 2220 κινεῖσθαι,
3123 2156 3410 2224 κινητικὸν
3451 2157 3684 2227 ὑπάρχον
3717 2158 3838 2226 irin-5

2321 2246 2500 2316 ὅψεως
2528 2245 2739 2318 κυρίως
2767 2247 2915 2320 ἥπερ
2945 2247 3188 2319 κινητὸν,
3216 2246 3367 2302 οὕτω
3404 2248 3504 2302 κα)⁸
3526 2249 3586 2302 τὸ
3606 2250 3739 2303 Θεῖον
3761 2252 3834 2303 ἀκί-

2321 2354 2484 2409 νητον
2514 2338 2692 2410 πάντη
2744 2341 2872 2392 κατ’
2914 2338 3105 2394 οὐσίαν
3153 2339 3252 2393 καὶ
3299 2338 3470 2409 φύσιν
3520 2340 3758 2412 ὑπάρχον,
3783 2341 3826 2403 é;

2321 2432 2553 2504 ἄπειρον
2581 2431 2679 2487 καὶ
2707 2431 2939 2504 ἄσχετον
2971 2432 3063 2488 καὶ
3091 2432 3371 2505 ἀόριστον,
3401 2434 3656 2499 οἱονείτις
3680 2438 3829 2503 ἐπισιτι-

2324 2524 2548 2596 μονικὸς
2616 2523 2777 2594 λόγος
2827 2526 3155 2598 ἐνυπάρχων
3197 2529 3322 2591 ταῖς
3357 2526 3474 2581 τῶν
3507 2527 3837 2589 ὅντων.οὑσξαις

2320 2615 2542 2685 λέγεται
2583 2614 2878 2681 κινεῖσθαι,
2914 2616 2993 2688 τῷ
3031 2619 3202 2671 κινεῖν
3261 2618 3639 2691 προνοητικῶς
3676 2617 3839 2671 ἕκαστον

2320 2707 2431 2764 τῶν
2459 2707 2633 2762 δντων
2663 2707 2787 2763 καθ’
2820 2707 2881 2764 ὃν
2924 2708 3205 2763 κινεῖσθαι
3236 2709 3458 2780 πέφυκε
3495 2709 3666 2779 λόγον,
3703 2708 3841 2772 καίὼς

2322 2800 2498 2855 αἴτιον
2535 2800 2717 2855 πάντα
2740 2799 2813 2855 τὰ
2851 2801 3314 2873 κατηγορούμενα
3343 2802 3496 2856 κατὰ
3528 2800 3633 2855 τῶν
3658 2794 3721 2854 ὧν
3741 2802 3840 2853 ἐστιν

2322 2896 2494 2951 αἴτιον
2520 2892 2746 2959 ἀπαθῶς
2780 2894 3196 2965 ἀναδεχόμενον.
3238 2894 3543 2949 Ἀνελεϊται
3576 2894 3715 2949 τοῦτο
3729 2892 3840 2965 ζητή-

2325 3003 2424 3050 σας
2468 2986 2498 3038 ό
2546 2985 2866 3057 θεοφάντωρ
2928 2987 3025 3039 καὶ
3084 2985 3265 3057 μέγας
3314 2986 3700 3058 Ἀρεοπαγίτης
3734 2984 3839 3052 άγιος

2323 3074 2606 3140 Διονύσιος
2639 3077 2699 3129 ἐν
2727 3069 2809 3140 οἷς
2846 3092 3001 3146 φησι·
3044 3096 3061 3128 ι
3087 3074 3154 3130 Τί
3194 3077 3398 3150 δήποτε
3438 3078 3503 3131 τὸ
3533 3078 3676 3132 Θεῖον
3704 3077 3745 3130 οἰ
3762 3075 3839 3128 θεο-

2322 3167 2475 3239 λόγοι
2513 3169 2646 3223 ποτὲ
2698 3169 2798 3240 μὲν
2854 3168 3057 3241 ἔρωτα,
3109 3169 3243 3223 ποτὲ
3289 3168 3348 3223 δὲ
3402 3171 3639 3241 ἀγάπην,
3670 3167 3774 3222 ποτὲ
3802 3166 3837 3217 δὲ

2321 3261 2555 3333 ἐραστδν
2603 3262 2699 3315 καὶ
2732 3262 3020 3332 ἀγαπητὸν
3065 3261 3446 3330 ἀποκαλοῦσις
3473 3283 3491 3315 ο
3546 3260 3839 3333 Συμπεραίνει

2319 3353 2412 3407 τὸν
2434 3350 2595 3422 λόγον
2618 3352 3094 3433 οὑτωσὶέράσκων·
3132 3373 3151 3406 ι
3166 3354 3402 3427 Ὄτιπερ
3426 3354 3505 3426 τῷ
3538 3354 3632 3425 μὲν
3651 3354 3837 3414 κινεῖται,

2318 3445 2398 3519 τῷ
2429 3447 2487 3501 δὲ
2508 3449 2685 3502 κινεῖ*
2721 3465 2740 3498 ι
2779 3446 2875 3501 καὶ
2909 3446 3243 3519 σαφέστερον
3275 3450 3477 3511 εἰπεῖν,
3522 3448 3604 3512 Ὠς
3637 3448 3721 3517 μὲν
3743 3445 3837 3515 ἔρως

2321 3540 2569 3613 ὑπάρχον
2597 3538 2785 3612 (2M
2813 3557 2845 3593 a
2868 3542 2888 3607 )
2916 3540 2976 3593 τὸ
3005 3540 3162 3593 Θείον
3198 3542 3295 3593 καὶ
3326 3542 3517 3611 ἀγάπη
3550 3542 3764 3602 κινεῖται,
3789 3535 3839 3597 ὡς

2320 3630 2380 3684 δὲ
2407 3630 2641 3701 ἐραστδν
2674 3631 2768 3683 καὶ
2794 3629 3081 3699 ἀγαπητὸν
3109 3633 3254 3683 κινεῖ
3276 3631 3417 3701 πρὸς
3444 3631 3602 3684 ἐαυτδ
3628 3629 3774 3683 πάντα
3794 3625 3840 3677 τά

2321 3720 2527 3794 ἔρωτος
2554 3720 2649 3775 καὶ
2676 3720 2899 3790 ἀγάπης
2933 3720 3195 3774 δεκτικάο
3247 3720 3341 3774 καὶ
3387 3721 3698 3793 τρανότερον
3732 3711 3841 3775 αὖθις

2323 3812 2512 3882 φάναισ
2547 3812 2795 3877 Κινεῖται
2832 3811 2934 3883 μὲν
2963 3810 3039 3875 ὡς
3074 3810 3258 3881 σχέσιν
3299 3811 3567 3882 ἐμποιοῦν
3606 3808 3838 3864 ἐνδιάθετον

2322 3903 2529 3974 ἔρωτος
2572 3902 2669 3956 καλΙ
2703 3902 2928 3972 ἀγάπης
2954 3902 3065 3963 τοῖς
3096 3899 3304 3954 τούτων
3341 3901 3629 3967 δεκτικοῖς,
3673 3894 3839 3953 xwis

2320 3992 2398 4057 ὡς
2443 3991 2693 4046 ἑλκτικὸν
2729 3990 2891 4061 φύσει
2928 3989 3029 4061 τῆς
3077 3987 3187 4043 τῶν
3235 3990 3322 4042 ἐπ’
3371 3991 3525 4062 αὐτῷ
3577 3987 3842 4058 κινουμένων

2277 4153 2292 4166 ο
2322 4083 2568 4155 ἐφέσεως
2593 4097 2606 4111 ⁸
2634 4082 2731 4136 καὶ
2767 4082 2953 4138 πάλινσ
2994 4083 3155 4136 Κινεῖ
3196 4081 3295 4135 καὶ
3326 4084 3583 4146 κινεῖται,
3616 4082 3683 4143 ὡς
3723 4075 3843 4166 διψῶν

2321 4175 2384 4228 τὸ
2418 4173 2699 4245 διψᾶσθαι,
2743 4172 2838 4227 καὶ
2866 4173 3011 4245 ἐρῶν
3054 4172 3117 4227 τὺ
3155 4172 3410 4245 ἐρᾶσθαι,
3451 4175 3548 4228 καὶ
3578 4169 3774 4241 ἀγαπῶν
3802 4165 3841 4217 τὸ

2322 4268 2666 4338 ἀγαπᾶσθαι.
2691 4265 2851 4320 Κατὰ
2873 4265 3066 4320 τοῦτον
3094 4266 3297 4339 τρόπον
3320 4266 3418 4319 καὶ
3439 4267 3468 4319 ό
3498 4266 3722 4336 θεόφρων
3743 4261 3843 4327 Γρη-

2322 4360 2510 4434 γόριός
2537 4374 2696 4432 φησυ
2733 4378 2753 4413 ί
2775 4359 2963 4423 Μονὰς
2989 4358 3084 4415 ἀπ’
3112 4359 3291 4431 ἀρχῆς
3324 4361 3408 4425 εἰς
3429 4360 3595 4414 δυάδα
3625 4355 3840 4426 κινηθεῖσα

2327 4452 2490 4527 μέχρι
2519 4449 2753 4525 Τριάδος
2800 4448 2953 4522 ἔστη.
2983 4468 3003 4503 ›
3061 4450 3310 4504 Κινεῖται
3347 4449 3460 4520 γὰρ
3498 4451 3555 4502 ἐν
3590 4446 3663 4518 τῷ
3693 4441 3840 4508 ταύτης

626 4548 763 4605 dum
798 4549 1060 4605 aﬁ'ectum
1094 4549 1302 4605 amoris
1323 4557 1381 4606 et
1433 4549 1727 4607 charitatis
1746 4551 1947 4608 inserit
1975 4553 2060 4608 eis
2092 4568 2216 4624 quae

2320 4544 2554 4616 δεκτικῷ
2597 4542 2698 4616 νῷ,
2751 4540 2865 4596 εἴτε
2921 4541 3221 4613 άγγελικῷ,
3272 4542 3385 4595 εῐτε
3443 4536 3760 4611 ἀνθρωπίνῳ,
3794 4530 3857 4614 δὴ·

628 4641 833 4698 horum
881 4642 1106 4713 capacia
1156 4651 1309 4710 sunt,
1370 4652 1557 4699 movet
1598 4643 1965 4727 contra.dum
2017 4656 2218 4702 natura

633 4735 862 4791 attrahit
910 4750 1106 4790 eorum
1163 4749 1288 4806 quae
1354 4734 1425 4791 ad
1490 4750 1553 4791 se
1607 4744 1940 4791 moveantur
2000 4736 2218 4808 appeti-

636 4840 787 4894 tum;
851 4838 910 4884 et
956 4843 1151 4883 rursus
1212 4847 1225 4882 :
1288 4828 1471 4885 Movet
1508 4838 1567 4886 et
1619 4836 1875 4884 movetur
1931 4829 2090 4900 quasi
2138 4828 2219 4887 si-

637 4924 781 4979 tiens
832 4921 999 4985 sitiri,
1045 4929 1103 4975 et
1141 4936 1333 4977 amans
1374 4921 1570 4989 amari,
1628 4932 1687 4978 et
1743 4921 1984 4993 diligens
2037 4920 2231 4995 diligi.‘

634 5013 750 5081 Qua
800 5011 1076 5068 sententia
1134 5011 1301 5066 etiam
1371 5011 1598 5068 divinus
1659 5011 1963 5083 Gregorius
2013 5010 2156 5067 dixit
2205 5029 2218 5066 :

617 5125 660 5158 ,ι
705 5104 900 5162 Unitas
949 5102 1228 5175 principio
1288 5103 1344 5157 in
1397 5102 1677 5157 binarium
1733 5110 1882 5159 mota
1934 5102 1991 5157 in
2030 5101 2220 5157 Trini-

635 5205 748 5252 tate
799 5197 1072 5252 constitit.
1125 5214 1143 5247 ι
1188 5195 1440 5252 Movetur
1483 5195 1633 5251 enim
1692 5195 1748 5250 in
1802 5202 1989 5251 mente
2046 5194 2224 5269 ipsius

638 5302 862 5359 capace,
887 5290 1003 5344 sive
1032 5288 1300 5359 angelica.
1334 5288 1451 5343 sive
1485 5288 1754 5353 humana,
1794 5302 1897 5358 per
1960 5287 2138 5357 ipsam
2167 5296 2225 5342 et

639 5380 696 5435 in
730 5381 847 5451 ipsa
876 5380 943 5435 de
977 5381 1093 5451 ipsa
1132 5380 1476 5451 inquirente,
1516 5389 1595 5445 et,
1636 5388 1699 5435 ut
1740 5378 2093 5434 manifestius
2134 5379 2223 5433 di-

2325 4636 2496 4707 αὐτῆς
2525 4634 2621 4691 καὶ
2647 4636 2705 4689 ἐν
2727 4635 2865 4706 αὐτῇ
2894 4633 2993 4698 τὰς
3024 4634 3154 4704 περὶ
3198 4632 3370 4704 αὐτῆς
3399 4632 3664 4698 ἐξετάσεις
3709 4638 3834 4680 ποιου-

2327 4729 2499 4802 μένῳ,
2532 4728 2628 4784 καὶ
2651 4727 2984 4799 σαφέστερον
3009 4728 3205 4794 εἰπεῖν,
3237 4726 3479 4779 διδάσκει
3515 4723 3666 4778 αὐτὸν
3701 4712 3835 4787 ἁμερί-

2325 4839 2468 4887 στως
2495 4823 2553 4876 ἐν
2581 4822 2648 4893 τῇ
2679 4819 2873 4894 πρώτῃ
2905 4819 3181 4891 προσδολῇ
3205 4817 3296 4872 τὸν
3331 4819 3461 4890 περὶ
3488 4814 3699 4888 μονάδος
3716 4809 3839 4875 λόγον.

2324 4915 2415 4970 ἵνα
2440 4915 2516 4987 μὴ
2553 4914 2820 4986 διαίρεσις
2841 4910 2919 4984 τῷ
2940 4911 3145 4983 πρώτῳ
3178 4911 3339 4982 αἰτίῳ
3360 4907 3671 4979 ἐπεισαχθῇ,
3700 4897 3840 4973 προδι-

2324 5006 2479 5072 δάςει
2504 5006 2560 5059 δὲ
2598 5004 2761 5060 αὐτὸν
2787 5004 2883 5058 καὶ
2921 5002 3020 5076 τὴν
3061 5002 3216 5057 θείαν
3245 5003 3340 5056 καὶ
3382 5002 3677 5074 ἀπόρρητον
3702 4991 3842 5047 τούτου

2323 5099 2660 5172 γονιμότητα
2679 5095 2959 5165 δέξασθαι,
2989 5095 3224 5165 λέγουσα
3259 5094 3534 5166 μυστικῶς
3559 5109 3615 5146 τε
3644 5088 3722 5144 καὶ
3746 5098 3842 5153 κρυ·

2325 5171 2465 5262 φίωξ
2512 5189 2661 5261 αὒτῷ
2722 5188 2797 5262 μὴ
2849 5189 2961 5243 δεῖν
2996 5188 3187 5257 ἄγονον
3231 5184 3370 5242 εῖναι
3413 5184 3624 5240 πώποτε
3678 5171 3843 5249 φρονεῖν

2322 5284 2483 5338 τοῦτο
2533 5283 2594 5337 τδ
2646 5282 2852 5352 ἀγαθὸν
2908 5280 3068 5350 λόγου
3111 5281 3207 5335 καὶ
3260 5280 3470 5349 σοφίας,
3509 5278 3541 5349 ἢ
3582 5263 3842 5344 ἁγιαστικῆς

2326 5376 2633 5447 δυνάμεως,
2672 5374 2976 5446 όμοουσίων
3019 5390 3079 5427 τε
3118 5374 3212 5427 καὶ
3239 5374 3627 5434 ἐνυποστάτων,
3676 5365 3748 5416 ἵνα
3789 5355 3840 5427 μὴ

639 5487 782 5539 cam,
834 5472 1060 5528 instruit
1104 5487 1227 5527 cam
1281 5471 1519 5528 indivise
1575 5471 1631 5525 in
1685 5471 1869 5541 primo
1912 5471 2125 5541 impetu
2154 5469 2216 5527 de

2334 5467 2590 5521 σύνθετον
2613 5468 2678 5520 ἐκ
2703 5465 2913 5520 τούτων
2936 5466 3223 5538 ὑποληφθῇ
3254 5465 3314 5518 τὸ
3344 5464 3497 5517 Θείον
3524 5461 3595 5524 ὼς
3623 5449 3841 5525 cup-655V

642 5564 877 5620 unitatis
916 5564 1158 5629 ratione,
1209 5580 1279 5620 ne
1315 5563 1602 5633 separatio
1643 5563 1838 5632 prima:
1888 5578 2072 5618 causa:
2135 5563 2222 5617 in-

2329 5561 2524 5625 κότων,
2553 5559 2642 5613 καί
2672 5559 2792 5629 οὐχὶ
2821 5557 2996 5614 ταῦτα
3025 5559 3270 5629 ὑπάρχον
3303 5558 3389 5611 ἀεὶ
3422 5552 3681 5621 πιστευθῇ.
3706 5541 3839 5599 Κινεῖ-

641 5655 881 5713 feratur:
911 5657 1304 5726 impellitvero
1329 5629 1452 5710 eam
1495 5654 1563 5709 ad
1616 5629 1993 5724 recipiendam
2053 5649 2216 5709 eliam

2332 5652 2459 5705 σθαι
2497 5650 2591 5704 οὖν
2624 5652 2657 5723 ᾗ
2690 5649 2896 5720 Θεότης
2951 5649 3167 5720 λέγεται
3223 5652 3298 5714 ὼς
3344 5649 3491 5702 αἰτία
3539 5646 3628 5715 τῆς
3657 5634 3757 5693 καθ’
3796 5629 3835 5681 δν

638 5745 885 5805 divinam
916 5757 1083 5819 atque
1127 5747 1566 5803 inenarrabilem
1622 5745 2045 5811 fecunditatem,
2096 5762 2217 5818 my-

2330 5743 2567 5813 ὑπάρχει
2610 5742 2813 5814 τρόπον
2851 5741 3173 5817 ἐξετάσεως.
3222 5741 3385 5794 Ἀνευ
3434 5739 3537 5810 γὰρ
3581 5725 3832 5799 ὲλλάμιίσωε

716 5842 828 5913 (Η)
860 5841 1084 5911 Dionys.
1108 5841 1379 5910 Areopag.
1409 5837 1485 5892 De
1526 5839 1716 5895 divinis
1745 5840 2059 5905 nominibus,
2248 5840 2302 5907 4,
2335 5837 2546 5912 μβϋὸ,
2575 5844 2710 5892 tom.
2739 5834 2920 5906 lOpp.
2951 5834 3037 5889 ed.
3073 5835 3208 5890 Ven.

2678 6054 2707 6073 Ι
