4012 6450
261 478 379 547 1261
451 424 464 434 -
1515 459 2037 526 AMBIGUORUM
2078 455 2369 530 LIBER.”
3376 453 3513 520 1253

258 559 550 648 δπιόἀλλειν
581 586 795 657 ϐεότητι
829 583 936 637 τῶν
976 579 1276 652 ἀμηχάνων
1316 574 1454 630 ἔστί.
1503 574 1735 642 Λέγεται
1766 570 1821 624 δὲ
1853 581 1869 623 1

2009 580 2065 619 ce
2126 573 2181 618 et
2222 560 2438 617 occulte
2476 558 2525 615 ei
2576 558 2935 629 persuadens
2984 558 3337 614 infecundum
3387 579 3519 621 con-

256 681 508 740 κινεῖσθαι
540 679 700 733 πάλιν
727 652 828 731 οιαὶ
858 675 951 729 διὰ
984 674 1085 743 τὴν
1114 669 1258 726 κατὰ
1297 669 1467 741 μέρος
1514 666 1823 737 φανέρωσιν

2009 655 2168 710 udum
2210 668 2496 723 nunquam
2545 668 2669 707 esse
2729 652 3093 708 hoc-bonum
3138 655 3414 712 sermonis
3461 670 3518 714 et

256 776 341 830 »τοῦ
369 775 493 846 περὶ
524 772 698 843 αὐτῆς
730 768 1062 839 τελεωτέρου
1106 765 1268 833 λόγου
1316 760 1461 816 κατὰ
1519 762 1617 832 τὴν
1667 758 1826 828 ἁγίαν

2009 747 2246 818 pientiae,
2286 746 2402 801 sive
2426 744 2727 816 potestatis
2748 744 3216 813 sanctiﬁcatorim,
3260 763 3519 803 eoessen-

256 838 484 940 Γρᾳφὴν,
523 864 632 918 ἀπὸ
654 838 763 916 ’τού
795 838 1018 930 Πατέρα
1046 856 1329 928 ὁμολογεῖν
1365 851 1693 923 ἀρχομένου,
1734 850 1829 904 καὶ

2009 840 2152 894 alium
2186 847 2244 895 et
2305 838 2727 894 subsistentiam
2791 838 3144 904 habentium,
3206 856 3276 895 ne
3324 856 3390 896 ex
3433 842 3523 897 his

257 928 433 1026 είς-τὸ,
466 958 594 1012 Υἰδν
628 928 1014 1027 συνομολογεῖν
1056 950 1231 1022 Πατρὶ
1277 946 1685 1019 προϐαίνοντος,
1736 944 1830 997 καὶ

2009 946 2200 1003 nquam
2224 932 2541 1002 congressis
2566 932 2938 1002 compositum
2976 946 3098 986 esse
3124 931 3377 987 divinum
3402 933 3521 988 Nu—

258 1053 424 1124 Ilarpl.
474 1053 570 1105 καὶ
627 1026 1324 1119 Υἱῷίσυμπαραδέχεσθαι
1366 1039 1427 1093 τὸ
1486 1038 1713 1107 Πνεῦμα
1769 1036 1832 1090 τὸ

2009 1041 2068 1081 en
2095 1034 2346 1095 putetur,
2383 1033 2439 1079 et
2485 1041 2595 1079 non
2644 1040 2868 1095 semper
2898 1026 3016 1080 lucc
3051 1041 3174 1079 esse
3233 1026 3515 1080 credatur.

262 1117 426 1215 ἅγιον,
456 1143 550 1196 καὶ
606 1117 1047 1211 συμπροσκυνεῖν
1091 1138 1110 1205 (
1135 1133 1298 1206 205I
1327 1132 1387 1204 b)
1426 1131 1553 1195 τοὺς
1582 1130 1833 1183 διδασκο-

2009 1118 2151 1172 ›νει·ἰ
2184 1117 2351 1188 igitur
2388 1117 2533 1171 Deus
2564 1118 2773 1173 dicitur
2803 1125 2865 1171 ut
2894 1134 3061 1173 causa
3106 1118 3434 1187 quaestionis
3460 1119 3527 1172 de

263 1209 448 1303 μένους
502 1209 789 1300 ἐνάγοντος
841 1229 1049 1301 Τριάδα
1100 1226 1313 1280 τελείαν
1379 1223 1569 1294 μονάδι
1633 1221 1833 1293 τελείᾳ,

2009 1209 2111 1264 odo
2147 1226 2257 1281 quo
2286 1210 2403 1281 ipse
2434 1210 2683 1266 exsistat.
2709 1210 2926 1266 Etenim
2957 1213 3075 1266 sine
3115 1212 3530 1267 illuminatione

258 1302 418 1396 ἤγουν
470 1326 600 1395 μίαν
645 1323 836 1376 οὐσίαν
887 1320 984 1376 καὶ⁹
1038 1319 1270 1391 θεότητα
1328 1317 1418 1371 καὶ
1468 1315 1697 1386 δύναμιν
1748 1315 1841 1367 καὶ

2009 1302 2176 1374 :gredi
2213 1303 2477 1359 deitatem
2506 1319 2795 1373 nunquam
2822 1305 3054 1373 poteris.
3083 1304 3299 1359 Rursus
3345 1314 3530 1377 autem

259 1416 533 1487 ἐνέργειαν
574 1417 632 1469 ὲν
664 1412 1267 1487 τρισὶνιύποστάσεσιν.

2011 1395 2165 1450 overi
2204 1394 2413 1450 dicitur
2433 1394 2599 1448 etiam
2636 1403 2867 1465 propter
2908 1395 3354 1450 vicissitudinem
3417 1411 3538 1450 ma-

259 1512 629 1571 nilestationis
656 1509 1014 1583 perfectioris
1058 1509 1205 1564 circa
1246 1509 1427 1577 ipsum
1491 1506 1725 1562 rationis
1770 1523 1867 1578 per
1931 1523 2145 1567 sacram
2184 1508 2550 1580 Scripturam,
2584 1524 2708 1579 quae
2750 1508 2970 1563 initium
3002 1508 3133 1563 facit
3157 1510 3377 1564 Patrem
3412 1524 3542 1581 pro-

261 1602 481 1675 ﬁtendo,
508 1616 565 1663 et
610 1605 864 1679 procedit
902 1606 961 1660 in
995 1602 1367 1675 proﬁtendum
1413 1619 1520 1657 una
1577 1618 1703 1658 cum
1742 1604 1903 1659 Patre
1953 1605 2175 1671 Filium,
2242 1615 2299 1660 et
2333 1605 2400 1661 ad
2446 1605 2837 1676 'reeipiendum
2882 1620 2991 1661 una
3018 1621 3144 1661 cum
3180 1608 3342 1662 Patre
3400 1607 3541 1662 Filio

260 1704 521 1775 Spiritum
569 1711 840 1767 sanctum,
896 1708 949 1755 et
986 1700 1055 1756 ad
1088 1700 1417 1755 Trinitatem
1472 1699 1772 1769 perfectam
1802 1698 2048 1770 perfecta
2077 1702 2312 1768 unitate,
2345 1702 2452 1758 hoc
2511 1711 2597 1757 cst
2624 1750 2627 1755 .
2655 1717 2820 1757 unam
2849 1702 3146 1757 essentiam
3180 1713 3237 1756 et
3271 1703 3535 1757 deitatem

258 1807 312 1853 ct
347 1791 673 1867 potestatem
719 1804 775 1851 et
811 1795 1086 1850 actionem
1116 1792 1173 1847 in
1217 1793 1397 1847 tribus
1451 1793 1780 1848 substantiis
1828 1795 2164 1864 conjunctim
2190 1805 2247 1850 et
2283 1811 2389 1849 una
2427 1795 2768 1850 venerandas
2823 1795 3047 1850 instruit
3093 1804 3257 1865 atque
3293 1796 3541 1851 deducit-

1872 1910 1942 1924 -ἠ-ι-

270 1976 377 2031 Ἐκ
402 1975 508 2029 τοῦ
530 1974 720 2029 αὐτοῦ
746 1975 956 2045 λόγου,
979 1976 1065 2042 εἰς
1087 1974 1174 2027 τό·
1205 1993 1222 2025 ι
1246 1960 1403 2027 Ἀλλδ
1422 1973 1652 2041 ἕτερον,
1673 1972 1853 2045 οἶμαι,

2010 1996 2045 2032 ,τ
2067 1980 2247 2034 eodem
2272 1995 2536 2043 sermone,
2568 1978 2625 2032 in
2659 1977 2828 2033 illud:
2864 1995 2881 2028 ι
2914 1976 3105 2031 Verum
3146 1975 3313 2040 aliud,
3352 1978 3406 2029 ni
3435 1977 3547 2046 fal-

332 2067 523 2121 θέλων
588 2066 687 2120 καὶ
732 2065 1021 2135 θέλησις,
1089 2064 1321 2136 γεννῶν
1367 2065 1465 2119 καὶ
1534 2066 1848 2135 γέννησις,

332 2159 531 2229 λέγων
564 2159 662 2212 καί
710 2161 915 2228 λόγος,
965 2160 1017 2211 εὶ
1050 2157 1137 2226 μὴ
1166 2159 1469 2227 μεθύομεν
1493 2173 1505 2184 ·
1563 2156 1636 2210 τὰ
1666 2159 1784 2227 μὲν
1822 2163 1855 2213 ό

334 2252 724 2321 κινούμενος,
778 2255 852 2305 τὰ
894 2250 963 2304 δὲ
1008 2246 1139 2304 οἷον
1183 2251 1221 2317 ἡ
1281 2250 1542 2318 κίνησις.
1602 2232 1856 2307 Ὀὔκουν

334 2343 644 2412 θελήσεως
695 2343 761 2397 τὸ
791 2342 1062 2408 θεληθὲν,
1102 2340 1247 2396 οὐδὲ
1288 2341 1355 2395 τὸ
1396 2342 1695 2411 γεννηθὲν
1723 2362 1859 2415 γεν-

335 2431 577 2499 νήσεως
619 2429 806 2501 (οὐδὲ
853 2429 964 2500 γὰρ
1002 2430 1210 2485 ἕπεται
1251 2430 1547 2501 πάντως),
1590 2435 1663 2487 οὐ
1698 2433 1764 2486 δὲ
1792 2434 1858 2491 τὸ

335 2518 647 2575 ἀκουσθέν
696 2518 1114 2588 ἐκφωνήσεως,
1170 2518 1334 2573 ἀλλὰ
1396 2519 1505 2574 τοῦ
1573 2520 1860 2589 θέλοντνος

338 2611 437 2665 καί
474 2611 580 2664 τοῦ
608 2610 941 2681 γεννῶντος
975 2612 1075 2695 nat
1128 2609 1236 2666 τοῦ
1269 2612 1576 2680 λέγοντος.
1632 2614 1710 2671 Τὰ
1753 2616 1861 2672 τοῦ

342 2702 491 2758 Θεοῦ
537 2701 606 2756 δὲ
646 2702 747 2756 καὶ
796 2703 952 2772 ὑπὲρ
986 2702 1184 2758 πάντα
1224 2703 1434 2770 ταῦτα,
1481 2699 1529 2772 ᾧ
1573 2706 1861 2776 γέννησίς

338 2796 512 2849 ἐστιν
541 2795 689 2861 ἴσως
720 2794 758 2863 ἠ
792 2793 898 2848 τοῦ
933 2792 1153 2865 γεννᾷν
1190 2795 1442 2864 θέλησις
1487 2797 1623 2868 (12).
1658 2818 1675 2849 ι

347 3018 490 3090 Πρὸς
531 3019 658 3083 τοὺς
713 3019 1028 3091 Ἀρειανοὺς
1074 3021 1254 3075 πάντα
1304 3020 1591 3086 κινοῦντας
1640 3021 1861 3091 τρόπον,

265 3111 415 3183 πρὸς
437 3110 496 3163 τὸ
520 3110 841 3163 εὐεπίϐατον
873 3110 1058 3176 αὐτοῖς
1090 3107 1349 3184 εἶναιτὴν
1383 3113 1525 3169 κατὰ
1555 3112 1650 3166 τοῦ
1684 3113 1863 3167 Μονο·

2030 2070 2134 2139 lor,
2156 2081 2233 2127 est
2268 2072 2468 2135 uolens,
2497 2071 2647 2126 aliud
2667 2070 2934 2135 voluntas,
2966 2069 3115 2124 aliud
3138 2071 3377 2140 gignens,
3403 2070 3549 2124 aliud

2028 2169 2321 2238 generatio,
2355 2166 2511 2221 aliud
2558 2166 2645 2237 qui
2692 2164 2950 2236 loquitur,
3004 2162 3152 2217 aliud
3208 2178 3403 2226 sermo,
3446 2163 3549 2215 nisi

2032 2256 2166 2327 forte
2192 2257 2462 2311 temulenti
2487 2258 2689 2310 simus:
2717 2257 2908 2309 horum
2952 2255 3092 2307 enim
3118 2252 3350 2307 alterum
3402 2262 3475 2306 est
3507 2254 3550 2306 is

2031 2351 2121 2421 qui
2156 2358 2344 2415 movet,
2383 2347 2613 2403 alterum
2655 2347 2798 2403 velut
2827 2358 2997 2400 motus
3016 2348 3147 2416 ipse.
3178 2332 3437 2415 Noniergo
3465 2362 3555 2399 ιιοο

2034 2437 2257 2493 luntatis
2274 2446 2349 2493 est
2390 2438 2632 2503 velitum,
2659 2453 2753 2491 nec
2771 2437 3130 2508 generationis
3159 2435 3298 2506 quod
3317 2436 3555 2505 genitum

2032 2538 2105 2585 est
2138 2530 2330 2600 {neque
2360 2529 2501 2585 enim
2548 2530 2642 2583 hoc
2682 2543 2899 2598 prorsus
2953 2525 3241 2598 sequitur),
3272 2530 3364 2580 hec
3410 2526 3558 2582 locu-

2033 2624 2190 2677 tionis
2228 2623 2367 2692 quod
2397 2623 2640 2677 auditum
2686 2629 2784 2689 est,
2815 2619 2906 2675 sed
2950 2618 3167 2675 uolentis
3193 2627 3241 2672 et
3292 2621 3554 2690 gignentia

2034 2724 2083 2769 et
2109 2714 2390 2791 loquentis.
2422 2716 2487 2770 At
2518 2730 2637 2786 qua:
2658 2715 2712 2769 in
2747 2713 2853 2768 Deo
2894 2713 3329 2779 considerantur,
3381 2729 3555 2784 supra

2035 2811 2145 2864 hwc
2167 2825 2372 2881 quoque
2405 2810 2587 2862 omnia
2642 2816 2787 2873 sunt,
2821 2814 3003 2877 utpote
3023 2808 3108 2861 cui
3134 2808 3413 2877 generatio
3439 2805 3554 2876 for-

2037 2911 2177 2958 tasse
2192 2904 2261 2957 sit
2291 2904 2409 2972 ipsa
2439 2901 2686 2973 gignendi
2706 2900 2973 2957 uoluntas.
2994 2919 3013 2952 ι

2036 3018 2120 3073 Ad
2149 3016 2385 3073 Arianos
2432 3016 2620 3072 omnia
2663 3015 3084 3087 perturbantes,
3119 3030 3230 3086 quo
3293 3012 3560 3087 Unigeni-

1969 3118 2088 3163 tum
2132 3107 2557 3178 blasphemandi
2606 3106 3084 3177 opportunitatem
3116 3106 3223 3162 sibi
3272 3106 3555 3162 facerent.

266 3201 469 3272 γενοῠς
503 3201 878 3273 βλασφημίαν,
903 3203 996 3256 καὶ
1023 3203 1284 3273 λέγοντας
1314 3204 1610 3276 θελήσεως,
1642 3205 1761 3260 ἀλλ’
1804 3209 1864 3261 ού

2009 3209 2137 3272 tque
2184 3199 2386 3255 Filium
2445 3199 2780 3264 voluntatis,
2822 3213 2936 3253 non
2976 3206 3165 3253 autem
3218 3196 3399 3254 Patris
3435 3213 3559 3254 esse

272 3293 495 3364 Πατρὸς
525 3293 653 3346 Υἱὸν
678 3288 820 3346 εἶναι
857 3292 948 3346 τὸν
977 3294 1239 3366 μονογενῆ
1291 3295 1440 3361 Υίδν,
1485 3295 1664 3351 ταῦτά
1704 3313 1867 3367 φησιν

2011 3293 2323 3365 nigenitum
2348 3292 2553 3348 Filium
2584 3298 2921 3357 statuentes,
2954 3291 3074 3347 hinc
3105 3291 3333 3362 sapiens
3364 3290 3563 3347 doctor

272 3387 306 3437 6
341 3384 501 3454 σοφὸς
524 3384 862 3450 διδάσκαλος,
893 3385 1204 3440 εὐδιάλυτον
1248 3383 1416 3442 οὖσαν
1443 3389 1656 3453 δεικνὺς
1684 3390 1868 3442 πᾶσαν

2012 3385 2130 3451 icit,
2168 3383 2331 3439 facile
2361 3398 2484 3439 esse
2517 3383 2918 3438 demonstrans
2964 3382 3095 3437 inde
3147 3382 3215 3437 ad
3251 3382 3562 3438 dissolven-

279 3474 461 3529 αὐτῶν
492 3476 743 3530 ἐντεῦθεν
774 3476 872 3548 τὴν
898 3479 1042 3534 κατὰ
1075 3478 1175 3548 τῆς
1212 3479 1477 3551 ἀληθείας
1504 3482 1776 3552 μηχανήν.
1810 3481 1869 3533 Εἰ

2013 3491 2106 3533 um
2136 3491 2300 3532 omne
2344 3476 2650 3530 artillcium
2704 3482 2901 3530 contra
2935 3475 3230 3530 veritatem
3264 3482 3562 3529 structum.

277 3567 395 3639 γὰρ
427 3568 529 3632 τὰς
546 3569 646 3637 τῆς
674 3568 853 3640 ψυχῆς
880 3569 1159 3641 δυνάμεις,
1188 3570 1255 3635 ἃς
1298 3571 1428 3636 ἴσως
1461 3572 1595 3642 φαίη
1618 3590 1703 3635 τις
1731 3567 1869 3626 εῖναι

2009 3570 2109 3626 iam
2157 3570 2203 3627 si
2231 3570 2433 3626 animas
2464 3569 2781 3634 facultates,
2812 3583 2952 3639 quas
2980 3569 3189 3638 aliquis
3240 3567 3448 3622 dixerit
3473 3584 3565 3623 es-

278 3660 757 3732 συμπληρωτικὰς
803 3662 904 3732 τῆς
945 3662 1132 3727 οὐσίας
1171 3664 1365 3735 αὐτῆς,
1433 3663 1696 3719 δύνασθαι
1775 3665 1869 3736 μὲν

2009 3664 2170 3719 entia;
2192 3663 2361 3733 hujus
2386 3660 2783 3732 completorias
2809 3676 2955 3725 esse,
2998 3659 3100 3715 has
3119 3659 3348 3731 quidem
3389 3660 3566 3727 inqua

276 3751 495 3816 ταύτας
543 3754 787 3824 ἐνεργεῖν
836 3753 1069 3825 λέγομεν
1116 3756 1175 3809 έν
1220 3749 1528 3828 ᾗσύνεισιν
1557 3757 1738 3828 οὐσίᾳ,
1801 3757 1869 3829 μὴ

2009 3756 2144 3810 imul
2196 3755 2392 3810 insunt
2434 3753 2683 3810 essentia
2726 3768 2891 3823 agere
2934 3760 3265 3816 statuamus,
3317 3751 3462 3807 haud
3490 3761 3571 3806 ta-

283 3843 478 3913 μέντοι
512 3843 606 3899 καὶ
642 3846 911 3900 κινεῖσθαι
944 3846 1161 3911 πάντως
1190 3848 1311 3901 κατ’
1347 3847 1630 3920 ἐνέργειαν
1675 3850 1869 3903 ἀποτε-

2009 3860 2106 3901 aen
2132 3845 2266 3900 item
2288 3844 2501 3899 moveri
2533 3859 2632 3914 per
2676 3843 2957 3898 actionem
2990 3842 3255 3898 ell‘ectum
3302 3848 3569 3912 praestan-

282 3935 630 4005 λεσματικὴν
687 3937 865 4007 χωρὶς
909 3935 1008 4006 τῆς
1068 3936 1162 3990 τοῦ
1232 3936 1477 4002 Θέλοντος
1548 3939 1880 4002 ὲπινεύσεως

283 4022 575 4077 δύνασθαι.
629 4025 694 4076 Εί
729 4025 786 4077 δὲ
827 4025 925 4079 καὶ
958 4024 1135 4097 δοθείη
1183 4025 1305 4079 καθ’
1352 4026 1609 4082 ὑπόθεσιν
1645 4028 1704 4081 τὸ
1752 4027 1881 4083 ἴδιον

289 4118 504 4170 ἐθέλειν
552 4118 720 4181 αὐτὰς
771 4118 1014 4189 ἐνεργεῖν
1062 4119 1126 4171 ἐκ
1163 4118 1262 4189 τῆς
1300 4121 1537 4190 φυσικῆς
1589 4122 1879 4191 κινήσεως,

288 4210 469 4281 χωρὶς
500 4212 601 4278 τῆς
632 4211 725 4263 τοῦ
755 4210 982 4276 ταύτας,
1025 4210 1091 4264 ἵν’
1128 4209 1301 4275 οὕτως
1332 4211 1495 4276 εἴπω,
1541 4214 1881 4283 κεκτημένου

288 4302 473 4373 ροπῆς
493 4301 659 4371 μηδὲν
677 4300 881 4370 ἰσχύειν
898 4302 1068 4374 αὐτὰς
1086 4302 1342 4368 καθάπαξ
1363 4302 1591 4357 ἁποτελε
1601 4306 1883 4375 σματικῶς

285 4395 540 4462 ἐνεργεῖν
586 4393 688 4461 τῆς
722 4392 857 4454 ἰδίας
883 4394 1079 4464 ὁρμῆς.
1114 4395 1188 4447 Ού
1215 4394 1324 4465 γὰρ
1354 4394 1643 4450 ἀκολουθεῖ
1666 4396 1885 4462 πάντως

281 4487 360 4556 στῇ
399 4484 626 4555 δυνάμει
661 4485 720 4538 τὸ
764 4485 947 4557 ἔργον,
992 4486 1068 4557 μὴ
1118 4486 1318 4558 ἐχούσῃ
1350 4487 1450 4558 τὴν
1504 4487 1599 4541 τοῦ
1658 4484 1719 4543 οὗ
1767 4491 1887 4544 ἐστι

279 4577 527 4647 δύναμις
568 4577 762 4650 ῥοπὴν,
807 4577 1269 4650 συνεισφέρονσαν
1313 4578 1450 4653 αὐτῇ
1491 4580 1554 4633 τὸ
1583 4581 1706 4635 κατ’
1729 4582 1887 4654 ἐνέρ-

1982 3946 2093 3994 tem
2122 3937 2230 3993 nisi
2262 3953 2363 4007 per
2383 3937 2627 3992 volentis
2656 3945 2856 3991 nutum
2889 3950 3076 4006 posse.
3103 3933 3159 3989 Si
3188 3942 3375 3990 autem
3400 3935 3568 3989 etiam

1982 4031 2213 4087 daretur
2273 4031 2378 4086 sub
2438 4029 2764 4086 conditione
2823 4028 3104 4099 privatum
3166 4034 3224 4081 et
3278 4025 3568 4096 proprium

1984 4124 2127 4179 velle
2165 4139 2262 4179 eas
2315 4139 2481 4195 agere
2540 4139 2608 4179 ex
2632 4122 2877 4178 naturali
2935 4128 3115 4186 motu,
3153 4130 3338 4175 tamen
3372 4129 3573 4188 praeter

1983 4218 2107 4286 ejus
2134 4216 2231 4285 qui
2284 4230 2381 4270 eas
2414 4214 2689 4285 possidet,
2746 4222 2811 4268 ut
2842 4213 2919 4268 ita
2959 4212 3141 4267 dicam
3164 4253 3178 4278 ,
3235 4211 3573 4266 libramento

1985 4307 2126 4361 nihil
2150 4321 2247 4362 eas
2282 4306 2359 4361 ita
2397 4316 2460 4360 ut
2494 4305 2800 4377 perlectam
2842 4304 3239 4359 administrent
3273 4302 3573 4357 efﬁcaciam

1986 4397 2199 4468 proprii
2240 4396 2485 4468 impetus
2520 4410 2706 4467 posse.
2737 4396 2928 4466 Neque
2954 4395 3103 4450 enim
3141 4394 3373 4449 omnino
3404 4393 3579 4446 facul-

1970 4498 2158 4552 tatem
2213 4489 2473 4560 sequitur
2503 4504 2671 4559 opus,
2722 4503 2846 4558 quae
2871 4487 2993 4558 ejus
3045 4487 3207 4558 cujus
3231 4494 3317 4540 est
3345 4485 3578 4540 facultas
3654 4514 3663 4527 ι

1989 4581 2326 4636 libramento
2362 4588 2539 4646 caret,
2573 4579 2724 4649 quod
2759 4578 2999 4638 activam
3030 4579 3086 4633 in
3138 4578 3286 4633 facto
3314 4591 3578 4631 consum-

278 4686 458 4740 γειαν
482 4671 541 4723 ὲν
569 4670 858 4741 πράγματι
897 4669 1070 4735 τέλος,
1112 4672 1234 4726 καθ’
1267 4673 1469 4745 ἑαυτὴν
1508 4673 1642 4747 οὔσῃ
1681 4677 1869 4730 ἀνυπο-

2009 4672 2291 4729 nationem
2314 4674 2368 4728 ei
2404 4672 2619 4738 alien-at,
2644 4673 2777 4728 dum
2818 4673 2937 4742 ipsa
2960 4686 3060 4741 per
3090 4686 3149 4726 se
3178 4677 3265 4724 est
3293 4669 3413 4725 sine
3448 4668 3581 4722 sub-

282 4764 483 4833 στάτῳ
509 4764 702 4834 (205
731 4781 764 4818 a
789 4767 825 4825 ).
862 4764 1057 4834 Μάτην
1082 4757 1194 4838 ’τὴν
1241 4765 1459 4837 θέλησιν
1499 4768 1884 4842 προεϐάλοντο,

1990 4765 2212 4822 stantia.
2238 4766 2464 4820 Frustra
2485 4767 2830 4821 voluntatem
2855 4770 3287 4834 proposuerunt,
3329 4776 3454 4831 qua:
3496 4759 3581 4813 ni-

288 4857 377 4925 μὴ
436 4854 600 4908 οὖσάν
645 4873 791 4920 τινος
835 4856 1284 4930 ἀποτελεστικὴν,
1350 4860 1520 4932 χωρὶς
1568 4860 1663 4914 τοῦ
1720 4862 1869 4935 αύτὴτ

2009 4857 2072 4912 ιίι
2113 4858 2333 4928 perlicit
2370 4867 2575 4928 praeter
2619 4872 2748 4919 eum
2780 4856 2876 4928 qui
2922 4855 3097 4926 ipsam
3131 4855 3302 4911 habet
3347 4863 3405 4910 et
3436 4853 3576 4908 vult.

283 4947 519 5016 ἔχοντός
546 4965 605 5000 τε
645 4948 741 5001 καὶ
772 4947 1040 5013 θέλοντος.
1071 4951 1180 5004 Καὶ
1213 4950 1372 5007 τοῦτό
1403 4954 1553 5006 ἐστιν
1587 4954 1614 5007 ὅ
1657 4968 1823 5025 φησιν
1862 4974 1869 5005 ι

2009 4952 2174 5021 itque
2197 4952 2307 5007 hoc
2361 4959 2448 5007 est
2488 4950 2637 5022 quod
2690 4950 2831 5006 dicit
2876 4950 3162 5022 magister.
3218 4948 3577 5017 Nequaquam

282 5037 639 5112 διδασκαλος.
689 5039 823 5093 Οὐδὲ
874 5039 985 5112 γὰρ
1033 5041 1225 5098 ἕπεται
1283 5044 1498 5110 πάντως
1544 5043 1787 5116 δηλονότι
1820 5049 1869 5117 τῇ

2009 5043 2161 5108 enim,
2194 5051 2270 5098 ut
2322 5052 2574 5114 apparet,
2604 5044 2951 5099 voluntatem
3001 5040 3258 5112 sequitur
3314 5038 3572 5104 velitum,

289 5127 524 5198 θελήσει
556 5130 618 5183 τὸ
647 5129 895 5202 Θεληθὲν,
942 5132 1039 5186 καὶ
1082 5137 1203 5199 ταῖς
1239 5135 1455 5200 λοιπαῖς
1500 5136 1767 5203 ὡσαύτως
1821 5140 1869 5194 τέ

2009 5149 2097 5189 sec
2113 5135 2286 5206 magis
2311 5135 2561 5205 reliquas
2583 5134 2822 5205 reliqua,
2844 5134 2967 5188 sine
2991 5134 3113 5205 ejus
3143 5130 3292 5202 quod
3324 5130 3412 5185 his
3440 5128 3579 5184 sub-

288 5221 490 5285 λοιπὰ,
524 5225 693 5294 χωρὶς
721 5224 819 5295 τῆς
846 5223 939 5279 τοῦ
974 5225 1202 5291 ταύταις
1241 5229 1607 5301 ὑποκειμένου
1638 5232 1695 5284 ὲν
1725 5225 1770 5300 ᾧ
1799 5248 1869 5287 κα

2009 5233 2161 5294 iacet,
2202 5228 2259 5282 in
2287 5212 2401 5297 quo
2422 5236 2481 5282 et
2509 5227 2724 5293 insunt,
2746 5227 3068 5282 collatione.
3100 5224 3262 5292 Quod
3294 5224 3342 5279 si
3379 5222 3449 5277 de
3477 5222 3570 5277 hu-

292 5314 418 5364 εἰσὶ
453 5314 830 5384 συνεισφορᾶς.
854 5315 917 5368 Ei
947 5315 1129 5371 τοίνυν
1150 5318 1215 5373 ἐκ
1247 5317 1356 5371 τῶν
1386 5319 1509 5373 καθ’
1542 5320 1690 5389 ἡμᾶς
1719 5334 1869 5390 παρα

2009 5318 2179 5374 manis
2208 5318 2443 5386 nostris,
2493 5332 2528 5373 ο
2558 5318 2673 5384 isti,
2715 5317 2985 5387 exemulis
3031 5317 3223 5372 divina
3268 5315 3580 5380 aestimatis,

289 5403 617 5474 δειγμάτων
654 5406 1021 5479 τεκμαίρεσθε
1060 5410 1127 5465 τὰ
1160 5409 1323 5475 θεῖα,
1377 5405 1422 5465 ὦ
1468 5404 1639 5477 οὗτοι,
1671 5411 1865 5478 δέξασθ

2009 5410 2203 5467 vestris
2239 5411 2436 5467 saltem
2498 5411 2638 5481 ipsis
2685 5409 3108 5473 conditionibus
3137 5407 3305 5465 innisi
3354 5422 3582 5465 necesse

289 5496 431 5559 ταῖς
479 5495 633 5566 ὑμῶν
674 5496 806 5567 γοῦν
850 5498 1034 5555 αὐτῶν
1079 5500 1422 5573 στοιχοῦντες
1464 5502 1866 5559 ductisductis

2009 5518 2122 5559 esse
2143 5503 2433 5560 conteedn'te
2472 5513 2533 5559 ut
2555 5519 2679 5574 quae
2706 5501 3013 5559 secundum
3046 5502 3294 5558 medium
3319 5499 3581 5556 all'ectum

293 5586 430 5658 ἅμα
459 5589 674 5654 πάντως
710 5586 848 5644 εἶναι
889 5591 958 5645 τὰ
986 5594 1130 5646 κατὰ
1157 5593 1256 5665 τὴν
1293 5594 1466 5665 μέσην
1505 5596 1694 5666 σχέσιν
1734 5595 1867 5667 ἀλλή

2009 5595 2115 5649 sive
2168 5595 2494 5651 relationem
2548 5611 2672 5652 sese
2723 5597 3066 5652 comitantur
3118 5594 3283 5650 simul
3321 5593 3453 5660 sint,
3483 5608 3582 5648 vo-

288 5684 428 5744 λοις
458 5681 708 5745 συνόντα,
741 5682 885 5750 λέγω
924 5682 988 5755 δὴ
1035 5685 1125 5738 τὸν
1177 5684 1397 5739 Θέλοντα
1425 5686 1522 5739 καὶ
1554 5685 1617 5739 τὸ
1651 5687 1869 5755 estnos»

2009 5689 2226 5753 lentem,
2258 5668 2506 5758 inquam,
2532 5702 2590 5745 et
2622 5690 2880 5754 velitum,
2918 5698 3279 5761 generantem
3316 5694 3372 5742 et
3410 5699 3580 5757 gene-

292 5773 407 5829 τδν
451 5774 728 5842 γεννῶντα
781 5776 871 5829 καὶ
915 5775 976 5829 τὸ
1003 5776 1286 5846 γεννηθὲν,
1344 5778 1487 5830 κατὰ
1539 5776 1638 5847 τὴν
1690 5780 1869 5850 σχέσιν

2009 5789 2204 5845 ratum,
2240 5797 2362 5852 qua:
2400 5783 2706 5838 secundum
2760 5784 3024 5838 affectum
3056 5782 3172 5838 sive
3236 5781 3570 5837 relationem

391 5910 499 5983 (12)
536 5911 687 5968 Idem
717 5912 842 5966 ibid.
874 5928 993 5983 cap.
1026 5912 1078 5979 6,
1116 5929 1170 5984 p.
1202 5913 1325 5981 527,
1362 5924 1492 5970 tom.
1522 5914 1541 5969 l
1575 5913 1714 5985 Opp.
1744 5916 1833 5972 ed.
1872 5915 2076 5973 Bened.
