4012 6366
597 387 617 447 1
631 385 735 448 263

1690 410 1721 427 -
1758 385 1830 447 ‘S.
1863 384 2156 447 MAXIMI
2195 384 2709 447 CONFESSORIS

3594 346 3597 353 ’
3704 390 3809 456 est

595 499 649 554 id
671 508 757 554 cst
788 500 1129 554 voluntatem
1166 505 1222 555 et
1241 502 1686 571 generationem,
1716 516 1774 557 se
1805 503 2043 558 invicem
2079 516 2176 558 co-

2285 504 2428 573 φημὶ
2477 504 2664 573 δὲτὴν
2711 503 2935 574 θέλησιν
2966 504 3060 558 καὶ
3121 504 3221 576 τὴν
3278 506 3550 577 γέννησιν,
3606 504 3812 579 ἀλλήλοις

594 593 881 647 mitantur.
915 591 1396 658 Quemadmodum
1434 596 1583 651 enim
1621 604 1777 650 extra
1813 594 2096 652 videntem
2121 603 2178 650 et

590 685 773 740 visum
808 698 918 739 non
963 694 1049 739 est
1108 684 1284 753 visus,
1317 702 1503 757 neque
1535 686 1799 758 COgitatio
1843 697 2000 751 extra
2023 687 2176 757 cogi-

593 786 805 833 tantem
840 787 899 833 et
928 778 1255 850 cogitatum,
1280 780 1356 834 ita
1406 794 1511 835 nec
1545 788 1698 833 extra
1729 787 2084 850 generantem
2123 786 2181 832 et

593 878 921 938 generatum
950 870 1259 939 generatio,
1292 885 1399 925 nec
1420 878 1579 925 extra
1626 870 1909 925 volentem
1937 879 1994 925 et
2038 871 2179 925 voli-

595 969 711 1013 tum
731 960 1009 1023 voluntas,
1032 958 1183 1027 quia,
1218 968 1279 1013 ut
1324 958 1769 1014 demonstratum
1794 967 1899 1026 est,
1942 975 2047 1015 nec
2078 974 2177 1014 vo-

593 1050 756 1105 litum
792 1049 1047 1119 sequitur
1100 1050 1444 1104 voluntatem
1478 1051 1599 1105 sine
1633 1052 1755 1122 ejus
1783 1050 1878 1121 qui
1909 1052 2030 1105 vult
2067 1050 2180 1105 col-

576 1143 824 1199 ‘latione.
861 1140 1019 1207 Quod
1049 1139 1095 1194 si
1131 1140 1299 1195 simul
1346 1149 1478 1196 sunt
1536 1142 1655 1197 haec
1699 1141 2010 1197 secundum
2042 1141 2180 1196 alle-

590 1246 765 1301 ctum,
792 1234 1097 1290 immobilis
1122 1234 1272 1289 enim
1324 1235 1621 1291 amborum
1661 1235 1916 1302 aﬂ‘ectus,
1943 1265 2014 1275 —-
2043 1249 2178 1289 con-

591 1328 941 1399 temporabat
974 1341 1107 1398 ergo
1129 1328 1422 1398 generanti
1452 1327 1626 1391 Patri,
1660 1326 1810 1382 Patri
1831 1326 1927 1398 qui
1959 1341 2180 1396 semper

588 1429 731 1487 erat,
768 1436 870 1492 per
893 1421 1309 1492 generationem
1339 1421 1504 1475 etiam
1528 1420 1834 1475 secundum
1880 1433 1976 1473 vos
2009 1433 2180 1489 gene-

590 1523 748 1569 ratus
820 1513 1014 1578 Filius,
1072 1529 1200 1568 cum
1252 1513 1399 1567 inter
1454 1512 1813 1582 semetipsum
1859 1520 1917 1566 et
1959 1511 2178 1567 Patrem

587 1608 941 1671 generantem
1015 1600 1169 1654 nullo
1235 1599 1401 1655 modo
1488 1599 1747 1655 admittat
1825 1600 2178 1656 intervallum

585 1691 1059 1762 temporis,neqne
1072 1690 1411 1761 estamplius
1454 1691 1757 1746 voluntatis
1784 1690 1955 1747 Filius
1977 1691 2173 1755 Filius,

585 1782 685 1837 sed
719 1781 899 1835 Patris
948 1780 1293 1852 generantia.
1330 1779 1512 1851 Atque
1552 1781 1691 1847 haec,
1728 1780 1930 1852 inquit,
1963 1797 2032 1838 ex
2073 1782 2177 1835 hu-

2282 597 2532 652 auv6v~.a.
2606 598 2692 662 Ὠς
2739 598 2848 670 γὰρ
2876 597 2974 652 τοῦ
3005 597 3244 671 ὁρῶντος
3292 599 3390 652 καὶ
3438 596 3534 651 τοῦ
3583 599 3819 669 ὁρωμένου

2280 690 2450 761 χωρὶς
2477 690 2579 744 οὐκ
2607 689 2755 744 ἐστιν
2805 691 3021 757 ὅρασις,
3052 688 3179 744 οὔτε
3220 689 3315 744 τοῦ
3336 689 3596 754 νοοῦντος
3630 690 3712 745 καὶ
3743 691 3818 747 τοῦ

2281 779 2574 851 νοουμένου
2604 781 2810 852 νόησις,
2843 781 3016 845 οὕτως
3044 781 3168 835 οὐδὲ
3195 781 3291 835 τοῦ
3322 781 3613 851 γεννῶντος
3639 785 3721 837 καὶ
3744 785 3819 841 τοῦ

2280 871 2622 943 γεννωμένου
2667 872 2943 943 γέννησις,
3000 873 3124 927 οὐδὲ
3178 872 3276 926 τοῦ
3331 873 3576 938 θέλοντος
3618 876 3704 929 καὶ
3748 876 3821 931 τοῦ

2283 963 2583 1034 θελομένου
2618 963 2859 1036 θέλησις,
2890 966 2973 1019 ὅτι
3010 966 3147 1036 μηδὲ
3174 965 3368 1020 ἕπεται
3398 965 3612 1037 θελήσει
3629 967 3684 1020 τὸ
3708 969 3824 1040 θελη-

2281 1053 2374 1107 θὲν
2397 1093 2413 1117 ,
2453 1054 2533 1118 ὡς
2558 1055 2795 1126 ἐδείχθη,
2826 1057 2999 1127 χωρὶς
3033 1056 3132 1127 τῆς
3175 1057 3273 1111 τοῦ
3311 1056 3557 1121 θέλοντος
3589 1074 3823 1130 συνεισφοι

2284 1146 2404 1215 ρᾶς.
2439 1146 2501 1199 Εἰ
2539 1146 2596 1200 δὲ
2637 1146 2749 1200 τῶν
2780 1146 2898 1218 ἅμα
2925 1145 3103 1202 ταῦτά
3147 1148 3269 1201 ἐστι
3322 1148 3467 1202 κατὰ
3508 1147 3607 1217 τὴν
3657 1151 3822 1219 σχέσιν,

2281 1237 2539 1308 ἀκίνητος
2560 1237 2669 1309 γὰρ
2695 1240 2728 1310 ἡ
2766 1236 2853 1292 ἐπ’
2881 1239 3089 1308 ἀμφοῖν
3137 1239 3344 1309 σχέσις,
3394 1240 3513 1311 ἅμα
3550 1236 3615 1313 ἦν
3646 1242 3738 1312 ἄρα
3770 1244 3825 1313 τῷ

2281 1326 2545 1395 γεννῶντι
2581 1328 2775 1399 Πατρὶ,
2806 1328 2893 1382 ἀεὶ
2917 1327 3032 1383 δντι
3065 1329 3266 1399 Πατρὶ,
3294 1329 3385 1383 διὰ
3417 1331 3733 1399 γεννήσεως,
3757 1333 3822 1385 καὶ

2282 1418 2408 1472 καθ’
2452 1420 2598 1489 ὑμᾶς
2651 1421 2679 1472 6
2717 1418 3061 1491 γεννώμενος
3092 1417 3239 1481 Υἱὸς,
3301 1417 3377 1488 μή
3429 1418 3825 1489 παραδεχόμενος

2281 1507 2405 1563 καθ’
2442 1508 2757 1579 οἱονδήποτε
2786 1507 2989 1580 τρόπον
3040 1507 3246 1579 μεταξὺ
3280 1506 3452 1563 αὐτοῦ
3492 1507 3587 1562 καὶ
3614 1507 3701 1561 τοῦ
3731 1526 3826 1576 γεν-

2283 1602 2485 1667 νῶντος
2530 1602 2750 1672 Πατρὸς
2808 1601 3169 1674 παρενθήκην
3216 1601 3437 1672 χρόνου,
3486 1600 3581 1654 καὶ
3638 1603 3725 1654 οὐκ
3769 1601 3828 1655 ἔτι

2282 1692 2558 1763 θελήσεὼς
2604 1695 2754 1747 ἐστιν
2788 1693 2917 1757 Υἱὸς
2964 1695 2993 1747 6
3031 1692 3179 1758 Υἱὸς,
3237 1692 3377 1747 ἀλλὰ
3416 1690 3515 1745 τοῦ
3577 1692 3828 1761 γεννῶντος

2283 1784 2522 1859 Πατρός.
2551 1784 2664 1838 Καὶ
2693 1783 2893 1850 ταῦτα,
2926 1785 3114 1856 φησὶν,
3136 1786 3200 1837 ἐκ
3225 1784 3337 1838 τῶν
3365 1783 3491 1837 καθ’
3523 1785 3664 1855 ἡμᾶς
3696 1801 3828 1855 παρι-

584 1873 763 1928 manis
804 1872 1012 1927 nostris
1039 1872 1189 1927 dicta
1221 1871 1334 1928 sint
1382 1874 1692 1945 exemplis;
1726 1883 1783 1930 at
1823 1891 1945 1946 quae
1982 1875 2040 1931 in
2064 1876 2180 1931 Deo

2285 1851 2600 1949 δειγμάτων
2635 1875 2895 1949 εἰρήσθω,
3018 1876 3077 1930 δὲ
3108 1875 3203 1931 τοῦ
3231 1874 3369 1930 Θεοῦ
3400 1876 3495 1929 καὶ
3525 1851 3660 1946 ῦττὲρ
3690 1851 3827 1932 πάντα

585 1964 1037 2029 considerantur,
1080 1979 1250 2035 supra
1274 1964 1392 2020 haec
1419 1980 1643 2036 quoque
1688 1966 1874 2022 omnia
1902 1976 2053 2032 sunt,
2080 1967 2176 2022 cui

586 2056 873 2127 generatio
899 2055 1136 2111 fortasse
1171 2064 1258 2112 est
1273 2056 1537 2127 gignendi
1558 2059 1837 2115 voluntas.
1871 2060 2177 2115 lndubium

584 2163 721 2202 vero
768 2148 822 2202 id
855 2148 1087 2203 adduxit
1118 2163 1218 2218 per
1250 2168 1269 2199 σ
1314 2149 1549 2206 fortasse
1584 2171 1603 2204 ι
1654 2152 2003 2215 adverbium,
2052 2168 2181 2224 pro-

584 2238 950 2317 ptereavquod
981 2238 1105 2293 Filii
1138 2254 1205 2293 ex
1245 2240 1411 2295 Patre
1458 2242 1747 2312 generatio
1781 2243 1952 2297 etiam
1985 2242 2181 2299 volun-

556 2340 757 2386 -tatem
794 2339 1040 2401 superat.
1071 2330 1264 2401 Neque
1292 2330 1444 2386 enim
1494 2341 1786 2402 separatur
1834 2335 2122 2390 voluntate
2148 2351 2179 2390 a

558 2427 751 2481 'Patre
802 2424 997 2489 Filius,
1059 2438 1242 2493 neque
1294 2424 1411 2479 ullo
1461 2425 1626 2481 modo
1684 2426 1868 2483 Patris
1919 2427 2181 2484 voluntas

585 2515 965 2587 cogitantibus
989 2514 1153 2569 nobis
1197 2513 1464 2585 anticipat
1493 2515 1721 2583 Filium,
1760 2516 1891 2587 quia
1946 2533 2051 2573 nec
2078 2518 2180 2573 Pa-

588 2614 675 2661 ter
708 2604 1072 2661 antecedebat
1090 2604 1314 2671 Filium,
1339 2620 1453 2660 non
1478 2606 1652 2677 magis
1664 2622 1831 2677 quam
1863 2607 2180 2663 intellectus

582 2705 717 2754 ante
749 2712 1063 2754 sermonem
1100 2712 1168 2752 ex
1198 2696 1466 2767 ipso,aut
1511 2697 1607 2753 lux
1630 2709 1759 2755 ante
1801 2699 2175 2770 splendorem.

583 2794 723 2849 Nam
746 2792 909 2849 simul
944 2791 1217 2845 habentes
1242 2790 1645 2845 exsistentiam
1700 2806 1871 2846 unam
1919 2792 2084 2847 Pater
2124 2800 2182 2848 et

464 2914 481 2925 ε
585 2885 684 2956 qui
705 2900 774 2940 ex
802 2899 870 2940 eo
898 2883 1019 2939 sine
1047 2881 1208 2938 initio
1237 2889 1535 2954 generatus
1557 2889 1642 2937 est
1664 2882 1864 2950 Filius,
1896 2892 1954 2939 et
1985 2883 2182 2939 volun-

585 2985 760 3031 tatem
816 2974 1029 3048 habent
1075 2973 1386 3045 simplicem
1447 2980 1615 3043 atque
1648 2974 2056 3045 individuam,
2118 2984 2181 3031 ut

563 3069 756 3143 etiam
781 3067 1082 3125 essentiam
1110 3082 1278 3124 unam
1309 3074 1367 3123 et
1400 3074 1680 3125 naturam.

2284 1969 2483 2038 ταῦτα,
2517 1964 2562 2039 ᾧ
2590 1968 2846 2042 γέννησις
2882 1969 3011 2034 ἴσως
3045 1969 3195 2023 ἐστὶν
3225 1971 3259 2042 ἡ
3290 1968 3387 2023 τοῦ
3413 1970 3606 2041 γεννᾷν
3634 1968 3823 2041 θέλησις.

2295 2066 2610 2140 Ἀμφέὸαλε
2655 2066 2714 2120 δὲ
2746 2066 2907 2121 τοῦτο
2952 2066 3041 2121 διὰ
3066 2065 3163 2121 τοῦ
3198 2085 3216 2119 ι
3249 2068 3413 2130 Ἴσως
3438 2084 3458 2117 ι
3499 2066 3825 2138 ὲπιῤῥήματος

2280 2156 2369 2210 διὰ
2426 2156 2489 2210 τὸ
2542 2157 2638 2210 καὶ
2682 2155 2826 2226 ὑπὲρ
2857 2153 3080 2224 θέλησιν
3110 2150 3388 2224 εἶναιτὴν
3431 2153 3498 2206 ἐκ
3542 2151 3632 2205 τοῦ
3658 2151 3823 2221 Πατρδς

2280 2244 2376 2300 τοῦ
2415 2244 2545 2299 Υῐοῦ
2600 2245 2878 2318 γέννησιν.
2932 2244 3008 2299 Οὐ
3043 2243 3154 2315 γὰρ
3209 2241 3507 2314 μεσάξεται
3556 2240 3747 2312 θελήσει
3779 2242 3819 2293 ἐκ

2281 2338 2376 2392 τοῦ
2408 2336 2593 2408 (2θ5
2620 2335 2918 2408 ornum
2960 2337 2989 2390 6
3011 2335 3168 2401 Υἱὸς,
3193 2335 3318 2389 οὐδὲ
3349 2331 3815 2406 προεπινοεῖταιπῦ

2284 2423 2416 2477 Υἱοῦ
2458 2423 2582 2479 καθ’
2625 2422 2808 2477 ὁτιοῦν
2842 2425 2877 2494 ἠ
2914 2422 3016 2492 ζτοῦ
3049 2423 3266 2495 Πατρδς
3309 2423 3552 2496 θέλησις,
3611 2423 3689 2478 ὃτι
3725 2421 3841 2493 μηέ

2283 2515 2538 2589 προῦπῆν
2573 2518 2601 2570 6
2627 2515 2819 2588 Πατὴρ
2848 2515 2943 2570 τοῦ
2971 2515 3127 2582 Υἱοῦ,
3170 2516 3363 2589 ὥσπερ
3409 2516 3533 2572 οὐδὲ
3565 2514 3683 2581 νοῦς
3704 2516 3817 2582 λόγου

2280 2609 2377 2663 τοῦ
2408 2609 2468 2674 ἐξ
2499 2608 2690 2674 αὑτοῦ,
2728 2608 2855 2663 οὔτε
2897 2608 3017 2679 φῶς
3066 2608 3162 2663 τοῦ
3213 2609 3670 2682 ἀπαυγάσματος.
3710 2607 3819 2677 "Age

2283 2699 2393 2771 γὰρ
2429 2699 2492 2753 τὸ
2523 2694 2664 2754 εἶναι
2698 2697 2914 2771 ἔχοντες
2943 2698 3038 2753 καὶ
3066 2698 3289 2771 θέλησιν
3331 2699 3467 2771 μίαν
3508 2699 3708 2770 ἔχουσιν
3736 2699 3818 2750 ὅτε

2283 2792 2475 2866 Πατὴρ
2523 2791 2619 2848 καὶ
2666 2794 2697 2846 6
2749 2791 2811 2858 ἐξ
2867 2791 3035 2847 αὑτοῦ
3077 2792 3334 2865 ἀνάρχως
3382 2792 3663 2864 γεννηθεὶς
3712 2789 3817 2851 Υἱὸς,

2282 2885 2466 2957 ἁπλῆν
2493 2901 2553 2939 τε
2590 2884 2689 2939 καὶ
2708 2882 3034 2956 ἀδιαίρετον,
3058 2884 3254 2956 ὥσπερ
3281 2878 3377 2939 οῦν
3410 2884 3508 2940 καὶ
3530 2882 3701 2938 οὐσίαν
3726 2879 3818 2952 μίαν

2283 2976 2381 3031 καὶ
2419 2975 2603 3047 φύσιν.

586 3249 675 3306 Ex
709 3248 889 3302 eodem
913 3264 1177 3315 sermone,
1209 3249 1265 3303 in
1298 3249 1476 3307 illud:
1521 3270 1540 3304 ι
1567 3251 1783 3324 Alioqui
1815 3254 1943 3325 quid
1990 3258 2174 3325 prohi-

2292 3252 2391 3307 Ἐκ
2433 3248 2542 3305 τοῦ
2585 3246 2775 3304 αὐτοῦ
2809 3246 3022 3317 λόγου,
3072 3245 3161 3313 εις
3193 3247 3284 3302 τόο
3324 3263 3343 3297 ι
3377 3243 3543 3300 Ἐπεὶ
3571 3244 3626 3298 τι
3650 3240 3815 3297 κωλύει

638 3342 1046 3413 .bet.quominus
1073 3344 1183 3413 ipse
1210 3360 1416 3415 quoque
1445 3344 1622 3400 allata
1646 3346 1745 3399 hac
1776 3349 2133 3418 prepositione
2158 3367 2176 3403 :

650 3432 825 3488 Pater
851 3434 1029 3503 maior
1052 3441 1248 3488 natura
1277 3441 1375 3499 est,
1393 3451 1455 3490 ac
1469 3435 1659 3489 deinde
1679 3447 1955 3508 assumpta
1979 3437 2175 3505 altera,

659 3525 875 3581 Natura
904 3535 1085 3581 autem
1121 3543 1235 3582 non
1255 3529 1472 3583 omnino
1501 3530 1698 3601 major,
1750 3546 1846 3584 nec
1885 3530 2076 3597 Pater,
2101 3532 2178 3587 ita

664 3628 929 3692 postrema
977 3618 1292 3675 concludam
1324 3621 1548 3693 :Hajus
1599 3625 1765 3694 igitur
1810 3626 2027 3680 omnino
2072 3641 2177 3679 non

661 3714 860 3784 majus,
894 3713 1004 3781 uel,
1028 3712 1203 3768 Pater
1227 3715 1442 3769 omnino
1475 3731 1580 3770 non
1600 3714 1810 3772 Pater?
1831 3737 1850 3769 ι

634 3824 798 3881 ~Cum
827 3824 896 3881 de
950 3840 1117 3882 causa
1149 3826 1415 3897 majorem
1455 3826 1596 3882 Filio
1641 3828 1886 3895 Patrem,
1934 3829 2065 3899 quia
2109 3844 2177 3885 ex

568 3919 754 3978 'Patre
778 3918 853 3974 sit
885 3917 1080 3982 Filius,
1102 3927 1159 3973 at
1183 3933 1298 3972 non
1324 3933 1392 3973 ex
1422 3919 1565 3974 Filio
1595 3919 1764 3975 Pater
1785 3920 2037 3986 exsistat,
2080 3921 2180 3977 do-

590 4018 717 4065 ctor
749 4009 1032 4082 sapienter
1088 4008 1369 4073 deﬁniret,
1433 4009 1624 4065 Ariani
1671 4009 1824 4080 quod
1872 4010 1944 4066 de
1980 4020 2180 4066 natura

589 4115 758 4157 causa
784 4099 856 4156 sit
885 4100 1270 4171 propositione
1313 4109 1601 4171 assumpta
1639 4101 1692 4156 ei
1738 4101 1978 4173 maligne
2030 4101 2181 4172 quod

592 4193 664 4248 de
719 4200 919 4247 natura
954 4193 1133 4264 majus
1166 4191 1240 4247 sit
1295 4193 1664 4262 collegerunt.
1701 4193 1883 4265 Atque
1940 4195 2180 4264 primum

575 4290 823 4340 strenue
854 4281 1003 4355 quod
1033 4281 1127 4337 isti
1150 4282 1367 4353 privata
1392 4283 1819 4343 ratiocinatione
1840 4284 2183 4356 collegerunt

593 4374 762 4431 diluit
789 4374 1020 4431 dicens:
1062 4373 1267 4429 «Haud
1320 4373 1438 4429 scio
1472 4388 1531 4429 se
1584 4374 1808 4446 ipsosne
1864 4374 2053 4446 potius
2111 4390 2181 4429 an

588 4484 689 4526 eos
720 4469 788 4523 ad
822 4483 964 4539 quos
983 4467 1235 4539 dirigunt
1258 4482 1575 4523 sermonem
1600 4468 1850 4539 captiosa
1876 4467 1984 4523 hac
2013 4483 2183 4538 argu-

534 4610 551 4625 ,
592 4548 940 4615 menta'tione
968 4556 1429 4613 circumveniant.
1458 4575 1477 4608 ι
1501 4556 1694 4627 Neque
1736 4557 1887 4612 enim
1916 4555 2184 4627 simplici-

595 4659 682 4705 ter
709 4663 1056 4719 qutectmque
1089 4646 1160 4702 de
1187 4646 1378 4719 aliquo
1438 4647 1726 4715 dicuntur,
1757 4639 1926 4703 etiam
1958 4647 2028 4702 de
2078 4648 2187 4702 isto

594 4741 855 4797 dicentur
875 4738 1028 4809 quod
1069 4739 1175 4809 ipsi
1205 4740 1496 4810 subiacet;
1527 4739 1627 4795 sed
1658 4748 1811 4810 patet
1859 4740 1931 4796 de
1963 4755 2097 4811 quo,
2130 4747 2189 4795 et

596 4846 852 4902 quaenam
877 4829 1157 4887 dicantur.
1209 4830 1485 4886 Nimirum
1525 4846 1872 4902 quaecunque
1919 4830 1989 4886 de
2014 4844 2187 4885 causa

598 4935 859 4995 tanquam
886 4938 1077 4990 causa,
1111 4923 1312 4995 inquit,
1367 4923 1650 4988 dicuntur,
1673 4939 1738 4979 ea
1782 4924 1950 4979 etiam
2004 4924 2075 4979 de
2118 4937 2188 4976 eo

596 5016 745 5088 quod
776 5015 845 5071 de
876 5023 1075 5070 natura
1106 5024 1191 5071 est
1223 5015 1502 5071 dicentur.
1539 5015 1729 5087 Neque
1759 5016 1909 5072 enim
1952 5015 2186 5070 rationis

597 5117 683 5164 est
719 5123 785 5162 ea
825 5123 950 5178 quae
977 5115 1039 5163 ut
1066 5109 1323 5179 exemplo
1352 5108 1462 5163 hoc
1492 5115 1638 5175 utar,
1691 5109 1761 5165 de
1799 5109 2050 5178 sapiente
2102 5106 2191 5161 vel

602 5217 733 5271 rege
758 5208 821 5254 ut
849 5202 1099 5270 sapiente
1132 5201 1222 5257 vel
1256 5210 1320 5257 ut
1347 5216 1476 5273 rege
1499 5201 1766 5257 dicuntur
1810 5202 1981 5257 etiam
2027 5198 2097 5253 de
2126 5213 2195 5253 eo

599 5294 753 5363 quod
774 5294 862 5349 his
883 5295 1131 5366 subjacet
1158 5296 1368 5363 dicere,
1396 5304 1460 5351 ut
1512 5297 1853 5364 hominibus,
1896 5302 1954 5352 et
1992 5301 2195 5366 praeter

602 5389 782 5460 legem
832 5389 1090 5444 essentia!
1135 5388 1466 5446 deﬁnitione
1513 5405 1709 5447 eorum
1740 5404 1869 5460 quae
1904 5387 2194 5456 subiacent

606 5492 717 5532 una
739 5479 1210 5548 comprehendere
1245 5493 1369 5549 quze
1391 5480 1461 5535 de
1495 5480 1770 5551 sapientia
1800 5483 1865 5533 nt
1894 5475 2193 5547 sapientia,

2351 3342 2505 3413 κάμὲ
2551 3340 2783 3409 ταύτην
2827 3340 3129 3408 πρότασιν
3174 3336 3591 3407 ποιησάμενον
3615 3334 3716 3401 τὴν
3735 3331 3812 3391 ὅτι,

2364 3436 2429 3489 '0
2460 3432 2664 3501 Πατὴρ
2705 3429 2921 3501 μείζων
2959 3428 3037 3499 τῇ
3086 3429 3293 3500 φύσει,
3348 3428 3557 3483 ἔπειτα
3596 3424 3811 3494 προσλα-

2352 3527 2537 3583 δόντα
2568 3524 2657 3589 τὸ,
2703 3524 2891 3578 Φύσει
2939 3522 3011 3576 δὲ
3059 3523 3133 3577 οὐ
3186 3521 3432 3589 πάντως
3463 3519 3674 3592 μεῖζον,
3712 3512 3813 3569 οὐδὲ

2349 3619 2576 3689 Πατὴρ,
2638 3613 3030 3687 συναγαγεῖν,
3095 3614 3168 3669 Τὸ
3219 3613 3433 3685 μεῖζον
3499 3615 3570 3668 οὐ
3631 3612 3815 3670 πάντως

2351 3709 2569 3783 μεῖζον,
2596 3707 2658 3778 ἢ,
2700 3706 2764 3761 Ὃ
2780 3706 2985 3777 Πατὴρ
3011 3708 3083 3762 οὐ
3108 3703 3599 3772 πάντως-’Πατήρς
3624 3721 3642 3754 ι

2365 3824 2697 3896 Ἐπειδήπερ
2737 3822 2961 3894 μείζονα
3007 3821 3087 3893 τῷ
3118 3821 3276 3893 αἰτίῳ
3319 3821 3420 3876 τοῦ
3466 3817 3594 3874 Υιοῦ
3624 3817 3704 3871 τὸν
3731 3814 3812 3868 lla-

2280 3917 2416 3990 τέρα
2446 3914 2630 3986 σοφῶς
2648 3917 2678 3969 6
2705 3914 3052 3979 διδάσκαλος,
3067 3914 3143 3978 ὡς
3170 3914 3235 3967 ὲκ
3257 3911 3354 3966 τοῦ
3376 3911 3586 3985 [ἰατρὸς
3602 3910 3732 3968 ὄντος
3748 3900 3812 3956 τοῦ

2282 4007 2437 4072 Υἱοῦ,
2474 4006 2591 4061 ἀλλ’
2621 4006 2723 4060 οὐκ
2755 4005 2821 4059 ὲκ
2843 4002 2941 4058 τοῦ
2972 4003 3107 4058 Υἷοῦ
3133 4003 3226 4057 τοῦ
3266 4003 3484 4075 Πατρδς
3515 4000 3811 4070 ὑπάρχοντος.

2281 4099 2591 4173 διωρίζετο,
2638 4097 3045 4170 προσλαϐόντες
3073 4099 3124 4151 οἱ
3176 4097 3450 4169 Ἄρειανοὶ
3471 4095 3587 4166 ,τὴν
3612 4096 3666 4145 τὸ
3688 4088 3812 4143 αῐτιον

2287 4193 2451 4266 φύσει
2483 4193 2755 4265 πρότασιν
2786 4190 3022 4261 συνῆγον
3062 4189 3215 4261 αὐτῷ
3247 4188 3572 4262 κακούργως
3614 4186 3669 4239 τὸ
3693 4180 3811 4250 φύσει

2287 4282 2493 4356 μεῖζον.
2535 4281 2765 4355 Πρῶτον
2801 4280 2900 4351 μὲν
2930 4274 3214 4335 ἐπιλύεταῖ
3247 4280 3514 4349 γενναίως
3534 4279 3593 4331 τὸ
3629 4270 3812 4344 παραλεο

2282 4375 2625 4447 λογισμένως
2655 4373 2749 4427 ὑπ’
2803 4372 2982 4427 αὐτῶν
3032 4368 3296 4443 συναχθὲν
3325 4372 3517 4427 εἰπών’
3564 4390 3582 4424 ι
3601 4368 3699 4422 Οὐκ
3729 4356 3809 4415 οἶδα

2287 4469 2516 4539 πότερον
2550 4465 2784 4530 ἑαυτοὺς
2811 4461 3293 4535 παραὶογίζσνται,
3337 4462 3371 4533 ἢ
3402 4463 3529 4525 τοὺς
3562 4458 3685 4531 πρὸς
3707 4448 3811 4512 οὓςδ

2287 4558 2464 4626 λόγος.
2494 4577 2512 4608 ι
2573 4557 2648 4611 Οὐ
2688 4555 2798 4627 γὰρ
2848 4552 3038 4618 ἁπλῶς
3087 4555 3188 4614 ὅσα
3244 4553 3388 4608 κατά
3440 4568 3582 4615 τινος
3629 4547 3807 4614 λέγεται

2293 4646 2471 4702 ταῦτα
2508 4647 2605 4701 καὶ
2638 4644 2782 4700 κατὰ
2810 4644 2903 4699 τοῦ
2939 4642 3308 4713 ἀποκειμένου
3334 4641 3510 4713 τούτῳ
3535 4636 3804 4711 ῥηθήσεται·

2294 4738 2433 4795 ἀλλὰ
2457 4738 2618 4809 δῆλον
2642 4737 2787 4792 κατὰ
2813 4737 2959 4802 τίνος
2988 4736 3085 4790 καὶ
3123 4735 3247 4788 τίνα
3279 4735 3426 4789 τοῦτ’
3463 4730 3622 4787 ἐστίν.
3655 4726 3716 4780 Οὐ
3736 4718 3802 4789 γᾶς

2292 4835 2393 4889 ὅσα
2420 4833 2564 4888 κατὰ
2595 4831 2691 4885 τοῦ
2720 4830 2898 4885 αἰτίου
2928 4830 3004 4894 ὡς
3040 4829 3240 4896 αἰτίου,
3267 4828 3424 4900 φησὶ,
3446 4826 3670 4894 λέγεται,
3688 4812 3809 4869 ταῦτα

2291 4926 2390 4981 καὶ
2429 4923 2577 4979 κατὰ
2600 4922 2695 4977 τοῦ
2731 4923 2891 4992 φύσει
2931 4922 3254 4994 ῥηθήσεται.
3298 4921 3412 4975 Οὐκ
3434 4919 3545 4974 ἔστι
3577 4916 3674 4986 γὰρ
3694 4909 3808 4974 λόγου

2292 5019 2361 5073 τὰ
2398 5012 2542 5073 κατά
2585 5030 2733 5081 τινος
2780 5016 2919 5087 φέρε
2979 5016 3153 5070 εἰπεῖν
3188 5015 3355 5086 σοφοῦ
3405 5015 3437 5086 ἢ
3493 5009 3726 5085 βασιλέως
3759 4998 3810 5057 ὡς

2295 5107 2464 5179 σοφοῦ
2500 5109 2533 5181 ἢ
2562 5107 2639 5171 ὡς
2670 5106 2937 5178 βασιλέως
2964 5106 3238 5176 λεγόμενα
3265 5106 3362 5161 καὶ
3386 5103 3523 5160 κατὰ
3547 5097 3632 5155 τοῦ
3650 5097 3811 5149 6mm-

2295 5200 2463 5271 μένου
2492 5198 2706 5262 τούτοις
2732 5197 2985 5270 ῥηθῆναι,
3007 5196 3084 5261 ὡς
3111 5196 3437 5269 ἀνθρώπων,
3464 5195 3553 5250 καὶ
3584 5194 3811 5258 συμπαρα-

2294 5290 2596 5364 λαμϐάνειν
2630 5290 2889 5361 ἁθέσμως
2917 5288 2996 5361 τῷ
3024 5290 3123 5360 τῆς
3153 5290 3345 5355 οὐσίας
3390 5290 3499 5361 ὅρῳ
3525 5285 3623 5338 τῶν
3643 5280 3810 5364 unoqu

2300 5357 2480 5457 μένων
2521 5383 2593 5437 τὰ
2625 5357 2896 5452 κατὰ-τῆς
2938 5357 3133 5452 σοφίας
3161 5381 3238 5446 ὡς
3271 5357 3484 5450 σοφίας,
3513 5376 3600 5431 καὶ
3626 5370 3685 5425 τὰ
3707 5357 3810 5457 καξᾶ

2301 5446 2402 5543 ίτῆς
2439 5472 2716 5544 βασιλείας
2741 5473 2817 5537 ὡς
2838 5446 3118 5543 βασιλείας
3138 5446 3428 5542 λεγόμενα,
3470 5446 3539 5524 τὰ
3560 5462 3700 5538 μηδὲν
3716 5446 3808 5507 καθ·

608 5547 959 5640 quaequede
1025 5585 1196 5642 regno
1247 5547 1308 5627 ut
1343 5586 1516 5644 regno
1555 5547 1840 5637 dicuntur,
1869 5570 1923 5625 id
1959 5575 2045 5624 est
2073 5580 2181 5636 qua

2303 5565 2428 5620 ό).ου
2458 5565 2535 5637 τῷ
2585 5565 2733 5636 λόγῳ
2765 5564 2867 5633 τῆς
2897 5564 3087 5629 οὐσίας
3120 5564 3312 5637 (206
3339 5564 3407 5635 a)
3434 5547 3807 5643 ἐπικοινωνοῦντα

610 5660 749 5717 nihil
777 5660 1005 5717 omnino
1041 5663 1458 5719 communicant
1481 5672 1611 5720 cum
1656 5664 1873 5718 ratione
1910 5656 2193 5721 essentiae,

2276 5656 2379 5720 ιὼς
2408 5631 2743 5721 συστατιδῶις
2775 5631 3042 5728 διαφορὰς
3082 5631 3251 5727 αῦτῆς
3271 5631 3396 5711 vacat
3423 5631 3806 5727 συμπληρωτικὰ(

683 5792 798 5866 (15)
829 5793 979 5850 Idem
1014 5795 1141 5850 ibid.
1174 5809 1294 5866 cap.
1323 5797 1411 5864 15,
1445 5815 1499 5870 p.
1535 5799 1664 5865 554,
1698 5804 1833 5852 tom.
1865 5796 1887 5852 Ι
1916 5795 2058 5867 Opp.
2084 5792 2219 5879 edit.
2257 5791 2463 5849 Bened.
