4012 6378
1460 265 1498 273 -ο
1505 254 1536 272 --ἰ
1548 249 1731 272 ..ἐκ-..ὅέῲῷ

242 377 387 447 1265
844 373 873 397 \

1483 370 2004 434 AMBIGUORUM
2042 367 2291 431 LIBER.

3329 315 3507 427 61266

237 489 345 545 τοῦ
375 489 496 543 κατ’
521 485 695 557 αὐτὴν
727 486 855 557 ὅρου
886 482 1361 556 παραλαμϐάνειν.
1398 480 1630 535 Ἔπειτα
1658 480 1829 551 σοφώ-

1945 487 1993 534 ιι
2031 475 2371 534 diﬂ‘erentias
2420 475 2594 545 ipsam
2638 472 3039 530 constituentes
3085 481 3141 529 et
3166 475 3512 546 complentes

239 600 406 655 τερον
445 578 762 652 συμπλέξας
816 577 1000 641 αὐτοῖς
1039 578 1103 630 ἐκ
1150 575 1250 647 τῆς
1301 572 1483 629 αὐτῶν
1510 573 1825 644 προτάσεως

1945 572 2051 643 ἠιιε
2074 569 2455 627 definitionem
2484 562 2798 622 admittere.
2834 567 3043 622 Deinde
3084 568 3393 638 sapientius
3414 570 3515 624 ad-

246 673 612 744 συλλογισμδν
662 668 982 742 περιτρέπει
1040 667 1241 730 αὐτοὺς
1269 665 1499 727 ἑαυτοῖς.
1560 663 1718 733 Ἔχει
1772 661 1828 714 δέ

242 765 464 830 οὕτως·
533 763 687 817 Ἐπεὶ
728 761 783 814 τί
835 759 1038 815 κωλύει
1099 758 1245 829 κάμὲ
1301 755 1507 826 ταύτην
1563 755 1829 825 πρότασιν

243 858 619 930 ποιησάμενον
655 844 761 925 τὴν
804 853 908 919 ὅτι,
955 852 1015 905 'O
1058 849 1249 921 Πατὴρ
1296 847 1498 920 μείζων
1536 849 1603 917 τῇ
1643 846 1825 914 φύσει,

243 952 443 1006 ἔπειτα
471 945 851 1021 προσλαϐόντα
879 944 962 1009 τδ,
998 942 1165 997 Φύσει
1197 942 1254 995 δὲ
1284 942 1347 996 οὐ
1391 940 1613 1001 πάντως
1645 934 1830 1009 μεῖζον

242 1045 369 1100 οὐδέ
417 1043 627 1115 Πατὴρ,
686 1037 938 1095 ἐντεῦθεν
994 1037 1344 1106 συναγαγεῖν,
1398 1034 1472 1089 Τὸ
1532 1030 1715 1105 μεῖζον
1769 1029 1829 1084 οὐ

242 1139 468 1199 πάντως
518 1134 725 1206 μεῖζον,
773 1132 832 1202 ἢ,
900 1130 960 1186 '0
1013 1130 1208 1200 Πατὴρ
1237 1130 1300 1182 οὐ
1338 1128 1560 1190 πάντως
1615 1124 1829 1196 [lat-6,9;

242 1228 395 1299 Πρὸς
425 1226 483 1279 δὲ
509 1224 571 1278 τὸ
602 1223 939 1295 σαφέστερον
974 1222 1106 1293 ἡμῖν
1151 1218 1406 1289 γενέσθαι
1443 1217 1540 1271 καὶ
1575 1231 1831 1269 συνεκτι-

241 1317 489 1387 κώτερον
536 1314 954 1386 διαγράφωμεν,
1008 1314 1056 1367 εί
1088 1312 1257 1378 δοκεῖ,
1302 1310 1545 1381 σχήματι
1576 1306 1637 1360 τὸ
1674 1305 1831 1376 λεγὸέ

245 1426 436 1480 μενον,
466 1410 532 1463 ἐκ
561 1408 661 1480 μὲν
687 1408 787 1479 τῆς
817 1407 927 1461 τῶν
953 1405 1211 1460 ἐναντίων
1239 1402 1640 1473 ἐπιχειρήσεως
1665 1399 1832 1470 ἀρχό-

246 1517 426 1571 μενοι,
454 1501 534 1566 είς
555 1500 612 1554 δὲ
642 1499 743 1571 τὴν
771 1496 867 1552 τοῦ
896 1498 1110 1569 Πατρδς
1133 1492 1543 1556 καταπαύοντες
1576 1491 1833 1545 διδασκα-

242 1594 389 1649 λίαν.
1146 1628 1155 1631 -

318 1684 592 1756 Πρότασις
655 1682 975 1755 Ἀρειανῶν,
1035 1681 1205 1753 ἡγουν
1273 1674 1646 1749 Εὐνομιανῶν·
1727 1675 1833 1727 «Et

242 1775 409 1847 φύσει
441 1777 613 1841 αἴτιος
641 1777 670 1828 6
704 1774 894 1846 Πατὴρ
926 1771 1022 1827 τοῦ
1051 1770 1206 1836 Υίοῦ,
1242 1770 1443 1841 μείζων
1485 1768 1543 1822 δὲ
1581 1771 1611 1822 6
1644 1767 1835 1837 Πατὴρ

238 1868 343 1922 τοῦ
379 1864 535 1933 Υίοῦ,
568 1866 769 1937 μείζων
790 1865 898 1934 ἄρα
930 1867 996 1936 τῇ
1022 1862 1183 1934 φύσει
1219 1864 1248 1915 6
1275 1861 1468 1932 Πατὴρ
1495 1858 1590 1914 τοῦ
1623 1858 1777 1913 Υίοῢ.
1808 1876 1829 1911 ι

254 1958 537 2021 Ἐπίλυσις
579 1956 674 2011 τοῦ
729 1957 889 2026 ἁγίου
926 1955 1139 2026 [ἰατρὸς
1178 1954 1336 2025 ἡμῶν
1402 1951 1710 2024 Γρηγορίου
1746 1949 1836 2005 διὰ

238 2052 348 2121 τῆς
371 2052 450 2114 είς
479 2049 681 2105 ἄτοπον
710 2049 1016 2119 ἀπαγωγῆς
1056 2044 1485 2117 περιτρέποντος
1516 2044 1642 2107 τοὺς
1676 2042 1836 2095 ἐναν-

238 2140 419 2204 τίους
444 2158 463 2192 ι
484 2141 547 2193 Et
565 2139 727 2209 φύσει
749 2138 953 2211 μείζων
980 2137 1103 2192 καθ’
1121 2138 1269 2208 ὑμᾶς
1289 2137 1318 2190 6
1341 2135 1535 2206 Πατὴρ
1560 2133 1656 2189 τοῦ
1680 2132 1832 2196 Υίοῠ,

237 2229 306 2282 τὺ
338 2230 396 2283 δέ
435 2231 596 2300 φύσει
628 2231 689 2284 οὐ
731 2231 952 2293 πάντως
989 2227 1252 2299 μείζωνῆ
1288 2225 1505 2296 Πατὴρ,
1560 2224 1624 2277 τὸ
1650 2224 1836 2294 μεῖζον

237 2318 359 2391 ἄρα
373 2318 434 2373 οὐ
454 2319 673 2383 πάντως
706 2318 914 2391 μεῖζον,
943 2317 977 2387 ἢ
997 2319 1026 2372 6
1048 2314 1240 2387 Πατὴρ
1256 2314 1319 2368 οὐ
1343 2313 1559 2375 πάντως
1576 2311 1785 2382 Πατήρ.
1811 2328 1830 2363 ι

318 2497 479 2554 Οὕτω
506 2499 931 2570 περιτρέπονται
959 2496 1074 2560 τοῖς
1116 2494 1341 2557 οἰκείοις
1382 2489 1689 2553 ἐαλωκότες
1724 2504 1825 2560 μησ

237 2592 564 2663 χανήμασιν
617 2591 665 2645 οί
721 2589 822 2660 τὴν
868 2586 1134 2659 ἀλήθειαν
1183 2585 1633 2654 ἀπαναινόμενοι,
1687 2581 1836 2638 κενοὶ

240 2686 425 2750 κενῶς
455 2685 558 2756 τῆς
595 2680 881 2747 εὐσεϐείας
925 2678 1362 2751 ἐκτιναχθέντες.
1410 2678 1539 2732 Ἐπὶ
1570 2676 1683 2748 γὰρ
1727 2677 1837 2731 τῶν

240 2776 510 2831 τοιούτων
553 2775 729 2844 λόγων
756 2773 826 2828 τὰ
867 2770 1319 2843 συμπεράσματα
1361 2767 1470 2822 τῶν
1516 2766 1836 2839 προτάσεών

239 2871 355 2923 είσι
385 2867 705 2933 συστατικὰ,
723 2865 835 2920 τῶν
856 2864 913 2919 δέ
935 2861 1429 2934 συμπερασμάτων
1457 2861 1511 2913 αἱ
1541 2858 1836 2932 προτάσεις

239 2957 587 3029 ὑπάρχουσιν
624 2954 923 3027 όριστικαὶ,
968 2950 1051 3016 οἷς
1081 2950 1571 3023 περιπεπτώκασιν
1608 2950 1673 3004 ἐκ
1704 2948 1835 3003 πολ-

237 3049 347 3120 λῆς
379 3047 623 3119 ἀμαθίας
656 3047 706 3100 οί
727 3046 953 3147 ἑαυτοὺς
982 3045 1225 3115 οἰόμενοι
1258 3041 1477 3113 σοφούς.

1926 662 2121 739 juncto
2152 660 2234 715 eis
2262 673 2330 714 ex
2359 657 2741 729 propositione
2768 657 3015 726 ipsorum
3040 658 3356 728 syllogismo
3410 674 3512 714 suo

1933 755 2181 825 ipsorum
2240 769 2337 810 eos
2383 753 2567 825 gladio
2599 753 2837 824 jugulat.
2871 752 3004 819 Quae
3050 752 3126 806 ita
3154 769 3231 808 se-
3265 753 3474 809 habent
3497 748 3533 807 ι’

1940 848 2192 936 «alioqui
2222 846 2355 917 quid
2382 844 2645 917 prohibet
2682 844 2980 915 quominus
3025 842 3141 914 ipse
3170 858 3390 913 quoque
3438 844 3516 898 al-

1932 934 2039 993 lata
2074 939 2177 993 hac
2208 935 2587 1009 propositione
2616 953 2628 989 :
2663 934 2827 990 Pater
2868 934 3045 1006 major
3077 942 3277 989 natura
3305 944 3410 1001 est,
3453 949 3519 989 ac

1933 1026 2133 1083 deinde
2167 1034 2449 1098 assumpta
2470 1027 2664 1092 altera,
2698 1024 2904 1081 Natura
2931 1033 3116 1081 autem
3150 1025 3378 1080 omnino
3406 1040 3518 1080 non

1934 1115 2127 1187 major,
2158 1130 2261 1171 nec
2277 1115 2473 1183 Pater;
2502 1115 2577 1169 ita
2611 1126 2892 1185 pOStremo
2944 1114 3309 1170 concludam:
3346 1115 3522 1187 Majus

1935 1207 2106 1276 ig-tur
2140 1207 2369 1262 omnino
2389 1222 2498 1262 non
2527 1208 2725 1279 majus,
2754 1207 2863 1273 vel,
2913 1207 3077 1262 Pater
3126 1208 3354 1263 omnino
3405 1223 3521 1263 non

1934 1297 2119 1352 Pater.
2145 1317 2164 1348 ι
2205 1298 2412 1354 Verum
2433 1312 2544 1368 quo
2568 1297 2744 1368 magis
2771 1297 2932 1353 nobis
2967 1296 3062 1353 ﬁat
3080 1298 3436 1369 perspicuum
3464 1306 3521 1354 et

1934 1398 2402 1455 consummatum,
2433 1404 2552 1461 age,
2584 1389 2640 1443 in
2675 1389 2990 1455 formulam,
3039 1390 3084 1444 si
3145 1390 3346 1460 placet,
3374 1390 3523 1446 redi-

1935 1497 2130 1554 gamus
2157 1481 2308 1553 quod
2365 1480 2590 1548 dicitur,
2634 1480 2703 1536 ab
2731 1481 3177 1538 adversariorum
3229 1482 3522 1539 conamine

1936 1573 2286 1643 incipientes,
2317 1580 2374 1628 et
2399 1573 2456 1627 in
2482 1571 2664 1627 Patris
2698 1572 3010 1628 doctrinam
3052 1571 3397 1630 desinentes.

2005 1663 2318 1735 Propositio
2345 1663 2698 1728 Arianorum,
2719 1663 2836 1720 sive
2860 1664 3364 1720 Eunomianorum:
3401 1684 3420 1716 ι
3455 1664 3511 1721 Si

1937 1755 2102 1810 Pater
2150 1763 2348 1813 natura
2384 1753 2510 1809 Filii
2563 1761 2855 1820 causaest,
2892 1763 2948 1809 et
2980 1755 3156 1825 major
3183 1755 3346 1811 Pater
3379 1755 3522 1811 Filio

1938 1854 2043 1911 est,
2077 1845 2331 1916 sequitur
2359 1854 2421 1901 ut
2446 1846 2612 1901 Pater
2642 1853 2841 1900 natura
2860 1845 3001 1900 Filio
3036 1846 3213 1915 major
3235 1847 3329 1902 sit.
3360 1868 3377 1900 ι
3416 1846 3521 1903 So-

1940 1937 2081 1991 lutio
2115 1936 2290 1992 sancti
2316 1937 2491 1992 nostri
2546 1936 2724 2006 patris
2769 1936 3021 2008 Gregorii
3075 1937 3144 1992 ad
3213 1938 3520 1993 absurdum

1937 2028 2268 2083 deducentis
2297 2039 2355 2083 et
2379 2027 3099 2085 confutantis'adversarios
3122 2030 3197 2085 ita
3230 2047 3245 2084 :
3286 2050 3302 2082 ι
3334 2029 3392 2086 Si
3424 2046 3522 2085 na-

1939 2127 2061 2175 tura
2092 2120 2398 2175 secundum
2434 2135 2531 2175 vos
2560 2120 2726 2175 Pater
2778 2121 2953 2192 major
2983 2129 3069 2176 est
3096 2121 3254 2189 Filio,
3296 2122 3353 2176 id
3385 2136 3520 2176 vero

1935 2213 2086 2284 quod
2111 2221 2308 2268 natura
2334 2220 2421 2267 est
2478 2227 2829 2283 nequaquam
2867 2214 3049 2284 majus
3081 2222 3166 2270 est
3195 2213 3381 2279 Patre,
3433 2229 3525 2269 se-

1936 2305 2130 2376 quitur
2161 2313 2221 2359 ut
2248 2304 2430 2375 majus
2461 2305 2690 2359 omnino
2717 2310 2831 2358 n‘on
2871 2305 2944 2360 sit
2976 2305 3172 2377 majus,
3206 2314 3304 2360 aut
3330 2314 3394 2360 ut
3420 2306 3523 2361 Pa-

1937 2404 2024 2453 ter
2050 2397 2279 2452 omnino
2306 2409 2418 2450 non
2466 2395 2632 2450 Pater
2654 2395 2746 2451 sit.
2787 2415 2805 2448 ι

2008 2487 2086 2543 Ita
2116 2485 2475 2542 confutantur
2519 2485 2635 2541 suis
2680 2485 2925 2555 ipsorum
2966 2485 3217 2541 artificiis
3244 2487 3391 2557 capti
3426 2502 3522 2543 ve-

1938 2580 2121 2636 ritatis
2149 2588 2522 2650 renegatores,
2573 2586 2628 2633 et
2672 2578 2828 2635 leves
2864 2578 3069 2649 pietate
3114 2578 3313 2633 leviter
3349 2595 3521 2635 excu-

1939 2673 2173 2737 tiuntur.
2204 2672 2282 2726 De
2311 2671 2517 2727 talibus
2560 2670 2709 2726 enim
2759 2670 2924 2726 dictis
2970 2671 3359 2726 conclusiones
3388 2686 3524 2725 con-

1938 2766 2176 2821 stituunt
2212 2762 2641 2835 propositiones,
2694 2762 3084 2818 conclusiones
3144 2770 3328 2819 autem
3382 2763 3521 2818 deti-

1937 2857 2099 2912 niunt
2122 2856 2550 2928 propositiones,
2569 2856 2773 2926 quibus
2802 2871 2861 2911 se
2885 2855 3304 2927 indueruntpro
3328 2872 3523 2928 magna

1938 2962 2037 3002 sua
2066 2944 2378 3018 ignorantia
2413 2944 2615 3016 illi~qui
2647 2943 2756 3001 sibi
2792 2944 3234 3021 sapientesipsis
3262 2943 3529 2999 videntur.

1939 3052 2079 3094 esse.

1862 3186 1934 3205 -ιι-

249 3284 273 3318 s
314 3267 512 3321 Ἔστω
564 3267 634 3322 δὲ
658 3268 759 3322 καί
791 3268 1112 3339 ἐνεργείας,
1151 3273 1205 3329 ει
1255 3270 1437 3338 δοκεῖ,
1472 3269 1616 3325 οὐδὲ
1645 3270 1831 3336 οὕτως

1949 3288 1968 3323 ι
2004 3268 2083 3325 Sit
2119 3268 2279 3322 etiam
2307 3267 2549 3330 actionis,
2583 3264 2629 3320 si
2657 3267 2734 3319 ita
2778 3265 3006 3330 videmr,
3058 3280 3151 3318 nec
3182 3265 3257 3317 sic
3312 3261 3524 3334 quidem

242 3422 246 3426 Α
318 3356 480 3426 ἡμᾶς
500 3358 801 3428 αἱρήσετε.
854 3361 1007 3415 Αὐτὸ
1052 3361 1123 3415 δὲ
1174 3361 1351 3416 τοῦτο
1375 3362 1729 3431 ἐνηργηκὼς
1756 3361 1836 3417 ἂν

315 3450 413 3514 ειη
441 3448 509 3502 τὸ
556 3450 905 3520 ὀμοούσιον,
940 3452 1124 3506 simul
1158 3451 1381 3518 ἄτοπος
1400 3450 1605 3517 ἄλλως
1650 3452 1688 3520 ἠ
1723 3451 1834 3520 τῆς

318 3539 454 3608 περὶ
470 3540 645 3596 τοῦτο
666 3541 971 3614 ἐνεργείας
994 3544 1307 3613 ὑπόληψις
1347 3542 1482 3615 (14).
1521 3561 1541 3596 ›

331 3735 552 3806 Ἐπειδὴ
589 3735 641 3789 οἱ
658 3733 757 3807 τὴν
786 3733 1040 3805 γλῶσσαν
1066 3735 1198 3789 ὡσεὶ
1229 3734 1390 3806 ξυρὸν
1411 3734 1553 3788 κατὰ
1572 3734 1671 3804 τῆς
1702 3733 1834 3804 ἀλη-

241 3826 399 3890 θείας
434 3826 785 3898 ἡκονημένην
821 3824 1037 3898 ἔχοντες
1070 3825 1257 3896 ἔλεγον
1291 3825 1458 3896 δῆθεν
1492 3824 1827 3895 ἐρωτῶντες·

254 3917 319 3972 '0
341 3919 536 3989 Πατὴρ
551 3918 740 3983 οὐσίας
762 3918 931 3986 ἐστὶν,
956 3918 990 3989 ἢ
1027 3918 1313 3989 ἐνεργείας
1336 3917 1509 3988 ὄνομα
1532 3918 1719 3990 (206
1743 3919 1793 3988 ὁ)
1817 3935 1832 3985 ;

245 4012 337 4063 ἵνα
377 4012 427 4064 εί
476 4012 576 4082 μὲν
610 4012 855 4082 εἴπωμεν
881 4011 1071 4075 οὐσίας
1106 4009 1281 4080 ὄνομα
1318 4006 1460 4065 εῖναι
1509 4011 1590 4076 τὸ,
1620 4011 1831 4082 Πατὴρ,

243 4102 502 4157 ἐντεῦθεν
532 4102 879 4171 συναγάγωσι
914 4102 974 4156 τὸ
999 4101 1337 4173 ἐτεροούσιον
1379 4098 1520 4155 εἶναι
1548 4102 1628 4172 τῷ
1658 4103 1834 4172 Πατρὶ

241 4192 340 4246 τὸν
370 4193 516 4259 Υἱδν,
548 4193 625 4257 ὡς
648 4192 751 4264 τῆς
777 4192 951 4264 αὐτῆς
979 4192 1169 4257 οὐσίας
1203 4192 1298 4246 δύο
1329 4191 1405 4264 μὴ
1438 4192 1833 4263 ἐπιδεχομένης

243 4287 345 4340 καὶ
403 4285 636 4356 διάφορα
686 4285 895 4357 κυρίως
937 4286 1179 4355 ὀνόματα
1236 4285 1325 4355 (εί
1378 4285 1486 4357 γὰρ
1530 4286 1590 4339 τὸ
1640 4286 1833 4357 Πατὴρ

240 4377 439 4441 οὐσίας
490 4378 640 4431 ἐστὶν
677 4377 872 4448 ὄνομα,
920 4378 1022 4431 οὐκ
1054 4377 1119 4432 ἄν
1157 4393 1290 4431 ποτε
1330 4380 1431 4448 τῆς
1457 4377 1628 4448 αὐτῆς
1661 4377 1833 4451 ὄνομα

238 4471 332 4540 εἴη
367 4468 429 4522 τὺ
463 4469 594 4529 Υἱός
618 4467 659 4539 )⁶
716 4470 767 4522 εί
804 4469 862 4523 δέ
900 4469 1202 4540 ἐνεργείας,
1258 4469 1447 4540 σαφῶς
1478 4469 1574 4524 τοῦ
1618 4470 1833 4543 Πατρδς

240 4561 465 4633 ποίημα
495 4560 588 4614 τὸν
626 4561 750 4615 Υίὸν
791 4562 1193 4633 ὁμολογοῦντας
1240 4563 1511 4629 δείξωσιν,
1557 4563 1632 4629 ὡς
1680 4564 1834 4637 ἐνέρ-

2012 3374 2231 3414 causam
2276 3356 2589 3412 obtinebitis.
2639 3354 2839 3409 Eodem
2885 3355 3026 3409 enim
3090 3354 3242 3408 modo
3295 3354 3526 3409 dicemus

2011 3452 2107 3506 hoc
2138 3448 2311 3521 ipsum
2329 3448 2491 3519 egisse
2530 3446 2749 3501 Patrem
2772 3486 2788 3510 ,
2827 3454 2884 3501 ut
2926 3442 3391 3499 consubstantialis
3425 3446 3527 3515 ipsi

2011 3539 2175 3595 Filius
2206 3546 2359 3604 esset;
2409 3538 2505 3591 etsi
2562 3535 2800 3607 alioquin
2847 3535 3171 3590 absurditate
3200 3551 3305 3588 non
3365 3543 3512 3589 caret

2011 3631 2313 3706 Imjusmodi
2358 3630 2580 3685 actionis
2605 3629 2803 3699 opinio.
2829 3647 2848 3679 ι

2011 3744 2116 3812 Qui
2146 3743 2392 3813 linguam
2418 3747 2680 3811 tanquam
2716 3741 3042 3795 novaculam
3083 3746 3282 3795 contra
3318 3740 3526 3795 verita-

1942 3847 2053 3893 tem
2103 3844 2324 3892 acutam
2368 3831 2578 3887 habent
2635 3846 2762 3886 cum
2804 3831 3077 3896 dicerent,
3104 3831 3526 3902 interrogantes

1941 3927 2209 3981 nimirum
2233 3943 2247 3978 :
2273 3925 2434 3979 Pater
2454 3920 2783 3978 essentiaane
2800 3927 2907 3987 est,
2926 3937 2998 3975 an
3024 3921 3263 3977 actionis
3280 3937 3483 3977 nomen
3501 3921 3526 3973 ?

1940 4026 2022 4083 ut,
2075 4017 2122 4072 si
2182 4014 2448 4092 essentige
2500 4011 2727 4083 quidem
2791 4027 2996 4067 nomen
3062 4026 3187 4067 esse
3244 4031 3263 4064 ι
3298 4013 3462 4068 Pater
3499 4033 3518 4063 ι

1940 4109 2316 4173 statuerimus,
2381 4105 2509 4162 inde
2591 4105 2785 4161 alienae
2859 4119 2891 4158 a
2959 4105 3123 4160 Patre
3201 4104 3529 4161 substantiae

1944 4202 2140 4257 Filium
2212 4216 2337 4256 esse
2431 4200 2718 4270 colligant,
2780 4197 2930 4268 quod
3005 4197 3200 4253 eadem
3268 4202 3528 4253 substan-

1942 4293 2017 4348 tia
2053 4293 2165 4348 duo
2202 4300 2260 4348 et
2322 4292 2544 4347 diversa
2593 4289 2819 4361 proprie
2878 4289 3029 4344 haud
3075 4289 3258 4360 capiat
3300 4290 3527 4345 nomina

1942 4381 2089 4453 (nam
2115 4381 2163 4436 si
2193 4380 2355 4437 Pater
2375 4380 2734 4437 essentiaeest
2762 4392 2988 4443 nomen,
3007 4394 3359 4448 nequaquam
3382 4380 3530 4449 ejus-

1940 4474 2068 4530 dem
2098 4472 2174 4529 sit
2207 4492 2226 4527 ι
2266 4473 2468 4528 Filius»
2496 4486 2701 4527 nomen
2747 4471 2789 4542 ),
2831 4471 2919 4526 sin
2951 4469 3213 4534 actionis,
3254 4478 3315 4525 ut
3377 4471 3526 4525 clare

1940 4572 2106 4635 atque
2135 4572 2324 4635 aperte
2362 4564 2564 4619 Filium
2622 4563 2804 4618 Patris
2842 4562 3226 4619 conditionem
3278 4570 3526 4618 statuere

236 4621 427 4724 γημα,
467 4654 607 4723 μετὰ
627 4653 690 4707 τὺ
721 4621 1196 4726 τὴν’κυρίολεξίαν
1234 4621 1831 4723 ἀντιθετικῶςνδιεξελς

1945 4670 2063 4721 nos,
2110 4656 2266 4710 velut
2316 4654 2536 4710 actione
2561 4652 2885 4718 conflatum,
2913 4652 3210 4709 ostendere
3257 4652 3522 4718 habeant,

239 4747 365 4811 θεῖν
413 4747 618 4811 εὐθέως
678 4747 816 4817 πρὸς
845 4748 1047 4812 αὐτοὺς
1072 4747 1167 4802 τὸν
1206 4748 1526 4803 διδάσκαλον
1571 4750 1831 4821 εἰρηκότα

1945 4756 2229 4817 postquam
2260 4746 2330 4800 de
2359 4746 2605 4816 propriis
2646 4743 2972 4799 nominibus
2994 4752 3188 4799 contra
3226 4743 3527 4814 disputavit

237 4836 376 4890 οὐτε
410 4838 598 4900 οὐσίας
624 4831 763 4892 εἶναι
797 4839 859 4893 τὸ
890 4838 1089 4907 πατὴρ
1116 4839 1310 4910 ὄνομα,
1360 4839 1487 4893 οὐτε
1524 4841 1831 4912 ἐνεργείας,

1945 4840 2199 4910 magister
2253 4839 2552 4908 statimque
2615 4838 2756 4893 dixit
2801 4854 2983 4909 neque
3033 4837 3286 4894 essentia:
3350 4837 3529 4892 Patris

172 4956 187 4964 -
237 4924 389 4979 ἀλλὰ
428 4926 687 4997 σχέσεως,
732 4928 950 4982 καὶτοῦ
986 4927 1105 4990 πῶς
1155 4928 1269 4998 ἔχει
1319 4928 1458 4999 πρὸς
1500 4929 1594 4983 τὸν
1637 4930 1766 4983 Υίὸν
1801 4933 1830 4985 6

1945 4944 2139 4984 nomen
2198 4943 2356 4992 esse,
2402 4942 2587 4998 neque
2636 4927 2892 4992 actionis,
2952 4928 3049 4984 sed
3104 4928 3411 4990 relationis,
3472 4936 3555 5013 et;

239 5016 458 5087 Πατὴρ,
489 5017 521 5089 ἢ
552 5019 582 5070 6
603 5018 733 5081 Υἱὸς
762 5019 900 5091 πρὸς
926 5020 1017 5073 τὸν
1065 5021 1305 5091 Πατέρα,
1340 5016 1828 5092 συμπεριφορικῶς

1945 5017 2208 5089 promodo
2267 5017 2337 5073 ad
2372 5017 2573 5072 Filium
2625 5033 2684 5073 se
2720 5018 2904 5083 Pater,
2987 5026 3085 5075 aut
3127 5017 3299 5073 Filius
3323 5017 3391 5072 ad
3427 5020 3553 5092 Ωιι-ξ

238 5109 519 5178 ἐνήγαγεν
561 5109 754 5164 εἰπών’
818 5131 837 5163 ι
869 5112 1050 5166 Ἔστω
1099 5114 1193 5167 καὶ
1244 5114 1549 5183 ἐνεργείας,
1595 5115 1645 5166 εί
1674 5114 1833 5169 τοῦτο

237 5201 414 5266 δοκεῖ,
442 5221 460 5253 ι
497 5204 592 5256 καὶ
636 5203 911 5274 ἐπιφέρει·
966 5223 985 5257 ι
1017 5206 1161 5260 Δύτὺ
1209 5206 1265 5261 δὲ
1306 5206 1467 5260 τοῦτο
1507 5207 1834 5279 ἐνηργηκὼς

240 5296 317 5349 ἂν
368 5300 452 5366 εῐη
506 5297 566 5350 τδ
603 5297 914 5367 όμοούσιον.
947 5316 965 5348 ι
1019 5298 1144 5362 Πῶς
1179 5294 1276 5353 οὖν
1315 5301 1529 5370 ἐνεργεῖ
1556 5298 1616 5353 τὸ
1640 5299 1833 5369 ὁμοσύ-

241 5402 394 5452 σιον;
430 5385 664 5458 ζητήσαι
702 5405 787 5451 τις
832 5388 899 5441 ἂν
936 5388 1099 5460 τυχὸν
1129 5389 1238 5444 τῶν
1281 5391 1423 5458 ἄγαν
1467 5390 1832 5457 ἐξεταστικῶν

238 5481 344 5536 καὶ
396 5480 563 5551 μηδὲν
604 5475 715 5533 τῶν
762 5482 1155 5552 συμφερόντων
1198 5484 1416 5551 ἀγνοεῖν
1461 5484 1827 5554 ἀνεχομένων.

238 5570 289 5622 Τ
293 5567 422 5623 οὖτο
466 5570 524 5623 δέ
576 5569 719 5622 κατὰ
747 5569 953 5622 τοιόνδε
998 5570 1201 5641 τρόπον
1237 5571 1688 5642 όμαλισθήσεται.
1725 5572 1828 5625 Δύο

237 5661 479 5717 καθόλου
529 5661 629 5726 τὰς
678 5661 956 5732 ἐνεργείας
1006 5658 1149 5716 εἶναί
1212 5667 1474 5733 φασιν¹ἐν
1523 5666 1636 5727 τοῖς
1682 5663 1824 5731 οὖσι,

1941 5078 2081 5166 trem
2120 5124 2177 5164 se
2201 5109 2426 5175 habeat,
2467 5108 2702 5164 comiter
2725 5078 2901 5165 infert
2921 5109 3117 5164 dicens
3147 5127 3159 5162 :
3198 5126 3216 5160 ι
3242 5108 3325 5164 Sit
3355 5078 3551 5185 etiam:

1939 5203 2194 5266 actionis,
2227 5201 2275 5258 si
2300 5202 2374 5256 ita
2404 5202 2644 5267 videtur,
2674 5211 2731 5257 et
2755 5202 2929 5269 addit,
2964 5201 3202 5257 «Eodem
3230 5201 3378 5255 enim
3404 5216 3518 5253 mo-

1938 5299 2010 5353 do
2029 5298 2278 5353 dicemus
2302 5296 2600 5367 hocipsum
2624 5296 2803 5366 egisse
2826 5296 3044 5350 Patrem
3070 5302 3133 5348 ut
3161 5292 3527 5349 consubstan-

1941 5389 2090 5443 tialis
2126 5386 2233 5459 ipsi
2255 5388 2429 5471 [filius
2452 5394 2619 5442 esset.
2670 5405 2689 5437 ι
2735 5384 3028 5451 Quomodo
3078 5384 3268 5455 igitur,
3310 5392 3521 5451 quaeret

1940 5480 2175 5537 fortasse
2211 5482 2415 5551 aliquis
2454 5479 2733 5535 curiosior
2779 5486 2835 5533 et
2887 5477 3027 5532 nihil
3066 5475 3214 5545 quod
3281 5473 3417 5528 utile
3450 5473 3525 5527 sit

1936 5574 2193 5645 ignorare
2221 5573 2523 5637 sustinens,
2549 5553 2829 5642 quomodo
2852 5569 2964 5638 agit
2988 5576 3048 5622 ut
3077 5565 3526 5621 consubstantia-

1934 5663 2004 5719 lis
2037 5663 2211 5719 Filius
2248 5662 2369 5718 sit?
2398 5662 2553 5729 Quod
2602 5662 2708 5717 hoc
2739 5661 2852 5715 fere
2912 5659 3074 5714 modo
3114 5655 3523 5726 cxplanabitur;

317 5800 429 5874 (Μ)
458 5800 606 5856 ldcm
638 5803 759 5858 ibid.
790 5818 905 5873 cap.
956 5802 1036 5867 16,
1072 5818 1125 5872 p.
1160 5801 1283 5867 555,
1325 5809 1453 5857 tom.
1485 5800 1524 5856 l.
1554 5800 1692 5873 Opp.
1734 5801 1822 5859 ed.
1859 5801 2060 5856 Beued.
