4012 6368
451 1079 463 1094 ·
569 1071 877 1142 putationis
907 1074 1272 1144 suppositum,
1315 1095 1334 1127 ι
1368 1087 1489 1132 esto
1517 1078 1682 1132 etiam
1712 1078 1944 1134 actionis
1958 1093 2158 1134 nomen

484 1261 494 1272 "
569 1269 695 1309 mus
723 1254 828 1310 hoc
857 1255 1037 1326 ipsum
1067 1257 1244 1328 egisse
1269 1258 1510 1325 Patrem;
1541 1277 1559 1311 ι
1596 1259 1650 1314 id
1681 1269 1769 1316 est
1797 1268 1859 1315 ut
1915 1261 2156 1317 consub-

576 317 714 380 1267
1746 323 1808 383 S.
1849 322 2135 384 ΜΑΧΙΜΙ

2259 323 2678 386 ’ΝΡΕΒΒΟΒΙΞ
3687 329 3796 402 ttat

572 435 720 491 Duas
771 436 827 490 in
873 434 1192 491 universum
1259 437 1506 494 actiones
1565 437 1624 494 in
1675 438 1842 495 rebus
1869 447 2152 505 statuunt1

2269 441 2401 512 μίαν
2433 443 2533 514 μὲν
2563 443 2664 514 τὴν
2690 443 3043 516 προάγουσαν
3079 445 3143 500 ἐκ
3180 443 3290 503 τῶν
3309 444 3480 501 ὄντων
3503 449 3728 516 φυσικῶς
3745 456 3798 509 τὰ

573 542 808 596 quarum
838 542 945 583 una
976 535 1064 582 est
1093 543 1217 598 quae
1241 544 1311 584 ex
1345 529 1416 584 iis
1463 543 1587 599 quae
1641 539 1774 586 sunt
1829 530 2152 587 naturaliter

2265 535 2506 606 ὁμογενῆ
2564 552 2662 592 και
2709 536 2974 608 ὁμοούσια
3017 536 3112 592 καὶ
3160 537 3376 604 ἑαυτοῖς
3429 539 3604 610 πάντη
3635 543 3798 598 ταύτά.

573 625 825 686 procreat
853 633 978 688 quae
1005 619 1118 674 sint
1147 619 1402 692 ejusdem
1433 630 1487 676 et
1517 623 1740 692 generis
1795 631 1852 678 et
1881 625 2152 691 essentia,

2263 624 2403 678 Καθ’
2434 625 2502 697 ἣν
2543 627 3036 700 συμπεριενεχθεὶς
3063 631 3176 694 τοῖς
3204 629 3553 700 λογολέσχαις
3579 632 3803 701 ἐπιεικῶς

569 703 790 774 sibique
822 705 960 775 ipsis
1013 705 1208 762 eadem
1256 708 1465 778 ubique
1492 719 1549 763 et
1579 711 1913 766 constantia.
1945 712 2022 768 De
2051 713 2152 784 q'ua

2264 715 2403 787 πρὸς
2427 717 2490 770 τὸ
2526 718 2724 790 μικρὸν
2766 717 2900 788 γοῦν
2933 720 3182 790 ἐπισχεῖν
3209 720 3410 784 αὐτοὺς
3451 719 3548 776 τοῦ
3592 721 3802 796 βλασφη-

567 794 742 850 veluti
769 796 1116 868 morigerans
1144 801 1416 871 argutulis
1435 800 1546 856 illis
1575 811 1725 857 recte
1744 803 2026 874 magister,
2048 821 2161 875 quo

569 888 853 960 paulisper
909 889 1104 946 saltem
1135 907 1165 946 a
1199 891 1632 963 blasphemando
1687 911 1784 950 eos
1838 895 2154 966 probibe‘at,

571 979 710 1033 dicit
747 997 758 1032 :
801 999 818 1030 ε
853 980 988 1036 Esto
1019 997 1151 1037 vero
1181 982 1484 1039 secundum
1517 999 1634 1050 vos,
1660 1003 1678 1036 ι
1702 986 2011 1041 secundum
2041 987 2157 1042 dis-

2264 809 2390 879 μεῖν
2416 825 2583 880 φησιν
2621 811 2651 865 6
2694 811 3036 878 διδάσκαλος,
3093 831 3114 866 ι
3143 811 3326 867 Ἔστω
3352 811 3410 866 δὲ
3443 812 3566 866 καθ’
3611 815 3754 885 ὑμᾶς,
3784 836 3800 870 ι

2261 899 2405 955 κατὰ
2425 901 2517 956 τὸν
2556 902 2891 958 άποδοθέντα
2923 903 3126 958 σκοπὸν
3149 902 3247 958 τοῦ
3285 903 3470 972 λόγου,
3515 922 3535 958 ι
3555 895 3644 960 κάι
3681 907 3806 978 ἐνερ-

2259 991 2416 1060 γείας
2440 991 2614 1064 ὗνομοι
2644 995 2674 1048 6
2703 989 3048 1066 Πατήρ.ιυίς
3081 995 3302 1063 ἐπάγειο
3363 1012 3383 1046 ι
3407 996 3552 1050 Αὐτὸ
3597 997 3652 1050 δὲ
3680 998 3808 1052 τοῦτο

2259 1083 2585 1156 ἑνηργηκὼς
2611 1083 2682 1138 ἂν
2711 1084 2800 1157 εἴη
2825 1087 2853 1140 6
2882 1084 3129 1156 Πατὴρ,ι
3165 1085 3412 1158 δηλονότι
3443 1085 3508 1139 τὸ
3535 1087 3804 1156 ὁμοούσιον,

2257 1173 2334 1238 ὡς
2353 1175 2634 1247 ἐνέργειαν
2657 1176 2932 1240 οὖσιωδῶς
2949 1176 3274 1246 ὑφεστῶσαν
3303 1179 3400 1232 καὶ
3436 1176 3636 1244 ζῶσαν,
3652 1171 3808 1252 ὥσπερ

2259 1267 2354 1321 οῦν
2384 1266 2582 1338 ἀμέλει
2614 1267 2719 1322 καὶ
2738 1267 2900 1338 λόγον
2921 1267 3102 1332 ζῶντα
3135 1269 3232 1324 καὶ
3265 1269 3502 1341 δύναμιν
3523 1271 3618 1324 καὶ
3651 1271 3808 1340 σοφίαν

2257 1357 2677 1434 αὐθυπόστατον
2725 1359 2818 1412 τὸν
2865 1360 3132 1430 μονογενῆ
3183 1359 3541 1429 Θεοῦ-Λόγον
3582 1361 3672 1414 καὶ
3706 1362 3807 1415 Tibi

481 1215 492 1249 ._
569 1163 784 1231 Paterp
819 1171 876 1219 et
899 1164 984 1222 his
1011 1165 1324 1241 subjungit:
1364 1188 1382 1219 ‹
1407 1169 1614 1224 Eodem
1639 1171 1788 1225 enim
1817 1170 1984 1226 modo
2010 1170 2160 1226 dice-

567 1347 842 1404 stantialis
873 1350 976 1420 ipsi
1006 1351 1180 1406 Filius
1209 1359 1375 1414 esset.
1412 1359 1671 1423 tanquam
1711 1351 1958 1408 efﬁceret
1984 1353 2157 1409 actio-

566 1457 694 1500 nem
727 1443 1100 1498 essentialiter
1141 1445 1485 1500 substantem
1516 1453 1574 1499 et
1626 1445 1926 1510 viventem,
1958 1460 2152 1516 quem-

2259 1447 2353 1502 τοῦ
2406 1449 2625 1520 Πατρὸς
2671 1450 2961 1520 εἰρήκασιν
3008 1452 3058 1503 οἱ
3107 1449 3406 1522 θεόφρονες
3439 1450 3543 1520 τῆς
3589 1451 3807 1522 ἀληθείας

565 1533 862 1590 admodum
892 1542 948 1590 et
990 1536 1310 1590 Sermonem
1341 1535 1586 1604 profecto
1615 1535 1798 1588 vivum
1829 1543 1888 1589 et
1916 1543 2152 1605 potesta-

2259 1541 2588 1598 διδάσκαλοι.
2635 1543 2747 1613 Τὴν
2803 1542 2860 1596 δὲ
2905 1541 3102 1612 ἑτέραν
3159 1543 3448 1615 ἐνέργειαν
3497 1560 3659 1612 φασιν
3697 1540 3807 1597 εἶναι

568 1635 680 1682 tem
713 1633 768 1681 et
789 1626 1118 1696 sapientiam
1165 1643 1262 1698 per
1279 1643 1337 1683 se
1353 1627 1524 1698 ipsam
1543 1627 1884 1684 substantem
1903 1627 2152 1699 unigeni-

2259 1634 2364 1690 τῶν
2401 1634 2559 1698 ἐκτὸς
2592 1633 3029 1707 ἀπεργαστικὴν,
3065 1635 3184 1689 καθ’
3228 1636 3296 1705 ἣν
3329 1635 3464 1706 περί
3495 1653 3550 1689 τι
3575 1635 3676 1689 τῶν
3702 1636 3808 1700 hic»

565 1726 685 1772 tum
715 1719 814 1774 Dei
854 1719 1178 1774 Sermonem
1193 1729 1250 1776 et
1278 1719 1478 1776 Filium
1501 1721 1678 1776 Patris
1699 1719 1874 1775 divini
1898 1720 2151 1776 veritatis

2259 1723 2348 1777 θεν
2379 1723 2574 1794 (207
2602 1724 2667 1792 a)
2707 1723 2803 1778 καὶ
2852 1725 3208 1794 ἐτεροουσίων
3261 1724 3510 1796 ἐνεργῶν
3553 1742 3634 1789 τις
3657 1726 3810 1794 ἓτεῴν

565 1810 824 1866 doctores
840 1811 1124 1867 dixerunt.
1147 1811 1388 1868 Alteram
1419 1822 1601 1868 autem
1633 1813 1907 1868 actionem
1941 1812 2008 1868 ad
2049 1829 2147 1868 ex-

2259 1832 2302 1868 rt
2333 1815 2596 1888 τῆςίδίας
2627 1815 2813 1880 οὐσίας
2843 1815 3124 1887 ἀλλότριον
3148 1818 3212 1870 ὲκ
3231 1817 3706 1888 προϋποκειμένης
3720 1817 3818 1888 ὕλης

567 1911 727 1960 terna
754 1903 1042 1960 eilicienda
1072 1905 1353 1976 pertinere
1382 1913 1656 1971 statuunt,
1695 1920 1806 1976 qua
1842 1905 1970 1975 quis
1998 1905 2143 1960 circa

2259 1905 2394 1972 τινὸς
2429 1907 2858 1974 κατασκευάζει.
2893 1907 3112 1979 Ταύτην
3149 1907 3208 1962 δὲ
3246 1907 3347 1978 τὴν
3395 1907 3675 1980 ἐνέργειαν
3713 1911 3809 1970 ταῖς

566 2005 858 2052 externum
886 1996 1097 2067 aliquid
1127 2005 1184 2052 et
1212 1999 1405 2052 alienae
1432 1998 1686 2054 essentiae
1713 2013 1882 2068 agens
1901 1998 2144 2054 alienum

2259 1999 2468 2070 τέχναις
2512 1999 2956 2070 ὲπιστημονικῶς
2989 1998 3316 2070 συγκεῖσθαί
3347 2016 3508 2070 φασι.
3553 1999 3684 2070 Περὶ
3715 1995 3808 2072 ἦςὸ

565 2087 701 2158 quid
731 2103 762 2142 a
792 2087 1018 2158 propria
1047 2090 1289 2144 essentia
1319 2097 1486 2160 atque
1515 2089 1796 2144 diversum
1822 2103 1892 2144 ex
1917 2089 2152 2145 materia

2259 2091 2499 2162 Βεόφρων
2523 2089 2847 2156 διδάσκαλός
2872 2108 3032 2162 φησι,
3079 2111 3096 2145 ι
3123 2093 3188 2148 Et
3221 2083 3315 2148 καὶ
3359 2093 3563 2156 ἄτοπος
3595 2093 3801 2158 eum.

561 2178 675 2248 jam
706 2179 858 2248 prius
891 2179 1196 2236 exsisteute
1225 2181 1486 2236 instituit.
1539 2181 1690 2236 Hanc
1735 2189 1920 2236 autem
1977 2180 2152 2236 actio-

2259 2183 2386 2255 παρ’
2412 2184 2471 2238 6v
2500 2183 2710 2255 ἐλήφθη
2745 2183 2992 2256 δηλονότι
3019 2185 3246 2254 τρόπον,
3273 2205 3293 2238 ι
3315 2185 3383 2238 Ἦ
3401 2187 3506 2256 τῆς
3532 2186 3658 2255 περὶ
3683 2185 3804 2248 τοῦτο

568 2287 696 2326 nem
715 2287 841 2328 cum
865 2273 1081 2329 artibus
1103 2273 1405 2329 secundum
1424 2274 1712 2329 scientiam
1743 2271 2148 2328 communicari

2259 2275 2536 2347 ἐνεργείας
2565 2275 2896 2346 ὑπόληψιςμ
2951 2275 3049 2330 καὶ
3089 2275 3328 2352 μάλιστα
3363 2277 3463 2331 ἐπὶ
3499 2277 3709 2348 Πατρδς
3733 2277 3800 2330 καὶ

565 2374 623 2420 et
651 2367 1011 2436 compositam
1043 2382 1165 2422 esse
1205 2367 1382 2422 aiunt.
1414 2368 1491 2422 De
1520 2383 1628 2438 qua
1658 2365 1882 2422 divinus
1905 2366 2099 2422 doctor
2135 2385 2148 2422 :

2259 2365 2386 2420 Υίοῦ
2413 2366 2856 2438 λαμϐανομένης,
2887 2367 2972 2436 ἐφ’
2997 2363 3074 2422 ὧν
3102 2366 3226 2422 οὐδὲ
3253 2367 3354 2440 τὴν
3380 2367 3610 2440 πρώτην
3635 2365 3793 2438 κυρίας

571 2479 591 2512 ι
613 2461 750 2524 Etsi,
779 2459 1242 2531 inquit,alioquin
1257 2458 1598 2515 absurditate
1616 2474 1727 2514 non
1751 2467 1920 2525 caret,
1941 2477 1961 2512 ι
1989 2459 2146 2530 juxta

2259 2457 2526 2526 δέξασθαι.
2549 2461 2579 2519 ὁ
2609 2459 2844 2532 εὐσεϐὴς
2879 2461 3138 2534 ἀνέχεται
3178 2461 3329 2527 νοῦς,
3363 2461 3460 2516 διὰ
3491 2461 3556 2515 τδ
3579 2461 3670 2515 καὶ
3696 2457 3800 2529 ὑπὲρ

560 2565 728 2622 quam
766 2549 1030 2606 videlicet
1057 2549 1328 2606 rationem
1357 2557 1579 2620 accepta
1625 2557 1733 2615 est,
1767 2568 1786 2602 ι
1826 2549 2146 2623 hujusmodi

2259 2552 2459 2625 ταύτην
2487 2548 2629 2609 εἶναι
2652 2554 2752 2626 τὴν
2781 2555 2848 2609 ἐκ
2871 2554 2967 2608 τοῦ
3015 2555 3231 2626 [ἰατρὸς
3265 2554 3366 2609 καὶ
3399 2553 3523 2626 ἅμα
3559 2552 3636 2624 τῷ
3665 2549 3805 2623 Carpi

561 2640 800 2700 actionis
844 2641 1056 2713 opinio,
1094 2661 1112 2694 ι
1169 2641 1476 2712 praesertim
1517 2642 1563 2698 si
1605 2643 1674 2698 de
1707 2643 1870 2700 Patre
1919 2650 1978 2698 et
2004 2642 2146 2698 Filio

2259 2647 2350 2701 καὶ
2375 2647 2436 2700 ἐν
2463 2645 2544 2719 τῷ
2575 2648 2754 2718 Πατρὶ
2785 2647 3063 2720 ἄφραστον
3089 2648 3186 2702 καὶ
3215 2647 3584 2720 ἀπερινόητον
3612 2643 3804 2716 ὓπαρξιν

562 2734 852 2804 accipitur,
897 2735 968 2790 de
1011 2735 1220 2806 quibus
1259 2750 1329 2790 ne
1382 2735 1628 2806 priorem
1661 2734 1886 2806 quidem
1917 2735 2146 2807 proprie

2259 2737 2350 2792 τοῦ
2387 2738 2752 2814 Μονογενοῦς.

561 2826 836 2884 actionem
877 2834 1122 2883 statuere
1171 2842 1274 2882 nos
1311 2825 1434 2897 pius
1486 2841 1682 2883 sensus
1725 2827 1958 2897 patitur,
2001 2832 2291 2897 propterea
2321 2829 2474 2898 quod
2523 2830 2693 2886 etiam
2727 2831 2872 2887 hanc
2909 2838 3140 2902 superat
3177 2829 3484 2892 ineﬂ‘abilis
3530 2840 3589 2891 et
3624 2829 3798 2888 incom-

560 2916 957 2988 prehensibilis
982 2917 1260 2990 Unigeniti
1293 2919 1622 2986 substantia,
1655 2935 1764 2990 qua
1801 2934 1872 2976 ex
1899 2917 2058 2975 Patre
2081 2926 2140 2974 et
2165 2935 2294 2974 cum
2320 2921 2484 2979 Patre
2503 2931 2559 2979 et
2588 2923 2644 2979 in
2677 2925 2842 2981 Patre
2881 2931 2988 2980 est.

561 3127 648 3188 Ea:
675 3129 904 3182 secundo
933 3129 996 3182 de
1021 3127 1161 3194 Filio
1191 3145 1450 3194 sermone,
1479 3131 1534 3184 in
1572 3128 1708 3184 illud
1735 3147 1754 3184 :
1799 3149 1818 3180 ‹
1854 3129 1992 3184 Deus
2024 3147 2146 3185 vero

2261 3134 2366 3189 Ἐκ
2417 3131 2530 3187 τοῦ
2573 3132 2636 3197 ,β’
2683 3132 2820 3203 περὶ
2858 3133 2997 3188 Υἱοῦ
3023 3133 3234 3204 λόγου,
3281 3133 3374 3198 είς
3419 3132 3512 3186 τό·
3555 3151 3574 3182 ι
3603 3127 3730 3197 Θεὸς
3754 3125 3804 3180 δὲ

634 3219 844 3274 dicatur
891 3237 997 3274 non
1027 3221 1234 3274 ratione
1264 3221 1432 3286 Verbi,
1468 3222 1559 3275 sed
1601 3225 1768 3294 partis
1794 3237 1911 3294 qua:
1937 3226 1993 3278 in
2023 3240 2150 3278 ocu-

2325 3227 2562 3296 .léro¢ro
2617 3225 2696 3282 ἂν
2724 3227 2798 3282 οὺ
2831 3225 2938 3282 τοῦ
2987 3227 3210 3296 Λόγου,
3261 3221 3371 3278 τοῦ
3417 3221 3710 3292 δρωμένου
3737 3217 3801 3271 δέ.

636 3308 812 3365 lorum
841 3327 1054 3365 sensum
1093 3309 1250 3364 cadit.
1301 3309 1416 3376 Quo
1453 3312 1593 3365 enim
1648 3312 1800 3365 modo
1843 3311 2012 3380 illius,
2061 3314 2151 3384 qui

638 3404 852 3474 praprie
885 3403 1022 3457 Deus
1046 3411 1120 3456 est
1151 3401 1290 3456 Deus
1331 3403 1432 3456 dici
1465 3403 1665 3473 queat?
1694 3401 2151 3469 Quemadmodum

633 3495 800 3551 Pater
850 3514 952 3552 non
1004 3497 1375 3562 humanitatis,
1409 3496 1501 3550 sed
1539 3495 1688 3550 Verbi
1745 3504 1998 3568 respectu.
2035 3497 2152 3552 Du-

633 3571 760 3661 plici
795 3591 984 3662 quippe
1029 3598 1226 3644 natura
1255 3589 1563 3655 constabat;
1598 3606 1699 3660 quo
1739 3587 1802 3658 ﬁt
1833 3597 1890 3644 ut
1924 3589 2150 3646 alterum

636 3686 702 3738 de
753 3692 973 3756 utroque
1011 3683 1223 3755 proprie
1279 3684 1510 3747 dicatur,
1563 3683 1797 3738 alterum
1841 3685 2150 3756 improprie,

635 3785 824 3831 contra
868 3794 1031 3848 quam
1069 3777 1125 3830 in
1172 3777 1318 3830 nobis
1369 3793 1424 3830 se
1460 3793 1541 3830 res
1588 3777 1761 3830 habet.
1815 3776 1956 3831 Deus
2012 3779 2152 3832 enim

636 3870 850 3940 praprie
874 3877 1051 3923 noster
1067 3869 1208 3922 Deus
1233 3877 1328 3934 est,
1359 3885 1461 3922 non
1489 3877 1667 3922 autem
1691 3870 1902 3940 proprie
1921 3869 2104 3924 Pater.
2129 3889 2144 3920 ι

2327 3319 2462 3387 Πῶς
2503 3319 2616 3390 γὰρ
2669 3318 2764 3388 εἴη
2813 3318 2918 3373 τοῦ
2976 3317 3198 3385 κυρίως
3233 3314 3388 3370 Θεοῦ
3432 3315 3610 3381 Θεός;
3643 3311 3804 3376 ὥσπερ

2325 3410 2427 3466 καί
2471 3408 2678 3482 Πατὴρ
2709 3413 2782 3466 οὐ
2831 3410 2940 3465 τοῦ
2981 3409 3306 3480 ὁρωμένου,
3345 3407 3458 3463 τοῦ
3518 3407 3700 3478 Λόγου
3737 3401 3800 3456 δέ.

2325 3503 2433 3558 Καὶ
2465 3504 2575 3573 γὰρ
2618 3499 2699 3572 ἦν
2740 3501 3016 3568 διπλοῦς,
3049 3500 3208 3556 ὥστε
3237 3501 3306 3555 τὸ
3337 3499 3460 3570 μὲν
3501 3497 3706 3567 κυρίως
3735 3492 3802 3547 ἐπ’

2325 3596 2572 3666 ἀμφοῖν,
2598 3595 2667 3650 τὸ
2695 3595 2763 3649 δὲ
2794 3597 2867 3650 οὐ
2890 3595 3108 3664 κυρίως
3127 3611 3141 3625 ·
3173 3593 3466 3660 ἐναντίως
3492 3591 3560 3646 δὲ
3573 3584 3804 3660 semper

2326 3687 2474 3758 ἔχει.
2517 3687 2716 3758 Ἦμῶν
2745 3687 2856 3758 γὰρ
2891 3687 3108 3755 κυρίως
3142 3685 3288 3753 Θεὸς
3333 3688 3370 3740 ό
3408 3685 3578 3750 Θεὸς,
3623 3682 3688 3736 οὐ
3723 3695 3804 3732 xv-

2321 3782 2468 3850 ρίως
2498 3780 2566 3834 δὲ
2599 3779 2804 3850 Πατήρ
2839 3779 2974 3852 (15).
3009 3799 3028 3830 ι

645 4004 664 4036 ι
697 3985 946 4045 Alterum
981 3984 1209 4054 proprie
1253 3983 1324 4038 de
1364 3991 1602 4052 utroque
1627 4001 1646 4033 ι
1685 3993 1771 4038 est
1809 3983 2152 4053 ponendum,

2331 3981 2404 4035 Τὸ
2437 3982 2536 4051 μὲν
2565 3980 2772 4051 κυρίως
2799 3981 2885 4033 ἐπ’
2905 3980 3108 4050 ἀμφοῖν
3127 3977 3334 4043 Θετέον,
3355 3977 3476 4042 τοῦ,
3513 3973 3708 4043 Πατὴρ,
3732 3969 3802 4023 καὶ

567 4086 625 4132 et
665 4075 734 4130 de
759 4076 922 4131 Patre
951 4083 1010 4129 et
1037 4074 1107 4129 de
1141 4074 1276 4140 Deo,
1323 4083 1386 4128 ut
1407 4089 1642 4144 quorum
1687 4081 1988 4144 utrumque
2019 4091 2152 4146 pro-

2259 4073 2373 4137 τοῦ,
2404 4071 2558 4137 Θεὸς,
2581 4071 2657 4134 ὼς
2699 4071 2906 4140 ἀμφοῖν
2947 4067 3041 4122 ἐπὶ
3074 4066 3313 4140 Χριστοῦ
3349 4065 3560 4138 κυρίως
3593 4059 3802 4130 λέγεσθαι

567 4166 687 4236 prie
717 4173 902 4236 potest
930 4165 1000 4222 de
1022 4165 1244 4222 Christo
1275 4165 1383 4220 dici
1411 4173 1640 4236 propter
1669 4165 1995 4222 substantia:
2032 4167 2152 4223 uni-

2259 4163 2576 4234 δυναμένων
2615 4161 2704 4216 διὰ
2737 4160 2838 4233 τὴν
2893 4161 3026 4230 μίαν
3077 4159 3404 4214 ὑπόστασιν.
3450 4153 3680 4228 Χριστοῦ
3719 4149 3802 4219 γὰρ

569 4265 760 4314 tatem.
802 4257 1009 4313 Christi
1041 4257 1192 4314 enim
1232 4259 1397 4314 Pater
1440 4257 1671 4328 proprie
1705 4265 1791 4314 est
1824 4258 1992 4326 Deus,
2023 4258 2152 4330 quia

2259 4257 2452 4328 Πατὴρ
2483 4255 2690 4327 κυρίως
2727 4255 2878 4327 ἐστὶν
2903 4255 2932 4308 ὁ
2957 4253 3114 4318 Θεὸς,
3137 4253 3212 4316 ὡς
3236 4249 3368 4304 Υίοῦ
3395 4251 3494 4304 καὶ
3515 4247 3644 4302 Θεοῦ
3665 4243 3802 4311 Λόγον

571 4348 742 4404 Filius
779 4357 836 4406 et
880 4349 1028 4404 Deus
1065 4347 1260 4405 Sermo
1311 4356 1367 4404 et
1412 4339 1581 4404 unus.
1613 4357 1817 4404 sancta:
1866 4347 2152 4404 Trinitatis

2259 4351 2354 4405 καὶ
2398 4349 2520 4414 ἐνδς
2569 4349 2672 4420 τῆς
2720 4347 2882 4417 ἁγίας
2913 4345 3146 4416 Τριάδος
3196 4343 3538 4414 ὑπάρχοντος
3571 4339 3660 4394 καὶ
3693 4331 3800 4405 μετὰ

566 4441 788 4498 exsistit
837 4441 926 4496 vel
986 4449 1113 4511 post
1172 4441 1667 4510 carniﬁeationem,
1721 4451 1786 4497 ut
1841 4443 2007 4498 etiam
2053 4443 2152 4498 Dei

2259 4443 2357 4512 τὴν
2389 4440 2692 4512 σάρκωσιν,
2729 4439 2826 4493 καὶ
2861 4435 3000 4492 Θεοῦ
3039 4434 3134 4490 τοῦ
3176 4433 3346 4487 αὐτοῦ
3395 4429 3630 4505 Χριστοῦ
3677 4425 3798 4480 πάλιν

567 4534 816 4606 ejusdem
863 4534 1074 4592 Christi
1131 4552 1328 4592 rursus
1367 4544 1456 4591 est
1510 4536 1756 4606 proprie,
1801 4537 1932 4606 quia
1983 4537 2152 4592 homo

2259 4532 2466 4604 κυρίως
2487 4533 2656 4598 ἐστιν,
2687 4531 2764 4595 ὼς
2795 4527 3089 4602 ἀνθρώπου
3117 4527 3261 4582 κατὰ
3289 4525 3550 4598 ἀλήθειαν
3568 4522 3709 4582 ὄντος
3734 4514 3798 4570 διὰ

571 4639 762 4680 revera
791 4635 876 4680 est
901 4633 1132 4696 propter
1163 4642 1408 4691 carnem,
1449 4635 1503 4681 et
1537 4643 1682 4682 unus
1715 4627 2003 4682 hominum
2053 4643 2152 4697 ap-

2259 4625 2358 4698 τὴν
2391 4624 2592 4696 σάρκα,
2624 4624 2720 4678 καὶ
2747 4623 2866 4686 ἑνὸς
2899 4619 3009 4675 τῶν
3031 4619 3335 4692 ἀνθρώπων
3377 4612 3795 4688 χρηματίζοντος·

571 4715 921 4786 pellahatur;
968 4731 1092 4787 quze
1133 4717 1282 4771 enim
1318 4717 1559 4786 partium
1606 4727 1756 4781 sunt,
1789 4733 1852 4772 ea
1903 4719 1972 4774 de
2012 4729 2152 4774 toto.

2261 4718 2326 4772 τὰ
2363 4717 2472 4789 γὰρ
2505 4717 2616 4770 τῶν
2659 4713 2843 4787 μερῶν
2869 4713 2963 4767 τοῦ
3017 4712 3088 4782 ὲξγ
3114 4711 3296 4766 αὐτῶν
3325 4710 3448 4790 ὅλου
3479 4706 3675 4780 κυρίως
3707 4713 3794 4753 ita?

571 4807 716 4876 quod
741 4807 870 4862 inde
899 4808 1172 4874 consistit,
1199 4809 1424 4878 proprie
1449 4809 1842 4880 przndieantur,
1872 4811 2001 4881 quia
2025 4827 2152 4882 pro«

2259 4811 2562 4879 ηγορεῖται,
2579 4807 2654 4870 ὡς
2671 4803 3062 4876 ἐπιδεχομένου
3081 4802 3260 4856 πάντα
3283 4801 3488 4872 κυρίως
3509 4799 3578 4852 τὰ
3599 4799 3798 4882 φυσικεῐξς

570 4899 688 4970 prie
721 4898 920 4968 recipit
966 4877 1319 4970 quiscunque
1348 4877 1678 4956 naturaliter
1723 4877 1996 4958 inhaerent
2025 4877 2152 4973 par-

2261 4877 2539 4970 rrpocdvra
2570 4899 2685 4961 τοῖς
2721 4895 2969 4968 μέρεσιν,
2997 4893 3060 4958 ἐξ
3085 4885 3163 4946 ὧν
3187 4892 3280 4946 καὶ
3307 4891 3598 4962 ὑφέστηκε.
3637 4905 3654 4938 ι
3679 4877 3797 4973 Τὸ-δὲ

569 4993 739 5056 tibus,
775 4990 923 5046 unde
971 4990 1139 5046 etiam
1184 5000 1461 5051 constant.
1521 5011 1537 5043 ι
1570 4993 1814 5047 Alterum
1849 4971 2152 5064 improprie

2268 4985 2318 5044 ἡ
2349 4991 2556 5061 κυρίως
2581 4988 2847 5052 ὡσαύτως
2873 4986 2959 5040 ἐπ’
2992 4987 3200 5056 ἀμφοῖν
3224 5004 3244 5038 ι
3267 4978 3652 5054 ληπτέον,τοῦ,
3675 4971 3796 5078 Θεὸς,

570 5087 638 5140 de
673 5095 952 5155 utroque:
1001 5099 1157 5154 atque
1206 5083 1534 5154 capiendum
1570 5095 1654 5140 est
1695 5094 1750 5139 et
1799 5085 1867 5140 de
1919 5085 2032 5140 Deo
2096 5093 2152 5140 et

2261 5083 2355 5137 καὶ
2383 5081 2522 5146 τοῦ,
2555 5080 2771 5152 Πατὴρ,
2827 5079 2904 5144 ὡς
2967 5078 3174 5150 ἀμφοῖν
3222 5077 3317 5130 ἐπὶ
3351 5070 3593 5162 Χριστοῦ,
3633 5070 3796 5162 tam);

572 5177 640 5232 de
681 5177 864 5241 Patre,
911 5178 1042 5247 quia
1092 5185 1392 5246 utrumque
1439 5175 1768 5231 vocabulum
1815 5179 1882 5232 dc
1929 5177 2152 5233 Christo

2259 5172 2521 5244 λεχθῆναι
2557 5172 2632 5242 μὴ
2663 5169 3000 5237 δυναμένων,
3049 5168 3138 5221 διὰ
3169 5169 3269 5236 τὴν
3309 5165 3542 5236 φυσικὴν
3577 5161 3795 5249 διαφορῇ

571 5268 796 5339 preprie
835 5269 945 5323 dici
983 5269 1198 5338 petiuit,
1235 5275 1464 5339 propter
1504 5268 1812 5322 naturalem
1849 5283 2044 5322 earum
2087 5283 2152 5321 ex

2259 5265 2368 5318 τῶν
2401 5263 2458 5328 ἐξ
2483 5257 2558 5316 ὧν
2590 5263 2684 5316 καὶ
2710 5260 2768 5316 εν
2788 5255 2877 5338 αἷς
2909 5259 3210 5328 συνέστηκε
3241 5256 3476 5326 φύσεων.
3513 5253 3555 5305 Τ
3559 5251 3591 5306 ὰ
3617 5245 3711 5318 γὰρ
3733 5245 3794 5338 ’σιξ

571 5361 777 5431 quibus
825 5368 882 5414 et
925 5363 980 5416 in
1012 5363 1218 5430 quibus
1253 5361 1504 5416 consistit
1533 5371 1858 5421 naturarum
1887 5359 2152 5415 dill‘cren-

2259 5355 2402 5410 κατὰ
2449 5354 2702 5430 σύνθεσιν
2753 5353 2860 5422 ὅλῳ
2909 5351 3184 5424 προσόντα
3217 5348 3446 5418 θατέρου
3498 5343 3600 5397 τῶν
3634 5339 3793 5392 ἑαυτου

573 5429 726 5508 tiam.
760 5450 892 5518 Quae
923 5429 1072 5506 enim
1117 5452 1169 5506 ei
1217 5452 1365 5521 quod
1413 5451 1480 5505 de
1519 5450 1922 5521 compositione
1979 5461 2152 5505 totum

2262 5449 2445 5520 μερῶν
2475 5449 2732 5501 οὐδέποτε
2773 5444 2979 5516 κυρίως
3024 5440 3557 5513 κατηγορηθήσεται.
3601 5429 3790 5521 «Ἐναν-

572 5551 656 5595 est
695 5541 980 5596 adhaerent
1008 5540 1076 5596 de
1109 5558 1216 5596 una
1247 5543 1487 5594 alterave
1528 5541 1771 5610 partium
1801 5556 2050 5604 suarum,
2089 5557 2152 5594 ea

2259 5518 2388 5605 τίως
2413 5561 2431 5592 ι
2470 5539 2527 5592 δὲ
2565 5539 2636 5608 ιῆ
2667 5538 2752 5606 ἐφ’
2793 5535 2950 5608 ἡμῶν
2993 5535 3190 5605 (207
3215 5533 3275 5605 b)
3313 5532 3455 5624 ἔχει,
3493 5547 3513 5582 ι
3559 5518 3791 5624 τουτέστὲ

577 5648 856 5702 nunquam
892 5633 1115 5703 proprie
1145 5633 1614 5703 praulicabuntur.
1643 5654 1658 5684 ι
1686 5632 1888 5688 Contra
1921 5651 1938 5684 ›
1973 5641 2152 5686 autem

2267 5601 2500 5702 ἔμπαλιν
2551 5601 2733 5692 καδὼς
2787 5601 2874 5696 ὲξΐ
2925 5601 3272 5697 ήμιῖΕ-έχειξ
3331 5601 3520 5677 Ἦνίκα
3573 5614 3670 5685 γὰρ
3714 5601 3790 5675 τὴν

650 5775 760 5851 (i5)
789 5777 950 5850 (ἶνες.
976 5778 1228 5835 Naziana.
1257 5779 1410 5842 Orat.
1443 5777 1635 5831 Thr-oi.
1682 5777 1768 5845 lV,
1801 5777 1867 5834 de
1895 5778 2052 5844 Filio,
2086 5794 2150 5830 ea

2259 5776 2293 5842 ί,
2327 5791 2380 5845 p.
2407 5775 2532 5841 διδ,
2577 5783 2710 5828 tom.
2747 5772 2768 5826 Ι
2798 5768 2938 5841 Opp.
2971 5768 3107 5825 edit.
3140 5763 3346 5820 Bencd.
