4012 6374
235 349 380 420 1269

1466 343 1984 411 AMBIGUORUM
2023 341 2276 404 LIBER.

3299 382 3301 384 .
3353 325 3488 390 1270

231 462 503 536 διαφορὰν
532 462 723 533 θεωρῶ
759 459 867 516 τῶν
896 460 1134 530 φύσεων,
1189 460 1285 514 καὶ
1324 459 1428 530 τὴν
1473 459 1654 514 αὑτῶν
1693 457 1812 512 κατ’

1938 473 1943 506 ι
1975 466 2138 524 quam
2171 451 2231 505 in
2271 447 2429 504 nobis
2458 459 2516 501 se
2562 457 2652 500 res
2683 442 2869 506 habet,
2899 461 2917 494 ›
2958 441 3066 494 hoc
3091 443 3178 492 est
3200 449 3398 489 rursus
3427 441 3489 487 ut

233 555 482 612 ἐπίνοιαν
516 553 780 624 ποιοῦμαι
815 553 1110 624 διάκρισιν,
1147 552 1208 605 οὑ
1241 551 1476 623 δύναμαι
1501 549 1564 604 τὸ
1585 550 1672 603 ἐπ’
1705 551 1815 620 ἁμ-

234 649 364 718 φοῖν
383 644 591 718 κυρίως
603 643 833 708 τιθέναι,
849 642 968 707 τοῦ,
993 639 1206 713 Πατὴρ,
1231 659 1305 714 φη
1316 641 1494 713 μὶ,καὶ
1513 639 1631 703 τοῦ,
1658 639 1812 702 Θεός.

235 740 320 795 Οὑ
352 738 464 809 γὰρ
508 736 715 808 κυρίως
743 734 839 789 τοῦ
869 734 1044 803 Λόγου
1073 733 1208 798 Θεὸς
1236 735 1385 786 ἐστιν
1427 735 1456 786 6
1496 733 1709 804 Πατὴρ,
1753 732 1841 785 οὑ-

232 829 299 884 δὲ
325 828 533 901 κυρίως
561 826 752 898 Πατὴρ
775 825 879 896 τῆς
925 825 1128 898 σαρκός
1165 825 1314 878 ἐστιν
1347 826 1374 878 ὁ
1403 822 1556 888 Θεός.
1595 841 1614 874 ι
1637 823 1820 876 Ἐναν-
1869 843 1871 845 ί

233 922 374 984 τίως
395 921 474 986 δὲ,
502 938 522 972 ι
557 918 836 974 τουτέστιν
864 918 1099 988 ἔμπαλιν
1129 918 1208 982 δὲ,
1247 918 1280 988 ἢ
1331 915 1705 988 ἀντιστρόφως
1735 913 1816 980 δὲ,

233 1012 337 1069 τοῦ
372 1030 432 1066 τε
477 1013 719 1083 «κυρίως
746 1031 765 1063 ι
798 1011 1043 1082 δηλονότι
1075 1011 1171 1064 καὶ
1202 1028 1221 1062 ι
1246 1009 1308 1062 οὑ
1333 1009 1560 1080 κυρίως,
1587 1025 1606 1059 ›
1637 1007 1728 1060 ἐπί
1757 1023 1817 1059 τε

234 1106 344 1174 τῆς
372 1102 618 1168 ὲνώσεως
647 1103 742 1156 καὶ
778 1102 880 1170 τῆς
929 1101 1060 1173 μιᾶς
1108 1102 1481 1164 ὑποστάσεως,
1520 1099 1611 1154 ἐπί
1638 1116 1696 1153 τε
1723 1100 1821 1171 τῆς

233 1193 507 1262 διαφορᾶς
536 1195 647 1247 τῶν
669 1195 887 1264 φύσεων
925 1195 1021 1248 καὶ
1052 1195 1151 1264 τῆς
1193 1195 1317 1248 κατ’
1365 1192 1610 1247 ἐπίνοιαν
1640 1192 1822 1246 αὐτῶν

234 1286 569 1357 διακρίσεως
622 1287 1071 1358 λαμϐανομένων,
1108 1285 1184 1350 ὡς
1229 1286 1331 1357 τῆς
1366 1286 1464 1357 μὲν
1522 1285 1651 1356 μίαν
1688 1286 1823 1338 ὑπο-

238 1376 490 1440 στάσεως
513 1378 718 1450 κυρίως
738 1378 876 1432 Θεὸν
903 1379 996 1432 καὶ
1020 1377 1239 1448 Πατέρα
1257 1376 1571 1446 λεγόμενον,
1597 1376 1675 1440 ὡς
1704 1376 1819 1440 ἐνὸς

237 1468 506 1537 Χριστοῦ,
566 1469 657 1523 τὸν
703 1469 834 1524 Θεὸν
879 1470 1271 1540 ἐπιδεχομένης
1302 1469 1442 1524 κατὰ
1486 1469 1585 1541 τὴν
1626 1470 1822 1522 ἀποδο-

237 1557 434 1610 θεῖσαν
495 1558 698 1623 αἰτίαν,
755 1560 855 1629 τῆς
909 1559 968 1612 δὲ
1021 1562 1144 1613 κατ’
1177 1559 1366 1613 οὐσίαν
1411 1559 1674 1630 διαφορᾶς
1715 1558 1824 1610 τῶν

241 1647 467 1714 φύσεων
494 1647 728 1716 ἔμπαλιν
758 1648 820 1701 τὸ
852 1649 925 1718 μὴ
968 1650 1173 1720 κυρίως
1197 1649 1606 1720 ἐπιδεχομένης,
1641 1648 1823 1712 καθὼς

237 1737 334 1804 ἐφ’
367 1737 522 1806 ἡμῶν
549 1737 682 1806 ἔχει.
729 1738 917 1806 Ἥμῶν
940 1738 1050 1810 γὰρ
1087 1739 1294 1810 κυρίως
1325 1739 1424 1808 μὲν
1450 1739 1582 1802 Θεὸς
1611 1741 1636 1791 6
1669 1738 1820 1803 Θεὸς,

240 1826 438 1897 ὥσπερ
487 1829 580 1880 καὶ
635 1829 734 1900 τῆς
781 1829 874 1883 τοῦ
909 1831 1083 1900 Λόγου
1139 1833 1361 1902 σαρκὸς,
1412 1833 1472 1884 οὑ
1519 1831 1722 1900 κυρίως
1767 1831 1823 1884 δὲ

243 1919 460 1988 Πατὴρ,
490 1919 677 1989 ὥσπερ
709 1920 828 1973 οὑδὲ
850 1922 948 1991 τῆς
984 1921 1083 1975 τοῦ
1133 1923 1314 1990 Λόγου
1366 1922 1588 1990 σαρκός.
1636 1921 1826 1993 Ἐνηλ-

240 2007 538 2076 λαγμένως
567 2007 658 2064 οὖν
698 2013 764 2066 τὰ
802 2011 897 2065 τοῦ
931 2013 1054 2066 ὅλου
1083 2016 1198 2076 τοῖς
1227 2013 1444 2084 μέρεσι,
1477 2014 1570 2066 καί
1609 2013 1688 2084 τῷ
1720 2015 1827 2085 ὅλῳ

237 2098 317 2151 τὰ
346 2101 450 2152 τῶν
479 2103 699 2154 οίκείων
732 2103 916 2174 μερῶν
946 2105 1312 2174 ἐκφωνητέον,
1358 2106 1451 2159 καὶ
1481 2105 1636 2157 ἔσται
1668 2105 1828 2176 ῥᾳδία

242 2194 346 2245 καὶ
383 2195 560 2264 σαφὴς
595 2197 627 2266 ἡ
670 2195 762 2248 τοῦ
802 2191 1173 2266 ’προκειμένου
1216 2197 1545 2268 κατάληψις.
1599 2199 1709 2252 Καὶ
1744 2198 1831 2252 ἵνα

242 2284 590 2356 σαφέστερον
629 2287 853 2358 γένηται
905 2288 966 2340 τὸ
1009 2288 1322 2358 λεγόμενον,
1381 2289 1544 2359 ἡνίκα
1603 2287 1701 2359 μὲν
1756 2287 1833 2352 ὡς

243 2377 552 2443 ὑπόστασις
614 2381 642 2431 ὁ
697 2380 930 2451 Χριστὸς
980 2380 1293 2452 θεωρεῖται,
1344 2382 1406 2434 τὸ
1463 2382 1710 2453 (κυρίως
1745 2382 1833 2436 ἐπ’

242 2471 474 2540 ἀμφοῖν,
505 2489 524 2522 ι
553 2471 670 2539 τοῦ,
699 2472 852 2539 Θεὸς,
883 2473 1028 2542 λέγω
1072 2476 1167 2528 καὶ
1206 2473 1324 2542 τοῦ,
1355 2473 1566 2546 Πατὴρ,
1626 2474 1832 2540 θετέον,

244 2559 418 2629 ἡνίκα
444 2559 501 2612 δὲ
531 2559 617 2614 διὰ
645 2560 742 2632 τὴν
765 2561 1071 2634 άσύγχυτον
1104 2563 1338 2636 ὕπαρξιν
1367 2563 1478 2617 τῶν
1523 2565 1582 2618 ὲν
1627 2559 1708 2629 οἷς
1740 2563 1836 2618 καὶ

245 2649 313 2715 ἐξ
343 2643 419 2703 ὧν
452 2651 600 2705 ἐστιν
639 2654 695 2706 αἱ
730 2651 822 2706 τοῦ
873 2653 1115 2722 Χριστοῦ
1148 2652 1342 2723 φύσεις
1377 2652 1732 2725 θεωροῦνται,
1773 2655 1838 2710 τὸ

258 2761 278 2794 ι
304 2741 541 2814 ἔμπαλιν
563 2763 582 2796 ι
629 2743 833 2810 θετέον,
867 2745 1004 2816 ὅπερ
1045 2745 1165 2799 ἐστὶ
1203 2745 1266 2799 τὸ
1295 2746 1372 2817 μὴ
1393 2746 1621 2817 κυρίως,
1652 2746 1836 2813 καθὼς

250 2833 343 2903 ἐφ’
397 2835 555 2906 ἡμῶν
611 2834 747 2907 ἔχει.
797 2836 908 2890 Καὶ
950 2836 1102 2906 δηλοῖ
1153 2835 1310 2890 τοῦτο
1359 2837 1550 2906 σαφῶς
1603 2836 1778 2906 λέγων
1807 2839 1838 2891 6

249 2926 577 2990 διδάσκαλος
605 2925 692 2980 διὰ
713 2925 807 2979 τοῦ
841 2929 1165 2995 ἐπαγαγεῖν,
1206 2926 1350 2981 «Καὶ
1373 2925 1534 2980 τοῦτο
1562 2928 1708 2980 ποιεῖ
1727 2929 1839 2992 τοῖς

251 3020 556 3089 αἱρετικοίς
591 3019 690 3091 τὴν
740 3019 974 3091 πλάνην,
1008 3021 1042 3090 ὴ
1067 3019 1176 3073 τῶν
1213 3019 1494 3090 ὀνομάτων
1532 3017 1835 3086 ἐπίζευξις,

1917 544 1984 600 de
2023 542 2186 598 nobis
2229 555 2289 595 se
2335 537 2506 593 habet
2550 550 2661 591 res.
2701 531 2932 600 Quando
2970 529 3117 584 enim
3166 533 3488 581 naturarum

1917 644 2107 707 specto
2156 629 2552 697 differentiam,
2583 641 2796 698 easque
2829 621 3162 695 cogitatione
3208 617 3488 677 discerno,

1917 705 1987 782 die
2026 734 2264 796 utroque
2299 719 2522 793 proprie
2555 731 2763 789 ponere
2791 729 2903 769 non
2929 724 3175 783 possum,
3206 707 3276 761 de
3304 705 3488 768 Patre,

1918 795 2178 888 inquam,
2198 817 2254 870 et
2287 812 2356 868 de
2387 807 2526 868 Deo.
2573 806 2736 863 Haud
2777 805 2928 862 enim
2955 801 3178 874 proprie
3207 795 3493 853 Sermonis

1918 908 2065 962 Deus
2109 913 2196 961 est
2239 906 2422 968 Pater,
2473 915 2657 972 neque
2701 896 2922 970 proprie
2967 895 3130 951 Pater
3175 889 3364 946 carnis
3410 895 3496 942 est

1921 999 2088 1053 Dens.
2133 1015 2152 1048 ι
2176 995 2380 1052 Contra
2433 1007 2619 1064 quam,
2647 1009 2667 1042 ι
2708 989 2816 1044 hoc
2850 997 2936 1042 est
2974 999 3168 1040 rursus
3204 997 3358 1045 vero,
3407 979 3492 1032 vel

1922 1089 2199 1146 contrario
2240 1087 2428 1153 modo,
2469 1083 2618 1156 quod
2659 1081 2922 1138 nimirum
2969 1077 3214 1149 pertinet
3264 1074 3332 1129 ad
3360 1069 3494 1127 illud

1929 1202 1948 1234 ι
1975 1183 2199 1253 proprie
2227 1200 2245 1232 ι
2279 1188 2336 1234 et
2381 1198 2400 1231 ι
2426 1175 2748 1248 improprie,
2779 1191 2799 1225 ι
2839 1172 2908 1227 ad
2937 1168 3244 1225 unitionem
3280 1173 3334 1219 et
3365 1161 3498 1218 sub-

1906 1274 2139 1330 stantia:
2179 1272 2467 1338 unitatem,
2500 1268 2566 1325 ad
2598 1265 2968 1323 diﬂ'erentiam
2999 1271 3319 1315 naturarum
3347 1265 3402 1312 et
3428 1255 3496 1310 ad

1924 1365 2220 1420 discrimen
2258 1377 2370 1433 quo
2415 1367 2601 1416 mente
2631 1355 2990 1428 percipimus,
3021 1367 3147 1406 cum
3178 1346 3500 1405 substantiae

1927 1455 2108 1510 unitas
2179 1451 2400 1524 proprie
2437 1449 2547 1505 dici
2605 1448 2781 1502 Deum
2820 1451 2877 1500 et
2919 1443 3159 1507 Patrem,
3222 1447 3284 1495 ut
3336 1437 3501 1492 unius

1924 1545 2151 1610 Christi,
2203 1544 2272 1598 de
2318 1556 2488 1598 causa
2539 1537 2805 1610 praedicta
2837 1536 3011 1590 Deum
3042 1532 3316 1594 admittat,
3349 1544 3503 1583 cum-

1926 1654 2032 1709 que
2082 1651 2277 1692 rursus
2323 1632 2636 1690 essentiaiis
2692 1637 3018 1685 naturarum
3051 1622 3364 1681 diii‘erentia
3397 1624 3502 1676 im-

1927 1729 2153 1800 proprie
2192 1726 2304 1782 dici
2344 1724 2595 1795 recipiat,
2628 1719 3094 1793 quemadmodum
3145 1716 3202 1770 in
3249 1714 3411 1769 nobis
3445 1727 3504 1766 se

1930 1837 2018 1892 res
2062 1821 2251 1894 habet.
2299 1819 2500 1873 Noster
2552 1817 2703 1872 enim
2749 1812 2975 1884 proprie
3026 1810 3175 1866 Deus
3213 1813 3298 1862 est
3334 1806 3502 1868 Deus,

1929 1921 1991 1966 ut
2027 1912 2195 1967 etiam
2235 1909 2519 1965 Sermonis
2542 1907 2747 1971 carnis,
2777 1903 2876 1960 sed
2897 1916 3010 1956 non
3040 1899 3282 1972 proprie,
3319 1898 3503 1958 Pater,

1929 2013 1992 2058 ut
2012 2019 2114 2058 nec
2139 2001 2421 2057 Sermonis
2451 1999 2654 2054 carnis.
2677 1996 2920 2064 Invicem
2945 1995 3090 2050 enim
3121 2002 3287 2061 atque
3315 1996 3508 2043 mutuo

1930 2111 2053 2165 quae
2087 2093 2256 2150 totius
2307 2099 2437 2148 sunt
2477 2091 2742 2146 debemus
2783 2089 3056 2159 partibus,
3098 2098 3330 2156 quaeque
3380 2096 3512 2150 pro—

1930 2188 2177 2257 priarum
2217 2195 2302 2241 est
2326 2184 2570 2254 partium
2602 2183 2702 2237 toti
2731 2181 3001 2236 debemus
3044 2177 3312 2239 tribuere,
3347 2181 3510 2241 atque

1934 2279 2113 2334 facilis
2135 2277 2244 2333 erit
2267 2285 2324 2331 et
2352 2275 2646 2346 perspicua
2675 2288 2867 2328 eorum
2897 2287 3018 2341 qua:
3041 2275 3347 2324 tractantur
3365 2280 3515 2319 com-

1933 2370 2251 2442 prehensio.
2269 2369 2337 2423 Et
2357 2383 2466 2438 quo
2493 2366 2664 2436 magis
2691 2365 3048 2435 perspicuum
3083 2361 3178 2414 ﬁat
3200 2356 3346 2429 quod
3365 2355 3510 2417 dico,

1936 2462 2155 2533 quando
2203 2469 2263 2515 ut
2313 2458 2677 2514 substantiam
2745 2454 3183 2524 contempl-amur
3233 2447 3512 2503 Christum

1938 2554 2074 2610 illud
2119 2573 2136 2606 ι
2171 2553 2395 2624 proprie
2439 2551 2506 2604 de
2565 2557 2857 2616 utroque,»
2897 2545 2965 2600 de
2998 2545 3131 2603 Deo,
3174 2542 3421 2610 inquam,
3462 2544 3518 2588 et

1938 2649 2121 2711 Patre,
2148 2643 2504 2718 ponendum;
2538 2639 2761 2712 quando
2799 2647 2982 2692 autem
3014 2651 3114 2705 per
3141 2627 3514 2687 exsistentiam

1939 2738 2288 2795 inconfusam
2315 2751 2509 2791 eorum
2544 2735 2598 2788 in
2630 2732 2833 2804 quibus
2859 2738 2913 2784 et
2940 2745 3006 2784 ex
3035 2725 3240 2798 quibus
3261 2727 3516 2778 constant

1939 2829 2143 2887 Christi
2188 2837 2421 2892 natura-3,
2483 2825 2618 2881 illud
2664 2843 2682 2875 ι
2711 2839 2905 2878 rursus
2931 2841 2948 2872 ι
2989 2817 3328 2890 ponendum,
3369 2812 3516 2884 quod

1939 2929 2025 2978 est
2069 2935 2180 2975 non
2220 2917 2463 2990 proprie,
2508 2914 2978 2986 quemadmodum
3025 2913 3081 2966 in
3127 2911 3287 2965 nobis
3329 2924 3388 2963 se
3427 2923 3517 2961 res

1941 3011 2127 3068 habet.
2182 3010 2251 3065 Et
2293 3009 2401 3064 hoc
2445 3009 2720 3080 signiﬁcat
2767 3006 3056 3061 manifesta
3096 3002 3344 3074 magistri
3393 3017 3518 3057 ora-

251 3109 747 3202 ἐγπαλλαττομένων
771 3111 879 3164 τῶν
907 3111 1190 3181 ὀνομάτων
1211 3109 1302 3164 διὰ
1330 3109 1431 3181 τὴν
1459 3109 1780 3182 σύγκρασιν.
1810 3128 1830 3161 ι

1945 3103 2042 3169 ιίο,
2087 3117 2213 3160 cum
2264 3100 2543 3172 subjiciat,
2601 3118 2619 3150 ι
2653 3098 2833 3168 Atque
2882 3097 2987 3151 hoc
3019 3102 3105 3150 est
3153 3093 3303 3164 quod
3342 3093 3522 3147 haere-

253 3201 494 3272 Σημεῖον
518 3201 598 3266 δὲ,
637 3200 799 3270 ἡνίκα
850 3203 908 3256 αί
963 3201 1261 3274 (203a)
1307 3200 1497 3271 φύσεις
1535 3199 1836 3256 διίστανται

253 3295 380 3355 ταῖς
407 3292 697 3360 ἐπινοίαις,
733 3294 1121 3365 συνδιῄρηνται
1149 3293 1244 3347 καὶ
1277 3293 1346 3347 τὰ
1374 3291 1634 3364 ὀνόματα.
1669 3293 1841 3347 Τουτ-

261 3384 431 3450 έστιν,
465 3385 570 3449 ἕως
611 3385 909 3440 ὑπόστασιν
937 3387 1068 3457 μίαν
1115 3388 1337 3451 σκοπεῖς
1381 3385 1472 3440 τὸν
1519 3385 1774 3458 Χριστὸν,
1804 3388 1838 3457 ἠ

259 3476 383 3530 κατ’
439 3477 753 3548 ἐπαλλαγὴν
832 3477 941 3530 τῶν
1009 3477 1292 3546 ὀνομάτων
1367 3474 1644 3542 ἐπίζευξίς
1694 3477 1840 3530 ἐστιν

257 3565 588 3638 ἀδιαίρετος,
627 3567 848 3620 ἐπειδὰν
876 3567 934 3620 δὲ
966 3569 1089 3631 ταῖς
1119 3565 1384 3631 ἐπινοίαις
1421 3566 1714 3638 διαστήσῃς
1743 3567 1842 3630 τὰς

259 3655 690 3728 συμπληρούσας
720 3653 818 3723 τὴν
865 3657 996 3729 μίαν
1071 3657 1372 3712 ὑπόστασιν
1442 3658 1536 3712 τοῦ
1603 3657 1841 3730 Χριστοῦ

259 3749 476 3819 φύσεις,
510 3751 804 3814 συνδιεῖλες
823 3753 946 3816 ταῖς
981 3752 1176 3821 φύσεσι
1230 3753 1324 3807 καὶ
1373 3753 1440 3806 τὰ
1490 3753 1764 3822 ὀνόματα·
1807 3753 1840 3824 ἢ

258 3841 448 3906 πάλιν,
483 3843 716 3913 ἐπείπερ
745 3844 843 3916 τὴν
879 3845 1042 3915 φύσιν
1074 3845 1297 3908 διπλοῦς
1329 3846 1358 3897 6
1392 3845 1648 3917 Χριστὸς,
1679 3846 1844 3916 ἄμφω

258 3935 654 4002 κατηγορεῖται
681 3934 872 4000 αὐτοῦ,
903 3935 964 3988 τὸ
990 3936 1120 4000 Θεὸς
1146 3938 1240 3990 καὶ
1271 3937 1482 4008 Πατὴρ,
1511 3939 1714 4008 κυρίως
1747 3938 1844 4008 μὲν

257 4026 428 4095 ἡνίκα
477 4031 904 4095 συνεκφωνεῖται
950 4029 1302 4100 καταλλήλως
1356 4034 1476 4092 ταῖς
1530 4029 1725 4099 φύσεσι
1773 4029 1845 4082 τά

257 4118 526 4187 ὀνόματα,
560 4118 619 4170 οὑ
651 4119 858 4190 κυρίως
897 4119 955 4173 δὲ
975 4121 1103 4174 ὅταν
1131 4123 1166 4191 ἡ
1189 4121 1333 4175 κατὰ
1373 4121 1537 4190 φύσιν
1577 4121 1843 4192 ἐκατέρου

257 4208 376 4260 τῶν
409 4207 469 4271 ἐξ
494 4201 566 4261 ὧν
594 4210 655 4262 ἐν
693 4206 774 4272 οἷς
806 4227 866 4263 τε
897 4211 991 4263 καὶ
1036 4209 1180 4282 ἅπερ
1223 4211 1340 4263 ἐστι
1381 4209 1598 4280 θατέρῳ
1628 4209 1716 4264 διὰ
1745 4210 1845 4280 τὴν

265 4303 398 4373 μίαν
431 4302 730 4356 ὑπόστασιν
779 4303 1220 4374 ὲπηλλαγμένως
1253 4301 1592 4356 άντιδίδωται
1627 4301 1842 4372 κτῆσις.

260 4394 445 4474 Ὅπερ
482 4398 650 4448 ποιεῖν
685 4395 759 4467 μὴ
790 4395 1181 4463 γινώσκοντες,
1233 4395 1267 4465 ἢ
1304 4392 1640 4466 κυριώτερον
1670 4396 1846 4448 εἰπεῖν

1941 3199 2080 3254 ticos
2114 3197 2171 3251 in
2211 3210 2464 3250 errorem
2500 3193 2733 3257 inducit,
2769 3206 2971 3260 nempe
3002 3189 3290 3244 nominum
3323 3187 3522 3239 horum

1939 3284 2277 3355 coniunctio,
2309 3282 2636 3353 permutatis
2654 3280 2917 3335 videlicet
2939 3280 3083 3333 inter
3115 3293 3172 3338 se
3199 3274 3526 3332 nominibus

1945 3385 2176 3450 propter
2213 3383 2426 3431 naturae
2484 3374 2776 3442 utriusque
2825 3369 3246 3425 connexionem.
3281 3385 3299 3418 ι
3350 3369 3524 3436 Argu-

1941 3477 2130 3526 mento
2171 3476 2256 3524 est
2290 3465 2435 3537 quod
2474 3480 2602 3520 cum
2646 3471 2863 3517 naturae
2893 3460 3083 3515 animo
3113 3467 3168 3513 et
3191 3455 3526 3528 cogitatione

1941 3561 2384 3630 distinguuntur,
2440 3556 2604 3611 simul
2639 3568 2862 3624 quoque
2914 3551 3140 3606 nomina
3171 3549 3524 3603 dividuntur.

1945 3652 2058 3706 Hoc
2112 3657 2216 3712 est,
2262 3645 2512 3716 quandiu
2559 3644 2845 3700 Christum
2901 3657 3068 3695 unam
3132 3638 3529 3708 contemplaris

1945 3741 2334 3800 substantiam,
2385 3734 2670 3788 nominum
2719 3729 3024 3786 secundum
3059 3728 3527 3800 permutationem

1947 3828 2267 3901 conjunctio
2303 3823 2587 3880 individua
2619 3832 2726 3886 est,
2745 3822 2838 3876 ubi
2868 3829 3052 3875 autem
3095 3820 3378 3875 intellectu
3412 3818 3531 3873 dis-

1955 3917 2342 3977 eriminaveris
2381 3925 2611 3970 naturas
2629 3929 2752 3984 quae
2771 3911 2978 3967 Christi
3005 3910 3327 3966 substantiae
3345 3909 3528 3963 unita-

1947 4025 2059 4071 tem
2083 4017 2494 4073 consummant,
2528 4023 2637 4062 una
2664 4021 2789 4061 cum
2816 4005 3030 4059 naturis
3057 4003 3282 4058 nomina
3309 4016 3532 4071 quoque

1946 4101 2422 4172 discriminabis'ﬁ
2445 4112 2543 4154 aut
2595 4114 2810 4163 rursus,
2861 4110 2988 4152 cum
3034 4094 3289 4150 Christus
3331 4093 3534 4162 duplex

1947 4210 2149 4255 natura
2194 4197 2286 4260 sit,
2331 4202 2632 4262 utrumque
2673 4191 2742 4246 de
2785 4206 2852 4246 eo
2908 4182 3264 4259 praedicatur,
3301 4195 3358 4241 et
3387 4186 3535 4240 Deus

1945 4301 2002 4348 et
2025 4294 2208 4356 Pater,
2231 4289 2459 4360 proprie
2480 4287 2701 4358 quidem
2720 4285 2943 4356 quando
2964 4283 3184 4339 naturis
3200 4281 3535 4336 convenien-

1949 4394 2034 4441 ter
2063 4384 2290 4438 nomina
2329 4381 2496 4436 simul
2530 4379 2989 4449 pronuntiantur,
3016 4375 3318 4445 improprie
3348 4368 3540 4428 autem

263 4488 343 4558 μὴ
372 4467 712 4556 ἀνεχόμενοι,
738 4489 787 4540 οἱ
816 4487 939 4540 τότε
969 4487 1065 4540 καὶ
1090 4488 1139 4540 oi
1164 4485 1258 4540 νῦν
1280 4486 1547 4557 αίρετικοὶ
1566 4486 1657 4538 τὸν
1691 4503 1836 4556 μονο-

1952 4477 2175 4550 quando
2208 4475 2480 4531 naturalis
2522 4473 2816 4541 utriusque
2845 4469 3127 4540 possessio
3155 4482 3348 4522 eorum
3365 4467 3532 4521 ainde

258 4580 398 4649 γενῆ
446 4579 578 4631 Θεὸν
626 4580 797 4647 Λόγον
841 4578 1183 4649 βλασφημεῖν
1229 4579 1290 4631 οὑ
1334 4577 1748 4648 παραιτοῦνται,
1797 4581 1846 4632 oi

265 4671 369 4741 μὲν
393 4670 474 4731 είς
502 4668 708 4737 κτίσμα
737 4667 1072 4734 κατάγοντες
1110 4665 1199 4719 διὰ
1229 4664 1298 4718 τὰ
1336 4663 1679 4735 ἀνθρώπινα,
1713 4667 1759 4717 oi
1790 4664 1846 4717 δὲ

258 4762 366 4832 τὴν
397 4760 709 4830 οἰκονομίαν
746 4759 1068 4828 συγχέοντες
1119 4756 1208 4810 διὰ
1228 4757 1328 4826 τὴν
1369 4757 1596 4828 ἄρνησιν
1641 4756 1749 4808 τῶν
1789 4755 1847 4822 ἐξ

262 4847 346 4907 ὧν
381 4853 493 4905 ἐστι
517 4851 753 4918 φύσεων.
798 4849 992 4913 Ἀλλος
1024 4847 1079 4901 δὲ
1097 4849 1236 4902 πάνυ
1268 4847 1335 4901 τὰ
1363 4847 1484 4900 θεῖα
1514 4847 1677 4916 σοφὸς
1717 4847 1845 4902 τοῦ·

259 4963 362 5000 τον
406 4943 703 5015 ἐρωτηθεὶς
757 4945 888 5014 παρ’
950 4941 1088 5011 ἐμοῦ
1123 4942 1214 4995 τὸν
1244 4940 1406 4995 τόπον
1444 4940 1585 5009 ἔφη’
1625 4941 1700 4993 Τὸ
1750 4942 1848 5011 μὲν

266 5058 287 5091 ι
315 5039 542 5109 κυρίως,
563 5056 580 5088 ι
616 5037 676 5089 τὸ
699 5035 757 5088 δὲ
797 5053 814 5086 ι
843 5035 904 5087 οὑ
944 5033 1148 5106 κυρίως
1177 5036 1263 5087 ἐπ’
1291 5035 1517 5105 ἀμφοῖν,
1552 5053 1570 5083 ι
1618 5035 1716 5102 τῆς
1749 5034 1849 5087 αὑ-

261 5130 370 5200 τῆς
390 5132 505 5182 ἐστι
537 5128 876 5198 κατηγορίας
905 5127 1003 5193 τῆς
1048 5125 1324 5195 σχετικῆς,
1357 5125 1470 5178 εἴτε
1500 5125 1598 5196 τῆς
1632 5127 1845 5197 Πατὴρ,

261 5224 381 5280 εἴτε
405 5223 503 5290 τῆς
531 5220 684 5285 Θεὸς,
715 5221 749 5291 ἢ
775 5221 869 5273 καὶ
890 5219 1182 5290 ἑκατέρας,
1229 5217 1301 5281 ὡς
1348 5217 1432 5286 ἐφ’
1461 5217 1578 5281 ένὸς
1611 5217 1847 5288 Χριστοῦ

259 5315 580 5386 τιθεμένης,
637 5314 729 5367 τοῦ
771 5312 1100 5377 συνεστῶτος
1143 5315 1208 5366 ἐκ
1247 5313 1392 5367 δυοῖν
1419 5313 1529 5365 τῶν
1567 5312 1847 5379 ἐναντίων,

271 5431 292 5462 ι
314 5407 521 5478 κυρίως
541 5425 566 5457 ι
614 5408 704 5458 καὶ
742 5425 760 5456 ι
787 5406 848 5458 οὑ
891 5403 1116 5473 κυρίως.
1144 5423 1162 5456 ι
1217 5403 1278 5456 Ei
1318 5403 1414 5474 μὲν
1442 5403 1573 5466 Θεὸς
1610 5405 1637 5457 6
1659 5403 1848 5474 Πατὴρ

261 5500 364 5554 τοῦ
415 5498 655 5569 Χριστοῦ
706 5496 926 5567 λεχθείη
975 5495 1120 5550 κατὰ
1171 5494 1271 5564 τὴν
1317 5496 1562 5548 ἐπίνοιαν
1595 5495 1706 5547 τῶν
1756 5494 1848 5547 δύο

264 5592 514 5662 φύσεων,
574 5608 590 5640 ι
616 5589 822 5660 κυρίως
848 5607 865 5638 ι
900 5587 996 5657 μὲν
1029 5586 1124 5639 τοῦ
1181 5585 1480 5655 κτίσματος
1518 5586 1583 5639 ἂν
1610 5585 1846 5654 λέγοιτο,

269 5705 289 5731 σ
324 5683 384 5736 οὑ
419 5680 620 5751 κυρίως
649 5699 667 5731 ι
701 5679 758 5732 δὲ
788 5677 881 5731 τοῦ
913 5677 1046 5730 Θεοῦ
1075 5677 1269 5745 Λόγου.
1318 5674 1549 5746 Ὁμοίως
1581 5674 1636 5727 δὲ
1663 5677 1756 5729 καὶ
1787 5676 1849 5727 ἐκ

261 5771 377 5824 τῶν
411 5770 664 5825 ἐναντίων
692 5769 879 5838 Πατὴρ
925 5767 1169 5839 «κυρίως
1198 5787 1215 5819 ›
1272 5765 1366 5819 τοῦ
1428 5765 1621 5833 Λόγον,
1659 5764 1750 5818 τοῦ
1795 5765 1850 5818 δὲ

1947 4579 2003 4625 et
2035 4569 2089 4623 in
2127 4568 2331 4638 quibus
2350 4564 2570 4619 exsistit
2591 4561 2739 4632 quod
2768 4563 2985 4617 exsistit
3017 4560 3270 4616 alterutri
3303 4565 3536 4629 propter

1950 4664 2275 4720 substantiae
2341 4661 2609 4714 unitatem
2677 4657 2914 4711 invicem
2974 4652 3323 4708 attribuitur.
3375 4650 3532 4717 Quod

1950 4775 2075 4813 cum
2107 4755 2291 4811 facere
2333 4752 2601 4815 nesciant,
2632 4759 2746 4814 aut,
2773 4759 2834 4803 ut
2863 4748 3039 4818 magis
3071 4746 3293 4817 proprie
3331 4743 3533 4807 dicam,

1952 4865 2063 4905 non
2108 4848 2422 4903 sustineant
2478 4856 2537 4899 et
2586 4844 2956 4914 reiragentur,
3009 4847 3224 4895 veteres
3265 4846 3322 4892 et
3369 4833 3533 4890 hodie

1951 4940 2047 5012 qui
2094 4945 2312 4994 exstant
2340 4934 2588 4990 hasretici
2617 4934 2960 5004 unigenitum
3005 4931 3176 4985 Deum
3213 4927 3531 4982 Sermonem

1951 5032 2338 5102 blasphemare
2374 5044 2485 5083 non
2519 5027 2854 5092 detrectant,
2905 5015 3057 5078 nunc
3107 5022 3173 5076 ad
3222 5030 3533 5076 creaturam

1951 5140 2080 5181 eum
2108 5120 2473 5193 deprimendo
2500 5128 2728 5189 propter
2766 5118 3029 5184 humana,
3065 5129 3215 5169 nunc
3247 5111 3534 5181 dispensa-

1956 5217 2165 5271 tionem
2186 5211 2579 5269 coni'undendo
2610 5226 2708 5280 per
2727 5220 2919 5264 earum
2953 5206 3100 5261 unde
3126 5211 3344 5259 constat
3369 5207 3536 5256 natu-

1955 5322 2142 5363 rarum
2180 5303 2616 5375 renegationem.
2648 5301 2804 5355 Alius
2823 5312 2958 5353 vero
2999 5295 3318 5352 divinarum
3349 5306 3538 5347 rerum

1953 5397 2330 5470 peritissimus
2376 5413 2405 5449 a
2435 5409 2520 5449 me
2568 5392 2862 5448 consultus
2905 5390 2958 5443 in
2993 5389 3144 5442 hunc
3169 5385 3282 5441 fere
3311 5382 3539 5439 modum

1954 5491 2355 5559 interpretatus
2381 5479 2506 5540 est:
2539 5484 2653 5538 l-loc
2688 5502 2706 5534 ι
2735 5481 2978 5553 proprie,
3006 5499 3022 5531 ι
3073 5486 3130 5534 et
3171 5475 3328 5541 illud,
3364 5494 3383 5527 ‹
3435 5473 3542 5529 im-

1953 5582 2180 5652 proprie
2227 5599 2243 5630 ι
2294 5579 2362 5634 de
2393 5585 2649 5646 utroque,
2679 5596 2694 5625 ν
2721 5572 2968 5644 ejusdem
3021 5578 3105 5625 est
3134 5565 3540 5639 prmdieationis

1957 5672 2216 5735 reiativm,
2248 5671 2365 5724 sive
2389 5669 2589 5732 Patris,
2617 5666 2734 5720 sive
2757 5664 2878 5727 Dei,
2903 5665 3020 5718 sive
3048 5662 3213 5716 etiam
3247 5657 3538 5725 utriusque

1957 5762 2220 5827 nominis,
2244 5770 2301 5816 ut
2323 5761 2389 5814 dc
2419 5757 2761 5814 uuoChristo
2789 5765 3084 5817 usurpat-.0,
3113 5751 3203 5820 qui
3228 5767 3292 5803 ex
3317 5747 3538 5801 duobus
