4012 6396
1574 132 1610 146 ν

282 434 411 486 ἀπὸ
441 431 576 494 ιδίας
609 431 783 502 ἀρχῆς
813 429 925 501 ἔχει
952 429 1043 484 τὸν
1081 430 1290 502 εἱρμὸν.
1320 431 1406 483 ἵνα
1511 432 1570 484 τὸ
1595 434 1774 487 ’κῶλον
1795 435 1886 488 οὑ-

282 543 412 590 τως
440 524 863 596 όμαλιζόμενον,
906 539 924 574 ι
947 523 1034 586 Ὡς
1063 523 1173 593 γὰρ
1201 523 1464 578 ἀδύνατον
1489 519 1624 577 εἶναι
1650 525 1881 600 λέγομεν

290 621 538 693 πονηρὸν
570 616 710 675 εῖναι
739 621 891 684 Θεὸν,
924 638 942 671 ι
971 618 1068 673 καὶ
1099 618 1273 684 στίξαι
1305 619 1402 673 καὶ
1433 619 1592 675 πάλιν
1619 621 1884 692 ἄρξασθαι

287 717 572 786 νοήματος
601 714 793 785 ἐτέρου
823 712 920 768 καὶ
947 714 1412 784 προσεπαγαγεῖν,
1452 715 1554 768 «Ἦ
1583 714 1660 784 μὴ
1686 709 1878 776 εἶναι,›

286 809 422 864 ἀντὶ
451 807 546 862 τοῦ
575 807 931 878 ἀνύπαρκτον
956 802 1119 860 εῖναι.

296 1159 434 1232 Ἐκ⁶
459 1172 567 1228 τοῦ
613 1169 803 1226 αὐτοῦ
849 1169 1060 1238 λόγου,
1109 1171 1196 1234 εὶς
1226 1167 1316 1233 τὸ,
1358 1187 1376 1218 ι
1411 1171 1616 1236 Ἔχεις
1644 1163 1751 1230 τὰς
1779 1162 1888 1216 τοῦ

361 1265 502 1322 υίοῦ
561 1263 970 1333 προσηγορίας
999 1301 1014 1326 ,
1073 1257 1282 1325 ,ϐάδιζε
1343 1257 1418 1312 δι’
1457 1256 1688 1321 αὐτῶν,
1748 1254 1890 1308 ὅσαι

361 1358 599 1428 ὑψηλαὶ
631 1397 644 1420 ,
703 1355 954 1419 θεϊκῶς,
1011 1351 1110 1406 καί
1160 1351 1302 1404 ὅσαι
1327 1348 1676 1418 σωματικαὶ,
1732 1363 1887 1416 συμ-

364 1448 590 1515 παθῶς,
621 1445 864 1516 μᾶλλον
887 1443 955 1498 δὲ
984 1443 1133 1498 ὅλον
1158 1440 1392 1507 θεῒκῶς,
1423 1442 1524 1495 ἵνα
1553 1439 1699 1510 γένῃ
1733 1439 1881 1504 Θεὸς

362 1539 631 1596 κάτωθεν
661 1533 936 1591 ἀνελθὼν
981 1532 1079 1586 διὰ
1103 1531 1212 1586 τὸν
1240 1531 1602 1586 κατελθόντα
1627 1527 1701 1584 δι’
1722 1527 1880 1598 ἡμᾶς

363 1630 596 1684 ἄνωθεν
634 1627 768 1699 (18).
809 1645 826 1676 ι

1556 325 2075 391 AMBIGUORUM
2115 332 2360 394 LIBER.

3435 343 3584 412 1274

1915 468 1964 523 Α
1991 439 2168 494 Absit.
2195 439 2302 495 Sed
2334 458 2493 498 suum
2522 449 2953 519 unumquodque
2981 467 3009 506 a
3040 468 3142 507 suo
3169 455 3393 524 proprio
3418 457 3572 526 prin-

1991 529 2140 598 cipio
2170 545 2372 586 nexum
2403 535 2592 604 habet,
2618 547 2679 591 ut
2702 542 3009 597 membrum
3041 545 3312 601 orationis
3339 547 3470 602 illud
3495 549 3570 603 ita

1993 622 2428 691 complanetur:
2467 645 2485 678 ι
2519 627 2990 694 Quemadmodum
3029 635 3178 690 enim
3230 637 3570 708 impossibile

1987 726 2110 768 esse
2139 715 2374 788 djcimus
2404 722 2606 774 malum
2633 737 2754 778 esse
2782 726 2972 793 Deum,
3001 747 3020 779 ι
3044 737 3300 799 postqum
3322 730 3571 787 inciden-

1989 804 2118 860 dum
2141 817 2244 874 est,
2281 818 2342 864 ut
2365 828 2559 868 rursus
2589 816 2826 872 alterum
2867 821 3215 876 enuntiatum
3253 821 3380 877 inde
3411 822 3570 879 addi-

1988 901 2118 973 tum‘
2139 896 2370 968 incipiat
2421 919 2435 955 :
2493 921 2512 954 ι
2539 902 2652 959 Aut
2691 921 2944 965 non-esse
2966 950 2981 975 ,
3011 928 3028 962 ι
3063 909 3118 965 id
3143 919 3228 967 est
3251 911 3570 969 exsistentia

1985 998 2199 1041 carere.

1987 1162 2073 1216 Ea:
2106 1167 2285 1220 eodem
2319 1184 2588 1237 sermone,
2611 1174 2665 1227 in
2699 1174 2836 1228 illud
2868 1191 2886 1230 :
2930 1194 2950 1226 ι
2987 1175 3160 1230 Habes
3192 1173 3294 1244 filii
3328 1176 3570 1246 appella-

2060 1259 2257 1326 tiones,
2291 1277 2386 1331 per
2429 1279 2518 1317 eas
2568 1265 2780 1332 incede,
2811 1283 2907 1338 per
2951 1284 3070 1333 eas,
3102 1269 3352 1338 inquam,
3387 1285 3568 1322 ontnes

2058 1365 2175 1420 quin
2211 1351 2460 1407 sublimes
2497 1363 2650 1420 sunt,
2677 1357 2888 1424 divine,
2933 1375 3029 1429 per
3068 1375 3348 1429 corporeus
3390 1369 3567 1414 autem

2059 1441 2320 1506 humane,
2346 1443 2452 1496 imo
2482 1460 2605 1502 vero
2633 1462 2852 1516 prorsus
2879 1447 3086 1512 divine,
3107 1457 3164 1501 ut
3194 1464 3258 1502 ea:
3283 1450 3402 1502 imis
3430 1449 3566 1502 hisce

2061 1528 2345 1582 ascendens
2384 1529 2487 1598 ﬁas
2525 1531 2665 1586 Deus
2703 1527 2917 1605 propter
2947 1551 3066 1590 cum
3105 1537 3194 1606 qui
3229 1545 3442 1607 propter
3473 1551 3565 1590 nos

2057 1617 2121 1670 de
2147 1619 2390 1688 supernis
2412 1619 2694 1676 descendit.
2727 1642 2746 1674 ι

379 1745 437 1798 '0
489 1743 584 1797 τὸν
632 1743 758 1796 νοῦν
811 1741 898 1795 διὰ
945 1741 1044 1813 τῆς
1085 1740 1296 1812 ὑψηλῆς
1329 1739 1564 1810 θεωρίας
1607 1736 1752 1792 κατὰ
1783 1735 1879 1808 τὴν

2056 1748 2160 1816 Qui
2202 1761 2443 1808 mentem
2483 1753 2707 1809 sublimi
2746 1758 3210 1828 contemplatione
3241 1774 3342 1832 per
3373 1759 3568 1814 unius-

276 1839 527 1892 ἑκάστου
561 1836 670 1891 τῶν
699 1835 860 1890 θείων
887 1835 1172 1903 ὀνομάτων
1216 1833 1464 1886 ἐπίνοιαν
1493 1830 1881 1900 καταφωτίσας

275 1933 394 1986 καὶ
426 1931 563 2003 πρὸς
595 1930 686 1984 τὸν
715 1927 946 2000 ἀρχικὸν
977 1927 1212 1981 ἑκάστου
1263 1925 1360 1979 καὶ
1392 1921 1766 1994 πνευματικὸν
1792 1921 1880 1974 λό-

275 2039 392 2091 γον
425 2019 721 2090 ἀναγαγών
749 2037 810 2072 τε
856 2020 952 2072 καὶ
985 2017 1360 2088 μεταποιήσας
1383 2055 1399 2081 ,
1456 2013 1550 2066 καὶ
1593 2013 1708 2076 τοῖς
1741 2011 1882 2080 ὑπὲρ

276 2115 496 2187 ἀρετῆς
524 2113 710 2177 πόνοις
753 2109 815 2164 τὸ
847 2109 1106 2181 φρόνημα
1136 2108 1238 2176 τῆς
1268 2107 1471 2176 σαρκὸς
1498 2103 1880 2168 καθυποτάξας

273 2207 373 2280 τῷ
405 2207 676 2277 πνεύματι
695 2246 710 2272 ,
749 2203 987 2274 ὑπήκοό;
1012 2220 1074 2256 τε
1110 2201 1274 2274 μέχρι
1301 2199 1536 2254 θανάτου
1564 2197 1876 2268 γενόμενος,

275 2293 449 2362 οὗτος
481 2295 697 2368 άληθῶς
727 2295 910 2368 βάδιζε
949 2313 968 2346 ι
996 2294 1086 2348 διὰ
1112 2292 1223 2346 τῶν
1251 2291 1415 2345 θείων
1439 2288 1822 2362 προσηγοριῶν
1853 2309 1872 2341 ι

278 2391 602 2462 ἀμέμπτως
651 2389 798 2443 κατά
827 2405 890 2441 τε
931 2385 1152 2458 πνεῦμα
1202 2385 1298 2440 καὶ
1331 2385 1510 2456 σάρκα
1535 2423 1550 2448 ,
1603 2383 1700 2456 τὴν
1729 2383 1880 2435 θείαν

279 2483 392 2537 καὶ
411 2483 549 2553 πρὸς
566 2479 700 2534 Θεὸν
722 2480 966 2550 ἄγουσαν
987 2477 1215 2550 πορείαν
1231 2477 1576 2547 ποιούμενος,
1596 2495 1613 2524 ι
1627 2473 1840 2545 ὑψηλῶς
1855 2491 1872 2523 ι

286 2575 397 2644 μὲν
448 2575 589 2628 κατά
637 2574 740 2646 τὴν
785 2573 1059 2644 μυστικὴν
1105 2572 1340 2644 θεωρίαν
1384 2570 1475 2625 διὰ
1514 2569 1624 2624 τῶν
1661 2568 1879 2638 ὑψηλῶν

282 2668 574 2738 ὀνομάτων
597 2706 614 2732 ,
677 2686 696 2720 ι
734 2664 1038 2736 συμπαθῶς
1071 2683 1090 2716 ι
1134 2664 1193 2717 δὲ
1248 2663 1388 2718 κατὰ
1429 2663 1530 2734 τὴν
1567 2661 1878 2732 πρακτικὴν

287 2761 636 2831 φιλοσοφίαν,
676 2759 764 2812 διὰ
789 2757 896 2812 τῶν
927 2755 1264 2828 σωματικῶν
1292 2755 1430 2827 πρὸς
1456 2756 1558 2826 τὴν
1585 2755 1698 2808 ἄνω
1725 2751 1878 2825 λῆξιν

285 2852 667 2923 ἐπειγόμενος,
707 2871 727 2904 ι
759 2849 960 2922 μᾶλλον
981 2849 1040 2903 δὲ
1067 2848 1130 2904 τὸ
1153 2848 1274 2902 ὅλον
1300 2847 1547 2911 θεῖκῶς,»
1573 2847 1648 2910 ῶς
1671 2845 1880 2918 θεωρη-

282 2947 452 3015 τικῆς
482 2943 650 3034 οσὺσης
701 2946 795 2998 καὶ
827 2944 926 3014 τῆς
956 2942 1213 3012 πράξεως
1259 2941 1354 2995 καὶ
1397 2941 1622 3012 λογικῆς
1655 2943 1878 3012 χάριτος

1984 1841 2256 1912 cujusque
2305 1842 2622 1900 divinarum
2671 1848 3097 1918 appellationum
3149 1849 3565 1920 interpretatio-

1982 1948 2109 1988 nem
2137 1933 2437 1990 illustravit
2461 1947 2518 1992 et
2545 1938 2612 1993 ad
2642 1939 3002 2010 principalem
3030 1941 3300 2012 cujusque
3324 1950 3381 1996 et
3402 1941 3568 2011 spiri—

1985 2025 2191 2080 tualem
2226 2027 2497 2083 rationem
2533 2021 2796 2086 subduxit
2827 2041 2994 2103 atque
3027 2033 3471 2097 transformavit,
3502 2048 3566 2088 ac

1981 2115 2269 2180 laboribus
2305 2133 2408 2188 pro
2445 2120 2654 2176 virtute
2689 2122 2966 2192 susceptis
3002 2123 3351 2193 prudentiam
3385 2123 3567 2199 carnis

1982 2206 2207 2276 spiritui
2250 2209 2518 2280 subjecit,
2562 2211 2631 2266 ad
2673 2222 2910 2268 mortem
2954 2229 3134 2284 usque
3176 2214 3444 2269 obediens
3483 2214 3567 2268 fa—

1981 2307 2104 2355 ctus
2129 2309 2174 2368 ε,
2202 2301 2250 2357 is
2279 2317 2410 2358 vere
2445 2303 2640 2360 incede
2680 2323 2699 2354 ι
2736 2320 2837 2374 per
2865 2305 3080 2364 divinas
3111 2307 3508 2378 appellationes
3539 2327 3558 2359 ι

1979 2401 2036 2449 ει
2065 2393 2263 2463 spiritu
2296 2394 2865 2464 irreprehcnsibiliter
2887 2407 2944 2453 et
2968 2413 3155 2465 carne,
3181 2397 3428 2452 divinum
3460 2399 3566 2453 iter

1980 2491 2037 2538 et
2072 2484 2221 2554 quod
2257 2485 2326 2539 ad
2367 2485 2542 2540 Deum
2583 2486 2740 2542 ducit
2782 2488 3129 2559 ingrediens,
3175 2508 3192 2541 ι
3236 2489 3492 2545 sublimis
3539 2509 3558 2541 ›

1980 2577 2206 2646 quidem
2239 2577 2548 2634 secundum
2582 2579 2870 2650 mysticam
2906 2581 3428 2652 contemplationem
3467 2596 3568 2652 per

1981 2667 2248 2724 sublimes
2304 2670 2734 2740 appellationes,
2769 2689 2788 2722 ι
2819 2671 3122 2742 eademque
3175 2673 3394 2742 patiens
3428 2690 3446 2723 ι
3479 2687 3578 2727 se-'

1981 2760 2223 2816 eundum
2261 2763 2562 2832 practicam
2596 2759 3034 2834 philosophiam,
3067 2763 3198 2818 dum
3234 2779 3332 2833 per
3349 2779 3564 2834 corpo-

1981 2854 2116 2908 ralia
2157 2853 2224 2908 ad
2266 2869 2562 2924 supernam
2607 2869 2871 2925 properas
2906 2855 3174 2926 quietem,
3216 2874 3234 2906 ι
3285 2853 3396 2908 imo
3431 2869 3565 2908 vero

1980 2961 2210 3016 prorsus
2237 2945 2449 3024 divine,
2489 2965 2508 2998 ι
2551 2961 2675 3001 cum
2709 2947 3134 3017 contemplativa
3165 2957 3258 3001 tua
3291 2943 3457 3000 etiam
3493 2945 3567 3000 sit

289 3041 368 3110 μὴ
399 3033 761 3110 άμόιρούσηςο
795 3036 912 3090 ἀλλ’
935 3037 1058 3090 ὅτου
1087 3035 1248 3106 χάριν
1279 3035 1376 3106 τὴν
1409 3034 1546 3105 πρὸς
1575 3033 1672 3106 τὴν
1701 3035 1879 3104 σάρκα

1992 3037 2128 3092 actio
2173 3044 2230 3091 et
2271 3036 2532 3090 rationali
2573 3036 2751 3107 gratia
2793 3051 2905 3092 non
2949 3036 3223 3107 indigeat;
3269 3034 3362 3090 sed
3406 3035 3566 3105 cujus

283 3131 576 3203 γνωμικὴν
630 3129 984 3202 ἀλλοτρίωσιν
1044 3127 1132 3182 διὰ
1181 3129 1278 3197 τῆς
1329 3127 1540 3190 τελείας
1573 3125 1876 3196 περιτομῆς

283 3224 400 3278 τῶν
445 3223 616 3294 αὑτῆς
665 3221 917 3292 φυσικῶν
962 3219 1280 3291 κινημάτων
1333 3219 1508 3272 εἵλετο
1553 3218 1742 3288 σαφῶς
1772 3218 1876 3270 ὑπ-

284 3315 572 3388 αγορεύων
601 3315 814 3387 ὅτιπερ,
853 3313 940 3366 ἵνα
969 3313 1194 3382 γένηται
1221 3313 1313 3364 καὶ
1339 3311 1501 3376 αὐτὸς
1521 3311 1704 3382 χάριτι
1723 3309 1873 3374 Θεὸς,

284 3412 433 3483 ὑπὲρ
460 3410 562 3482 τὴν
593 3410 724 3482 ὓλην
759 3409 902 3462 κατὰ
930 3407 1110 3479 σάρκα
1141 3405 1230 3460 διὰ
1255 3408 1353 3476 τῆς
1379 3403 1631 3476 πράξεως
1649 3405 1726 3467 ³³,
1786 3402 1878 3456 καὶ

282 3503 432 3556 κατὰ
456 3501 582 3556 νοῦν
607 3500 696 3555 διὰ
722 3499 956 3572 θεωρίας
989 3499 1130 3568 ὑπὲρ
1159 3499 1219 3550 τὸ
1245 3493 1404 3562 εἶδος,
1439 3495 1624 3568 (209
1644 3495 1694 3565 b)
1723 3494 1781 3560 ἐξ
1803 3487 1877 3548 ὧν

282 3599 318 3669 ἡ
361 3595 473 3649 τῶν
499 3595 671 3650 ὄντων
703 3591 938 3664 ὕπαρξις
970 3591 1280 3660 ὑφέστηκεν
1305 3629 1320 3653 ,
1381 3588 1573 3642 ἑαυτὸν
1603 3587 1876 3656 καταστή-

283 3707 392 3752 σας
411 3730 427 3756 ,
486 3687 582 3742 καὶ
610 3687 671 3742 τὸ
699 3687 820 3741 ὅλον
846 3687 1056 3750 εἰπεῖν,
1115 3685 1256 3739 κατὰ
1283 3684 1382 3754 τὴν
1407 3683 1522 3750 ἕξιν
1550 3683 1648 3754 τῆς
1677 3683 1878 3754 ἀρετῆς

281 3782 383 3836 καὶ
433 3779 536 3850 τῆς
581 3777 836 3847 γνώσεως
879 3775 1042 3840 άῦλος
1093 3774 1192 3830 καὶ
1239 3774 1476 3838 ἅνείδεος
1511 3773 1686 3842 πάντη
1721 3773 1877 3841 γενό-

285 3889 452 3942 μενος
476 3909 492 3934 ,
545 3869 634 3923 διὰ
661 3869 754 3922 τὸν
781 3867 850 3920 δι’
877 3867 1024 3937 ἡμᾶς
1073 3865 1262 3938 tvm-ﬂ
1293 3866 1388 3920 καὶ
1411 3867 1542 3919 εῖδει
1579 3865 1705 3919 καθ’
1727 3867 1877 3935 ἡμᾶς

281 3963 508 4035 ἀληθῶς
536 3961 596 4027 ἐξ
619 3960 777 4032 ἡμῶν
805 3959 1101 4030 γενόμενον
1124 3957 1258 4012 Θεὸν
1281 3957 1476 4024 Λόγον,
1503 3956 1595 4010 τὸν
1619 3957 1759 4010 κατὰ
1779 3957 1879 4024 φὺ-

284 4073 376 4108 σιν
429 4053 634 4123 κυρίως
677 4051 842 4107 ἄϋλον
876 4051 969 4104 καὶ
1016 4048 1274 4103 ἀνείδεον.
1317 4048 1392 4100 Ἢ
1438 4047 1535 4101 καὶ
1579 4047 1742 4101 πάλιν
1771 4047 1830 4100 τό
1857 4065 1872 4080 ο

291 4169 310 4200 ι
341 4146 560 4201 Μᾶλλον
582 4144 640 4197 δὲ
667 4143 788 4198 ὅλον
815 4141 1068 4206 θεῖκῶς,›
1103 4139 1192 4193 διὰ
1215 4139 1314 4210 τὴν
1338 4140 1703 4210 ἐγγενομένην
1729 4139 1876 4210 αὑτῷ

284 4233 702 4306 κατορθώσαντι
757 4231 856 4303 τὴν
907 4231 1135 4302 ὲφικτὴν
1187 4228 1496 4302 ἀνθρώποις
1537 4229 1740 4302 ἀρετὴν
1785 4231 1880 4284 καὶ

283 4327 493 4398 γνῶσιν
512 4365 526 4390 ,
565 4327 630 4379 ὲκ
661 4325 760 4394 τῆς
795 4323 933 4394 πρὸς
960 4323 1053 4380 τὸν
1075 4314 1216 4376 Θεὸν
1241 4323 1336 4377 καὶ
1363 4321 1455 4375 τὸν
1481 4321 1712 4392 πλησίον
1739 4339 1878 4392 συμ-

1981 3127 2156 3200 gratia
2210 3126 2515 3182 voluntatis
2571 3143 2602 3182 a
2655 3142 2824 3182 carne
2877 3127 3269 3182 alienationem
3323 3126 3566 3196 perfecta

1979 3221 2102 3290 ejus
2146 3218 2486 3274 naturalium
2535 3219 2840 3274 motionum
2889 3219 3315 3274 circumcisione
3357 3218 3568 3288 ceperit

1979 3324 2171 3386 aperte
2207 3315 2438 3381 indicat,
2463 3316 2728 3370 nimirum
2766 3325 2828 3370 ut
2859 3316 3026 3370 etiam
3067 3316 3184 3386 ipse
3217 3315 3388 3386 gratia
3423 3315 3568 3370 Deus

1981 3404 2161 3472 ﬁeret,
2184 3422 2351 3476 super
2370 3406 2658 3461 materiam
2687 3406 2741 3460 in
2765 3421 2932 3461 carne
2955 3423 3055 3476 per
3080 3407 3374 3470 actionem,
3401 3407 3568 3475 inque

1981 3507 2165 3554 mente
2195 3514 2296 3569 per
2325 3499 2846 3568 contemplationem
2879 3513 3048 3568 super
3070 3499 3326 3564 formam,
3353 3514 3418 3553 ex
3447 3498 3570 3567 qui-

1979 3594 2084 3648 bus
2119 3607 2305 3646 rerum
2337 3601 2536 3646 natura
2571 3599 2824 3656 constat,
2857 3606 2977 3646 sese
3012 3593 3388 3654 constituens,
3415 3599 3474 3645 et
3507 3598 3568 3645 ut

1981 3693 2156 3738 totum
2181 3683 2418 3750 edicam,
2443 3682 2750 3738 secundum
2777 3682 3029 3738 habitum
3054 3682 3280 3738 virtutis
3305 3691 3360 3739 et
3383 3682 3569 3752 cogni—

1985 3777 2150 3832 tionis
2197 3776 2578 3832 immaterialis
2623 3784 2679 3831 ct
2723 3775 2913 3832 formae
2951 3790 3148 3846 expers
3188 3777 3348 3845 plane
3388 3775 3568 3829 factus

1981 3883 2079 3938 per
2106 3867 2278 3923 Deum
2311 3864 2634 3922 Sermonem
2665 3867 2758 3936 qui
2787 3875 3013 3937 propter
3035 3882 3136 3921 nos
3165 3865 3221 3920 in
3249 3864 3478 3920 materia
3511 3873 3568 3919 et

1979 3959 2157 4015 forma
2191 3974 2384 4015 revera
2414 3959 2480 4013 ad
2512 3974 2614 4013 nos
2644 3957 2711 4013 de
2745 3958 2906 4012 nobis
2940 3958 3214 4028 pervenit,
3244 3957 3336 4027 qui
3370 3966 3564 4011 natura

1983 4068 2084 4108 sua
2114 4052 2340 4122 preprie
2372 4059 2456 4106 cst
2484 4050 2867 4106 imm‘aterialis
2894 4047 3193 4119 formaeque
3226 4065 3442 4120 expers.
3469 4049 3564 4104 Vel

1981 4142 2152 4197 etiam
2187 4156 2401 4208 rursus,
2428 4139 2563 4196 illud
2603 4158 2616 4194 :
2665 4159 2683 4191 ι
2719 4140 2836 4194 lmo
2865 4153 3000 4194 vero
3033 4153 3260 4209 prorsus
3293 4137 3500 4203 divine,
3539 4157 3560 4190 ι

1981 4232 2122 4286 dixit
2170 4241 2398 4302 propter
2443 4233 2594 4303 ejus,
2640 4233 2736 4302 qui
2777 4231 3036 4286 virtutem
3087 4245 3151 4286 ac
3197 4231 3566 4300 cognitionem

1982 4333 2218 4396 quantas
2274 4323 2597 4378 hominibus
2657 4323 2852 4378 liceret
2903 4323 3186 4386 exercuit,
3236 4339 3304 4377 ex
3361 4323 3457 4377 Dei
3511 4331 3568 4377 et

287 4389 548 4482 παθείας,
579 4389 878 4482 ἀπάθειαν,
905 4417 1045 4488 ὑπὲρ
1071 4416 1172 4487 τῆς
1197 4415 1308 4470 τῶν
1332 4416 1508 4470 ἄλλων
1533 4389 1754 4485 ὀιρειλῆς
1780 4389 1878 4470 πά-

1992 4414 2221 4486 proximi
2253 4429 2464 4478 amore,
2491 4413 2728 4467 liberum
2763 4411 2832 4466 ab
2868 4411 3068 4466 alfectu
3105 4419 3330 4490 statum,
3356 4427 3467 4481 quo
3498 4411 3567 4466 de

285 4526 442 4585 σχειν
475 4511 569 4564 καὶ
600 4508 699 4580 τὴν
729 4507 908 4579 ψυχὴν
940 4506 1174 4578 ἑτοίμως
1203 4505 1510 4576 προΐεσθαι,
1546 4505 1621 4570 ὡς
1642 4505 1874 4578 κηλίδων

283 4603 638 4660 παντάπασιν
676 4601 936 4672 ὑπάρχων
963 4597 1269 4672 ἐλεύθερος.

290 4851 408 4930 Τοῦ
427 4871 636 4934 αὑτοῦ.
664 4872 733 4925 ἐκ
760 4869 867 4924 τοῦ
897 4871 984 4936 είς
1009 4869 1082 4924 τὰ
1105 4869 1400 4926 Γενέθλια
1428 4873 1638 4940 λόγου,
1667 4875 1754 4942 είς
1778 4876 1868 4942 τὸ,

359 4967 544 5034 Νόμοι
592 4967 833 5034 φύσεως
885 4964 1324 5034 καταλύρνταν
1359 4965 1748 5034 πληρωθῆναι
1781 4968 1879 5022 δεῖ
1945 4964 1950 4970 ’

251 5090 256 5096 -
359 5057 464 5113 τὸν
499 5057 622 5111 ἄνω
656 5057 912 5126 κόσμον.
961 5057 1220 5124 Χριστὸς
1264 5059 1496 5112 κελεύει
1520 5076 1533 5090 ο
1578 5058 1665 5128 μὴ
1702 5061 1869 5115 ἀντι-

358 5147 662 5218 τείνωμεν.
703 5165 722 5198 ι
1109 5164 1114 5172 ·

361 5261 520 5316 Κατὰ
543 5259 807 5331 ἀλήθειαν
837 5263 884 5314 οἱ
920 5261 1077 5333 νόμοι
1109 5265 1208 5334 τῆς
1240 5261 1454 5332 φύσεως
1477 5263 1874 5328 καταλυθέντες

215 5382 226 5391 ο
285 5344 385 5426 τὴν
411 5352 504 5408 τοῦ
547 5353 664 5408 ἄνω
711 5354 918 5424 κόσμου
956 5353 1240 5424 πλήρωσιν
1287 5355 1632 5426 εἰργάσαντο.
1675 5355 1874 5425 Anio:-

360 5481 384 5511 ⁸
420 5469 662 5540 Philipp.
695 5485 752 5532 ιι,
781 5467 832 5521 8.

1982 4485 2216 4563 aliorum
2251 4506 2442 4561 debito
2473 4505 2717 4575 patiatur
2747 4485 3369 4576 animamque-libenter
3397 4505 3568 4575 proji-

1981 4599 2122 4663 ciat,
2152 4607 2344 4669 utpote
2383 4597 2453 4652 ab
2495 4596 2754 4652 omnibus
2790 4595 3016 4654 omnino
3047 4595 3216 4652 nacvis
3248 4605 3304 4652 et
3335 4597 3566 4652 maculis

1979 4692 2142 4747 liber.

1981 4875 2240 4948 Ejusdem
2297 4891 2358 4928 ex
2409 4891 2650 4928 sermone
2709 4876 2766 4928 in
2818 4874 3198 4942 Nativitatem,
3250 4878 3304 4930 in
3356 4877 3496 4931 illud
3548 4893 3568 4932 :

2059 4989 2076 5020 ι
2121 4966 2282 5038 Leges
2313 4976 2522 5022 natura:
2556 4965 2866 5034 sulvuutur;
2894 4967 3105 5040 impleri
3136 4977 3336 5039 oportet
3362 4979 3409 5023 et
3445 4987 3569 5023 con-

2051 5075 2314 5114 summa“
2355 5059 2612 5114 mundun
2653 5077 2964 5132 supernum.
2997 5060 3233 5116 Christus
3261 5061 3409 5130 jubet
3448 5080 3465 5116 :
3503 5079 3568 5115 ne

2053 5152 2388 5206 obsistamus.
2424 5170 2442 5202 ι
2673 5141 2688 5150 “

2053 5262 2226 5334 Leges
2252 5272 2465 5318 naturae
2498 5279 2690 5318 revera
2725 5265 2916 5320 solutz'e
2949 5265 3174 5336 superni
3207 5265 3394 5319 mundi
3433 5281 3564 5320 con-

1983 5358 2408 5412 summationem
2445 5358 2774 5412 elfecerunt.
2806 5358 3078 5412 Nimirum
3116 5373 3224 5412 non
3261 5358 3455 5413 snlutis
3484 5359 3566 5414 eis

1500 5538 1506 5544 ”
1576 5538 1812 5593 VARUE
1853 5537 2257 5594 LECTiONES.

359 5632 403 5664 ⁸³
436 5632 492 5686 In
523 5631 840 5701 apographo
882 5639 1058 5686 exstat
1099 5619 1236 5702 ὑπὲρ
1268 5631 1364 5700 τὴν
1399 5631 1588 5701 ὑλικὴν
1620 5633 1758 5684 κατὰ
1790 5630 1968 5701 σάρκα
1994 5632 2092 5700 τῆς
2123 5629 2400 5700 πράξεως.
2433 5645 2553 5698 qua:
2588 5629 2836 5700 suppleri
2870 5640 2926 5686 et
2954 5632 3264 5688 emendavi.

361 5743 472 5798 HS)
507 5742 650 5797 Idem
683 5759 781 5814 cap
861 5745 950 5802 2|.
983 5759 1104 5814 pag.
1165 5745 1287 5808 353-6,
1341 5755 1472 5800 tom.
1529 5744 1723 5814 i0pp.
1780 5742 1866 5797 ed.

289 5817 488 5871 Bcncd.

2055 5747 2170 5822 (l9)_
2196 5742 2352 5822 (imp.
2385 5741 2521 5822 Nux;
2543 5740 2717 5822 (iraira
2748 5743 3041 5816 T/reopimn.
3081 5760 3198 5818 cap.
3243 5749 3298 5816 ἓ,
3352 5766 3406 5822 p.
3437 5751 3572 5810 664,

1985 5823 2111 5869 tum.
2157 5815 2172 5868 Ι
2204 5813 2339 5883 (ipp.
2368 5813 2456 5867 ed.
2485 5812 2696 5898 Beneds
