4012 6384
503 292 658 355 ητει,
1680 294 1741 354 s.
1785 293 2074 354 MAXIMI
2112 292 2627 358 CONFESSORIS
3611 301 3729 373 1276

499 419 777 477 supernus
810 403 1051 461 mundus
1086 403 1447 475 imperfectus
1484 403 1781 459 mansisset
1812 412 1976 474 atque
2011 404 2083 459 in-

2155 404 2276 463 ιότι
2323 405 2400 478 μὴ
2432 406 2848 463 καταλυθέντων
2877 408 2924 440 ³⁵
2965 408 3195 481 ἐλλιπὴς
3229 409 3295 465 ἂν
3346 412 3374 466 6
3418 413 3524 468 ἀνω
3568 416 3739 487 κόσμος

498 502 940 548 consummatus.
966 491 1229 559 Quaenam
1272 503 1402 548 sunt
1439 500 1624 548 autem
1660 493 1780 549 istae
1817 510 1941 563 quae
1981 494 2082 549 sol-

2195 495 2435 567 διέμεινε
2470 498 2569 553 καὶ
2614 500 2962 572 ἀπλήρωτος.
2998 503 3158 566 Τίνες
3189 504 3249 557 δὲ
3286 505 3336 558 οἱ
3385 502 3739 577 καταλυόμενοι

496 591 711 638 vuntur
743 583 894 654 leges
927 585 1179 639 naturae?
1212 584 1310 640 Est
1340 584 1632 655 conceptio
1666 600 1767 656 per
1797 585 2080 652 sationem1

2194 587 2353 659 νόμοι
2386 589 2489 660 τῆς
2533 582 2751 660 φύσεώς
2785 594 2963 662 είσιν;
3024 594 3093 648 Ἡ
3146 593 3238 649 διά
3281 598 3491 669 σπορᾶς
3522 598 3743 672 σύλληψις

498 683 558 732 et
590 692 689 747 per
720 675 1034 741 interitum,
1065 684 1128 730 ut
1162 683 1321 747 puto.
1354 676 1660 749 generatio,
1686 692 1922 747 quarum
1958 692 2070 733 neu

2198 679 2295 734 καὶ
2332 680 2366 751 ἡ
2396 679 2485 734 διὰ
2510 680 2721 753 φθορᾶς
2762 683 2935 752 ἔστιν,
2967 684 3044 750 ὡς
3068 683 3248 758 οῐμαι,
3283 687 3559 759 γὲννησις,
3583 684 3649 746 ὧν
3673 696 3745 750 οὑ-

500 781 586 825 tra
607 783 798 824 veram
824 767 921 823 Dei
950 768 1389 825 incarnationem
1420 769 1837 840 perfectamque
1864 769 2084 824 humani

2195 769 2417 842 δέτερον
2467 770 2569 842 τὴν
2605 773 2870 847 ἀληθινὴν
2912 774 3008 830 τοῦ
3048 775 3189 831 Θεοῦ
3240 779 3522 849 σάρκωσιν
3555 782 3642 836 καὶ
3676 800 3748 837 τε·

501 860 755 931 corporis
800 860 1237 931 assumptionem
1283 862 1443 931 plene
1487 861 1818 933 designavit.
1854 861 2085 918 Sationis

2200 859 2351 915 λείαν
2395 862 2813 935 ὲνανθρώπησιν
2859 865 3146 933 παντελῶς
3198 870 3614 941 ὲχαρακτήρισε.
3644 872 3751 927 Σπο-

471 989 479 1032 i
501 953 655 1007 enim
678 968 809 1008 vere
836 952 942 1007 fuit
971 954 1280 1024 conceptio,
1306 964 1360 1008 et
1389 953 1652 1009 interitus
1677 954 1906 1009 omnino
1933 969 2055 1024 gent

2206 953 2307 1021 ρᾶς
2360 952 2472 1024 γάρ
2526 952 2744 1026 άληθῶς
2801 956 3168 1029 ήσύλληψις,
3211 958 3308 1013 καὶ
3338 960 3545 1032 φθορᾶς
3590 963 3752 1031 γέγονε

505 1044 678 1109 ratio,
729 1061 868 1115 pura
921 1054 1088 1115 atque
1139 1045 1517 1111 immaculata,
1560 1053 1964 1117 proptereaque
2011 1047 2089 1102 vel

2199 1043 2439 1114 πάμπαν
2474 1046 2507 1115 ἡ
2548 1045 2829 1119 γέννησις,
2863 1048 3084 1121 καθαρά
3113 1050 3547 1120 καὶράνέπαφος,
3581 1055 3667 1106 καὶ
3686 1056 3757 1111 διὰ

505 1144 628 1205 post
649 1136 895 1207 generati
930 1146 1146 1206 partum
1178 1138 1331 1208 virgo
1357 1147 1557 1204 mater,
1585 1153 1712 1193 cum
1741 1154 1841 1208 per
1867 1139 1923 1193 id
1948 1138 2089 1208 quod

2199 1135 2362 1191 τοῦτο
2394 1137 2674 1208 Παρθένος
2705 1141 2802 1195 καὶ
2838 1140 2979 1212 μετᾶ
3003 1141 3095 1195 τδν
3123 1141 3283 1196 τόκον
3311 1143 3413 1197 τοῦ
3436 1143 3754 1215 γεννηθέντος

467 1220 722 1347 Ῑῃερετὶι
757 1229 940 1299 potius
983 1229 1106 1284 sine
1149 1230 1405 1300 passione
1443 1239 1819 1301 permaneret,
1850 1231 1905 1285 id
1949 1247 2051 1301 quo

508 1322 670 1347 ad...“
704 1322 903 1347 ..κε-...η
938 1331 987 1347 Α.
1017 1331 1217 1347 ..ι-...ιιη-
1245 1338 1460 1347 -m----..
1493 1333 1701 1347 _-n--_.‘
1732 1325 1902 1347 I-_-_...
1935 1334 2051 1347 -.-η

2201 1229 2236 1300 ἡ
2268 1228 2492 1300 Μήτηρ,
2528 1229 2619 1285 διὰ
2650 1232 2758 1285 τοῦ
2810 1232 3036 1288 τοκετοῦ
3089 1234 3294 1305 μᾶλλον
3326 1235 3546 1307 ἀπαθὴς
3586 1237 3758 1308 διαμεί·

2202 1336 2341 1347 η---
2410 1319 2435 1347 ι
2480 1321 2571 1347 ..Α
2620 1322 2921 1347 _..-:.2-z___
2954 1325 3044 1347 ---ε
3083 1326 3254 1347 -ιμ---
3299 1327 3650 1347 ,μουημικ
3720 1346 3729 1347 ,

348 1392 355 1397 θ
466 1319 476 1397 ἶ
505 1322 670 1376 etiam
703 1322 905 1376 mirum
934 1331 992 1377 et
1017 1331 1217 1392 praeter
1242 1338 1462 1377 omnem
1492 1333 1704 1379 natura:
1732 1325 1906 1395 legem

2202 1336 2369 1384 vaca,
2409 1319 2437 1374 6
2480 1321 2577 1375 καὶ
2618 1322 2921 1393 παράδοξον
2954 1325 3050 1378 καὶ
3078 1326 3258 1379 πάντα
3295 1327 3513 1395 φύσεως
3537 1327 3686 1397 νόμον
3711 1346 3757 1382 τε

505 1412 778 1465 rationem
817 1411 1022 1466 factum
1058 1421 1164 1475 est,
1192 1412 1273 1466 uti
1310 1414 1457 1468 Deus
1486 1413 1581 1482 qui
1615 1429 1683 1467 ex
1718 1413 1807 1468 illa
1843 1414 1899 1467 in
1931 1429 2089 1471 carne

2206 1412 2303 1466 καὶ
2329 1412 2489 1481 λόγον
2518 1413 2841 1485 ἐκϐεϐηκὸς,
2873 1417 2967 1471 καὶ
2993 1416 3124 1479 Θεὸς
3146 1420 3175 1470 6
3204 1417 3265 1483 ἐξ
3292 1417 3463 1488 αὐτῆς
3489 1420 3644 1488 σαρκὶ
3658 1436 3759 1486 γεν-

504 1502 656 1558 nasci
698 1503 957 1574 dignatus
998 1514 1104 1568 est,
1136 1507 1232 1574 qui
1272 1505 1604 1576 virginitatis
1642 1506 1864 1560 vincula
1905 1506 2007 1572 illi,
2041 1515 2088 1561 ul

2208 1503 2441 1576 νηθῆναι
2493 1505 2861 1573 καταξιώσας,
2914 1507 3246 1575 διασφίγξας
3298 1509 3443 1579 αὐτῇ
3488 1509 3673 1579 μᾶλλον
3702 1512 3760 1575 ὡς

505 1594 705 1660 matri,
738 1596 925 1665 potius
960 1597 1219 1651 astrinxit
1253 1613 1354 1665 per
1387 1597 1824 1667 generationem.
1857 1598 1917 1653 ld
1951 1598 2089 1668 quod

2208 1596 2377 1666 μητρὶ
2407 1595 2475 1649 τὰ
2499 1597 2597 1666 τῆς
2616 1598 2919 1668 παρθενίας
2951 1600 3135 1669 (210
3150 1601 3205 1669 a)
3232 1599 3412 1669 δεσμά
3439 1599 3528 1654 διά
3554 1601 3646 1670 τῆς
3669 1619 3762 1669 γεν-

502 1687 654 1742 factu
704 1703 814 1741 non
864 1689 1050 1743 minus
1090 1705 1255 1759 quam
1303 1690 1494 1743 auditu
1539 1705 1667 1744 vere
1713 1690 2086 1746 admirandum

2205 1688 2440 1759 νήσεως.
2467 1689 2541 1741 Τὸ
2571 1688 2887 1760 θαυμαστὸν
2916 1691 3086 1755 ὅντως
3114 1692 3207 1745 καὶ
3238 1694 3477 1763 πρᾶγμα
3503 1695 3594 1745 καὶ
3628 1694 3761 1747 ἀκου-

505 1788 613 1845 est,
642 1782 893 1850 generari
931 1783 1195 1836 nimirum
1232 1781 1499 1838 infantem
1532 1792 1587 1838 et
1618 1793 1778 1853 partu
1810 1783 1923 1849 edi,
1952 1785 2089 1856 geni-

2213 1795 2346 1849 σμα,
2380 1778 2636 1851 γέννησιν
2693 1781 2949 1849 γενέσθαι
2986 1783 3222 1854 βρέφους
3266 1785 3363 1837 καὶ
3413 1785 3653 1855 πρόοδον,
3679 1787 3763 1841 τῶν

506 1869 713 1924 talibus
752 1870 1014 1925 claustris
1058 1871 1252 1926 matris
1296 1889 1406 1927 non
1448 1874 1677 1943 apertis.
1710 1874 1947 1930 Necesse
1988 1892 2082 1931 era

2220 1871 2560 1942 γεννητικῶν
2604 1872 2870 1946 κλείθρων
2913 1875 3007 1946 τῆς
3039 1875 3307 1948 τεκούσης
3339 1875 3417 1947 μὴ
3454 1877 3762 1945 άνοιγὲντων.

505 1960 655 2016 enim
697 1978 913 2029 revera,
949 1978 1175 2018 necesse
1218 1972 1337 2018 erat
1376 1973 1437 2018 ut
1472 1974 1683 2020 naturae
1722 1967 1978 2021 conditor
2012 1984 2089 2038 pe}

2218 1962 2367 2016 Ἔδει
2415 1964 2523 2033 γὰρ
2565 1963 2736 2028 ὅντως
2764 2008 2778 2032 ,
2817 1965 2923 2020 ἔδει
2956 1967 3048 2020 τὸν
3079 1967 3311 2040 ποιητὴν
3340 1967 3446 2038 τῆς
3487 1968 3687 2037 φύσεως
3713 1969 3763 2022 δι’

507 2052 867 2122 semetipsum
938 2063 1196 2109 naturam
1264 2055 1570 2111 emendans
1630 2061 1837 2127 primas
1898 2069 2091 2116 natura

2213 2052 2409 2107 ἑαυτοῦ
2452 2055 2550 2124 τὴν
2578 2054 2739 2125 φύσιν
2763 2056 3236 2129 ἐπανορθούμενον
3266 2058 3520 2130 πρώτους
3560 2059 3762 2111 καταλῦ-

508 2142 661 2214 leges
691 2145 1055 2213 dissolveret,
1089 2148 1294 2218 quibus
1328 2157 1620 2218 peccamm
1658 2160 1888 2221 propter
1922 2151 2092 2207 inobe‘

2215 2162 2304 2199 σαι
2336 2146 2464 2209 τοὺς
2496 2146 2699 2217 νόμους
2732 2147 2829 2218 τῆς
2861 2147 3102 2216 φύσεως,
3131 2143 3212 2213 οἷς
3236 2150 3270 2220 ἡ
3302 2150 3554 2220 ἁμαρτία
3590 2150 3671 2205 διὰ
3695 2153 3767 2220 τῆς

506 2236 773 2291 dientiam
844 2242 1032 2307 parem
1094 2254 1220 2294 cum
1289 2240 1707 2296 irrationalibus
1771 2242 2090 2298 animalibus

2212 2238 2498 2309 παρακοῆς
2530 2238 2627 2309 τὴν
2652 2239 2824 2310 αὐτὴν
2852 2243 2966 2305 τοῖς,
2998 2241 3215 2311 ἀλόγοις
3240 2232 3406 2308 ζώοις
3429 2244 3557 2307 τοὺς
3591 2243 3768 2314 ἀνθρώ-

506 2326 764 2383 homines
798 2328 1153 2383 damnaverat
1182 2330 1391 2387 habere
1430 2347 1499 2385 ex
1537 2332 1854 2403 semetipsis
1888 2349 2090 2390 succes

2212 2348 2347 2394 πους
2375 2329 2522 2400 ἔχειν
2554 2329 2652 2401 τῆς
2681 2329 2739 2396 ἐξ
2782 2330 3029 2403 ἀλλήλων
3081 2333 3341 2405 διαδοχῆς
3391 2334 3627 2406 ἰδιότητα
3666 2351 3768 2386 κατ-

506 2416 722 2472 sionem
782 2420 1169 2478 continuandae
1225 2422 1443 2494 stirpis,
1496 2433 1553 2479 et
1602 2426 1797 2494 prima:
1850 2428 1991 2482 adeo
2042 2444 2090 2482 at

2212 2422 2461 2485 εδίκασε,
2490 2421 2584 2474 καὶ
2624 2419 2770 2475 οὕτω
2811 2423 2911 2494 τῆς
2941 2422 3165 2496 πρώτης
3193 2426 3290 2479 καὶ
3321 2423 3499 2489 ὅντως
3532 2423 3671 2490 θείας
3698 2426 3768 2494 δη-

510 2524 703 2565 revera
747 2510 950 2567 divinae
995 2514 1299 2569 creationis
1338 2515 1488 2586 leges
1529 2516 1842 2584 innovaret,
1867 2525 1930 2572 ut
1962 2520 2094 2588 quoc‘

2216 2511 2511 2583 μιουργίας
2563 2513 2694 2577 τοὺς
2739 2513 2942 2584 νόμους
2983 2513 3423 2582 ἀνανεώσασθαι,
3461 2516 3550 2570 ἵνα
3596 2517 3770 2587 ὅπερό

510 2601 681 2656 homo
712 2618 780 2657 ex
818 2604 1173 2675 negligentia,
1206 2616 1267 2661 ut
1300 2607 1574 2675 inﬁrmus,
1607 2609 1968 2679 perdidisset,
2006 2611 2094 2667 1101

2210 2603 2504 2676 ἄνθρωπος
2543 2604 2604 2670 ἐξ
2626 2605 2961 2677 ἀπροσεξίας
2994 2606 3071 2670 ὡς
3098 2606 3333 2678 ἀσθενὴς
3367 2609 3624 2680 ἠφάνισε,
3644 2607 3769 2661 τοῦτο

510 2696 661 2751 Deus
700 2696 769 2752 de
808 2698 1106 2754 clementia
1151 2716 1272 2767 sua,
1305 2711 1366 2756 ut
1406 2712 1624 2771 potens,
1656 2711 2019 2759 restauraret.
2053 2704 2091 2761 S

2211 2694 2301 2749 διὰ
2322 2694 2517 2764 φιλανθ
2527 2693 2741 2765 ρωπίαν
2764 2697 2794 2749 6
2813 2694 2949 2758 Θεὸς
2973 2694 3050 2760 ὡς
3076 2696 3305 2761 δυνατὸς
3331 2698 3767 2771 ἐπανορθώσηται.

509 2788 680 2859 igitur
711 2788 860 2861 leges
892 2800 1107 2847 natura:
1129 2792 1198 2849 de
1235 2804 1464 2865 peccato
1495 2794 1767 2867 impositae
1800 2797 1857 2853 in
1888 2797 2093 2855 Chrisu

2212 2787 2277 2841 El
2306 2786 2488 2841 τοίνυν
2526 2787 2575 2841 οί
2615 2786 2708 2842 διὰ
2744 2787 2843 2861 τὴν
2876 2788 3157 2861 ἁμαρτίαν
3190 2790 3351 2860 νόμοι
3380 2790 3485 2862 τῆς
3510 2791 3768 2860 φύσεωςῆ

510 2878 709 2933 soluta
738 2889 890 2945 sunt,
916 2890 974 2936 et
999 2882 1182 2938 omnis
1209 2882 1509 2939 aﬂ‘cctuum
1535 2886 1755 2942 servilis
1777 2886 2094 2946 insurrectit

2212 2875 2438 2949 Χριστῷ
2471 2876 2877 2947 κατελύθησαν,
2930 2878 3028 2933 καὶ
3080 2880 3235 2933 πᾶσα
3284 2880 3658 2954 δουλοπρεπὴς
3684 2882 3769 2936 τῶν

510 2965 583 3020 de
625 2962 911 3023 Sermonis
952 2970 1197 3027 adventu
1235 2974 1459 3044 penitus
1494 2982 1707 3031 remota
1743 2984 1849 3043 est,
1881 2993 2094 3034 necesse

2213 2966 2404 3022 παθῶν
2439 2966 2814 3031 ἐπανάστασις
2862 2967 2952 3022 διά
2997 2968 3102 3039 τῆς
3154 2970 3468 3043 παρουσίας
3508 2971 3598 3026 τοῦ
3629 2974 3766 3043 Λόγον

508 3066 598 3112 est
630 3060 857 3114 omnino
892 3070 953 3115 ut
985 3076 1262 3133 supernus
1295 3066 1537 3121 mundus
1570 3077 2012 3136 eonsummetur,
2045 3081 2092 3124 ul

2216 3058 2500 3125 παντελῶς
2532 3060 2834 3129 ἀπεγένετο
2860 3103 2876 3129 ,
2912 3059 3275 3135 πληρωθῆναι
3327 3063 3413 3119 δεῖ
3459 3066 3664 3131 πάντως
3699 3065 3769 3120 τῦν

511 3151 594 3205 ait
627 3154 914 3223 magister.
949 3154 1017 3208 Et
1048 3165 1247 3212 contra
1280 3157 1389 3214 hoc
1424 3174 1495 3214 ne
1530 3159 1941 3232 obstrepamus.
1974 3160 2095 3217 Nan

2218 3152 2330 3207 άνω
2357 3152 2588 3223 κόσμον,
2617 3150 2694 3217 ὥς
2719 3169 2888 3224 φησιν
2911 3155 2940 3208 6
2968 3153 3312 3218 διδάσκαλος.
3343 3157 3463 3211 Καὶ
3489 3158 3619 3226 πρὸς
3643 3156 3770 3211 τοῦτο

513 3248 561 3299 si
595 3252 774 3313 vetus,
804 3247 901 3317 qui
940 3256 1170 3319 peccato
1208 3250 1549 3323 subjacebat,
1576 3252 1751 3309 Adam
1789 3253 2024 3325 simplex
2061 3269 2091 3310 e

2221 3246 2298 3317 μὴ
2330 3244 2748 3316 ἀντιτείνωμεν.
2789 3247 2853 3299 Εἰ
2878 3246 2987 3317 γὰρ
3014 3248 3044 3299 6
3084 3246 3318 3312 παλαιὸς
3352 3248 3464 3303 ὑπὸ
3506 3251 3602 3320 τὴν
3624 3250 3770 3319 ἀμαρ-

510 3337 675 3391 exilis
707 3338 894 3403 homo,
923 3339 1130 3409 primas
1168 3340 1223 3395 in
1264 3343 1463 3413 spiritu
1500 3343 1653 3414 leges
1685 3352 1899 3400 natura;
1925 3345 2094 3401 inobe

2217 3338 2341 3393 τίαν
2376 3337 2422 3370 ³⁵
2473 3337 2646 3409 ’Δδὰμ
2673 3338 2830 3409 ψιλὸς
2875 3338 3165 3409 ἄνθρωπος
3199 3340 3275 3394 ὢν
3301 3342 3435 3405 τοὺς
3470 3342 3703 3414 πρώτους
3727 3341 3770 3393 ἐν

516 3429 727 3484 dientia
762 3430 1041 3496 dissolvit,
1079 3432 1513 3505 inferioremque
1550 3435 1817 3490 mundum
1844 3436 2000 3508 prole
2032 3452 2100 3493 re-

2220 3428 2494 3501 πνεύματι
2529 3430 2730 3502 νόμους
2757 3431 2860 3502 τῆς
2894 3430 3113 3501 φύσεως
3136 3432 3224 3486 διὰ
3254 3433 3356 3505 τῆς
3393 3435 3667 3511 παρακοῆς
3692 3449 3770 3486 κα-

517 3523 689 3592 plevit
714 3523 782 3578 dc
810 3540 911 3580 suo
938 3528 1149 3582 semine
1178 3538 1235 3582 et
1264 3528 1320 3583 in
1349 3545 1515 3585 carne
1555 3540 1673 3587 sata
1712 3531 1769 3586 in
1805 3532 2092 3587 interitum

2219 3521 2463 3586 ταλύσας
2489 3521 2581 3575 τὸν
2612 3523 2763 3577 κάτω
2792 3522 2998 3594 κόσμον
3040 3524 3333 3596 ἐπλήρωσε
3365 3526 3479 3579 τῶν
3510 3525 3771 3580 κατάύτὺν

518 3615 984 3684 transgressionis
1034 3619 1565 3676 suaa.similitudine
1615 3622 1877 3694 princeps
1916 3623 2096 3679 factus

2224 3613 2390 3685 σαρκὶ
2436 3614 2817 3685 γεννηθέντων
2854 3615 2937 3679 είς
2985 3615 3196 3687 φθορὰν
3220 3656 3234 3679 ,
3266 3616 3345 3687 τῷ
3377 3616 3673 3687 ὁμοιώματι
3696 3615 3773 3685 τῆς

519 3711 577 3755 et
608 3719 773 3759 nemo
802 3706 1161 3777 obloquetur,
1191 3711 1369 3765 multo
1399 3713 1574 3783 magis
1606 3714 1702 3783 qui
1735 3715 1854 3770 sine
1885 3724 2103 3786 peceatt

2222 3702 2390 3761 αὐτοῦ
2426 3705 2798 3777 παραϐάσεως
2833 3708 3130 3778 γενόμενος
3180 3709 3453 3779 ἀρχηγὸς,
3503 3710 3595 3763 καὶ
3633 3706 3772 3769 οὐδεὶς

518 3806 608 3850 est
635 3812 811 3851 novus
838 3798 1013 3853 Adam
1039 3798 1295 3858 Christus
1318 3803 1469 3858 Deus
1494 3804 1646 3875 leges
1672 3805 2102 3863 irrationalitati:

2222 3799 2459 3871 ἀντερεῖ,
2484 3797 2666 3869 πολλῷ
2700 3797 2902 3869 μᾶλλον
2926 3801 2955 3852 6
2984 3800 3381 3872 ἀναμάρτητος
3403 3800 3545 3866 νέος,
3571 3802 3600 3853 6
3637 3798 3772 3867 Ἀδὰμ

420 3907 433 3913 -
522 3896 735 3943 naturae
761 3889 830 3944 de
857 3898 1088 3960 peccato
1118 3893 1299 3948 illatas
1325 3894 1663 3962 dissolverit,
1690 3905 1749 3950 ut
1773 3897 1934 3964 ratio,
1960 3913 2004 3953 sn

2225 3889 2463 3961 Χριστὸς
2489 3889 2518 3942 6
2556 3888 2691 3952 Θεὸς
2725 3889 2854 3953 τοὺς
2884 3888 2973 3942 διὰ
3002 3888 3100 3960 τὴν
3134 3889 3414 3960 ἁμαρτίαν
3462 3888 3772 3959 ἐπεισαχθέν-

522 3981 841 4052 riorcmque
872 3984 1141 4037 mundum
1174 3994 1324 4040 recte
1357 3987 1427 4041 iis
1453 3988 1752 4057 repleverit
1786 4005 1927 4059 quos
1958 4006 2027 4045 ex
2063 4006 2106 4046 se

2223 4000 2324 4047 τας
2366 3986 2434 4054 τῇ
2481 3981 2642 4054 φύσει
2684 3982 2885 4054 νόμους
2936 3985 3035 4053 τῆς
3084 3982 3310 4050 ἀλογίας
3364 3981 3682 4045 καταλύσας,
3708 3980 3766 4041 ὡς

478 4072 485 4077 ’
526 4072 582 4126 in
630 4073 833 4143 spiritu
888 4083 1118 4144 generat
1163 4076 1423 4134 interitus
1469 4088 1756 4151 expertes,
1796 4081 2062 4138 obedient'

2226 4074 2405 4143 λόγος,
2446 4072 2542 4128 τδν
2587 4074 2701 4129 ἄνω
2740 4074 2944 4145 κόσμον
2974 4072 3319 4145 πληρώσειεν
3358 4074 3426 4127 ἃν
3457 4074 3666 4136 δικαίως
3690 4070 3770 4123 τῶν

526 4178 640 4218 suae
690 4164 1059 4221 similitudine
1108 4169 1367 4241 princeps
1409 4171 1607 4228 factus.
1641 4173 1709 4228 Et
1750 4189 1916 4230 nemo
1957 4175 2110 4231 ﬁdem

2225 4166 2347 4221 κατ’
2375 4165 2539 4220 αὐτὸν
2568 4167 2651 4231 είς
2679 4165 2993 4239 ἀφθαρσίαν
3022 4165 3297 4236 πνεύματι
3322 4167 3687 4236 γεννωμένων,
3712 4160 3770 4231 τῷ

528 4255 765 4327 deneget
795 4273 990 4313 eorum
1018 4260 1113 4330 qui
1139 4262 1224 4315 vel
1253 4263 1537 4332 paululum
1568 4277 1866 4323 senserunt
1890 4270 1987 4324 Dei
2023 4271 2112 4325 im-

2225 4258 2537 4331 ὁμοιώματι
2575 4258 2676 4329 τῆς
2722 4256 2891 4313 αὐτοῦ
2928 4257 3175 4328 ὑπακοῆς
3219 4258 3514 4328 γενόμενος
3544 4253 3766 4326 ἀρχηγός.

528 4346 744 4416 perium
776 4349 1010 4420 ejusque
1042 4351 1477 4422 magnitudinem
1505 4366 1872 4428 agnoverunt.
1905 4358 1996 4415 Sic
2024 4359 2112 4443 igi-

2225 4351 2338 4405 Kal.
2366 4350 2668 4405 ἀπιστείτω
2697 4349 2889 4419 μηδεὶς
2914 4347 3021 4402 τῶν
3048 4347 3154 4401 κάν
3188 4348 3387 4420 μικρὸς
3414 4344 3771 4443 ὲπῃσθημένων

532 4448 623 4491 tur
650 4440 908 4509 superior
937 4442 1181 4498 mundus
1209 4445 1459 4515 repletur
1487 4447 1556 4502 iis
1585 4449 1681 4518 qui
1714 4449 1782 4506 de
1812 4432 2116 4507 Christo-in

2186 4444 2327 4516 ’τῆς
2355 4442 2449 4497 τοῦ
2498 4441 2635 4496 Θεοῦ
2673 4440 2996 4504 δυναστείας
3028 4440 3122 4494 καὶ
3148 4440 3211 4494 τὸ
3254 4439 3488 4511 μέγεθος
3519 4437 3677 4506 αὐτῆς
3715 4432 3770 4503 μὴ

529 4530 732 4601 spiritu
773 4541 1134 4602 generantur,
1157 4544 1213 4588 et
1237 4535 1317 4591 sic
1342 4535 1506 4593 ﬁnem
1536 4538 1767 4594 sortitur
1788 4542 2113 4597 convenien-

2226 4534 2590 4604 ἀγνοούντων.
2632 4529 2790 4586 Οὕτω
2821 4531 2922 4601 μὲν
2944 4526 3041 4584 οὖν
3066 4530 3094 4583 6
3122 4530 3236 4585 άνω
3272 4531 3479 4602 κόσμος
3513 4526 3774 4599 πληροῦται

533 4629 644 4675 tem
686 4623 925 4678 carnalis
964 4632 1021 4680 et
1061 4624 1346 4682 inferioris
1388 4628 1556 4701 hujus
1599 4632 1973 4701 generationis
2014 4633 2117 4699 lex,

2230 4625 2418 4699 (210
2442 4625 2495 4696 b)
2535 4624 2646 4679 τῶν
2675 4622 2821 4678 κατά
2869 4623 3106 4695 Χριστὸν
3136 4624 3195 4676 ὲν
3222 4623 3496 4694 πνεύματι
3539 4615 3770 4691 γεννωμέ-

526 4721 590 4767 et
623 4712 690 4767 ad
731 4716 1075 4783 superiorem
1112 4718 1385 4774 mundum
1417 4722 1678 4792 aequabili
1713 4724 1896 4779 omnia
1931 4725 2110 4781 ordint

2229 4735 2337 4772 νων
2360 4758 2378 4784 ,
2423 4716 2517 4770 καὶ
2570 4713 2714 4769 οὕτω
2753 4716 2934 4786 πέρας
2970 4713 3187 4784 δέχεται
3235 4714 3545 4786 πρόσφορον
3590 4713 3617 4766 ό
3658 4705 3769 4763 κατὰ

526 4802 966 4877 dispunguntur.

2232 4808 2413 4880 σάρκα
2457 4805 2625 4877 νόμος
2673 4805 2769 4861 καὶ
2820 4805 2920 4875 τῆς
2959 4804 3111 4859 κάτω
3144 4806 3489 4875 γεννήσεως,
3533 4802 3621 4857 καὶ
3665 4796 3770 4870 πρὸς

493 4888 501 4902 ³
2232 4900 2329 4955 τὸν
2361 4899 2476 4956 άνω
2499 4898 2707 4971 κόσμον
2737 4897 2916 4952 πάντα
2961 4896 3451 4970 ἀναρρυθμίξεται.

958 5108 1084 5165 Alia
1121 5110 1177 5165 in
1220 5110 1360 5167 idem
1399 5112 1709 5167 observatio.

2582 5112 2780 5180 Ἄλλη
2810 5110 3062 5179 ἐπιϐολὴ
3089 5112 3176 5179 εἰς
3205 5110 3272 5163 τὸ
3312 5107 3479 5163 αὐτό.

604 5219 746 5277 Cum
771 5237 904 5278 vero
932 5225 1099 5281 aliam
1123 5240 1347 5297 quoque
1372 5226 1621 5299 magistri
1650 5241 1833 5283 sermo
1862 5227 2134 5295 interpre-

2318 5222 2540 5296 Ἐπειδὴ
2571 5222 2628 5277 δὲ
2671 5222 2766 5277 καὶ
2792 5222 2954 5277 ἄλλον
2985 5218 3113 5274 νοῦν
3143 5218 3280 5292 πρὸς
3308 5216 3520 5281 τούτοις
3550 5216 3577 5268 ὁ
3608 5209 3688 5305 τοῦ
3707 5206 3767 5305 δι-

535 5311 808 5369 tationem
841 5314 1136 5374 admittere
1168 5318 1309 5373 mihi
1333 5318 1609 5383 videatur,
1638 5320 1757 5374 hate
1783 5334 2004 5389 quoque
2032 5332 2119 5387 prc

2236 5314 2509 5370 δασκάλου
2533 5313 2691 5383 λόγος
2720 5312 2860 5384 ἔχων
2888 5327 2981 5382 μοι
3024 5308 3297 5379 φαίνεται,
3326 5305 3539 5361 λεκτέον
3562 5302 3645 5357 καὶ
3669 5302 3767 5403 se?

539 5405 755 5460 viribus
798 5408 937 5463 meis
978 5411 1089 5466 erit
1130 5412 1521 5482 proponenda,
1556 5411 1673 5467 Deo
1720 5412 1775 5466 in
1802 5388 2123 5481 Evangelii:

2238 5425 2330 5461 τον
2362 5406 2439 5471 ώς
2467 5404 2591 5459 καθ’
2624 5405 2772 5475 ἡμᾶς
2802 5406 2921 5457 ὲστι
2951 5401 3201 5466 δυνατὸν,
3242 5400 3379 5454 Θεοῦ
3402 5399 3493 5453 τὸν
3512 5396 3654 5464 λόγον
3679 5388 3744 5482 ἰθύ

543 5492 666 5563 ipso
699 5511 1009 5557 sermonem
1035 5503 1331 5575 dirigente.
1360 5505 1486 5560 Sola
1515 5514 1573 5560 et
1596 5505 1761 5559 unica
1794 5520 1980 5560 rerum
2010 5503 2127 5558 uni-

2242 5514 2425 5561 νοντος
2460 5498 2519 5551 ἐν
2551 5498 2664 5559 τοῖς
2694 5492 3073 5562 Εὑαγγελίοις.
3118 5492 3180 5544 Ἡ
3209 5491 3345 5563 μόνη
3369 5490 3477 5545 τῶν
3506 5487 3630 5545 ὅλων
3650 5478 3766 5537 αἰτία

1859 5637 2100 5696 VARle
2142 5631 2552 5691 LECTIONES.

625 5741 671 5773 ”
701 5740 1088 5820 Apograplium
1122 5758 1539 5823 καταλυθέντες.
1620 5762 1662 5793 ³⁵
1693 5761 1735 5815 Α
1761 5761 1935 5830 prima
1970 5772 2134 5812 manu
2164 5755 2433 5825 scriptum
2470 5759 2553 5807 est
2582 5749 2681 5821 τῆς
2715 5745 2991 5820 ἁμαρτίας
3019 5746 3076 5803 in
3105 5744 3227 5801 0οά-
3252 5742 3396 5800 (εἶυά-
