4012 6394
219 302 361 368 1277
460 288 469 295 ’

1464 307 1988 369 AMBIGUORUM
2026 311 2282 373 LIBER.

3360 314 3501 380 1278

217 419 315 473 καὶ
368 416 501 480 Θεὸς
556 412 765 485 Ἰησοῦς
821 414 849 465 ὁ
886 411 1129 486 ἐμὺς’ἐν
1168 415 1505 487 παραϐολαῖς
1557 416 1805 489 κρυφίως

1933 434 2196 477 ἐῖδει-ωτι
2235 437 2404 477 causa
2446 432 2611 494 atque
2655 425 2802 481 Deus
2841 443 2999 482 meus
3037 428 3197 483 Jesus
3238 428 3296 482 in
3339 443 3502 499 para-

214 508 483 564 διδάσκων
521 505 797 578 πρόϐατον
824 505 976 570 θείας
1011 506 1372 569 ἑκατοντάδας
1401 506 1804 576 ἀπφοιτῆσαν,

218 601 318 656 καὶ
341 600 595 671 δραχμὴν
618 597 769 663 θἐίας
800 599 1027 661 δεκάδος
1056 600 1541 671 παραπολομένην,
1572 597 1669 654 καὶ
1693 597 1809 654 υιδν

218 692 429 747 ἄσωτον
475 676 733 761 ἀφραδῶς
760 689 805 722 ³⁸
842 689 937 743 τοῦ
980 691 1193 762 πατρὸς
1239 690 1675 761 ἀποπηδήσαντα
1712 688 1810 742 καὶ⁸

221 783 524 855 summa;
564 781 715 846 θείας
765 782 957 846 δυάδος
996 784 1097 853 τὴν
1148 784 1407 855 ὁμόνοιαν
1439 784 1681 836 λύσαντα
1718 782 1811 834 τὸν

218 874 512 947 ἄνθρωπον
591 874 821 929 ἐκάλεσε
874 875 1153 948 πρόϐατον
1191 877 1289 947 μὲν
1335 876 1412 939 ὡς
1470 874 1809 947 προνοητὸν,

216 965 407 1038 οἴμαι,
452 968 550 1021 καὶ
601 967 907 1037 ἀγόμενον,
964 968 1059 1021 καὶ
1094 967 1446 1037 ταττόμενον,
1491 967 1587 1021 καὶ
1630 966 1812 1038 τριῶν

218 1057 498 1129 χρειωδῶν
524 1056 603 1128 τῷ
632 1061 960 1129 κεκτημένῳ
988 1059 1343 1131 παρεκτικδν,
1361 1058 1560 1130 μαλλοῦ
1584 1060 1681 1112 καὶ
1704 1060 1804 1128 άμ-

217 1149 316 1205 νοῦ
342 1152 436 1204 καὶ⁵
465 1150 761 1219 γάλακτος,
795 1150 872 1215 ὡς
909 1150 1248 1221 τρεφόμενόν
1282 1167 1343 1203 τε
1390 1152 1484 1205 καὶ
1516 1151 1811 1220 τρέφοντα,

216 1249 302 1320 τῷ
342 1248 487 1319 λόγῳ
533 1265 594 1301 τε
651 1248 748 1302 καὶ
790 1248 868 1318 τῷ
914 1247 1105 1318 τρόπῳ
1132 1247 1236 1317 τῆς
1282 1251 1518 1320 φυσικῆς
1552 1247 1814 1320 θεωρίας,

215 1340 320 1394 καὶ
354 1341 672 1409 ἐνδυόμενον
723 1339 820 1392 καὶ
852 1338 1110 1393 ἐνδύοντα
1153 1338 1233 1409 τῷ
1270 1340 1458 1408 τρόπῳ
1487 1338 1589 1408 τῆς
1617 1339 1819 1409 ἠθικῆς

215 1433 547 1502 φιλοσοφίας
571 1472 585 1495 ,
641 1432 735 1484 καὶ
790 1431 1126 1484 πλουτοῦντα
1162 1432 1256 1485 καὶ
1289 1430 1643 1492 πλουτίζοντα
1679 1429 1821 1483 κατὰ

214 1528 325 1596 τὴν
361 1524 477 1577 τοῦκ
499 1525 690 1594 ὁμοίου
729 1524 984 1595 γέννησιν
1014 1524 1091 1594 τῷ
1130 1524 1413 1594 μυστηρίῳ
1447 1524 1546 1593 τῆς
1581 1521 1821 1592 ἀληθοῦς

219 1618 485 1688 ἓποψίας·
517 1617 771 1688 δραχμὴν
795 1617 873 1683 δὲ,
900 1617 976 1680 ὡς
1007 1616 1262 1686 λαμπρὸν
1291 1617 1381 1668 καὶ
1401 1613 1700 1684 βασιλικὸν,
1729 1614 1823 1666 καὶ

217 1707 305 1778 τῷ
341 1706 443 1775 τῆς
469 1708 682 1770 εἰκόνος
708 1708 855 1776 λόγῳ
888 1707 1395 1778 χαρακτηριστικδν
1419 1710 1519 1773 τῆς
1550 1705 1700 1767 θείας
1724 1707 1823 1774 ἀρ-

222 1799 523 1872 χετυπίας,
556 1800 653 1852 καὶ
683 1800 812 1869 ὅλης
842 1800 1163 1870 ὑπάρχοντα
1190 1800 1286 1869 τῆς
1329 1798 1518 1867 θεῖκῆς
1546 1796 1819 1867 ὡραιότη-

219 1910 324 1956 τος
356 1892 431 1955 ὼς
479 1891 701 1959 ἐφικτὸν
745 1891 1031 1944 δεκτικόν·
1082 1891 1197 1943 υίὸν
1230 1889 1285 1941 δὲ
1308 1929 1321 1949 ,

218 1985 344 2039 τῶν
368 1983 651 2054 πατρικῶν
683 1981 906 2049 ἀγαθῶν
952 1984 1045 2036 καὶ
1080 1982 1324 2052 ἰσότιμον
1360 1979 1438 2051 τῷ
1476 1979 1647 2049 πατρὶ
1680 1976 1824 2030 κατὰ

220 2076 333 2147 τὴν
363 2077 428 2129 ἐκ
453 2076 678 2146 χάριτος
712 2075 950 2147 δωρεάν.
982 2073 1186 2127 Τοῦτον
1213 2072 1269 2126 δὲ
1313 2073 1404 2125 τὸν
1435 2070 1721 2142 ἄνθρωπον
1749 2068 1825 2132 ὡς

227 2169 339 2239 μὲν
372 2167 649 2239 πρόϐατον
688 2167 1034 2238 πλανηθέντα
1073 2168 1102 2220 ὁ
1138 2165 1447 2237 προνοητὴς
1485 2163 1618 2227 Θεὸς
1657 2163 1826 2234 ζητή-

230 2277 341 2323 σας
370 2260 446 2324 ὼς
476 2259 681 2331 ποιμὴν
724 2254 872 2331 εῦρε,
902 2259 996 2313 καὶ
1026 2262 1136 2322 τοῖς
1169 2258 1394 2321 οἰκείοις
1424 2256 1593 2326 ῶμοις
1618 2256 1827 2318 ἐπιθεὶς

226 2351 374 2421 πρὸς
406 2350 505 2422 τὴν
528 2348 637 2402 τῶν
674 2350 959 2421 συννόμων
1003 2349 1321 2419 ἐπανήγαγε
1372 2346 1635 2416 μάνδραν·
1671 2345 1746 2408 ὡς
1771 2344 1826 2397 δὲ

226 2445 425 2497 εἰκόνα
460 2439 871 2512 συγχωσθεῖσαν
908 2441 1089 2511 (211
1139 2440 1194 2511 a)
1249 2441 1361 2502 τοῖς
1397 2438 1596 2491 πάθεσι
1635 2436 1729 2490 καὶ
1767 2435 1827 2489 τὸ

228 2534 466 2608 ἀρχικὸν
502 2535 697 2598 κάλλος
731 2533 1121 2607 ἀχρειώσαντα
1160 2533 1233 2596 ὡς
1278 2532 1443 2600 σοφία
1484 2529 1584 2602 τὴν
1628 2527 1825 2583 ἑαυτοῦ

229 2630 421 2700 σάρκα
453 2628 649 2700 λύχνου
696 2629 898 2699 τρόπον
944 2628 1149 2695 ἐξάψας
1190 2626 1267 2698 τῷ
1314 2627 1452 2695 φωτὶ
1500 2625 1600 2696 τῆς
1633 2621 1826 2677 ἑαυτοῦ

231 2723 494 2792 θεότητος
537 2723 565 2775 ὀ
589 2722 760 2790 Λόγος
788 2713 939 2792 εὗρε,
968 2722 1059 2773 καὶ
1092 2722 1268 2790 χαρᾶς
1300 2719 1558 2773 ὑπόθεσιν
1583 2717 1828 2788 μεγάλης

235 2818 478 2870 ποιεῖται
521 2816 621 2884 τὴν
671 2812 912 2885 εὕρεσιν,
949 2814 1016 2867 δι’
1050 2809 1119 2886 ἧς
1164 2813 1264 2883 τῆς
1300 2813 1450 2875 θείας
1483 2811 1706 2875 δεκάδος
1730 2809 1829 2882 τὴν

230 2906 479 2978 ἔλλειψιν
528 2906 939 2976 ἀνεπλήρωσεν.
1004 2906 1092 2968 Ὠς
1134 2904 1189 2956 δὲ
1232 2903 1348 2956 υἱὸν
1391 2902 1735 2974 νεκρωθέντα
1760 2904 1826 2973 τῇ

234 3001 489 3072 ἁμαρτία
522 3000 616 3053 καὶ
648 2997 987 3067 ἀπολόμενον
1019 2999 1087 3068 τῇ
1134 2998 1264 3067 περὶ
1294 2997 1387 3049 τὸν
1420 2997 1554 3049 Θεὸν
1582 2995 1829 3065 ἀγνωσία

1364 1888 1439 1951 ὡς
1483 1887 1584 1958 κλη
1594 1888 1713 1957 ρονό
1722 1904 1820 1956 μον

1908 512 2052 568 bolis
2090 514 2311 569 occulte
2350 514 2558 569 docens
2584 515 2653 571 de
2683 531 2785 572 ove
2813 533 2936 587 qua:
2964 518 3033 574 de
3062 518 3253 574 divino
3278 533 3501 576 centum

1909 619 2143 660 numero
2177 605 2531 672 aberravit‘,
2557 614 2614 662 et
2646 607 2716 663 de
2752 608 3016 664 drachma
3051 626 3178 679 quae
3210 609 3281 667 de
3315 611 3504 667 divina

1909 694 2119 752 decade
2170 696 2371 751 amissa
2420 707 2508 754 est
2538 710 2598 763 ιι,
2637 709 2695 755 et
2742 699 2813 756 de
2862 700 2975 755 ﬁlio
3023 702 3256 772 prodigo
3301 703 3395 773 qui
3445 712 3507 758 et

1911 798 2124 857 patrem
2157 789 2566 847 inconsiderate
2596 793 2896 864 dereliquit
2928 804 2985 848 et
3014 794 3274 851 fraterna:
3305 796 3507 852 divinae

1913 879 2107 953 dyadis
2124 883 2477 938 concordiam
2497 885 2720 950 solvit',
2736 886 3015 941 hominem
3034 887 3331 956 appellavit
3345 902 3506 944 ovem

1913 972 2163 1044 quidem,
2189 984 2253 1029 ut
2280 976 2438 1047 cujus
2462 993 2595 1032 cura
2625 978 2882 1043 habetur,
2908 986 3063 1050 puto,
3091 978 3300 1049 quique
3328 980 3508 1051 agitur

1914 1077 1972 1124 et
2025 1068 2082 1123 in
2135 1068 2391 1124 ordinem
2444 1069 2716 1140 redigitur
2768 1071 3191 1141 possessorique
3248 1087 3349 1127 suo
3404 1073 3510 1128 tria

1917 1160 2235 1216 necessaria
2274 1170 2529 1232 pncstat,
2557 1162 2738 1216 lanam
2770 1171 2827 1217 et
2855 1178 3056 1233 agnum
3090 1171 3148 1218 et
3178 1163 3294 1231 lac,
3324 1172 3387 1219 ut
3413 1165 3510 1234 qui

1919 1253 2085 1307 alitur
2110 1262 2167 1308 et
2196 1253 2322 1317 alit,
2348 1253 2565 1308 ratione
2595 1263 2650 1309 et
2679 1254 2845 1309 modo
2873 1255 3143 1311 naturalis
3170 1256 3514 1326 contempla-

1922 1343 2113 1408 tionis,
2144 1355 2201 1399 et
2228 1345 2320 1414 qui
2351 1345 2588 1401 vcstitur
2615 1354 2673 1401 ct
2700 1346 2863 1401 vestit
2887 1348 3052 1403 modo
3078 1349 3305 1403 moralis
3334 1349 3514 1418 philo-

1922 1436 2155 1505 sophiae,
2177 1444 2234 1489 ct
2256 1436 2351 1506 qui
2376 1437 2587 1491 ditatur
2612 1448 2668 1492 ct
2691 1438 2831 1492 ditat
2849 1440 3153 1494 secundum
3180 1440 3328 1509 paris
3350 1456 3515 1510 gene-

1923 1527 2195 1581 rationem
2219 1527 2482 1597 mysterio
2498 1543 2643 1582 vera:
2662 1528 2995 1582 intuitionis.
3013 1529 3147 1583 Item
3169 1530 3510 1594 drachmam,

1925 1629 2114 1689 utpote
2147 1619 2379 1672 nitidam
2416 1627 2471 1673 ct
2505 1620 2741 1689 regalem
2781 1620 3144 1689 imaginisque
3173 1621 3344 1674 verbo
3374 1620 3515 1675 divi-

1926 1729 2051 1767 nam
2092 1712 2361 1782 originem
2398 1711 2822 1780 exprimentem,
2853 1720 2909 1766 et
2946 1712 3124 1765 omnis
3159 1712 3357 1766 divinze
3394 1714 3515 1780 pul-

1926 1804 2263 1859 chritudinis
2290 1821 2456 1875 quam
2490 1813 2673 1875 potest
2701 1804 2820 1859 ﬁeri
2850 1821 3127 1875 capacem.
3155 1806 3289 1859 Item
3317 1805 3510 1869 ﬁiium,

1925 1907 1983 1952 ut
2005 1908 2359 1967 paternorum
2385 1898 2658 1953 bonorum
2684 1898 2958 1953 hmredem
2984 1907 3039 1953 et
3059 1900 3178 1968 pari
3207 1914 3331 1952 cum
3359 1906 3514 1967 patre

1927 1989 2137 2043 honore
2190 1988 2465 2042 fruentem
2520 1988 2589 2042 de
2642 1988 2829 2058 gratia:
2882 2003 3132 2042 munere.
3177 1988 3335 2041 Hunc
3381 2002 3516 2041 vero

1926 2078 2207 2132 hominem
2242 2086 2503 2147 tanquam
2537 2092 2698 2132 ovem
2733 2087 3013 2132 errantem
3045 2078 3193 2132 Deus
3219 2077 3518 2146 providen-

1900 2190 1903 2195 ·
1928 2171 2002 2225 tia
2033 2187 2131 2224 sua
2158 2170 2484 2240 vestigatam
2515 2178 2576 2224 ut
2599 2180 2790 2241 pastor
2816 2170 3048 2233 invenit,
3070 2171 3297 2239 suisque
3324 2169 3519 2223 hume-

1928 2261 2004 2315 ris
2039 2250 2297 2333 injectam
2337 2261 2406 2316 ad
2444 2263 2787 2317 consortium
2824 2263 2969 2317 ovile
3006 2261 3246 2316 reduxit.
3279 2261 3353 2317 Ut
3386 2263 3522 2316 ima-

1928 2351 2109 2422 ginem
2135 2366 2267 2405 vero
2296 2350 2593 2405 atiectibus
2620 2360 3045 2421 conspurcatam
3069 2358 3126 2404 et
3147 2350 3317 2420 regali
3343 2348 3519 2404 forma

1928 2444 2180 2498 orbatam
2228 2442 2423 2497 Sermo
2443 2483 2457 2508 ,
2489 2450 2551 2497 ut
2581 2442 2854 2513 sapientia
2885 2442 2971 2497 sui
3005 2442 3177 2511 ipsius
3207 2456 3430 2496 carnem
3465 2441 3521 2496 in

1928 2536 2170 2590 lucernae
2194 2535 2419 2590 modum
2449 2535 2730 2589 incensam
2758 2534 2881 2589 luce
2904 2533 3211 2587 divinitatis
3231 2548 3344 2587 suae
3369 2533 3523 2587 inve-

1928 2631 2031 2693 nit,
2061 2638 2117 2685 et
2144 2630 2325 2700 magni
2355 2628 2541 2700 gaudii
2573 2628 2925 2683 occasionem
2967 2627 3110 2681 banc
3145 2625 3521 2680 inventionem

1930 2722 2094 2788 facit,
2125 2738 2233 2793 qua
2277 2722 2480 2777 divina:
2524 2722 2751 2777 decadis
2791 2721 3070 2787 defectum
3118 2718 3417 2789 supplevit.
3450 2718 3522 2773 Ut

1931 2814 2105 2871 ﬁlium
2135 2830 2270 2869 vero
2300 2822 2530 2885 peccato
2559 2814 2952 2869 mortiﬁcatum
2990 2823 3049 2867 ct
3079 2813 3174 2866 Dei
3215 2811 3521 2882 ignorantia

1931 2907 2212 2979 perditum
2257 2916 2318 2961 ut
2358 2917 2518 2979 pater
2556 2906 2741 2962 bunus
2784 2906 3045 2961 reducem
3086 2904 3335 2974 recepit,
3358 2904 3523 2973 eique

1931 2999 2179 3070 pristina
2219 2998 2508 3069 dignitatis
2550 2997 2787 3069 insignia
2828 2998 2989 3067 plene
3029 3011 3223 3050 rursus
3259 2994 3431 3059 indit,
3465 3005 3523 3049 et

232 3093 314 3155 ὡς
353 3090 538 3162 πατὴρ
572 3088 777 3159 ἀγαθός
806 3089 1211 3159 ἐπιστρέφοντα
1243 3090 1579 3159 προσήκατο,
1602 3087 1698 3140 καὶ
1725 3087 1825 3157 τῆς

1933 3089 2078 3159 quod
2106 3087 2405 3143 maximum
2436 3086 2685 3142 omnium
2723 3102 2858 3142 sane
2892 3094 2977 3140 est
3010 3085 3212 3154 cuique
3245 3098 3522 3139 summum

235 3183 517 3255 προτέρας
551 3181 710 3245 ἀξίας
741 3179 1014 3250 ἐπιτίθησι
1047 3178 1208 3235 πάλιν
1248 3178 1554 3242 ἁνελλιπῶς
1584 3179 1652 3233 τά
1689 3194 1829 3247 γνω-

239 3278 511 3350 ρίσματα,
540 3277 635 3329 καὶ
664 3275 726 3329 τὸ
760 3274 824 3344 δὴ
868 3274 1125 3344 μέγιστον
1162 3273 1380 3327 πάντων
1420 3272 1516 3326 καὶ
1548 3270 1827 3343 μυστικώ-

237 3388 425 3434 τατον,
455 3369 545 3421 τὸν
581 3367 778 3438 μόσχον
803 3365 922 3418 θύει
951 3365 1043 3419 τὸν
1074 3365 1340 3430 σιτευτὸν,
1370 3365 1519 3428 ὅστις
1550 3365 1681 3418 ποτὲ
1716 3360 1781 3435 ἦν
1803 3366 1830 3417 ὁ

239 3462 447 3533 μόσχος
470 3452 626 3522 οὗτος
654 3460 749 3513 καὶ
777 3462 811 3530 ἡ
834 3457 1030 3512 τούτου
1052 3458 1358 3529 παράδοξος
1388 3455 1553 3510 θυσία
1575 3452 1755 3527 (οἶμαι⁸
1774 3455 1832 3509 δὲ

234 3555 324 3608 ὅτι
354 3554 383 3605 ό
407 3550 709 3623 ἀκρότατός
748 3552 867 3605 ἐστι
902 3549 998 3604 τοῦ
1031 3550 1174 3604 κατὰ
1208 3550 1308 3620 τὴν
1345 3549 1497 3603 θείαν
1526 3550 1622 3603 καὶ⁵
1654 3550 1833 3621 ἄρρη-

233 3664 333 3701 τον
356 3645 620 3716 πρόνοιαν
649 3644 1017 3716 ἀπερινοήτου
1049 3642 1145 3697 καὶ
1167 3641 1447 3712 ἀγνώστου
1477 3643 1679 3713 τρόπου
1702 3659 1835 3713 κρυ-

236 3739 515 3808 φιώτατός
547 3755 607 3791 τε
645 3738 740 3791 καὶ
770 3737 1182 3805 ἀγνωστότατος
1222 3736 1417 3804 Λόγος,
1464 3737 1557 3789 καὶ
1586 3738 1618 3807 ἡ
1643 3735 1832 3789 τούτου

237 3829 561 3900 θεοπρεπὴς
592 3832 703 3892 τοῖς
734 3825 853 3882 οῦσι
890 3828 1223 3899 μετάδοσις),
1260 3830 1357 3881 καλ⁵
1386 3829 1563 3898 χαρᾶς
1592 3829 1834 3898 ἀρρήτου

239 3925 486 3977 ποιεῖται
514 3922 812 3991 κεφάλαιον
837 3920 930 3974 τοῦ
964 3920 1079 3973 υἱοῦ
1113 3922 1211 3990 τὴν
1236 3921 1514 3987 ἐπάνοδον,
1542 3919 1838 3991 πληρώσα-

239 4032 352 4069 σαν
405 4014 765 4085 μεγαλοφυῶς
820 4013 929 4066 τῶν
980 4013 1113 4065 υίῶν
1162 4014 1256 4083 τὴν
1303 4013 1492 4076 δυάδα,
1538 4013 1659 4083 ἦτις
1710 4013 1837 4065 ποτέ

243 4111 402 4162 ἐστιν
434 4106 599 4179 αῦτη,
637 4109 733 4160 καὶ
776 4109 808 4177 ἠ
846 4106 952 4176 πρὸ
992 4106 1162 4175 αὐτῆς
1204 4106 1368 4167 δεκὰς
1400 4105 1512 4158 τῶν
1554 4105 1836 4176 δραχμῶν,

245 4202 349 4254 καὶ
383 4202 416 4271 ἡ
461 4200 567 4270 πρὸ
602 4200 825 4269 ἐκείκης
849 4199 960 4252 τῶν
998 4198 1292 4270 προϐάτιον
1339 4198 1660 4262 ἐκατοντάς.
1704 4198 1841 4270 μερὶ

247 4288 327 4348 ὧν
358 4294 453 4346 νῦν
500 4293 702 4362 λέγειν,
741 4296 790 4347 εί
837 4294 1006 4359 δοκεῖ,
1054 4291 1504 4365 παραλείψωμεν,
1532 4292 1844 4361 εὐκαιρότε-

252 4406 352 4461 ρον
410 4389 469 4441 ἐν
513 4387 695 4450 ἄλλοις
757 4385 874 4458 μετ’
918 4372 1196 4456 ἐμμελοῦς
1249 4384 1580 4455 ἐξεργασίας
1626 4383 1716 4436 τὸν
1756 4382 1840 4450 ἐφ’

1937 3180 2083 3235 inest
2109 3178 2467 3250 mysterium,
2494 3178 2730 3233 vitulum
2769 3185 2970 3247 mactat
3001 3175 3341 3246 saginatum,
3374 3174 3529 3244 quis-

1937 3272 2063 3342 quis
2089 3281 2210 3325 crat
2236 3270 2445 3325 vitulus
2476 3270 2578 3325 iste
2606 3278 2662 3325 et
2693 3268 2991 3323 miriﬁcum
3034 3270 3156 3339 ejus
3195 3265 3526 3323 sacriﬁcium

1940 3362 2081 3432 (erat
2102 3377 2256 3427 vero,
2280 3370 2339 3415 ut
2363 3361 2497 3414 mihi
2520 3361 2764 3425 videtur,
2783 3375 3034 3416 summus
3057 3359 3125 3413 de
3151 3358 3336 3412 divina
3363 3364 3530 3426 atque

1939 3453 2207 3508 ineffabili
2254 3452 2607 3522 providentia
2658 3451 3116 3523 imperceptibilis
3162 3459 3219 3505 et
3265 3447 3529 3517 incogniti

1939 3545 2090 3600 modi
2126 3546 2322 3601 Sermo
2355 3544 2764 3601 occultissimus
2796 3552 2963 3610 atque
2999 3542 3160 3611 plane
3195 3539 3530 3610 incognitus,

1939 3639 2171 3709 ejusque
2212 3654 2337 3693 cum
2374 3638 2457 3693 eis
2492 3638 2587 3707 qui
2630 3637 2906 3691 exsistunt
2940 3634 3130 3688 divina
3160 3632 3535 3687 communica-

1945 3731 2067 3802 tio),
2091 3739 2149 3786 et
2184 3745 2285 3800 pro
2322 3730 2506 3802 gaudii
2549 3728 2850 3784 ineﬁ‘abilis
2892 3740 3110 3780 summa
3149 3723 3248 3778 ﬁlii
3290 3723 3530 3777 reditum

1942 3825 2132 3890 habet,
2157 3840 2265 3894 qua
2295 3823 2531 3877 ﬁliorum
2569 3822 2703 3893 dvas
2736 3818 3027 3889 magniﬁce
3064 3817 3282 3886 expleta
3314 3823 3372 3869 ct
3403 3828 3535 3869 con-

1945 3927 2215 3974 summata
2245 3925 2349 3980 est,
2375 3901 2631 3985 quisquis
2659 3922 2743 3967 est
2764 3911 2978 3967 reditus
3008 3911 3133 3974 iste,
3159 3918 3216 3963 et
3244 3907 3535 3962 drachma-
3634 3919 3642 3925 '

1945 4025 2069 4066 rum
2107 4026 2230 4079 qua:
2264 4023 2391 4063 eum
2425 4021 2730 4077 praegressa
2767 4012 2853 4059 est
2887 4003 3081 4066 dccas,
3106 4009 3163 4055 et
3192 3999 3378 4053 ovium
3409 4011 3537 4051 cen-

1946 4111 2065 4158 tum
2109 4114 2375 4155 numcrus
2416 4107 2543 4152 ante
2586 4098 2729 4151 hanc
2774 4100 3264 4149 commemoratus.
3293 4089 3371 4143 De
3413 4088 3535 4157 qui-

1948 4194 2084 4258 bus,
2111 4194 2157 4247 si
2186 4191 2371 4255 lubet,
2400 4204 2551 4244 nunc
2579 4188 2764 4242 dicere
2793 4184 3144 4248 omittamus,
3172 4176 3540 4251 opportunius

1948 4285 2005 4339 in
2036 4284 2160 4338 aliis
2182 4297 2309 4338 cum
2337 4289 2600 4336 accurato
2630 4276 2818 4333 studio
2846 4274 3077 4345 mystice
3114 4272 3171 4326 in
3208 4280 3541 4338 unoquoque

1950 4392 2075 4448 quae
2125 4375 2258 4430 insit
2306 4387 2570 4437 numero,
2613 4370 2659 4425 si
2710 4370 2862 4424 Deus
2905 4364 3160 4429 dederit,
3194 4358 3540 4417 observatnri

248 4447 473 4553 ἑκάστῳ
503 4447 725 4552 ἀριθμῶ
757 4447 1057 4552 ’μυστικῶς
1102 4447 1238 4531 Θεοῦ
1266 4447 1502 4541 διδόντος
1539 4447 1581 4509 θ’
1615 4447 1830 4546 ωνοᾲό-

1956 4447 2249 4525 rationem.
2283 4467 2341 4521 Si
2376 4465 2546 4536 igitur
2573 4470 2633 4517 ut
2664 4472 2823 4517 ovem
2857 4460 3039 4514 bonus
3070 4464 3259 4527 pastor
3292 4450 3544 4508 humeris

253 4590 415 4646 μενοι
446 4572 628 4642 λόγον.
676 4574 737 4626 Et
769 4572 948 4625 τοίνυν
996 4570 1073 4635 ὡς
1131 4571 1229 4641 μὲν
1277 4568 1554 4641 πρόϐατον
1600 4571 1630 4623 ὁ
1683 4567 1847 4632 καλὸς

250 4664 465 4734 ποιμὴν
497 4665 612 4727 τοῖς
642 4652 816 4733 ὤμοις
845 4661 1058 4726 ἐπιθεὶς
1090 4662 1227 4734 πρὸς
1258 4662 1326 4715 τά
1354 4660 1601 4731 σύννομα
1631 4660 1724 4713 τὸν
1755 4660 1848 4714 ἄνο

251 4760 479 4830 θρωπον
503 4756 850 4828 ἐπανήγαγε,
874 4756 972 4807 καὶ
992 4753 1069 4817 ὡς
1099 4752 1356 4825 δραχμὴν
1393 4750 1486 4805 διὰ
1509 4752 1605 4820 τῆς
1639 4750 1850 4814 εἰκόνος

251 4851 361 4921 τὴν
399 4848 685 4920 βασιλικὴν
718 4846 1034 4902 ἐκτύπωσιν
1067 4845 1263 4916 ἔχοντα
1319 4843 1413 4898 τὸν
1460 4843 1746 4912 ἄνθρωπον
1776 4843 1851 4906 ὡς

254 4940 428 5010 σοφία
452 4941 547 4995 τοῦ
570 4939 705 4994 Θεοῦ
736 4941 832 4995 καὶ
862 4940 1078 5010 Πατρδς
1109 4939 1203 4993 καὶ
1229 4938 1460 5009 δύναμις
1481 4936 1569 4990 διὰ
1592 4937 1691 5007 τῆς
1721 4951 1853 5007 σαρ-

260 5032 490 5097 ιώσεως
518 5027 677 5104 εὗρεν
706 5034 734 5086 ὁ
761 5032 965 5104 Κύριος
996 5031 1090 5084 καὶ
1114 5029 1326 5101 Σωτὴρ,
1361 5030 1457 5083 καὶ
1484 5029 1562 5090 ὼς
1587 5028 1701 5081 υἱὸν
1731 5029 1855 5081 ἐπι-ι

258 5124 574 5196 στρέφοντα
616 5125 936 5197 προσήκατο
983 5124 1011 5176 ὁ
1064 5122 1268 5191 ἀγαθὸς
1310 5123 1405 5175 καὶ
1440 5121 1854 5191 πανοικτίρμων

258 5219 487 5291 Πατὴρ,
526 5219 621 5273 καὶ
646 5221 775 5282 ταῖς·
801 5218 925 5271 κατ’
957 5217 1187 5287 οὐρανὸν
1226 5216 1491 5285 δυνάμεσι
1517 5212 1855 5285 συναριθμή-

261 5326 372 5373 σας
416 5306 820 5377 ἐγκατέταξεν,
864 5307 1097 5362 ἑκάστου
1159 5304 1271 5358 τῶν
1324 5306 1384 5357 ἐν
1439 5307 1553 5368 τοῖς
1606 5306 1856 5374 οὐρανοῖς

258 5400 512 5473 ἀριθμοῦ
557 5400 855 5474 πληρώσας
889 5398 986 5471 τὴν
1022 5398 1263 5468 ἔλλειψιν
1310 5396 1400 5451 διὰ
1437 5397 1531 5450 τοῦ
1588 5397 1856 5461 σωθέντος

351 5525 365 5557 ι
396 5519 531 5574 Luc.
561 5536 647 5583 xv,
680 5518 733 5573 4.
807 5531 833 5557 υ
865 5518 998 5573 ibid.
1026 5516 1059 5571 8
1159 5527 1183 5554 ν
1220 5517 1351 5573 ibid.
1384 5516 1467 5571 1'2.

1953 4563 2216 4633 injectam
2256 4558 2324 4613 ad
2372 4563 2663 4639 consortes
2702 4552 2985 4608 hominem
3027 4546 3359 4620 reportavit,
3391 4552 3449 4598 ct
3484 4549 3548 4597 ut

1954 4651 2277 4707 drachmam
2314 4649 2555 4719 regalem
2598 4648 2656 4702 in
2693 4646 2934 4716 imagine
2973 4641 3208 4713 eliigiem
3247 4640 3547 4695 habentem

1955 4742 2238 4799 hominem
2282 4748 2342 4796 ut
2377 4739 2651 4810 sapientia
2684 4737 2783 4793 Dei
2825 4753 2890 4792 ac
2929 4735 3106 4790 Patris
3142 4732 3201 4789 et
3234 4734 3413 4788 virtus
3451 4745 3555 4802 per.

1957 4835 2435 4893 carniﬁcationem
2462 4832 2733 4888 Dominus
2760 4840 2817 4887 et
2847 4829 3101 4886 Salvator
3130 4826 3370 4889 invenit,
3398 4834 3457 4880 et
3489 4831 3552 4881 ut

1959 4930 2135 4985 ﬁlium
2171 4912 2435 4983 reducem
2473 4926 2657 4981 bonus
2689 4932 2747 4980 et
2782 4939 3002 4994 semper
3037 4919 3357 4977 misericors
3389 4918 3563 4972 Paten

1960 5030 2247 5092 receptum
2313 5018 2636 5075 celestibus
2700 5016 3074 5088 potestatibus
3129 5008 3557 5079 annumeravit,

1964 5116 2405 5187 uniuscujusque
2441 5111 2686 5169 cmlestis
2718 5110 2940 5166 numeri
2977 5107 3197 5163 defectu
3233 5120 3334 5175 per
3369 5100 3550 5157 homic

1963 5224 2091 5264 nem
2120 5207 2389 5262 salvatum
2418 5204 2699 5275 suppleto,
2724 5201 3078 5258 manifestum
3106 5206 3191 5253 est
3216 5194 3364 5267 quod
3393 5191 3554 5249 Chria

1964 5310 2083 5358 stus
2107 5301 2254 5355 Deus
2282 5297 2624 5369 superiorem
2650 5295 2918 5350 mundum
2943 5289 3261 5361 complevit,
3287 5286 3473 5343 divine
3495 5284 3554 5341 in

1964 5394 2263 5464 semetipso
2294 5392 2409 5462 ipse
2435 5401 2763 5446 cunctorum
2788 5387 3023 5443 salutem
3053 5390 3334 5455 operatus.

1564 5629 1804 5685 VARIAZ
1838 5626 2250 5683 LECTIONES.

357 5730 403 5761 ³⁸
441 5728 829 5801 Apogruplium
867 5728 934 5781 αὐ
947 5726 1139 5790 Θαόως.

1232 5726 1272 5757 ³⁷
1307 5725 1508 5779 Eadem
1543 5742 1735 5781 manus
1759 5723 2000 5781 correxit
2033 5724 2293 5794 μυστικόν
2324 5720 2397 5786 ὡς
2433 5716 2567 5772 Θεοῦ
2599 5715 2854 5783 διδόντος,
2883 5722 2992 5770 etc.
