4012 6396
508 317 643 384 1279

1682 329 1743 391 S.
1781 328 2065 390 MAXIM]
2111 327 2626 391 CONFESSORI‘S

3634 291 3752 393 1230

510 429 826 502 ἀνθρώπου,
863 431 1018 503 δῆλον
1048 434 1122 497 ὡς
1150 432 1240 488 τὸν
1267 436 1381 490 ἄνω
1451 439 1656 508 κόσμον
1722 439 2014 511 ἐπλήρωσε
2041 439 2278 509 Χριστὸς
2317 442 2346 495 ὁ
2413 441 2570 508 Θεὸς,
2609 439 2710 513 τὴν
2760 439 2978 496 πάντων
3011 439 3071 496 ἒν
3111 439 3294 512 ἑαυτῷ
3326 437 3643 510 θεοπρεπῶς
3683 444 3759 496 αὑ-

507 529 820 598 τουργήσας
847 544 990 599 σωτη
1004 529 1146 597 ρίαν.

902 708 1029 764 Alia
1057 711 1113 763 in
1142 711 1280 766 idem
1309 711 1704 783 contemplatio.
2125 717 2176 772 Α

574 820 682 877 Sed
723 821 888 877 aliter
924 838 1180 894 quoque.
1217 825 1261 880 si
1304 827 1514 896 placet,
1547 827 1690 884 hanc
1730 827 2096 898 quaestionem

503 921 928 984 pertractemus.
957 916 1063 982 Qui
1099 933 1284 972 rerum
1323 931 1578 975 accurate
1610 919 1976 991 dispexerunt
2003 938 2101 978 na-

508 1014 711 1069 turam,
735 1005 1171 1078 uniuscujusque
1199 1015 1410 1064 naturae
1437 1010 1612 1081 legem
1643 1011 1876 1067 rationis
1903 1027 2102 1068 secun-

477 1097 483 1168 ξ
507 1097 638 1152 dum
663 1114 826 1169 quam
853 1099 925 1154 sit
950 1108 1006 1154 et
1027 1101 1304 1156 exstiterit
1327 1107 1677 1159 constantem
1701 1115 1758 1162 et
1783 1104 2103 1161 immutabi-

507 1189 615 1244 lem
645 1189 978 1248 soliditatem
1007 1207 1128 1248 esse
1159 1200 1432 1261 statuunt,
1459 1204 1517 1250 et
1552 1197 1690 1268 legis
1719 1205 1935 1252 natura
1969 1197 2104 1255 deti.

471 1257 480 1354 ξ
508 1282 778 1336 nitionem
811 1283 889 1338 sic
916 1283 1058 1338 bene
1084 1300 1143 1340 se
1167 1285 1398 1351 habere,
1426 1295 1486 1341 ut
1509 1289 1644 1342 mihi
1670 1289 1913 1354 videtur,
1940 1305 2105 1346 nemo

469 1355 478 1417 ἶ
510 1372 743 1427 rationis
777 1374 1060 1445 particeps
1092 1377 1188 1431 ubi
1221 1377 1458 1434 audierit
1485 1396 1595 1434 non
1629 1381 1919 1438 concedet.
1946 1381 2106 1449 Quod

511 1463 556 1516 si
591 1479 786 1518 verum
818 1475 936 1530 est,
973 1475 1203 1536 apparet
1236 1468 1355 1540 lege
1391 1477 1606 1526 naturae
1639 1473 1958 1530 necessario
1997 1484 2106 1530 tam

513 1557 786 1610 rationem
829 1563 1046 1614 natorae
1083 1561 1350 1616 custodiri
1397 1561 1752 1631 inviolatam,
1784 1581 1948 1635 quam
1987 1569 2108 1640 ejus

513 1647 825 1701 secundum
884 1649 1216 1719 positionem
1271 1653 1500 1706 omnino
1557 1653 1744 1708 locum
1799 1659 2110 1726 perservari

511 1736 886 1794 immutatum.
917 1741 1121 1796 Verum
1161 1743 1255 1813 qui
1296 1745 1416 1816 lege
1457 1753 1517 1800 et
1558 1745 1776 1803 ratione
1819 1756 1875 1802 et
1913 1758 2112 1806 natura

510 1831 795 1901 sapienter
835 1850 934 1904 per
969 1836 1216 1908 singulas
1257 1840 1472 1908 species
1511 1854 1698 1894 rerum
1739 1841 2112 1899 substantiam

513 1922 764 1989 deliniit,
794 1924 844 1979 is
871 1933 1074 1982 natura
1103 1935 1164 1982 et
1191 1929 1310 2001 lege
1337 1937 1394 1985 et
1420 1929 1708 1985 intellectu
1734 1942 1790 1986 et
1816 1933 2032 1990 ratione
2059 1944 2115 1990 et

517 2013 644 2068 loco
669 2023 728 2070 et
753 2003 1000 2073 motione
1030 2021 1286 2090 superior
1309 2023 1620 2080 secundum
1649 2025 1863 2080 nullum
1890 2035 2116 2080 natura,-

514 2106 654 2162 lium
693 2109 808 2180 agit
840 2110 922 2166 eis
957 2127 1082 2182 quae
1113 2123 1327 2170 naturae
1365 2117 1615 2188 subjecta
1654 2126 1805 2184 sunt,
1843 2120 1942 2176 sed
1978 2120 2115 2176 sibi-

515 2200 742 2270 metipsi
785 2213 1156 2274 congruenter
1197 2206 1256 2260 in
1305 2207 1376 2263 iis
1415 2223 1538 2278 quae
1579 2209 1869 2281 suhjacent
1903 2220 2115 2269 natura;

517 2301 740 2349 sectans
763 2298 1266 2364 supernaturaliter
1289 2315 1352 2355 ea
1377 2315 1500 2371 quae
1526 2301 1829 2357 secundum
1855 2311 2114 2360 naturam

519 2391 650 2438 sunt
677 2392 734 2439 et
766 2383 898 2440 facit
918 2395 976 2442 et
1006 2387 1236 2457 patitur,
1269 2390 1557 2461 utrisque,
1586 2398 1700 2446 tam
1743 2391 1850 2447 sibi
1885 2394 2116 2463 patienti

515 2490 684 2544 quam
713 2476 798 2532 eis
822 2492 946 2547 qua:
975 2477 1115 2533 ﬁunt
1143 2479 1376 2536 miriﬁce
1419 2482 1746 2538 custodiens
1784 2484 2117 2540 naturaliter

516 2565 787 2622 illibatam
835 2569 1232 2627 constantiam.
1265 2571 1345 2626 Ita
1388 2581 1446 2627 et
1490 2572 1562 2628 ad
1606 2588 1710 2629 nos
1757 2573 1878 2644 ipse
1923 2589 2117 2630 revera

517 2669 704 2716 motus
750 2677 850 2716 sua
897 2661 1064 2732 apud'
1095 2678 1201 2720 nos
1246 2664 1572 2734 apparentia
1615 2665 1898 2736 perfectus
1949 2665 2118 2722 homo

517 2751 698 2809 factus
721 2761 839 2820 est,
865 2755 1024 2810 nullo
1050 2763 1234 2811 tamen
1261 2756 1428 2812 modo
1453 2757 1521 2812 de
1549 2760 1851 2830 semetipso
1901 2767 2114 2827 motus,

521 2843 850 2914 nullumque
887 2845 1050 2914 plane
1087 2843 1284 2901 localis
1323 2847 1857 2919 circumscriptionis
1898 2851 2120 2921 pericu-

516 2933 634 2989 lum
673 2945 957 3006 expertus,
993 2944 1159 3007 atque
1199 2953 1301 2994 nos
1339 2938 1585 3010 perfecte
1628 2941 1932 3007 deiﬁcavjt,
1973 2942 2118 2997 nihil

517 3025 748 3080 omnino
796 3037 1004 3082 nostrae
1054 3036 1269 3085 natura:
1321 3029 1389 3086 de
1448 3032 1832 3089 immutatione
1884 3035 2119 3090 interci-

522 3117 700 3185 piens,
729 3125 1020 3189 totumque
1062 3135 1126 3174 ac
1162 3121 1327 3191 plene
1375 3137 1436 3177 se
1477 3124 1704 3180 tradens
1742 3134 1800 3180 et
1836 3134 2012 3180 totum
2049 3126 2120 3181 de

523 3206 798 3262 ineﬂ‘abili
853 3208 1229 3279 inviolataque
1285 3211 1496 3266 unione
1554 3212 1779 3282 plenum
1838 3213 2120 3270 hominem

521 3311 754 3352 sumens
795 3298 939 3353 nihil
987 3299 1056 3355 de
1109 3301 1285 3356 altera
1335 3303 1680 3373 perfectione
1731 3304 2021 3372 diminuit,
2063 3313 2121 3362 et

2563 711 2762 780 ’Ἄλλη
2813 710 3026 780 θεωρία
3057 712 3145 778 εἰς
3168 709 3238 764 τὸ
3260 709 3436 765 αὐτό.

2272 824 2383 878 Καὶ
2413 824 2590 890 ἄλλως
2635 825 2714 892 δὲ,
2745 827 2794 879 εἰ
2827 825 2996 893 δοκεῖ,
3048 825 3426 896 θεωρήσωμεν
3471 825 3534 878 τὸ
3571 828 3768 895 προκεῖ-

2205 931 2370 986 μενον
2413 915 2641 986 ἄπορον.
2691 918 2862 971 Φασὶν
2909 919 2960 972 οἱ
3005 917 3116 970 τῶν
3151 915 3332 987 (211
3385 916 3439 986 b)
3485 916 3648 971 ὄντων
3686 919 3769 990 τὴν

2203 1006 2368 1076 φύσιν
2414 1007 2658 1078 ἀκριϐῶς
2699 1008 3096 1080 διαθρῆσαντες
3137 1011 3302 1079 νόμον
3369 1002 3515 1062 εἶναι
3581 1009 3772 1078 φύσεως

2204 1099 2448 1171 ἑκάστης
2489 1099 2588 1172 τὴν
2632 1099 2726 1154 τοῦ
2779 1101 2902 1156 καθ’
2934 1103 2994 1156 ὃν
3023 1103 3144 1156 ἐστι
3175 1101 3272 1155 καὶ
3302 1099 3606 1171 γεγένηται
3631 1100 3772 1172 λόγου

2206 1190 2429 1262 ἀρρεπῆ
2479 1193 2576 1246 καὶ
2607 1191 2971 1246 ἀναλλοίωτον
3005 1192 3369 1264 μονιμὰτητα,
3397 1192 3497 1246 καὶ
3527 1191 3700 1256 καλῶς
3721 1193 3776 1247 ἂν

2207 1283 2352 1354 ἔχειν
2388 1283 2534 1339 οὑτω
2548 1284 2641 1340 τὸν
2656 1285 2783 1357 ὅρον
2802 1284 2899 1339 τοῦ
2933 1287 3100 1356 νόμου
3121 1285 3222 1357 τῆς
3251 1283 3496 1354 φύσεως,
3517 1285 3593 1350 ὡς
3622 1279 3774 1356 οἶμαι,

2211 1378 2320 1441 πᾶς
2356 1377 2522 1446 λόγου
2563 1376 2907 1448 μετειληφὼς
2954 1377 3171 1432 ἀκούων
3227 1377 3586 1448 συνθήσεται.
3639 1379 3697 1431 Εἰ
3731 1379 3778 1432 δὲ

2209 1468 2370 1523 τοῦτὸ
2398 1469 2552 1522 ἐστιν
2584 1469 2805 1541 ἀληθὲς,
2827 1468 3074 1538 δηλονότι
3098 1471 3126 1522 ό
3155 1469 3325 1540 νόμος
3356 1469 3463 1538 τῆς
3499 1467 3708 1538 φύσεως
3732 1469 3781 1535 ἐξ

2211 1560 2458 1631 ἀνάγκης
2494 1558 2686 1636 ῶσπερ
2707 1560 2804 1614 τὸν
2836 1560 2994 1630 λόγον
3023 1559 3387 1632 ἀπαράϐατον
3420 1558 3675 1628 φυλάττει
3699 1561 3780 1629 τῆς

2215 1649 2454 1720 φύσεως,
2495 1647 2640 1702 οὕτω
2671 1651 2768 1704 καὶ
2802 1649 2894 1705 τὸν
2931 1648 3104 1718 αὑτῆς
3139 1649 3286 1704 κατὰ
3335 1647 3441 1720 τὴν
3477 1647 3628 1703 θέσιν
3663 1649 3782 1704 πάνυ

2213 1759 2321 1805 τως
2350 1742 2602 1813 διατηρεῖ
2638 1741 2804 1797 τόπον
2846 1741 3218 1814 ἀμετάθετον.
3267 1741 3417 1795 Ἀλλ’
3459 1743 3488 1795 ὁ
3533 1740 3679 1812 νόμῳ
3705 1743 3784 1796 καὶ

2213 1833 2360 1904 λόγῳ
2403 1835 2499 1889 καὶ
2532 1833 2692 1904 φύσει
2739 1833 2922 1904 σοφῶς
2965 1833 3210 1905 διορίσας
3249 1833 3374 1886 καθ’
3399 1833 3636 1887 ἕκαστον
3667 1827 3793 1897 εἶδος,

2215 1925 2316 1996 τὴν
2341 1925 2450 1979 τῶν
2473 1925 2644 1981 ὄντων
2679 1927 3000 1990 ὑπόστασιν,
3034 1925 3176 1996 ὑπὲρ
3203 1924 3370 1996 φύσιν
3393 1923 3499 1978 καὶ
3526 1925 3684 1994 νόμον
3708 1925 3787 1977 καὶ

2218 2019 2345 2074 νοῦν
2375 2019 2475 2075 καὶ
2492 2019 2653 2088 λόγον
2683 2017 2780 2072 καὶ
2803 2018 2972 2072 τόπον
3001 2021 3095 2071 καὶ
3117 2016 3336 2087 κίνησιν
3363 2015 3654 2086 ὑπάρχων,
3683 2016 3783 2069 κατ’

2215 2109 2370 2164 οὐδὲν
2400 2109 2510 2162 τῶν
2554 2107 2697 2163 κατά
2731 2107 2894 2178 φύσιν
2937 2109 3154 2180 ἐνεργεῖ
3183 2109 3298 2171 τοῖς
3328 2105 3441 2160 ὑπὸ
3475 2104 3660 2176 φύσιν,
3689 2105 3784 2159 ἀλλ’

2217 2201 2396 2274 ἑαυτῷ
2445 2201 2742 2273 προσφυῶς
2789 2200 2930 2273 ὑπὲρ
2980 2199 3142 2269 φύσιν
3188 2200 3257 2254 τὰ
3302 2199 3457 2255 κατά
3504 2198 3664 2268 φύσιν
3699 2197 3784 2251 τῶν

2218 2293 2324 2349 ὑπὸ
2378 2293 2541 2364 φύσιν
2595 2294 2999 2366 μετερχόμενος
3054 2291 3161 2364 δρᾷ
3199 2307 3258 2344 τε
3299 2291 3404 2346 καὶ
3440 2290 3660 2362 πάσχει,
3699 2290 3784 2359 ἀμ-

2219 2389 2340 2458 φοῖν
2377 2383 2661 2455 φυλάττων
2702 2382 2884 2455 ἑαυτῷ
2933 2401 2994 2437 τε
3042 2384 3307 2454 πάσχοντι
3362 2381 3466 2436 καὶ
3515 2383 3629 2446 τοῖς
3671 2380 3778 2450 δρω-

2221 2477 2406 2548 μένοις
2439 2474 2762 2546 παραδόξως
2795 2475 2938 2529 κατὰ
2985 2473 3148 2546 φύσιν
3181 2473 3494 2547 ἀκραιφνὲς
3519 2471 3582 2526 τὸ
3607 2471 3783 2543 ἀμετὰ·

2220 2568 2395 2623 ϐολον.
2435 2566 2594 2622 Οὑτω
2656 2584 2716 2622 τε
2743 2567 2897 2622 κάτω
2950 2567 3088 2640 πρὸς
3147 2567 3297 2638 ἡμᾶς
3353 2567 3529 2630 αὑτὸς
3575 2563 3784 2636 κινηθεὶς

2221 2660 2440 2733 ἀληθῶς
2477 2663 2544 2734 τῇ
2597 2659 2722 2715 καθ’
2775 2661 2924 2732 ἡμᾶς
2977 2659 3241 2730 ὲκφόινσει
3292 2657 3588 2729 ἅνθρωπος
3623 2657 3784 2726 γέγονε

2221 2750 2446 2815 τέλειος,
2496 2749 2572 2821 μὴ
2623 2748 2863 2822 κινηθεὶς
2903 2748 3100 2802 ἑαυτοῦ
3145 2747 3210 2802 τὸ
3256 2748 3531 2819 παράπαν
3581 2746 3672 2800 καὶ
3707 2744 3786 2812 τῆς

2221 2842 2281 2897 ὲν
2313 2843 2474 2913 ’τόπῳ
2521 2840 2869 2914 περιγραφῆς
2913 2839 3184 2914 μηδαμῶς
3221 2839 3425 2909 πεῖραν
3475 2835 3675 2903 autem,
3709 2836 3784 2888 καὶ

2219 2935 2368 3008 ἡμᾶς
2400 2935 2600 2988 ὲθέωσε
2630 2931 2874 2997 τελείως,
2908 2931 3075 3004 μηδὲν
3097 2930 3256 3002 ἡμῶν
3280 2930 3382 3003 τῆς
3425 2928 3640 3001 φύσεως
3677 2943 3787 2980 πανΒ

2220 3028 2430 3081 τάπασι
2479 3025 2601 3080 κατ’
2650 3024 2936 3080 ἀλλοίωσιν
2995 3022 3354 3094 ὑφελόμενος,
3407 3022 3532 3076 ὃλον
3586 3038 3642 3073 τε
3685 3017 3783 3080 δοὺς

2221 3120 2527 3184 ἀνελλιπῶς
2565 3120 2760 3174 ἑαυτὸν
2802 3119 2896 3174 καὶ
2927 3118 3048 3172 ὅλον
3095 3116 3238 3170 κατὰ
3285 3115 3387 3188 τὴν
3419 3113 3687 3186 ἄφραστον
3710 3111 3784 3164 καὶ

2223 3213 2505 3285 ἀλώϐητον
2528 3194 2722 3267 ἕνωσιν
2748 3212 2932 3282 πλήρη
2965 3210 3058 3264 τὸν
3084 3208 3375 3280 ἄνθρωπον
3398 3206 3634 3278 εἰληφὼς
3657 3202 3782 3258 οὐδὲν

2221 3308 2322 3378 τῆς
2350 3307 2471 3361 κατ’
2501 3306 2688 3376 ἕτερον
2715 3305 2950 3378 ἐμείωσε
2980 3303 3351 3372 τελειότητος,
3385 3301 3484 3356 καὶ
3512 3300 3651 3354 ἔστιν
3673 3298 3784 3366 ἀλη-

521 3405 717 3447 revera
761 3399 845 3446 est
882 3401 1032 3447 totus
1069 3393 1218 3448 Deus
1260 3393 1431 3459 idem,
1459 3403 1517 3450 et
1559 3403 1706 3450 totus
1746 3397 1912 3452 homo
1951 3397 2118 3464 idem,

2225 3399 2336 3464 θῶς
2369 3399 2488 3463 ὅλος
2516 3397 2648 3464 θεὸς
2682 3400 2712 3453 ό
2740 3398 2924 3462 αὐτὸς,
2963 3396 3059 3484 οιαὶ
3086 3395 3208 3458 ὅλος
3232 3394 3526 3465 ἄνθρωπος
3627 3389 3780 3484 αὑτὸς,

524 3481 658 3536 dum
706 3483 1002 3554 utriusque
1045 3500 1258 3540 eorum.
1283 3485 1340 3540 in
1378 3487 1584 3556 quibus
1627 3503 1816 3544 revera
1859 3498 1946 3544 est
1986 3503 2120 3544 con-

525 3575 898 3630 summatione
933 3576 1155 3632 sibimet
1184 3578 1514 3634 testiﬁcatur
1541 3580 1833 3652 utriusque
1865 3582 2122 3637 immuta-

525 3663 796 3718 bilitatem
835 3672 1001 3736 atque
1044 3667 1431 3722 constantiam.
1462 3667 1554 3724 Sic
1590 3668 1738 3724 Deus
1777 3669 1942 3723 solvit
1975 3669 2125 3739 leges

524 3763 760 3818 natum,
789 3753 921 3809 dum
953 3757 1459 3826 supernaturaliter
1485 3760 1542 3812 in
1567 3759 1919 3815 naturalibus
1948 3759 2123 3814 utitur

525 3855 745 3900 natura.
1467 3910 1497 3942 ‘

525 4068 652 4126 Alia
680 4071 1080 4142 contemplatio,
1112 4073 1164 4126 in
1215 4073 1352 4128 illud
1382 4090 1400 4128 :
1434 4092 1453 4124 ι
1491 4071 1871 4130 Consummari
1919 4085 2122 4148 Oportet

965 4162 1222 4216 mundum
1263 4165 1613 4234 superiorem.
1647 4183 1666 4214 ›

602 4289 660 4344 Si
683 4289 853 4360 igitur
875 4288 1152 4355 Christus,
1168 4297 1229 4344 ut
1247 4289 1438 4356 homo,
1452 4290 1722 4346 delibatio
1739 4301 1945 4348 nostrae
1961 4300 2126 4348 natu-

530 4397 606 4436 rae
635 4392 691 4437 et
715 4383 873 4452 quasi
903 4381 1238 4438 fermentum
1274 4384 1446 4438 totius
1464 4399 1660 4440 massa:
1683 4384 1831 4454 apud
1857 4385 2028 4440 Deum
2059 4401 2126 4440 ac

531 4473 753 4528 Patrem
781 4481 887 4538 est,
917 4484 1002 4530 est
1033 4489 1166 4530 vero
1195 4475 1339 4545 apud
1375 4475 1548 4530 Deum
1580 4490 1646 4531 ac
1675 4476 1893 4533 Patrem
1926 4493 2126 4534 secun-

531 4564 666 4619 dum
713 4565 1076 4622 humanitatis
1125 4567 1450 4637 opinionem
1489 4569 1536 4623 is
1575 4569 1670 4638 qui
1720 4585 2006 4640 nunquam
2054 4572 2125 4627 de

532 4669 632 4709 sua
678 4655 736 4708 in
793 4655 962 4710 Patre
1014 4655 1298 4710 soliditate
1339 4656 1611 4720 excessit,
1663 4663 1726 4710 ut
1781 4656 2010 4721 Sermo,
2051 4673 2124 4713 ne

533 4747 880 4818 ambigamus
922 4748 1082 4817 quin,
1135 4748 1441 4803 secundum
1499 4749 1677 4818 ipsius
1714 4749 1860 4820 apud
1903 4751 2122 4806 Patrem

535 4840 884 4910 petitionem,
934 4856 1036 4894 uos
1089 4839 1265 4894 futuri
1307 4841 1484 4896 simus
1515 4841 1613 4896 ubi
1656 4841 1776 4912 ipse
1822 4851 1910 4898 est
1947 4843 2126 4898 nostri

537 4931 760 5002 generis
812 4931 1100 4986 delibatio.
1159 4931 1638 4997 Quemadmodum
1690 4932 1841 4987 enim
1897 4942 2128 5004 propter

538 5039 642 5081 nos
671 5024 960 5081 descendit
994 5025 1338 5089 immutatus,
1380 5033 1436 5079 et
1459 5025 1626 5080 homo
1647 5025 1718 5080 ad
1746 5027 1923 5082 nostri
1954 5025 2130 5082 instar

535 5117 719 5173 factus
764 5127 852 5172 est
894 5128 1096 5189 praeter
1137 5117 1312 5172 ullum
1357 5126 1668 5188 peccatum,
1704 5127 1996 5194 postquam
2031 5118 2132 5172 ad-

543 5209 874 5269 mirabiliter
917 5211 1082 5267 solvit
1133 5209 1283 5282 leges
1343 5219 1584 5276 naturae,
1639 5210 1714 5264 ita
1766 5225 1872 5265 nos
1909 5225 2133 5280 quoque

540 5310 950 5372 consequenter
997 5317 1098 5373 per
1159 5318 1288 5356 cum
1343 5302 1736 5368 ascendemus,
1791 5302 1889 5358 Dei
1936 5302 2131 5368 futuri,

541 5401 607 5448 ut
632 5391 748 5460 ille,
777 5393 969 5464 gratia:
995 5395 1280 5462 mysterio,
1315 5393 1565 5462 nihilque
1600 5403 1860 5461 naturam
1885 5402 2134 5448 nostram

543 5484 774 5538 omnino
821 5484 1262 5539 immutabimur.
1317 5487 1500 5556 Atque
1553 5487 1650 5552 ita,
1688 5486 1996 5543 secundum
2046 5501 2137 5540 sa-

548 5575 793 5644 pientem
818 5575 1167 5645 magistrum,
1194 5575 1452 5645 superior
1480 5593 1674 5632 rursus
1701 5577 1946 5648 repletur
1969 5594 2134 5633 mun-

549 5667 676 5727 dus,
716 5666 982 5720 membris
1025 5667 1276 5737 corporis
1309 5685 1376 5722 ex
1413 5667 1682 5739 dignitate
1725 5682 1888 5742 atque
1935 5671 2136 5727 merito

548 5755 620 5810 ad
663 5767 829 5826 caput
857 5760 1223 5829 congregatis,
1257 5761 1520 5815 nimirum
1571 5778 1694 5817 cum
1734 5780 1894 5820 suum
1929 5779 2131 5819 unum-

2109 4797 2201 4854 ID

2221 3493 2290 3563 τῇ
2320 3489 2442 3544 κατ’
2495 3489 2664 3561 ἄμφω
2713 3487 2822 3542 τῶν
2852 3489 2912 3541 ὲν
2949 3480 3031 3550 οἷς
3080 3485 3299 3556 ἀληθῶς
3349 3485 3470 3538 ἐστι
3519 3480 3782 3549 τελειότητι

2227 3580 2523 3654 μαρτυρῶν
2565 3579 2744 3651 ἐαυτῷ
2787 3579 2848 3634 τὸ
2908 3580 3032 3632 κατ’
3082 3577 3251 3649 ἄμφω
3292 3575 3568 3648 ἀτρεπτόν
3614 3590 3670 3626 τε
3709 3569 3784 3626 καὶ

2225 3667 2639 3723 ἀναλλοίωττον.
2679 3667 2838 3722 Οὕτω
2876 3667 2994 3720 λύει
3041 3665 3170 3730 τοὺς
3196 3665 3400 3736 νόμους
3441 3665 3546 3737 τῆς
3581 3661 3783 3734 φύσεως,

2227 3759 2368 3831 ὑπὲρ
2403 3759 2566 3828 φύσιν
2596 3760 2654 3814 ἐν
2677 3760 2794 3823 τοῖς
2841 3757 2984 3812 κατὰ
3021 3755 3186 3826 φύσιν
3219 3757 3284 3827 τῇ
3317 3755 3483 3819 φύσει
3516 3753 3780 3826 χρώμενος,

2225 3853 2254 3905 ὁ
2275 3852 2429 3916 Θεός.

2231 4081 2430 4147 ’Ἄλλη
2463 4078 2700 4146 θεωρία,
2737 4079 2825 4144 εις
2855 4079 2942 4133 τό*
2981 4096 3002 4130 ι
3026 4075 3429 4148 Πληρωθῆναι
3453 4073 3550 4130 δεῖ
3565 4072 3666 4128 τὸν
3685 4068 3783 4163 ἀνω

2793 4167 2804 4178 ’
2869 4169 3126 4238 κόσμον.
3153 4187 3173 4222 ι

2299 4297 2367 4350 Εἰ
2387 4295 2566 4350 τοίνυν
2600 4293 2827 4366 ἀπαρχὴ
2854 4296 2954 4367 τῆς
2985 4293 3108 4348 καθ’
3155 4295 3305 4366 ἡμᾶς
3327 4294 3568 4364 φύσεως,
3598 4289 3668 4352 ὡς
3706 4284 3780 4339 ἄν-

2229 4385 2473 4459 θρωπος,
2505 4387 2652 4440 ἐστὶν
2671 4387 2701 4440 ὁ
2734 4372 2970 4456 Χριστὸς
2998 4385 3137 4458 πρὸς
3171 4385 3264 4440 τὸν
3296 4385 3431 4439 Θεὸν
3458 4383 3552 4438 καὶ
3577 4377 3778 4446 Πατέρα,

2225 4479 2326 4535 καὶ
2356 4473 2468 4534 οἷον
2503 4479 2648 4551 ζύμη
2673 4465 2770 4533 τοὺ
2797 4478 2920 4533 ὅλου
2945 4481 3289 4550 φυράματος,
3317 4477 3521 4553 ἔστιδὲ
3559 4472 3685 4544 πρὸς
3713 4467 3782 4520 τδν

2229 4571 2364 4626 Θεὸν
2397 4573 2492 4626 καὶ
2544 4571 2766 4642 Πατέρα
2811 4571 2951 4625 κατὰ
2999 4571 3098 4642 τὴν
3131 4571 3374 4625 ἐπίνοιαν
3406 4573 3509 4642 τῆς
3537 4557 3780 4634 ἀνθρωπό-

2227 4679 2390 4733 τητος
2441 4664 2469 4716 ὁ
2526 4661 2797 4733 μηδέποτε
2842 4662 2942 4729 τῆς
2970 4661 3030 4713 ὲν
3057 4659 3136 4732 τῷ
3163 4661 3342 4732 Πατρὶ
3369 4661 3566 4722 ἐκστὰς
3595 4647 3781 4728 μονιμόσ

2227 4771 2429 4827 τητος,
2465 4754 2542 4818 ὡς
2595 4753 2773 4822 λόγος,
2811 4751 2995 4824 (212
3031 4751 3086 4820 a)
3119 4751 3194 4823 μὴ
3237 4752 3624 4822 ἀπιστήσωμεν
3683 4740 3780 4794 ἔσει

2235 4845 2382 4910 σθαι,
2425 4847 2570 4900 κατά
2618 4845 2718 4915 τὴν
2770 4843 2936 4898 αὑτοῦ
2987 4844 3124 4914 πρὸς
3173 4843 3266 4896 τὸν
3317 4843 3539 4914 Πατέρα
3581 4837 3778 4904 αἴτησιν,

2237 4935 2366 4990 ἔνθα
2398 4935 2561 4999 αὑτός
2598 4935 2748 4988 ἐστιν
2778 4935 2812 5004 ή
2859 4934 3089 5004 ἀπαρχὴ
3147 4933 3242 4987 τοῦ
3295 4933 3561 5005 ἡμετέρου
3603 4926 3777 4996 γένους·

2249 5030 2340 5092 Ὠς
2377 5017 2496 5100 γὰρ’
2533 5029 2726 5096 γέγονε
2783 5029 2934 5080 κάτω
2979 5025 3048 5080 δι’
3103 5027 3252 5098 ἡμᾶς
3305 5022 3663 5080 ἀναλλοιὼτως
3707 5011 3778 5067 καὶ

2241 5119 2532 5192 ἅνθρωπος
2565 5119 2688 5172 καθ’
2727 5120 2876 5190 ἡμᾶς
2915 5119 3082 5190 χωρὶς
3115 5119 3286 5189 μόνης
3321 5115 3608 5190 ἁμαρτίας,
3639 5106 3776 5162 λύσας

2236 5211 2537 5285 ὑπερφυῶς
2565 5211 2695 5275 τοὺς
2725 5211 2927 5279 νόμους
2959 5213 3060 5280 τῆς
3092 5211 3329 5279 φύσεως,
3367 5209 3506 5263 οὑτω
3532 5203 3619 5260 καὶ
3645 5194 3779 5285 ἡμεῖς

2219 5280 2472 5382 ante.
2506 5301 2800 5356 ἀκόλουθον
2828 5301 2940 5355 ἀνω
2979 5300 3047 5354 δι’
3091 5299 3254 5354 αὑτὸν
3311 5292 3669 5382 γενησόμεθα,
3701 5280 3774 5382 καξ

2239 5396 2353 5450 θεοὶ
2381 5396 2500 5450 κατ’
2532 5393 2698 5448 αὑτὸν
2726 5392 2806 5464 τῷ
2841 5395 2942 5460 τῆς
2966 5393 3188 5464 χάριτος
3219 5381 3710 5478 μυστηρίῳ,μηδὲν
3728 5370 3776 5425 τὺ

2239 5485 2506 5558 παράπαν
2554 5483 2897 5546 ἀλλοιοῦντες
2935 5485 3036 5554 τῆς
3078 5483 3315 5552 φύσεως.
3355 5483 3465 5535 Καὶ
3499 5477 3628 5533 οὕτω
3663 5479 3772 5558 πη·

2248 5556 2436 5648 ροὺται
2471 5576 2634 5630 πάλιν
2694 5573 2836 5629 κατά
2882 5573 2972 5628 τὸν
3035 5575 3198 5644 σοφὸν
3248 5572 3560 5627 διδάσκαλον
3610 5564 3636 5616 ὁ
3667 5556 3773 5654 ’ἅνω

2245 5668 2470 5738 κόσμος,
2502 5669 2638 5738 πρὸς
2664 5665 2761 5737 τὴν
2803 5665 3044 5736 κεφαλὴν
3077 5667 3186 5720 τῶν
3216 5664 3394 5736 μελῶν
3441 5661 3526 5716 τοῦ
3565 5654 3769 5722 σώματος

2248 5761 2369 5817 κατ’
2400 5761 2552 5827 ἀξίαν
2599 5760 3004 5832 συναγομένων,
3055 5760 3286 5814 ἑκάστου
3332 5753 3566 5828 δηλονότι
3613 5739 3768 5816 μέθασῆ

2631 5990 2682 6035 ο
