4012 6366
337 412 466 479 1281
1568 401 1918 465 AMBIGUO

1999 404 2090 464 JM
2129 402 2381 463 LIBER.
3446 404 3583 469 1289

330 526 400 593 τῇ
436 517 557 573 κατ’
586 514 785 587 ἀρετὴν
816 506 1077 584 ὲγγῦτητι
1122 511 1223 586 τὴν
1268 508 1583 588 πρέπουσαν
1627 510 1776 581 αὑτῷ
1820 510 1907 563 θέ-

2008 511 2266 580 quodque
2308 510 2616 565 membrum
2648 525 2749 579 pro
2778 510 3000 568 virtutis
3032 527 3144 565 suae
3174 514 3582 582 pr0pinquitatn

332 630 419 666 σιν
456 610 544 664 διὰ
567 609 665 677 τῆς
712 603 1128 676 ἀρχιτεκτονίας
1170 602 1263 657 τοῦ
1322 600 1630 672 πνεύματος
1669 603 1903 671 ἐναρμο-

2009 600 2432 655 convenientem
2484 600 2588 654 sibi
2626 600 2807 653 locum
2858 616 2956 670 per
2987 602 3216 671 spiritus
3246 604 3575 657 architecto-

331 703 456 762 νίως
486 695 857 768 λαμϐάνοντος
893 694 986 746 καὶ
1018 689 1463 763 συμπληροῦντος
1498 689 1592 743 τοῦ
1626 690 1694 743 τά
1727 692 1906 743 πάντα

2008 692 2158 746 niam
2204 699 2576 761 congruenter
2636 691 2911 754 obtineat,
2965 701 3131 760 atque
3179 694 3301 762 ejus
3352 694 3448 763 qui
3486 711 3584 763 per

330 792 390 844 ἐν
420 790 551 842 πᾶσι
585 784 959 857 πληρουμένου
983 782 1042 835 τὸ
1070 782 1228 851 σῶμα
1250 782 1311 836 τὸ
1344 781 1519 835 πάντα
1547 778 1785 850 πληροῦν
1813 779 1907 833 καὶ

2009 783 2269 838 universa
2302 782 2361 836 in
2405 783 2682 837 universis
2731 783 3039 851 completus
3068 791 3124 836 et
3169 796 3581 839 consummatus

326 880 396 934 ὲκ
425 880 641 933 πάντων
670 874 1068 947 πληρούμενον.
1097 871 1222 927 Είτε
1246 872 1363 936 οὖν,
1387 872 1461 935 ὡς
1494 870 1732 941 εἴρηται,
1764 872 1907 926 κατά

2007 882 2094 926 est
2136 889 2356 943 corpus,
2405 873 2553 943 quod
2600 873 2859 935 universa
2899 873 3083 941 explet
3126 881 3183 927 et
3215 889 3282 927 ex
3310 875 3585 930 universis

323 970 426 1041 τὴν
470 965 844 1037 πνευματικὴν
906 965 1264 1034 ἀναγέννησιν
1325 962 1433 1017 τῶν
1487 962 1627 1015 κατὰ
1672 963 1907 1033 Χριστὸν

2005 962 2260 1032 expletur
2286 965 2579 1033 compleat.
2625 963 2813 1032 Itaque
2843 964 2979 1023 sive,
3029 972 3090 1016 ut
3126 963 3335 1017 dictum
3364 974 3469 1028 est,
3498 981 3584 1019 se-

324 1062 703 1131 γεννωμένων,
744 1059 855 1112 εἴτε
890 1058 1033 1111 κατά
1062 1055 1160 1126 τὴν
1190 1058 1247 1108 ὲν
1273 1054 1494 1126 Χριστῷ
1522 1055 1615 1107 καὶ
1650 1054 1738 1107 διά
1770 1056 1906 1124 Χρι-

2007 1053 2252 1107 cundum
2288 1054 2631 1123 spiritualem
2672 1070 2863 1107 eorum
2893 1054 2987 1122 qui
3031 1070 3129 1122 per
3172 1053 3453 1109 Christum
3490 1072 3586 1125 ge-

325 1153 457 1209 στοῦ
484 1151 857 1222 γεγενημένην
881 1149 990 1202 τῶν
1020 1152 1134 1211 τοῖς
1181 1149 1429 1218 οὐρανοῖς
1463 1146 1739 1217 μυστικῶν
1784 1147 1907 1216 ἀρι-

2007 1153 2273 1198 nerantur
2299 1146 2793 1214 regenerationem,
2818 1146 2934 1199 sive
2966 1145 3270 1199 secundum
3301 1148 3587 1217 mysticam

326 1247 484 1317 θμῶν
516 1244 921 1315 ἀναπλήρωσιν,
956 1241 1056 1309 τῆς
1092 1257 1151 1292 τε
1191 1238 1339 1303 θείας
1373 1239 1514 1309 φημί
1538 1238 1647 1291 τῶν
1675 1238 1908 1307 λογικῶν

2009 1249 2132 1303 quae
2172 1235 2227 1288 in
2271 1233 2496 1291 Christo
2534 1246 2591 1291 et
2632 1253 2730 1305 per
2753 1235 3035 1290 Christum
3069 1236 3211 1291 facta
3240 1245 3325 1290 est
3363 1238 3418 1290 in
3448 1240 3587 1293 cmlo

329 1338 622 1407 προϐάτων
679 1333 1052 1399 ἑκατοντάδος,
1105 1332 1199 1386 καὶ
1248 1331 1347 1400 τῆς
1386 1332 1496 1384 τῶν
1537 1331 1738 1400 νοερῶν
1782 1332 1913 1400 δρα-

2009 1342 2370 1381 numerorum
2403 1328 2792 1395 repletionem,
2826 1327 2876 1380 id
2908 1337 2991 1382 est
3026 1328 3198 1382 divini
3233 1327 3586 1381 rationalium

332 1426 487 1497 χμῶν
530 1424 799 1496 μυστικῆς
833 1421 1076 1484 δεκάδος,
1127 1420 1218 1473 καὶ
1249 1420 1348 1490 τῆς
1372 1418 1481 1472 τῶν
1530 1418 1661 1472 υίῶν
1717 1419 1906 1489 τιμίας

2009 1415 2198 1470 ovium
2227 1414 2557 1480 centuriam,
2593 1426 2649 1471 et
2689 1416 3150 1472 intellectualium
3194 1419 3586 1475 drachmarum

321 1515 538 1579 δυάδος,
571 1514 679 1567 εῐτε
710 1510 850 1564 κατὰ
877 1511 977 1580 τὴν
1016 1509 1124 1563 τῶν
1155 1509 1333 1579 μελῶν
1364 1507 1456 1562 τοῦ
1484 1507 1735 1579 σώματος
1771 1508 1905 1580 πρὸς

2008 1508 2253 1577 mystica:
2296 1506 2543 1569 decadis,
2604 1515 2662 1561 et
2697 1507 2935 1561 ﬁliorum
2996 1508 3317 1563 honoriﬁca:
3372 1509 3584 1579 dyadis,

322 1606 427 1676 τὴν
459 1605 663 1658 οἰκείαν
690 1602 928 1672 κεφαλὴν
962 1600 1054 1654 καὶ
1086 1600 1222 1671 πρὸς
1247 1599 1345 1670 τὴν
1378 1599 1514 1652 ἰδίαν
1534 1599 1786 1671 ἀπαρχὴν
1813 1599 1906 1652 τοῦ

2008 1598 2122 1652 sive
2149 1598 2451 1651 secundum
2487 1598 2865 1651 membrorum
2901 1598 3151 1667 corporis
3195 1600 3261 1652 ad
3301 1599 3589 1669 proprium

321 1698 649 1767 φυράματος
678 1693 1116 1761 ἐπισυναγωγὴν,
1155 1694 1183 1745 6
1215 1692 1327 1746 ἀνω
1375 1692 1576 1762 κόσμος
1614 1690 1905 1761 πληρωθή-

2010 1696 2176 1757 caput
2222 1701 2279 1741 et
2332 1688 2398 1741 ad
2443 1689 2719 1758 propriam
2772 1688 3167 1744 delibationem
3214 1706 3407 1745 massae
3458 1706 3590 1745 con-

324 1804 481 1839 σεται
526 1785 744 1847 πάντως
787 1786 930 1837 κατά
967 1784 1059 1835 τὸν
1088 1782 1426 1845 διδάσκαλον,
1458 1780 1772 1851 πληρωθεὶς
1805 1782 1902 1851 μὲν

2010 1779 2407 1850 gregationem,
2456 1781 2708 1849 superior
2748 1781 2988 1836 mundus
3017 1781 3389 1850 complebitur
3421 1782 3586 1852 plane

280 1879 427 1949 ’ἤδη
456 1880 513 1930 έν
554 1876 795 1948 Χριστῷ,
844 1875 1338 1947 πληρωθησόμενος
1385 1874 1441 1927 δὲ
1488 1875 1548 1927 ὲν
1596 1876 1709 1935 τοῖς
1763 1890 1864 1926 κατ

2011 1870 2317 1923 secundum
2356 1872 2706 1941 magistrum,
2762 1874 3069 1942 completus
3106 1875 3219 1944 jam
3270 1874 3493 1941 quidem
3532 1876 3587 1927 in

317 1969 559 2041 Χριστὸν
585 1965 740 2031 αὖθις
769 1967 995 2040 ὕστερον
1019 2008 1034 2031 ,
1072 1967 1234 2037 ἡνίκα
1272 1966 1540 2036 σύμφυτοι
1584 1967 1901 2035 γενήσονται

2013 1959 2253 2025 Christo,
2307 1963 2667 2032 complendus
2717 1979 2849 2017 vero
2906 1980 3102 2018 rursus
3148 1975 3341 2033 postea
3394 1964 3448 2018 in
3507 1965 3589 2018 eis

319 2062 419 2113 καὶ
451 2060 548 2129 τῆς
583 2058 933 2121 ἀναστάσεως
981 2056 1147 2111 αὑτοῦ
1197 2056 1241 2089 ⁸⁸
1294 2058 1408 2125 οἶγε
1459 2056 1535 2126 τῷ
1594 2054 1900 2125 ὁμοιώματι

2004 2052 2099 2122 qui
2148 2053 2456 2106 secundum
2503 2054 2787 2108 Christum
2821 2056 3097 2117 sunthubi
3126 2057 3437 2111 coalescent
3461 2072 3586 2110 cum

318 2150 420 2204 τοῦ
455 2150 684 2203 Θανάτου
722 2149 886 2202 αὐτοῦ
922 2148 1011 2203 διά
1038 2147 1149 2202 τῶν
1193 2146 1373 2200 αὐτῶν
1419 2146 1757 2219 παθημάτων
1806 2147 1902 2218 ἤδη

2006 2160 2072 2199 eo
2100 2152 2177 2209 et,
2214 2145 2308 2215 qui
2363 2147 2565 2200 mortis
2616 2148 2737 2217 ejus
2794 2147 3162 2202 similitudine
3198 2148 3420 2203 easdem
3465 2164 3590 2216 pas-

319 2244 631 2310 γεγονότες.
2006 2236 2190 2292 siones
2210 2238 2323 2309 jam
2364 2247 2491 2292 sunt
2522 2239 2756 2309 experti,
2794 2238 2963 2293 etiam
3019 2238 3444 2294 resurrectionis
3472 2238 3591 2307 ejus

2006 2327 2142 2382 ﬁent
2193 2328 2511 2399 participes.

331 2513 442 2564 Ἐκ
468 2509 577 2564 τοῦ
609 2508 795 2564 αὑτοῦ
819 2511 1024 2578 λόγου,
1049 2512 1129 2574 εις
1168 2508 1237 2566 τό
1258 2524 1269 2538 ·
1292 2525 1310 2560 ι
1345 2506 1593 2562 Παιδίον
1616 2507 1907 2577 ἐγεννήθη

2015 2511 2099 2565 Ex
2137 2511 2315 2564 eodem
2335 2525 2593 2572 sermone,
2620 2510 2674 2562 in
2703 2508 2836 2562 illud
2864 2526 2880 2562 :
2925 2529 2942 2559 ι
2972 2508 3112 2563 Puer
3136 2509 3279 2562 nobis
3305 2517 3461 2562 natus
3487 2520 3580 2575 est,

395 2601 543 2670 ἡμῖν
575 2601 701 2667 Υἱὸς
746 2600 844 2655 καὶ
897 2600 1074 2668 ἐδόθη
1116 2600 1280 2671 ἡμῖν,
1318 2596 1393 2656 οὗ
1442 2597 1599 2667 ἁρχὴ
1646 2598 1745 2651 ἐπὶ
1799 2599 1908 2653 τοῦ

2082 2610 2129 2654 et
2159 2601 2302 2670 ﬁlius
2340 2602 2495 2655 datus
2534 2609 2607 2654 est
2653 2601 2820 2663 nobis,
2870 2603 3019 2671 cujus
3060 2601 3385 2670 principatus
3434 2617 3590 2669 super

397 2693 558 2762 ὤμου
579 2693 767 2747 αὑτοῦ
792 2708 805 2722 ·
824 2690 903 2755 τῷ
918 2690 1026 2761 γὰρ
1039 2690 1279 2759 σταυρῷ
1294 2691 1717 2758 συνεπαίρεται
1736 2689 1867 2761 (‘20).
1884 2709 1902 2741 ι

1884 2709 1902 2741 ι
2083 2692 2359 2745 humerum
2398 2693 2544 2762 ejus;
2586 2708 2704 2745 cum
2747 2707 2899 2744 cruce
2946 2691 3083 2743 enim
3117 2689 3409 2743 extollitur.
3444 2709 3459 2739 ι

398 2804 560 2868 Ὅλος
601 2806 689 2858 διὰ
718 2803 811 2858 τοῦ
845 2804 1007 2872 λόγου
1033 2805 1111 2874 τῷ
1143 2803 1343 2875 πρώτῳ
1364 2804 1509 2875 λόγῳ
1539 2804 1906 2874 προσθέμενος

2082 2806 2249 2860 Plane
2280 2822 2380 2876 per
2420 2822 2735 2861 sermonem
2762 2806 3053 2859 sententize
3075 2804 3246 2874 priori
3286 2805 3590 2875 adjungcns

323 2900 467 2950 κατά
496 2896 651 2964 λόγον
699 2895 792 2948 τὸν
832 2898 960 2966 περὶ
1001 2898 1096 2948 τοῦ
1151 2894 1326 2963 Λόγου
1389 2893 1545 2962 λόγον
1602 2894 1659 2947 ὃν
1730 2895 1904 2964 μέγας

2012 2896 2315 2951 secundum
2360 2898 2610 2952 ordinem
2638 2897 2771 2950 illud
2802 2897 2869 2950 de
2907 2896 3172 2951 Sermone
3202 2898 3409 2951 dictum
3443 2897 3590 2965 quod

323 2988 615 3059 προφήτης
662 2987 893 3052 Ἡσαΐας
924 2989 1161 3041 ποιεῖται»
1208 2986 1334 3056 περὶ
1382 2985 1475 3039 τοῦ
1530 2985 1904 3057 σαρκωθέντος

2013 3003 2247 3059 magnus
2305 2990 2579 3059 propheta
2642 2990 2811 3044 Isaias
2859 2989 2927 3042 dc
2996 2988 3265 3044 Sermone
3321 2989 3413 3059 qui
3464 3006 3592 3043 caro

322 3079 526 3147 Λόγου,
563 3078 840 3149 μυστικῶς
879 3079 1081 3150 φήσας,
1111 3072 1192 3134 οὗ
1246 3078 1284 3145 ἡ
1337 3078 1382 3110 ⁸⁸
1435 3077 1593 3147 ἀρχὴ
1643 3078 1741 3132 ἐπὶ
1796 3077 1903 3133 τοῦ

2009 3079 2187 3136 factus
2222 3090 2307 3135 est
2355 3081 2587 3151 profert,
2621 3080 2851 3153 mystice
2899 3081 3091 3136 dicens
3124 3098 3136 3133 :
3188 3082 3352 3151 Cujus
3392 3085 3592 3152 princi-

321 3168 488 3239 ὤμου
526 3169 735 3236 αὐτοῦ,
774 3168 1137 3235 συνοπτικῶς,
1173 3166 1245 3233 ὡς
1288 3167 1408 3234 ἔθος
1440 3169 1587 3240 αὐτῷ
1611 3170 1751 3234 ἐστι,
1783 3169 1903 3222 τίνα

2007 3180 2162 3243 palus
2198 3189 2358 3245 super
2400 3175 2677 3228 humerum
2717 3173 2831 3243 ejus
2872 3187 2921 3238 ι,
2964 3174 3282 3244 perspicue,
3326 3183 3389 3227 ut
3429 3174 3581 3230 solet.

321 3262 425 3330 τὴν
457 3262 631 3332 ἀρχὴν
656 3261 858 3333 ταύτην
906 3262 1017 3316 δεῖν
1081 3260 1285 3315 οἴεσθαι
1336 3261 1492 3332 θέμις
1544 3261 1902 3332 διετράνωσεν

2006 3263 2100 3318 hic
2133 3279 2364 3334 magnus
2404 3263 2689 3334 magister,
2736 3263 2961 3333 quinam
2992 3263 3341 3334 principatus
3376 3263 3584 3318 intelli-

323 3352 512 3422 (212
563 3352 614 3422 b)
671 3354 700 3405 6
747 3352 921 3423 μέγας
972 3347 1127 3416 οὗτος
1160 3352 1498 3417 διδάσκαλος,
1527 3350 1716 3406 εἰπών·
1756 3371 1774 3403 ι
1810 3352 1902 3423 Τῷ

2008 3356 2220 3435 gelidus
2239 3365 2387 3412 esset
2414 3355 2705 3426 explicuit,
2738 3356 2932 3411 dicens
2966 3373 2980 3410 :
3024 3376 3042 3408 ι
3082 3355 3222 3411 Cum
3251 3373 3419 3412 cruce
3444 3358 3592 3411 enim

322 3444 436 3513 γὰρ
472 3445 693 3515 σταυρῷ
726 3445 1137 3517 συνεπαίρεται.
1175 3463 1193 3497 ι
1238 3445 1376 3499 Ἀλλ’
1418 3445 1607 3515 ἐπειδὴ
1644 3444 1843 3509 πολλὰς
1874 3447 1904 3499 6

2012 3447 2309 3502 extollitur.
2345 3446 2453 3502 Sed
2477 3463 2602 3503 cum
2626 3448 2830 3502 multas
2854 3463 2990 3502 crux
3028 3447 3191 3504 nobis
3218 3449 3596 3519 cogitantibus

323 3536 564 3608 σταυρὸς
615 3540 733 3601 ταῖς
780 3538 911 3608 περὶ
949 3537 1112 3592 αὐτὸν
1140 3536 1405 3601 ἐπινοίαις
1427 3536 1734 3607 ἐπιδέχεται
1764 3537 1902 3589 θεω-

2008 3536 2509 3607 contemplationes
2536 3536 2813 3600 admittat,
2856 3537 3083 3607 dignum
3121 3553 3304 3607 operte
3352 3538 3592 3608 pretium

323 3627 474 3699 ρίας,
522 3627 670 3692 ἄξιόν
714 3629 831 3681 ἐστι
880 3629 1114 3699 ζητῆσαι
1154 3627 1299 3681 κατά
1334 3626 1495 3682 ποίαν
1531 3628 1774 3681 ἐπίνοιαν
1812 3627 1905 3683 τὸν

2011 3628 2116 3681 erit
2154 3642 2407 3696 quaerere
2456 3644 2565 3697 qua
2620 3627 3027 3697 signiﬁcatione
3069 3628 3331 3698 magister
3364 3629 3418 3682 in
3454 3644 3595 3698 prac-

323 3716 565 3788 σταυρδν
606 3717 700 3770 ἐπὶ
730 3716 823 3770 τοῦ
855 3717 1125 3789 παρόντος
1154 3716 1326 3789 ἀρχὴν
1363 3717 1392 3770 6
1414 3715 1733 3779 διδάσκαλος
1759 3711 1900 3772 εἷπε.

2009 3716 2153 3772 senti
2193 3731 2415 3772 crucem
2459 3718 2835 3787 principatum
2880 3718 3104 3772 dixerit.
3140 3717 3593 3789 Contemplamin-

320 3807 624 3878 Θεωρεῑται
665 3808 775 3879 γάρ
812 3810 840 3862 6
874 3808 1107 3879 σταυρὸς
1124 3807 1269 3861 κατὰ
1301 3806 1513 3877 σχῆμα,
1545 3806 1686 3861 κατὰ
1712 3805 1903 3860 σύνθε-

2010 3808 2158 3862 enim
2208 3824 2432 3863 crucem
2454 3808 2764 3864 secundum
2809 3807 3071 3875 formam,
3101 3809 3408 3864 secundum
3444 3824 3594 3865 com-

323 3917 438 3964 σιν,
476 3900 615 3953 κατά
642 3900 744 3971 τὴν
788 3899 899 3953 τῶν
935 3908 1117 3970 μερῶν
1164 3898 1425 3968 ἰδιότητα,
1464 3897 1559 3951 καὶ
1597 3896 1718 3951 κατ’
1748 3895 1904 3970 ὲνέρ-

2007 3900 2366 3970 positionem,
2406 3900 2715 3955 secundum
2764 3900 3006 3970 partium
3053 3900 3468 3970 proprietatem,
3500 3916 3590 3956 se-

321 4009 484 4061 γειαν
516 3992 609 4046 καὶ
640 3993 762 4046 κατ’
798 3993 964 4055 ἄλλας
1001 3990 1203 4054 πολλὰς
1235 3989 1499 4054 ἐπινοίας,
1542 3990 1600 4044 αἱ
1645 3991 1756 4053 τοῖς
1794 3989 1905 4045 τῶν

2008 3991 2250 4046 cundum
2283 3992 2581 4056 actionem,
2633 3991 2937 4046 secundum
2983 3992 3121 4046 alias
3161 3992 3363 4047 multas
3387 3993 3592 4063 cogita-

322 4083 488 4137 θείων
514 4082 897 4152 φιλοθεάμοσίν
925 4083 1063 4136 εἰσιν
1108 4079 1322 4152 ὁραταί.
1370 4078 1526 4133 Κατὰ
1558 4080 1741 4150 σχῆμα
1781 4081 1902 4150 μὲν,

2009 4082 2227 4137 tionum
2277 4082 2544 4147 rationes,
2599 4098 2737 4153 quas
2778 4082 2873 4152 qui
2927 4097 3018 4137 res
3066 4083 3285 4138 divinas
3339 4093 3588 4154 spectare

322 4171 406 4234 ὡς
424 4171 549 4225 ὅταν
576 4172 673 4241 τὴν
692 4170 760 4224 τά
785 4170 902 4235 ὅλα,
939 4170 1009 4224 τά
1035 4185 1094 4222 τε
1125 4170 1237 4224 ἀνω
1267 4168 1360 4222 καὶ⁹
1384 4168 1453 4221 τά
1482 4167 1633 4221 κάτω
1664 4170 1749 4236 ἐφ’
1775 4169 1906 4223 ἑκά-

2008 4181 2197 4228 amant
2248 4158 2833 4245 percipere'possunt.
2872 4173 3054 4244 Atque
3091 4176 3333 4243 primum
3368 4174 3590 4244 quidem

320 4281 483 4334 τερα,
507 4267 619 4329 τοῖς
645 4265 769 4319 καθ’
798 4264 938 4319 αὑτά
967 4264 1165 4335 πέρασι
1196 4261 1667 4332 διαλαμϐάνουσαν
1687 4265 1715 4317 6
1743 4280 1904 4317 σταυ-

2010 4264 2317 4320 secundum
2366 4265 2620 4332 formam,
2663 4267 2748 4321 vel
2801 4275 2864 4321 ut
2906 4280 3032 4320 cum
3079 4282 3217 4322 crux
3259 4275 3589 4337 potestatem

328 4356 425 4430 ρδς
455 4356 852 4428 θεωρούμενος,
882 4354 1234 4425 ὑποσημαίνῃ
1281 4352 1510 4423 δύναμιν
1546 4369 1561 4385 ⁸
1606 4354 1749 4407 κατά
1781 4353 1906 4408 σύν-

2009 4370 2134 4425 quaa
2179 4355 2461 4420 universa,
2508 4364 2616 4411 tam
2659 4373 2782 4428 qua
2812 4373 2979 4429 supra
3005 4374 3168 4429 quam
3200 4373 3322 4427 quae
3355 4357 3496 4413 infra
3536 4368 3591 4413 et

324 4414 478 4503 θεσιν
499 4414 579 4516 δὲ,
608 4414 685 4513 ὡς
715 4414 850 4502 ὅταν
887 4414 1079 4503 οὐσίαν
1117 4414 1234 4501 καί·
1260 4414 1519 4515 πρόνοιαν
1557 4445 1652 4499 καὶ
1697 4445 1900 4515 κρίσιν,

2009 4414 2133 4515 quae
2147 4445 2215 4501 ad
2236 4454 2468 4517 utraque
2486 4449 2658 4503 latera
2676 4414 2792 4504 suis
2812 4414 3044 4519 quasque
3064 4414 3318 4504 terminis
3343 4465 3591 4519 compre-

323 4540 499 4609 ἧγουν
518 4538 617 4602 τὰς
636 4538 841 4593 τούτων
869 4539 1185 4607 ἐκφάνσεις.
1223 4535 1416 4604 σοφίαν
1450 4535 1593 4607 φημὶ
1627 4535 1722 4588 καὶ
1758 4535 1900 4603 γνῶ-

2007 4536 2207 4593 hendit
2247 4537 2559 4609 signiﬁcat;
2610 4538 2914 4593 secundum
2946 4539 3404 4609 compositionem
3433 4554 3586 4601 vero,

326 4646 417 4684 σιν
446 4630 540 4684 καὶ
558 4630 759 4701 ἀρετὴν
787 4629 889 4699 τῆς
924 4630 985 4683 τὸ
1033 4630 1143 4682 πᾶν
1189 4626 1482 4698 διεπούσης
1535 4626 1775 4699 ὲμφαίνῃ
1814 4628 1906 4680 δυο

2008 4629 2162 4683 velut
2202 4644 2329 4684 cum
2362 4630 2661 4685 essentiam
2696 4638 2753 4684 et
2782 4630 3185 4700 providentiam
3213 4639 3270 4685 et
3290 4630 3586 4701 judicium,

323 4719 571 4789 νάμεως,
601 4720 699 4791 τὴν
722 4719 821 4790 μὲν
843 4720 1030 4773 οὐσίαν
1059 4719 1152 4773 καὶ
1173 4717 1271 4789 τὴν
1302 4717 1495 4787 σοφίαν
1518 4718 1593 4781 ὡς
1616 4717 1907 4789 ποιητικὴν

2009 4722 2066 4776 id
2097 4732 2181 4778 est
2209 4721 2685 4778 manifestationes
2716 4737 2929 4787 earum,
2957 4722 3309 4792 sapientiam,
3339 4722 3584 4791 inquam,

322 4810 419 4864 διά
440 4811 537 4882 τῆς
562 4810 845 4882 ὐψιτενοῦς
869 4810 1154 4881 γραμμῆς,
1195 4809 1294 4879 τὴν
1320 4809 1376 4862 δὲ
1407 4808 1661 4879 πρόνοιαν
1687 4808 1781 4861 καὶ
1805 4807 1906 4879 τὴν

2008 4822 2067 4867 et
2081 4813 2453 4884 cognitionem
2487 4820 2543 4867 et
2575 4812 2838 4867 virtutem
2858 4813 3146 4883 potestatis
3169 4811 3589 4867 universitatem

327 4900 531 4970 γνῶσιν
566 4900 643 4966 ὡς
671 4901 1093 4973 περιποιητικὴν
1120 4900 1211 4955 διά
1243 4901 1339 4971 τῆς
1370 4898 1690 4970 ἐγκαρσίας,
1722 4899 1821 4970 τὴν
1843 4900 1902 4953 δὲ

2009 4904 2346 4958 moderantis
2388 4904 2640 4967 denotat,
2682 4904 2979 4959 essentiam
3029 4905 3253 4975 quidem
3284 4912 3340 4957 et
3368 4902 3588 4972 sapien-

329 4992 512 5062 κρίσιν
546 4993 643 5047 καὶ
687 4993 782 5065 τὴν
817 4991 1018 5066 ἀρετὴν
1069 4993 1145 5056 ῶς
1178 4991 1377 5055 κακίας
1407 4990 1779 5062 ἀναιρετικὴν,
1811 4992 1907 5044 καὶ

2010 4993 2141 5046 tiam
2169 5001 2231 5046 ut
2249 4991 2531 5046 factricem
2553 5006 2653 5062 per
2672 5001 2918 5047 erectam
2937 4992 3161 5057 lineam,
3184 4991 3589 5060 providentiam

328 5082 434 5154 τῆς
464 5084 574 5137 τῶν
625 5085 1010 5156 πεποιημένων
1059 5086 1153 5138 καὶ
1210 5083 1729 5153 περιπεποιημένων
1768 5083 1906 5149 πρὸς

2007 5088 2064 5135 et
2082 5079 2455 5151 cognitionem
2481 5088 2543 5134 ut
2568 5081 3033 5136 conservatricem
3059 5096 3158 5150 per
3179 5080 3587 5149 obliquitatem,

326 5174 433 5245 τὴν
467 5173 603 5228 ίδίαν
634 5176 808 5248 ἀρχὴν
840 5175 932 5230 καὶ
965 5175 1145 5229 αἰτίαν
1168 5174 1483 5246 συνδετικὴν
1513 5174 1602 5227 διὰ
1632 5174 1726 5227 τοῦ
1757 5174 1903 5227 ὅλουο

2003 5171 2276 5243 judicium
2323 5170 2564 5241 denique
2611 5180 2668 5226 et
2693 5172 2956 5226 virtutem
2989 5180 3050 5226 ut
3081 5170 3369 5241 pravitatis
3398 5177 3455 5222 et
3486 5184 3586 5223 ne-

329 5265 475 5320 κατά
500 5265 555 5320 δὲ
581 5267 681 5338 τὴν
708 5268 819 5321 τῶν
856 5267 1037 5339 μερῶν
1075 5266 1334 5337 ἰδιότητα,
1374 5266 1503 5320 ὅταν
1538 5265 1625 5320 διὰ
1671 5265 1769 5335 μὲν
1808 5265 1907 5335 τῆς

2007 5262 2197 5334 (ιυίιίιε
2239 5263 2712 5334 expugnatricem,
2756 5278 2878 5333 quae
2909 5279 2973 5318 ea
3028 5279 3151 5332 quae
3198 5260 3339 5316 facta
3363 5268 3419 5315 ct
3450 5274 3585 5315 cono

418 5416 442 5445 ι
461 5416 562 5458 [$3.
596 5417 671 5466 IX,

460 5401 562 5458 lsa.
596 5417 671 5466 ut,
700 5402 733 5457 6

1599 5490 1829 5546 νΑιιιιΕ
1869 5488 2274 5545 LECTIONES.
2338 5552 2343 5555 _

416 5588 462 5672 ’ξ
493 5586 551 5643 Si
584 5586 797 5643 scbedaa
826 5602 937 5641 non
968 5586 1182 5652 fallunt,
1207 5584 1328 5640 cod.
1371 5581 1511 5638 Gud.
1557 5582 1724 5637 habet
1754 5581 1934 5635 αὐτῶν
1962 5597 2064 5651 pro
2099 5583 2284 5639 αὑτοῦ.
2392 5584 2436 5616 ³⁸
2469 5583 2753 5639 Articulus
2799 5582 3034 5638 debetur
3085 5578 3341 5635 secundis
3372 5576 3587 5634 librarii

333 5674 509 5719 0111⁵18.
826 5694 839 5701 -

410 5773 518 5843 κὲθ)
548 5772 700 5828 Idem
723 5772 851 5848 ibid.
888 5785 1008 5841 cap.
1050 5770 1106 5837 2,
1137 5785 1191 5839 p.
1225 5769 1347 5832 664,
1381 5775 1513 5822 tom.
1547 5765 1728 5837 lOpp.
1761 5764 1850 5821 ed.
1884 5762 2091 5821 Bened.
