4012 6368
336 415 486 479 1985

1571 399 2098 465 AMBIGUORUM
2134 402 2391 466 LIBER.

3463 409 3603 478 1286

324 526 561 601 Χριστὸς
600 523 847 598 δηλονότι
890 519 1258 593 συνυψοῦσθαι
1285 516 1530 587 λέγεται,
1565 514 1846 568 τουτέστιν
1870 513 1904 583 ἡ

2015 514 2448 582 passibilitatem
2500 515 2717 572 sublata
2747 516 2864 588 ipse
2897 517 3159 576 videlicet
3208 519 3460 601 Christus
3494 540 3602 580 una

323 628 388 680 ἐν
411 621 727 692 ἀνθρώποις
763 619 1118 690 Χριστοειδης
1156 616 1518 679 κατάστασις,
1554 610 1679 666 καθ’
1715 610 1908 681 εἱρμὸν

326 716 424 772 καὶ
444 711 599 778 τάξιν
639 711 942 782 ὕψουμένη,
977 710 1066 763 διὰ
1099 707 1353 777 πράξεως
1387 704 1635 768 ἀποθοῦς
1664 704 1744 767 εἰς
1774 703 1909 755 θεω-

330 807 453 877 ρίαν
497 805 597 873 τῆς
653 802 867 871 φύσεως
913 801 1227 870 γνωστικὴν
1277 799 1373 853 καὶ
1414 797 1523 852 ἀπὸ
1574 796 1780 866 ταύτης
1831 796 1911 857 είς

327 895 649 965 θεολογικὴν
685 891 1077 962 μυσταγωγίαν
1112 890 1431 960 κινουμένη.
1466 890 1643 957 Ὅπερ
1673 884 1911 956 μάλιστά

327 1003 422 1057 μοι
473 985 725 1054 φαίνεται
773 982 949 1055 δηλῶν
982 983 1012 1034 6
1066 983 1222 1050 ἅγιος
1283 980 1682 1051 Ἀρεοπαγίτης
1736 978 1910 1048 μέγας

325 1075 609 1138 Διονύσιος
645 1075 703 1126 ὲν
746 1070 827 1136 οἷς
866 1087 1052 1144 φησιν’
1116 1092 1133 1123 ι
1181 1072 1347 1125 ⁹Αλλ”
1376 1072 1609 1141 ἐπείπερ
1657 1068 1910 1133 εὐταξίας

323 1166 478 1219 ἐστὶν
506 1165 652 1236 ἀρχὴ
685 1163 747 1217 τὸ
773 1162 914 1217 θεῖον
942 1164 1116 1234 ἱερᾶς,
1156 1163 1279 1217 καθ’
1317 1164 1386 1235 ἣν
1430 1162 1643 1216 ἑαυτῶν
1680 1161 1913 1230 ἐπιγνὼλ

328 1272 492 1322 μονες
526 1256 574 1306 oi
618 1255 752 1323 ἱεροὶ
782 1253 1025 1323 γίνονται
1054 1255 1195 1319 νόες,
1230 1252 1259 1304 6
1292 1252 1427 1322 πρὸς
1469 1252 1530 1305 τὸ
1571 1252 1772 1305 οἰκεῖον
1812 1253 1910 1322 τῆς

2018 604 2252 669 tollitur,
2277 605 2385 661 hoc
2406 614 2492 662 est
2511 614 2689 663 status
2713 609 2770 663 in
2797 609 3115 665 hominibus
3128 596 3368 667 Christo.
3384 614 3602 680 similis,

2012 699 2321 752 secundum
2380 699 2633 754 ordinem
2692 710 2749 755 et
2802 702 2981 771 legem
3039 704 3338 770 excitatus,
3389 721 3454 761 ac
3507 723 3607 776 per

2012 790 2286 845 actionem
2333 790 2727 861 impassibilem
2767 792 2823 846 in
2866 796 3172 864 gnosticam
3226 805 3440 853 natura:
3474 814 3610 853 con-

2016 881 2455 953 templationem,
2480 892 2537 937 et
2564 883 2693 937 inde
2729 884 2786 937 in
2820 884 3185 955 theologicam
3212 889 3606 959 myslagogiam

2014 984 2322 1043 promotus.
2362 977 2419 1030 ld
2445 976 2593 1046 quod
2619 978 2856 1031 maxime
2882 978 3017 1032 mihi
3047 979 3357 1050 signiﬁcare
3385 982 3608 1037 videtur

1968 1076 1973 1081 '
2014 1073 2241 1121 sanctus
2290 1066 2628 1137 Areopagita
2670 1083 2901 1136 magnus
2956 1068 3274 1139 Dionysum,
3325 1071 3416 1124 ubi
3451 1067 3555 1126 ait
3584 1090 3602 1127 τ

2020 1175 2038 1207 ι
2070 1155 2176 1212 Sed
2217 1174 2344 1213 cum
2395 1174 2564 1215 sacra:
2608 1159 2914 1229 disciplima
2951 1163 3285 1231 principium
3334 1165 3481 1219 Deus
3508 1166 3604 1229 sit,

2012 1263 2119 1317 qua
2156 1258 2361 1305 sancta:
2403 1262 2618 1306 mentes
2652 1252 2708 1305 in
2756 1251 2840 1306 sui
2876 1252 3181 1309 deveniunt
3207 1257 3603 1326 cognitionem,

323 1346 545 1415 φύσεως
584 1346 777 1416 ὁρατὸν
815 1346 1133 1417 ἀνατρέχων
1176 1347 1234 1398 ὲν
1281 1345 1422 1415 ἀρχῇ
1462 1345 1558 1414 μὲν
1583 1345 1729 1408 ὅστις
1779 1344 1909 1397 ποτέ

2012 1340 2265 1410 quisquis
2290 1343 2358 1396 ad
2380 1342 2610 1397 insitum
2642 1352 2854 1397 natura:
2876 1344 3061 1399 lumen
3097 1347 3421 1407 recurrerit.
3450 1348 3604 1418 prin—

325 1442 477 1493 ἐστιν
524 1439 685 1504 αὐτὸς
731 1439 955 1509 δψεται,
1015 1440 1111 1493 καὶ
1164 1438 1396 1508 λήψεται
1449 1436 1666 1508 πρῶτον
1707 1437 1770 1489 ἐκ
1812 1437 1933 1506 τῆς.

320 1531 464 1602 πρὸς
490 1533 552 1586 τὸ
584 1533 702 1600 φῶς
735 1532 1077 1596 ἀνανεύσεως
1125 1532 1268 1602 ἱερὸν
1308 1530 1481 1600 δῶρον
1508 1545 1521 1559 ·
1577 1531 1607 1583 6
1642 1530 1808 1591 6374i
1841 1534 1914 1583 οἰ-

320 1626 449 1677 κεῖα
497 1623 677 1686 καλῶς
834 1623 1099 1677 ἀπαθέσιν
1147 1618 1448 1689 ὀφθαλμοῖς
1507 1619 1909 1688 ὲπισκοπήσας,

318 1709 435 1763 τῶν
467 1708 737 1778 ἀλαμπῶν
764 1710 863 1779 μὲν
886 1708 1247 1777 ἀποφοιτήσει
1284 1709 1382 1777 τῆς
1426 1708 1649 1775 ἀγνοίας
1701 1706 1909 1777 μυχῶν,

318 1798 423 1866 τῆς
454 1799 511 1852 δὲ
540 1797 678 1851 Θεοῦ
726 1797 1067 1869 τελεωτάτης
1111 1797 1434 1868 ὲλλάμψεως
1483 1798 1580 1849 καὶ
1633 1796 1907 1866 μεθέξεως

2013 1432 2161 1502 cipio
2204 1433 2430 1503 quidem
2473 1435 2599 1504 quis
2627 1436 2847 1490 tandem
2890 1435 3005 1505 ipse
3037 1438 3107 1492 sit
3141 1438 3258 1507 ipse
3282 1438 3514 1501 videbit,
3544 1450 3603 1494 et

2015 1525 2122 1579 hoc
2154 1525 2395 1595 primum
2425 1526 2663 1594 accipiet
2697 1542 2914 1581 sacrum
2947 1529 3015 1582 de
3051 1544 3147 1583 sua
3195 1530 3262 1583 ad
3295 1531 3473 1584 lucem
3509 1547 3599 1584 ac-

2017 1615 2268 1670 cessione
2312 1631 2553 1670 munus:
2609 1618 2702 1688 qui
2746 1626 2931 1672 autem
2962 1620 3137 1675 oculis
3186 1622 3341 1674 nullo
3395 1621 3598 1675 aﬂ‘ectu

2015 1706 2251 1760 turbatis
2286 1708 2511 1776 propria
2558 1723 2655 1762 sua
2704 1710 2877 1779 probe
2912 1726 2968 1765 et
3009 1721 3157 1767 recte
3203 1712 3598 1774 considerarit,

1960 1818 1978 1869 '_
2018 1799 2065 1852 is
2122 1798 2375 1852 obscuris
2414 1800 2740 1869 ignorantia:
2780 1802 3011 1856 latebris
3061 1803 3293 1866 relictis,
3342 1805 3439 1857 sed
3498 1805 3597 1858 Dei

319 1890 520 1960 ἀτελὴς
568 1889 645 1943 ῶν
694 1890 855 1955 αὐτὸς
900 1890 1001 1943 οὐκ
1059 1889 1290 1943 αὐτόθεν
1348 1888 1703 1959 ἐπιθυμήσει,
1766 1890 1906 1941 κατά

2013 1886 2431 1957 perfectissima:
2482 1888 2901 1945 illuminationis
2958 1901 3125 1961 atque
3190 1894 3602 1947 communionis

321 1982 500 2053 βραχὺ
531 1982 587 2034 δὲ
614 1982 700 2035 διὰ
723 1982 831 2034 τῶν
856 1980 1022 2034 αὐτοῦ
1047 1981 1278 2051 πρώτων
1315 1970 1502 2033 ἐπλίτά
1530 1980 1609 2033 ἔτι
1641 1979 1903 2052 πρότερα,

317 2075 417 2126 καὶ
440 2072 748 2136 τελειωθεὶς
777 2072 867 2125 ἐπὶ
890 2074 988 2142 τὴν
1011 2072 1325 2141 ἀκροτάτην
1349 2071 1652 2142 θεαρχικὴν
1676 2075 1733 2122 ὲν
1757 2071 1905 2135 τάξει

316 2164 418 2218 καὶ
451 2163 610 2234 ίερῶς
639 2164 1003 2233 ἀναχθήσεται
1052 2163 1336 2217 κοινωνίαν
1379 2163 1513 2235 (2|).
1557 2183 1574 2215 ι
1620 2162 1776 2217 Οὕτω
1809 2164 1905 2233 μὲν

314 2251 413 2308 οὖν
448 2255 834 2325 σννεπαίρεται
878 2254 955 2324 τῷ
991 2253 1209 2325 σταυρῷ
1245 2256 1386 2326 κατά
1433 2255 1524 2308 τὸν
1580 2255 1757 2324 μέγαν
1812 2254 1905 2307 κα)⁸

316 2347 588 2418 θεόφρονα
629 2348 820 2402 τοῦτον
862 2348 1182 2402 διδάσκαλον
1227 2349 1293 2402 δι’
1336 2349 1494 2419 ἡμῶν
1533 2350 1592 2403 ἐν
1636 2349 1906 2420 πνεύματι

316 2444 443 2495 κατ’
466 2442 631 2495 αὑτὸν
667 2441 989 2511 ὑψουμένων
1022 2443 1051 2495 6
1113 2442 1275 2512 μόνον
1327 2441 1575 2511 ὕψιστος,
1634 2441 1722 2495 διὰ
1771 2443 1909 2515 πρά-

317 2533 455 2600 ξεως
484 2538 578 2589 καὶ
604 2535 705 2605 τῆς
731 2536 869 2605 αὐτῇ
897 2534 1250 2605 συνημμένης
1281 2534 1556 2599 ἀπαθείας
1588 2538 1669 2598 εἰς
1706 2536 1907 2606 γνῶσιν

315 2626 683 2696 ὲναγομένων,
714 2626 807 2680 καὶ
840 2625 908 2680 δι’
931 2626 1148 2696 ἐκείνης
1183 2628 1240 2679 ἐν
1263 2627 1413 2697 eam,
1439 2626 1516 2697 τῷ
1544 2627 1620 2697 νῷ
1644 2627 1779 2700 πρὸς
1806 2628 1906 2699 τὴν
1935 2658 1939 2663 ρ

320 2718 595 2792 μυστικὴν
648 2718 971 2790 ὑψουμένων
1020 2719 1127 2773 τῶν
1188 2719 1348 2773 θείων
1409 2719 1645 2793 θεωρίαν
1700 2738 1760 2774 τε
1812 2721 1908 2776 καὶ

317 2811 547 2887 μύησιν,
575 2812 871 2885 προσθήσω
903 2812 962 2866 δὲ
990 2811 1212 2885 θαρρῶν
1238 2813 1323 2867 ὅτι
1357 2812 1450 2867 καὶ
1478 2814 1800 2885 μετουσίαν.

324 3207 434 3267 Ἕκ
483 3208 591 3265 τοῦ
634 3207 824 3264 αὑτοῦ
863 3207 1050 3277 ,λόγου
1097 3209 1185 3271 εὶς
1220 3174 1321 3259 τό·
1363 3225 1382 3259 ι
1406 3205 1468 3261 '0
1497 3210 1681 3278 λόγος
1713 3213 1910 3283 παχύ-

927 3314 1091 3353 rem;
1111 3298 1246 3370 (ΞΩ).
1274 3318 1294 3353 ι

388 3438 739 3511 Παχύνεσθαι
770 3438 797 3490 6
826 3436 986 3505 λόγος
1015 3436 1229 3507 είρηται
1262 3435 1342 3507 τῷ
1369 3435 1620 3508 θεοφόρῳ
1646 3437 1910 3495 διδασκά-

309 3534 396 3604 λῳ
427 3532 569 3586 κατὰ
598 3530 773 3601 τήνδε,
825 3529 900 3592 ὼς
929 3525 1105 3599 οἶμαι,
1156 3527 1255 3600 τὴν
1286 3526 1530 3594 ἔννοιαν,
1574 3528 1606 3599 ἥ
1638 3530 1720 3583 ὅτι
1751 3530 1910 3600 λόγος

308 3622 393 3677 ὢν
442 3622 644 3685 ἁπλοῦς
686 3638 745 3673 τε
797 3620 892 3673 καὶ
932 3620 1259 3691 ἀσῴματος,
1316 3618 1411 3670 καὶ
1458 3618 1636 3683 πάσας
1670 3618 1909 3691 καθεξῆς

310 3716 709 3789 πνευματικῶς
740 3715 958 3788 τρέφων
985 3714 1083 3776 τὰς
1113 3715 1171 3767 ὲν
1198 3713 1415 3784 οὐρανῷ
1448 3712 1597 3776 θείας
1625 3715 1906 3785 δυνάμεις,

313 3812 627 3883 κατηξίωσε
679 3810 775 3863 καὶ
817 3808 905 3861 διὰ
944 3808 1044 3878 τῆς
1090 3806 1354 3877 ὲνσάρκου
1394 3804 1558 3860 αὑτοῦ
1603 3808 1909 3879 παρουσίας

309 3904 381 3970 ὲξ
427 3904 582 3976 ἡμῶν
636 3902 872 3973 δι’ἡμᾶς
926 3899 1049 3953 καθ’
1069 3901 1217 3971 ἡμᾶς
1267 3899 1541 3970 ἁμαρτίας
1586 3902 1756 3970 χωρὶς
1797 3916 1906 3954 πα-

310 3998 599 4068 χυνθῆναι,
631 3996 725 4050 καὶ
746 3996 880 4066 ἡμῖν
900 3992 1196 4066 προσφυῶς
1220 3996 1426 4061 φωναῖς
1446 4010 1505 4046 τε
1538 3992 1788 4065 (214α)
1815 3994 1907 4047 καὶ

313 4089 728 4161 παραδείγμασι
777 4087 876 4158 τὴν
922 4086 1048 4156 περὶ
1078 4083 1187 4138 τῶν
1216 4085 1547 4155 ἀπορρήτων
1583 4087 1676 4139 καὶ
1707 4086 1907 4150 παντὸς

312 4183 479 4252 λόγου
520 4182 750 4251 δύναμιν
801 4178 1237 4251 ὑπερδαίνουσαν
1270 4175 1529 4230 ἐκθέσθαι
1556 4176 1908 4233 διδασκαλίαν

314 4276 434 4348 (διὰ
460 4271 787 4344 παραϐολῶν
814 4271 924 4343 γὰρ
952 4271 1171 4341 εἴρηται
1205 4270 1383 4323 πάντα
1405 4267 1787 4340 λελαληκέναι,
1812 4271 1908 4325 καὶ

314 4367 490 4440 χωρὶς
506 4364 824 4437 παραϐολῆς
840 4360 1005 4434 μηδὲν
1033 4361 1309 4427 διεξιέναι·
1331 4360 1446 4433 (25)
1463 4360 1616 4430 φίλον
1644 4363 1751 4432 γάρ
1765 4361 1907 4416 οὕτω

238 4476 245 4483 ·
311 4463 434 4523 τοῖς
456 4456 801 4519 διδασκάλοις
822 4454 1085 4526 χρῆσθαι,
1113 4453 1252 4505 ὲπάν
1276 4453 1325 4505 oi
1347 4453 1615 4524 ἀκροαταὶ
1656 4454 1733 4525 μὴ
1773 4470 1907 4525 παρ-

313 4546 658 4605 ακολουθῶσι
701 4548 814 4609 τοῖς
845 4542 1217 4617 πρωτοτύπως
1257 4542 1575 4613 λεγομένοις
1600 4584 1616 4610 ,
1677 4545 1771 4597 καὶ
1826 4547 1905 4610 είς

1935 3294 1983 3356 G

2014 1980 2196 2035 adhuc
2227 1996 2439 2049 exsors,
2461 1981 2628 2052 hujus
2654 1982 2932 2037 desiderio
2957 1993 3153 2054 sponte
3177 2000 3285 2038 non
3308 1984 3602 2049 allicictur,

2014 2074 2112 2127 sed
2160 2073 2364 2128 sensim
2396 2090 2495 2143 per
2532 2075 2710 2144 prima
2750 2091 2848 2128 sua
2879 2075 2942 2129 ad
2975 2076 3159 2145 priora
3201 2078 3369 2130 etiam
3399 2094 3463 2133 ac
3502 2097 3602 2151 po-

2017 2165 2179 2230 tiora,
2222 2175 2277 2219 et
2309 2165 2599 2221 absolutus
2625 2166 2693 2221 ad
2735 2182 3004 2222 summam
3034 2167 3256 2221 demum
3294 2169 3467 2224 divini
3499 2172 3603 2226 im-

2012 2256 2151 2327 perii
2189 2255 2243 2310 in
2271 2256 2470 2310 ordine
2493 2266 2550 2311 et
2577 2267 2763 2313 sancte
2785 2259 3053 2312 evehetur
3086 2261 3551 2319 communionem.
3577 2284 3595 2313 ι

2017 2347 2108 2403 Sic
2141 2349 2309 2419 igitur
2339 2350 2645 2404 secundum
2677 2366 2934 2420 magnum
2973 2359 3138 2421 atque
3171 2354 3421 2409 divinum
3454 2357 3604 2412 hunc

2014 2440 2337 2510 magistrum
2383 2441 2710 2495 contollitur
2753 2457 2878 2496 cum
2921 2458 3087 2498 cruce
3130 2461 3228 2514 per
3255 2462 3358 2501 nos
3386 2446 3442 2500 in
3485 2449 3601 2518 spi-

2014 2531 2125 2586 ritu
2162 2530 2230 2585 ad
2272 2531 2447 2601 ipsius
2475 2532 2651 2587 instar
2676 2532 2945 2587 exaltatos
2977 2535 3131 2591 solus
3163 2552 3435 2602 summus,
3467 2539 3599 2593 dum

2013 2639 2113 2696 per
2162 2625 2438 2680 actionem
2474 2633 2531 2680 et
2566 2641 2690 2695 quae
2723 2626 2773 2680 ei
2810 2626 3054 2682 adhaeret
3098 2629 3597 2698 impassibilitatem

2012 2732 2115 2771 nos
2168 2717 2224 2771 in
2287 2716 2667 2787 cognitionem
2713 2717 3144 2784 introducimur,
3198 2735 3409 2791 perque
3457 2722 3603 2778 hanc

2011 2807 2070 2863 in
2130 2807 2483 2863 immateriali
2551 2817 2769 2865 mentes
2819 2810 2887 2864 ad
2950 2812 3240 2884 mysticam
3290 2814 3603 2869 exaltamur

2011 2899 2330 2954 divinorum
2387 2901 2923 2971 contemplationem
2978 2913 3145 2973 atque
3203 2903 3599 2972 initiationem,

2012 2991 2191 3047 audeo
2236 2990 2444 3047 addere
2482 2992 2651 3049 etiam
2697 2995 3169 3051 communionem.

2018 3216 2106 3274 Ea:
2148 3216 2329 3272 eodem
2366 3190 2628 3282 sermone,
2676 3215 2733 3270 in
2763 3214 2900 3269 illud
2924 3233 2943 3270 :
2976 3235 2995 3268 ι
3025 3215 3213 3272 Sermo
3249 3228 3541 3275 crassatur.
3572 3239 3592 3274 ι

2081 3447 2239 3517 Quod
2289 3463 2473 3505 sermo
2499 3454 2805 3511 crassatur,
2840 3446 3065 3502 divinus
3097 3448 3361 3519 magister
3389 3449 3513 3515 hac,
3540 3449 3596 3503 ni

2011 3539 2196 3606 fallor,
2232 3539 2373 3596 dixit
2413 3538 2714 3603 sententia,
2749 3539 2834 3593 vel
2869 3544 3018 3607 quod
3068 3555 3272 3605 sermo,
3307 3556 3432 3594 cum
3467 3540 3598 3595 sim-

2010 3633 2134 3704 plex
2191 3640 2358 3701 atque
2397 3630 2764 3700 incorporalis
2818 3631 2892 3684 sit
2931 3646 3233 3701 omnesque
3280 3646 3346 3685 ex
3399 3632 3597 3687 ordine

2010 3723 2375 3794 spiritualiter
2430 3720 2648 3774 divinas
2697 3719 2751 3772 in
2810 3719 2950 3773 caelo
3007 3727 3311 3788 potestates
3360 3719 3595 3781 nutriat,

2009 3830 2109 3885 per
2141 3830 2304 3869 suum
2355 3828 2576 3883 quoque
2636 3811 2692 3866 in
2767 3827 2933 3866 carne
2970 3810 3265 3865 adventum
3312 3811 3381 3865 de
3430 3810 3596 3865 nobis

2009 3914 2236 3975 propter
2286 3920 2397 3959 nos
2432 3911 2495 3959 ut
2552 3919 2675 3967 nos,
2728 3902 2824 3957 sed
2871 3903 2990 3957 sine
3042 3910 3292 3973 peccato,
3357 3902 3594 3957 crassari

2010 3996 2271 4067 dignatus
2312 3996 2405 4060 sit,
2452 3995 2727 4065 nobisque
2768 4004 3143 4063 congruenter
3171 4004 3229 4049 et
3280 3994 3509 4049 vocibus
3538 4004 3595 4048 et

2008 4091 2277 4159 exemplis
2324 4103 2602 4159 exponere
2636 4089 2959 4142 doctrinam
3007 4086 3299 4142 de'rebus
3354 4086 3596 4141 infandis

2009 4183 2303 4252 omnisque
2344 4180 2501 4236 verbi
2539 4180 2652 4234 vim
2715 4188 3070 4249 superantem
3108 4178 3410 4250 (parabolis
3447 4179 3593 4232 enim

2011 4273 2250 4330 traditur
2288 4274 2475 4328 omnia
2507 4287 2797 4329 enarrasse
2841 4280 2899 4327 et
2948 4281 3102 4326 extra
3138 4271 3412 4341 parabola:
3456 4271 3605 4340 tign-

2009 4379 2130 4418 ram
2174 4378 2288 4418 non
2328 4363 2632 4433 quidquam
2682 4361 3042 4431 explanasse;
3072 4376 3298 4438 gmasse
3341 4361 3487 4415 enim
3519 4360 3595 4415 ita

2009 4455 2301 4525 discipulis
2346 4454 2460 4510 sui:-
2505 4453 2608 4519 uti,
2664 4453 2888 4523 quando
2931 4452 3217 4507 auditores
3250 4452 3599 4523 originaliter

2008 4547 2162 4603 dicta
2206 4546 2397 4602 minus
2436 4553 2892 4616 assequerentur,
2941 4543 3192 4614 adeoque
3226 4558 3324 4599 eos
3379 4542 3436 4597 in
3476 4557 3568 4598 ser

314 4642 676 4713 συναίσθησιν
707 4640 904 4701 αὐτοὺς
934 4637 1089 4706 ἄγειν
1114 4636 1224 4690 τῶν
1248 4634 1605 4707 λεγομένων)’
1636 4634 1670 4707 ἢ
1692 4636 1776 4690 ὅτι
1793 4638 1903 4701 τοῖς

2012 4653 2238 4694 menum
2284 4636 2710 4709 intelligentiam
2741 4651 2806 4691 ac
2843 4650 3070 4691 sensum
3113 4634 3417 4704 deducere)
3462 4634 3596 4689 ποτε]

313 4733 429 4787 τῶν
456 4732 627 4787 ὄντων
660 4730 853 4784 ἑαυτὸν
880 4729 949 4782 δι’
972 4730 1120 4800 ἡμᾶς
1148 4728 1478 4800 ἀπορῤήτως
1506 4727 1795 4799 ἐγκρύψας
1818 4728 1905 4782 λό-

316 4841 439 4894 γοις
453 4824 732 4893 ἀναλόγως
754 4821 821 4875 δι’
843 4823 1077 4876 ἑκάστου
1102 4820 1212 4873 τῶν
1223 4818 1520 4891 ὁρωμένων
1542 4817 1617 4881 ὡς
1636 4818 1727 4872 διά
1739 4836 1903 4874 τινων

315 4913 667 4986 γραμμάτων
693 4910 1148 4981 ὑποσημαίνεται,
1172 4909 1295 4972 ὅλος
1318 4909 1376 4962 ὲν
1398 4907 1540 4972 ὅλοις
1565 4908 1681 4980 ἅμα
1698 4909 1905 4981 πληρέ-

323 5024 516 5070 στατος
538 5046 554 5070 ,
616 5006 712 5059 καὶ
756 5003 819 5057 τὸ
865 5002 989 5058 καθ’
1025 5003 1259 5055 ἕκαστον
1282 5000 1609 5072 ὁλόκληρος,
1660 5000 1781 5066 δλος
1811 5003 1906 5056 καὶ

321 5099 726 5164 ἀνελάττωτος,
785 5097 845 5150 έν
894 5097 1006 5159 τοῖς
1054 5094 1335 5166 διαφόροις
1388 5094 1418 5146 6
1462 5092 1754 5166 ἀδιάφορος
1811 5095 1909 5149 καὶ

323 5190 589 5255 ὡσαύτως
629 5190 715 5244 ἀεὶ
748 5189 886 5261 ἔχων
909 5227 925 5251 ,
980 5188 1050 5240 ὲν·
1071 5189 1186 5250 τοῖς
1215 5184 1492 5250 συνθέτοις
1521 5186 1550 5239 6
1578 5185 1782 5251 ἁπλοῦς
1814 5187 1911 5241 καὶ

320 5283 616 5347 ἀσύνθετος
638 5321 653 5347 ,
710 5283 806 5335 καὶ
858 5282 918 5333 ὲν
943 5282 1055 5342 τοῖς
1086 5278 1192 5332 ὑπὸ
1220 5277 1397 5351 ἀρχὴν
1427 5280 1456 5332 6
1485 5277 1722 5348 ἄναρχος
1741 5318 1757 5343 ,
1812 5277 1909 5332 καὶ

320 5379 351 5431 6
376 5376 609 5449 ἀόρατος
658 5377 716 5427 ἐν
757 5377 870 5437 τοῖς
908 5372 1250 5443 δρωμένοις,
1312 5370 1415 5423 καὶ
1456 5371 1515 5424 ἐν
1556 5373 1670 5433 τοῖς
1714 5370 1907 5433 ἁπτοῖς

318 5474 353 5527 6
382 5472 625 5543 ἀναφὴς·
660 5470 694 5542 ἢ
724 5471 805 5522 ὅτι
835 5468 901 5521 δι’
927 5466 1103 5537 ἡμᾶς,
1136 5464 1265 5527 τοὺς
1296 5466 1490 5533 παχεῖς
1520 5464 1622 5531 τὴν
1644 5462 1909 5533 διάνοιαν,

321 5562 731 5637 σωματωθῆναί
779 5580 838 5616 τε
889 5560 1130 5632 δι’ήμᾶς
1176 5558 1272 5610 καὶ
1312 5555 1606 5629 γράμμασι
1646 5556 1743 5611 καὶ
1778 5556 1908 5610 συλ-

463 5704 514 5769 l)
548 5701 767 5771 Dionys.
800 5700 1065 5771 Areopag.
1101 5695 1180 5751 De
1208 5695 1407 5771 licet“.
1466 5694 1744 5751 Hierarclz.
1779 5708 1905 5764 cap.

325 5776 385 5843 2,
411 5767 447 5843 ξ
469 5767 522 5834 4,
547 5789 600 5841 p.
640 5767 972 5843 Πιὶιοιιιςι
996 5767 1247 5843 QppLed.
1279 5767 1417 5843 Yen.

400 5834 512 5919 (ἒῖ)
547 5834 711 5913 Creg.
741 5841 874 5897 Naz.
900 5837 991 5894 0r.
1023 5834 1407 5908 iit'T/teophan.
1433 5850 1554 5907 cap.
1598 5834 1655 5904 2,
1681 5850 1738 5906 p.
1774 5835 1899 5900 664,

2011 4730 2161 4803 quod
2203 4729 2260 4786 in
2288 4744 2476 4785 rerum
2514 4744 2639 4799 quae
2674 4734 2804 4783 sunt
2825 4726 3135 4782 rationibus
3159 4726 3429 4782 ineli‘abili
3459 4741 3599 4797 quo-

2010 4821 2138 4878 dam
2181 4819 2348 4877 modo
2378 4828 2608 4891 propter
2643 4835 2748 4874 nos
2770 4834 2892 4874 sese
2923 4817 3105 4888 ipsum
3142 4818 3427 4873 occultans
3460 4832 3598 4873 con-

2010 4924 2276 4987 gruenter
2336 4929 2437 4984 per
2495 4912 2936 4983 unumquodque
3004 4926 3199 4966 eorum
3242 4926 3366 4979 quae
3418 4911 3598 4967 oculis

1975 4983 2274 5063 .videntur
2311 4983 2575 5077 tanquam
2613 5021 2715 5078 per
2741 5005 2955 5075 aliquas
2982 5005 3288 5074 scripturas
3321 5003 3599 5073 significa-

2012 5108 2126 5165 tur,
2167 5106 2318 5155 totus
2352 5098 2411 5153 in
2448 5098 2584 5153 totis
2627 5098 2794 5154 simul
2853 5096 3231 5167 plenissimus,
3277 5102 3335 5149 et
3379 5093 3433 5148 in
3482 5095 3598 5148 sin-

2010 5190 2156 5263 gulis
2204 5190 2519 5262 quibusque
2552 5191 2789 5261 integer,
2837 5195 2989 5243 totus
3026 5194 3083 5242 et
3115 5200 3228 5239 non
3264 5183 3594 5245 diminutus,

2010 5283 2070 5338 in
2113 5282 2351 5339 diversis
2368 5283 2485 5354 ipse
2516 5283 2611 5354 qui
2631 5298 2743 5337 non
2766 5280 3025 5336 diversus
3043 5277 3353 5346 eodemque
3378 5289 3594 5344 semper

2011 5372 2286 5427 exslstens
2330 5372 2527 5438 modo,’
2567 5371 2621 5426 in
2670 5368 2995 5440 compositis
3038 5368 3135 5438 qui
3175 5365 3413 5436 simplex
3476 5364 3595 5435 ipse

2012 5473 2180 5535 atque
2204 5464 2628 5534 incompositus,
2664 5471 2720 5518 et
2750 5462 2805 5516 in
2849 5460 2933 5516 eis
2986 5473 3109 5529 quae
3141 5455 3424 5527 principio
3464 5463 3597 5509 sunt

2014 5557 2264 5629 subjecta
2294 5557 2414 5627 ipse
2452 5557 2547 5627 qui
2600 5556 2719 5611 sine
2760 5552 3060 5624 principio,
3100 5559 3158 5606 et
3197 5545 3494 5604 invisibilis
3536 5545 3591 5600 in

2014 5700 2149 5748 tom.
2180 5693 2203 5748 Ι
2241 5690 2381 5763 Opp.
2414 5692 2505 5747 ed.
2538 5690 2744 5748 Bened.

2087 5763 2197 5828 (23)
2229 5752 2380 5817 ldein
2410 5763 2541 5832 ibid.
2602 5776 2722 5831 cap.
2757 5762 2809 5827 7,
2846 5774 2969 5828 pag.
3022 5757 3146 5826 667,
3201 5765 3335 5812 tom.
3371 5755 3392 5810 Ι
3450 5752 3595 5824 Opp.

2010 5833 2147 5889 edit.
2180 5833 2382 5888 Bened.
