4012 6368
537 387 668 452 19.87

1678 384 1742 444 S.
1776 384 2065 446 ΜΑΧΙΜΙ
2103 388 2615 449 CONFESSORIS

3631 391 3744 458 128%

529 505 858 568 visibiiibus,
910 512 967 558 et
1001 502 1058 556 in
1105 500 1188 556 eis
1230 517 1360 570 qua:
1401 500 1548 572 tangi
1585 512 1820 572 possunt
1863 496 1982 574 ipse
2011 505 2099 574 qui

2210 506 2402 571 λαϐαῖς
2429 508 2523 561 καὶ
2545 505 2752 576 φωναῖς
2770 503 3090 574 τυπωθῆναι
3113 500 3455 568 κατεδέξατο,
3469 502 3551 556 ἵνα
3566 503 3623 556 ὲκ
3638 507 3745 560 πάν-

523 599 694 653 tactui
750 613 861 651 non
916 595 1232 649 obnoxius:
1261 593 1346 647 vel
1385 593 1532 663 quod
1576 605 1800 664 prop'er
1847 611 1969 657 nos,
2008 599 2099 666 qui

2205 617 2315 651 των
2345 600 2549 652 τούτων
2583 601 2732 670 ἡμᾶς
2757 598 3058 668 ἑπομένους
3090 595 3238 665 αὺτῷ
3270 595 3411 648 κατά
3443 594 3606 666 βραχὺ
3637 598 3750 669 πρὶς

523 690 694 742 crassi
746 698 801 742 et
855 687 1091 757 pingues
1133 700 1329 740 sumus
1383 685 1694 749 intellectu,
1747 701 1952 756 corpus
1985 687 2104 742 ﬁcri

521 796 586 834 ac
640 789 830 836 nostra
877 779 1057 851 gratia
1104 778 1308 834 litteris
1375 786 1432 831 et
1477 777 1706 848 syllabis
1755 788 1810 834 et
1851 780 2102 846 vocibus,

459 932 466 938 ,
521 872 756 942 exprimi
797 887 992 941 passus
1036 879 1142 934 est,
1187 879 1248 924 ut
1291 885 1358 923 ex
1403 869 1665 924 omnibus
1711 870 1798 926 bis
1836 887 1938 926 nos
1975 887 2102 926 eum

520 973 822 1033 sequentes
865 971 991 1035 post
1037 963 1202 1034 paulo
1249 963 1317 1017 ad
1380 977 1503 1018 sese
1551 963 1732 1032 ipsum
1792 964 2102 1034 colligeret,

521 1057 712 1112 unitos
755 1057 809 1110 in
838 1056 1058 1126 spiritu,
1089 1063 1146 1109 et
1195 1055 1250 1108 in
1294 1055 1604 1125 simplicem
1633 1055 1780 1110 circa
1815 1071 1943 1108 eum
1982 1070 2104 1108 om-

2206 690 2399 742 ἑαυτὸν
2431 689 2736 762 συναγάγῃ,
2775 685 3197 755 ὲνοποιηοὲντας
3226 684 3303 753 τῷ
3331 685 3628 752 πνεύματι,
3673 691 3777 742 καὶ.

2205 781 2284 842 εἰς
2311 779 2408 851 τὴν
2431 781 2610 850 ἁπλῆν
2634 780 2764 851 περὶ
2786 777 2952 833 αὐτοῦ
2981 778 3077 831 καὶ
3098 778 3326 846 ἄσχετον
3354 775 3560 828 ἔννοιαν
3581 779 3754 844 ἀναγα-

2209 885 2334 936 γοι,
2386 871 2642 924 τοσοῦτον
2683 871 2836 942 ἡμᾶς
2875 867 3159 922 artuum
3202 866 3336 936 πρὸς
3371 867 3562 920 ἕνωσιν
3591 869 3755 924 ἑαυτοῦ

2213 965 2532 1032 συστείλας,
2586 969 2710 1021 ὅσον
2756 967 2920 1030 αὐτὸς
2952 966 3019 1020 δι’
3041 966 3189 1036 ἡμᾶς
3220 965 3410 1018 ἑαυτὸν
3442 965 3757 1033 συγκαταϐά-

2215 1073 2352 1120 σεως
2386 1057 2528 1128 λόγῳ
2557 1058 2875 1112 διέστειλεν.

519 1149 689 1220 nique
735 1150 941 1205 atl'ectu
986 1149 1217 1204 liberam
1263 1148 1658 1219 cogitationem
1700 1149 2014 1212 reduceret,
2045 1149 2100 1201 in
2143 1156 2356 1204 tantum
2419 1167 2522 1206 nos
2545 1160 2772 1222 propter
2799 1165 2857 1206 se
2891 1149 3002 1206 sibi
3059 1147 3458 1205 coadunandos
3480 1147 3757 1213 attrahens,

520 1243 578 1296 in
621 1253 890 1311 quantum
935 1240 1052 1310 ipse
1093 1249 1325 1310 propter
1380 1253 1483 1293 nos
1525 1239 1837 1294 clementia:
1880 1238 2096 1292 ratione
2132 1251 2254 1293 sese
2303 1253 2562 1296 remum.

519 1444 605 1500 Ea:
634 1443 811 1498 eodem
851 1457 1112 1506 sermone,
1155 1441 1210 1494 in
1252 1439 1390 1494 illud
1433 1443 1451 1493 ':
1499 1457 1516 1489 ι
1548 1437 1667 1492 Νοη
1699 1453 1762 1492 ex
1799 1440 1861 1492 iis
1893 1455 2011 1510 qua:
2049 1444 2107 1496 in

589 1538 704 1606 ipso
743 1541 887 1598 sunt,
922 1532 1014 1586 sed
1055 1533 1210 1586 exiis
1259 1547 1376 1602 qua:
1407 1537 1533 1585 sunt
1567 1531 1706 1583 circa
1752 1531 1946 1601 ipsum,
1993 1533 2105 1588 alia

588 1643 652 1680 ea:
701 1625 808 1680 alio
847 1623 1066 1678 collecta
1107 1625 1298 1694 specie,
1342 1624 1398 1677 in
1440 1609 1607 1676 unum
1660 1623 1928 1692 quoddam
1966 1627 2104 1677 veri-

589 1719 713 1773 tatis
748 1716 1118 1772 simulacrum.
1154 1735 1172 1766 ι

586 1832 668 1886 Ex
715 1829 1125 1894 essentialibus,
1162 1827 1217 1882 id
1261 1834 1368 1897 est,
1413 1843 1479 1883 ex
1516 1829 1637 1899 ipsa
1661 1829 1926 1894 essentia,
1953 1827 2102 1899 quod

516 1927 664 1982 Deus
703 1922 935 1978 exsistat
985 1934 1335 1990 nequaquam
1385 1920 1758 1990 cognoscitur.
1798 1921 1912 1975 'Est
1947 1920 2100 1975 enim

516 2017 679 2086 plane
718 2011 1089 2068 intractabilis
1139 2019 1197 2066 et
1247 2010 1397 2065 invia
1445 2007 1723 2065 universae
1767 2009 2098 2072 conditioni,

516 2126 584 2163 ex
615 2105 735 2178 pari
782 2115 895 2160 tam
941 2104 1149 2159 visibili
1193 2118 1360 2173 quam
1411 2102 1704 2166 invisibili,
1740 2103 2004 2174 cogitatio
2053 2104 2099 2157 si

517 2215 833 2272 quaeramus
876 2197 1010 2268 quid
1062 2197 1154 2261 sit,
1189 2196 1285 2252 sed
1331 2211 1399 2251 ex
1445 2195 1514 2250 iis
1559 2211 1680 2266 quae
1721 2196 1873 2250 circa
1909 2209 2102 2250 essen-

519 2295 652 2347 tiam
687 2299 835 2354 sunt,
889 2291 934 2344 si
997 2288 1142 2342 bene
1183 2295 1348 2357 atque
1387 2274 1492 2356 'pie
1533 2287 1926 2351 observantur,
1979 2301 2099 2340 sese

518 2385 666 2440 Deus
716 2380 1068 2437 solummodo
1109 2379 1256 2450 quod
1306 2378 1380 2434 sit
1427 2377 1852 2449 intelligendum
1903 2376 2098 2431 viden-

516 2474 668 2528 tibus
704 2470 956 2540 largitur.
997 2468 1355 2538 Quaecunque
1406 2482 1543 2521 vero
1599 2468 1749 2522 circa
1795 2466 2097 2522 essentiam

515 2573 649 2620 sunt
697 2577 810 2616 non
857 2559 991 2630 quid
1027 2559 1121 2624 sit,
1167 2559 1264 2615 sed
1304 2557 1437 2628 quid
1473 2573 1585 2612 non
1637 2558 1711 2613 sit
1757 2557 2095 2628 signiﬁcant,

515 2655 688 2710 veluti
733 2653 880 2723 quod
910 2666 1020 2706 non
1060 2650 1238 2705 factus
1269 2657 1375 2715 est,
1413 2650 1562 2720 quod
1611 2649 1892 2719 principio
1919 2658 2094 2715 caret,

515 2745 665 2815 quod
685 2743 814 2808 ﬁne,
840 2741 985 2814 quod
1013 2756 1247 2812 corpore
1275 2750 1448 2802 caret,
1469 2755 1702 2810 quaeque
1723 2741 1831 2795 alia
1857 2741 2100 2812 ejusmo-

517 2838 575 2892 di
596 2837 743 2892 circa
761 2834 1060 2890 essentiam
1083 2841 1236 2899 sunt,
1265 2843 1322 2888 et
1348 2833 1556 2903 aliquid
1587 2848 1696 2888 non
1717 2847 1865 2898 esse,
1899 2848 2097 2888 verum

515 2943 626 2982 non
661 2925 874 2996 aliquid
935 2939 1058 2979 eam
1099 2939 1223 2979 esse
1266 2923 1531 2993 probant;
1573 2921 1671 2978 sed
1705 2921 1873 2977 etiam
1907 2923 2097 2993 provi-

513 3020 720 3080 dentia:
745 3027 801 3074 et
841 3017 1038 3089 judicii
1089 3018 1355 3082 rationes,
1403 3017 1610 3087 quibus
1642 3017 1965 3073 universum
2007 3034 2097 3074 sa-

513 3111 738 3181 pienter
793 3110 956 3180 regit,
999 3124 1238 3179 quarum
1302 3109 1452 3164 socia
1500 3097 1816 3180 congruens
1873 3125 2097 3180 quoque

512 3209 731 3256 natura:
781 3198 1182 3269 contemplatio
1227 3200 1375 3254 circa
1437 3199 1613 3254 Deum
1675 3214 1799 3254 esse
1863 3200 2094 3268 dicitur,
2125 3229 2170 3287 α

513 3291 825 3355 conditoris
855 3291 942 3346 sui
975 3290 1325 3346 solummodo
1353 3291 1734 3346 exsistentiam
1759 3294 2098 3350 convenien-

515 3393 600 3439 ter
633 3383 1042 3439 demonstrans.
1095 3384 1236 3438 Dum
1279 3382 1452 3454 igitur
1500 3383 1960 3441 alﬁrmationibus
2001 3387 2100 3442 ad-

511 3471 809 3531 versantur
854 3477 1200 3546 negationes,
1246 3483 1443 3532 mutuo
1471 3477 1617 3532 inter
1659 3493 1718 3533 se
1747 3478 1894 3534 circa
1921 3479 2096 3534 Deum

513 3577 568 3623 et
606 3567 782 3622 amice
839 3566 946 3638 sibi
996 3567 1300 3622 conciliant
1349 3583 1471 3624 sese
1529 3577 1587 3624 et
1641 3569 1928 3639 excipiunt
1974 3587 1988 3624 :
2035 3577 2099 3624 ut

511 3658 838 3730 negationes
864 3673 976 3714 non
1001 3658 1214 3728 aliquid
1233 3673 1358 3714 esse
1394 3659 1592 3725 Deum,
1619 3660 1717 3716 sed
1742 3661 1958 3731 aliquid
1984 3676 2099 3716 non

509 3765 634 3806 esse
673 3749 1050 3822 signiﬁcantes
1079 3751 1233 3806 circa
1267 3736 1376 3807 hoc
1409 3751 1560 3822 quod
1585 3753 1799 3824 aliquid
1832 3761 1919 3810 est
1946 3754 2098 3824 quod

510 3842 620 3898 hoc
655 3846 766 3898 non
811 3851 898 3898 est
945 3843 1319 3899 conciliantur
1361 3843 1846 3910 aﬁirmationibus,
1903 3854 2099 3900 contra

511 3931 902 3988 aﬁirmationes
932 3934 1114 3988 solum
1147 3933 1298 4004 quod
1327 3943 1435 4000 est,
1460 3935 1596 4005 quid
1617 3950 1754 3991 vero
1783 3936 2007 3992 tandem
2040 3935 2097 3991 id

513 4025 584 4079 sit
639 4040 753 4079 non
817 4025 1109 4094 aperiens,
1159 4025 1311 4081 circa
1367 4026 1478 4081 hoc
1523 4027 1674 4096 quod
1720 4026 1930 4096 aliquid
1979 4043 2096 4084 non

511 4123 599 4170 est
635 4115 786 4185 quod
824 4116 933 4170 hoc
960 4124 1048 4170 est
1093 4115 1470 4171 conciliantur
1516 4115 1932 4188 negationibus,
1972 4131 2101 4174 cum

513 4206 751 4261 invicem
791 4207 1251 4262 contrarietatem
1285 4207 1594 4264 ostendunt
1624 4223 1693 4264 ex
1725 4209 2098 4282 oppositione,

512 4298 660 4352 circa
692 4298 865 4353 Deum
897 4305 1087 4353 autem
1117 4297 1557 4354 familiaritatem
1581 4299 1652 4356 de
1681 4301 2097 4356 extremitatum

513 4397 703 4444 mutua
743 4387 799 4443 in
841 4402 923 4455 se,
975 4394 1141 4458 prout
1186 4403 1277 4444 res
1316 4387 1444 4454 fert,
1480 4390 1848 4446 conversione
1884 4399 2092 4446 natam.

2222 1445 2318 1498 Ἐκ
2347 1443 2452 1497 τοῦ
2480 1442 2668 1496 αὐτοῦ
2696 1443 2905 1512 λόγου,
2939 1444 3027 1506 εὶς
3051 1441 3122 1494 τό
3141 1457 3153 1469 ·
3211 1458 3230 1490 ι
3262 1440 3386 1494 οὐκ
3416 1439 3486 1493 ἐκ
3513 1438 3625 1493 τῶν
3652 1442 3760 1496 κατ’

2279 1533 2487 1597 αὐτὸν,
2515 1533 2654 1587 ἀλλ’
2675 1532 2744 1586 ἐκ
2766 1529 2886 1585 τῶν
2909 1530 3042 1599 περὶ
3057 1529 3266 1596 αὑτὸν,
3290 1529 3490 1596 ἄλλης
3511 1529 3577 1594 ἐξ
3591 1530 3758 1586 ἄλλον

2279 1625 2619 1694 φαντασίας
2663 1623 3142 1693 συλλεγομένης,
3175 1625 3264 1688 εὶς
3289 1619 3360 1675 ἓν
3401 1637 3458 1674 τι
3498 1621 3605 1691 τῆς
3634 1623 3758 1692 ἄλης

2279 1717 2442 1784 θείας
2476 1715 2756 1784 τνδαλμα.
2790 1733 2809 1767 ι

2293 1829 2388 1882 Ἐκ
2415 1827 2524 1881 τῶν
2559 1827 2700 1881 κατὰ
2729 1826 2828 1898 τὴν
2853 1827 3074 1890 οὐσίαν,
3111 1826 3358 1880 τουτ’ἐστι
3390 1825 3458 1878 ὲκ
3485 1825 3582 1895 τῆς
3603 1824 3761 1888 οὐσίας

2207 1921 2412 1992 αὐτῆς,
2463 1922 2492 1972 6
2533 1919 2668 1982 Θεὸς
2720 1917 2977 1972 οὐδέποτέ
3031 1935 3084 1971 τι
3135 1917 3402 1988 ὑπάρχων
3441 1915 3759 1985 γινώσκεται.

2209 2011 2514 2080 Ἀμήχανος
2542 2011 2649 2081 γὰρ
2683 2010 2778 2064 καὶ
2806 2009 3084 2072 παντελῶς
3105 2009 3306 2072 ἄϐατος
3332 2007 3488 2081 πάσῃ
3508 2009 3570 2078 τῇ
3593 2006 3760 2070 κτίσει,

2206 2102 2374 2171 ὁρατῇ
2422 2117 2480 2152 τε
2541 2100 2635 2152 καὶ
2679 2098 2898 2169 ἀοράτῳ
2951 2097 3092 2152 κατά
3141 2099 3199 2150 τδ
3237 2097 3350 2151 ἴσον
3375 2137 3392 2163 ,
3457 2098 3490 2167 ὴ
3538 2095 3660 2168 περὶ
3687 2095 3762 2148 τοῦ

2206 2191 2260 2242 τί
2300 2187 2644 2258 καθέστηκεν
2673 2189 2854 2243 ἔννοια
2880 2229 2896 2255 ,
2952 2189 3069 2243 ἀλλ’
3093 2192 3158 2244 ἐκ
3185 2189 3294 2242 τῶν
3329 2191 3463 2260 περὶ
3485 2190 3581 2258 τὴν
3605 2187 3762 2240 οὐσίαν

2211 2281 2373 2350 μόνον
2431 2281 2514 2334 ὅτι
2559 2280 2711 2342 ἔστι.
2767 2281 2862 2334 καὶ
2903 2281 3077 2335 ταῦτα
3108 2281 3292 2344 καλῶς
3319 2297 3381 2334 τε
3429 2281 3525 2334 καὶ
3557 2277 3762 2340 εὐσεϐῶς

2208 2372 2625 2444 θεωρουμένων,
2656 2375 2768 2437 τοῖς
2791 2373 2994 2443 ὁρῶσιν
3019 2373 3047 2427 ὁ
3070 2372 3204 2438 Θεὸς
3229 2371 3428 2427 ἑαυτὸν
3449 2371 3760 2426 ὕπενδίδωσι.

2207 2468 2392 2521 Πάντα
2427 2467 2484 2520 δὲ
2534 2466 2604 2519 τά
2640 2467 2770 2538 περὶ
2797 2466 2896 2537 τὴν
2921 2466 3112 2520 οὐσίαν
3148 2466 3209 2519 οὐ
3242 2465 3305 2518 τὸ
3333 2465 3391 2518 τί
3418 2466 3566 2518 ἐστιν
3587 2505 3603 2529 ,
3654 2461 3764 2516 ἀλλὰ

2206 2557 2259 2608 τί
2307 2556 2408 2608 οὐκ
2459 2555 2604 2609 ἐστιν
2638 2555 2925 2625 ὑποδηλοί,
2981 2554 3168 2627 (214
3186 2556 3236 2626 b)
3271 2551 3388 2610 οἷον
3417 2555 3480 2609 τὸ
3506 2554 3760 2625 ἀγένητον,

2205 2645 2267 2698 τὸ
2316 2643 2554 2717 ἄναρχον
2581 2686 2596 2709 ,
2651 2645 2712 2698 τὸ
2760 2647 3021 2716 ἄπειρον,
3081 2647 3142 2699 τὸ
3188 2645 3517 2716 ἀσώματον,
3573 2645 3763 2699 καὶὸσα

2205 2734 2432 2788 τοιαῦτα
2483 2736 2613 2806 περὶ
2660 2735 2757 2806 τὴν
2776 2735 2976 2790 ,οὐσίαν
3019 2736 3128 2789 εἰσὶ
3153 2778 3168 2801 ,
3229 2737 3326 2790 καὶ
3351 2737 3416 2791 τό
3447 2755 3500 2790 τι
3533 2736 3604 2808 μὴ
3627 2732 3760 2801 εἶναι,

2205 2827 2303 2898 οὐχ
2337 2827 2420 2880 ὅτι
2449 2827 2504 2880 δὲ
2551 2827 2613 2880 τό
2644 2845 2698 2880 τι
2729 2824 2868 2881 εἶναι
2899 2827 3070 2900 αὐτὴν
3097 2829 3444 2899 παρεστῶσιν
3469 2845 3482 2859 ⁸
3536 2829 3662 2884 ἀλλά
3687 2831 3762 2882 καὶ

2205 2921 2255 2972 οἱ
2309 2920 2412 2990 τῆς
2457 2920 2716 2991 προνοίας
2768 2920 2866 2974 καὶ
2906 2919 3008 2990 τῆς
3041 2920 3275 2991 κρίσεως
3307 2920 3502 2989 λόγοι,
3553 2920 3761 2984 καθόὓς

2203 3011 2266 3065 τὸ
2297 3013 2408 3065 πᾶν
2437 3011 2618 3081 σοφῶς
2645 3011 2979 3080 διεξάγεται,
3037 3011 3158 3082 μεθ’
3181 3005 3255 3066 ὧν
3285 3012 3382 3067 καὶ
3417 3013 3450 3082 ἡ
3477 3012 3761 3084 ἐναρμόνιος

2203 3105 2302 3176 τῆς
2353 3103 2569 3176 φύσεως
2621 3104 2828 3176 Θεωρία
2875 3107 3004 3176 περί⁸
3042 3104 3179 3160 Θεοῦ
3233 3100 3378 3159 εἶναι
3421 3105 3658 3174 λέγεται,
3688 3105 3761 3157 τὸν

2203 3198 2534 3269 δημιουργὸν
2567 3197 2768 3269 ἑαυτῆς
2811 3199 2896 3252 ὅτι
2939 3197 3054 3252 ἔστι
3086 3199 3248 3269 μόνον
3275 3199 3560 3269 ἀναλόγως
3580 3198 3759 3252 δεικνύ-

2201 3305 2356 3356 ουσα.
2407 3289 2698 3354 Ἐναντίως
2727 3284 2822 3345 οὖν
2853 3291 2972 3354 ταῖς
3005 3291 3352 3361 καταφάσεσι
3384 3291 3649 3363 κειμένων
3674 3289 3761 3344 τῶν

2201 3381 2537 3451 ἀποφάσεων
2559 3422 2577 3449 ,
2629 3381 2862 3446 ἐναλλὰξ
2909 3381 3172 3453 ἀλλήλαις
3223 3383 3352 3455 περὶ
3386 3384 3523 3438 Θεὸν
3564 3382 3758 3454 φιλικῶς

2205 3474 2611 3546 συμπλέκονται
2662 3475 2758 3530 καὶ
2809 3473 3054 3545 ἀλλήλων
3101 3476 3757 3548 ἀντιπαραλαμϐάνονταισ

2201 3565 2313 3621 οἷον
2363 3568 2421 3621 αι
2471 3567 2572 3638 μὲν
2615 3568 2918 3636 ἀποφάσεις
2961 3567 3026 3621 τὸ
3060 3569 3135 3640 μή
3168 3585 3222 3622 τι
3249 3565 3391 3623 εἶναι
3415 3609 3430 3635 ,
3468 3569 3600 3625 ἀλλά
3626 3587 3673 3623 τι
3699 3567 3760 3639 μὴ

2203 3659 2345 3714 εἶναι
2381 3659 2747 3732 σημαίνουσαι
2768 3661 2828 3714 τὸ
2853 3660 3030 3725 Θεῖον,
3054 3660 3184 3732 περὶ
3213 3661 3276 3714 τό
3303 3679 3360 3716 τι
3387 3659 3610 3716 εἶναιτὸ
3627 3660 3760 3714 τοῦτο

2204 3752 2282 3824 μὴ
2308 3751 2390 3820 ὃν,
2423 3751 2672 3808 ἑνοῦνται
2701 3755 2822 3816 ταῖς
2849 3754 3244 3822 καταφάσεσιν,
3279 3755 3336 3809 αἱ
3359 3755 3421 3810 δὲ
3451 3755 3758 3824 καταφάσεις

2201 3842 2262 3895 τδ
2291 3843 2452 3912 μόνον
2484 3843 2566 3898 ὅτι
2595 3843 2734 3910 ἐστι,
2769 3843 2955 3898 τίποτε
2981 3845 3040 3898 δὲ
3071 3845 3232 3899 τοῦτό
3255 3847 3375 3900 ἐστι
3406 3847 3484 3919 μὴ
3509 3845 3758 3914 δηλοῦσαι.

2205 3934 2336 4004 περὶ
2359 3933 2423 3987 τό
2451 3951 2503 3988 τι
2531 3933 2606 4006 μὴ
2635 3930 2774 3988 εἶναι
2802 3935 2864 3989 τὸ
2885 3934 3048 3990 τοῦτο
3075 3935 3134 3990 ὃν
3159 3935 3410 3993 ὲνοῦνται
3433 3939 3554 4002 ταῖς
3572 3936 3758 4006 ἀποφά-

2207 4040 2324 4077 σεσι
2349 4064 2364 4088 ,
2416 4025 2555 4097 πρὸς
2588 4025 2690 4096 μὲν
2723 4026 2958 4098 ἀλλήλας
2984 4027 3329 4083 δεικνύουσαι
3358 4029 3461 4100 τὴν
3490 4031 3548 4098 ἐξ
3573 4026 3758 4084 ἀντιθὲ-

2205 4131 2342 4180 σεως
2371 4117 2724 4188 ἐναντιότητα
2749 4160 2764 4185 ,
2823 4118 2953 4190 περὶ
2980 4118 3038 4172 δὲ
3081 4119 3172 4174 τὸν
3202 4119 3336 4174 Θεὸν
3367 4120 3448 4192 τῷ
3481 4123 3558 4186 είς
3582 4117 3757 4190 ἄλληλα

2202 4205 2310 4258 τῶν
2341 4203 2529 4277 ἄκρων
2562 4206 2704 4261 κατά
2738 4210 3077 4280 περίπτωσιν
3109 4209 3296 4284 τρόπῳ
3326 4210 3428 4283 τὴν
3455 4211 3753 4281 οἰκειότητα.

515 4567 597 4622 Ea:
629 4568 809 4622 eodem
839 4582 1102 4631 sermone,
1141 4567 1199 4621 in
1237 4565 1373 4622 illud
1403 4584 1421 4623 :
1479 4587 1497 4620 ι
1531 4567 1664 4624 Cum
1711 4586 1831 4625 vero
1867 4547 2094 4625 bonitati

2217 4572 2319 4627 Ἐκ
2353 4569 2459 4625 τοῦ
2487 4569 2675 4625 αὑτοῦ
2701 4572 2890 4641 λόγου
2917 4591 2930 4603 ο
2995 4592 3013 4624 ι
3055 4573 3217 4628 Ἐπεὶ
3254 4573 3324 4628 δὲ
3369 4575 3483 4630 οὐκ
3513 4573 3672 4644 ἤρκει
3698 4570 3756 4638 τῇ

581 4659 752 4713 solum
787 4675 888 4712 sua
920 4661 1086 4730 ipsius
1123 4659 1565 4732 contemplatione
1599 4663 1795 4716 moveri
1845 4677 1950 4716 non
1980 4663 2094 4732 suf-

583 4749 782 4818 ﬁceret,
823 4750 915 4803 sed
944 4751 1164 4820 diffundi
1193 4751 1386 4806 bonum
1421 4759 1581 4824 atque
1615 4755 1907 4823 propagari
1933 4770 2091 4825 opor-

585 4847 738 4904 teret,
766 4846 824 4893 ut
849 4837 1026 4909 pluria
1047 4849 1216 4894 essent
1247 4856 1364 4910 quw
1393 4840 1640 4910 beneﬁcio
1673 4841 2036 4911 aﬂicerentur.
2065 4861 2083 4894 ›

582 4957 756 5025 Quem
803 4971 948 5026 saepe
992 4957 1105 5012 dixi
1153 4972 1322 5012 senex
1361 4958 1454 5014 ille
1495 4975 1728 5030 magnus
1759 4970 1816 5016 et
1841 4964 2124 5034 sapiens,~

512 5064 677 5118 quem
709 5047 779 5106 de
819 5047 926 5102 hoc
965 5047 1090 5103 loco
1126 5048 1405 5114 consului,
1455 5063 1712 5121 magnum
1747 5061 1804 5107 et
1840 5052 2093 5108 divinum

511 5140 836 5214 Gregorium
873 5137 958 5194 his
997 5138 1185 5198 verbis
1225 5139 1539 5212 signiﬁcare
1587 5144 1880 5214 respondit
1918 5143 2092 5201 Deum

511 5229 770 5285 eumdem
833 5229 890 5284 in
951 5231 1254 5300 semetipso
1301 5245 1498 5296 unum,
1551 5241 1744 5301 utpote
1789 5234 1884 5302 qui
1946 5250 2092 5289 unus

512 5319 736 5389 proprie
792 5319 884 5383 sit,
931 5336 995 5374 ac
1045 5320 1183 5375 nihil
1237 5321 1467 5376 omnino
1531 5322 1679 5392 quod
1732 5340 1841 5378 una
1897 5341 2088 5380 secum

513 5413 741 5484 cogitari
790 5411 966 5481 possit
1017 5413 1220 5469 habeat
1267 5425 1470 5469 natura
1520 5415 1826 5482 diversum,
1885 5418 1982 5474 sed
2033 5419 2090 5474 in

513 5505 812 5574 semetipso
871 5503 1072 5560 habeat
1110 5507 1290 5560 solum
1349 5505 1688 5561 soliditatem
1735 5507 2094 5580 imperccpti-

429 5603 437 5608 ‘
513 5594 702 5656 bilem.
749 5593 911 5648 initio
949 5611 1014 5649 ac
1060 5596 1167 5650 ﬁne
1196 5605 1502 5661 carentem,
1557 5607 1612 5652 et
1665 5600 2096 5670 incomprehen-

511 5685 754 5748 sibilem,
813 5700 881 5740 ex
937 5703 1046 5756 qua
1107 5687 1175 5742 de
1224 5686 1438 5742 inﬁnita
1495 5689 1762 5747 bonitatis
1799 5700 1858 5747 et
1903 5693 2093 5763 gratiae

2272 4661 2592 4730 ἀγαθότητι
2623 4660 2801 4714 τοῦτο
2834 4661 2901 4714 τὸ
2929 4660 3224 4716 κινεῖσθαι
3241 4663 3437 4731 μόνον
3464 4661 3538 4732 τῇ
3561 4658 3756 4726 ἑαυτῆς

2273 4754 2506 4822 θεωρίᾳ.
2541 4753 2682 4808 ἀλλ’
2707 4751 2829 4806 ἔδει
2849 4753 3114 4822 χυθῆναι
3143 4755 3211 4808 τὸ
3235 4755 3463 4826 ἀγαθὸν
3492 4755 3586 4810 καί
3612 4751 3755 4809 sese.

2271 4860 2376 4902 σαι
2400 4847 2482 4914 ὠς
2508 4845 2740 4900 πλέονα
2765 4846 2921 4901 εἶναι
2948 4847 3022 4902 τὰ
3043 4849 3513 4918 εὐεργετούμενα
3547 4846 3672 4919 (24).
3705 4865 3720 4896 ι

2273 4961 2377 5014 Τὸν
2427 4959 2692 5024 πολλάκις
2739 4959 3034 5032 εἰρημένον
3077 4961 3366 5032 ἐρωτήσας
3417 4962 3544 5032 περὶ
3587 4959 3750 5012 τούτου

2202 5054 2377 5125 μέγαν
2435 5053 2531 5107 καὶ
2579 5052 2746 5121 σοφὸν
2794 5053 3027 5124 γέροντα
3071 5053 3266 5122 δηλοῦν
3310 5054 3416 5124 ἔφη
3465 5055 3552 5107 διὰ
3576 5051 3751 5107 τούτων

2197 5145 2288 5200 τὸν
2342 5145 2516 5215 μέγαν
2575 5144 2670 5196 καὶ
2717 5142 2978 5214 θεοφόρον
3020 5143 3324 5215 Γρηγόριον
3375 5145 3435 5198 τὸ
3483 5143 3570 5197 τὸν
3611 5139 3748 5196 αὐτὸν

2197 5235 2332 5290 Θεὸν
2361 5238 2419 5288 ἐν
2443 5234 2620 5305 ἑαυτῷ
2651 5234 2832 5306 μόνον,
2867 5231 2955 5288 οἷα
2981 5235 3045 5305 δὴ
3079 5235 3177 5290 ἕνα
3205 5237 3411 5306 κυρίως
3437 5235 3580 5300 ὄντα,
3609 5229 3748 5305 μηδὲν

2200 5329 2380 5400 ἑαυτῷ
2410 5329 2470 5382 τὺ
2495 5328 2760 5400 παράπαν
2790 5329 3276 5400 συνεπινοούμενον
3300 5329 3496 5399 ἔχοντα
3515 5326 3645 5382 κατά
3665 5323 3746 5391 τὴν

2200 5422 2363 5492 φύσιν
2391 5421 2648 5492 διάφορον
2665 5461 2682 5487 ,
2732 5421 2790 5473 ἐν
2819 5420 2999 5490 ἑαυτῷ
3021 5437 3082 5473 τε
3114 5407 3274 5490 μόνον
3299 5421 3490 5491 ἔχοντα
3514 5419 3607 5490 τὴν
3631 5417 3744 5470 ἀπε-

2203 5515 2446 5584 ρινόητον
2485 5513 2722 5586 άναρχόν
2752 5530 2813 5567 τε
2863 5513 2956 5567 καὶ
2986 5514 3216 5585 ἄπειρον
3264 5515 3357 5568 καὶ
3395 5513 3743 5580 ἀκατάληπτον

2205 5606 2542 5676 μονιμότητα
2569 5645 2584 5668 ,
2633 5603 2695 5670 ἐξ
2722 5599 2790 5676 ἦς
2829 5604 2971 5659 κατά
2997 5603 3368 5677 ἀπειρὸδωρον
3393 5605 3544 5676 χύσιν
3567 5596 3741 5668 ἁγαθό-

2201 5710 2362 5762 τητος
2405 5695 2477 5748 τὰ
2515 5695 2648 5751 ὅντα
2695 5697 2760 5749 ὲκ
2795 5693 2890 5750 τοῦ
2931 5694 3006 5766 μὴ
3034 5693 3187 5759 ὅντος
3216 5695 3555 5767 παραγαγεῖν
3580 5707 3632 5744 τε
3662 5684 3736 5743 καὶ

580 5797 691 5867 (24)
725 5795 869 5851 ldem
898 5800 1020 5856 ibid.
1047 5817 1148 5872 cap
1207 5803 1261 5870 9,
1294 5818 1347 5874 p.
1391 5804 1514 5872 668,
1542 5815 1673 5863 tom.
1704 5809 1746 5863 l.
1775 5807 1914 5881 Opp.
1947 5809 2084 5867 edit.
2125 5809 2328 5866 Bened.
