4012 6370
278 352 422 416 1229

1520 314 2052 409 AMBIGUORUM
2089 344 2345 406 LIBER.

3407 342 3543 414 1200

278 461 743 534 ὑποστήσασθαι,
798 459 1023 530 θελῆσαι
1073 459 1169 513 καὶ
1214 460 1405 513 ἑαυτὸν
1447 458 1726 525 ἀναλόγως
1758 459 1868 519 τοῖς

1991 456 2308 511 ὠιιιιᾱιιηιίιι
2342 469 2403 509 ea
2444 468 2565 524 qua:
2611 454 2881 509 exsistant
2939 470 3007 510 ex
3056 462 3169 510 non
3206 457 3547 521 'exsistentia

274 556 427 619 ὅλοις
477 554 579 625 καὶ,
620 540 698 623 τῷ
744 551 868 605 καθ’
901 551 1134 604 ἕκαστον
1183 551 1471 621 ἁχράντως
1523 549 1866 621 μεταδοῦναι,

280 646 383 717 τὴν
416 646 552 715 πρὸς
580 644 641 697 τὸ
666 641 804 696 εἶναι
837 643 931 696 καί
959 642 1234 712 διαμένειν
1261 642 1479 711 ἑκάστῳ
1507 640 1870 711 χαριζόμενον

178 781 190 791 .
281 738 542 806 δύναμιν,
575 735 716 789 κατὰ
742 735 833 787 τὸν
860 732 1015 801 ἆγιον
1045 733 1141 787 καὶ
1166 733 1467 788 θεοείκελον
1499 731 1681 803 (215
1700 732 1754 802 a)
1784 731 1872 799 μὲ-

280 843 392 896 γαν
439 824 716 878 Διονύσιον
762 822 854 875 τὸν
888 821 1287 892 Ἀρεοπαγίτην
1335 822 1653 891 φάσκοντα,
1710 819 1772 872 τὸ
1813 818 1872 872 ἓν

283 914 553 986 ὑμνητέον
588 912 679 965 ἐπὶ
700 912 858 979 Θεοῦ,
890 914 967 983 τῷ
999 913 1218 967 πάντων
1246 910 1684 982 ύπεξαιρεῑσθαι,
1712 911 1790 972 είς
1812 911 1872 964 τὸ

280 1005 428 1061 εἶναι
477 1005 776 1076 ἀγαθότητι
829 1005 1223 1074 παραγαγόντα
1272 1006 1370 1074 τήν
1414 1022 1472 1057 τε
1516 1003 1626 1055 τῶν
1664 1001 1874 1066 νοητῶν

281 1103 472 1154 πᾶσαν
502 1098 861 1170 διακόσμησιν
901 1098 994 1151 καὶ
1023 1098 1122 1166 τὴν
1148 1096 1253 1151 τῶν
1278 1095 1490 1167 ὁρατῶν
1517 1095 1870 1166 εὐπρέπειαν,

281 1192 574 1260 ἀναλόγως
623 1190 840 1259 ἑκάστῳ
890 1190 998 1241 τῶν
1046 1189 1361 1258 κτισμάτων
1397 1189 1539 1240 κατά
1564 1203 1687 1240 τινα
1717 1186 1874 1254 λόγον

279 1284 604 1357 ἀπόρρητον
636 1282 829 1351 σοφίας
858 1279 1150 1350 άμειώτως
1175 1280 1528 1350 ἐνυπάρχειν,
1562 1278 1657 1332 καὶ
1683 1278 1874 1349 μηδενὶ

278 1371 437 1440 λόγῳ
465 1371 499 1441 ἢ
530 1370 717 1441 τρόπῳ
744 1368 806 1423 τὸ
832 1367 1051 1422 σύνολον
1079 1368 1241 1423 πάλιν
1264 1368 1612 1438 κατέχεσθαι,
1639 1371 1750 1431 τοῖς
1776 1367 1876 1439 μὲν

283 1462 436 1519 κατὰ
483 1462 749 1531 περιττὴν
794 1461 1142 1529 άγαθὸδωρον
1175 1460 1373 1532 χύσιν,
1429 1462 1542 1523 τοῖς
1573 1460 1631 1513 δὲ
1674 1460 1874 1530 μέσως,

283 1559 409 1618 τοῖς
453 1556 511 1608 δὲ
564 1554 626 1609 τὸ
681 1554 825 1609 κατά
878 1572 931 1608 τι
982 1553 1113 1622 γοῦν
1168 1551 1522 1621 ὲξεικονίζειν
1573 1553 1737 1607 αὑτὸν
1783 1553 1877 1606 δύ-

285 1647 491 1701 νασθαι
513 1646 649 1716 (25).
688 1646 800 1702 Καὶ
826 1645 987 1699 τοῦτο
1017 1644 1084 1699 ἂν
1112 1646 1200 1717 ετη
1226 1646 1411 1717 τυχὸν,
1446 1645 1591 1700 κατὰ
1613 1645 1713 1717 τὴν
1736 1646 1877 1716 ἐμὴν

276 1734 627 1807 ἀφροσύνην,
656 1734 718 1788 τὸ
743 1734 960 1807 χεῖσθαι
988 1734 1051 1787 τὸ
1079 1734 1285 1809 ἀγαθὸν
1314 1733 1411 1787 καὶ
1436 1733 1668 1799 ὁδεύειν,
1699 1734 1761 1787 τὸ
1784 1733 1877 1785 τὸν

1970 550 2216 619 proferat
2243 557 2408 617 atque
2438 547 2745 602 subsistere
2781 547 2964 613 faciat,
2999 549 3243 604 voluisse
3302 552 3545 621 seipsum

1972 656 2192 713 quoque
2216 640 2492 696 universis
2520 640 2917 695 convenienter
2936 647 2994 692 et
3015 641 3249 711 singulis
3272 642 3548 699 illibatum

1972 733 2407 797 communicare,
2447 731 2788 786 exsistcntire
2842 731 3144 801 unicuique
3184 740 3240 787 et
3283 737 3547 802 perenni.

1975 825 2107 881 tatis
2142 823 2465 878 facultatem
2497 821 2805 890 largiendo.
2835 820 2993 886 Quod
3016 830 3242 875 sanctus
3267 831 3433 892 atque
3465 823 3552 877 di.

1972 916 2138 971 vinus
2168 915 2262 971 ille
2302 927 2531 983 magnus
2564 911 2859 984 Dionysius
2883 911 3213 981 Areopagita
3237 912 3549 982 signiﬁcare

1972 1007 2219 1070 videtur,
2269 1005 2463 1060 dicens
2512 1004 2784 1059 unitatem
2819 1017 2941 1057 esse
2983 1002 3039 1057 in
3090 1004 3204 1058 Deo
3248 1004 3554 1073 praedicari.

1975 1099 2123 1161 dam,
2165 1097 2296 1151 inde
2330 1095 2477 1166 quod
2522 1094 2589 1148 de
2622 1093 2899 1148 universis
2940 1094 3272 1162 excipiatur,
3324 1094 3420 1162 qui
3455 1093 3553 1147 bo~

1974 1188 2149 1242 nitate
2173 1201 2271 1241 sua
2303 1188 2358 1239 in
2378 1183 2756 1239 exsistentiam
2776 1182 3097 1252 produxerit
3119 1198 3340 1237 omnem
3366 1198 3551 1245 rerum

1973 1294 2099 1348 qum
2140 1278 2530 1348 intelliguntur
2553 1275 2831 1339 ordinem,
2870 1289 3104 1343 quaeque
3152 1274 3417 1329 videntur
3453 1290 3553 1330 ve.

1974 1376 2275 1434 nustatem,
2303 1347 2374 1421 ut.
2414 1364 2717 1434 unicuique
2761 1374 3029 1419 creaturae
3067 1366 3375 1420 secundum
3410 1365 3553 1420 inet".

1975 1457 2198 1512 labilem
2225 1454 2519 1526 quamdam
2547 1452 2833 1523 sapientiae
2863 1453 3131 1508 rationem
3166 1455 3553 1512 indeminutus

1978 1548 2129 1613 insit,
2165 1557 2222 1602 et
2256 1556 2438 1601 tamen
2484 1545 2641 1603 nulla
2698 1545 2928 1599 omnino
2987 1545 3203 1600 ratione
3248 1556 3346 1602 aut
3391 1547 3557 1602 modo

1978 1654 2172 1694 rursus
2190 1635 2723 1707 comprehendatur,
2748 1644 2923 1705 atque
2947 1635 3035 1691 his
3060 1635 3283 1705 quidem
3310 1636 3378 1691 de
3406 1637 3557 1706 larga

1978 1729 2248 1786 bonorum
2282 1738 2510 1781 suorum
2540 1734 2601 1780 et
2627 1723 2804 1778 eﬂ'usa
2836 1723 3193 1789 abundantia,
3218 1726 3411 1781 alteris
3444 1740 3562 1780 me.

282 1827 388 1880 ενα
435 1826 567 1880 Θεὸν
618 1825 896 1895 ἀναλόγως
943 1824 1080 1896 πρὸς
1121 1824 1189 1878 τὰ
1222 1823 1447 1881 δεκτικὰ
1496 1828 1564 1897 τῇ
1591 1825 1881 1897 μεταδόσει

1991 1820 2272 1883 diocriter,
2310 1817 2432 1872 aliis
2480 1817 2534 1873 in
2590 1823 2810 1871 tantum
2855 1822 2917 1869 ut
2958 1815 3367 1886 aliquantulum
3407 1829 3560 1878 certe

280 1918 400 1971 τῶν
429 1916 655 1986 ἀγαθῶν
688 1915 1076 1985 πληθύνεσθαι.
1112 1934 1131 1967 ι

1985 1910 2164 1980 ipsius
2204 1908 2499 1978 imaginem
2540 1906 2753 1973 referre
2788 1905 3026 1976 possint.
3077 1906 3256 1978 Atque
3299 1909 3407 1965 hoc
3440 1909 3561 1964 for.

278 2018 438 2065 {asse
481 2017 588 2073 est,
626 2016 687 2062 ut
731 1994 869 2062 meae.
907 2005 1132 2060 videtur
1197 2006 1545 2079 ignorantiae,
1590 2004 1723 2061 illud
1757 2002 1904 2075 quod
1940 2002 2153 2077 bonum
2217 1997 2529 2053 effunditur
2561 2005 2618 2051 et
2655 1997 3034 2068 progreditur,
3066 1998 3212 2068 quod
3259 2000 3426 2066 Deus,
3461 2000 3559 2071 qui

278 2117 439 2158 unus
476 2109 583 2165 est,
618 2108 787 2172 prout
838 2099 965 2170 quis
1010 2115 1181 2171 capax
1222 2109 1326 2167 est,
1370 2100 1648 2157 bonorum
1692 2094 2096 2168 multiplicatur
2150 2089 2679 2152 communicatione,

1897 2214 1970 2230 η

297 2279 402 2333 Ἐκ
434 2278 539 2332 τοῦ
564 2276 751 2331 αὑτοῦ
774 2278 985 2347 λόγου,
1016 2280 1104 2343 εις
1128 2275 1214 2344 τὸ,
1247 2294 1268 2328 ι
1293 2277 1587 2346 Δευτέραν
1614 2277 1884 2331 κοινωνεῖ

363 2370 688 2423 κοινωνίαν
713 2408 729 2435 ,
786 2367 946 2422 πολὺ
992 2366 1104 2438 τῆς
1146 2368 1440 2437 προτέρας
1483 2367 1882 2436 παραδοξοτέ-

359 2462 639 2536 ραν(ἓ6λ
692 2482 709 2513 ι

368 2555 485 2609 υὺκ
514 2549 597 2625 ἦν
625 2549 962 2623 θαυμαστὸν,
997 2546 1074 2615 ῶς
1098 2544 1253 2621 οἶμαι
1274 2592 1288 2617 ,
1333 2545 1623 2613 τοσοῦτον,
1677 2548 1883 2618 καίπερ

283 2647 354 2704 ὃν
380 2643 723 2717 τηλικοῦτον,
759 2643 819 2696 τὸ
850 2640 991 2695 κατὰ
1018 2640 1119 2713 τὴν
1145 2638 1372 2713 πρώτην
1404 2640 1602 2694 πλάσιν
1633 2634 1883 2710 καθαρὰν

283 2735 462 2796 οὖσαν
496 2738 595 2808 τὴν
624 2734 788 2806 φύσιν
816 2734 924 2788 τῶν
953 2733 1288 2805 ἀνθρώπων,
1347 2732 1443 2787 ἆτε
1475 2732 1538 2804 δὴ
1575 2737 1719 2803 χειρὶ
1748 2730 1883 2784 Θεοῦ

293 2828 656 2902 τιμηθετσαν,
710 2826 845 2896 πρὸς
877 2825 1163 2879 κοινωνίαν
1193 2824 1389 2879 ἑαυτοῦ
1416 2824 1502 2878 διὰ
1527 2824 1624 2894 τῆς
1647 2822 1887 2896 ἐμπνεύ-

295 2938 435 2985 σεως
468 2920 697 2988 ἀγαγεῖν
726 2917 822 2971 τὸν
850 2916 981 2969 Θεὸν
1007 2956 1022 2981 ,
1074 2915 1151 2986 τῷ
1184 2916 1355 2987 ὁμοίῳ
1396 2915 1748 2987 μεταδιδόντα
1779 2915 1879 2985 τῆς

290 3011 416 3066 κατ’
439 3010 623 3063 εἰκόνα
674 3007 824 3070 θείας
863 3006 1226 3077 ὡραιότητος,
1275 3006 1398 3058 ὅσον
1438 3005 1499 3059 τὸ
1534 3005 1882 3076 ρυπωθεῖσαν

291 3101 501 3169 ταύτην
562 3098 655 3152 καὶ
702 3096 836 3150 Θεοῦ
869 3095 1344 3168 δραπετεύσασαν,
1379 3094 1444 3148 δι’
1470 3088 1544 3149 ὧν
1576 3092 1883 3164 ἀνεμάξατο

1990 2274 2072 2331 Ea:
2098 2272 2275 2327 eodem
2310 2286 2574 2334 sermone,
2625 2270 2680 2323 in
2705 2267 2840 2322 illud
2873 2285 2890 2323 :
2939 2287 2957 2321 ι
2981 2268 3220 2325 Alteram
3272 2270 3569 2330 communi}

2054 2367 2322 2421 cntionem
2357 2363 2729 2428 communicat,
2771 2363 2947 2434 priore
2994 2360 3567 2424 multondmirabilio.

2057 2453 2227 2512 rem?)
2726 2488 2732 2492 -
2872 2442 2875 2443 ⁷

2055 2549 2178 2604 Non
2208 2547 2284 2603 ita
2324 2543 2713 2601 admirandum
2739 2551 2880 2608 erat,
2920 2533 2981 2597 ut
3018 2530 3175 2613 puto,
3204 2542 3568 2614 quantumvis

1987 2656 2246 2712 magnum
2300 2639 2392 2705 sit,
2453 2638 2601 2709 quod
2638 2639 2785 2693 Deus
2842 2637 3141 2692 humanam
3188 2643 3445 2693 naturam
3498 2635 3569 2693 de

1986 2732 2160 2801 prima
2228 2732 2512 2787 creatione
2576 2745 2791 2801 puram,
2837 2729 3044 2803 quippe
3068 2744 3190 2798 qua:
3253 2727 3351 2782 Dei
3402 2742 3569 2791 manu

1985 2826 2255 2880 honorata
2281 2832 2420 2885 erat,
2454 2823 2521 2876 ad
2551 2822 2634 2877 sui
2683 2821 3131 2878 communionem
3187 2819 3346 2873 duxit
3378 2812 3570 2876 inﬂato

1988 2916 2222 2987 Spiritu,
2255 2930 2444 2986 parem
2470 2914 2654 2969 divina
2690 2913 2946 2984 imaginis
2997 2911 3417 2983 pulchritudine
3469 2911 3573 2964 imv

1984 3009 2249 3081 pertiens,
2283 3021 2449 3077 quam
2479 3005 2626 3076 quod
2658 3005 2933 3059 maculata
2958 3003 3061 3057 hac
3102 3003 3311 3083 Deique
3343 3002 3571 3074 fugitiva

1983 3099 2126 3153 facta
2172 3099 2491 3169 passionum
2568 3097 3036 3166 conspurcatione
3110 3103 3307 3149 natura
3360 3096 3571 3153 versari

290 3193 489 3249 παθῶν
509 3232 526 3256 ,
569 3190 743 3261 ταύτῃ
778 3187 1176 3260 προσομιλῆσαι
1204 3186 1623 3252 καταδέξασθαι,
1643 3186 1757 3240 ’καὶ⁵
1787 3184 1882 3238 τοῦ

1991 3190 2240 3255 indulsit,
2264 3189 2590 3260 ,pcjorisque
2615 3188 3064 3243 communionem
3100 3203 3209 3242 non
3271 3188 3568 3257 aversavit,

290 3285 542 3357 χείρονος
575 3282 868 3353 μετασχεῖν
891 3321 905 3345 ,
965 3280 1058 3333 καὶ
1087 3277 1165 3349 τῷ
1191 3279 1369 3349 πάντη
1402 3279 1512 3331 τῶν
1540 3277 1881 3350 πραγμάτων

292 3377 518 3446 ἀμίκτῳ
541 3379 608 3445 τῇ
635 3370 927 3445 παραδόξῳ
952 3370 1144 3424 ἑνώσει
1164 3372 1577 3441 προσεπιτεῖναι
1597 3369 1659 3423 τὸ
1675 3367 1775 3422 θαῦ
1784 3387 1878 3438 μα.

292 3469 573 3540 Πρότερον
602 3467 699 3536 μὲν
725 3465 835 3533 γάρ
864 3464 986 3516 κατ’
1009 3462 1198 3516 οὐδένα
1224 3461 1427 3532 τρόπον
1454 3461 1488 3532 ἦ
1515 3460 1672 3530 λόγον
1695 3460 1881 3522 οὐσίας

293 3560 330 3632 ἢ
362 3557 733 3619 ὑποστάσεως,
778 3553 887 3607 τῶν
920 3555 978 3606 ὲν
1004 3548 1087 3616 οἷς
1117 3550 1185 3606 τὰ
1212 3551 1341 3605 ὄντα
1370 3553 1549 3608 πάντα
1577 3550 1884 3614 καθολικῶς

290 3650 629 3720 θεωρεῖται,
687 3643 749 3699 τὸ
786 3644 844 3699 ἓν
896 3642 1032 3715 πρὸς
1072 3643 1164 3696 τὸν
1202 3643 1335 3697 Θεὸν
1382 3644 1416 3714 ἡ
1451 3640 1615 3713 φύσις
1648 3640 1880 3712 εἰλήφει,

292 3740 397 3795 νῦν
448 3737 506 3791 δὲ
558 3736 620 3790 τὸ
670 3734 792 3789 καθ’
833 3733 1133 3788 ὑπόστασιν
1185 3733 1244 3787 ἓν
1292 3733 1430 3804 πρὸς
1461 3733 1623 3789 αὑτὸν
1663 3731 1752 3785 διὰ
1783 3733 1883 3801 τῆς

294 3829 584 3899 ἀφράστου
616 3825 863 3886 ὲνὼσεως
892 3823 1051 3877 ἔλαϐε
1073 3864 1088 3890 ,
1145 3822 1235 3877 τὸν
1266 3824 1465 3878 οἰκεῖον
1494 3822 1694 3894 δηλαδὴ
1743 3821 1883 3875 κατὰ

289 3923 402 3994 τὴν
438 3918 627 3973 οὐσίαν
663 3914 1042 3977 ἁναλλοιώτως
1075 3902 1213 3986 πρὸς
1243 3913 1343 3986 τὴν
1374 3914 1524 3968 θείαν
1552 3913 1741 3967 οὐσίαν
1762 3912 1882 3969 διά-

298 4030 470 4083 φορον
520 4009 959 4079 διαφυλάττουσα
1005 4005 1160 4074 λόγον
1184 4048 1198 4073 ,
1255 4006 1392 4076 πρὸς
1422 4007 1490 4077 ἢν
1523 4005 1634 4076 ἔχει
1668 4005 1754 4059 διὰ
1785 4006 1881 4075 τῆς

295 4104 550 4166 ὲνώσεως
601 4102 662 4154 τὸ
708 4099 830 4154 καθ’
873 4098 1172 4153 ὑπόστασιν
1223 4097 1281 4151 ἓν
1327 4099 1420 4152 καὶ
1449 4098 1743 4169 διάφορον,
1795 4098 1882 4151 ἵνα

295 4195 387 4271 τῷ
417 4197 513 4266 μὲν
546 4193 639 4247 τοῦ
673 4188 813 4247 εἶναι
843 4190 1009 4259 λόγῳ,
1052 4189 1175 4243 καθ’
1199 4191 1259 4243 ὃν
1292 4190 1583 4261 γεγένηται
1617 4190 1711 4243 καὶ
1741 4188 1878 4254 ἔστι,

297 4289 547 4357 διαμένοι
574 4285 633 4338 τὸ
660 4282 863 4353 ἑαυτῆς
885 4282 944 4336 ὃν
968 4282 1172 4352 κυρίως
1196 4281 1391 4352 ἔχουσα
1412 4283 1552 4336 κατᾶ
1571 4281 1748 4337 πάντα
1767 4272 1883 4351 τρό-

299 4382 407 4441 ¹[τὸν
436 4377 709 4448 άμείωτον
733 4414 747 4437 ,
801 4373 879 4444 τῷ
907 4373 965 4427 δὲ
995 4373 1090 4426 τοῦ
1126 4390 1242 4436 πως
1272 4362 1465 4446 (
1486 4374 1544 4443 b)
1574 4368 1713 4426 εἷναι
1737 4372 1881 4443 λόγῳ

298 4466 370 4524 τὸ
400 4466 697 4538 ὑφεστάναι
729 4464 923 4528 Θεϊκῶς
950 4452 1191 4517 λαϐοῦσα
1219 4469 1317 4533 τῆς
1348 4465 1475 4535 περί
1502 4482 1552 4518 τι
1581 4465 1706 4520 ἄλλο
1728 4467 1881 4535 κινή..

304 4558 449 4643 σεως
497 4560 596 4629 τὴν
647 4558 819 4629 ῥοπὴν
874 4555 1156 4620 παντελῶς
1213 4557 1348 4628 μήτε
1397 4559 1678 4629 γινώσκῃ,
1747 4558 1885 4627 μήτε
1916 4550 1961 4608 1)

302 4651 625 4724 προσίηται.
670 4649 855 4727 Ταύτῃ
884 4647 1015 4716 γοῦν
1046 4648 1181 4701 πολὺ
1213 4648 1314 4718 τῆς
1345 4649 1617 4719 προτέρας
1643 4650 1883 4720 παραδο-

300 4730 538 4814 ,ξοτέρσν
581 4742 679 4813 τὴν
714 4741 849 4810 πρὸς
879 4739 977 4810 τὴν
1008 4739 1170 4809 φύσιν
1204 4740 1312 4793 τῶν
1344 4741 1646 4811 ἀνθρώπων
1677 4743 1704 4795 ό
1728 4742 1885 4807 λόγος

304 4824 607 4903 ἐποιήσατο
662 4831 986 4897 κοινωνίαν,
1046 4830 1215 4900 αὐτὴν
1265 4830 1364 4901 τὴν
1410 4831 1572 4900 φύσιν
1615 4830 1889 4894 οὐσιωδῶς

307 4918 488 4996 ἑαυτῷ
524 4918 645 4977 καθ’
669 4923 970 4976 ὑπόστασιν
999 4919 1209 4984 ἐνώσας

1989 3283 2122 3339 etin
2176 3296 2303 3336 eum
2345 3296 2521 3350 usque
2569 3279 2664 3350 qui
2719 3279 3072 3350 negotiorum
3124 3278 3330 3349 ubique
3376 3279 3573 3349 dispar

1988 3382 2151 3444 atque
2178 3373 2396 3428 alienus
2424 3380 2510 3426 est
2553 3372 2868 3427 admirabili
2925 3372 3176 3434 unitione
3213 3372 3449 3425 intendit
3471 3372 3573 3425 mi.

1990 3465 2261 3520 raculum.
2300 3464 2463 3519 Prius
2514 3463 2662 3519 enim
2699 3464 2857 3518 nullo
2894 3464 3058 3520 modo
3085 3473 3181 3518 aut
3226 3465 3437 3519 ratione
3485 3479 3572 3518 es.

1989 3557 2182 3611 sentiae
2216 3555 2629 3619 substantiarve,
2666 3554 2720 3609 in
2752 3555 2955 3625 quibus
2989 3557 3250 3610 universa
3286 3572 3406 3626 qum
3441 3567 3571 3619 sunt

1989 3644 2318 3717 generaliter
2343 3643 2789 3716 conspiciuntur,
2851 3642 3116 3698 unitatem
3152 3659 3276 3697 cum
3318 3645 3430 3705 Deo
3467 3659 3569 3698 na.

1990 3746 2114 3792 tura
2162 3737 2332 3807 cepit,
2354 3751 2503 3790 nunc
2533 3749 2669 3790 vero
2693 3734 3018 3791 substantia:
3047 3749 3170 3789 eum
3198 3749 3266 3801 eo
3295 3732 3567 3796 unitatem

1989 3827 2256 3887 inetlabili
2290 3810 2541 3880 unitione
2580 3833 2738 3881 nacta
2766 3834 2872 3891 est,
2897 3825 2972 3878 ita
2997 3811 3056 3877 ut
3095 3824 3377 3894 propriam
3413 3823 3570 3880 vide-

1986 3920 2118 3975 licet
2143 3917 2513 3974 essentialiter
2539 3916 2882 3971 immutatam
2905 3924 2960 3970 et
3004 3930 3035 3975 a
3086 3914 3269 3970 divina
3323 3916 3568 3979 essentia

1989 4012 2266 4067 diversam
2309 4008 2618 4065 custodiret
2679 4007 2985 4074 rationem,
3039 4023 3163 4064 cum
3219 4024 3326 4078 qua
3376 4008 3565 4069 divina

1988 4104 2228 4161 essentia
2255 4102 2406 4175 unita
2437 4103 2606 4158 habet
2633 4112 2690 4157 et
2730 4104 3003 4161 unitatem
3051 4111 3107 4157 et
3161 4101 3560 4168 diversitatem,

1990 4190 2697 4260 ut'exsistentiae'rationc,
2762 4209 2869 4263 qua
2912 4192 3053 4249 facta
3104 4203 3189 4249 est
3241 4202 3297 4248 et
3324 4195 3559 4260 exsistit,

1988 4286 2135 4358 quod
2169 4286 2449 4357 peculiare
2509 4276 2613 4344 sibi
2660 4286 2830 4341 habet
2865 4293 3153 4356 perservet
3197 4286 3362 4346 nulla
3400 4279 3564 4355 parte

1990 4374 2356 4445 deminutum,
2397 4395 2501 4434 nec
2549 4380 2835 4449 qualitatis
2880 4380 3092 4433 ratione
3122 4368 3383 4433 “divinam
3419 4380 3565 4434 exsi-

1993 4463 2248 4526 stentiam
2286 4479 2442 4525 nacta
2469 4471 2729 4525 motionis
2763 4471 2905 4525 circa
2948 4470 3095 4527 aliud
3153 4469 3288 4539 quid
3321 4469 3566 4524 libratio-

1990 4579 2115 4634 nem
2147 4560 2349 4618 sentiat
2381 4553 2495 4618 ullo
2524 4562 2689 4617 modo
2733 4570 2829 4616 aut
2865 4552 3141 4616 admittat.
3194 4560 3309 4617 Hoc
3339 4561 3565 4631 quidem

1992 4640 2153 4707 modo
2194 4667 2375 4706 sermo
2402 4651 2847 4706 communionem
2893 4653 3075 4722 priore
3108 4652 3281 4706 multo
3329 4651 3570 4707 admira-

1995 4742 2249 4800 biliorem
2284 4761 2407 4800 cum
2440 4742 2726 4799 hominum
2757 4753 2949 4800 natura
2987 4746 3190 4809 elTecit,
3224 4760 3348 4799 cum
3395 4746 3570 4815 ipsam

1993 4844 2249 4891 naturam
2300 4837 2670 4895 essentialiter
2698 4838 2803 4895 sibi
2860 4831 3164 4894 secundum
3201 4838 3569 4893 substantiam

1997 4928 2299 4998 copularet.

321 5110 428 5166 Ἐκ
471 5108 578 5163 τοῦ
616 5107 804 5163 αὐτοῦ
828 5147 843 5170 ,
887 5110 975 5175 εἰς
997 5108 1066 5161 τὸ
1087 5148 1102 5173 ,
1164 5127 1181 5158 ι
1201 5107 1352 5162 Νυνὶ
1378 5105 1444 5160 δέ
1475 5125 1575 5176 μοι
1595 5104 1762 5171 δέξαι
1792 5109 1882 5175 τὴν

2006 5110 2088 5164 Ea:
2133 5107 2332 5171 eodem,
2356 5109 2413 5160 in
2446 5106 2623 5161 illud:
2655 5107 2835 5160 «Nunc
2862 5113 3041 5160 autem
3071 5115 3375 5178 conceptum
3401 5109 3578 5179 arripe

385 5201 633 5268 κύησιν,
655 5200 751 5253 καί
782 5202 1251 5269 προσκίρτησον,
1280 5199 1378 5254 καὶ
1404 5202 1454 5254 ει
1478 5198 1563 5268 μὴ
1596 5200 1674 5266 ὡς
1707 5201 1903 5255 Ἰωάν-

382 5301 498 5358 νης
547 5291 667 5346 ἀπὸ
709 5291 1008 5361 γαστρός,
1064 5294 1203 5347 ἀλλ’
1227 5293 1305 5357 ὡς
1346 5291 1527 5346 Διιϐὶδ
1567 5292 1665 5345 ἐπὶ
1697 5290 1771 5360 τῇ
1798 5308 1902 5347 κα-

335 5382 354 5397 '
383 5382 683 5435 ταπαύσει
712 5381 822 5450 τῆς
844 5381 1096 5436 κιϐωτοῦ
1121 5381 1291 5453 (27).»

402 5473 654 5544 Ἰωάννης
705 5474 733 5525 ό
784 5472 961 5544 μέγας
1014 5476 1075 5527 οὐ
1126 5474 1288 5544 μόνον
1332 5473 1625 5544 μετανοίας
1672 5473 1767 5526 καὶ
1799 5473 1899 5544 τῆς

389 5630 503 5755 (215)
534 5629 619 5686 Cf.
644 5630 868 5703 Dionys.
886 5632 1155 5757 Areopag.
1180 5632 1257 5687 De
1270 5634 1431 5687 divin.
1457 5649 1660 5686 nomm.
1680 5648 1803 5713 cap:
1829 5632 1885 5713 ξ,

315 5706 344 5757 1"
460 5743 474 5757 .
507 5716 630 5757 Dan.
677 5702 796 5755 522.
844 5711 976 5757 tozn.
1069 5742 1082 5757 .
1115 5701 1255 5757 Ooo.
1304 5705 1393 5757 ed.
1426 5702 1885 5757 Venetuetaltbl.

317 5706 346 5775 ἓ
393 5701 474 5762 Η,
507 5716 630 5771 pag.
677 5701 802 5755 δεῖ
844 5711 976 5757 tozn.
1035 5701 1082 5762 Ι,
1112 5701 1255 5826 Οιίρ.
1304 5705 1393 5757 ed.
1426 5701 1886 5767 Venet.,etalibi.

388 5772 504 5842 (26)
551 5769 712 5841 Greg.
760 5771 892 5825 Naz.
932 5771 1023 5825 0r.
1069 5773 1123 5825 in
1208 5774 1469 5844 Izecpkan.
1513 5789 1635 5844 cap.
1673 5772 1760 5830 15.

640 5865 908 5959 Prmon.
958 5866 1071 5927 Gn.
1132 5866 1261 5930 XCI
1274 5913 1289 5927 .

2071 5217 2133 5254 ac
2156 5198 2428 5269 prazsulta,
2467 5200 2584 5252 etsi
2610 5214 2715 5253 non
2765 5206 2822 5250 ut
2854 5197 3083 5252 Joannes
3127 5212 3189 5250 ex
3229 5206 3398 5262 utero,
3442 5209 3580 5252 certe

2070 5300 2127 5344 ut
2146 5289 2318 5345 David
2342 5290 2402 5343 ob
2431 5307 2570 5344 πιέσω
2592 5292 2979 5361 repositionem.
3006 5307 3024 5339 ι

2070 5471 2313 5526 Joannes
2345 5486 2577 5541 magnus
2601 5484 2719 5550 ~non
2769 5469 2945 5524 solum
2983 5462 3324 5547 poenitentiae
3352 5480 3408 5526 et
3456 5486 3582 5545 pra.

1996 5647 2051 5706 p.
2085 5630 2369 5706 §'7_2,_t_om.
2404 5629 2613 5706 i.._(‘)pp.
2646 5629 3021 5706 ed_._Bcned._‘
3250 5700 3270 5706 _
3329 5699 3356 5706 Α
3542 5638 3551 5706 ς

2002 5699 2187 5825 ἑθεῗέἐ
2217 5700 2361 5755 Idem
2396 5699 2522 5753 ibid.
2552 5714 2671 5769 cap.
2701 5700 2787 5765 l7,
2826 5714 2879 5769 p.
2924 5700 3048 5766 674,
3080 5707 3214 5754 tom.
3250 5700 3291 5755 Ι.
3320 5699 3458 5771 Opp.
3489 5700 3557 5768 ed

3195 5861 3264 5937 ῖιί
