4012 6368
489 251 632 316 1291

1636 239 1695 300 s.
1738 235 2029 298 MAXIMI
2062 235 2580 308 CONFESSORIS
2626 229 2635 239 '

3605 256 3722 332 19.9!

481 357 1012 435 cticaaphiiosophiac
1037 354 1502 428 impassibilitatis
1548 360 1603 408 et
1638 341 1902 425 gnosticre
1934 367 2062 406 con-

2172 356 2314 409 κατά
2349 357 2448 428 τὴν
2482 361 2796 434 πρακτικὴν
2835 362 3159 433 φιλοσοφίαν
3191 363 3456 432 ἀπαθείας
3489 371 3574 423 καὶ
3597 389 3721 441 γνω-

486 450 866 523 templationis
901 449 1080 520 imago
1102 455 1210 514 est,
1243 447 1412 516 hujus
1444 453 1504 500 ut
1532 459 1711 515 praeco
1732 452 1787 498 et
1808 443 2067 513 baptista,

483 550 715 605 alterius
749 555 810 602 ut
835 543 1070 600 eremita
1099 551 1155 597 et
1183 557 1214 596 a
1249 539 1460 596 mundo
1483 537 1706 609 penitus
1729 546 2067 607 segregatus,

485 640 634 694 illius
663 652 799 693 vero
858 643 922 690 ut
958 633 1148 688 Levita
1180 641 1237 686 et
1288 629 1550 685 sacerdos
1593 635 1650 684 et
1682 627 1855 682 divini
1912 627 2068 682 verbi

484 748 818 804 praeeursor,
846 729 945 786 sed
977 729 1145 784 etiam
1172 728 1294 797 ejus
1319 740 1440 795 quae
1465 723 1520 778 in
1560 723 1650 777 his
1693 721 2069 792 deprehendi-

485 836 576 881 tur
605 823 903 880 babitualis
926 820 1248 876 constantia:
1285 815 1714 873 ac\stabilitatis
1757 813 2068 888 symbolum

485 929 679 990 utpote
711 917 806 988 qui
834 931 902 970 ex
931 925 1094 970 utero
1135 913 1221 966 vel
1257 923 1431 980 usque
1461 909 1531 963 ad
1585 919 1824 964 mortem
1868 907 2069 962 animae

484 1012 540 1066 in
568 1011 655 1065 bis
683 1020 934 1064 tenorem
971 1005 1263 1060 infractum
1284 1002 1652 1058 conservavit.
1677 1000 1852 1056 David
1879 1009 2066 1055 autem

485 1103 888 1166 confessionis,
949 1099 1184 1156 actionis
1237 1104 1403 1165 atque
1458 1093 1946 1164 contemplationis
2010 1101 2067 1148 et

485 1200 602 1270 ipse
628 1197 806 1266 imago
837 1201 942 1258 est,
968 1200 1026 1246 ut
1053 1189 1296 1246 Judaica:
1322 1187 1502 1244 tribus
1529 1197 1584 1242 et
1613 1193 1802 1256 pastor
1824 1184 2077 1256 primum

483 1301 540 1346 et
565 1296 754 1360 postea
780 1302 895 1347 rex,
921 1293 978 1339 et
1029 1281 1447 1352 Allophylorum
1502 1279 1808 1343 confector,
1863 1285 1919 1332 at
1952 1293 2062 1332 non

483 1383 619 1439 item
646 1379 945 1437 habitualis
970 1378 1188 1433 illarum
1241 1373 1556 1429 stabilitatis
1595 1371 1928 1443 symbolum.
1954 1369 2065 1424 Εκ-

484 1474 623 1534 cidit
663 1472 813 1529 enim
865 1479 992 1541 post
1043 1467 1380 1538 agnitionem
1410 1505 1424 1532 ,
1491 1465 1793 1518 humanum
1852 1460 2064 1531 aliquid

483 1580 702 1639 passus,
735 1570 790 1618 et
817 1560 1043 1614 virtutis
1067 1565 1232 1627 atque
1263 1554 1594 1625 cognitionis
1649 1552 1903 1606 habitum
1952 1566 2064 1605 non

483 1655 727 1710 servavit
760 1655 1132 1707 immutatum.
1164 1648 1533 1716 Quamobrem
1576 1645 1812 1704 fortasse
1861 1661 1967 1700 nec
1994 1643 2062 1698 de

480 1748 649 1806 Verbi
682 1754 862 1810 utero,
899 1743 1179 1814 quomodo
1203 1757 1432 1812 magnus
1461 1741 1722 1805 Joannes,
1762 1737 2068 1793 exsultasse

480 1847 764 1904 narratur,
793 1837 889 1893 sed
922 1843 1046 1908 post
1071 1835 1371 1906 perfectam
1416 1832 1835 1903 Allaphylorum
1894 1829 2070 1885 inter-

390 1943 393 1946 '
479 1933 1050 2000 necionem'arczeque
1081 1929 1512 1992 restitutionem,
1561 1926 1668 1981 hoc
1700 1936 1786 1980 cst
1821 1932 1946 1995 post
1979 1937 2066 1978 rc-

479 2038 700 2096 pressas
724 2020 1011 2092 passiones
1037 2032 1428 2087 reversamque
1451 2031 1646 2070 rursus
1668 2015 2062 2085 cognitionem.

480 2117 666 2186 Imago
693 2115 859 2185 igitur
883 2111 1112 2169 Joannis
1139 2110 1363 2180 quidem
1394 2117 1480 2164 est
1503 2109 1752 2162 omnium
1781 2107 1985 2162 virtute
2011 2115 2068 2162 et

479 2208 795 2279 cognitione
830 2221 929 2276 per
957 2203 1342 2274 paenitentiam
1364 2202 1419 2256 in
1443 2202 1643 2272 spiritu
1675 2208 2066 2267 generatorum

479 2301 848 2368 habitumque
876 2297 932 2351 in
960 2296 1049 2350 his
1070 2295 1419 2350 immutatum
1455 2292 1522 2346 ad
1567 2291 1730 2346 ﬁnem
1757 2306 1932 2359 usque
1967 2305 2066 2358 per

479 2406 841 2466 progressum
891 2386 1356 2459 perscrvantium.
1391 2383 1563 2438 David
1621 2399 1760 2437 vero
1814 2382 2062 2437 omnium

478 2495 604 2556 post
628 2483 967 2554 agnitionem
1019 2477 1480 2547 delinquentium,
1524 2490 1827 2544 rursusque
1875 2472 2062 2544 gaudii

479 2578 651 2634 divini
679 2573 1106 2630 exsultationem
1137 2571 1202 2625 dc
1232 2569 1437 2626 virtute
1462 2569 1841 2639 eteugnitione
1864 2566 2062 2620 animae

477 2687 578 2742 per
608 2667 990 2739 pmnitentiam
1022 2663 1432 2721 reducentium.
1473 2663 1666 2731 Itaque
1721 2659 1908 2715 brevis
1941 2674 2063 2714 esse

476 2762 709 2820 studens
739 2776 972 2838 magnus
999 2759 1282 2830 magister,
1309 2767 1366 2812 et
1395 2755 1669 2811 sermonis
1689 2755 1801 2809 vim
1830 2754 1886 2808 in
1933 2753 2061 2808 lati-

477 2852 726 2908 tudinem
758 2865 989 2920 pronam
1017 2849 1214 2919 Spiritu
1267 2847 1603 2916 restringere
1637 2845 1891 2915 cnpiens,
1933 2857 2059 2896 cum

473 2943 684 2999 Joanne
713 2952 771 2996 et
797 2942 1026 3006 Davide,
1056 2941 1269 3012 magnis
1290 2939 1622 3000 duumviris,
1651 2955 1750 3009 per
1769 2938 2060 3007 utriusque

2179 450 2371 522 στικῆς
2399 451 2636 524 θεωρίας
2657 455 2807 508 ἐστὶν
2835 455 3002 510 εἰκὼν
3021 498 3036 523 ,
3089 457 3190 528 τῆς
3223 457 3320 530 μὲν
3350 459 3426 524 ὡς
3453 460 3617 532 κῆρυξ
3645 471 3724 523 καὶ

2179 541 2520 613 βαπτιστὴς,
2577 545 2675 617 τῆς
2723 545 2779 600 δὲ
2831 546 2908 612 ὡς
2947 547 3217 620 ὲρημίτης
3269 550 3360 603 καὶ
3403 550 3497 606 τοῦ
3541 556 3725 627 κόσμου

2179 633 2356 704 πάντη
2387 636 2831 707 κεχωρισμένος,
2867 640 2966 711 τῆς
2995 639 3050 693 δὲ
3084 639 3163 703 ὡς
3192 641 3422 712 Λευττης
3455 644 3548 697 καὶ
3571 646 3726 717 ἱερεὺς

2176 725 2270 778 καὶ
2302 719 2437 778 Θεοῦ
2468 725 2646 796 Λόγου
2678 729 3006 800 πρόδρομος,
3044 729 3182 785 ἀλλὰ
3213 731 3308 784 καὶ
3335 731 3436 803 τῆς
3467 734 3525 786 ἐν
3543 736 3728 804 τούτοις

2175 821 2319 874 κατά
2349 821 2448 894 τὴν
2477 820 2590 888 ἕξιν
2618 824 2885 896 ἀτρεψίας
2913 825 3182 897 σύμϐολον
3208 867 3224 893 ,
3282 827 3354 892 ὡς
3386 831 3493 883 ἀπὸ
3517 835 3729 902 γαστρὶς

2176 913 2271 966 καὶ
2323 913 2486 986 μέχρι
2529 914 2760 970 Θανάτου
2811 917 2904 972 τδν
2939 920 2997 972 ἐν
3023 919 3239 982 τούτοις
3277 921 3375 992 τῆς
3402 921 3574 994 ψυχῆς
3601 926 3732 980 τόνον

2174 1004 2489 1074 ἀμείλικτον
2530 1005 2888 1078 διατηρήσας.
2936 1009 2995 1062 Ὀ
3024 1009 3082 1062 δὲ
3111 1011 3278 1064 Δαϐἱδ
3319 1011 3734 1084 ὲξομολογήσεως

2175 1092 2428 1165 πράξεώς
2473 1114 2532 1149 τε
2592 1097 2688 1151 xai.
2733 1099 2971 1170 Θεωρίας
3027 1101 3120 1154 καὶ
3169 1101 3329 1166 αὑτός
3386 1104 3532 1156 ἐστιν
3570 1105 3733 1172 είκὼν,

2173 1186 2248 1248 ὡς
2281 1186 2381 1256 τῆς
2413 1186 2714 1260 Ἰουδαϊκῆς
2763 1189 2934 1261 φυλῆς
2982 1192 3078 1245 καὶ
3124 1192 3328 1265 ποιμὴν
3358 1194 3616 1265 πρότερον
3657 1203 3737 1251 καὶ

2175 1277 2402 1352 ὕστερον
2457 1280 2746 1350 βασιλεὺς,
2807 1284 2902 1338 καὶ
2954 1281 3064 1338 τῶν
3095 1280 3410 1354 ἀλλοφύλων
3451 1287 3735 1360 ἀναιρέτης,

2172 1373 2231 1426 ού
2288 1373 2396 1444 μὴν
2429 1373 2487 1426 δὲ
2539 1375 2634 1428 καὶ
2680 1375 2780 1446 τῆς
2815 1375 3024 1430 τούτων
3056 1376 3202 1430 κατὰ
3230 1377 3328 1450 τὴν
3354 1378 3468 1443 ἕξιν
3498 1379 3737 1451 ἀτρεψίας

2173 1463 2236 1516 σύ
2247 1465 2464 1534 μϐολον.
2492 1465 2783 1537 Παρέπεσε
2800 1467 2909 1538 γὰρ
2935 1467 3074 1539 μετά
3098 1469 3196 1538 τὴν
3219 1469 3738 1544 ὲπίγνωσιν,ἀνθρίῦ-

2175 1556 2330 1610 πινόν
2375 1573 2430 1610 τι
2481 1556 2672 1611 παθὼν
2697 1599 2710 1624 ,
2769 1559 2863 1612 καὶ
2899 1559 3000 1630 τὴν
3025 1558 3138 1626 ἕξιν
3165 1561 3266 1631 τῆς
3294 1560 3503 1631 ἀρετῆς
3535 1561 3738 1633 καὶτῆς

2172 1648 2428 1716 γνώσεως
2481 1650 2583 1704 οὑκ
2634 1649 2900 1719 ἐφύλαξεν
2949 1651 3240 1722 ἄτρεπτον.
3300 1653 3394 1706 Διδ
3439 1654 3599 1724 τυχὸν
3635 1656 3738 1709 οὑδὲ

2105 1718 2142 1770 Β
2172 1740 2280 1793 ἀπὸ
2331 1739 2568 1826 γαστρὸς
2621 1718 2714 1794 τοῦ
2765 1741 2927 1810 λόγου
2989 1718 3397 1826 π’ροσκιρτῆσαι
3447 1718 3737 1814 γέγραπται

2171 1833 2314 1887 κατά
2365 1821 2457 1886 τὶν
2507 1833 2679 1904 μέγαν
2714 1833 2967 1905 Ἰωάννην
2991 1875 3005 1898 ,
3046 1821 3194 1890 ’ἀλλά
3232 1835 3372 1906 μετὰ
3403 1835 3502 1906 τὴν
3531 1836 3633 1890 τῶν
3656 1837 3738 1890 ἁλ-

2170 1925 2418 1994 λοιρύλων
2446 1926 2657 1980 τελείαν
2685 1927 2968 1998 ἀναίρεσιν
2997 1927 3092 1980 καὶ
3117 1927 3215 1999 τὴν
3241 1928 3339 1997 τῆς
3368 1927 3602 1982 κιϐωτοῦ
3623 1931 3740 1982 ἀπο-

2171 2019 2535 2088 κατάστασιν,
2594 2020 2842 2076 τουτέστι
2878 2020 3018 2092 μετά
3049 2019 3146 2091 τὴν
3175 2021 3286 2074 τῶν
3317 2019 3514 2074 παθῶν
3542 2021 3738 2092 ὑποχώ-

2173 2129 2332 2184 ρησιν
2381 2113 2476 2167 καὶ
2508 2113 2606 2186 τὴν
2641 2113 2738 2183 τῆς
2772 2111 3030 2180 γνώσεως
3073 2107 3230 2176 αὖθις
3261 2111 3546 2166 ἐπάνοδον.
3579 2113 3740 2176 Τύπος

2171 2201 2264 2259 οὖν
2295 2206 2445 2258 ἐστιν
2493 2205 2523 2258 ό
2573 2205 2669 2275 μὲν
2706 2205 2961 2274 Ἰωάννης
3009 2203 3230 2258 πάντων
3271 2203 3383 2258 τῶν
3416 2205 3740 2275 κατ’άρετὴν

2169 2298 2264 2352 καὶ
2297 2297 2500 2367 γνῶσιν
2533 2297 2619 2352 διὰ
2657 2297 2948 2369 μετανοίας
2981 2297 3040 2350 ἐν
3067 2293 3343 2366 πνεύματι
3375 2299 3741 2367 γεννωμένων,

2168 2391 2264 2443 καὶ
2301 2389 2464 2461 μέχρι
2501 2389 2690 2452 τέλους
2741 2387 2829 2443 διὰ
2869 2388 3156 2460 προκοπῆς
3187 2383 3287 2460 τὴν
3317 2388 3377 2442 ἐν
3407 2387 3616 2450 τούτοις
3641 2386 3742 2452 ἕξιν

2167 2483 2439 2554 ἄτρεπτον
2497 2481 2939 2554 διατηρούντων,
3006 2484 3034 2536 ὁ
3067 2481 3124 2536 δὲ
3171 2481 3338 2536 Δαϐὶδ
3397 2481 3616 2535 πάντων
3647 2477 3740 2534 τῶν

2171 2576 2311 2649 μετά
2371 2576 2472 2648 τὴν
2531 2577 2829 2646 ὲπίγιωσιν
2881 2564 3387 2649 παραπιπτόντων,
3457 2577 3552 2630 καὶ
3597 2577 3738 2631 πάλιν

2165 2667 2252 2721 διὰ
2283 2667 2576 2739 μετανοίας
2619 2668 2678 2723 τὸ
2709 2669 2830 2722 κατ’
2851 2668 3057 2741 ἀρετὴν
3087 2670 3182 2723 καὶ
3208 2668 3414 2738 γνῶσιν
3453 2667 3736 2738 ἐπαναγόϊ

2166 2778 2274 2814 των
2300 2762 2397 2832 τῆς
2422 2760 2599 2832 ψυχῆς
2623 2761 2722 2832 τῆς
2743 2760 2894 2826 Θείας
2917 2762 3090 2832 χαρᾶς
3115 2761 3457 2832 ἀγαλλίαμα.
3487 2761 3739 2832 Σύντομος

2169 2852 2354 2923 (216
2375 2853 2429 2926 α)
2460 2849 2553 2906 οὖν
2581 2853 2862 2924 ὑπάρχων,
2892 2854 2987 2907 καὶ
3009 2853 3084 2924 τῷ
3107 2853 3379 2922 πνεύματι
3407 2853 3506 2925 τὴν
3529 2855 3737 2917 είςπλά-

2164 2963 2257 3009 τος
2303 2945 2396 3001 τοῦ
2440 2947 2602 3015 λόγου
2655 2945 2886 3018 δύναμιν
2934 2946 3139 3016 νοερῶς
3188 2947 3478 3012 συστείλας
3521 2948 3549 3000 ὁ
3583 2947 3738 3017 μέγας

476 3035 728 3091 habitum
783 3033 1123 3104 comparavit
1183 3033 1352 3086 divini
1402 3032 2058 3102 eloquiiauscultatores,

2167 3039 2510 3106 διδάσκαλος,
2555 3039 2780 3111 Ἰωάννῃ
2817 3040 2909 3093 καὶ
2935 3039 3096 3092 Δα6“ιδ
3129 3042 3244 3104 τοῖς
3271 3040 3534 3110 μεγάλοις
3566 3039 3736 3110 παρείο

476 3139 739 3198 tanquam
767 3127 1022 3182 alterutri
1051 3127 1251 3179 horum
1285 3125 1532 3190 omnino,
1563 3123 1640 3177 uti
1703 3122 1946 3188 videtur,
1994 3137 2062 3176 eo

473 3221 571 3292 qui
599 3221 913 3274 luculenter
933 3219 1000 3274 de
1029 3227 1265 3286 utroque
1306 3218 1716 3271 (lt-monstratus
1747 3223 1830 3269 est
1871 3215 2056 3279 modo,

474 3315 862 3386 unusquisque
931 3331 1126 3368 eorum
1176 3313 1270 3383 qui
1307 3312 1394 3382 pie
1456 3313 1648 3364 vivunt
1705 3311 2057 3379 respondeat,

469 3409 628 3486 quasi
660 3410 867 3462 diserte
898 3407 1169 3461 clamans:
1196 3404 1522 3474 Quicunque
1551 3403 1800 3456 divinum
1837 3401 2062 3455 virtutis

477 3512 528 3554 et
557 3501 892 3572 cognitionis
933 3499 989 3553 in
1017 3499 1175 3552 vobis
1205 3514 1303 3567 per
1336 3495 1714 3567 pumitcntiam
1765 3495 2058 3564 ingenera-

474 3603 588 3648 tum
638 3595 928 3664 rccepistis
957 3606 1294 3658 sermonem,
1330 3591 1444 3645 sive
1490 3590 1543 3644 in
1583 3589 1764 3659 magni
1827 3587 2058 3643 Jaannis

473 3687 698 3744 modum
731 3703 798 3742 ex
839 3685 1113 3757 principio
1149 3700 1324 3754 usque
1355 3684 1421 3737 ad
1461 3682 1623 3736 linem
1659 3698 1757 3752 per
1793 3696 2056 3752 progres-

470 3795 594 3834 sum
652 3778 882 3832 ﬁrmiter
930 3775 1305 3831 conservastis
1361 3772 1702 3826 habitualcm
1753 3772 1948 3826 animae
1987 3770 2058 3824 de

472 3869 599 3939 ipso.
643 3867 1076 3923 exsultationem
1131 3865 1400 3928 divinam,
1442 3863 1592 3916 nulla
1635 3863 1860 3917 omnino
1895 3862 2057 3916 mali-

469 3960 700 4032 gnitatis
732 3958 916 4028 specie
957 3965 1012 4012 et
1037 3956 1346 4027 ignorantia
1371 3953 1662 4010 subaetivi.
1703 3954 1817 4008 sive
1846 3953 1900 4008 in
1935 3969 2058 4008 mo-

469 4049 604 4104 dum
655 4047 801 4100 beati
850 4045 1095 4109 Davidis,
1149 4045 1316 4097 etiam
1348 4043 1404 4112 .si
1452 4041 1759 4096 secundum
1809 4041 2059 4096 divinum

472 4153 697 4195 cursum
726 4137 886 4191 vobis
939 4135 1076 4205 quid
1121 4149 1283 4204 grave
1321 4133 1612 4198 acciderit,
1665 4133 1916 4204 gnaviter
1956 4149 2056 4204 per

473 4231 854 4306 pcenitcntiam
876 4243 1100 4298 Operam
1135 4228 1260 4281 date
1297 4234 1356 4280 ut
1395 4228 1657 4281 virtutem
1695 4235 1751 4281 ct
1783 4225 2056 4296 cognitio-

472 4337 600 4378 nem
659 4321 979 4376 constanliae
1034 4310 1221 4373 nervis
1279 4327 1335 4373 et
1372 4317 1688 4371 divinorum
1736 4333 2057 4372 sermonum

2168 3149 2304 3185 κασε
2360 3131 2448 3184 διὰ
2497 3131 2594 3202 τῆς
2643 3131 2767 3186 καθ’
2789 3132 3050 3202 ἑκάτερον
3095 3131 3264 3196 ἕξεως
3301 3133 3433 3196 τοὺς
3465 3131 3572 3184 τῶν
3597 3131 3736 3184 θείων

2161 3223 2356 3292 λογῖων
2390 3223 2666 3294 ἀκροατὰς
2686 3266 2700 3288 ,
2751 3223 2826 3285 ὡς
2855 3223 2934 3276 ἐνὶ
2965 3223 3182 3286 πάντως
3211 3222 3450 3291 τούτων,
3507 3223 3735 3293 καθάπερ

2162 3311 2317 3384 οἶμαι
2339 3357 2352 3379 ,
2405 3315 2547 3368 κατά
2572 3315 2663 3368 τὸν
2697 3313 2779 3384 ἔφ’
2808 3315 3024 3386 ἑκάστῳ
3057 3315 3234 3379 καλῶς
3262 3316 3598 3371 ἁποδοθέντα
3625 3315 3735 3386 τρό-

2165 3423 2297 3468 πον,
2352 3405 2584 3458 ἑκάστου
2615 3405 2726 3458 τῶν
2755 3407 2874 3458 κατ’
2894 3406 3177 3460 εὐσέϐειαν
3207 3405 3431 3470 ζώντων
3463 3406 3734 3477 ἐνισχημέ-

2163 3515 2275 3562 νου,
2329 3497 2492 3550 οἱονεὶ
2537 3496 2831 3568 διαρρήδην
2887 3495 3087 3566 βοῶν⁸³
3141 3497 3334 3566 ὅτιπερ
3387 3497 3595 3558 Πάντες
3637 3495 3736 3547 ὅσοι

2161 3591 2250 3644 τὸν
2278 3589 2420 3643 θεῖον
2453 3589 2548 3660 τῆς
2576 3589 2775 3660 ἀρετῆς
2806 3589 2900 3642 καὶ
2924 3589 3023 3659 τῆς
3045 3586 3298 3657 γνώσεως
3333 3589 3391 3642 ὲν
3423 3589 3634 3651 ἑαυτοῖς
3661 3586 3736 3639 διὰ

2164 3682 2453 3753 μετανοίας
2498 3681 2855 3752 κυῖσκόμενον
2900 3680 3154 3746 ἐδέξασθε
3184 3680 3380 3748 Λόγον,
3425 3681 3460 3752 ἦ
3495 3679 3632 3733 κατὰ
3659 3677 3736 3730 τὸν

2165 3775 2339 3844 μέγαν
2373 3773 2628 3845 Ἰωάννην
2658 3771 2718 3838 ἐξ
2749 3771 2924 3846 ἀρχῆς
2956 3771 3115 3843 μέχρι
3141 3771 3326 3834 τέλους
3356 3771 3444 3824 διὰ
3474 3769 3737 3842 προκοπῆς

2159 3867 2222 3921 τὸ
2271 3865 2534 3937 ὲπάὑτῷ
2579 3865 2680 3937 τῆς
2725 3865 2905 3936 ψυχῆς
2964 3863 3110 3918 κατά
3157 3863 3258 3935 τὴν
3307 3863 3422 3928 ἕξιν
3467 3861 3736 3932 ἀτρέπτως

2157 3960 2308 4014 θεῖον
2356 3958 2728 4030 διετηρήσατε
2777 3957 3090 4027 σκίρτημα,
3151 3955 3342 4026 μηδενὶ
3391 3953 3456 4008 τὸ
3497 3942 3736 4023 παράπαν

2161 4051 2502 4120 ὑπαγόμενοι
2547 4047 2748 4111 κακίας
2789 4047 2918 4100 εῖδει
2971 4047 3066 4099 καὶ
3104 4043 3372 4116 ἀγνωσία,
3419 4044 3455 4114 ἢ
3495 4041 3632 4096 κατά
3657 4039 3736 4092 τὸν

2163 4144 2435 4215 μακάριον
2477 4141 2682 4203 Δαϐἰδ,
2739 4139 2843 4194 κάν
2901 4141 2951 4192 εἰ
3012 4137 3329 4209 συμϐέϐηκέ
3378 4154 3430 4190 τι
3482 4132 3624 4190 κατά
3657 4131 3736 4184 τὸν

2161 4236 2300 4289 Θείον
2322 4236 2520 4306 δρόμον
2547 4234 2674 4304 ὑμῖν
2697 4231 3015 4303 ἀϐούλητον,
3034 4229 3337 4299 φιλοπόνως
3358 4226 3446 4281 διὰ
3468 4223 3736 4297 μετανοίας

2161 4327 2492 4392 σπουδάζετε
2522 4325 2656 4398 πρὸς
2678 4324 2904 4387 ἑαυτοὺς
2925 4321 3024 4393 τὴν
3041 4321 3241 4391 ἀρετὴν
3264 4318 3632 4388 ἐπαναγαγεῖν
3655 4313 3738 4367 καὶ

471 4412 963 4494 exercitationibus
991 4411 1058 4465 ad
1085 4427 1184 4466 vos
1215 4411 1514 4477 reducatis,
1553 4421 1718 4480 atque
1745 4427 1814 4466 ne
1840 4411 2057 4481 ignavia

2166 4424 2264 4494 τὴν
2295 4421 2497 4490 γνῶσιν
2526 4418 2810 4490 ὑπομονῆς
2850 4417 3025 4478 τόνοις
3059 4419 3152 4469 καὶ
3182 4415 3356 4484 λόγων
3383 4414 3548 4468 θείων
3579 4409 3738 4474 ἀσκή-

471 4515 568 4562 aut
595 4507 846 4561 socordia
900 4505 1144 4558 divinam
1203 4505 1349 4558 hanc
1385 4506 1441 4558 in
1472 4504 1654 4569 vobis,
1681 4505 1926 4570 virtutis,
1968 4505 2056 4558 in-

471 4591 658 4671 quam,
687 4609 744 4654 et
770 4598 1122 4668 cognitionis,
1155 4613 1337 4652 arcam
1371 4596 1740 4652 destituentes
1767 4611 1830 4650 ac
1851 4596 2060 4652 deden-

473 4702 558 4748 tes
581 4691 699 4746 llcli
725 4691 1031 4746 sacerdotis
1082 4692 1225 4744 malo
1271 4690 1668 4755 succumbatis,
1721 4699 1775 4743 et
1823 4690 2058 4745 humero

473 4784 726 4841 actionis
755 4783 1005 4853 percussi
1062 4789 1340 4838 retrorsus
1379 4783 1639 4838 cadentes
1681 4783 1827 4837 circa
1871 4783 2060 4852 templi

475 4877 530 4931 in
563 4877 745 4932 Selom
769 4883 958 4946 portas
987 4873 1394 4928 interficiamini
1421 4885 1465 4928 κ.

545 5069 603 5124 ld
625 5068 796 5139 quod,
829 5076 889 5122 ut
939 5066 1077 5121 mihi
1104 5065 1346 5131 videtur,
1387 5053 1632 5137 apertius
1674 5069 2062 5126 demonstrans

473 5160 671 5216 beatus
692 5161 784 5214 hic
813 5160 974 5214 Pater
999 5159 1054 5213 in
1085 5157 1342 5214 oratione
1382 5160 1438 5214 in
1476 5159 1682 5217 Novam
1713 5163 2058 5216 Dominicam

476 5253 695 5308 habita:
737 5271 754 5303 ι
777 5250 989 5307 Canere
1018 5268 1170 5317 vero,
1227 5252 1432 5323 inquit,
1473 5255 1709 5310 Domino
1747 5272 1949 5310 novum
1977 5258 2062 5326 iu-

476 5345 674 5400 bemur
701 5354 948 5410 cantum,
986 5346 1102 5399 sive
1133 5345 1228 5414 qui
1258 5346 1312 5400 in
1366 5347 1700 5417 Babylonem
1751 5350 2062 5422 malamque

553 5470 575 5498 ³
610 5461 632 5514 ι
663 5461 801 5528 Reg.
832 5475 908 5523 IV,
943 5459 1029 5514 i7.

2169 4533 2328 4587 μασι,
2366 4515 2461 4568 καὶ
2499 4513 2574 4586 μὴ
2603 4514 2670 4583 τῇ
2705 4509 2953 4582 ῥαθυμίᾳ
2981 4511 3096 4570 τοῖς
3122 4507 3351 4562 πάθεσιν
3383 4505 3596 4560 ἔκδοτον
3620 4501 3736 4556 ταύ-

2111 4601 2118 4608 ’
2163 4626 2264 4678 την
2312 4609 2412 4677 τὴν
2457 4608 2514 4661 ὲν
2557 4606 2688 4675 ὑμῖν
2735 4603 2926 4667 θείαν,
2980 4601 3082 4671 τῆς
3125 4599 3330 4668 ἀρετῆς
3354 4598 3497 4666 λέγω
3537 4593 3736 4661 καὶτῆς

2164 4702 2462 4771 γνώσεως,
2525 4698 2784 4758 ἐάσαντες
2833 4693 3070 4747 κιϐωτὸν
3118 4693 3199 4776 τὸκ
3226 4691 3321 4745 τοῦ
3370 4691 3558 4761 ἱερέως
3592 4685 3735 4738 "Hist

2171 4792 2483 4863 ὑπομένητε
2511 4789 2713 4852 πάθος,
2771 4787 2866 4838 καὶ
2911 4784 3176 4846 όπισθίως
3207 4783 3471 4846 πεσόντες
3501 4779 3626 4850 περὶ
3649 4776 3736 4839 τὰς

2169 4888 2342 4950 πύλας
2373 4884 2464 4938 τοῦ
2496 4883 2628 4938 ναοῦ
2656 4881 2752 4935 τοῦ
2781 4881 2838 4933 ὲν
2865 4879 3068 4950 Σηλὼμ
3092 4877 3438 4948 ἀποθάνητε,
3482 4875 3572 4927 τὸν
3598 4867 3733 4941 ὦμον

2166 4981 2264 5048 τῆς
2293 4975 2546 5048 πράξεως
2577 4973 2976 5042 συντριϐέντες.

2239 5071 2440 5140 Ὅπερ,
2475 5069 2551 5132 ὡς
2580 5064 2757 5136 οἶμαι,
2803 5065 3141 5133 σαφέστερον
3179 5061 3451 5114 διδάσκων
3501 5059 3529 5109 ὁ
3566 5055 3732 5127 μακάο

2171 5180 2284 5236 ριος
2335 5153 2492 5222 οὗτος
2533 5155 2722 5226 Πατὴρ
2766 5157 2825 5208 ὲν
2862 5153 2940 5224 τῷ
2970 5154 3049 5216 εἰς
3078 5151 3176 5223 τὴν
3204 5150 3418 5221 Καινὴν
3460 5143 3729 5216 Κυριακὴν

2170 5257 2318 5324 λόγῳ
2355 5253 2550 5322 φησιν’
2605 5269 2624 5301 ι
2657 5249 2839 5320 ’ᾼὸειν
2885 5247 2940 5299 δὲ
2988 5245 3066 5316 τῷ
3125 5243 3315 5314 Κυρίῳ
3360 5239 3510 5316 ᾆσμα
3561 5236 3729 5292 καινὸν

2169 5342 2534 5414 κελευόμεθα,
2573 5340 2686 5394 εἴτε
2723 5340 2774 5392 οἱ
2805 5340 2884 5402 είς
2915 5335 3216 5392 Βαϐυλῶνα
3241 5335 3336 5388 καὶ
3370 5333 3466 5404 τὴν
3503 5325 3729 5399 πονηρὰν

1753 5531 1989 5590 VAltlAi
2033 5533 2448 5591 LECTIONES.

551 5621 594 5654 “
623 5621 759 5674 Cod.
791 5621 956 5686 Gud.,
988 5622 1032 5676 si
1069 5619 1284 5675 sebedae
1315 5635 1424 5675 non
1455 5621 1672 5688 fallunt,
1706 5625 1875 5681 habet
1901 5627 2056 5682 νοῶν.

555 5733 666 5803 (28)
701 5732 862 5802 Greg.
899 5734 1028 5789 Naz.
1060 5735 1112 5788 in
1154 5733 1285 5788 Nov.
1330 5735 1564 5806 Domin.,
1605 5755 1726 5809 cap.
1760 5741 1810 5808 l,
1836 5757 1890 5812 p.
1928 5742 2053 5809 855,
2097 5751 2224 5796 tom.
2248 5742 2290 5796 Ι.
2313 5739 2452 5810 Opp.
2475 5735 2565 5793 ed.
2592 5733 2799 5792 Bened.
