4012 6368
307 330 447 404 1203

305 447 579 513 σύγχυσιν
630 441 1031 512 κατασυρέντες
1076 439 1181 493 ὑπὸ
1221 439 1320 508 τῆς
1371 440 1664 510 ἁμαρτίας,

305 538 446 607 πρὸς
496 533 856 606 Ἰερουσαλὴμ
883 532 1280 595 ἀνασωθέντες,
1319 532 1479 583 κάκεῖ
1514 531 1611 600 μὲν
1634 532 1694 582 ού
1731 531 1894 582 δυνά-

309 644 463 697 μενοι
497 624 593 696 τὴν
646 625 800 677 θείαν
843 622 989 692 ᾅδειν
1035 620 1178 691 ᾠδὴν
1212 620 1285 683 ὡς
1336 621 1427 671 ἐπὶ
1459 620 1558 687 γῆς
1586 618 1894 687 ἀλλοτρίας,

306 716 551 771 ἐνταῦθα
580 716 636 768 δὲ
668 715 794 767 νέαν
822 713 965 784 ᾠδὴν
996 713 1091 765 καὶ
1127 712 1407 767 πολιτείαν
1441 711 1747 780 ἱστάμενοι,
1790 708 1897 787 sit:

306 812 361 861 οἱ
403 809 687 877 μείναντες
727 809 783 858 ὲν
822 805 899 875 τῷ
926 802 1076 873 καλῷ
1108 804 1201 855 καὶ
1250 801 1674 872 προκόπτοντες,
1713 800 1805 851 καὶ
1839 795 1901 849 τὸ

311 901 413 969 μὲν
456 897 881 966 κατωρθωκότες
926 894 1050 965 ἤδη,
1096 893 1156 944 τὸ
1203 893 1259 944 δὲ
1309 890 1705 961 κατορθοῦντες
1750 886 1901 957 παρά

306 988 406 1041 τοῦ
436 984 754 1040 καινοποιοῦ
788 982 1129 1053 Πνεῦμα-σος.
1155 998 1171 1031 ι
1215 980 1402 1032 Ταῦτα
1453 978 1653 1049 (216
1680 977 1742 1047 ὸ)
1778 993 1900 1028 στο-

306 1077 591 1149 χαστικῶς
623 1074 764 1129 κατὰ
811 1073 909 1144 τὴν
941 1075 962 1124 ὲ
974 1072 1078 1143 μὴν
1116 1071 1431 1140 ἀφροσύνην
1470 1068 1770 1137 νενοηκότα
1802 1066 1894 1119 τὸν

304 1167 636 1223 διδάσκαλον
670 1166 836 1236 φάναι
896 1163 1127 1233 νομίζω·
1166 1182 1182 1212 ι
1212 1162 1349 1214 Νυνὶ
1385 1160 1441 1213 δέ
1481 1177 1571 1231 μοι
1618 1157 1769 1225 δέξαι
1800 1159 1901 1228 τὴν
1929 1200 1943 1211 ,

307 1261 513 1329 κύησιν
555 1259 651 1311 καῖ
691 1255 1121 1326 προσκίρτησον,
1173 1255 1220 1305 εί
1266 1254 1357 1304 καὶ
1399 1250 1472 1321 μὴ
1523 1250 1600 1312 ὼς
1651 1249 1904 1319 Ἰωάννης

304 1351 426 1407 ἀπὸ
463 1350 725 1420 γαστρὸς,
760 1348 874 1401 ἀλλ’
898 1347 973 1408 ὡς
1007 1346 1174 1399 Δαϐἳδ
1214 1346 1307 1397 ἐπὶ
1339 1347 1405 1414 τῇ
1439 1342 1781 1396 καταπαύσει
1806 1341 1905 1412 τῆς

308 1440 578 1509 κιϐωτοῦ,
613 1440 691 1510 τῷ
724 1438 842 1492 κατ’
870 1436 1026 1501 ἀξίαν
1058 1436 1153 1488 καὶ
1182 1436 1338 1503 γένος
1377 1434 1485 1502 τῆς·
1512 1432 1740 1504 θεωρίας
1773 1433 1901 1502 τρό-

310 1538 407 1607 ἐτῳ
439 1532 788 1603 συνῃρηκύτα
820 1529 919 1600 τὴν
973 1528 1081 1581 τῶν
1124 1526 1437 1596 εἰρημένων
1483 1526 1739 1597 θεωρίαν.
1771 1524 1907 1577 Φασὶ

308 1626 429 1698 γὰρ
456 1626 503 1678 οἱ
534 1624 643 1677 τῶν
674 1623 932 1674 τοιούτων
961 1620 1207 1689 ἀκριϐεῖς
1234 1618 1561 1688 ἐπιμεληταὶ
1595 1617 1907 1689 μυστηρίων

310 1718 411 1771 καὶ
456 1715 565 1768 τῶν
596 1716 680 1766 ἐπ’
711 1713 897 1773 αὐτοῖς
925 1709 1317 1777 πνευματικῶν
1344 1707 1518 1773 λόγων
1560 1706 1788 1776 ἐρασταὶ
1813 1704 1907 1757 καὶ

312 1805 738 1879 φιλοθεάμονες,
772 1800 863 1854 τὸν
907 1776 1139 1852 καθόλου
1194 1800 1291 1866 τῆς
1350 1797 1631 1867 Γραφικῆς
1681 1794 1908 1865 θεωρίας
1942 1776 1983 1830 Β

311 1895 495 1961 λόγον,
532 1890 628 1942 ’ἐνα
662 1888 1023 1958 τυγχάνοντα,
1053 1885 1297 1955 δεκαχῶς
1338 1883 1745 1954 πλατυνόμενον
1771 1883 1907 1935 θεων

314 1983 555 2057 ρεῖσθαι,
588 1983 759 2051 τόπῳ,
793 1981 992 2051 χρόνῳ,
1015 1970 1186 2046 γένει,
1212 1981 1513 2049 προσώπῳ,
1553 1977 1701 2046 ἀξίᾳ,
1741 1977 1908 2045 ἤγουν

314 2074 740 2145 ἐπιτηδεύματι,
776 2076 1079 2143 πρακτικῇ,
1110 2077 1340 2144 φυσικῇ,
1369 2074 1653 2144 θεολογικῇ
1688 2074 1905 2141 φιλοσο-

315 2167 444 2239 φίᾳ,
493 2164 773 2231 ἐνεστῶτι,
814 2166 908 2217 καί
964 2165 1233 2233 μέλλοντι,
1272 2167 1442 2234 ἤγουν
1474 2166 1627 2234 τύπῳ
1661 2162 1912 2233 καὶ-ἀλη-

315 2257 466 2326 θείᾳ,
500 2257 592 2309 καὶ
621 2255 776 2318 αὖθις
811 2257 1178 2324 συναγόμενον
1213 2256 1339 2318 τοὺς
1379 2257 1537 2308 πέντε
1570 2254 1715 2325 τρισὶ
1750 2272 1910 2324 περι-

315 2348 554 2419 γράφειν
586 2348 830 2418 τρόποις,
856 2348 952 2399 καὶ
982 2347 1146 2399 πάλιν
1176 2347 1296 2399 δυσὶ
1323 2348 1447 2410 τοὺς
1476 2351 1645 2417 τρεῖς,
1675 2348 1767 2399 καὶ
1790 2346 1912 2408 τοὺς

315 2439 417 2492 δύο
451 2440 529 2492 ἐνὶ
559 2437 868 2505 συγκλείειν
900 2437 1179 2500 παντελῶς
1210 2439 1284 2507 μὴ
1316 2437 1708 2508 ἀριθμουμένη)
1734 2437 1876 2507 λόγῳ
1896 2452 1909 2464 ·

316 2526 433 2584 οἷον
463 2530 587 2592 τοὺς
612 2530 751 2582 κατὰ
774 2529 963 2598 χρόνον
987 2528 1082 2582 καὶ
1125 2530 1288 2581 τόπον
1321 2530 1415 2581 καὶ
1457 2529 1609 2597 γένος
1635 2528 1729 2582 καὶ
1755 2530 1915 2598 πρόσ-

314 2640 469 2677 ωπον
497 2623 589 2675 καὶ
617 2621 793 2685 ἀξίαν,
819 2622 978 2675 πέντε
998 2622 1471 2691 τυγχάνοντας,είς
1490 2624 1636 2691 τρεῖς
1666 2622 1915 2690 συνάγειν

319 2716 449 2777 τοὺς
469 2715 566 2784 τῆς
594 2714 902 2783 πρακτικῆς
926 2716 1017 2767 καὶ
1056 2716 1289 2784 φυσικῆς
1322 2714 1414 2766 καὶ
1435 2714 1769 2785 θεολογικῆς,
1794 2713 1917 2766 τού.

321 2816 450 2869 τους
481 2807 537 2858 δὲ
570 2805 730 2859 πάλιν
762 2807 915 2873 τρεῖς
953 2806 1132 2870 ὄντας,
1158 2806 1236 2868 εἰς
1257 2803 1370 2869 δύο,
1396 2806 1521 2868 τοὺς
1545 2807 1605 2859 τὸ
1638 2807 1812 2877 παρόν
1857 2822 1914 2860 τε

321 2895 423 2950 καὶ
452 2894 511 2946 τὸ
533 2895 723 2963 μέλλον
742 2895 1128 2964 σημαίνοντας,
1166 2896 1257 2948 καὶ
1283 2896 1505 2952 τούτους
1541 2898 1621 2960 εἰς
1647 2899 1736 2950 τὸν
1769 2897 1917 2950 τελε-

325 2986 515 3039 στικὸν
543 2986 888 3049 καὶδιπλοῦν,
928 2986 1004 3049 ὥς
1034 3004 1186 3054 φασι,
1241 2989 1333 3041 καὶ
1382 2989 1598 3041 πάντων
1635 2995 1915 3059 περιεκτι-

320 3076 424 3129 κὸν
466 3076 705 3147 ἄρρητον
744 3076 922 3143 λόγον,
973 3076 1031 3140 ἐξ
1079 3072 1139 3129 οὗ
1197 3078 1338 3130 κατὰ
1368 3079 1593 3149 πρόοδον
1626 3080 1847 3147 γέγονεν
1882 3082 1913 3151 ἡ

324 3166 595 3238 noema
644 3166 751 3219 τῶν
794 3167 900 3219 ὑπὸ
938 3167 1173 3239 θεωρίαν
1200 3173 1296 3238 τῆς
1320 3170 1546 3239 Γραφῆς
1580 3170 1798 3239 τρόπων
1829 3170 1914 3223 δε-

324 3261 456 3322 κὰς,
498 3260 590 3312 καὶ
618 3260 699 3321 εἰς
727 3259 786 3311 ὃν
830 3261 906 3322 ὡς
936 3259 1110 3329 ἀρχὴν
1141 3261 1282 3312 κα.τά
1320 3262 1665 3331 περιγραφὴν
1706 3265 1738 3333 ἡ
1775 3263 1913 3333 αὑτὴ

322 3351 494 3412 δεκὰς
534 3350 875 3413 ἀνατατικῶς
908 3351 987 3412 εἰς
1028 3351 1232 3419 μονάδα
1268 3353 1430 3404 πάλιν
1457 3353 1773 3421 συνάγεται.
1806 3356 1915 3408 Καὶ

324 3440 475 3496 κατὰ
521 3441 622 3511 μὲν
675 3441 864 3510 χρόνον
913 3442 940 3493 ὁ
979 3440 1076 3510 τῆς
1130 3441 1351 3511 Γραφῆς
1404 3442 1688 3512 θεωρεῖται
1735 3443 1913 3510 λόγος,

320 3531 495 3603 ἡνίκα
524 3532 582 3583 τὸ
607 3532 766 3597 um,
799 3530 859 3583 τὸ
886 3528 1014 3594 ἿΙν,
1056 3530 1117 3583 τὸ
1140 3532 1330 3596 νἝστι,
1364 3531 1424 3583 τὸ
1457 3533 1670 3594 Ἔσται,
1703 3534 1763 3584 τὸ
1802 3532 1915 3604 Πρὸ

321 3622 508 3683 τοῦδε,
535 3623 597 3674 τὸ
634 3623 831 3693 Παρὸν,
872 3621 932 3673 τὺ
959 3621 1112 3673 Μετὰ
1147 3622 1284 3685 τόδε,
1316 3624 1409 3675 καὶ
1454 3623 1578 3675 Ἐπὶ
1604 3623 1781 3688 τοῦδε,
1821 3624 1917 3676 καὶ

336 3716 670 3791 Ἀπ’ἁρχῆς,
688 3716 746 3768 τὸ
773 3715 1065 3785 Παρελθδν,
1090 3716 1148 3768 τὸ
1170 3715 1399 3777 Μέλλον,
1433 3714 1715 3778 ἐνιαυτούς
1739 3732 1795 3766 τε
1824 3716 1917 3768 καὶ

322 3810 560 3878 καιροὺς
603 3808 695 3861 καὶ
745 3811 919 3877 μῆνας
970 3810 1064 3861 καὶ
1108 3807 1409 3876 ἑϐδομάδας
1456 3808 1547 3859 καὶ
1580 3806 1789 3878 ἡμέρας
1826 3808 1918 3860 καὶ

260 3929 265 3932 ο
323 3900 533 3963 νύκτας
553 3901 648 3953 καὶ
668 3902 733 3954 τὰ
757 3900 958 3952 τούτων
983 3900 1145 3970 μέρη,
1172 3900 1262 3953 καὶ
1284 3899 1468 3962 ἁπλῶς
1487 3901 1586 3953 ὅσα
1612 3900 1915 3968 έμφαντικᾶ

329 3991 530 4061 (217
565 3991 634 4060 (ι)
667 3990 884 4061 χρόνου,
935 3990 1118 4060 δηλοῖ·
1157 3989 1300 4043 κατὰ
1349 3989 1411 4042 δὲ
1458 3989 1645 4053 τόπον,
1673 3991 1798 4043 ὅταν
1829 3991 1917 4041 ού-

332 4081 502 4153 ρανὸν
535 4082 628 4134 καὶ
662 4081 766 4150 γῆν
801 4082 895 4135 καὶ
942 4081 1080 4152 ἀέρα
1116 4081 1210 4134 καὶ
1236 4079 1536 4146 θάλασσαν,
1567 4081 1913 4152 οἰκουμένην,

328 4170 572 4242 πέρατα,
643 4170 850 4242 χώρας,
917 4170 1137 4239 νήσους,
1194 4170 1401 4231 πόλεις,
1462 4170 1646 4233 ναοὺς,
1700 4169 1913 4238 κώμας,

328 4263 563 4331 ἀγροὺς,
598 4263 723 4333 ὅρη,
760 4265 1073 4334 φάραγγας,
1104 4264 1278 4329 ὀδοὺς,
1322 4264 1617 4329 ποταμοὺς,
1654 4262 1912 4333 ἐρήμους,

328 4354 553 4424 ληνοὺς,
584 4353 819 4418 ἅλωνας,
871 4354 1225 4422 ἀμπελῶνας,
1269 4354 1364 4407 καί¹
1403 4352 1588 4416 ἁπλῶς
1617 4355 1715 4407 ὅσα
1754 4356 1917 4408 τόπον

1552 330 2069 389 AMBIGUORUM
2113 327 2364 387 LIBER.

3442 323 3574 389 ιεςιι

1712 440 1905 492 ἔπειτα
1934 448 1974 502 Α
2008 439 2389 492 confusionem
2436 443 2661 506 peccato
2729 452 2920 491 smnus
2969 437 3221 505 detracti,
3269 439 3467 494 deinde
3521 443 3581 494 in

2000 528 2300 582 J-»rusale:n
2353 544 2544 581 rursus
2576 529 2765 583 salvati
2831 533 3016 599 (atque
3060 529 3171 585 illic
3208 530 3429 599 quidem
3471 548 3519 585 us
3543 551 3576 589 ιι

2003 622 2285 689 potuimus
2308 621 2557 673 divinum
2581 637 2826 686 carmen,
2855 628 2915 674 ut
2946 618 2999 674 in
3031 631 3173 676 terra
3225 624 3428 689 aliena,
3478 642 3570 678 ca-

2001 723 2153 771 nere,
2183 709 2272 763 hic
2295 718 2479 763 autem
2512 727 2715 763 novum
2743 727 2965 765 carmen
2999 728 3308 783 novamque
3342 716 3468 771 vitae
3495 731 3583 769 ra-

2002 798 2209 852 tionem
2283 798 2649 868 inchoamus),
2711 800 2827 855 sive
2875 801 2968 870 qui
3025 803 3324 858 mansimus
3379 805 3434 859 in
3475 805 3579 859 ho-

2003 900 2161 945 nesto
2184 899 2346 961 atque
2378 891 2651 961 progressi
2701 907 2910 956 sumus,
2964 893 3161 962 partim
3186 892 3294 965 jam
3334 912 3391 950 re
3434 898 3579 955 bene

2004 990 2176 1052 gesta.
2198 982 2394 1052 partim
2426 991 2678 1053 gerentes
2701 983 2884 1037 adhuc
2913 984 3156 1054 Spiritus
3195 986 3581 1045 iustaurat’oris

2004 1087 2127 1142 ope.
2155 1092 2172 1123 ι
2200 1072 2325 1127 llaec
2348 1074 2650 1127 secundum
2699 1090 2874 1128 meam
2925 1074 3288 1145 ignorantiam
3334 1080 3583 1150 suspicor

2007 1164 2326 1234 magistrum
2356 1165 2411 1219 in
2443 1166 2624 1218 animo
2649 1165 2909 1220 habuisse
2932 1182 3055 1220 cum
3105 1167 3342 1223 diceret:
3390 1170 3584 1227 «Nunc

2007 1265 2189 1311 autem
2240 1265 2566 1328 conceptum
2614 1258 2798 1328 accipe
2822 1270 2877 1312 et
2900 1260 3180 1328 przesulta,
3218 1269 3275 1316 et
3312 1263 3354 1317 si
3384 1279 3497 1318 non
3523 1272 3585 1321 ut

2005 1345 2244 1401 Joannes
2272 1346 2339 1400 de
2372 1355 2551 1412 utero,
2589 1343 2779 1402 tamen
2809 1356 2867 1401 ut
2894 1349 3061 1402 David
3094 1348 3165 1404 ob
3191 1352 3585 1421 repositionem

2009 1452 2168 1503 arcae,
2200 1456 2216 1488 ι
2273 1445 2328 1491 et
2363 1438 2846 1507 contemplationis
2892 1440 3201 1494 secundum
3261 1443 3583 1513 dignitatem

2005 1536 2174 1598 atque
2200 1544 2374 1597 genus
2406 1528 2571 1581 modo
2601 1528 2875 1583 dictorum
2920 1533 3440 1602 contemplationem
3479 1551 3587 1591 una

2010 1619 2517 1689 comprehendisse.
2553 1618 2654 1683 Qui
2705 1620 2849 1673 enim
2880 1614 3004 1692 cum
3053 1624 3235 1677 studio
3268 1634 3323 1679 et
3368 1641 3498 1680 cura
3531 1628 3587 1680 in

2010 1706 2323 1780 hujusmodi
2358 1710 2633 1780 mysteriis
2662 1722 2972 1775 versantur,
3019 1714 3589 1787 spiritualiumquein

2012 1799 2095 1854 eis
2125 1800 2397 1854 rationum
2442 1807 2714 1852 amatores
2776 1810 2832 1853 et
2881 1812 3235 1871 spectatores,
3270 1808 3591 1877 generalem

2014 1892 2242 1945 tradunt
2293 1891 2596 1960 Scriptura:
2641 1894 3074 1962 contemplandze
3130 1896 3424 1960 rationem,
3460 1915 3587 1954 cum

2014 1996 2119 2037 una
2154 1984 2247 2049 sit,
2276 1983 2599 2054 decemplici
2632 1984 2794 2039 modo
2848 1986 3104 2040 diffusam
3150 1990 3411 2056 spectari,
3444 1989 3589 2055 loco,

2015 2085 2280 2147 tempore,
2310 2092 2531 2148 genere,
2560 2092 2819 2147 persona,
2872 2074 3163 2148 dignitate,
3213 2079 3327 2133 sive
3380 2080 3589 2145 studio,

2014 2169 2212 2233 activa,
2239 2168 2502 2234 naturali,
2546 2168 2852 2238 theologica
2884 2170 3256 2239 philosophia,
3298 2172 3594 2239 praesentia

2015 2275 2076 2314 ac
2105 2259 2285 2313 futura
2308 2301 2320 2325 ,
2355 2259 2469 2326 sive
2504 2260 2677 2331 figura
2697 2268 2753 2314 et
2799 2260 3053 2325 veritate,
3106 2271 3161 2315 ct
3210 2276 3403 2315 rursus
3430 2262 3597 2317 colle-

2017 2360 2158 2405 ctam
2189 2351 2435 2420 quinque
2498 2350 2680 2403 tribus
2726 2349 3200 2419 comprehendere
3243 2351 3442 2417 modis,
3474 2368 3598 2405 rur-

2016 2459 2219 2512 susque
2247 2441 2463 2497 duabus
2494 2448 2606 2495 tres
2635 2444 2694 2496 e't
2723 2441 2861 2495 (luas
2894 2457 3000 2494 una
3032 2439 3317 2497 includere
3367 2443 3597 2498 omnino

2017 2535 2250 2599 ratione,
2306 2550 2430 2605 quae
2464 2550 2572 2588 non
2609 2541 2967 2587 numeretur:
3020 2533 3100 2588 sic
3143 2532 3427 2604 temporis,
3456 2535 3587 2598 loci,

2017 2626 2532 2697 generis,person:e,
2564 2625 2864 2696 dignitatis,
2911 2642 3037 2681 cum
3088 2626 3332 2702 quinque.
3367 2627 3496 2690 sint,
3539 2629 3597 2683 in

2018 2730 2129 2775 tres
2154 2719 2414 2788 colligere
2445 2718 2636 2772 activa:
2667 2725 2721 2771 et
2749 2716 3017 2771 naturalis
3043 2728 3101 2772 et
3127 2714 3465 2788 theologicae,
3500 2719 3602 2774 has

2020 2826 2146 2863 vero
2181 2824 2394 2873 rursus,
2432 2823 2555 2861 eum
2578 2817 2686 2864 tres
2711 2807 2840 2871 sint,
2866 2808 2919 2861 in
2945 2807 3082 2862 duas
3112 2823 3231 2877 quae
3256 2808 3323 2861 ad
3362 2825 3600 2878 praesen-

2022 2902 2149 2959 tiam
2206 2912 2370 2971 atque
2420 2901 2664 2954 futurum
2718 2908 3001 2970 spectant,
3050 2908 3106 2955 et
3145 2898 3245 2954 has
3285 2899 3506 2954 demum
3544 2900 3600 2954 in

2020 2994 2541 3049 eonsummatoriam
2563 3002 2618 3047 et
2640 2991 2966 3062 simplicem,
2995 2992 3259 3057 ut'aiunt,
3301 2993 3597 3062 omniaque

1968 3131 1986 3149 ,
2023 3085 2581 3156 comprchcmlentem
2621 3084 2952 3139 ineffabilem
2992 3082 3285 3150 rationem,
3322 3084 3468 3138 unde
3500 3099 3602 3152 per

2019 3179 2458 3249 progressionem
2484 3177 2759 3247 generalis
2797 3176 3088 3231 modorum
3126 3170 3227 3231 sub
3256 3177 3601 3247 contempla-

2021 3270 2166 3323 tione
2193 3268 2492 3340 Scriptum
2552 3270 2714 3324 decas
2746 3269 2885 3323 facta
2918 3279 3059 3333 erat,
3105 3278 3163 3323 et
3224 3268 3280 3324 ia
3307 3285 3494 3340 quam,
3541 3279 3602 3327 ut

2018 3361 2372 3432 principium,
2399 3361 2920 3430 circumscriptione
2950 3360 3146 3415 eadem
3182 3361 3348 3415 decas
3379 3377 3601 3418 reversa

2020 3455 2073 3507 iu
2128 3440 2638 3507 unionem'rursus
2690 3451 2992 3521 colligitur.
3058 3451 3238 3519 Atque
3292 3449 3600 3505 secundum

2022 3553 2235 3614 tempus
2264 3542 2564 3611 Scriptura:
2589 3542 2728 3595 ratio
2772 3548 3074 3609 spectatur,
3101 3555 3225 3594 cum
3269 3538 3600 3609 Aliquando,

2020 3632 2168 3696 Erat,
2201 3632 2315 3695 Est,
2349 3631 2489 3695 Erit,
2522 3630 2664 3685 Ante
2714 3630 2841 3694 hoc,
2878 3631 3146 3695 Praesens,
3184 3628 3313 3683 Post
3367 3628 3493 3691 hoc,
3548 3636 3603 3679 et

2022 3722 2134 3777 Sub
2164 3723 2288 3794 hoc,
2325 3731 2381 3776 ct
2412 3722 2495 3777 Ab
2524 3722 2702 3787 initio,
2745 3720 3111 3785 Praeteritum,
3155 3715 3451 3783 Futurum,
3500 3734 3602 3773 au-

2020 3831 2121 3869 nos
2154 3800 2594 3884 ct'tempestates
2651 3823 2706 3868 et
2757 3828 2976 3868 menses
3025 3823 3081 3867 et
3134 3812 3514 3867 hebdomades
3547 3818 3603 3865 et

2020 3904 2139 3959 dies
2170 3912 2225 3956 et
2268 3912 2459 3957 noctes
2510 3903 2821 3972 horumque
2868 3910 3073 3973 partes,
3139 3910 3196 3956 et
3231 3901 3601 3971 quodcunque

2022 3996 2344 4066 simpliciter
2379 4005 2597 4065 tempus
2629 3993 2875 4057 denotat,
2935 3986 3241 4063 significat;
3296 3991 3601 4047 secundum

2020 4091 2224 4152 locum,
2260 4102 2384 4141 eum
2421 4086 2619 4140 emlum
2660 4092 2716 4138 et
2748 4085 2999 4139 tellurem
3035 4090 3092 4137 et
3121 4098 3305 4136 aerem
3337 4090 3393 4136 et
3427 4078 3601 4146 mare,

2022 4189 2245 4242 terram,
2286 4176 2576 4241 terminos,
2616 4174 2895 4244 regiones,
2950 4174 3179 4240 insulas,
3212 4173 3402 4239 urbes,
3452 4172 3601 4238 fana,

2021 4271 2194 4333 vicos,
2240 4284 2427 4338 agros,
2456 4275 2692 4330 montes,
2724 4266 2914 4331 valles,
2943 4265 3076 4330 vias,
3102 4264 3320 4329 fluvios,
3361 4263 3601 4326 deserta,

2022 4365 2196 4425 lacus,
2256 4369 2447 4425 areas,
2497 4359 2681 4412 vineta
2737 4368 2793 4411 et
2851 4356 3180 4426 simpliciter
3233 4356 3603 4433 quodcunque

331 4446 766 4517 χαρακτηρίζειν
808 4445 1055 4525 δύναται,
1107 4446 1383 4515 σημαίνῃ*
1435 4443 1578 4497 κατὰ
1629 4443 1784 4512 γένος
1836 4443 1912 4507 δὲ,

2024 4451 2202 4505 locum
2249 4449 2541 4518 exprimat,
2583 4447 2880 4517 significat:
2919 4445 3222 4501 secundum
3249 4461 3421 4516 genus
3447 4460 3604 4509 vero,

332 4537 645 4600 καθολικῶς
686 4539 783 4608 μὲν
822 4539 1029 4593 ὁπόταν
1076 4540 1362 4606 ἀγγέλους,
1413 4541 1573 4611 ἢὸσα
1614 4539 1713 4608 τῆς
1746 4541 1799 4591 ὲν
1826 4539 1917 4591 οὐ·

338 4632 524 4700 ρανοῖς
554 4629 671 4681 ἔστι
710 4630 817 4682 τῶν
846 4631 1050 4700 νοερῶν
1079 4628 1280 4684 οὐσιῶν
1308 4631 1745 4702 διακοσμήσεως,
1782 4631 1917 4703 πρὸς

330 4724 394 4776 δὲ
424 4723 519 4775 καὶ⁴
561 4723 713 4793 ⁴ἥλιον
755 4723 849 4775 καὶ
899 4706 1453 4792 σελήνην,,ἀστέρας,
1503 4723 1638 4795 πῦρ,
1687 4725 1783 4776 καὶ
1819 4725 1918 4776 ὅσα

332 4819 396 4867 ἒν
445 4814 587 4885 ἀέρι,
620 4817 679 4867 ὲν
715 4817 807 4885 γῇ,
844 4816 901 4865 έν
946 4814 1194 4887 θαλάσσῃ
1233 4815 1489 4885 τυγχάνει
1528 4815 1677 4878 ὄντα,
1712 4814 1743 4885 ἦ
1781 4814 1917 4881 ζῶα,

334 4905 372 4976 ἢ
407 4903 679 4972 ζωζφυτα,
711 4905 744 4973 ἢ
782 4902 945 4971 φυτὰ,
989 4903 1083 4955 καὶ
1133 4904 1233 4955 ὅσα
1273 4904 1338 4956 ἐκ
1375 4903 1479 4973 γῆς
1533 4903 1921 4973 μεταλλεύεται

294 4994 440 5066 ,καὶ
488 4994 704 5063 τέχναις
747 4992 1050 5063 ἀνθρώπων
1098 4994 1417 5058 ὑποπίπτει,
1467 4995 1562 5047 καὶ
1606 4994 1706 5047 ὅσα
1759 4994 1924 5061 ’ἐτερα

337 5084 591 5148 τοιαῦτα,
627 5085 798 5157 δηλοῖ,
840 5086 1160 5156 ἰδιοτρόπως
1194 5085 1252 5140 δὲ
1296 5086 1479 5151 πάλιν,
1535 5086 1663 5139 ὅταν
1712 5083 1923 5154 ἀνθρὼ-

338 5193 498 5251 πους,
552 5175 702 5245 ἔθνη,
750 5177 934 5241 λαοὺς,
983 5176 1258 5245 γλώσσας.
1298 5176 1493 5248 φυλὰς,
1526 5176 1784 5247 πατριὰς,
1828 5175 1921 5227 καὶ

335 5272 444 5322 ὅσα
470 5268 717 5333 τοιαῦτα,
752 5269 849 5321 σὺν
875 5267 1094 5339 ἀριθμῷ
1129 5268 1161 5339 ἢ
1199 5267 1437 5338 ἀριθμοῦ
1463 5268 1632 5338 χωρίς
1656 5267 1917 5338 ὀνομάζῃ·

337 5363 487 5415 κατᾶ
513 5360 803 5432 πρόσωπον
828 5360 907 5422 δὲ,
944 5362 1072 5413 ὅταν
1113 5361 1262 5413 τόνδε
1294 5360 1384 5412 τὸν
1415 5360 1665 5425 ἄγγελον,
1702 5360 1733 5427 ἢ
1773 5359 1922 5411 τόνδε

336 5453 437 5506 τὸν
466 5451 827 5524 ἁρχάγγελον,
859 5452 891 5521 ἢ
938 5452 1211 5522 Σεραφῖμ,
1248 5450 1281 5520 ἢ
1312 5454 1411 5504 ὅσα
1441 5450 1549 5502 τῶν
1584 5452 1641 5501 ἐν
1672 5451 1923 5520 οὐρανοῖς

336 5545 721 5613 διαιτωμένων
764 5542 968 5612 νοερῶν
1007 5543 1228 5607 οὐσιῶν,
1271 5541 1329 5605 ἐξ
1364 5542 1628 5611 ὀνόματος
1677 5542 1837 5611 καλῇ,
1889 5542 1921 5611 ἢ

356 5634 692 5707 Ἀϐραὰμ,ἦ
738 5635 944 5696 Ἰσαὰκ,
977 5634 1009 5706 ἢ
1057 5631 1272 5699 Ἰακὼϐ,
1305 5634 1336 5705 ἢ
1365 5634 1552 5703 ἕτερόν
1585 5651 1706 5687 τινα
1736 5634 1843 5686 τῶν
1869 5638 1924 5686 ἐν

344 5728 554 5800 ἔπαίνῳ
594 5728 626 5799 ἢ
671 5727 824 5797 ψόγῳ
863 5728 930 5798 τῇ
976 5727 1167 5798 Γραφῇ
1210 5724 1503 5795 κειμένων,
1560 5724 1628 5778 δι’
1661 5726 1926 5796 ὀνόματος

2022 4539 2353 4610 generaliter
2383 4540 2620 4607 primum
2650 4552 2772 4591 eum
2810 4535 3035 4605 angelos
3064 4534 3149 4589 vel
3192 4533 3460 4604 quidquid
3490 4548 3607 4587 (τωο

2022 4630 2174 4684 lestis
2236 4639 2320 4682 est
2384 4626 2844 4681 intellectualiqu
2913 4624 3280 4679 cssentiarum
3354 4623 3613 4688 ordinis,
3663 4630 3677 4636 ’

2023 4722 2220 4776 deinde
2249 4737 2379 4777 vero
2399 4720 2564 4775 etiam
2592 4720 2763 4774 solem
2789 4725 2843 4772 et
2870 4718 3076 4781 lunam,
3098 4715 3306 4784 stellas,
3326 4715 3527 4786 ignem,
3551 4724 3606 4770 et

2023 4813 2390 4882 quodcunque
2426 4811 2479 4864 in
2512 4825 2664 4873 aere,
2696 4810 2751 4863 in
2777 4817 2943 4885 terra,
2979 4807 3034 4860 in
3085 4806 3222 4863 mari
3253 4814 3450 4871 exstat,
3490 4804 3603 4860 sive

2021 4905 2300 4966 animalia,
2331 4903 2444 4956 sive
2477 4902 2772 4973 zoophyta,
2799 4901 2923 4955 sive
2964 4900 3184 4969 plantae,
3226 4911 3282 4954 et
3322 4897 3606 4968 quodcun-

2025 5012 2130 5066 que
2156 5012 2222 5049 ex
2254 5002 2397 5048 terra
2427 4992 2691 5049 effoditur
2720 4993 3046 5062 artibusque
3071 4991 3360 5045 hominum
3387 4990 3606 5060 subjici-

2029 5099 2137 5150 tur,
2164 5098 2219 5141 et
2254 5100 2597 5156 qureeunque
2628 5086 2734 5139 alia
2761 5084 3055 5155 ejusmodi,
3083 5083 3349 5149 ostendit,
3393 5083 3608 5155 specia-
3650 5081 3659 5090 ’

2027 5180 2154 5233 liter
2188 5193 2318 5233 vero
2342 5192 2556 5242 rursus,
2581 5193 2708 5231 eum
2735 5176 3008 5255 homines,
3050 5176 3324 5240 nationes,
3350 5176 3604 5245 populos,
3636 5224 3645 5233 .

2027 5271 2262 5340 linguas,
2315 5269 2515 5332 tribus,
2569 5275 2781 5338 gentes,
2834 5275 2889 5320 et.
2922 5281 3045 5336 qua:
3076 5275 3206 5321 sunt
3255 5266 3475 5338 generis
3502 5266 3606 5320 lm-

2023 5356 2441 5428 jusmodi,cum
2468 5370 2701 5409 numero
2743 5362 2839 5408 aut
2883 5355 3002 5409 sine
3046 5370 3283 5409 numero
3328 5354 3604 5423 appellat;

2031 5449 2335 5523 secundum
2371 5463 2658 5517 personam
2686 5462 2842 5511 vero,
2875 5462 3001 5501 eum
3035 5446 3185 5501 hunc
3209 5448 3489 5515 angelum,
3518 5446 3605 5501 vel

2034 5543 2185 5594 hunc
2211 5538 2623 5608 archangelum,
2654 5538 2739 5591 vel
2775 5536 3089 5608 Seraphim,
3133 5537 3217 5591 vel
3269 5552 3610 5606 qtuecunquo

2034 5630 2491 5686 intellectualium
2548 5630 2601 5683 in
2653 5630 2792 5685 cmlo
2824 5630 3215 5693 essentiarum,
3254 5630 3477 5682 nomine
3513 5646 3610 5698 ap-

2036 5724 2234 5794 pellat,
2278 5722 2361 5777 vel
2415 5721 2721 5789 Abraham,
2778 5721 2862 5777 v’el
2908 5722 3079 5789 Isaac,
3137 5721 3223 5777 vel
3281 5721 3472 5789 Jacob,
3526 5721 3615 5778 vel
