4012 6368
546 335 681 402 1295

1725 347 1784 406 S.
1827 348 2114 444 ΜΑῌΙΜΙ
2151 350 2663 450 CONFESSORIS
2695 369 2700 375 ‘

3645 374 3760 447 1295

539 473 707 526 alium
733 471 1049 543 quempiam
1071 489 1265 528 eorum
1299 475 1394 546 qui
1451 477 1507 532 in
1537 477 1821 549 Scriptura
1871 489 1966 536 aut
2007 483 2085 536 lau

2189 486 2201 524 ι
2233 467 2574 539 παραδηλοῖ·
2609 471 2732 524 κατ’
2768 469 2928 537 ἀξίαν
2955 473 3034 540 δὲ,
3065 477 3228 548 ἡνίκα
3257 479 3553 554 βασιλείαν,
3579 490 3610 562 ἢ
3639 494 3765 562 βασι.

539 558 746 614 dantur
760 569 857 616 aut
873 562 1285 632 vituperantur,
1304 565 1526 622 nomine
1545 568 1796 636 denotat;
1823 572 2125 628 secundum

2230 557 2346 622 λέα,
2392 558 2425 629 ἢ
2477 563 2734 640 ποιμένα,
2766 563 2798 636 ἢ
2839 565 3095 638 ποίμνην,
3131 570 3165 640 ἦ
3201 572 3372 642 ἱερέα,
3413 577 3445 648 ἢ
3481 557 3764 657 ἱερωσύνην,

556 649 882 722 dignitatem
919 662 1129 720 autem,
1148 657 1369 726 quando
1399 674 1652 730 regnum,
1681 671 1774 718 aut
1807 679 2012 734 regem,
2031 682 2085 720 at

2227 651 2280 744 ἢ*
2295 652 2562 744 γεωργὸν,
2597 655 2988 744 ῆῗστρατηγὸν,
3026 661 3058 732 ἥ
3091 664 3474 735 ἀρχιτέκτονα,
3502 649 3590 726 καὶ
3609 649 3765 744 ἁπλῶς

537 751 838 810 pastorem,
861 753 956 799 aut
975 763 1218 818 gregem,
1250 758 1345 803 aut
1369 751 1736 818 sacerdotem,
1755 764 1850 809 aut
1869 757 2126 812 sacerdo-

540 834 698 900 tium,
712 844 810 890 aut
829 837 1149 904 agricolam,
1169 848 1266 893 aut
1287 849 1596 909 praetorem,
1617 854 1712 898 aut
1729 845 2120 912 architectum,

536 936 594 981 et
628 928 958 998 simpliciter
988 929 1184 1000 siquid
1211 931 1361 986 aliud
1379 947 1572 987 eorum
1594 934 1799 1004 quibus
1819 936 2121 993 humanum

535 1033 709 1090 genus
741 1018 1016 1074 dividitur
1048 1018 1374 1076 studiorum
1420 1033 1477 1078 et
1507 1025 1930 1094 professionum.
1959 1029 2120 1096 Qua:-

2227 739 2280 792 εί
2307 757 2360 792 τι
2405 740 2534 795 ἄλλο
2581 743 2692 798 τῶν
2728 739 2810 810 οἷς
2852 747 3110 822 διῄρηται
3153 753 3216 806 τὸ
3270 755 3600 827 ἀνθρώπινον
3637 739 3765 833 γένος

2224 833 2646 904 ἐπιτηδεύμασι.
2679 836 2868 892 Ταῦτα
2899 841 3009 912 γὰρ
3037 843 3216 898 πάντα
3248 846 3346 900 ὅσα
3381 851 3492 911 τοῖς
3516 853 3664 907 πέντε
3690 873 3766 909 πε-

2226 925 2520 996 ριεχόμενα
2550 927 2774 999 τρόποις
2815 931 3016 997 ἔδειξεν
3044 937 3072 988 ό
3105 937 3286 1004 λόγος,
3325 941 3483 1011 οὖσίᾳ
3512 945 3602 996 καὶ
3635 947 3766 1002 δυνά-

2223 1034 2314 1088 μει
2335 1019 2426 1071 καὶ
2454 1019 2724 1092 ἐνεργείᾳ,
2746 1025 2864 1086 ταῖς
2889 1025 3018 1095 περὶ
3047 1027 3184 1081 αύτά
3214 1029 3456 1099 πρώταις
3480 1033 3763 1106 διαιρέσεσι,

533 1123 769 1180 cumque
791 1110 938 1166 enim
954 1099 1202 1181 quinque
1225 1111 1333 1168 illis
1354 1115 1536 1171 modis
1558 1119 1956 1187 comprehensa
1977 1121 2080 1175 rati

2222 1109 2613 1180 συνιστάμενα,
2641 1112 2672 1182 ἦ
2699 1117 2840 1166 κινεῖ
2860 1116 3077 1182 πάντως
3099 1118 3130 1189 ἢ
3163 1121 3418 1183 κινεῖται,
3439 1123 3472 1193 ἢ
3496 1125 3764 1193 ἐνεργεῖται

531 1199 794 1263 ostendit,
833 1201 1074 1255 essentia
1101 1210 1158 1255 et
1185 1211 1458 1272 potestate
1475 1214 1532 1259 et
1557 1209 1796 1275 actione,
1830 1211 2114 1280 primariis

530 1289 676 1344 circa
711 1305 776 1344 ea
825 1289 1306 1353 distinctionibus,
1341 1295 1720 1363 consistentia,
1772 1314 1837 1353 ea
1888 1313 2116 1358 moveut

528 1379 756 1434 omnino
787 1390 883 1434 aut
905 1390 1220 1446 moventur,
1251 1393 1422 1454 agunt
1449 1395 1545 1440 aut
1577 1397 1836 1457 aguntur,
1862 1401 2115 1460 spectant

525 1478 624 1525 aut
671 1477 1016 1541 spectantur,
1073 1470 1269 1526 dicunt
1323 1482 1420 1528 aut
1453 1475 1738 1543 dicuntur,
1782 1479 1987 1534 docent
2016 1489 2114 1536 aut

528 1559 823 1627 docentur,
866 1562 1167 1616 advertunt
1207 1571 1304 1617 aut
1337 1575 1618 1633 avertunt,
1650 1577 1714 1628 ,et
1759 1569 2108 1641 simpliciter,

523 1659 585 1706 ut
615 1651 809 1720 paucis
837 1651 1038 1715 dicam,
1067 1652 1199 1707 dum
1233 1653 1446 1709 faciunt
1481 1665 1577 1710 aut
1633 1659 1940 1728 patiuntur,
1973 1665 2110 1718 acti-

519 1755 642 1797 vam
675 1750 732 1796 et
760 1743 1074 1798 naturalem
1104 1755 1160 1798 et
1193 1745 1560 1817 theologicam
1593 1748 1662 1804 de
1695 1758 1889 1806 mutuo
1914 1767 2105 1809 earum

517 1840 669 1888 mter
685 1850 743 1888 se
765 1849 910 1888 nexu
931 1835 1082 1890 varie
1103 1837 1268 1892 nobis
1285 1837 1653 1896 introducunt
1670 1843 2102 1914 philosophiam,

512 1939 640 1978 cum
692 1925 1132 1996 unumquodque
1190 1943 1386 1983 eorum
1451 1930 1718 1986 nimirum
1777 1951 1900 2005 qua:
1957 1938 2103 1994 dicta

513 2026 645 2069 sunt
685 2016 1042 2072 multifariam
1095 2021 1588 2092 contemplationis
1617 2024 1766 2082 circa
1807 2042 1866 2084 se
1918 2029 2098 2099 ipsum

514 2105 948 2174 cogitationibus
981 2123 1106 2162 cum
1141 2109 1304 2164 laude
1333 2119 1427 2165 aut
1451 2112 1732 2183 vituperio
1773 2117 2096 2189 accipiatur,

513 2209 752 2267 suasque
787 2200 1031 2254 rationes
1055 2201 1335 2256 faciendas
1355 2211 1454 2256 aut
1475 2219 1586 2258 non
1610 2203 1906 2272 faciendas,
1937 2219 2098 2265 natu-

521 2288 666 2343 rales
691 2296 786 2342 aut
818 2289 1178 2356 innaturales,
1218 2293 1594 2362 intelligibiles
1629 2303 1727 2350 aut
1753 2311 1864 2352 non
1893 2299 2098 2356 intelli-

508 2379 709 2450 gibiles
732 2381 1010 2436 ostendat.
1040 2383 1252 2454 Duplex
1275 2385 1446 2450 enim,
1475 2387 1555 2441 uti
1579 2386 1715 2452 dixi,
1733 2389 2093 2464 uniuscujus-

515 2483 623 2540 que
677 2473 912 2527 rat‘onis
955 2473 1154 2529 modus
1182 2485 1286 2540 cst,
1338 2477 1408 2530 ad
1449 2477 1768 2535 facultatem
1811 2483 1932 2553 ejus
1995 2485 2091 2555 qui

504 2562 992 2631 contemplationis
1050 2565 1108 2620 in
1163 2566 1246 2620 eis
1300 2569 1740 2638 explorationem
1789 2575 2093 2643 prudenter

504 2653 766 2720 instituit,
801 2663 861 2710 nt
883 2671 950 2712 ex
976 2657 1358 2715 faciendorum
1385 2670 1442 2716 et
1471 2664 1810 2719 naturalium
1835 2673 1892 2721 et
1930 2667 2092 2725 intel—

429 2789 436 2793 .
502 2745 794 2816 ligibilium
823 2748 1102 2803 rationum
1123 2751 1424 2820 positione,
1475 2765 1534 2810 et
1558 2771 1625 2810 ex
1663 2757 2087 2826 phantasiarum

502 2855 612 2894 non
644 2839 1034 2896 faciendarum
1057 2853 1112 2898 et
1134 2844 1534 2900 innaturalium
1567 2856 1623 2903 et
1653 2865 1764 2904 non
1819 2853 2086 2925 intelligi-

501 2931 694 2986 l:ilium
719 2931 1076 3003 ademptione
1093 2935 1272 2990 activa
1296 2946 1352 2992 et
1382 2941 1658 2997 naturalis
1689 2950 1746 2996 et
1772 2943 2082 3014 theologica

501 3021 749 3092 pariatur
784 3023 892 3093 piis
920 3025 1296 3096 philosOphia,
1330 3029 1415 3084 vel
1449 3033 1600 3117 quod
1641 3029 1789 3089 idem
1818 3043 1926 3100 est,
1984 3037 2082 3092 Dei

2217 1197 2250 1266 ἢ
2294 1191 2590 1274 ἐνεργεῖ,
2627 1203 2824 1275 θεωρεῖ
2871 1207 2904 1277 ἢ
2952 1207 3315 1284 θεωρεῖται,ῆ
3349 1191 3500 1267 λαλεί
3547 1191 3593 1286 ἦέ
3619 1191 3766 1274 λαλεῖ-

2214 1307 2326 1355 ται,
2373 1290 2407 1363 ἢ
2453 1293 2698 1348 διῗάσκει
2747 1297 2779 1367 ἢ
2831 1298 3162 1366 διδάσκεται,
3199 1302 3233 1372 ἢ
3262 1305 3562 1375 ἐπιτροπὴν
3593 1307 3624 1377 ἢ
3651 1311 3764 1365 ἀπο-

2213 1385 2424 1455 τροπὴν
2476 1387 2711 1456 δέχεται,
2756 1393 2852 1444 καὶ
2898 1391 3088 1454 ἁπλῶς
3137 1393 3225 1448 ἵνα
3273 1395 3511 1448 συνελὼν
3552 1397 3698 1466 εἴπω,
3735 1403 3761 1472 ἢ

2213 1472 2474 1529 ποιοῦντα
2503 1475 2536 1546 ἦ
2573 1477 2853 1548 πάσχοντα
2879 1479 2982 1548 τὴν
3022 1481 3336 1554 πρακτικὴν
3372 1483 3562 1556 (217
3584 1486 3644 1556 b)
3682 1489 3762 1540 καὶ

2208 1562 2308 1633 τὴν
2343 1567 2582 1637 φυσικὴν
2631 1572 2728 1622 καὶ
2771 1567 2870 1640 τὴν
2915 1567 3233 1642 θεολογικὴν
3275 1575 3421 1629 κατά
3475 1575 3760 1650 συμπλοκὴν

2207 1651 2276 1706 δι’
2309 1655 2557 1726 ἀλλήλων
2601 1655 2862 1722 ποικίλως
2888 1661 3022 1730 ἡμῖν
3055 1661 3408 1734 εἰσηγοῦνται
3450 1664 3758 1738 φιλοσοφίαν,

2206 1745 2438 1798 ἑκάστου
2465 1743 2665 1820 δηλαδὴ
2689 1749 2806 1802 ’τῶν
2832 1748 3242 1824 ὠνομασμένων
3289 1756 3638 1828 πολυτρόπως
3659 1763 3760 1825 ταῖς

2207 1835 2336 1904 περὶ
2365 1836 2496 1889 αὐτὸ
2531 1837 2676 1892 κατά
2705 1838 2804 1910 τὴν
2841 1839 3076 1914 Θεωρίαν
3123 1845 3395 1912 ἐπινοίαις
3434 1849 3758 1922 ἐπαινετῶςῆ

2203 1925 2421 1996 ψεκτῶς
2443 1926 2891 2002 λαμϐανομένου,
2923 1935 3020 1988 καὶ
3047 1936 3174 2002 τοὺς
3199 1939 3288 1991 ἐπ’
3319 1939 3474 2012 αὖτῷ
3504 1941 3760 2014 ποιητέους

2200 2017 2234 2089 ἢ
2266 2019 2327 2072 οὐ
2357 2021 2668 2092 ποιητέους,
2702 2022 2735 2096 ἢ
2769 2027 3094 2099 φυσικοὺςῆ
3125 2031 3460 2100 ἀφυσίκουςο
3497 2033 3530 2104 ἦ
3560 2035 3760 2104 νοητοὺς

2199 2109 2233 2181 ἢ
2285 2111 2549 2183 ἀνοήτους
2603 2113 2796 2185 λόγους
2845 2119 3218 2187 ὲκφαίνοντος.
3267 2123 3461 2188 Διττὺς
3523 2123 3652 2194 γὰρ,
3698 2125 3760 2190 ὡς

2199 2201 2360 2273 ἔφην,
2396 2204 2426 2256 ό
2444 2204 2546 2292 ἐφ’
2575 2205 2792 2278 ἑκάστῳ
2819 2207 2966 2278 λόγῳ
2989 2209 3193 2280 τρόπος
3220 2211 3365 2278 ἐστὶ,
3401 2213 3546 2292 κατά
3585 2213 3644 2268 τὸ
3687 2215 3760 2270 δν-

2197 2287 2360 2342 νατὸν
2402 2287 2480 2360 τῷ
2534 2292 2848 2364 ποιουμένῳ
2893 2294 2994 2366 τὴν
3039 2297 3130 2350 ἐπ’
3167 2299 3356 2364 αὐτοῖς
3400 2287 3638 2368 συνετῶς
3678 2307 3758 2376 τῆς

2202 2377 2438 2450 θεωρίας
2485 2380 2749 2451 ἐξέτασιν,
2794 2384 2880 2439 ἴνα
2920 2385 2984 2440 ἐκ
3019 2404 3080 2440 τε
3105 2388 3209 2460 τῆς
3235 2391 3345 2445 τῶν
3384 2394 3652 2466 ποιητέων
3681 2396 3757 2449 καὶ

2195 2470 2447 2538 φυσικῶν
2481 2474 2574 2526 καὶ
2604 2473 2811 2546 νοητῶν
2839 2475 3016 2546 λόγων
3047 2479 3271 2546 θέσεως,
3301 2484 3402 2537 καὶ
3443 2487 3509 2539 ἐκ
3537 2485 3635 2556 τῆς
3669 2487 3758 2540 τῶν

2192 2561 2254 2614 ού
2296 2563 2568 2635 ποιητέων
2607 2567 2704 2620 καὶ
2737 2567 3026 2638 ἀφυσίκων
3059 2572 3153 2625 καὶ
3197 2574 3447 2644 ἀνοήτων
3472 2577 3755 2646 φαντασιῶν

2193 2651 2558 2732 ἀφαιρέσεως,
2585 2656 2621 2726 ἡ
2651 2659 2930 2728 πρακτικὴ
2963 2659 3059 2714 καὶ
3098 2663 3132 2731 ἡ
3167 2665 3374 2734 φυσικὴ
3409 2665 3504 2718 καὶ
3544 2667 3576 2736 ὴ
3611 2665 3756 2720 θεολο-

2191 2743 2324 2812 γικὴ
2359 2746 2695 2819 περιποιηθῇ
2729 2751 2842 2813 τοῖς
2873 2749 3476 2826 εύσεϐέσι,φιλοσοφία,
3503 2757 3687 2811 ταύτὸν
3708 2757 3753 2810 δέ

2193 2835 2344 2887 ἐστιν
2391 2836 2592 2904 εἰπεῖν,
2650 2837 2924 2908 φιλοθεῖα.
2973 2843 3084 2897 Καὶ
3136 2841 3298 2900 αὗται
3327 2842 3390 2900 δὲ
3415 2848 3576 2902 πάλιν
3603 2847 3672 2920 τῷ
3701 2865 3750 2902 τε

2189 2925 2419 2994 παρόντι
2453 2928 2548 2982 καὶ
2567 2927 2646 2999 τῷ
2671 2930 2920 3000 μέλλοντι
2946 2933 3301 3004 διαιροῦνται,
3331 2937 3412 3001 ὡς
3442 2939 3598 2992 σκιάν
3618 2938 3751 3010 ἔχου-

2187 3037 2280 3076 σαι
2313 3023 2408 3076 καὶ
2458 3023 2742 3096 ἀλήθειαν,
2792 3029 2888 3083 καὶ
2927 3027 3100 3082 τύπον
3133 3029 3228 3083 καὶ
3268 3032 3635 3101 ἁρχετυπίαν.
3675 3033 3746 3094 Ὠς

498 3127 674 3168 amor.
707 3114 840 3182 Quae
867 3132 1064 3172 rursus
1091 3117 1418 3174 dividuntur
1447 3111 1706 3192 praesenti
1753 3141 1820 3180 ac
1867 3127 2077 3194 futuro,

2189 3111 2233 3166 δ’
2272 3112 2338 3167 ἂν
2369 3114 2668 3188 ὑπερφυῶς
2711 3134 2773 3170 τε
2819 3119 2916 3174 καὶ
2967 3119 3190 3190 ὑψηλῶς
3229 3120 3461 3177 δυνατόν
3492 3124 3606 3177 ἐστι
3629 3121 3751 3178 κατᾶ

499 3218 622 3258 cum
642 3205 892 3260 umbram
920 3215 976 3262 ct
1016 3208 1308 3270 veritatem
1353 3211 1617 3280 habeant,
1665 3225 1723 3271 et
1775 3228 1962 3288 typum
2025 3231 2083 3278 et

497 3295 898 3366 archetypiam.
937 3299 1098 3365 Quod
1127 3299 1173 3355 si
1200 3304 1475 3374 egregiam
1512 3306 1679 3362 homo
1703 3319 1870 3380 atque
1901 3313 2080 3368 subli-

495 3401 641 3440 mem
674 3388 780 3443 hoc
807 3379 1014 3444 saeculo
1034 3391 1209 3457 habet
1238 3393 1558 3452 facultatem
1591 3379 1870 3456 summum
1898 3404 2079 3475 adipi-

495 3478 688 3532 scendi
718 3480 943 3536 virtutis
972 3489 1030 3536 et
1057 3483 1393 3554 cognitionis
1421 3499 1478 3542 et
1525 3490 1811 3560 sapientiae
1849 3495 2077 3552 modum

492 3569 910 3641 excellendique
937 3573 1168 3628 scicntia
1208 3592 1394 3632 rerum
1441 3579 1776 3650 divinarum,
1820 3585 1990 3644 habet
2021 3589 2077 3644 in

493 3669 622 3731 typo
650 3671 705 3716 et
733 3663 970 3734 imagine
1003 3657 1456 3740 archetyporum.
1489 3669 1675 3745 Typus
1707 3677 2075 3737 enim-revera

379 3789 393 3804 .
488 3751 672 3806 (mntis
721 3763 914 3808 nostra
963 3771 1114 3814 nunc
1136 3773 1259 3828 quae
1303 3770 1564 3819 censetur
1627 3768 1832 3824 veritas
1879 3780 1985 3836 est,
2017 3783 2076 3828 et

491 3844 687 3899 umbra
713 3848 938 3918 majoris
967 3849 1202 3906 rationis
1227 3863 1394 3924 atque
1428 3855 1608 3928 imago
1631 3870 1760 3914 est.-
1794 3863 1956 3920 Ratio
2005 3881 2070 3922 ea

487 3951 612 4005 qua:
655 3937 711 3992 iu
743 3939 1022 3996 universis
1075 3943 1130 4000 in
1161 3948 1454 4016 prtesentia
1495 3949 1563 4004 ad
1621 3968 1792 4022 usque
1821 3955 2071 4014 futurum

489 4025 657 4091 inest,
700 4027 1089 4084 universorum
1139 4033 1436 4099 conditrix,
1476 4051 1600 4090 cum
1657 4049 1766 4093 tam
1827 4041 1882 4095 in
1941 4053 2071 4114 typo

487 4132 649 4184 quam
703 4118 759 4172 in
791 4119 1026 4175 veritate
1053 4122 1206 4186 insit,
1263 4133 1373 4178 tam
1431 4127 1701 4182 exsistere
1738 4129 2068 4202 intelligitur

485 4225 650 4278 quam
679 4209 875 4275 videri,
905 4227 1031 4266 cum
1066 4221 1176 4266 tam
1232 4216 1582 4282 prmsentiam
1607 4208 1769 4287 quam
1818 4218 2086 4287 futurum,

488 4313 597 4353 tam
647 4306 834 4373 typum
864 4318 1028 4372 quam
1066 4305 1354 4360 veritatem
1387 4318 1634 4377 superet,
1667 4325 1736 4364 eo
1755 4311 1901 4380 quod
1929 4312 2065 4368 nihil

483 4391 818 4460 oppositum,
857 4392 1006 4461 quod
1031 4408 1216 4448 secum
1265 4411 1372 4450 una
1401 4407 1702 4465 spectetur,
1741 4400 1928 4456 habet.
1956 4397 2065 4472 Op-

483 4480 720 4548 positum
742 4489 924 4541 autem
956 4481 1173 4537 veritati
1204 4491 1289 4538 est
1327 4484 1697 4541 mendacium.
1739 4489 1926 4560 Itaque
1966 4507 2059 4546 ve—
2099 4474 2140 4528 Ῑ)

377 4623 388 4634 ,
482 4571 699 4626 ritatem
733 4582 960 4642 superat
999 4589 1064 4628 ea
1114 4573 1180 4627 ad
1205 4587 1372 4644 quam
1431 4577 1689 4634 universa
1724 4580 2062 4650 colliguntur

2181 3203 2277 3257 τὸν
2322 3205 2496 3260 αἰῶνα
2539 3209 2729 3264 τοῦτον
2772 3209 2852 3282 τῷ
2903 3210 3180 3284 ἀνθρώπῳ
3207 3213 3270 3267 τὸ
3299 3213 3602 3287 ἀκρότατον
3633 3213 3752 3284 φθά-

2185 3308 2384 3359 σαντες
2415 3296 2616 3368 μέτρον
2640 3299 2740 3370 τῆς
2767 3301 2973 3372 ἀρετῆς
3001 3303 3098 3356 καὶ
3125 3305 3224 3376 τῆς
3261 3305 3528 3373 γνώσεως
3548 3305 3637 3360 καὶ
3662 3305 3746 3374 τῆς

2184 3387 2377 3457 σοφίας
2425 3389 2812 3460 περιγενέσθαι
2851 3395 2951 3464 τὴν
2989 3395 3102 3448 τῶν
3145 3395 3305 3450 θείων
3349 3399 3672 3470 ἐπιστήμην,
3699 3400 3748 3453 ἐν

2179 3477 2338 3550 τύπῳ
2380 3481 2476 3533 καὶ
2519 3481 2692 3536 εἰκόνι
2736 3483 2844 3538 τῶν
2885 3485 3212 3556 ἀρχετύπων
3257 3487 3404 3543 ὲστί.
3446 3488 3624 3553 Τύπος
3655 3488 3748 3560 γάρ

2178 3570 2328 3648 ἐστιν
2366 3569 2440 3636 ὡς
2497 3569 2719 3645 ἀληθῶς
2761 3575 2914 3629 πᾶσα
2944 3579 3080 3650 παρ’
3119 3577 3278 3649 ἡμῶν
3313 3575 3414 3634 νῦν
3445 3577 3584 3636 εἶναι
3613 3598 3747 3654 νομι-

2179 3644 2384 3736 ζομένη
2428 3663 2680 3736 ἀλήθεια,
2719 3667 2816 3720 καὶ
2867 3668 2997 3722 σκιὰ
3028 3644 3440 3740 ’τοῦ-μείζονος
3483 3672 3638 3744 λόγου
3666 3644 3747 3729 καὶ

2176 3757 2364 3813 εἰκών.
2410 3757 2469 3812 Ὀ
2503 3761 2560 3813 έν
2597 3760 2738 3826 ὅλοις
2782 3763 2928 3818 κατὰ
2963 3763 3023 3818 τὸ
3069 3765 3250 3838 παρὸν
3293 3765 3434 3837 πρὸς
3481 3769 3544 3822 τὸ
3573 3767 3747 3841 μέλλον

2176 3850 2273 3904 καὶ
2301 3849 2412 3904 τῶν
2458 3851 2598 3907 ὅλων
2633 3841 2918 3924 ποιητικὸς
2949 3855 3108 3926 λόγος
3133 3859 3577 3930 κατανοούμενός
3613 3861 3744 3914 ἐστιν

2175 3941 2252 4006 ὼς
2281 3942 2338 3994 ὲν
2361 3941 2520 4014 τύπῳ
2550 3945 2645 3998 καὶ
2673 3945 2926 4018 ἀληθείᾳ,
2952 3947 3049 4001 καὶ
3089 3946 3166 4001 ὢν
3195 3950 3289 4003 καὶ
3311 3954 3655 4023 φαινόμενος,
3681 3950 3744 4010 ὡς

2175 4032 2322 4104 ὑπὲρ
2350 4035 2412 4088 τὸ
2453 4036 2632 4108 παρὸν
2665 4037 2762 4092 καὶ
2795 4037 2857 4091 τὸ
2885 4039 3081 4109 μέλλον
3113 4039 3213 4106 ὢν,
3263 4043 3362 4096 καὶ
3411 4043 3556 4116 ὑπὲρ
3589 4042 3744 4095 τύπον

2173 4125 2268 4178 καὶ
2307 4124 2598 4198 ἀλήθειαν,
2629 4127 2708 4200 τῷ
2742 4129 2913 4201 μηδὲν
2943 4129 3092 4201 ἔχειν
3123 4133 3510 4204 ἀντικείμενον
3534 4132 3742 4188 συνθειιιι⁴

2174 4217 2464 4294 ρούμενον.
2535 4221 2866 4300 Ἀντλίκειται
2921 4224 2981 4279 δὲ
3033 4227 3102 4297 τῇ
3157 4225 3392 4298 ἀληθείᾳ
3431 4225 3494 4282 τὸ
3544 4225 3739 4300 ψεῦδος.

2175 4308 2376 4383 (213'
2405 4311 2468 4380 a)
2513 4313 2684 4385 ’Υπὲρ
2735 4298 3006 4387 ’ἀλήθειαν
3029 4318 3138 4391 ἄρα
3175 4319 3204 4371 ὁ
3231 4319 3370 4391 πρὸς
3392 4320 3452 4374 δν
3479 4298 3567 4374 τά
3585 4319 3740 4372 πάντα

2173 4403 2472 4470 συνάγεται
2504 4404 2688 4474 λόγος,
2725 4408 2820 4463 καὶ
2857 4405 3035 4476 αὖθις,
3075 4411 3153 4476 ὡς
3185 4411 3479 4484 ἄνθρωπος
3509 4411 3605 4468 καὶ
3625 4410 3740 4472 Θεδς

2173 4494 2457 4565 ὑπάρχων,
2493 4497 2586 4550 καὶ
2611 4498 2754 4570 ὑπὲρ
2781 4501 2965 4556 πᾶσαν
2998 4500 3076 4556 ῶν
3115 4501 3334 4574 ἀληθῶς
3363 4499 3738 4574 ἀνθρωπότητά

2167 4600 2227 4636 τε
2265 4585 2362 4638 καὶ
2387 4585 2640 4656 θεότητα.
3511 4591 3526 4609 ⁸

481 4663 641 4726 ratio,
679 4665 996 4736 pariterque
1065 4681 1282 4731 rursus,
1352 4676 1412 4720 ut
1461 4668 1628 4724 homo
1667 4680 1724 4724 et
1763 4672 1930 4736 Deus,
1968 4673 2136 4728 etiam
2175 4677 2394 4730 omnem
2441 4691 2633 4733 revera
2694 4679 3094 4760 humanitatem
3157 4691 3214 4738 et
3258 4683 3606 4742 divinitatem
3652 4697 3737 4740 su-

480 4763 658 4823 terat.

550 4844 902 4916 Colliguntur
928 4849 1096 4919 igitur
1131 4848 1360 4923 priores
1409 4853 1634 4923 quidem
1673 4856 1915 4926 quinque
1967 4874 2056 4912 ra-

479 4941 658 4995 tiones
715 4939 784 4994 de
833 4941 1132 4999 multifaria
1198 4944 1442 5014 ipsarum
1475 4929 1940 5018 contemplatione
2002 4951 2058 5004 in

459 5031 707 5086 activam
735 5035 1116 5088 etnaturalem
1141 5044 1197 5089 et
1227 5036 1591 5107 theologicam
1617 5039 2053 5111 philosophiam,

474 5123 558 5176 lue
583 5139 716 5177 vero
767 5139 963 5180 rursus
991 5125 1045 5180 in
1088 5127 1442 5196 przesentiam
1489 5137 1655 5198 atque
1691 5130 1960 5209 futurum,
1999 5131 2053 5186 id

467 5216 558 5269 ist
600 5223 791 5286 typum
838 5227 1003 5287 atque
1041 5218 1356 5282 veritatem,
1394 5219 1685 5289 pi'azsentia
1719 5237 1850 5275 vero
1883 5230 1938 5275 et
1969 5221 2056 5276 fu-

474 5320 658 5361 turum
688 5309 741 5362 in
763 5307 1091 5378 principale,
1143 5313 1258 5365 sive
1287 5312 1340 5365 in
1379 5311 1674 5376 rationem,
1727 5313 1782 5367 id
1819 5321 1902 5367 est
1928 5313 2052 5368 Ser-

474 5414 713 5457 monem.
745 5415 867 5467 qua:
893 5411 1013 5454 erat
1045 5401 1100 5454 in
1130 5401 1425 5472 principio,
1461 5418 1584 5472 qua:
1638 5413 1815 5458 semet
1855 5404 1965 5474 pati
1996 5413 2052 5460 et

469 5487 660 5542 videre
691 5489 822 5542 facit
856 5504 951 5543 cos
974 5489 1066 5558 qui
1101 5490 1187 5543 sui
1228 5491 1378 5562 digni
1422 5491 1552 5545 facti
1603 5491 1831 5558 fucrinP,
1869 5503 1924 5548 et
1953 5509 2050 5562 per

470 5597 533 5632 ea
561 5595 680 5648 quae
711 5580 854 5634 dicta
891 5590 1021 5634 sunt
1053 5595 1420 5640 summocum
1451 5583 1638 5638 studio
1665 5585 1732 5640 ad
1770 5602 1890 5642 sese
1923 5589 2048 5653 iter,

469 5676 525 5722 et
543 5669 806 5723 decadt'm
835 5687 932 5739 per
963 5672 1112 5741 ipsos
1143 5671 1339 5727 factam
1395 5689 1510 5742 per,
1528 5675 1706 5743 ipsum
1761 5677 2050 5733 effecerint

471 5757 788 5822 monadcm,
821 5760 888 5814 de
924 5762 1078 5815 omni
1109 5777 1205 5816 cos
1235 5765 1478 5819 motione
1531 5765 1776 5833 passioni
1811 5767 2050 5824 obnoxia

2241 4857 2384 4910 Συνᾶ
2399 4875 2578 4926 ίονται
2625 4861 2810 4915 τοίνυν
2845 4863 2894 4914 ol
2931 4861 3032 4932 μὲν
3067 4864 3328 4937 πρότεροι
3365 4865 3527 4920 πέντε
3559 4865 3732 4938 τρόποι

2167 4950 2310 5002 κατά
2337 4951 2436 5019 τὴν
2465 4953 2552 5004 ἐπ’
2587 4955 2770 5018 αὐτοῖς
2813 4953 3154 5024 πολύτροπον
3183 4956 3419 5028 θεωρίαν
3474 4959 3557 5022 είς
3600 4973 3730 5028 πρα-

2165 5043 2362 5113 κτικὴν
2385 5045 2476 5097 καὶ
2491 5046 2728 5116 φυσικὴν
2755 5047 2850 5100 καὶ
2867 5045 3186 5118 θεολογικὴν
3217 5049 3559 5119 φιλοσοφίαν,
3585 5041 3728 5102 αὗται

2163 5134 2221 5187 δὲ
2263 5135 2430 5190 πάλιν
2456 5139 2536 5200 εἰς
2563 5137 2626 5190 τὸ
2654 5137 2828 5210 παρὸν
2859 5141 2952 5192 καὶ
2978 5141 3060 5202 εἰς
3086 5139 3149 5194 τὸ
3182 5142 3398 5211 μέλλον,
3434 5143 3552 5214 ἦτοι
3577 5140 3726 5194 τύπον

2165 5227 2259 5279 καὶ
2310 5227 2594 5299 ἀλήθειαν,
2647 5229 2708 5282 τὸ
2755 5230 2933 5301 παρὸν
2986 5231 3044 5284 δὲ
3095 5233 3191 5286 καὶ
3235 5232 3297 5286 τὸ
3350 5233 3541 5305 μέλλον
3573 5233 3648 5295 είς
3673 5231 3726 5282 τὸ

2163 5317 2417 5387 ἀρχικὸν,
2455 5319 2626 5390 ἡγουν
2659 5320 2751 5372 τὸν
2803 5322 2860 5373 ὲν
2903 5324 3046 5392 ἀρχῇ
3103 5321 3298 5391 Λόγον,
3342 5325 3434 5377 τὸν
3486 5320 3726 5376 ποιοῦντα

2163 5409 2359 5462 παθεῖν
2404 5411 2566 5462 αὑτὸν
2613 5412 2708 5464 καὶ
2762 5413 2892 5465 ίδεῑν
2928 5414 3056 5476 τοὺς
3087 5412 3272 5478 ἀξίους
3317 5414 3480 5469 αὑτοῦ
3509 5410 3722 5482 γενομέ-

2164 5518 2306 5564 νους,
2352 5501 2446 5554 καὶ
2482 5501 2567 5555 διὰ
2601 5503 2713 5554 τῶν
2760 5503 3072 5574 εἰρημένων
3107 5506 3412 5574 φιλοπόνως
3458 5505 3556 5575 τὴν
3601 5502 3720 5571 πρὶς

2161 5589 2321 5641 αὑτὸν
2340 5591 2744 5660 ποιησαμένους
2771 5593 3016 5661 πορείαν,
3039 5596 3135 5648 καὶ
3158 5595 3257 5664 τὴν
3277 5595 3344 5649 δι’
3365 5595 3558 5658 αὐτοὺς
3581 5608 3718 5662 γενο-

2165 5679 2332 5748 μένην
2377 5681 2574 5735 δεκάδα
2621 5683 2688 5736 δι’
2726 5685 2887 5738 αὐτὸν
2935 5689 3337 5757 ποιησαμένους
3387 5687 3600 5759 μονάδα,
3632 5687 3716 5750 τὴν

2161 5773 2357 5835 αὐτοὺς
2387 5774 2750 5841 έκτινάξασαν
2767 5777 3251 5848 παντδςέμπὰθοῦς
3281 5797 3337 5832 τε
3369 5782 3462 5834 καὶ
3504 5774 3711 5848 φυσικιῦ
