4012 6378
262 488 398 556 ίΞΞΠ

1497 473 2016 555 AMBIGUORUM
2057 496 2312 556 LIBER.

3382 494 3522 568 1298

254 605 348 660 καὶ
393 620 589 676 νοητου
637 607 958 678 κινήματος,
992 607 1086 661 καὶ
1115 607 1214 677 τὴν
1247 607 1304 660 ἐν
1333 608 1518 678 χάριτι
1556 607 1708 661 θείαν
1739 609 1817 661 αὐ·

1941 617 1991 662 et
2023 609 2262 665 naturali
2293 620 2350 664 et
2376 609 2733 664 intellectuali
2761 611 3119 668 decussuram
3166 611 3522 686 divinumque

249 699 368 761 τοῖς
399 697 540 750 κατᾶ
587 699 688 766 τὴν
739 698 1034 770 ὀλόκληρον
1081 698 1196 763 ἓξιν
1256 699 1706 771 ὲμμορφὼσασαν
1738 701 1840 770 τῆς

251 787 396 842 καίτὰ
423 788 588 857 φύσιν
619 788 773 852 θείας
791 789 1094 859 ἁπλότητος
1128 789 1388 860 ἰδιότητα.
1435 791 1630 844 Ἰστέον
1655 791 1709 843 δὲ
1743 790 1836 842 καὶ

244 877 428 944 τοῦτο,
455 877 540 930 ὅτι
575 879 674 948 τῆς
715 877 816 948 μὲν
843 877 1098 948 προνοίας
1129 880 1156 930 ὁ
1185 877 1343 946 λόγος
1373 881 1438 949 τῇ
1474 881 1703 950 φυσικῇ,
1743 880 1837 933 καὶ

243 969 274 1020 ὁ
299 967 399 1036 τῆς
429 967 664 1040 κρίσεως
689 968 846 1037 λόγος
867 971 933 1038 τῇ
969 971 1246 1040 πρακτικῇ
1280 969 1658 1041 κατέσπαρται
1689 970 1836 1038 φιλο-

243 1061 433 1131 σοφίᾳ,
469 1060 608 1114 κατὰ
637 1061 764 1124 τοὺς
790 1061 972 1124 αὐτοῖς
1003 1061 1318 1132 πρέποντας
1349 1061 1610 1132 τρόπους,
1645 1057 1724 1124 οἷς
1749 1063 1837 1116 διὰ

238 1155 344 1226 τῆς
373 1155 605 1227 Θεωρίας
633 1157 744 1210 τῶν
771 1157 943 1212 ὄντων
979 1175 1040 1211 τε
1089 1157 1180 1210 καὶ
1215 1157 1520 1228 γινομένων
1549 1159 1836 1228 ἐμφαίνον·

233 1263 357 1301 ται.
383 1247 590 1313 Ταῦτα,
633 1247 817 1312 καθὼς
853 1250 1091 1321 εἴρηται,
1129 1251 1426 1311 νενοηκότα
1451 1249 1540 1303 τὸν
1571 1249 1830 1320 θεόφρονα

232 1335 434 1391 τοῦτον
478 1337 802 1393 διδάσκαλον
847 1337 1004 1410 οἶμαι
1026 1338 1073 1370 ⁸⁸
1105 1339 1435 1410 προσφόρως
1477 1339 1604 1402 τοὺς
1633 1339 1835 1408 ὀνομα-

237 1429 473 1494 σθέντας
503 1429 694 1500 ἁγίους
727 1431 792 1486 ὲκ
823 1429 918 1484 τοῦ
945 1431 1088 1486 κατὰ
1117 1431 1273 1502 γένος
1308 1433 1402 1486 καὶ
1427 1429 1585 1496 ἀξίαν
1620 1431 1830 1502 τρόπου

230 1520 342 1590 τῆς
370 1521 458 1573 ἐπ’
476 1521 664 1585 αὐτοῖς
688 1521 924 1593 θεωρίας
955 1522 1209 1590 καλέσαι,
1237 1523 1327 1576 τὸν
1351 1523 1409 1576 δὲ
1437 1522 1610 1593 μέγαν
1651 1523 1831 1576 Ἰωαν-

231 1629 338 1682 νην
386 1613 480 1667 καὶ
516 1616 580 1667 ὲκ
622 1613 720 1668 τοῦ
753 1615 943 1668 τόπου.
994 1613 1198 1686 Διόπερ
1236 1615 1264 1668 ὁ
1308 1614 1411 1686 μὲν
1455 1613 1609 1682 am;
1647 1613 1830 1668 Ἰωάν-

230 1720 358 1775 νης,
385 1705 461 1769 ὡς
489 1706 588 1775 μὲν
619 1705 796 1778 κῆρυξ
829 1705 1144 1778 μετανοίας,
1177 1705 1430 1778 πράξεώς
1455 1707 1606 1760 ἐστιν
1637 1705 1824 1771 εἰκὼν,

226 1793 310 1858 ὡς
339 1793 398 1848 δὲ
429 1794 1030 1867 ἑρημίτης,ἁπαθείας,
1059 1796 1135 1858 ὼς
1157 1796 1390 1866 Δευῖτης
1415 1795 1470 1849 δὲ
1499 1795 1592 1850 καὶ
1623 1798 1822 1866 ἱερεὺς,

229 1887 550 1956 γνωστικῆς
582 1886 841 1966 θεωρίας,
877 1887 950 1952 ὡς
997 1887 1054 1941 δὲ
1083 1887 1178 1942 τοῦ
1212 1888 1374 1957 λόγου
1407 1891 1825 1961 προσκιρτήσας

1948 702 2003 754 in
2037 699 2216 770 gratia
2253 701 2336 755 eis
2365 701 2669 756 secundum
2727 701 3001 772 integrum
3053 704 3300 758 habitum
3357 707 3526 762 infor-

1943 801 2212 846 maturam
2247 791 2445 846 divinze
2465 775 2792 847 naturaliter
2814 793 3185 863 simplicitatis
3219 798 3526 866 proprieta—

1943 891 2074 936 tem.
2114 873 2410 938 Sciendum
2443 893 2628 938 autem
2659 884 2765 938 hoc
2787 899 3006 954 quoque
3030 895 3138 950 est,
3164 887 3526 954 providentiae

1942 970 2210 1026 rationem
2237 971 2494 1039 naturali,
2521 971 2714 1041 judicii
2740 971 3006 1027 rationem
3043 973 3220 1027 activa
3245 989 3368 1028 esse
3405 977 3527 1044 phi-

1937 1059 2189 1130 losophia
2225 1071 2422 1126 satam,
2447 1063 2748 1116 secundum
2777 1062 2972 1118 modos
3013 1065 3433 1130 convenientes,
3469 1068 3522 1121 in

1937 1151 2141 1222 quibus
2162 1169 2262 1222 per
2287 1169 2480 1208 eorum
2509 1170 2631 1224 quae
2647 1153 2920 1210 exsistunt
2944 1164 3000 1210 et
3025 1154 3164 1212 ﬁunt
3185 1155 3527 1226 contempla-

1936 1242 2141 1298 tionem
2173 1243 2612 1300 manifestantur.
2647 1244 2783 1309 Hoc,
2825 1245 2905 1301 uti
2935 1245 3070 1310 dixi,
3129 1245 3413 1302 intellectu
3442 1252 3524 1300 at-

1935 1346 2046 1406 que
2098 1337 2343 1392 consilio
2398 1335 2650 1392 divinum
2707 1339 2856 1396 hunc
2904 1337 3144 1393 arbitror
3192 1339 3522 1408 magistrum

1934 1436 2178 1494 sanctos,
2199 1445 2341 1500 quos
2366 1429 2684 1500 appellavit,
2705 1439 3076 1501 congruenter
3108 1446 3176 1486 ex
3203 1430 3368 1484 modo
3389 1447 3523 1484 con-

1933 1519 2302 1589 templationis
2347 1515 2541 1577 eorum
2591 1536 2821 1576 vocasse
2890 1520 3190 1578 secundum
3239 1537 3414 1592 genus
3465 1529 3529 1576 et‘

1931 1609 2276 1680 dignitatem,
2309 1627 2566 1683 magnum
2612 1623 2747 1666 vero
2775 1612 3045 1668 Joannem
3078 1613 3244 1668 etiam
3297 1613 3364 1667 de
3413 1613 3516 1666 loci

1931 1702 2116 1756 modo.
2141 1701 2324 1770 Quare
2352 1711 2575 1758 sanctus
2599 1703 2860 1770 Joannes,
2889 1713 2950 1758 ut
3006 1703 3352 1774 paenitentiae
3379 1719 3517 1773 prae-

1932 1811 2018 1860 co,
2050 1797 2285 1852 actionis
2315 1797 2620 1868 estimago,
2659 1806 2718 1852 ut
2746 1797 2998 1859 eremita,
3027 1795 3510 1866 impassibilitatis,

1930 1895 1990 1940 ut
2016 1887 2206 1945 Levita
2224 1895 2279 1941 et
2309 1888 2592 1951 sacerdos,
2619 1889 2882 1958 gnosticaa
2912 1885 3420 1956 contemplationis,
3455 1892 3519 1940 ut

227 1977 344 2032 ἀπὸ
393 1978 654 2049 γαστρὸς,
697 1979 964 2051 ἁτρειζμίας
1017 1980 1113 2034 καὶ
1156 1981 1257 2051 τῆς
1308 1981 1431 2034 κατ’
1475 1981 1676 2054 ἀρετὴν
1723 1983 1817 2034 καὶ

1928 1986 2048 2033 vero
2095 1979 2325 2034 rationis
2355 1995 2422 2034 ex
2450 1989 2606 2034 utero
2639 1980 2938 2043 exsultans,
2966 1977 3288 2033 constantiae
3323 1985 3378 2032 et
3419 1977 3517 2032 ha-

226 2067 440 2138 γνῶσιν
485 2069 656 2136 ἓξεὼς
701 2072 819 2125 ἐστι
871 2071 932 2124 σύ
944 2071 1140 2142 μϐολον
1163 2088 1178 2102 ·
1211 2073 1238 2126 ὁ
1265 2071 1321 2126 δὲ
1346 2071 1503 2143 ἅγιος
1529 2073 1718 2139 Δαϐὶδ,
1747 2072 1823 2138 ὡς

229 2160 338 2230 μὲν
389 2160 647 2226 Ἰουδαῖος
681 2161 884 2235 (218
913 2162 980 2235 ὁ)
1009 2164 1104 2218 καὶ
1139 2165 1366 2236 ποιμὴν,
1408 2164 1509 2235 τὴν
1540 2164 1608 2217 δι’
1629 2163 1825 2234 ἐξομο-

225 2249 515 2322 λογήσεως
557 2256 870 2325 πρακτικὴν
905 2254 1230 2325 φιλοσοφίαν
1265 2255 1612 2320 εἰκονίζεται,
1647 2255 1723 2318 ὡς
1767 2253 1822 2308 δὲ

226 2342 488 2414 βασιλεὺς
531 2345 767 2416 Ἰσραὴλ,
800 2347 899 2418 τὴν
935 2347 1279 2419 θεωρητικὴν
1326 2350 1630 2418 εἰσηγεῖται
1661 2364 1826 2419 μυστ-

225 2436 500 2504 αγωγίαν.
560 2437 723 2502 Γὲνος
778 2437 871 2491 οὖν
928 2437 1022 2492 τοῦ
1075 2439 1175 2509 μὲν
1225 2437 1384 2506 ἁγίου
1448 2439 1698 2493 Ἰωάννου
1763 2437 1824 2492 τὸ

227 2527 386 2590 ἔθνος
413 2528 508 2582 καὶ
529 2531 562 2598 ἡ
595 2530 737 2601 φυλὴ
767 2530 824 2596 ἐξ
865 2521 941 2584 ὧν
972 2531 1208 2602 ὑπῆρχε,
1244 2530 1372 2598 ἀξία
1393 2531 1450 2584 δὲ
1476 2530 1536 2584 τὸ
1559 2532 1823 2600 κήρυγμα

227 2619 332 2674 καὶ
369 2620 667 2692 ἱερωσύνη,
708 2621 806 2676 καὶ
841 2622 1006 2686 τόπος
1047 2625 1080 2694 ἠ
1114 2623 1320 2694 ἕρημος
1359 2624 1417 2678 ὲν
1505 2624 1689 2694 διῆγε·
1727 2622 1822 2677 τοῦ

225 2710 288 2766 δὲ
313 2713 472 2780 ἁγίου
511 2714 675 2767 Δαΰὶδ
703 2714 991 2779 ὡσαύτως,
1023 2715 1084 2768 τὸ
1113 2715 1212 2786 μὲν
1253 2716 1413 2784 γένος
1437 2716 1498 2769 τὸ
1521 2715 1674 2779 ἔθνος
1707 2717 1824 2768 ἐστὶ

233 2803 330 2858 καὶ
362 2806 398 2875 ἡ
431 2805 592 2876 φυλὴ,
626 2806 687 2860 τὸ
717 2805 774 2859 δὲ
798 2807 1160 2878 ἐπιτήδευμα,
1205 2807 1376 2878 ἤγουν
1407 2809 1440 2878 ἡ
1467 2806 1614 2874 ἀξία,
1641 2809 1674 2877 ἡ
1704 2825 1821 2860 ποι-

232 2897 476 2968 μαντικὴ
524 2898 618 2951 καὶ
674 2899 706 2968 ἡ
753 2898 1021 2969 βασιλεία.
1073 2893 1172 2964 Ai;
1209 2900 1496 2970 ἑκάτερος,
1540 2899 1822 2966 ἀναλόγως

229 2987 415 3058 ἑαυτῷ
445 2990 588 3044 κατὰ
606 2990 697 3043 τὸν
730 2990 1010 3061 πρέποντα
1040 2991 1198 3061 λόγον
1227 2991 1336 3046 τῶν
1369 2991 1456 3044 ἐπ’
1487 2989 1637 3060 αὺτῷ
1667 2990 1821 3058 λεγο-

229 3079 417 3150 μένων
448 3081 669 3151 τρόπων
711 3081 1112 3152 θεωρούμενος,
1151 3081 1213 3135 τὸ
1249 3081 1316 3136 δι’
1351 3080 1516 3134 αὑτοῦ
1555 3080 1824 3151 δηλούμε-

225 3184 324 3228 νῡν
357 3189 376 3223 ι
397 3173 719 3238 ἀπταίστως
746 3193 763 3226 ι
797 3175 1100 3245 μυστήριον
1123 3174 1424 3230 δείκνυσιν.

1925 2069 2074 2126 bitus
2103 2071 2322 2126 virtutis
2345 2081 2401 2126 et
2428 2071 2762 2141 cognitionis
2794 2070 3106 2140 symbolum
3141 2078 3262 2124 est:
3294 2076 3520 2123 sanctus

1925 2171 2118 2217 contra
2173 2163 2368 2230 David,
2420 2170 2483 2218 ut
2526 2161 2750 2218 Judzeus
2781 2171 2837 2218 et
2882 2169 3090 2232 pastor,
3119 2161 3354 2215 activam
3416 2176 3516 2230 per

1931 2254 2336 2310 confessionem
2404 2254 2812 2325 philosophiam
2850 2253 3066 2324 ﬁgurat,
3092 2261 3151 2306 ut
3176 2268 3273 2306 res
3317 2251 3508 2316 Israel,

1925 2347 2403 2416 contemplativam
2439 2345 2745 2400 introducit
2770 2344 3184 2416 mystagogiam.
3207 2342 3392 2398 Genus
3413 2342 3515 2414 igi-

1930 2445 2019 2492 tur
2041 2437 2215 2492 sancti
2237 2437 2469 2492 Joannis
2503 2453 2637 2508 gens
2664 2445 2749 2492 est
2777 2445 2834 2490 et
2871 2437 3051 2491 tribus
3082 2437 3226 2491 unde
3245 2436 3515 2507 originem

1925 2525 2181 2592 ducebat,
2211 2526 2450 2599 dignitas
2472 2542 2604 2582 vero
2633 2525 2971 2596 praeconium
3002 2535 3059 2581 et
3106 2525 3512 2591 sacerdotium,

1923 2627 1982 2674 et
2009 2619 2166 2673 locus
2186 2617 2473 2673 desertum
2521 2617 2615 2672 ubi
2633 2616 2844 2671 versari
2887 2617 3138 2682 solebat;
3173 2616 3347 2671 sancti
3384 2632 3515 2671 con-

1926 2719 2008 2765 tra
2054 2709 2277 2765 Davidis
2311 2709 2431 2781 pari
2469 2709 2634 2764 modo
2687 2724 2863 2780 genus
2923 2717 3009 2764 est
3039 2724 3172 2779 gens
3207 2717 3266 2764 et
3313 2707 3511 2773 tribus,

1924 2817 2146 2865 munus,
2173 2800 2227 2856 id
2241 2809 2324 2857 est
2347 2801 2606 2872 dignitas,
2629 2799 2909 2872 pastorale
2927 2799 3166 2856 cilicium
3185 2809 3241 2854 et
3261 2815 3510 2870 regnum.

1923 2891 2162 2959 Quibus,
2191 2892 2570 2962 philosophia,
2628 2893 2881 2962 inquam,
2913 2891 3091 2946 activa
3143 2900 3200 2946 et
3262 2897 3511 2946 contem-

1925 2983 2128 3052 plativa
2179 2984 2535 3054 mystagogia,
2587 2983 2633 3038 si
2679 2992 2916 3052 uterque
2957 2983 3068 3038 sibi
3115 2983 3512 3058 convenienter

1925 3073 2229 3128 secundum
2261 3085 2656 3145 congruentem
2684 3075 2974 3130 modorum
3013 3075 3069 3129 in
3111 3075 3192 3130 eis
3243 3073 3518 3128 indicato-

1925 3179 2046 3217 rum
2071 3165 2339 3221 rationem
2362 3174 2662 3236 spectatur,
2691 3167 3016 3239 mysterium
3053 3182 3152 3238 per
3180 3173 3356 3221 semet
3386 3179 3522 3222 ma-.

1926 3254 2245 3311 nifestatum
2278 3257 2394 3312 sine
2425 3276 2444 3308 ι
2471 3258 2640 3313 ullius
2663 3257 2968 3314 otl‘ensione
2995 3279 3012 3309 ι
3063 3241 3455 3314 demonstrat:

242 3437 346 3497 Ἐκ
379 3440 486 3496 τοῦ
514 3442 704 3498 αὐτοῦ
728 3444 944 3514 ⁴λόγου,
977 3445 1064 3511 είς
1089 3444 1155 3498 τὸ
1180 3461 1192 3474 ·
1226 3463 1240 3496 ι
1265 3447 1366 3500 Ἂν
1397 3447 1484 3510 εὶς
1507 3445 1814 3513 Αἴγυπτον

1928 3440 2003 3495 Ex
2035 3441 2215 3495 eodem
2241 3455 2505 3505 sermone,
2537 3441 2592 3494 in
2632 3437 2767 3494 illud
2802 3455 2814 3490 :
2851 3457 2868 3489 ι
2896 3435 2954 3493 Si
2982 3437 3358 3516 iii/Egyptum
3385 3455 3511 3509 pro-

293 3533 517 3602 φεύγῃ.
553 3537 872 3606 προθύμως
900 3535 1464 3606 συμφυγαδεύθητι·
1500 3535 1693 3588 καλὸν
1731 3530 1810 3596 τῷ

291 3621 535 3689 Χριστῷ
577 3625 950 3694 συμφεύγειν
991 3621 1350 3693 διωκομένῳ.
1391 3623 1493 3677 Ἂν
1533 3622 1607 3676 ἐν
1629 3623 1808 3690 Αίγύ-

294 3727 429 3778 πτῳ
466 3715 774 3784 βραδύνῃ,
831 3715 1104 3769 κάλεσον
1143 3713 1332 3769 αὐτὸν
1376 3714 1444 3778 ἐξ
1481 3714 1806 3783 Αἰγύπτου,

289 3804 498 3874 καλῶς
529 3807 660 3861 ἐκεῖ
677 3808 1215 3877 προσκυνούμενον
1239 3807 1373 3878 (29).
1406 3827 1425 3859 ι

295 4000 412 4065 Δεῖ,
442 4000 698 4073 καθάπερ
722 3997 902 4072 οἶμαι,
946 4002 1083 4074 προς
1107 4001 1185 4074 τῷ
1215 4003 1507 4070 γινώσκειν
1534 4005 1614 4068 είς
1640 4004 1807 4074 Myu-

212 4107 362 4142 πτον
387 4090 628 4159 φυγόντα
668 4093 760 4146 τὸν
803 4093 1008 4164 Κύριον
1038 4093 1134 4146 καὶ
1161 4093 1266 4146 ὑπὸ
1308 4094 1451 4157 τίνος
1480 4094 1809 4166 διωκόμενον

213 4177 371 4230 κατὰ
397 4177 460 4230 τὸ
491 4178 786 4235 ἀκόλουθον
814 4181 1036 4236 εἰδέναι.
1064 4183 1262 4251 Φεύγει
1309 4183 1490 4238 τοίνυν
1533 4185 1564 4238 ὁ
1603 4186 1808 4258 Κύριος

209 4268 284 4320 οὐ
317 4269 483 4338 μόνον
511 4269 700 4332 ἁπλῶς
733 4271 814 4334 είς
853 4271 1150 4341 Αἴγυπτον,
1179 4273 1318 4326 ἀλλὰ
1352 4273 1445 4327 καὶ
1475 4273 1579 4328 ὑπὸ
1625 4275 1806 4347 Ἢρῶς

210 4357 316 4412 δου
367 4359 720 4429 διωκόμενος,
763 4361 862 4415 τοῦ
919 4356 1224 4432 τηνικαῦτα
1265 4365 1365 4433 τῆς
1410 4365 1672 4429 Ἰουδαίας
1703 4369 1810 4440 γῆς

211 4448 626 4521 βασιλεύοντος.
670 4452 1071 4524 Ἑρμηνεύεται
1095 4455 1152 4508 δὲ
1173 4457 1202 4508 ό
1239 4455 1508 4528 Ἡρώδης,
1542 4457 1618 4521 ὥς
1646 4476 1804 4528 φασι,

209 4542 418 4606 πάθος.
468 4545 563 4598 καὶ
599 4529 947 4616 δερμάτὶνος,
997 4549 1094 4602 καὶ
1150 4547 1330 4618 φύσις,
1365 4551 1397 4618 ἡ
1438 4551 1495 4602 δὲ
1531 4551 1808 4618 Αἴγυπτος

209 4635 316 4687 καὶ
362 4635 502 4706 αὐτὴ
530 4637 814 4706 πολλαχῶς
849 4637 1208 4708 λαμϐάνεται,
1238 4639 1379 4693 κατὰ
1409 4639 1510 4704 τὰς
1553 4641 1640 4694 ἐπ’
1666 4643 1804 4714 αὐτῇ

207 4727 332 4780 τῶν
357 4727 716 4800 θεωρητικῶν
745 4730 962 4800 τρόπων
995 4732 1263 4796 ἐπινοίας,
1309 4733 1437 4785 ποτὲ
1467 4733 1564 4803 μὲν
1597 4735 1680 4798 είς
1713 4737 1805 4790 τὸν

1986 3531 2178 3602 fugiat,
2208 3531 2382 3587 alacri
2413 3533 2589 3586 animo
2612 3539 2662 3584 te
2682 3531 2782 3602 ipsi
2801 3529 2940 3600 fuga:
2959 3529 3203 3582 comitem
3229 3529 3468 3599 adjunge
3489 3570 3504 3593 ,

1985 3623 2306 3694 prter-larum
2337 3631 2414 3678 est
2443 3639 2562 3677 cum
2593 3622 2800 3679 Christo
2823 3623 3240 3692 persecutionem
3273 3623 3508 3692 patiente

1983 3714 2179 3786 fugere.
2214 3713 2273 3769 Si
2303 3715 2690 3768 diuturniorem
2726 3713 2784 3766 in
2811 3711 3043 3783 iEyypto
3077 3728 3284 3766 moram
3313 3713 3501 3782 faciat,

1978 3803 2045 3862 ea:
2089 3807 2318 3879 zEgypto
2357 3823 2478 3860 eum
2525 3823 2672 3871 voca,
2715 3807 2805 3876 qui
2849 3807 2949 3859 rite
2998 3803 3112 3858 illic
3163 3804 3424 3857 adoretur
3455 3813 3502 3855 et

1986 3901 2203 3956 colitur.
2235 3918 2254 3953 ι

1984 4014 2285 4079 Debemus,
2317 4021 2379 4068 ιιι
2398 4013 2616 4084 opinor,
2647 4028 2775 4068 cum
2799 4013 3097 4068 Dominum
3129 4011 3184 4066 in
3205 4010 3500 4082 Algyptum

1911 4108 2119 4180 fugisse
2149 4109 2412 4176 sciamus,
2445 4125 2610 4165 nosse
2641 4109 2812 4164 etiam
2853 4119 3265 4180 consequenter
3301 4125 3498 4177 quem-

1907 4216 2037 4255 nam
2069 4211 2484 4271 persecutorem
2533 4201 2754 4272 fugerit.
2815 4201 2976 4274 Fugit
3014 4203 3192 4273 igitur
3227 4201 3498 4256 Dominus

1909 4307 2020 4346 non
2043 4291 2224 4346 solum
2259 4291 2593 4362 simpliciter
2624 4293 2694 4364 in,
2722 4291 3040 4365 IEgyptum,
3091 4293 3189 4348 sed
3232 4294 3398 4348 etiam
3430 4293 3500 4347 ab

1910 4380 2146 4448 Herode,
2181 4379 2384 4436 Iudaea:
2415 4389 2578 4437 terrae
2613 4389 2746 4438 tunc
2793 4383 3062 4454 temporis
3106 4397 3236 4453 rege
3266 4382 3499 4452 petitus.

1910 4472 2148 4528 Herodis
2179 4485 2336 4537 vero,
2359 4473 2441 4528 uti
2481 4473 2727 4539 tradunt,
2761 4474 3150 4544 interpretatio
3172 4482 3260 4529 est
3288 4474 3494 4544 passio,

1908 4569 1964 4618 et
1989 4563 2278 4632 pelliceus,
2313 4570 2370 4617 et
2402 4570 2628 4627 natura,
2656 4563 2925 4635 Egyptus
2959 4573 3145 4619 autem
3188 4563 3304 4632 ipsa
3355 4562 3496 4617 mul-

1910 4655 2154 4710 tifariam
2201 4653 2446 4712 refertur
2487 4656 2795 4712 secundum
2829 4655 3392 4727 contemplativorum
3437 4657 3494 4711 in
3563 4677 3578 4699 -·

1911 4763 1976 4802 ea
2001 4747 2292 4803 modorum
2320 4747 2586 4814 rationes,
2632 4748 2798 4804 modo
2853 4749 2922 4805 ad
2961 4759 3290 4820 praesentem
3335 4764 3496 4803 mun-

205 4823 498 4878 ἐνεστῶτα
555 4825 784 4897 κόσμον,
834 4827 965 4881 ποτὲ
997 4827 1053 4880 δὲ
1094 4830 1175 4891 είς
1211 4827 1311 4901 τὴν
1341 4829 1546 4900 σάρκα,
1573 4831 1702 4886 ποτὲ
1745 4833 1802 4886 δὲ

1928 4839 2067 4906 ium,
2100 4839 2265 4894 modo
2294 4840 2361 4894 ad
2387 4813 2632 4907 carnem,
2673 4842 2840 4897 modo
2859 4843 2926 4898 ad
2962 4813 3283 4914 peccatum,
3330 4841 3494 4898 modo

204 4913 296 4976 είς
329 4913 429 4982 τὴν
473 4915 775 4987 ἁμαρτίαν,
804 4917 936 4970 ποτὲ
969 4915 1132 4980 aut;
1163 4919 1263 4990 τὴν
1302 4919 1546 4986 ἄγνοιαν,
1583 4925 1717 4977 ποτὲ
1745 4923 1804 4977 δὲ

203 5007 293 5068 είς
325 5005 431 5076 τὴν
458 5006 721 5071 κάκωσιν,
756 5009 879 5062 καθ’
899 5009 967 5081 ἢν
999 5009 1237 5078 μάλιστα
1256 5009 1351 5064 νῦν
1377 5011 1636 5084 ἐπιϐολὴν
1666 5015 1803 5086 πρέο

202 5114 322 5151 πον
351 5097 502 5150 ἐστὶν
535 5099 859 5166 ἐκδέξασθαι
889 5101 988 5172 τὴν
1018 5103 1098 5164 είς
1123 5102 1399 5169 Αἴγυπτον
1443 5103 1538 5157 τοῦ
1592 5107 1802 5176 Κυρίου

201 5184 416 5254 φυγήν.
468 5187 650 5240 Καλὸν
707 5187 803 5242 οὖν
854 5189 971 5242 ἐστι
1039 5191 1380 5261 συμφεύγειν
1415 5194 1496 5257 εἰς
1526 5193 1804 5262 Αἴγυπτον

197 5277 292 5347 τῷ
324 5278 571 5349 Χριστῷ,
598 5281 850 5336 τουτέστι
891 5282 970 5352 τῷ
1001 5285 1059 5338 ὲν
1095 5287 1226 5356 ἡμῖν
1259 5285 1638 5358 διαγνωστικῷ
1674 5289 1803 5366 θείςρ

197 5369 382 5440 λόγῳ,
406 5369 498 5424 διὰ
527 5375 835 5446 νηπιότητα
860 5375 1000 5440 τέως
1033 5378 1373 5451 διωκομένῳ,
1405 5381 1471 5436 δι’
1495 5384 1644 5454 ἡμᾶς
1675 5385 1802 5447 τοὺς

197 5461 337 5513 κατ’
371 5459 540 5514 αὑτὸν
574 5463 966 5534 νηπιὰζοντας,
1003 5468 1109 5520 ὑπὸ
1150 5469 1244 5523 τοῦ
1276 5471 1610 5541 κρατοῦντος
1640 5473 1800 5542 ἡμῶν

197 5547 294 5604 ἔτι
337 5551 434 5605 καὶ
469 5551 848 5622 βασιλεύοντος
876 5557 966 5612 διὰ
1002 5557 1419 5632 τῶνηέμπαθῶν
1449 5563 1547 5634 τῆς
1595 5565 1802 5636 σαρκὸς

193 5641 534 5713 κινημάτων
568 5643 856 5718 (219a)
891 5649 1078 5720 χοϊκοῦ
1136 5653 1506 5723 φρονήματος,
1567 5653 1648 5717 εἰς
1703 5653 1800 5726 τὴν

1909 4931 1978 4984 ad
2015 4931 2404 5002 ignorantiam,
2442 4933 2608 4988 modo
2639 4934 2706 4989 ad
2743 4934 3118 4999 vexationem,
3156 4951 3264 5001 qua
3313 4933 3492 5003 potis-

1909 5023 2112 5078 simum
2152 5025 2614 5095 interpretatione
2661 5027 2883 5082 Domini
2931 5027 2985 5081 in
3018 5025 3274 5098 [Egytum
3307 5027 3492 5096 fugam

1910 5132 2060 5172 nunc
2091 5117 2344 5188 accipere
2374 5117 2662 5174 debemus:
2695 5120 3028 5175 Prmclarum
3059 5126 3146 5172 est
3173 5118 3342 5188 igitur
3363 5133 3490 5173 cum

1909 5209 2208 5265 Chr-istoin
2244 5209 2538 5283 Egyptum
2565 5212 2776 5284 fugere,
2819 5212 2872 5266 id
2912 5220 3000 5267 est
3049 5226 3177 5266 cum
3217 5211 3491 5282 dijudica-

1905 5307 2026 5353 toro
2075 5297 2132 5352 in
2169 5298 2334 5354 nobis
2369 5315 2629 5356 sermone
2664 5299 2878 5365 divino,
2934 5307 3160 5370 prOptcr
3200 5299 3488 5354 infantiam

1903 5388 2094 5442 tandiu
2117 5391 2565 5458 persecutionem
2594 5390 2863 5462 patiente,
2891 5400 3120 5460 propter
3145 5406 3248 5444 nos
3285 5390 3381 5460 qui
3421 5407 3490 5445 eo

1903 5473 2144 5531 infantes
2175 5491 2390 5543 sumus,
2425 5477 2876 5548 persecutionem
2907 5479 3152 5548 patiente
3183 5493 3213 5532 a
3273 5487 3491 5532 terrena

1901 5579 2024 5634 qua:
2057 5567 2110 5620 in
2147 5567 2310 5622 nobis
2357 5569 2543 5625 adhuc
2585 5585 2687 5639 per
2740 5576 2927 5624 motus
2976 5569 3160 5624 carnis
3195 5567 3492 5624 affectibus

1902 5659 2171 5715 obnoxios
2194 5659 2516 5716 dominatur
2550 5663 2952 5730 voluntate,in
2995 5662 3346 5718 vexationem
3387 5675 3491 5732 per

1522 5768 1752 5826 νΑιιιίΕ
1791 5769 2197 5829 LECTIONES.

275 5825 328 5862 “
357 5829 435 5893 ὡς
456 5824 610 5902 οἶμαι
642 5833 804 5890 habet
831 5834 974 5893 liber
993 5837 1248 5908 scriptus.

279 5919 396 5994 (29)
424 5921 587 5998 Greg.
613 5926 744 5984 Naz.
775 5927 866 5986 0r.
891 5931 944 5986 in
974 5929 1296 6004 Thcoplmn.,
1321 5947 1442 6004 cap.
1473 5933 1560 6005 18,
1593 5936 1770 6001 tom.l_
1827 5924 1992 6008 Opp,
2026 5954 2082 6010 ῃ.
2115 5938 2238 6009 675,
2271 5937 2403 5995 edit.
2432 5937 2637 5996 Bcncd.
