4012 6410
266 421 418 486 1305
456 477 468 490 ,

1525 425 2052 492 AMBIGUORUM
2086 429 2339 498 LIBER.

3413 423 3554 494 1366

266 530 548 602 ποιηκὸτα
583 528 694 582 τῶν
738 527 1201 584 δντωνάπάντων
1244 531 1508 604 λαμπρὰν
1559 534 1865 606 διακόσμηο

1969 538 2218 596 bonitate
2243 537 2579 608 fabricatum
2606 537 2814 592 clarum
2843 550 3028 592 rerum
3049 535 3435 590 universarum
3457 545 3554 591 0r-

270 641 388 689 σιν,
429 623 504 693 μὴ
547 622 775 676 αὐτόθεν
805 625 941 694 αὐτῇ
983 625 1276 695 καταφανῆ
1320 625 1576 696 γενέσθαι
1621 629 1742 684 τινὰ
1773 629 1869 684 καὶ

266 715 461 769 ὁποῖον
505 709 669 776 εἶναι,
716 713 816 785 τὴν
852 715 982 786 περὶ
1027 713 1191 770 τοῦτο
1219 716 1319 787 τὴν
1365 716 1545 772 κτίσιν
1598 719 1692 773 τοῦ
1727 719 1868 774 Θεοῦ

265 803 658 878 διακρένουσαν
710 806 936 874 ἄγνοιαν
983 807 1254 878 διαίρεσιν
1299 808 1572 878 λέγοντες.
1606 809 1720 882 Τὴν
1761 812 1871 886 γὰρ

267 895 526 964 φυσικῶς
619 893 878 966 (2215)
946 897 1192 968 ἀλλήλων
1263 899 1440 953 ταῦτα
1528 899 1868 968 διαιροῦσαν,

271 988 551 1059 μηδέποτε
599 989 899 1060 δεχομένην
927 991 1007 1052 εις
1045 991 1174 1061 μίαν
1201 991 1389 1046 οὐσίαν
1421 991 1637 1057 ἕνωσιν,
1673 991 1749 1058 ὡς
1777 993 1870 1048 τὸν

266 1078 378 1133 ινα
401 1079 494 1132 καὶ
525 1081 616 1133 τὸν
651 1079 816 1134 αὐτὸν
862 1081 936 1152 μὴ
973 1079 1283 1154 δυναμένην
1313 1082 1664 1148 ἐπιδέξασθαι
1711 1084 1870 1154 λόγον

127 1185 138 1196 ‘
227 1199 232 1204 -
265 1169 472 1224 εἴασαν
507 1171 769 1243 ἄρρητον.
800 1171 1072 1244 Δευτέραν
1096 1175 1173 1237 δὲ,
1203 1174 1330 1230 καθ’
1365 1177 1432 1247 ἢν
1461 1177 1493 1245 ὴ
1520 1175 1611 1230 διὰ
1635 1176 1870 1240 κτίσεως

265 1261 334 1315 τὸ
367 1258 505 1315 εἶναι
533 1261 772 1316 λαϐοῦσα
798 1263 1064 1334 σύμπασα
1082 1266 1246 1334 φύσις
1273 1265 1381 1320 ὑπὸ
1405 1265 1544 1320 Θεοῦ
1575 1265 1869 1337 διαιρεῖται

269 1355 362 1416 είς
392 1355 558 1424 νοητὰ
589 1355 682 1408 καὶ
729 1355 987 1427 αἰσθητά.
1038 1356 1266 1429 Τρίτην.
1309 1359 1432 1412 καθ’
1479 1359 1545 1432 ἠν
1569 1360 1604 1431 ἡ
1630 1359 1864 1433 αἰσθητὴ

267 1442 438 1513 φύσις
453 1444 739 1514 διαιρεῖται
756 1445 1076 1518 είςούρανδν
1097 1446 1194 1500 καὶ
1210 1447 1624 1518 γῆν.Τετάρτην
1643 1447 1722 1516 δὲ,
1745 1447 1870 1502 καθ’

267 1539 342 1608 ἢν
375 1539 406 1608 ή
429 1537 499 1608 γῆ
529 1537 816 1609 διαιρεῖται
835 1541 914 1603 είς
931 1539 1262 1610 παράδεισον
1281 1541 1376 1594 καὶ
1393 1539 1744 1612 οἰκουμένην,
1767 1541 1863 1595 καὶ
1889 1545 1898 1570 τ

267 1629 558 1700 πέμπτην,
593 1630 718 1684 καθ’
751 1631 819 1702 ἢν
847 1633 875 1685 ὁ
908 1632 1002 1684 ἐπὶ
1047 1631 1238 1698 πᾶσιν,
1291 1631 1484 1704 ὥσπερ
1517 1651 1570 1687 τι
1593 1634 1701 1686 τῶν
1729 1633 1896 1688 ὅλων·

270 1722 746 1786 συνεκτικώτατον
786 1725 1172 1795 ἐργαστήριον,
1220 1727 1316 1780 καὶ
1361 1729 1496 1780 πᾶσι
1564 1729 1678 1790 τοῖς
1725 1726 1865 1780 κατὰ

269 1814 462 1868 πᾶσαν
483 1814 750 1887 διαίρεσιν
779 1815 972 1887 ἄκροις
997 1818 1064 1871 δι’
1083 1818 1249 1873 αὑτοῦ
1283 1819 1530 1890 φυσικῶς
1563 1819 1867 1890 μεσιτεύων

268 1905 684 1978 ἀγαθοπρεπῶς
721 1908 865 1962 κατὰ
920 1910 1136 1978 γένεσιν
1179 1914 1296 1976 τοῖς
1333 1907 1484 1966 οὖσιν
1519 1913 1868 1984 ὲπεισαχθεὶς
1900 1896 1941 1949 Β

267 1994 565 2066 ἄνθρωπος
621 1997 912 2069 διαιρεῖται
962 2001 1042 2063 εἰς
1092 1999 1260 2072 ἄρσεν
1313 2002 1406 2054 καὶ
1456 2001 1626 2073 θῆλυ,
1686 2005 1868 2056 πᾶσαν

267 2086 420 2158 ἔχων
447 2087 648 2160 δηλαδὴ
687 2090 936 2158 φυσικῶς
986 2093 1104 2156 ταῖς
1155 2092 1265 2146 τῶν
1296 2093 1482 2165 ἄκρων
1514 2094 1731 2148 πάντων
1771 2099 1896 2164 με-·’

271 2181 471 2249 σότησι
525 2180 615 2234 διὰ
673 2181 774 2252 τῆς
825 2183 962 2252 πρὸς
1007 2185 1076 2236 τὰ
1124 2184 1269 2254 ἄκρα
1329 2186 1506 2239 πάντα
1557 2185 1666 2237 τῶν
1723 2183 1870 2238 ἰδίων

272 2273 465 2342 μερῶν
493 2273 749 2344 σχετικῆς
777 2273 1036 2342 ἰδιότητος
1066 2275 1166 2346 τὴν
1199 2275 1338 2346 πρὸς
1382 2275 1578 2329 ’ἐνωσιν
1613 2275 1868 2346 δύναμιν,

269 2361 346 2415 δι’
375 2357 440 2436 ἧς
472 2366 500 2417 ὁ
538 2365 676 2418 κατὰ
707 2364 804 2436 τὴν
844 2367 1024 2420 αἰτίαν
1056 2367 1158 2437 τῆς
1186 2366 1295 2420 τῶν
1339 2366 1688 2439 διῃρημένων
1714 2369 1868 2433 γενέ-

272 2472 416 2520 σεως
466 2457 958 2528 συμπληρούμενος
1028 2459 1230 2530 τρόπος
1303 2459 1496 2529 ἔμελλε
1566 2461 1662 2514 τοῦ
1723 2459 1868 2515 θείου

277 2548 489 2602 σκοποῦ
549 2549 614 2602 τὺ
680 2551 824 2621 μέγα
897 2553 1200 2622 μυστήριον
1263 2551 1486 2625 ἔκδηλον
1547 2552 1616 2606 δι’
1674 2553 1868 2608 ἑαυτοῦ

276 2643 642 2712 καταστῆσαι,
699 2641 798 2714 τὴν
841 2642 980 2714 πρὸς
1029 2643 1233 2714 ἄλληλα
1284 2644 1393 2698 τῶν
1447 2646 1507 2698 ἐν
1553 2648 1665 2709 τοῖς
1718 2641 1870 2700 οὖσιν

278 2729 467 2801 ἄκρων
491 2731 826 2802 ἐναρμονίως
855 2732 964 2786 ἀπὸ
992 2733 1410 2806 τῶνιπροσεχῶν
1441 2735 1536 2789 ἐπὶ
1561 2735 1630 2789 τὰ
1655 2737 1867 2808 πὸρῤω,

277 2825 378 2878 καὶ
406 2813 514 2877 τῶν
538 2826 776 2894 ἡττόνων
819 2826 914 2880 ἐπὶ
961 2827 1030 2880 τὰ
1065 2827 1350 2898 κρείττονα
1379 2829 1616 2900 καθεξῆς
1665 2831 1870 2882 ἀνατα-

277 2915 452 2978 τικῶς
507 2916 826 2986 προϊοῦσαν,
882 2920 964 2982 εἰς
999 2917 1131 2971 Θεὸν
1169 2919 1604 2990 ἁποπερατὼσας
1652 2916 1866 2974 ἕνωσιν.

280 3008 493 3063 Τούτου
533 3009 598 3076 δὴ
643 3010 805 3080 χάριν
846 3009 1076 3082 ἔσχατος
1115 3011 1467 3080 ἐπεισάγεται
1511 3011 1625 3076 τοῖς
1653 3007 1805 3064 οὖσιν
1841 3014 1870 3065 ὁ

278 3100 589 3172 ἄνθρωπος,
621 3100 783 3154 οἱονεὶ
809 3100 1106 3174 σύνδεσμός
1139 3120 1221 3166 τις
1247 3103 1477 3171 φυσικὸς
1494 3107 1606 3167 τοῖς
1638 3103 1888 3157 καθόλου-

277 3191 372 3245 διὰ
395 3193 503 3244 τῶν
532 3193 762 3248 ,οἰκείων
796 3193 980 3266 μερῶν
1008 3194 1308 3261 μεσιτεύων
1334 3195 1781 3266 ἄκροις.·καὶέίς
1809 3194 1868 3249 ἓν

276 3283 432 3351 ἄγων
457 3285 516 3338 ἐν
549 3284 730 3354 ἑαυτῷ
775 3284 842 3339 τὰ
874 3285 1056 3356 πολλῷ
1099 3287 1242 3340 κατὰ
1291 3287 1388 3356 τὴν
1420 3287 1582 3358 φύσιν
1623 3287 1870 3357 ἀλλήλων

278 3377 603 3448 διεστηκότα
644 3377 721 3448 τῷ
759 3377 1112 3449 διαστήματι,
1155 3379 1244 3434 ἵνα
1274 3381 1374 3450 τῆς
1401 3373 1565 3450 προς.
1607 3379 1760 3442 Θεὺν,
1795 3379 1870 3442 ὡς

275 3470 473 3536 αἴτιον,
521 3469 590 3522 τὰ
651 3469 834 3524 πάντα
895 3468 1238 3542 συναγούσης
1290 3470 1474 3542 (222
1496 3471 1550 3542 a)
1623 3469 1872 3536 ἑνὼσεως

271 3563 340 3615 ἐκ
372 3551 470 3632 τῆς
519 3561 656 3625 ιδίας
707 3563 972 3634 πρότερον
1003 3562 1310 3635 ἀρξάμενος
1332 3563 1670 3633 διαιρέσεως,
1711 3562 1863 3616 ’καθ-

271 3655 402 3720 εξίς
459 3654 548 3706 διὰ
597 3653 708 3706 τῶν
762 3654 948 3722 μέσων
999 3654 1177 3726 είρμῷ
1224 3657 1318 3709 καὶ
1351 3655 1505 3720 τάξει
1557 3655 1870 3726 προϐαίνων

269 3749 359 3810 εἰς
393 3745 483 3799 τὸν
525 3745 658 3799 Θεὸν
696 3745 838 3818 λάϐῃ
883 3745 944 3800 τὸ
995 3748 1171 3816 πέρας
1207 3747 1306 3817 τῆς
1339 3747 1428 3801 διὰ
1467 3747 1680 3801 πάντων
1727 3747 1870 3800 κατὰ

267 3839 378 3908 τὴν
408 3837 604 3890 ἕνωσιν
651 3837 946 3908 γινομένης
977 3837 1189 3908 ὑψηλῆς
1239 3837 1582 3901 ἀναϐάσεως,
1620 3839 1678 3891 ἐν
1702 3830 1746 3905 ᾧ
1769 3838 1871 3890 οὐκ

270 3928 394 3982 ἔστι
444 3927 731 3998 διαίρεσις,
791 3926 892 3996 τὴν
959 3925 1229 3996 μηδαμῶς
1293 3928 1612 4002 ἠρτημένην
1667 3927 1870 3999 δηλαδὴ

269 4017 420 4073 κατὰ
445 4018 537 4070 τὸν
575 4016 985 4088 προηγούμενον
1018 4018 1178 4084 λόγον
1218 4017 1318 4088 τῆς
1351 4019 1610 4090 περιττὴν
1655 4019 1871 4090 γένεσιν

268 4110 373 4166 τοῦ
428 4107 718 4180 ἀνθρώπου
771 4109 924 4172 θείας
968 4109 1285 4179 προθέσεως
1321 4111 1464 4162 κατὰ
1505 4111 1570 4164 τὸ
1613 4111 1747 4182 θῆλυ
1777 4113 1872 4167 καὶ

268 4204 340 4258 τὸ
371 4201 539 4272 ἄρσεν
570 4199 809 4272 ἰδιότητα
847 4202 914 4272 τῇ
961 4200 1090 4270 περὶ
1132 4199 1232 4270 τὴν
1267 4199 1420 4252 θείαν
1469 4201 1686 4270 ἀρετὴν
1725 4203 1886 4256 ἅπα-·

271 4293 514 4364 θεστάτῃ
563 4291 749 4362 σχέσει
787 4292 967 4362 πάντη
1011 4290 1112 4361 τῆς
1157 4290 1374 4360 φύσεως
1420 4292 1880 4362 ὲκτιναξὰμενος,’

271 4387 420 4440 ὥστε
472 4383 754 4454 δειχθῆναι
801 4398 860 4436 τε
911 4383 1007 4436 καὶ
1059 4383 1314 4452 γενέσθαι
1374 4384 1518 4438 κατά
1570 4384 1670 4454 τὴν
1719 4383 1871 4439 θείαν

271 4475 539 4546 πρόθεσιν
563 4473 852 4545 ἄνθρωπον
879 4473 926 4505 ³⁸
977 4471 1162 4543 μόνον,
1204 4475 1270 4544 τῇ
1300 4473 1440 4527 κατὰ
1470 4473 1532 4527 τὸ
1571 4475 1742 4545 ἄρσεν
1775 4475 1872 4530 καὶ

1971 629 2162 686 dinem
2195 639 2366 700 atque
2396 637 2682 694 ornatum,
2718 627 2851 684 inde
2877 627 3026 697 quod
3052 627 3252 698 aliquis
3284 637 3342 684 ct
3372 626 3556 698 qualis

1967 731 2118 778 esset
2143 705 2694 793 ipsi'manifestatum
2725 735 2847 776 esse
2875 761 2891 786 ,
2931 728 3156 792 negant,
3195 728 3254 774 et
3297 721 3557 790 ignoran-

1973 814 2106 870 tiam
2143 830 2267 870 eam
2319 830 2428 885 qua
2465 813 2559 869 hic
2581 810 2831 870 conditio
2859 829 2892 869 a
2935 813 3052 868 Deo
3081 810 3422 867 discernitur
3463 809 3554 864 di-

1969 905 2324 964 stinctionem
2343 905 2642 978 appellant.
2668 903 2802 973 Quae
2815 903 2965 959 enim
2980 887 3314 958 naturaliter
3326 916 3391 958 ea
3409 900 3558 956 inter

1970 1015 2030 1055 se
2057 998 2322 1061 secernit,
2355 991 2425 1054 ac'
2446 1003 2728 1076 nunquam
2761 997 2817 1052 in
2857 995 3157 1076 essentiam
3202 1007 3371 1050 unam
3403 993 3556 1050 coire

1969 1089 2123 1154 sinit,
2133 1081 2278 1170 Icum
2300 1079 2465 1144 unam
2490 1071 2856 1158 eamdemque
2879 1071 3155 1158 rationem
3181 1083 3435 1158 recipere
3458 1097 3558 1138 ne-

1968 1186 2156 1250 queat,
2185 1195 2308 1235 eam
2343 1178 2606 1235 indictam
2640 1179 2943 1249 liquerunt.
2974 1177 3244 1242 Alteram,
3287 1190 3397 1246 qua
3426 1174 3576 1230 uni-'

1971 1285 2130 1326 versa
2179 1285 2302 1342 quae
2354 1285 2456 1341 per
2501 1269 2880 1326 conditionem
2919 1285 2951 1324 a
3005 1267 3118 1324 Deo
3173 1259 3586 1322 exsistentiam'

1970 1361 2186 1432 accepit
2215 1369 2414 1417 natura
2443 1363 2758 1418 secernitur
2791 1361 2848 1416 in
2887 1360 3256 1431 intelligibilia
3293 1368 3350 1416 et
3375 1359 3556 1416 sensi-

1970 1454 2124 1510 bilia.
2158 1453 2563 1525 Tertiam,.qua
2586 1453 2873 1510 sensibilis
2909 1462 3111 1508 natura
3147 1452 3462 1510 secernitur
3495 1452 3558 1507 in

1969 1546 2191 1622 cmlumj
2225 1560 2290 1601 ac
2317 1551 2564 1600 terram.
2604 1543 2884 1618 Quartam.
2921 1542 3196 1618 denique,
3241 1529 3388 1616 qua”
3408 1550 3556 1598 terra

1969 1639 2280 1694 secernitur
2306 1637 2362 1692 in
2412 1625 2730 1708 paradisum
2764 1644 2823 1692 et-
2853 1636 3047 1692 orbem
3085 1643 3358 1691 terrarum
3396 1633 3556 1689 habi-

1971 1731 2218 1795 tabilem,
2249 1739 2307 1786 et
2339 1730 2612 1801 quintam,
2658 1745 2766 1800 qua
2799 1729 2969 1784 homo
3013 1727 3069 1782 in
3124 1726 3386 1782 omnibus
3433 1733 3555 1780 tan-

1970 1839 2135 1894 quam
2169 1821 2384 1878 ofﬁcina
2409 1822 2594 1894 aliqua
2621 1821 2938 1878 arctissimo
2987 1819 3073 1874 sui
3121 1819 3366 1882 vinculo,
3424 1817 3554 1872 uni-

1972 1933 2131 1972 versa
2172 1917 2488 1977 continens,
2531 1925 2590 1970 et
2621 1914 2917 1979 omnibus,
2963 1909 3274 1968 secundum
3332 1924 3553 1981 omnem

1972 2009 2391 2064 distinctionem
2443 2006 2892 2080 extremitatibus
2939 2005 3038 2077 per
3096 2021 3156 2061 se
3221 1990 3585 2074 noaturaliter'

1974 2082 2726 2173 interjectus'convenienter
2777 2085 3086 2154 secundum
3136 2095 3556 2168 generationem

1973 2195 2142 2251 rebus
2197 2193 2596 2248 exsistentibus
2664 2192 2850 2246 illatus
2917 2188 3229 2246 secernitur
3306 2187 3362 2241 in
3435 2201 3556 2240 ma-

1973 2286 2252 2342 sculinum
2283 2291 2340 2339 et
2391 2281 2928 2346 femininum,omni
2976 2280 3230 2350 profecto
3286 2275 3555 2332 extremi—

1975 2383 2148 2435 latum
2202 2377 2452 2431 omnium
2483 2375 2880 2430 medietatibus
2927 2371 3259 2428 naturaliter
3295 2370 3372 2424 'de
3426 2383 3556 2438 prn-

1971 2458 2221 2540 priarum
2270 2465 2338 2520 ad
2379 2480 2576 2520 omnes
2623 2461 3014 2536 extremitates
3037 2451 3280 2531 partium
3311 2472 3554 2522 suarum

1973 2558 2203 2614 relativa
2254 2546 2520 2612 facultate
2583 2541 2848 2623 praeditus
2914 2550 3143 2606 uniendi
3209 2547 3555 2614 coeundique

1971 2655 2278 2720 potestate,
2315 2662 2428 2716 qua
2470 2645 2672 2700 modus
2724 2641 3030 2700 secundum
3065 2642 3284 2695 causam
3329 2651 3556 2708 genera-

1971 2723 2140 2796 tionis
2168 2751 2366 2792 eorum
2393 2751 2516 2806 quae
2549 2734 2814 2790 distincta
2843 2742 2974 2790 sunt
3017 2732 3326 2802 completus
3377 2725 3554 2782 divini

1971 2839 2230 2895 magnum
2258 2823 2474 2878 consilii
2509 2822 2837 2894 mysterium
2881 2836 2982 2892 per
3010 2835 3132 2876 sese
3179 2818 3554 2890 p’atel‘aeturus

1971 2923 2112 2990 erat,
2145 2915 2240 2986 qui
2273 2920 2522 2969 mutuam
2552 2915 2609 2969 in
2637 2913 2805 2970 rebus
2833 2910 2971 2984 ηοω·
2988 2895 3264 2991 exsistunt
3293 2905 3554 2964 extremi-
3583 2927 3588 2933 ·

1971 3015 2148 3062 tatum
2198 3011 2578 3083 congruenter
2619 3022 2648 3062 a
2690 3005 2962 3083 proximis
3003 3003 3069 3060 ad
3121 2993 3388 3058 ulteriora
3415 3041 3428 3064 ,
3456 3015 3556 3070 ~pe-

1965 3101 2264 3172 jorumque
2291 3081 2358 3153 ad
2396 3091 2624 3153 meliora
2659 3081 2926 3166 deinceps
2953 3103 3010 3150 et
3045 3108 3145 3164 per
3168 3089 3552 3147 ascensionem

1895 3232 1940 3289 C
1973 3190 2420 3262 progredientem
2463 3189 2523 3245 in
2579 3190 2754 3244 Deum
2805 3187 3118 3244 unitionem
3191 3183 3552 3239 determinat.

1972 3284 2185 3340 Idcirco
2211 3282 2472 3338 videlicet
2503 3281 2670 3336 homo
2701 3281 2757 3336 in
2790 3289 3077 3337 creaturas
3105 3277 3338 3334 ultimus
3387 3273 3558 3328 infer-

1973 3387 2090 3444 tur,
2125 3388 2385 3448 tanquam
2437 3377 2705 3433 naturalis
2760 3375 3012 3447 quaedam
3055 3371 3426 3444 generalibus
3457 3375 3588 3438 μετ’

1972 3481 2160 3542 partes
2195 3484 2322 3526 suas
2343 3467 2790 3524 extremitatibus
2823 3467 3042 3536 copula,
3075 3455 3242 3534 atque
3271 3463 3326 3516 in
3353 3464 3556 3514 semct-

1973 3559 2092 3630 ipso
2130 3555 2450 3614 eoadunans
2477 3572 2543 3611 ea
2575 3552 2699 3626 quae
2733 3555 3068 3611 naturaliter
3118 3553 3356 3606 multum
3403 3548 3553 3602 inter

1972 3667 2029 3707 se
2054 3651 2282 3716 distant,
2311 3658 2371 3704 ut
2404 3648 2675 3704 unitionis
2711 3663 2836 3704 cum
2871 3647 3006 3705 Deo.
3056 3653 3322 3714 tanquam
3363 3655 3554 3701 causa,

1973 3741 2232 3798 universa
2279 3740 2548 3811 cogentis,
2593 3739 2662 3794 de
2717 3737 2942 3810 propria
2979 3735 3344 3791 distinctione
3385 3741 3556 3802 ‘oapto

1973 3835 2152 3899 initio,
2207 3833 2472 3902 deinceps
2523 3831 2668 3886 serie
2711 3837 2771 3885 et
2804 3817 3011 3889 ordine
3044 3814 3151 3896 per
3203 3825 3384 3880 media
3418 3837 3554 3892 pro-

1971 3940 2196 3997 gressus
2236 3923 2398 3978 ﬁnem
2441 3920 2788 3977 ascensionis
2842 3919 2896 3974 in
2939 3917 3376 3974 sublimitatem.
3432 3926 3555 3981 quae

1973 4014 2240 4072 unitiouis
2267 4014 2444 4086 gratia
2489 4012 2550 4068 lit
2575 4027 2676 4078 per
2709 4011 2992 4074 universa,
3041 4007 3288 4062 inveniat
3323 4005 3376 4058 in
3417 4002 3553 4064 Deo,

1973 4109 2031 4164 in
2053 4122 2166 4180 quo
2190 4107 2342 4161 nulla
2369 4114 2454 4161 est
2487 4093 2797 4166 distinctio,
2831 4101 2961 4156 dum
2991 4099 3269 4155 sexualcm
3299 4093 3553 4151 feminini
3581 4111 3586 4118 τ

1973 4211 2030 4260 et
2072 4200 2366 4257 masculini
2425 4199 2821 4270 proprietatem
2843 4238 2858 4262 ,
2903 4211 3026 4266 qua:
3059 4201 3126 4249 ex
3159 4187 3455 4263 principali
3491 4200 3560 4240 ac

1973 4291 2253 4362 primitiva
2299 4290 2515 4345 ratione
2553 4302 2903 4358 nequaquam
2946 4291 3216 4354 suspensa
3250 4289 3336 4336 est
3380 4295 3410 4334 a
3457 4276 3557 4332 Dei

1973 4383 2122 4438 circa
2187 4380 2607 4470 generationem
2656 4371 2912 4432 hominis
2970 4374 3294 4446 proposito,
3362 4367 3554 4424 habitu

1971 4473 2119 4529 circa
2151 4466 2400 4526 divinam
2427 4459 2689 4524 virtutem
2721 4469 2884 4538 plane
2914 4461 3214 4534 impatibili
3255 4459 3462 4528 ubique
3500 4461 3586 4510 et

271 4565 344 4620 ·τδ
380 4565 514 4636 θῆλυ
547 4563 894 4636 προσηγορία
945 4562 1021 4634 μὴ
1070 4562 1470 4636 διαιρούμενον,
1505 4565 1628 4618 καθ’
1658 4565 1719 4619 ὃν
1756 4567 1865 4622 «καὶ

1971 4577 2172 4622 natura
2197 4563 2428 4626 excutit,
2461 4562 2602 4616 adeo
2628 4569 2691 4615 ut
2725 4557 3032 4615 secundum
3065 4553 3323 4610 divinum
3346 4562 3554 4620 propo-

275 4657 708 4728 προηγουμένως
731 4656 1028 4728 γεγένηται
1071 4655 1231 4726 λόγον
1265 4657 1378 4720 τοῖς
1407 4656 1502 4712 νῦν
1537 4657 1668 4726 περὶ
1699 4659 1864 4714 αὐτὸν

270 4746 398 4806 οὖσι
431 4750 686 4820 τμήμασι
713 4748 787 4820 μὴ
821 4747 1202 4820 μεριζόμενον,
1237 4747 1328 4802 διὰ
1354 4747 1454 4822 τὴν
1483 4749 1696 4805 τελείαν
1725 4751 1866 4823 πρὸς

269 4843 369 4896 τὸν
401 4842 552 4906 ῖδιον,
579 4841 656 4906 ὡς
681 4841 840 4912 ἔφην,
873 4839 1031 4910 λόγον
1058 4839 1180 4894 καθ’
1205 4840 1264 4893 ὃν
1293 4840 1444 4894 ἐστιν
1473 4841 1675 4910 γνῶσιν
1693 4858 1708 4872 ’
1741 4839 1864 4898 εἶτα

271 4934 370 4988 τὸν
399 4934 730 5005 παράδεισον
762 4933 856 4987 καὶ
895 4933 996 5003 τὴν
1033 4933 1364 5004 οἰκουμένην
1401 4933 1490 4988 διὰ
1520 4933 1622 5005 τῆς
1655 4935 1864 5001 οἰκείας

271 5025 654 5094 ἀγιοπρεποῦς
691 5025 918 5095 ἀγωγῆς
953 5023 1166 5088 ὲνὼσας
1198 5023 1328 5095 μίαν
1362 5025 1606 5092 ποιήσειε
1633 5026 1754 5094 γῆν,
1787 5025 1862 5096 μὴ

271 5117 664 5188 διαιρουμένην
697 5117 846 5187 αὐτῷ
873 5119 1014 5170 κατὰ
1039 5117 1138 5188 τὴν
1183 5119 1292 5170 τῶν
1327 5117 1510 5188 μερῶν
1555 5119 1725 5186 αὐτῆς
1748 5117 1864 5172 δια-ι

278 5206 475 5278 φορὰν,
535 5207 675 5259 ἀλλὰ
733 5207 934 5277 μᾶλλον
998 5208 1397 5280 συναγομένην,
1451 5209 1542 5273 ὡς’
1593 5209 1865 5280 μηδεμίαν

277 5299 414 5370 πρὸς
469 5299 635 5368 μηδὲν
685 5297 794 5352 τῶν
841 5299 1011 5368 αὐτῆς
1044 5300 1349 5372 ὑπαγωγὴν
1374 5300 1602 5354 παθόντι
1639 5301 1824 5372 μερῶν
1847 5316 1862 5331 ⁶

275 5385 397 5444 εἷτα
417 5389 648 5462 οὐρανὸν
681 5391 774 5444 καὶ
807 5391 910 5460 γῆν
957 5389 1167 5455 ἐνῶσας
1187 5392 1275 5444 διὰ
1302 5393 1402 5458 τὴν
1428 5382 1574 5464 ἷπρὸς
1597 5392 1864 5462 ἀγγέλους

273 5484 377 5552 τῆς
429 5481 576 5552 ζωῆς
623 5481 788 5534 παντὶ
839 5481 1027 5562 τρόπω
1073 5483 1193 5536 κατ’
1237 5481 1462 5554 ἀρετὴν,
1514 5483 1590 5546 ὡς
1639 5481 1863 5550 ἐφικτὸν

273 5573 606 5648 ἀνθρώποις,
663 5573 971 5644 ταύτότητα
1036 5576 1166 5646 μὶαν
1223 5575 1501 5646 ποιήσειεν
1553 5574 1862 5645 ἀδιαίρετον

1970 4663 2140 4721 situm
2171 4663 2342 4717 homo
2365 4661 2538 4716 solus
2564 4657 2895 4714 ostendatur
2930 4671 2995 4710 ac-
3029 4645 3174 4718 ﬁat,’
3205 4646 3457 4708 feminini
3499 4653 3559 4702 et

1969 4753 2263 4810 masculini
2297 4740 2672 4824 appellatione
2715 4756 2827 4804 non
2862 4739 3182 4810 distinctus,
3230 4757 3343 4798 non
3386 4737 3578 4810 magis.

1965 4842 2348 4918 praesentibus
2369 4843 2513 4900 circa
2551 4857 2680 4898 eum
2708 4839 3056 4898 sectionibus
3096 4837 3152 4892 in
3187 4830 3559 4907 partes'divi-

1967 4957 2062 4996 sus
2086 4953 2253 5009 quam
2281 4953 2390 5008 qua
2413 4944 2500 4993 est
2527 4945 2688 4992 antea
2717 4935 2957 4998 ratione,
2982 4939 3210 5004 propter
3251 4927 3557 5000 perfectam

1967 5031 2032 5086 ad
2065 5031 2368 5102 propriam,
2417 5031 2498 5084 uti
2531 5028 2669 5095 dixi,
2717 5028 2992 5084 rationem
3043 5022 3350 5080 secundum
3387 5032 3551 5090 quam

1967 5129 2052 5177 est
2076 5121 2448 5192 cognitionem
2481 5137 2496 5187 ;
2533 5119 2736 5176 deinde
2762 5117 3078 5190 paradisum
3106 5113 3231 5172 cum
3258 5122 3421 5168 terrae
3455 5109 3578 5164 ba—’

1968 5213 2216 5270 bitabilis
2238 5213 2374 5269 orbe
2418 5229 2521 5284 per
2554 5223 2762 5270 castam
2813 5208 3290 5266 conversationem
3333 5204 3554 5260 unitum

1969 5322 2138 5361 uuam
2171 5315 2377 5362 ter-ram
2407 5305 2630 5370 elliciat,
2663 5319 2784 5374 quae
2824 5302 3131 5358 secundum
3157 5297 3398 5370 partium
3431 5295 3552 5362 eius

1969 5395 2350 5451 diversitatem
2375 5395 2481 5451 sibi
2513 5411 2622 5449 non
2660 5395 2734 5450 sit
2757 5393 3040 5456 distincta,
3072 5391 3168 5445 sed
3199 5389 3383 5459 potius
3415 5399 3550 5438 con-

1969 5495 2213 5556 gregata,
2257 5485 2440 5554 utqui
2491 5484 2560 5538 ad
2612 5485 2820 5539 nullam
2869 5484 2992 5553 ejus
3040 5481 3276 5552 partium
3315 5477 3558 5548 patiatur

1971 5577 2212 5646 aliquam
2241 5575 2670 5634 subductiOnem
2701 5592 2714 5630 :
2767 5575 2972 5632 deinde
3011 5574 3212 5630 coelum
3253 5581 3309 5626 ct
3345 5571 3549 5625 terram

1537 5730 1772 5788 νΑιυΑῑ
1796 5731 2230 5791 .LECTIONES.
2282 5805 2287 5812 ,

366 5821 414 5856 ⁸⁸
449 5820 508 5876 In
542 5821 856 5892 apographo
881 5835 1004 5877 meo
1032 5820 1216 5886 inveni
1247 5821 1554 5893 ἀνθρώπου.
