4012 6414
513 473 646 540 1307

1679 471 1741 532 S.
1788 467 2079 530 ΜΑΧΙΜΙ
2119 466 2649 530 CONFESSORIS.

3561 403 3566 418 ⁸
3632 463 3754 534 Ῑιῖθθ

511 587 831 644 eoadunans
845 601 944 658 per
972 586 1100 642 vitze
1116 601 1243 642 cum
1265 583 1476 656 angelis
1499 581 1921 640 similitudinem
1946 579 2094 636 omni

2215 581 2379 650 πάντη
2457 581 2594 652 πρὸς
2665 580 2866 652 ἑαυτὴν
2925 581 3024 654 τὴν
3094 578 3385 652 ἀἰσθητὴν
3443 579 3635 643 κτίσιν,
3687 581 3756 651 μὴ,

512 678 683 734 modo
701 677 768 734 de
791 677 1136 748 virtute,pro
1160 675 1698 748 hominuruiviribus,
1718 681 1933 745 partam
1965 687 2094 727 sen-

508 768 730 826 sibilem
758 769 1134 826 conditionem
1189 786 1354 824 unam
1381 777 1438 824 et
1481 785 1512 823 a
1554 767 1849 837 semetipsa
1893 762 2094 820 nullibi

507 861 906 916 secernendam
933 860 1154 925 efficiat,
1178 877 1298 930 quae
1318 860 1572 915 localiter
1596 859 1758 929 plane
1775 857 1843 914 ab
1867 856 1962 912 illo
1983 871 2094 910 non

509 951 700 1015 distet,
742 952 837 1022 qui
867 952 1067 1022 spiritu
1118 953 1255 1008 levis
1299 951 1480 1008 factus
1524 960 1630 1016 est,
1668 950 1934 1021 nullaque
1972 965 2097 1004 cor-

510 1043 692 1110 porali
721 1044 989 1114 gravitate
1027 1043 1094 1098 ad
1126 1051 1331 1100 terram
1368 1042 1706 1108 detrahitur,
1765 1051 1862 1097 aut
1891 1041 1962 1096 ab
2003 1056 2097 1096 as-

513 1135 777 1212 censione
810 1135 864 1189 in
891 1135 1060 1191 caelos
1086 1135 1417 1205 prohibetur
1455 1135 1525 1190 ob
1545 1134 1845 1206 perfectam
1879 1134 1947 1188 ad
1979 1134 2098 1188 hate

512 1226 716 1281 mentis
765 1228 1016 1297 gnaviter
1072 1227 1142 1282 ad
1166 1228 1341 1283 Dedin
1375 1226 2098 1298 properantisinvisibilita-

513 1325 646 1383 tem,
691 1325 747 1374 et
771 1317 1116 1382 extensionis
1141 1319 1210 1374 ad
1237 1335 1369 1375 eum.
1401 1319 1664 1390 deinceps
1695 1319 2100 1389 sapientcriter

514 1409 858 1466 instituentis
889 1411 963 1470 ita
993 1418 1072 1477 ut,
1101 1411 1568 1482 quemadmodum
1591 1413 1648 1466 in
1673 1411 1955 1468 communi
1987 1412 2097 1477 via,

513 1501 843 1557 naturaﬁter
879 1501 948 1557 de
979 1518 1048 1557 eo
1085 1503 1231 1572 quod
1264 1511 1396 1557 ante
1433 1513 1516 1558 est
1560 1503 1630 1559 ad
1671 1503 1725 1558 id
1777 1504 1924 1574 quod
1975 1513 2100 1575 post

513 1599 603 1648 est
635 1592 903 1663 procedat
939 1611 954 1646 :
987 1593 1190 1648 deinde
1215 1593 1588 1664 intelligibilia
1614 1603 1669 1649 st
1710 1595 2000 1650 sensibilia
2029 1595 2096 1650 ad

514 1684 636 1740 haec
683 1685 1007 1740 coadunans
1058 1702 1158 1756 per
1198 1686 1622 1741 similitudinem
1665 1686 1733 1741 de
1784 1687 2099 1757 cognitione

513 1791 642 1832 cum
657 1777 866 1848 angelis
891 1793 1057 1832 unam
1079 1777 1285 1833 efﬁciat
1313 1786 1483 1832 totam
1514 1778 1914 1844 conditionem,
1935 1795 2099 1848 quam

514 1867 896 1923 indistinctam
961 1868 1068 1924 sibi
1120 1868 1327 1924 habeat
1374 1868 1679 1924 secundum
1723 1868 2100 1938 cognitionem

512 1959 1008 2030 etignorantiam,
1065 1976 1192 2016 cum
1231 1961 1348 2030 pari
1405 1976 1530 2015 cum
1581 1961 1794 2031 angelis
1837 1970 1893 2016 ct
1942 1961 2104 2032 plene

461 2119 465 2124 _
513 2051 765 2107 imbutus
810 2051 884 2108 sit
940 2068 1126 2107 rerum
1173 2069 1296 2123 quae
1349 2061 1479 2108 sunt
1527 2053 1806 2108 rationum
1855 2053 2104 2124 guostica

515 2143 813 2210 doctrina,
853 2161 960 2214 qua
1002 2161 1147 2200 verae
1203 2144 1494 2214 sapientiae
1549 2145 1859 2214 largissima
1907 2144 2105 2199 effusio

516 2233 838 2298 subsecuta,
879 2242 938 2286 ut
972 2249 1071 2304 par
1101 2239 1206 2297 est,
1253 2234 1322 2288 de
1366 2234 1584 2303 reliquo
1625 2235 1843 2290 sincere
1882 2236 1963 2290 eis
2007 2241 2102 2305 qui

455 2328 476 2342 ””
515 2324 668 2396 digni
705 2333 833 2378 sunt
870 2334 927 2378 et
958 2325 1276 2381 immediate
1317 2326 1413 2380 Dei
1447 2327 1691 2396 praebeat
1715 2327 1995 2381 notionem
2035 2329 2100 2382 ad

514 2416 956 2487 pernoscendum
985 2417 1268 2472 difficilem
1294 2425 1462 2486 atque
1494 2417 1836 2472 ineffabilem
1865 2435 1878 2472 :
1915 2429 1970 2474 et
2007 2420 2106 2474 de-

515 2508 686 2577 nique
729 2508 797 2562 ad
836 2508 952 2562 haec
980 2508 1206 2569 omnia,
1257 2508 1542 2564 conditam
1582 2525 1802 2580 quoque
1849 2521 2106 2567 naturam

513 2617 641 2656 cum
667 2601 949 2656 incondita
970 2617 1068 2670 per
1089 2601 1417 2656 charitatem
1438 2602 1756 2658 coadunans
1773 2603 1826 2675 (ο
1855 2621 1971 2659 rem
2008 2622 2108 2659 no-

515 2711 642 2771 vam
666 2704 721 2750 et
749 2694 1134 2750 admirandam
1159 2695 1364 2750 divinm
1399 2696 1547 2750 circa
1577 2712 1680 2751 nos
1727 2695 2038 2752 clementia:
2067 2698 2106 2768 ί)

517 2803 689 2841 unum
729 2796 897 2857 atque
947 2787 1093 2842 idem
1133 2803 1233 2857 per
1281 2787 1474 2858 gratiae
1521 2787 1775 2842 habitum
1815 2788 2110 2854 ostendat,

516 2877 653 2935 dum
684 2887 858 2933 totum
893 2871 1154 2934 inlotum
1206 2894 1327 2933 sese
1378 2880 1546 2932 Deum
1598 2896 1662 2933 ac
1714 2881 1875 2949 plene
1933 2889 2113 2935 trans-

515 2969 719 3035 fundit,
772 2977 828 3025 et
858 2970 1128 3040 quidquid
1180 2979 1266 3024 est
1307 2971 1454 3024 Deus
1479 2971 1592 3047 jam
1625 2970 1742 3040 ipse
1793 2970 1874 3036 fit,
1911 2982 2113 3040 przeter

517 3077 682 3116 unam
728 3061 985 3116 essentia:
1031 3061 1380 3117 identitatem
1411 3102 1426 3126 ,
1469 3071 1527 3116 et
1575 3070 1752 3117 totum
1806 3063 1988 3132 ipsum
2013 3081 2112 3134 pro

518 3168 579 3207 se
632 3153 750 3223 ipso
802 3153 975 3208 Deum
1007 3153 1253 3223 accipit,
1305 3152 1764 3222 aseensionisque
1821 3153 1890 3207 ad
1937 3155 2112 3210 Deum

2196 675 2406 746 διαιρου
2414 675 2583 746 μένην
2611 674 2758 746 αὐτῷ
2779 674 3022 738 τοπικῶς
3050 674 3114 728 τὸ
3137 673 3406 744 παράπαν
3439 674 3544 736 τοῖς
3566 673 3750 745 διαστή-

2199 783 2358 836 μασι,
2413 765 2603 838 κούφῳ
2658 767 2937 838 γενομένῳ
2989 766 3070 836 τῷ
3121 765 3400 836 πνεύματι
3451 767 3543 819 καὶ
3593 768 3764 837 μηδενὶ,

2199 858 2354 929 βάρει
2400 857 2701 928 σωματικῷ
2747 857 3104 930 κατεχομένῳ
3160 858 3302 929 πρὸς
3364 855 3492 926 γῆν,
3541 858 3627 912 καὶ
3671 860 3782 930 τῆς·

2199 953 2335 1023 πρὸς
2370 953 2636 1023 οὐρανοὺς
2687 952 3010 1016 ἀναϐάσεως
3052 951 3367 1022 εἰργομένῳ
3401 949 3490 1002 διὰ
3529 950 3618 1020 τὴν
3642 953 3754 1021 πρὸς

2195 1042 2370 1096 ταῦτα
2401 1043 2496 1096 τοῦ
2542 1041 2635 1104 νοῦ
2681 1042 2900 1096 τελείαν
2946 1041 3218 1113 ἀορασίαν
3249 1039 3495 1108 γνησίως
3527 1039 3653 1107 πρὸς
3682 1041 3754 1092 τὶν

2196 1136 2332 1190 Θεὸν
2355 1135 2741 1208 ἐπειγομένου,
2798 1137 2892 1190 καὶ
2939 1136 3123 1205 σοφῶς
3170 1136 3504 1206 ποιουμένου
3532 1132 3624 1202 τῆς
3646 1136 3756 1199 προς

2198 1227 2362 1280 αὑτὸν
2391 1227 2709 1288 ἀνατάσεως
2739 1225 2958 1297 ἑφεξῆς,
2987 1225 3062 1289 ὡς
3097 1227 3155 1279 ὲν
3179 1225 3286 1296 (ἱδῷ
3335 1225 3511 1292 κοινῇ,
3549 1220 3758 1288 φυσικῶς

2197 1318 2293 1372 τοῦ
2327 1319 2371 1350 ⁸⁷
2427 1319 2534 1390 πρὸ
2584 1318 2752 1374 αὐτοῦ
2804 1319 2866 1372 τὸ
2923 1317 3139 1388 φθάσαν
3201 1315 3495 1370 ἐπίϐασιν·
3546 1307 3656 1366 εἶτα
3705 1313 3758 1365 τὰ

2199 1411 2366 1481 νοητά
2421 1410 2520 1464 καὶ
2551 1410 2622 1464 τὰ
2655 1409 2894 1481 αἰσθητά
2922 1410 3060 1482 πρὸς
3085 1409 3303 1472 τούτοις
3333 1405 3541 1468 ἐνώσας
3566 1404 3647 1458 διὰ
3683 1403 3761 1473 τὴν

2200 1502 2338 1574 πρὸς
2375 1502 2642 1572 ἀγγέλους
2675 1505 2816 1556 κατά
2859 1501 2958 1573 τὴν
2999 1501 3204 1570 γνῶσιν
3247 1499 3477 1568 ἰσότητα
3533 1497 3698 1566 (222
3720 1495 3760 1562 ὑ)

2203 1599 2334 1671 μίαν
2361 1601 2563 1671 ποιήσῃ
2593 1599 2770 1652 κτίσιν
2801 1599 2901 1668 τὴν
2960 1597 3183 1652 ἅπασαν
3217 1595 3428 1659 κτίσιν,
3461 1593 3534 1666 μὴ
3557 1593 3762 1662 διαιρου-

2204 1690 2376 1762 μένην
2426 1689 2575 1760 αὐτῷ
2620 1690 2764 1744 κατά
2816 1691 2916 1761 τὴν
2965 1689 3169 1758 γνῶσιν
3204 1687 3301 1740 καὶ
3352 1685 3452 1754 τὴν
3502 1683 3761 1752 ἀγνωσίαν,

2205 1781 2326 1853 ε’σηεὶ
2357 1781 2505 1852 αὐτῷ
2533 1783 2674 1848 πρὸς
2707 1781 2835 1844 τοὺς
2869 1781 3137 1849 ἀγγέλους
3170 1775 3479 1837 ἀνελλιπῶς
3503 1771 3764 1842 γενομένης

2203 1873 2313 1926 τῶν
2343 1875 2400 1926 ἐν
2431 1875 2544 1936 τοῖς
2571 1868 2692 1926 οῦσι
2741 1873 2916 1939 λόγων
2961 1869 3279 1940 γνωστικῆς
3306 1867 3636 1936 ἐπιστήμης,
3663 1863 3762 1917 καθ’

2207 1966 2274 2037 ἣν
2301 1969 2334 2036 ἡ
2365 1967 2465 2038 τῆς
2505 1965 2743 2036 ἀληθοῦς
2785 1966 2978 2035 σοφίας
3003 1963 3384 2034 ἀπειρὸδωρος
3415 1959 3569 2030 χύσις
3611 1960 3764 2023 ἐπιγε-

2207 2059 2408 2129 νομένη
2437 2057 2578 2112 κατά
2618 2057 2678 2112 τὸ
2711 2057 2933 2126 θεμιτὸν
2965 2053 3288 2127 ἀκραιφνῶς
3333 2050 3522 2105 λοιπὸν
3545 2048 3635 2120 τὴν
3666 2049 3765 2118 περὶ

2207 2150 2341 2204 Θεοῦ
2373 2151 2468 2204 καὶ
2507 2149 2886 2220 ἀμεσιτεύτως
2919 2147 3222 2218 παρέχεται
3268 2147 3388 2209 τοῖς
3445 2143 3612 2210 ἀξίοις
3645 2140 3764 2193 ἀδιά-

2207 2259 2450 2311 γνωστον
2489 2243 2584 2296 καὶ
2619 2242 3024 2314 ἀνερμήνευτον
3073 2239 3287 2293 ἔννοιαν
3315 2254 3330 2267 ⁸
3365 2233 3652 2297 καὶ’τὲλος
3697 2233 3762 2284 ἐπὶ

2208 2337 2344 2388 πᾶσι
2396 2334 2637 2399 τούτοις,
2693 2335 2788 2387 καὶ
2830 2333 3054 2403 κτιστὴν
3105 2331 3272 2402 φύσιν
3326 2332 3395 2400 τῇ
3447 2327 3680 2393 ἀκτίστῳ
3717 2323 3763 2375 δι’

2209 2427 2432 2498 ἀγάπης
2458 2426 2666 2490 ὲνὼσας
2697 2425 2760 2498 (ὦ
2794 2425 2892 2479 τοῦ
2923 2424 3204 2496 θαύματος
3233 2425 3338 2494 τῆς
3365 2421 3497 2491 περὶ⁵
3541 2418 3678 2486 ἡμᾶς
3697 2413 3758 2467 τοῦ

2210 2521 2348 2574 Θεοῦ
2382 2518 2822 2590 φιλανθρωπίαὲ)
2868 2517 2925 2572 ἓν
2961 2519 3056 2572 καὶ
3088 2515 3291 2572 ταύτὸν
3318 2511 3518 2578 δείξειε
3549 2508 3676 2563 κατά
3695 2507 3765 2574 τὴν

2215 2610 2322 2682 ἕξιν
2366 2614 2467 2682 τῆς
2491 2613 2738 2683 χάριτος,
2771 2612 2890 2676 ὅλος
2924 2612 3031 2682 ὅλῳ
3062 2609 3462 2682 περιχωρή-σας
3501 2601 3682 2664 όλικῶς
3710 2597 3765 2667 τῷ

2213 2707 2354 2776 Θεῷ,
2414 2707 2508 2760 καὶ
2558 2687 3008 2774 γενόμενος’στᾶν
3061 2703 3114 2756 ετ
3139 2701 3192 2768 τί
3239 2701 3352 2772 πέρ
3407 2695 3612 2753 ἐστινὸ
3643 2691 3779 2752 Gala,

2213 2797 2385 2870 χωρὶς·
2432 2798 2533 2866 τῆς
2572 2794 2693 2854 κατ’
2723 2795 2916 2849 οὐσίαν
2956 2793 3317 2864 ταύτότητος,
3352 2790 3449 2846 καὶ
3489 2788 3604 2842 ὅλον
3639 2782 3776 2838 ait?»

2213 2888 2517 2951 ἀντιλαϐὼν
2561 2885 2759 2940 ἑαυτοῦ
2790 2886 2882 2940 τὸν
2925 2885 3083 2949 Θεὸν,
3124 2886 3224 2938 καὶ
3263 2884 3368 2954 τῆς
3405 2881 3492 2934 ἐπ’
3530 2874 3766 2932 αὐτὸντόν

2215 2980 2348 3032 Θεὶν
2415 2979 2738 3042 ἀναϐάσεως
2799 2974 2910 3032 οἷον
2980 2976 3214 3031 ἔπαθλον
3282 2974 3454 3030 αὑτὸν
3503 2970 3766 3042 μονώτατῦν

2216 3071 2562 3142 κτησάμενος
2586 3071 2676 3124 τὸν
2708 3071 2862 3136 Θεὸν,
2890 3071 2967 3134 ὡς
2999 3070 3155 3134 τέλος
3183 3069 3285 3142 τῆς
3322 3066 3434 3120 τῶν
3475 3059 3768 3130 κινουμένων

2217 3168 2507 3235 κινήσεως,
2537 3165 2632 3218 καὶ
2667 3167 2856 3219 στάσιν
2885 3163 3118 3235 βάσιμόν
3170 3180 3230 3216 τε
3270 3161 3374 3214 κού⁹
3427 3155 3666 3225 ἀκίνητον
3686 3148 3779 3202 τῶν.

519 3243 788 3300 instituta:
815 3253 1083 3314 tanquam.
1109 3246 1395 3316 praemium
1427 3245 1608 3315 ipsum
1641 3247 2003 3316 consequitur
2049 3265 2110 3304 ac

2216 3258 2304 3310 ἐπ’
2353 3243 2516 3312 αὐτὸν
2557 3245 2903 3328 φερομένων,
2951 3257 3044 3310 καὶ
3078 3254 3282 3318 παντὸς
3308 3255 3442 3320 ὅρου
3469 3249 3558 3302 καὶ
3601 3240 3780 3312 θεσμιῦ.

519 3339 921 3405 solum-Deum,
956 3349 1017 3394 ut
1060 3355 1243 3394 rerum
1295 3347 1570 3394 motarum
1608 3340 1872 3394 motionis
1917 3340 2105 3407 finem,

521 3449 588 3488 ac
619 3431 828 3488 firmam
853 3441 908 3489 et
941 3433 1192 3489 stabilem
1223 3449 1417 3489 eorum
1447 3448 1569 3502 qua:
1591 3432 1658 3486 ad
1692 3447 1820 3487 eum
1852 3433 2108 3490 feruntur

2217 3349 2312 3403 καὶ
2348 3348 2536 3419 νόμον,
2564 3349 2725 3417 λόγου
2769 3365 2828 3402 τε
2873 3348 2966 3402 καὶ
2995 3348 3113 3411 νοῦ,
3143 3347 3240 3401 καὶ
3289 3344 3511 3414 φύσεως
3547 3339 3662 3408 ὅρον
3695 3333 3768 3385 καὶ

2216 3441 2391 3512 πέρας
2425 3441 2678 3512 ἀόριστόν
2701 3459 2762 3494 τε
2786 3443 2881 3495 καὶ
2915 3441 3142 3510 ἄπειρον
3163 3439 3315 3492 ὄντα.

520 3525 838 3592 stationem,
871 3527 1162 3597 omnisque
1217 3527 1347 3582 finis
1411 3533 1468 3582 et
1511 3526 1714 3597 regula:
1743 3535 1802 3582 et
1844 3527 1980 3598 legis
2007 3569 2022 3595 ,
2069 3535 2350 3592 sermonis
2391 3547 2560 3606 atque
2591 3537 2795 3592 mentis
2859 3543 2915 3590 et
2944 3545 3158 3593 naturae
3217 3533 3411 3598 ﬁnem,
3451 3537 3506 3584 et
3545 3521 3766 3580 infinitam

521 3618 1042 3690 interminatamque
1073 3631 1301 3681 metam..

591 3709 728 3766 Cum
751 3711 915 3781 igitur
936 3711 1261 3765 naturaliter
1282 3711 1470 3778 homo,
1494 3720 1783 3780 postquam
1818 3711 2119 3768 fabricatus

520 3810 624 3864 cst,
653 3801 798 3858 circa
828 3801 1108 3857 immobile
1139 3809 1198 3854 ut
1225 3801 1308 3855 sui
1342 3801 1560 3856 initium
1595 3801 1811 3870 (Deum,
1839 3801 2113 3872 inquam),

520 3908 633 3947 non
665 3902 846 3947 motus
871 3901 1018 3948 esset
1043 3899 1234 3948 contra
1263 3893 1411 3948 circa
1437 3893 1684 3963 subjecta
1715 3895 1842 3958 sibi,
1876 3911 2113 3964 quorum

523 3985 820 4054 imperium
867 4001 899 4039 a
932 3986 1046 4040 Deo
1079 3985 1130 4039 ei
1178 3985 1498 4040 mandatum
1549 3995 1692 4047 erat,
1730 3985 2118 4042 innaturaliter

522 4085 718 4148 sponte
750 4092 850 4132 sua
879 4085 934 4130 et
973 4076 1300 4145 insipienter
1346 4086 1530 4131 motus
1571 4077 1662 4142 sit,
1707 4093 1830 4131 cum
1880 4079 2118 4132 naturali

521 4167 804 4232 facultate,
835 4183 958 4236 qua:
1001 4167 1054 4222 ei
1089 4168 1392 4222 secundum
1441 4169 1782 4224 nativitatem
1829 4170 1953 4225 data
2001 4180 2121 4225 erat

523 4258 593 4314 ad
624 4258 991 4314 discretorum
1028 4259 1334 4314 unitionem
1371 4259 1426 4314 in
1461 4260 1744 4314 unitorum
1789 4261 1972 4331 potius
2004 4262 2118 4317 dis-

525 4351 832 4408 cretionem
879 4353 1228 4418 abuteretur,
1261 4361 1317 4407 et
1353 4353 1410 4407 in
1449 4353 1556 4408 hoc
1591 4354 1814 4423 negotio
1842 4369 1980 4424 pene
2009 4357 2115 4410 mi-

525 4459 648 4500 sere
673 4454 821 4500 esset
851 4445 905 4499 in
931 4446 1452 4501 non-exsistentiam
1482 4446 1750 4516 relapsus,
1785 4447 1995 4502 idcirco
2030 4447 2116 4502 in-

525 4545 802 4594 novantur
829 4545 1062 4603 naturae,
1089 4547 1146 4594 et
1175 4539 1491 4594 incredibili
1520 4539 1684 4593 modo
1715 4555 1781 4594 ac
1807 4555 1973 4609 supra
2017 4555 2111 4594 na-

2303 3716 2522 3788 Ἐπειὸὴ
2553 3717 2734 3771 τοίνυν
2765 3714 3029 3785 φυσικῶς,
3071 3713 3148 3776 ὡς
3191 3709 3637 3782 δεδημιούργητο,
3665 3704 3762 3773 περὶ

2223 3808 2320 3876 μὲν
2350 3808 2410 3858 τὸ
2434 3807 2713 3876 ἀκίνητον,
2744 3807 2819 3868 ὡς
2843 3804 3020 3874 ἀρχὴν
3057 3803 3194 3856 ἰδίαν
3246 3803 3416 3872 (τημὶ
3455 3801 3510 3853 δὲ
3535 3799 3618 3851 τὸν
3645 3795 3766 3861 Gaia)

2218 3899 2246 3950 ὁ
2274 3897 2560 3968 ἄνθρωπος
2588 3897 2648 3948 οὐ
2688 3896 2966 3966 κεκίνητο,
3013 3896 3142 3964 περὶ
3180 3893 3235 3945 δὲ
3273 3893 3341 3946 τὰ
3389 3893 3480 3945 ὑπ’
3511 3887 3676 3951 αὐτὸν,
3712 3879 3768 3936 ὧν

2226 3973 2388 4051 αῦτὸς
2443 3988 2628 4041 θεόθεν
2685 3988 2879 4059 ἄρχειν
2930 3987 3202 4056 ἐπετάγη,
3251 3985 3408 4055 παρὰ
3461 3983 3613 4051 φύσιν
3659 3976 3766 4030 ἑκὼν

2224 4081 2467 4150 ἀνοήτως
2498 4079 2804 4149 κεκίνηται,
2837 4081 2902 4149 τῇ
2927 4077 3064 4144 πρὸς
3093 4077 3288 4130 ἕνωσιν
3325 4075 3438 4128 τῶν
3471 4068 3773 4144 διῃρημένων

2225 4171 2444 4243 δοθείσῃ
2483 4171 2632 4241 αὐτῷ
2667 4174 2872 4241 φυσικῇ
2900 4170 3132 4240 δυνάμει
3161 4167 3306 4222 κατά
3345 4168 3444 4238 τὴν
3490 4165 3683 4233 γένεσιν
3708 4157 3767 4216 εἷς

2228 4261 2466 4333 τὴντῶν
2511 4262 2816 4332 ἡνωμένων
2882 4260 3083 4331 μᾶλλον
3131 4259 3401 4329 διαίρεσιν
3451 4245 3768 4324 παραχρησά·

2228 4371 2412 4424 μενος,
2445 4353 2738 4424 καὶταύτῃ
2781 4350 2982 4422 μικροῦ
3025 4351 3139 4404 δεῖν
3171 4349 3426 4412 ἐλεεινῶς
3459 4349 3534 4410 εἰς
3560 4344 3615 4396 τὸ
3643 4339 3704 4411 μὴ
3725 4335 3766 4388 ὃν

2227 4447 2391 4502 πάλιν
2424 4443 2781 4506 κινδυνεύσας
2832 4442 3244 4512 μεταχωρῆσαι,
3286 4441 3378 4494 διὰ
3402 4437 3556 4492 τοῦτο
3575 4444 3769 4487 καινοτο-

2231 4537 2460 4610 μοῦνται
2499 4536 2713 4606 φύσεις,
2746 4534 2844 4587 καὶ¹
2878 4532 3203 4604 παραδόξως
3245 4533 3389 4602 ὑπὲρ
3421 4529 3573 4598 φύσιν
3595 4520 3706 4592 περὶ
3727 4516 3768 4568 τὸ

529 4637 704 4690 turam
727 4631 873 4686 circa
897 4632 952 4688 id
977 4632 1125 4704 quod
1153 4641 1348 4688 natura
1372 4641 1627 4687 movetur
1652 4632 2030 4697 immobiliter,
2061 4639 2110 4688 ut

2229 4631 2390 4700 φύσει
2421 4627 2744 4699 κινούμενον
2772 4629 3068 4697 ἀκινήτως,
3101 4625 3170 4678 ἵν’
3191 4623 3368 4687 οὕτως
3403 4625 3556 4680 εἴπω,
3583 4616 3770 4670 κινεῖται

531 4722 602 4778 ita
651 4723 852 4789 dicam,
901 4731 1155 4780 movetur
1203 4725 1259 4780 id
1307 4725 1456 4795 quod
1503 4725 1811 4780 secundum
1860 4733 2118 4780 naturam

527 4829 686 4872 suam
715 4816 874 4886 plane
907 4817 1189 4872 immobile
1221 4825 1326 4882 est,
1355 4826 1411 4872 et
1443 4819 1590 4872 Deus
1617 4817 1784 4872 homo
1814 4817 1894 4882 fit,
1924 4825 1986 4874 ut
2017 4817 2119 4872 bo-

527 4905 735 4963 minem
763 4907 1043 4978 perditum
1074 4909 1286 4963 salvum
1313 4908 1502 4973 faciat,
1529 4916 1586 4963 et
1607 4909 1883 4980 generalis
1915 4909 1971 4962 in
1999 4908 2125 4963 uni-

527 4999 792 5056 versitate
824 4981 1037 5056 natura:
1066 5016 1166 5070 per
1188 5001 1546 5070 semetipsum
1578 5000 1860 5056 naturales
1885 5002 2132 5072 jungens.

530 5087 812 5161 rupturas,
861 5099 917 5147 et
963 5091 1249 5163 generales
1287 5091 1707 5162 partieularium
1757 5093 2000 5163 prolatas
2033 5108 2124 5170 ra-

534 5184 735 5250 tiones,
766 5184 970 5254 quibus
999 5183 1369 5240 discretorum
1401 5185 1578 5240 unitio
1610 5185 1948 5239 instituenda
1981 5191 2126 5248 erat,

535 5277 895 5357 manifestans
927 5292 1184 5348 magnum
1216 5278 1314 5333 Dei
1361 5293 1426 5332 ac
1470 5277 1650 5332 Patris
1695 5277 1988 5332 consilium
2020 5277 2130 5330 im-

535 5367 732 5437 pleret,
787 5367 844 5421 in
894 5382 1016 5422 sese
1069 5369 1257 5424 omnia
1309 5369 1660 5439 recolligens,
1715 5376 1824 5422 tam
1883 5368 2130 5424 cmlestia

533 5472 698 5525 quam
753 5467 995 5522 terrena,
1039 5458 1093 5513 in
1127 5476 1238 5529 quo
1287 5455 1456 5516 etiam
1489 5459 1720 5536 condita
1765 5467 1946 5514 erant.
1996 5459 2130 5513 Pro-

535 5547 680 5608 fecto
731 5550 900 5622 igitur
945 5552 1216 5622 generalis
1261 5569 1370 5622 qua
1410 5561 1612 5615 cuncta
1657 5553 1714 5606 in
1767 5551 2128 5620 semetipsum

538 5652 836 5714 congreget
889 5644 1155 5701 unitiouis
1208 5661 1276 5701 ex
1337 5653 1525 5701 nostra
1593 5646 1931 5702 discretione
1965 5643 2129 5710 facto

2222 4723 2286 4780 τὸ
2321 4723 2498 4792 πάντη
2527 4719 2672 4775 κατά
2701 4719 2864 4789 φύσιν
2893 4718 3171 4785 ἀκίνητον,
3205 4715 3302 4769 καὶ
3332 4715 3464 4777 Θεὸς
3503 4710 3767 4800 -ἀνθριυποξ

2226 4817 2462 4886 γίνεται,
2501 4811 2587 4864 ἵνα
2623 4808 2774 4880 σώσῃ
2802 4809 2894 4862 τὸν
2921 4807 3264 4878 ἀπολόμενον
3293 4804 3340 4838 ⁸⁸
3389 4803 3674 4874 ἄνθρωπον.
3701 4805 3770 4896 κ²ξ

2229 4881 2330 4976 at;
2397 4901 2540 4957 κατά
2589 4901 2648 4954 τὸ
2699 4900 2808 4957 ’πᾶν
2857 4897 3042 4969 (223
3076 4898 3132 4967 a)
3189 4896 3419 4952 καθόλου
3479 4881 3746 4976 φύσεως

2227 4995 2425 5053 ἑαυτοῦ
2468 4995 2538 5048 τὰ
2583 4993 2726 5046 κατά
2783 4990 2946 5060 φύσιν
3001 4989 3212 5053 ὲνώσας
3249 4990 3522 5059 ῥήγματα,
3565 4977 3646 5034 καὶ
3673 4971 3768 5072 τούς

2229 5089 2464 5144 καθόλου
2492 5084 2601 5139 τῶν
2628 5084 2728 5138 ἐπὶ
2765 5083 2968 5154 μέρους
3014 5081 3471 5153 προφερομένους
3501 5073 3682 5140 λόγουςι
3705 5075 3764 5120 0ίὶ

2228 5185 2262 5250 ἡ
2293 5183 2404 5236 τῶν
2435 5179 2784 5252 διῃρημένων
2827 5176 3077 5246 γίνεσθαι
3125 5175 3375 5244 πέφυκεν
3401 5173 3600 5230 ἓνωσις,
3629 5157 3765 5252 δείξεις

2229 5248 2330 5345 "iii"
2367 5248 2614 5344 μεγάλην
2675 5268 2876 5340 βουλὴν
2918 5264 3186 5341 πληρώσῃ
3247 5265 3342 5320 τοῦ
3394 5260 3524 5318 Θεοῦ
3550 5255 3633 5310 καὶ
3681 5248 3762 5346 ηας

2233 5366 2382 5436 τρὸς,
2414 5365 2492 5426 εἰς
2545 5364 2740 5416 ἑαυτὸν
2806 5357 3308 5428 ἀνακεφαλαιώσας
3373 5355 3440 5410 τὰ
3494 5351 3667 5404 πάντι.
3715 5350 3765 5436 ἐξ

2237 5458 2294 5510 ὲν
2359 5454 2438 5526 τῷ
2497 5453 2715 5524 ούρανῷ
2793 5453 2890 5507 καὶ
2949 5451 3022 5505 τὰ
3083 5451 3180 5504 ἐπὶ
3251 5449 3354 5518 τῆς
3419 5446 3554 5516 γῆς,
3621 5437 3666 5484 ἐκ
3715 5442 3766 5526 .‘z’

2239 5550 2334 5603 καὶ
2381 5547 2737 5618 ἐκτίσθησαν.
2809 5545 3031 5616 Ἀμέλει
3103 5561 3186 5598 τοι
3260 5543 3362 5612 τῆς
3413 5534 3619 5594 καθόὶου

2240 5644 2459 5695 πάντων
2493 5639 2630 5707 πρὸς
2678 5637 2872 5690 ἑαυτὸν
2927 5635 3174 5699 ἑνώσεως
3217 5635 3280 5687 ἐκ
3331 5634 3426 5703 τῆς
3460 5625 3597 5698 ἡμῶν
3633 5622 3760 5684 3P5"

1825 5779 2060 5837 VARUS
2100 5774 2507 5832 LECTIONES.

613 5893 658 5929 ν’
695 5893 795 5951 Hic
827 5896 1088 5954 mendum
1121 5897 1340 5970 aliquod
1369 5899 1522 5956 latet.
1601 5899 1645 5931 ⁸⁸
1679 5899 2045 5970 ἀπολλύμενον
2079 5893 2200 5951 eod.
2236 5891 2354 5948 Gud
2367 5934 2400 5960 .,
2440 5909 2540 5948 nec
2572 5893 2740 5949 semel
2778 5893 2871 5949 ita.
