4012 6382
303 453 446 524 3309

1540 459 2063 522 AMBIGUORUM'
2101 463 2352 524 LIBER-

3435 469 3571 533 1310
3604 509 3613 516 -

301 590 467 642 μενος
559 568 878 642 διαιρέσεως
962 573 1173 641 γίνεται
1249 573 1458 638 τέλειος
1540 574 1826 645 ἄνθρωπος
1861 615 1874 638 ,

1995 576 2276 648 principio,
2307 577 2588 649 perfectus
2615 579 2780 634 homo
2813 579 2893 645 ﬁt,
2918 597 2984 636 ex
3021 581 3182 636 nobis
3213 591 3438 652 propter.
3468 599 3572 638 nos

205 685 212 690 ·
299 669 365 735 ἐξ
395 668 552 738 ἡμῶν
581 668 650 720 δι’
676 669 823 736 ἡμᾶς
855 667 979 720 καθ’
1017 669 1186 738 ἡμᾶς,
1235 667 1414 721 πάντα
1443 668 1512 722 τὰ
1543 667 1701 738 ἡμῶν
1725 668 1879 722 ἀνελ-

296 760 480 823 λιπῶς
507 759 668 830 ἔχων,
701 759 978 831 ἁμαρτίας
1023 759 1214 830 χωρὶς,
1255 759 1354 829 τῆς
1383 760 1524 813 κατά
1560 758 1721 828 φύσιν
1760 761 1884 813 ἀκο-

298 851 525 914 λουθίας
571 850 819 920 γαμικῆς
869 849 1098 913 ούδόλως
1153 851 1234 914 εἰς
1276 850 1434 903 τοῦτο
1492 849 1878 920 προσδεηθείς·

295 943 441 1014 ὁμοῦ
477 961 537 995 τε
571 944 665 996 καὶ
704 941 845 996 κατά
885 941 947 994 τὸ
977 942 1111 994 αὐτὸ
1147 942 1379 1004 δεικνὺς,
1402 940 1478 1005 ὡς
1513 937 1690 1012 οἶμαι,
1721 942 1882 1012 τυχὸν

298 1037 382 1100 ὡς
420 1031 489 1106 ἦν
520 1035 614 1088 καὶ
642 1033 802 1098 ἄλλος
829 1033 1029 1106 τρόπος
1057 1033 1158 1104 τῆς
1189 1037 1265 1096 εἰς
1302 1033 1506 1104 πλῆθος
1533 1035 1640 1088 τῶν
1668 1033 1882 1106 ἀνθρώ-

300 1145 430 1182 πων
457 1125 738 1196 αὐξήσεως
777 1123 1230 1194 προεγνωσμένος
1271 1123 1410 1195 Θεῷ,
1456 1125 1504 1176 εἰ
1535 1123 1634 1197 τὴν
1664 1123 1884 1196 ἐντολὴν

299 1222 334 1275 ὁ
382 1217 594 1287 πρῶτος
641 1215 908 1285 ἐφύλαξεν
955 1213 1239 1284 ἄνθρωπος
1277 1215 1539 1282 καὶπρὸς
1585 1214 1885 1283 κτηνωδίαν

298 1313 500 1371 ἑαυτὸν
527 1311 605 1384 τῷ
638 1309 782 1364 κατὰ
821 1308 1174 1377 παράχρησιν
1198 1305 1384 1376 τρόπῳ
1411 1307 1516 1358 τῶν
1547 1306 1765 1358 οἰκείων
1792 1307 1887 1358 δυ-

297 1410 526 1478 νάμεων
565 1403 641 1475 μὴ
684 1399 970 1463 κατέϐαλε,
1023 1399 1120 1478 καῖ
1167 1399 1269 1467 τὴν
1308 1399 1446 1451 κατὰ
1485 1399 1544 1450 τὸ
1585 1398 1754 1469 ἄρρεν
1793 1398 1888 1452 καὶ⁵
1923 1407 1926 1410 ’

303 1469 448 1570 θῆλυ
488 1469 846 1566 διαφορὰν’τε
875 1491 970 1546 καὶ
1003 1469 1270 1562 διαίρεσιν
1293 1491 1393 1560 τῆς
1422 1488 1638 1558 φύσεως
1665 1489 1890 1556 ὲξωθοιῖο

306 1605 494 1660 μενος,
522 1581 590 1658 ἧς
621 1585 757 1655 πρὸς
791 1582 852 1634 τὸ
878 1582 1157 1650 γενέσθαι,
1195 1574 1449 1650 καθάπερ
1479 1579 1638 1650 ἔφην,
1672 1579 1887 1650 ἅνθρω-

303 1698 434 1746 πος,
467 1679 698 1740 ούδόλως
741 1672 1082 1748 προσεδεήθη
1112 1713 1126 1732 ,
1159 1667 1232 1725 ὧν
1263 1672 1322 1725 δὲ
1356 1672 1482 1726 ἄνευ
1539 1668 1680 1724 εἷναι
1724 1671 1888 1740 τυχόν

304 1775 426 1826 ἐστι
467 1770 736 1836 δυνατὸν,
765 1765 938 1821 ταῦτα
968 1767 1048 1828 είς
1071 1765 1132 1817 τὸ
1154 1763 1402 1833 διηνεκὲς
1433 1765 1770 1834 παραμεῖναι
1789 1764 1889 1816 οὐκ

303 1863 544 1931 ἀνάγκη.
575 1861 672 1912 Ἐν
694 1875 803 1926 γαρ
827 1854 1060 1926 Χριστῷ
1088 1856 1304 1922 Ἰησοῦ,
1330 1855 1494 1923 φησὶν
1511 1857 1538 1906 ο
1565 1853 1706 1916 Θεῖος
1733 1852 1889 1906 ’Λπό-

306 1955 520 2018 στολος,
557 1952 696 2006 οὔτε
723 1948 905 2017 imper
925 1946 1065 1999 οὔτε
1097 1945 1289 2022 θῆλυ..¹
1311 1941 1443 1996 Εἶτα
1471 1944 1570 2014 τὴν
1599 1941 1720 1996 καθ’
1741 1943 1890 2013 ἡμᾶς

307 2047 548 2117 ἁγιάσας
597 2040 924 2112 οἰκουμένην
972 2037 1058 2091 διὰ
1089 2038 1187 2108 τῆς
1236 2036 1444 2100 οἰκείας
1494 2034 1892 2106 ἀνθρωποπρε-

305 2139 446 2202 ποῦς
489 2132 834 2201 ἀναστροφῆς
873 2131 1012 2201 μετὰ
1046 2128 1276 2182 θάνατον
1315 2131 1397 2192 είς
1425 2127 1514 2180 τὸν
1563 2127 1892 2198 παράδεισον

306 2226 768 2300 ἀπαραποδίστως
821 2223 1010 2292 χωρεῖ,
1055 2221 1238 2284 καθὼς
1289 2218 1364 2288 τῷ
1419 2219 1591 2288 λῃστῇ
1645 2216 1894 2286 ἀψευδώς

307 2319 700 2392 ἐπηγγείλατο,
736 2315 1026 2385 Σήμερον,
1071 2315 1272 2384 φήσας,
1327 2313 1443 2379 ἔσῃ
1482 2313 1610 2378 μετ’
1649 2309 1796 2379 ἐμοῦ
1825 2310 1894 2362 ἐν

305 2413 392 2480 τῷ
421 2411 788 2481 παραδείσῳ.
841 2405 1124 2461 Ἐντεῦθεν
1151 2405 1224 2468 ὡς
1260 2405 1379 2457 κατ’
1411 2404 1574 2456 αὑτὸν
1605 2404 1788 2456 λοιπὸν
1819 2403 1893 2474 μὴ

310 2507 546 2578 ἐχούσης
593 2503 729 2574 πρὸς
775 2502 867 2554 τὸν
920 2499 1252 2569 παράδεισον
1301 2495 1566 2566 διαφορὰν
1617 2496 1719 2565 τῆς
1770 2494 1893 2548 καθ’

307 2599 470 2669 ἡμᾶς
492 2593 822 2664 οἰκουμένης
851 2590 1014 2644 πάλιν
1043 2589 1130 2642 ἐπ’
1160 2588 1337 2661 αὐτῆς
1361 2587 1537 2658 ἐφάνη
1569 2589 1684 2650 τοῖς
1717 2587 1894 2657 μαθη-

303 2693 434 2753 ταῖς
461 2684 918 2754 συνδιαιτώμενος
945 2681 1084 2749 μετά
1112 2679 1210 2751 τὴν
1239 2681 1302 2731 ἐκ
1331 2679 1542 2750 νεκρῶν
1573 2679 1891 2747 ἀνάστασιν,

304 2781 529 2842 δεικνὺς
569 2779 646 2842 ὼς
699 2778 732 2846 ἡ
773 2774 848 2844 γῆ
899 2776 996 2844 μία
1045 2767 1180 2826 οὖσα
1219 2773 1478 2842 τυγχάνει
1520 2771 1658 2842 πρὸς
1697 2771 1894 2842 ἑαυτὴν

303 2875 643 2946 ἀδιαίρετος,
674 2871 764 2924 τὸν
790 2869 910 2922 καθ’
941 2869 998 2920 ὃν
1020 2869 1133 2920 ἐστι
1163 2866 1321 2933 λόγον
1349 2866 1448 2932 τῆς
1481 2864 1620 2916 κατὰ
1639 2864 1822 2934 (223
1842 2863 1892 2932 b)

303 2965 412 3036 τὴν
468 2961 734 3032 διαφορὰν
787 2959 1104 3028 διαιρέσεως
1181 2953 1468 3026 ἐλεύθερον
1529 2954 1890 3018 διασώζουσαι.

306 3052 454 3110 Εἶτα
502 3055 590 3110 διὰ
645 3053 746 3122 τῆς
786 3053 865 3114 εἰς
899 3049 1131 3119 οὐρανὸν
1173 3047 1496 3116 ἀναλήψεως
1523 3045 1617 3098 τὸν
1669 3045 1896 3116 ούρανδν

305 3145 494 3216 ἦνωσε
518 3142 764 3212 δηλονότι
791 3139 883 3192 καὶ
912 3138 1012 3208 τὴν
1041 3139 1164 3207 γῆν,
1201 3138 1296 3190 καὶ
1333 3136 1474 3207 μετὰ
1503 3135 1692 3190 τούτου
1720 3135 1765 3166 ’⁵9
1803 3135 1895 3187 τοῦ

293 3238 506 3308 ,γηΐνου
535 3235 786 3305 σώματος
811 3231 904 3284 τοῦ
931 3232 1063 3301 ἡμῖν
1091 3227 1365 3300 ὀμοφυοῦς
1391 3245 1452 3281 τε
1480 3228 1574 3280 καὶ
1605 3227 1894 3297 ὁμοουσίου

302 3331 571 3402 χωρήσας
618 3331 698 3390 είς
757 3324 984 3396 οὐρανὸν
1041 3323 1168 3394 μίαν
1217 3321 1383 3376 οὖσαν
1429 3319 1508 3389 τῷ
1557 3319 1678 3372 κατ’
1733 3319 1900 3390 αὐτὴν

307 3421 736 3492 καθολικ-ωτέρῳ
766 3420 908 3488 λόγῳ
948 3418 1127 3470 πᾶσαν
1160 3415 1257 3484 τὴν
1289 3412 1552 3482 αἰσθητὴν
1584 3411 1748 3480 φύσιν
1794 3413 1900 3464 ἀτι-

307 3512 508 3578 ἐδειξε,
549 3513 648 3582 τῆς
697 3511 1003 3580 τεμνούσης
1048 3508 1217 3577 αὐτὴν
1267 3508 1324 3558 ὲν
1353 3503 1531 3574 ἑαυτῷ
1579 3505 1900 3578 διαιρέσεως

303 3605 653 3676 ἀμαυρώσεις
688 3603 784 3674 τὴν
819 3603 1076 3671 ἰδιότητα.
1121 3600 1352 3652 Ἔπειτα
1393 3599 1528 3668 πρὸς
1561 3598 1798 3660 τούτοις,
1830 3597 1898 3650 τὰ

305 3697 552 3766 αἰσθητῖ
585 3696 678 3750 καὶ
699 3695 767 3748 τὰ
800 3695 968 3767 νοητὰ
1002 3692 1236 3762 καθεξῆς
1264 3691 1352 3744 δια
1390 3690 1606 3742 πάντων
1637 3689 1744 3741 τῶν
1779 3691 1899 3742 κατ’

305 3791 544 3862 οὐρανὸν
591 3789 749 3842 θείων
797 3789 890 3840 καὶ
921 3787 1128 3856 νοητῶν
1171 3785 1469 3851 ταγμάτων
1503 3782 1728 3834 διελθὼν
1759 3781 1900 3850 μετὰ

306 3887 414 3950 τῆς
461 3883 636 3952 ψυχῆς
673 3881 766 3934 καὶ
808 3880 898 3932 τοῦ
957 3878 1230 3946 σώματος,
1269 3875 1518 3928 τουτέστι
1552 3875 1764 3935 τελείας
1801 3875 1900 3944 τῆς

309 3975 595 4043 ἡμετέρας
628 3973 862 4042 φύσεως,
895 3971 1095 4040 ﬂvens,
1129 3969 1227 4038 τὴν
1276 3967 1414 4036 πρὸς
1457 3969 1517 4020 τὸ
1551 3967 1607 4020 ἓν
1637 3967 1733 4036 τῆς
1773 3967 1900 4036 ὅλης

311 4067 550 4128 κτίσεως
582 4065 723 4118 κατὰ
751 4063 840 4115 τὸν
869 4062 1066 4129 εαυτῆς
1101 4059 1471 4132 ἀρχικώτατον
1493 4075 1550 4110 τε
1573 4059 1663 4112 καὶ
1684 4058 1902 4110 καθολι-

309 4156 560 4209 κώτατον
605 4154 762 4222 λόγον
833 4153 1111 4206 σύννευσιν
1156 4150 1335 4214 δείξας
1375 4151 1432 4202 ὲν
1468 4149 1649 4220 ἐαυτῷ
1696 4142 1900 4202 παντε-

311 4249 426 4310 λῶς
455 4248 758 4318 ἀδιαίρετόν
796 4263 852 4298 τε
897 4246 992 4298 καὶ
1037 4244 1422 4298 ἀστασίαστον.
1469 4241 1758 4304 Καὶτέλος
1807 4241 1901 4293 ἐπὶ

313 4341 456 4392 πᾶσι
487 4337 698 4400 τούτοις
745 4335 886 4390 κατᾶ
917 4335 1015 4406 τὴν
1060 4335 1306 4388 ἐπίνοιαν
1348 4334 1448 4402 τῆς
1482 4330 1900 4404 ἀνθρωπότητος

313 4425 458 4495 πρὸς
490 4425 650 4477 αὐτὴν
679 4425 889 4491 γίνεται
916 4424 1004 4476 τὸν
1029 4422 1180 4486 Θεὸν,
1199 4419 1554 4491 ἐμφανισθεὶς
1577 4419 1716 4490 ὑπὲρ
1739 4419 1900 4488 ἡμῶν

280 4511 585 4585 ’δη)ο·ιὸτι,
616 4515 800 4578 καθὼς
853 4515 1188 4584 γέγραπται,
1217 4512 1296 4584 τῷ
1331 4511 1605 4583 προσώπῳ
1635 4511 1728 4564 τοῦ
1761 4509 1898 4564 Θεοῦ

1985 665 2053 720 ad
2087 681 2208 733 nos,
2239 666 2336 736 qui
2369 667 2556 722 omnia
2579 676 2769 724 nostra
2804 669 2964 738 plene
2991 669 3214 734 habeat,
3244 671 3452 740 peccati
3479 687 3574 726 ex-

1983 771 2132 826 pers,
2165 757 2435 812 naturalis
2469 759 2712 831 coniugii
2743 762 3182 817 convenientiam
3222 779 3572 834 nequaquam

1985 847 2041 902 in
2094 849 2198 904 hoc
2253 849 2621 905 necessariam
2676 851 2891 906 habens
2943 869 2956 906 :
3009 853 3218 922 pariter
3267 863 3325 909 et
3375 855 3571 908 eodem

1987 940 2149 996 modo
2183 941 2483 996 ostendens
2527 940 2782 1006 fortasse,
2836 942 2917 996 uti
2952 943 3086 997 mihi
3117 943 3357 1009 videtur,
3405 945 3572 1000 alium

1987 1047 2210 1102 quoque
2239 1033 2352 1086 Deo
2381 1031 2554 1087 fuisse
2599 1033 2826 1087 modum
2858 1033 2916 1088 in
2945 1033 3357 1090 multitudinem
3392 1036 3575 1090 luere-

1989 1125 2162 1178 menti
2188 1124 2476 1178 hominum
2501 1132 2663 1180 antea
2691 1125 3076 1192 constitutum,
3103 1126 3147 1182 si
3173 1127 3385 1198 primus
3410 1127 3576 1182 homo

1988 1225 2322 1287 praeceptum
2356 1217 2750 1274 custodivisset
2783 1234 2964 1288 neque
2998 1219 3066 1274 ad
3109 1219 3404 1276 brutorum
3457 1219 3578 1275 ani-

1990 1307 2216 1361 malium
2264 1307 2622 1363 stoliditatem
2673 1309 2980 1364 secundum
3018 1309 3304 1366 abusionis
3341 1311 3576 1374 faculta-

1990 1404 2106 1451 tum
2151 1413 2380 1452 suarum
2415 1398 2643 1453 modum
2673 1399 3074 1467 descendisset,
3111 1409 3166 1457 et
3201 1401 3575 1458 diﬂ‘erentiam
3647 1427 3651 1430 -

1989 1490 2278 1545 masculini
2324 1507 2389 1546 ac
2435 1490 2687 1546 feminini
2721 1503 2778 1548 et
2811 1492 3168 1550 distinctione
3208 1504 3420 1550 naturae
3451 1509 3576 1550 sus-

1991 1581 2230 1647 tulisset,
2279 1597 2464 1652 quam,
2521 1581 2604 1638 uti
2653 1582 2788 1648 dixi,
2837 1583 3006 1639 homo
3051 1585 3121 1640 ad
3159 1585 3576 1656 generationem

1990 1689 2338 1744 nequaquam
2368 1675 2738 1730 necessariam
2765 1677 3048 1733 habuisset
3071 1677 3386 1748 quibusque
3415 1693 3578 1750 egere

1991 1764 2225 1821 fortasse
2255 1781 2567 1835 possumus.
2617 1768 2694 1822 Ea
2728 1767 2782 1821 in
2829 1777 3158 1854 perpetuum
3209 1769 3418 1825 servari
3467 1784 3579 1828 non

1992 1871 2220 1912 necesse
2271 1865 2375 1913 est.
2423 1857 2564 1912 Nam
2606 1860 2660 1912 in
2703 1859 2908 1914 Christo
2953 1859 3101 1925 Jcsu,
3139 1860 3321 1930 inquit
3354 1859 3578 1923 divinus

1993 1951 2312 2020 Apostolus,
2356 1967 2524 2022 neque
2574 1952 2924 2006 masculinum
2967 1953 3140 2024 itaque
3187 1953 3498 2022 femininum
3525 1951 3576 2009 ἀ.

1991 2043 2204 2098 Deinde
2233 2051 2426 2098 nostro
2457 2052 2727 2098 terrarum
2761 2043 2894 2099 orbe
2921 2043 3262 2100 sanctiﬁcato
3291 2060 3390 2114 per
3416 2060 3578 2099 suum

1993 2143 2118 2204 post
2149 2143 2406 2200 mortem,
2443 2143 2502 2190 ut
2531 2135 2636 2189 fert
2668 2136 2908 2190 humana
2955 2136 3222 2202 conditio,
3253 2137 3490 2192 reditum
3521 2136 3577 2190 in

1992 2225 2312 2295 paradisum
2357 2227 2608 2296 expedite
2657 2227 3002 2297 ingreditur,
3050 2228 3328 2299 quomodo
3373 2227 3576 2282 latroni

1994 2319 2266 2373 veraciter
2295 2320 2660 2383 annuntiavit,
2691 2319 2878 2384 Hodie,
2911 2321 3123 2385 dicens,
3161 2338 3360 2375 merum
3393 2323 3496 2374 eris
3525 2321 3580 2375 in

1997 2411 2248 2479 paradiso
2279 2411 2333 2464 εί
2371 2410 2501 2464 inde
2549 2427 2670 2464 cum
2709 2411 2776 2463 de
2828 2412 3041 2480 reliquo
3085 2419 3274 2466 noster
3310 2421 3578 2466 terrarum

1997 2500 2150 2556 orbis
2193 2517 2223 2554 a
2267 2501 2522 2570 paradiso
2547 2502 2683 2556 nihil
2719 2503 2796 2556 illi
2845 2503 3096 2566 distaret,
3143 2518 3336 2557 rursus
3379 2503 3434 2556 in
3478 2502 3582 2556 hac

2000 2601 2145 2648 terra
2178 2593 2434 2662 apparuit
2466 2603 2522 2647 et
2550 2609 2673 2647 eum
2706 2595 2992 2665 discipulis
3023 2604 3384 2650 conversatus
3413 2602 3500 2648 est
3534 2594 3578 2658 τ,

1997 2690 2284 2751 postquam
2333 2682 2401 2736 de
2447 2683 2680 2736 mortuis
2729 2685 3088 2740 resuscitatus
3135 2695 3238 2748 est,
3270 2693 3326 2739 et
3375 2692 3577 2738 terram

1999 2788 2164 2828 nnam
2195 2791 2315 2830 esse
2345 2791 2579 2844 eamque
2623 2791 2653 2829 a
2689 2791 2746 2831 se
2778 2777 2894 2842 ipsa
2937 2792 3046 2831 non
3093 2777 3389 2832 discretam
3419 2793 3578 2833 mon-

1999 2864 2212 2930 stravit,
2265 2880 2386 2934 quae
2437 2880 2560 2918 eam
2609 2854 3114 2936 secundum'quam
3170 2873 3254 2921 est
3309 2866 3580 2920 rationem

1999 2958 2350 3013 ditl'erentiali
2381 2957 2724 3012 distinctioni
2757 2956 2984 3012 liberam
3018 2965 3221 3012 servet.
3269 2957 3476 3011 Deinde
3526 2958 3581 3012 in

1999 3050 2202 3105 coelum
2255 3059 2510 3118 receptus
2566 3049 2705 3105 adeo
2755 3051 2976 3115 coelum,
3028 3049 3106 3104 uti
3157 3059 3406 3118 apparet,
3457 3065 3580 3104 cum

2003 3151 2149 3197 terra
2177 3141 2378 3205 univit,
2415 3155 2650 3210 cumque
2698 3149 2938 3202 terreno,
2969 3143 3127 3211 cujus
3165 3149 3220 3196 et
3260 3142 3497 3196 essentia
3528 3148 3584 3196 et

1928 3264 1970 3322 ε
2003 3245 2198 3290 natura
2229 3234 2422 3289 eadem
2456 3242 2541 3287 est
2583 3248 2705 3302 quae
2757 3243 2966 3298 nostra,
3012 3250 3240 3303 corpore
3289 3233 3345 3287 in
3381 3235 3584 3288 cmlum

2003 3325 2285 3394 ingressus
2309 3325 2626 3379 sensibilem
2661 3322 2880 3378 omnem
2912 3334 3166 3378 naturam
3203 3341 3326 3379 cum
3354 3341 3584 3394 genera-

2001 3419 2124 3472 liori
2159 3435 2254 3472 sua
2291 3418 2502 3471 ratione
2531 3432 2694 3470 unam
2725 3426 2780 3470 et
2806 3417 3057 3470 eamdem
3086 3433 3208 3470 esse
3239 3417 3583 3470 demonstra-

2000 3510 2099 3573 vit,
2135 3509 2508 3563 distinctionis
2553 3525 2674 3576 quae
2711 3508 2764 3562 in
2814 3509 3110 3578 semetipso
3155 3525 3274 3562 eam
3306 3507 3588 3562 diridelmt

2001 3601 2391 3672 proprietatem
2420 3601 2756 3655 obtundens.
2785 3601 2994 3654 Deinde
3033 3601 3100 3654 ad
3130 3601 3264 3660 inec,
3301 3600 3586 3654 sensibilia

2000 3701 2056 3748 et
2101 3691 2488 3761 intelligibilia,
2515 3707 2613 3760 per
2659 3706 2852 3744 omnes
2905 3691 3168 3759 deinceps
3209 3691 3330 3744 coeli
3369 3689 3587 3744 divinos

2001 3795 2166 3855 atque
2194 3783 2568 3851 intelligibiles
2596 3783 2822 3835 ordines
2853 3790 3224 3851 transgressus
3253 3797 3375 3834 cum
3402 3780 3586 3834 anima

2000 3885 2056 3932 et
2087 3891 2336 3944 corpore.
2382 3875 2487 3928 hoc
2533 3882 2617 3928 est
2659 3873 2902 3943 perfecta
2937 3883 3123 3927 nostra
3161 3881 3356 3926 natura
3387 3869 3582 3933 unirit,

1999 3974 2056 4022 et
2102 3968 2373 4021 universae
2419 3965 2752 4020 conditionis
2799 3965 3102 4019 secundum
3147 3961 3584 4034 potentissimam

2003 4073 2158 4114 suam
2180 4067 2234 4112 et
2255 4057 2726 4127 generalissimam
2761 4057 3032 4110 rationem
3065 4069 3188 4110 cum
3217 4053 3426 4107 unitate
3455 4067 3587 4105 con-

2001 4148 2360 4220 spirationem
2398 4148 2454 4202 in
2499 4147 2798 4218 semetipso
2828 4149 2987 4218 plane
3015 4147 3391 4202 indistinctam
3420 4151 3586 4212 atque

2003 4241 2254 4296 stabilem
2301 4256 2422 4295 esse
2456 4239 2804 4294 monstravit.
2837 4239 3014 4307 Atque
3049 4251 3326 4309 postremo
3357 4236 3424 4290 ad
3469 4236 3586 4289 hmo

2001 4328 2216 4392 omnia,
2275 4329 2580 4382 secundum
2634 4327 2993 4382 humanitatis
3042 4325 3460 4397 cogitationem,
3516 4322 3583 4377 ad

2001 4421 2182 4490 ipsum
2207 4421 2378 4475 Deum
2414 4421 2647 4484 accedit,
2679 4420 2773 4474 Dei
2803 4428 2860 4474 et
2899 4419 3080 4472 Patris
3104 4417 3279 4472 oculis
3301 4415 3474 4470 nostri
3503 4414 3586 4468 ni-

2002 4513 2228 4576 mirum,
2264 4521 2322 4566 ut
2369 4513 2634 4580 scriptum
2681 4519 2786 4575 est,
2837 4510 3014 4581 gratia
3060 4515 3484 4579 repraesentatus
3523 4514 3585 4560 ut

313 4607 418 4662 καὶ
451 4607 662 4676 Πατρὸς
708 4607 782 4670 ὡς
815 4606 1125 4677 ἄνθρωπος,
1153 4607 1181 4658 ὁ
1208 4604 1330 4658 καθ’
1361 4604 1675 4675 οἱανδήποτε
1695 4602 1895 4673 τρόπον

2003 4603 2190 4668 homo,
2213 4603 2306 4672 qui
2341 4602 2496 4656 nullo
2523 4616 2762 4670 unquam
2793 4599 2977 4664 modo,
3001 4607 3062 4654 ut
3091 4600 3299 4655 Sermo,
3325 4595 3392 4650 de
3423 4597 3584 4651 Patre

313 4697 589 4769 μηδέποτε
620 4697 714 4752 τοῦ
739 4697 952 4768 Πατρδς
991 4698 1069 4760 ὡς
1093 4696 1266 4765 Λόγος
1291 4696 1627 4767 χωρισθῆναι
1661 4695 1902 4766 δυνάμεε

310 4807 432 4855 νος,
469 4789 766 4862 πληρώσας
797 4791 870 4854 ὡς
897 4789 1187 4860 ἄνθρωπος
1220 4789 1367 4860 ἔργῳ
1390 4789 1487 4842 καὶ
1512 4787 1740 4858 ἀληθείᾳ
1769 4789 1896 4842 καθ’

311 4881 569 4952 ὑπακοὴν
602 4881 962 4954 ἀπαράϐατον
992 4882 1094 4934 ὅσα
1134 4881 1444 4953 προώρισεν
1477 4879 1638 4943 αὐτὸς
1661 4878 1736 4944 ὡς
1763 4879 1898 4943 Θεὸς

307 4974 595 5040 γενέσθαι,
624 4976 718 5028 καὶ
743 4973 1038 5036 τελειώσας
1069 4973 1258 5026 πᾶσαν
1289 4971 1486 5042 βουλὴν
1507 4970 1598 5024 τοῦ
1631 4969 1766 5023 Θεοῦ
1804 4972 1899 5024 καὶ

309 5065 532 5136 Πατρὸς
588 5066 730 5135 ὑπὲρ
768 5065 926 5135 ἡμῶν
976 5064 1084 5118 τῶν
1141 5065 1560 5134 ἀχρειωσάντων
1599 5065 1678 5136 τῇ-
1719 5081 1900 5136 παρα-

307 5161 514 5228 χρήσει
552 5156 652 5228 τὴν
683 5155 744 5220 ἐξ
787 5155 964 5226 ἀρχῆς
1003 5157 1136 5226 ἡμῖν
1169 5155 1418 5224 φυσικῶς
1452 5155 1588 5226 πρὸς
1624 5153 1783 5209 τοῦτο
1811 5156 1898 5208 δο-

307 5249 503 5302 θεῖσαν
526 5247 777 5318 δύναμιν,
811 5249 905 5301 καὶ
952 5247 1170 5317 πρῶτον
1199 5246 1406 5310 ὲνώσας
1440 5247 1572 5318 ἡμῖν
1601 5247 1830 5311 ἑαυτοὺς
1849 5248 1896 5280 ⁵⁸

305 5341 378 5392 ὲν
405 5337 586 5408 ἐαυτῷ
635 5337 724 5390 διὰ
769 5341 870 5409 τῆς
916 5338 1261 5408 ἀφαιρέσεως
1311 5337 1412 5407 τῆς
1451 5337 1594 5392 κατὰ
1633 5338 1694 5391 τὸ
1731 5340 1899 5410 ἄρρεν

307 5431 412 5486 καὶ
447 5429 508 5482 τὸ
546 5403 678 5502 θῆλυ
717 5403 1000 5500 διαιρορᾶς,
1032 5403 1128 5482 καὶ
1159 5429 1280 5482 ἀντὶ
1309 5403 1524 5500 ἀνδρῶν
1571 5429 1664 5482 καὶ
1704 5403 1931 5498 γυναι-⁸

303 5519 446 5583 κῶν,
481 5513 562 5582 οἷς
593 5520 622 5569 ὁ
653 5519 750 5588 τῆς
780 5519 1098 5587 διαιρέσεως
1127 5517 1475 5589 ἐνθεωρεῖται
1505 5517 1741 5588 μάλιστα
1769 5520 1896 5589 τρό-

2001 4697 2216 4753 secerni
2251 4703 2458 4766 potest,
2489 4703 2783 4764 postquam
2815 4701 2877 4748 ut
2923 4693 3088 4747 homo
3120 4706 3287 4761 opere
3336 4696 3393 4744 et
3433 4689 3584 4744 veri-

2003 4799 2132 4854 tate,
2161 4804 2443 4858 nunquam
2478 4789 2610 4842 laeso
2656 4787 2928 4856 obsequio
2973 4800 3316 4855 quzecunque
3360 4782 3476 4836 ﬁeri
3523 4787 3586 4836 ut

2001 4883 2148 4937 Deus
2191 4879 2682 4950 praedestinaverat
2728 4878 2996 4948 implevit,
3033 4890 3362 4944 omnemque
3393 4872 3487 4926 Dei
3523 4889 3586 4927 ac

2000 4973 2179 5029 Patris
2208 4972 2546 5026 voluntatem
2591 4971 2764 5024 nostri
2812 4970 2984 5040 gratia
3018 4977 3312 5022 exsecutus
3353 4973 3454 5028 est,
3488 4964 3583 5032 qui

2007 5071 2332 5135 potestatem
2363 5061 2694 5116 naturaliter
2722 5060 2884 5115 nobis
2915 5076 2942 5114 a
2975 5056 3249 5128 principio
3279 5055 3330 5108 in
3360 5054 3463 5106 hoc
3491 5052 3586 5106 da-

2006 5163 2115 5210 tam
2145 5154 2411 5210 abusione
2448 5153 2660 5206 irritam
2690 5150 3125 5210 reddideramus,
3157 5155 3320 5214 atque
3347 5143 3582 5211 primum
3661 5191 3668 5197 .

2005 5262 2106 5302 nos
2141 5254 2264 5300 cum
2309 5243 2469 5298 nobis
2511 5242 2563 5295 in
2607 5241 2902 5309 semetipso
2935 5237 3132 5299 univit,
3165 5234 3474 5288 differentia
3504 5231 3585 5286 fe-

2004 5336 2200 5392 minini
2233 5344 2288 5389 et
2323 5332 2605 5388 masculini
2653 5330 2885 5392 sublata,
2916 5341 3126 5396 proque
3159 5323 3296 5377 viris
3334 5332 3390 5375 et
3430 5319 3587 5375 l'emi-

2005 5431 2113 5493 nis,
2149 5428 2202 5482 in
2235 5427 2437 5496 quibus
2465 5425 2700 5478 maxime
2735 5420 3059 5476 differentite
3089 5417 3338 5472 cernitur
3365 5411 3582 5475 modus,

2007 5522 2261 5578 homines
2283 5515 2630 5572 solummodo
2663 5513 2883 5583 proprie
2907 5528 2970 5566 ac
2992 5525 3120 5564 vere
3151 5509 3585 5578 reprmsentawt,

381 5656 410 5697 ά
441 5657 614 5712 Galat.
646 5672 721 5722 ιιι,
750 5655 838 5711 28.
921 5667 943 5693 ε
971 5656 1106 5711 Luc.
1169 5672 1319 5722 χχιιι,
1359 5656 1448 5710 45.
1534 5655 1554 5693 ί
1593 5657 1828 5712 Barueh.
1865 5674 1944 5722 ιιι,
1979 5659 2068 5712 58.

1337 5861 1340 5866 _
1591 5800 1828 5854 νΑΙῐΙπΕ
1873 5798 2282 5854 LECTIOM‘ZS.

384 5891 432 5930 ⁵³
465 5890 851 5960 Apographum
887 5907 1064 5946 meum
1098 5893 1296 5962 praebet
1336 5891 1471 5962 μετόι
1512 5892 1687 5945 τοῦτο.
1766 5894 1810 5922 ⁵ο
1845 5891 1895 5960 Λ⁴

2001 5890 2230 5960 rnphunt
2275 5886 2434 5942 habet
2463 5886 2696 5947 ἑαυτοῖς.
