4012 6386
536 406 671 472 13M
1704 415 1764 474 S.
1808 416 2095 477 MAXI-MI
2134 416 2644 497 CONFESSORIS

3651 425 3766 492 131?.

529 514 602 569 ad
641 513 724 569 sui
773 514 946 571 instar
985 515 1055 572 ab
1099 517 1251 571 omni
1299 528 1457 588 parte
1502 518 1763 589 ﬁguratas
1806 522 2119 592 salvamque

2228 540 2349 587 πος,
2384 524 2707 594 ἀνθρώπους
2757 525 2918 595 μόνον
2950 525 3157 598 κυρίως
3186 544 3246 580 τε
3282 525 3377 581 καὶ
3406 526 3615 599 ἀληθῶς
3653 533 3766 586 ἀπο-

528 607 650 677 ejus
688 621 752 660 ac
795 622 1024 677 prorsus
1071 608 1361 683 sinceram,
1397 607 1688 680 imaginem
1720 610 1991 678 ferentes,
2029 613 2119 667 cui

2222 613 2402 679 δείξας
2445 616 2512 681 ⁵¹,
2549 618 2670 669 κατ’
2701 617 2867 671 αὐτὸν
2908 618 2978 670 δι’
3015 618 3139 672 ὅλου
3192 619 3659 690 μεμορφωμένους
3695 627 3772 679 καὶ

527 697 850 753 nullatenus
874 698 983 753 ulla
1009 698 1273 755 interitus
1296 708 1428 755 nota
1457 700 1725 764 adhaeret,
1752 717 1991 773 cumque
2022 720 2119 760 no-

2222 704 2369 759 σώαν
2408 706 2572 759 αὐτοῦ
2618 708 2711 761 καί
2752 708 3034 773 παντελῶς
3079 708 3373 780 ἀκίϐδηλον
3412 711 3512 780 τὴν
3548 711 3713 789 (224
3729 717 3773 785 a)

527 789 615 844 bis
638 799 982 861 propterque
1010 808 1115 847 nos
1139 808 1359 848 omnem
1381 793 1756 851 conditionem
1784 811 1887 865 per
1910 798 2119 854 medias

2222 797 2407 850 εἰκόνα
2436 797 2725 868 φέροντας,
2765 796 2834 873 ἦς
2869 800 2991 854 κατ’
3031 799 3225 854 οὐδένα
3261 800 3468 870 τρόπον
3502 802 3649 855 οὐδὲν
3688 806 3777 858 τῶν

526 891 718 953 partes
763 892 826 939 ut
872 885 1225 957 propriarum
1270 886 1511 957 partium
1557 889 1940 946 extremitates
1972 907 2123 947 com-

529 978 730 1048 plexus
774 980 986 1034 circum
1017 995 1139 1036 sese
1184 980 1645 1043 indissolubiliter
1686 983 1834 1040 inter
1872 1000 1932 1041 se
1964 985 2123 1041 inne-

532 1076 690 1125 ctens
724 1070 1040 1149 paradisum
1062 1079 1117 1126 et
1149 1060 1338 1135 orbem
1368 1082 1661 1142 terrarum,
1693 1077 1895 1133 caelum
1928 1094 1993 1135 ac
2016 1088 2126 1136 ter-

534 1176 674 1238 ram,
698 1162 983 1219 sensibilia
1010 1171 1067 1220 et
1088 1162 1482 1237 intelligibilia,
1507 1150 1571 1221 ut
1593 1158 1873 1239 corpuset
1896 1184 2124 1245 sensum

532 1260 591 1308 et
619 1235 856 1313 animam
908 1263 965 1311 et
1014 1264 1260 1313 mentem
1280 1235 1401 1315 non
1454 1257 1618 1316 aliter
1669 1275 1835 1331 quam
1877 1276 1982 1320 nos
2018 1242 2123 1334 ipsi

531 1341 764 1412 habens,
814 1344 1020 1416 quibus
1067 1354 1130 1409 ut
1170 1348 1427 1418 partibus
1471 1352 1851 1411 extremitates
1895 1353 2125 1425 singulis

532 1435 844 1508 quibusque
872 1452 1002 1511 suas
1043 1441 1379 1511 generaliter
1410 1451 1671 1521 cognatas
1699 1447 2124 1505 accommodans

531 1525 698 1581 modo
739 1543 909 1600 supra
954 1528 1197 1587 indicato
1233 1541 1430 1593 cuncta
1478 1533 1595 1590 Deo
1624 1537 2019 1595 convenienter
2064 1541 2124 1597 in

532 1617 897 1695 semetipsum
928 1621 1237 1694 recollegit,
1289 1640 1456 1681 unam
1505 1640 1627 1691 esse
1675 1643 1897 1685 omnem
1931 1640 2123 1688 osten-

531 1707 668 1764 dens
695 1711 1095 1782 conditionem,
1121 1716 1588 1801 quemadmodum
1613 1720 1785 1777 alium
1813 1722 2123 1801 hominem,

529 1805 771 1892 partium
804 1804 1158 1891 singularum.
1181 1814 1375 1881 mutuo
1408 1815 1553 1871 inter
1585 1830 1645 1871 se
1675 1831 1823 1893 nexu
1850 1812 2124 1873 consum-

2221 892 2429 965 φθορᾶς
2472 896 2869 965 γνωρισμάτων
2899 896 3159 959 ἅπτεται,
3191 895 3288 948 καὶ
3320 895 3422 948 σὺν
3452 894 3583 963 ἡμῖν
3610 899 3694 950 καὶ
3725 899 3778 952 δι’

2220 988 2370 1058 ἡμᾶς
2405 986 2503 1059 τὴν
2538 989 2759 1042 ἃπασαν
2788 989 2967 1041 κτίσιν
3006 989 3097 1042 διά
3126 987 3238 1041 τῶν
3266 988 3453 1058 μέσων
3501 988 3579 1049 ὡς
3625 989 3781 1059 μερῶν

2224 1078 2372 1133 ἰδίων
2419 1079 2490 1133 τὰ
2533 1080 2678 1152 ἀκρα
2719 1080 3033 1152 περιλαϐὼν
3066 1081 3161 1134 καὶ
3205 1079 3335 1150 περὶ
3373 1079 3569 1132 ἑαυτὸν
3601 1080 3778 1145 ἀλύτοις

2220 1170 2473 1242 ἀλλήλοις
2501 1171 2829 1242 διασφίγξας
2860 1172 3191 1245 παράδεισον
3220 1174 3315 1227 καὶ
3338 1172 3682 1255 οἰκουμένην,
3707 1174 3779 1227 οὐ·

2224 1264 2388 1336 ρανὸν
2428 1264 2523 1318 καὶ
2570 1265 2699 1334 γῆν,
2746 1265 2985 1337 αἰσθητά
3034 1265 3131 1319 καί
3172 1265 3363 1335 νοητὰ,
3421 1264 3497 1328 ὡς
3530 1264 3681 1341 σῶμα
3708 1270 3783 1320 καὶ

2227 1356 2485 1428 αἴσθησιν
2511 1357 2607 1411 καὶ
2629 1357 2810 1429 ψυχὴν
2845 1358 2970 1412 καθ’
2994 1359 3144 1428 ἡμᾶς
3174 1357 3313 1429 ἔχων
3336 1358 3438 1410 καὶ
3464 1355 3608 1419 νοῦν,
3627 1353 3701 1420 οἷς
3723 1360 3782 1422 ὼς

2227 1448 2419 1519 μέρεσι
2464 1448 2590 1503 καθ’
2617 1448 2873 1503 ἕκαστον.
2900 1449 2961 1503 τὸ
3010 1450 3229 1519 ἑκάστῳ
3272 1447 3513 1502 καθόλου
3555 1450 3780 1517 συγγενὲς

2223 1540 2653 1611 οἰκειωσάμενος
2682 1542 2853 1613 ἀκρον
2896 1540 3039 1595 κατά
3072 1539 3166 1594 τὸν
3207 1539 3657 1611 προαποδοθέντα
3681 1540 3781 1608 τρό-

2223 1648 2327 1686 πον
2356 1631 2680 1703 θεοπρεπῶς
2713 1632 2780 1686 τά
2827 1633 3005 1687 πάντα
3047 1633 3130 1695 εἰς
3176 1631 3375 1685 ἑαυτὸν
3404 1630 3781 1699 ἀνεκεφαλαιὼ-

2226 1740 2378 1789 σατο,
2416 1724 2550 1795 μίαν
2590 1725 2945 1796 ὑπάρχουσαν
2985 1723 3086 1796 τὴν
3138 1724 3362 1778 ἃπασαν
3390 1721 3572 1775 κτίσιν
3609 1721 3780 1786 δείξας,

2227 1816 2480 1886 καθάπερ
2527 1815 2815 1889 ἄνθρωπον
2871 1815 3054 1879 ἄλλον,
3108 1817 3175 1887 τῇ
3221 1813 3336 1868 τῶν
3372 1814 3562 1886 μερῶν
3585 1813 3780 1891 ’ἑαυτῆς

529 1884 757 1965 matam,
794 1914 859 1956 ac
897 1886 1270 1965 subsistentia:
1303 1905 1622 1978 integritate
1668 1886 1836 1980 atque
1878 1910 2119 1981 plenitu-

2225 1905 2363 1979 πρὸς
2390 1882 2598 1975 ἄλληλα
2626 1882 2830 1977 συνόδῳ
2846 1882 3386 1977 ,συμπληρουμένην
3402 1882 3501 1958 καὶ
3526 1886 3654 1974 πρὸς
3680 1904 3780 1956 ἑαν-

531 1988 661 2044 dine
692 1989 747 2044 in
775 2006 834 2053 se
864 1993 1039 2063 ipsam
1070 2003 1391 2068 vergentem
1432 2007 1597 2069 atque
1624 1999 2006 2072 inclinantem,
2036 2021 2125 2061 se-

472 2130 475 2133 .
533 2079 783 2135 cundum
808 2098 974 2137 unam
1011 2091 1177 2154 atque
1224 2085 1531 2159 simplicem
1565 2097 1749 2161 atque.
1781 2092 2124 2152 indeﬁnitam

533 2178 591 2226 et
634 2166 1172 2249 .indiilferentem‘de
1228 2170 1690 2238 non-exsistentia
1740 2184 2126 2254 productionis

533 2266 945 2334 c0gitationem,
977 2285 1085 2339 qua
1118 2286 1281 2325 unam
1314 2261 1676 2345 eamdemque
1718 2285 1901 2347 potest
1945 2282 2127 2339 omnis

534 2355 782 2412 conditio
844 2360 1090 2431 recipere
1151 2364 1415 2421 rationem
1489 2367 1650 2437 plane
1710 2369 2120 2442 indistinctam,

532 2447 682 2517 quod
716 2467 733 2499 ι
758 2449 880 2505 Non
902 2450 1072 2508 fuisse
1105 2473 1124 2506 ι
1158 2455 1317 2525 prius
1346 2473 1509 2527 quam
1545 2477 1563 2510 ι
1593 2460 1733 2517 Esse
1761 2481 1780 2514 ›
1818 2462 2050 2521 habens.

604 2540 815 2596 Revera
848 2544 1207 2609 etenjuLsibi
1248 2548 1485 2604 invicem
1521 2553 1825 2609 secundum
1856 2557 2123 2628 quidquid

530 2631 778 2697 omnino,
813 2633 980 2689 etiam
1014 2634 1061 2689 si
1104 2651 1217 2691 non
1249 2637 1475 2709 ubique,
1505 2642 1827 2699 coincidunt
1858 2661 2123 2715 quaecun-

530 2734 639 2787 que
666 2730 791 2789 post
815 2722 987 2777 Deum
1027 2733 1156 2780 sunt
1177 2727 1640 2801 exsistentiasque
1672 2747 1801 2789 suas
1833 2749 1935 2804 per
1960 2751 2125 2807 gene-

529 2811 805 2867 rationem
840 2828 871 2867 a
900 2813 1015 2869 Deo
1056 2814 1282 2883 habent,
1314 2834 1440 2874 cum
1478 2836 1666 2876 rerum
1700 2817 1824 2894 quae
1849 2827 2124 2884 exsistunt

2226 1998 2321 2071 τὴν
2357 1998 2618 2054 νεύουσαν
2670 2002 2738 2071 τῇ
2789 1998 3004 2071 όλότητι
3054 1998 3158 2067 τῆς
3195 1997 3517 2070 ὑπάρξεως,
3547 1994 3680 2053 κατὰ
3702 1994 3781 2067 τὴν

2230 2092 2359 2162 μίαν
2398 2091 2495 2147 καὶ
2525 2090 2706 2161 ἁπλῆν
2730 2091 2825 2144 καὶ
2856 2089 3331 2161 ἀπροσδιόριστον,
3364 2087 3472 2157 τῆς
3515 2089 3579 2141 ὲκ
3603 2087 3688 2140 τοῦ
3723 2088 3778 2157 μὴ

2224 2184 2377 2249 ὄντος
2432 2183 2776 2256 παραγωγῆς
2826 2184 2921 2237 καὶ
2954 2183 3250 2254 ἀδιάφορον
3302 2180 3544 2245 ἔννοιαν,
3594 2178 3706 2234 καθ’
3729 2180 3779 2251 ἢν

2225 2277 2321 2332 ἕνα
2350 2277 2559 2331 καὶτὸν
2593 2277 2756 2331 αὐτὸν
2783 2278 2934 2351 πᾷσα
2984 2279 3018 2349 ή
3060 2277 3240 2341 κτίσις
3268 2274 3627 2339 ἐπιδέξασθαι
3652 2274 3779 2327 adva-

2224 2387 2315 2425 ται
2347 2370 2506 2439 λόγον
2548 2369 2831 2433 παντελῶς
2876 2369 3210 2440 ἀδιάκριτον,
3261 2367 3321 2421 τὸ
3363 2387 3382 2419 ε
3420 2368 3539 2421 Οὐκ
3568 2361 3633 2436 ἦν
3661 2384 3678 2417 ι
3708 2362 3775 2419 τοῦ

2231 2482 2249 2515 ι
2284 2459 2423 2517 εἶναι
2468 2482 2486 2513 ι
2529 2461 2905 2533 πρεσὸύτερον
2949 2461 3170 2532 ἔχουσα.

2295 2555 2487 2609 Πάντα
2504 2553 2613 2625 γὰρ
2644 2554 2787 2608 κατά
2816 2553 2907 2608 τὸν
2931 2553 3106 2625 ἀληθῆ
3138 2553 3297 2621 λόγον
3326 2551 3584 2624 ἀλλήλοις
3612 2568 3777 2621 συνεμ-

2226 2648 2419 2701 πίπτει
2448 2626 2600 2700 ’καθ’
2632 2645 2811 2700 ὁτιοῦν
2850 2646 3090 2711 πάντως,
3132 2648 3182 2699 εἰ
3225 2647 3323 2700 καὶ
3360 2645 3441 2716 μὴ
3495 2645 3699 2713 πάντη,
3725 2641 3777 2695 τὰ

2227 2737 2368 2809 μετά
2395 2738 2528 2793 Θεὸν
2557 2737 2688 2793 ὅντα
2712 2738 2806 2792 καὶ
2842 2738 2907 2791 ἐκ
2948 2726 3087 2792 Θεοῦ
3137 2738 3198 2791 τὸ
3243 2733 3387 2791 εἶναι
3437 2736 3529 2790 διὰ
3552 2735 3777 2805 γενέσεως

2223 2829 2437 2901 ἔχοντα.
2469 2830 2697 2901 μηδενὸς
2728 2827 2959 2884 καθόλου
2994 2829 3103 2883 τῶν
3133 2829 3325 2895 ὅντων,
3371 2828 3510 2901 μηδὲ
3541 2826 3641 2881 τῶν
3666 2827 3774 2893 ἀγαν

514 2901 682 2957 nulla
713 2902 963 2971 omnino,
992 2922 1065 2991 nc
1095 2907 1163 2964 iis
1191 2897 1415 2979 quidem
1460 2914 1705 2985 exceptis
1734 2932 1857 2987 quae
1897 2920 2119 2989 plurimi

2222 2897 2420 2993 τιμίων
2602 2972 2608 2989 τ
2639 2920 3101 2993 ὑπερϐεϐηκότων
3162 2922 3264 2993 τῆς
3336 2897 3483 2993 πρός
3546 2921 3604 2972 τὸ
3664 2917 3775 2987 ἄγαν

526 2994 864 3051 aestimandae
892 2988 1065 3063 sunt,
1096 3015 1327 3071 quaeque
1362 3014 1650 3073 superant,
1685 3021 1717 3060 a
1759 3010 2003 3085 generali
2051 3013 2119 3083 ad

528 3103 801 3111 ___________
837 3090 1060 3111 μ-,ιημ
1103 3093 1189 3111 ____.
1233 3093 1248 3111 .
1601 3107 1613 3111 ,
1725 3095 1741 3111 .
1789 3101 1820 3111 Α.

2222 2988 2452 3084 ἄσχετον
2481 3015 2708 3084 γενικῆς
2745 2988 3007 3086 σχέσεως,
3031 2988 3353 3066 παντάπασι
3385 2988 3628 3081 τρυσικῶς

528 3103 804 3143 summum
832 3090 1067 3161 gradum
1095 3093 1191 3163 qui
1233 3093 1426 3150 habitu
1463 3107 1619 3153 caret
1663 3095 1932 3158 relatione
1959 3111 2119 3159 natu.

2222 3102 2544 3173 λελυμένου,
2576 3104 2716 3175 μήτε
2749 3101 2980 3176 μὴντοῦ
3016 3104 3074 3157 ὲν
3115 3105 3229 3166 τοῖς
3266 3100 3428 3155 οῦσιν
3494 3096 3777 3171 ἀτιμοτάτον

526 3179 721 3234 raliter
761 3180 938 3238 libera
971 3182 1073 3248 sit,
1102 3199 1225 3267 :nec
1260 3202 1446 3243 rerum
1485 3189 1677 3260 utique
1725 3194 2116 3253 exsistentium

2222 3196 2320 3266 τῆς
2350 3196 2489 3268 πρὸς
2516 3197 2583 3251 τά
2613 3196 2957 3267 ἀτ,ιμιώτατα
2986 3194 3131 3250 κατά
3166 3194 3331 3265 φύσιν
3365 3192 3587 3263 γενικῆς
3612 3205 3774 3244 παντε-

525 3285 600 3326 ne
626 3271 893 3328 vilissima
915 3262 1244 3357 quidem'ab
1272 3279 1512 3347 generali
1547 3288 1606 3335 et
1641 3289 1856 3339 naturae
1880 3299 2119 3344 consen-

2222 3262 2329 3350 λῶς
2396 3262 2914 3360 ἀπολιμπανομένου
2969 3288 3063 3343 καὶ
3132 3262 3498 3358 ἀμοιροῦντος
3548 3262 3770 3354 σχέσεωςι

528 3368 688 3416 tanea
719 3362 786 3416 ad
831 3377 895 3419 ea
922 3379 1046 3434 quae
1086 3350 1352 3423 vilissima
1378 3377 1509 3424 sunt
1543 3371 1815 3429 relatione
1845 3374 2118 3444 destitua-

526 3456 622 3507 tur
645 3455 872 3511 omnino
898 3467 994 3512 aut
1024 3473 1223 3529 expers
1253 3461 1367 3517 liat.
1396 3461 1753 3536 Quaecunque
1794 3468 1944 3525 enim
1987 3486 2118 3541 pro-

525 3545 667 3617 priis
699 3548 1057 3619 peculiariter
1088 3560 1219 3608 sunt
1261 3554 1677 3615 discriminibus
1726 3559 1875 3617 inter
1922 3577 1982 3619 se
2030 3565 2119 3620 di-

526 3641 749 3708 stincta,
779 3636 843 3698 ea
874 3639 1225 3727 generalibus
1266 3634 1433 3720 atque
1467 3653 1860 3711 communibus
1891 3672 2121 3728 genera-

524 3733 654 3790 liter
695 3736 1080 3798 identitatibus
1109 3752 1241 3799 sunt
1290 3744 1466 3812 unita,
1515 3745 1699 3818 adque
1748 3750 2020 3807 unitatem
2063 3759 2120 3820 et

525 3836 775 3884 mutuam
818 3830 964 3887 inter
1007 3843 1183 3891 semet
1226 3834 1575 3894 identitatem
1608 3841 1852 3910 generali
1881 3844 2121 3913 quadam

525 3920 738 3975 ratione
768 3930 979 3981 natura:
1020 3927 1468 3997 compelluntur;
1505 3931 1585 3986 sic
1617 3946 1819 4002 genera
1850 3936 2121 3992 essentia-

525 4010 654 4066 liter
684 4012 790 4068 sibi
821 4013 1060 4072 invicem
1089 4020 1245 4074 unita
1286 4020 1556 4077 unitatem
1584 4022 1795 4081 habent
1831 4031 1889 4081 et
1914 4025 2119 4082 identi-

529 4111 695 4161 tatem
745 4114 803 4159 et
847 4106 1316 4189 individuitatem.
1362 4111 1515 4167 Nihil
1561 4112 1725 4167 enim
1762 4127 1956 4179 eorum
1997 4133 2123 4189 quae

528 4197 863 4257 universalia
895 4184 1027 4256 sunt
1068 4209 1126 4261 et
1159 4203 1690 4272 comprehendentia
1737 4215 1795 4262 et
1840 4212 2121 4280 generalia

526 4289 641 4343 ullo
685 4290 849 4345 simul
881 4306 1008 4346 cum
1038 4291 1118 4349 eis
1151 4294 1317 4349 modo
1353 4296 1692 4353 discernitur
1714 4315 1848 4370 quae,
1867 4304 2119 4373 particuo

528 4380 665 4437 laria
701 4391 831 4437 sunt
868 4392 925 4440 et
960 4387 1360 4457 comprehensa
1405 4398 1461 4445 et
1489 4391 1772 4460 Specialia.
1807 4395 1930 4450 Non
1968 4398 2119 4455 enim

526 4477 762 4546 amplius
786 4477 841 4533 id
867 4488 1047 4549 potest
1079 4482 1337 4551 generale
1367 4498 1490 4538 esse
1518 4485 1667 4554 quod
1695 4502 1762 4543 ea
1789 4504 1912 4559 quae
1935 4505 2120 4547 secer-

2222 3380 2410 3436 Πάντα
2453 3381 2562 3453 γὰρ
2592 3381 2685 3446 -τά
2718 3382 2838 3443 ταῖς
2873 3380 3102 3442 οἰκείαις
3152 3378 3297 3440 ἰδίως
3336 3377 3618 3447 διαφοραῖς
3649 3372 3773 3440 ἀ).λὴ-

2220 3472 2329 3526 λων
2359 3473 2801 3545 διακεκριμμένα
2843 3474 2967 3536 ταῖς
2995 3471 3226 3525 καθόλου
3274 3469 3376 3523 καὶ
3413 3470 3613 3529 κοιναῖς
3655 3480 3773 3532 γενι-

2222 3564 2336 3629 κῶς
2367 3565 2692 3635 ταῦτότησιν
2721 3564 2982 3635 ῆνωνται.
3019 3561 3115 3636 καὶ
3148 3561 3284 3632 πρὸς
3306 3563 3370 3615 τὸ
3408 3562 3466 3614 ἒν
3492 3559 3585 3613 καὶ
3611 3552 3773 3611 nam

2219 3657 2475 3729 ἀλλήλοις
2514 3654 2721 3726 γενικῷ
2773 3672 2881 3708 τινι
2935 3653 3083 3735 λόγῳ
3143 3651 3364 3722 φύσεως
3422 3648 3779 3705 συνωθοῦντας(

2219 3740 2333 3801 οἷον
2358 3746 2427 3799 τὰ
2452 3747 2549 3817 μὲν
2570 3745 2705 3814 γένη
2737 3745 2881 3798 κατά
2912 3743 3012 3812 τὴν
3049 3740 3239 3796 οὐσίαν
3265 3740 3521 3811 ἀλλήλοις
3542 3736 3768 3807 ἑνοῦμενα

2219 3836 2281 3890 τὸ
2311 3835 2497 3908 (22ἧ,
2524 3836 2575 3905 b)
2608 3836 2666 3889 ἓν
2704 3833 2818 3906 ἔχει
2854 3834 2947 3888 καὶ
2975 3834 3171 3889 ταύτὸν
3201 3834 3295 3887 καὶ
3328 3832 3648 3903 ἀδιαίρετον.
3679 3826 3763 3928 ΟΞ)-

2219 3928 2309 3982 δὲν
2342 3929 2455 3999 γὰρ
2483 3927 2593 3982 τῶν
2618 3927 2849 3981 καθόλου
2900 3927 2994 3981 καὶ
3033 3924 3409 3998 περιεχόντων
3451 3924 3546 3978 καὶ
3573 3924 3765 3990 γενικῶν

2219 4021 2332 4083 τοῖς
2370 4019 2466 4073 ἐπὶ
2491 4018 2692 4090 μέρους
2728 4017 2822 4072 καὶ
2865 4022 3281 4090 περιεχομένοις
3312 4018 3409 4070 καὶ
3445 4014 3624 4075 ἰδικοῖς
3658 4016 3785 4062 παν-’

2219 4109 2389 4174 τελῶς
2431 4109 2844 4186 συνδιαιρεῖται.
2877 4107 2953 4185 Oi)
2984 4106 3093 4178 γὰρ
3124 4106 3452 4175 ἕτιγενικδν
3481 4101 3614 4204 εῖναι

2219 4219 2309 4256 ται
2354 4201 2416 4258 τὸ
2473 4201 2827 4281 μὴ-συνάγον
2869 4200 2940 4253 τὰ
2990 4200 3296 4279 διῃρημένα
3343 4196 3608 4293 φυσικῶς,
3646 4189 3764 4293 *ἀλλὰ

2223 4292 2703 4364 συνδιαιρούμενον
2755 4293 2959 4358 αὐτοῖς,
3001 4290 3223 4360 καὶτῆς
3253 4290 3465 4355 οἰκείας
3510 4285 3764 4361 μοναδικῆς

2220 4385 2475 4455 ἑνότητός
2529 4384 2905 4455 ἐξιστάμενον.
2950 4385 3068 4438 Πᾶν
3118 4382 3230 4455 γὰρ
3276 4378 3499 4453 γενικδν
3539 4376 3668 4434 κατά
3693 4372 3763 4426 τὸν

2220 4479 2420 4530 οἰκεῖον
2454 4475 2614 4545 λόγον
2665 4477 2787 4529 ὅλον
2837 4474 2982 4539 ὅλοις
3017 4473 3345 4544 ἀδιαιρέτως
3380 4476 3496 4537 τοῖς
3542 4470 3628 4525 ὑπ’
3662 4464 3762 4520 αὐτὸ

526 4580 735 4625 nuntur
770 4573 1337 4648 naturaliter.eogere
1385 4588 1646 4649 nequeat,
1692 4581 1791 4641 sed
1833 4599 1943 4639 una
1987 4601 2117 4642 cum

2222 4567 2418 4630 ἑνικῶς
2463 4567 2793 4639 ἐνυπάρχει,
2829 4566 2926 4641 καὶ
2967 4565 3028 4621 τὸ
3055 4567 3100 4599 ⁸⁸
3140 4566 3261 4620 καθ’
3290 4565 3521 4619 ἕκαστον
3561 4562 3669 4615 ὅλον
3696 4561 3761 4649 ἐν·

525 4657 661 4730 ipsis
691 4666 1022 4732 secernitur,
1048 4677 1103 4723 et
1145 4668 1212 4725 de
1253 4671 1633 4743 singularitate
1665 4685 1862 4732 sua-et
1900 4679 2114 4737 unitate

528 4755 777 4811 decedat.
810 4756 984 4814 Omne
1019 4760 1166 4815 enim
1212 4764 1466 4833 generale
1499 4767 1806 4824 secundum
1840 4786 2003 4849 suam
2025 4788 2119 4828 ra-

529 4849 735 4902 tionem
784 4855 960 4903 totum
1012 4850 1423 4910 indivisibiliter
1453 4856 1509 4912 in
1539 4859 1668 4914 totis
1711 4861 1815 4916 sibi
1848 4862 1950 4935 ipsi
1978 4864 2119 4920 διώ-⁷

521 4938 684 5009 jectis
728 4940 1283 5012 singulariterinest,
1331 4955 1387 5002 et
1435 4950 1585 5019 quod
1633 4952 1865 5025 singulis
1894 4956 2119 5025 privum

531 5038 617 5089 est
643 5040 819 5088 totum
849 5043 1127 5102 spectatur
1154 5039 1509 5108 generaliter.
1538 5041 1764 5114 Species
1812 5056 1994 5104 autem
2032 5065 2120 5105 se-

527 5123 769 5178 cundum
801 5140 975 5197 genus
1007 5128 1218 5198 pariter
1261 5128 1592 5189 differentiae
1622 5136 1893 5193 varietate
1921 5140 2117 5196 solutae

528 5220 777 5269 mutuam
815 5216 1042 5286 capiunt
1089 5218 1459 5276 identitatem.
1510 5223 1802 5281 lnd‘ividua
1848 5242 1984 5283 vero
2029 5244 2118 5284 se-

529 5305 1041 5378 cundumspeciem
1074 5319 1323 5367 mutuam
1357 5328 1545 5370 secum
1579 5316 1716 5387 ipsis
1746 5320 2123 5391 congregatio-

530 5398 965 5469 nemicapientia
990 5418 1159 5458 unum
1192 5403 1451 5476 idemque
1480 5422 1606 5462 cum
1651 5408 1785 5480 ipsis
1820 5410 1968 5466 inter
2000 5427 2121 5468 sese

532 5483 737 5561 ubique
762 5498 1038 5561 constant,
1074 5503 1285 5552 naturae
1312 5499 1708 5558 communitate
1752 5503 2117 5559 immutabili-

1580 5632 1615 5647 κ

2222 4662 2513 4734 θεωρεῖται
2547 4659 2803 4726 γενικῶς.
2834 4659 2915 4713 Τὰ
2937 4658 2994 4712 δὲ
3024 4658 3138 4731 εἴδη
3170 4659 3314 4712 κατά
3344 4659 3405 4733 τό
3442 4657 3588 4753 γένος
3612 4646 3762 4753 ὡσαν-

2219 4770 2327 4817 τως
2353 4753 2456 4823 τῆς
2496 4754 2555 4805 ὲν
2598 4755 2666 4824 τῇ
2714 4752 2952 4823 διαφορᾷ
3003 4750 3281 4813 ποικιλίας
3321 4747 3646 4805 ἀπολυθέντα
3686 4747 3762 4807 τὴν

2221 4845 2358 4918 πρὸς
2388 4836 2596 4916 ἄλληλα
2625 4845 2936 4915 ταύτότητα
2971 4844 3208 4914 δέχεται.
3236 4842 3320 4895 Τὰ
3360 4842 3533 4912 ἄτομα
3559 4837 3611 4890 δὲ
3645 4828 3760 4886 κατᾶ

2221 4938 2285 4992 τό
2324 4934 2464 5001 εἶδος
2493 4938 2594 5009 τὴν
2625 4937 2761 5010 πρὸς
2795 4936 2999 5008 ἄλληλα
3033 4937 3297 5007 δεχόμενα
3325 4935 3589 5005 σύμϐασιν
3612 4928 3662 4980 ἓν
3686 4921 3758 4978 καὶ

2222 5031 2418 5084 ταύτὸν
2460 5029 2713 5100 ἀλλήλοις
2763 5029 2948 5099 πάντη
2987 5028 3319 5098 καθέστηκε,
3349 5030 3414 5097 τῇ
3455 5022 3670 5096 ὁμοφυῖᾳ
3710 5012 3755 5066 τὸ

2224 5121 2656 5193 ἀπαράλλακτον
2710 5120 2904 5190 ἔχοντα
2939 5120 3035 5174 καὶ
3075 5119 3336 5190 διαφορᾶς
3376 5119 3550 5213 πάσης

2223 5229 2337 5284 ρον.
2360 5214 2443 5269 Τὰ
2468 5214 2525 5285 δὲ
2561 5212 2952 5285 συμϐεϐηκότα
2994 5211 3133 5266 κατά
3157 5212 3216 5265 τὸ
3241 5210 3591 5279 ὑποκείμενον
3621 5198 3751 5265 ἀλλή-

2220 5305 2332 5370 λοις
2373 5306 2743 5375 συγκριθέντα
2783 5305 2845 5359 τὸ
2888 5307 3096 5377 ἑνιαῖον.
3139 5303 3294 5374 ἔχει’,
3337 5300 3414 5373 τῷ
3456 5290 3749 5393 ὑποκειίξένίὲξ

2219 5395 2498 5460 παντελῶς
2539 5396 2617 5466 μὴ
2663 5395 3133 5466 σκεδαννύμενον.-
3166 5393 3278 5446 Καὶ
3336 5392 3536 5463 μάρτυς
3581 5390 3747 5439 τουτων

2214 5487 2452 5560 ἀψευδὴς
2477 5489 2505 5541 ὁ
2525 5488 2735 5561 ἀληθὴς
2773 5487 3064 5564 θεηγόρος,
3094 5489 3122 5541 ὁ
3170 5487 3342 5557 μέγας
3373 5484 3465 5538 καὶ
3492 5479 3626 5547 ἅγιος
3652 5474 3742 5521 Λιο-

1804 5661 1894 5717 VA
1904 5661 2041 5719 RIAE
2085 5664 2491 5725 LECTIONES.

609 5758 649 5842 ξ’
682 5757 816 5842 Qod.
845 5759 985 5818 Gud.
1018 5781 1049 5819 a
1073 5780 1149 5819 ωε
1181 5767 1436 5842 pr.l_iabet
1465 5774 1732 5842 ἀπέδειξε.

1828 5777 1876 5809 ¹²
1910 5779 2122 5860 ln_cod.
2165 5780 2307 5838 Gud.
2349 5792 2528 5841 exstat
2573 5784 2867 5860 ἐνυπάρχει
2902 5777 3391 5855 πραγματειωδῶς,
3431 5774 3514 5830 καὶ
3544 5768 3609 5833 τὸν
3633 5764 3735 5819 cm

536 5825 721 5886 Delcvi
752 5847 873 5885 voc.
918 5825 1404 5911 πραγματὲιωδῶς,
1423 5825 1881 5918 altos-sema
1912 5832 2131 5907 videtur
2152 5825 2294 5910 esse.
