4012 6400
261 368 399 440 1313
1510 375 2032 465 AMBIGUORUM
2070 377 2325 441 LIBER.
3401 358 3543 452 13H

256 488 441 550 ⁸δύσιος
470 487 499 539 ό
529 486 945 557 Ἀρεοπαγίτης,
978 486 1038 541 ἐν
1067 475 1143 554 τῷ
1193 487 1321 559 περὶ
1357 488 1567 543 τελείου
1608 490 1702 543 καὶ
1730 491 1846 554 ἐνὸς

1956 499 2119 547 tatem
2152 492 2345 547 sortita
2389 499 2445 546 et
2473 490 2622 547 omni
2657 508 2685 548 a
2715 492 3034 552 diversitate
3078 497 3407 556 libertatem.
3439 506 3547 558 Ac-

256 577 544 649 κεφαλαίῳ
554 580 653 653 τῇς
666 578 803 647 Περὶ
822 580 996 633 θείων
1009 578 1315 648 ὀνομάτων
1336 597 1486 650 πραγ
1494 582 1721 652 ματεέας
1741 582 1846 654 (55]

1960 583 2201 638 cidentia
2252 599 2386 638 vero
2441 582 2749 639 secundum
2798 586 3106 657 subjectum
3150 589 3386 647 invicem
3437 592 3546 649 sibi

253 670 458 722 οὑτωσὶ
490 671 739 737 φάσκων·
768 687 785 719 ι
816 669 948 722 Οὐδὲ
976 669 1083 742 γάρ
1113 670 1229 723 ἐστι
1261 671 1463 741 πλῆθος
1486 672 1750 742 ἀμέτοχον
1779 690 1854 745 πη

255 758 353 812 τοῦ
379 758 518 822 ἑνὸς,
541 758 677 813 ἀλλὰ
722 759 782 812 τὸ
820 759 918 830 μὲν
940 759 1109 813 πολλὰ
1138 763 1250 824 τοῖς
1278 761 1500 832 μέρεσιν
1529 760 1587 816 ἓν
1621 762 1698 832 τῷ
1728 761 1856 833 ὅλῳ,

252 849 356 902 καὶ
404 849 466 902 τὺ
504 849 676 903 πολλὰ
708 852 822 913 τοῖς
855 850 1265 922 συμϐεϐηκόσιν
1292 852 1348 905 ἓν
1381 853 1457 924 τῷ
1483 854 1853 925 ὑποκειμένῳ,

254 941 355 996 καὶ
384 942 443 995 τὸ
475 942 643 995 πολλὰ
666 941 747 1012 τῷ
763 943 980 1013 ἀριθμῷ
1001 943 1033 1015 ἢ
1052 946 1171 1007 ταῖς
1187 944 1478 1013 δυνάμεσιν
1510 945 1568 997 ἒν
1594 944 1671 1015 τῷ
1698 946 1853 1009 εἴδει,

249 1035 350 1086 καὶ
380 1033 440 1086 τὸ
467 1033 635 1087 πολλὰ
656 1036 765 1096 τοῖς
811 1034 1007 1086 εἴδεσιν
1056 1033 1113 1085 ἒν
1169 1034 1246 1105 τῷ
1279 1036 1546 1102 γένει,καὶ
1594 1036 1654 1088 τὸ
1685 1036 1857 1091 πολλὰ

250 1124 381 1186 ταῖς
412 1122 655 1190 προόδοις
698 1123 754 1174 ἓν
781 1125 846 1193 τῇ
880 1123 1043 1193 ἀρχῇ,
1068 1124 1164 1177 καὶ
1190 1124 1341 1177 οὐδέν
1375 1125 1494 1177 ἐστι
1524 1126 1630 1178 τῶν
1684 1127 1855 1180 ὄντων

247 1214 283 1268 ὃ
335 1214 409 1285 μὴ
453 1215 670 1285 μετέχει
716 1231 793 1285 πη
843 1214 939 1268 τοῦ
973 1216 1109 1277 ἑνός.
1151 1234 1170 1266 ι
1207 1216 1317 1267 Καὶ
1347 1216 1567 1282 ἁπλῶς,
1601 1218 1689 1271 ἵνα
1722 1235 1852 1271 συν-

249 1305 397 1359 ελὼν
442 1306 604 1369 είπω,
663 1307 884 1360 πάντων
926 1305 1038 1358 τῶν
1089 1306 1439 1376 διῃρημένων
1470 1306 1565 1360 καὶ
1612 1309 1856 1378 μερικῶν

250 1402 307 1452 οἱ
351 1399 500 1467 λόγοι
548 1400 661 1460 τοῖς
695 1398 802 1452 τῶν
829 1397 1061 1451 καθόλου
1119 1398 1210 1451 καὶ
1264 1399 1516 1466 γενικῶν,
1572 1397 1647 1463 ὥς
1696 1400 1852 1468 φασι,

251 1491 609 1561 περιέχονται
665 1489 865 1557 λόγοις,
893 1490 987 1542 καὶ
1027 1491 1153 1554 τοὺς
1196 1489 1296 1560 μὲν
1336 1489 1444 1543 τῶν
1477 1493 1854 1563 γενικωτέρων

250 1584 350 1636 καὶ
376 1582 822 1652 καθολικωτέρων
842 1581 1032 1650 λόγους
1049 1580 1153 1634 ὑπὸ
1170 1586 1270 1653 τῆς
1297 1583 1489 1652 σοφίας
1510 1583 1850 1654 συνέχεσθαι,

249 1676 381 1736 τοὺς
399 1674 457 1726 δὲ
480 1674 589 1728 τῶν
615 1673 856 1745 μερικῶν
888 1673 1073 1744 (225
1092 1673 1146 1744 a)
1172 1674 1432 1749 ποικίλως
1458 1678 1568 1738 τοῖς
1580 1675 1687 1728 τῶν
1715 1693 1855 1745 γενι-

254 1767 371 1819 κῶν
399 1766 789 1839 ὲνισχημὲνους
836 1765 941 1819 ὑπὸ
988 1767 1088 1836 τῆς
1132 1767 1451 1837 φρονήσεως
1475 1767 1849 1839 περιέχεσθαι,

252 1856 380 1911 καθ’
404 1858 470 1927 ἢν
495 1856 827 1927 ἁπλούμενοι
856 1857 1145 1927 πρότερον,
1180 1856 1273 1909 καὶ
1304 1856 1404 1928 τὴν
1426 1857 1484 1909 ἐν
1511 1860 1625 1921 τοῖς
1660 1857 1844 1928 πράγ·⁸
1883 1842 1924 1896 Β

254 1964 395 2020 μασι
410 1950 522 2011 τοῖς
551 1947 932 2017 ὑποκειμένοις
956 1947 1284 2012 ἀπολύοντες
1305 1947 1642 2018 συμϐολικὴν
1667 1966 1851 2001 ποικι-

247 2040 395 2103 λίαν,
423 2040 638 2111 ὑπὸτῆς
656 2040 848 2109 σοφίας
871 2040 1160 2106 ὲνίζονται,
1183 2040 1284 2111 τὴν
1306 2057 1330 2092 ε
1345 2040 1720 2110 ίς-ταὺτότητα
1737 2041 1850 2103 τοῖς

248 2129 639 2202 γενικωτέροις
669 2132 948 2202 συμφυΐαν
972 2132 1277 2203 δεξάμενοι.
1301 2131 1470 2201 Σοφία
1498 2131 1555 2185 δὲ
1587 2132 1681 2185 τοῦ
1710 2131 1848 2184 Θεοῦ

247 2225 346 2279 καὶ
380 2226 592 2297 [ἰατρὸς
618 2226 718 2279 καὶ
740 2227 1005 2298 φρόνησίς
1027 2226 1118 2281 ὲστ
1130 2245 1176 2282 ιν
1200 2230 1227 2281 ὁ
1249 2227 1453 2305 Κύριος
1489 2227 1841 2299 ἸησοῦςΧρι-

248 2313 399 2379 στὸς,
434 2314 462 2367 ὁ
500 2316 595 2368 καὶ
631 2316 699 2369 τὰ
730 2316 964 2371 καθόλου
1005 2317 1113 2372 τῶν
1143 2317 1317 2372 ὄντων
1371 2308 1618 2389 συνέχων
1645 2321 1712 2391 τῇ
1754 2320 1847 2372 δυ-

245 2405 415 2474 νάμει
465 2405 567 2475 τῆς
628 2408 844 2477 σοφίας,
903 2408 996 2463 καὶ
1043 2409 1113 2463 τὰ
1167 2410 1606 2482 συμπληρωτικὰ
1637 2412 1845 2468 τούτων

250 2497 396 2568 μέρη
428 2497 698 2568 περιέχων
726 2501 792 2571 τῇ
824 2502 1087 2572 φρονήσει
1107 2500 1208 2571 τῆς
1233 2502 1502 2566 συνέσεως
1531 2503 1606 2568 ὡς
1626 2503 1847 2558 πάντων

248 2588 415 2658 φύσει
469 2589 806 2671 δημιουργὸς
835 2593 931 2645 καὶ
972 2592 1301 2664 προνοητὴς,
1326 2595 1422 2647 καὶ
1456 2594 1535 2657 είς
1583 2593 1643 2647 ἓν
1695 2596 1844 2661 ἄγων

245 2678 318 2731 τὰ
341 2677 607 2734 διεστῶτα
633 2680 701 2733 δι’
728 2680 946 2747 ἑαυτοῦ,
965 2681 1062 2734 καὶ
1078 2681 1171 2734 τὸν
1200 2683 1259 2736 ὲν
1276 2678 1387 2746 τοῖς
1405 2677 1525 2736 οὖσι
1554 2675 1843 2762 καταλύων

249 2772 514 2841 πόλεμον,
544 2772 640 2826 καὶ
672 2772 809 2844 πρὸς
831 2775 1117 2845 εἰρηνικὴν
1172 2774 1357 2843 φιλίαν
1402 2774 1473 2828 τὰ
1523 2776 1705 2829 πάντα
1745 2776 1842 2829 καὶ

247 2850 564 2935 ἀδιαίρετον
595 2864 832 2920 συνδέων
863 2866 1134 2937 ὁμόνοιαν,
1156 2866 1226 2920 τὰ
1258 2867 1443 2931 ἐντοῖς
1474 2867 1723 2938 οὐρανοῖς
1747 2868 1841 2921 καὶ

244 2956 318 3055 τὰ
376 2957 471 3008 ἐπὶ
501 2959 603 3028 τῆς
647 2959 771 3030 γῆς,
802 2958 985 3024 καθώς
1024 2976 1189 3030 φησιν
1229 2962 1257 3014 ό
1314 2960 1456 3024 θεῖος
1495 2961 1839 3025 Ἀπόστολος.

1957 681 2216 729 concreta
2247 666 2525 745 singtﬂare
2555 674 2833 745 quoddam
2868 675 3076 732 habent
3103 680 3251 749 quod
3294 682 3550 755 subjecto

1954 765 2186 843 minime
2233 765 2554 837 dissipetur.
2609 766 2790 838 Atque
2840 769 2998 824 testis
3045 770 3246 827 horum
3296 774 3550 845 locuples

1956 872 2126 911 verax
2164 873 2229 912 ac
2255 857 2476 913 divinus
2498 856 2653 915 rates
2695 866 2926 933 magnus
2955 859 3048 916 ille
3075 869 3132 918 et
3158 872 3380 920 sanctus
3417 867 3547 921 Dio-

1956 949 2149 1019 nysius
2180 948 2337 1004 adest
2370 949 2719 1022 Areopagita,
2767 952 2821 1006 in
2858 954 3038 1023 capite
3082 954 3151 1015 de
3197 957 3448 1025 perfecto
3489 969 3546 1014 et

1961 1056 2070 1094 uno
2110 1041 2296 1110 operis
2326 1041 2402 1095 De
2426 1044 2615 1096 divinis
2651 1044 2945 1097 nominibus
2970 1046 3266 1115 conscripti
3303 1048 3399 1108 sic
3427 1048 3543 1104 dis-

1957 1138 2199 1201 putans:
2238 1151 2256 1183 ι
2291 1133 2480 1203 Neque
2521 1135 2668 1189 enim
2703 1136 3003 1190 multitudo
3046 1137 3274 1193 unitatis
3319 1139 3541 1209 quidem

1955 1238 2155 1295 expers
2187 1233 2293 1288 est,
2326 1223 2435 1277 imo
2469 1226 2615 1295 quod
2648 1226 2816 1282 multa
2850 1235 2935 1283 est
2976 1227 3228 1297 partibus
3256 1244 3428 1284 unum
3459 1240 3543 1285 est

1955 1312 2011 1367 in
2048 1322 2184 1379 toto,
2216 1315 2476 1386 quodque
2505 1318 2675 1371 multa
2715 1326 2799 1371 est
2828 1317 3229 1383 accidentibus,
3257 1314 3429 1375 unum
3459 1329 3544 1376 est

1955 1398 2012 1457 in
2046 1405 2319 1478 subjecto,
2368 1406 2629 1477 quodque
2672 1409 2844 1463 multa
2887 1404 3121 1464 numero
3151 1391 3266 1465 sive
3304 1402 3546 1480 potesta-

1955 1493 2124 1559 tibus,
2154 1511 2322 1549 unum
2350 1495 2523 1550 estin
2568 1497 2776 1565 'specie,
2819 1482 3077 1567 quodque
3104 1497 3273 1551 multa
3302 1505 3385 1551 cst
3418 1510 3544 1566 spe-

1954 1584 2146 1638 ciebus
2179 1601 2346 1637 unum
2379 1593 2462 1639 est
2493 1585 2546 1638 in
2578 1601 2799 1656 genere,
2839 1585 3097 1656 quodque
3145 1587 3316 1641 multa
3347 1596 3430 1641 est
3463 1589 3545 1642 in-

1953 1676 2270 1741 crementis,
2306 1692 2474 1729 unum
2506 1685 2591 1732 est
2634 1677 2691 1731 in
2732 1678 3026 1748 principio,
3077 1678 3403 1749 nullumque
3448 1695 3543 1733 e0-

1955 1782 2075 1820 rum
2111 1783 2233 1836 qua:
2267 1767 2541 1822 exsistunt
2591 1784 2823 1839 usquam
2874 1778 2969 1823 aut
3019 1785 3262 1839 unquam
3317 1770 3541 1824 unitatis

1952 1865 2037 1912 cst
2067 1874 2284 1927 expers.
2318 1878 2337 1910 ι
2370 1859 2549 1929 Atque
2585 1860 2934 1929 simpliciter,
2969 1870 3030 1915 ut
3064 1861 3308 1915 breviter
3334 1860 3537 1925 dicam,

1950 1949 2198 2004 Omnium
2252 1950 2640 2005 distinctarum
2698 1959 2755 2004 et
2814 1951 3232 2020 particularium
3299 1952 3540 2006 rationes

1952 2041 2350 2097 universalium
2380 2049 2437 2096 et
2479 2042 2839 2114 generalium,
2878 2050 2936 2096 ut
2971 2040 3181 2107 dicunt,
3230 2042 3541 2097 rationibus

1950 2133 2538 2204 comprehenduntur,
2595 2133 2671 2188 ita
2723 2133 2947 2203 quidem
3005 2141 3065 2186 ut
3131 2132 3539 2202 gener-aliorum

1946 2226 2230 2296 magisque
2261 2225 2655 2295 universalium
2686 2225 2928 2293 rationes
2968 2240 3000 2279 a
3035 2224 3328 2293 sapientia,
3364 2214 3539 2294 parti-

1946 2314 2214 2372 culari‘um
2240 2327 2431 2372 contra
2462 2317 2773 2372 rationibus
2800 2316 3139 2387 generalium
3172 2310 3339 2388 varie
3362 2314 3540 2370 inlim-

1946 2409 2189 2464 rentium
2239 2408 2482 2464 rationes
2530 2425 2561 2463 a
2606 2408 2901 2479 prudentia
2954 2399 3537 2479 comprehendantur,

1946 2518 2057 2572 qua
2110 2501 2385 2571 explicita:
2448 2501 2602 2571 prius
2650 2499 3061 2572 symbolicaque
3115 2499 3172 2554 in
3222 2498 3541 2554 actionibus

1945 2593 2507 2664 subjectisvarietate
2539 2595 2719 2649 soluta
2749 2609 2779 2647 a
2825 2593 3095 2663 sapientia
3128 2593 3185 2647 in
3231 2607 3400 2647 unum
3436 2606 3534 2645 co-

1944 2694 2171 2756 guntur,
2208 2684 2263 2739 in
2296 2685 2642 2740 identitatem
2675 2701 2800 2740 cum
2848 2683 3290 2755 generalioribus
3332 2698 3536 2752 cogna-

1947 2776 2155 2831 tionem
2198 2775 2431 2846 adeptaa.
2464 2775 2745 2847 Sapientia
2779 2783 2963 2830 autem
2996 2774 3091 2829 Dei
3143 2790 3207 2829 ac
3254 2771 3432 2828 Patris
3478 2780 3537 2826 et

1948 2867 2242 2938 prudentia
2283 2877 2370 2923 est
2412 2868 2678 2924 Dominus
2719 2869 2881 2925 Jesus
2926 2866 3204 2930 Christus,
3234 2864 3328 2936 qui
3368 2864 3535 2918 etiam

1948 2957 2283 3015 universalia
2329 2977 2522 3016 eorum
2568 2978 2693 3032 quae
2751 2969 2881 3017 sunt
2927 2960 3212 3041 sapientia:
3262 2966 3536 3035 potestate

243 3042 520 3130 ίζοιιιίηεει,
551 3060 607 3106 et
632 3051 991 3122 eompletivas
1021 3052 1219 3107 horum
1245 3062 1433 3123 partes
1461 3052 1837 3124 intelligentiae
1873 3052 2165 3123 prudentia
2236 3055 2676 3129 comprehendit,
2712 3066 2774 3110 ut
2840 3042 3165 3110 cunctorum
3209 3053 3539 3109 naturaliter

246 3148 452 3204 artifex
490 3155 657 3216 atque
685 3147 960 3217 provisor,
987 3147 1154 3217 inque
1186 3162 1356 3201 unum
1415 3160 1753 3218 congregans
1813 3160 1914 3215 per
1949 3144 2309 3215 semetipsum
2334 3161 2554 3216 eaquae
2596 3147 2823 3207 distant,
2857 3163 2922 3202 ac
2952 3146 3159 3201 bellum
3206 3147 3262 3201 in
3301 3145 3383 3201 eis
3414 3161 3537 3216 quae

245 3241 526 3297 exsistunt
560 3239 884 3311 proﬂigans,
921 3247 978 3294 et
1044 3238 1113 3294 ad
1181 3224 1474 3309 paciﬁcum
1542 3254 1787 3294 amorem
1822 3238 2359 3309 inseparabilemque
2386 3225 2761 3295 concordiam
2794 3247 2994 3295 cuncta
3033 3247 3391 3305 connectens,
3423 3247 3536 3294 tam

247 3350 380 3408 quae
423 3334 478 3389 in
525 3333 683 3390 caelis
728 3349 893 3404 quam
934 3348 1056 3403 qua:
1098 3332 1156 3388 in
1188 3341 1337 3388 terra
1375 3335 1423 3400 8,
1453 3339 1516 3387 ut
1561 3331 1639 3388 ait
1671 3330 1894 3387 divinus
1931 3329 2252 3404 Apostolus.

490 3500 687 3581 Ἄλλη
712 3512 802 3579 είς
830 3480 1328 3580 τόιαύτόἅπορον
1359 3512 1595 3579 θεωρία.

325 3622 801 3695 Καινοτομοῦνται
828 3623 993 3678 πάλιν
1018 3624 1074 3677 αἰ
1104 3623 1320 3693 φύσεις,
1348 3624 1447 3692 τῆς
1482 3623 1581 3692 μὲν
1605 3622 1758 3687 θείας
1776 3625 1842 3679 δι’

244 3716 574 3787 ἁγαθότητα
601 3717 699 3769 καὶ
725 3716 1142 3788 φιλανθρωπίαν
1161 3715 1403 3786 ἄμετρον
1429 3715 1530 3783 τῆς
1550 3715 1674 3767 καθ’
1697 3718 1846 3787 ἡμᾶς

244 3806 400 3862 κατὰ
428 3807 646 3878 θέλησιν
672 3807 919 3873 ἑκούσιον
944 3807 1219 3878 σαρκικῆς
1245 3806 1553 3877 ὑπερφυῶς
1568 3808 1842 3879 ἀνεχομέο

231 3915 359 3968 am;
375 3897 424 3929 ⁸³
452 3899 785 3970 γεννήσεως,
807 3901 909 3967 τῆς
937 3899 1216 3970 ἡμετέρας
1236 3900 1292 3953 δὲ
1319 3899 1642 3970 παραδόξως
1672 3900 1842 3955 ἄσπο-

246 4006 353 4061 ρον
372 3988 451 4058 τῷ
478 3988 821 4060 σαρκωθέντι
843 3978 964 4059 Θεῷ
992 3987 1127 4058 ξένῳ
1147 3987 1302 4060 παρὰ
1332 3987 1433 4060 τὴν
1463 3988 1628 4058 φύσιν
1654 3988 1843 4061 θεσμῷ

243 4082 359 4149 τὴν
402 4079 639 4149 λογικῶς
679 4079 1046 4153 ὲψυχωμένην
1078 4079 1436 4151 γεωργούσης
1470 4080 1672 4150 σάρκα,
1703 4081 1844 4136 κατὰ

243 4172 437 4225 πάντα
464 4170 567 4243 τὴν
599 4169 769 4242 αὑτὴν
794 4171 927 4241 ἡμῖν
946 4166 1112 4224 οὖσαν
1133 4170 1229 4223 καὶ
1242 4168 1843 4242 ἀπαράλλακτονχωρὶς

241 4264 559 4333 ἁμαρτίας,
587 4262 761 4318 καὶτὸ
778 4262 844 4334 δὴ
869 4262 1324 4335 παραδοξότερον,
1356 4261 1523 4332 μηδὲν
1547 4258 1642 4315 τοῦ
1665 4260 1839 4326 νόμου
1870 4314 1875 4319 ,

240 4354 359 4422 τῆς
390 4353 691 4424 παρθενίας
711 4353 810 4424 τῆς
841 4352 1141 4423 γενομένης
1177 4351 1388 4423 μητρὸς
1415 4351 1503 4406 διὰ
1520 4354 1618 4422 τῆς
1645 4351 1841 4421 γεννή-

246 4462 399 4509 σεως
416 4444 477 4497 τὸ
513 4443 733 4499 σύνολον
755 4443 1104 4515 μειωθέντος.
1128 4442 1466 4514 Καινοτομία
1482 4444 1539 4497 δὲ
1558 4443 1759 4513 κυρίως
1779 4442 1840 4496 οὑ

246 4537 423 4608 μόνον
443 4540 502 4591 τὸ
524 4537 856 4610 γεννηθῆναι
888 4536 1156 4609 χρονικῶς
1182 4534 1324 4591 κατὰ
1349 4536 1530 4607 σάρκα
1564 4536 1656 4590 τὸν
1674 4537 1843 4608 ἀνάρο

243 4647 371 4704 χως
396 4631 498 4701 ἤδη
512 4629 911 4699 γεγεννημένον
927 4627 1220 4698 ἀφράστως
1239 4629 1303 4680 ἐκ
1319 4626 1413 4680 τοῦ
1445 4623 1581 4680 Θεοῦ
1605 4625 1700 4681 καὶ
1726 4628 1809 4680 Πα
1822 4657 1838 4667 -

243 4719 389 4791 ⁸τρὺς
406 4719 539 4797 Θεὸν
567 4719 764 4786 Λόγον,
788 4718 924 4774 ἀλλὰ
950 4719 1046 4773 καὶ
1074 4717 1134 4772 τὸ
1170 4717 1351 4771 δοῦναι
1385 4718 1563 4789 σάρκα
1590 4717 1689 4787 τὴν
1706 4720 1843 4788 ἡμε-

240 4811 314 4863 τέ
322 4827 426 4881 ραν
438 4800 615 4879 φύσιν
639 4808 768 4865 ἄνευ
792 4809 1024 4880 σπορᾶς,
1041 4809 1133 4863 καὶ
1148 4800 1211 4862 τὸ
1228 4810 1401 4861 τεκεῖν
1428 4806 1696 4878 παρθένον
1712 4799 1838 4861 ἀνευ

242 4878 488 4974 φθορᾶς.
544 4900 763 4954 Τούτων
816 4878 923 4972 γὰρ
977 4899 1207 4954 ἕκαστον
1265 4898 1508 4968 φανερὰν
1562 4898 1685 4968 ἕχον
1738 4897 1836 4969 τὴν
1868 4878 1913 4933 D

240 4991 611 5064 καινοτομίαν
649 4992 741 5047 τὸν
772 4991 892 5047 καθ’
921 4991 980 5044 ὃν
1023 4992 1250 5060 γέγονεν
1282 4989 1464 5061 (225
1500 4990 1551 5060 b)
1599 4990 1836 5063 ἄρρητόν

239 5102 312 5139 τε
329 5086 428 5138 καὶ
453 5084 735 5152 ἄγνωστον
768 5083 927 5150 λόγον
953 5081 1236 5144 παντελῶς
1252 5080 1665 5152 ἀποκρύπτεται
1694 5080 1837 5134 κατὰ

240 5174 457 5230 ταύτὸν
485 5175 581 5227 καὶ
624 5170 1007 5234 ἀποδείκνυσι,
1041 5173 1105 5226 τὸ
1138 5172 1237 5242 μὲν
1266 5171 1343 5242 τῷ
1371 5171 1514 5242 ὑπὲρ
1550 5171 1712 5240 φύσιν
1739 5172 1834 5233 καὶ

237 5266 462 5338 γνῶσιν
491 5266 698 5336 τρόπῳ,
735 5265 796 5325 τὸ
832 5263 889 5317 δὲ
914 5262 1150 5334 τῷλόγῳ
1174 5263 1277 5331 τῆς
1305 5265 1564 5341 πίστεως,
1597 5254 1640 5331 ᾧ
1658 5262 1835 5316 πάντα

236 5361 317 5415 τὰ
372 5359 515 5429 ὑπὲρ
546 5358 707 5427 φύσιν
771 5356 865 5433 καὶ
931 5357 1132 5425 γνῶσιν
1188 5357 1509 5410 ἁλίσκεσθαι
1568 5355 1834 5423 πέφυκεν.

326 5472 358 5511 ⁸
391 5467 602 5525 Coloss.
628 5456 679 5533 ἰ,
713 5460 803 5522 20.

2066 3511 2251 3567 Altera
2277 3512 2333 3566 in
2361 3510 2599 3565 eamdem
2632 3509 2975 3580 quaestionem
3012 3505 3408 3576 contemplatio.
3438 3552 3445 3561 .

2014 3623 2357 3691 lnnovantur
2387 3600 2581 3674 rursus
2609 3625 2845 3682 naturae,
2878 3616 3085 3681 divina,
3119 3630 3245 3669 cum
3278 3614 3346 3669 de
3374 3614 3536 3669 boni-

1945 3721 2056 3768 tate
2104 3720 2161 3769 et
2215 3712 2482 3768 charitate
2532 3711 2800 3765 immensa
2854 3709 3071 3779 legibus
3123 3717 3337 3762 naturae
3385 3706 3539 3760 solu-

1944 3803 2015 3858 tis
2048 3812 2246 3874 sponte
2293 3818 2393 3873 per
2436 3817 2660 3858 carnem
2709 3801 3007 3855 humanam
3045 3797 3295 3869 generari
3334 3796 3532 3863 voluit,

1944 3904 2156 3960 nostra,
2193 3911 2319 3952 cum
2364 3894 2749 3965 admirandum
2796 3893 2851 3947 in
2895 3891 3120 3947 modum
3162 3905 3382 3946 carnem
3417 3905 3531 3944 non
3570 3948 3575 3952 ,

1943 3997 2140 4053 satam,
2187 4003 2308 4058 quae
2348 4002 2578 4058 prorsus
2619 4001 2744 4041 cum
2778 3992 2966 4039 nostra
3002 3983 3260 4040 convenit
3289 3997 3391 4036 nec
3410 3981 3530 4045 nisi

1942 4079 2051 4136 hoc
2096 4096 2209 4135 uno
2241 4079 2309 4134 ab
2345 4095 2411 4135 ea
2454 4077 2643 4133 diﬂ'ert
2677 4077 2824 4148 quod
2853 4085 3159 4147 peccatum
3181 4089 3291 4129 non
3326 4073 3532 4144 capiat,

1942 4171 2290 4227 rationaliter
2328 4171 2627 4228 animatam
2675 4169 2857 4224 alieno
2893 4176 3095 4239 praeter
3127 4177 3382 4222 naturam
3409 4166 3534 4220 vin-

1942 4261 2070 4317 culo
2096 4262 2213 4323 Deo
2236 4260 2331 4330 qui
2355 4275 2487 4317 caro
2511 4264 2691 4315 lactus
2717 4266 2803 4315 est
2823 4258 3105 4322 conciliet,
3130 4256 3387 4327 quodque
3417 4271 3532 4310 ma-

1942 4353 2026 4424 gis
2056 4352 2441 4408 admirandum
2490 4362 2594 4417 est,
2646 4352 2721 4406 ita
2764 4349 3044 4413 conciliet,
3092 4356 3154 4402 ut
3196 4346 3535 4418 virginitatis

1941 4428 2064 4514 ejus
2091 4459 2212 4514 quae
2238 4452 2414 4499 mater
2438 4457 2541 4512 per
2563 4443 2976 4514 generationem
3011 4440 3149 4495 facta
3195 4448 3281 4493 est
3320 4452 3533 4508 nequa-

1943 4549 2108 4603 quam
2135 4532 2461 4595 violaretur.
2494 4530 2780 4586 lnnovatio
2811 4539 2994 4584 autem
3029 4529 3253 4598 proprie
3289 4537 3374 4584 est
3416 4543 3529 4582 non

1943 4625 2123 4679 solum
2154 4623 2302 4694 quod
2340 4624 2389 4678 is
2416 4606 2513 4694 qui
2541 4622 2660 4677 sine
2683 4621 2957 4692 principio
2981 4613 3246 4676 ineffabili
3275 4618 3438 4674 modo
3460 4634 3528 4674 ex

1944 4717 2056 4771 Deo
2084 4731 2151 4771 ac
2178 4717 2339 4772 Patre
2372 4716 2519 4771 Deus
2545 4715 2743 4771 Sermo
2777 4715 2888 4785 jam
2919 4721 3216 4795 generatus
3238 4721 3358 4768 erat
3393 4720 3529 4768 tem-

1944 4810 2210 4880 poraliter
2238 4809 2294 4865 in
2339 4824 2504 4864 carne
2545 4817 2837 4880 generatus
2865 4815 2974 4870 est,
3016 4807 3109 4861 sed
3158 4806 3267 4861 hoc
3305 4821 3529 4876 quoque

1943 4899 2091 4971 quod
2118 4908 2306 4956 nostra
2332 4909 2528 4972 natura
2558 4916 2779 4957 carnem
2808 4899 2927 4955 sine
2952 4899 3161 4955 semine
3192 4897 3528 4968 praebuit,-et

1942 4991 2092 5063 quod
2123 4993 2278 5065 virgo
2304 4993 2563 5065 inviolata
2586 4992 2822 5063 peperit.
2849 4992 3058 5047 Horum
3089 4990 3236 5045 enim
3266 4988 3527 5058 quodque

1943 5084 2288 5141 manifestam
2319 5085 2620 5156 praeferens
2651 5084 3062 5140 innovationcm
3097 5089 3203 5151 qua
3246 5089 3410 5135 natus
3450 5078 3527 5134 sit

1942 5176 2217 5232 rationem
2247 5191 2504 5231 arcanam
2546 5184 2712 5247 atque
2752 5173 3083 5245 incognitam
3130 5171 3355 5226 omnino
3385 5170 3529 5226 celat

1943 5266 2155 5337 pariter
2189 5275 2353 5337 atque
2389 5268 2751 5331 demonstrat,
2784 5266 3019 5319 alterum
3068 5263 3232 5318 modo
3272 5255 3527 5316 naturam

1946 5371 2113 5429 atque
2146 5359 2512 5431 cognitionem
2538 5366 2855 5430 superante,
2882 5357 3115 5412 alterum
3154 5352 3280 5409 tidei
3313 5352 3531 5436 ratione

1535 5554 1765 5620 VAlillE
1808 5565 2217 5634 LECTIONES.

323 5644 378 5692 ⁸³
400 5656 466 5711 in
497 5658 810 5728 apographo
839 5666 1017 5713 exstat
1050 5618 1394 5728 ἀνεχόμενοςο

323 5773 445 5843 (35)
477 5772 698 5844 Dionys.
735 5776 938 5846 Areop.
980 5775 1263 5833 De’divin.
1316 5784 1541 5848 nomin.,
1598 5798 1716 5853 cap.
1744 5783 1829 5847 15,
1858 5782 1884 5854 §
1917 5781 1973 5849 2,
2005 5798 2063 5853 p.
2091 5782 2222 5847 εει,
2263 5789 2395 5835 tom.
2426 5778 2613 5849 LOpp.
2646 5762 2909 5832 edaVen.

1930 5982 1959 5992 σ-
