4012 6374
553 269 691 383 rus

1721 316 1786 378 S.
1827 316 2116 377 MAXIMI
2154 316 2665 378 CONFESSORIS

3673 315 3775 391 1316

550 441 662 496 qua
692 424 1036 496 quaecunque
1079 432 1334 481 naturam
1372 431 1538 496 atque
1568 423 1944 497 cognitionem
1981 439 2141 496 supe-

2247 425 2407 481 Οὓτω
2461 427 2558 498 μὲν
2615 425 2749 492 οὖν,
2803 428 2922 480 κατ’
2968 427 3070 496 ὲμέ
3131 426 3337 496 φάναι,
3398 426 3460 481 τδ
3507 429 3686 500 ἄπορον
3722 434 3780 496 ὡς

553 527 678 574 rant
737 517 1090 573 evineuntur.
1155 517 1252 574 Sic
1305 518 1474 590 igitur
1532 517 1893 588 quaestionem
1947 514 2133 587 quoad

558 610 676 666 ﬁeri
744 609 924 681 potuit
1005 609 1240 666 solvisse
1297 609 1435 664 mihi
1490 609 1706 676 videor.
1761 615 1818 664 et
1869 624 1976 680 qua
2035 606 2142 662 alia

555 703 769 757 ratione
813 719 935 758 eam
1001 716 1256 756 enarrem
1325 700 1537 772 ignoro.
1600 699 1668 758 At
1741 709 1848 755 tua;
1909 699 2142 754 fortasse

555 794 919 866 philosophiae
961 793 1072 849 erit
1106 801 1201 849 aut
1244 807 1536 848 censuram
1581 808 1742 864 agere
1787 805 1981 848 eorum
2021 805 2146 861 quae

556 884 857 958 disputavi,
882 895 978 942 aut
997 887 1228 942 meliora
1256 886 1326 942 de
1349 894 1444 940 tuo
1470 885 1646 955 ipsius
1673 900 1820 956 penu
1842 883 2147 955 sapientius

556 979 808 1034 invenire
829 987 886 1034 et
905 985 1282 1049 exponere,et
1301 977 1636 1048 cognitionis
1667 976 1921 1032 sublimis
1943 973 2148 1029 omnis-

558 1087 668 1142 que
693 1071 898 1128 terreni
923 1085 1082 1142 pura;
1111 1070 1357 1124 fructum
1398 1083 1617 1124 mecum
1645 1067 2075 1126 communicare.

559 1250 832 1324 Ejusdem,
894 1265 958 1305 ea:
1014 1251 1238 1304 secundo
1286 1252 1340 1304 in
1389 1251 1709 1322 baptismum
1759 1265 2025 1313 sermone,
2082 1249 2138 1302 in

627 1341 800 1398 illud:
842 1361 860 1393 ι
889 1339 1102 1413 Triplex
1144 1342 1442 1396 nativitatis
1492 1357 1654 1412 genus
1711 1341 1942 1412 agnoscit
1997 1337 2142 1394 Scri-

631 1442 813 1506 ptura,
845 1435 1076 1504 primam
1107 1449 1171 1487 ea;
1203 1434 1533 1504 corporibus,
1584 1433 1816 1488 alteram
1849 1448 1912 1486 ea:
1967 1431 2142 1502 bapti-

628 1541 764 1591 smo,
819 1526 1032 1578 tertiam
1068 1542 1132 1578 ea:
1169 1526 1568 1579 resurrectione.
1605 1545 1622 1575 ι
1663 1523 1862 1590 Quibus
1894 1524 2138 1593 deinceps

629 1615 829 1668 addens
849 1613 1130 1680 normulla,
1154 1623 1200 1668 et
1224 1617 1524 1668 nativitates
1548 1616 1912 1688 interpretans.
1927 1615 2094 1684 pergit
2123 1629 2142 1666 :

636 1724 656 1757 ι
683 1706 794 1760 Has
815 1722 974 1776 porro
997 1715 1214 1760 cunctas
1269 1706 1573 1760 nativitates
1628 1707 1824 1759 honore
1851 1723 1883 1758 a
1936 1703 2143 1760 Christo

627 1815 742 1852 meo
767 1800 979 1870 affectas
1020 1799 1184 1869 fuisse
1235 1808 1442 1852 constat
1503 1799 1735 1868 primam
1789 1798 1999 1868 quidem
2052 1813 2144 1866 per

538 1937 546 1943 .
627 1889 862 1958 primam
891 1887 1046 1941 illam
1069 1887 1358 1941 etvitalem
1390 1888 1827 1958 insufﬂationem,
1857 1885 2144 1939 secundam

583 1967 586 1971 ’
628 1995 750 2032 vero
785 1994 878 2048 per
909 1979 1339 2031 incarnationem
1366 1986 1413 2030 et
1449 1977 1792 2047 baptismum,
1824 1977 2036 2028 tertiam
2058 1974 2146 2027 de-

628 2071 786 2138 nique
809 2084 900 2139 per
918 2069 1363 2121 resurrectionem
1383 2083 1543 2138 quam
1568 2069 1679 2136 ipse
1709 2067 2012 2136 auspicatus
2037 2073 2145 2128 est;

640 2163 920 2224 nimirum,
966 2162 1099 2214 sicut
1155 2161 1534 2230 primogenitus
1579 2161 1635 2212 in
1672 2157 1853 2211 multis
1894 2157 2146 2227 fratribus

631 2253 852 2316 exstitit,
896 2251 973 2304 ita
1009 2251 1388 2321 primogenitus
1415 2265 1618 2320 quoque
1661 2265 1724 2302 ex
1771 2249 1992 2301 mortuis
2027 2247 2148 2316 ﬁeri

631 2359 735 2397 non
759 2343 1094 2413 dedignatus.
1121 2362 1138 2394 ι

632 2433 927 2502 Quomodo
967 2433 1024 2487 in
1058 2432 1182 2490 istis
1223 2434 1446 2490 divinus
1481 2434 1573 2488 hic
1602 2435 1878 2505 "magister
1925 2433 2149 2488 uberio-

559 2540 678 2580 rem
708 2521 928 2578 vidctur
955 2539 1148 2578 eorum
1181 2539 1303 2594 qua:
1333 2533 1494 2593 antea
1516 2523 1734 2578 dixerat
1757 2523 2148 2592 repetitionem

559 2617 906 2673 instituisse?
966 2617 1210 2686 Triplice
1259 2615 1468 2672 etenim
1531 2617 1822 2689 nativitate
1875 2616 2144 2680 indicata,

557 2707 737 2779 prima
771 2704 991 2775 quidem
1029 2721 1097 2759 ex
1139 2706 1490 2775 corporibus,
1517 2707 1692 2760 altera
1710 2722 1776 2760 ex
1792 2706 2145 2774 baptismate,

559 2797 722 2854 tertia
757 2813 825 2852 ex
848 2797 1278 2862 resurrectione,
1313 2806 1575 2866 tanquam
1601 2798 1830 2862 oblitus,
1855 2813 1954 2866 per
1980 2796 2148 2850 verba

2248 517 2476 571 δυνατὸν
2525 516 2864 583 ἐπιλέλυται,
2897 516 2998 570 καὶ
3032 517 3134 570 οὐκ
3164 511 3262 569 οἷδ’
3287 517 3436 582 ὅπως
3473 517 3656 590 ἑτέρως
3679 521 3782 575 αὐτο

2247 608 2352 680 χρὴ
2375 607 2683 674 διεξελθεῖν.
2708 607 2820 678 Τῆς
2850 605 2950 677 σῆς
2965 605 3011 660 δ’
3041 607 3110 661 ἂν
3132 607 3220 676 εἴη
3253 606 3615 687 φιλοσοφίαςῆ
3641 613 3785 681 ἐγκρξ.

2247 718 2338 754 ναι
2367 703 2434 756 τὰ
2469 703 2739 774 εἰρημένα
2759 739 2774 768 ,
2808 701 2843 772 ἢ
2875 701 2943 754 τὰ
2965 701 3202 774 κρείττω
3229 702 3360 773 παρ’
3409 703 3604 770 ἑαυτῆς
3645 703 3785 772 σοφώ-

2248 809 2408 863 τερον
2445 791 2689 862 ἐξευρεῖν
2738 807 2799 842 τε
2833 789 2929 844 καὶ
2967 781 3337 867 φράσσακαὶ
3379 789 3683 860 μεταδοῦναί
3719 808 3789 860 μοι

2251 882 2464 962 καρπὸν
2493 881 2748 952 γνώσεως
2767 879 2978 950 ὑψηλῆς
3001 878 3098 933 καὶ
3129 878 3297 950 μηδὲν
3315 879 3548 950 ἐχούσης
3570 881 3787 947 ἐπίγειον.

2249 1241 2361 1298 Τοῦ
2390 1238 2597 1304 αὑτοῦ,
2646 1236 2716 1292 ἐκ
2763 1235 2872 1302 τοῦ
2919 1239 3006 1304 εἰς
3063 1227 3131 1290 τὸ
3172 1236 3503 1304 βάπτισμα
3529 1235 3586 1300 ,ϐ’
3623 1235 3795 1305 λόγου,

2314 1335 2404 1398 εἰς
2439 1332 2529 1397 τὸ,
2583 1349 2602 1381 ι
2663 1330 2930 1398 Τρισσὴν
2959 1329 3253 1396 γέννησιν
3285 1327 3436 1396 ἡμῖν
3469 1314 3627 1382 οἶδεν
3653 1331 3681 1380 ό
3710 1332 3795 1382 Ad-

2319 1439 2446 1493 τος,
2482 1419 2596 1488 τὴν
2633 1421 2703 1474 ἐκ
2749 1418 3066 1488 σωμάτων,
3118 1409 3236 1486 τὴν
3290 1419 3362 1471 ἐκ
3399 1417 3796 1486 βαπτίσματος,

2321 1514 2438 1580 τὴν
2473 1512 2542 1577 ἐξ
2569 1511 2984 1576 ἀναστάσεωςο
3025 1528 3042 1562 ι
3073 1501 3200 1562 εἶτα
3225 1506 3587 1574 ἐπειπόντος
3607 1510 3799 1572 τούτοις

2317 1607 2471 1668 τινὰ,
2504 1605 2600 1658 καὶ
2630 1605 2738 1669 τὰς
2767 1603 3087 1672 γεννήσεις
3115 1603 3579 1673 ἐρμηνεύοντος.
3621 1601 3796 1670 φῆσαι,

2321 1718 2338 1750 ι
2387 1698 2614 1763 Ταύτας
2655 1693 2723 1747 δὲ
2751 1694 2858 1760 τὰς
2896 1693 3218 1764 γεννήσεις
3247 1690 3498 1758 ἁπάσας
3538 1692 3663 1759 παρ’
3692 1693 3798 1746 ἑαυ-

2316 1786 2424 1840 τοῦ
2456 1785 2716 1855 τιμήσας
2749 1782 2779 1835 ὁ
2809 1783 2950 1852 ἐμὸς
2981 1783 3236 1850 Χριστὸς
3257 1782 3558 1850 φαίνεται,
3583 1781 3688 1849 ἱνὴν
3709 1780 3802 1849 μὲν

2315 1879 2396 1946 τῷ
2423 1871 2816 1948 ἑμφυσήματι
2869 1875 2950 1944 τῷ
2990 1877 3198 1945 πρώτῳ
3230 1877 3329 1930 καὶ
3359 1873 3598 1942 ζωτικῷ,
3629 1875 3728 1943 τὴν
3747 1875 3801 1928 δὲ

2316 1971 2392 2040 τῇ
2435 1970 2740 2039 σαρκώσει
2787 1971 2884 2024 καὶ
2935 1968 3016 2034 τῷ
3055 1969 3442 2039 βαπτίσματι
3491 1967 3630 2036 ὅπῳ
3656 1967 3800 2033 αὐτὸς

2317 2061 2702 2128 ἐϐαπτίσατο,
2750 2061 2867 2128 τὴν
2904 2058 2973 2114 δὲ
3024 2058 3102 2129 τῇ
3147 2060 3492 2116 ἀναστάσει
3537 2055 3608 2129 ἧς
3655 2059 3799 2123 αὐτὸς

2317 2146 2652 2216 ἀπήρξατο,
2680 2149 2760 2214 ὠς
2794 2147 3034 2219 ἐγένετο
3058 2150 3444 2218 πρωτότοκος
3491 2149 3561 2203 ἐν
3591 2148 3799 2214 πολλοῖς

2319 2239 2628 2308 ἀδελφοῖς,
2665 2238 2820 2292 οὕτω
2883 2239 2982 2294 καὶ
3051 2241 3450 2308 πρωτότοκος
3505 2240 3575 2294 ἐκ
3615 2238 3798 2304 νεκρῶν

2321 2332 2600 2402 γενέσθαι
2629 2332 3008 2398 καταξιώσας
3043 2332 3178 2405 (56).
3219 2351 3238 2385 ι

2320 2442 2448 2507 Πῶς
2481 2443 2540 2496 ἐν
2568 2441 2787 2507 τούτοις
2824 2445 2853 2496 ὁ
2893 2443 3141 2512 θεόφρων
3187 2436 3346 2508 οὗτος
3401 2427 3712 2506 διδάσκαλος
3736 2443 3798 2496 δο-

2249 2537 2338 2592 κεῖ
2387 2536 2782 2607 περιττοτέραν
2830 2537 2930 2606 τὴν
2964 2533 3307 2606 ἐπανάληψιν
3345 2536 3461 2590 τῶν
3502 2535 3799 2608 προρρηθέν-

2249 2647 2358 2684 των
2387 2627 2753 2699 πεποιηκέναι
2779 2646 2794 2695 ;
2822 2628 3064 2699 Τρισσὴν
3091 2629 3200 2699 γὰρ
3231 2629 3411 2685 εἰπὼν
3443 2630 3706 2702 γέννησιν,
3729 2627 3799 2699 τὴν

2252 2723 2318 2775 ἐκ
2351 2721 2645 2792 σωμάτων,
2691 2720 2792 2790 τὴν
2835 2723 2898 2774 ἐκ
2927 2719 3336 2792 βαπτίσματος,
3370 2720 3472 2792 τὴν
3506 2721 3568 2786 ἐξ
3603 2719 3798 2775 ἀναστά-

2253 2831 2412 2881 σεως,
2446 2813 2727 2885 ἐπήγαγεν
2765 2812 2955 2883 ὥσπερ
2983 2812 3388 2884 ἐπιλαθόμενος
3419 2813 3512 2867 διὰ
3540 2813 3636 2884 τῆς
3658 2811 3800 2866 δοκού-

557 2905 682 2961 quze
714 2887 1169 2958 superabundare
1209 2887 1504 2942 videantur
1523 2897 1580 2943 et
1606 2897 1858 2959 quartam
1907 2877 2141 2956 addidit,

2253 2920 2352 2972 σης
2386 2905 2649 2974 περιττῆς
2681 2897 2822 2954 εἶναι
2851 2901 3106 2972 φράσεως
3147 2901 3245 2954 καὶ
3283 2901 3582 2973 τετάρτην,
3613 2900 3692 2953 διὰ
3726 2897 3798 2950 τοῦ

556 2973 778 3035 dicens:
817 2979 1100 3033 «Primam
1147 2977 1371 3047 quidem
1435 2994 1534 3048 per
1587 2978 1816 3048 primam
1869 2977 2018 3032 illam
2082 2990 2146 3032 ac

557 3071 782 3125 vitalem
820 3069 1272 3124 insufﬂationem.
1302 3087 1319 3120 ι
1365 3067 1536 3140 Cujus
1592 3069 1740 3123 enim
1787 3085 1912 3123 cum
1967 3068 2147 3124 tribus

557 3163 790 3232 reliquis
816 3173 928 3215 non
953 3161 1278 3214 meminerat
1319 3159 1729 3224 nativitatibus,
1775 3159 1842 3214 de
1867 3175 1952 3224 ea,
1989 3159 2144 3228 quasi

557 3263 726 3323 sbpra
753 3252 1140 3323 signiﬁcasset,
1169 3252 1384 3306 addidit
1408 3252 1600 3306 dicens
1632 3270 1645 3305 ε
1689 3271 1706 3303 ι
1731 3251 1972 3306 Primam
2008 3251 2136 3322 qui-

566 3343 692 3398 dem
715 3360 816 3414 per
849 3341 1085 3412 primam
1107 3343 1253 3396 illam
1285 3357 1349 3396 ac
1369 3343 1594 3396 vitalem
1633 3342 2084 3398 insumatiOnem.
2121 3363 2138 3394 ›

557 3437 680 3504 Quo
717 3437 886 3508 igitur
912 3435 1076 3490 modo
1109 3435 1370 3504 magister
1421 3434 1475 3488 id
1533 3451 1725 3490 revera
1775 3435 1982 3490 dixerit
2011 3437 2147 3492 sciet

558 3529 722 3599 plane
751 3527 845 3596 qui
870 3526 1078 3581 virtute
1143 3525 1302 3579 illum
1333 3526 1656 3596 :equaverit,
1710 3543 1814 3582 nec
1870 3529 2061 3598 procul
2115 3544 2144 3582 a

565 3619 818 3689 sapiente
849 3619 969 3690 ejus
997 3634 1184 3674 rerum
1236 3619 1550 3673 divinarum
1588 3607 1808 3690 peritia
1841 3621 2140 3676 abstiterit.

557 3711 666 3766 Sed
691 3721 968 3782 quatenus
1009 3728 1110 3781 ego
1147 3711 1396 3782 intelligo
1434 3728 1537 3782 pro
1576 3713 1778 3767 inﬁrmi
1831 3713 2146 3770 intellectus

557 3805 668 3858 mei
689 3799 999 3869 debilitate,
1027 3820 1136 3857 non
1161 3803 1336 3858 otiosa
1371 3805 1597 3859 videtur
1622 3821 1744 3860 esse
1805 3817 2002 3876 quarta
2051 3808 2144 3861 illa

555 3911 682 3967 quas
701 3895 1053 3966 superaddita
1082 3895 1460 3960 estnativitas,
1503 3897 1616 3950 imo
1645 3897 1830 3967 potius
1866 3899 2144 3968 complere

556 4001 724 4056 supra
749 3987 952 4040 dictam
981 3986 1127 4038 illam
1178 4001 1246 4040 ex
1277 3987 1609 4055 corporibus
1645 3986 2014 4048 nativitatem,
2058 3987 2142 4039 in-

556 4074 964 4144 terpretarique
991 4073 1209 4126 divinas
1241 4074 1296 4126 in
1342 4089 1406 4128 ea
1443 4075 1690 4129 rationes
1713 4091 1776 4129 ac
1803 4075 2016 4129 modos.
2037 4075 2142 4142 Qui

555 4163 705 4218 enim
741 4168 970 4232 propter
1025 4160 1228 4215 factum
1281 4161 1522 4230 primum
1571 4161 1745 4216 Adam
1800 4163 1967 4216 homo
2024 4163 2142 4217 tieri

2250 2995 2438 3062 φάναι,
2469 3010 2489 3044 ι
2534 2993 2646 3062 Τὴν
2678 2991 2778 3063 μὲν
2807 2991 2886 3062 τῷ
2926 2992 3286 3062 ἐμφυσήματι
3346 2992 3432 3060 τῷ
3487 2990 3681 3063 πρώτῳ
3727 2988 3798 3042 καὶ

2248 3079 2486 3151 ζωτικῷ.
2520 3101 2540 3134 ι
2579 3075 2686 3144 Ἦς
2715 3079 2824 3153 γὰρ
2851 3081 2992 3152 μετὰ
3018 3081 3125 3134 τῶν
3144 3081 3313 3152 τριῶν
3333 3081 3442 3136 οὐκ
3465 3081 3798 3154 ἐμνημόνευσε

2247 3175 2559 3246 γεννήσεων
2597 3173 2672 3236 ὡς
2721 3173 2851 3244 περὶ
2881 3171 3275 3246 προλεχθεξσης
3325 3175 3614 3245 ἐπήγαγεν
3639 3167 3794 3234 εἰπὼν,

2255 3286 2274 3316 ι
2316 3265 2430 3334 Τὴν
2465 3263 2566 3334 μὲν
2595 3261 2671 3334 τῷ
2705 3263 3066 3334 ἐμφυσήματι
3097 3261 3174 3333 τῷ
3199 3262 3410 3335 πρώτῳ
3442 3265 3535 3317 καὶ
3564 3262 3730 3333 (226
3753 3265 3794 3330 a)

2249 3354 2489 3424 ζωτικῷ.
2528 3373 2546 3404 ι
2590 3353 2717 3416 Πῶς
2756 3346 2850 3406 οὗν
2881 3352 3040 3406 τοῦτο
3082 3353 3204 3406 κατ’
3245 3354 3521 3425 ἀλήθειαν
3557 3351 3799 3425 εἰρηκενό

2247 3447 2592 3511 διδάσκαλος,
2622 3443 2730 3499 οἶδε
2782 3445 3000 3511 πάντως
3029 3447 3058 3498 ὁ
3089 3445 3209 3500 κατ’
3241 3447 3456 3519 ἀρετὴν
3504 3446 3648 3517 αὐτῷ
3669 3460 3800 3514 γεγο-

2247 3537 2352 3613 νὼς
2380 3538 2788 3609 παραπλήσιος,
2828 3539 2922 3590 καὶ
2951 3536 3026 3608 μὴ
3066 3537 3258 3609 πόρρω
3279 3541 3384 3610 τῆς
3418 3537 3587 3592 αὑτοῦ
3612 3536 3728 3608 περὶ
3749 3532 3800 3588 τὰ

2248 3631 2365 3685 θεῖα
2401 3632 2572 3701 σοφῆς
2618 3631 2934 3700 ἐπιστήμης
2972 3629 3296 3700 διεστηκώς.
3333 3631 3506 3684 Ὅσον
3542 3631 3585 3684 δ’
3615 3621 3698 3682 οὖν
3722 3627 3800 3695 ἐμὲ

2246 3723 2544 3794 γινώσκειν
2579 3723 2722 3778 κατὰ
2747 3725 2809 3776 τὸ
2828 3723 2930 3792 τῆς
2955 3723 3092 3794 ἐμῆς
3121 3722 3386 3788 ἀσθενοῦς
3413 3724 3651 3787 διανοίας
3668 3719 3800 3790 ἀϐλη-

2246 3818 2400 3890 χρδν,
2437 3817 2538 3871 οὐκ
2583 3811 2738 3886 οἶμαι
2771 3817 3031 3888 περιττὴν
3069 3812 3211 3870 εἶναι
3254 3817 3354 3888 τὴν
3386 3818 3708 3890 ἐπαχθεῖσαν
3731 3829 3797 3866 τε·

2243 3913 2453 3982 τάρτην
2493 3909 2772 3980 γέννησιν,
2823 3907 2961 3962 ἀλλὰ
2993 3909 3196 3980 μᾶλλον
3230 3907 3694 3981 συμπληρωτικὴν
3719 3904 3796 3974 τῆς

2245 4002 2310 4052 ἐκ
2345 3999 2622 4070 σωμάτων
2649 3998 3009 4070 προτεθείσης
3041 4000 3370 4070 γεννήσεως,
3396 4000 3493 4054 καὶ
3521 4000 3798 4070 ἑρμηνευτι-

2246 4091 2348 4162 κὴν
2376 4091 2487 4145 τῶν
2515 4089 2606 4144 ἐπ’
2649 4089 2790 4161 αὐτῇ
2845 4089 3007 4142 θείων
3035 4089 3210 4157 λόγων
3253 4107 3314 4142 τε
3359 4091 3460 4144 καὶ
3501 4089 3719 4159 τρόπων.
3753 4083 3796 4134 ’0

2245 4183 2355 4252 γὰρ
2405 4183 2503 4253 τῆς
2544 4183 2814 4251 γενέσεως
2870 4181 3058 4234 ’ἐνεκεν
3107 4181 3204 4235 τοῦ
3262 4181 3490 4253 πρώτου
3532 4180 3692 4250 Ἀδὰμ
3727 4176 3796 4230 ἄν·

557 4251 840 4322 dignatus,
868 4251 1102 4320 ejusque
1142 4253 1357 4320 peccati
1403 4252 1580 4322 gratia
1615 4253 1866 4323 generari
1901 4269 2009 4309 non
2047 4255 2141 4309 de-

2247 4276 2467 4346 θρωπος
2494 4273 2750 4342 γενέσθαι
2781 4273 3241 4344 καταδεξάμενος,
3267 4276 3366 4328 καὶ
3387 4270 3796 4344 γεννηθῆναιτῆς

557 4345 819 4416 dignatus
834 4351 940 4409 est,
971 4359 1072 4414 per
1095 4336 1498 4400 factitationem
1531 4345 1579 4400 is
1619 4362 1774 4401 suam
1797 4348 1864 4402 ad
1901 4364 2027 4402 euut
2048 4349 2140 4418 qui

555 4439 760 4495 cecidit
801 4437 1357 4503 condescensionem,
1412 4455 1514 4508 per
1546 4441 1960 4510 generationem
2007 4457 2142 4497 vero

554 4533 926 4589 voluntariam
951 4547 1105 4586 suam
1139 4532 1576 4587 exinanitionem
1618 4535 1673 4588 in
1715 4535 1837 4604 ejus
1875 4534 1969 4605 qui
2004 4549 2141 4589 con-

556 4625 850 4680 demnatus
878 4632 964 4678 est
991 4625 1220 4694 gratiam
1258 4625 1600 4695 designavit:
1641 4627 1988 4683 factitatione
2012 4627 2140 4696 qui-

557 4717 685 4772 dem
719 4715 1052 4770 naturaliter
1096 4717 1150 4769 in
1194 4716 1342 4771 idem
1394 4734 1520 4772 cum
1567 4719 1792 4775 homine
1829 4720 2137 4775 secundum

555 4808 780 4864 vitalem
810 4805 1236 4860 insuﬂlationem
1269 4807 1562 4872 deductus,
1619 4810 1768 4865 unde
1802 4811 1898 4868 Dei
1941 4810 2140 4882 imagi-

556 4918 687 4958 nem
715 4907 935 4964 nactus,
974 4907 1036 4952 ut
1063 4899 1252 4963 homo,
1281 4901 1594 4956 invenalem
1623 4903 1870 4957 servavit
1913 4919 2136 4974 semper

555 4997 870 5052 libertatem
888 5001 945 5047 et
961 4991 1383 5062 impeecantiam
1409 4993 1730 5048 inviolatam
1749 5011 1764 5060 ;
1781 4997 2143 5064 generatione

555 5099 742 5144 autem
778 5085 1083 5143 secundum
1139 5085 1580 5140 incarnationem
1611 5087 1856 5140 hominis
1884 5087 2138 5142 interitui

468 5171 482 5182 ’
555 5181 785 5236 obnoxii
831 5177 1254 5235 similitudinem
1301 5186 1500 5249 sponte
1549 5179 1605 5232 in
1660 5179 1864 5246 servili,
1895 5180 2140 5250 suscepit

558 5274 733 5327 forma
755 5271 1080 5340 eisdemque
1095 5283 1221 5324 cum
1236 5269 1402 5324 nobis
1445 5268 1743 5324 aﬂ‘eetibus
1785 5271 2136 5327 naturalibus

559 5361 849 5432 subjaeere
877 5369 1082 5428 praeter
1103 5365 1398 5426 peceatum
1425 5366 1688 5428 tanquam
1721 5357 2022 5426 obnoxius,
2043 5361 2140 5431 qui

560 5452 682 5506 sine
703 5458 936 5520 peccato
959 5457 1104 5516 erat,
1136 5448 1285 5503 ultro
1313 5463 1509 5518 passus
1530 5457 1635 5504 est.
1659 5449 1936 5520 Bipartito
1989 5454 2139 5506 enim

563 5546 874 5601 secundum
923 5551 1220 5612 utrumque
1253 5558 1322 5600 ex
1367 5545 1620 5612 partibus
1646 5555 1732 5601 est
1777 5548 2138 5618 compositus,

2249 4364 2416 4419 αὑτοῦ
2447 4363 2815 4435 παραϐάσεως
2854 4363 3016 4434 χάριν
3055 4366 3156 4418 οὐκ
3207 4366 3557 4430 ἀπαξιώσας.
3601 4363 3683 4418 διὰ
3719 4361 3795 4431 μὲν

2248 4457 2347 4526 τῆς
2375 4457 2645 4524 γενέσεως
2675 4454 2775 4528 τὴν
2810 4456 2946 4526 πρὸς
2975 4457 3065 4508 τὸν
3111 4447 3370 4510 πεσόντα
3400 4455 3791 4525 συγκατάϐασιν,

2247 4547 2336 4602 διὰ
2367 4547 2422 4600 δὲ
2453 4547 2554 4616 τῆς
2587 4549 2896 4618 γεννήσεως
2930 4547 3030 4618 τὴν
3081 4548 3216 4618 πρὸς
3249 4550 3342 4602 τὸν
3372 4541 3794 4615 καταδεδικασμέ-

2245 4654 2334 4690 νον
2357 4635 2609 4688 ἑκούσιον
2635 4635 2867 4689 κένωσιν
2898 4636 3212 4701 ἐπεδείξατο
3234 4657 3245 4667 ·
3279 4641 3344 4708 τῇ
3372 4639 3472 4708 μὲν
3498 4639 3697 4706 γενέσει
3720 4651 3794 4702 φν·

2249 4727 2418 4790 σικῶς
2468 4729 2548 4792 εἰς
2595 4727 2794 4781 ταύτὸν
2833 4727 2912 4798 τῷ
2951 4727 3226 4800 ἀνθρώπῳ
3277 4731 3419 4784 κατὰ
3453 4731 3550 4801 τὴν
3595 4723 3792 4794 ζωτικὴν

2223 4819 2514 4890 -ἀγόμενος
2545 4819 2864 4890 ἕμπνευσιν,
2894 4819 2958 4884 ἐξ
2983 4814 3050 4892 ἧς
3087 4821 3147 4874 τὸ
3184 4822 3306 4876 κατ’
3333 4822 3518 4876 εἰκόνα
3547 4819 3711 4874 λαϐὼν
3735 4815 3792 4875 ὡς

2248 4909 2533 4980 ἄνθρωπος
2567 4909 2814 4982 ἄπρατον
2853 4911 3123 4982 διέμεινεν
3166 4912 3306 4981 ἔχων
3349 4913 3450 4983 τῆς
3494 4910 3788 4983 ἐλευθερίας.

2247 5002 2346 5072 τῆς
2390 5001 2811 5073 ἀναμαρτησίας
2867 5002 2962 5056 καὶ
3019 4999 3324 5076 ἄχραντον·
3358 5007 3423 5076 τῇ
3473 5005 3529 5060 δὲ
3579 5003 3789 5073 γενήσει

2249 5093 2391 5146 κατὰ
2443 5093 2542 5164 τὴν
2597 5093 2878 5163 σάρκωσιν
2935 5095 3035 5164 τὴν
3085 5099 3221 5167 πρὸς
3265 5098 3355 5150 τὸν
3386 5097 3660 5171 ἄνθρωπον
3708 5089 3785 5158 τῆς

2249 5183 2458 5256 φθορᾶς
2477 5185 2739 5256 ὁμοίωσιν
2778 5187 3043 5252 ἑκουσίως
3074 5188 3163 5241 διὰ
3197 5189 3298 5266 τῆς
3330 5189 3578 5252 δουλικῆς
3609 5184 3786 5256 μορφῆς

2247 5276 2445 5340 ὑποδὺς
2473 5278 2588 5342 τοῖς
2623 5277 2811 5342 αὐτοῖς
2845 5279 3249 5352 παραπλησίως
3273 5280 3406 5352 ἡμῖν
3440 5283 3578 5335 κατᾶ
3605 5274 3784 5348 θέλησιν

2247 5369 2576 5426 ὑποκεῖσθαι
2612 5372 2866 5441 φυσικοῖς
2897 5373 3188 5444 παθήμασι
3223 5372 3393 5446 χωρὶς
3428 5373 3702 5446 ἁμαρτίας,
3723 5367 3783 5424 ὡς

2244 5463 2542 5528 ὑπεύθυνος
2569 5465 2598 5518 ὁ
2626 5463 3032 5538 ἀναμάρτητος,
3062 5467 3340 5540 ἠνέσχετο.
3373 5466 3507 5524 Κατ’
3534 5465 3683 5536 ἄμφω
3696 5459 3781 5527 γάρ

2242 5557 2414 5610 ταῦτα
2459 5557 2604 5629 μέρη
2648 5559 2833 5629 τεμὼν
2867 5559 2932 5612 ἐκ
2975 5559 3158 5630 μερῶν
3196 5561 3475 5632 συνετέθη,
3515 5560 3602 5616 καὶ
3624 5555 3781 5624 δ’έῖυνί

633 5703 748 5774 (5(3)
769 5699 1114 5774 Greg.,Naz.
1142 5697 1264 5755 ΟΜ
1294 5702 1347 5756 in
1368 5713 1610 5759 sanctum
1633 5704 1928 5778 Baptisma,
1953 5682 2073 5784 cap.
2099 5713 2153 5778 2,
2195 5728 2249 5784 p.
2283 5714 2406 5772 692.
2444 5725 2578 5772 tom.
2615 5717 2656 5772 l.
2686 5717 2825 5787 Opp.
2859 5717 2992 5774 edit.
3023 5717 3228 5777 Bened.
