4012 6420
260 352 395 427 1317

1492 347 2017 408 AMBIGUORUM
2055 346 2308 409 LIBER.

3383 348 3520 425 1918

259 475 472 536 τελείως
497 469 616 534 νέος
653 467 847 537 Ἀδάμ,
880 464 969 520 τὸν
1005 463 1220 535 πρῶτον
1245 465 1357 526 τοῖς
1390 461 1510 516 κατ’
1538 464 1704 532 ἄμφω
1738 463 1833 533 μὲ-

1941 471 2134 530 estque
2160 459 2406 530 perfecte
2436 461 2615 516 factus
2637 478 2810 520 novus
2845 465 3040 532 Adam,
3083 469 3322 537 primum
3377 469 3521 528 Ada-

265 582 408 639 ρεσιν
446 561 620 632 ’Δδᾶμ
670 562 729 614 ἐν
784 556 964 628 ἑαυτῷ
1017 555 1201 627 φέρων
1232 554 1528 625 ἀμείωτον.
1571 555 1684 624 Τῆς
1722 556 1833 624 γάρ

251 657 361 727 πρὸ
409 654 510 724 τῆς
566 649 942 724 παραϐάσεως
990 647 1084 700 τοῦ
1121 645 1295 716 Ἀδάμ
1349 645 1620 714 γενέσεως
1680 646 1833 714 νόμῳ

253 740 722 813 συγκαταὸάσεως
765 737 1138 807 ἀνασχόμενος
1189 733 1331 788 κατά
1373 733 1472 806 τὴν
1521 733 1720 787 πλάσιν
1771 733 1834 786 τὸ

246 834 640 904 κάναμάρτητον
685 829 934 898 φυσικῶς
966 825 1148 880 λαϐὼν
1197 824 1282 878 διὰ
1325 825 1424 894 τῆς
1456 823 1829 894 ὲμπνεύσεως,

256 924 319 978 τὸ
346 922 618 992 ἄφθαρτον
648 920 708 972 οὐ
747 916 1072 990 προσέλαϐε.
1116 915 1314 987 (226
1351 915 1414 985 b)
1447 915 1558 984 Τῆς
1603 914 1660 967 δὲ
1695 913 1836 984 μετὰ

255 1013 352 1085 τὴν
398 1011 714 1082 παράϐασιν
755 1011 819 1062 ἐκ
877 1007 1176 1077 καταδίκης
1209 1007 1518 1076 γεννήσεως
1561 1003 1702 1058 κατὰ
1735 1004 1836 1071 τὴν

254 1104 498 1157 ἑκούσιον
549 1102 784 1154 κένωσιν
831 1102 894 1154 τὸ
943 1099 1182 1169 παθητὸν
1221 1097 1472 1166 φυσικῶς
1503 1096 1742 1165 εἰληφὼς
1774 1095 1834 1148 τὸ

255 1198 633 1269 ἁμαρτητικὸν
664 1196 724 1249 οὐ
761 1195 1116 1264 προσείληφε,
1135 1192 1226 1246 καὶ
1255 1191 1463 1259 γίνεται
1494 1191 1612 1254 νέος
1641 1189 1832 1259 Ἀδάμ,

254 1289 465 1356 γένεσιν
495 1286 792 1355 λαμϐάνων
825 1285 924 1355 τὴν
973 1283 1143 1354 αὐτὴν
1178 1282 1564 1351 ἀναμάρτητον
1589 1279 1684 1334 καὶ
1713 1295 1836 1346 γενι

253 1382 460 1452 νήσεως
491 1382 589 1449 τῆς
621 1379 790 1448 αὐτῆς
821 1375 1075 1446 παθητῆς
1111 1375 1457 1444 άνεχὸμενος.
1495 1374 1700 1442 Ἄμφω
1727 1371 1836 1443 γὰρ

262 1471 521 1541 ἀλλήλαις
566 1469 788 1532 τελείως
833 1469 962 1537 περὶ
1025 1466 1219 1518 ἑαυτὸν
1268 1463 1656 1531 ἐναλλὰξτοῖς
1710 1464 1833 1518 κατ’

257 1563 422 1632 ἄμφω
477 1563 699 1632 μέρεσιν
751 1558 1067 1628 συμπλέξας
1121 1556 1290 1627 ἄμφω
1339 1557 1410 1610 δι’
1465 1556 1712 1626 ἀλλήλων
1765 1558 1833 1626 τῇ

258 1655 490 1723 ἐλλείψει
523 1653 618 1706 τοῦ
651 1654 778 1722 περί
801 1651 1072 1718 ἑκατέραν
1094 1649 1266 1719 ἄκρου
1289 1649 1529 1710 δυνατῶς
1558 1647 1832 1714 ὲξιάσατο,

253 1747 352 1816 τῆς
385 1747 482 1816 μὲν
515 1745 738 1816 πρώτης
767 1745 860 1796 καὶ
886 1743 1074 1812 τιμίας
1098 1740 1197 1811 τὴν
1227 1741 1486 1810 δευτέραν
1519 1743 1612 1793 καὶ
1641 1739 1836 1808 ἄτιμον

257 1839 574 1908 ποιούμενος
625 1836 898 1904 σωστικήν
953 1851 1011 1887 τε
1065 1833 1160 1886 καὶ
1209 1831 1600 1901 ἀνανεωτικὴν,
1649 1834 1749 1900 τῆς
1778 1830 1832 1882 δὲ

245 1930 510 2000 δευτέρας
547 1929 646 1996 τὴν
676 1926 902 1996 πρώτην
943 1925 1276 1992 συστατικήν
1306 1939 1364 1974 τε
1395 1923 1490 1974 καὶ
1535 1939 1830 1994 περιποιη-

253 2021 408 2088 τικὴν
432 2020 803 2086 καταστήσας.
836 2016 1016 2084 Ἀκρα
1041 2013 1097 2064 δέ
1125 2028 1268 2081 φημι
1298 2011 1398 2080 τῆς
1440 2011 1536 2080 μὲν
1563 2010 1828 2078 γενέσεως

253 2109 472 2181 πρώτης
523 2108 618 2161 καὶ
667 2107 854 2176 τιμίας
907 2103 1261 2174 ὑπαρχούσης
1305 2103 1364 2156 τὸ
1407 2103 1702 2172 ἄφθαρτον,
1756 2102 1832 2164 ὡς

253 2199 673 2274 ἀναμαρτησίας
705 2197 870 2268 ἀρχὴ,
895 2197 995 2266 τῆς
1031 2196 1086 2249 δὲ
1123 2197 1426 2266 γεννήσεως
1460 2195 1535 2257 ὡς
1567 2195 1831 2266 δευτέρας

251 2291 418 2361 οὔσης
449 2291 542 2344 καὶ
569 2291 766 2358 ἀτίμου
791 2289 850 2340 τὸ
874 2289 1270 2358 ἁμαρτητικὸν,
1301 2288 1375 2350 ὡς
1397 2287 1594 2350 παντὸς
1625 2287 1831 2350 πάθους

249 2381 424 2438 αἴτιον
453 2381 549 2434 καὶ
598 2381 824 2450 φθορᾶς.
862 2379 1040 2451 ’Ἃπερ
1071 2381 1148 2442 είς
1175 2379 1364 2433 ἑαυτὸν
1402 2377 1544 2432 κατὰ
1571 2377 1672 2450 τὴν
1705 2378 1826 2446 σάρυ

245 2488 417 2526 manu
447 2469 711 2539 μηδαμῶς
741 2456 1032 2538 εἰληφὼξό
1050 2469 1238 2538 Σωτὴρ
1268 2468 1360 2520 καὶ
1388 2468 1454 2521 τὰ
1477 2467 1542 2520 δι’
1566 2467 1706 2522 αὐτὰ
1727 2483 1830 2521 κα-

245 2561 610 2630 ταδεξάμενος
641 2559 740 2628 τῆς
776 2559 877 2628 μὲν
907 2559 1175 2626 γενέσεως
1205 2559 1306 2628 τὴν
1333 2560 1589 2629 γέννησιν
1637 2575 1831 2612 σωστι-

247 2653 350 2724 κῆν
381 2652 698 2720 ἐποιήσατο,
725 2650 801 2718 τῇ
828 2649 948 2702 κατ’
979 2649 1146 2721 αὐτὴν
1176 2649 1340 2703 πάθει
1381 2649 1704 2721 παραδόξως
1732 2649 1829 2719 τὴν

245 2746 351 2815 τῆς
400 2744 667 2812 γενέσεως
720 2741 1030 2810 ἀφθαρσίαν
1067 2743 1487 2812 ἀνανεούμενος,
1544 2745 1644 2814 τῆς
1691 2741 1829 2796 δἀὒ

249 2841 420 2895 πάλιν
467 2840 774 2908 γεννήσεως
832 2837 929 2906 τὴν
979 2837 1192 2906 γένεσιν
1235 2838 1654 2910 περιποιητικὴν
1695 2855 1830 2892 κατ-

235 2919 544 3004 -εσῖήσατο,
577 2931 640 3000 τῇ
677 2928 797 2982 κατ’
827 2927 998 2998 αὐτὴν
1041 2929 1426 2999 ἀναμαρτησία
1461 2930 1558 2999 τὴν
1585 2931 1684 3000 τῆς
1711 2946 1833 2998 γεν..

239 3028 458 3097 νήσεως
498 3018 852 3090 καθῖτιάζων
893 3020 1218 3089 ὲμπάθειαν,
1250 3021 1336 3072 ἵνα
1360 3021 1459 3090 τὴν
1491 3022 1588 3090 μὲν
1617 3022 1830 3089 γένεσιν

1933 565 2084 604 mum
2119 549 2244 605 istis
2265 549 2572 605 secundum
2603 559 2904 624 utrumque
2931 557 3184 625 partibus
3230 561 3285 615 in
3316 574 3489 618 semel

1935 639 2055 710 ipso
2086 640 2488 697 circumferens
2517 642 2896 699 imminutum.
2944 647 3329 708 Faetitationis
3361 657 3502 710 enin

1934 747 2057 800 quae
2089 740 2218 786 ante
2257 733 2454 787 Adami
2505 733 2719 803 lapsum
2749 735 2981 806 contigit
3007 739 3126 810 lege
3171 743 3518 814 figurationis

1935 823 2221 878 sustinens
2248 825 2782 880 condescensionem
2841 827 2894 882 id
2926 829 3148 899 (pridem
3186 837 3520 893 naturaliter

1933 929 2036 984 per
2094 915 2526 972 insuiﬂationem
2555 919 2772 990 recepit
2808 929 2869 975 'ut
2899 923 3019 978 sine
3070 936 3299 994 peccato
3347 941 3514 995 esset,

1934 1005 2033 1060 sed
2071 1005 2660 1077 ineorruptibilitatem
2693 1011 2840 1065 haud
2876 1013 3104 1082 pariter.
3134 1015 3518 1077 Generationis

1936 1106 2258 1168 autempost
2293 1099 2507 1170 lapsum
2532 1101 2600 1156 de
2626 1102 2982 1159 damnatione
3022 1106 3290 1164 institutae
3319 1113 3519 1168 volun-

1937 1187 2076 1241 taria
2103 1203 2202 1243 sua
2228 1189 2607 1247 exinanitione
2655 1194 2888 1250 aﬂ'ectus
2921 1198 3253 1254 naturaliter
3279 1217 3403 1256 cum
3431 1221 3515 1260 re-

1936 1279 2197 1347 cepisset,
2239 1283 2506 1350 peccandi
2537 1284 2854 1340 facultatem
2895 1303 3004 1342 non
3063 1289 3227 1346 simul
3285 1297 3515 1366 recepit,

1935 1377 1992 1425 et
2015 1368 2076 1422 fit
2106 1387 2286 1426 novus
2319 1373 2594 1442 Adamus,’
2620 1378 2870 1432 eamdem
2918 1379 3179 1438 videlicet
3217 1383 3517 1441 factitatio-

1934 1477 2062 1517 nem
2091 1465 2322 1518 sortitus
2368 1478 2596 1535 peccato
2639 1469 2908 1536 liberam,
2969 1473 3246 1544 simulque
3280 1493 3517 1548 genera-

1935 1554 2144 1609 tionem
2171 1557 2422 1612 eamdem
2450 1574 2573 1615 cum
2611 1560 2707 1614 illo
2739 1577 2935 1631 passus
2955 1564 3176 1620 affectui
3195 1567 3513 1626 obnoxiam.

1938 1645 2240 1716 Utramque
2274 1649 2481 1703 etenim
2503 1651 2652 1704 circa
2675 1659 2848 1707 semet
2891 1663 3056 1723 atque
3082 1657 3325 1712 vicissim
3351 1661 3518 1729 parti-

1939 1737 2042 1792 bus
2064 1741 2352 1811 utriusque
2373 1741 2614 1811 perfecte
2645 1754 2983 1800 connectens
3011 1747 3283 1804 ambabus
3305 1767 3407 1820 per
3426 1769 3515 1808 se-

1937 1828 2088 1899 ipsas
2122 1833 2412 1902 utriusque
2475 1835 2842 1890 extremitatis
2892 1837 3110 1892 defectu
3159 1851 3408 1896 mutuam
3459 1851 3515 1898 et

1932 1921 2288 1976 fortissimam
2314 1925 2498 1978 attulit
2527 1927 2822 1992 medelam,
2864 1931 3030 1984 unius
3075 1940 3130 1986 et
3172 1932 3516 1990 honorabilis

1933 2013 2167 2067 alteram
2203 2021 2258 2068 et
2283 2015 2666 2071 inhonoratam
2713 2019 2925 2074 faciens
2961 2023 3427 2078 conservatricem
3459 2035 3516 2081 et

1933 2105 2366 2172 renovatricem,
2399 2107 2772 2164 alteriusvero
2795 2111 3038 2180 priorem
3074 2115 3513 2172 constitutricem

1932 2205 1989 2250 et
2037 2196 2314 2252 vindicem
2366 2200 2663 2254 collocans.
2712 2201 3104 2258 Extremitates
3148 2215 3333 2260 autem
3377 2223 3517 2263 voco

1933 2286 2125 2356 prima:
2159 2289 2496 2345 conditionis
2525 2299 2580 2345 et
2607 2291 2952 2347 honorabilis
3015 2295 3516 2367 incorruptibilita-

1935 2387 2068 2444 tem,
2099 2389 2160 2434 ut
2185 2397 2308 2451 qua:
2353 2381 2734 2450 impeeeantizc
2766 2385 3102 2456 principium
3140 2397 3246 2454 est,
3280 2405 3514 2459 genera-

1935 2473 2101 2527 tionis
2123 2489 2277 2538 vero,
2329 2479 2391 2528 ut
2423 2475 2682 2530 secundae
2709 2485 2766 2530 et
2803 2476 3229 2544 inhonorabilis,
3271 2480 3515 2538 indolem

1932 2565 2220 2634 peccandi,
2250 2567 2454 2636 quippe
2478 2583 2599 2636 qua:
2635 2567 2816 2622 omnis
2847 2570 3122 2638 passionis
3169 2581 3334 2643 atque
3367 2575 3513 2630 inte-

1933 2655 2072 2710 ritus
2102 2672 2267 2710 causa
2298 2666 2403 2712 est.
2431 2657 2642 2723 Quibus
2673 2652 2716 2712 ai
2739 2661 3022 2716 Salvatore
3048 2679 3171 2717 eum
3209 2680 3337 2720 caro
3357 2665 3516 2722 ﬁeret

1932 2763 2278 2818 nequaquam
2340 2750 2602 2819 receptis,
2641 2759 2699 2805 et
2743 2752 2825 2808 eis
2869 2769 2991 2822 quae
3016 2770 3116 2824 per
3149 2770 3211 2809 ea
3254 2762 3385 2812 sunt
3409 2754 3514 2814 ad-

1933 2839 2137 2904 missis,
2163 2839 2502 2894 conditionis
2524 2839 2746 2910 quidem
2773 2843 3188 2912 generationem
3215 2843 3348 2899 fecit
3383 2861 3517 2902 con-

1933 2928 2314 2992 servatricem,
2373 2929 2572 2984 affectu
2619 2931 2738 3000 ejus
2791 2931 3054 2985 nimirum
3107 2933 3402 3002 quemdam
3456 2935 3515 2989 in

1933 3022 2158 3076 modum
2183 3022 2545 3076 factitationis
2572 3037 2846 3077 renovans
2887 3023 3468 3092 incorruptibilitatcm
3495 3043 3514 3094 ;

241 3116 534 3177 ¹παντελῶς
564 3115 936 3184 ἁνασώσηται,
969 3113 1046 3184 τῷ
1077 3111 1196 3166 κατ’
1223 3111 1392 3182 αὐτὴν
1417 3112 1658 3166 θεοτελεῖ
1690 3113 1832 3183 λόγῳ

1937 3112 2066 3185 item
2116 3113 2492 3183 generationis
2556 3128 2750 3168 rursus
2805 3113 3178 3168 conditionem
3229 3115 3517 3169 constituit

219 3207 350 3278 ’τὴν
384 3191 546 3274 φύσιν
573 3207 990 3276 διακρατοῦσαν,
1022 3206 1124 3276 τῆς
1153 3206 1209 3258 δὲ
1240 3208 1552 3274 γεννήσεως
1581 3206 1678 3278 τὴν
1710 3209 1834 3262 ὑπο-

243 3299 530 3354 πεσοῦσαν
580 3300 717 3369 αὐτῇ
764 3297 925 3366 φύσιν
966 3298 1054 3350 διά
1097 3297 1195 3368 τὴν
1234 3297 1508 3368 ἁμαρτίαν
1551 3297 1854 3362 παντελῶς

243 3390 619 3462 ἐλευθερώσῃ,
679 3390 754 3460 τῷ
793 3390 916 3442 κατ’
960 3389 1129 3460 αὐτὴν
1166 3390 1298 3451 ἴσως
1327 3392 1440 3452 τοῖς
1473 3389 1681 3454 λοιποῖς
1741 3393 1834 3444 ἐπὶ

185 3503 195 3509 ~
247 3481 359 3550 γῆς
392 3481 551 3544 ζώοις
586 3479 868 3551 ἐπερῤύτῳ
896 3481 995 3550 τῆς
1031 3481 1240 3550 σπορᾶς
1263 3481 1448 3550 τρόπῳ
1487 3480 1561 3552 μὴ
1595 3499 1831 3552 κρατουα

245 3573 440 3642 μένην.
475 3571 724 3641 Συνάψας
755 3571 846 3624 οὖν
879 3571 1092 3638 γένεσιν
1137 3572 1230 3624 καὶ
1257 3571 1454 3624 πλάσιν
1481 3573 1572 3624 καί⁹
1597 3573 1833 3642 ἐμπνευ-

221 3679 336 3715 .σιν
383 3661 633 3732 φυσικῶς
679 3664 744 3731 τῇ
781 3661 978 3731 (227
1009 3660 1080 3730 a)
1111 3661 1385 3730 σαρκώσει
1413 3660 1508 3712 καὶ
1536 3663 1601 3731 τῇ
1637 3648 1830 3730 γεννή-

221 3770 358 3816 .σει,
395 3745 562 3806 κατα
581 3753 750 3822 μάνην
781 3753 1023 3804 ἐπίνοιαν
1069 3751 1316 3820 ἀλλήλων
1346 3751 1509 3816 δίελε,
1539 3753 1634 3806 καὶ
1662 3753 1830 3824 εὑρή-
1866 3768 1872 3775 ·

201 3887 210 3892 .
239 3861 364 3908 est;
394 3845 536 3897 κατὰ
579 3845 668 3896 τὸν
727 3844 900 3912 μέγαν
929 3843 1250 3896 διδάσκαλον
1277 3843 1374 3912 τὴν
1401 3843 1668 3914 τετάρτην
1702 3844 1830 3912 γέν-

238 3953 426 4004 νησιν,
473 3933 903 4004 συμπληροῦσαν
956 3933 1056 4002 τὴν
1104 3933 1168 3985 ἐκ
1219 3934 1508 4002 σωμάτων,
1552 3935 1646 3988 καὶ
1694 3936 1831 4008 μόνῃ

233 4022 587 4096 ἐπινοίατὴν
618 4025 712 4078 ἀπ’
751 4024 923 4093 αὐτῆς
949 4023 1245 4094 δεχομένην
1273 4023 1544 4094 διάκρισιν
1574 4025 1716 4078 κατὰ
1738 4025 1830 4080 τὸν

233 4117 586 4171 ἀποδοθέντα
613 4115 834 4186 τρόπον.
873 4113 1030 4184 Λέγω
1065 4114 1122 4166 δὲ
1157 4113 1353 4166 ταύτὸν
1379 4109 1520 4168 εἶναι
1550 4117 1648 4186 τὴν
1675 4117 1828 4185 γένε-

231 4225 336 4261 σιν
386 4205 892 4278 προε-πινοουμὲνην
936 4205 1184 4274 φυσικῶς
1214 4205 1316 4274 τῆς
1346 4205 1672 4259 ἐπεισάκτου
1703 4224 1831 4276 γεν-

234 4302 482 4370 νήσεως,
512 4294 578 4369 ἦς
615 4299 744 4351 ἴδιόν
775 4299 893 4350 ἐστι
931 4299 994 4350 τὸ
1041 4295 1348 4369 ἐμφύσημα
1397 4297 1460 4352 τὸ
1488 4298 1708 4366 πρῶτον
1734 4300 1852 4352 καὶ-

234 4393 501 4459 ζωτικόν.

1935 3206 2232 3269 vindicem,
2290 3204 2657 3274 impeceantia
2709 3205 2830 3274 ejus
2882 3213 3086 3259 statum
3140 3207 3518 3276 generationis

1935 3297 2157 3351 affectui
2223 3296 2526 3350 obnoxium
2586 3297 2956 3360 sanetilicans,
3019 3304 3076 3351 ut
3137 3297 3517 3352 conditionem

1885 3421 1888 3425 ι
1934 3389 2095 3457 plene
2143 3387 2346 3442 salvam
2397 3386 2622 3451 faceret,
2652 3387 2852 3442 divinae
2878 3403 2976 3442 sua
3025 3386 3384 3456 perfectionis
3427 3402 3518 3442 ra-

1935 3479 2085 3532 tione
2117 3484 2541 3532 conservantem
2591 3484 2869 3540 naturam,
2909 3492 2938 3530 a
2985 3477 3343 3548 generatione
3382 3493 3516 3532 vero

1934 3578 2188 3623 naturam
2223 3567 2353 3621 huic
2406 3575 2634 3637 propter
2688 3567 2952 3621 delictum
3003 3567 3303 3638 subjectam
3350 3568 3516 3639 plane

1931 3659 2219 3724 liberaret,
2245 3658 2478 3712 sationis
2506 3657 2691 3724 modo,
2737 3657 2864 3712 inde
2911 3658 3147 3714 fortasse
3191 3660 3422 3730 reliquis
3457 3661 3513 3716 in

1935 3755 2079 3803 terra
2107 3749 2437 3802 animalibus
2468 3748 2791 3812 adventitio,
2815 3763 2924 3803 non
2953 3749 3242 3803 domitam.
3278 3749 3434 3816 Quod
3465 3751 3512 3806 si

1933 3841 2314 3897 conditionem
2347 3850 2404 3896 et
2445 3840 2826 3910 ﬁgurationem
2858 3848 2914 3893 et
2951 3839 3375 3894 insuﬂlationem
3409 3855 3512 3896 na—

1933 3934 2190 3988 turaliter
2223 3948 2352 3988 eum
2413 3931 2795 4006 incarnatione
2857 3938 2911 3985 et
2967 3947 3092 3986 cum
3153 3931 3512 4000 generatione

1933 4026 2308 4097 conjunxeris,
2336 4024 2612 4094 distingue
2638 4023 2736 4078 has
2757 4023 2900 4076 inter
2921 4037 2979 4078 se
3009 4022 3124 4077 sola
3154 4023 3508 4094 cogitatione,
3591 4075 3594 4079 .

1933 4126 1991 4174 et
2018 4118 2293 4182 invenies,
2323 4116 2631 4172 secundum
2653 4130 2909 4186 magnum
2941 4114 3290 4185 magistrum,
3341 4130 3512 4185 quar-

1931 4219 2042 4264 tam
2075 4208 2510 4278 generationem,
2547 4207 2825 4276 complere
2852 4221 2970 4260 eam
3015 4221 3138 4275 qua:
3157 4219 3224 4258 ex
3266 4205 3518 4274 corpori-

1930 4299 2038 4354 bus
2058 4298 2139 4362 ﬁt,
2176 4298 2403 4366 solaque
2430 4297 2764 4366 cogitatione
2800 4295 3106 4365 capientem
3156 4293 3316 4348 istam
3354 4293 3422 4346 ab
3453 4307 3513 4346 se

1933 4395 2051 4463 ipsa
2087 4389 2501 4447 distinctionem
2525 4401 2593 4442 eo
2627 4401 2791 4456 quem
2821 4384 3074 4440 enarravi
3105 4385 3290 4438 modo.
3325 4383 3512 4438 Status

232 4493 436 4539 autem
485 4483 622 4538 nihil
654 4483 880 4558 differre
950 4482 1326 4538 conditionem
1398 4497 1522 4553 qua:
1565 4484 1898 4540 naturaliter
1933 4491 2058 4539 ante.
2127 4478 2606 4551 superaddititiam
2666 4477 2816 4532 illam
2860 4475 3296 4547 generationem,
3351 4474 3510 4546 cujus

233 4573 530 4646 peculiare
559 4579 644 4628 est
678 4573 974 4628 insuﬂlatio
1003 4574 1178 4642 prima
1215 4580 1380 4644 atque
1413 4573 1618 4640 vitalis,
1651 4574 1836 4630 animo
1877 4572 2206 4644 concipitur.

1855 4698 1924 4710 -

231 4761 475 4829 Θεωρία
500 4761 586 4826 είς
620 4759 706 4823 τὸ,
747 4779 766 4812 ι
809 4759 1398 4831 Τρισσὴν-γένφησιν
1421 4761 1566 4830 ἡμῖν
1609 4728 1772 4817 οἶδεν
1802 4765 1833 4815 ὁ

1939 4759 2328 4834 Contemplatio
2375 4761 2432 4814 in
2477 4756 2654 4812 illud:
2699 4773 2716 4806 ι
2745 4751 2957 4824 Triplex
3014 4754 3309 4808 nativitatis
3344 4767 3510 4820 genus

903 4853 1116 4919 Λόγος.
1165 4871 1184 4904 ι

318 4946 435 4998 Καὶ
463 4944 760 5016 συλλήϐδην
806 4943 1003 5006 εἰπεῖν,
1039 4945 1088 4996 εἰ
1119 4943 1327 5013 βούλοιο
1357 4942 1562 5012 γνῶναι
1590 4944 1696 4997 τῶν
1733 4943 1826 4997 τοῦ

225 5035 574 5090 διδασκάλου
636 5035 810 5102 λόγων
862 5035 964 5106 τὴν
1017 5034 1327 5104 ἀκρίϐειαν,
1355 5036 1510 5106 ζήτει
1537 5036 1620 5098 τίς
1647 5035 1676 5088 ὁ
1704 5037 1829 5088 κατ’

229 5127 432 5182 αἰτίαν
461 5126 871 5196 προηγούμενος
899 5127 998 5196 τῆς
1041 5125 1331 5197 ἀνθρώπου
1361 5125 1627 5194 γενέσεως
1671 5126 1828 5194 λόγος

225 5223 422 5284 ἐστὶν,
474 5221 504 5273 ὁ
560 5221 656 5287 τῆς
712 5219 850 5282 ἰδίας
892 5219 1040 5282 ἐντὸς
1098 5220 1273 5289 μένων
1336 5220 1424 5272 ἀεὶ
1471 5220 1831 5290 μονιμότητος

228 5309 682 5377 ἁνεκφοιτήτως,
718 5307 812 5361 καί¹
843 5309 926 5370 τίς
954 5310 983 5358 ὁ
1010 5307 1150 5362 κατὰ
1174 5307 1274 5376 τὴν
1303 5308 1652 5378 παιδευτικὴν
1676 5311 1829 5361 οἱκο-

231 5401 448 5470 νομίαν
479 5400 576 5468 τῆς
601 5399 908 5470 γεννήσεως
955 5399 1120 5452 αὐτοῦ
1146 5399 1234 5453 διά
1265 5399 1363 5470 τὴν
1401 5399 1682 5470 ἁμαρτίαν
1705 5399 1832 5466 1:96-

231 5509 377 5556 πος,
412 5493 441 5544 ὀ
469 5491 622 5554 τέλος
655 5490 795 5560 ἔχων
833 5491 930 5561 τὴν
983 5491 1076 5544 τοῦ
1123 5485 1648 5561 παιδαγωγουμένου
1684 5491 1832 5562 διόρ-

231 5585 422 5639 θωσιν
454 5586 548 5638 καὶ
580 5583 716 5654 πρὸς
747 5583 836 5636 τὸν
886 5583 1045 5652 λόγον
1082 5585 1180 5652 τῆς
1221 5581 1387 5636 αὑτοῦ
1421 5581 1688 5650 γενέσεως
1724 5583 1832 5651 τὴν

227 5677 468 5732 τελείαν
511 5675 791 5736 ἐπάνοδον,
841 5675 936 5728 καὶ
995 5674 1216 5745 μαθήσῃ
1267 5672 1460 5742 σαφῶς
1494 5672 1610 5736 πῶς
1643 5673 1670 5725 ὁ
1703 5672 1836 5735 Θεὺς

227 5767 550 5842 γενόμενος
605 5753 892 5838 ἄνθρωπος
946 5767 1070 5821 κατ’
1125 5765 1292 5836 ἄμφω
1338 5764 1560 5828 τελείως
1627 5761 1833 5830 γέγονε,

2323 4852 2468 4906 nobis
2501 4845 2737 4918 agnoscit
2783 4843 3114 4916 Scriptura.»

2003 4949 2182 5016 thue
2211 4943 2402 5015 paucis
2429 4941 2731 5004 absolvam,
2763 4938 2809 4994 si
2849 4936 3099 5007 magistri
3123 4944 3432 4992 accuratam
3457 4935 3510 4990 in

1935 5037 2271 5108 disputando
2302 5033 2641 5105 diligentiam
2669 5043 3005 5102 cognoscere
3035 5028 3142 5092 vis,
3161 5043 3343 5097 quaere
3367 5042 3512 5097 qua:-

1936 5147 2062 5186 nam
2087 5131 2158 5185 sit
2187 5131 2278 5185 illa
2303 5127 2548 5182 hominis
2573 5123 2983 5196 generationem
3035 5121 3329 5176 causaliter
3376 5137 3516 5192 prae-
3602 5144 3610 5152 -

1937 5223 2140 5280 cedens
2161 5221 2321 5286 ratio,
2355 5235 2476 5290 quae
2501 5220 2556 5274 in
2581 5235 2680 5274 sua
2701 5215 3000 5272 stabilitate
3023 5223 3342 5282 perseverat
3371 5229 3516 5266 nun-

1937 5327 2101 5382 quam
2135 5326 2442 5382 egressura,
2485 5317 2542 5363 et
2596 5307 2722 5378 quis
2757 5306 2829 5362 sit
2858 5301 3232 5375 generationis
3279 5303 3402 5374 ejus
3447 5317 3516 5358 ex

1938 5401 2146 5456 delicto
2183 5397 2494 5454 secundum
2527 5393 2928 5450 institutorium
2957 5392 3044 5446 vel
3094 5388 3514 5460 castigatorium

1939 5493 2035 5546 Dei
2065 5490 2358 5546 consilium
2385 5489 2604 5550 modus,
2636 5487 2793 5556 cujus
2838 5483 2964 5538 finis
3017 5491 3102 5538 est
3149 5481 3268 5552 ejus
3297 5481 3390 5550 qui
3423 5481 3514 5537 in-

1933 5583 2182 5636 stituitur
2231 5578 2543 5634 emendatio
2603 5577 2788 5646 adque
2845 5573 3115 5629 rationem
3175 5569 3509 5628 conditionis

1935 5689 2048 5728 sua:
2087 5672 2366 5743 perfectus
2408 5670 2643 5735 reditus,
2677 5675 2735 5723 et
2781 5665 3094 5722 luculenter
3138 5664 3320 5720 disces
3374 5674 3512 5732 quo-

1936 5764 2099 5820 modo
2122 5765 2267 5821 Deus
2305 5764 2614 5819 cumhomo
2651 5761 2808 5818 ﬁeret
2846 5775 2912 5816 ex
2964 5768 3202 5829 utroque
3235 5756 3514 5830 perfectus
