4012 6370
581 379 717 449 1319

1705 380 1767 438 S.
1807 379 2094 439 ΜΑΧΙΜΙ
2135 377 2646 445 CONFESSORIS

3690 394 3798 460 1320

578 494 755 552 factus
781 492 872 559 sit,
905 490 975 547 ad
1001 507 1129 547 eum
1152 506 1318 562 quem
1354 491 1597 547 habebat
1631 506 1828 546 revera
1882 490 2157 546 conditio—

2285 496 2396 564 πρὸς
2428 496 2488 550 ὃν
2518 492 2663 567 εἶχεν
2695 496 2911 565 ἀληθῶς
2962 497 3061 566 τῆς
3099 500 3367 566 γενέσεως
3410 500 3564 570 λόγον
3593 503 3673 557 τὴν
3703 510 3800 563 κατ’

582 585 674 640 nis
699 583 968 639 rationem
990 582 1165 637 divini
1182 582 1400 637 consilii
1431 581 1657 637 modum
1684 581 1969 652 sapienter
1991 582 2161 637 redu-

582 690 716 732 cens
737 681 795 731 et
828 675 1081 746 tumjure
1114 673 1480 729 admiraberis
1506 673 1575 729 de
1605 673 1854 745 magistri
1880 673 2160 738 acumine,

584 764 734 836 quod
764 780 828 821 ea
869 779 993 835 quae
1036 763 1368 843 naturaliter
1402 746 1683 818 cohaerent
1708 762 2047 833 cogitatione
2072 777 2164 818 se—

583 874 816 932 gregans
843 867 1016 913 totam
1033 856 1283 929 mysterii
1316 857 1362 913 si
1394 856 1540 926 quod
1572 854 1725 910 aliud
1769 854 1945 908 divini
1973 854 2030 907 in
2060 867 2166 907 no-

581 948 674 1005 bis
696 952 882 1004 oculte
915 946 1286 1003 manifestavit
1309 944 1604 999 rationem.
1629 942 1987 1013 Corporalem
2015 941 2166 995 enim

576 1040 1007 1113 generationem
1025 1038 1181 1093 vitali
1215 1036 1586 1092 insuﬂlatione
1609 1045 1668 1091 et
1696 1033 2080 1090 incarnatione
2109 1031 2168 1086 in

584 1139 773 1188 mente
812 1130 1154 1201 distinguens
1179 1127 1515 1201 generatorii
1547 1126 1699 1182 modi
1749 1127 1784 1181 a'
1828 1122 2171 1181 conditionis

588 1224 805 1280 ratione
828 1223 1198 1279 diﬂ'erentiam
1229 1223 1465 1278 obscure
1495 1218 1844 1292 signiﬁcavit.
1877 1216 2027 1299 Quas
2072 1229 2173 1270 no-

588 1325 703 1373 stra
732 1331 898 1371 causa
924 1315 1071 1370 Deus
1098 1306 1317 1370 natura!
1344 1304 1663 1377 renot’ator;
1709 1310 1896 1375 verius
1934 1308 2172 1371 dixerim

588 1396 1346 1478 novatOr,assumpsit,adque
1366 1406 1664 1476 pristinum
1680 1405 1951 1458 honorem
1972 1402 2163 1456 incor-

542 1534 557 1543 κ
591 1500 977 1571 ruplibilitatis
1001 1501 1149 1555 illam
1183 1499 1415 1555 adduxit
1438 1514 1537 1569 per
1578 1505 1822 1551 sanetam
1858 1510 2015 1549 suam
2051 1507 2174 1562 qua:

590 1592 661 1648 de
703 1593 866 1648 nobis
923 1601 1142 1662 sumpta
1204 1600 1261 1647 et
1302 1588 1710 1645 rationabiliter
1757 1586 2000 1642 animata
2052 1593 2175 1640 erat

591 1699 837 1749 carnem,
881 1692 1113 1753 eamque
1160 1682 1469 1741 liberaliter
1504 1681 1759 1750 insuper
1821 1677 2174 1732 deiﬁcatione

592 1776 831 1842 ornavit,
858 1775 939 1841 de,
983 1782 1092 1844 qua
1122 1772 1189 1828 ad
1221 1774 1423 1851 anima;
1454 1774 1630 1829 instar
1654 1773 1707 1826 in
1753 1785 1984 1841 corpore
2012 1768 2175 1822 inha-

2267 587 2580 658 οἰκονομίαν
2632 588 2810 657 σοφῶς
2863 589 3155 657 ἐπανάγων
3203 592 3428 659 τρόπον,
3462 594 3556 648 καὶ
3584 595 3694 648 τότε
3737 598 3803 652 δι-

2269 678 2442 742 καίως
2471 679 2775 748 θαυμάσεις
2803 683 2903 751 τῆς
2943 682 3214 745 συνέσεως
3245 683 3337 736 τὸν
3354 684 3686 752 διδάσκαλον,
3710 690 3805 755 πῶς

2270 768 2340 823 τὰ
2370 770 2512 824 κατὰ
2541 769 2639 840 τὴν
2673 770 2837 839 φύσιν
2883 773 3210 842 συνημμένα
3245 776 3366 827 κατ’
3399 776 3632 830 ἐπίνοιαν
3652 778 3806 834 διελὼν

2270 860 2363 916 τὸν
2395 861 2518 914 ὅλον
2543 861 2638 916 τοῦ
2672 864 2759 932 ἐφ’
2788 864 2919 934 ἡμῖν
2949 863 3231 919 θειοτάτου
3271 867 3573 939 μυστηρίου
3601 871 3809 940 κρυφίως

2272 952 2602 1023 διετρὰνωσε
2641 954 2821 1023 λόγον.
2856 955 2971 1026 Τὴν
3022 957 3133 1028 γὰρ
3164 959 3231 1011 ἐκ
3278 959 3550 1028 σωμάτων
3598 961 3808 1032 γέννησιν

2272 1043 2351 1114 τῷ
2383 1044 2601 1116 ζωτικῷ
2631 1046 2991 1116 ἐμφυσήματι
3024 1048 3121 1101 καὶ
3169 1049 3239 1119 τῇ
3272 1047 3550 1118 σαρκώσει
3578 1050 3691 1102 κατ’
3716 1052 3810 1105 ἐπί-

2274 1151 2427 1188 νοιαν
2456 1136 2786 1208 ἑπιμερίσας
2819 1138 2919 1206 τὴν
2964 1137 3101 1209 πρὸς
3119 1138 3213 1192 τὸν
3235 1137 3379 1191 κατὰ
3400 1138 3498 1210 τὴν
3523 1139 3723 1206 γένεσιν
3741 1143 3810 1195 λό-

2276 1244 2372 1297 γον
2404 1228 2496 1283 τοῦ
2535 1229 2679 1285 κατὰ
2723 1231 2824 1301 τὴν
2856 1230 3113 1302 γέννησιν
3169 1231 3377 1301 τρόπου
3420 1231 3678 1300 διαφορὰν
3705 1251 3809 1304 περ·

2276 1322 2521 1394 ῃνίξατο.
2548 1315 2648 1377 Ὧν
2690 1322 3084 1393 ἐπιλαϐόμενος
3137 1322 3205 1377 δι’
3255 1324 3407 1393 ἡμᾶς
3462 1326 3491 1377 ὁ
3539 1324 3635 1395 τὴν
3687 1325 3814 1392 φύσιν

2277 1413 2632 1476 ἀνακαινίσας
2660 1412 2815 1477 Θεὸς.
2850 1412 3054 1483 μᾶλλον
3082 1412 3142 1466 δὲ
3171 1413 3429 1476 καινίσας
3462 1413 3634 1465 εἰπεῖν
3659 1414 3816 1484 ἀληθέ-

2281 1512 2495 1572 στερον,
2525 1502 2619 1555 καὶ
2652 1502 2789 1572 πρὸς
2820 1500 2884 1554 τὸ
2911 1503 3139 1571 ἀρχαῖον
3178 1501 3379 1565 κάλλος
3414 1500 3581 1570 αὐτὴν
3621 1501 3709 1571 τῆς
3735 1503 3817 1571 ἀφ.

2280 1592 2510 1662 θαρσίας
2533 1589 2831 1659 ἐπαγαγὼν
2849 1591 2939 1645 διὰ
2965 1591 3065 1661 τῆς
3092 1590 3290 1660 (227
3323 1590 3392 1661 ὅ)
3423 1590 3487 1655 ἐξ
3511 1588 3664 1660 ἡμῶν
3688 1590 3817 1657 ἁγίας

2280 1680 2446 1736 αὑτοῦ
2495 1681 2588 1735 καὶ
2616 1680 2851 1749 λογικῶς
2887 1679 3249 1750 ὲψυχωμένης
3298 1677 3527 1748 σαρκὸς,
3561 1678 3651 1731 καὶ
3690 1678 3820 1731 πλέον

2282 1772 2695 1843 παρασχόμενος
2727 1772 2864 1841 αὐτῇ
2893 1768 3205 1840 φιλοδὼρως
3250 1770 3352 1839 τὴν
3407 1767 3619 1831 θέωσιν,
3646 1762 3708 1836 ἧς
3743 1781 3819 1836 με·

591 1865 805 1921 bitante
833 1866 939 1937 ipsi
971 1866 1064 1935 qui
1097 1849 1417 1920 incarnatus
1441 1872 1529 1919 est
1577 1864 1690 1918 Deo
1735 1861 1993 1917 excidere
2027 1856 2176 1913 haud

2285 1866 2535 1918 ταπεσεῖν
2577 1861 2856 1926 παντελῶς
2897 1862 3196 1932 ,ἀμήχανον
3235 1857 3388 1929 αὐτῷ
3417 1856 3499 1928 τῷ
3529 1856 3819 1928 σαρωθέντι

592 1956 810 2023 liceret,
835 1972 958 2027 quae
977 1966 1154 2011 totum
1180 1954 1472 2016 inconfuse
1513 1953 1820 2010 secundum
1866 1951 2175 2005 unitionem

593 2049 935 2114 circumiret,
973 2064 1182 2119 proque
1206 2042 1385 2118 ipsius
1412 2063 1511 2118 per
1551 2062 1674 2102 eam
1736 2042 2179 2099 manifestatione

588 2138 654 2196 in
686 2148 899 2195 tantum
932 2139 1199 2195 occultari
1227 2139 1501 2208 reciperet
1540 2138 1596 2192 in
1622 2144 1893 2213 quantum
1932 2134 2049 2204 ipse
2082 2147 2180 2202 per

596 2243 720 2285 eam
746 2229 1131 2286 manifestatus
1163 2238 1219 2285 et
1246 2228 1679 2284 occultationem
1735 2240 1893 2280 suam
1927 2235 2180 2294 egressus

520 2328 539 2341 ‘
596 2336 720 2378 esse
744 2330 971 2393 putatus
1004 2331 1124 2378 est:
1158 2330 1216 2376 et
1266 2321 1400 2392 quid
1425 2316 1994 2391 quodadmirabilius?
2033 2304 2181 2384 quad

596 2415 930 2469 naturaliter
957 2415 1104 2469 Deus
1129 2414 1425 2479 exsistens,
1445 2423 1502 2467 et
1544 2412 1711 2466 homo
1733 2420 1923 2466 tamen
1954 2417 2183 2462 natura-

595 2505 729 2562 liter
754 2506 875 2562 ﬁeri
906 2506 1183 2578 dignatus,
1209 2505 1464 2561 neutrius
1483 2512 1699 2559 naturae
1747 2501 2031 2558 naturales
2069 2514 2184 2554 om-

597 2600 734 2654 nino
790 2596 929 2653 iines
958 2614 1057 2669 per
1102 2598 1335 2653 alteram
1386 2596 1664 2667 migravit,
1708 2594 1803 2649 sed
1856 2601 2006 2669 totus
2034 2592 2184 2647 Deus

595 2675 872 2744 exsistens
901 2666 1049 2743 totus
1077 2687 1244 2743 homo
1265 2687 1447 2742 factus
1467 2666 1888 2757 perseveravit?
1926 2666 1994 2737 eo
2033 2679 2183 2752 quod

598 2780 748 2837 Deus
795 2788 881 2835 est
932 2780 1230 2850 quominds
1274 2778 1442 2833 homo
1486 2778 1646 2834 ﬁeret
1689 2792 1799 2831 non
1844 2772 2180 2846 prohibitus,

598 2884 781 2941 neque
807 2868 1056 2940 profecto
1075 2883 1143 2924 eo
1165 2862 1314 2940 quod
1336 2869 1504 2923 homo
1530 2866 1710 2923 factus
1736 2873 1821 2921 est
1852 2865 2058 2919 deitate
2086 2863 2185 2919 de-

599 2963 873 3028 minutus,
900 2977 1046 3017 unus
1075 2970 1131 3017 et
1157 2961 1307 3016 idem
1346 2968 1498 3016 totus
1535 2975 1636 3029 per
1689 2966 1988 3028 utrumque
2036 2970 2185 3011 sem-

599 3070 704 3126 per
725 3054 1055 3120 consistens,
1097 3061 1156 3109 et
1173 3060 1359 3108 tamen
1383 3065 1577 3107 revera
1609 3057 1906 3119 utrumque
1929 3057 1985 3104 et
2016 3047 2185 3102 homo

2280 1957 2398 2026 Θεῷ
2428 1957 2607 2027 ψυχῆς
2638 1955 2840 2027 τρόπον
2890 1953 3118 2023 ἐνούσης
3168 1950 3410 2022 σώματι,
3444 1949 3514 2002 δι’
3537 1949 3654 2002 ὅλου
3699 1965 3819 2018 περιο

2280 2045 2612 2117 χωρήσασαν
2668 2045 2993 2115 ἀσυγχύτους
3040 2045 3184 2097 κατᾶ
3211 2042 3312 2114 τὴν
3351 2042 3573 2108 ἕνωσιν,
3618 2042 3705 2117 καὶ
3746 2041 3818 2111 τῆς

2281 2137 2448 2191 αὑτοῦ
2474 2137 2595 2190 κατ’
2620 2137 2789 2208 αὐτὴν
2818 2135 3138 2206 ὲκφάνσεως
3167 2132 3429 2188 τοσοῦτον
3474 2130 3817 2186 ἀντιλαϐοὖσαν

2282 2228 2343 2281 τὸ
2368 2228 2710 2300 κρύπτεσθαι
2756 2230 2882 2282 ὅσον
2913 2228 3078 2289 αὐτὸς
3107 2228 3174 2281 δι’
3197 2225 3371 2296 αὐτὴν
3399 2225 3596 2293 γέγονε
3634 2222 3817 2293 φανερὸς

2284 2318 2377 2372 καὶ
2425 2319 2524 2389 τῆς
2568 2318 2776 2382 οἰκείας
2826 2318 3063 2387 φυσικῆς
3124 2315 3495 2386 κρυφιότητος
3553 2310 3815 2379 ὲκόεὸηκὼς

2285 2410 2575 2481 ἐνομίσθη·
2617 2411 2712 2465 καὶ⁵
2746 2410 2810 2463 ’τί
2863 2409 3053 2463 τούτου
3098 2404 3564 2479 παραδοξότερον,
3596 2405 3674 2457 ὅτι
3703 2401 3806 2472 φύσει

2285 2501 2419 2566 θεὸς
2448 2500 2732 2572 ὑπάρχων,
2760 2501 2856 2556 καὶ
2899 2499 3187 2571 ἄνθρωπος
3218 2498 3384 2570 φύσει
3429 2497 3677 2568 γενέσθαι
3724 2512 3816 2549 κατ-

2284 2594 2544 2661 αξιώσας,
2570 2592 2858 2664 οὐδετέρας
2903 2593 3118 2662 φύσεως
3145 2593 3269 2655 τοὺς
3301 2591 3574 2661 φυσικοὺς
3599 2591 3738 2660 ὅρους
3758 2588 3820 2641 διὰ

2266 2689 2385 2757 ,τῆς
2415 2685 2616 2755 ἐτέρας
2649 2682 2927 2746 παντελῶς
2952 2682 3326 2753 παρήμειψεν,
3352 2681 3473 2736 ἀλλ’
3497 2680 3615 2743 ὅλος
3638 2679 3749 2742 Θεδς
3768 2677 3822 2731 ὢν

2286 2777 2406 2841 ὅλος
2445 2775 2736 2844 γενόμενος
2770 2772 3061 2842 ,διέμεινεν
3107 2771 3435 2843 ἄνθρωπος;
3480 2770 3543 2824 οὐ
3598 2769 3670 2841 τῷ
3718 2765 3821 2822 εἶναι

2285 2866 2419 2931 Θεδς
2449 2852 2735 2937 ἅνθρωπος
2787 2863 3044 2934 γενέσθαι
3099 2862 3475 2933 κωλυόμενος,
3509 2861 3629 2916 οὒτε
3658 2861 3747 2931 μὴν
3768 2859 3822 2927 τῷ

2285 2959 2537 3031 γενέσθαι
2564 2959 2852 3035 ἄνθρωπος
2879 2956 2975 3011 τοῦ
3008 2952 3151 3010 εἶναι
3183 2956 3315 3020 Θεὸς
3345 2955 3743 3026 ἐλαττούμενος,
3765 2946 3823 3013 εἷς

2288 3054 2379 3132 καὶ
2406 3055 2435 3108 ὁ
2465 3054 2627 3116 αὐτὸς
2660 3052 2781 3115 ὅλος
2830 3050 2899 3103 δι’
2953 3051 3158 3120 ἀμφοῖν
3210 3048 3665 3120 συντηρούμενος,
3694 3044 3824 3115 ἄμφω

599 3157 664 3205 et
686 3148 851 3211 Deus,
878 3145 1206 3201 naturaliter
1228 3144 1524 3226 exsistens,
1544 3127 1728 3212 neque
1751 3138 2036 3196 essentiali
2060 3155 2184 3209 par-

2291 3127 2537 3217 ιρυσικῶς
2576 3145 2720 3201 κατὰ
2761 3141 3022 3212 ἀλήθειαν
3066 3141 3354 3211 ὑπάρχων,
3388 3142 3531 3212 μήτε
3561 3138 3636 3210 τῷ
3670 3138 3825 3208 ἀκραι-

603 3238 747 3297 tium
797 3238 1070 3293 naturalis
1112 3221 1451 3291 differentiae.
1479 3234 1797 3304 integritate
1829 3231 2062 3295 divisus,
2088 3246 2187 3285 ne-

603 3326 716 3402 que
741 3320 1473 3407 singularitatesubstantiae
1498 3325 1784 3390 confusus,
1803 3339 1913 3378 non
1944 3331 2188 3377 mutatus

609 3422 668 3478 in
719 3405 1052 3477 inferiorem
1074 3405 1334 3475 naturam
1379 3426 1476 3473 aut
1525 3417 1580 3471 in
1613 3416 1670 3470 id
1707 3415 1855 3485 quod
1903 3429 2014 3468 non
2040 3421 2188 3467 esset

606 3513 888 3584 delapsus.
931 3512 1128 3569 Carnis
1172 3512 1358 3582 specie
1407 3518 1464 3564 et
1514 3508 1692 3564 forma
1738 3507 2013 3572 divinum,
2042 3502 2188 3559 haud

606 3621 724 3679 prae
748 3620 806 3660 se
837 3604 1025 3660 ferens
1047 3604 1364 3669 consilium,
1392 3612 1447 3657 et
1469 3618 1592 3673 quae
1623 3600 1731 3655 alia
1758 3599 1827 3655 ad
1877 3598 2188 3670 subjectum

606 3688 904 3765 recipiens,
935 3693 1344 3773 consummavit
1402 3691 1564 3757 illud,
1598 3690 1696 3746 sed
1741 3691 1917 3760 ipsam
1964 3687 2189 3758 proprie
2234 3732 2237 3735 .

600 3795 666 3842 ct
702 3801 895 3841 revera
941 3772 1276 3856 assumptam
1307 3785 1607 3858 humanam
1643 3798 1832 3839 secum
1858 3781 1979 3852 ipso
2030 3789 2192 3858 natu-

606 3892 728 3933 ram
764 3854 1206 3932 substantialit—er
1258 3854 1592 3931 coadunavit
1627 3872 1902 3941 stabiliter
1947 3879 2005 3926 ct
2053 3854 2189 3925 con-

606 3978 823 4026 stanter
843 3980 900 4026 et
935 3972 1149 4041 integre
1173 3978 1230 4024 et
1277 3966 1746 4038 inseparabiliter,
1789 3974 1959 4035 atque
1998 3977 2190 4017 essen-

606 4058 729 4114 tiali
754 4061 874 4131 ejus
901 4061 1117 4114 ratione
1147 4074 1211 4113 ac
1259 4058 1366 4113 (ine
1407 4073 1478 4112 ne
1509 4057 1853 4113 dilaberetur
1891 4052 2187 4109 continuit.

612 4148 731 4216 Qua
761 4148 927 4204 ctiam
958 4151 1307 4222 corporalem,
1325 4148 1635 4225 secundum
1682 4157 1933 4202 sanctum
1961 4145 2111 4199 hunc
2136 4151 2193 4198 et

611 4250 867 4312 magnum
906 4239 1251 4310 magistrum,
1280 4247 1528 4294 nostram
1560 4237 1976 4313 generationem
2009 4235 2190 4289 hono-

611 4334 778 4399 ravit,
801 4346 858 4389 et
886 4333 1054 4388 homo
1078 4348 1212 4388 vere
1265 4331 1441 4386 factus
1466 4337 1524 4385 et
1543 4329 1853 4384 humanum
1881 4325 1938 4380 in
1964 4322 2190 4378 modum

604 4434 927 4499 generatus,
957 4435 1019 4481 ut
1048 4440 1148 4480 nos
1167 4423 1233 4479 de
1261 4422 1642 4494 generationis
1666 4420 1904 4477 vinculis
1927 4419 2190 4483 solveret,

2290 3241 2412 3309 φνεῖ
2442 3238 2542 3309 τῆς
2570 3235 2694 3291 κατ’
2723 3235 2914 3291 οὐσίαν
2957 3233 3069 3287 τῶν
3114 3232 3299 3305 μερῶν
3337 3232 3579 3302 φυσικῆς
3611 3228 3826 3297 διαφορᾶς

2285 3331 2685 3404 διαιρούμενος,
2724 3329 2862 3400 μήτε
2918 3327 3033 3398 ’μὴν
3071 3325 3149 3397 τῷ
3190 3324 3390 3396 ἄκρως
3453 3319 3711 3395 μοναδικῷ
3754 3319 3827 3387 τῆς

2289 3423 2642 3487 ὑποστάσεως
2687 3419 3077 3491 συγχεόμενος,
3108 3418 3170 3471 οὐ
3196 3417 3436 3489 τραπεὶς
3467 3418 3549 3480 είς
3580 3415 3671 3485 τὴν
3710 3411 3825 3466 κάτω

2291 3516 2450 3588 φύσιν
2470 3515 2517 3547 ⁸⁸
2545 3514 2642 3568 καὶ
2676 3515 2757 3576 είς
2784 3513 2923 3583 ὅπερ
2954 3510 3055 3564 ούκ
3080 3506 3148 3583 ἧν
3182 3509 3538 3580 μεταπεσών.
3571 3507 3643 3561 Οὐ
3664 3502 3826 3575 φαντά-

2279 3625 2391 3672 .σας
2422 3597 2624 3677 σαρκὸς
2657 3604 2788 3658 εῖδει
2831 3603 2927 3657 καὶ
2977 3602 3220 3673 σχήματι
3272 3601 3377 3671 τὴν
3416 3599 3731 3669 οἰκονομίαν,
3756 3592 3825 3648 καὶ

2290 3701 2399 3754 ὅσα
2418 3698 2583 3770 ἕτερα
2616 3696 2737 3751 καθ’
2769 3694 3134 3765 ὑποκειμένου
3163 3694 3383 3763 λέγεται
3412 3688 3560 3747 εἷναί
3586 3689 3738 3762 χωρὶς
3759 3682 3826 3741 τοῦ

2292 3791 2652 3858 ὑποκειμένου
2680 3788 2885 3855 λαϐὼν,
2924 3788 3132 3858 ταύτην
3175 3785 3525 3857 ἐπλήρωσεν,
3557 3783 3662 3838 ἀλλ’
3695 3778 3825 3848 αὐτὴν

2290 3883 2498 3952 κυρίως
2561 3881 2851 3953 πράγματι
2920 3879 3019 3935 καὶ
3074 3875 3310 3948 ἀληθείᾳ
3366 3875 3471 3947 τὴν
3530 3868 3823 3945 ἀνθρωπίνην

2286 3971 2619 4045 προσλαϐὼν
2673 3971 2838 4041 φύσιν
2888 3971 3102 4040 ἥνωσεν
3156 3968 3341 4040 ἐαυτῷ
3388 3966 3520 4021 καθ’
3573 3964 3823 4018 ὑπόστασιν

2290 4065 2581 4135 ἀτρέπτως
2619 4062 2714 4117 καὶ
2742 4061 3119 4122 ἁναλλοιώτως
3143 4061 3238 4114 καὶ⁸
3261 4058 3554 4128 ἀμειῶτως
3583 4056 3669 4110 καὶ
3693 4052 3824 4106 ἀδιαι-

2294 4156 2488 4226 ρέτως,
2515 4152 2592 4224 τῷ
2623 4155 2741 4206 κατ’
2775 4152 2964 4205 οὐσίαν
2999 4150 3171 4220 αὐτῆς
3197 4148 3343 4225 λόγῳ
3367 4149 3463 4202 καὶ
3490 4149 3600 4218 ὅρῳ
3631 4142 3821 4210 συνέχων

2292 4246 2661 4301 ἀνέκπτωτον.
2706 4243 2843 4297 Καθ’
2865 4242 2932 4313 ἢν
2980 4242 3076 4296 καὶ
3109 4243 3208 4310 τὴν
3233 4242 3297 4294 ὲκ
3324 4239 3594 4311 σωμάτων
3619 4233 3739 4289 κατὰ
3754 4229 3823 4283 τὸν

2294 4339 2449 4406 ἆγιον
2494 4335 2683 4389 τοῦτον
2715 4335 2809 4388 καὶ
2845 4333 3016 4404 μέγαν
3053 4333 3071 4403 (
3089 4331 3257 4401 228
3286 4348 3318 4385 α
3334 4346 3353 4402 )
3383 4328 3690 4385 διδάσκαλον
3716 4326 3821 4393 ἠμε-

2291 4430 2459 4500 τέραν
2503 4427 2731 4497 ἐτίμησε
2779 4424 3056 4494 γέννησιν,
3107 4424 3205 4479 καὶ
3242 4423 3546 4494 γενόμενος
3586 4419 3821 4490 ἄνθρωπος

604 4530 677 4570 ac
703 4515 770 4571 de
792 4516 911 4587 lege
942 4530 1051 4587 qua
1076 4531 1178 4571 nos
1200 4512 1268 4570 ad
1299 4514 1412 4571 feni
1437 4515 1612 4570 instar
1660 4514 1732 4569 ob
1755 4520 2044 4584 peccatum
2076 4507 2184 4565 seri

2295 4523 2512 4594 ἀληθῶς
2557 4522 2652 4576 καὶ
2703 4520 3062 4592 ἀνθρωπίνως
3095 4518 3453 4589 γεννώμενος.
3480 4518 3567 4571 ἵνα
3594 4514 3726 4587 ἡμᾶς
3744 4506 3821 4564 τῶν

603 4613 670 4663 et
697 4609 850 4663 nasci
869 4607 1280 4673 consuevimus,
1308 4621 1529 4677 quaque
1552 4606 1608 4660 in
1642 4619 1834 4676 parem
1864 4609 2189 4675 cegnatam-

604 4716 723 4772 que
746 4715 870 4755 cum
899 4700 1101 4770 plantis
1127 4707 1294 4768 atque
1323 4698 1505 4753 brutis
1550 4696 1883 4782 animalibus
1912 4697 2189 4752 exsisten-
2225 4768 2238 4781 _

609 4791 1153 4860 tiam‘procreamur.
1177 4788 1250 4844 Ut
1270 4789 1473 4845 alicubi
1504 4803 1736 4858 magnus
1758 4801 2192 4860 magnorumque

609 4889 893 4953 spectator
944 4879 1203 4935 Ezechiel
1237 4879 1422 4934 divina
1479 4880 1737 4954 mysteria
1766 4878 2018 4937 initiatus
2056 4895 2194 4934 cau-

609 4984 843 5040 samque
872 4962 1160 5040 praesentis
1182 4968 1326 5024 circa
1369 4968 1649 5026 hominem
1677 4964 1774 5023 Dei
1809 4967 2027 5023 consilii
2057 4966 2195 5023 edo-

614 5071 760 5127 ctus,
787 5059 960 5115 veluti
985 5058 1054 5114 ad
1110 5050 1456 5114 Hierusalem
1507 5050 1673 5114 verba
1702 5057 1913 5114 faciens
1939 5076 1954 5112 :
1984 5057 2192 5124 Hatcce,

605 5149 693 5202 ait
712 5189 727 5213 ,
767 5148 1023 5205 Dominus
1056 5144 1182 5204 dicit
1211 5136 1584 5205 Hierusalem:
1639 5146 1815 5203 Radix
1840 5157 1939 5202 tua
1958 5157 2006 5202 et
2033 5164 2193 5219 gene-

498 5242 512 5253 ‘
607 5241 754 5295 ratio
798 5248 891 5295 tua
936 5241 1001 5295 de
1049 5251 1197 5297 terra
1244 5230 1577 5305 Chananwa,
1628 5247 1784 5313 pater
1832 5247 1953 5295 tum
1996 5239 2193 5294 Amor-

610 5331 789 5385 :quus
823 5337 872 5384 et
897 5340 1069 5386 mater
1086 5334 1182 5387 tua
1212 5331 1489 5388 Hetthaza:
1522 5324 1579 5383 in
1619 5330 1704 5382 die
1737 5329 1801 5382 de
1825 5345 1932 5399 qua
1958 5338 2088 5383 nata
2118 5345 2192 5396 es,

614 5437 722 5474 non
779 5419 972 5491 ligatus
1018 5433 1093 5477 est
1127 5422 1401 5478 umbilicus
1445 5432 1585 5489 tuus,
1632 5432 1681 5475 et
1710 5424 1766 5476 in
1810 5439 1953 5493 aqua
1980 5440 2085 5477 non
2141 5440 2194 5479 es

611 5504 750 5577 lata,
777 5528 867 5566 nec
894 5502 1007 5567 sale
1032 5513 1214 5581 δαίετο,
1254 5532 1346 5569 nec
1382 5513 1619 5568 involuta
1652 5516 1844 5585 pannis
1870 5531 1889 5569 :
1929 5523 1976 5568 et
2011 5519 2193 5588 proje-

2296 4611 2511 4683 δεσμῶν
2541 4615 2644 4681 τῆς
2693 4611 3000 4681 γεννήσεως
3032 4610 3401 4681 ἐλευθερώσῃ,
3439 4609 3534 4663 καὶ
3560 4606 3652 4662 τοῦ
3683 4616 3819 4672 παρει-

2299 4704 2544 4776 πλησίως
2575 4704 2771 4774 χόρτου
2807 4702 3201 4772 σπειρομένους
3232 4702 3297 4754 ὲκ
3327 4700 3623 4769 καταδίκης
3651 4695 3728 4750 διὰ
3753 4691 3814 4759 τὴν

2297 4797 2575 4868 ἁμαρτίαν
2613 4795 2846 4863 φύεσθαι
2897 4793 3086 4862 νόμου,
3129 4793 3223 4846 καὶ
3265 4791 3360 4845 τοῦ
3410 4791 3509 4863 τὴν
3535 4788 3694 4859 αὐτὴν
3718 4783 3819 4851 ἔχειν

2298 4889 2486 4960 φυτοῖς
2516 4904 2574 4941 τε
2605 4887 2699 4940 καὶ
2724 4885 2943 4954 ἀλόγοις
2977 4882 3137 4949 ζώοις
3171 4884 3271 4952 τῆς
3304 4882 3439 4955 πρὸς
3471 4882 3531 4935 τὸ
3552 4878 3682 4934 εἶναι
3707 4870 3822 4942 γενέε

2295 4998 2434 5044 σεως
2480 4980 2582 5046 τὴν
2626 4977 2974 5048 συγγένειαν⁸
3007 4976 3105 5039 "ib;
3163 4975 3266 5029 πού
3325 4991 3489 5045 φησιν
3523 4975 3550 5026 ό
3578 4972 3732 5041 μέγας
3755 4960 3823 5015 καὶ

2293 5073 2404 5126 τῶν
2436 5070 2688 5143 μεγάλων
2714 5068 2919 5140 θεατὴς
2953 5066 3217 5138 Ἰεζεκιὴλ
3245 5067 3311 5122 τὰ
3336 5066 3458 5121 θεῖα
3494 5052 3823 5136 μυσταγωγιῦ·

2304 5182 2466 5236 μενος
2512 5162 2606 5217 καὶ
2646 5161 2746 5233 τὴν
2798 5158 2977 5213 αἰτίαν
3023 5161 3123 5229 τῆς
3169 5157 3266 5212 νῦν
3315 5159 3443 5229 περὶ
3466 5157 3554 5211 τὸν
3587 5151 3823 5236 ἄνθρωπον

2301 5233 2655 5325 ύπαρχούσης
2706 5250 3019 5319 οἰκονομίας
3079 5248 3556 5320 ὲκπαιδευόμενος,
3601 5244 3670 5305 ὼς
3720 5233 3823 5304 πρὸς

2310 5342 2675 5419 Ἰερουσαλὴμ
2720 5340 2967 5412 φάσκων·
3010 5338 3155 5394 Τάδε
3208 5339 3373 5410 λέγει
3419 5339 3626 5407 Κύριος
3654 5328 3717 5398 τῇ

2290 5415 2641 5502 ρούσαλίιμ,
2665 5415 2758 5485 ἸἨ
2777 5428 2912 5497 ῥίζα
2963 5444 3080 5484 σου
3115 5431 3229 5485 καὶο
3252 5431 3291 5498 ἡ
3324 5428 3607 5500 γέννησίς
3642 5437 3741 5478 σου
3769 5415 3821 5502 ἐξ

2298 5501 2409 5596 γῆς
2440 5522 2703 5589 Χαναὰν,
2761 5524 2795 5577 ό
2847 5521 3043 5592 πατήρ
3097 5538 3214 5578 σου
3256 5520 3627 5593 Ἀμοιρῤαῒος,
3670 5512 3752 5568 καὶ
3789 5501 3818 5572 ii

1914 5678 2144 5734 VARUE
2185 5679 2481 5749 LECTION
2488 5681 2589 5739 ES.

684 5788 733 5823 εδ
770 5783 830 5841 In
859 5790 1173 5864 a‘pographo
1204 5792 1324 5849 cod.
1346 5792 1485 5851 Gud.
1512 5810 1634 5850 meo
1663 5804 1840 5850 exstat
1868 5798 2100 5867 τραπεὶς
2130 5798 2225 5870 τὴν
2254 5797 2392 5852 κατὰ
2423 5797 2604 5868 φύσιν,
2636 5809 2768 5855 cett.
