4012 6368
332 352 463 418 1321

1571 352 2023 413 AMBIG'UORU
2034 353 2085 411 M
2131 353 2380 413 LIBER.

3452 356 3590 422 1322

317 468 522 534 μήτηρ
549 475 669 515 σου
695 460 945 514 Χετταία
960 475 973 489 ·
1000 459 1071 514 ἐν
1090 460 1283 530 ἡμέρᾳ
1310 452 1350 533 ᾖ
1368 461 1618 532 ἐτάχθης
1640 464 1752 517 οὐκ
1768 462 1895 530 son.

2008 469 2093 515 cta
2117 478 2169 515 es
2197 478 2357 531 super
2377 463 2566 532 faciem
2586 474 2743 519 terra:
2772 466 2825 519 in
2858 465 3155 537 objections
3185 468 3381 522 animis
3416 474 3589 526 tumin

321 570 449 610 σαν
482 554 590 606 τὸν
620 553 896 622 ὀμφαλόν
923 566 1040 607 σου
1061 554 1130 618 ³⁵,
1159 554 1259 607 καὶ
1288 554 1361 608 ἐν
1386 552 1561 608 ὕδατι
1587 555 1700 626 οὐκ
1727 554 1906 608 ἑλού-

318 648 455 713 6ης,
508 645 654 701 οὐδὲ
699 645 829 717 ἀλὶο
865 646 1166 716 ήλίσθης,
1220 646 1321 702 καὶ
1368 646 1745 717 σπαργάνοις
1798 648 1910 701 οὐκ

315 739 817 810 ἐσπαργανώθης,
866 741 967 794 καὶ
1037 742 1375 811 ἀπερῤἰςρης
1429 740 1530 795 ἐπὶ
1582 743 1911 809 πρόσωπον

315 833 427 886 τοῦ
481 831 696 886 πεδίου
749 830 825 901 τῇ
875 835 1225 901 σκολιότητι
1251 834 1364 902 τῆς
1392 831 1602 901 ψυχῆς
1624 848 1740 886 σου
1770 831 1841 884 ἐν
1868 824 1911 903 ᾖ

319 922 514 992 ἡμέρᾳ
541 921 791 991 ἐτέχθης
812 941 826 955 σ
858 925 957 979 καὶ
990 923 1242 992 διῆλθον
1266 922 1486 982 serios,
1512 921 1609 975 καὶ
1650 917 1815 975 εἶδόν
1834 936 1909 975 σε

312 1014 714 1084 πεφυρμένην
743 1017 813 1068 ἐν
844 1013 925 1081 τῷ
947 1016 1151 1085 αἵματι
1168 1004 1320 1079 ~trav,
1347 1014 1444 1068 mi
1476 1009 1619 1067 εἶπά
1639 1027 1771 1077 om,
1811 1015 1906 1067 Ἐκ

315 1105 428 1159 τοῦ
458 1107 709 1175 αἵματός
734 1123 854 1161 σου
884 1107 923 1174 ἡ
952 1105 1066 1176 ζωή
1096 1123 1238 1173 σου,
1272 1106 1613 1172 πληθύν-ου,
1642 1104 1838 1171 καθὼς
1866 1106 1906 1173 ἡ

315 1195 593 1263 ἀνατολὴ
632 1196 742 1250 τοῦ
766 1197 962 1264 ἀγροῦ
999 1193 1230 1248 δέδωκά
1261 1208 1356 1248 σε.
1389 1194 1501 1263 Τῆς
1532 1188 1626 1246 οὖν
1651 1192 1748 1245 τοῦ
1776 1192 1908 1262 φύε-

316 1289 447 1343 σθαι
479 1287 568 1342 διὰ
597 1290 697 1359 τῆς
723 1290 933 1360 σπορᾶς
961 1288 1053 1340 ῐσα
1080 1287 1263 1359 χόρτῳ
1286 1287 1378 1339 καὶ
1400 1285 1467 1338 δι’
1492 1286 1727 1356 αἵματος
1762 1286 1905 1340 κατά

311 1380 387 1432 τὰ
415 1380 580 1434 λοιπά
613 1380 729 1445 ζῶα
755 1383 856 1451 τὴν
882 1380 1029 1451 ζωὴν
1056 1379 1202 1450 ἔχειν
1232 1377 1530 1448 καταδίκης
1555 1378 1584 1430 ὁ
1613 1377 1714 1447 τὴν
1743 1376 1905 1447 φύσιν

311 1470 615 1541 ἐξιώμενος
667 1472 763 1526 καὶ
818 1472 956 1543 πρὸς
1012 1470 1112 1542 τὴν
1170 1469 1408 1541 ἀρχαίαν
1454 1469 1555 1538 τῆς
1592 1467 1904 1539 ἀφθαρσίας

311 1564 478 1634 χάριν
511 1564 804 1632 ἐπανάγων
842 1563 1066 1633 Κύριος,
1101 1557 1264 1633 ἦλθεν
1293 1560 1466 1630 αὐτὴν
1509 1559 1901 1629 ἐλευθερῶσαι,

311 1657 411 1707 καὶ
443 1654 707 1723 ἐμφανῶς
738 1657 840 1724 μὲν
896 1654 1037 1724 αὐτῇ
1070 1653 1243 1717 δεῖξαι
1275 1652 1411 1723 πρὸς
1453 1651 1589 1721 ὅπερ
1633 1650 1901 1720 γενομένη

312 1745 440 1799 κατ’
473 1745 649 1817 ἀρχὰς
680 1745 915 1808 οὐδόλως
947 1744 1176 1814 ἐκινήθη
1213 1744 1395 1808 καλὸν,
1431 1745 1525 1798 καὶ
1571 1743 1815 1814 πατῆσαι
1840 1742 1902 1795 τὸ

2008 552 2093 605 die
2117 569 2222 623 qua
2251 562 2383 609 nata
2421 570 2509 609 es:
2538 562 2587 607 ct
2620 557 2846 610 transivi
2873 558 2943 610 ad
2974 566 3041 623 te,
3072 568 3121 611 et
3166 559 3271 612 vidi
3300 568 3349 612 te
3374 564 3594 618 concul-

2008 647 2121 698 cari
2146 647 2202 698 in
2225 648 2486 718 sanguine
2517 655 2627 713 tuo,
2675 657 2725 702 et
2758 649 2871 703 dixi
2921 650 3050 704 tibi:
3098 651 3177 705 Ea:
3211 653 3475 723 sanguine
3498 666 3591 708 tuo

2007 737 2114 790 vita
2136 747 2250 792 tua.
2280 738 2661 809 Multiplicare,
2691 749 2749 793 ut
2781 748 2958 795 ortum
2980 743 3098 813 agri
3123 742 3242 796 dedi
3272 752 3322 797 te
3344 745 3395 798 h.
3425 745 3592 800 Dam-

2006 831 2224 885 natoria
2249 832 2419 902 igitur
2447 833 2591 902 lege,
2626 847 2736 901 qua
2777 848 2880 901 per
2923 833 3193 888 sationem
3234 850 3421 904 parem
3461 853 3591 892 cum

2008 921 2281 990 gramine,
2316 929 2374 976 et
2419 937 2518 991 per
2548 921 2876 992 sanguinem
2909 923 3162 978 eamdem
3185 939 3312 978 cum
3362 926 3594 996 reliquis

2006 1012 2343 1067 animalibus
2392 1013 2562 1068 vitam
2616 1012 2906 1078 habemus,
2955 1014 3293 1071 liberaturus
3332 1025 3591 1072 naturam

2005 1101 2161 1157 venit
2194 1102 2480 1168 Dominus,
2516 1112 2728 1158 natura:
2758 1116 3084 1173 persanator
3116 1112 3171 1159 et
3198 1106 3269 1160 ad
3300 1106 3591 1175 pristinam

2005 1193 2556 1263 incorruptibilitatis
2580 1195 2812 1265 gratiam
2872 1195 3168 1266 deductor,
3190 1198 3464 1268 simulque
3499 1200 3589 1255 lu-

2003 1285 2258 1340 culenter
2299 1284 2351 1340 ei
2376 1294 2790 1341 monstraturus
2825 1286 3122 1356 pulchrum
3158 1286 3227 1341 ad
3269 1288 3419 1358 quod
3458 1303 3590 1345 con-

2004 1375 2118 1431 dita
2154 1377 2434 1447 principio
2464 1378 2896 1448 haudquaquam
2943 1390 3197 1449 promota
3234 1388 3340 1444 est,
3367 1390 3425 1437 et
3472 1397 3591 1437 ma-

2002 1468 2118 1524 lum
2138 1469 2593 1533 conculcaturus,
2621 1469 2691 1523 ad
2722 1469 2870 1540 quod
2918 1469 3085 1525 simul
3135 1470 3304 1541 atque
3328 1471 3471 1527 facta
3504 1482 3592 1527 est

1963 1561 2388 1616 ~fraudulenter
2445 1577 2610 1617 omne
2659 1576 2825 1617 suum
2878 1561 3270 1618 innaturaliter
3334 1575 3590 1634 promota

2003 1651 2174 1707 robur
2220 1652 2546 1719 exinanivit,
2602 1661 2659 1707 et
2718 1653 3077 1724 colligaturus
3124 1656 3607 1727 concupiscentiae,

2001 1743 2113 1797 vim
2149 1742 2331 1815 (cujus
2358 1744 2661 1798 umbilicus
2685 1753 2773 1799 est
2801 1743 3027 1815 imago),
3057 1760 3183 1814 quae
3233 1746 3589 1817 genitabilem

313 1837 555 1908 πονηρὸν
586 1836 725 1907 πρὸς
749 1838 891 1908 ὅπερ
947 1837 1064 1907 ἅμα
1092 1836 1171 1905 τῷ
1197 1835 1455 1904 γενέσθαι
1482 1834 1573 1889 διὰ
1612 1836 1712 1906 τῆς
1752 1834 1895 1888 ἀπά-

2001 1834 2062 1889 in
2089 1834 2245 1890 bono
2282 1835 2534 1890 habitum
2588 1835 2811 1890 firmum
2862 1846 3030 1906 atque
3083 1838 3343 1893 stabilem
3390 1839 3588 1895 sortita

311 1945 416 1998 της
444 1929 546 1999 τὴν
570 1929 707 2002 ὅλην
746 1929 920 2000 αὐτῆς
952 1929 1241 1997 κινηθεῖσα
1270 1927 1423 1998 παρά
1462 1928 1625 1998 φύσιν
1668 1927 1901 1980 κατεκέ-

311 2038 455 2075 νωσε
499 2021 752 2092 δύναμιν,
793 2022 890 2074 καὶ
922 2019 1229 2089 καταδῆσαι
1276 2020 1413 2090 πρὸς
1452 2018 1646 2072 ἑαυτὸν
1678 2017 1776 2089 τὴν
1802 2017 1902 2088 τῆς

310 2112 613 2183 ἐπιθυμίας
649 2112 881 2182 δύναμιν
911 2106 998 2183 (ἧς
1030 2111 1266 2182 ὑπάρχει
1292 2112 1320 2165 ὁ
1349 2109 1599 2181 ὀμφαλὸς
1630 2108 1899 2179 (2281))

310 2203 585 2276 σύμϐολον
603 2206 643 2274 ),
675 2204 775 2274 τὴν
804 2206 864 2257 ὲν
887 2204 967 2275 τῷ
995 2202 1186 2274 ἀγαθῷ
1216 2204 1443 2274 γόνιμον
1469 2201 1588 2269 ἕξιν
1620 2200 1896 2253 λαὸοὖσαν

306 2294 518 2364 παγιαν
551 2297 647 2349 καὶ
675 2295 1092 2366 ἀμετάπτωτον,
1124 2296 1219 2348 καὶ
1251 2292 1443 2347 λοῦσαι
1472 2295 1531 2346 ὲν
1563 2292 1739 2357 ὕδατι,
1763 2290 1900 2345 καθ-

307 2389 437 2458 ᾶραι
467 2387 609 2457 λέγω
648 2387 757 2441 τῶν
790 2386 1085 2458 μολυσμῶν
1132 2387 1233 2457 τῆς
1275 2386 1501 2456 ἀγνοίας
1541 2385 1622 2456 τῷ
1667 2384 1899 2452 πελάγει

305 2481 409 2550 τῆς
450 2479 847 2550 περιχυθείσης
890 2479 1028 2549 αὐτῇ
1083 2477 1228 2532 κατά
1270 2478 1373 2549 τὴν
1417 2478 1585 2549 χάριν
1617 2475 1897 2545 γνώσεως,

306 2574 405 2627 καὶ
438 2572 618 2626 eum
643 2572 755 2636 ἁλὶ,
790 2571 884 2626 καὶ
914 2570 1313 2642 σπαργανῶσαι
1345 2569 1711 2639 σπαργάνοις,
1734 2583 1894 2620 τουτ-

304 2665 429 2720 έστι
468 2665 566 2737 τὴν
597 2666 735 2737 πρὸς
780 2666 917 2736 ὅπερ
962 2664 1189 2735 γέγονεν
1232 2663 1437 2732 ἀγαθὸν
1472 2660 1710 2733 φυσικὴν
1746 2658 1900 2729 ἐνέρ-

2003 1937 2110 1990 est,
2149 1936 2205 1982 et
2260 1926 2478 1983 loturus
2534 1928 2588 1981 in
2647 1944 2811 1997 aqua,
2839 1938 3198 2000 purgaturus,
3247 1931 3495 2002 inquam,
3519 1932 3589 1987 dc

2001 2017 2330 2088 ignorantiae
2385 2017 2827 2088 inquinamentis
2860 2020 2916 2074 in
2940 2021 3087 2076 unda
3125 2023 3463 2093 cognitionis
3498 2039 3590 2079 se-

2002 2109 2247 2163 cundum
2273 2110 2507 2179 gratiam
2531 2111 2634 2179 ipsi
2666 2110 3035 2178 circumfusae,
3066 2120 3123 2167 et
3143 2114 3410 2178 saliturus
3452 2116 3589 2180 sale,

2000 2207 2057 2253 et
2083 2200 2435 2256 involuturus
2483 2204 2703 2271 pannis,
2747 2203 2855 2259 hoc
2879 2215 2966 2259 est
2986 2205 3298 2259 naturalem
3338 2206 3407 2260 ad
3438 2208 3590 2276 quod

2000 2289 2208 2345 bonum
2242 2302 2536 2360 procreata
2568 2300 2655 2347 est
2678 2295 2953 2349 actionem
2986 2295 3191 2365 spiritu
3234 2295 3468 2351 ﬁrmiter
3499 2314 3591 2354 so-

1999 2382 2249 2448 lidando,
2272 2384 2702 2454 putrefactionis
2731 2385 3028 2442 aﬂ'ectuum
3048 2402 3244 2456 puram
3263 2387 3589 2444 redditurus

1999 2482 2056 2528 et
2089 2475 2431 2546 incapacem,
2467 2484 2524 2530 et
2562 2491 2818 2531 verarum
2846 2478 2918 2532 lin
2949 2478 3117 2533 rebus
3167 2494 3291 2548 quae
3315 2486 3445 2533 sunt
3494 2496 3587 2535 ra-

2000 2566 2215 2621 tionum
2236 2568 2451 2623 amictu
2499 2581 2811 2638 pannorum
2846 2569 3014 2624 modo
3042 2570 3587 2641 circumstringendo

1999 2658 2070 2713 ab
2089 2659 2241 2714 omni
2268 2660 2540 2717 eﬂ‘usione
2577 2661 2947 2718 cohibiturus.

300 2773 465 2825 γειαν
491 2756 660 2826 ἀπρὶξ
687 2755 995 2826 στερεώσας
1022 2753 1101 2825 τῷ
1128 2754 1422 2825 πνεύματι,
1458 2752 1674 2826 σήψεως
1695 2750 1886 2806 παθῶν
1923 2750 2173 2823 καθαρὰν
2206 2754 2546 2823 καταστῆσαι
2581 2756 2676 2809 καὶ
2705 2755 3074 2819 ἀνεπίδεκτον,
3103 2757 3195 2811 καὶ
3220 2759 3285 2829 τῇ
3323 2758 3582 2832 περιϐολῇ

301 2846 417 2901 τῶν
450 2850 508 2902 ὲν
544 2848 658 2910 τοῖς
689 2842 841 2902 οὖσιν
906 2846 1125 2919 ἀληθῶν
1156 2847 1332 2916 λόγων
1393 2847 1549 2919 δίκην
1617 2843 1950 2917 σπαργάνων
1983 2845 2349 2917 περισφίγξας
2389 2846 2675 2920 ἀδιάχυτον
2725 2847 3003 2913 παντελῶς
3032 2848 3474 2922 ἀπεργάσασθαι.

682 3024 871 3093 Ἄλλη
900 3027 990 3091 εἰς
1019 3022 1086 3078 τὸ
1114 3024 1261 3079 αὐτῦ
1288 3023 1519 3093 θεωρία.

376 3138 555 3209 Τυχδν
592 3138 650 3191 δὲ
693 3138 784 3192 διὰ
833 3139 942 3193 τῶν
968 3139 1277 3212 εἰρημένων
1310 3140 1339 3193 ό
1366 3139 1686 3206 διδάσκαλος
1714 3140 1894 3198 διττὸν

2388 3026 2513 3084 Alia
2537 3029 2593 3083 in
2628 3029 2764 3085 idem
2786 3032 3183 3103 contemplatio.

2069 3136 2323 3196 Fortasse
2354 3154 2487 3196 vero
2520 3140 2644 3198 istis
2671 3142 2858 3197 verbis
2895 3144 3157 3214 magister
3180 3144 3456 3217 duplicem
3490 3163 3580 3207 es-

294 3226 446 3284 sivatt
474 3231 566 3284 τὸν
598 3225 753 3284 κατά
784 3230 885 3301 τὴν
913 3230 1127 3298 γένεσιν
1161 3230 1261 3301 τῆς
1292 3229 1644 3303 ἀνθρωπίνης
1674 3234 1890 3302 φύσεως

1999 3246 2056 3287 se
2084 3230 2343 3288 humana:
2368 3234 2672 3289 secundum
2687 3235 3059 3291 conditionem
3077 3247 3291 3296 natura:
3306 3241 3578 3298 rationem

300 3322 468 3390 λόγον
496 3339 555 3374 τε
590 3322 683 3375 καὶ
721 3320 923 3393 τρόπον
959 3321 1509 3393 εἰσηγούμενος,“τὸν
1550 3322 1651 3392 μὲν
1694 3322 1894 3393 ψυχῆς,

296 3419 399 3469 τὸν
428 3416 487 3469 δὲ
518 3414 793 3486 σώματος,
820 3414 920 3485 τὴν
962 3416 1029 3468 ὲκ
1062 3415 1336 3485 σωμάτων
1377 3414 1637 3485 γέννησιν
1676 3417 1757 3479 εἰς
1802 3414 1899 3468 δύο

298 3512 431 3567 κατ’
458 3512 708 3566 ἐπίνοιαν
756 3510 920 3564 διεῖλε
964 3510 1268 3580 γεννήσεις,
1299 3509 1399 3581 τὴν
1433 3509 1532 3580 μὲν
1566 3508 1746 3580 ψυχὴν
1796 3513 1895 3579 ἐμ-

300 3605 515 3673 φαίνων
548 3604 802 3674 ἀρῤήτως
831 3604 896 3656 ὲκ
926 3601 1020 3656 τοῦ
1053 3602 1196 3655 θείου
1231 3601 1324 3654 καὶ
1372 3600 1605 3665 ζωτικοῦ
1640 3601 1892 3672 ἐμφυσή-

300 3712 481 3765 ματος
519 3694 939 3765 συνισταμένην,
969 3695 1030 3748 τὸ
1061 3694 1118 3747 δὲ
1145 3693 1307 3763 σῶμα
1333 3694 1399 3746 ὲκ
1443 3693 1546 3763 τῆς
1589 3693 1891 3761 ὑποκειμέ-

298 3802 404 3853 νης
439 3784 573 3856 ὕλης
598 3786 693 3839 τοῦ
724 3786 784 3852 ἐξ
827 3777 999 3857 οὗπέρ
1028 3782 1174 3839 ἐστιν
1199 3786 1317 3857 ἃμα
1338 3789 1404 3857 τῇ
1436 3785 1583 3857 ψυχῇ
1621 3784 1763 3839 κατὰ
1792 3784 1892 3855 τὴν

301 3875 578 3947 σύλληψιν
626 3876 915 3946 γινόμενον
980 3873 1253 3944 σώματος.
1308 3876 1383 3927 Οὐ
1439 3874 1549 3944 γὰρ
1586 3873 1677 3927 τὸν
1725 3872 1891 3925 αὐτὸν

298 3966 747 4037 ἀπαραλλάκτως
793 3964 959 4035 φάναι
1010 3963 1169 4033 θέμις
1214 3964 1302 4017 ἐπ’
1340 3964 1546 4033 ἀμφοῖν
1584 3963 1684 4033 τῆς
1735 3962 1890 4030 γενέ-

301 4075 450 4120 σεως
480 4055 622 4111 εἶναι
658 4058 750 4110 τὸν
779 4057 939 4125 λόγον
969 4058 1064 4111 καὶ
1095 4056 1190 4111 τὸν
1231 4056 1450 4126 τρόπον,
1477 4056 1560 4108 ὅτι
1595 4054 1731 4125 μηδὲ
1753 4071 1888 4107 ταυ-

297 4150 400 4204 τὸν
427 4150 681 4221 ἀλλήλοις
723 4150 865 4204 κατά
904 4150 1006 4220 τὴν
1048 4149 1240 4202 οὐσίαν
1289 4147 1456 4217 ἄμφω
1478 4146 1652 4200 ταῦτα
1683 4144 1888 4215 τυγχά-

297 4259 510 4296 νουσιν.
550 4237 652 4295 Ὦν
686 4242 797 4313 γὰρ
823 4240 1078 4311 ἀλλήλοις
1120 4239 1195 4310 μὴ
1245 4237 1438 4292 ταυτόν
1478 4239 1594 4290 ἐστι
1630 4236 1693 4289 τὸ
1723 4231 1884 4299 εἶναι,

294 4333 507 4388 τούτων
552 4334 796 4403 δηλονότι
834 4335 929 4388 καὶ
977 4336 1007 4387 ὁ
1052 4331 1190 4404 πρὸς
1234 4330 1439 4402 ἄλληλα
1492 4330 1592 4400 τῆς
1621 4329 1885 4397 γενέσεως

1997 3338 2062 3378 ac
2088 3324 2316 3379 modum
2338 3332 2610 3391 statuens,
2632 3327 2870 3407 alterum
2902 3328 3119 3394 animae,
3157 3320 3402 3386 alterum.
3450 3349 3580 3391 cor-

1994 3416 2170 3485 poris,
2195 3418 2535 3487 corporalem
2557 3420 2972 3488 generationem
2992 3420 3047 3474 in
3072 3420 3213 3476 duas
3237 3424 3578 3495 cogitatione

1993 3507 2184 3563 divisit
2205 3509 2612 3580 generationes,
2639 3511 2878 3566 animam
2907 3512 3129 3582 quidem
3160 3515 3377 3571 occulte
3399 3517 3576 3588 signi-

1993 3597 2164 3654 ﬁcans
2184 3615 2252 3655 ex
2274 3600 2464 3656 divino
2486 3613 2652 3672 atque
2692 3604 2846 3658 vitali
2885 3605 3260 3663 insufﬂatione
3293 3621 3573 3676 constare,

1991 3706 2194 3761 corpus
2222 3708 2355 3748 vero
2382 3708 2448 3749 ex
2479 3694 2727 3766 subjecta
2751 3696 2987 3751 materia
3015 3699 3138 3769 ejus
3178 3700 3325 3756 unde
3347 3702 3420 3757 sit
3445 3718 3574 3759 cor-

1989 3783 2145 3852 poris
2160 3783 2325 3838 simul
2360 3800 2487 3840 cum
2527 3787 2711 3842 anima
2737 3790 3123 3859 conceptionis
3159 3793 3247 3846 via
3291 3793 3431 3849 ﬁeri.
3459 3795 3575 3852 Ne-

1990 3888 2099 3943 que
2130 3875 2279 3930 enim
2313 3875 2393 3931 fas
2410 3886 2496 3931 est
2521 3877 2729 3949 absque
2762 3880 2873 3935 ulla
2902 3881 3215 3940 diﬂ‘erentia
3246 3885 3304 3940 in
3332 3892 3574 3957 utroque

1989 3966 2241 4022 eamdem
2270 3969 2611 4027 conditionis
2636 3971 2826 4028 dicere
2883 3974 3154 4029 rationem
3208 3984 3268 4032 ct
3319 3980 3571 4044 modum,

1989 4058 2252 4127 quoniam
2306 4075 2410 4115 nec
2458 4060 2605 4115 idem
2660 4062 2728 4117 de
2762 4065 3006 4120 essentia
3061 4066 3227 4122 ambo
3275 4071 3569 4126 exsistunt.

1988 4148 2232 4215 Quorum
2268 4152 2415 4207 enim
2468 4153 2795 4209 exsistentia
2837 4172 2949 4211 non
2977 4158 3169 4213 eadem
3212 4169 3319 4225 est,
3374 4162 3571 4219 horum

1987 4249 2044 4294 et
2101 4242 2446 4299 conditionis
2510 4245 2783 4300 rationem
2833 4264 2898 4303 ac
2953 4250 3179 4305 modum
3251 4253 3572 4325 discrepare

1985 4339 2160 4399 patet.
2192 4332 2329 4397 lmo,
2367 4334 2566 4390 animae
2590 4336 2814 4405 quidem
2864 4354 2966 4409 par
2995 4349 3080 4395 est
3128 4342 3361 4399 credere
3396 4346 3569 4401 alium

295 4426 687 4498 παρήλλακται
733 4426 890 4494 λόγος
940 4426 1035 4478 καὶ
1082 4424 1302 4495 τρόπος.
1349 4422 1511 4477 Ἀλλὰ
1554 4421 1730 4491 ψυχῆς
1786 4419 1885 4490 μὲν

1999 4434 2107 4475 esse
2136 4431 2193 4478 et
2214 4423 2490 4479 rationem
2516 4435 2574 4481 et
2601 4428 2850 4492 modum,
2883 4446 2994 4500 quo
3038 4432 3131 4487 ﬁat
3163 4443 3219 4488 et
3261 4436 3335 4491 sit
3357 4445 3414 4491 et
3443 4454 3568 4508 per-

290 4515 459 4570 ᾶλλον
505 4515 644 4570 εἶναι
678 4516 886 4570 δίκαιον
929 4515 1134 4568 οἴεσθαι
1180 4514 1274 4567 καὶ
1321 4512 1477 4580 λόγον
1520 4512 1617 4565 καὶ
1657 4510 1881 4581 τρόπον,

1986 4523 2228 4579 severet,
2256 4525 2315 4571 et
2338 4518 2507 4572 alium
2542 4521 2798 4577 similiter
2827 4526 3099 4595 corporis,
3135 4544 3247 4598 quo
3284 4529 3378 4585 ﬁat
3416 4540 3471 4586 et
3494 4534 3570 4589 sit

291 4605 423 4660 καθ’
456 4606 517 4659 ὃν
558 4604 770 4673 γίνεται
820 4621 878 4658 τε
911 4604 1008 4657 καὶ
1060 4603 1174 4656 ἐστι
1210 4605 1305 4656 καὶ
1334 4601 1688 4674 ἀμεταϐόλως
1734 4599 1884 4670 μένει

1999 4609 2043 4654 et
2064 4602 2183 4660 sine
2210 4606 2318 4661 ulla
2347 4607 2732 4667 immutatione
2766 4624 3007 4679 maneat,
3033 4626 3089 4671 ot
3114 4634 3239 4674 cum
3269 4622 3450 4679 anima
3472 4639 3570 4680 co-

294 4695 462 4766 σῶμα
490 4695 588 4749 καὶ
621 4696 769 4766 ψυχῇ
808 4694 1239 4766 συναπτόμενον.

290 4872 493 4946 (229
517 4872 585 4944 a)
622 4871 843 4941 Θεωρία
874 4872 1179 4942 σύντομος
1227 4872 1378 4941 πρὸς
1404 4871 1549 4938 τοὺς
1584 4874 1879 4945 λέγοντας

368 4964 779 5035 προϋπάρχειν
803 4965 843 5033 ἢ
869 4963 1280 5035 μεθυπάρχειν
1303 4964 1423 5019 τῶν
1443 4966 1736 5037 σωμάτων
1773 4969 1879 5036 τὰς

365 5056 593 5127 ψυχάςο

368 5174 430 5227 Ei
470 5174 566 5227 καὶ
591 5171 710 5242 ἀμα
750 5170 893 5225 κατά
921 5171 1022 5243 τὴν
1056 5172 1291 5243 ὕπαρξιν
1323 5174 1671 5245 ἀμφοτέρων,
1699 5174 1874 5247 ψυχῆς

285 5266 438 5331 λέγω
470 5264 564 5316 καὶ
595 5261 868 5331 σώματος,
902 5264 932 5315 ὸ
972 5263 1135 5326 αὐτός
1171 5265 1289 5317 ἐστι
1314 5265 1416 5334 τῆς
1453 5265 1722 5332 γενέσεως
1746 5270 1875 5339 χρό-

282 5373 401 5420 νος,
435 5355 651 5418 οὐδενὸς
698 5352 794 5408 τοῦ
851 5354 1042 5426 ἑτέρου
1087 5357 1556 5427 προϋπάρχοντος,
1591 5359 1667 5422 ὡς
1715 5359 1873 5430 ἔφην,

281 5448 435 5503 κατά
476 5447 576 5518 τὴν
604 5446 818 5514 γένεσιν
848 5446 881 5517 ἦ
915 5446 1390 5519 μεθυπάρχοντος,
1418 5450 1504 5525 ἵνα
1547 5453 1621 5523 μὴ
1674 5452 1768 5506 τοῦ
1816 5456 1873 5522 ἐξ

357 5579 389 5621 ιι
418 5579 621 5635 Ezech.
647 5561 754 5644 ivx,
781 5578 815 5633 5
843 5592 995 5648 seqq.

1979 4692 2252 4761 pulatum,
2292 4712 2512 4766 corpus.

1985 4870 2374 4941 Contemplatio
2414 4873 2581 4931 breuis
2613 4878 2683 4931 ad
2723 4896 2808 4933 eos
2834 4883 2925 4951 qui
2958 4883 3141 4939 dicunt
3191 4891 3404 4945 animos
3443 4902 3568 4947 ante

2381 4964 2460 5019 vel
2497 4974 2611 5035 post
2654 4985 2878 5041 corpora
2903 4976 3169 5031 exsistere.

2054 5187 2317 5254 Quamvis
2379 5191 2543 5247 simul
2601 5196 2756 5265 juxta
2822 5198 3183 5255 substantiam
3240 5206 3561 5278 utriusque,

1983 5280 2205 5343 animai,
2227 5281 2475 5353 inquam,
2499 5288 2846 5355 etcorporis.
2878 5288 3025 5343 idem
3073 5300 3158 5346 est
3186 5299 3564 5365 generationis

1987 5374 2228 5439 tempus,
2267 5386 2391 5426 cum
2416 5384 2679 5429 neutrum
2709 5377 2867 5432 alteri
2900 5382 3265 5449 praaexsistat,
3301 5390 3566 5456 quemad-

1984 5460 2207 5518 modum
2263 5462 2397 5529 dixi,
2452 5466 2760 5521 secundum
2823 5471 3259 5540 generationem,
3308 5479 3395 5536 vel
3438 5488 3564 5548 post

1488 5703 1493 5709 ι
1562 5675 1797 5734 vum
1833 5668 2259 5749 LECTIONESI

362 5787 411 5822 ιι
446 5784 838 5856 Apographum
863 5784 1069 5853 praebet
1100 5786 1375 5856 ὀφθαλμόν
1410 5807 1524 5846 σου.

541 5880 812 5940 Puncta
848 5880 962 5941 CR.
1001 5880 1148 5940 XCl.
