4012 6368
511 345 643 408 1323

1671 345 1730 403 S.
1773 344 2060 404 ΜΛΧΙΜΙ
2095 344 2602 405 CUNFESSORIS

3621 351 3736 416 1324

505 455 757 510 exsistat.
790 470 856 507 ne
880 468 945 506 ex
975 451 1166 506 forma:
1200 451 1269 505 de
1307 460 1542 521 utroque
1566 451 1817 507 conﬂata:
1854 453 2083 523 integri-

2185 453 2388 524 ἀμφοῖν
2420 454 2593 517 εἴδους
2626 446 2850 518 ὡς’ὅλου
2873 457 3031 528 λυθῇ,
3057 457 3280 521 δικαίως
3297 460 3340 491 ⁵⁸
3362 460 3426 512 Ξιν
3453 460 3484 513 ὁ
3508 461 3596 514 τοῦ
3623 466 3738 534 πρός

506 552 616 598 tate
643 543 912 608 solvatur,
951 543 1101 613 justa
1131 540 1311 595 videri
1337 549 1507 610 queat
1529 541 1675 596 ratio
1700 541 1955 606 relativa,
1979 557 2088 611 qua

504 635 817 705 prmeedere
863 633 1236 689 substantiam
1271 634 1436 690 unius
1491 644 1750 704 tanquam
1784 635 1958 704 partis
1998 651 2089 690 sc-

505 727 746 784 cundum
779 744 837 783 se
869 728 1227 782 exsistentem
1277 737 1460 796 putes,
1514 744 1636 796 qua:
1689 727 1758 780 ad
1815 727 1965 781 aliud
2001 744 2090 782 sc-

503 821 747 878 cundum
769 830 1027 875 naturam
1053 820 1391 874 irrelativam
1413 820 1638 874 omnino
1658 819 1861 874 habeat
1885 820 2090 874 unitio-

502 930 652 980 nem,
682 930 747 968 ac
763 924 1058 984 prepterea
1093 928 1377 982 nunquam
1435 927 1560 966 cum
1587 913 1696 967 alio
1720 913 1788 966 de
1813 912 2090 982 composi-

505 1007 656 1060 tione
676 1003 910 1059 alterius
960 1003 1250 1074 cujusdam
1295 1004 1628 1058 naturaliter
1659 1003 2086 1073 compleatsub—

503 1098 784 1163 stantiam,
810 1097 942 1166 quin
969 1095 1022 1150 id
1061 1096 1151 1150 fiat
1168 1111 1293 1150 cum
1316 1096 1678 1166 corruptione
1701 1105 1758 1152 et
1779 1097 2087 1150 mutatione

505 1192 563 1263 in
597 1189 652 1244 id
681 1189 829 1259 quod
871 1205 980 1243 non
1011 1196 1152 1243 erat.
1175 1188 1332 1254 Quod
1359 1191 1510 1244 enim
1558 1204 1656 1259 per
1677 1205 1737 1244 se
1767 1189 2085 1258 singulatim

502 1281 949 1352 praeexsistebat,
988 1281 1043 1335 in
1097 1281 1327 1336 alterius
1379 1281 1663 1353 cujusdam
1712 1281 1917 1351 speciei
1949 1280 2086 1336 sub-

501 1375 764 1430 stantiam
823 1375 1112 1430 transferri
1204 1391 1304 1444 per
1374 1383 1629 1430 naturam
1715 1389 1828 1428 non
1878 1381 2082 1443 potest.

502 1468 560 1520 Si
609 1483 743 1521 vero
767 1466 821 1520 in
881 1467 1115 1522 alterius
1160 1466 1369 1536 speciei
1433 1467 1899 1536 complementum
1933 1466 2082 1536 quod

500 1558 918 1628 prmcxsistebat
949 1557 1019 1611 ad
1047 1557 1198 1611 aliud
1224 1557 1680 1627 compositionem
1713 1556 1964 1626 suscipit,
1987 1565 2084 1611 aut

499 1648 810 1703 secundum
841 1658 1092 1703 naturam
1119 1647 1264 1703 istud
1301 1648 1531 1704 omnino
1557 1649 1711 1710 facit,
1745 1659 1842 1703 aut
1887 1655 2082 1702 contra

498 1752 770 1796 naturam.
796 1739 874 1796 Ac
909 1741 956 1795 si
991 1740 1215 1811 quidem
1259 1741 1566 1795 secundum
1608 1751 1889 1804 naturam,
1933 1755 2080 1794 nun-

2190 562 2242 598 τι
2269 545 2424 611 λόγος
2463 545 2846 617 πρεσϐυτέραν
2892 549 3033 618 ἔχων
3068 551 3194 602 καθ’
3221 551 3424 622 ἑαυτὴν
3463 549 3621 608 οὖσαν
3656 562 3741 626 τὴν

2189 636 2284 689 τοῦ
2317 637 2434 700 ένὸς
2465 638 2540 700 ὼς
2594 640 2793 709 μέρους
2830 641 3151 707 ὑπόστασιν,
3185 643 3280 696 καὶ
3307 646 3445 716 πρὸς
3476 645 3600 700 ἄλλο
3619 650 3741 704 κατὰ

2189 727 2288 799 τὴν
2328 730 2492 795 φύσιν
2538 731 2888 784 παντάπασιν
2903 731 2948 764 ⁵⁷
2979 731 3214 802 ἄσχετον
3241 733 3484 804 ,ἔχουσαν
3509 737 3602 807 τὴν
3627 739 3741 791 ἐνω-

2190 837 2275 872 σιν
2298 819 2366 883 ",
2403 823 2497 874 καὶ
2521 820 2610 874 διὰ
2646 820 2804 876 τοῦτο
2837 823 3110 894 μηδέποτε
3146 827 3246 896 τὴν
3293 828 3395 878 σὺν
3417 825 3582 894 ιἇλλιι)
3621 831 3745 884 κατά

2191 912 2440 966 σύνθεσιν
2482 914 2643 967 ἄλλου
2694 915 2839 978 τινὸς
2879 917 3128 984 φυσικῶς
3180 917 3604 989 συμπληροῦσαν
3636 923 3750 976 ὑπὸ·

2191 1019 2382 1056 στασιν
2427 1004 2597 1075 χωρὶς
2618 1005 2838 1076 ’φθορᾶς
2871 1009 2966 1058 καὶ
2990 1006 3090 1077 τῆς
3128 1006 3265 1076 πρὸς
3295 1007 3436 1078 ὅπερ
3461 1010 3560 1062 οὐκ
3583 1005 3647 1080 ἧν
3671 1013 3751 1064 ἁλ-

2187 1093 2477 1158 λοιώσεως.
2515 1095 2590 1148 Τὸ
2622 1095 2732 1164 γὰρ
2770 1097 2893 1150 καθ’
2926 1097 3090 1152 ἑαυτὸ
3127 1098 3311 1162 ἰδικῶς
3359 1103 3752 1174 προίἰιιριστάμε.⁹

2187 1199 2274 1234 νον
2317 1184 2398 1244 είς
2433 1182 2595 1236 ἄλλου
2639 1185 2788 1248 τινος
2831 1186 3007 1248 εἰδους
3059 1186 3356 1241 ὑπόστασιν
3415 1189 3478 1242 ού
3533 1190 3753 1260 πέφυκεν

2186 1273 2439 1342 ἄγεσθαι.
2476 1274 2540 1326 ΕΙ
2582 1273 2639 1328 δὲ
2683 1277 2764 1340 εἰς
2805 1276 2905 1347 τὴν
2944 1277 3136 1347 ἐτέρου
3171 1279 3346 1343 είδους
3385 1282 3754 1353 συμπλήρωσιν

2185 1365 2282 1438 τὴν
2309 1367 2447 1438 πρὸς
2476 1367 2606 1422 ἄλλο
2634 1368 2850 1439 δέχεται
2884 1369 3133 1426 σύνθεσιν
3172 1371 3234 1424 τὸ
3276 1377 3753 1446 προϋφιστάμενον,

2185 1459 2220 1528 ἣ
2258 1457 2402 1513 κατὰ
2436 1458 2600 1528 φύσιν
2635 1461 2798 1514 τοῦτο
2843 1463 2991 1515 ποιεῖ
3038 1463 3281 1525 πάντως,
3321 1463 3356 1536 ἦ
3401 1464 3556 1536 παρὰ
3593 1467 3753 1535 φύσιν,

2183 1549 2296 1602 Καὶ
2325 1551 2372 1603 εί
2414 1549 2514 1620 μὲν
2559 1551 2702 1605 κατὰ
2739 1550 2927 1619 φύσιν,
2978 1553 3234 1608 οὐδέποτε
3271 1555 3373 1624 τῆς
3415 1557 3555 1627 πρὸς
3583 1557 3754 1611 ἆλλο⁸⁹

2185 1642 2321 1712 πρὸς
2370 1643 2720 1714 ἐκπλήρωσιν
2765 1644 2941 1709 εἴδους
2981 1646 3172 1716 ἐτέρου
3201 1648 3572 1713 συνθέσεωςίο
3607 1651 3753 1705 παυό-

2187 1752 2348 1804 μενον
2391 1734 2748 1806 ὁραθήσεται,
2776 1735 2865 1790 διὰ
2891 1735 2990 1808 τὴν
3022 1737 3144 1808 βίαν
3181 1739 3284 1810 τῆς
3326 1739 3548 1808 φύσεως
3581 1741 3756 1810 ἑαυτῆς

496 1850 662 1904 quam
716 1833 1002 1888 videbitur
1037 1849 1257 1889 cessare
1309 1849 1340 1889 a
1373 1834 1775 1904 compositione
1829 1833 1898 1888 ad
1927 1833 2077 1888 aliud

2184 1826 2440 1896 ἐκστῆναι
2459 1827 2533 1898 μὴ
2551 1825 2873 1899 δυναμένης,
2897 1831 2990 1882 καὶ
3007 1830 3180 1902 τούτῳ
3195 1832 3272 1902 τῷ
3287 1832 3434 1904 λόγῳ
3449 1832 3574 1888 οὕτε
3593 1833 3755 1907 σῶμα·

487 1940 612 1994 qua:
643 1924 697 1980 in
731 1924 963 1979 alterius
983 1923 1190 1994 speciei
1223 1924 1689 1993 complementum
1712 1924 1826 1988 liat,
1850 1932 2081 1993 propter

494 2017 608 2072 vim
645 2027 877 2081 naturas,
907 2033 1031 2086 qum
1053 2031 1110 2071 se
1153 2017 1324 2086 ipsam
1357 2016 1613 2071 deserere
1666 2025 1881 2085 nequit,
1913 2025 2080 2084 atque

495 2109 600 2164 hac
625 2110 838 2164 ratione
873 2125 978 2164 nec
1007 2109 1127 2164 sine
1147 2123 1381 2179 corpore
1421 2109 1625 2172 anima,
1673 2123 1776 2163 nee
1806 2108 1928 2162 sine
1959 2107 2082 2162 ani-

495 2218 584 2256 ma
621 2217 826 2271 corpus
869 2217 1110 2271 unquam
1160 2201 1512 2271 coucipietur
1535 2201 1742 2264 animo,
1784 2208 1948 2270 atque
1993 2199 2080 2254 in-

495 2294 1374 2365 telligentissimisistissapientia
1407 2293 1460 2348 in
1489 2293 1780 2350 stultitiam
1807 2307 2074 2348 conversa

493 2391 604 2448 est,
666 2394 910 2454 suntque
969 2399 1038 2438 eo
1091 2383 1259 2438 delati
1337 2383 1654 2439 necessario
1700 2383 1850 2454 quod
1899 2382 2078 2437 vitare

493 2476 818 2530 studebant.
855 2475 992 2530 Atsi
1019 2485 1206 2529 contra
1231 2485 1488 2530 naturam
1537 2477 1768 2546 suscipit
1806 2475 2088 2545 composi-

503 2567 714 2620 tionem
749 2565 816 2619 ad
847 2565 998 2620 aliud
1047 2583 1145 2635 pro
1180 2567 1411 2621 alterius
1433 2566 1640 2637 speciei
1677 2567 2086 2636 complementa

493 2657 827 2710 alterutrum
847 2657 1452 2727 horum,corrumpitur
1466 2657 1922 2728 omnino,quippe
1935 2659 2084 2728 quod

492 2753 632 2804 lines
657 2759 867 2804 naturae
890 2749 1436 2820 egrediaturJiatque
1455 2748 1507 2803 id
1539 2748 1688 2819 quod
1713 2758 1910 2804 natura
1929 2764 2084 2804 com-

2179 1936 2268 1983 τος
2294 1920 2464 1990 χωρὶς
2488 1919 2708 1992 ἡψυχὴ,
2733 1920 2857 1975 οὔτε
2873 1921 3054 1992 ψυχῆς
3077 1923 3238 1994 σῶμά
3271 1942 3404 1980 ποτε
3436 1929 3755 1998 νοηθήσεται,

2179 2013 2274 2067 καὶ
2307 2015 2649 2085 περιετράπη
2676 2017 2788 2078 τοῖς
2812 2019 3089 2086 περιττοῖς
3111 2019 3209 2088 τὴν
3233 2019 3454 2074 σύνεσιν
3474 2024 3554 2084 εἰς
3575 2022 3757 2090 ἠλιθιό-

2177 2121 2319 2176 τητα
2357 2106 2420 2159 τὸ
2474 2107 2660 2174 σοφὸν,
2705 2107 2983 2177 ἐναχθείσι
3034 2108 3129 2180 βίᾳ
3175 2110 3314 2182 πρὸς
3365 2112 3510 2182 ὅπερ
3557 2112 3757 2182 φεύγειν

2181 2197 2542 2253 ἐσπούδασαν.
2567 2199 2628 2252 Εἰ
2651 2198 2708 2252 δὲ
2736 2200 2890 2272 παρὰ
2923 2199 3086 2271 φύσιν
3121 2200 3220 2273 τὴν
3267 2202 3409 2272 πρὸς
3443 2203 3604 2258 ἄλλου
3640 2221 3757 2276 συμ-

2184 2290 2468 2362 πλήρωσιν
2493 2292 2666 2356 εἴδους
2700 2291 2930 2364 Θάτερον
2953 2293 3162 2348 τούτων
3195 2295 3292 2367 τὴν
3333 2296 3476 2368 πρὸς
3506 2298 3566 2351 τὸ
3593 2298 3756 2368 ἕτερον

2187 2383 2404 2454 δέχεται
2434 2383 2709 2452 σύνθεσιν,
2739 2385 3024 2458 φθείρεται
3055 2387 3294 2455 πάντως,
3317 2387 3417 2442 τοῦ
3450 2389 3594 2444 κατὰ
3615 2389 3758 2459 φύσιν

2188 2475 2540 2546 ἐξιστάμενον
2568 2476 2718 2546 ὅρου,
2755 2477 2850 2530 καὶ¹
2877 2477 3164 2546 γινόμενον
3197 2477 3334 2546 ὅπερ
3367 2478 3446 2548 μὴ
3468 2478 3674 2546 πέρυκε
3696 2480 3752 2544 ⁸³,

2188 2567 2285 2620 καὶ
2324 2569 2404 2628 εἰς
2447 2568 2587 2636 ὅπερ
2635 2569 2736 2620 οὐκ
2787 2563 2855 2636 ἦν
2907 2568 3266 2637 μεταπίπτον.
3297 2561 3376 2623 Οὗ
3402 2569 3672 2634 τίγένοιτ⁹
3699 2570 3753 2626 ἂν

2189 2655 2628 2728 ἁσυνετώτερον;
2673 2655 2821 2708 ’Λλλ’-
2846 2655 2938 2709 ἐπὶ
2969 2656 3029 2710 τὸ
3057 2656 3423 2728 προκείμενον
3472 2655 3752 2710 ἐπανέλοω-

2191 2767 2308 2820 μεν.

492 2850 744 2910 paratum
763 2855 873 2893 non
900 2846 1072 2902 est,ut
1093 2838 1161 2894 sit
1178 2847 1232 2892 et
1250 2837 1444 2892 evadat
1458 2839 1604 2908 quod
1618 2855 1726 2892 non
1737 2845 1872 2893 erat.
1893 2837 2012 2904 Quo
2027 2837 2160 2909 quid
2178 2839 2436 2894 stolidius
2449 2854 2572 2894 esse
2588 2839 2785 2909 possit?
2797 2838 2904 2895 Sed
2925 2838 2993 2894 ad
3030 2841 3375 2910 propositum
3405 2851 3749 2900 revertamur.

498 2950 505 2956 ’
562 2953 775 3008 Anima:
813 2953 981 3023 igitur
1015 2953 1318 3021 gent-ratio.
1354 2961 1417 3007 ut
1475 2953 1554 3008 ait
1613 2954 1747 3008 scite
1794 2955 2078 3024 magister,
2113 2959 2156 3016 C

493 3061 562 3099 ex
603 3045 850 3114 subjecta
885 3045 1113 3097 materia
1153 3060 1264 3098 non
1301 3043 1380 3107 fit,
1432 3045 1902 3114 quemadmodum
1953 3062 2078 3100 cor-

491 3153 651 3208 pora,
679 3137 776 3192 sed
803 3137 1086 3192 \‘niuntatc
1115 3137 1211 3191 Dei
1265 3153 1365 3207 per
1399 3137 1820 3208 inspirationem
1856 3137 2081 3192 vitalem

493 3229 857 3284 iueliabiliter
889 3238 944 3283 ct
977 3229 1141 3282 modo
1173 3245 1338 3298 quem
1362 3230 1503 3284 seire
1527 3225 1637 3283 no'n
1667 3244 1982 3300 possumus,
2019 3237 2082 3284 ut

493 3321 651 3376 novit
681 3321 832 3375 solus
851 3321 967 3391 ejus
992 3321 1279 3374 Conditor.
1298 3319 1494 3376 Anima
1519 3321 1900 3376 exsistenliam
1924 3334 2080 3376 suam

493 3411 775 3482 accipiens
831 3411 885 3466 in
953 3413 1315 3481 conerptizmc
1370 3429 1482 3468 una
1537 3429 1664 3469 cum
1728 3429 1959 3484 corpore
2011 3412 2080 3469 ad

497 3503 668 3558 unius
695 3503 939 3558 hominis
989 3505 1457 3572 conq-lrmrntum
1511 3508 1713 3576 agitur,
1763 3522 1966 3577 corpus
2014 3522 2080 3560 ex

494 3595 746 3664 subjecta
801 3595 1059 3654 materia,
1099 3597 1274 3650 altero
1319 3613 1520 3667 nempe
1558 3614 1816 3668 corpore,
1873 3599 1932 3652 ﬁt
1979 3613 2082 3669 per

497 3685 945 3756 conceptionem,
979 3687 1144 3741 simul
1183 3703 1307 3741 cum
1353 3688 1536 3766 anima
1589 3690 2076 3759 compositionem,

494 3795 604 3848 qua
635 3794 744 3833 una
781 3795 904 3836 cum
937 3778 1028 3832 illa
1061 3781 1274 3848 species
1308 3781 1560 3850 prodeat,
1592 3781 1893 3852 accipiens.
1920 3782 2080 3848 Quod

493 3871 627 3926 alibi
661 3870 1010 3926 manifestius
1043 3872 1347 3927 ostendens
1369 3873 1502 3927 dicit
1529 3872 1814 3943 magister:
1844 3873 1949 3927 Per
1979 3873 2082 3926 (lu-

493 3965 696 4034 plicem
754 3965 1142 4020 insuﬂlationis
1183 3965 1468 4028 virtutem,
1502 3974 1558 4020 et
1589 3966 1866 4035 Spiramen
1911 3965 2082 4034 inspi-

496 4056 605 4111 rati
637 4072 854 4122 omnes,
889 4065 946 4111 et
991 4057 1258 4126 Spiritum
1317 4067 1590 4112 sanetum.
1639 4057 1946 4111 Dividenda
1997 4066 2082 4112 est

496 4149 666 4219 igitur
689 4147 1020 4218 cogitatione
1051 4149 1108 4202 in
1139 4149 1500 4218 conceptione
1527 4149 1815 4220 iuspiratio
1845 4149 2079 4216 vivitica,

493 4250 662 4312 atque
707 4239 954 4310 Spiritus
995 4250 1219 4296 sanctus
1245 4241 1600 4297 inteliectuali
1631 4243 1835 4298 animal
1885 4257 2080 4297 essen--

2265 2953 2467 3024 (229
2490 2955 2548 3024 ιι)
2575 2954 2779 3028 ’Ψυχῆς
2821 2956 2921 3024 μὲν
2950 2951 3042 3009 οὖν
3080 2956 3314 3022 γένεσις,
3366 2954 3450 3019 ὧς
3482 2974 3643 3028 φησιν
3672 2957 3754 3026 ἐμ.

2187 3045 2462 3116 φαντικῶς
2494 3047 2523 3100 ὁ
2549 3045 2888 3112 διδάσκαλος,
2918 3047 2976 3112 ἐξ
3017 3046 3382 3115 ὑποκειμένης
3425 3045 3558 3116 ῦλης
3599 3047 3654 3100 ού
3680 3047 3752 3115 γίο

2182 3153 2353 3203 νεται,
2395 3137 2647 3210 καθάπερ
2677 3138 2746 3192 τὰ
2786 3137 3036 3208 σώματα,
3065 3138 3199 3192 ἀλλὰ
3231 3138 3310 3209 τῷ
3343 3138 3650 3210 βουλήματι
3673 3136 3751 3192 τοῦ

2181 3229 2320 3284 Θεοῦ
2351 3229 2442 3284 διὰ
2481 3232 2580 3300 τῆς
2614 3230 2852 3300 ζωτικῆς
2891 3230 3244 3300 ἐμπνεύσεως
3277 3231 3544 3302 ἀρρήτως
3584 3248 3642 3284 τε
3673 3231 3752 3284 καὶ

2182 3323 2499 3393 ὰγνὼστως,
2543 3324 2617 3387 ὡς
2662 3319 2768 3376 οἶδε
2815 3323 2972 3393 μόνος
3005 3325 3033 3376 ό
3059 3322 3260 3395 ταύτης
3303 3323 3655 3394 δημιουργός.
3692 3323 3752 3394 ,Ἦ

2186 3415 2335 3488 ψυχὴ
2377 3415 2439 3470 τὸ
2477 3411 2617 3470 εἶναι
2650 3414 3003 3487 λαμϐάνουσα
3043 3414 3184 3472 κατὰ
3215 3415 3316 3488 τὴν
3351 3415 3616 3488 σύλληψιν
3654 3414 3753 3486 ἅμα

2180 3509 2260 3578 τῷ
2293 3506 2508 3578 σώματι
2537 3511 2676 3578 πρὸς
2706 3510 2826 3572 ἐνὸς
2876 3507 3166 3580 ἀνθρώπου
3201 3509 3608 3580 συμπλήρωσιν
3639 3508 3750 3576 ἆγε-

2181 3616 2290 3663 ται,
2315 3599 2376 3651 τὸ
2405 3599 2460 3652 δὲ
2491 3599 2652 3669 σῶμα
2677 3603 2740 3653 ἐκ
2768 3599 2870 3669 τῆς
2895 3599 3265 3670 ὑποκειμένης
3294 3599 3433 3665 ὕλης
3463 3599 3558 3653 τοῦ
3588 3599 3750 3667 ἐτέρου

2183 3688 2384 3759 δηλαδὴ
2413 3689 2625 3756 γίνεται
2663 3689 2914 3756 σώματος
2962 3689 3109 3742 κατὰ
3156 3689 3256 3760 τὴν
3312 3689 3602 3758 σύλληψιν,
3651 3689 3752 3758 ἅμα

2181 3783 2249 3851 τῇ
2281 3771 2428 3850 ψυχῇ
2461 3779 2559 3852 τὴν
2577 3781 2622 3812 ⁶¹
2659 3779 2748 3832 τοῦ
2777 3780 2836 3832 ἒν
2876 3775 3017 3842 εἶδος
3047 3775 3190 3834 εἶναι
3241 3780 3338 3832 σὺν
3373 3781 3516 3851 αὐτῇ
3548 3779 3752 3852 δεχόμε-

2183 3891 2272 3926 νον
2310 3871 2583 3925 σύνθεσιν.
2624 3872 2802 3944 Ὅπερ
2837 3871 3072 3942 ἀλλαχοῦ
3104 3873 3440 3942 τρανότερον
3493 3871 3751 3943 ἐμφαίνων

2183 3963 2350 4035 φησὶν
2395 3951 2432 4016 ό
2463 3963 2806 4028 διδάσκαλος,
2855 3983 2872 4016 ι
2898 3965 3056 4018 Κατὰ
3097 3965 3196 4036 τὴν
3241 3963 3440 4034 διπλῆν
3470 3963 3566 4018 τοῦ
3597 3965 3752 4032 ἐμφυ·

2185 4059 2431 4128 σήματος
2471 4055 2723 4126 δύναμιν,
2777 4056 2872 4109 καὶ
2921 4055 3092 4126 πνοὴν
3143 4057 3534 4126 ἐμφυσώμενοι
3577 4053 3752 4112 πάντες

2182 4150 2280 4204 καὶ
2314 4149 2543 4220 Πνεῦμα
2595 4149 2752 4216 ἅγιον
2781 4148 3220 4218 (5).»Μεριστέον
3236 4149 3280 4180 ⁸³
3309 4144 3406 4202 οὖν
3445 4150 3514 4216 τῇ
3561 4143 3751 4211 ἐπινοίᾳ

2184 4242 2328 4297 κατὰ
2367 4243 2468 4311 τὴν
2510 4241 2773 4310 σύλληψιν
2811 4241 2873 4294 τὸ
2921 4240 3021 4311 μὲν
3071 4240 3302 4302 ζωτικὸν
3338 4240 3641 4310 ἐμφύσημα
3673 4233 3751 4287 καὶ

495 4335 607 4400 tite,
639 4343 694 4390 et
724 4333 1033 4389 incarnatio
1051 4347 1216 4405 atque
1241 4335 1537 4391 insulilatio
1570 4337 1823 4407 corporis
1843 4345 2078 4400 naturae,

2186 4335 2246 4387 τὸ
2273 4333 2502 4404 Πνεῦμα
2530 4332 2590 4387 τὺ
2622 4333 2775 4399 ἆγιον
2805 4331 2886 4403 τῇ
2905 4333 3069 4404 νοερᾷ
3096 4332 3192 4402 τῆς
3224 4331 3404 4403 ψυχῆς
3441 4331 3622 4400 οὐσία,
3657 4327 3744 4396 τὴν

495 4429 964 4498 quemadmodum
998 4429 1192 4484 Patres
1219 4429 1400 4484 aiunt.
1449 4429 1515 4484 Et
1544 4429 1918 4500 progenitoris
1952 4430 2082 4484 Adae

495 4521 726 4592 mystice
759 4519 1030 4591 producta
1050 4531 1134 4576 est
1178 4521 1484 4592 generatio,
1530 4522 1692 4577 aliam
1755 4521 1951 4577 anima.-
1985 4521 2082 4576 lia-

494 4612 633 4668 bens
650 4612 1066 4682 exsistendique
1096 4613 1370 4668 rationem
1399 4623 1455 4667 et
1487 4613 1796 4669 nativitatis
1825 4613 2077 4674 modum,

494 4710 554 4757 et
581 4703 744 4756 aliam
768 4701 1033 4756 nimirum
1083 4706 1359 4774 corporis,
1390 4705 1535 4758 sicut
1565 4704 1770 4759 divinae
1806 4720 1908 4759 nos
1963 4719 2079 4758 ma-

496 4794 692 4866 gniﬁce
718 4793 1031 4850 docuerunt
1060 4794 1300 4858 Litteraa,
1319 4812 1429 4850 non
1455 4796 1702 4851 sinentcs
1725 4806 1785 4850 ut
1809 4796 1991 4850 anima
2023 4803 2080 4849 et

497 4901 702 4955 corpus
739 4901 852 4940 uno
875 4885 1180 4954 eodemque
1215 4887 1382 4941 modo
1435 4886 1810 4957 generationis
1837 4885 2072 4940 invicem

496 4974 884 5029 concurrentia
903 4976 1717 5032 commiscerentursecundum
1731 4987 2008 5041 naturam,
2023 4987 2080 5032 ct

500 5065 854 5135 ignoraretur
875 5068 1140 5136 cujusque
1162 5069 1304 5122 ratio
1326 5056 1582 5122 essentia:
1609 5076 1665 5122 et
1687 5067 2080 5138 modus'gene-

498 5154 748 5209 rationis.

2183 4425 2240 4478 δὲ
2275 4425 2552 4494 σάρκωσιν
2583 4423 2679 4476 καὶ
2713 4423 2810 4495 τὴν
2846 4421 3012 4492 πνοὴν
3059 4425 3124 4494 τῇ
3157 4421 3319 4491 φύσει
3358 4421 3458 4474 τοῦ
3493 4419 3746 4490 σώματος,

2186 4515 2371 4578 καθὼς
2407 4515 2458 4568 οἱ
2498 4515 2743 4584 Πατέρες
2792 4513 3012 4582 φασίθῆ
3051 4514 3162 4566 Καὶ
3205 4516 3240 4584 ἡ
3283 4511 3380 4566 τοῦ
3423 4512 3748 4583 προπάτορος

2195 4607 2370 4676 ’Ᾱδὰμ
2413 4605 2694 4676 μυστικῶς
2743 4604 2998 4676 παρήχθη
3036 4605 3270 4673 γένεσις,
3315 4604 3508 4675 ἕτερον
3540 4603 3636 4670 τῆς
3661 4598 3750 4668 ψυ-

2182 4699 2284 4770 χῆς
2315 4698 2515 4768 ἔχουσα
2547 4696 2638 4750 τόν
2669 4714 2728 4748 τε
2755 4695 2850 4748 τοῦ
2879 4691 3020 4749 εἶναι
3039 4695 3197 4764 λόγον
3227 4696 3321 4748 καὶ
3353 4696 3445 4748 τὸν
3477 4692 3572 4747 τοῦ
3611 4686 3748 4759 γενέ-

2185 4790 2310 4842 σθαι
2344 4789 2568 4859 τρόπον,
2613 4789 2709 4842 καί
2735 4789 2922 4858 ἓτερον
2956 4786 3155 4858 δηλαδὴ
3180 4786 3276 4839 τοῦ
3325 4786 3597 4856 σώματος,
3619 4778 3747 4844 dig"

2183 4881 2244 4933 τὸ
2275 4880 2419 4934 θεῖον
2447 4881 2596 4952 ἡμᾶς
2633 4879 2990 4952 μεγαλοφυῶς
3026 4878 3462 4949 ὲμυσταγώγησε
3512 4876 3746 4946 γράμμα.

2187 4973 2262 5043 μὴ
2295 4972 2612 5044 συγχωροῦν
2640 4974 2740 5042 τὴν
2771 4971 2948 5042 ψυχὴν
2993 4972 3089 5026 καὶ
3118 4971 3177 5024 τὸ
3209 4971 3370 5040 σῶμα
3395 4968 3520 5024 καθ’
3546 4968 3640 5022 ἕνα
3667 4962 3748 5018 καί

2183 5066 2274 5118 τὸν
2318 5066 2481 5118 αὑτὸν
2526 5065 2727 5135 τρόπον
2759 5065 2859 5135 τῆς
2882 5066 2928 5097 ⁸⁸
2955 5064 3224 5134 γενέσεως
3266 5062 3517 5134 ἀλλήλοις
3559 5069 3742 5128 συμπει

2186 5155 2346 5208 σόντα
2381 5157 2624 5226 ᾳυρῆναι
2659 5157 2800 5210 κατὰ
2832 5157 2930 5226 τὴν
2959 5156 3124 5226 φύσιν
3159 5158 3256 5210 καί
3286 5155 3377 5209 τὸν
3404 5155 3632 5208 ἑκάστου
3660 5147 3743 5214 τῆς

2184 5247 2372 5312 οὐσίας
2385 5247 2540 5316 λόγον
2557 5249 2910 5319 ἀγνοηθῆναι,
2929 5250 3023 5301 καί
3042 5249 3132 5302 τὸν
3147 5249 3244 5318 τῆς
3260 5247 3528 5316 γενέσεως
3547 5241 3738 5313 τρόπον·

1783 5375 2016 5430 VARI/ii
2051 5377 2456 5436 Li‘LCTlONES.

569 5484 616 5517 ⁸⁵
632 5482 835 5536 δίκαιο-
869 5485 1291 5554 suspicabantur
1313 5485 1553 5541 editores
1578 5487 1825 5542 Galland.

1901 5490 1942 5520 ⁸⁷
1965 5492 2310 5546 παντάπασιν
2340 5509 2450 5547 om.
2483 5494 2570 5546 ed.
2613 5493 2864 5548 Galland.

2941 5495 2986 5526 ⁸⁸
3004 5495 3204 5560 γνῶσιν
3229 5495 3314 5547 ed.
3351 5493 3486 5549 Call.
3562 5489 3604 5521 ⁸⁵
3626 5482 3740 5560 api;

497 5545 762 5643 ἄλλοίμυὶιι
799 5545 1078 5642 habet-ed;
1112 5555 1249 5609 Gtil.
1327 5559 1371 5587 "°
1405 5559 1672 5618 συνθέτως
1700 5559 1788 5612 ed.
1820 5559 1959 5614 Call.
2040 5562 2080 5591 ⁶¹

2194 5545 2643 5643 ρωηιιξ
2962 5545 3059 5643 at,
3091 5545 3179 5618 ea.
3215 5545 3482 5643 qui:
3511 5545 3739 5643 μξρεῖέᾖν

498 5624 588 5676 ed.
621 5623 758 5678 Gatl.
874 5629 916 5656 δ’
949 5625 1108 5689 φαῑίν
1135 5627 1220 5678 cJ.
1261 5627 1398 5679 Call.
1478 5629 1522 5660 ⁶⁸
1553 5629 1798 5697 σώματος
1832 5633 1899 5680 τῖλε

501 5695 546 5724 ⁸⁸
574 5693 711 5748 Cod.
753 5694 894 5750 Gud.
928 5696 1297 5764 apag-apltun;
1329 5698 1492 5753 habet
1519 5699 1611 5751 καὶ
1652 5715 1746 5768 pro
1782 5701 1899 5770 τῆς.

874 5629 916 5656 δ’
949 5625 1108 5689 φῖιῑίν
1135 5627 1220 5704 0d.
1261 5627 1398 5679 Call.
1478 5629 1522 5660 ⁶⁸
1553 5629 1798 5697 σώματος
1832 5633 1917 5680 τῖιν
1948 5629 2038 5682 τοῦ
2073 5650 2083 5682 ε

2195 5620 2212 5682 ι’
2248 5633 2401 5702 3.5m;
2432 5636 2522 5686 7.2.".
2553 5633 2643 5686 τοῦ
2673 5620 2933 5701 γενέτῧσί
2963 5620 3182 5704 τρόπον,
3218 5634 3314 5698 ὡς,
3339 5643 3470 5698 etc.,
3499 5620 3593 5686 éa.‘
3616 5620 3737 5681 Gall-

576 5812 692 5880 (57)
738 5810 896 5884 Crrg.
937 5813 1065 5866 l‘faz.
1108 5811 1199 5864 Cr.
1258 5817 1411 5871 tlzcol.
1458 5820 1488 5882 4
1517 5819 1586 5902 de_
1631 5818 1790 5886 Filio,
1843 5838 1961 5890 cap.
2001 5822 2091 5886 ἓξ),
2121 5839 2174 5891 p.
2219 5823 2341 5886 5555,
2387 5829 2516 5875 tom.
2554 5823 2572 5876 Ι
2612 5822 2749 5892 Opp.
2798 5824 2929 5879 edit.
2979 5824 3184 5879 Beucd.
