4012 6406
332 387 352 451 ι
366 389 468 450 7-3225

1558 384 1598 438 Α
1609 381 1655 438 Μ
1672 381 1792 438 [illi
1805 378 2010 437 UOI-iU
2023 378 2074 436 Μ
2111 377 2360 436 LIBER.

1993 247 2038 259 ’ν
2079 240 2321 272 τωο-

3443 369 3464 430 1
3475 368 3577 430 326

395 498 465 550 "El
513 495 571 548 δὲ
621 496 701 565 τῷ
743 495 915 566 ’Λδὰμ
965 493 1458 564 ἐνηκολούθησεν⁶7
1507 495 1539 560 ἡ
1593 491 1756 560 διπλῆ
1799 493 1892 546 τοῦ

2071 489 2224 555 Quod
2243 490 2286 542 si
2313 488 2518 541 Adamo
2535 495 2932 556 consequenter
2948 484 3178 553 contigit
3192 482 3389 551 duplex
3407 480 3578 535 insuf-

328 590 724 658 ἐμφυσήματος
751 588 979 656 δύναμις
1027 587 1165 639 κατὰ
1197 586 1295 655 τὴν
1330 585 1408 646 εἰς
1431 583 1489 636 τὸ
1526 578 1662 636 εἶναι
1689 583 1903 650 γένεσιν

331 679 650 749 σύνδρομος,
677 679 732 731 τί
763 679 829 732 ἄν
851 695 934 740 τις
955 678 1100 730 εἴποι
1127 693 1192 728 πε
1201 677 1254 744 pi
1283 673 1376 726 τοῦ
1407 675 1549 726 κατὰ
1570 674 1667 744 τὴν
1696 675 1907 744 ἀνθρω-

331 773 542 840 πότητα
567 769 980 840 συναμφοτέρου
1024 767 1119 821 τοῦ
1162 766 1296 818 Θεοῦ
1331 765 1425 818 καὶ
1475 767 1724 836 Σωτῆρος
1750 767 1906 836 ἡμῶν

349 862 526 932 Ἰησοῦ
561 861 820 932 Χριστοῦ.
875 861 1054 931 ψυχῆς
1111 859 1256 928 λέγω
1312 861 1408 912 καὶ
1450 857 1739 928 σώματος;
1767 859 1904 929 ὅπερ

331 955 523 1022 κρᾶμα
575 953 720 1004 κατὰ
765 951 828 1004 τὸ
879 951 1102 1004 δυνατὸν
1151 950 1453 1020 ἐμφέρειαν
1505 948 1668 1013 σώζει
1703 949 1904 1020 πολλὴν

335 1042 472 1112 πρὸς
519 1043 611 1096 τὸν
663 1041 877 1110 πρῶτον
963 1041 1156 1110 Ἀδάμ.
1221 1041 1434 1110 ’Ὠσπερ
1496 1039 1627 1109 γὰρ,
1678 1040 1754 1102 ὡς
1813 1040 1910 1092 αύ-

335 1132 424 1193 τός
457 1149 620 1200 φησιν
660 1134 686 1186 ό
737 1131 1076 1195 διδάσκαλος,
1138 1131 1290 1200 παρὰ
1343 1130 1443 1200 τῆς
1473 1129 1607 1200 ὕλης
1638 1130 1698 1183 τὸ
1748 1129 1908 1200 σῶμα

338 1222 521 1290 (230
544 1223 596 1290 α)
645 1221 828 1274 λαϐὼν
858 1223 886 1272 ὀ
924 1223 1076 1285 Θεὸς,
1098 1221 1373 1284 νεοτελοῦς
1391 1221 1437 1254 ⁸³
1487 1221 1728 1291 δηλονότι
1757 1238 1909 1299 atpo-

339 1313 672 1381 ὓποστάσης,
700 1312 830 1383 παρ’
859 1311 1053 1364 ἑαυτοῦ
1079 1311 1134 1364 δὲ
1165 1312 1308 1382 ζωὴν
1334 1312 1527 1376 ἐνθεὶς,
1562 1313 1590 1366 ὃ
1619 1313 1681 1384 δὴ
1713 1331 1797 1364 vos
1811 1314 1909 1382 ρὰν

335 1403 510 1473 ψυχὴν
538 1405 632 1456 καὶ
667 1405 851 1456 εἰκόνα
873 1403 1009 1456 Θεοῦ
1037 1400 1176 1455 οἶδεν
1208 1406 1236 1456 ό
1263 1405 1442 1470 λόγος,
1477 1403 1800 1474 δημιουργεί
1820 1404 1910 1456 τὸν

340 1497 648 1564 ἄνθρωπον,
681 1495 772 1547 τὸν
793 1495 956 1548 αὑτὸν
979 1495 1182 1561 τρόπον
1207 1497 1298 1548 καὶ
1329 1495 1386 1560 ἐξ
1403 1496 1669 1565 ἀχράντου
1701 1494 1908 1562 Παρθέ-

337 1603 429 1639 νου
457 1588 622 1638 οἱονεὶ
644 1587 745 1654 γῆς
777 1588 1045 1656 ἀμιάντου
1078 1587 1140 1638 τὸ
1180 1586 1338 1656 σῶμα
1370 1587 1572 1652 λαϐὼν,
1610 1589 1742 1658 παρ’
1779 1589 1910 1640 ἐαυ-

337 1675 432 1728 τὉῦ
457 1675 512 1728 δέ
545 1675 687 1745 ζωὴν
719 1675 913 1735 ἐνθεὶς,
950 1675 978 1728 ὃ
1005 1677 1068 1745 δὴ
1090 1676 1268 1747 ψυχὴν
1289 1679 1332 1711 θ’
1357 1680 1550 1748 νοερὰν
1587 1679 1682 1730 καὶ
1729 1679 1911 1732 εικόνα

338 1766 472 1820 Θεοῦ
499 1763 638 1819 ὸῖδεν
655 1769 683 1819 ό
702 1768 878 1835 λόγος,
902 1770 964 1820 τὸ
981 1769 1174 1822 ἑαυτοῦ
1197 1769 1536 1840 ἀνθρώπινον
1551 1771 1597 1803 ⁷⁸
1617 1771 1708 1838 ἐδη
1720 1771 1843 1840 μιού
1855 1787 1912 1840 ρ-

2007 581 2248 637 llationis
2288 581 2462 633 virtus
2491 593 2830 633 concurrens
2861 578 2926 630 ad
2959 575 3298 629 eisislentiae
3323 588 3582 643 procrea-

2011 667 2238 734 tionem,
2271 669 2402 739 quid
2429 667 2614 721 dicere
2639 667 2763 736 quis
2793 667 2968 719 valeat
2996 665 3062 719 dc
3089 665 3200 718 Deo
3221 671 3272 716 et
3301 662 3582 716 Salvatore

2009 771 2198 816 nostro
2239 761 2370 816 Jesu
2425 759 2664 818 Christo,
2699 757 2793 828 qui
2844 755 3151 810 secundum
3181 755 3580 808 humanitatem

2009 863 2310 922 utrumque
2336 851 2522 915 habet,
2559 851 2796 905 animam
2827 848 3087 902 videlicet
3119 853 3176 900 et
3205 849 3584 915 corpus'lquaa

2008 945 2317 1013 complexio
2345 953 2614 1012 quantum
2640 941 2754 994 ﬁeri
2788 948 2970 1010 potest
2993 952 3242 1009 magnam
3268 935 3584 990 similitudi-

2010 1051 2135 1090 nem
2193 1043 2380 1089 servat
2435 1049 2561 1089 cum
2615 1032 2798 1104 primo
2852 1031 3048 1086 Adam.
3109 1028 3583 1096 Quemadmodum

2009 1126 2180 1191 enim,
2237 1126 2382 1180 sicut
2408 1125 2554 1180 idem
2612 1125 2690 1178 ait
2721 1125 2934 1187 doctor,
2989 1139 3020 1176 a
3080 1121 3314 1175 materia
3361 1121 3588 1190 capiens

2010 1234 2211 1290 corpus
2233 1219 2398 1281 Deus,
2422 1233 2542 1289 quae
2560 1233 2748 1271 recens
2770 1215 3029 1270 videlicet
3053 1212 3388 1268 subsistebat
3403 1220 3584 1271 antea.

2011 1325 2042 1363 a
2065 1325 2123 1365 se
2140 1325 2273 1364 vero
2309 1312 2476 1364 vitam
2503 1307 2718 1370 indens,
2753 1306 2900 1376 quod
2944 1305 3202 1358 nimirum
3245 1304 3590 1358 intellectua-

2010 1401 2116 1455 lem
2145 1403 2387 1456 animam
2413 1409 2470 1456 et
2498 1401 2792 1470 imaginem
2817 1399 2912 1453 Dei
2947 1398 3234 1469 Scriptura
3291 1395 3584 1464 intelligit,

2011 1491 2290 1544 hominem
2306 1489 2634 1551 eﬂ'ormavit,
2654 1487 2798 1542 haud
2817 1489 2974 1542 aliter
2995 1486 3162 1542 etiam
3183 1501 3248 1540 ex
3270 1484 3588 1539 intaminata

2010 1583 2233 1653 Virgine
2259 1591 2517 1650 tanquam
2539 1581 2862 1634 intemerata
2888 1587 3034 1632 terra
3055 1593 3256 1646 corpus
3277 1591 3587 1637 assumens,

2013 1690 2076 1730 ex
2109 1689 2167 1728 se
2191 1685 2371 1728 autem
2407 1673 2574 1726 vitam
2602 1671 2818 1732 indens,
2862 1669 3009 1738 quod
3056 1667 3316 1721 nimirum
3349 1666 3586 1720 animam

2016 1765 2442 1820 intellectualem
2501 1772 2560 1818 et
2617 1763 2715 1818 Dei
2766 1762 3056 1833 imaginem
3093 1759 3378 1829 Scriptura
3411 1758 3586 1823 novit,

339 1874 529 1928 γησεν,
571 1859 602 1929 ἢ
649 1859 842 1913 ἑαυτὸν
865 1861 1148 1930 ἀτρέπτως
1183 1861 1323 1914 κατὰ
1351 1861 1656 1932 πρόσληψιν
1686 1863 1908 1932 σαρκὸς,

2017 1858 2414 1912 humanitatem
2436 1871 2590 1911 suam
2615 1865 2874 1926 operatus
2889 1862 2991 1918 est,
3011 1853 3097 1908 vel
3117 1853 3358 1923 seipsum
3387 1851 3590 1906 immu-

339 1950 544 2018 νοερῶς
563 1967 624 2002 τε
655 1951 752 2004 καὶ
775 1951 1009 2019 λογικῶς
1055 1953 1432 2023 ἐψυχωμένης,
1480 1953 1549 2007 δι’
1582 1955 1729 2023 ἡμᾶς
1753 1955 1910 2006 ἑκου-

344 2040 474 2102 σίως
499 2041 574 2096 ὡς
608 2043 1017 2114 παντοδύναμος
1057 2045 1475 2128 δημιουργήσας
1521 2047 1778 2117 ἐποίησεν
1809 2045 1910 2101 ’ἇν-

343 2131 371 2182 θ
382 2147 579 2199 ρωπον.

409 2222 588 2294 Ταύτῃ
623 2224 754 2291 γοῦν
785 2231 880 2278 καὶ
909 2229 1280 2297 τετιμηκέναι,
1313 2229 1566 2298 καθάπερ
1593 2225 1766 2297 οἶμαι,
1803 2245 1908 2296 φη·

343 2315 426 2366 σὶν
478 2318 506 2366 ό
540 2315 858 2380 διδάσκαλος
917 2319 1008 2370 τὸν
1045 2319 1249 2388 Κύριον
1277 2319 1434 2390 ἡμῶν
1469 2321 1561 2371 καὶ
1611 2321 1744 2371 Θεὸν
1799 2319 1900 2388 τὴν

342 2407 464 2458 καθ’
492 2409 638 2476 ημᾶς
661 2409 890 2478 τρισσὴν
918 2409 1196 2478 γέννησιν,
1226 2411 1471 2462 τουτέστι
1501 2411 1627 2472 τοὺς
1677 2408 1910 2462 καθόλου

340 2497 574 2563 τρόπους
621 2500 721 2567 τῆς
762 2498 918 2567 ἡμῶν
966 2501 1045 2561 εἰς
1093 2499 1155 2551 τὸ
1192 2495 1328 2552 εἶναι
1378 2501 1474 2552 καὶ
1497 2499 1622 2552 ea“
1659 2497 1724 2553 εὖ
1773 2497 1910 2553 εἶναι

343 2589 436 2640 καὶ
475 2588 564 2642 ἀεὶ
597 2584 733 2642 εἶναι
761 2589 1054 2655 γενέσεως,
1085 2590 1183 2661 τὴν
1211 2592 1308 2660 μὲν
1344 2594 1408 2643 ἐκ
1447 2591 1741 2660 σωμάτων.
1775 2591 1905 2662 μίαν

341 2673 508 2731 οὖσαν
545 2680 637 2732 τοῦ
671 2682 1093 2752 συναμφοτέρου
1121 2683 1260 2735 κατὰ
1286 2683 1385 2752 τὴν
1411 2682 1529 2750 ἅμα
1573 2681 1683 2734 τῶν
1734 2683 1914 2754 μερῶν

347 2769 595 2839 ἀλλήλοις
628 2772 979 2843 συνύπαρξιν,
1012 2773 1190 2842 ψυχῆς
1245 2773 1388 2841 λέγω
1413 2775 1506 2826 καὶ
1539 2773 1803 2843 σώματος.
1835 2776 1915 2838 εἰς

344 2857 440 2910 δύο
481 2858 886 2930 διαιρουμένην,
948 2863 1035 2915 διὰ
1075 2863 1166 2914 τὸν
1211 2865 1446 2932 ἑτεροῖον
1499 2865 1596 2930 τῆς
1649 2865 1912 2936 ἐκατέρου

343 2951 613 3015 γενέσεως
642 2952 864 3022 τρόπον,
915 2952 985 3005 δι’
1007 2949 1076 3026 ἦς
1103 2953 1164 3006 τὸ
1204 2949 1342 3007 εἶναι
1391 2954 1761 3024 λαμϐάνομεν,
1809 2956 1909 3025 τὴν

341 3037 399 3092 δὲ
437 3043 500 3092 ἐκ
553 3040 950 3112 βαπτίσματος.
987 3043 1109 3097 καθ’
1159 3047 1225 3114 ἢν
1253 3044 1315 3097 τὸ
1363 3043 1426 3098 εὖ
1455 3041 1595 3098 εἶναι
1640 3045 1915 3108 πλουσίως

341 3131 730 3201 ὑποδεκόμεθα,
770 3135 869 3204 τὴν
905 3135 962 3187 δὲ
1004 3134 1062 3200 ἐξ
1117 3136 1486 3199 ἀναστάσεως,
1520 3135 1644 3189 καθ’
1669 3136 1736 3206 ἢν
1780 3137 1915 3208 πρὸς

2013 1951 2260 2004 tabiliter
2304 1949 2608 2004 secundum
2643 1946 3072 2016 assumptionem
3111 1945 3322 2008 carnis,
3373 1943 3593 1999 intelle~

2011 2042 2273 2096 ctualiter
2293 2040 2748 2110 rationaliterque
2779 2039 2959 2093 anima
2969 2047 3291 2108 taz,propter
3307 2051 3405 2090 nos
3425 2052 3593 2107 spon-

2023 2143 2100 2199 te,
2127 2132 2344 2204 'utpote
2373 2133 2728 2203 omnipotens
2787 2131 3072 2195 Conditor,
3117 2129 3395 2184 hominem
3439 2129 3590 2185 fecit.

2090 2225 2207 2280 Hoc
2255 2225 2476 2295 quidem
2503 2233 2666 2296 pacto
2705 2233 2764 2279 et
2790 2225 3091 2278 honorasse
3116 2223 3270 2286 dicit,
3297 2223 3442 2277 sicut
3479 2209 3595 2276 exi;

2015 2317 2199 2376 Stimo.
2236 2319 2492 2388 magister
2543 2317 2836 2372 Dominum
2863 2317 3104 2370 etDeum
3130 2325 3379 2370 nostrum
3418 2315 3596 2384 tripli-

2015 2423 2132 2462 cem
2168 2417 2417 2462 nostram
2459 2409 2827 2472 nativitatem,
2852 2407 2920 2462 ‘id
2967 2418 3052 2461 est
3081 2406 3366 2480 generales
3401 2406 3596 2462 modos

2016 2499 2392 2568 generationis
2422 2507 2628 2564 nostra:
2662 2501 2719 2552 in
2748 2499 3144 2563 exsistentiam,
3182 2499 3236 2551 in
3267 2498 3465 2552 bonam
3495 2513 3592 2552 ex-

2017 2587 2346 2652 sistentiam,
2371 2587 2425 2642 in
2443 2598 2704 2643 aeternam
2729 2588 3104 2643 exsistentiam
3129 2589 3590 2658 :generationem,

2017 2678 2272 2745 inquam,
2330 2693 2399 2732 ex
2443 2678 2790 2748 corporibus,
2847 2695 2968 2748 quae
3025 2695 3132 2733 una
3180 2690 3266 2736 est
3309 2681 3595 2750 utriusque

2017 2768 2319 2822 secundum
2351 2777 2594 2823 mutuam
2623 2770 2860 2838 partium
2883 2770 3026 2826 inter
3046 2786 3104 2825 se
3122 2771 3592 2834 coexsistentiam,

2015 2859 2212 2913 animae
2238 2859 2496 2914 videlicet
2533 2868 2589 2915 et
2637 2861 2919 2930 corporis,
2965 2863 3060 2916 sed
3105 2862 3354 2917 bifariam
3395 2863 3594 2928 divisa,

2017 2960 2244 3021 propter
2273 2953 2551 3007 diversum
2592 2955 2882 3024 utriusque
2929 2957 3300 3025 generationis
3345 2956 3591 3022 modum,

2017 3055 2114 3108 per
2147 3056 2310 3110 quam
2337 3042 2710 3097 exsistentiam
2767 3045 3098 3114 accipimus;
3139 3046 3368 3101 alteram
3395 3063 3461 3101 ex
3498 3046 3597 3100 ba-

2018 3132 2304 3202 ptismate,
2332 3150 2432 3202 per
2453 3151 2614 3204 quam
2643 3135 2785 3191 bene
2807 3153 2927 3191 esse
2941 3137 3158 3193 abunde
3181 3141 3591 3210 consequimur;

337 3221 402 3272 διὸ
433 3195 686 3273 ἀεί-εἷναι
713 3223 804 3274 διὰ
826 3195 1064 3292 ’χάριτος
1109 3195 1574 3292 μεταποιούμεθα.
1643 3195 1910 3294 ’Ᾰκριέῶς

2020 3223 2234 3277 tertiam
2262 3240 2330 3278 ex
2368 3227 2798 3291 resurrectione,
2833 3245 2938 3298 qua
3007 3229 3072 3282 ad
3123 3241 3385 3286 aeternam
3445 3233 3594 3288 exsi-

336 3311 522 3365 ιτοενυν
553 3313 634 3366 δεῖ
675 3317 788 3377 τοῖς
830 3315 926 3368 τοῦ
975 3315 1294 3368 διδασκάλου
1321 3316 1502 3382 λόγοις
1541 3315 1904 3386 ἐπισκήπτειν

339 3399 429 3453 διὰ
451 3403 574 3464 τοὺς
605 3404 952 3474 ἐπηρεαστὰς
981 3403 1086 3457 τῶν
1115 3405 1298 3468 καλῶς
1340 3406 1630 3476 κειμένων.
1681 3407 1763 3476 Τῇ
1803 3409 1912 3478 γὰρ

340 3491 557 3562 ἐπινοίᾳ.
582 3493 714 3564 μόνη
740 3494 930 3551 διελὼν
957 3497 1055 3564 τὴν
1107 3497 1174 3548 ἐκ
1224 3495 1495 3565 σωμάτων
1529 3495 1785 3564 γέννησιν
1821 3497 1914 3549 διὰ

339 3582 440 3650 τὴν
473 3583 826 3637 ἀποδοθεῖσαν
855 3585 1056 3648 αἰτίαν,
1087 3585 1200 3655 ἅμα
1225 3589 1292 3656 τῇ
1318 3587 1576 3656 συλλήψει
1607 3588 1750 3639 κατὰ
1783 3603 1916 3642 ταυ-

341 3672 436 3726 τὸν
485 3677 742 3745 χρονικῆς
797 3677 906 3728 οὐδ’
961 3677 1095 3740 ὅλως
1153 3679 1326 3748 ῥοπῆς
1389 3678 1911 3749 προεπινοουμένης,

342 3765 625 3834 εἰληφέναι
683 3767 775 3820 τὸν
827 3768 1028 3838 Κύριον
1081 3769 1142 3821 τὸ
1211 3768 1441 3833 ζωτικὸν
1493 3769 1730 3839 πνεῦμα,
1792 3769 1912 3840 ἦτοι

343 3857 647 3926 ἐμφύσημα
679 3859 821 3913 κατὰ
849 3860 909 3912 τὸ
935 3859 1280 3930 ἀνθρώπινον
1305 3860 1494 3924 αὐτοῦ,
1530 3861 1674 3929 λέγω
1717 3861 1774 3914 δὲ
1813 3861 1914 3929 τὴν

343 3949 534 4018 νοερὰν
567 3949 746 4020 ψυχὴν
771 3952 912 4020 μετὰ
949 3951 1041 4004 τοῦ
1083 3951 1334 4020 σώματος
1367 3953 1462 4005 τοῦ
1506 3955 1570 4006 ἐκ
1597 3954 1694 4021 τῆς
1715 3954 1915 4022 ἀχρόιν-

343 4055 439 4090 του
472 4039 747 4108 Παρθένου
773 4043 845 4100 τ’,
875 4041 970 4094 καὶ
995 4044 1054 4094 οὑ
1093 4043 1231 4112 μετὰ
1260 4045 1358 4113 τὴν
1391 4043 1674 4114 σύλληψιν,
1715 4045 1743 4096 ὁ
1773 4043 1918 4097 διδά-

347 4129 540 4194 σκαλος
575 4131 889 4204 διορίζεται.

345 4436 500 4505 Πρὸς
521 4440 666 4508 τοὺς
703 4441 996 4513 λέγοντας
1035 4441 1444 4512 προϋπάρχειν
1479 4441 1598 4496 τῶν
1627 4439 1915 4512 σωμάτων

941 4532 1048 4600 τὰς
1083 4534 1308 4604 Ψυχὰς-

2023 3315 2291 3369 stentiam
2327 3331 2426 3386 per
2455 3319 2684 3388 gratiam
2713 3331 3138 3376 commutamur.
3165 3323 3468 3392 Diligenter
3491 3326 3594 3397 igi-

2023 3413 2111 3458 tur
2145 3408 2541 3461 attendendnm
2581 3421 2666 3463 est
2744 3411 2928 3466 verbis
2963 3414 3211 3484 magistri
3253 3425 3479 3486 propter
3500 3433 3594 3471 ca-

2019 3491 2386 3550 lumniatores
2443 3512 2634 3551 eorum
2688 3515 2812 3568 quae
2841 3502 3014 3570 probe
3047 3513 3213 3558 stant.
3275 3506 3399 3560 Sola
3445 3508 3595 3560 enim

2020 3585 2354 3654 cogitatione
2378 3587 2725 3658 distinguens
2773 3593 3116 3648 nativitatem
3150 3612 3216 3649 ex
3245 3599 3593 3667 corporibus,

2015 3686 2240 3743 propter
2267 3677 2486 3730 allatam
2518 3679 2806 3745 rationem,
2841 3682 3004 3737 simul
3035 3699 3158 3738 cum
3207 3689 3594 3757 conceptione,

2015 3780 2086 3818 ne
2119 3767 2383 3836 temporis
2431 3779 2710 3824 momento
2787 3773 3012 3842 quidem
3049 3778 3466 3845 praeintellecto.
3500 3797 3594 3836 ac-

2016 3857 2226 3926 cepisse
2267 3857 2558 3914 Dominum
2611 3863 2832 3918 vitalem
2881 3863 3158 3935 spiritum,
3208 3869 3322 3923 sive
3362 3870 3596 3940 inspira-

2020 3949 2245 4012 tionem,
2301 3966 2404 4019 pro
2431 3951 2776 4009 humanitate
2831 3972 2952 4022 sua,
2996 3958 3101 4012 hoc
3127 3969 3212 4014 est
3243 3962 3478 4016 animam
3509 3964 3598 4018 in-

2021 4039 2392 4098 tellectualem
2420 4060 2526 4098 una
2565 4061 2690 4100 cum
2731 4063 2963 4117 corpore
2993 4066 3059 4103 ex
3099 4050 3448 4108 immaculata
3479 4057 3600 4110 Vir-

2019 4131 2168 4200 gine,
2227 4140 2284 4188 et
2329 4150 2442 4191 non
2473 4145 2600 4206 post
2641 4141 3079 4210 conceptionem,
3142 4144 3336 4202 dclinit
3367 4147 3595 4202 'doctor.

2023 4439 2220 4494 Contra
2247 4457 2332 4496 eos
2359 4444 2448 4514 qui
2471 4443 2652 4498 dicunt
2675 4448 2884 4501 animas
2917 4459 3038 4502 ante
3067 4468 3289 4520 corpora
3327 4456 3594 4510 exsistere.

416 4641 570 4706 Τινὲς
621 4645 718 4712 μὲν
759 4647 868 4713 γάρ
895 4663 1078 4716 φασιν,
1123 4647 1198 4710 ὡς
1255 4647 1358 4716 ἤδη
1394 4646 1684 4716 προλαϐὼν
1735 4645 1897 4716 ἔφην,

2085 4639 2318 4706 Quidam
2381 4641 2528 4695 enim
2599 4642 2811 4706 dicunt,
2861 4645 2942 4698 uti
2987 4647 3098 4718 jam
3149 4649 3410 4718 przel'atus
3451 4669 3596 4717 sum,

344 4735 724 4806 προϋπάρχειν
769 4733 955 4808 (230
991 4738 1042 4810 ό)
1100 4739 1209 4793 τῶν
1265 4740 1528 4809 σωμάτων
1576 4739 1673 4800 τὰς
1715 4737 1911 4809 ψυχὰς.

341 4823 486 4884 τινὲς
511 4823 562 4856 ⁷⁸
587 4825 637 4878 δὲ
667 4827 728 4876 τὸ
761 4827 1027 4890 ἐναντίον,
1057 4827 1168 4880 τῶν
1214 4827 1400 4897 ψυχῶν
1438 4829 1811 4898 προϋπάρχειν
1839 4829 1904 4880 ri

343 4913 592 4984 σώματα.
621 4916 814 4987 Ἡμεῖς
835 4918 1012 4990 δὲτὴν
1032 4921 1208 4991 μέσην
1229 4920 1344 4974 ὁδὸν
1371 4921 1447 4984 ὡς
1471 4920 1755 4994 βασιλικὴν
1773 4919 1916 4974 κατὰ

337 5010 470 5070 τοὺς
500 5011 747 5080 πατέρας
771 5011 930 5081 ἡμῶν
962 5013 1238 5076 ὁδεύοντες
1269 5011 1390 5066 οὔτε
1421 5013 1765 5084 προΰπαρξιν
1788 5011 1911 5066 οὔτε

350 5099 691 5170 μεθύπαρξιν
703 5103 750 5132 ⁷⁸
777 5102 1002 5173 ψυχῆςῆ
1037 5102 1308 5173 σώματος,
1351 5102 1680 5174 συνύπαρξιν
1702 5103 1759 5154 δὲ
1779 5103 1913 5172 μᾶλ-

345 5191 438 5244 λόν
454 5210 650 5259 ξαμεν,
675 5195 774 5258 τὰς
791 5197 876 5264 ἐφ’
893 5195 1132 5267 ἑκάτερα
1149 5197 1536 5266 φυλαττόμενοι
1555 5195 1824 5262 ἐγκλίσεις
1841 5195 1908 5258 ⁷⁵,

341 5284 442 5334 καὶ
490 5284 626 5350 μήτε
677 5286 943 5356 ἀριστερὰ
997 5289 1130 5358 μήτε
1159 5287 1307 5352 δεξιὰ
1329 5289 1397 5351 ’⁸,
1452 5288 1634 5350 καθὼς
1679 5304 1842 5355 φησιν
1879 5289 1912 5355 ή

335 5372 476 5441 ἁγία
501 5373 712 5447 Γραφὴ,
743 5379 1058 5454 παντάπασι
1082 5378 1360 5448 ῥέποντες,
1387 5377 1550 5446 φόϐον
1587 5376 1751 5445 φοϐού
1763 5394 1913 5445 μενοι

2017 4737 2146 4782 ante
2166 4743 2401 4800 corpora
2423 4732 2638 4787 animas
2659 4734 2948 4801 exsistere;
2975 4737 3066 4792 alii
3099 4754 3230 4794 vero
3255 4751 3448 4800 contra
3471 4755 3600 4800 ante

2019 4821 2234 4876 animas
2269 4823 2538 4878 exsistere
2587 4840 2840 4896 corpora.
2891 4828 3004 4885 Nos
3051 4841 3238 4888 autem
3279 4836 3462 4892 media
3486 4837 3597 4903 via,

2026 4922 2088 4966 ut
2123 4913 2292 4984 regia,
2325 4916 2629 4970 secundum
2656 4929 2844 4988 patres
2871 4930 3096 4978 nostros
3125 4925 3468 4993 incedentes,
3498 4946 3600 4985 ne-

2017 5021 2126 5073 que
2163 5007 2498 5062 anteriorem
2546 5026 2727 5080 neque
2770 5015 3137 5083 posteriorem
3169 5019 3372 5074 animae
3399 5035 3597 5090 corpo-

2019 5098 2578 5156 risvrrexsistcntiam
2621 5101 2975 5171 aﬂirmamus,
3015 5108 3112 5163 sed
3151 5111 3597 5167 coexsistentiam

2020 5193 2226 5261 potius,
2255 5193 2649 5249 inclinationes
2673 5196 2728 5250 in
2758 5207 3047 5268 utramque
3074 5209 3286 5269 partem
3318 5214 3596 5269 caventes,

2023 5299 2087 5337 ac
2107 5301 2285 5354 neque
2307 5285 2690 5340 sinistrorsum
2719 5305 2900 5358 neque
2929 5290 3302 5358 dextrorsum,
3325 5306 3384 5348 ut
3410 5306 3598 5353 sancta

2023 5377 2308 5448 Scriptura
2345 5379 2610 5450 loquitur,
2641 5383 2867 5437 omnino
2886 5387 3315 5454 propendentes,
3345 5399 3597 5445 metuen-

1618 5531 1852 5588 V'Allle
1895 5530 2187 5585 LISCTION
2199 5533 2300 5587 ES.

411 5656 460 5752 ‘1
485 5673 923 5752 ἐπηκολούθησεν
951 5675 1223 5752 εει-’6³1ΖΔ
1271 5675 1316 5706 ⁸⁸
1341 5675 1582 5752 νεοτελοῦ
1615 5675 1702 5729 ed.
1723 5675 1862 5752 Gal;

2017 5675 2170 5752 οερξν
2189 5675 2483 5752 ψυχὴν-εξ.
2519 5675 2685 5752 _(_iall.3_
2739 5679 2786 5710 7°
2817 5681 2878 5732 τὸ
2909 5681 3250 5752 ἀνθρώπινον
3272 5687 3466 5740 ἑαυτοῦ
3503 5689 3569 5744 rd

328 5741 484 5800 Gali.
536 5741 944 5833 ,τιῃτὲτιοιηὶξεὼ
966 5746 1114 5826 Gall.
1140 5817 1151 5832 ι
1181 5747 1226 5778 ⁷³
1257 5746 1535 5833 παρθένου.
1561 5761 1676 5833 om;
1703 5746 1791 5833 ed.
1825 5745 1910 5798 Gal

2037 5747 2082 5832 7"
2112 5741 2404 5833 afﬁnem].
2434 5745 2574 5833 Gtalli:
2650 5749 2695 5778 ’δ
2736 5741 3110 5824 προῢπάρὴειν
3139 5755 3265 5809 οὔτε
3307 5741 3594 5833 μεθυπόρ-

330 5830 460 5884 χειν
485 5813 573 5868 ed.
598 5812 738 5868 Gali.

819 5815 864 5846 ⁷⁸
895 5817 1270 5884 μετεγκλῐσεις
1299 5815 1385 5872 ed.
1421 5816 1558 5870 Gali.
1633 5817 1678 5848 ⁷⁸
1707 5817 1968 5886 ἀριστερᾷ
2004 5817 2135 5885 μήτε
2161 5815 2306 5884 δεξιᾷ
2335 5815 2424 5868 ed.
2459 5815 2596 5872 Gall.
