4012 6368
522 300 655 365 1327

1681 303 1743 363 S.
1784 305 2071 365 MAXIM‘I
2111 305 2624 369 CONFESSORIS

3652 316 3765 385 1328

514 424 598 470 tes
654 422 830 479 metu,
882 427 994 483 quo
1046 411 1183 467 nihil
1235 413 1412 485 magis
1467 416 1834 471 metuendum
1884 427 1990 483 est,
2038 433 2099 473 ne

2213 412 2275 473 οῦ
2305 420 2469 475 πλέον
2494 422 2782 492 φοϐεῖσθαι
2811 424 2966 479 οὐδέν
3010 425 3127 481 ἐστι
3172 426 3571 498 φοϐερώτερον,
3603 431 3768 501 μήπως

511 504 677 569 forte,
725 503 771 558 si
805 501 1195 573 praeexsistere
1222 501 1477 559 dicamus
1511 506 1843 576 corporibus
1875 507 2109 573 animas,

512 613 577 653 ac
617 595 1095 667 supplicii-causa
1148 597 1464 653 animarum
1509 597 1684 653 fuisse
1728 598 1955 655 inventa
1990 616 2114 656 cor-

512 701 673 757 pora,
727 694 959 755 propter
1006 683 1211 756 ﬂagitia
1266 702 1392 756 quae
1434 685 1507 741 ab
1557 687 1628 742 iis
1685 697 1814 745 ante
1875 705 2109 761 corpora

509 778 808 834 commissa
838 777 1072 843 fuerint,
1105 780 1555 849 praastantissimi
1584 780 1785 837 horum
1817 798 1941 854 qua:
1978 800 2115 840 ocu-

508 869 579 925 lis
620 869 874 941 subjecta
924 879 1057 925 sunt
1096 879 1154 925 et
1188 870 1525 926 nobilissimi
1567 872 1801 943 opiﬁcii,
1830 891 1932 946 per
1961 878 2112 947 quod

510 962 839 1033 agnoscitur
866 962 1018 1017 Deus
1044 963 1213 1018 tacito
1241 969 1526 1035 praeconio
1554 967 1964 1037 manifeSIatus,
1993 971 2114 1026 sola

509 1054 718 1125 ﬂagitia
759 1069 985 1109 causam
1037 1054 1212 1111 fuisse
1261 1056 1388 1126 jure
1438 1059 1816 1131 suspicemur,
1859 1064 2112 1119 necessi—

510 1153 682 1200 tatem
702 1146 816 1200 Deo
838 1146 1163 1202 inducentia
1186 1158 1392 1218 praeter
1422 1151 1731 1209 voluntatis
1760 1155 2112 1226 propositum

510 1246 575 1293 ut
622 1238 989 1293 substantiam
1039 1240 1333 1308 conderet,
1363 1244 1526 1307 cuius
1564 1244 1804 1303 fortasse
1846 1249 1917 1303 ab
1947 1250 2113 1306 initio

510 1344 579 1383 ne
627 1328 897 1384 rationem
941 1328 1170 1399 quidem
1230 1330 1499 1387 habuerit
1550 1342 1683 1391 ante
1723 1339 1927 1394 saecula
1977 1355 2107 1395 cum

509 1421 742 1493 reliquis
779 1422 1080 1478 occultam.
1124 1423 1334 1479 Eorum
1375 1429 1527 1481 enim
1559 1443 1685 1498 quae
1733 1439 1930 1487 contra
1977 1449 2110 1504 pro-

506 1515 754 1584 positum
801 1513 943 1569 ﬁunt
987 1515 1164 1570 Deum
1206 1515 1396 1574 dicere
1433 1521 1699 1578 essentia:
1725 1523 1935 1581 habere
1974 1543 2110 1597 pro-

506 1605 777 1661 ducenda:
836 1607 1105 1674 rationes,
1149 1624 1264 1664 non
1328 1610 1467 1665 mihi
1522 1613 1750 1669 videtur
1814 1616 2111 1686 prudentis

504 1716 628 1755 esse
664 1700 865 1771 judicii
912 1709 1012 1756 aut
1061 1701 1367 1773 opinionis,
1418 1714 1478 1761 et
1516 1714 1801 1779 utcunque
1843 1719 1993 1767 recte
2038 1712 2107 1768 de

503 1791 603 1847 Dei
630 1793 939 1864 majestate
971 1794 1294 1864 sentientis,
1328 1798 1424 1866 qui
1456 1798 1609 1855 solus
1644 1802 1764 1856 sine
1800 1802 2109 1859 aﬁectioni-
2134 1776 2184 1834 Β

502 1884 613 1940 bus
668 1895 755 1940 est
800 1894 859 1940 et
902 1901 1091 1952 verax,
1150 1902 1256 1943 nec
1308 1890 1618 1961 quidquam
1668 1892 1726 1948 in
1778 1896 2107 1954 universum

505 1976 677 2032 habet
704 1978 861 2049 juxta
883 1979 1336 2051 praaexsistentes
1365 1983 1421 2039 in
1447 1984 1571 2054 ipso
1605 2002 1794 2042 rerum
1822 2005 1946 2059 qum
1977 1999 2109 2047 sunt

504 2069 755 2125 rationes
789 2070 939 2140 quod
978 2086 1179 2126 recens
1208 2073 1303 2137 sit,
1347 2090 1411 2129 ac
1436 2078 1753 2145 praesertim
1782 2089 1980 2135 contra
2010 2098 2108 2138 vo-

502 2162 740 2220 luntatis
793 2163 1162 2233 propositum.
1219 2165 1433 2222 Cuncta
1485 2168 1635 2225 enim
1704 2172 1758 2226 ei
1819 2183 2106 2246 utcunque

503 2253 836 2309 exsistcntia
872 2262 969 2309 aut
1003 2256 1273 2313 exstitura
1318 2261 1627 2317 secundum
1659 2267 1959 2321 essentiam
1989 2268 2104 2339 jam

502 2356 668 2401 antea
716 2346 906 2413 volita,
970 2348 1279 2415 intellecta,
1334 2361 1544 2409 statuta
1596 2355 1857 2424 fuerunt;
1898 2358 2103 2431 cuique

500 2454 640 2493 vero
684 2452 882 2493 eorum
920 2453 1045 2509 quae
1080 2447 1212 2495 sunt
1261 2442 1414 2513 juxta
1471 2445 1736 2503 idoneum
1781 2457 1838 2505 et
1893 2466 2104 2522 oppor-

503 2540 703 2600 tunum
756 2539 977 2603 tempus
1023 2535 1323 2589 essentiam
1364 2539 1564 2595 tribuit
1616 2549 1675 2596 et
1707 2543 2100 2601 substantiam.

497 2624 694 2695 Neque
742 2624 892 2680 enim
932 2626 1162 2696 quando
1214 2627 1546 2687 efﬁcientem
1590 2634 1882 2706 quidpiam
1923 2638 2099 2693 Deum

498 2715 777 2782 videmus,
825 2725 961 2772 tunc
1011 2733 1236 2788 quoque
1291 2722 1596 2780 voluntatis
1637 2726 1787 2783 circa
1824 2744 1947 2784 eam
1982 2745 2100 2785 rem

499 2809 725 2863 initium
795 2809 999 2865 fecisse
1057 2821 1156 2867 aut
1222 2812 1543 2872 intellectus
1597 2827 1693 2872 aut
1762 2822 2102 2893 cognitionis

500 2903 687 2972 ipsum
743 2902 1108 2959 arbitremur.
1151 2905 1347 2964 Absit!
1399 2907 1518 2964 Hoc
1563 2910 1715 2966 enim
1758 2914 1932 2970 multa
1971 2931 2102 2986 pro-

497 2995 647 3047 fecto
680 2994 1029 3051 absurditate
1070 3006 1337 3065 scateret,
1373 2999 1421 3055 si
1451 3002 1603 3071 quod
1657 3005 1805 3060 Deus
1831 3006 1903 3062 ab
1932 3007 2097 3064 initio

497 3094 631 3141 ante
657 3086 860 3141 saecula
898 3103 1081 3159 neque
1132 3092 1419 3160 cogitavit,
1456 3101 1553 3148 aut
1597 3097 1796 3155 statuit
1833 3107 1896 3153 ut
1927 3108 2096 3166 esset,
2126 3134 2170 3193 ο

497 3187 598 3233 aut
638 3179 834 3244 voluit,
884 3197 1039 3237 nunc
1086 3184 1338 3254 cogitans
1365 3195 1423 3242 et
1471 3198 1727 3246 statuens
1772 3199 1831 3246 et
1872 3194 2092 3259 volens,

496 3271 591 3328 vel
645 3273 1004 3344 resipiscens,
1057 3284 1119 3330 ut
1171 3279 1349 3349 magis
1386 3282 1613 3352 proprie
1642 3282 1864 3354 loquar,
1901 3294 1963 3339 ut
1996 3286 2096 3341 bo-

498 3380 636 3419 num
679 3365 1019 3435 perﬁceret:
1051 3385 1122 3425 ne
1153 3371 1334 3427 dicam
1363 3376 1513 3445 quod
1542 3392 1613 3433 ne
1664 3378 1838 3449 ipsam
1869 3380 2094 3450 quidem

497 3472 696 3512 eorum
736 3457 1143 3518 factitationem
1195 3480 1437 3535 quorum
1486 3469 2096 3528 rationesanteceden-

500 3558 589 3605 ter
619 3567 731 3606 non
775 3551 1000 3620 habeat,
1047 3557 1227 3612 novit.
1282 3558 1401 3614 lmo
1436 3571 1638 3618 cuncta
1674 3564 1771 3619 Dei
1806 3566 2094 3623 voluntate

495 3657 597 3713 per
642 3644 1055 3713 praescientiam
1101 3650 1411 3706 secundum
1453 3653 1726 3710 inﬁnitam
1763 3658 1887 3729 ejus
1920 3660 2094 3715 virtu-

495 3744 607 3789 tem
643 3750 865 3807 semper
910 3739 1194 3796 contineri
1254 3744 1565 3814 credimus,
1615 3748 1769 3804 nulla
1802 3764 1864 3805 re
1912 3751 1982 3806 ab
2022 3766 2091 3806 eo

493 3842 721 3899 quoquo
742 3827 798 3884 id
820 3829 986 3885 modo
1013 3830 1176 3889 ﬁeret
1194 3850 1394 3893 recens
1415 3839 1725 3911 excogitata
1748 3841 2091 3897 etexsistcn-

498 3922 629 3977 tiam
664 3923 1022 3981 essentialem
1051 3926 1385 3998 accipiente.
1413 3931 1604 4002 Neque
1634 3933 1784 3989 enim
1832 3936 2090 3991 existimo

493 4028 592 4068 eos
619 4013 716 4084 qui
749 4015 837 4084 pie
866 4030 932 4071 ac
963 4017 1220 4088 religiose
1261 4023 1514 4078 sentiunt
1545 4024 1752 4080 debere
1784 4027 1957 4081 Deum
1986 4044 2089 4097 pu-

494 4114 612 4160 tare
663 4121 787 4176 quae
823 4122 925 4177 per
970 4112 1459 4183 praecognitionem
1520 4116 1738 4173 inﬁnita
1784 4120 1990 4174 virtute
2019 4119 2087 4174 in

494 4197 680 4268 seipso
719 4200 1027 4256 secundum
1071 4219 1267 4259 eorum
1303 4207 1552 4264 rationes
1587 4212 2082 4281 praecontinentur,

493 4306 561 4345 ea
609 4290 826 4362 singula
873 4307 1216 4364 cognoscere
1261 4313 1360 4368 per
1388 4301 1814 4370 productionem
1845 4304 2083 4368 incssi-

493 4382 774 4438 stentiam.
818 4389 888 4439 At
939 4386 1103 4443 nobis
1136 4391 1337 4445 saecula
1377 4399 1434 4446 ct
1477 4399 1731 4464 tempora
1774 4398 2082 4454 secundum

2222 515 2602 586 προϋπάρχειν
2627 515 2882 585 λέγοντες
2904 518 3013 573 τῶν
3038 520 3311 589 σωμάτων
3344 520 3445 583 τάς
3479 520 3668 592 ψυχάς,
3695 530 3771 579 καὶ

2219 608 2492 678 τιμωρίας
2536 610 2723 665 ένεκεν
2770 610 2879 665 τῶν
2908 610 3096 683 ψυχῶν
3130 614 3525 685 ὲφευρέσθαιττ
3579 617 3642 669 τά
3684 618 3773 669 σώ-

2223 718 2394 771 ματα,
2451 702 2542 756 διὰ
2617 703 2716 775 τὴν
2770 705 3263 777 προγεγενημένην
3326 706 3439 760 τῶν
3500 706 3775 777 ἀσωμάτων

2218 798 2440 863 κακίαν,
2504 799 2605 868 τῆς
2652 799 2760 854 τῶν
2817 801 3115 873 ὁρωμένων
3143 801 3459 872 ἐκπρεποῦς
3500 803 3773 876 μεγαλουρ-

2217 887 2365 957 γίας,
2413 889 2483 943 δι’
2523 884 2592 963 ἦς
2636 894 2665 946 ὁ
2692 891 2827 955 Θεὸς
2858 891 3193 957 γινώσκεται
3227 895 3404 963 σιωπῇ
3464 893 3774 964 κηρυττόμεο

2216 998 2327 1044 νος,
2356 982 2539 1036 αἰτίαν
2570 981 2796 1045 εἰκότως
2819 983 2888 1013 ⁷⁷⁸
2924 978 3069 1036 εἶναι
3094 983 3266 1053 μόνην
3296 981 3660 1052 ὑποτιθέμεθα
3693 986 3776 1052 τὴν

2219 1074 2446 1141 κακίαν,
2478 1074 2729 1147 ἀνάγκην
2760 1074 3080 1143 ἐπάγουσαν
3101 1074 3182 1145 τῷ
3215 1073 3338 1145 Θεῷ
3358 1072 3514 1144 παρὰ
3544 1073 3774 1145 πρόθεσιν

2219 1168 2287 1239 ἧν
2320 1170 2422 1222 οὐκ
2461 1168 2761 1238 εὐδόκησεν
2783 1167 2830 1200 ⁷⁸
2863 1167 3058 1222 οὐσίαν
3088 1166 3520 1237 δημιουργῆααι,
3549 1160 3614 1237 ἧς
3641 1165 3779 1235 τυχὸν

2215 1259 2313 1312 ἀπ’
2341 1260 2521 1330 ἀρχῆς
2549 1258 2674 1312 οὐδὲ
2704 1258 2797 1312 τὸν
2826 1258 2985 1328 λόγον
3012 1256 3132 1328 ἔχει
3159 1258 3266 1330 πρὸ
3299 1256 3408 1310 τῶν
3430 1255 3640 1311 αίώνων
3663 1254 3776 1326 peri

2214 1349 2323 1405 τῶν
2353 1351 2532 1407 ἄλλων
2560 1351 2909 1422 ἀπόκρυφον.
2937 1351 3061 1404 Τῶν
3095 1350 3207 1422 γὰρ
3248 1350 3401 1422 παρά
3418 1350 3689 1421 -πρόθεσιν
3714 1367 3780 1417 γι-

2214 1447 2465 1517 νομένων
2488 1447 2675 1516 λέγειν
2704 1447 2795 1500 τὸν
2822 1446 2955 1500 Θεὸν
2993 1445 3140 1517 ἔχειν
3183 1445 3313 1507 τοὺς
3353 1444 3456 1514 τῆς
3488 1440 3781 1529 νούσιώσιως

2212 1537 2430 1606 λόγους,
2460 1536 2523 1591 οὐ
2560 1554 2653 1609 μοι
2708 1536 2861 1591 δοκεῖ
2914 1535 3148 1606 συνετῆς
3196 1535 3449 1597 διανοίας
3488 1529 3651 1595 εἶναι,
3702 1535 3778 1585 καὶ

2211 1629 2465 1685 ὁπωσοῦν
2494 1626 2553 1685 εὖ
2586 1628 3010 1702 συνῃσθημένης
3041 1627 3179 1682 Θεοῦ
3229 1626 3674 1699 μεγαλειότητος,
3701 1626 3779 1678 τοῦ

2213 1722 2463 1787 ἀπαθοῦς
2500 1723 2598 1777 καὶ
2646 1723 2811 1795 μόνου
2856 1721 3117 1794 ἀληθοῦς,
3178 1721 3274 1775 καὶ
3346 1720 3523 1793 μηδὲν
3580 1719 3775 1791 ἔχοντες

2213 1817 2443 1871 καθόλου
2480 1816 2623 1870 κατὰ
2667 1817 2797 1881 τοὺς
2852 1818 2911 1871 έν
2965 1815 3118 1886 αὐτῷ
3177 1815 3451 1887 προόντας
3498 1812 3604 1866 τῶν
3628 1812 3772 1865 όντων

2210 1910 2404 1978 λόγους
2450 1909 2789 1982 πρόσφατον,
2841 1910 2937 1964 καὶ
3000 1909 3240 1980 μάλιστα
3309 1907 3471 1977 παρὰ
3523 1906 3776 1973 πρόθεσιν.

2209 1999 2397 2054 Πάντα
2427 1999 2538 2071 γάρ
2568 1998 2720 2069 αὐτῷ
2749 1998 2819 2053 τά
2852 1997 3108 2052 ὁπωσοῦν
3134 1997 3266 2051 ὅντα
3292 1998 3337 2030 η
3382 1997 3416 2069 ἢ
3460 1997 3777 2065 γενησόμενα

2209 2091 2351 2146 κατὰ
2377 2092 2479 2163 τὴν
2504 2091 2693 2145 οὐσίαν
2710 2090 3106 2162 προτεθέληταί
3137 2107 3201 2145 τε
3224 2090 3319 2144 καὶ
3355 2088 3776 2161 προεννενόηται,

2209 2186 2305 2239 καὶ
2332 2185 2716 2255 προέγνωσται
2738 2200 2753 2215 ·
2790 2183 3028 2237 ἕκαστον
3074 2183 3135 2237 δὲ
3178 2182 3291 2236 τῶν
3312 2181 3503 2235 όντων
3544 2179 3683 2234 κατὰ
3705 2180 3778 2231 τὸν

2208 2274 2431 2329 εὔθετον
2442 2275 2489 2307 ⁸ο
2514 2275 2612 2329 καὶ
2646 2274 2956 2346 ἐπιτήδειον
2980 2272 3378 2345 καιρονίοὐσιοῖ
3409 2274 3508 2326 καὶ
3525 2273 3775 2342 ὐφίστησι.

2205 2368 2361 2439 Μηδὲ
2399 2368 2508 2440 γάρ
2531 2368 2623 2422 ὅτε
2648 2384 2701 2420 τι
2725 2365 3221 2432 κατασκευάζοντα
3254 2366 3348 2419 τὸν
3398 2364 3539 2418 Θεὸν
3566 2362 3778 2435 ὁρῶμεν,

2205 2464 2329 2516 τότε
2353 2463 2570 2533 καὶτῆς
2595 2463 2728 2535 περὶ
2764 2461 2898 2517 αὐτὸ
2933 2462 3210 2534 θελήσεως
3259 2460 3472 2532 ἦρχθαι
3508 2459 3710 2521 ἑννοίας
3731 2475 3777 2512 τι

2207 2558 2303 2611 καὶ
2334 2556 2591 2626 γνώσεως
2636 2555 2801 2610 αὑτὸν
2832 2554 3240 2627 νομίσωμενδι.
3289 2555 3538 2622 ΙἌπαγε.
3596 2550 3777 2622 Πολλῆς

2205 2646 2315 2719 γὰρ
2349 2646 2519 2710 ὅντως
2561 2646 2682 2700 ἐστὶ
2730 2645 2891 2700 τοῦτο
2959 2645 3158 2717 μεστὸν
3210 2644 3472 2710 ἀτοπίας,
3512 2646 3562 2697 εί
3608 2644 3775 2714 ὅπερὸ

2203 2737 2336 2802 Θεὸς
2361 2738 2542 2808 (231
2562 2737 2636 2809 α)
2668 2738 2729 2803 ἐξ
2759 2738 2937 2809 ἀρχῆς
2969 2738 3074 2809 πρὸ
3108 2737 3220 2790 τῶν
3245 2736 3471 2791 αίώνων
3516 2741 3653 2806 μήτε
3703 2737 3772 2785 ἐν·

2203 2828 2483 2900 ενόησενῆ
2512 2829 2655 2897 ἔγνω
2686 2829 2720 2901 ἢ
2751 2829 3010 2902 ἐθέλησεν
3044 2823 3207 2894 εἶναι,
3240 2827 3337 2883 νῦν
3382 2831 3591 2899 νοήσας
3621 2846 3674 2880 τε
3697 2830 3771 2882 καὶ

2204 2918 2439 2991 θελήσας
2463 2922 2560 2975 καὶ
2581 2923 2766 2991 γνοὺς,
2798 2923 2832 2992 ἦ
2875 2924 3180 2992 μεταγνοὺς
3196 2925 3377 2976 εἰπεῖν
3436 2922 3763 2993 οἰκειότερον.

2202 3011 2280 3075 ὡς
2308 3011 2473 3066 καλὸν
2506 3011 2849 3079 ἐξετέλεσενσ
2879 3014 2966 3069 ἵνα
3016 3015 3102 3087 -μὴ
3145 3016 3291 3085 λέγω
3341 3016 3429 3069 ὅτι
3471 3017 3596 3071 οὐδὲ
3623 3015 3767 3080 αὐτὴν

2204 3097 2280 3157 ὧν
2312 3106 2441 3167 τούς
2482 3104 2679 3174 λόγους
2728 3109 3169 3179 προηγουμένως
3227 3109 3327 3163 οὐκ
3363 3109 3506 3181 ἔχει,
3539 3108 3768 3179 γινώσκει

2205 3194 2304 3265 τὴν
2334 3196 2576 3263 ποίησιν.
2652 3195 2816 3249 Ἀλλά
2862 3198 3043 3251 πάντα
3088 3201 3155 3270 τῇ
3193 3198 3453 3271 βουλήσει
3504 3200 3601 3253 τοῦ
3651 3198 3764 3251 Θεοῦ

2208 3286 2638 3357 προγνωστικῶς
2656 3287 2803 3341 κατὰ
2843 3287 2941 3361 τὴν
2974 3288 3207 3362 ἄπειρον
3241 3290 3415 3345 αὐτοῦ
3451 3291 3677 3361 δύναμιν
3696 3289 3767 3342 ἀεὶ

2213 3377 2570 3448 περιέχεσθαι
2599 3379 2953 3451 πιστεύομεν,
3010 3382 3239 3453 μηδενὸς
3283 3383 3431 3453 αὐτῷ
3478 3382 3601 3437 καθ’
3647 3384 3766 3435 οἱον-

2201 3468 2403 3538 δήποτε
2450 3469 2652 3540 τρόπον
2717 3471 3054 3542 προσφάτως
3100 3474 3527 3546 ἑπινοουμένου,
3588 3477 3675 3530 καὶ
3714 3473 3765 3528 τδ

2201 3552 2343 3610 εἶναι
2383 3558 2526 3612 κατά
2546 3558 2648 3628 τὴν
2690 3558 2880 3614 οὐσίαν
2915 3560 3312 3633 λαμϐάνοντος.
3349 3565 3509 3635 Μηδὲ
3540 3564 3644 3636 γὰρ
3672 3563 3762 3617 als-

2203 3650 2329 3703 σθαι
2371 3650 2482 3703 δεῖν
2499 3651 2545 3683 ⁸¹
2594 3651 2837 3718 εὐσεϐῶς
2889 3653 3226 3726 φρονοῦντας
3274 3657 3646 3728 ὑπολαμϐάνω
3686 3657 3761 3708 τὸν

2199 3741 2333 3795 Θεὸν
2364 3740 2435 3794 τά
2468 3741 2612 3795 κατὰ
2664 3743 2976 3815 πρόγνωσιν
3013 3747 3476 3819 άπειροδυνάμως
3509 3753 3566 3804 ἐν
3606 3747 3760 3818 ἑαυτῷ

2198 3833 2342 3887 κατὰ
2368 3833 2498 3898 τούς
2528 3834 2740 3889 έαυτῶν
2766 3835 2967 3906 λόγους
3000 3841 3493 3912 προπεριεχὸμενα
3513 3842 3560 3874 ⁸³
3582 3841 3760 3894 ἕκαστα

2200 3925 2497 3995 μανθάνειν
2545 3927 2633 3982 διά
2663 3929 2762 4000 τῆς
2816 3931 2902 3994 είς
2932 3930 2994 3985 τὸ
3021 3928 3162 3987 εἶναι
3223 3936 3590 4007 παραγωγῆς.
3636 3932 3757 3987 Ἀλλ’

2197 4019 2333 4089 ἡμῖν
2361 4018 2409 4071 of
2457 4019 2655 4084 αἰῶνές
2695 4039 2758 4075 τε
2800 4024 2897 4078 καὶ
2922 4025 2976 4078 οἱ
3024 4026 3205 4097 χρόνοι
3245 4028 3386 4082 κατὰ
3421 4029 3514 4082 τὸν
3550 4043 3759 4099 προωριο

2198 4110 2398 4179 σμένον
2419 4111 2468 4144 ⁸⁸
2499 4113 2597 4166 καὶ
2626 4114 2720 4168 τὸν
2754 4114 2975 4172 εὔθετον
3014 4120 3251 4175 ἑκάστου
3290 4121 3488 4194 καιρὸν
3536 4118 3756 4190 σοφῶςπ

2196 4203 2406 4258 ἕκαστα
2456 4205 2947 4280 δημιουργούμενα
3002 4211 3315 4267 δεικνύουσι
3333 4215 3404 4280 ⁸⁸,
3443 4214 3543 4268 καὶ
3593 4214 3668 4275 είς
3708 4210 3757 4264 τὸ

2178 4293 2331 4351 Δεἶναι
2352 4299 2753 4370 προϐάλλονται
2770 4300 2820 4333 ⁸⁷
2845 4320 2859 4333 ·
2893 4288 3041 4357 καθά
3060 4307 3154 4358 καὶ
3180 4308 3312 4379 περὶ
3328 4307 3426 4360 τοῦ
3455 4307 3589 4361 Λευῖ
3615 4320 3754 4375 φησιν

2191 4391 2219 4442 ό
2246 4389 2389 4453 θεῖος
2429 4391 2756 4457 ’Δπόστολος
2794 4394 2996 4449 οὑτωσὶ
3028 4394 3263 4464 διεξιὼν,
3297 4400 3430 4453 Ἔτι
3460 4401 3571 4470 γὰρ
3606 4399 3671 4452 ἐν
3693 4394 3755 4464 τῇ

492 4470 828 4540 prmﬁnitum
878 4484 1369 4550 opportunumque
1405 4483 1677 4553 cujusque
1737 4486 1819 4540 rei
1867 4494 2086 4559 tempus

2205 4486 2385 4555 ὀσφύϊ
2406 4486 2512 4540 τοῦ
2536 4488 2763 4557 πατρὸς
2782 4486 2882 4561 ἦν,
2915 4492 3046 4563 πρὶν
3076 4495 3159 4557 εἰς
3185 4494 3246 4548 τὸ
3279 4490 3423 4549 εἶναι
3458 4493 3748 4568 παρελθεῖν.

493 4562 776 4631 sapienter
809 4567 1075 4635 quaelibet
1110 4567 1232 4624 ﬁeri
1262 4573 1590 4640 ostendunt,
1626 4587 1683 4631 et
1708 4577 1775 4632 ad
1809 4580 2088 4636 exsisten-

495 4652 628 4708 tiam
676 4659 910 4724 provehi
949 4677 962 4713 :
998 4660 1148 4715 sicut
1197 4661 1365 4717 etiam
1404 4664 1476 4721 de
1511 4666 1641 4723 Levi
1692 4670 1831 4725 dicit
1864 4672 2091 4730 divinus

492 4744 815 4815 Apostolus,
841 4748 946 4804 hoc
973 4751 1139 4805 modo
1160 4751 1425 4823 loquens:
1459 4757 1644 4812 Adhuc
1667 4762 1808 4814 enim
1827 4763 1881 4816 in
1916 4761 2089 4819 lumbo

490 4838 661 4907 patris
676 4847 795 4893 erat
830 4840 845 4880 ί
873 4849 1172 4912 antequam
1199 4847 1512 4904 exsisteret.
1541 4850 1646 4918 Qui
1678 4855 1927 4922 potentia
1953 4858 2083 4927 qui-

408 4953 412 4957 ε
490 4928 619 4984 dem
653 4929 709 4984 in
737 4931 1054 5001 patriarcha
1073 4934 1395 4994 Abrahamo
1432 4941 1730 5011 exsistens,
1767 4943 1921 5013 juxta
1949 4962 2083 5017 pra.

489 5017 711 5074 ﬁnitum
744 5036 878 5077 vero
921 5031 1144 5094 tempus
1184 5040 1291 5097 per
1323 5030 1746 5100 conceptionem
1784 5033 1852 5088 de
1877 5035 2082 5092 effectu

489 5116 690 5166 nactus
724 5114 1143 5183 generationem
1184 5116 1241 5170 in
1284 5119 1693 5187 exsistentiam,
1732 5125 1878 5178 serie
1904 5135 1961 5180 et
2001 5142 2085 5181 or-

2194 4578 2385 4640 ’Ὀστις
2440 4578 2670 4649 δυνάμει
2702 4581 2805 4650 μὲν
2830 4581 2879 4613 ⁸⁸
2911 4583 2969 4635 ὲν
3000 4581 3082 4653 τῷ
3141 4585 3458 4658 πατριάρχῃ
3524 4584 3751 4658 ’Δϐραὰμ

2196 4670 2487 4741 ὑπάρχων,
2532 4671 2678 4725 κατὰ
2731 4672 2789 4725 δὲ
2827 4672 2918 4726 τὸν
2962 4674 3358 4746 τετελεσμένον
3418 4681 3611 4750 καιρὸν
3667 4679 3751 4746 τὴν

2194 4763 2332 4834 πρὸς
2383 4762 2443 4816 τὸ
2490 4757 2630 4817 εἶναι
2664 4763 2755 4817 διὰ
2797 4765 3050 4837 κυήσεως
3084 4767 3205 4820 κατ’
3236 4769 3526 4840 ἐνέργειαν
3557 4769 3749 4838 γένεσιν

2191 4855 2396 4921 λαϐὼν,
2430 4856 2609 4929 είρμῷ
2635 4858 2732 4911 καὶ
2759 4857 2913 4923 τάξει
2940 4859 3083 4915 κατὰ
3106 4860 3209 4932 τὴν
3243 4861 3558 4934 ἀπόρρητον
3582 4861 3750 4930 σοφίαν

2188 4946 2283 5000 τοῦ
2320 4945 2456 5001 Θεοῦ
2496 4948 2565 5002 τὰ
2604 4948 2782 5003 πάντα
2811 4948 2910 5020 τὴν
2955 4951 3094 5023 πρὸς
3135 4952 3198 5005 τὸ
3246 4946 3389 5007 εἶναι
3440 4955 3648 5021 γένεσιν
3676 4952 3747 5004 δέ-

2191 5039 2383 5108 χεσθαι
2421 5042 2561 5093 νοεῖν
2598 5041 2746 5110 ἡμᾶς
2779 5041 2875 5093 καὶ
2912 5041 3192 5097 πιστεύειν
3235 5046 3377 5099 κατὰ
3407 5045 3497 5100 τὸν
3527 5061 3746 5118 προγνω-

2193 5131 2392 5185 σθέντα
2421 5131 2612 5201 καιρὸν
2650 5133 2990 5204 ὑπηγάγετο.

488 5202 620 5258 dine
645 5205 854 5269 omnia,
892 5208 1293 5277 praeintellecto
1344 5219 1515 5281 atque
1566 5215 1908 5287 praecognito
1949 5226 2220 5290 tempore,
2267 5222 2577 5279 secundum
2617 5202 2954 5281 ineﬁ‘abilem
3021 5228 3116 5284 Dei
3157 5228 3483 5301 sapientiam
3519 5230 3742 5300 accipere

489 5299 827 5355 exsistentize
861 5302 1238 5358 conditionem
1302 5314 1363 5361 ut
1408 5322 1512 5362 nos
1575 5307 2017 5379 intelligeremus
2076 5321 2133 5369 et
2167 5316 2528 5374 crederemus
2568 5319 2867 5389 persuasit.

568 5418 586 5457 ί
620 5415 789 5470 Hebr.
820 5433 915 5480 vn,
952 5418 1037 5472 lO.

1768 5515 2005 5572 VARUE
2050 5519 2459 5579 LECTIONES.
2534 5565 2542 5571 -

556 5630 601 5719 ’ξ
626 5631 1346 5719 ἐφευρῆᾐσθβιηθά..βςι11.ψ
1371 5635 1437 5667 ⁷⁷⁸
1466 5634 1566 5719 Sic.
1596 5638 1997 5719 cgd._Gud_._e_t
2028 5642 2095 5719 ed

2205 5644 2414 5719 all.__"°
2446 5647 2747 5719 ηὐδόκησεν
2808 5650 2897 5705 ed.
2959 5652 3099 5707 Gal].
3177 5655 3218 5685 ⁷⁹

3318 5655 3447 5709 ὄντα
3494 5655 3576 5711 ed.
3615 5651 3734 5709 Gall.

488 5700 1069 5796 '°l!\:95flovetg;Gall._
1120 5702 1762 5796 "rop‘iqojasieq.'6all.
1839 5712 2083 5796 δξδεξριξ.

2319 5700 2874 5796 διηπριὸπεριᾶχόμενᾷ
2886 5700 3230 5793 ιηὶόέιίῗοοᾶ.
3250 5700 3447 5781 'éu'd'f'
3470 5700 3732 5796 εἶθ-ριξιᾷ

488 5769 577 5829 ed.
609 5768 752 5826 Gali.

842 5770 888 5801 ⁸⁵
921 5773 1109 5840 σαφῶς
1139 5773 1227 5828 ed.
1252 5770 1391 5827 Call.
1470 5777 1515 5810 ⁸⁸
1547 5779 1784 5835 δείκνυσι
1824 5784 1913 5838 ed.
1950 5782 2090 5838 Gil“-

2205 5787 2210 5806 ’
2242 5770 2605 5850 προϐάλλεται
2636 5770 3482 5854 ε’ἂλῖοῇίγίξῖιῖὸοι
