4012 6406
267 502 401 572 1329

1500 501 2024 564 AMBIGUORUM
2063 500 2317 562 LIBER.

3403 499 3539 565 1330

326 616 553 674 Πάντων
580 608 674 669 οὖν
705 614 813 670 τῶν
844 616 964 669 κατ’
986 614 1174 669 οὐσίαν
1205 614 1562 687 ὑπαρκτικῶς
1591 614 1763 668 ὄντων
1785 632 1845 668 τε

2018 615 2277 672 Omnium
2314 613 2482 685 igitur
2523 627 2710 668 rerum
2744 611 3051 669 secundum
3075 615 3375 671 essentiam
3409 616 3543 671 sub-

256 711 352 766 καὶ
371 709 665 779 ἐσομένων,
694 706 1051 779 ῆγενομένων
1068 707 1136 772 ⁸³,
1165 707 1198 779 ἢ
1221 707 1610 779 γενησομένων
1645 707 1678 778 ἢ
1710 725 1841 777 φαι-

256 799 520 871 νομένων,
552 799 584 869 il
615 798 1030 871 φανησομένων,
1063 800 1119 852 ἐν
1150 798 1229 869 τῷ
1256 797 1377 867 Θεῷ
1418 798 1842 870 προϋπάρχουσι

257 893 472 961 παγίως
501 891 657 953 ὄντες
699 892 749 944 oi
794 891 968 961 λόγοι,
1000 890 1125 944 καθ’
1156 890 1251 954 οὓς
1282 890 1378 945 καὶ
1410 890 1521 944 εἰσὶ
1549 890 1619 944 τὰ
1665 890 1844 945 πάντα

257 987 352 1038 καὶ
378 988 636 1054 γεγόνασι
665 984 760 1039 καὶ
779 984 1126 1055 διαμένουσιν
1143 986 1190 1016 ⁹⁰
1216 984 1306 1038 ἀεὶ
1327 985 1442 1047 τοῖς
1466 983 1679 1037 ἑαυτῶν
1703 982 1844 1037 κατὰ

258 1075 521 1145 πρόθεσιν
567 1076 771 1144 λόγοις,
814 1076 902 1130 διὰ
942 1077 1219 1146 κινήσεως
1270 1075 1511 1145 φυσικῆς
1553 1073 1844 1144 ἐγγίζοντα

263 1168 443 1240 (231
472 1171 524 1232 ὁ)
554 1172 651 1224 καὶ
704 1169 844 1241 πρὸς
910 1169 972 1222 τὸ
1018 1164 1158 1222 εἶναι
1218 1168 1421 1240 μᾶλλον
1480 1168 1841 1239 συνεχόμενοι,

260 1262 401 1316 κατὰ
428 1262 528 1332 τὴν
563 1262 723 1317 ποιάν
756 1279 817 1316 τε
859 1262 951 1317 καὶ
1005 1261 1177 1334 ποσὴν
1204 1261 1305 1331 τῆς
1344 1260 1728 1333 προαιρέσεως
1760 1259 1847 1313 κί-

259 1354 417 1424 νησίν
448 1372 505 1408 τε
532 1356 626 1409 καὶ
666 1356 863 1427 ῥοπὴν,
898 1356 960 1408 τὸ
987 1355 1048 1410 εὖ
1074 1356 1140 1409 δι’
1173 1353 1379 1426 ἀρετὴν
1411 1355 1508 1408 καὶ
1562 1354 1665 1425 τὴν
1707 1352 1845 1424 πρὸς

259 1446 352 1499 τὸν
390 1446 547 1514 λόγον
576 1447 698 1501 καθ’
725 1449 784 1502 ὃν
808 1450 956 1501 ἐστιν
1008 1447 1366 1518 εὐθυπορίαν,
1397 1445 1431 1517 ἢ
1483 1445 1540 1499 τὸ
1568 1444 1669 1514 φεῦ
1705 1440 1846 1499 εἶναι

261 1537 352 1591 διὰ
379 1539 581 1594 κακίαν
624 1540 719 1593 καὶ
765 1542 864 1609 τὴν
914 1540 1069 1611 παρὰ
1115 1541 1207 1593 τὸν
1260 1540 1418 1609 λόγον
1467 1537 1590 1593 καθ’
1618 1539 1677 1592 ὄν
1729 1540 1845 1591 ἐστι

262 1633 478 1699 κίνησιν
505 1631 876 1701 λαμϐάνοντα,
912 1634 1007 1687 καὶ
1051 1633 1335 1702 συντόμως
1365 1633 1541 1684 εἰπεῖν
1574 1630 1716 1686 κατὰ
1747 1631 1847 1702 τὴν

263 1716 375 1781 ἕξιν
397 1717 429 1783 ἢ
447 1718 547 1789 τὴν
566 1719 937 1792 στέρησιντῆς
953 1709 1133 1775 αὐτῶν
1162 1721 1306 1776 κατὰ
1324 1720 1488 1790 φύσιν
1515 1719 1847 1790 μεθεκτικῆς

262 1808 545 1879 δυνάμεως
565 1809 659 1863 τοῦ
678 1812 956 1876 παντελῶς
984 1813 1290 1884 ὰμεθέκτου
1306 1814 1447 1867 κατὰ
1469 1812 1633 1883 φύσιν
1660 1811 1842 1884 ὑπάρ-

264 1916 472 1969 χοντος,
503 1901 598 1954 καὶ
637 1903 803 1956 πᾶσιν
834 1904 1023 1968 ἁπλῶς
1063 1905 1255 1959 ἑαυτὸν
1286 1906 1461 1972 ἀξίοις
1500 1923 1559 1957 τε
1595 1905 1689 1959 καὶ
1714 1906 1847 1960 ἁνα-

1947 706 2283 762 stantialiter
2310 705 2705 761 exsistentium
2731 713 2786 760 et
2825 705 3250 773 exstiturarum,
3293 707 3410 763 sive
3439 724 3541 763 na-

1948 808 2128 854 tarum
2182 798 2300 854 sive
2340 797 2776 862 nasciturarum,
2816 798 2934 852 sive
2989 799 3380 868 apparentium
3422 800 3543 856 sive

1946 890 2415 960 appariturarum,
2451 889 2508 943 in
2554 889 2668 943 Deo
2700 888 3094 958 pratexsistunt
3133 889 3414 946 stabiliter
3453 906 3535 945 ra.

1949 982 2147 1047 tiones,
2192 981 2505 1037 secundum
2559 997 2699 1052 quas
2744 991 2803 1036 et
2835 990 2976 1037 sunt.
2999 984 3185 1038 omnia
3220 991 3277 1039 et
3316 984 3546 1039 fuerunt

1945 1081 2002 1127 et
2044 1083 2270 1127 manent
2303 1087 2526 1142 semper
2573 1072 2691 1127 suis
2726 1071 3035 1127 secundum
3061 1072 3369 1128 voluntatis
3406 1088 3543 1142 pro-

1947 1163 2189 1234 positum
2220 1163 2555 1229 rationibus,
2591 1178 2692 1234 per
2716 1162 3024 1218 naturalem
3068 1173 3283 1219 motum
3337 1179 3543 1235 appro-

1946 1256 2276 1327 pinquantia
2320 1265 2378 1311 et
2438 1256 2508 1311 ad
2567 1257 2952 1312 exsistentiam
3009 1257 3188 1328 magis
3240 1265 3542 1320 coarctata,

1947 1349 2255 1404 secundum
2311 1348 2757 1419 qualemcunque
2807 1357 2864 1404 et
2907 1359 3395 1419 quantumcunque
3442 1364 3545 1403 vo-

1946 1441 2179 1496 luntatis
2240 1450 2454 1496 motum
2539 1448 2708 1511 atque
2768 1452 3148 1505 momentum,
3214 1440 3545 1510 accipientia

1946 1532 2091 1588 bene
2139 1549 2265 1589 esse
2316 1549 2418 1605 per
2456 1533 2722 1588 virtutem
2773 1541 3103 1603 rectumque
3150 1532 3216 1586 ad
3272 1532 3545 1586 rationem

1947 1641 2057 1697 qua
2109 1634 2344 1680 utuntur
2401 1625 2531 1691 iter,
2584 1625 2674 1680 vel
2729 1625 2874 1680 male
2914 1640 3035 1680 esse
3084 1633 3313 1695 propter
3345 1624 3542 1679 vitium

1948 1726 2005 1770 et
2041 1727 2253 1771 motum
2298 1715 2352 1771 ei
2384 1731 2494 1786 qua
2532 1723 2770 1769 utuntur
2821 1714 3038 1770 ratione
3069 1713 3435 1778 contrarium,
3465 1720 3542 1777 et,

1948 1818 2011 1865 ut
2045 1808 2237 1880 paucis
2286 1808 2489 1874 dicam,
2545 1806 2856 1863 secundum
2915 1806 3168 1861 habitum
3216 1805 3305 1861 vel
3357 1804 3543 1876 priva-

1949 1902 2158 1958 tionem
2205 1917 2320 1958 suae
2368 1903 2524 1973 juxta
2578 1907 2835 1955 naturam
2873 1899 3280 1970 participativa:
3317 1895 3545 1951 virtutis

270 1991 402 2054 ξίοις
428 1990 548 2046 ὅλον
597 1994 741 2047 κατὰ
774 1993 936 2067 χάριν
982 1996 1051 2049 δι’
1091 1995 1323 2066 ἄπειρον
1356 1994 1675 2065 ἀγαθότητα
1707 2013 1847 2067 παρ-

1953 1996 2073 2067 ejus
2104 1995 2203 2065 qui
2252 1972 2417 2065 plane
2450 1992 2936 2063 imparticipabilis
2964 1997 3051 2047 est
3091 1989 3402 2053 secundum
3443 2004 3545 2045 na-

267 2082 571 2153 éxowog",
610 2086 703 2138 κα1⁵
733 2086 831 2157 τὴν
861 2085 955 2139 τοῦ
987 2087 1074 2140 ἀεὶ
1100 2084 1239 2142 εἶναι
1283 2087 1468 2151 καθὼς
1497 2088 1730 2151 ἕκαστος
1756 2088 1846 2156 ὑφ’

265 2177 462 2230 ἑαυτοῦ
500 2177 892 2232 διατέθειταί⁹²
917 2198 976 2234 τε
1009 2181 1103 2233 κα1⁸
1139 2180 1257 2234 ἔστι
1303 2181 1569 2252 διαμονὴν
1610 2183 1848 2254 ἐμποιή-
1886 2220 1889 2221 ν

267 2284 474 2332 σοντος.
506 2264 602 2333 Ui;
626 2271 659 2341 ἡ
698 2270 794 2324 τοῦ
829 2272 1036 2343 κυρίως
1063 2272 1216 2337 ὄντος
1242 2275 1336 2328 καὶ
1362 2272 1425 2328 εὖ
1459 2273 1614 2338 ὄντος
1639 2274 1734 2329 καὶ
1760 2275 1848 2327 ἀεὶ

263 2356 416 2417 ὄντος
449 2358 708 2427 ἀνάλογος
740 2359 958 2429 μέθεξις
987 2362 1021 2434 ἢ
1060 2361 1348 2432 ἀμεθεξία,
1407 2362 1684 2434 τιμωρίας
1734 2363 1845 2418 τῶν

269 2451 559 2519 μετασχεῖν
573 2449 649 2520 μὴ
663 2450 999 2522 δυναμένων,
1022 2452 1117 2507 καὶ
1129 2455 1484 2519 ἀπολαύσεως
1496 2455 1609 2509 τῶν
1622 2456 1669 2489 ³³
1686 2473 1851 2528 μετα-

266 2543 415 2610 σχεῖν
436 2542 767 2612 δυναμένων,
790 2546 1045 2610 ὲπίτασίς
1064 2548 1182 2601 ἐστι
1209 2548 1307 2602 καὶ
1333 2548 1652 2620 ὲπαύξησις.
1683 2550 1852 2604 Οὐδὲν

265 2631 377 2704 γὰρ
400 2632 462 2686 τὸ
495 2633 757 2704 παράπαν
783 2635 899 2690 ἔστι
935 2638 1043 2690 τῶν
1067 2638 1239 2693 ὄντων
1267 2634 1327 2694 οὗ
1355 2639 1430 2712 μὴ
1454 2643 1604 2712 παρᾶ
1631 2640 1709 2711 τῷ
1732 2641 1850 2712 Θεῷ

266 2724 486 2787 πάντως
515 2726 543 2777 ό
570 2725 728 2794 λόγος
751 2727 1088 2798 προένεστιν.
1109 2722 1210 2783 Ὧν
1242 2730 1299 2783 δὲ
1318 2748 1392 2784 πα
1402 2730 1469 2802 ρὰ
1487 2730 1564 2802 τῷ
1583 2731 1702 2803 Θεῷ
1715 2750 1850 2804 προ-

260 2816 605 2891 υπάρχῡυσιν
639 2818 792 2882 ὄντες
823 2820 922 2894 τῆς
947 2822 1137 2887 οὐσίας
1165 2823 1213 2875 οί
1235 2822 1404 2892 λόγοι,
1428 2823 1632 2879 τούτων
1647 2824 1849 2897 δηλαδὴ

260 2914 411 2967 κατὰ
441 2912 701 2984 πρόθεσιν
720 2909 871 2966 θείαν
900 2911 1119 2976 πάντως
1150 2914 1298 2968 ἐστὶν
1327 2916 1361 2986 ἡ
1393 2915 1629 2983 γένεσις.
1666 2908 1768 2971 Ὧν
1793 2917 1851 2971 δὲ

263 3005 413 3061 κατὰ
442 3003 702 3075 πρόθεσιν
735 3001 1063 3060 θείαν¹έστὶν
1094 3007 1129 3077 ἡ
1154 2998 1391 3075 γένεσις,
1434 3008 1641 3062 τούτων
1668 3010 1702 3081 ἡ
1728 3009 1852 3063 κατ’

267 3097 463 3150 οὐσίαν
491 3086 726 3166 ὓπαρξις
751 3095 904 3166 μένει
941 3096 1083 3169 πρὸς
1106 3096 1167 3150 τὸ
1200 3096 1275 3169 μὴ
1297 3096 1359 3151 ὃν
1396 3099 1506 3152 ἀπὸ
1554 3099 1650 3152 τοῦ
1696 3099 1852 3164 ὄντος

260 3188 715 3260 ἀμταχώρητος.
746 3182 847 3243 Ὧν
884 3189 941 3243 δὲ
981 3189 1121 3260 πρὸς
1147 3189 1210 3243 τὸ
1233 3190 1310 3261 μὴ
1335 3190 1392 3244 ὃν
1421 3191 1854 3264 ἀμεταχώρητος

1952 2098 2158 2153 turam,
2191 2094 2248 2143 et
2290 2085 2655 2141 nihilominus
2697 2084 2914 2141 cunctis
2962 2100 3031 2140 ex
3082 2099 3243 2154 mque
3297 2069 3542 2152 seipsm'n

1955 2189 2065 2236 tam
2124 2179 2308 2251 dignis
2363 2193 2530 2249 quam
2597 2177 2845 2248 indignis
2900 2176 3179 2248 integrum
3235 2174 3545 2231 secundum

1954 2272 2186 2345 gratiam
2234 2287 2303 2327 ex
2354 2270 2569 2327 inﬁnita
2612 2270 2864 2326 bonitate
2916 2269 3165 2333 exhibet,
3200 2269 3546 2339 perpetuita—

1952 2374 2176 2435 temque
2207 2363 2544 2420 exsistentiae
2567 2362 2915 2433 inoperatur,
2932 2371 3103 2432 prout
3133 2360 3374 2431 quisque
3404 2376 3434 2414 a
3459 2375 3548 2416 se-

1952 2458 2075 2528 ipse
2101 2454 2338 2512 adicitur
2371 2464 2428 2510 et
2476 2463 2581 2510 est.
2613 2453 2831 2521 Quibus
2864 2469 2997 2509 sane
3029 2470 3162 2509 vere
3193 2452 3544 2517 exsistentis,

1952 2560 2008 2607 et
2054 2552 2196 2607 bene
2248 2549 2591 2613 exsistentis,
2652 2555 2711 2604 et
2767 2563 3010 2617 semper
3043 2546 3365 2603 exsistentis
3406 2561 3547 2600 con-

1952 2653 2216 2702 sentanea
2266 2641 2624 2714 participatio
2662 2640 2750 2695 vel
2800 2638 3316 2709 non-participatio,
3350 2653 3545 2693 eorum

1952 2738 2048 2810 qui
2083 2735 2419 2807 participare
2462 2750 2575 2790 non
2602 2742 2857 2805 possunt,
2888 2744 2976 2789 est
3015 2748 3216 2803 poenaz,
3259 2740 3317 2787 et
3349 2746 3545 2786 eorum

1952 2830 2051 2901 qui
2081 2835 2340 2899 possunt,
2360 2824 2644 2881 fruitionis
2670 2824 2912 2880 intensio
2930 2831 3018 2879 est
3046 2830 3103 2879 et
3119 2823 3545 2879 incrementum.

1906 2932 1907 2935 ‘
1953 2920 2195 2976 Omnino
2217 2919 2382 2974 .enim
2412 2933 2608 2974 eorum
2641 2933 2766 2988 quae
2793 2916 3071 2972 exsistunt
3115 2915 3343 2970 nullum,
3368 2921 3550 2969 exstat

1955 3015 2121 3086 cujus
2166 3010 2316 3083 apud
2366 3011 2544 3066 Deum
2588 3022 2821 3080 prorsus
2867 3007 3009 3062 ratio
3039 3021 3152 3061 non
3178 3002 3546 3075 praaexsistat.

1953 3106 2203 3174 Quorum
2246 3119 2382 3159 vero
2426 3102 2573 3173 apud
2618 3102 2793 3156 Deum
2832 3099 3229 3171 praeexsistunt
3286 3096 3545 3152 essentizn

1954 3204 2236 3254 exstantes
2263 3195 2534 3259 rationes,
2562 3193 2766 3248 horum
2790 3191 3040 3263 profecto
3064 3188 3372 3245 secundum
3404 3188 3547 3244 divi-

264 3282 411 3350 μετὰ
440 3280 540 3352 τὴν
560 3281 776 3349 γένεσιν
823 3281 934 3335 ἀπὸ
964 3283 1058 3336 τοῦ
1100 3280 1255 3345 ὄντος
1280 3284 1314 3353 ή
1361 3284 1481 3337 κατ’
1516 3285 1707 3353 οὐσίαν
1737 3286 1839 3355 ὑφ-

1953 3305 2085 3344 nam
2104 3288 2448 3343 voluntatem
2480 3284 2542 3339 ﬁt
2564 3284 2794 3341 creatio.
2818 3282 3066 3350 Quorum
3084 3297 3219 3338 vero
3240 3280 3550 3338 secundum

260 3373 501 3443 ἐστηκεν
523 3371 1001 3442 ὒπαρξις,τούτων
1025 3374 1073 3426 οί
1094 3372 1241 3442 λόγοι
1266 3375 1595 3444 τυγχάνουσι
1623 3375 1846 3447 μόνιμοί

259 3483 327 3519 τε
361 3466 455 3519 καὶ
489 3464 735 3535 βάσιμοι,
777 3465 947 3536 μόνην
978 3464 1200 3537 ἔχοντες
1229 3465 1404 3537 ἀρχὴν
1438 3467 1533 3520 τοῦ
1570 3462 1710 3521 εἷναι
1756 3468 1855 3541 τὴν

263 3553 488 3622 σοφίαν,
518 3553 578 3617 ἐξ
600 3549 668 3627 ἦς
696 3554 791 3607 καὶ
822 3553 890 3606 δι’
922 3554 990 3626 ἥν
1037 3554 1368 3625 ὑπάρχουσι,
1414 3555 1510 3609 κα1⁵
1542 3555 1633 3625 ὑφ’
1663 3551 1731 3628 ἧς
1756 3557 1857 3628 τὴν

261 3647 410 3717 πρὸς
438 3646 500 3699 τὸ
526 3642 669 3701 εἶναι
693 3646 954 3701 δύνασθαι
988 3647 1202 3716 παγίως
1222 3647 1455 3718 δύναμιν
1486 3647 1725 3719 ἔχουσιν.
1753 3642 1855 3704 Ὧν

258 3740 327 3793 δὲ
363 3741 411 3792 ot
441 3738 591 3807 λόγοι
651 3738 897 3809 μονίμως
950 3739 1260 3812 ὑπάρχουσι
1315 3740 1471 3810 παρὰ
1507 3739 1587 3810 τῷ
1617 3740 1757 3813 Θεῷ,
1783 3771 1858 3782 -

258 3828 366 3883 καὶ
410 3830 442 3899 ἡ
485 3828 614 3905 περὶ
645 3828 845 3892 αὐτοὺς
899 3827 996 3882 τοῦ
1055 3829 1419 3899 πεποιηκότος
1473 3829 1656 3901 (232
1693 3831 1748 3901 a)
1787 3831 1858 3886 τὰ

262 3920 458 3975 πάντα
495 3921 631 3973 Θεοῦ
677 3920 935 3991 πρόθεσίς
972 3922 1120 3975 ἐστιν
1147 3921 1490 3986 ἀδιάπτωτος
1522 3939 1538 3954 ο
1584 3926 1858 3994 χρονικοῖς

258 4015 383 4086 γὰρ
409 4016 443 4086 ἡ
476 4013 571 4068 τοῦ
597 4013 732 4067 Θεοῦ
759 4013 1020 4086 πρόθεσις
1064 4014 1422 4073 παντάπασιν
1473 4015 1534 4068 οὐ
1572 4016 1856 4089 περιείλη-

258 4124 407 4160 πται
434 4106 690 4177 πέρασιν,
724 4104 847 4160 οὔτε
875 4105 979 4177 μὴν
1001 4105 1097 4177 τὴν
1121 4107 1187 4160 ὲκ
1221 4106 1527 4177 μεταϐολῆς
1568 4107 1858 4164 ἀλλοίωσιν

214 4198 579 4269 ,ἐπιδέχεται
662 4201 775 4263 τοῖς
838 4198 1225 4269 ὑποκειμένοις
1296 4202 1853 4272 συμμεταπίπτουσα,

256 4291 478 4344 τούτων
516 4291 948 4361 ἀναμφηρίστως
963 4291 1010 4324 ’³
1048 4291 1104 4344 αἱ
1139 4291 1404 4363 ὑπάρξεις
1444 4293 1633 4363 σαφῶς
1650 4295 1696 4327 ’⁸
1720 4296 1858 4351 εἰσιν

258 4382 674 4455 ἀδιάφθοροιθθ.
704 4385 775 4437 Ἢ
797 4380 917 4454 γὰρ
944 4378 1039 4438 οὖν
1068 4383 1213 4438 κατὰ
1246 4384 1508 4456 πρόθεσιν
1555 4386 1728 4442 θέλων
1759 4406 1859 4444 πε-

260 4475 503 4543 ποίηκεν
528 4477 556 4528 ό
585 4476 717 4539 Θεὸς
741 4477 810 4530 τὰ
836 4473 1154 4546 ἀνθρώπινα
1194 4477 1443 4550 σώματα,
1476 4479 1572 4533 καὶ
1609 4480 1761 4551 μένει
1790 4482 1858 4536 δι’

260 4564 441 4618 αὐτὸν
496 4565 634 4636 πρὸς
672 4565 734 4620 τὸ
782 4566 857 4637 μὴ
900 4566 962 4620 ὃν
1009 4566 1384 4638 ἀμετάπτωτα
1413 4569 1722 4635 παντελῶς,
1769 4572 1860 4625 ἀεὶ

1958 3382 2203 3438 divinam
2237 3379 2587 3436 voluntatem
2616 3377 2680 3431 ﬁt
2728 3377 2960 3442 creatio,
2984 3375 3184 3430 horum
3234 3372 3551 3428 essentialis

1958 3472 2284 3531 exsistentia
2312 3480 2520 3537 manet,
2554 3477 2612 3528 et
2646 3470 2717 3539 ad
2744 3467 3272 3526 non-exsistentiam
3307 3466 3377 3521 ab
3401 3466 3549 3521 exsi-

1960 3565 2162 3623 stentia
2186 3581 2300 3620 non
2326 3563 2544 3620 transit.
2579 3562 2828 3629 Quorum
2856 3575 2991 3615 vero
3033 3559 3102 3615 ad
3135 3557 3551 3613 non-exsisten-

1959 3659 2092 3715 tiam
2116 3667 2242 3730 post
2290 3657 2632 3713 creationem
2679 3655 2751 3710 ab
2795 3653 3118 3719 exsistentia
3188 3667 3301 3706 non
3351 3650 3550 3704 transit

1958 3750 2270 3807 essentialis
2296 3734 2592 3813 exstantia,
2628 3762 2827 3802 eorum
2860 3745 3111 3801 rationes
3159 3743 3388 3799 stabiles
3415 3749 3545 3798 sunt

1959 3851 2125 3915 atque
2174 3842 2367 3907 ﬁrmae,
2397 3840 2626 3895 unicum
2672 3838 2946 3894 habentes
2997 3835 3338 3892 exsistentiae
3388 3834 3549 3904 prin-

1959 3936 2168 4007 cipium
2209 3932 2566 4005 sapientiam,
2607 3948 2676 3988 ex
2698 3947 2809 4001 qua
2839 3941 2896 3986 et
2921 3945 3023 4000 per
3047 3943 3214 3999 quam
3246 3926 3546 4003 exsistunt,

1959 4034 2017 4083 et
2046 4043 2077 4082 a
2107 4041 2217 4097 qua
2254 4024 2520 4079 virtutem
2553 4022 2765 4077 habent
2788 4026 3112 4076 constanter
3162 4024 3227 4071 ut
3266 4030 3390 4076 esse
3416 4030 3549 4086 pos-

1960 4119 2092 4176 sint.
2140 4116 2389 4185 Quorum
2446 4132 2584 4172 vero
2642 4115 2888 4171 rationes
2945 4110 3172 4168 stabiles
3217 4117 3347 4165 sunt
3401 4106 3549 4177 apud

1960 4212 2158 4276 Deum,
2181 4217 2324 4265 —et
2362 4208 2460 4264 Dei
2508 4222 2696 4264 rerum
2739 4213 3072 4263 cunctarum
3111 4201 3416 4258 conditoris
3447 4200 3551 4255 im-

1961 4303 2251 4358 mutabilis
2290 4309 2377 4357 est
2424 4316 2491 4356 ac
2546 4299 2704 4355 firma
2753 4298 2903 4353 circa
2946 4311 3043 4351 eas
3093 4295 3371 4359 voluntas,
3422 4307 3549 4347 cum

1961 4393 2338 4464 temporaneis
2382 4391 2484 4447 Dei
2527 4390 2787 4445 voluntas
2827 4386 3256 4455 haudquaquam
3295 4396 3548 4451 compre-

1961 4486 2133 4542 hensa
2185 4491 2272 4538 est
2324 4483 2624 4546 limitibus,
2667 4495 2851 4550 neque
2882 4477 3248 4533 mutationem
3289 4490 3358 4529 ex
3390 4471 3553 4527 vicis-

1962 4576 2208 4633 situdine
2253 4575 2518 4640 admittit,
2565 4588 2676 4629 una
2718 4587 2847 4627 cum
2903 4567 3170 4640 subjectis
3215 4566 3451 4630 variata,
3481 4591 3555 4604 —--

262 4656 502 4710 θέλοντα
525 4652 746 4710 εἶναιτὸ
777 4658 873 4711 σὺν
903 4657 1047 4729 λόγῳ
1073 4660 1168 4712 καὶ
1214 4660 1379 4732 σοφία
1407 4660 1556 4714 κατὰ
1591 4662 1852 4730 πρόθεσιν

1966 4672 2169 4727 horum
2219 4666 2512 4724 manifeste
2560 4677 2620 4724 et
2666 4667 2789 4723 sine
2835 4661 3219 4721 controversia
3263 4657 3553 4716 exstantia:

234 4748 520 4834 Pslqosv,
554 4749 649 4802 καὶ
678 4750 780 4803 οὐκ
806 4748 959 4803 ἔσται
989 4750 1112 4804 κατ’
1136 4752 1336 4815 αὐτοὺς
1380 4754 1413 4822 ή
1450 4755 1724 4826 παντελὴς
1749 4756 1856 4809 τῶν

261 4840 546 4910 σωμάτων
575 4840 712 4912 πρὸς
733 4839 779 4871 ⁸⁷
801 4838 864 4892 τὺ
890 4839 966 4912 μὴ
1000 4840 1059 4894 δν
1097 4841 1446 4909 ἀπογένεσις,
1485 4842 1518 4914 ἢ
1554 4844 1696 4898 κατὰ
1724 4845 1860 4916 πρό-

261 4933 431 4988 Θεσιν,
480 4931 542 4984 οὐ
591 4931 940 5003 πεποίηκε’θ,
985 4934 1081 4987 καὶ
1118 4935 1193 5006 μὴ
1256 4934 1426 4988 θέλων
1475 4936 1848 5008 ὲτυραννήθη,

259 5024 420 5078 κατὰ
454 5024 576 5094 βίαν
628 5025 901 5096 ἀγόμενος
952 5026 1088 5097 πρὸς
1117 5028 1353 5096 γένεσιν,
1396 5021 1471 5083 ὧν
1503 5030 1632 5093 τοὺς
1661 5030 1859 5098 λόγους

260 5116 414 5184 ἔχων
460 5116 521 5168 οὐ
560 5116 849 5183 πέφανται.
904 5118 1013 5170 Καὶ
1061 5118 1110 5169 εί
1149 5118 1247 5188 μὲν
1295 5118 1656 5190 τυραννηθεὶς
1704 5120 1858 5191 παρὰ

260 5206 540 5275 πρόθεσιν
562 5202 696 5278 ἦλθε
714 5209 758 5240 ⁹⁹
799 5209 1023 5278 ποιῆσαι
1064 5208 1140 5280 μὴ
1172 5208 1343 5264 θέλων
1376 5211 1442 5263 τὰ
1485 5210 1736 5282 σώματα,
1770 5212 1858 5265 λό-

261 5299 645 5371 γοςνδηλονότι
673 5301 770 5354 καὶ
797 5303 961 5371 σοφία
995 5303 1094 5372 τῆς
1136 5302 1346 5359 τούτων
1378 5305 1648 5373 γενέσεως
1697 5305 1860 5359 οὐδα-

264 5391 398 5462 μῶς
457 5391 830 5464 καθηγήσατο.
887 5393 961 5448 Τὸ
1013 5394 1123 5465 γὰρ
1180 5396 1333 5468 παρὰ
1384 5397 1656 5470 πρόθεσιν
1706 5385 1858 5452 θείαν

263 5483 581 5553 γινόμενον,
609 5484 771 5553 λόγου
796 5486 893 5540 καὶ
936 5485 1131 5555 σοφίας
1163 5488 1447 5553 παντελῶς
1475 5489 1768 5561 ἐστέρηται
1798 5508 1859 5544 τε

1962 4761 2195 4817 interitu
2234 4767 2448 4815 carent.
2503 4758 2600 4814 Vel
2646 4757 2819 4829 igitur
2862 4754 3172 4813 secundum
3204 4749 3552 4823 propositum

1960 4854 2155 4909 volens
2188 4851 2377 4908 eﬂecit
2428 4851 2578 4905 Deus
2629 4848 2879 4904 humana
2916 4860 3174 4917 corpora,
3230 4853 3288 4899 et
3328 4848 3556 4895 manent

1960 4959 2062 5015 per
2111 4959 2241 4999 eum
2287 4942 2358 4997 ad
2407 4939 2938 4996 non-exsistentiam
2967 4952 3198 5008 prorsus
3240 4949 3353 4989 non
3384 4931 3556 4987 decli-

1961 5036 2175 5099 nantia,
2212 5049 2340 5089 cum
2390 5041 2614 5103 Semper
2646 5032 2783 5088 velit
2827 5044 2952 5087 esse
2997 5028 3148 5101 quod
3182 5041 3308 5084 cum
3340 5023 3553 5079 ratione

1961 5137 2019 5184 et
2071 5127 2344 5198 sapientia
2398 5127 2633 5181 volitum
2685 5136 2773 5181 est
2819 5122 3128 5180 secundum
3184 5116 3550 5191 propositum,

1957 5225 2016 5272 et
2050 5216 2126 5271 ita
2172 5231 2283 5270 non
2332 5215 2620 5283 continget
2665 5213 2973 5269 secundum
3018 5224 3118 5264 eos
3163 5208 3325 5278 plena
3356 5218 3556 5275 corpo-

1960 5324 2086 5363 rum
2114 5308 2180 5363 ad
2208 5307 2738 5364 non-exsistentiam
2787 5302 3152 5377 degeneratio
3187 5319 3200 5354 :
3228 5300 3313 5354 vel
3355 5312 3556 5354 secun-

1962 5401 2093 5456 dum
2133 5402 2481 5471 propositum
2512 5417 2626 5456 non
2651 5398 2859 5465 eﬂ‘ecit,
2906 5404 2964 5452 et
2992 5410 3106 5451 non
3142 5393 3338 5449 volens
3371 5389 3551 5447 domi-

1964 5492 2246 5549 nationem
2269 5510 2466 5564 passus
2493 5502 2600 5559 est,
2633 5492 2839 5563 quippe
2863 5490 2916 5546 vi
2949 5496 3175 5545 coactus
3206 5485 3276 5541 ad
3299 5480 3551 5539 facienda

1586 5625 1675 5681 VA
1684 5627 1823 5683 [{le
1852 5627 2146 5686 LECTION
2156 5630 2261 5685 ES.

345 5731 395 5766 θ’
425 5731 458 5803 ἢ
489 5732 799 5803 γενομένων
832 5749 943 5790 non
972 5735 1139 5792 habet
1164 5737 1252 5793 ed.
1284 5737 1425 5795 Gall.

1517 5740 1564 5815 ξ’
1588 5745 1695 5815 καὶ
1725 5743 2078 5815 διαμένουσιν
2094 5761 2207 5801 non
2240 5742 2412 5815 habet
2442 5742 2530 5798 ed.
2563 5742 2707 5815 Gall.
2763 5744 2825 5815 _"
2848 5743 3189 5815 παρέξοντος
3220 5744 3388 5800 habet
3415 5759 3551 5814 apo-

264 5802 546 5884 graph’um
574 5802 696 5859 ced.
739 5802 881 5859 Gud.
955 5809 1001 5840 "
1028 5806 1341 5895 ﬁtatéeqrau
1371 5809 1462 5865 ed.
1505 5808 1645 5866 Gall.
1720 5814 1766 5844 "
1794 5802 1982 5898 Verba
2025 5814 2099 5886 μὴ
2142 5814 2479 5940 δυναζένων,
2524 5814 2621 5868 καὶ
2652 5802 3143 5877 ἀπολαύσεως-τῶν
3170 5802 3291 5868 ἠοη
3326 5802 3519 5885 compa

268 5882 402 5928 rent
434 5889 490 5927 ιη
522 5873 611 5929 ed.
647 5872 787 5927 Gall.
863 5874 911 5906 ’⁸
937 5876 1400 5940 ἀναμφιῤῥηστως
1429 5879 1518 5934 ed.
1550 5881 1689 5936 Gali.
1766 5883 1812 5914 ”
1837 5901 2022 5940 σαφως
2055 5885 2213 5940 abest
2239 5900 2271 5940 a
2341 5883 2432 5940 ed.
2465 5883 2604 5940 Gall.
2664 5884 2712 5918 “
2744 5885 3026 5940 ἀδιάφοροι
3050 5883 3141 5939 ed.
3176 5883 3315 5940 Gal].
3389 5884 3436 5917 ’7
3469 5886 3516 5937 εί

188 5913 200 5922 .
268 5872 611 5956 ie-ntninned.
645 5872 787 5956 ﬁall.
863 5874 911 5956 ξι
937 5872 1521 5956 ἀνοιμιρι(δέριίλςξτωςΔιειξἶ
1547 5881 1689 5956 _Gall.
1725 5952 1738 5956 _
1766 5872 2038 5956 “famam.
2055 5872 2213 5942 abest
2239 5872 2310 5940 ab
2341 5883 2432 5940 ed.
2465 5872 2604 5942 Call.
2664 5884 2712 5918 “
2744 5872 3026 5956 ἀδιάφορόι
3050 5883 3141 5939 ed.
3176 5883 3315 5940 Gal].
3389 5872 3551 5946 ’τἐἒς

267 5944 371 5999 ed.
405 5942 549 5999 Gall.

645 5944 690 5976 ss
718 5944 1015 6015 πεποίηκεν
1040 5944 1130 6001 ed.
1152 5944 1313 6003 'Gall.
1389 5950 1434 5983 ”
1468 5945 1632 6021 ἦλθεν
1659 5952 1761 6018 ρει.
1794 5944 1934 6009 Gal]:
