4012 6372
519 421 652 492 1331

1681 427 1742 485 ς.
1786 427 1840 484 Μ
1852 429 1886 482 .-\
1901 427 1971 510 Χοῖ
1991 428 2073 483 ῗιῐιῐ
2090 427 2263 483 ‘CON
2277 425 2637 484 FESSDRIS

3621 427 3736 494 133?.

515 556 580 596 ea
614 551 850 607 quorum
904 535 1148 592 rationes
1195 534 1405 591 habere
1446 551 1554 590 non
1585 536 1738 588 visus
1779 548 1884 589 est.
1939 539 2017 590 Ac
2059 540 2102 590 εἰ

2214 539 2304 589 καὶ
2335 538 2714 604 ἠλλοτρίωται,
2746 535 2820 588 Th
2848 535 2902 588 δὲ
2952 535 3112 604 λόγου
3151 537 3246 590 καὶ
3286 538 3477 605 σοφίας
3507 543 3748 608 παντελῶς

436 656 452 690 ο.
514 635 742 704 quidem
808 633 1248 687 dominationem
1304 645 1501 702 passus
1548 640 1741 684 contra
1798 631 2104 684 voluntatis

512 726 860 796 propositum
887 733 945 779 et
977 724 1186 778 invitus
1211 721 1441 778 devenit
1469 722 1538 778 ad
1569 720 1818 776 facienda
1847 738 2102 789 corpora,

509 821 620 890 jam
675 819 816 874 ratio
863 827 920 872 et
975 816 1248 886 sapientia
1303 815 1660 884 productioni
1709 815 1869 884 plane
1907 829 2103 868 eorum

513 910 691 965 facem
729 920 856 965 non'
885 911 1147 980 prastulit.
1173 908 1333 976 Quod
1364 908 1511 962 enim
1550 908 1608 961 lit
1635 917 1827 962 contra
1851 906 2106 960 divinum

517 1002 898 1072 propositum,
949 1001 1166 1056 ratione
1222 1011 1278 1056 et
1324 999 1594 1070 sapientia
1643 998 1870 1052 omnino
1930 1009 2104 1062 caret,

517 1091 590 1146 ab
645 1092 825 1162 iisque
871 1092 1115 1147 alienum
1161 1101 1296 1147 est:
1350 1100 1407 1145 at
1460 1089 1607 1160 quod
1665 1098 1821 1145 caret
1873 1104 2107 1158 prorsus

517 1183 734 1238 ratione
782 1189 840 1238 et
885 1182 1160 1252 sapientia
1191 1182 1298 1236 hoc
1324 1181 1504 1236 solum
1555 1188 1641 1236 est
1679 1179 1905 1241 malum,
1951 1179 2110 1248 cujus

517 1275 896 1330 cxsistentiam
942 1273 1176 1328 denotat
1214 1273 1570 1336 inexstantia,
1619 1273 1776 1340 cujus
1818 1277 2106 1324 auctorem

518 1365 694 1420 Deum
716 1379 786 1419 ne
811 1365 1056 1434 cogitare
1069 1363 1304 1436 quidem
1331 1363 1494 1418 nobis
1516 1377 1758 1432 unquam
1788 1361 1841 1414 in
1864 1369 2105 1415 mentem

518 1455 727 1519 veniat,
770 1455 976 1509 nedum
1004 1455 1181 1524 palam
1207 1447 1422 1515 dicere.
1454 1461 1510 1508 et
1551 1453 1861 1523 perniciose
1892 1452 2104 1506 audere

519 1547 775 1602 credere.
818 1549 891 1602 At
930 1546 1058 1616 quis
1094 1556 1284 1601 contra
1336 1547 1508 1599 Deum
1545 1544 1894 1617 tyrannidem
1943 1528 2108 1598 usur-

518 1637 754 1707 paverit,
775 1637 1051 1706 siquidem
1073 1650 1267 1705 passus
1302 1646 1386 1690 cst
1409 1652 1554 1700 eam,
1585 1645 1641 1691 et
1666 1636 1745 1691 fas
1772 1644 1855 1690 est
1881 1636 2108 1689 omnino

518 1739 577 1782 ut
609 1743 736 1782 eum
778 1736 974 1784 contra
1001 1729 1352 1798 pr0positum
1394 1727 1541 1798 quod
1577 1727 1760 1782 noluit
1793 1727 1990 1782 feciSse
2026 1727 2110 1780 di-

517 1820 751 1875 camus?
803 1821 872 1875 Et
917 1819 1198 1890 quomodo
1233 1820 1329 1887 qui
1376 1820 1724 1892 tyrannidem
1776 1835 1974 1890 passus
2025 1828 2109 1874 est

519 1913 669 1967 Deus
716 1911 848 1976 erit,
895 1927 963 1967 ex
1025 1911 1358 1967 necessitate
1412 1921 1468 1966 et
1513 1920 1708 1968 contra
1759 1903 2104 1982 propositum

521 2003 875 2058 constituens
913 2003 968 2056 in
1001 2003 1295 2060 interitum
1332 2019 1518 2058 rerum
1545 2001 1923 2058 conditionem
1945 2003 1970 2054 ?
2000 2001 2108 2067 Qui

430 2103 438 2109 '
520 2094 844 2163 huiusmodi
872 2093 1196 2164 opinionem
1219 2102 1468 2160 tuentur,
1493 2095 1682 2150 dicere
1703 2093 1968 2149 audento.
2001 2096 2110 2147 Aut

519 2184 671 2239 enim
707 2185 883 2240 Deum
931 2185 1051 2239 haec
1079 2183 1279 2241 fecisse
1313 2185 1584 2250 dicerent,
1629 2195 1685 2242 et
1729 2181 2127 2257 gravissimam"

519 2277 922 2347 blasphemiam
955 2276 1338 2344 admitterent,
1374 2278 1759 2335 necessitatem
1790 2280 1900 2332 Deo
1941 2279 2107 2332 indu-

520 2379 718 2424 centes
767 2378 1024 2440 tanquam
1055 2369 1266 2440 aliquid
1316 2370 1540 2426 fecisset
1585 2381 1780 2426 contra
1808 2371 2111 2425 voluntatis

517 2459 864 2527 propositum
889 2477 902 2512 :
927 2469 1023 2514 aut
1043 2473 1158 2513 non
1185 2457 1384 2514 fecisse
1409 2459 1679 2522 dicerent,
1713 2468 1770 2514 et
1798 2459 2113 2514 necessario

2210 631 2579 700 ἐστερημένον
2629 631 2790 698 μόνον
2815 630 2933 680 ἐστὶ
2975 631 3036 682 τὸ
3067 631 3258 692 κακὸν,
3308 627 3369 684 οὗ
3403 631 3466 683 τὸ
3507 629 3636 688 εἶναι
3663 653 3748 705 χιι.

2212 721 2590 792 ρακτηρίζειή
2628 721 2964 790 ἁνυπαρξία,
2992 716 3202 784 οὗτινος
3241 723 3470 793 ποιητὴν
3517 725 3604 777 τὸν
3640 728 3752 780 θεὸν

2211 814 2346 883 μήτε
2375 812 2575 864 ἐννοεῖν
2603 812 2736 880 ἡμῖν
2759 810 2970 878 γένοιτο
2993 811 3236 874 πώποτε,
3269 815 3466 882 μήτιγε
3485 813 3550 884 δὴ
3571 816 3584 844 ¹
3603 815 3754 883 λέγειν

2206 903 2535 972 ἀναφανδὸν,
2565 903 2662 958 καὶ
2686 902 2967 956 πιστεύειν
2988 903 3253 975 ὀλεθρίως
3287 903 3512 974 τολμᾷν.
3547 904 3636 968 Τίς
3661 906 3756 961 δὲοὸ

2208 995 2552 1064 τυραννήσας
2602 995 2694 1047 τὸν
2742 993 2901 1058 Θεὸν,
2962 995 3122 1064 εἴπερ
3177 995 3596 1066 τετυράννηται,
3645 999 3756 1050 καὶ²

2209 1085 2366 1155 θέμις
2419 1087 2557 1150 ὅλως
2613 1088 2791 1140 εἰπεῖν
2842 1086 3067 1156 ποιῆσαι
3127 1086 3281 1157 παρὰ
3331 1087 3587 1156 πρόθεσιν
3623 1086 3649 1140 ὃ
3697 1089 3760 1159 μὴ

2213 1177 2537 1247 βεϐούληται
2559 1196 2574 1242 ;
2605 1179 2716 1232 Καὶ
2742 1177 2858 1241 πῶς
2887 1180 2916 1231 ὁ
2943 1178 3301 1248 τυραννηθείς
3328 1180 3443 1230 ὲστι
3461 1178 3610 1242 Θεὸς,
3646 1181 3761 1248 πρὸς

2209 1263 2457 1338 ἀνάγκης
2477 1267 2719 1339 ὑφιστῶν
2761 1268 2912 1337 παρᾶ
2962 1267 3224 1337 πρόθεσιν
3247 1267 3339 1320 ἐπ’
3357 1267 3378 1298 ³
3407 1266 3650 1337 ἀπωλείᾳ
3684 1269 3762 1335 γέο

2209 1375 2360 1410 νεσιν
2380 1359 2760 1428 πραγμάτων;
2785 1361 2846 1412 Οἱ
2876 1359 3080 1428 ταύτην
3116 1358 3477 1426 περιέποντες
3503 1357 3600 1430 τὴν
3623 1359 3762 1424 δόξαν

2209 1449 2390 1516 λέγειν
2422 1450 2802 1521 τολμάτωσαν.
2841 1453 2908 1503 Ἢ
2941 1451 3052 1520 γὰρ
3078 1450 3145 1504 ἂν
3183 1451 3276 1503 τὸν
3312 1450 3446 1502 Θεὸν
3474 1451 3640 1504 ταῦτα
3669 1468 3758 1504 πε-

2211 1542 2504 1608 ποιηκέναι
2539 1543 2718 1610 φαῖεν,
2770 1542 2868 1594 καὶ
2917 1541 2987 1594 τὰ
3025 1539 3259 1609 μέγιστα
3314 1541 3760 1612 βλασφημήσαιεν,

2211 1632 2492 1702 ἁνάγκηνδ
2536 1634 2832 1700 ἐπάγοντες
2889 1629 2970 1704 τῷ
3027 1629 3192 1700 Θεῷ¹
3243 1630 3469 1697 ποιῆσαί
3538 1648 3586 1682 τι
3632 1633 3759 1699 παρὰ

2213 1724 2472 1796 πρόθεσιν
2495 1739 2508 1754 °
2543 1721 2575 1794 ἤ
2610 1725 2685 1794 μὴ
2727 1722 2910 1792 (232
2941 1726 2993 1789 ὁ)
3017 1721 3400 1790 πεποιηκέναι,
3427 1721 3522 1774 καὶ
3543 1722 3598 1787 ἐξ
3626 1722 3764 1789 ἀνάτ-

2214 1832 2318 1884 κης
2346 1815 2711 1884 ἄλληνάρχὴν
2741 1813 3098 1884 Μανιχαῖκῶς
3116 1814 3137 1844 ⁸
3167 1811 3271 1882 τὴν
3313 1810 3494 1864 ταῦτα
3528 1811 3764 1863 ποιοῦσαν

2210 1907 2524 1974 εἰσάγοντες
2559 1905 2998 1974 φωραθήσονται.
3045 1902 3312 1966 Πάντως¹¹
3352 1902 3465 1973 γάρ
3517 1903 3636 1954 ῑδιόι
3666 1905 3766 1954 ἐστι

2209 1999 2319 2052 τῶν
2342 1997 2438 2052 δύο
2487 1998 2662 2069 ἀρχὰς
2697 1997 2957 2069 ἀλλήλαις
3015 1995 3564 2068 ἀντιπαρεξαγόντων
3591 1997 3650 2048 τὸ
3685 1999 3767 2065 τῆς

2211 2091 2611 2162 προῦπάρξεως
2650 2089 2851 2158 δόγμα.
2886 2087 2995 2150 Οὓς
3047 2088 3232 2157 χάριτι
3282 2085 3422 2138 Θεοῦ
3475 2085 3569 2138 τοῦ
3617 2103 3766 2139 παντ-

2211 2181 2508 2252 ελεήμονος
2559 2181 2588 2232 ὁ
2620 2179 2790 2250 βαθὺς
2827 2179 2926 2248 τῆς
2963 2178 3229 2246 ἀφανείας
3267 2177 3434 2245 ζόφος
3489 2174 3768 2246 περιλαϐὼν

2211 2275 2293 2336 εἰς
2324 2270 2541 2324 τελείαν
2581 2269 2834 2338 ἀπήλασε
2863 2268 3059 2340 λήθην,
3089 2267 3150 2320 τὸ
3181 2266 3388 2336 φέγγος
3434 2267 3536 2336 τῆς
3585 2283 3767 2336 κηρυτ-

2216 2363 2453 2434 τομένης
2485 2361 2590 2414 ὑπὸ
2639 2362 2752 2414 τῶν
2782 2359 2953 2428 ἁγίων
2995 2359 3256 2430 Πατέρων
3301 2358 3466 2428 ἡμῶν
3487 2359 3510 2390 ⁸
3541 2357 3772 2426 ἀληθείας

2218 2456 2280 2508 οὐ
2311 2455 2601 2526 φέροντας.

518 2549 673 2604 aliud
712 2551 1054 2622 principium
1089 2551 1147 2606 in
1193 2551 1422 2606 modum
1472 2551 1919 2614 Maniclueorum,
1987 2549 2134 2620 quod
2174 2548 2368 2604 fecerit
2407 2547 2533 2612 hoc,
2588 2546 2944 2604 introducere
2975 2545 3491 2616 deprchendemur.
3532 2546 3664 2601 Nam
3693 2561 3769 2614 pe-

519 2643 754 2699 culiaris
779 2653 864 2700 est
891 2645 1122 2700 omnino
1159 2660 1355 2702 eorum
1389 2647 1486 2716 qui
1546 2646 1658 2702 duo
1720 2645 1998 2702 contraria
2035 2643 2310 2714 principia
2356 2642 2499 2696 inter
2571 2657 2630 2696 se
2677 2641 3035 2696 committunt
3081 2641 3543 2709 praeexsistentia:
3589 2637 3768 2708 Opinio.

524 2735 679 2802 Quos
742 2737 836 2792 Dei
881 2738 1059 2809 gratia
1100 2739 1608 2794 misericordissimi
1668 2739 1943 2810 profunda
2009 2736 2326 2794 exterminii
2386 2735 2562 2805 caligo
2606 2735 2852 2789 obruens
2900 2733 2952 2788 in
3019 2733 3238 2803 plenam
3295 2731 3635 2786 oblivionem
3694 2731 3770 2784 ile-

522 2827 710 2894 trusit,
733 2843 857 2884 cum
875 2829 1227 2900 splendorem
1250 2830 1560 2900 praedicata:
1579 2847 1608 2885 a
1630 2831 1882 2900 patribus
1901 2830 2107 2886 nostris
2141 2825 2395 2883 veritatis
2446 2826 2592 2880 ferre
2637 2841 2750 2879 non
2803 2833 3049 2894 possent.

599 2920 770 2974 Miror
804 2929 992 2976 autem
1037 2921 1318 2992 quomodo
1365 2923 1511 2985 illos,
1549 2932 1613 2976 ut
1646 2931 1844 2978 caetera
1895 2923 2106 2978 interea

521 3013 778 3068 omittam
826 3013 1002 3068 multa
1051 3029 1176 3083 qua
1223 3013 1334 3069 dici
1391 3025 1639 3084 possent,
1682 3031 1752 3070 ne
1799 3016 2106 3071 orationem

2283 2917 2559 2989 Θαυμάζω
2575 2919 2633 2971 δὲ
2663 2917 2779 2981 πῶς
2812 2917 3030 2982 αὐτοὺς,
3054 2917 3140 2969 ἵνα
3164 2915 3495 2988 παραλείψω
3518 2915 3539 2946 ⁹
3565 2913 3655 2967 νῦν
3683 2915 3768 2989 ,ὅσα

2219 3011 2450 3080 ῥηθῆναι
2475 3007 2701 3062 δυνατόν
2723 3009 2859 3068 ἐστι,
2880 3007 2966 3060 διὰ
2994 3007 3092 3076 τὴν
3118 3007 3472 3078 συμμετρίαν
3496 3003 3588 3057 τοῦ
3609 3004 3767 3070 λόγου,

523 3117 706 3156 meam
736 3102 950 3156 diutius
976 3104 1328 3172 protraham,
1353 3121 1546 3158 verum
1573 3105 1778 3160 Christi
1807 3105 1900 3160 Dei
1933 3105 2106 3161 nostri

2215 3103 2276 3156 τὸ
2312 3101 2454 3156 κατὰ
2484 3099 2720 3171 Χριστὸν
2749 3099 2842 3152 τὸν
2873 3097 3125 3168 ἀληθινὸν
3155 3099 3289 3151 Θεὸν
3321 3097 3489 3166 ἡμῶν
3513 3099 3555 3129 ³³
3587 3101 3764 3165 μυστή-

524 3191 852 3261 mysterium
903 3199 1171 3260 provocet
1215 3191 1284 3246 ad
1326 3193 1711 3270 excutiendam
1760 3203 2012 3264 prompte
2044 3211 2112 3248 ex

524 3281 717 3336 animo
748 3296 852 3336 suo
876 3281 1196 3350 hujusmodi
1228 3285 1580 3338 sententiam.
1607 3283 1664 3339 Si
1690 3285 1936 3339 omnium
1960 3286 2108 3340 enim

483 3385 492 3392 '
525 3373 920 3444 mysteriorum
940 3376 1256 3430 divinorum
1279 3375 1823 3447 mysteriosissimum
1841 3385 1927 3432 est
1951 3377 2114 3432 Chri-

524 3465 623 3530 sti,
643 3465 792 3535 quod
819 3467 1013 3537 utique
1029 3468 1179 3523 omni
1205 3467 1508 3523 secundum
1527 3483 1745 3523 omnem
1768 3469 2110 3524 intellectura

524 3557 614 3612 vel
638 3559 927 3614 exsistenti
955 3559 1038 3615 vel
1061 3561 1349 3616 exstiturte
1384 3559 1712 3631 perfectioni
1763 3563 1970 3618 limites
2005 3563 2110 3616 im-

525 3649 706 3717 ponit,
731 3649 993 3721 quodque
1035 3651 1284 3706 omnium
1332 3651 1569 3707 limitum
1605 3669 1670 3714 ac
1715 3653 1905 3708 finium
1949 3668 2111 3723 repa-

528 3741 656 3810 gula
699 3741 1139 3812 supergreditur,
1183 3743 1291 3798 hoc
1330 3757 1458 3798 vero
1497 3743 1825 3814 mysterium
1863 3759 1992 3800 cum
2024 3745 2111 3799 in-

528 3839 759 3886 carnato
806 3846 874 3886 ac
905 3831 1151 3902 perfecte
1184 3833 1408 3888 homine
1445 3833 1545 3888 Dei
1595 3835 1778 3892 Verbo
1811 3844 1869 3891 et
1906 3851 2031 3892 esse
2057 3841 2115 3892 et

527 3923 796 3978 exsistere
817 3938 1023 3994 corpus
1053 3924 1218 3980 docet
1239 3925 1308 3980 de
1327 3935 1518 3980 nostra
1551 3940 1718 3981 carne
1756 3927 2113 3998 desumptum

529 4023 699 4083 atque
740 4014 908 4069 nobis
959 4015 1346 4080 coessentiale,
1399 4015 1619 4070 unitum
1653 4017 1757 4086 ipsi
1809 4021 2123 4076 secundum-

530 4104 922 4170 substantiam,
949 4121 1076 4160 cum
1103 4121 1216 4176 quo
1248 4115 1306 4162 et
1327 4117 1646 4177 assumptus
1670 4117 1753 4164 cst
1785 4110 1842 4163 in
1873 4112 2044 4166 οωιοε
2065 4110 2113 4178 ἱι,

527 4213 694 4267 supra
729 4212 938 4251 omnem
964 4198 1326 4269 principatum
1367 4207 1415 4253 et
1444 4207 1756 4270 potestatem
1789 4209 1840 4256 el
1871 4205 2117 4258 virtutem

531 4302 826 4358 nomenque
854 4287 1205 4357 quodcunque
1243 4289 1574 4354 nominatur,
1617 4305 1722 4343 non
1749 4290 1912 4356 modo
1929 4291 1986 4345 in
2021 4295 2118 4346 hoc

528 4377 747 4444 sd’culo,
776 4379 869 4433 sed
890 4380 1126 4434 etiamin
1151 4380 1330 4451 futuro
1359 4379 1408 4447 ιι,
1439 4389 1608 4452 atque
1641 4397 1769 4438 cum
1801 4383 1912 4438 Deo
1949 4393 2118 4454 atque

531 4470 698 4526 Patre
719 4487 868 4528 nunc
899 4481 962 4527 et
982 4487 1082 4542 per
1105 4473 1459 4530 interminata
1481 4475 1689 4530 saecula
1711 4473 1890 4540 sedet,
1921 4491 2116 4532 omnes
2148 4463 2194 4521 ο

535 4571 912 4634 transgressus
945 4564 1118 4620 cmlos
1143 4573 1203 4620 et
1241 4567 1499 4636 superior
1534 4567 1797 4622 omnibus
1825 4567 2024 4631 factus,
2059 4580 2118 4623 et

533 4669 732 4710 rursus
769 4655 980 4722 veniet,
1012 4664 1074 4711 ut
1105 4657 1370 4714 reformat
1395 4669 1564 4730 atque
1595 4659 1871 4716 instauret
1895 4661 2120 4716 univer-

533 4760 678 4810 sum,
722 4753 1051 4818 nostrasque
1092 4750 1304 4805 animas
1327 4751 1506 4806 salvas
1537 4749 1736 4806 reddat
1770 4760 1829 4806 et
1859 4767 2114 4822 corpora,

537 4837 686 4892 sicut
726 4839 1078 4896 credidimus
1099 4851 1157 4897 et
1192 4842 1472 4898 credimus
1522 4857 1850 4912 semperque
1901 4845 2115 4899 utinam

533 4927 767 4999 credere
813 4945 1254 5000 perseveremus,
1277 4965 1348 4976 —
1370 4935 1498 5005 quis
1525 4941 1636 4988 tam
1669 4943 1753 4989 est
1785 4937 2116 4990 temerarius

532 5027 700 5088 atque
731 5020 936 5088 audax,
991 5024 1280 5096 solumque
1322 5025 1642 5096 petulanter
1681 5025 1948 5082 adversus
1980 5041 2116 5082 con-

533 5113 726 5184 spicua
757 5123 816 5171 et
858 5117 1150 5174 manifesta
1179 5118 1432 5190 litigandi
1459 5133 1688 5188 gnarus,
1721 5126 1784 5172 ut
1807 5119 1896 5174 vel
1921 5119 2120 5174 leviter

533 5203 740 5273 cogitet
755 5220 988 5276 corpora
1019 5207 1090 5263 ad
1113 5208 1639 5264 non-exsistentiam
1668 5223 1912 5278 unquam
1941 5215 2125 5262 trans-

536 5293 705 5362 itura,
747 5297 903 5369 juxta
945 5300 1256 5370 profectum
1304 5301 1359 5354 in
1401 5299 1453 5354 id
1489 5299 1638 5369 quod
1692 5300 1996 5370 perfectum
2035 5316 2144 5355 εει*

614 5431 631 5485 i
671 5435 836 5492 Marc.
877 5453 986 5501 xvn,
1030 5437 1114 5492 19.
1196 5438 1219 5476 lt
1255 5435 1457 5507 Ephes.
1491 5453 1526 5500 ι,
1570 5437 1658 5490 Ἦ.

535 5727 630 5796 ed.
670 5727 812 5782 Gali.
889 5729 910 5758 ⁸
939 5729 1286 5796 Μανιχαῖκῆς
1316 5727 1404 5782 ed.
1444 5730 1582 5784 Gali.

542 5793 587 5829 ³³
617 5797 774 5866 ἡμῶν
797 5796 925 5852 Θεὸν
952 5797 1040 5852 ed.
1070 5793 1208 5853 Call.

553 5866 712 5934 μόνον
742 5867 895 5928 εἰδὼς
920 5867 1010 5920 eti.
1040 5869 1157 5922 Gali

2217 3212 2352 3266 ριον,
2402 3195 2464 3247 οὐ
2495 3193 2737 3247 δυσωπεῖ
2779 3192 2984 3260 ταύτην
3019 3189 3319 3261 προθύμως
3345 3190 3560 3243 ἑαυτῶν
3583 3189 3768 3242 ἐκτινά-

2217 3285 2409 3352 ξασθαι
2429 3285 2526 3358 τὴν
2551 3284 2731 3349 δόξαν.
2761 3285 2824 3338 Εἰ
2850 3283 2958 3354 γὰρ
2985 3283 3206 3336 πάντων
3260 3283 3368 3336 τῶν
3396 3283 3556 3336 θείων
3593 3298 3764 3352 μυστηο

2217 3380 2348 3453 ρίων
2405 3376 2945 3448 μυστηριωδέστερον
2991 3376 3052 3430 τὸ
3098 3373 3242 3428 κατὰ
3285 3375 3526 3444 Χριστὸν
3565 3375 3770 3444 ὑπάρχει

2218 3473 2540 3542 μυστήριον,
2586 3470 2682 3524 καὶ
2723 3469 2906 3538 πάσης
2935 3469 3037 3538 τῆς
3081 3469 3224 3522 κατὰ
3257 3469 3444 3521 πᾶσαν
3492 3468 3688 3521 ἔννοιαν
3723 3466 3770 3516 ἐν

2215 3565 2383 3618 πᾶσιν
2409 3563 2442 3634 ἢ
2466 3562 2634 3633 οὔσης
2657 3563 2690 3632 ἢ
2714 3560 3096 3630 γενησομένης
3127 3557 3478 3629 τελειότητος
3506 3555 3768 3629 ὀριστικδν,

2215 3656 2310 3708 καὶ
2345 3655 2546 3718 παντὸς
2577 3653 2704 3725 ὅρου
2739 3653 2834 3707 καὶ
2881 3651 3122 3722 πέρατος
3152 3649 3413 3722 ὑπεράνω
3468 3649 3766 3718 καθέστηκε,

2215 3747 2375 3800 τοῦτο
2406 3747 2463 3798 δὲ
2495 3745 2558 3801 τὺ
2583 3747 2885 3815 μυστήριον
2915 3743 3060 3812 μετά
3094 3742 3188 3796 τοῦ
3225 3745 3266 3773 ¹¹
3299 3741 3675 3813 σαρκωθέντος
3697 3737 3769 3790 καὶ

2215 3838 2440 3900 τελείως
2473 3835 3006 3907 ὲνανθρωπήσαντος
3053 3833 3188 3888 Θεοῦ
3237 3835 3413 3900 Λόγου
3449 3829 3588 3886 εἷναί
3616 3849 3668 3884 τε
3694 3829 3769 3881 καὶ

2217 3927 2491 3997 ὑπάρχειν
2520 3926 2766 3979 διδάσκει
2797 3925 2859 3978 τὸ
2891 3925 3054 3995 σῶμα
3079 3925 3138 3978 τὸ
3181 3923 3241 3987 ἐξ
3268 3925 3427 3993 ἡμῶν
3457 3922 3654 3992 ληφθὲν
3694 3919 3768 3971 καὶ

2215 4020 2349 4089 ἡμῖν
2381 4017 2707 4086 όμοούσιον,
2764 4016 3046 4085 ἡνωμένον
3098 4013 3250 4084 αὐτῷ
3299 4015 3424 4068 καθ’
3477 4014 3767 4067 ὑπόστασιν,

2221 4110 2338 4179 μεθ’
2359 4103 2422 4164 οὗ
2455 4110 2549 4162 καὶ
2570 4107 2844 4179 ἀνελήφθη
2876 4109 2954 4170 εἰς
2976 4109 3264 4178 οὐρανοὺς,
3293 4107 3574 4174 ὑπεράνω
3596 4103 3765 4163 πάσης

2217 4198 2413 4270 ἀρχῆς
2433 4198 2530 4253 καί
2547 4197 2836 4265 ἐξουσίας
2867 4199 2964 4250 καὶ
2989 4197 3300 4266 δυνάμεως
3326 4198 3424 4250 καὶ
3455 4195 3769 4262 κυριότητος

2219 4293 2316 4345 καὶ
2349 4275 2594 4353 ’παντὸς
2626 4291 2922 4357 ὀνόματος
2967 4287 3428 4358 ὀνομαζομένου,
3486 4293 3558 4342 οὐ
3606 4287 3770 4354 μόθον

2218 4384 2290 4439 ἐν
2319 4383 2402 4450 τῷ
2433 4382 2600 4438 αἰῶνι
2633 4384 2854 4448 τούτῳ,
2907 4382 3071 4438 ἀλλὰ
3125 4381 3222 4435 καὶ
3254 4381 3325 4433 ἐν
3366 4380 3449 4446 τῷ
3490 4378 3766 4449 μέλλοντι.

2219 4476 2314 4530 καὶ
2341 4475 2420 4546 τῷ
2437 4473 2556 4546 Θεῷ
2585 4473 2683 4529 καὶ
2707 4475 2880 4544 Πατρὶ
2905 4472 3002 4526 νῦν
3043 4489 3102 4526 τε
3143 4473 3239 4525 καὶ
3263 4473 3344 4533 εἰς
3372 4473 3498 4534 τοὺς
3541 4467 3768 4536 ἀπείρους

2219 4567 2422 4626 αἰῶνας
2458 4563 2886 4634 ,συγκαθέζεταῃ
2944 4563 3152 4624 πάντας
3182 4560 3514 4632 διεληλυθὼς
3547 4558 3662 4618 τοὺς
3695 4554 3768 4606 οὐ·

2223 4661 2440 4731 ρανοὺς,
2498 4658 2594 4712 καὶ
2641 4655 2901 4728 ὑπεράνω
2925 4657 3144 4708 πάντων
3173 4654 3482 4724 γενόμενος,
3514 4651 3607 4702 καὶ
3633 4645 3769 4698 πάλιν

2218 4751 2502 4805 ἐλεύσεται
2525 4750 2618 4802 ἐπὶ
2641 4745 2994 4818 μεταποιήσει
3017 4763 3074 4798 τε
3101 4745 3143 4776 ¹²
3177 4744 3272 4798 καὶ
3323 4736 3768 4812 μεταστοιχειιῖισει

2219 4845 2314 4898 τοῦ
2333 4843 2536 4906 παντὸς
2558 4839 2655 4894 καὶ
2685 4840 2933 4910 σωτηρίᾳ
2955 4839 3066 4892 τῶν
3095 4838 3382 4908 ἡμετέρων
3409 4835 3595 4902 ψυχῶν
3619 4847 3672 4882 τε
3695 4833 3768 4878 καὶ

2221 4936 2512 5005 σωμάτων,
2565 4931 2748 4996 καθὼς
2777 4929 3182 4999 ὲπιστεύσαμέν
3224 4947 3286 4982 τε
3329 4929 3421 4982 καὶ
3468 4923 3764 4989 πιστεύομεν

2216 5027 2312 5081 καὶ
2339 5027 2419 5088 εἰς
2438 5025 2525 5080 ἀεὶ
2554 5023 2899 5086 πιστεύοντες
2934 5020 3306 5090 διαμένοιμεν,
3335 5016 3516 5088 (233
3539 5016 3592 5081 α)
3617 5039 3680 5052 -—-
3701 5007 3764 5062 τίς

2217 5118 2454 5182 οὖτως¹³
2497 5116 2772 5188 τολμηρός
2817 5115 2934 5168 ἔστι
2972 5114 3066 5166 καὶ⁸
3119 5111 3396 5181 αὐθάδης,
3447 5112 3538 5162 καὶ
3567 5105 3690 5174 πρὸς
3709 5105 3762 5152 τὰ

2219 5212 2360 5280 δῆλά
2385 5227 2448 5264 τε
2485 5210 2582 5264 καὶ
2619 5207 2876 5278 προφανῆ
2906 5203 3174 5277 μάχεσθαι
3207 5203 3369 5272 μόνον
3414 5201 3567 5264 εἰδὼς
3589 5200 3762 5264 “apo-

2223 5302 2424 5364 πετῶς,
2457 5299 2602 5354 ὥστε
2643 5299 2748 5354 κᾶν
2787 5296 2960 5368 ψιλῶς
2993 5295 3368 5368 ἐνθυμηθῆναι
3419 5290 3641 5364 πάροδον
3681 5285 3759 5350 τὴν

1818 5544 2049 5598 νΛΗΙΔῖ
2088 5544 2492 5599 LECTIONES.

619 5656 735 5711 ¹δεῖ
757 5656 846 5712 ed.
869 5656 1032 5720 Gall..
1065 5658 1180 5712 sed.
1215 5657 1488 5712 emendat.
1525 5658 1577 5712 in
1613 5667 1800 5714 annot.
1878 5661 1897 5690 ²
1929 5663 1974 5714 εἰ
2004 5661 2092 5716 cd.
2124 5660 2262 5714 Gall.
2341 5662 2360 5691 ³
2387 5661 2445 5712 ἐν
2475 5660 2566 5716 ed:
2595 5659 2732 5714 Gali.
2807 5659 2826 5689 "
2851 5659 3110 5727 ἀνάγκειν
3147 5657 3236 5714 ed.
3267 5655 3406 5727 Gall.

1655 5731 1673 5761 ⁴¹
1708 5733 1924 5784 πάντων
1955 5732 2042 5785 ed.
2079 5731 2218 5786 Gul].

1291 5799 1328 5830 ¹¹
1369 5799 1460 5852 τοῦ
1499 5817 1605 5854 om.
1633 5801 1721 5855 ed.
1753 5802 1892 5856 Gall.
1970 5803 2010 5832 ¹¹
2052 5819 2106 5852 τε
2160 5815 2268 5855 non
2300 5801 2466 5854 habet
2504 5799 2593 5854 ed.
2634 5799 2772 5854 Gali.

3502 5654 3523 5686 ⁵
3549 5653 3628 5703 τὴν
3649 5644 3752 5698 Θ.ὺν

2907 5714 3138 5782 ’πάντα
3173 5723 3490 5792 παραλείψω
3520 5721 3601 5778 ed.
3635 5714 3744 5791 Gall

2853 5799 2894 5831 ¹³
2922 5797 3062 5853 οὕτω
3105 5798 3194 5853 ed.
3227 5792 3366 5852 Gali.
3445 5792 3752 5863 ιιπρςπετως

2297 5731 2320 5763 ⁸
2357 5731 2512 5799 ὑμῶν
2552 5731 2641 5784 ed.
2685 5729 2825 5784 Gall.
