4012 6374
340 437 474 508 1333

1568 445 2084 505 AMBIGUOBUM
2127 450 2379 508 LIBER.

3454 450 3585 513 i‘ii't

332 557 411 618 εἱς
443 553 506 607 τὸ
537 553 610 625 μὴ
631 553 691 608 ὃν
725 552 868 620 ἕξειν
891 553 935 586 ⁸⁸
966 555 1096 606 ποτὲ
1121 553 1190 607 τά
1218 553 1466 622 σώματα,
1519 555 1661 608 κατά
1690 555 1790 624 τὴν
1823 555 1903 617 εἰς

2028 559 2219 613 :ntium
2279 560 2654 623 rationalium,
2703 569 2762 615 ut
2816 561 2915 630 ipsi
2963 562 3288 630 loquuntur,
3329 564 3372 616 si
3427 567 3589 618 modo

330 647 394 699 τι»
427 640 653 707 τέλειον,
687 644 764 706 ὡς
791 643 989 696 ἐκεῖνοί
1019 659 1175 710 φασι,
1201 643 1310 695 τῶν
1341 643 1574 712 λογικῶν
1605 643 1910 712 προκοπὴν,

331 733 426 787 τὸν
446 733 652 802 Κύριον
682 732 844 785 αὐτὸν
875 733 971 784 καὶ
1002 731 1134 784 Θεὸν
1160 731 1270 784 τῶν
1294 732 1432 784 ὅλων
1476 730 1749 784 πιστεύων
1777 730 1916 801 μετά

327 823 585 892 σώματος
608 819 862 876 εἶναινῦν
886 839 945 875 τε
968 823 1065 875 καὶ
1096 823 1177 886 είς
1206 824 1423 884 dein?”
1456 823 1552 875 καὶ
1584 824 1699 884 τοῖς
1733 822 1916 884 ἄλλοις

332 914 432 984 τὴν
471 913 567 966 τοῦ
599 913 933 984 προκόπτειν
974 913 1234 967 δύνασθαι
1265 914 1642 984 παρεχόμενον
1661 913 1911 983 δύναμιν,

2015 649 2206 703 credat
2249 650 2544 704 Dominum
2589 666 2653 705 ae
2687 651 2858 705 Deum
2895 653 3276 707 universorum
3307 668 3430 708 cum
3468 670 3593 709 cor-

2015 755 2149 809 pore
2187 755 2309 794 esse
2358 749 2413 795 et
2460 757 2610 795 nunc
2661 753 2718 796 ct
2775 745 2827 798 in
2877 753 3226 813 perpetuum,
3276 745 3368 815 qui
3421 747 3590 800 etiam

2015 829 2138 883 aliis
2161 831 2490 899 proficiendi
2545 832 2858 888 facultatem
2891 836 3306 905 potentiamque
3338 836 3590 906 largitur,

2017 923 2226 992 quique
2261 938 2455 979 omnes
2491 925 2556 978 ad
2590 927 2870 996 propriam
2900 927 3150 998 gloriam,
3179 937 3444 997 quantum
3474 928 3594 983 iicri

327 1007 430 1060 ,καὶ
457 1007 662 1069 πάντας
706 1007 842 1077 προς
888 1007 986 1076 τὴν
1019 1007 1228 1060 οἰκείαν
1269 1006 1447 1070 δόξαν,
1483 1007 1560 1069 ὡς
1597 1005 1818 1072 ἐφικτὸν
1847 1007 1912 1074 τῇ

2028 1021 2222 1082 potest,
2251 1015 2460 1069 virtute
2500 1017 2898 1071 incarnationis
2947 1017 3173 1073 adducit
3219 1028 3276 1074 ct
3308 1027 3592 1090 provocat,

333 1098 562 1168 δυνάμει
577 1099 675 1168 τῆς
691 1098 849 1152 ὲνανθ
859 1099 1175 1169 ρωπήσεως,
1195 1097 1458 1165 ἐνάγοντά
1480 1113 1539 1150 τε
1553 1098 1648 1150 καὶ
1676 1111 1916 1166 προσκα-

337 1190 597 1260 λούμενον
627 1190 704 1253 ὡς
734 1191 978 1263 ἀρχηγὸν
1003 1193 1106 1260 τῆς
1127 1191 1348 1245 πάντων
1378 1190 1676 1260 σωτηρίας,
1705 1187 1916 1250 καὶτὰς

339 1284 399 1334 tv
434 1282 580 1344 ὅλοι-ς
608 1282 1052 1353 ἀνακαθαίροντα
1076 1283 1122 1318 ¹⁶
1151 1283 1370 1354 κηλῖδας
1393 1299 1407 1345 ;

421 1373 564 1428 Ἀλλ’
593 1374 693 1444 οὐχ
717 1374 810 1426 ὑπ’
840 1375 1068 1428 ἐκείνων
1113 1375 1188 1436 ὼς
1237 1374 1423 1427 τύπων
1472 1375 1572 1443 τῆς
1630 1374 1796 1430 αὐτοῦ
1827 1393 1914 1428 τε⁴

338 1465 634 1534 λειότητος,
663 1509 668 1514 .
694 1467 855 1538 εἴπερ
899 1466 1036 1528 ὅλως
1069 1465 1229 1520 τοῦτο
1273 1467 1378 1518 κᾶν
1413 1467 1667 1536 ἐννοῆσαι
1710 1467 1916 1537 τολμή-

336 1556 578 1618 σαιενίτ,
615 1556 884 1626 ἀγόμενον
933 1557 1069 1626 πρὸς
1103 1556 1365 1610 ἀπόθεσιν
1396 1556 1491 1610 τοῦ
1534 1557 1804 1627 σώματος.
1839 1559 1914 1610 Ού

335 1647 447 1716 γὰρ
467 1646 656 1700 ἕπεται
674 1647 810 1718 πρὸς
834 1648 1114 1702 τελείωσιν
1139 1649 1343 1710 ἄλλοις,
1371 1647 1497 1702 οὔτε
1519 1648 1607 1703 διὰ
1635 1651 1917 1720 προκοπῆς

335 1737 774 1807 ἑνθεωρούμενον
818 1738 932 1808 ἔχει
976 1739 1037 1792 τὸ
1069 1739 1296 1802 τέλειον,
1326 1741 1355 1792 ὁ
1385 1739 1544 1806 μόνος
1575 1741 1722 1793 κατᾶ
1752 1741 1916 1808 φύσιν

333 1827 673 1890 τελειότατος
726 1828 831 1888 καὶ,
876 1829 1058 1898 πάσης
1090 1829 1324 1900 ποιητὴς
1378 1831 1744 1902 τελειότητος,
1791 1830 1915 1884 οὔτε

336 1920 440 1972 σὺν
479 1919 661 1982 ἄλλοις
689 1919 950 1988 ἀναμένει
982 1921 1044 1973 τὸ
1072 1921 1277 1976 τέλειον
1311 1922 1587 1985 δέξασθαι.
1614 1923 1735 1976 κατ’
1763 1923 1916 1976 οὐδὲν

334 2011 516 2064 οὐδενὶ
548 2010 656 2062 τῶν
685 2011 854 2064 ὅντων
878 2011 940 2064 τὸ
961 2011 1190 2066 σύνολον
1217 2015 1296 2076 είς
1326 2014 1388 2066 τὸ
1408 2015 1612 2068 δεῖσθαι
1631 2017 1916 2086 προκοπῆς

336 2101 604 2172 ὑπάρχων
635 2103 842 2171 ὅμοιος,
892 2103 978 2156 ἵνα
1008 2104 1101 2158 καὶ
1133 2104 1294 2166 αὐτὸς
1341 2106 1460 2158 τότε
1511 2104 1606 2160 τοῦ
1668 2105 1918 2175 σώματος
1969 2133 1972 2136 -

334 2195 440 2263 τὴν
469 2192 630 2261 φύσιν
674 2194 969 2262 ἀπόθηται,
1001 2194 1090 2249 ὅτε
1119 2197 1237 2258 τοῖς
1267 2194 1477 2260 λοιποῖς
1531 2198 1564 2268 ή
1620 2197 1704 2250 ἐπ’
1747 2198 1917 2266 ἄκρον

336 2285 595 2358 προκοπὴ
625 2285 723 2354 τὴν
745 2283 839 2337 τοῦ
891 2285 1142 2356 σώματος
1168 2287 1428 2340 ἀπόθεσιν
1449 2287 1704 2355 γενέσθαι
1737 2305 1918 2357 παρα-

337 2376 616 2438 σκευάζει.
673 2377 829 2432 ⁹Επεὶ
878 2377 979 2430 ούκ
1023 2377 1106 2431 ἔτι
1162 2379 1403 2449 ἀρχηγὸς
1449 2379 1556 2433 τῶν
1597 2378 1918 2448 σωζομένων

337 2469 462 2522 ἐστὶ
477 2469 574 2522 καὶ
594 2469 805 2538 Σωτὴρ,
835 2469 911 2532 ὡς
932 2471 994 2521 τὺ
1019 2470 1142 2522 καθ’
1165 2471 1310 2538 ἡμᾶς
1341 2470 1494 2534 τέλος
1523 2469 1622 2539 τῆς
1650 2469 1920 2539 τελειότη-

335 2575 436 2620 τος
493 2559 794 2627 μνστικῶς⁹
817 2561 902 2626 ἐφ’
939 2559 1085 2625 ἆΊιυιξ
1118 2562 1172 2612 ὲν
1210 2560 1392 2629 ἑαυτῷ
1429 2560 1504 2630 μὴ
1563 2560 1918 2630 παραδείξας,

338 2651 461 2704 ἀλλ’
490 2647 571 2714 εἷς
617 2649 724 2702 τῶν
751 2651 1074 2720 σωζομένων
1124 2652 1222 2703 καὶ⁸
1250 2653 1571 2721 ἀρχομένων
1601 2654 1695 2706 καὶ
1729 2652 1921 2720 δεομέ-

341 2760 456 2796 νων
505 2742 670 2796 ἆλλου
719 2742 813 2796 τοῦ
851 2743 1188 2806 δεικνύοντος
1224 2745 1266 2774 ⁸⁸
1315 2747 1372 2797 ἐν
1409 2745 1585 2814 ἐαυτῷ
1609 2745 1708 2815 τὴν
1737 2747 1819 2814 ἐφ’
1855 2746 1922 2816 ἣν

345 2833 552 2896 πάντες
595 2835 647 2886 οἱ
685 2833 847 2900 λόγου
896 2833 1141 2902 φυσικῶς
1187 2835 1575 2906 μετειληφότες
1613 2835 1922 2902 ἐπείγονται

339 2923 667 2994 τελειότητα
699 2924 793 2978 καὶ
839 2924 1004 2987 αὐτὸς
1049 2925 1311 2996 ὑπάρχων
1339 2928 1764 2994 ἀναφανήσεται.
1810 2928 1924 2998 Ούχ

340 3012 492 3067 οὕτω
522 3013 580 3067 δὲ
598 3013 739 3068 τοῦτ’
767 3016 900 3086 ἔχει.
931 3017 1137 3084 Πόθεν;
1191 3019 1325 3070 Οὐδὲ
1349 3019 1444 3088 τῆς
1483 3019 1664 3090 (233
1699 3021 1749 3088 ὁ)
1785 3019 1922 3091 ἀλη-

345 3104 500 3170 θείας
555 3107 584 3159 ό
627 3105 782 3174 λόγος
835 3107 946 3160 τῶν
1001 3106 1178 3162 ταῦτα
1218 3109 1259 3142 ¹⁹
1309 3109 1577 3177 λεγόντοιν
1647 3095 1957 3179 ἀνέχεταιβ

357 3195 630 3266 ’Δρχηγδν
663 3195 771 3266 γάρ
817 3197 915 3250 καὶ
966 3197 1256 3266 τελειωτὴν
1295 3198 1395 3268 τῆς
1449 3199 1607 3269 ἡμῶν
1647 3201 1924 3272 σωτηρίας

344 3287 513 3345 αὐτόν
537 3304 700 3358 φησιν
730 3291 758 3342 ὁ
788 3289 932 3353 θεῖος
985 3289 1332 3356 ’Λπόστολος,
1357 3291 1433 3355 ὡς
1461 3292 1813 3359 σαρκωθέντα
1855 3293 1924 3347 δι’

346 3378 500 3447 ἡμᾶς
535 3376 624 3430 ἵνα
655 3376 755 3448 τὴν
784 3377 940 3448 ήμῶν
974 3379 1251 3450 ἁμαρτίαν
1299 3382 1357 3434 ὲν
1395 3381 1574 3451 ἑαυτῷ
1612 3381 1920 3456 δαπανήσῃ,

346 3470 446 3524 καὶ
476 3469 575 3540 τῆς
601 3471 720 3524 κατ’
755 3469 957 3542 ἀρετὴν
991 3471 1214 3540 ἀγωγῆς
1252 3472 1445 3527 ἑαυτὸν
1477 3475 1613 3528 πᾶσι
1640 3473 1717 3537 δῷ
1757 3474 1926 3530 τύπον

333 3562 446 3632 ,καὶ
467 3562 808 3634 πρόγραμμα
854 3565 967 3626 τοῖς
1003 3563 1348 3618 πιστεύουσιν
1373 3567 1454 3628 εἰς
1483 3565 1644 3620 αὐτόν
1668 3606 1684 3629 ,
1716 3566 1794 3630 ὡς
1825 3567 1877 3620 δι
1896 3597 1912 3607 -

349 3651 626 3716 δάσκαλος
655 3653 857 3722 ἁγαθός
895 3671 954 3708 τε
986 3655 1080 3710 καὶ
1106 3657 1151 3688 ³⁰
1203 3656 1388 3725 σοφὸς,
1417 3657 1486 3712 τά
1527 3658 1698 3730 ῥητέα
1735 3657 1832 3712 καὶ
1857 3658 1928 3712 τὰ

345 3744 603 3815 πρακτέα
649 3745 784 3815 πρὸς
815 3745 1175 3802 ὑποτύπωσιν
1210 3748 1368 3818 ήμῶν
1391 3749 1459 3802 δι’
1488 3748 1684 3803 ἑαυτοῦ
1731 3749 1930 3820 πρότε-

346 3854 448 3909 ρον
485 3837 832 3900 ἔκτελοῦντα,
892 3838 1231 3894 ἀποθανόντα
1281 3841 1436 3894 xui“
1479 3841 1787 3898 ἀναστάντα
1835 3841 1930 3896 καὶ

344 3927 732 4000 ἀναληφθέντα
786 3930 867 3993 είς
919 3930 1206 4000 οὐρανοὺς.
1267 3933 1362 3984 καὶ
1407 3931 1742 3985 καθεσθέντα
1792 3933 1932 4002 μετά

344 4020 448 4076 τοῦ
489 4008 742 4091 σώματος
792 4022 856 4075 ὲκ
903 4021 1096 4088 δεξιῶν
1125 4022 1219 4076 τοῦ
1268 4021 1404 4077 Θεοῦ
1453 4025 1547 4078 καὶ⁵
1577 4025 1812 4096 Πατρὸς,
1843 4025 1931 4080 ἵνα

341 4116 451 4170 καὶ
485 4115 648 4185 ἡμεῖς
679 4113 1118 4185 ἀποθνήσκοντες
1153 4115 1386 4186 βεϐαίως
1435 4116 1748 4188 ὲλπίζωμεν
1798 4119 1932 4172 ἀνα-

345 4205 566 4275 στῆναι,
610 4207 704 4261 καὶ
733 4206 878 4278 ζωὴν
907 4206 1073 4277 ζῆσαι
1116 4209 1318 4270 παντὸς
1359 4209 1595 4263 θανάτου
1625 4209 1721 4264 καὶ⁹
1749 4211 1933 4280 πάσης

342 4299 561 4369 φθορᾶς
607 4299 886 4364 παντελῶς
927 4301 1365 4373 κεχωρισμένην,
1413 4302 1507 4355 καὶ
1553 4283 1932 4370 ἀναληφθῆναι

341 4391 434 4453 είς
458 4391 744 4462 οὐρανοὺς,
771 4392 867 4445 καὶ
894 4390 995 4463 τὴν
1025 4394 1085 4446 ὲν
1113 4392 1193 4463 τῷ
1217 4392 1336 4463 Θεῷ
1365 4393 1461 4446 καὶ
1497 4392 1675 4462 Πατρὶ
1721 4391 1810 4445 διὰ
1838 4391 1931 4445 τοῦ

341 4477 485 4533 Υίοῢ
517 4479 680 4532 αὐτοῦ
723 4479 1102 4546 μεσιτεύοντος
1123 4481 1292 4552 τιμήν
1321 4498 1378 4534 τε
1417 4481 1510 4534 καὶ
1564 4480 1723 4548 δόξαν
1763 4479 1933 4552 λήψε-

2017 1111 2078 1156 ιιι
2118 1113 2398 1158 auctorem
2425 1105 2622 1159 salutis
2647 1105 2914 1172 omnium,
2957 1109 3129 1178 etqui
3163 1112 3410 1165 omnium
3449 1127 3596 1166 ema-

2017 1193 2168 1248 culet
2209 1193 2442 1248 sordes?

2089 1374 2194 1430 Sed
2235 1391 2414 1444 neque
2451 1375 2519 1428 ab
2566 1377 2673 1431 illis
2725 1387 2786 1433 ut
2835 1381 3246 1450 exemplaribus
3306 1398 3420 1436 sua:
3472 1399 3601 1452 per—

2020 1467 2298 1530 fectionis,
2344 1469 2388 1520 si
2433 1469 2655 1537 quidem
2691 1485 2920 1538 prorsus
2955 1472 3062 1526 hoc
3111 1475 3194 1527 vel
3227 1474 3465 1544 cogitare
3496 1491 3596 1529 an~

2020 1561 2205 1623 deant,
2249 1561 2534 1615 inducitur
2589 1563 2656 1615 ad
2697 1565 2950 1633 corporis
3003 1565 3431 1636 depositionem.
3477 1569 3595 1622 Non

2018 1650 2164 1702 enim
2200 1649 2320 1703 aliis
2370 1651 2703 1720 obsequitur
2751 1651 3112 1720 perfectionis
3163 1656 3358 1724 gratia,
3415 1672 3595 1725 neque

2019 1755 2118 1809 per
2171 1741 2478 1810 profectum
2519 1741 2652 1812 quid
2685 1742 2757 1796 sit
2791 1743 3099 1811 perfectum
3159 1747 3428 1815 agnoscit,
3481 1747 3596 1816 ipse

2020 1831 2111 1898 qui
2135 1831 2286 1884 solus
2309 1839 2508 1886 natura
2529 1841 2616 1888 est
2657 1832 3098 1901 perfectissimus
3146 1837 3438 1906 omnisque
3470 1854 3600 1906 per-

2024 1921 2278 1976 fectionis
2315 1932 2530 2004 auctor,
2583 1939 2764 1993 neque
2809 1939 2934 1978 cum
2984 1926 3107 1978 aliis
3145 1929 3498 1996 prmstolatns
3539 1937 3600 1982 ut

2024 2015 2169 2083 quod
2196 2013 2502 2082 perfectum
2528 2024 2611 2070 cst
2639 2017 2888 2085 recipiat,
2911 2017 3228 2074 nullatenus
3250 2020 3410 2073 nulli.
3435 2029 3600 2090 quot-

2024 2113 2170 2174 quo:-
2193 2105 2491 2170 exsistunt,
2531 2106 2728 2160 similis
2765 2108 3036 2163 exsistens
3090 2110 3144 2162 in
3176 2125 3242 2163 eo
3271 2111 3416 2180 quod
3456 2112 3600 2165 indi-

2024 2206 2148 2267 geat
2191 2198 2466 2268 profectu,
2514 2206 2575 2253 ut
2636 2207 2690 2254 et
2745 2199 2860 2270 ipse
2899 2212 3018 2255 tum
3066 2203 3317 2271 corporis
3349 2210 3601 2258 naturam

2025 2287 2288 2356 deponat,
2344 2289 2568 2358 quando
2600 2289 2834 2359 reliquis
2874 2306 3126 2346 summus
3171 2293 3452 2362 profectus
3483 2309 3604 2348 cor-

2024 2381 2178 2451 poris
2224 2381 2630 2450 depositioncm
2681 2384 2964 2440 conciliet.
2993 2383 3277 2455 Siquidem
3309 2387 3453 2442 haud
3487 2403 3602 2442 am-

2025 2473 2172 2541 plius
2202 2473 2312 2528 dux
2357 2481 2413 2528 et
2449 2474 2702 2529 Salvator
2733 2491 2924 2531 eorum
2975 2477 3068 2547 qui
3122 2477 3405 2533 salvantur
3431 2489 3596 2540 esset,

2025 2563 2227 2634 quippe
2265 2563 2359 2633 qui
2399 2563 2564 2617 ﬁnem
2608 2564 2971 2634 perfectionis
2999 2573 3249 2620 nostrum
3281 2567 3510 2636 mystice
3543 2567 3598 2620 in

2027 2653 2326 2723 semetipso
2368 2655 2536 2709 semel
2577 2670 2688 2709 non
2735 2656 3062 2716 ostenderit,
3111 2655 3210 2710 sed
3240 2670 3430 2710 eorum
3456 2670 3602 2709 unus

2026 2745 2192 2800 etiam
2229 2745 2344 2814 ipse
2393 2754 2658 2800 cernetur
2689 2747 2785 2815 qui
2819 2748 3106 2801 salvantur
3159 2755 3217 2803 et
3265 2747 3334 2802 ab
3364 2747 3473 2800 alio
3515 2760 3606 2800 re.

2029 2843 2260 2904 guntur,
2310 2836 2515 2905 quique
2569 2835 2818 2906 indigent
2866 2837 3041 2891 altero
3089 2835 3184 2904 qui
3245 2835 3502 2890 ostendat
3544 2838 3598 2889 in

2030 2928 2213 2997 seipse
2250 2927 2650 2998 perfectionem
2681 2928 2844 3000 istam
2871 2926 2939 2981 ad
2975 2941 3136 2998 quem
3171 2942 3364 2982 omnes
3388 2928 3482 2996 qui
3519 2943 3604 2982 ra-

2033 3016 2202 3070 tionis
2241 3024 2438 3070 natura
2469 3025 2600 3071 sunt
2631 3016 2931 3086 participes
2970 3016 3340 3071 contendunt.
3373 3017 3497 3072 Non
3529 3018 3604 3073 ita

2029 3106 2150 3161 haec
2182 3123 2274 3162 res
2315 3122 2374 3162 se
2423 3107 2610 3162 habet.
2647 3107 2749 3174 Qui
2789 3108 2977 3163 enim?
3005 3107 3119 3164 Nec
3143 3107 3395 3163 veritatis
3423 3123 3606 3163 sermo

2031 3199 2162 3253 talia
2217 3198 2468 3254 dicentes
2489 3199 2710 3254 tolerat.
2747 3199 3048 3254 Auctorem
3085 3199 3234 3254 enim
3259 3209 3316 3255 et
3346 3214 3605 3254 consum-

2029 3299 2298 3345 matorem
2365 3290 2562 3345 salutis
2618 3297 2824 3345 nostra
2871 3291 3051 3360 ipsum
3103 3279 3344 3361 appellat
3383 3290 3605 3346 divinus

2027 3379 2325 3450 Apostolus
2375 3377 2423 3444 ι,
2478 3389 2674 3450 utpote
2724 3381 3076 3436 incarnatum
3126 3389 3353 3451 propter
3399 3396 3500 3435 nos
3547 3391 3606 3436 ιιι

2025 3481 2316 3542 peccatum
2365 3479 2614 3528 nostrum
2681 3472 2740 3526 in
2816 3471 2999 3542 seipse
3051 3470 3382 3536 conﬁceret,
3435 3486 3601 3541 seque

2029 3563 2323 3634 imaginem
2347 3563 2618 3633 praeberet
2640 3563 2899 3619 omnibus
2927 3573 3093 3634 atque
3122 3564 3404 3635 exemplar
3433 3565 3605 3621 casti-

2028 3655 2158 3709 tatis
2199 3654 2326 3709 vitaa
2372 3663 2428 3709 et
2473 3654 2806 3725 integritatis
2853 3655 2922 3709 iis
2965 3654 3061 3724 qui
3099 3655 3333 3710 credant
3363 3656 3417 3710 in
3455 3669 3606 3718 eum,

2031 3753 2092 3800 ut
2149 3745 2415 3816 magister
2462 3745 2646 3822 bo_nus
2690 3755 2750 3801 et
2798 3745 3040 3816 sapiens,
3101 3761 3166 3801 ea
3211 3761 3333 3816 quae
3376 3746 3609 3805 dicenda

2029 3853 2262 3908 quaeque
2306 3837 2556 3892 facienda
2588 3837 2702 3894 sint
2731 3837 2798 3892 ad
2826 3836 3274 3892 informationem
3307 3839 3608 3894 institutio-

2029 3945 2268 4000 nemque
2296 3937 2542 3985 nostram
2567 3944 2669 3998 per
2710 3930 2952 3999 seipsum
2984 3929 3144 4000 prius
3200 3929 3607 3999 perticientem,

2031 4021 2364 4076 morientem
2413 4029 2580 4091 atque
2626 4029 3010 4092 resurgentem
3055 4029 3220 4091 atque
3268 4028 3608 4090 assumptum

2031 4113 2090 4168 in
2144 4113 2334 4177 caelos,
2384 4123 2443 4168 et
2498 4111 2784 4168 sedentem
2824 4127 2954 4167 cum
2989 4126 3221 4182 corpore
3251 4112 3320 4168 ad
3360 4112 3609 4167 dextram

2031 4204 2128 4260 Dei
2161 4219 2224 4259 ac
2249 4203 2434 4258 Patris
2469 4211 2532 4268 ιη,
2566 4212 2628 4258 ιιι
2657 4218 2760 4258 nos
2797 4218 3020 4274 quoque
3049 4203 3354 4260 morientes
3380 4201 3613 4258 ﬁrmiter

2032 4308 2324 4364 speremus
2367 4293 2485 4348 fore
2532 4300 2596 4347 ut
2642 4307 3018 4364 resurgamur,
3057 4292 3336 4362 vitamque
3365 4293 3613 4347 vivamus

2032 4384 2215 4440 omnis
2267 4383 2461 4437 mortis
2515 4383 2808 4452 omnisque
2839 4382 3219 4452 corruptionis
3247 4397 3480 4452 prorsus
3519 4398 3614 4438 ex-

2036 4481 2272 4546 pertem,
2330 4488 2794 4544 assumamurque
2853 4474 2911 4529 in
2961 4473 3154 4536 celos,
3211 4489 3278 4528 ac
3330 4482 3612 4542 compotes

343 4567 502 4628 σθαι.
525 4567 619 4621 καὶ
639 4567 738 4638 τὴν
763 4569 860 4622 σὺν
880 4569 1030 4639 αύτῷ
1067 4570 1348 4641 μακαρίαν
1375 4572 1467 4624 καὶ
1493 4571 1709 4625 αἰώνιον
1735 4571 1925 4641 μονὴν,

2035 4567 2230 4622 fiamus
2279 4567 2333 4620 in
2384 4566 2496 4620 Deo
2541 4573 2599 4620 et
2643 4565 2824 4628 Patre,
2880 4564 3188 4621 mediatore
3233 4564 3374 4619 Filio
3417 4564 3610 4634 ipsius.

347 4651 606 4724 σώματος
636 4654 693 4708 δὲ
723 4655 848 4710 καθ’
893 4657 1074 4710 ὁτιοῦν
1099 4659 1145 4689 “
1179 4659 1442 4714 ἀπόθεσιν
1489 4660 1563 4730 μὴ
1595 4661 1929 4731 ἐκδέχεσθαι,

339 4746 435 4798 ὅτι
468 4744 601 4816 μηδὲ
624 4747 726 4816 τῆς
760 4745 922 4814 ἁγίας
949 4748 1175 4819 Γραφῆς
1202 4752 1231 4802 ὁ
1259 4734 1418 4818 λόγος
1469 4753 1620 4821 ἡμᾶς
1657 4751 1815 4804 τοῦτο
1854 4751 1934 4804 δι-

339 4836 564 4905 ᾅάσκει.
597 4838 752 4909 Μήτε
782 4838 888 4910 μὴν
905 4839 962 4892 ὲν
987 4838 1066 4910 τῷ
1087 4839 1316 4912 ἀρχηγῷ
1342 4842 1441 4912 τῆς
1472 4842 1745 4913 σωτηρίας
1775 4841 1933 4913 ἡμῶν

342 4924 668 4997 τεθεάμεθα
699 4927 860 4982 τοῦτο
897 4931 1396 5001 προγεγενημένον.
1431 4932 1633 5001 Εί.γάρ
1671 4933 1822 5000 φίλον
1863 4928 1933 5004 ἦν

341 5015 502 5087 αύτῷ
528 5017 622 5070 ml.
647 5018 806 5072 τοῦτο
823 5021 1074 5088 γενέσθαι
1092 5023 1158 5086 ’³,
1179 5022 1394 5093 πρῶτος
1423 5021 1488 5076 ἂν
1510 5023 1670 5086 αὐτὸς
1687 5024 1743 5075 ὲν
1755 5021 1932 5092 ἐαυτῷ

344 5107 686 5178 ⁴ιιιροενήργει
736 5109 830 5163 καὶ
867 5111 1028 5164 τοῦτο
1061 5113 1198 5182 μετά
1248 5112 1356 5166 τῶν
1380 5113 1601 5177 λοιπῶν,
1635 5108 1717 5177 οἷς
1742 5114 1933 5168 ἑαυτὸν

344 5197 420 5250 δι’
466 5197 614 5268 ἡμᾶς
648 5199 724 5262 ὡς
773 5201 1162 5272 φιλάνθρωπος
1195 5203 1418 5268 ὑποθεὶς
1449 5205 1570 5259 καθ’
1624 5207 1773 5276 ἡμᾶς
1816 5207 1933 5258 ἐτε-

346 5287 598 5356 λείωσεν,
632 5293 713 5356 είς
745 5293 806 5346 τὸ
865 5296 1014 5364 ἡμᾶς
1049 5296 1190 5366 μετά
1238 5297 1347 5348 τῶν
1381 5296 1558 5350 ἄλλων
1601 5296 1930 5361 sig-"105:0

349 5379 710 5444 πιστεύοντας
756 5381 1026 5446 ἐλπίζειν.
1057 5384 1184 5446 Πῶς
1238 5384 1316 5448 δὲ,
1360 5387 1522 5456 εῐπερ
1561 5386 1933 5456 ἀνασχοίμεθα

429 5491 449 5532 1
483 5491 648 5551 llebr.
681 5512 737 5563 ιι,
772 5497 858 5553 i0.
941 5507 975 5528 ’³
1011 5497 1174 5555 Marc.
1206 5516 1316 5564 xvi,
1357 5500 1440 5555 l9.

2035 4657 2266 4714 honoris
2297 4667 2353 4713 et
2383 4657 2590 4728 gloriae.
2623 4656 3040 4727 mansionisque
3086 4657 3262 4712 beata:
3307 4665 3364 4712 et
3393 4667 3613 4712 :nternaa

2034 4763 2160 4804 cum
2206 4747 2324 4810 illo,
2377 4747 2631 4817 corporis
2671 4762 2802 4802 vero
2851 4747 3254 4818 depositionem
3303 4747 3456 4802 nullo
3491 4763 3612 4802 om-

2035 4839 2170 4894 nino
2221 4838 2389 4892 modo
2437 4837 2754 4908 patiamur,
2809 4839 3258 4908 quandoquidem
3300 4854 3480 4910 neque
3529 4839 3614 4895 di-

2034 4930 2177 4984 vina:
2207 4929 2508 5000 Scripturae
2536 4945 2719 4984 sermo
2745 4929 2892 4984 istud
2914 4945 3016 4985 nos
3037 4931 3218 4985 docet.
3246 4928 3434 5000 Neque
3461 4930 3612 4985 enim
3673 4990 3676 4994 _

2040 5022 2096 5076 in
2131 5019 2356 5090 auspice
2380 5020 2574 5076 salutis
2599 5027 2802 5075 nostrae
2822 5019 3058 5074 vidimus
3089 5019 3196 5074 hoc
3221 5026 3379 5073 antea
3406 5017 3609 5073 factum

2039 5111 2232 5167 fuisse.
2265 5111 2321 5166 Si
2353 5112 2502 5166 enim
2543 5112 2645 5182 ipsi
2675 5112 2980 5182 placuisset
3013 5119 3074 5164 ut
3109 5109 3276 5183 etiam
3300 5109 3407 5164 hoc
3432 5109 3609 5173 fieret,

2033 5203 2246 5274 primus
2282 5205 2474 5276 utique
2509 5206 2626 5276 ipse
2660 5207 2713 5259 in
2761 5220 2820 5260 se
2876 5211 3140 5274 operatus
3184 5201 3400 5266 fuisset,
3444 5209 3504 5256 et
3557 5201 3612 5256 id

2033 5313 2159 5351 cum
2213 5298 2445 5368 reliquis
2515 5299 2720 5368 quibus
2779 5297 3026 5367 seipsum
3089 5304 3280 5366 utpote
3335 5294 3615 5364 benignus

2031 5398 2262 5458 propter
2295 5372 2406 5458 nos
2443 5390 2698 5460 subjecit,
2726 5405 2961 5460 quaeque
3011 5387 3313 5442 secundum
3354 5400 3457 5440 nos
3489 5377 3620 5454 per-'-

1565 5691 1578 5700 .
1631 5617 1866 5673 VARlAZ
1907 5616 2311 5673 LECTlONES.

431 5718 610 5800 ιδῆξιν
640 5721 728 5800 ed.
749 5721 914 5800 (iallu
946 5725 1345 5800 sedemendat.
1370 5727 1424 5781 in
1449 5737 1650 5800 ann‘ot.
1717 5727 2200 5800 ‘§7&.va}£a0&puvra
2229 5729 2316 5783 ed.
2337 5727 2476 5800 Graii.
2509 5795 2520 5800 _
2557 5727 2895 5797 ’⁷,τολμῆσαι
2925 5728 3014 5781 ed.
3046 5726 3183 5781 Gali.
3207 5725 3459 5780 Editores
3484 5737 3614 5800 cgn-

351 5789 977 5867 jecerunLrpkpﬁaaEg.__
1019 5795 1395 5867 “ﬁsixvﬁvto;
1421 5799 1507 5850 ed.
1538 5797 1673 5851 Call.
1741 5799 1782 5827 ¹⁰
1811 5799 1982 5851 ταῦτα
2020 5789 2108 5852 éd.
2141 5800 2277 5852 Call.
2345 5799 2390 5828 ’°
2423 5789 2691 5850 Videntur
2721 5789 2835 5853 llaec
2860 5814 2958 5867 per
2989 5806 3242 5864 quartum
3271 5811 3455 5867 casum
3477 5793 3610 5867 cile.-

358 5857 550 5912 rcnda.
571 5857 844 5926 (Editurcs
863 5861 1139 5932 Calland.)
1181 5867 1219 5898 "
1247 5884 1303 5918 τε
1335 5868 1423 5918 καὶ
1463 5868 1551 5921 ed.
1592 5867 1726 5922 Call.
1773 5870 1816 5898 ³⁵
1851 5867 2136 5921 κτθοτιοῦν
2164 5870 2250 5922 ed.
2282 5867 2420 5921 Gali.
2494 5868 2538 5895 ’³
2562 5868 2813 5934 λέγεσθαι
2848 5857 2935 5921 ed.
2965 5857 3102 5921 Gali.
3168 5869 3214 5898 ”
3236 5866 3330 5918 καὶ
3355 5865 3444 5918 ed.
3472 5862 3610 5916 Gali.
