4012 6376
1681 408 1741 466 S.
1783 407 2070 468 ΜΑΧΙΜΙ
2113 412 2627 477 CONFESSORIS

417 559 420 562 .
495 505 651 571 fecit,
701 515 761 561 ut
794 523 898 564 nos
946 527 1074 567 cum
1124 515 1344 570 caeteris
1397 517 1504 573 hoe
1536 534 1760 590 quoque
1793 523 2073 578 credentes

2191 527 2352 581 τοῦτο
2401 529 2669 598 λεγόντων
2717 534 2923 600 αὐτῶν,
2966 535 3112 588 κατὰ
3160 531 3251 588 τὸν
3279 534 3435 602 ἅγιον
3483 534 3655 589 τοῦτον
3677 538 3744 592 δι-

495 609 868 664 speraremus.
895 601 1186 669 Quomodo
1227 607 1400 675 enim,
1449 610 1494 666 si
1545 610 1651 666 hoc
1681 627 1779 666 eos
1825 612 2082 670 dicentes

492 686 760 756 feramus,
788 696 1096 751 secundum
1129 710 1382 754 sanctum
1416 702 1565 758 hunc
1590 704 1939 774 magistrum,
1963 724 2085 763 cre-

491 776 690 835 demus
718 782 771 837 id
809 787 959 854 quod
1005 791 1200 844 unitur
1233 793 1369 859 Deo,
1401 796 1568 850 etiam
1608 797 1848 852 salvari?
1885 819 1902 850 ι
1925 799 2084 866 Quod

489 871 663 938 enim,
692 893 710 924 ›
752 875 831 931 ait
865 879 934 932 ad
973 879 1306 940 CledOnium
1345 889 1619 955 scribens,
1677 909 1694 941 ι
1729 893 1947 946 unitum
1999 902 2084 949 est

485 964 625 1030 Deo,
669 967 777 1024 hoc
809 971 979 1027 etiam
1024 975 1291 1032 salvatur.
1334 999 1352 1030 ι
1400 982 1576 1037 Porro
1611 985 1829 1040 unitum
1857 997 1942 1042 est
1971 988 2084 1042 Deo

486 1057 674 1114 Verbo
705 1061 869 1117 simul
902 1081 1026 1119 cum
1070 1072 1252 1126 anima
1279 1073 1449 1127 etiam
1497 1092 1724 1146 corpus,
1754 1094 1890 1149 ergo
1918 1079 2083 1134 simul

485 1163 615 1201 cum
653 1141 836 1205 anima
870 1169 1075 1224 corpus
1105 1173 1330 1230 quoque
1366 1164 1631 1218 salvator.
1666 1166 1737 1221 Et
1784 1183 2001 1234 rursus,
2034 1169 2082 1224 si

484 1249 780 1310 propterea
816 1245 1164 1315 incarnatur,
1199 1253 1359 1321 juxta
1405 1254 1658 1311 divinum
1700 1259 1851 1313 hunc
1882 1259 2085 1316 docto-

483 1348 624 1399 rem,
653 1335 750 1390 Dei
775 1338 1044 1406 Verbum,
1071 1351 1134 1398 ut
1162 1353 1221 1399 et
1246 1345 1542 1418 imaginem
1572 1352 1747 1406 salvet
1772 1363 1829 1408 et
1855 1369 2081 1408 carnem

485 1427 859 1486 immortalem
893 1433 1110 1500 reddat,
1155 1453 1398 1506 quanam
1432 1442 1646 1496 ratione
1685 1444 1739 1497 id
1792 1445 1939 1514 quod
1977 1447 2086 1500 sal-

480 1530 647 1575 vetur
695 1521 1054 1580 interiturum
1097 1528 1192 1594 sit,
1246 1532 1578 1588 moriturum
1625 1536 1696 1590 sit
1735 1537 1874 1592 item
1930 1541 2080 1609 quod

481 1613 796 1670 immortale
836 1617 1102 1674 eﬂ'ectum
1143 1622 1234 1686 sit,
1272 1625 1383 1690 vel,
1437 1634 1499 1680 ut
1532 1629 1710 1699 magis
1742 1632 1972 1700 pr0prie
1997 1633 2082 1686 di-

480 1723 624 1771 cam,
654 1709 905 1766 divinum
948 1714 1212 1771 effectum
1249 1718 1320 1772 sit
1351 1728 1552 1785 totum,
1587 1723 1868 1780 mediante
1896 1727 2080 1782 anima

479 1799 846 1857 intellectuali
900 1804 1257 1863 divinitatem
1306 1810 1456 1866 inter
1486 1822 1546 1868 et
1573 1830 1795 1885 corpus,
1837 1833 2079 1886 praesen-

478 1891 636 1960 tique
676 1895 829 1948 omni
865 1895 1141 1953 ineffabili
1195 1903 1440 1972 quodam
1485 1906 1656 1960 modo
1705 1911 2080 1967 essentialiter

477 1993 736 2054 suscepta
786 1986 884 2041 Dei
936 1987 1225 2046 Sermonis
1276 1994 1550 2050 incarnati
1603 1997 1936 2067 substantia,
1979 2002 2075 2071 qui

475 2074 646 2128 etiam
699 2078 993 2146 proprium
1037 2081 1143 2135 sibi
1184 2098 1388 2152 corpus
1435 2087 1698 2143 effecerat
1751 2101 1808 2144 et
1861 2107 1974 2160 prae
2015 2109 2074 2149 se

478 2165 702 2231 tulerat,
732 2168 840 2223 hoc
871 2170 1131 2239 equidem
1159 2175 1471 2247 intelligere
1514 2195 1624 2233 non
1674 2180 1874 2236 habeo.
1902 2183 2076 2255 Cujus

474 2270 613 2311 vero
658 2258 736 2312 rei
791 2261 1002 2331 gratia,
1047 2265 1324 2335 siquidem
1397 2272 1664 2341 mysterio
1715 2271 1842 2328 ﬁdei
1891 2277 2078 2333 eccle-

475 2351 715 2409 siasticae
758 2364 816 2410 et
861 2358 971 2414 hoc
1018 2361 1344 2419 continetur
1385 2365 1606 2437 dogma,
1650 2384 1762 2423 non
1819 2369 1898 2440 sit
1945 2384 2079 2424 cum

474 2444 695 2500 caeteris
743 2452 1210 2519 comprehensum
1245 2457 1299 2510 in
1329 2461 1585 2530 symbolo
1614 2477 1724 2531 quo
1765 2463 1980 2518 sincera
2017 2472 2076 2517 et

474 2535 760 2608 inculpata
818 2541 1270 2603 Christianorum
1319 2550 1460 2607 ﬁdes
1509 2571 1540 2608 a
1582 2557 1791 2611 sanctis
1814 2564 1871 2610 et
1897 2557 2078 2611 beatis

472 2627 737 2687 Patribus
774 2639 988 2694 nostris
1036 2644 1288 2712 exposita
1333 2645 1462 2711 fuit,
1510 2647 1816 2704 identidem
1848 2663 2082 2719 congre-

473 2725 617 2793 gatis
649 2726 717 2780 ad
768 2729 1104 2790 stabilienda
1154 2737 1343 2794 divina
1393 2750 1598 2796 saneta:
1637 2743 1734 2797 Dei
1767 2751 1826 2798 et
1852 2752 2081 2812 aposto-

473 2815 593 2870 licae
630 2816 894 2878 Ecclesiae
929 2825 1207 2898 dogmata,
1256 2831 1310 2885 id
1343 2834 1697 2904 sapientibus
1754 2837 1944 2893 dicere
1980 2852 2072 2892 re-

471 2907 810 2979 linquamus.
848 2912 956 2971 Sed
999 2922 1135 2978 satis
1185 2939 1312 2979 esse
1373 2926 1633 2983 existimo
1685 2945 1835 2984 nunc
1878 2937 2078 2984 contra

472 3001 615 3059 istos
683 3008 801 3064 haec
867 3027 969 3080 per
1014 3014 1422 3086 digressionem
1483 3020 1632 3076 dicta
1695 3021 1892 3078 fuisse.
1951 3021 2077 3078 Jam

473 3090 648 3162 igitur
696 3099 764 3154 ad
819 3103 960 3158 alios
1009 3114 1431 3162 convertamur.

2189 620 2481 688 δάσκαλον,
2544 626 2912 698 πιστεύσομεν
2941 628 3024 681 ὅτι
3067 628 3130 680 τὸ
3167 628 3365 681 ὲνωθὲν
3405 626 3484 696 τῷ
3529 627 3639 697 θεῷ
3667 633 3746 682 καὶ

2191 713 2424 778 σώζεται
2459 719 2542 780 ἐς
2598 739 2614 769 ι
2651 721 2717 772 Ὃ
2761 719 2902 790 γάρ,
2949 721 3085 790 φησὶ
3130 719 3268 790 πρὸς
3315 719 3600 788 Κληδόνων
3635 723 3748 790 γρά-

2189 830 2327 880 φων,
2361 811 2568 880 ἥνωται
2614 811 2692 880 τῷ
2741 813 2884 883 Θεῷ,
2924 813 3086 867 τοῦτο
3112 815 3206 866 καὶ
3254 811 3487 876 σώζεται
3512 812 3556 844 ⁸⁸
3584 813 3702 880 (38).
3728 839 3744 866 ι

2199 903 2415 973 Ἦνὼθη
2448 903 2506 957 δὲ
2548 902 2625 973 τῷ
2649 903 2769 974 Θεῷ
2786 905 2830 935 ’⁷
2855 904 3017 974 Λόγῳ
3053 903 3195 974 μετὰ
3233 902 3334 970 τῆς
3373 903 3554 972 ψυχῆς
3592 903 3675 955 καὶ
3703 903 3752 956 τὺ

2190 996 2370 1067 σῶμα.
2408 997 2551 1067 Ἀρα
2577 997 2716 1068 μετὰ
2736 998 2835 1067 τῆς
2855 997 3040 1068 ψυχῆς
3055 998 3148 1050 καὶ
3173 997 3234 1049 τὺ
3267 996 3426 1066 σῶμα
3451 996 3750 1066 σωθήσεται.

2189 1089 2298 1141 Καὶ
2347 1088 2531 1154 πάλιν,
2583 1091 2632 1141 εἰ
2664 1090 2753 1142 διὰ
2794 1088 2958 1142 τοῦτο
2997 1088 3319 1158 σαρκοῦται,
3352 1088 3496 1142 κατὰ
3524 1087 3612 1140 τὸν
3656 1088 3753 1142 θεό-

2188 1198 2362 1249 φρονα
2393 1181 2586 1234 τοῦτον
2614 1181 2962 1248 διδάσκαλον,
2997 1184 3026 1234 ὁ
3052 1180 3153 1234 ειτοῦ¹
3171 1180 3311 1234 Θεοῦ
3339 1179 3537 1247 Λόγος,
3571 1180 3753 1234 τνακαὶ

2186 1274 2285 1346 τὴν
2314 1275 2500 1328 εἰκόνα
2527 1275 2676 1344 σώσῃ
2702 1275 2799 1327 καὶ
2835 1275 2935 1344 τὴν
2967 1275 3148 1344 σάρκα
3203 1274 3532 1343 άθανατίσῃ.
3563 1272 3672 1336 πῶς
3703 1273 3753 1326 τὸ

2188 1367 2500 1436 σωζόμενον
2545 1367 2850 1430 ἀπολεῖται,
2879 1367 2971 1420 καὶ
2998 1365 3185 1437 (23hI
3228 1365 3284 1436 a)
3323 1365 3580 1435 θνήξεται
3609 1364 3752 1418 πάλιν

2183 1462 2244 1515 τὸ
2287 1460 2778 1531 ἁθανατιζόμενον,
2835 1459 3039 1530 μᾶλλον
3077 1461 3135 1512 δὲ
3188 1453 3528 1530 κυριώτερον
3576 1459 3750 1519 εἰπεῖν,

2185 1555 2388 1607 θεωθὲν
2437 1553 2558 1606 ὅλον
2618 1553 2708 1606 διὰ
2751 1552 2926 1624 μέσης
2972 1551 3075 1622 τῆς
3113 1553 3308 1622 νοερᾶς
3342 1550 3525 1620 ψυχῆς
3562 1549 3753 1618 θεότητι

2187 1643 2586 1713 μεσιτευοὺσης
2629 1643 2724 1696 καὶ
2773 1640 3010 1712 σώματι,
3048 1639 3336 1710 παροῦσαν
3361 1638 3496 1706 ὃλην
3524 1638 3754 1709 ἀρρήτως

2183 1735 2461 1798 οὐσιωδῶς
2486 1735 2534 1766 ⁸⁸
2563 1734 2665 1804 τὴν
2703 1732 2799 1787 τοῦ
2848 1731 3232 1804 σαρκωθέντος
3281 1731 3586 1783 ὑπόστασιν
3636 1726 3753 1780 Θεηῦ

2183 1830 2359 1896 Λόγου
2382 1826 2677 1896 δεξάμενον
2693 1827 2770 1892 ¹⁹,
2795 1826 2890 1879 καὶ
2927 1824 3058 1878 ἴδιον
3093 1823 3226 1876 αὐτὸ
3258 1822 3424 1892 σῶμα
3473 1819 3757 1890 ποιησαμέ-

2187 1939 2277 1972 νου
2303 1897 2363 1972 τε
2395 1920 2491 1976 καὶ
2533 1920 2936 1988 άποφήναντος,
2971 1917 3072 1970 οὐκ
3097 1916 3208 1987 ἔχω
3232 1916 3492 1970 συνιδεῖν.
3530 1914 3678 1974 Τίνος
3706 1911 3754 1964 δὲ

2184 2015 2364 2084 χάριν,
2402 2013 2565 2081 εἴπερ
2593 2011 2673 2081 τῷ
2721 2011 3008 2082 μυστηρίῳ
3048 2010 3148 2078 τῆς
3177 2005 3648 2079 ὲκκλησιαπικῆς
3680 2003 3756 2055 πί-

2188 2123 2357 2168 στεως
2373 2106 2470 2158 καὶ
2498 2104 2659 2157 τοῦτο
2683 2104 2998 2175 περιέχεται
3029 2103 3091 2156 τὸ
3113 2102 3315 2172 δόγμα,
3351 2102 3427 2170 μὴ
3460 2101 3572 2160 τοῖς
3593 2097 3755 2158 ἄλλοις

2185 2194 2644 2266 συμπεριελήφθη
2682 2197 2740 2248 ὲν
2779 2195 2857 2265 τῷ
2883 2193 3146 2265 συμϐόλῳ
3178 2194 3280 2262 τῆς
3316 2190 3464 2258 κατὰ
3498 2189 3596 2258 τὴν
3628 2186 3756 2257 ἁμῶ-

2186 2307 2360 2360 μητον
2415 2289 2601 2343 πίστιν
2645 2288 2754 2342 τῶν
2787 2286 3136 2359 Χριστιανῶν
3181 2285 3458 2346 ἐκθέσεως
3502 2281 3608 2333 ὑπὸ
3662 2279 3756 2331 τιῖιν

2182 2383 2355 2450 ἁγίων
2380 2385 2475 2436 καὶ
2500 2381 2848 2452 μακαρίωνθο
2892 2379 3158 2449 Πατέρων
3194 2377 3376 2448 ἡμῶν,
3422 2373 3536 2427 τῶν
3563 2373 3604 2404 ³⁸
3645 2387 3755 2424 συν-

2177 2473 2577 2545 αθροισθέντων
2611 2471 2753 2525 κατὰ
2781 2473 3008 2541 καιροὺς
3031 2471 3125 2522 ἐπὶ
3163 2466 3462 2540 βεϐαιώσει
3481 2464 3591 2517 τῶν
3614 2461 3754 2515 θείων

2176 2569 2277 2637 τῆς
2327 2567 2493 2636 άγίας
2532 2566 2628 2619 τοῦ
2694 2565 2832 2618 Θεοῦ
2888 2565 2983 2617 καὶ
3027 2560 3399 2630 άποστολικῆς

2176 2659 2487 2730 δογμάτων,
2517 2658 2698 2726 λέγειν
2719 2659 2834 2719 τοῖς
2852 2657 3037 2725 σοφοῖς
3062 2652 3508 2747 οιαταλείψωμεν
3523 2649 3599 2700 ⁸¹ἲ
3627 2645 3750 2747 ’ξλλν

2177 2755 2371 2824 ἀρκεῖν
2421 2747 2577 2821 οἶμαι
2632 2749 2768 2820 πρὸς
2803 2748 2864 2802 τὸ
2893 2747 3066 2818 παρὸν
3117 2741 3550 2816 παρεκϐατικῶς
3601 2741 3751 2791 ταῦτα

2181 2847 2414 2918 ῥηθῆναι
2448 2845 2586 2919 πρὸς
2619 2842 2862 2907 τούτους.
2913 2841 3060 2914 Πρὸς
3091 2841 3150 2894 δὲ
3178 2840 3305 2903 τοὺς
3325 2835 3530 2900 ἄλλους
3557 2830 3754 2903 τρεψώ-

2182 2939 2345 3009 μεθα.

548 3278 748 3337 Contra
781 3299 866 3338 σοι
913 3279 1012 3355 (ιιιῖ
1040 3303 1264 3358 corpora
1315 3298 1440 3344 ante
1485 3292 1696 3344 animas
1744 3293 1995 3345 exsistere

2178 3296 2330 3362 Πρός
2354 3289 2500 3356 τοὺς
2533 3288 2827 3359 λέγοντας
2858 3285 2978 3340 τῶν
3005 3281 3226 3354 ψυχῶν
3249 3278 3664 3352 προϋπάρχειν
3689 3273 3751 3328 τό

1118 3377 1423 3475 afﬁrmant.

547 3482 677 3537 Post
708 3497 941 3554 corpora
975 3487 1243 3545 exsistere
1273 3490 1508 3557 animas,
1538 3507 1572 3547 ο
1600 3488 1727 3559 isti,
1761 3493 1950 3551 dicere
1984 3494 2079 3550 fa-r

473 3577 580 3630 cile
627 3585 683 3630 et
728 3579 976 3648 cujusvis
1007 3582 1244 3637 volentis
1293 3591 1416 3652 est,
1457 3593 1515 3639 at
1559 3587 1775 3641 ratione
1829 3589 2068 3657 probare

473 3669 622 3740 quod
653 3670 862 3726 dicitur
890 3689 1155 3745 perquam
1187 3675 1409 3732 diiﬁcile
1443 3687 1528 3733 est
1550 3687 1716 3749 atque
1743 3694 2064 3749 operosum,

471 3763 754 3833 studiique
797 3775 857 3820 et‘
876 3766 1176 3838 diligentia:
1219 3770 1274 3823 in
1305 3770 1408 3825 hac
1445 3773 1752 3841 quaestione
1785 3774 2079 3829 collocata!

424 3854 426 3857 ’
470 3851 632 3908 facile
685 3871 971 3926 nunquam
1011 3860 1242 3916 habebit
1275 3862 1519 3918 fructum
1565 3874 1622 3920 et
1653 3867 2064 3935 probationem.

471 3942 530 3999 Si
565 3947 713 4002 enim
764 3949 819 4004 id
847 3951 996 4020 quod
1048 3955 1355 4010 secundum
1406 3973 1507 4011 vos
1569 3958 1627 4011 in
1691 3961 2078 4029 generationis

469 4037 730 4096 humanae
764 4045 996 4098 materia
1029 4046 1258 4114 ponitur
1294 4047 1660 4103 inanimatam
1695 4052 1922 4106 omnino
1957 4064 2064 4120 est,

469 4130 726 4198 sequitur
756 4135 1072 4188 necessario
1114 4145 1182 4190 -ut
1215 4137 1382 4191 etiam
1415 4138 1600 4194 vitalis
1652 4141 1913 4196 nimirum
1964 4159 2068 4213 po-

470 4223 686 4278 testatis
717 4225 877 4294 plane
906 4228 979 4282 sit
1010 4243 1228 4298 expers.
1263 4229 1398 4285 Nam
1431 4232 1578 4301 quod
1605 4234 1808 4298 anima,
1841 4253 2067 4308 quoquo

467 4313 636 4368 modo
656 4327 978 4386 comparata
996 4319 1184 4386 fuerit,
1211 4332 1385 4388 caret,
1429 4323 1484 4378 id
1509 4325 1660 4378 omni
1689 4327 1844 4380 vitali
1881 4330 2066 4397 priva-

470 4412 587 4459 tum
624 4415 711 4477 est
732 4409 959 4464 virtute.
991 4410 1148 4477 Quod
1192 4413 1238 4469 si
1273 4415 1456 4469 anima
1492 4417 1723 4486 ejusque
1748 4419 1937 4474 vitalis
1967 4433 2068 4490 po-

466 4498 684 4555 testatis
717 4509 774 4555 et
806 4503 1030 4559 virtutis
1055 4505 1219 4574 plane
1259 4522 1458 4576 expers
1479 4514 1588 4572 est,
1629 4517 1910 4563 mortuum
1944 4526 2066 4566 esse

466 4589 825 4647 manifestum
854 4602 976 4663 est;
999 4608 1193 4651 verum
1227 4598 1271 4654 si
1312 4606 1593 4653 mortuum
1623 4614 1747 4655 esse
1774 4602 2063 4667 statuitur,

2835 3380 3102 3449 σώματα.

2242 3489 2316 3544 Τὸ
2355 3486 2730 3560 μεθυπάρχειν
2766 3483 2874 3537 τῶν
2918 3481 3189 3551 σωμάτων
3231 3479 3332 3541 τὰς
3364 3477 3574 3550 ψυχὰς,
3605 3467 3747 3531 ῶοῦ-

2169 3598 2273 3649 τοι,
2306 3581 2488 3649 λέγειν
2544 3577 2766 3630 εὔκολον
2794 3575 2890 3628 καὶ
2923 3573 3016 3626 τοῦ
3051 3571 3376 3642 βουλομένου
3431 3568 3632 3630 παντὸς
3653 3608 3666 3632 ,
3695 3565 3747 3618 τὸ

2169 3678 2226 3731 δὲ
2262 3677 2407 3746 λόγῳ
2443 3671 2822 3744 συστήσασθαι
2869 3669 2931 3722 τὺ
2976 3668 3276 3738 λεγόμενον
3321 3665 3469 3759 πάνυ
3504 3661 3745 3759 δύσκοῖρν

2171 3769 2266 3824 καί¹
2320 3766 2578 3839 ἐργῶδες,
2612 3764 2708 3817 καὶ
2743 3760 2941 3815 οὔποτε
2983 3759 3188 3831 ῥᾴστην
3222 3757 3346 3826 ἔχον
3378 3758 3484 3825 τῆς
3527 3750 3744 3816 σπουδῆς

2287 3859 2586 3926 ἀπόδειξιν.
2629 3858 2692 3910 Εἰ
2727 3855 2836 3925 γὰρ
2861 3854 2922 3908 τὸ
2958 3849 3444 3919 καταϐαλλόμενον
3468 3845 3592 3900 καθ’
3616 3843 3744 3913 ὑμᾶς

2169 3958 2250 4020 εἰς
2280 3955 2557 4024 πρόφασιν
2584 3951 2685 4021 τῆς
2723 3947 3076 4019 ἀνθρωπίνης
3095 3943 3379 4014 ¹γενέσεως
3412 3937 3744 3994 παντάπασίν

2169 4049 2320 4100 ἐστιν
2369 4044 2599 4115 ἄψυχον,
2619 4043 2716 4096 καὶ
2749 4040 2987 4110 ζωτικῆς
3007 4037 3254 4108 δηλονότι
3273 4029 3739 4131 δυνάμεῳς-πάνῖη

2169 4138 2516 4207 καθέστηκεν
2545 4135 2796 4206 ἄμοιρον.
2844 4133 2916 4185 Τὸ
2970 4129 3081 4200 γὰρ
3121 4128 3299 4199 ψυχῆς
3339 4123 3619 4185 παντελῶς
3654 4123 3742 4188 τῆς

2168 4229 2388 4284 οἱασοῦν
2426 4227 2796 4299 ἐστερημένον
2840 4225 2934 4278 καὶ
2976 4224 3154 4292 πάσης
3192 4219 3440 4288 ζωτικῆς
3475 4214 3740 4287 ἐνεργείας

2169 4323 2317 4375 ἐστὶν
2338 4320 2568 4391 ἔρημον.
2615 4321 2678 4372 Εἰ
2707 4318 2762 4372 δὲ
2790 4316 2968 4387 ψυχῆς
2997 4315 3093 4368 καὶ
3119 4313 3218 4383 τῆς
3248 4311 3370 4365 κατ’
3392 4309 3566 4380 αὐτὴν
3596 4305 3740 4370 ζωτι-

2170 4415 2273 4485 κῆς
2303 4413 2589 4485 δυνάμεώς
2619 4430 2679 4466 τε
2704 4411 2801 4464 καὶ
2833 4407 3117 4479 ἐνεργείας
3165 4403 3451 4466 παντελῶς
3486 4399 3740 4463 καθέστη-

2169 4526 2266 4564 κεν
2294 4509 2546 4578 άμοιρον,
2573 4502 2822 4575 δηλονότι
2856 4499 3052 4571 νεκρὸν
3084 4496 3379 4566 τυγχάνει·
3412 4491 3536 4544 εἰδὲ
3565 4485 3739 4555 νεκρὸν

2168 4601 2302 4654 αὐτὸ
2324 4595 2699 4668 ὑποτιθέμεθα
2726 4590 2889 4656 εἶναι,
2919 4589 3045 4644 οὗτε
3071 4587 3332 4659 τρέφεται
3358 4581 3484 4636 οὕτε
3510 4579 3736 4668 αὒξεται,

463 4699 648 4753 neque
672 4686 842 4742 alitur
863 4701 1045 4760 neque
1071 4692 1298 4757 crescit,
1328 4705 1510 4764 neque
1534 4694 1648 4748 ullo
1684 4695 1850 4750 modo
1881 4696 2066 4752 subsi-

2178 4691 2282 4746 οὐδ’
2299 4690 2436 4753 ὅλως
2457 4686 2767 4756 ὑποστῆσαι
2789 4683 3104 4754 δυνήσεται,
3129 4679 3227 4733 καὶ
3263 4679 3448 4748 μεῖναι
3474 4669 3738 4764 παντελως

465 4783 613 4829 stere
641 4779 866 4845 poterit,
911 4790 1008 4836 aut
1039 4781 1428 4853 ind’issipatum
1470 4796 1529 4841 et
1575 4786 1901 4842 indiﬂ‘usum
1948 4804 2059 4843 ma-

465 4878 622 4920 nere.
650 4867 811 4934 Quod
857 4871 1056 4940 probat
1105 4873 1402 4928 vulnerum
1449 4875 1507 4930 in
1545 4889 1776 4946 corpore
1822 4879 2061 4934 sanatio.

463 4959 596 5026 Quae
625 4961 850 5031 quando
881 4961 1226 5018 medicorum
1262 4961 1360 5018 ﬁlii
1392 4965 1674 5034 attingunt
1710 4976 1989 5024 tentantes
2014 4972 2060 5025 si

462 5065 670 5122 corpus
700 5060 982 5107 mortuum
1017 5067 1308 5123 emergens
1348 5054 1654 5123 reperiant,
1681 5057 2056 5114 medicamen-

465 5144 536 5200 tis
566 5160 691 5214 quae
739 5145 793 5200 id
823 5146 1094 5201 devorent
1131 5155 1258 5201 ante
1299 5146 1618 5214 insumptis,
1654 5146 1728 5201 ita
1767 5165 1889 5218 qua:
1929 5152 2057 5205 reﬁ-

465 5233 664 5289 ciendo
685 5236 904 5305 corpori
929 5237 997 5290 de
1026 5237 1257 5291 vulnere
1273 5235 1408 5290 laeso
1436 5234 1634 5289 idonea
1658 5237 1767 5291 sint
1791 5239 2059 5295 adhibent

464 5325 532 5406 ad
565 5327 996 5398 suppletionem,
1026 5337 1302 5400 quatenus
1329 5329 1518 5384 vivum
1550 5330 1815 5388 videlicet
1854 5349 2057 5407 corpus

2167 4781 2507 4837 άσκέδαστόν
2571 4797 2634 4832 τε
2681 4778 2777 4832 καὶ
2832 4776 3143 4846 άδιάχυτον.
3207 4769 3516 4840 Τεκμηριοῖ
3579 4763 3633 4816 δὲ
3684 4759 3737 4810 τὸ

2165 4872 2357 4948 (234
2388 4873 2438 4944 b)
2463 4870 2658 4942 λεχθὲν
2691 4873 2720 4924 ὁ
2757 4871 2815 4922 ὲν
2853 4870 2966 4930 τοῖς
2996 4865 3214 4934 σώμασι
3243 4861 3355 4915 τῶν
3406 4856 3578 4912 ἑλκῶν
3617 4854 3734 4906 άκε-

2168 4966 2324 5036 σμός.
2359 4963 2554 5018 Ἦνίκα
2583 4963 2693 5032 γάρ
2723 4961 3062 5032 ἐφάπτονται
3089 4958 3297 5011 τούτων
3317 4954 3520 5026 ἰατρῶν
3543 4951 3730 5012 παῖδες,

2166 5061 2216 5112 εξ
2235 5058 2448 5129 εὕροιεν
2483 5054 2815 5119 ἐπιπολάζον
2848 5053 3007 5123 σῶμα
3031 5051 3249 5122 νεκρὸν,
3268 5053 3382 5114 τοῖς
3408 5044 3730 5102 κατεσθίουσι

2162 5151 2322 5203 τοῦτο
2370 5149 2684 5220 φαρμάκοις
2747 5147 3282 5219 ιπροαναλὼσαντες,
3341 5143 3485 5197 οὕτω
3514 5140 3580 5194 τά
3610 5135 3729 5206 πρὸς

2164 5245 2419 5299 ἀνάδοσιν
2445 5243 2543 5297 τοῦ
2580 5243 2956 5305 κοιλανθέντος
2999 5243 3063 5294 ἐκ
3104 5242 3206 5311 τῆς
3235 5238 3470 5308 ὠτειλῆς
3501 5236 3729 5305 σώματος

2163 5338 2553 5392 ἐπιϐάλλουσιν
2595 5339 2675 5400 εἰς
2706 5335 3119 5408 ἀναπλήρωσιν,
3154 5335 3230 5398 ὡς
3281 5332 3374 5386 τοῦ
3419 5331 3613 5395 ζῶντος
3645 5324 3725 5392 δτΓ

1784 5470 2016 5526 ῪΑΒΙίΕ
2054 5471 2468 5531 LECTIONES.

533 5576 579 5607 ’⁵
613 5575 845 5640 ζώσεται
873 5581 964 5635 ed.
1006 5581 1148 5637 Gall.

1237 5583 1282 5613 ³⁸
1311 5583 1545 5646 ζώσεται
1579 5586 1668 5641 ed.
1709 5587 1850 5642 Gali.
1925 5589 1972 5620 "
1999 5591 2120 5655 Θεῷ
2153 5609 2264 5647 om.
2296 5593 2386 5647 ed.
2425 5594 2565 5648 Gall.
2642 5565 2689 5627 ’ἕ
2715 5594 2991 5655 οὑσιωδῶς
3016 5593 3070 5645 in
3103 5590 3310 5646 codicis
3331 5586 3564 5646 Gudiani
3593 5599 3721 5639 mar-

465 5643 592 5712 giae
612 5647 682 5702 ab
710 5649 902 5707 eadem
922 5668 1097 5733 manu
1126 5643 1740 5733 nascrip_t_um_lcgitur._
1793 5661 1836 5733 ξε
1863 5643 2648 5733 δεξαμένουςπειιέιῆοοῖίιιίιιιιι·
2669 5665 2912 5720 editores
2935 5643 3188 5718 Gialland.
3267 5662 3310 5694 ³⁰
3337 5663 3430 5715 καὶ
3467 5655 3718 5731 μακαρίων

467 5729 578 5770 non
609 5730 892 5789 comparet
920 5722 976 5777 in
1003 5722 1092 5778 ed.
1120 5721 1259 5777 Gall.

1342 5726 1386 5756 "
1427 5727 1533 5778 τῶν
1561 5726 1692 5785 non
1729 5729 1896 5785 habet
1927 5726 2016 5786 ed'.
2049 5732 2191 5786 Call.

2291 5735 2336 5765 ³¹
2376 5735 2784 5805 καταλείψομεν
2810 5735 2899 5790 ed.
2932 5733 3071 5788 Gall.

534 5852 647 5924 (58)
686 5854 848 5927 Greg.
880 5857 1009 5914 Naz.
1041 5859 1214 5930 Epist.
1249 5861 1318 5916 ad
1340 5860 1579 5931 Cledon.,
1606 5881 1656 5933 p.
1687 5866 1775 5933 87,
1813 5876 1941 5923 tom.
1978 5868 2020 5922 ll
2065 5867 2200 5922 edit.
2257 5869 2463 5926 Bened.
