4012 6370
287 423 422 492 1337

1523 425 2041 487 AMBIGUORUM
2081 430 2333 491 LIBER.

3409 438 3548 504 1333

279 537 420 608 λαδὴ
463 534 725 605 σώματος
767 535 931 606 φύσιν
981 533 1199 606 ἔχοντος
1228 533 1736 604 ἀναπεμπάζουσαν
1770 535 1865 588 καὶ

1970 547 2168 591 natura
2197 540 2489 608 praeditum
2527 551 2612 595 est
2643 542 2976 598 resarciente
3003 552 3058 598 et
3080 545 3284 601 virtute
3313 549 3549 616 quadam

277 631 514 700 δύναμιν
543 631 644 699 τῆς
680 629 888 692 οἰκείας
939 629 1106 693 ἕξεως
1159 628 1497 698 συστατικήν
1543 647 1603 681 τε
1639 629 1734 682 καὶ
1762 631 1860 681 ὲπ-

278 721 674 791 ανακλητικὴν,
723 719 820 774 τοῦ
865 721 924 773 δὲ
977 719 1176 790 νεκροῦ
1217 719 1379 773 τοῦτο
1413 720 1682 790 μηδαμῶς
1711 721 1862 790 ἐνερ-

278 811 530 880 γοῦντος,
566 811 722 877 ἅπαξ
747 811 1152 881 νενεκρωμένου
1185 812 1279 863 καὶ
1313 810 1592 874 παντελῶς
1622 810 1860 879 ζωτικῆς

279 904 654 974 ἔστερημένου
689 902 992 972 δυνάμεως,
1027 903 1120 956 καὶ
1154 901 1244 955 διὰ
1287 901 1450 955 τοῦτο
1498 903 1860 973 ἁνενεργήτου

275 996 662 1065 τυγχάνοντος.
703 995 825 1057 Πῶς
873 994 929 1048 δὲ
977 995 1071 1047 καὶ
1109 996 1370 1064 στήσεται
1419 994 1482 1046 rb
1517 993 1677 1062 φύσει
1727 1010 1858 1045 σκε-

278 1088 476 1142 δαστόν
517 1103 579 1140 τε
628 1089 724 1140 καὶ
764 1086 1100 1150 εὐδιάλυτον,
1151 1087 1226 1157 μὴ
1264 1087 1429 1140 οἱονεὶ
1451 1085 1704 1156 θεμελίου
1737 1083 1864 1156 τρό-

281 1198 390 1233 πον
435 1182 554 1232 κατ’
603 1179 850 1233 ἐπίνοιαν
895 1180 1374 1249 προῡποκειμένης
1416 1179 1563 1241 τινὸς
1621 1177 1862 1248 ζωτικῆς

279 1271 587 1342 δυνάμεως,
641 1273 768 1339 περὶ
815 1271 1014 1340 ἑαυτὴν
1064 1270 1311 1339 φυσικῶς
1357 1269 1756 1340 συγκρινούσης
1801 1285 1861 1320 τε

282 1363 380 1416 καὶ
411 1363 843 1432 διασφιγγούσης
875 1362 938 1415 rb
979 1361 1447 1431 σκεδαννύμενον,
1481 1364 1538 1415 ἐκ
1636 1362 1697 1414 τὸ
1725 1356 1863 1412 εἷναί

282 1469 344 1504 τε
371 1455 465 1505 καὶ
495 1451 880 1505 εἰδοποιεῖσθαι
926 1451 1079 1521 παρὰ
1106 1451 1207 1518 τῆς
1252 1449 1324 1501 τὰ
1347 1449 1444 1504 ὅλα
1468 1450 1647 1518 σοφῶς
1681 1463 1862 1518 τεχνι-

279 1542 545 1613 τευούσης
595 1543 875 1614 δυνάμεως
933 1543 1076 1613 ἔχειν
1123 1541 1348 1614 ἑλαχενς
1407 1545 1496 1597 Ἐν
1549 1535 1595 1609 ᾧ
1637 1541 1746 1611 γὰρ
1796 1539 1863 1594 ἂν

283 1637 574 1704 πράγματι
619 1636 759 1704 μετὰ
803 1636 862 1688 rb
889 1633 1148 1704 τεχθῆναι
1177 1636 1462 1706 περίεστιν
1491 1633 1707 1703 ἀληθῶς
1733 1633 1793 1685 rb
1817 1631 1862 1663 ³³

280 1722 424 1779 εἶναι
452 1727 530 1796 τῷ
562 1727 806 1797 σώματι,
854 1728 911 1779 ἐν
953 1727 1148 1796 ἐκείνῳ
1173 1729 1390 1790 πάντως
1421 1726 1646 1788 δικαίως
1673 1725 1742 1776 ἂν
1777 1723 1864 1776 λέ-

279 1834 434 1885 γοιτο
465 1817 610 1887 ἔχειν
653 1821 748 1871 καὶ
801 1819 900 1888 τὴν
935 1818 1108 1888 ἀρχὴν
1153 1818 1256 1886 τῆς
1300 1817 1606 1888 ὑπάρξεως.
1640 1808 1861 1878 (ib-crvo;

279 1882 394 1975 ’χὰρ
423 1882 796 1976 τῷτχιυρισμῷ
824 1882 1135 1960 διαλύεσθαι
1176 1882 1390 1974 πέφυκε
1417 1882 1490 1959 τὸ
1520 1905 1699 1976 σῶμα,
1741 1905 1862 1960 τούς
1892 1882 1940 1940 Β

278 2014 379 2050 του
435 1997 635 2068 δηλαδὴ
663 2001 729 2068 τῇ
779 1997 1014 2072 ὑπάρξει
1050 2001 1191 2052 κατὰ
1239 1997 1336 2069 τὴν
1365 1999 1589 2067 ,γένεσιν
1623 1997 1862 2068 εὐλόγως

283 2089 354 2144 ἂν
387 2090 601 2152 πάντως
625 2090 720 2142 καὶ
761 2091 1192 2159 συνυφέστηκεν.

356 2183 421 2236 Εί
463 2182 519 2234 δὲ
553 2181 765 2246 τούτοις
809 2182 1306 2253 στενοχωρούμενοι
1343 2185 1458 2248 τοῖς
1495 2174 1862 2253 λογισμοίς,ὧ

280 2268 449 2339 οὗτοι,
489 2275 622 2344 φατὲ
660 2274 734 2344 μὴ
782 2274 977 2343 νεκρὸν
1029 2270 1168 2327 εἶναι
1229 2275 1545 2329 παντάπασι
1587 2273 1650 2326 rb
1695 2290 1864 2326 κατα-

281 2365 612 2435 ϐαλλόμενον
642 2365 722 2426 εἰς
740 2363 1012 2434 πρόφασιν
1033 2363 1132 2433 τῆς
1153 2363 1502 2433 ἀνθρωπίνης
1525 2363 1860 2424 συστάσεως,

281 2456 520 2525 ζωτικῆς
569 2455 627 2508 δέ
675 2471 821 2517 τινος
863 2453 968 2508 κᾶν
1021 2453 1204 2516 ποσῶς
1259 2455 1512 2523 μετέχειν
1557 2453 1860 2530 δυνάμεως,

280 2546 362 2609 ὡς
394 2545 575 2615 ψυχὴν
611 2545 734 2615 ἔχον
772 2544 1016 2614 δηλονότι
1057 2545 1158 2612 τῆς
1191 2543 1450 2613 τοιαύτης
1479 2543 1864 2612 μεθέξειδυνά-

281 2655 433 2711 μεως
467 2638 654 2708 (χωρὶς
684 2637 790 2708 γὰρ
827 2636 1002 2706 ψυχῆς
1033 2632 1172 2698 εἶδος
1203 2635 1350 2704 ζωῆς
1377 2635 1478 2687 οὐκ
1523 2634 1589 2688 ἂν
1630 2633 1715 2705 είη
1745 2632 1862 2686 πώ-

280 2748 416 2785 ποτε
446 2729 703 2794 καθάπαξ
748 2730 806 2781 ὲν
857 2729 970 2790 τοῖς
1017 2726 1121 2778 ὑπὸ
1153 2725 1316 2795 φύσιν
1354 2726 1714 2794 ἀναγομένοις
1767 2725 1864 2778 καὶ

277 2825 384 2893 τῆς
439 2822 690 2892 οὐρανίου
759 2820 918 2890 δῆλον
971 2820 1288 2888 ἀεικινήτου
1335 2819 1644 2889 περιφορᾶς
1712 2817 1864 2880 ἐντὸς

275 2912 711 2983 διειλημμένοις,
745 2913 832 2966 ἀεὶ
865 2911 922 2964 δὲ
952 2910 1098 2982 ζωῆς
1126 2905 1264 2972 εἶδος
1289 2909 1418 2962 ἄνευ
1449 2909 1627 2978 ψυχῆς
1659 2909 1721 2961 rb
1759 2926 1864 2961 πα-

280 3006 467 3077 ράπαν
483 3005 584 3057 οὐκ
610 3004 727 3056 ἐστι
748 3002 889 3056 κατὰ
916 3003 1016 3072 τὴν
1043 3001 1265 3072 λογικὴν
1286 3000 1654 3070 ἀκολουθίαν),
1688 2995 1798 3054 οἷον
1818 3001 1864 3052 δ’

278 3099 356 3150 ἂν
385 3093 700 3164 ὑποτίθησθε
726 3095 870 3164 ζωῆς
921 3088 1062 3156 εἶδος
1099 3093 1161 3146 rb
1190 3092 1663 3162 καταϐαλλόμενον
1717 3093 1863 3162 ἔχειν

1971 627 2222 683 habitum
2251 633 2534 700 proprium
2560 636 2946 704 compingendi
2970 637 3395 706 revocandique,
3423 655 3549 693 cum

1971 731 2254 775 mortuum
2290 733 2482 778 contra
2519 741 2720 796 corpus
2746 726 2800 780 id
2830 727 2981 781 nullo
3019 729 3184 782 modo
3213 728 3430 793 eiiiciat,
3459 747 3545 784 se-

1969 808 2077 861 mel
2111 810 2521 878 mortiiicatum,
2557 815 2817 883 vitalique
2850 823 3121 884 potestate
3166 832 3391 886 prorsus
3449 820 3547 872 de-

1970 898 2249 964 stitutum,
2285 910 2342 955 et
2364 902 2566 956 idcirco
2585 905 2851 959 inefficax.
2890 905 3176 970 Quomodo
3198 923 3330 962 vero
3350 917 3405 962 et
3439 920 3552 963 sta—

1970 987 2222 1058 bitquod
2257 1001 2449 1047 natura
2485 993 2812 1063 dissipatum
2845 1005 2929 1050 est
2951 1007 3116 1067 atque
3148 999 3308 1053 nullo
3326 1000 3550 1068 negotio

1971 1080 2315 1148 dissolvitur,
2367 1099 2492 1138 cum
2543 1094 2804 1155 tanquam
2841 1087 3187 1144 fundamenti
3221 1090 3277 1144 in
3323 1091 3549 1145 modum

1972 1173 2304 1240 cogitatione
2350 1175 2500 1230 nulla
2539 1185 2666 1230 ante
2711 1178 2954 1248 subjecta
2999 1181 3070 1233 sit
3101 1181 3275 1235 virtus
3307 1181 3546 1242 viviﬁca.

1969 1280 2091 1333 qua:
2143 1267 2289 1321 circa
2343 1283 2463 1322 sese
2513 1270 2840 1324 naturaliter
2889 1281 3236 1340 coagmentet
3281 1273 3546 1328 diﬂ‘usum

1972 1366 2137 1426 atque
2163 1360 2523 1430 constringat,
2558 1361 2612 1414 in
2635 1377 2742 1430 qua
2769 1372 2824 1415 et
2852 1363 3174 1416 exsistentia
3211 1372 3265 1418 et
3289 1367 3550 1420 formatio

1971 1448 2041 1502 ab
2075 1464 2140 1503 ea
2168 1449 2375 1504 virtute
2405 1462 2633 1520 quaeest
2673 1453 2935 1508 universa
2975 1455 3253 1523 sapienter
3280 1455 3546 1511 fabricata

1970 1541 2150 1598 inesse
2203 1545 2410 1599 sortitae
2438 1545 2605 1600 sunt?
2642 1547 2702 1600 In
2734 1562 3060 1615 quacunque
3095 1548 3242 1601 enim
3291 1563 3349 1601 re
3392 1557 3546 1617 post-

1969 1649 2135 1704 quam
2192 1633 2330 1690 facta
2377 1643 2463 1688 est
2494 1636 2778 1704 generatio
2807 1651 2936 1691 vere
2970 1647 3246 1706 superstes
3280 1645 3363 1690 est
3396 1636 3545 1689 exsi-

1971 1723 2170 1778 stentia
2223 1724 2466 1792 corpori,
2525 1724 2579 1778 in
2630 1741 2694 1780 ea
2748 1735 2897 1780 recte
2946 1727 3174 1781 omnino
3212 1727 3546 1796 principium

1969 1831 2188 1886 quoque
2219 1817 2550 1871 exsistentize
2574 1819 2754 1872 inesse
2777 1818 3009 1872 dicatur.
3035 1817 3168 1870 Nam
3202 1832 3230 1869 a
3254 1832 3363 1885 quo
3390 1831 3549 1884 sepa-

1968 1916 2148 1961 ratum
2183 1922 2386 1976 corpus
2409 1909 2752 1972 dissolvitur,
2783 1909 2968 1976 hujus,
2996 1907 3075 1960 uti
3113 1914 3370 1975 apparet,
3415 1921 3542 1959 cum

1962 1999 2282 2054 exsistentia
2323 1999 2379 2052 in
2419 2001 2772 2070 generatione
2799 2001 2966 2054 etiam
3009 1998 3351 2052 coexstitisse
3382 1999 3544 2066 plane

1963 2101 2048 2146 est
2085 2099 2540 2147 consentaneum.

2033 2181 2091 2237 Si
2139 2192 2322 2237 autem
2351 2225 2365 2248 ,
2420 2200 2454 2239 ο
2504 2185 2618 2249 isti,
2651 2185 2739 2239 his
2791 2183 3356 2255 argumentationibus
3390 2197 3557 2238 coar-

1963 2275 2094 2328 etati
2144 2276 2292 2344 quod
2340 2277 2579 2331 hominis
2632 2277 2958 2347 procreandi
3010 2274 3182 2346 gratia
3245 2273 3550 2328 seminatur

1976 2374 2254 2420 mortuum
2308 2383 2428 2422 esse
2470 2369 2680 2438 negatis
2709 2409 2723 2432 ,
2776 2367 2998 2422 vitalem
3065 2366 3150 2420 vel
3195 2366 3547 2434 quantulam-

1964 2474 2183 2527 cunque
2245 2460 2502 2514 virtutem
2564 2459 2897 2528 participare
2959 2457 3334 2521 afﬁrmantes,
3397 2457 3544 2526 quod

1964 2551 2201 2604 animam
2238 2551 2496 2604 videlicet
2542 2552 2706 2621 hujus
2769 2551 2992 2604 virtutis
3024 2549 3409 2604 communione
3451 2549 3548 2602 lia-

1967 2642 2092 2696 bcat
2149 2641 2300 2713 (sine
2360 2643 2543 2697 anima
2581 2645 2727 2698 enim
2763 2643 2915 2697 nulla
2965 2642 3132 2696 semel
3175 2642 3301 2703 vitae
3331 2641 3544 2710 species

1965 2742 2074 2786 tam
2131 2733 2187 2786 in
2255 2734 2340 2787 eis
2402 2749 2643 2803 unquam
2705 2749 2827 2802 qua:
2883 2733 2940 2786 in
3009 2741 3262 2786 naturam
3332 2733 3544 2800 prolata

1963 2841 2125 2896 quam
2153 2841 2274 2894 qua:
2302 2825 2356 2878 in
2407 2825 2541 2879 orbe
2568 2825 2691 2879 caeli
2725 2839 2943 2893 semper
2983 2822 3184 2877 mobile
3218 2823 3367 2876 intus
3391 2835 3546 2876 com-

1963 2917 2236 2986 prehensa
2283 2926 2431 2981 sunt,
2480 2916 2816 2986 reperiatur,
2873 2931 2937 2969 ac
2993 2929 3210 2984 semper
3245 2915 3372 2969 vita:
3419 2929 3546 2983 spe-

1964 3009 2077 3064 cies
2106 3010 2412 3064 secundum
2446 3008 2678 3063 rationis
2706 3006 3156 3079 consequentiam
3186 3014 3544 3077 exstatpror-

1964 3116 2059 3156 sus
2093 3102 2243 3156 nulla
2295 3101 2403 3155 nisi
2453 3116 2578 3156 cum
2632 3100 2873 3173 anima),
2919 3103 3360 3170 qualemcunque
3423 3097 3548 3151 vitae

278 3185 428 3240 κατὰ
486 3185 585 3254 τὴν
649 3183 933 3254 σύλληψιν,
979 3181 1157 3252 ψυχῆς
1202 3199 1347 3245 τινος
1396 3182 1556 3251 μόνον
1617 3181 1861 3255 ἰδιότητα

1969 3194 2207 3264 speciem
2260 3195 2570 3265 supponitis
2616 3195 2796 3248 inesse
2843 3193 2898 3246 in
2925 3189 3301 3260 conceptionis
3350 3203 3548 3258 propa-

276 3277 604 3346 ὲνεφήνατε,
649 3272 975 3344 συστατικὴν
1030 3271 1127 3342 μὲν
1152 3273 1250 3342 τῆς
1301 3275 1358 3326 ὲν
1403 3268 1548 3348 ᾖπέρ
1576 3277 1723 3328 ἐστιν
1779 3275 1866 3328 ob-

280 3368 410 3429 σίας
465 3365 824 3437 ἀφοριστικὴν
862 3365 920 3418 δὲ
973 3364 1084 3417 τῶν
1132 3364 1212 3437 μὴ
1255 3367 1516 3420 τοιούτων
1574 3368 1862 3436 διαφοράν.

278 3458 352 3513 Ei
379 3455 436 3511 δὲ
454 3453 636 3528 (235
656 3454 711 3524 a)
742 3453 836 3510 καὶ
863 3453 1040 3526 ψυχῆν
1066 3455 1208 3526 ἔχειν
1227 3456 1288 3508 rb
1311 3455 1549 3528 ἔμϐρυον
1579 3455 1700 3526 βίας
1729 3455 1866 3525 πρὸς

276 3551 348 3604 τὸ
367 3551 484 3602 δέον
515 3550 622 3602 ὑπὸ
655 3549 757 3618 τῆς
787 3548 1047 3616 ἀληθείας
1069 3547 1371 3617 ὠθούμενοι
1398 3547 1606 3615 λέγετε,
1633 3546 1756 3600 τίνα
1805 3563 1866 3598 τε

277 3643 380 3698 καί
410 3642 600 3696 ὁποίαν
639 3640 866 3709 ταύτην,
900 3639 1142 3703 καὶπῶς
1170 3640 1612 3712 θεωρουμένηνῆ
1640 3641 1867 3709 λεγομέ-

275 3751 405 3802 νην,
433 3733 576 3802 ὑμᾶς
606 3732 785 3799 λέγειν
813 3731 963 3783 ἐστὶν
993 3730 1286 3783 ἀκόλουθόν
1316 3748 1376 3782 τε
1407 3731 1502 3783 καὶ
1534 3731 1864 3802 πρόσφορονς

279 3826 399 3879 Καὶ
433 3826 483 3878 εἰ
525 3824 624 3893 μὲν
665 3824 836 3893 μόνην
874 3823 974 3892 τὴν
1015 3822 1318 3892 θρεπτικὴν
1355 3841 1414 3876 τε
1451 3824 1546 3876 καὶ
1568 3822 1866 3894 αὐξητικὴν

277 3917 430 3986 ἔχειν
467 3915 598 3969 αὐτὸ
617 3912 1034 3968 διαδεδαιοῦσθε
1077 3912 1276 3984 ψυχὴν,
1310 3915 1481 3984 φυτοῦ
1517 3932 1656 3978 τινος
1680 3915 1868 3987 δηλον-

277 4014 371 4064 ότι
427 4009 519 4061 καὶ
562 4009 662 4060 οὐκ
709 4004 1002 4077 ἀνθρώπου
1040 4004 1118 4074 τῷ
1167 4005 1311 4076 λόγῳ
1360 4005 1534 4077 τούτῳ
1561 4006 1682 4060 καθ’
1721 4008 1867 4077 ὑμᾶς

275 4104 344 4157 τὸ
380 4105 719 4173 τρεφόμενον
752 4105 846 4157 καὶ
875 4102 1174 4172 αὐξόμενον
1203 4100 1359 4156 ἔσται
1393 4103 1574 4171 σῶμα.
1607 4102 1719 4156 Καὶ
1747 4100 1867 4164 πῶς

275 4195 376 4249 τοῦ
402 4195 569 4266 φυτοῦ
597 4197 778 4266 πατὴρ
802 4198 830 4248 ὁ
854 4194 950 4250 ἄνθ
959 4211 1143 4265 ρωπος
1166 4193 1319 4247 ἔσται
1351 4195 1580 4248 συνιδεῖν
1609 4193 1710 4247 οὐκ
1732 4193 1862 4265 ἔχω,

281 4287 458 4340 πολλὰ
498 4287 741 4349 σκοπῶν,
773 4286 832 4352 ἐξ
857 4283 1151 4358 ἀνθρώπου
1180 4285 1462 4348 παντελῶς
1483 4287 1544 4338 rb
1568 4285 1706 4338 εἶναι
1723 4285 1866 4339 κατὰ

279 4383 447 4451 φύσιν
479 4381 580 4434 οὐκ
609 4380 845 4450 ἔχοντος.
881 4380 944 4432 Ei
977 4378 1034 4431 δὲ
1073 4378 1173 4448 τὴν
1209 4377 1535 4449 αἰσθητικὴν
1575 4378 1744 4449 μόνην
1787 4377 1866 4447 τῷ

185 4465 190 4470 ’
278 4474 513 4545 ὲμϐρύῳ
543 4471 879 4545 προσνέμετε
910 4470 1112 4541 ψυχὴν,
1143 4471 1313 4524 ἵππου
1344 4471 1566 4534 πάντως
1608 4471 1642 4542 ἢ
1677 4470 1796 4541 βοὸς
1828 4470 1861 4541 ἢ

1969 3289 2128 3358 gine,
2184 3289 2380 3342 anima:
2411 3287 2644 3355 alicujus
2677 3287 2857 3340 solum
2893 3284 3286 3353 proprietatem
3335 3280 3545 3350 signiﬁ-

1969 3383 2155 3444 castis,
2185 3396 2291 3450 qua
2317 3380 2540 3449 quidem
2564 3394 2627 3432 ea
2656 3378 2711 3432 in
2736 3394 2843 3448 qua
2869 3377 3010 3431 inest
3038 3375 3274 3430 essentia
3299 3382 3545 3429 struatur

1968 3482 2026 3526 et
2064 3488 2256 3527 eorum
2284 3487 2408 3540 qua:
2458 3487 2568 3524 non
2594 3469 2866 3540 ejusmodi
2920 3476 3049 3521 sunt
3077 3467 3384 3521 differentia
3413 3464 3548 3518 deii—

1967 3564 2172 3618 niatur.
2197 3564 2315 3617 Jam
2343 3579 2473 3617 vero
2493 3562 2658 3615 etiam
2691 3562 2735 3614 si
2757 3559 3020 3630 embryon
3051 3558 3229 3611 anima
3259 3557 3546 3626 praeditum

1967 3671 2088 3710 esse
2119 3671 2150 3709 a
2181 3655 2410 3708 veritate
2435 3654 2610 3708 coacti
2645 3655 2790 3723 (nam
2821 3651 3027 3706 acriter
3053 3665 3151 3703 vos
3190 3663 3386 3718 urgere
3409 3662 3550 3715 opus

1967 3745 2072 3818 est)
2100 3746 2363 3809 statuitis,
2404 3761 2512 3814 qua
2541 3754 2597 3799 et
2629 3744 2777 3813 quali
2804 3743 2927 3806 ista,
2955 3751 3012 3796 et
3046 3739 3322 3810 quomodo
3359 3739 3547 3793 obser-

1967 3847 2089 3894 vata
2118 3846 2213 3891 aut
2243 3837 2514 3908 appellata
2545 3835 2937 3890 convenienter
2982 3831 3231 3900 sequitur
3260 3838 3319 3883 ut
3345 3830 3546 3883 docea-

1969 3932 2059 3984 tis.
2115 3929 2293 3997 Atque
2351 3927 2394 3982 si
2450 3926 2621 3980 solam
2673 3925 2806 3979 illud
2861 3922 3145 3978 nutriendi
3199 3930 3256 3976 et
3312 3920 3545 3989 augendi

1968 4021 2206 4075 animam
2238 4018 2442 4072 habere
2466 4015 2771 4079 aﬂirmatis,
2791 4015 2990 4085 plantae
3015 4013 3250 4082 alicujus
3276 4012 3544 4081 profecto,

1968 4128 2077 4168 non
2139 4109 2398 4171 hominis,
2455 4109 2560 4163 hac
2606 4109 2820 4162 ratione
2869 4106 3172 4162 secundum
3217 4120 3316 4158 vos
3345 4117 3548 4173 corpus

1970 4204 2108 4262 illud
2147 4203 2292 4272 quod
2327 4201 2574 4256 nutritur
2622 4209 2678 4254 et
2726 4208 2960 4269 augetur
2995 4199 3120 4252 erit.
3157 4198 3225 4252 Et
3273 4197 3549 4266 quomodo

1968 4296 2169 4366 plantae
2198 4301 2355 4363 pater
2380 4293 2546 4347 homo
2575 4292 2647 4346 sit
2677 4292 3010 4361 intelligere,
3037 4304 3262 4359 quoquo
3289 4289 3550 4342 conside-

1969 4389 2184 4442 ratione
2212 4393 2419 4450 vertor,
2444 4383 2701 4453 equidem
2717 4399 2828 4438 non
2855 4383 3052 4444 habeo,
3081 4395 3206 4435 cum
3233 4380 3300 4434 de
3326 4379 3548 4433 homine

1967 4479 2130 4547 plane
2159 4475 2538 4530 exsistentiam
2579 4474 2884 4529 secundum
2907 4479 3160 4526 naturam
3191 4487 3302 4524 non
3328 4471 3546 4524 habeat.

277 4568 474 4639 ἑτέρου
512 4565 657 4628 τινὸς
694 4564 802 4617 τῶν
842 4564 1118 4634 χερσαίων
1146 4564 1465 4634 ἢὲναερὲων
1499 4562 1655 4626 ζώων
1685 4563 1864 4634 ψυχὴν

1971 4570 2029 4625 Si
2081 4578 2272 4624 contra
2314 4567 2620 4623 sensualem
2652 4566 2824 4620 solam
2863 4565 2917 4619 in
2945 4564 3173 4637 embryo
3216 4563 3396 4617 inesse
3430 4562 3550 4614 ani-

276 4656 424 4726 ἔχων
467 4655 811 4724 δειχθήσεται
858 4652 1003 4706 κατὰ
1054 4653 1152 4724 τὴν
1201 4653 1462 4723 σύλληψιν
1499 4653 1563 4706 rb
1604 4653 1866 4726 ἔμϐρυον,

278 4743 382 4797 καὶ
437 4744 619 4812 πατὴρ
663 4744 764 4795 οὐκ
804 4741 958 4794 ἔσται
1004 4744 1146 4795 κατὰ
1193 4743 1359 4810 φύσιν
1405 4742 1696 4814 ἀνθρώπου
1742 4744 1868 4797 καθ’

279 4837 430 4906 ὑμᾶς
459 4835 486 4885 ὁ
517 4835 823 4904 ἄνθρωπος,
862 4834 1005 4886 κατὰ
1031 4834 1130 4903 τὴν
1165 4835 1389 4904 πρώτην
1419 4836 1700 4890 σύστασινο
1732 4837 1868 4889 ἀλλὰ

281 4925 455 4995 φυτοῦ
489 4943 656 4990 τινος,
698 4925 878 4987 καθὼς
910 4925 1070 4995 ἔφην,
1105 4927 1138 4996 ἢ
1181 4925 1320 4989 ζώου
1344 4927 1454 4980 τῶν
1488 4929 1581 4981 ἐπὶ
1627 4929 1754 4999 γῆς.
1791 4923 1866 4984 Οὗ

278 5017 337 5071 τί
369 5016 566 5085 γένοιτ’
598 5014 663 5068 ἂν
693 5013 1040 5085 ἀτοπώτερον
1071 5015 1103 5086 ἢ
1157 5017 1692 5088 φρενοϐλαϐέστερον
1719 5037 1733 5086 ;
1787 5020 1861 5072 Τὸ

281 5109 396 5178 γὰρ
429 5108 502 5178 μὴ
541 5106 910 5176 συνυπάρχειν
952 5105 1391 5160 διαϐεϐαιοῦσθαι
1430 5110 1498 5178 τῇ
1539 5109 1730 5181 πρώτῃ
1771 5128 1862 5163 συο

282 5201 478 5256 στάσει
499 5199 607 5250 τῶν
637 5199 805 5252 όντων
841 5198 986 5252 κατὰ
1014 5196 1113 5268 τὴν
1136 5199 1368 5252 ἑκάστου
1403 5203 1640 5272 φυσικὴν
1674 5203 1866 5270 διαφοο

283 5291 391 5364 εὰν
427 5288 856 5359 ἁπαραλείπτως
887 5290 1014 5352 τοὺς
1043 5289 1278 5351 οίκείους
1307 5291 1406 5359 τῆς
1428 5291 1718 5362 ὑπάρξεως
1746 5295 1865 5363 ὁρι-

283 5381 482 5452 σμοὺς,
519 5380 710 5450 φύρειν
734 5380 882 5432 ἐστὶν
924 5381 1003 5442 εἰς
1035 5380 1240 5450 ἄλληλα
1270 5380 1338 5432 τὰ
1377 5381 1576 5446 πάντα,
1623 5383 1718 5436 καὶ
1761 5400 1869 5452 μη-

277 5472 372 5525 δὲν
403 5467 544 5524 εἶναι
578 5472 784 5541 κυρίως
812 5471 920 5524 τῶν
947 5471 1118 5525 ὄντων
1144 5473 1282 5542 ὅπερ
1304 5472 1420 5527 ἐστί
1443 5491 1503 5525 τε
1528 5473 1624 5528 καὶ
1646 5475 1867 5544 λέγεται

277 5563 740 5633 διισχυρίζεσθαι.
781 5563 892 5615 Καὶ
933 5563 990 5614 rb
1028 5562 1094 5634 δὴ
1131 5563 1317 5633 μεῖζον
1369 5563 1562 5630 κακὸν,
1607 5565 1867 5638 διαϐολὴν

1967 4672 2111 4710 mam
2141 4655 2488 4719 asseveratis,
2521 4655 2649 4724 equi
2685 4654 2847 4724 plane
2880 4653 2968 4708 vel
3005 4653 3162 4707 bovis
3191 4652 3286 4713 {vel
3318 4651 3547 4706 alterius

1966 4748 2200 4818 alicujus
2229 4747 2550 4801 animalium
2579 4745 2925 4800 terrestrium
2966 4753 3060 4799 aut
3091 4742 3399 4798 volatilium
3427 4742 3548 4796 ani-

1967 4855 2112 4893 mam
2149 4839 2354 4893 habere
2382 4837 2650 4909 embryon
2676 4836 2744 4891 de
2769 4838 3131 4906 conceptione
3164 4835 3546 4890 manifestabi-

1968 4941 2080 4997 tur,
2116 4948 2179 4987 ac
2205 4931 2510 4986 secundum
2547 4939 2798 4984 naturam
2829 4930 3070 4984 hominis
3116 4945 3218 4998 per
3252 4945 3350 4983 vos
3385 4928 3550 4981 homo

1975 5030 2132 5090 pater
2179 5038 2288 5076 non
2345 5021 2492 5086 erit,
2552 5022 2606 5076 in
2665 5021 2838 5091 prima
2885 5019 3393 5090 coagmentatione,
3452 5016 3550 5071 sed

1973 5115 2173 5183 plantae
2220 5113 2453 5183 alicujus
2475 5154 2489 5172 .
2545 5111 2625 5166 uti
2654 5111 2930 5174 dicebam,
2965 5109 3049 5162 vel
3095 5108 3409 5162 animalium
3443 5116 3552 5160 ter-

1974 5205 2232 5260 restrium
2259 5205 2509 5274 alicujus.
2544 5204 2613 5257 Et
2645 5201 2776 5272 quid
2820 5202 2926 5254 hoc
2962 5209 3107 5254 esset
3131 5199 3424 5253 absurdius
3457 5204 3551 5252 aut

1973 5295 2285 5349 amentius?
2315 5294 2436 5348 Non
2461 5293 2610 5347 enim
2654 5292 2990 5347 coexsistere
3030 5291 3190 5360 plene
3221 5305 3342 5343 cum
3373 5289 3553 5358 prima

1969 5404 2164 5444 eorum
2193 5403 2315 5457 quae
2354 5393 2483 5441 sunt
2526 5384 2927 5454 compositione
2972 5398 3072 5452 pro
3115 5381 3552 5451 uniuscujusque

1968 5479 2208 5534 naturali
2233 5477 2543 5532 diderentia
2574 5474 2824 5545 proprios
2846 5471 3134 5529 exstantite
3167 5471 3304 5526 ﬁnes
3329 5485 3550 5525 asseve-

1970 5585 2114 5633 rare,
2146 5569 2252 5623 hoc
2301 5565 2486 5623 omnia
2536 5565 2681 5622 inter
2729 5581 2788 5620 se
2819 5563 3160 5620 confundere
3209 5570 3328 5626 est,
3383 5568 3550 5630 atque

1592 5730 1826 5787 νΛΒΙιιΕ
1862 5730 2270 5789 LECTIONES.

357 5836 403 5871 ⁸³
433 5834 510 5906 τῷ
544 5835 707 5890 habet
736 5838 1106 5908 apographum
1135 5839 1256 5894 cod.
1291 5840 1549 5896 Gudiani.
