4012 6372
568 404 704 470 1339

561 623 645 667 est
671 612 962 671 allirmare.
997 619 1065 673 Et
1090 619 1314 688 gravius
1357 616 1582 677 malum,
1622 613 1821 667 divinat
1864 613 2149 682 sapientia:

561 714 727 774 atque
755 709 1047 776 potestatis
1067 706 1404 764 calumniam
1441 706 1732 760 maximam
1771 705 2068 759 manifesto
2093 703 2148 760 id

560 795 847 850 continere
872 797 1217 867 probabitur.
1249 797 1387 852 Nam
1407 796 1452 850 si
1471 794 1731 848 omnibus
1751 793 2150 863 quoquomodo

559 888 962 943 exsistentibus
989 898 1284 958 antequam
1321 894 1688 955 procreentur
1719 886 2022 940 secundum
2052 885 2148 940 Dei

559 980 1050 1048 prmcognitionem
1107 979 1334 1050 propria
1388 979 1534 1032 inest
1589 977 1808 1031 ratione
1859 977 2177 1047 perfectio,.

560 1078 791 1140 apparet
820 1071 967 1140 quod
1002 1072 1170 1126 etiam
1217 1071 1382 1125 simul
1409 1085 1534 1125 cum
1580 1068 1904 1124 exsistentia
1953 1083 2151 1122 secun-

561 1162 693 1216 dum
727 1165 1004 1233 propriam
1028 1164 1298 1218 rationem
1319 1163 1374 1216 in
1391 1162 1663 1232 originem
1702 1160 1968 1231 producta
1990 1161 2151 1229 plene

561 1255 678 1324 ipsa
713 1255 914 1309 virtute
937 1268 994 1310 et
1014 1255 1231 1310 actione
1258 1255 1547 1309 habebunt
1584 1253 2001 1322 perfectionem.
2031 1251 2152 1306 Jam

559 1347 606 1400 si
637 1347 904 1416 perfectio
936 1349 1082 1402 inest
1112 1347 1419 1402 secundum
1440 1347 1536 1400 Dei
1565 1345 2056 1416 praecognitionem
2093 1344 2150 1401 in

561 1439 728 1494 rebus
745 1440 1162 1504 exsistentibus,
1193 1439 1288 1494 sed
1317 1437 1662 1508 imperfeaio
1695 1436 2002 1492 secundum
2025 1450 2153 1506 pro-

560 1532 876 1587 ductionem
924 1533 979 1587 in
1011 1531 1392 1586 exsistentiam
1422 1541 1480 1585 et
1515 1532 1810 1599 originem,
1867 1531 1930 1585 ﬁt
1965 1539 2062 1585 aut
2093 1538 2154 1584 ut

561 1639 672 1678 non
697 1625 810 1693 ipsa
842 1625 935 1680 illa
971 1624 1086 1678 sint
1114 1639 1236 1692 qua:
1287 1623 1622 1694 prazcognita
1673 1630 1840 1687 sunt,
1889 1623 1987 1676 sed
2045 1621 2152 1676 alia

559 1731 661 1785 pro
684 1715 827 1780 aliis,
858 1723 952 1770 aut.
983 1724 1045 1770 ut
1081 1714 1296 1785 opificis
1329 1715 1436 1768 hoc
1471 1713 1544 1768 sit
1581 1714 1872 1768 manifesta
1909 1712 2156 1767 imbecil-

561 1806 694 1861 litas
727 1815 893 1876 atque
925 1814 1144 1876 aperta,
1171 1821 1297 1860 cum
1323 1806 1471 1876 quod
1513 1805 1820 1860 secundum
1849 1802 2154 1874 praecogni-

1770 411 1828 469 S.
1875 411 2164 472 MAXIM!
2203 410 2717 472 CONFESSORia.

560 535 753 575 eorum
784 536 907 591 qua:
949 533 1169 582 exstant
1209 538 1425 581 rimimo
1478 535 1532 576 ιιι
1573 520 1794 590 preprie
1832 535 1955 575 esse
2003 521 2148 590 quod

2260 523 2358 590 τῆς
2395 521 2548 584 Θείας
2599 520 2790 588 σοφίας
2829 535 2890 571 τε
2939 513 3032 573 ..ᾡς

3087 542 3218 575 νυνα
3229 557 3252 592 ε.
3268 539 3375 586 εως
3429 522 3663 594 ἀρίδηλον
3701 531 3793 600 ἕχον

2255 614 2523 682 μεγίστην
2580 613 2800 676 πάντως
2853 612 3224 682 δειχθήσεται.
3274 615 3341 666 El
3399 617 3509 683 γάρ
3545 616 3703 671 πάντα
3743 626 3796 677 τὰ

2249 703 2502 759 ὁπωσοῦν
2529 703 2663 758 ὄντα
2711 703 2820 774 πρὸ
2882 705 3153 772 γενέσεως
3190 705 3377 758 αὐτῶν
3407 705 3546 758 κατὰ
3579 707 3668 779 τὴν
3701 715 3799 783 πρό.

2251 811 2457 864 γνωσιν
2489 795 2586 848 τοῦ
2627 794 2765 848 Θεοῦ
2799 795 2879 865 τῷ
2909 796 3098 864 οἰκείῳ
3145 796 3294 867 λόγῳ
3342 796 3406 849 τὸ
3457 797 3650 851 τέλειον
3688 802 3796 870 ἔχει,

2251 889 2500 962 δηλονότι
2532 890 2632 943 καὶ
2681 890 2798 960 ἅμα
2829 889 2908 960 τῷ
2947 887 3088 944 εἶναι
3149 893 3295 945 κατὰ
3347 891 3441 945 τὸν
3495 892 3622 946 ἴδιον
3672 895 3798 966 λόγον

2252 983 2392 1054 πρὸς
2430 983 2650 1050 γένεσιν
2682 983 3048 1054 παραγόμενοι
3093 983 3529 1056 ἀπραλείπτως
3576 987 3699 1056 αὐτῇ
3751 995 3798 1059 τῆ

2249 1073 2506 1144 ἐνεργείᾳ
2529 1072 2588 1126 τὸ
2619 1073 2828 1126 τέλειον
2853 1074 2987 1140 ἔξει.
3027 1077 3092 1128 Εἰ
3115 1075 3175 1128 δὲ
3205 1075 3268 1128 τὸ
3309 1077 3413 1146 μὲν
3457 1077 3659 1135 τέλειον
3691 1088 3801 1140 uti

2249 1164 2348 1236 τὴν
2368 1164 2680 1235 πρόγνωσιν
2703 1165 2817 1236 ἔχει
2850 1167 2922 1220 τὰ
2951 1166 3105 1232 ὅντα,
3134 1169 3278 1222 κατὰ
3299 1169 3360 1221 δὲ
3388 1169 3488 1240 τὴν
3511 1173 3588 1232 εἰς
3615 1172 3670 1225 τδ
3696 1171 3802 1229 εἶναι

2253 1257 2600 1330 παραγωγήν
2637 1274 2697 1309 τε
2729 1257 2826 1310 καὶ⁵
2851 1257 3068 1327 γένεσιν
3106 1259 3169 1312 τὸ
3202 1259 3420 1323 ἀτελὲς,
3477 1260 3510 1331 ἢ
3559 1262 3653 1317 οὐκ
3695 1267 3802 1320 αὐτὰ

2251 1349 2438 1400 ἐκεῖνα
2477 1346 2630 1400 ἔσται
2659 1345 2730 1400 τὰ
2777 1348 3408 1418 προγνωσθέντα,ιάλλ’
3463 1352 3590 1404 καθ’
3640 1353 3804 1425 ἑτέρων

2253 1439 2438 1508 ἕτερα,
2476 1437 2509 1508 ἢ
2566 1438 2660 1492 τοῦ
2706 1439 3042 1511 δημιουργοῦ
3081 1442 3355 1512 πρόδηλος
3404 1443 3652 1498 ἀσθένεια
3687 1447 3807 1501 τοῦτο

2254 1527 2320 1582 ἂν
2357 1529 2444 1599 εἴη
2480 1529 2575 1582 καὶ
2621 1529 2822 1599 σαφὴς,
2879 1531 2954 1602 μὴ
2999 1531 3326 1602 δυνηθέντος
3376 1535 3521 1587 κατὰ
3569 1537 3662 1606 τὴν
3706 1540 3809 1608 πρός

2254 1637 2458 1690 γνωσιν
2493 1623 2552 1674 τὸ
2593 1623 2947 1694 προγνωσθὲν
2973 1623 3190 1694 ἀθρόως
3219 1625 3337 1696 ἃμα
3369 1630 3437 1697 τῇ
3467 1629 3669 1696 γενέσει
3695 1632 3807 1685 κατὰ

2254 1711 2352 1782 τὴν
2378 1712 2666 1783 ἐνέργειαν
2697 1714 2880 1784 (235
2919 1714 2968 1783 b)
3007 1715 3083 1778 ὡς
3117 1711 3259 1770 εἶναι
3311 1719 3532 1788 πέφυκε
3566 1721 3698 1774 κατᾶ
3733 1723 3811 1791 τὴν

2253 1806 2467 1867 οὐσίαν,
2495 1808 2846 1876 παραστῆσαι
2877 1807 3276 1877 πληρέστατον.

559 1899 766 1953 tionem
809 1905 1219 1968 praecognosset
1267 1898 1453 1953 statim
1482 1913 1590 1953 una
1635 1913 1762 1953 cum
1796 1896 2152 1968 generatione
2192 1897 2499 1951 secundum
2556 1896 2824 1952 virtutem
2850 1907 2907 1954 et
2937 1899 3232 1967 actionem,
3271 1901 3348 1956 ita
3382 1909 3449 1955 ut
3485 1904 3812 1958 essentialiter

557 1999 936 2061 comparatum
989 1999 1096 2054 est,
1169 1991 1488 2060 plenissime
1554 1999 1952 2060 repraesentare
2034 2003 2146 2043 non
2182 1997 2390 2057 posset.

632 2081 765 2148 Quae
785 2083 1010 2151 quidem
1039 2089 1364 2152 argumenta
1394 2081 1820 2137 reformidantes
1856 2082 1901 2135 si
1925 2081 1991 2135 ad
2015 2080 2147 2134 illud

2335 2081 2396 2134 ΕΞ
2455 2081 2512 2134 δὲ
2569 2080 2792 2145 τούτους
2846 2081 3190 2152 ὑφορώμενοι
3248 2085 3383 2148 τοὺς
3449 2085 3697 2154 ἐλέγχους
3743 2089 3808 2140 ἐπ’

560 2183 868 2230 extremum
898 2174 1218 2244 confugitis,
1267 2175 1517 2245 iniquum
1551 2190 1674 2229 esse
1699 2175 1948 2229 dicentes
2002 2173 2150 2243 quod

563 2266 745 2336 imago
772 2277 937 2335 atque
960 2281 1086 2336 pars
1110 2266 1299 2320 divina
1329 2266 1781 2336 (intellectualem
1810 2267 1884 2321 ita
1909 2267 2153 2336 appella-

563 2358 636 2413 tis
677 2358 938 2428 animam)
969 2375 1094 2412 cum
1127 2358 1370 2414 ﬂuxione
1397 2368 1562 2429 atque
1611 2360 1838 2414 sordida
1870 2361 2151 2429 voluptate

559 2453 878 2516 coexsistat,
909 2461 964 2505 et
989 2451 1278 2506 honestius
1300 2467 1422 2507 esse
1465 2453 1815 2508 statuendum
1865 2461 1984 2522 post
2013 2467 2152 2522 qua-

559 2545 813 2613 draginta
833 2544 1223 2612 conceptionis
1261 2544 1384 2598 dies
1412 2544 1684 2600 insinuari
1718 2545 1898 2606 illam,
1938 2553 2153 2600 natura:

559 2636 814 2706 Opificem
839 2644 1024 2705 aperte
1053 2635 1380 2691 calumniari
1421 2637 1766 2701 videbimini,
1811 2637 2150 2708 arguemini-

559 2745 670 2800 que
705 2729 853 2799 quod
901 2729 1243 2784 horrendum
1285 2729 1643 2798 blasphemia:
1686 2729 1872 2799 hujus,
1904 2746 2026 2799 quae
2057 2745 2154 2800 pa-

559 2825 672 2879 lam
709 2832 830 2887 est,
866 2822 1177 2892 periculum
1233 2837 1342 2876 non
1391 2833 1598 2876 temere
1649 2821 1868 2876 subitis.
1917 2821 2062 2876 Nam’
2104 2821 2148 2875 si

557 2914 980 2971 matrimonium
1006 2915 1210 2970 malum
1237 2921 1347 2976 est,
1375 2914 1514 2967 mala
1539 2921 1644 2978 est,
1673 2922 1735 2967 ut
1764 2921 2012 2982 apparet,
2055 2929 2153 2969 na-

559 3006 753 3062 turalis
781 3022 1004 3076 quoque
1032 3005 1436 3076 procreationis
1471 3007 1556 3059 lex
1583 3022 1596 3057 :
1621 3012 1675 3059 et
1706 3004 1752 3058 si
1784 3005 1927 3059 mala
1973 3015 2058 3059 est
2086 3021 2149 3060 ca

555 3097 830 3152 naturalis
872 3097 1280 3166 procreationis
1317 3098 1425 3158 lex,
1477 3099 1644 3150 etiam
1673 3096 1720 3150 is
1757 3097 2018 3150 videlicet
2053 3096 2150 3167 qui

556 3195 812 3242 naturam
849 3188 1053 3250 effecit,
1092 3203 1156 3242 ac
1193 3188 1366 3256 legem
1416 3186 1747 3256 procreandi
1783 3187 1833 3242 ei
1875 3186 2054 3251 dedit,
2093 3187 2149 3240 in

558 3279 782 3333 malitia:
813 3279 961 3348 apud
1013 3294 1114 3332 vos
1152 3279 1362 3332 crimen
1417 3279 1541 3348 jure
1594 3278 1865 3332 incurret.
1915 3278 1984 3332 Et
2015 3277 2150 3348 quid

558 3370 888 3426 Manichaaos
913 3377 971 3425 et
1021 3369 1389 3439 antiquiores,
1433 3370 1480 3424 si
1531 3370 1608 3424 ita
1645 3378 1766 3435 est,
1817 3369 2147 3424 aversamini

559 3460 870 3524 haereticos,
905 3468 1130 3529 propter
1162 3437 1310 3514 lianc
1345 3459 1585 3527 quodam
1621 3459 1806 3523 modo,
1836 3469 1894 3515 et
1929 3459 2146 3514 unicam
2175 3437 2218 3496 ο

557 3567 779 3606 mnsam
800 3551 918 3607 duo
945 3551 1219 3622 principia
1253 3551 1656 3608 substituentes
1685 3551 1973 3622 Deumque
2025 3552 2149 3606 uni—

558 3659 845 3698 versarum
883 3659 1072 3698 rerum
1121 3632 1494 3712 abnegantes,
1537 3655 1830 3714 postquam
1865 3658 1966 3698 vos
2000 3643 2149 3713 ipsos

557 3735 704 3792 idem
725 3735 872 3806 quod
903 3735 1006 3801 illi,
1027 3735 1134 3790 etsi
1158 3752 1268 3790 non
1291 3751 1391 3806 per
1420 3736 1636 3800 eadem,
1673 3743 1919 3791 statuere
1944 3735 2147 3804 depre-

557 3829 873 3884 bendistis?
899 3827 1058 3895 Quod
1086 3827 1133 3883 si
1171 3829 1509 3900 hacproptcr
1534 3828 1868 3884 coexsistere
1895 3843 1995 3898 per
2013 3843 2149 3883 eon-

556 3921 870 3991 c3ptionem
911 3935 1039 3975 cum
1099 3936 1334 3991 corpore
1387 3920 1631 3975 animam
1694 3921 2026 3976 rationalem
2089 3928 2148 3975 et

556 4013 984 4068 intellectualem
1029 4013 1264 4082 pudoris
1313 4021 1463 4067 metu
1514 4013 1704 4067 dicere
1757 4012 2034 4088 refugitis,
2072 4028 2145 4068 ne

557 4110 683 4170 post
733 4101 1100 4172 quadraginta
1149 4101 1376 4172 quidem
1435 4102 1577 4166 dies,
1625 4117 1728 4157 nec
1759 4111 1886 4172 post
1943 4118 2142 4159 novem

556 4192 904 4262 graviditatis
948 4207 1192 4258 menses,
1231 4208 1336 4248 nec
1367 4202 1494 4264 post
1522 4194 1694 4264 ipsam
1724 4202 1915 4264 partus
1939 4194 2144 4249 editio-

557 4297 708 4348 nem,
769 4290 898 4338 ante
955 4281 1323 4354 quadraginta
1380 4283 1730 4355 purgationis
1762 4283 1883 4339 dics
1920 4293 2143 4356 partum

557 4374 766 4431 habere
821 4377 1150 4431 rationalem
1193 4386 1362 4447 atque
1414 4377 1848 4432 intellectualem
1903 4377 2142 4432 animam

555 4465 741 4520 dicere
775 4466 1074 4522 audebitis.
1129 4467 1278 4524 Intra
1327 4469 1436 4524 hoc
1478 4469 1628 4523 enim
1659 4476 1877 4539 tempus
1923 4469 1990 4523 ad
2043 4468 2143 4524 Dei

559 4557 824 4626 templum
855 4557 1128 4614 accedere
1152 4558 1350 4614 infanti
1373 4574 1484 4614 non
1509 4559 1662 4626 licet,
1690 4560 1897 4631 quippe
1924 4561 2144 4631 impuro

555 4648 864 4702 secundum
901 4649 1040 4721 legis
1088 4651 1457 4706 sanctionem.
1491 4651 1572 4707 Ita
1618 4652 1901 4722 reliquum
1947 4661 2036 4706 est
2082 4661 2146 4706 ut

2253 2173 2431 2228 ἐκεῖνο
2470 2173 2847 2243 καταφύγοιτε
2907 2173 3237 2238 τελευταῖον,
3286 2178 3596 2238 φάσκοντες
3649 2177 3716 2245 μὴ
3751 2178 3805 2229 δί-

2253 2282 2409 2318 καιον
2439 2261 2582 2318 εἶναι
2609 2266 2670 2317 τὸ
2696 2265 2818 2318 κατ’
2851 2265 3040 2317 εἰκόνα
3070 2265 3208 2317 Θεοῦ
3241 2266 3338 2318 καὶ
3378 2266 3529 2319 θεῖον
3565 2266 3718 2330 (οὕτω
3740 2267 3808 2334 τὴν

2251 2353 2447 2424 νοερὰν
2477 2354 2767 2416 καλοῦντες
2809 2353 3011 2423 ψυχὴν)
3041 2354 3227 2424 ῥεύσει
3272 2356 3372 2408 καὶ
3417 2357 3583 2426 ἡδονῇ
3626 2359 3808 2428 ῥυπαρᾷ

2254 2447 2639 2517 συνυπάρχειν,
2670 2446 2808 2516 μετὰ
2835 2445 2893 2498 δὲ
2937 2447 3038 2509 τὰς
3076 2447 3501 2519 τεσσαράκοντα
3529 2449 3626 2518 τῆς
3658 2449 3811 2517 συλλή-

2250 2538 2396 2608 ψεως
2425 2522 2639 2609 ἡμέρας
2683 2536 3134 2608 ὲπεισκρξνεσθαι
3177 2538 3366 2607 λέγειν
3409 2539 3808 2610 εὐσχημονέστε-

2254 2647 2346 2701 ρον
2377 2630 2590 2684 οἴεσθαι
2619 2631 2754 2690 δεῖν,
2786 2629 2880 2682 τὸν
2909 2631 3010 2699 τῆς
3041 2629 3258 2698 φύσεως
3290 2630 3636 2702 δημιουργὸν
3659 2630 3809 2698 σαφῶς

2251 2721 2570 2791 αἰτιώμενοι
2600 2720 2935 2790 φανήσεσθε,
2967 2723 3061 2774 καὶ
3098 2723 3190 2774 τὸν
3235 2722 3496 2778 ἐντεῦθεν
3527 2722 3628 2791 τῆς
3681 2722 3806 2791 βλασ-

2251 2815 2463 2884 φημίας
2513 2813 2952 2883 ἀναφαινόμενον
3007 2813 3577 2886 εἰκότωςὺπὲχοντες
3617 2815 3808 2884 φοϐερὸν

2249 2905 2602 2978 δειχθήσεσθε
2634 2905 2902 2960 κίνδυνον.
2929 2906 2991 2958 Εἰ
3023 2906 3132 2976 γὰρ
3163 2907 3336 2970 κακὸς
3365 2909 3394 2960 ό
3417 2908 3620 2976 γάμος,
3653 2906 3806 2974 δηλον-

2249 3000 2332 3053 ότι
2390 3000 2485 3052 καὶ
2523 2999 2552 3050 ό
2583 2997 2728 3050 κατὰ
2763 2997 2927 3066 φύσιν
2960 2997 3060 3067 τῆς
3098 2996 3375 3065 γενέσεως
3421 2998 3590 3068 νόμος
3626 3014 3639 3027 ·
3693 2999 3734 3050 εἰ
3765 2996 3808 3050 δὲ

2250 3089 2424 3152 κακὸς
2453 3093 2482 3143 ό
2513 3088 2755 3153 τοιοῦτος
2787 3090 2890 3158 τῆς
2919 3089 3062 3142 κατὰ
3113 3087 3282 3157 φύσιν
3334 3091 3613 3158 γενέσεως
3651 3089 3805 3158 νόμος,

2249 3184 2278 3235 ό
2308 3181 2407 3252 τὴν
2445 3181 2609 3251 φύσιν
2662 3181 2906 3253 δηλονότι
2961 3179 3309 3250 πεποιηκὼς.
3371 3181 3478 3234 καὶ
3529 3181 3651 3244 δοὺς
3699 3180 3806 3248 αὐτῇ

2251 3273 2416 3345 νόμον
2469 3273 2763 3341 γενέσεως,
2817 3272 3046 3335 δικαίως
3083 3271 3150 3325 ἂν
3177 3271 3303 3325 καθ’
3336 3274 3496 3343 ἡμᾶς
3530 3272 3807 3340 αἰτιαθήσε-

2249 3381 2362 3418 ται.
2386 3365 2496 3418 Καὶ
2525 3363 2581 3416 τί
2605 3363 2736 3427 τοὺς
2768 3362 2876 3416 ἀπο
2907 3361 3192 3426 Μάνεντος
3215 3363 3314 3416 καὶ
3353 3363 3494 3426 τοὺς
3541 3362 3645 3432 πρὸ
3672 3356 3806 3414 αὑτοῦ

2247 3456 2587 3526 αἱρετικοὺς,
2634 3455 2844 3524 ταύτης
2868 3453 3034 3506 ’ἐνεδίῖι
3081 3453 3288 3524 τρόπον
3342 3453 3478 3507 τινὰ
3530 3454 3624 3507 καὶ
3675 3453 3808 3524 μόνης

2247 3548 2346 3616 τῆς
2379 3548 2584 3611 αἰτίαε,
2615 3547 2711 3601 δύο
2734 3546 2911 3619 ἀρχὰς
2945 3547 3464 3618 ὑποστησαμένους,
3495 3547 3592 3601 καὶ⁵
3625 3547 3708 3600 τὸν
3739 3545 3809 3598 ἐπὶ

2247 3641 2468 3694 πάντων
2520 3638 2657 3693 Θεὸν
2722 3638 3183 3710 ἀρνησαμένους,
3233 3638 3716 3710 ἀποστρεφόμεθα,
3762 3635 3809 3688 τὸ

2246 3731 2380 3785 αὐτὸ
2404 3731 2686 3801 λέγοντας,
2717 3733 2766 3784 εἰ
2793 3731 2888 3784 καὶ
2925 3730 2999 3803 μὴ
3031 3730 3124 3784 διὰ
3155 3730 3264 3784 τῶν
3302 3731 3515 3796 αὐτῶν,
3567 3731 3659 3784 καὶ
3694 3729 3807 3800 ὑμᾶς

2246 3822 2576 3894 εὑρηκότες;
2611 3823 2674 3876 Εἰ
2701 3822 2760 3875 δὲ
2789 3821 2994 3892 ταύτης
3020 3823 3188 3875 ἕνεκα
3210 3822 3314 3894 τῆς
3345 3825 3536 3888 αἰτίας
3567 3821 3806 3890 συνυπάρ·

2247 3932 2362 3984 χειν
2389 3915 2468 3986 τῷ
2498 3914 2712 3986 σώματι
2738 3914 2881 3968 κατὰ
2909 3915 3012 3986 τὴν
3043 3914 3310 3986 σύλληψιν
3347 3915 3456 3987 τὴν
3508 3915 3720 3984 λογικήν
3759 3928 3804 3963 τε

2247 4008 2341 4060 καὶ
2367 4007 2562 4078 νοερὰν
2582 4007 2763 4080 ψυχὴν
2781 4007 2962 4077 λέγειν
2995 4008 3063 4062 δι’
3084 4009 3350 4080 αἰσχύνης
3380 4009 3669 4064 εὐλάϐειαν
3691 4020 3806 4076 παρ·

2245 4099 2486 4154 αιτεῖσθε
2531 4099 2670 4170 μηδὲ
2732 4099 2871 4170 μετὰ
2918 4099 3332 4172 τεσσαράκοντα
3391 4102 3644 4172 ἡμέρας,
3695 4099 3804 4167 μήτε

2249 4191 2390 4262 μετὰ
2416 4191 2510 4245 τὸν
2536 4193 2958 4262 ὲννεαμηνιαῖον
2982 4193 3086 4262 τῆς
3113 4193 3422 4263 κυοφορίας
3449 4195 3661 4265 χρόνον.
3694 4191 3803 4261 μήτε

2249 4285 2356 4356 μὴν
2393 4284 2535 4356 μετὰ
2566 4285 2658 4338 τὸν
2685 4285 2867 4348 τόκον,
2900 4285 3008 4356 πρὸ
3045 4285 3156 4338 τῶν
3198 4291 3252 4356 μ’
3279 4285 3510 4356 ἡμερῶν
3537 4285 3630 4339 τοῦ
3666 4283 3804 4338 καθα·

2247 4375 2448 4450 ρισμοῦ
2487 4375 2658 4444 φάναι
2694 4375 2995 4447 τολμήσετε
3045 4377 3120 4430 το
3146 4379 3413 4448 γεννηθὲν
3441 4379 3588 4450 ἔχειν
3615 4380 3706 4449 τὴν
3731 4377 3803 4428 lo-

2245 4469 2411 4539 γικήν
2435 4485 2498 4521 τε
2540 4467 2638 4520 καὶ
2683 4467 2879 4538 νοερὰν
2934 4468 3137 4538 ψυχήν.
3187 4470 3262 4522 Οὺ
3303 4469 3417 4538 γὰρ
3470 4468 3719 4539 προσιτὸν
3745 4464 3804 4533 τῷ

2245 4561 2358 4632 ναῷ
2381 4560 2476 4613 τοῦ
2509 4559 2647 4614 Θεοῦ
2679 4559 2822 4624 τέως
2845 4560 2962 4613 ἐστὶ
2985 4561 3046 4613 τὸ
3069 4561 3284 4630 τεχθὲν,
3310 4560 3388 4623 ὡς
3423 4562 3723 4629 ἀκάθαρτον
3745 4555 3803 4624 τῷ

2245 4655 2397 4725 νόμῳ
2432 4650 2828 4724 διοριζόμενον.
2867 4654 2954 4716 Ὡς
2980 4652 3172 4706 λοιπον
3206 4653 3504 4723 μέχριτῆς
3550 4653 3658 4704 τῶν
3689 4652 3802 4720 ἠμε-

555 4745 686 4792 ante
713 4737 836 4793 dies
879 4741 1225 4810 purgationis
1253 4743 1564 4812 completos
1594 4751 1788 4813 partus
1827 4757 1934 4798 nec
1967 4745 2140 4798 ratio-

2248 4745 2360 4818 ρῶν
2399 4744 2496 4799 τοῦ
2535 4744 2882 4815 καθαρισμοῦ
2918 4743 3379 4815 συμπληρώσεως,
3435 4747 3510 4815 μὴ
3565 4744 3702 4814 ἔχειν
3756 4737 3802 4790 rb

555 4829 736 4884 nalem
787 4845 893 4885 nec
939 4831 1375 4888 intellectualem
1407 4833 1649 4890 animam
1692 4833 1902 4888 habere
1937 4850 2140 4890 secun-

553 4919 686 4974 dum
720 4921 1224 4991 argumentationis
1256 4923 1710 4994 probabilitatem
1750 4925 1984 4993 putetis,
2019 4925 2138 4992 sed,

555 5022 614 5067 nt
657 5013 823 5084 paulo
849 5023 1016 5070 antea
1067 5015 1204 5082 dixi,
1263 5019 1472 5075 habere
1518 5021 1762 5076 animam
1797 5021 2019 5090 plantae,
2045 5031 2143 5078 aut

552 5103 895 5160 irrationalis
927 5106 1182 5164 animalis
1228 5110 1470 5182 alicujus
1519 5111 1589 5166 de
1644 5126 1880 5166 numero
1941 5127 2140 5167 eorum

551 5211 675 5264 quae
711 5212 898 5252 rerum
927 5207 1127 5254 natura
1158 5202 1604 5272 comprehendit.
1643 5202 1970 5274 Cujusmodi
2017 5205 2142 5274 opi-

553 5287 736 5343 nionis
791 5289 836 5343 si
890 5289 1032 5347 forte
1080 5293 1210 5350 inde
1239 5295 1595 5350 occasionem
1631 5296 1952 5366 sumpsistis
1988 5298 2138 5366 quod

553 5395 786 5450 magnus
812 5379 1026 5452 Moyses
1057 5385 1283 5454 scripsit
1311 5387 1382 5441 ab
1410 5401 1481 5440 eo
1515 5401 1714 5456 pinnas
1749 5403 1862 5440 non
1887 5403 2010 5442 esse
2045 5404 2138 5442 re-

551 5468 819 5540 petendas
869 5475 964 5542 qui
998 5475 1280 5545 gravidam
1323 5477 1614 5534 mulierem
1647 5478 1965 5543 cecidisset,
2015 5492 2144 5536 ante

550 5561 918 5632 quadraginta
975 5566 1097 5622 dies
1146 5570 1190 5624 si
1239 5577 1470 5640 propter
1509 5571 1724 5639 plagam
1776 5574 2041 5644 embryon
2087 5576 2140 5629 in

551 5651 733 5705 locem
770 5653 982 5718 ederet,
1015 5658 1304 5714 sciendum
1353 5667 1440 5713 est
1479 5663 1624 5729 quod
1677 5664 1899 5732 sapiens
1929 5666 2145 5738 Moyses

554 5756 663 5795 non
699 5742 982 5802 rationalis
1009 5749 1084 5803 ibi
1120 5753 1318 5806 animm
1355 5752 1408 5806 in
1445 5767 1646 5822 corpus
1686 5755 2016 5825 ingressum,
2040 5760 2134 5811 sed

554 5827 853 5899 perfectam
871 5838 1384 5908 satis‘igurationem
1418 5844 1624 5897 absolvi
1660 5847 1801 5900 intra
1838 5849 1888 5899 id
1919 5859 2136 5912 Inman

2227 4836 2568 4907 ,τικτόμενον
2600 4834 2701 4906 τὴν
2732 4834 2967 4905 λογικήν
3000 4851 3063 4888 τε
3091 4834 3189 4888 καὶ
3234 4835 3434 4906 νοερὰν
3474 4833 3652 4906 ψυχὴν
3686 4829 3801 4884 κατὰ

2246 4929 2338 4986 τὸν
2363 4929 2554 4984 εἰκότα
2587 4927 2751 4996 λόγον
2783 4927 3057 4992 ὑπονοεῖν,
3091 4926 3228 4981 ἀλλὰ
3262 4944 3432 4990 τινος,
3462 4927 3539 4990 ὡς
3579 4925 3706 4994 ἔφην
3732 4937 3800 4989 μι-

2250 5022 2370 5094 κρῷ
2393 5021 2650 5094 πρόσθεν,
2679 5019 2850 5088 φυτοῦ
2874 5021 2908 5092 ἢ
2941 5019 3082 5085 ζώου
3116 5019 3317 5086 ἀλόγου
3345 5019 3456 5072 τῶν
3484 5021 3542 5072 ὲν
3563 5019 3672 5079 τοῖς
3701 5012 3798 5065 οὖσι

2247 5114 2671 5185 διειλημμένων.
2713 5114 2777 5166 Εἰ
2833 5112 2890 5165 δὲ
2921 5113 3196 5182 πρόφασις
3235 5112 3424 5182 (236
3460 5110 3516 5182 a)
3567 5111 3688 5178 ὑμῖν
3721 5101 3795 5157 τοῦ

2246 5209 2490 5262 τοιούτου
2525 5207 2688 5276 λόγου
2720 5205 3031 5276 καθέστηκε
3056 5206 3118 5258 τὸ
3143 5207 3483 5276 γεγραφέναι
3525 5205 3614 5258 τὸν
3651 5201 3796 5271 μέγαν

2244 5301 2506 5370 Μωῦσῆν,
2531 5297 2689 5360 δίκας
2721 5297 2796 5368 μὴ
2844 5297 3198 5352 ἀπαιτεῖσθαι
3249 5298 3345 5351 τὸν
3405 5297 3674 5366 πλήξαντα
3715 5290 3794 5357 τὴν

2245 5392 2622 5461 κυοφοροῦσαν
2648 5393 2914 5458 γυναῖκα,
2937 5391 3044 5460 πρὸ
3069 5379 3488 5462 τεσσαράκοντα
3518 5384 3724 5457 ἡμερῶν
3756 5381 3792 5431 εἰ

2245 5484 2486 5554 συμϐαίη
2514 5483 2602 5537 διὰ
2641 5485 2744 5553 τῆς
2797 5482 3018 5552 πληγῆς
3069 5483 3242 5552 αὐτὴν
3293 5481 3446 5553 παρὰ
3497 5480 3585 5534 τὸν
3631 5477 3791 5545 καιρὸν

2244 5577 2549 5629 ἀποθέσθαι
2595 5573 2658 5628 τὸ
2689 5573 2954 5645 ἔμϐρυον,
3017 5575 3192 5627 ἰστέον
3239 5574 3316 5637 ὡς
3367 5573 3432 5626 οὐ
3483 5571 3582 5642 τὴν
3629 5567 3702 5630 εἰς
3743 5559 3792 5612 τὸ

2243 5667 2403 5740 σῶμα
2424 5668 2549 5720 τότε
2583 5667 2684 5738 τῆς
2713 5667 2940 5737 λογικῆς
2971 5667 3152 5737 ψυχῆς
3173 5665 3467 5736 γινομένην
3494 5660 3681 5716 εἴσοδον
3703 5656 3786 5723 ἐμ-

2246 5763 2455 5829 φαίνων
2485 5763 2513 5812 ό
2542 5759 2704 5826 σοφὸς
2746 5759 3012 5826 Μωῦσῆς,
3047 5759 3182 5811 ἀλλὰ
3213 5759 3302 5811 τὸν
3353 5757 3552 5810 τέλειον
3590 5751 3675 5806 τοῦ
3707 5762 3786 5799 κα·

2246 5852 2609 5913 ταϐληθέντος
2642 5853 3018 5917 ἐξενκονισμδν
3045 5854 3155 5904 ἄττα
3169 5851 3448 5919 ρτίζεσθαι
3468 5850 3580 5901 τότε
3617 5840 3779 5913 δηλῶν.
