4012 6368
317 413 446 480 1341

1543 423 2063 484 AMBIGUORUM
2104 427 2353 486 LIBER.

3421 435 3554 501 1325?!

311 531 452 592 τέως
480 531 621 582 κατά
647 528 738 583 τὸν
762 528 1052 602 πρόχειρον
1081 529 1206 584 νοῦν
1236 531 1394 584 τοῦτο
1423 533 1687 603 γέγραφε.
1722 537 1892 602 Προσ-

2006 539 2312 605 3'1gmlicans
2334 549 2382 605 η,
2419 541 2640 596 interim
2673 543 2728 598 in
2760 545 2908 599 hunc
2939 563 3162 602 sensum
3190 549 3307 605 haec
3329 550 3564 617 scripse-

314 621 618 683 επιτούτοις
640 621 699 674 δὲ
723 624 878 684 πᾶσι,
911 621 1127 675 δέδοικα
1162 623 1256 675 τὸν
1299 625 1540 677 τοιοῦτον
1599 626 1898 694 προσδέξα-

318 713 442 765 σθαι
469 713 649 780 λόγον,
685 715 882 783 μήπως
903 716 936 784 ἡ
968 713 1063 766 τοῦ
1095 715 1256 780 λόγου
1281 716 1401 767 καθ’
1428 717 1621 784 εἱρμὸν
1660 719 1894 784 προϐαί-

316 819 482 858 νουσα
510 804 664 868 τάξις
703 805 951 876 φοϐερῶν
993 809 1194 878 ποιήσῃ
1235 825 1300 877 με
1342 809 1565 872 δικαίως
1614 809 1895 877 ἐγκλημά-

227 931 233 935 -
318 912 424 948 των
456 895 778 958 ὑπεύθυνον,
813 897 950 966 ὅπερ
979 897 1054 968 μὴ
1084 897 1245 967 θέμις
1273 901 1448 951 εἰπεῖν
1506 901 1630 952 ὅσον
1687 901 1750 952 ὲκ
1795 902 1894 966 τῆς

319 986 639 1050 ἀκολουθίας
657 985 762 1039 ’τοῦ
791 987 952 1055 λόγου
972 1006 1039 1057 με
1069 988 1364 1059 βιαζομένη
1391 991 1484 1042 τὸν
1515 989 1720 1058 Κύριον
1737 991 1896 1058 ἡμῶν

321 1079 415 1130 καὶ
449 1077 583 1132 Θεὸν
603 1078 804 1145 λέγειν,
847 1078 1006 1150 εἴπερ
1045 1080 1258 1152 ἀληθῶς
1293 1081 1416 1133 καθ’
1454 1082 1602 1151 ἡμᾶς
1639 1081 1892 1149 γενέσθαι

321 1169 658 1239 κατηξίωσεν
703 1171 992 1242 ἄνθρωπος
1039 1175 1209 1241 χωρὶς
1241 1173 1540 1243 ἁμαρτίας,
1593 1172 1734 1226 κατὰ
1794 1175 1895 1240 τὴν

325 1261 584 1331 σύλληψιν
613 1261 818 1331 ἄψυχον
842 1264 935 1314 καὶ
967 1263 1128 1316 ἄνουν
1160 1263 1446 1333 ἄνθρωπον
1463 1264 1772 1332 γεγονέναι,
1806 1265 1900 1316 καὶ

322 1354 420 1416 τάς
444 1355 852 1422 τεσσαράκοντα
887 1353 1098 1422 ἡμέρας
1140 1353 1316 1418 οὕτως
1358 1355 1548 1424 ἔχοντα
1591 1357 1900 1424 μεμενηκέ-

323 1462 430 1508 ναι,
487 1443 599 1496 τῶν
662 1443 834 1511 ἁγίων
873 1443 1134 1513 Πατέρων
1191 1444 1349 1512 ἡμῶν
1407 1444 1504 1498 καὶ
1561 1445 1902 1499 διδασκάλων

323 1535 621 1607 διαρρήδην
657 1534 926 1604 βοώντων,
962 1535 1241 1604 μᾶλλονδὲ
1273 1537 1369 1606 τῆς
1398 1536 1464 1588 δι’
1491 1531 1669 1590 αὐτῶν
1711 1537 1901 1590 larga.

327 1644 427 1696 σης
450 1645 510 1679 τε
557 1626 652 1679 καὶ
691 1625 1028 1696 λαλουμένης
1075 1625 1358 1696 ἀληθείας,
1407 1628 1522 1698 ἅμα
1567 1622 1642 1699 τῇ
1693 1629 1902 1699 καθόδῳ

323 1718 418 1772 τοῦ
449 1717 582 1770 Θεοῦ
609 1717 782 1785 Λόγου
816 1719 960 1772 κατὰ
989 1718 1084 1786 τὴν
1116 1719 1377 1790 σύλληψιν
1406 1720 1654 1789 άχρόνως
1681 1721 1768 1774 διὰ
1807 1722 1902 1790 μέ-

329 1827 430 1880 σης
458 1810 638 1880 ψυχῆς
667 1805 894 1877 λογικῆς
922 1811 1189 1881 ένωοῆναι
1226 1815 1392 1882 σαρκὶ
1430 1815 1520 1866 τὸν
1559 1813 1760 1882 Κύριον
1803 1815 1901 1865 αὑ-

445 1867 704 1955 κ¹αὶηόεὸν
736 1867 932 1969 λόγον,
961 1867 1169 1956 ἀ).λ”ού
1202 1867 1492 1974 διὰ-μέσης
1529 1867 1728 1974 σαρκὸς
1768 1903 1904 1972 ἀψύ-
1935 1867 1976 1924 Β

327 2008 424 2059 χον
478 1989 704 2060 λογικὴν
761 1990 939 2062 ψυχὴν
995 1991 1390 2062 προσδέξασθαι
1449 1995 1902 2062 προσγινομένην,

329 2089 421 2137 καὶ
445 2085 546 2138 ούκ
574 2085 782 2156 ἄψυχον
819 2085 976 2156 σῶμα
1006 2085 1284 2148 παντελῶς
1325 2084 1357 2150 ἢ
1391 2084 1550 2138 ἄνουν
1595 2083 1769 2154 ψυχὴν
1813 2086 1906 2138 καὶ

328 2177 519 2244 ἄλογον
548 2177 919 2246 ἀνειληφέναι,
942 2177 1078 2230 ἀλλὰ
1104 2178 1315 2230 τελείαν
1344 2177 1646 2240 άνελλιπῶς
1673 2179 1768 2244 τὴν
1808 2177 1906 2244 φύ-

329 2287 414 2324 σιν
433 2268 528 2340 τὴν
549 2270 614 2325 ἐκ
634 2269 814 2340 ψυχῆς
834 2269 1058 2338 λογικῆς
1088 2267 1204 2338 ἅμα
1233 2270 1327 2322 καὶ
1365 2270 1616 2338 σώματος
1651 2285 1904 2320 συνιστα-

330 2362 498 2431 μένην
536 2361 714 2432 ἑαυτῷ
746 2361 866 2414 καθ’
909 2360 1208 2414 ὑπόστασιν
1256 2361 1511 2432 ἀρρήτως
1549 2359 1769 2414 ὲνῶσαι.
1815 2359 1907 2412 Διὸ

331 2453 565 2516 μάλιστα
625 2453 950 2522 περιέχομαι
997 2450 1094 2504 τοῦ
1146 2451 1244 2520 τῆς
1298 2449 1683 2522 συνυπάρξεως
1722 2449 1903 2519 λόγου.

324 2547 454 2609 τοὺς
488 2545 573 2616 ἐφ’
600 2547 838 2615 ἑκάτερα
867 2546 932 2598 δι’
961 2543 1206 2607 ἐναντίας
1237 2544 1394 2607 ὄντας
1437 2543 1682 2614 ἀλλήλοις
1723 2561 1779 2595 τε
1811 2543 1907 2597 καὶ

326 2641 396 2708 τῇ
416 2640 670 2708 μεσότητι
697 2637 988 2707 προσφυῶς
1021 2627 1501 2705 ἀποπεμπόμενος,
1524 2637 1681 2689 αὐτὴν
1700 2636 1788 2688 τὸν
1811 2637 1908 2704 τῆς

328 2728 544 2798 φύσεως
572 2729 803 2800 ποιητὴν
841 2729 977 2798 ἔχων
1012 2727 1088 2798 τῷ
1123 2728 1242 2781 καθ’
1279 2729 1470 2781 ἑαυτὸν
1503 2728 1785 2798 μυστηρίῳ
1813 2729 1906 2797 τῆς

326 2824 764 2894 ὲνσωματὼσεως
812 2823 908 2874 τοῦ
943 2823 1185 2875 τοιούτου
1235 2821 1395 2889 λόγου
1435 2821 1631 2892 (236
1675 2821 1724 2890 ὑ)
1781 2837 1907 2872 συν-

328 2915 527 2987 ήγορόν
546 2933 605 2969 τε
639 2915 734 2968 καὶ
777 2913 1092 2967 διδάσκαλον
1133 2912 1590 2982 ἀπαραλόγιστον,
1635 2912 1725 2964 τὸν
1753 2913 1908 2978 γενό-

333 3024 490 3076 μενον
533 3005 749 3075 ἀληθῶς
803 3005 1110 3074 ἄνθρωπον,
1170 3005 1264 3058 καὶ
1325 3003 1422 3073 τὴν
1478 3003 1638 3072 φύσιν
1688 3003 1907 3066 τελείως

331 3100 560 3170 ἔχουσαν
587 3097 704 3168 ἅμα
732 3097 811 3166 τῷ
843 3091 982 3150 εἶναι
1016 3096 1158 3151 κατὰ
1193 3097 1291 3167 τὴν
1325 3097 1540 3164 γένεσιν
1578 3095 1908 3163 ὑφίστασθαι

2002 629 2092 683 rit.
2117 631 2194 683 Ad
2224 633 2337 686 haac
2370 649 2500 688 vero
2528 636 2711 689 omnia
2737 638 2900 690 talem
2921 640 3208 695 admittere
3242 647 3570 696 sententiam

1999 721 2319 786 reformido,
2356 740 2424 779 ne
2456 741 2562 794 qua
2595 731 2869 784 sermonis
2910 732 3054 786 serie
3090 737 3399 801 procedens
3434 736 3573 789 ordo

2000 809 2404 868 horrendorum
2437 831 2523 868 me
2555 819 2850 872 criminum
2889 823 3015 890 jure
3039 821 3338 878 obnoxium
3387 827 3568 889 faciat,

1999 905 2180 970 quoad
2234 920 2301 958 ex
2355 906 2748 976 disputationis
2809 915 3207 981 consequentia
3256 931 3343 970 me
3389 917 3572 970 dicere

2001 996 2201 1064 cogens
2243 997 2536 1052 Dominum
2566 1011 2818 1057 nostrum
2871 1019 2936 1058 ac
2963 1005 3156 1070 Deum,
3186 1009 3332 1075 quod
3366 1008 3574 1063 dixisse

2003 1085 2159 1139 nefas
2197 1095 2302 1152 est,
2343 1089 2614 1158 siquidem
2641 1107 2772 1146 vere
2809 1094 2876 1148 ad
2905 1110 3004 1150 nos
3031 1095 3196 1150 homo
3234 1097 3354 1152 ﬁeri
3385 1099 3578 1168 digna-

2003 1182 2094 1228 tus
2125 1184 2229 1238 est,
2268 1181 2478 1247 peccati
2509 1189 2694 1236 tamen
2725 1199 2940 1252 expers,
2967 1186 3072 1238 hoc
3097 1199 3183 1240 est
3214 1188 3420 1243 dixisse
3446 1205 3573 1244 cum

2001 1264 2070 1318 de
2097 1269 2458 1336 conceptione
2486 1271 2844 1327 inanimatum
2857 1286 2913 1329 et
2933 1285 3118 1330 mente
3139 1293 3249 1330 non
3284 1279 3573 1348 praeditum

2002 1357 2284 1413 hominem
2317 1362 2574 1417 effectum
2627 1363 2816 1430 fuisse,
2851 1375 2908 1420 et
2935 1383 3034 1436 per
3061 1369 3424 1438 quadraginta
3457 1371 3576 1425 dies

2003 1447 2109 1521 hoc
2143 1459 2285 1504 statu
2335 1467 2738 1520 perseverasse,
2782 1473 2908 1511 cum
2949 1461 3126 1512 sancti
3161 1462 3352 1516 Patres
3403 1465 3571 1518 nostri

2003 1551 2166 1610 atque
2207 1542 2461 1596 doctores
2493 1545 2698 1600 diserte
2743 1549 3108 1612 conclament,
3161 1552 3273 1605 imo
3310 1553 3427 1622 ipsa
3477 1569 3576 1621 per

2002 1644 2100 1681 eos
2129 1628 2345 1684 Veritas
2379 1633 2610 1688 alllrmet
2633 1642 2690 1687 et
2728 1635 3050 1704 afﬁrmatur,
3090 1639 3252 1694 simul
3297 1657 3424 1695 cum
3476 1644 3572 1698 Dei

2004 1717 2170 1772 Verbi
2223 1736 2324 1790 per
2375 1725 2794 1794 conceptionem
2853 1729 3216 1786 descensione
3282 1734 3468 1789 statim
3518 1746 3576 1791 et

2004 1811 2158 1865 nullo
2204 1820 2449 1882 tempore
2481 1815 2772 1886 interjceto
2802 1835 2900 1888 per
2945 1822 3183 1876 mediam
3212 1825 3452 1879 animam
3487 1843 3578 1881 ra-

2007 1899 2265 1955 tionalem
2303 1904 2594 1960 Dominum
2643 1909 2820 1977 ipsqu
2856 1922 2911 1964 et
2943 1915 3115 1966 Deum
3157 1915 3400 1969 Verbum
3448 1932 3574 1971 cum

2003 2007 2168 2046 carne
2195 1993 2392 2060 coisse,
2436 1997 2708 2053 non‘vero
2751 2017 2848 2069 per
2879 2003 3114 2057 mediam
3147 2021 3369 2061 carnem
3401 2007 3576 2063 inani-

2005 2093 2207 2139 matam
2241 2087 2481 2142 animam
2519 2091 2844 2146 rationalem
2874 2095 3238 2150 accedentem
3276 2081 3574 2168 recepisse,

2003 2183 2062 2228 et
2090 2190 2199 2229 non
2235 2177 2596 2232 iuanimatum
2624 2197 2851 2248 prorsus
2883 2199 3086 2253 corpus
3109 2195 3204 2240 aut
3249 2190 3452 2243 mentis
3479 2206 3576 2244 ex-

2007 2277 2216 2335 portem
2263 2269 2743 2341 irrationalcmquc
2799 2275 3038 2330 animam
3085 2277 3378 2347 adOptasse
3408 2320 3423 2345 ,
3477 2277 3574 2336 sed

2005 2357 2302 2426 perfectam
2348 2360 2507 2428 plene
2537 2373 2788 2417 naturam
2817 2380 2885 2418 ex
2913 2368 3096 2422 anima
3114 2370 3380 2424 rationali
3407 2372 3570 2426 simul

2004 2459 2060 2504 et
2086 2467 2318 2520 corpore
2340 2455 2732 2509 consistentem
2749 2456 2970 2512 sibimet
2993 2462 3300 2515 secundum
3325 2463 3582 2518 substan-

2009 2541 2136 2594 tiam
2175 2541 2440 2596 ineﬂ‘abili
2472 2544 2709 2612 quodam
2771 2547 2935 2599 modo
2981 2549 3342 2603 eoadunasse.
3379 2549 3579 2615 Quam-

2007 2632 2196 2686 obrem
2232 2634 2464 2690 maxime
2493 2637 2776 2704 amplexor
2809 2637 3211 2694 coexsistentize
3236 2641 3576 2709 opinionem,

2007 2734 2343 2794 cactcrasque
2381 2725 2438 2778 in
2474 2734 2762 2796 utramque
2805 2737 3015 2797 partem
3053 2729 3430 2798 dirergcntes,
3458 2750 3579 2802 qua:

2009 2828 2117 2873 tam
2158 2820 2264 2874 sibi
2308 2821 2541 2874 invicem
2572 2836 2736 2890 quam
2779 2821 2961 2876 medio
2991 2823 3266 2876 contraria
3311 2833 3474 2887 sunt,
3514 2832 3574 2876 ut

2009 2919 2439 2966 consentaneum
2473 2919 2578 2977 est,
2612 2913 2809 2968 missas
2847 2912 3018 2974 facio,
3051 2923 3106 2968 et
3147 2913 3326 2982 ipsum
3369 2924 3580 2968 natura:

2008 2999 2368 3056 Conditorem
2426 3017 2528 3056 suo
2582 3003 2732 3072 quod
2786 3003 2889 3056 sibi
2955 3003 3120 3058 habet
3183 3005 3580 3060 incarnationis

2009 3094 2272 3165 mysterio
2295 3101 2586 3162 patronum
2617 3095 2782 3164 hujus
2815 3096 3093 3164 Opinionis
3113 3105 3277 3164 atque
3299 3096 3579 3150 doctorem

330 3193 400 3242 δι”
451 3189 642 3244 ἑαυτοῦ
701 3189 1160 3260 βεϐαιωσάμενον,
1214 3188 1309 3240 καὶ
1359 3187 1526 3256 μόνην
1579 3186 1906 3256 καινοτομή-

2013 3187 2360 3241 infallibilem
2406 3186 2604 3250 habeo,
2640 3188 2734 3256 qui
2765 3203 2892 3241 vere
2919 3196 3003 3242 est
3031 3189 3194 3242 homo
3225 3187 3422 3253 factus,
3454 3189 3581 3257 qui-

335 3301 500 3337 σαντα
548 3283 646 3352 τὴν
686 3281 1038 3349 καινοτομίαν
1095 3282 1194 3350 τῆς
1242 3279 1478 3348 φύσεως,
1518 3277 1660 3345 λέγω
1709 3278 1771 3348 δὴ
1808 3278 1904 3347 τὴν

329 3375 419 3427 διὰ
471 3375 679 3443 σπορᾶς
723 3371 982 3442 σύλληψιν
1021 3371 1116 3424 καὶ
1147 3370 1245 3439 τὴν
1275 3371 1362 3423 διὰ
1393 3370 1600 3438 φθορᾶς
1630 3368 1903 3436 γέννησιν,

333 3463 510 3534 ἇσπερ
547 3467 580 3534 ἡ
617 3463 778 3532 φύσις
833 3463 969 3534 μετὰ
1022 3461 1120 3534 τὴν
1171 3460 1484 3534 παράϐασιν
1535 3460 1904 3526 ἐπεσπάσατο,

333 3557 428 3625 τῆς
457 3556 611 3620 θείας
639 3555 992 3610 ἁποπεσοῦσα
1014 3557 1108 3609 καὶ
1132 3557 1512 3625 πνευματικῆς
1563 3557 1644 3616 είς
1702 3553 1904 3622 πλῇθος

333 3640 633 3712 αὐξήσεως,
667 3642 781 3695 ἀλλ’
809 3643 870 3695 ού
900 3643 990 3696 τὸν
1041 3643 1197 3710 λόγον
1244 3643 1342 3712 τῆς
1401 3642 1615 3711 φύσεως
1670 3642 1788 3695 καθ’
1844 3642 1902 3695 ὃν

333 3731 448 3786 ἔστι
481 3751 538 3786 τε
573 3734 665 3786 καὶ
707 3733 950 3801 γίνεσθαι
985 3735 1228 3804 πέφυκεν
1265 3735 1380 3800 ἅμα
1408 3734 1486 3804 τῷ
1519 3731 1659 3786 εἶναι
1700 3737 1764 3788 ἐκ
1797 3735 1900 3805 ψυ-

333 3823 432 3892 χῆς
459 3824 682 3893 λογικῆς
707 3825 1044 3894 ὑφισταμένη
1075 3826 1169 3878 καὶ
1198 3823 1469 3892 σώματος.
1497 3807 1504 3814 ἱ

2008 3295 2116 3351 que
2153 3277 2426 3343 naturam,
2473 3280 2634 3334 simul
2667 3291 2831 3348 atque
2859 3296 2980 3334 esse
3005 3281 3230 3348 incepit,
3277 3281 3582 3335 secundum

2007 3370 2419 3442 generationem
2481 3370 2786 3425 subsistere
2835 3371 3081 3440 perfecte
3133 3371 3428 3426 habentem
3485 3387 3584 3440 per

2007 3463 2363 3533 semetipsum
2407 3462 2758 3518 confirmavit
2790 3475 2846 3516 et
2889 3465 3068 3517 solum
3115 3473 3324 3518 naturae
3353 3465 3582 3517 innova—

2011 3558 2213 3611 tioncm
2249 3553 2552 3622 inchoavit,
2582 3554 2998 3626 conceptionem
3037 3569 3133 3626 per
3173 3555 3464 3618 sationem,
3502 3555 3584 3610 in-

2008 3664 2215 3718 quam,
2276 3658 2443 3718 atque
2495 3650 2904 3718 generationem
2973 3666 3071 3718 per
3097 3639 3410 3712 interitum,
3447 3664 3584 3716 quas

2010 3751 2208 3796 natura
2251 3750 2374 3810 post
2401 3741 2898 3809 transgressionem
2925 3743 3028 3796 sibi
3061 3749 3432 3802 contraxerat,
3457 3756 3580 3794 cum

2010 3831 2079 3884 de
2111 3831 2300 3885 divino
2330 3831 2670 3896 elspirituali
2705 3831 2759 3883 in
2799 3831 3209 3883 multitudinem
3239 3830 3585 3882 incremento

331 3915 552 3982 delapsa
585 3923 750 3974 esset,
771 3913 866 3967 sed
931 3929 1040 3967 non
1079 3906 1288 3968 natura:
1351 3915 1640 3982 rationem,
1670 3921 1972 3975 secundum
2014 3936 2175 3992 quam
2206 3929 2262 3975 et
2299 3931 2384 3976 est
2415 3930 2471 3975 et
2513 3919 2630 3974 ﬁeri
2666 3929 2867 3991 potest,
2909 3921 3072 3975 simul
3102 3937 3228 3976 cum
3263 3921 3584 3976 exsistcntia

331 4021 396 4059 ex
431 4004 683 4059 rationali
713 4003 895 4058 anima
921 4011 1088 4071 atque
1117 4019 1348 4072 corpore
1383 4005 1742 4075 suscepisset.

333 4185 471 4255 ιιερί
510 4184 617 4242 τοῦ
663 4184 790 4251 πῶς
830 4183 1176 4254 καινοτομία
1216 4184 1440 4254 γίνεται
1481 4185 1908 4246 τῶνκαινοτο-

403 4277 716 4348 μουμένων
778 4275 1138 4346 πραγμάτων
1211 4279 1524 4344 μενόντων
1601 4281 1908 4362 ὀζρέπτων

402 4373 552 4425 νειτά
585 4368 702 4438 τὴν
728 4370 942 4438 φύσιν.

2013 4190 2282 4258 Quomodo
2311 4193 2582 4248 innovatio
2611 4192 2710 4262 ﬁat
2758 4194 2885 4246 dum
2928 4210 3008 4246 res
3047 4194 3362 4248 iunovanda:
3415 4194 3586 4264 ﬁrma:

2381 4297 2578 4339 natura
2603 4301 2663 4340 ac
2694 4285 2906 4339 stabiles
2933 4294 3204 4338 maneant.

403 4487 560 4540 Πᾶσα
595 4484 704 4557 γὰρ
755 4483 986 4540 καθόλου
1050 4484 1216 4553 φάναι
1259 4487 1580 4558 καινοτομία
1635 4491 1763 4561 περὶ
1815 4491 1904 4543 τὸν

2077 4483 2268 4541 Omnis
2296 4487 2520 4550 etenim,
2543 4493 2606 4540 ut
2630 4485 2884 4541 universe
2911 4485 3110 4548 dicam,
3141 4485 3418 4540 innovatio
3439 4486 3584 4541 circa

332 4577 532 4647 τρόπον
563 4577 660 4630 τοῦ
716 4575 1209 4645 καινοτομουμένου
1263 4579 1589 4647 πράγματος
1645 4583 1908 4649 πέφυκεν,

334 4668 449 4721 ἀλλ’
473 4668 535 4720 οὐ
571 4667 698 4737 περὶ
723 4666 812 4720 τὸν
851 4664 1007 4732 λόγον
1041 4667 1140 4736 τῆς
1182 4666 1398 4736 φύσεως
1431 4667 1699 4734 γίνεσθαι,
1721 4669 1910 4741 διόπερ

331 4764 362 4813 ό
399 4761 494 4830 μὲν
523 4759 679 4826 λόγος
707 4756 1195 4828 καινοτομούμενος
1227 4757 1442 4829 φθείρει
1475 4757 1574 4828 τὴν
1595 4759 1776 4828 φύσιν.
1811 4761 1910 4814 οὑκ

330 4853 562 4922 ἔχουσαν
591 4850 685 4903 τὸν
724 4849 850 4903 καθ’
889 4849 948 4902 ὃν
976 4850 1092 4901 ἐστι
1120 4848 1278 4916 λόγον
1315 4850 1770 4920 ἀρᾳδιούργητον,
1801 4855 1828 4906 ὁ
1854 4853 1909 4905 δὲ

332 4947 532 5014 τρόπος
584 4941 1078 5011 καινοτομούμενος
1122 4941 1533 5010 φυλαττομένου
1572 4943 1775 5014 δηλαδὴ
1812 4943 1908 4998 τοῦ

334 5035 478 5088 κατὰ
507 5031 669 5104 φύσιν
697 5033 858 5100 λόγου
890 5032 1166 5102 θαύματος
1195 5033 1528 5087 ἐνδείκνυται
1556 5035 1809 5105 δύναμιν,
1835 5037 1910 5100 ὼς

334 5123 436 5193 τὴν
485 5123 650 5192 φύσιν
704 5123 1108 5195 ἐνεργουμένην
1143 5141 1204 5177 τε
1252 5127 1349 5177 καὶ
1378 5125 1710 5195 ἐνεργοῦσαν
1771 5128 1912 5198 ὑπὲρ

334 5214 427 5267 τόν
459 5213 661 5283 ἑαυτῆς
693 5214 1020 5277 ἀποδεικνὺς
1073 5213 1318 5284 δηλονότι
1368 5215 1591 5286 θεσμόν.
1644 5218 1817 5285 Λόγος
1855 5219 1914 5272 δὲ

338 5303 552 5374 φύσεως
579 5305 930 5376 ἀνθρωπίνης
953 5305 1072 5358 ἐστὶ
1099 5307 1161 5359 τὸ
1187 5305 1370 5376 ψυχὴν
1403 5309 1499 5362 καὶ
1539 5309 1700 5378 σῶμα
1724 5311 1818 5364 καὶ
1849 5311 1914 5364 ὲκ

335 5399 516 5469 ψυχῆς
541 5399 767 5469 λογικῆς
801 5393 944 5451 εἶναι
991 5397 1088 5468 τὴν
1133 5397 1296 5466 φύσιν
1330 5399 1428 5452 καὶ
1458 5399 1732 5470 σώματος,
1784 5401 1910 5472 τρό-

339 5507 440 5553 πος
483 5489 542 5542 δὲ
568 5491 601 5558 ἡ
638 5492 696 5542 ἐν
737 5489 816 5556 τῷ
865 5491 1107 5560 ἐνεργεῖν
1157 5489 1251 5542 καὶ
1279 5491 1619 5560 ἐνεργεῖσθαι
1668 5492 1914 5560 φυσικῶς

336 5579 490 5646 τάξις
529 5580 697 5644 ἐστὶν,
745 5581 1087 5652 ἀμειόομένη
1129 5597 1190 5634 τε
1231 5581 1492 5646 πολλάκις
1539 5585 1632 5638 καὶ
1667 5585 1914 5639 ἀλλοιου-

340 5675 498 5743 μένη,
515 5672 613 5742 τὴν
643 5673 699 5726 δὲ
726 5671 888 5741 φύσιν
918 5675 1085 5743 ἑαυτῇ
1107 5673 1461 5737 παντελῶςού
1487 5675 1913 5745 συναμείϐουσα.

410 5841 436 5867 ν
468 5829 637 5882 Εκηά.
677 5845 782 5884 XXI.
825 5829 917 5882 9'3.

2011 4578 2233 4646 modum
2255 4579 2335 4632 rei
2366 4578 2709 4640 innovandae,
2731 4593 2840 4631 non
2876 4578 3026 4632 circa
3055 4579 3327 4632 rationem
3353 4585 3582 4640 natm-te,

2012 4668 2126 4722 ﬁeri
2163 4675 2476 4737 comparata
2511 4675 2614 4731 est,
2667 4666 2798 4736 quia
2849 4667 2990 4720 ratio
3020 4666 3278 4720 innovata
3332 4675 3584 4720 naturam

2009 4759 2180 4824 laedit,
2211 4772 2335 4828 quae
2368 4773 2488 4812 eam
2523 4757 2826 4812 secundum
2861 4772 3026 4826 quam
3059 4757 3277 4811 exsistit
3316 4757 3584 4810 rationem

2010 4863 2121 4903 non
2139 4855 2320 4903 teneat
2335 4847 2734 4908 intemeratam,
2756 4846 2952 4900 modus
2969 4861 3096 4900 vero
3115 4846 3486 4910 innovandos,
3505 4845 3581 4899 ita

2009 4942 2270 4996 nimirum
2295 4949 2357 4996 ut
2382 4941 2648 4996 naturalis
2668 4939 2808 4993 ratio
2830 4948 3100 5001 servetur,
3131 4939 3384 4994 miraculi
3401 4947 3588 4993 osten-

2010 5033 2092 5088 dit
2139 5033 2420 5092 virtutem,
2477 5046 2603 5085 cum
2653 5037 2907 5085 naturam
2963 5043 3158 5098 nempe
3212 5037 3270 5082 et
3309 5036 3484 5082 actam
3529 5033 3587 5080 et

2011 5133 2260 5198 agentem
2287 5125 2431 5178 ultra
2451 5138 2606 5178 suam
2653 5123 2826 5192 ipsius
2855 5121 3028 5190 legem
3060 5135 3126 5174 ac
3163 5135 3412 5174 normam
3451 5135 3584 5188 pro-

2013 5223 2248 5271 moveat.
2279 5215 2440 5269 Batio
2462 5224 2646 5268 autem
2690 5212 2944 5266 humana:
2973 5217 3184 5264 naturae
3217 5217 3303 5264 est
3346 5209 3582 5262 animam

2011 5318 2282 5378 etcorpus
2304 5317 2360 5362 et
2381 5322 2457 5362 ex
2489 5307 2672 5370 anima
2702 5302 2954 5358 rationali
2981 5311 3038 5356 et
3064 5317 3300 5372 corpore
3327 5310 3582 5356 naturam

2013 5416 2154 5465 esse,
2175 5409 2365 5455 contra
2383 5397 2580 5452 modus
2595 5408 2679 5453 est
2699 5396 2839 5451 ordo
2855 5410 2966 5464 quo
2981 5393 3505 5462 agitunnaturaliter
3527 5401 3580 5446 et

2012 5491 2146 5561 agit,
2166 5491 2260 5560 qui
2288 5504 2664 5559 saepenumero
2683 5486 2920 5544 vertitur
2939 5494 2996 5539 et
3022 5485 3364 5547 immutatur,
3379 5482 3476 5537 sed
3497 5497 3584 5537 ua-

2014 5595 2191 5638 turam
2211 5599 2318 5640 una
2337 5597 2461 5638 cum
2487 5579 2782 5649 semetipso
2807 5577 3032 5633 omnino
3043 5591 3152 5631 non
3170 5583 3363 5630 mutat.
3387 5575 3582 5641 Quem-

2014 5672 2306 5728 admodum
2345 5670 2509 5724 etiam
2562 5668 2614 5721 in
2657 5679 2981 5736 quacunque
3025 5679 3083 5716 ro
3123 5663 3226 5716 alia
3265 5661 3378 5716 fieri
3415 5659 3582 5728 solet,
