4012 6420
513 462 672 534 1343·-

1674 461 1735 526 S.
1778 459 2062 525 ΜΑΧΙΜΙ
2102 454 2612 523 CONFESSORIS

3644 457 3760 524 ιιιι

506 585 729 655 quando
751 584 895 639 Deus
925 582 1072 637 circa
1106 596 1261 637 suam
1274 581 1483 652 aliquid
1508 583 1879 637 conditionem
1907 582 2093 636 volue-

2200 560 2494 649 Καθάπερ.
2522 581 2618 632 καὶ
2676 578 2761 632 ἐπ’
2808 577 2969 631 άλλου
3024 573 3227 638 παντὸς
3275 572 3397 644 ἔχει
3433 571 3761 643 πράγματος,

507 677 579 729 rit
608 675 874 728 innovare
903 673 1273 728 Providentiae
1299 675 1702 744 gratia‘eorum
1732 673 1936 743 quibus
1960 688 2091 742 pro-

505 766 744 829 videtur,
764 765 899 819 etad
918 763 1403 819 demonstrandam
1426 776 1580 818 suam
1598 774 1721 833 quas
1732 771 1929 817 cuncta
1947 777 2092 817 com-

504 856 797 926 prehendit
812 871 875 910 ac
898 861 1145 924 permeat
1160 855 1441 908 virtutem.
1464 853 1541 907 Ita
1566 852 1815 927 profecto
1826 852 2091 906 virtutem

503 950 776 1004 exhibens
806 948 1203 1002 miraculorum
1230 946 1536 1015 antiquitus
1558 953 1723 1015 atque
1748 954 2091 1000 ostentorum

505 1040 927 1111 magniﬁcentiis
959 1039 1173 1093 ratione
1195 1038 1567 1093 innovationis
1592 1048 1677 1092 est
1697 1052 1849 1104 usus,
1872 1053 1998 1092 cum
2023 1038 2093 1092 ad

505 1130 887 1183 alteram-vitae
916 1130 1155 1198 speciem
1182 1128 1337 1198 juxta
1356 1128 1515 1182 istam
1547 1128 1602 1181 in
1628 1142 1794 1183 carne
1820 1135 1877 1182 et
1898 1128 2119 1205 interin

510 1221 588 1275 tui
616 1220 907 1274 obnoxiam
922 1219 1149 1274 llenoch
1173 1220 1417 1274 etEliam
1437 1216 1632 1275 beatos
1660 1220 1809 1275 viros
1834 1220 2096 1275 transfer-

509 1319 593 1363 ret
610 1319 655 1371 ο,
680 1324 790 1363 non
817 1311 1321 1365 immutataeorum
1339 1319 1556 1376 natura,
1589 1312 1684 1366 sed
1711 1311 2093 1367 vicissitudine

507 1397 833 1453 instituendi
861 1400 1004 1469 ejus-
1027 1398 1597 1469 administrandique;
1632 1414 1758 1455 cum
1788 1412 1986 1471 aquam
2023 1402 2093 1457 ad

506 1488 941 1559 submergendos
983 1488 1262 1559 improbos
1295 1492 1352 1544 in
1386 1499 1533 1545 terra
1577 1490 1829 1547 homines
1875 1494 2097 1563 quanti-

508 1588 620 1635 tate
653 1581 1003 1650 mnltipiicari
1025 1570 1249 1651 juberet
1270 1592 1331 1648 P;
1364 1599 1489 1637 cum
1532 1584 1588 1637 in
1611 1599 1737 1639 arca
1768 1586 1933 1640 simul
1966 1601 2092 1641 cum

509 1672 640 1726 feris
666 1673 977 1742 agrestibus
1002 1674 1240 1744 primum
1269 1675 1508 1730 navitam
1537 1676 1650 1730 Noe
1685 1677 1854 1731 vitam
1894 1677 2093 1749 degere

507 1760 655 1816 haud
681 1762 993 1817 infestatam
1024 1763 1344 1819 ostenderet
1366 1775 1430 1830 τις
1455 1780 1597 1820 ουιῐιο
1613 1766 1891 1821 Abraham
1915 1777 1971 1822 et
1994 1764 2092 1822 sn—

506 1869 622 1907 ram
676 1869 903 1924 magnos
929 1854 1014 1908 sui
1062 1855 1307 1910 cultores
1342 1864 1521 1925 partu-
1550 1856 1865 1912 honoraret‘
1892 1869 2096 1929 praeter

505 1952 722 1998 aetatem
748 1960 812 1999 ac
838 1944 1142 2015 legitimum
1178 1947 1626 2016 prolisserenda:
1654 1951 1951 2004 terminum
1992 1967 2093 2005 na-
2127 1922 2169 1980 Β

506 2040 645 2088 tura:
691 2050 756 2089 ac
813 2043 1030 2106 tempus
1048 2046 1094 2103 ῖς
1128 2052 1253 2091 cum
1300 2038 1750 2110 ignem‘desuper
1789 2041 1987 2097 cadere
2039 2042 2095 2097 in

505 2123 792 2179 hominum
831 2127 1127 2197 impiorum
1180 2129 1623 2185 submersionem
1675 2132 1961 2202 juberet',
1995 2147 2094 2190 ne-

505 2232 783 2286 quaquam
825 2228 1006 2272 lamen
1054 2233 1154 2287 per
1198 2218 1305 2274 hoc
1351 2219 1706 2277 imminutum
1756 2225 1968 2281 ratione
1997 2238 2095 2282 sua

504 2310 766 2373 naturali,
800 2326 939 2364 cum
967 2311 1090 2365 rubi
1149 2312 1331 2383 ignem
1371 2329 1484 2368 non
1513 2323 1765 2371 urentem
1812 2319 1959 2373 servi
2008 2320 2091 2375 sui

503 2400 1006 2471 advocandi-gratia
1036 2403 1367 2459 accenderet
1393 2405 1411 2440 ί
1438 2420 1454 2470 ;
1478 2420 1603 2460 cum
1629 2421 1828 2476 aquam
1861 2408 1916 2462 in
1932 2406 2096 2481 Egy-

501 2500 599 2561 pto
659 2491 715 2546 in
768 2493 1056 2562 sanguinis
1109 2502 1348 2549 mutaret
1398 2496 1800 2565 qualitatem“,
1837 2508 2092 2554 natoram

501 2595 659 2635 suam
696 2585 925 2637 omnino
973 2599 1085 2638 non
1123 2585 1510 2657 abnegantem,
1553 2590 1757 2660 quippe
1786 2607 1909 2661 quae
1949 2583 2091 2662 aqua

500 2683 754 2729 maneret
810 2677 1125 2731 secundum
1151 2687 1408 2734 naturam
1462 2684 1718 2752 quamvis
1764 2684 2091 2753 rubefacta,

500 2780 740 2835 eumque
765 2776 961 2823 czetera
993 2769 1259 2824 miracula
1287 2770 1377 2827 illa
1408 2780 1573 2843 atque
1602 2783 1819 2832 ostenta
1855 2779 2092 2847 perﬁce-

500 2866 608 2922 ret,
638 2866 699 2912 ut
721 2857 977 2915 ﬁdelibus
1010 2874 1169 2930 spem
1204 2878 1236 2917 e
1274 2864 1683 2922 calamitatibus
1705 2868 1910 2937 quibus
1940 2866 2091 2926 obsi-

500 2947 778 3003 debantur
815 2952 1122 3019 evadendi,
1150 2953 1468 3012 inﬁdelibus
1500 2972 1634 3013 vero
1667 2974 1891 3015 sensum
1925 2958 2091 3017 casti-

499 3040 682 3109 gantis
704 3043 925 3097 virtutis
970 3059 1091 3100 suaer
1131 3046 1423 3117 praeberet,
1469 3049 1538 3104 ad
1567 3050 1970 3107 dissolvendam
2000 3069 2093 3110 co-

502 3145 627 3183 rum
685 3131 832 3186 circa
884 3133 1057 3187 Deum
1109 3149 1217 3203 qua
1258 3137 1590 3192 tenebantur
1638 3140 2089 3209 indurationem‘,

501 3237 654 3276 mare
685 3223 835 3294 virga
876 3225 1346 3296 dissecans'atque
1376 3244 1533 3298 aquae
1562 3231 1955 3288 cohaerentiam
1997 3248 2089 3289 se-
2116 3262 2160 3319 ο

502 3329 727 3383 parans,
758 3314 833 3369 ita
859 3325 918 3369 ut
939 3319 1006 3370 de
1030 3319 1296 3386 peculiari
1321 3335 1419 3374 sua
1452 3330 1649 3377 natura
1677 3322 1824 3378 haud
1853 3324 2083 3395 degene-

502 3414 675 3470 raret,
703 3423 829 3462 cum
857 3409 912 3462 in
944 3418 1347 3479 transgressum
1371 3428 1566 3468 eorum
1594 3415 1687 3484 qui
1720 3425 1944 3486 propter
1968 3432 2088 3473 sese

500 3497 574 3552 ab
604 3497 843 3555 instante
872 3501 1030 3555 hoste
1066 3503 1480 3571 premebantur,
1522 3515 1639 3560 tum
1688 3507 1742 3561 in
1776 3510 2084 3578 repressio-

501 3604 631 3644 nem
675 3606 866 3651 eorum
909 3594 1003 3663 qui
1055 3594 1401 3651 nobilitatem
1441 3612 1507 3652 ac
1543 3598 1857 3655 libertatem
1903 3603 2087 3673 impu-‘-

501 3683 701 3739 denter
737 3687 1235 3755 persequebantur,
1286 3705 1483 3760 aquam
1531 3691 1680 3762 ligno
1715 3693 1932 3750 dulcem
1960 3697 2087 3751 red-

501 3775 660 3836 dens.
691 3785 747 3831 et
775 3793 971 3847 panem
1000 3780 1161 3834 nullo
1177 3791 1361 3837 aratro
1396 3791 1615 3852 partum
1643 3785 1862 3842 caelitus
1889 3790 2086 3858 pluens

500 3883 707 3921 novum
737 3878 901 3939 atque
940 3870 1307 3942 incognitum,
1342 3882 1399 3930 et
1435 3876 1621 3930 avium
1668 3879 2085 3937 multitudinem

500 3961 911 4016 csculentarum
936 3965 1122 4020 subito
1148 3965 1217 4021 de
1251 3968 1391 4021 mari
1412 3968 1706 4034 ebulliens,
1742 3981 1895 4026 extra
1930 3982 2089 4029 natu-
2114 3998 2134 4015 κ

505 4052 675 4105 ralem
717 4053 1062 4123 singulorum
1096 4070 1165 4109 ex
1187 4071 1245 4111 se
1276 4070 1387 4126 quo
1414 4058 1698 4114 cohaerent
1732 4063 1987 4117 ordinem
2020 4080 2086 4121 ac

501 4145 705 4199 seriem
746 4147 802 4201 in
844 4147 1104 4201 solatium
1139 4163 1330 4202 eorum
1373 4153 1468 4220 qui
1499 4152 1555 4205 in
1605 4152 1827 4209 deserto
1858 4157 2087 4214 aﬂlicta—

501 4236 727 4301 bantur,
759 4253 915 4307 aqua:
936 4248 1164 4294 matrem
1183 4256 1375 4295 saxum
1404 4243 1725 4311 ostendens,
1753 4246 1805 4301 in
1829 4248 2089 4307 obfirma-

505 4327 709 4382 tiouem
744 4328 868 4383 fidei
897 4345 1091 4385 eorum
1113 4333 1205 4402 qui
1244 4333 1299 4387 in
1324 4334 1443 4390 acie
1469 4334 1698 4392 ordines
1728 4339 2081 4408 deserebant,

502 4418 705 4475 ﬂumen
734 4422 1039 4478 retundens
1083 4425 1138 4478 in
1178 4424 1386 4481 siccum
1431 4437 1831 4501 transgressum
1872 4434 1946 4504 pii
1980 4450 2084 4504 po-

502 4509 638 4579 puli,
689 4512 822 4567 solis
885 4522 1050 4584 atque
1104 4515 1251 4572 luna:
1298 4533 1524 4603 cursum
1557 4519 1818 4578 inhibens
1851 4524 2084 4582 miriﬁce

2192 670 2357 739 ἡνίκα
2390 670 2631 723 καινίσαι
2670 689 2720 724 τι
2774 670 2902 741 περὶ
2941 668 3040 738 τὴν
3074 665 3273 719 ἑαυτοῦ
3330 665 3519 719 κτίσιν
3569 665 3598 716 ὁ
3645 665 3764 732 Θεδς

2195 761 2431 832 βουληθῇ
2502 763 2760 833 προνοίας
2795 761 2984 813 ἕνεκεν
3031 758 3142 811 τῶν
3203 756 3648 827 προνοουμένων,
3683 759 3767 812 καὶ

2192 854 2477 917 ἐνδείξεως
2506 857 2607 924 τῆς
2642 854 2736 908 ἐπὶ
2766 853 2950 906 πάντα
2986 850 3081 904 καὶ
3108 849 3199 902 διὰ
3234 849 3463 901 πάντων
3491 848 3768 922 διηκούσης

2192 945 2499 1014 δυνάμεως.
2533 940 2748 1015 ’Ὥσπερ
2791 943 2983 1014 ἀμέλει
3033 938 3491 1012 παραδοξοποιῶν
3517 942 3636 1003 ταῖς
3666 943 3771 994 ἀνέ-

2193 1037 2363 1089 καθεν
2393 1036 2500 1090 τῶν
2526 1036 2830 1108 θαυμάτων
2860 1052 2919 1087 τε
2964 1035 3062 1088 καὶ
3110 1032 3352 1103 σημείων
3398 1031 3771 1103 μεγαλειότησι

2195 1130 2550 1200 καινοτομίας
2578 1130 2722 1201 λόγῳ
2750 1127 3049 1197 πεποίηκε,
3081 1126 3220 1196 πρὸς
3251 1124 3447 1196 ἕτερον
3477 1120 3620 1188 εἶδος
3646 1125 3772 1196 ζωῆς

2196 1221 2349 1293 παρὰ
2383 1222 2444 1275 τδ
2470 1223 2527 1275 ὲν
2558 1222 2724 1293 σαρκὶ
2756 1224 2824 1293 τῇ
2873 1219 2980 1274 ὑπὸ
3028 1218 3237 1290 φθοράν
3283 1217 3671 1288 μεταϐιϐάσας
3697 1218 3774 1270 τὸν

2207 1304 2377 1380 Ἑνώχ
2397 1326 2457 1362 τε
2486 1309 2581 1363 καὶ⁹
2611 1310 2701 1362 τδν
2742 1306 2929 1362 Ἠλίαν
2980 1308 3109 1371 τοὺς
3160 1306 3497 1376 μακαρίους,
3555 1305 3615 1360 ού
3665 1307 3772 1360 κατ’

2194 1401 2481 1455 ἀλλοίωσιν
2512 1401 2747 1469 φύσεως,
2786 1398 2924 1455 ἀλλὰ
2961 1398 3106 1453 κατά
3141 1399 3338 1469 (237
3381 1397 3455 1466 a)
3506 1398 3775 1468 παραλλα-

2195 1492 2299 1562 γὴν
2320 1493 2421 1563 τῆς
2449 1493 2570 1546 κατ’
2594 1491 2763 1561 αὐτὴν
2789 1491 3016 1559 ἀγωγῆς
3041 1490 3137 1543 καὶ
3156 1491 3512 1560 διοικήσεως,
3534 1488 3678 1559 ὕδωρ
3708 1492 3775 1552 εἰς

2196 1582 2483 1635 ὲπίκλυσίν
2512 1582 2622 1635 τῶν
2666 1583 2760 1634 ἐπὶ
2808 1581 2915 1652 γῆς
2948 1580 3242 1651 μοχθηρῶν
3288 1578 3613 1650 ἀνθρώπων
3655 1578 3775 1631 καθ-

2200 1656 2472 1745 ιστῶνιτῷ
2524 1672 2678 1744 ποσῷ
2705 1671 3128 1737 πολλαπλάσιον,
3177 1673 3236 1724 ὲν
3275 1673 3343 1742 τῇ
3389 1669 3620 1740 κιϐωτῷ
3653 1671 3776 1739 μετά

2196 1765 2409 1836 θηρίων
2458 1765 2668 1836 ἀγρίων
2718 1766 3039 1834 ἀποφαίνων
3091 1765 3183 1817 τὸν
3238 1763 3468 1835 πρῶτον
3526 1762 3778 1832 πλωτῆρα

2196 1853 2323 1907 Νῶε
2348 1854 2560 1908 δίαιταν
2597 1854 2741 1924 ἔχειν
2779 1855 3112 1923 ἀλύμαντον,
3149 1853 3412 1927 Ἀϐραὰμ
3447 1852 3548 1906 καὶ
3575 1853 3776 1923 Σάρραν

2196 1947 2322 2009 τοὺς
2352 1946 2624 2017 μεγάλους
2654 1944 2820 2000 αὑτοῦ
2867 1947 3208 2018 θεράποντας
3240 1946 3399 2000 παιδὶ
3449 1944 3633 2015 τιμῶν
3660 1945 3775 2014 παρ’

2195 2034 2413 2106 ἡλικίαν
2471 2036 2568 2091 καὶ
2615 2038 2707 2092 τὸν
2765 2038 3155 2109 νενομισμένον
3230 2037 3371 2107 πρὸς
3439 2035 3776 2091 παιδοποιίαν

2195 2128 2347 2199 ὅρον⁵
2372 2145 2431 2181 τε
2490 2128 2586 2182 καὶ
2626 2128 2817 2200 χρόνον
2846 2129 2949 2194 τῆς
2983 2127 3220 2198 φύσεως,
3260 2127 3375 2198 πῦρ
3430 2127 3536 2198 τὴν
3583 2127 3677 2180 ἐπὶ
3718 2127 3777 2180 τὰ

2194 2220 2348 2275 κάτω
2377 2220 2652 2275 ποιεῖσθαι
2686 2222 2860 2293 φορὰν
2903 2221 2985 2285 είς
3031 2218 3322 2274 ὲπίκλυσιν
3354 2217 3583 2274 ἀσεϐῶν
3611 2234 3775 2288 παρα-

2198 2313 2505 2382 σκευάζων,
2530 2313 2646 2368 οὐδ”
2670 2313 2807 2377 ὅλως
2835 2313 2928 2368 τοῦ
2957 2313 3102 2368 κατά
3131 2312 3303 2382 φύσιν
3323 2313 3493 2383 λόγου
3520 2311 3611 2365 διὰ
3634 2310 3777 2364 τοῦτο

2198 2406 2546 2477 μειούμενον,
2603 2406 2706 2475 τῆς
2741 2405 2905 2476 βάτου
2936 2403 3052 2474 πῦρ
3082 2404 3379 2468 ἀκαύστως
3414 2403 3676 2471 ἐξάπτων
3707 2402 3786 2465 είς.

2192 2498 2294 2568 τήν
2328 2497 2423 2551 τοῦ
2458 2497 2792 2570 θεράποντος
2825 2498 3191 2568 πρόσκλησιν,
3225 2496 3371 2569 ὕδωρ
3415 2497 3479 2551 ὲν
3525 2494 3776 2564 Αἰγύπτῳ

2195 2590 2335 2661 πρὸς
2368 2590 2603 2661 αἵματος
2639 2589 2998 2661 μεταϐάλλων
3033 2589 3316 2660 ποιότητα,
3350 2588 3456 2659 τὴν
3493 2586 3659 2657 φύσιν
3687 2585 3787 2639 αύι

2193 2682 2289 2738 τοῦ
2333 2682 2619 2746 παντελῶς
2662 2681 2733 2753 μί’
2801 2681 3134 2754 ἠρνημένον,
3188 2680 3349 2751 ὕδωρ·
3400 2682 3602 2752 μεῖναν
3648 2677 3781 2732 κατά

2194 2775 2360 2845 φύσιν
2412 2776 2516 2830 καὶ
2572 2774 2727 2846 μετά
2754 2773 2854 2844 τὴν
2896 2770 3147 2844 φοίνιξιν,
3211 2773 3307 2826 καὶ
3338 2771 3410 2825 τὰ
3469 2770 3636 2823 λοιπά
3676 2767 3777 2821 τῶν

2195 2872 2382 2924 ἐκεῖσε
2415 2870 2714 2940 θαυμάτων
2738 2886 2799 2923 τε
2837 2871 2935 2923 καὶ
2964 2871 3210 2941 σημείων
3232 2865 3532 2929 ἐπιτελῶν,
3561 2865 3695 2935 πρὸς
3718 2862 3770 2916 τὺ

2191 2960 2375 3015 δοῦναι
2428 2963 2543 3026 τοῖς
2608 2963 2708 3032 μὲν
2761 2964 2978 3025 πιστοῖς
3032 2961 3143 3015 τῶν
3201 2963 3556 3033 κατεχόντων
3600 2956 3768 3013 δεινῶν

2193 3052 2510 3123 ὲαευθερίας
2537 3053 2751 3119 ἐλπίδα,
2780 3056 2897 3118 τοῖς
2935 3053 3189 3116 ἀπίστοις
3213 3052 3281 3107 δὲ
3301 3052 3664 3119 συναίσθησιν
3683 3050 3768 3120 τῆς

2195 3143 2534 3215 κολαζούσης
2606 3145 2914 3215 δυνάμεως.
2969 3146 3109 3217 πρὸς
3160 3146 3428 3202 ἀπόθεσιν
3499 3146 3601 3216 τῆς
3650 3159 3768 3197 κατ-

2193 3238 2428 3308 εχούσης
2444 3237 2641 3301 αὐτοὺς
2672 3239 2801 3310 περὶ
2832 3238 2895 3292 τὸ
2932 3237 3089 3292 Θεῖον
3132 3239 3473 3310 πωρώσεως,
3511 3237 3767 3292 θάλασσαν

2194 3328 2408 3398 τέμνων
2433 3328 2615 3400 ῥάϐδῳ
2646 3330 2743 3383 καὶ
2779 3329 2840 3383 τὺ
2889 3331 3113 3400 συνεχὲς
3146 3330 3380 3385 διαλύων
3426 3330 3527 3384 τοῦ
3571 3329 3763 3390 ὕδατος,

2193 3422 2293 3490 τῆς
2315 3420 2522 3485 οίκείας
2557 3421 2632 3492 μὴ
2672 3420 3028 3492 ἐξισταμένου
3063 3420 3302 3491 φύσεως,
3357 3423 3442 3486 είς
3470 3421 3641 3475 δίοδον
3679 3417 3764 3489 μὲν

2197 3511 2303 3565 τῶν
2326 3512 2392 3565 δι’
2427 3511 2593 3565 αὐτὸν
2622 3511 2995 3582 διωκομένων,
3038 3514 3243 3583 ἐποχὴν
3276 3512 3335 3566 δὲ
3375 3513 3490 3566 τῶν
3527 3510 3767 3570 ἀναιτίως

2194 3601 2503 3655 διωκόντων
2556 3601 2617 3654 τὸ
2651 3601 2876 3670 εὐγενὲς
2927 3602 3023 3655 καὶ
3078 3601 3386 3674 ἐλεύθερον,
3446 3601 3598 3671 ὓδωρ
3641 3599 3764 3667 ξύλῳ

2194 3693 2526 3762 γλυκαίνων,
2552 3693 2643 3746 καὶ
2672 3692 2837 3764 ἄρτον
2860 3693 3127 3763 ἀνήροτον
3167 3691 3469 3764 οὐρανόθεν
3495 3690 3606 3745 ὖων
3631 3688 3765 3755 ξένον

2194 3785 2289 3836 καὶ
2319 3784 2616 3852 ἄγνωστον,
2639 3785 2733 3836 καὶ
2755 3782 2961 3852 πλῆθος
2980 3783 3186 3861 ὀρνέων
3209 3782 3496 3853 ἐδωδίμων
3519 3781 3761 3850 ἐξαίφνης

2192 3877 2291 3944 τῆς
2328 3875 2600 3945 θαλάττης
2633 3875 2943 3947 ἐκϐράζων,
2973 3876 3145 3946 χωρὶς
3191 3875 3295 3945 τῆς
3336 3876 3483 3931 κατὰ
3528 3874 3685 3945 φύσιν
3712 3869 3763 3935 ὲξ

2193 3966 2438 4039 ἀλλήλων
2485 3968 2761 4038 διαδοχῆς,
2826 3968 2962 4039 πρὸς
3018 3967 3377 4039 παραμυθίαν
3435 3967 3549 4035 τῶν
3600 3968 3655 4020 ἐν
3702 3963 3757 4032 τῇ

2193 4062 2391 4131 ἐρήμῳ
2433 4059 2914 4127 κακοπαθούντων,
2952 4056 3148 4125 ὓδατος
3176 4060 3393 4132 μητέρα
3428 4060 3530 4131 τὴν
3572 4056 3758 4126 πέτραν

2193 4155 2563 4220 ἀποδεικνὺς,
2600 4155 2682 4218 είς
2756 4154 3067 4225 βεϐαίωσιν
3104 4156 3365 4218 πίστεωςρ
3394 4154 3508 4208 τῶν
3562 4153 3620 4206 έν
3662 4150 3756 4210 τοῖς

2193 4247 2371 4316 ἀγῶσι
2419 4246 2945 4313 λειποτακτούντων,
2998 4244 3244 4316 ποταμὸν
3282 4247 3609 4301 ἀνακόπτων
3638 4240 3755 4311 πρὸς

2191 4339 2445 4393 διάϐασιν
2513 4339 2747 4411 ἄϐροχον
2803 4337 2937 4394 λαοῦ
2989 4337 3305 4403 θεοσεϐοῦς,
3360 4336 3518 4408 ἡλίου
3566 4352 3624 4389 τε
3674 4331 3754 4385 καὶ

2195 4432 2423 4504 σελήνης
2477 4432 2676 4504 δρόμον
2726 4431 2943 4502 ἐπέχων
2974 4429 3254 4485 ἀκώλυτον
3293 4428 3636 4502 παραδόξως,
3667 4423 3752 4493 τὴν

2191 4525 2500 4596 ἀεικίνητον
2526 4523 2621 4578 τοῦ
2653 4522 3006 4594 περιέχοντος
3059 4520 3243 4595 (237
3266 4522 3331 4593 a)
3370 4522 3536 4590 φύσιν
3569 4518 3752 4587 στήσας

499 4601 653 4656 nullo
676 4602 962 4660 obstaculo
989 4605 1338 4676 impeditum,
1372 4601 1428 4665 et
1454 4611 1656 4667 sistens
1676 4615 1802 4670 οωιί
1834 4622 2093 4672 naturam

2192 4613 2472 4683 ἀκίνητον,
2511 4613 2647 4685 πρὸς
2675 4611 2899 4684 δλεθρον
2928 4610 3160 4675 ἀσεϐοῦς
3195 4611 3516 4674 δυναστείας
3544 4603 3752 4680 ἀμαθῶς

500 4720 721 4775 semper
755 4707 1095 4764 immobilem
1129 4710 1269 4766 adeo
1302 4720 1365 4767 ut
1388 4712 1617 4770 immota
1648 4725 1840 4784 staret,
1868 4719 1925 4774 in
1957 4736 2088 4791 per-

500 4796 701 4852 niciem
740 4797 923 4868 impiae
949 4798 1344 4858 dominationis
1369 4845 1384 4871 ,
1433 4805 1547 4860 Deo
1581 4821 1682 4876 per
1720 4808 2088 4879 ignorantiam

499 4888 672 4943 aciem
704 4892 1065 4959 Opponentis,
1105 4893 1273 4964 idque
1306 4911 1375 4951 ne
1420 4897 1575 4967 prius
1609 4900 1813 4955 ostenti
1838 4903 2088 4959 omnium

498 4979 674 5035 oculis
714 4980 915 5051 objecti
971 4983 1152 5038 virtus
1179 4995 1423 5041 cessaret
1450 5003 1616 5058 quam
1659 4989 1905 5060 perfecta
1943 4991 2089 5049 foret

498 5070 702 5135 clades,
738 5080 902 5142 atque
938 5079 1003 5128 ut
1035 5075 1089 5129 in
1126 5084 1413 5145 posterum
1444 5078 1763 5135 obtinerent
1784 5081 2083 5139 haeredita-

500 5175 607 5217 tem
636 5165 914 5220 veraciter
960 5166 1366 5227 annuntiatam.
1422 5170 1491 5225 Et
1541 5171 1755 5242 reliqua
1807 5182 2085 5245 quotquot

498 5256 645 5311 Deus
679 5265 786 5310 tam
821 5257 877 5311 in
915 5269 1059 5314 terra
1093 5261 1458 5330 possessionis
1493 5270 1658 5333 quam
1695 5264 1751 5318 in
1774 5267 1991 5321 caeteris
2025 5266 2084 5321 in

498 5360 637 5414 quas
685 5346 852 5400 Israel
912 5355 1070 5403 vetus
1107 5349 1179 5403 ob
1226 5361 1450 5420 peccata
1483 5353 1767 5418 veniebat,
1826 5353 2084 5409 eﬂ‘ecisse

499 5445 777 5502 narratur,
805 5438 951 5493 circa
977 5440 1204 5494 modum
1234 5442 1482 5510 virtutis,
1531 5444 1628 5500 sed
1670 5460 1783 5500 non
1818 5445 1968 5501 circa
1994 5462 2083 5501 ra-

500 5526 707 5583 tionem
738 5531 1025 5585 exstantia:
1072 5532 1391 5590 innovando
1431 5545 1690 5591 naturam
1728 5552 1925 5592 eorum
1955 5553 2080 5608 quae

501 5613 927 5679 innovabantur,
964 5619 1109 5673 Deus
1149 5620 1354 5677 effecit.
1392 5624 1452 5678 In
1484 5625 1691 5694 quibus
1738 5625 1998 5681 omnibus
2025 5634 2084 5682 et

501 5712 626 5771 post
658 5720 781 5773 qua:
820 5706 976 5774 illud,
1011 5718 1239 5779 propter
1283 5714 1429 5782 quod
1464 5715 1583 5769 haac
1629 5722 1761 5769 sunt
1805 5716 1993 5772 omnia
2022 5724 2080 5772 et

568 5824 595 5850 °
625 5817 691 5870 IV
723 5818 854 5888 Reg.
884 5836 940 5886 ιι,
982 5821 1075 5888 ll;
1105 5820 1240 5876 Gen.
1272 5841 1324 5886 ν,
1356 5826 1445 5879 24.

500 5885 591 5940 Ἡ.
680 5890 693 5923 ί
736 5882 1112 5956 Ειῶἀζηιῇίὶ.
1191 5904 1214 5931 ιι
1253 5882 1426 5949 Εέοιι.
1464 5912 1560 5960 vn,
1613 5897 1694 5950 l7.

2184 4704 2801 4778 ἀντιπαραταττομένης
2822 4703 2963 4775 Θεῷ,
3000 4705 3094 4757 καὶ
3126 4703 3256 4774 πρὶν
3285 4702 3427 4775 λάϐῃ
3460 4701 3633 4773 πέρας
3659 4693 3751 4747 τῶν

2182 4798 2480 4869 ὁρωμένων
2512 4797 2546 4868 ή
2573 4795 2829 4866 δύναμις,
2861 4794 2958 4850 καὶ
3007 4796 3089 4858 είς
3138 4794 3472 4864 κατάσχεσιν
3506 4793 3603 4862 τῆς
3628 4785 3748 4857 πόῤ-

2186 4889 2361 4962 ῥωθεν
2409 4889 2661 4959 ἀψευδῶς
2690 4885 3113 4958 ἐπηγγελμένης
3144 4885 3530 4958 κληρονομίας.
3565 4880 3667 4937 Καὶ
3691 4876 3746 4929 τὰ

2182 4982 2348 5037 λοιπά
2375 4984 2477 5036 ὅσα
2520 4982 2597 5053 δὴ
2614 4981 2978 5052 πεποιηκέναι
3012 4980 3253 5049 λέγεται,
3290 4979 3432 5033 κατά
3458 4996 3518 5032 τε
3543 4976 3636 5046 τὴν
3655 4970 3745 5041 γῆν

2186 5074 2287 5145 τῆς
2329 5073 2715 5144 κατασχέσεως
2773 5072 2875 5127 καῖ
2925 5072 3025 5135 τὰς
3073 5071 3269 5135 λοιπὰς
3323 5073 3404 5135 είς
3463 5071 3592 5129 ὅσας
3630 5059 3743 5135 ἦλθε

2187 5170 2586 5240 παρανομήσας
2613 5168 2642 5220 ό
2688 5165 2923 5229 παλαιὸς
2962 5163 3204 5236 Ἰσραὴλ,
3249 5164 3376 5236 περὶ
3431 5163 3521 5218 τὸν
3564 5158 3740 5231 τρόπον

2184 5257 2286 5327 τῆς
2314 5256 2620 5328 ἐνεργείας,
2643 5254 2758 5309 ἀλλ’
2784 5255 2846 5309 οὐ
2873 5255 3002 5326 περὶ
3034 5252 3125 5308 τὸν
3147 5251 3307 5323 λόγον
3335 5253 3434 5324 τῆς
3458 5249 3736 5323 ὑπάρξεως,

2185 5350 2285 5420 τὴν
2324 5348 2487 5420 φύσιν
2516 5349 2926 5419 καινοτομήσας
2964 5344 3076 5399 τῶν
3121 5343 3619 5416 καινοτομηθέντων
3656 5351 3736 5389 πε·

2188 5441 2420 5512 ποίηκεν
2453 5441 2483 5494 ὁ
2520 5440 2675 5503 Θεός.
2734 5438 2873 5493 Μεθ’
2924 5431 2998 5492 ὧν
3041 5436 3298 5491 ἁπάντων
3333 5437 3439 5489 καὶ
3463 5435 3578 5506 μεθ’
3613 5430 3645 5484 ἃ
3686 5423 3737 5478 τὸ

2185 5533 2253 5589 δι’
2282 5534 2312 5588 δ
2339 5533 2519 5588 πάντα
2557 5533 2655 5586 καὶ
2704 5532 2773 5586 δι’
2821 5523 2884 5586 οὗ
2918 5531 3238 5586 καινότατον
3266 5529 3439 5592 ὄντως
3468 5523 3733 5599 μυστήριον

2186 5628 2287 5697 τῆς
2319 5627 2483 5681 αὑτοῦ
2515 5627 2583 5681 δι’
2599 5627 2747 5696 ἡμᾶς
2772 5623 3247 5695 ὲνανθρωπήσεως
3280 5620 3594 5683 ἐπιτελέσας
3623 5609 3731 5680 περὶ

2188 5717 2280 5771 τὸν
2325 5716 2549 5790 τρόπον,
2612 5716 2728 5771 ἀλλ’
2787 5716 2849 5770 ού
2898 5716 3031 5787 περὶ
3073 5713 3168 5768 τὸν
3223 5713 3405 5784 λόγον.
3453 5712 3548 5783 τήν
3592 5705 3741 5781 φύσιν

1544 5836 1570 5874 ⁸³
1596 5826 1732 5901 (ἷὲηο
1770 5846 1820 5896 ν»
1850 5830 2073 5900 passim.
2149 5841 2177 5883 τι
2221 5830 2357 5887 Gen.
2397 5846 2488 5897 vn,
2535 5830 2760 5901 passim.
2840 5840 2864 5870 τ
2900 5830 3038 5887 Gen.
3084 5844 3225 5896 xvn,
3267 5828 3349 5883 l7.
3430 5860 3452 5888 ι
3488 5823 3726 5882 Gcn.xm
