4012 6366
276 329 418 395 1345

1525 321 2047 381 AMBIGUORUM
2090 320 2340 378 LIBER.

3410 317 3546 385 1356

266 441 697 511 ἐκαινοτόμησε,
741 438 1044 510 προσλήψει
1093 435 1295 507 σαρκὸς
1341 432 1430 486 διὰ
1469 433 1642 504 μέσης
1684 433 1856 502 ψυχῆς

1972 446 2072 500 per
2099 430 2269 498 quod,
2330 427 2694 482 novissimum
2746 442 2934 482 revera
2986 427 3307 499 mystcrium
3345 442 3543 481 suum.

265 536 491 606 νοερᾶς,
532 535 790 604 ἀρρήτως
825 531 1050 599 κυηθεὶς
1083 529 1213 582 ἄνευ
1247 527 1476 596 σπορᾶς,
1520 524 1615 577 καὶ
1667 539 1864 593 γεννη-

267 626 386 688 θεὶς
423 625 638 695 ἀληθῶς
666 625 794 678 ἄνευ
837 623 1042 692 φθορᾶς
1087 619 1374 689 ἄνθρωπος
1416 616 1646 677 τέλειος,
1683 613 1864 683 ψυχὴν

260 718 468 788 νοερὰν
516 718 654 787 μετὰ
699 716 952 783 σώματος
983 711 1042 776 ἐξ
1064 710 1237 779 αὐτῆς
1277 709 1374 779 τῆς
1414 704 1698 777 ἁφρὰστου
1732 703 1862 756 συλ-

265 807 489 879 λήψεως
529 808 800 879 ἐσχηκώς.

1966 536 2075 590 quo
2110 535 2332 574 carnem
2385 527 2615 589 propter
2656 534 2757 573 nos
2802 520 3084 590 ingressus
3113 527 3219 580 cst,
3253 519 3398 572 circa
3427 534 3550 570 mo-

1966 613 2099 666 dum
2141 611 2470 681 ,pcrﬁcicns,
2537 619 2591 664 at
2634 627 2745 664 non
2779 611 2929 664 circa
2963 611 3256 674 rationem,
3293 619 3546 662 naturam

1967 702 2276 767 innovavit,
2322 717 2489 754 carne
2520 716 2620 770 per
2655 701 2892 755 mediam
2937 701 3174 754 animam
3205 703 3551 754 intellectua-

1962 793 2396 862 lemassumpta,
2426 792 2694 847 inetfabili
2727 793 2964 861 quodam
2998 793 3162 846 modo
3185 793 3304 846 sine
3338 793 3550 846 satione

271 909 626 970 conceptus,
709 909 766 955 et
820 905 1116 968 generatus
1179 907 1310 948 verc
1365 891 1486 946 sine
1569 888 1926 958 corruptione
1995 887 2162 940 homo
2225 885 2538 954 perfectus,
2595 886 2836 939 animam
2919 886 3348 940 intellectualem
3421 899 3548 940 cum

261 1007 509 1062 corpore
579 1007 646 1047 ex
677 991 818 1060 ipsa
882 1004 1046 1059 quam
1095 986 1446 1056 interpretari
1479 999 1606 1039 .non
1647 984 1796 1051 capit
1837 981 2196 1049 conceptione
2220 989 2431 1034 nactus.

270 1260 403 1312 Ὀτι
431 1257 602 1315 πᾶσα
631 1261 817 1330 φύσις
849 1259 928 1326 τῷ
957 1260 1155 1324 οἰκείῳ
1188 1259 1349 1329 λόγῳ
1378 1256 1707 1323 διαπαντὸς
1736 1255 1856 1326 ἔχει

1963 1254 2112 1321 Quod
2157 1258 2326 1310 omnis
2367 1264 2563 1310 natura
2606 1254 2826 1327 propria
2859 1271 3072 1326 semper
3099 1255 3317 1308 ratione
3360 1254 3552 1308 habeat

917 1351 985 1406 τὸ
1016 1352 1212 1419 τέλος.
1838 1356 1846 1363 ’

2661 1347 2845 1416 ﬁnem.

345 1467 503 1518 Πᾶσα
535 1464 668 1535 γὰρ,
699 1464 1009 1527 καθολικῶς
1044 1465 1241 1527 εἰπεῖν,
1273 1463 1454 1531 φύσις,
1487 1463 1650 1531 νοητή
1681 1478 1738 1514 τε
1767 1461 1860 1514 καὶ

265 1558 528 1629 αἰσθητὴ,
555 1559 722 1630 ἧγουν
752 1558 901 1628 ἁπλῆ
935 1560 1030 1611 καὶ
1059 1557 1335 1621 σύνθετος,
1383 1556 1510 1610 καθ’
1541 1555 1857 1624 οἱονδήποτε

263 1651 475 1720 τρόπον
503 1653 568 1704 ὲκ
604 1651 804 1719 μέρους
843 1651 941 1720 τὴν
986 1650 1124 1721 πρὸς
1147 1650 1209 1702 τὸ
1243 1645 1383 1702 εἶναι
1431 1648 1532 1716 τῆς
1585 1646 1855 1713 γενέσεως

268 1742 471 1811 ἀρχὴν,
501 1742 756 1806 οὐδέποτε
789 1741 1027 1811 δέχεται,
1054 1740 1178 1794 οὔτε
1216 1740 1321 1811 μὴν
1360 1738 1419 1803 ἐξ
1445 1738 1706 1808 ἡμισείας
1742 1737 1858 1806 μοί-

2015 1457 2222 1512 “Omnis
2255 1459 2426 1521 enim,
2449 1467 2516 1512 ut
2552 1459 2856 1529 generatim
2891 1460 3106 1530 loquar,
3141 1468 3358 1524 natura,
3388 1460 3552 1514 intel-

1958 1549 2191 1620 ligibilis
2233 1559 2290 1604 et
2335 1550 2648 1614 sensibilis,
2685 1550 2771 1604 vel
2825 1550 3060 1620 simplex
3095 1558 3161 1606 et
3213 1549 3546 1619 composita,

1962 1657 2297 1712 quocunque
2340 1642 2506 1696 modo
2545 1642 2600 1696 id
2641 1651 2746 1704 est,
2779 1658 2843 1696 ex
2886 1651 3041 1711 parte
3081 1656 3365 1710 nunquam
3406 1640 3552 1709 capit

1965 1735 2186 1790 initium
2219 1735 2595 1805 generationis
2629 1735 2683 1788 in
2715 1735 3128 1800 cxsistentiam,
3157 1750 3337 1804 neque
3369 1732 3552 1803 profe-

273 1850 377 1903 ρας
427 1832 758 1900 ὑφίστασθαι
809 1832 1055 1885 δύναται.
1127 1831 1267 1884 Ἀλλ’
1331 1832 1380 1883 εί
1439 1831 1538 1900 μὲν
1600 1827 1856 1889 σύνθετος

1963 1836 2052 1882 cto
2078 1844 2145 1882 ex
2171 1827 2398 1881 dimidia
2425 1837 2583 1897 parte
2614 1828 2922 1882 subsistere
2951 1837 3156 1897 potest.
3187 1827 3293 1880 Sed
3323 1827 3369 1880 si
3398 1843 3550 1882 com-

271 1924 440 1990 φύσις
462 1925 634 1989 ἐστὶν,
668 1924 763 1994 ὅλη
791 1922 976 1976 τελεία
1007 1923 1234 1986 τελείοις
1265 1925 1380 1983 τοῖς
1424 1920 1645 1982 οἰκείοις
1697 1920 1858 1990 μέρε-

273 2032 361 2068 σιν
396 2015 609 2086 ἀθρόως
640 2017 1056 2084 συνυφίσταται,
1094 2015 1169 2085 μὴ
1192 2015 1391 2086 ἔχουσα
1427 2014 1563 2084 πρὸς
1585 2012 1791 2082 ’ἑαυτὴν
1822 2011 1855 2082 ἢ

273 2108 416 2178 πρὸς
475 2106 683 2176 ἄλληλα
731 2107 839 2160 τῶν
877 2109 937 2172 ἐξ
975 2101 1050 2162 ὧν
1097 2108 1214 2160 ἐστι
1260 2105 1443 2178 μερῶν
1493 2104 1592 2175 τὴν
1641 2103 1857 2156 οἱανοῧν

272 2199 420 2252 κατὰ
451 2199 543 2252 τὸν
560 2199 751 2270 χρόνον
779 2200 1082 2254 διάστασιν.
1118 2200 1181 2252 Εἰ
1227 2198 1282 2252 δὲ
1309 2197 1456 2268 ἁπλῆ
1497 2195 1660 2265 φύσις
1685 2197 1854 2261 ἐστὶν,

271 2292 446 2362 ἤγουν
492 2293 684 2363 νοητὴ,
735 2293 1000 2356 ὡσαύτως
1055 2293 1174 2362 ἅμα
1232 2293 1346 2354 τοῖς
1391 2289 1592 2359 ἑαυτῆς
1641 2289 1862 2360 ἀπαρα-

271 2384 514 2446 λείπτως
552 2385 734 2454 λόγοις
763 2386 944 2440 τελεία
986 2385 1214 2447 τελείοις
1259 2383 1474 2452 ἀθρόως
1529 2382 1858 2451 συνυφίστα-

277 2473 406 2528 σθαι
463 2474 703 2544 πέφυκε,
759 2475 954 2545 χρόνου
994 2473 1139 2535 τινὸς
1170 2471 1232 2524 τὸ
1261 2470 1481 2523 σύνολον
1527 2469 1698 2539 αὐτὴν
1743 2467 1855 2520 τῶν

271 2565 495 2618 οἰκείων
515 2565 712 2633 λόγων,
743 2564 994 2633 οὐδαμῶς
1037 2561 1431 2634 διακρίνοντος.
1488 2559 1626 2613 Οὔτε
1655 2558 1766 2627 γὰρ
1790 2552 1858 2628 ἦν

247 2672 411 2710 -ποτε
443 2655 680 2708 καθόλου
721 2673 806 2718 τις
845 2655 1007 2722 φύσις
1052 2656 1109 2706 ὲν
1162 2655 1276 2716 τοῖς
1308 2652 1481 2716 οὖσιν,
1526 2651 1650 2704 οὔτε
1688 2651 1857 2716 ἐστιν,

269 2750 402 2805 οὔτε
432 2749 586 2802 ἔσται
633 2748 778 2802 κατὰ
823 2747 913 2801 τὸν
951 2747 1151 2816 ἑαυτῆς
1185 2746 1344 2814 λόγον
1377 2745 1698 2815 ὑπάρχουσα
1723 2744 1860 2812 ὅπερ

247 2842 374 2896 ·νῦν
403 2843 504 2896 οὐκ
535 2842 705 2906 ἐστιν,
737 2839 861 2893 οὕτε
893 2839 998 2909 μὴν
1051 2837 1256 2908 (238
1287 2839 1354 2905 a)
1401 2836 1496 2890 νῦν
1556 2838 1705 2889 ὲστιν
1736 2834 1769 2906 ἢ
1801 2836 1862 2898 ἐς

266 2933 506 3004 ὕστερον
546 2933 702 2986 ἔσται
745 2933 882 3000 ὅπερ
913 2931 1016 2984 οὐκ
1061 2926 1130 3000 ἦν
1182 2929 1467 3001 πρότερον.
1502 2921 1604 2980 Ὦν
1652 2927 1759 2998 γὰρ
1811 2928 1860 2980 oi

268 3026 427 3093 λύγοι
464 3025 614 3094 παρὰ
640 3025 718 3094 τῷ
748 3023 867 3094 Θεῷ
897 3023 1013 3094 ἆμα
1052 3007 1128 3092 τῷ
1163 3018 1304 3075 εἶναι
1337 3023 1398 3075 τὸ
1439 3020 1648 3074 τέλειον
1678 3019 1858 3090 ἔσχον,

268 3116 482 3171 τούτων
512 3119 545 3187 ἡ
572 3115 716 3169 κατὰ
739 3116 867 3178 τοὺς
895 3115 1134 3178 οἰκείους
1181 3113 1373 3181 λόγους
1412 3113 1720 3184 παραγωγὴ
1765 3111 1862 3163 καὶ

1951 1917 2136 1986 posita
2167 1927 2250 1971 est
2281 1925 2504 1980 natura,
2537 1923 2646 1969 tota
2679 1915 2931 1970 subsistit
2955 1916 3201 1985 perfecta
3229 1915 3393 1969 simul
3421 1931 3547 1969 cum

1959 2008 2220 2077 perfectis
2259 2009 2376 2062 suis
2418 2007 2592 2076 ipsius
2633 2007 2946 2077 particulis,
2981 2023 3085 2062 nec
3125 2008 3209 2061 sui
3253 2008 3420 2062 habet
3457 2015 3553 2062 aut

1961 2100 2362 2169 particularum
2423 2117 2490 2153 ex
2543 2099 2746 2168 quibus
2805 2107 3021 2154 constat
3072 2099 3220 2154 inter
3271 2115 3330 2154 se
3382 2101 3549 2154 ullam

1960 2193 2263 2246 secundum
2315 2201 2533 2262 tempus
2582 2193 2924 2247 distantiam.
2967 2192 3171 2246 Verum
3226 2192 3270 2248 si
3318 2192 3550 2262 simplex

1960 2295 2156 2338 natura
2196 2293 2301 2349 est,
2332 2285 2446 2338 sive
2491 2285 2877 2355 intelligibilis,
2911 2285 3027 2354 pari
3070 2285 3234 2339 modo
3275 2301 3382 2338 una
3425 2299 3550 2338 cum

1962 2376 2078 2429 suis
2109 2376 2271 2445 plene
2304 2375 2616 2430 rationibus
2656 2375 2920 2445 perfectis
2961 2375 3076 2445 ipsa
3117 2376 3361 2446 perfecta
3401 2391 3554 2430 sum-

1960 2466 2151 2520 matim
2181 2466 2456 2530 subsistit,
2480 2474 2728 2536 tempore
2753 2483 2982 2537 prorsus
3005 2468 3159 2522 nullo
3189 2485 3218 2522 a
3243 2470 3359 2523 suis
3386 2469 3553 2522 ratio-

1962 2557 2128 2612 nibus
2155 2568 2435 2627 utcunque
2461 2569 2741 2628 separata.
2767 2559 2958 2630 Neque
2985 2561 3132 2614 enim
3159 2569 3278 2614 erat
3309 2577 3549 2631 unquam

1962 2651 2190 2706 omnino
2220 2651 2404 2720 aliqua
2439 2658 2638 2705 natura
2676 2653 2729 2705 in
2766 2652 2847 2707 eis
2880 2668 3003 2722 quae
3037 2653 3334 2717 exsistunt,
3369 2669 3551 2723 nequc

1961 2751 2064 2808 est,
2091 2759 2268 2812 neque
2295 2743 2402 2797 crit
2425 2743 2731 2803 secundum
2763 2759 2918 2798 suam
2945 2744 3121 2814 ipsius
3144 2745 3414 2798 rationem
3443 2746 3550 2799 tale

1963 2833 2096 2902 quid
2136 2843 2358 2888 exstans
2395 2834 2542 2903 quod
2585 2851 2735 2890 nunc
2775 2849 2886 2889 non
2927 2845 3042 2898 est,
3075 2851 3256 2905 neque
3302 2837 3550 2904 profecto

1963 2937 2111 2976 nunc
2150 2933 2236 2976 cst
2272 2932 2369 2977 aut
2408 2924 2462 2976 in
2507 2924 2695 2978 futuro
2735 2925 2841 2980 erit
2881 2925 3028 2994 quod
3067 2936 3228 2981 antea
3271 2943 3383 2982 non
3425 2927 3546 2981 fuit.

1962 3012 2207 3078 Quorum
2239 3014 2386 3068 enim
2415 3015 2658 3070 rationes
2684 3017 2827 3085 apud
2859 3017 3029 3072 Deum
3060 3019 3224 3073 simul
3254 3034 3377 3072 cum
3405 3019 3550 3074 exsi—

1963 3106 2164 3161 stentia
2196 3105 2592 3175 perfectionem
2623 3107 2974 3175 habuerunt,
3004 3109 3202 3164 horum
3241 3110 3547 3165 secundum

267 3208 532 3270 οὐσίωσις
561 3206 889 3277 προσθήκης
920 3205 1102 3289 πᾴσης
1135 3204 1231 3258 καὶ
1262 3203 1556 3272 ἐλλείψεως
1601 3204 1702 3273 τῆς
1725 3201 1856 3273 πρὸς

1965 3215 2092 3254 suas
2122 3199 2364 3254 rationes
2389 3199 2682 3269 productio
2713 3210 2877 3270 atque
2902 3201 2954 3255 in
2983 3202 3279 3257 essentiam
3313 3202 3549 3271 prolatio

171 3322 178 3327 ·
266 3301 338 3352 τὸ
372 3296 510 3353 εἶναι
543 3301 682 3370 ὅπερ
708 3299 839 3351 ὄντα
873 3297 1135 3369 τυγχάνει
1182 3296 1464 3361 παντελῶς
1495 3299 1643 3349 ἐστιν
1673 3295 1862 3349 ἀνεπί-

265 3392 482 3456 δεκτος.
549 3392 688 3445 Ἀλλ’
745 3393 937 3465 ἀρκεῖν
995 3387 1149 3461 οἶμαι
1200 3389 1342 3444 κατὰ
1403 3389 1502 3461 τὴν
1541 3389 1634 3442 τοῦ
1697 3389 1856 3457 λόγου

267 3482 625 3554 παρέκϐασιν
662 3483 755 3537 καὶ
788 3483 924 3554 πρὸς
955 3481 1182 3544 τούτους
1212 3480 1280 3534 τὰ
1305 3481 1400 3536 νῦν
1429 3480 1686 3552 ῥηθέντα,
1719 3480 1855 3550 πρὸς

265 3575 338 3630 τὸ
366 3576 441 3646 μὴ
471 3576 888 3646 παρασύρεσθαι
920 3575 1120 3646 ῥᾳδίως
1143 3576 1225 3636 είς
1255 3573 1490 3637 ἀτόπους
1511 3572 1668 3636 δόξας
1705 3572 1857 3642 παρὰ

261 3667 386 3720 τῶν
429 3667 616 3721 πίστιν
657 3667 1002 3737 ποιουμένων
1043 3667 1143 3736 τὴν
1184 3667 1242 3719 ὲν
1267 3667 1388 3724 ταῖς
1431 3665 1722 3735 κομψείαις
1750 3664 1856 3716 τῶν

261 3759 450 3830 λόγων
479 3762 734 3830 τεχνικὴν
762 3760 1123 3836 πιθανότητα.

262 4068 375 4123 Διὰ
404 4070 460 4122 τί
483 4067 734 4137 συνῆψε
762 4067 837 4138 τῇ
869 4067 1169 4137 σαρκώσει
1192 4070 1306 4136 τὴν
1337 4070 1406 4122 ἐκ
1430 4072 1853 4141 ,ϐαπτίσματος

661 4159 954 4229 γέννησιν
1005 4163 1037 4214 ό
1076 4159 1466 4226 διδάσκαλος.

343 4272 488 4344 Πρὸς
517 4273 571 4326 τί
614 4273 671 4326 δὲ
714 4273 928 4344 βλέπων
963 4275 1056 4326 καὶ
1079 4276 1222 4338 τίνος
1253 4275 1440 4329 ἕνεκεν
1482 4279 1546 4348 τῇ
1582 4276 1857 4348 σαρκώσει

267 4365 483 4435 συνῆψε
548 4367 659 4436 ,τὴν
682 4368 748 4420 ἐκ
779 4366 1151 4438 βαπτίσματος
1190 4369 1446 4438 γέννησιν
1479 4371 1506 4421 ό
1531 4369 1852 4435 διδάσκαλος

1969 3290 2328 3345 additamenti
2355 3291 2537 3346 omnis
2563 3300 2620 3346 et
2642 3291 2895 3348 defectus
2922 3293 2990 3346 ad
3017 3292 3396 3348 exsistentiam
3425 3307 3546 3346 eam

1966 3397 2130 3451 quam
2180 3382 2378 3436 sortita
2423 3390 2554 3436 sunt
2595 3392 2848 3454 expertes
2893 3393 2950 3438 et
2996 3383 3108 3438 non
3158 3399 3406 3454 capaces.
3440 3384 3547 3440 Sed

1962 3473 2100 3528 satis
2145 3488 2267 3528 esse
2314 3473 2513 3542 opinor
2557 3489 2680 3543 quae,
2729 3489 2879 3529 nunc
2925 3475 3226 3530 secundum
3276 3475 3550 3530 sermonis

1958 3565 2356 3635 digressionem
2407 3565 2572 3618 etiam
2627 3565 2922 3620 adversum
2973 3566 3074 3620 hos
3119 3567 3426 3635 disputavi,
3472 3582 3546 3620 ne

1957 3657 2118 3712 facile
2155 3658 2212 3710 in
2244 3656 2513 3711 absurdas
2546 3656 2837 3725 opiniones
2872 3657 3335 3712 abstraherentur
3363 3659 3432 3712 ab
3462 3658 3546 3713 els

1955 3748 2051 3818 qui
2093 3729 2458 3801 artiﬁciosam.
2487 3747 2938 3816 probabilitatem
2976 3747 3030 3800 in
3068 3763 3386 3803 sermonum
3426 3750 3542 3804 ele-

1956 3841 2158 3911 gantiis
2184 3855 2286 3910 pro
2317 3838 2422 3893 ﬁde
2451 3839 2657 3892 habent
2683 3847 2850 3908 atque
2883 3839 3294 3894 commendant.

1958 4070 2138 4136 Quare
2178 4071 2427 4140 magister
2465 4087 2581 4123 cum
2619 4068 2986 4122 incarnatione
3020 4067 3352 4136 conjunxerit
3386 4081 3546 4136 gene-

2379 4162 2636 4214 rationem
2664 4177 2757 4230 per
2785 4159 3124 4229 baptismum.

2029 4277 2150 4343 Quo
2184 4285 2443 4346 respectu
2480 4285 2536 4330 et
2568 4291 2675 4355 qua
2710 4289 2872 4328 causa
2907 4273 3168 4343 magister
3197 4286 3325 4327 cum
3363 4273 3543 4327 incar-

1959 4371 2185 4424 natione
2226 4368 2576 4439 conjunxerit
2611 4367 3026 4438 generationem
3067 4381 3167 4435 per
3207 4367 3540 4435 baptismum

265 4460 470 4529 (τοῦτο
519 4458 628 4529 γὰρ
669 4460 749 4523 είς
784 4460 884 4530 τὴν
924 4459 1171 4526 ἐξέτασιν
1221 4459 1303 4514 ἔτι
1351 4461 1446 4514 τοῦ
1490 4462 1853 4533 προκειμένου

1962 4462 2088 4530 (hoc
2115 4461 2265 4514 enim
2297 4467 2468 4514 restat
2490 4458 2671 4512 adhuc
2695 4456 3053 4526 quaerendum
3085 4457 3140 4510 in
3168 4456 3272 4511 hac
3295 4456 3542 4526 disputa-

262 4551 514 4603 λείπεται
558 4551 770 4621 λόγου),
824 4552 1108 4622 συντόμως
1171 4553 1247 4616 ὡς
1293 4551 1498 4622 ἔμαθον
1555 4552 1668 4626 ἐρῶ
1713 4554 1853 4607 κατὰ

262 4641 523 4712 δύναμιν.
581 4643 752 4696 Φασιν
794 4645 845 4695 οἱ
899 4643 967 4696 τὰ
1009 4644 1128 4696 θεῖα
1164 4643 1442 4714 μυστικῶς
1500 4644 1853 4714 περιέποντες

262 4735 447 4801 λόγια,
475 4736 570 4787 καὶ
604 4737 716 4796 τοίς
744 4733 1121 4804 ὑψηλοτέροις,
1159 4733 1235 4796 ὡς
1282 4733 1450 4797 εἰκὸς,
1479 4734 1620 4785 αὐτὰ
1652 4731 1854 4803 σεμνύ-

265 4842 455 4887 νοντες
505 4824 848 4897 θεωρήμασι,
897 4826 1019 4878 κατ’
1068 4825 1251 4878 εἰκόνα
1321 4823 1456 4877 Θεοῦ
1514 4824 1635 4876 κατ’
1682 4824 1855 4893 ἀρχὰς

263 4917 604 4988 γεγενῆσθαι
647 4917 740 4970 τὸν
778 4917 1089 4989 ἄνθρωπον,
1125 4917 1222 4970 ἐπὶ
1268 4916 1346 4986 τῷ
1398 4915 1618 4978 πάντως
1663 4931 1858 4987 γεννη·

265 5013 434 5082 θῆναι
457 5011 599 5064 κατὰ
625 5012 949 5082 προαίρεσιν
977 5011 1274 5080 πνεύματι,
1308 5011 1404 5063 καὶ
1440 5009 1768 5080 προσλαϐεῖν
1795 5009 1856 5061 τὸ

265 5102 395 5156 καθ’
423 5105 686 5174 ὁμοίωσιν
715 5103 803 5156 διὰ
841 5104 942 5173 τῆς
982 5104 1270 5174 τηρήσεως
1299 5103 1394 5173 τῆς
1454 5102 1604 5165 θείας
1635 5100 1856 5170 ἐντολῆς

264 5195 418 5266 αὐτῷ
445 5195 899 5266 προσγενόμενον,
937 5191 1075 5267 ἴναῇ
1098 5197 1126 5248 ό
1142 5194 1304 5257 αὐτὸς
1324 5193 1418 5248 ἄνθ
1427 5210 1611 5266 ρωπος
1627 5191 1855 5262 πλάσμα

269 5287 372 5357 μὲν
403 5286 496 5339 τοῦ
523 5285 658 5338 Θεοῦ
685 5287 826 5339 κατᾶ
858 5285 1041 5355 φύσιν,
1074 5283 1203 5348 Υίδς
1225 5283 1282 5338 δὲ
1309 5284 1447 5338 Θεοῦ
1480 5284 1576 5338 καὶ
1595 5285 1729 5344 Θεὸς
1766 5282 1856 5336 διὰ

265 5380 592 5449 Πνεύματος
641 5379 780 5432 κατὰ
827 5380 1010 5450 χάριν.
1046 5380 1120 5433 Οὐ
1149 5380 1259 5450 γὰρ
1301 5377 1368 5450 ἦν
1415 5380 1642 5432 δυνατὸν
1680 5378 1855 5441 ἄλλως

267 5469 402 5522 Υίὸν
420 5469 809 5537 ἀποδειχθῆναι
834 5468 972 5522 Θεοῦ
997 5469 1094 5523 καὶ
1115 5467 1250 5522 Θεὸν
1273 5468 1415 5523 κατὰ
1431 5469 1530 5539 τὴν
1553 5471 1618 5522 ὲκ
1633 5470 1856 5539 χάριτος

266 5562 466 5637 θέωσιν
505 5561 597 5614 τὸν
621 5562 914 5632 γενόμενον
941 5561 1251 5632 ἄνθρωπον,
1306 5561 1382 5633 μὴ
1414 5562 1684 5633 πρότερον
1712 5561 1853 5614 κατὰ

267 5655 596 5726 προαίρεσιν
618 5655 953 5725 γεννηθέντα
984 5654 1064 5726 τῷ
1081 5655 1382 5726 Πνεύματι,
1400 5655 1489 5709 διὰ
1511 5655 1606 5726 τὴν
1627 5655 1854 5708 ἐνοῦσαν

267 5747 422 5818 αὐτῷ
455 5747 706 5818 φυσικῶς
736 5746 1096 5819 αὐτοκίνητον
1142 5747 1238 5801 καὶ
1271 5746 1570 5802 ἀδέσποτον
1601 5747 1848 5817 δύναμιν.

1957 4551 2164 4623 tione),
2195 4551 2248 4605 id
2271 4551 2528 4606 "breviter
2552 4557 2610 4604 ut
2639 4549 2809 4604 didici
2840 4564 2940 4618 pro
2965 4549 3181 4602 viribus
3209 4549 3347 4603 meis
3377 4563 3542 4617 expo-

1955 4660 2104 4698 nam.
2131 4643 2235 4710 Qui
2267 4643 2452 4697 divina
2485 4641 2712 4713 mystice
2741 4646 2982 4694 tractant
3007 4639 3250 4701 oracula,
3281 4653 3344 4692 ac
3373 4638 3544 4694 subli-

1956 4737 2250 4798 mioribus,
2285 4745 2346 4791 ut
2375 4753 2475 4807 par
2506 4744 2611 4799 est,
2644 4733 3208 4804 contemplationibus
3242 4733 3539 4795 honorant,

1957 4830 2238 4884 hominem
2268 4830 2336 4883 ad
2366 4829 2458 4883 Dei
2487 4828 2779 4898 imaginem
2809 4828 2866 4881 in
2895 4827 3170 4896 principio
3194 4826 3396 4880 factum
3423 4840 3542 4879 esse

1957 4921 2216 4986 tradunt,
2240 4936 2366 4975 cum
2400 4922 2566 4990 plane
2599 4919 2906 4975 secundum
2943 4920 3280 4973 voluntatem
3313 4932 3544 4986 genera-

1958 5021 2047 5066 tus
2086 5023 2232 5066 esset
2272 5012 2518 5082 Spiritu,
2549 5019 2606 5067 et
2637 5011 3057 5066 similitudinem
3091 5010 3236 5064 hanc
3265 5008 3539 5077 accepisse

1957 5105 2279 5158 attributam
2333 5111 2565 5174 propter
2611 5113 2892 5159 servatum
2939 5103 3035 5156 Dei
3081 5100 3432 5161 mandatum,
3480 5108 3540 5151 ut

1957 5195 2104 5251 idem
2149 5197 2316 5251 homo
2357 5197 2679 5268 ﬁgmentum
2718 5197 2943 5267 quidem
2984 5197 3058 5251 sit
3095 5195 3194 5250 Dei
3235 5192 3538 5249 secundum

1957 5281 2242 5353 naturam,
2291 5290 2387 5344 sed
2442 5289 2616 5344 Filius
2670 5289 2769 5343 Dei
2825 5299 2882 5344 et
2932 5288 3075 5342 Deus
3124 5303 3224 5357 per
3274 5285 3538 5355 Spiritum

1957 5382 2263 5438 secundum
2301 5381 2552 5452 gratiam.
2588 5382 2708 5436 Non
2747 5381 2896 5435 enim
2941 5381 3104 5434 aliter
3136 5375 3232 5434 Dei
3271 5379 3444 5432 Filius
3478 5393 3542 5432 ac

1956 5475 2102 5529 Deus
2148 5475 2453 5530 secundum
2499 5477 2686 5547 gratiae
2729 5477 3136 5531 deiﬁcationem
3183 5474 3363 5545 potuit
3398 5473 3543 5528 desi-

1956 5567 2110 5636 gnari
2134 5566 2302 5620 homo
2327 5567 2525 5632 factus,
2549 5568 2655 5622 nisi
2686 5578 2846 5622 antea
2872 5567 3176 5622 secundum
3201 5566 3540 5620 voluntatem

1955 5667 2104 5714 esset
2143 5657 2350 5728 Spiritu
2390 5669 2707 5728 generatus,
2738 5660 2811 5714 ob
2847 5675 2969 5714 eam
3011 5675 3177 5728 quam
3215 5656 3543 5712 naturaliter

1957 5750 2011 5803 in
2048 5765 2107 5805 sc
2141 5750 2308 5807 habet
2339 5759 2666 5820 potestatem
2701 5751 2861 5807 liberi
2896 5751 3142 5806 arbitrii.
3175 5751 3328 5805 lianc
3371 5748 3542 5819 igitur
