4012 6368
1589 198 1669 213 ﬂ
1774 198 1865 211 ...ις

542 317 676 378 1347

1722 316 1781 372 S.
1824 313 2107 371 MAXlMl
2151 315 2612 376 CONFESSORI
2626 321 2665 377 S

3652 338 3763 402 13H

535 427 789 482 iteiﬁcam
833 439 999 494 atque
1046 426 1289 479 divinam
1334 437 1390 480 et
1430 425 1850 479 innnaterialem
1890 441 2117 493 genera-

2229 428 2459 481 Ἥντινα
2493 430 2739 482 θεοποιὸν
2773 434 2864 483 καὶ
2891 435 3040 487 θείαν
3081 442 3174 490 καὶ
3217 440 3377 493 ἀῦλον
3417 446 3667 515 γέννησιν,
3693 453 3762 505 διὰ

536 521 741 572 tionem
774 536 899 573 cum
932 522 1143 587 primus
1166 519 1331 573 homo
1358 519 1712 581 deseruisset,
1734 518 1863 586 quia
1892 518 1974 570 eis
2002 533 2123 585 qu:e

534 610 853 664 intellectus
907 619 1037 663 sunt
1085 619 1140 663 et
1191 610 1262 663 ob
1311 610 1602 663 oculorum
1659 609 1856 662 obtutu
1912 618 2121 662 remota

532 702 757 755 interim
810 702 969 756 bonis
1019 702 1261 771 praetulit
1309 701 1625 755 sensibilem
1668 702 2017 769 voluptatem
2068 711 2123 753 et

530 794 908 855 manifestam.
948 793 1253 864 corporali,
1288 809 1412 862 qua:
1449 808 1559 845 non
1597 792 1773 846 nostri
1816 807 2012 861 nempe
2050 796 2123 846 sit

532 887 782 950 arbitrii,
822 903 888 941 ac
931 886 1202 940 materiali
1246 894 1302 939 et
1340 886 1452 939 fato
1493 885 1850 939 concedenda
1888 901 2120 955 genera-

532 978 1021 1041 tionedamuatur,
1041 979 1191 1048 justo
1216 977 1308 1031 Dei
1332 977 1568 1046 judicio,
1593 977 1686 1046 qui
1714 988 1909 1046 sponte
1935 978 2121 1046 pejora

532 1071 843 1138 prtetulerit
888 1071 1241 1133 melioribus,
1283 1070 1344 1123 ‘id
1395 1079 1481 1124 est
1528 1071 1938 1139 generationem
1994 1086 2121 1137 pas-

535 1163 678 1216 sioni
709 1163 1011 1231 subjectam
1042 1171 1099 1216 et
1130 1163 1387 1216 servilem
1417 1171 1474 1215 et
1504 1170 1774 1223 coactam,
1808 1161 1862 1214 in
1895 1161 2120 1214 modum

532 1253 832 1308 bestiarum
866 1264 1026 1308 terra:
1059 1254 1349 1307 brutarum
1383 1262 1439 1307 et
1461 1253 1691 1321 pecudis
1719 1261 1900 1305 mente
1931 1267 2123 1305 caren-

534 1346 626 1406 tis.
660 1347 967 1416 prmtulerit
1011 1346 1255 1401 libertati
1304 1361 1367 1399 ac
1406 1344 1749 1413 generationi
1789 1361 1820 1398 a
1866 1344 2120 1413 passione

528 1439 721 1493 liberte
755 1448 811 1492 et
841 1438 925 1491 sui
965 1438 1182 1490 arbitrii
1221 1446 1275 1490 et
1311 1447 1533 1498 satione,
1567 1444 1731 1502 atque
1770 1449 1870 1503 pro
1906 1434 2121 1488 honore

528 1547 654 1586 eum
694 1532 806 1585 Deo
850 1539 907 1584 et
946 1532 1140 1584 divino
1189 1538 1247 1584 et
1288 1529 1555 1583 inetiabili
1602 1527 1837 1581 mercari
1877 1528 2119 1581 voluerit

528 1640 717 1691 parem
768 1639 892 1676 curn
945 1621 1239 1675 insensatis
1288 1621 1480 1674 bestiis
1524 1628 1579 1673 et
1626 1619 2013 1672 inhonoratam
2063 1618 2118 1672 in

503 1715 819 1777 _materiam
862 1713 1275 1783 relegationem.
1307 1716 1423 1779 Qua
1464 1711 1745 1764 hominem
1780 1711 2025 1764 liberare
2063 1720 2120 1764 et

2224 521 2285 571 τὸ
2337 526 2676 592 προτιμῆσαι
2734 530 2847 582 τῶν
2905 538 3216 604 νοουμένων
3263 542 3356 592 καὶ
3419 543 3618 613 ἀδήλων
3656 551 3766 612 τέως

2225 612 2447 677 ἀγαθῶν
2489 616 2574 708 λτὸ
2629 623 2751 672 κατ’
2803 624 3058 692 αἴσθησιν
3107 631 3346 699 τερπνὸν
3386 634 3767 708 καὶὲπίδηλον.

2225 706 2550 800 παραλιπὼν
2596 712 2626 763 6
2669 715 2887 783 πρῶτος
2919 719 3230 790 ἄνθρωπος,
3285 725 3385 797 τὴν
3426 728 3493 781 ὲκ
3539 706 3771 800 σωμάτων

2224 797 2480 897 εἰκότωςΔ
2514 803 2885 897 ’ἀπροαίρετον
2949 812 3044 864 καὶ
3103 813 3296 885 ὑλικὴν
3362 820 3460 872 καὶ
3542 797 3772 897 ἐπίκηρον

2225 892 2241 955 (
2266 890 2431 961 238
2463 895 2492 946 b
2514 894 2543 989 )_
2570 895 3172 989 ExewﬂxaraBtzdc‘em:
3198 907 3473 981 γέννησιν,
3503 913 3657 978 ἀξίως
3681 890 3771 989 κρξα

2223 998 2412 1046 ναντος
2453 986 2547 1038 τοῦ
2608 988 2746 1042 Θεοῦ
2796 991 2889 1046 τὸν
2932 996 3199 1061 ἑκουσίως
3232 999 3343 1053 τῶν
3390 1006 3699 1073 κρειττόνων
3719 986 3773 1062 τὰ

2223 1075 2444 1143 χείρονα
2482 1078 2869 1148 προελόμενον,
2923 1087 3022 1156 τὴν
3081 1091 3310 1162 ἐμπαθῆ
3347 1096 3443 1146 καὶ
3489 1095 3672 1168 δούλην
3697 1105 3772 1154 καὶ

2225 1171 2783 1241 κατηναγκασμένην,
2812 1176 2936 1228 καθ’
2965 1178 3270 1252 ὁμοιότητα
3294 1183 3401 1236 τῶν
3430 1186 3521 1239 ἐπὶ
3555 1192 3653 1258 γῆς
3671 1191 3773 1244 ἀλό-

2221 1274 2335 1353 γων
2354 1277 2426 1353 ,τε
2461 1263 2556 1353 καὶ
2578 1265 2823 1335 ἀνοήτων
2839 1270 3055 1340 κτηνῶν
3083 1273 3339 1344 γέννησιν
3361 1277 3465 1346 τῆς
3497 1278 3775 1353 ἐλευθερίας

2223 1351 2317 1403 καὶ
2339 1352 2585 1417 ἀπαθοῦς
2616 1358 2710 1408 καὶ
2760 1359 3094 1431 αὐθαιρέτου
3140 1367 3233 1417 καὶ
3262 1368 3441 1436 ἁγνῆς
3485 1351 3774 1438 ἀνταλλάξαι

2221 1443 2548 1509 γεννήσεως,
2602 1448 2818 1519 καὶτῆς
2858 1451 2957 1503 σὺν
2992 1452 3111 1524 Θεῷ
3145 1457 3241 1509 καὶ
3270 1457 3423 1523 θείας
3454 1461 3547 1513 καὶ
3571 1463 3774 1520 ἀνεκλα-

2220 1532 2382 1601 λήτου
2417 1535 2589 1605 τιμῆς
2617 1537 2717 1607 τὴν
2775 1528 2917 1609 μετά
2954 1543 3063 1596 τῶν
3088 1545 3335 1616 ἀνοήτων
3369 1551 3587 1622 κτηνῶν
3610 1554 3777 1621 ἄτιμον

2221 1625 2529 1680 ἀντιλαϐεῖν
2559 1632 3071 1703 συμπαρενύλησιν.
3104 1629 3367 1702 Ἧστινος
3392 1642 3489 1694 τὸν
3525 1643 3776 1715 ἄνθρωπον

2222 1717 2588 1790 ἐλευθερῶσαι
2645 1724 2742 1776 καὶ
2794 1725 2933 1793 πρὸς
2970 1726 3071 1797 τὴν
3121 1726 3275 1782 θείαν
3307 1732 3606 1801 εὐκληρίαν
3638 1736 3777 1788 ἐπανο

526 1806 594 1858 ad
638 1806 1034 1859 beatitudinem
1076 1805 1318 1858 divinam
1364 1804 1632 1858 reducere
1667 1803 1858 1856 volens
1900 1802 2114 1865 Sermo,

2224 1815 2452 1878 ἀγαγεῖν
2481 1811 2806 1882 βουλόμενος
2891 1818 2989 1887 τὴν
3021 1791 3185 1886 τρύσιν
3228 1822 3336 1875 τῶν
3366 1791 3664 1892 ἀνθρώπων
3696 1825 3776 1897 δη-

530 1914 739 1952 ιιιιιιιιτιξ
781 1899 1036 1953 humana:
1075 1898 1293 1958 artifex,
1324 1898 1488 1950 homo
1529 1913 1594 1949 ex
1638 1895 1960 1950 hominibus
1988 1909 2119 1948 vere

530 1999 589 2045 ut
621 1999 785 2059 atque
815 2001 1117 2060 generatur
1149 1991 1518 2059 corporaliter
1555 1989 1673 2043 sine
1713 1998 1943 2056 peccato
1987 2002 2118 2056 pro-

529 2095 653 2151 pter
683 2085 981 2143 hominem.
1016 2092 1072 2136 et
1105 2084 1440 2151 baptizatur,
1473 2091 1669 2150 sponte
1700 2081 1928 2135 subiens
1955 2096 2119 2148 gene-

526 2176 799 2229 rationem
854 2192 954 2244 pro
1010 2176 1170 2229 nobis
1228 2176 1283 2229 in
1335 2176 1689 2243 adoptionem
1742 2173 2115 2242 spiritualem,

529 2267 901 2320 essentialiter
930 2268 1073 2321 Dens
1103 2276 1159 2319 et
1186 2268 1279 2320 Dei
1312 2268 1616 2327 secundum
1647 2275 1898 2320 naturam
1924 2264 2115 2325 Filius,

531 2370 591 2411 ut
616 2358 919 2412 inlirmai'et
944 2362 1290 2427 corporalem
1322 2359 1754 2429 generationem.
1781 2358 1918 2412 Cum
1948 2357 2119 2427 igitur

527 2449 621 2516 qui
659 2464 761 2501 nos
797 2450 946 2513 fecit,
980 2451 1189 2519 quique
1226 2438 1381 2505 solus
1421 2451 1565 2505 Patri
1606 2466 1731 2503 eum
1776 2451 1981 2520 Spiritu
2020 2466 2119 2519 par

526 2552 614 2593 est
637 2551 692 2593 et
718 2540 921 2594 deitate
951 2552 1007 2595 et
1033 2542 1204 2610 gloria
1237 2543 1409 2597 Filius
1438 2551 1494 2597 et
1526 2543 1738 2607 Sermo,
1766 2553 1991 2613 propter
2019 2558 2116 2599 nos

526 2630 671 2699 apud
719 2647 818 2703 nos
860 2648 926 2686 ex
966 2633 1128 2687 nobis
1162 2649 1294 2687 vere
1333 2634 1500 2687 bomo
1542 2634 1633 2697 lit,
1665 2644 1721 2688 et
1756 2634 2117 2703 corporaliter

528 2724 776 2777 nascitur
801 2725 920 2778 sine
947 2733 1195 2793 peccato,
1221 2736 1276 2778 et
1299 2727 1712 2795 generationem
1745 2726 1813 2780 de
1840 2726 2116 2793 baptismo

527 2819 581 2871 in
626 2818 983 2886 adoptionem
1028 2821 1372 2888 spiritualem
1418 2838 1518 2890 pro
1562 2822 1725 2875 nobis
1768 2822 2112 2875 subeundam

526 2911 774 2979 suscepit
822 2912 1148 2965 naturaliter
1196 2912 1373 2973 Deus.
1422 2915 1629 2967 idcirco
1678 2930 1803 2967 cum
1857 2915 2113 2968 incarna-

528 3004 699 3062 tione,
731 3008 791 3053 ut
826 3000 959 3053 mihi
993 3000 1240 3064 videtur,
1272 3003 1534 3071 magister
1565 3005 1853 3070 conjunxit
1884 3020 2118 3072 genera-

528 3091 736 3144 tionem
774 3108 841 3145 οι
876 3092 1171 3160 baptismo,
1204 3103 1264 3147 ut
1285 3095 1402 3148 hoc
1432 3095 1777 3150 inﬁrmanda:
1806 3096 2117 3165 expiandte—
2143 3132 2183 3185 (ἰ

526 3200 636 3252 que
670 3185 970 3253 corporalis
1006 3187 1383 3253 generationis
1417 3188 1593 3257 gratia
1628 3188 1833 3242 factum
1866 3204 1989 3243 esse
2028 3189 2110 3243 in-

529 3277 874 3345 terpreteris.
907 3278 1042 3331 Nam
1077 3279 1225 3347 quod
1258 3278 1431 3333 Adam
1473 3280 1910 3348 (generationem
1944 3271 2110 3348 Spiri-

529 3367 735 3419 tualem
764 3367 815 3420 in
845 3367 1279 3435 deilicationem,
1309 3370 1566 3440 inquam)
1601 3380 1797 3439 sponte
1830 3371 2111 3432 deseruit.

529 3468 591 3512 ut
625 3461 896 3527 corporali
937 3464 991 3514 in
1028 3463 1311 3517 interitum
1345 3466 1703 3533 generatione
1733 3465 2108 3528 damnaretur,

530 3550 635 3603 hoc
680 3563 872 3620 sponte
913 3570 1032 3617 sua,
1069 3564 1129 3608 ut
1173 3556 1349 3611 bonus
1392 3570 1448 3611 et
1486 3558 1771 3611 hominum
1811 3573 2021 3621 amans,
2058 3557 2111 3610 in

527 3656 720 3699 nostro
752 3648 906 3715 lapsu
944 3648 1111 3702 homo
1142 3649 1341 3713 factus,
1366 3666 1535 3719 seque
1573 3651 1751 3719 ipsum
1788 3666 1912 3705 cum
1954 3651 2113 3704 nobis

527 3737 735 3804 pariter
759 3738 1155 3801 condcumaus.
1173 3739 1267 3808 qui
1297 3740 1448 3794 solus
1472 3740 1612 3794 liber
1632 3750 1689 3795 et
1714 3741 1834 3795 sine
1858 3751 2109 3810 peccato,

525 3838 584 3881 et
604 3831 947 3897 corporalem
974 3832 1385 3898 generationem
1407 3833 1755 3886 subeundam
1779 3833 2106 3901 suscipiens,

530 3921 586 3973 in
625 3936 731 3988 qua
774 3920 1252 3975 condemnationis
1294 3931 1504 3976 nostrae
1541 3923 1724 3976 adhuc
1757 3924 1842 3976 vis
1881 3924 2108 3985 inesset,

528 4012 877 4080 spiritualem
913 4015 1143 4084 mystice
1176 4015 1592 4081 generationem
1629 4016 1921 4084 reparavit,
1949 4024 2112 4085 atque

526 4103 725 4156 salutis
758 4104 1129 4172 generationis
1161 4105 1466 4172 corporalis
1499 4122 1601 4175 pro
1632 4106 1795 4159 nobis
1829 4105 1882 4159 in
1914 4094 2125 4160 semet?

530 4194 654 4261 ipso
684 4195 924 4248 vinculis
958 4208 1056 4262 per
1089 4195 1432 4264 Spiritualem
1465 4198 1765 4251 voluntatis
1798 4201 2111 4267 generatio-

529 4300 657 4343 nem
694 4285 883 4350 nobis,
912 4286 1323 4355 qui‘credimus
1362 4287 1415 4340 in
1450 4289 1571 4358 ejus
1602 4303 1835 4352 nomen,
1869 4300 2112 4358 potesta-

532 4388 643 4433 tem
674 4378 828 4432 dedit
856 4387 917 4432 ut
946 4380 1040 4433 Dei
1072 4378 1168 4433 ﬁlii
1197 4396 1301 4449 pro
1331 4381 1515 4434 carnis
1544 4395 1609 4434 ac
1638 4382 1921 4451 sanguinis
1953 4382 2112 4434 ﬁere-

2224 1904 2563 1974 μιουργήσας
2586 1905 2779 1975 Λόγος,
2810 1907 3097 1979 ἅνθρωπος
3141 1912 3203 1977 ἐξ
3249 1914 3560 1986 ἀνθρώπων
3590 1917 3780 1988 ἀληθῶς

2221 1995 2434 2062 γίνεταί
2464 2013 2523 2050 τε
2562 2002 2657 2052 καὶ
2690 2004 2951 2067 γεννᾶται
2979 2006 3311 2075 σωματικῶς
3334 2010 3513 2080 χωρὶς
3532 2011 3778 2082 ἁμαρτίας

2219 2087 2308 2139 διὰ
2335 2089 2426 2142 τὸν
2456 2092 2767 2159 ἄνθρωπον,
2793 2096 2888 2147 καὶ
2919 2095 3261 2165 βαπτίζεται,
3295 2104 3398 2170 τὴν
3430 2105 3513 2166 είς
3538 2103 3779 2160 υἱοθεσίαν

2221 2185 2603 2256 πνευματικὴν
2664 2187 2808 2255 ὑπὲρ
2879 2191 3036 2259 ἡμῶν
3101 2194 3365 2258 ἑκουσίως
3436 2195 3778 2268 ὑπερχόμενος

2219 2274 2494 2345 γέννησιν,
2529 2280 2558 2332 6
2588 2279 2710 2332 κατ’
2740 2282 2930 2335 οὐσίαν
2967 2284 3102 2348 θεὸς
3129 2288 3225 2339 καὶ
3267 2287 3407 2340 Θεοῦ
3457 2292 3603 2343 κατά
3644 2291 3779 2359 φύσιν

2221 2365 2369 2429 Υἱὸς,
2426 2370 2507 2432 είς
2546 2369 2809 2441 ἀθέτησιν
2856 2377 2954 2445 τῆς
3003 2377 3068 2430 ἐκ
3131 2378 3405 2446 σωμάτων
3475 2381 3793 2452 γεννήσεωςη

2233 2457 2446 2530 Ἐπειδὴ
2474 2461 2655 2516 τοίνυν
2687 2463 2754 2515 δι’
2785 2466 2931 2533 ἡμᾶς
2976 2468 3005 2519 ὁ
3046 2469 3281 2537 ποιήσας
3312 2472 3468 2540 ἡμᾶς
3512 2472 3610 2526 καὶ
3646 2474 3778 2541 μόνος

2218 2548 2295 2623 τῷ
2331 2554 2507 2622 Πατρὶ
2535 2555 2675 2623 μετά
2704 2560 2799 2609 τοῦ
2834 2558 2972 2611 Πνεύ
2982 2576 3150 2627 ματος
3176 2562 3408 2631 ὁμόθεος
3432 2566 3529 2617 καὶ
3555 2565 3777 2635 ὁμόδοξος

2218 2640 2344 2703 Υἱὸς
2374 2646 2468 2694 καὶ
2504 2645 2675 2712 Λόγος
2724 2648 2846 2700 καθ’
2881 2651 3031 2719 ἡμᾶς
3060 2650 3119 2715 ἐξ
3151 2652 3312 2722 ἡμῶν
3337 2654 3564 2725 ἀληθῶς
3595 2656 3776 2727 ἀνθρω-

2217 2748 2318 2792 πος
2344 2733 2575 2800 γίνεται,
2619 2737 2725 2788 καὶ⁴
2748 2739 3080 2806 σωματικῶς
3128 2744 3388 2808 γεννᾶται
3425 2745 3598 2815 χωρὶς
3622 2747 3776 2816 ἀμαρ-

2215 2817 2357 2883 τὶας,
2390 2822 2485 2874 καὶ
2514 2824 2615 2892 τὴν
2638 2827 2702 2876 ὲκ
2728 2824 3106 2895 βαπτίσματος
3135 2831 3215 2893 είς
3245 2832 3529 2887 υἱοθεσίαν
3559 2836 3775 2903 πνευμα-

2216 2911 2374 2980 τικὴν
2403 2912 2544 2982 ὑπὲρ
2575 2914 2733 2983 ἡμῶν
2774 2917 3030 2970 ὑπελθεῖν
3079 2921 3446 2991 καταδέχεται
3496 2924 3776 2993 γέννησινὸ

2219 3003 2380 3070 φύσει
2403 3004 2560 3068 Θεὸς,
2592 3006 2680 3059 διὰ
2707 3008 2863 3060 τοῦτο
2895 3011 3099 3081 συνῆψε
3145 3016 3210 3083 τῇ
3264 3015 3569 3085 σαρκώσει,
3621 3018 3774 3078 καθὼς

2218 3091 2392 3162 οἶμαι,
2426 3097 2525 3166 τὴν
2558 3098 2623 3151 ἐκ
2655 3098 3035 3169 βαπτίσματος
3091 3104 3349 3172 γέννησιν
3393 3108 3425 3158 6
3461 3107 3773 3169 διδάσκαλος.

2216 3184 2291 3247 ὡς
2314 3187 2393 3249 εἰς
2420 3188 2677 3259 ἀθέτησιν
2704 3193 2800 3244 καὶ
2833 3193 2987 3247 λύσιν
3028 3195 3129 3262 τῆς
3175 3197 3241 3248 ὲκ
3278 3200 3556 3266 σωμάτων
3586 3201 3773 3268 ὲπινοη-

2215 3277 2375 3346 θῆναι
2406 3282 2734 3352 γεννήσεως.
2772 3284 2951 3356 Ὅπερ
2981 3286 3089 3356 γὰρ
3121 3290 3150 3341 ὁ
3186 3289 3358 3359 Ἀδὰμ
3406 3290 3586 3360 (λέγω
3608 3292 3662 3344 δὲ
3694 3292 3774 3360 τὴν

2214 3373 2292 3432 εἰς
2320 3369 2517 3424 θέωσιν
2549 3375 2613 3426 ἐκ
2636 3374 2947 3443 πνεύματος
2987 3378 3276 3448 γέννησιν)
3315 3382 3588 3445 ἑκουσίως
3622 3399 3772 3450 παρα·

2213 3460 2387 3514 λιπὼν
2416 3465 2712 3531 γεννᾶσθαι
2757 3471 3089 3537 σωματικῶς
3124 3475 3204 3536 εἰς
3237 3473 3451 3544 φθορὰν
3480 3475 3771 3543 κατεκρίθη,

2213 3556 2534 3612 τοῦτοκατά
2566 3558 2791 3630 θέλησιν
2829 3564 2906 3627 ὡς
2944 3565 3150 3631 ἀγαθὸς
3194 3569 3288 3620 καὶ
3324 3570 3700 3640 φιλάνθρωπος
3727 3570 3772 3620 ἐν

2212 3646 2290 3715 τῷ
2341 3648 2502 3716 ἡμῶν
2547 3651 2958 3722 παραπτώματι
2993 3658 3286 3726 γενόμενος
3336 3660 3644 3730 ἄνθρωπος,
3695 3658 3772 3709 καὶ

2215 3744 2654 3814 συγκατακρίνας
2678 3748 2809 3817 ἡμῖν
2835 3749 3027 3802 ἑαυτὸν
3052 3752 3338 3817 ἑκουσίως,
3384 3755 3415 3807 6
3456 3756 3616 3825 μόνος
3640 3752 3770 3806 ἐλεύ-

2155 3894 2162 3902 _
2220 3835 2376 3901 θέρος
2427 3836 2522 3887 καὶ
2550 3836 2958 3909 ἀναμάρτητος,
2999 3842 3092 3896 καὶ
3118 3843 3218 3911 τὴν
3249 3845 3313 3896 ὲκ
3356 3847 3629 3915 σωμάτων
3670 3859 3772 3910 γεν-

2217 3926 2401 3997 (239
2439 3932 2493 3996 α)
2527 3930 2759 3999 νηθῆναι
2788 3933 3224 4004 καταδεξάμενος
3264 3937 3548 4005 γέννησιν,
3597 3939 3650 3989 ἐν
3723 3934 3769 3985 τὸ

2215 4021 2415 4085 κράτος
2478 4020 2691 4092 ὑπῆρχε
2747 4023 2846 4093 τῆς
2895 4025 3052 4094 ἡμῶν
3114 4029 3521 4096 κατακρίσεως,
3587 4029 3678 4098 τὴν
3722 4028 3768 4077 ὲν

2214 4109 2484 4180 πνεύματι
2536 4115 2817 4182 μυστικῶς
2873 4116 3223 4187 διωρθώσατο
3256 4118 3532 4189 γέννησιν,
3567 4120 3656 4172 καὶ
3688 4117 3769 4186 τῆς

2216 4206 2535 4274 σωματικῆς
2565 4207 2874 4275 γεννήσεως
2922 4207 3090 4270 λύσας
3129 4209 3270 4279 ὑπὲρ
3301 4210 3460 4280 ἡμῶν
3514 4214 3570 4264 ἐν
3617 4207 3770 4275 ἐαυτῷ

2214 4296 2280 4349 τὰ
2303 4296 2476 4366 δεσμά
2498 4297 2729 4351 δέδωκεν
2755 4300 2888 4366 ἡμῖν
2917 4300 3164 4364 ἐξουσίαν
3186 4301 3271 4355 διὰ
3285 4303 3391 4370 τῆς
3421 4304 3562 4358 κατά
3583 4301 3771 4371 πνεῦμα

2215 4390 2523 4460 γεννήσεως
2560 4390 2702 4443 κατὰ
2739 4390 2978 4461 θέλησιν,
3028 4392 3194 4444 τέκνα
3245 4393 3382 4446 Θεοῦ
3429 4394 3552 4447 ἀντὶ
3599 4391 3771 4463 σαρκδς

531 4487 674 4525 mus.
709 4471 1022 4526 lncarnatio
1057 4472 1227 4541 igitur
1260 4481 1425 4542 atque
1459 4474 1761 4543 corporalis
1791 4475 1946 4543 prius
1981 4490 2111 4543 pro-

2218 4481 2311 4532 καὶ
2343 4479 2577 4548 αἵματος
2614 4479 2867 4547 γενέσθαι
2908 4484 3019 4544 τοῖς
3048 4482 3396 4535 πιστεύουσιν
3426 4486 3508 4546 είς
3540 4483 3599 4535 τὸ
3626 4481 3770 4548 ὄνομα

531 4573 655 4632 pter
705 4578 883 4616 meam
931 4563 1341 4618 damnationem
1397 4563 1451 4616 in
1499 4562 1737 4617 Domino
1790 4575 1976 4617 secuta
2030 4573 2116 4617 est

530 4656 836 4724 generatio,
870 4665 927 4709 et
965 4655 1045 4709 sic
1082 4672 1203 4724 quae
1239 4656 1451 4724 reliqua
1491 4666 1613 4711 erat
1646 4673 1745 4725 per
1781 4656 2112 4725 baptismum

533 4746 839 4814 spiritualis
880 4746 1126 4800 insecuta
1167 4756 1254 4801 est
1293 4748 1607 4817 generatio,
1636 4764 1737 4816 pro
1776 4749 1953 4802 salute
1994 4763 2113 4800 mea

531 4834 837 4887 secundum
888 4836 1116 4902 gratiam
1159 4844 1216 4889 et
1259 4837 1642 4901 revocatione,
1678 4844 1802 4899 aut,
1838 4845 1900 4890 ut
1941 4838 2116 4906 magis

535 4921 827 4991 perspicue
871 4922 1081 4989 dicam,
1117 4925 1436 4991 reﬁctione,
1485 4941 1595 4995 qua
1645 4926 1790 4979 Deus
1836 4928 1986 4980 circa
2030 4943 2117 4981 me

533 5017 756 5084 copulat
783 5016 1120 5072 exsistentiae
1148 5033 1286 5072 mea:
1311 5030 1367 5073 et
1397 5019 1554 5073 bonae
1583 5018 1919 5072 exsistentiai
1948 5020 2117 5073 ratio-

536 5121 657 5170 nes,
685 5117 743 5162 et
765 5122 885 5161 eam
917 5123 1038 5177 quae
1069 5125 1100 5162 a
1130 5125 1217 5163 me
1241 5110 1382 5166 facta
1412 5119 1533 5163 erat
1563 5110 1756 5164 harum
1788 5110 2116 5164 divisionem

537 5207 704 5266 atque
745 5198 1062 5253 distantiam
1106 5201 1413 5264 contrahit,
1448 5214 1657 5269 perque
1705 5200 1819 5254 haec
1866 5200 1931 5253 ad
1972 5200 2118 5253 exsi-

537 5292 755 5344 stentia:
791 5302 1011 5345 acterna:
1049 5292 1325 5347 rationem
1362 5292 1645 5361 sapienter
1684 5292 1996 5360 compellit,
2029 5308 2119 5347 sc-

538 5381 780 5435 eundum
836 5398 1000 5451 quam
1057 5399 1237 5453 neque
1298 5385 1518 5453 parient
1573 5386 1808 5453 amplius
1867 5385 2121 5440 homines

538 5485 720 5539 neque
766 5473 1078 5540 parientur,
1111 5490 1234 5529 cum
1278 5490 1474 5529 eorum
1518 5490 1642 5543 quae
1684 5476 1943 5530 videntur
1985 5476 2121 5530 ordo

538 5561 788 5630 pariendi
817 5563 980 5617 ﬁnem
1010 5565 1255 5635 attigerit
1285 5582 1381 5635 per
1406 5581 1656 5635 magnam
1686 5576 1743 5621 et
1770 5581 2121 5622 communem

540 5655 1044 5721 reSurrectionem,
1089 5673 1212 5725 quae
1261 5658 1315 5711 in
1368 5657 1841 5714 immortalitatem
1895 5671 2123 5729 generet

540 5744 822 5800 hominem
869 5748 1170 5803 secundum
1220 5749 1637 5805 subsistentiazn
1687 5753 2118 5820 immutabilem,

2217 4570 2404 4624 αὐτοῦ.
2454 4573 2736 4640 Σάρκωσις
2781 4569 2873 4625 οὖν
2903 4575 2997 4626 καὶ
3047 4573 3334 4643 σωματικὴ
3390 4575 3651 4645 πρότερον
3690 4572 3771 4639 τῆς

2217 4665 2360 4734 ἐμῆς
2389 4663 2553 4717 ἕνεκα
2584 4664 2963 4735 κατακρίσεως
3010 4666 3102 4717 ὲπὶ
3149 4665 3240 4718 τοῦ
3292 4667 3497 4736 Κυρίου
3548 4679 3770 4736 παρηκο-

2218 4755 2448 4826 λούθησε
2470 4756 2744 4826 γέννησις,
2774 4758 2868 4810 καὶ
2900 4756 3073 4820 οὕτως
3112 4760 3144 4827 ἠ
3181 4758 3269 4811 διὰ
3296 4759 3389 4811 τοῦ
3423 4758 3772 4829 βαπτίσματος

2218 4850 2276 4901 ὲν
2296 4848 2568 4918 πνεύματι
2601 4849 3037 4921 παραλειφθεῖσα
3066 4849 3478 4920 ἐπηκολούθησε
3524 4850 3770 4918 γέννησις.

2221 4939 2361 5009 ὑπὲρ
2408 4941 2507 5008 τῆς
2536 4940 2677 5009 ἐμῆς
2711 4940 2855 4993 κατὰ
2901 4940 3062 5010 χάριν
3106 4943 3385 5012 σωτηρίας
3424 4946 3516 4996 καὶ
3565 4940 3771 5007 ἀνακλή-

2150 5088 2153 5091 δ
2223 5049 2379 5098 σεως,
2425 5031 2457 5101 ἢ
2502 5034 2836 5100 σαφέστερον
2884 5037 3058 5087 εἰπεῖν
3107 5037 3496 5100 ἀναπλάσεως·
3538 5030 3623 5088 οἷα
3668 5049 3771 5085 συν·

2223 5124 2485 5187 ἅπτοντος
2542 5126 2669 5196 περὶ
2699 5126 2801 5195 ἐμὲ
2841 5126 2935 5179 τοῦ
2969 5126 3104 5181 Θεοῦ
3132 5127 3225 5181 τόν
3257 5145 3318 5181 τε
3362 5129 3455 5182 τοῦ
3511 5124 3648 5181 εἷναί
3688 5140 3769 5193 μου

2203 5214 2378 5282 -λόγον
2408 5217 2500 5269 καὶ
2531 5216 2623 5269 τὸν
2646 5217 2741 5270 τοῦ
2779 5213 2837 5270 εὖ
2866 5213 3031 5279 εἶναι,
3066 5221 3160 5272 καὶ
3195 5219 3292 5291 τὴν
3334 5222 3627 5289 γενομένην
3664 5215 3771 5283 παρ’

2221 5306 2358 5376 ἐμοῦ
2386 5307 2593 5360 τούτων
2628 5308 2998 5373 ἑνοποιοῦντος
3037 5312 3209 5380 τομὴν
3240 5314 3336 5365 καλ⁹
3363 5313 3657 5369 διάστασιν,
3694 5306 3768 5359 καὶ

2220 5396 2307 5448 διὰ
2354 5398 2562 5451 τούτων
2615 5399 2753 5469 πρὸς
2804 5400 2895 5452 τὸν
2935 5399 3027 5452 τοῦ
3079 5402 3168 5454 ἀεὶ
3236 5399 3375 5455 εἶναι
3426 5402 3578 5470 λόγον
3620 5395 3770 5464 σοφῶς

2226 5488 2666 5553 συνελαύνοντος,
2717 5490 2842 5543 καθ’
2891 5491 2950 5544 δν
2985 5493 3169 5546 οὐκέτι
3215 5492 3276 5545 τὸ
3331 5494 3515 5563 φέρειν
3560 5487 3769 5543 ἐστικαὶ

2225 5580 2485 5650 φέρεσθαι
2519 5576 2648 5651 περὶ
2691 5583 2782 5635 τὸν
2836 5582 3145 5654 ἄνθρωπον,
3201 5584 3473 5656 λαϐούσης
3497 5585 3641 5643 τέλος
3667 5577 3771 5647 περὶ

2223 5669 2285 5720 τὸ
2313 5668 2574 5738 φέρεσθαι
2604 5671 2701 5739 τῆς
2744 5672 2853 5735 τῶν
2887 5672 3228 5740 φαινομένων
3258 5674 3564 5745 οἰκονομίας
3594 5671 3672 5724 διὰ
3692 5669 3769 5732 τῆς

2229 5760 2473 5829 μεγάλης
2523 5762 2618 5815 καὶ
2673 5763 2859 5834 κοινῆς
2919 5764 3292 5829 ἀναστάσεως,
3365 5768 3444 5830 εἰς
3506 5765 3768 5819 ἀθανασίαν
