4012 6380
265 339 408 402 1349

1517 337 1756 397 AMBIG
1766 337 2042 400 UORUM
2083 338 2332 398 LIBER.

3402 303 3545 414 1.350

247 445 536 518 γεννώσης
564 445 656 498 τὸν
696 445 984 516 ἄνθρωπον
1033 445 1156 498 καθ’
1190 443 1425 516 ’ὕπαρξιν
1453 445 1837 510 ἀναλλοίωτον,

1954 462 2058 516 qua
2106 463 2297 502 rerum
2346 447 2650 502 visibilium
2706 461 2904 506 natura
2957 453 3340 510 exsistentiam
3395 466 3546 530 cepit

242 545 316 602 δι’
345 545 404 598 δν
428 543 536 598 τῶν
569 543 909 612 φαινομένων
943 544 974 611 ὴ
1008 541 1168 610 φύσις
1196 541 1258 594 τὸ
1286 537 1426 594 εἶναι
1453 540 1598 593 κατὰ.
1617 539 1834 609 γένεσιν

243 636 463 708 εἴληφε,
503 634 597 688 καὶ
633 635 756 701 μεθ’
789 626 849 686 οὗ
880 632 1108 703 λήψεται
1146 632 1334 703 χάριτι
1380 632 1440 685 τὸ
1481 632 1600 686 κατ’
1645 631 1836 684 οὐσίαν

246 730 333 799 μὴ
361 727 702 799 φθείρεσθαι.
762 725 902 779 Ἀλλ’
942 729 992 779 εί
1033 725 1180 779 δοκεῖ
1222 725 1334 780 τῶν
1363 724 1670 796 εἰρημένων
1717 723 1840 777 κατ’

243 819 520 891 ἐπιτομὴν
548 818 982 890 ἐπιμνησθέντες
1016 817 1116 886 τὴν
1148 817 1402 888 δύναμιν,
1449 815 1842 884 κεφαλαιώσω-

246 930 377 984 μεν.
420 911 661 984 Ἐχομεν
685 912 783 982 τὴν
828 913 893 965 ἐκ
925 927 1040 980 σωρ
1053 911 1197 964 ἀτων
1242 909 1500 978 γέννησιν
1532 907 1628 961 τοῦ
1659 907 1844 977 Σωτῆο

245 1021 348 1075 ρος
390 1004 549 1075 ἡμῶν
598 1004 722 1056 κατ’
759 1002 1007 1056 ἐπίνοιαν
1037 1001 1408 1072 διαιρεθεῖσαν
1442 1002 1523 1064 εἰς
1574 999 1664 1053 τὸν
1700 1015 1842 1070 ¹στρο-

239 1095 556 1166 ηγούμενον
590 1095 688 1164 τῆς
732 1094 950 1162 φύσεως
978 1093 1136 1162 λόγον
1169 1093 1264 1148 καὶ
1290 1094 1368 1156 εἰς
1398 1092 1492 1147 τὸν
1539 1091 1634 1145 νῦν
1679 1086 1839 1154 αὖθις

243 1189 574 1259 ὑπάρχοντα
599 1185 721 1241 καθ’
751 1188 920 1257 ἡμᾶς,
967 1187 1048 1249 εἰς
1081 1185 1140 1238 ὂν
1170 1185 1513 1258 ἐτελεύτησε,
1555 1184 1648 1238 καὶ
1679 1182 1844 1236 πάλιν

243 1281 335 1344 εἰς
359 1280 450 1332 τὸν
485 1278 630 1333 κατὰ
678 1277 848 1349 φύσιν
897 1279 999 1350 τῆς
1027 1278 1295 1344 γενέσεως
1323 1277 1483 1345 λόγον
1516 1279 1610 1330 καὶ
1642 1277 1724 1338 εἰς
1753 1274 1846 1328 τὸν

243 1373 355 1442 τῆς
383 1371 690 1442 γεννήσεως
723 1371 948 1442 τρόπον,
981 1369 1208 1440 προσέτι
1238 1386 1301 1438 γε
1333 1369 1439 1440 μὴν
1466 1367 1563 1422 καὶ
1591 1368 1671 1431 εἰς
1717 1366 1846 1430 τοὺς

244 1463 546 1534 διαφόρους
603 1460 843 1533 τρόπους
897 1461 999 1530 τῆς
1049 1462 1172 1514 κατ’
1223 1461 1411 1540 οὐσίαν
1444 1464 1712 1528 γενέσεως
1742 1457 1844 1527 τῆς

245 1555 435 1626 ψυχῆς
455 1555 551 1609 καὶ
573 1553 669 1608 τοῦ
702 1551 956 1625 σώματος
978 1559 1072 1608 καὶ
1106 1553 1558 1624 προσεπιτούτοις
1584 1549 1772 1621 (239
1790 1549 1843 1616 ὁ)

247 1651 336 1712 εἰς
361 1647 458 1718 τὴν
497 1647 629 1702 ἄνευ
657 1647 866 1716 σπορᾶς
897 1645 1161 1716 σύλληψιν
1201 1647 1299 1698 καὶ
1343 1644 1442 1714 τὴν
1474 1644 1605 1698 ἄνευ
1637 1641 1846 1710 φθορᾶς

249 1739 530 1808 γέννησιν.
577 1737 693 1805 Ἐφ’
739 1739 868 1808 ὑμῖν
911 1733 1004 1791 οὖν
1053 1737 1201 1788 ἐστιν
1229 1735 1304 1798 ὡς
1351 1737 1567 1806 κριταῖς
1611 1732 1846 1794 δικαίοις

245 1831 362 1890 τῶν
413 1830 1058 1901 λελεγμένων»ἐπιϐολῶν
1096 1831 1348 1898 ἐγκρῖδαι
1399 1827 1497 1898 τὴν
1536 1825 1845 1898 κρείττονα.
1882 1812 1926 1866 Β

255 2007 372 2062 Τοῦ
421 2005 608 2062 αὑτοῦ
631 2005 698 2058 ἐκ
751 2004 858 2058 τοῦ
910 2004 1097 2058 αὑτοῦ
1151 2005 1360 2072 λόγου,
1413 2005 1500 2066 εὶς
1555 2001 1644 2061 τὸ,
1711 2018 1730 2050 ι
1779 2000 1842 2054 Τί

319 2098 602 2170 φάρμακα
648 2093 970 2162 ἐπιζητεῖς,
1025 2093 1098 2148 τὰ
1148 2093 1344 2164 μηδὲν
1391 2092 1736 2160 ὀνήσοντιυ
1789 2091 1848 2144 τί

325 2190 595 2260 κριτικὸν
647 2187 881 2256 ἱδρῶτα,
935 2187 1082 2254 ἴσως
1150 2185 1530 2256 παρεστῶτος
1587 2183 1694 2238 τοῦ
1748 2183 1850 2249 ἐξ·

325 2283 534 2344 οδίου;
579 2281 690 2348 (59)
718 2300 736 2330 ι

325 2364 519 2436 Τοῦτο,
565 2369 748 2432 καθὼς
799 2371 1038 2439 ἔφασκεν
1081 2371 1110 2422 ὁ
1153 2368 1422 2440 μακάριος
1471 2369 1672 2438 γέρων,
1715 2366 1848 2438 πρὸς

246 2465 382 2527 τοὺς
414 2461 964 2534 ὑπερτιθεμένουςτδ
992 2460 1301 2531 βάπτισμα,
1329 2461 1390 2513 τὸ
1418 2462 1578 2531 ρητὶν
1603 2460 1849 2513 τέθεικεν

244 2557 281 2609 ὁ
333 2554 676 2618 διδασκαλος,
745 2553 922 2606 ἐλπίδι
979 2551 1074 2606 τοῦ
1131 2551 1394 2622 ζήσεσθαι
1443 2553 1504 2604 τὸ
1567 2551 1850 2622 βάπτισμα
1895 2555 1900 2558 “

249 2647 571 2718 φιληδονίας
613 2646 800 2698 ἕνεκεν
851 2640 1338 2714 ὑπερτιθεμένους,
1384 2645 1478 2698 καί
1521 2661 1677 2714 φησι,
1733 2645 1850 2717 ιΤί

245 2741 388 2809 παρ’
429 2737 592 2792 ἄλλου
614 2737 709 2808 δέη
743 2736 936 2806 μαθεῖν
958 2737 1056 2806 τὴν
1077 2735 1278 2802 ἔξοδον,
1302 2735 1396 2789 τοῦ
1428 2735 1547 2806 βίου
1576 2735 1846 2805 δηλονότι,

244 2831 370 2885 ἀλλ’
409 2832 510 2900 οὐχ
549 2830 622 2893 ὡς
665 2829 767 2900 ἤδη
817 2828 1104 2899 παρούσης
1147 2827 1433 2900 διανοὴσῃ;
1480 2827 1546 2881 Τί
1581 2829 1852 2898 φάρμακα

247 2921 562 2994 ἐπιζητεῖς,
600 2925 669 2975 τὰ
705 2921 873 2991 μηδὲν
903 2921 1209 2986 ὀνήσοντας
1244 2920 1302 2973 τί
1341 2921 1588 2990 κριτικὸν
1627 2920 1847 2992 ἱδρῶτα,

251 3016 390 3078 ἴσως
440 3012 796 3082 παρεστῶτος
836 3011 930 3064 τοῦ
974 3004 1220 3076 ἑξοδίους
1268 3030 1285 3063 ι
1335 3013 1558 3084 Ἐπειδὴ
1589 3011 1696 3082 γὰρ
1725 3011 1860 3065 τέσσ-

251 3123 434 3174 σαρας
461 3103 679 3176 ἡμέρας
709 3103 1004 3173 κρισίμους
1053 3097 1197 3157 εἷναί
1239 3120 1403 3170 φασιν
1434 3103 1635 3174 ἰατρῶν
1661 3103 1848 3164 παῖδες

251 3199 316 3252 ἐν
348 3201 461 3260 τοῖς
488 3196 846 3266 πυρεκτιῶσι,
903 3195 1002 3266 τὴν
1032 3196 1095 3262 δ’,
1143 3197 1236 3250 καὶ
1275 3195 1374 3268 τὴν
1417 3195 1482 3260 ζ’,
1527 3197 1620 3250 καὶ
1641 3197 1740 3266 τὴν
1780 3197 1845 3258 θ’,

252 3291 356 3346 καὶ
382 3292 482 3360 τὴν
534 3298 621 3354 ια’,
654 3290 820 3359 τυχὸν
867 3289 923 3341 δὲ
960 3291 1054 3344 καὶ
1099 3289 1198 3359 τὴν
1245 3288 1315 3356 ιγ’
1345 3290 1423 3358 (ἐν
1470 3287 1693 3350 ταύταις
1737 3287 1844 3358 γὰρ

251 3387 324 3440 ἂν
367 3384 600 3455 εὕρωσιν
628 3385 687 3437 ἐν
717 3382 793 3453 τῷ
825 3382 1091 3446 νοσοῦντι,
1127 3380 1308 3444 καθώς
1345 3398 1498 3451 φασι,
1530 3381 1843 3449 νενοτισμέ-

213 3493 348 3532 κνον
397 3477 456 3543 ἐξ
503 3475 724 3547 ἱδρῶτος
776 3474 836 3527 τὸ
887 3473 1050 3544 σῶμα
1094 3463 1458 3542 τεκμηριοῦσι
1513 3470 1698 3542 ζήσειν
1751 3471 1842 3525 τὸν

246 3568 559 3639 κείμενον),
601 3567 688 3620 ἵνα
722 3563 814 3620 οὖν
849 3567 926 3636 μὴ
982 3564 1174 3618 τοῦτον
1204 3563 1558 3634 ἐκδεχόμενος
1603 3564 1632 3616 ὁ
1671 3563 1842 3616 νοσῶν

244 3662 348 3713 τον
387 3659 588 3729 ἱδρῶτα
632 3657 982 3719 κακοϐούλως
1025 3653 1378 3724 ὑπερτίθεται
1425 3654 1486 3708 τὸ
1539 3653 1841 3723 βάπτισμα,

245 3749 510 3818 περίοδσν
573 3747 816 3814 οἰόμενος
880 3745 1024 3816 ἔχειν
1077 3744 1238 3808 ἐτῶν,
1295 3742 1650 3814 συμϐουλεύει
1699 3745 1842 3797 πάνυ

247 3839 441 3908 σοφῶς
493 3843 520 3892 ὁ
576 3839 888 3901 διδάσκαλος
937 3837 1012 3906 τῷ
1070 3836 1357 3906 κάμνοντι,
1415 3833 1490 3905 μὴ
1539 3835 1712 3902 τούτῳ
1764 3835 1844 3905 τῷ

247 3933 446 4002 ἱδρῶτι
475 3933 696 4000 θαρρεῖν
735 3949 825 3980 και
867 3929 1044 3997 μάτην
1067 3927 1394 3996 ἐρείδεσθαι,
1427 3925 1654 3980 δυνατοῦ
1695 3925 1843 3989 ὄντος

245 4025 379 4079 ἀντὶ
438 4023 630 4075 τούτου
689 4023 781 4074 τῂν
843 4021 1046 4084 ἐξόδιον
1115 4019 1316 4090 ἱδρῶτα
1373 4019 1692 4089 συμϐῆναι,
1747 4019 1844 4073 τὸν

249 4113 469 4185 βοῶντα
505 4115 605 4182 τῆς
646 4110 926 4180 παρούσης
976 4109 1121 4177 ζωῆς
1162 4107 1222 4160 τὸ
1273 4106 1446 4172 τέλος,
1502 4107 1590 4160 ἵνα
1633 4108 1730 4179 μὴ,
1766 4108 1844 4171 ὡς

245 4201 433 4265 εἷπον,
467 4201 554 4254 δια
604 4201 793 4254 τοῦτον
847 4197 1206 4268 ἀπατώμενος
1247 4199 1274 4250 ὁ
1304 4199 1476 4252 νοσῶν
1517 4198 1610 4250 τὸν
1645 4198 1844 4269 ἱδρῶτα

245 4300 354 4366 τῆς
391 4295 486 4364 μὲν
520 4292 789 4364 προδήλου
823 4291 917 4344 καὶ
949 4289 1096 4352 θείας
1133 4286 1282 4358 ζωῆς
1309 4288 1404 4340 καὶ
1427 4287 1513 4340 ἀεὶ
1560 4285 1846 4358 διαμενού-

249 4405 360 4456 σης
413 4384 866 4454 ἀλλοτριούμενος
911 4380 1072 4452 λάθῃ.
1120 4378 1326 4450 την-δὲ
1375 4377 1725 4449 ἀνθρωπίνην
1749 4379 1845 4433 καὶ

245 4481 526 4549 ἐπίκηρον
565 4477 658 4529 καὶ
703 4476 922 4537 παντως
971 4471 1356 4544 λυθησομένην
1409 4471 1608 4543 εὐρεῢῇ
1683 4489 1842 4542 περι-

245 4569 430 4632 έπων,
463 4568 774 4636 ἁκρὰτητον
819 4563 962 4618 κατὰ
991 4562 1155 4632 φύσιν
1205 4563 1557 4633 ὑπάρχουσαν
1607 4562 1702 4614 καὶ
1755 4563 1844 4616 ἀεὶ

1949 537 2306 607 originalem,
2354 549 2411 594 et
2459 555 2584 594 cum
2635 558 2744 612 qua
2795 557 2895 612 per
2935 546 3168 614 gratiam
3225 547 3542 618 impetrabi'

1950 630 2085 684 illud
2127 641 2187 685 ut
2231 633 2604 692 essentialiter
2645 651 2756 689 non
2805 636 3062 691 intereat.
3099 639 3207 694 Sed
3251 641 3296 696 si
3338 641 3539 710 placet,

1945 736 2142 776 eorum
2173 739 2296 792 quae
2330 724 2742 795 disputavimus
2775 729 2931 784 brevi
2963 730 3106 786 facta
3141 747 3545 788 commemora-

1947 816 2096 869 tione
2122 815 2305 884 capita
2330 817 2665 873 recolamus.
2685 818 2966 875 Habemus
2992 823 3338 892 corporalem
3361 825 3541 878 nostri

1947 907 2254 962 Salvatoris
2315 910 2734 980 generationem
2794 913 3134 984 cogitatione
3195 915 3426 970 divisam
3483 915 3542 970 in

1946 996 2314 1067 principalem
2351 1007 2564 1056 natura:
2596 1001 2871 1056 rationem
2905 1012 2963 1058 et
2994 1004 3052 1059 in
3083 1020 3206 1060 eam
3241 1021 3364 1075 qua:
3395 1021 3544 1060 nunc

1951 1104 2150 1145 rursus
2174 1105 2346 1160 penes
2373 1107 2477 1147 nos
2507 1094 2750 1159 exsistit,
2780 1095 2838 1148 in
2865 1113 3031 1165 quam
3061 1106 3148 1152 est
3177 1105 3463 1164 mortuus,
3486 1107 3545 1154 et

1948 1196 2148 1236 rursus
2169 1181 2409 1237 divisam
2436 1184 2492 1238 in
2519 1188 2830 1242 naturalem
2859 1188 3240 1258 generationis
3268 1189 3542 1244 rationem

1947 1282 2005 1327 et
2031 1272 2087 1326 in
2114 1275 2492 1344 generationis
2520 1277 2769 1342 modum,
2796 1289 3063 1348 printerca
3086 1279 3254 1335 etiam
3281 1280 3337 1334 in
3361 1280 3545 1336 diver-

1945 1380 2039 1420 sos
2065 1365 2259 1422 modos
2289 1368 2604 1425 essentialis
2633 1371 2866 1442 originis
2900 1373 3106 1426 mentis
3137 1380 3306 1442 atque
3337 1387 3540 1442 corpo-

1947 1456 2057 1522 ris,
2091 1467 2148 1512 et
2187 1459 2244 1513 in
2291 1461 2714 1532 conceptionem
2763 1463 3006 1534 denique
3047 1464 3168 1518 sine
3217 1463 3433 1520 satione
3481 1471 3542 1521 et

1947 1550 2361 1620 generationem
2386 1552 2510 1608 sine
2529 1554 2796 1610 interitu.
2821 1555 2998 1612 Penes
3026 1571 3124 1611 vos
3151 1565 3236 1611 est
3263 1557 3453 1628 igitur,
3478 1567 3542 1612 ut

1947 1655 2120 1710 penes
2151 1657 2340 1712 aequos
2372 1644 2620 1713 judices,
2653 1649 3025 1716 expositurum
3060 1649 3386 1719 opinionum
3416 1665 3542 1722 quae

1950 1733 2150 1787 melior
2175 1736 2248 1789 sit
2277 1746 2461 1792 vestra
2487 1753 2719 1793 censura
2747 1741 3005 1810 probare.
3181 1734 3188 1740 ’

1947 2003 2201 2078 Ejusdem
2233 2027 2297 2065 ea:
2327 2013 2508 2066 eodem
2538 2029 2799 2077 sermone,
2826 2012 2880 2066 in
2914 2013 3049 2068 illud
3085 2031 3102 2068 :
3143 2033 3161 2065 ι
3199 2012 3344 2080 Quid
3367 2015 3536 2069 medi-

2019 2112 2262 2158 camenta
2310 2106 2531 2173 quaeris,
2569 2103 2703 2158 nihil
2751 2105 3074 2176 profutura?
3119 2106 3246 2177 quid
3294 2106 3539 2162 criticum

2016 2193 2285 2260 sudorem,
2314 2211 2432 2248 cum
2461 2195 2682 2265 fortasse
2713 2195 2888 2251 letalis
2912 2196 3092 2252 adsit?
3129 2217 3150 2249 ι

2021 2365 2162 2432 Hoc,
2207 2376 2267 2420 ut
2312 2367 2450 2422 dixit
2495 2369 2694 2424 beatus
2744 2370 2840 2424 ille
2883 2385 3084 2436 senex,
3124 2366 3394 2426 adversus
3439 2386 3541 2428 eos

1950 2459 2136 2528 posuit
2172 2459 2383 2513 dictum
2420 2461 2678 2530 magister
2715 2461 2808 2530 qui
2848 2462 3182 2531 baptismum
3221 2462 3536 2529 diil‘errent,

1949 2561 2005 2606 et
2031 2568 2126 2620 spe
2151 2553 2275 2605 vitae
2303 2553 2601 2621 voluptatis
2635 2553 2928 2610 lenociniis
2959 2571 3018 2610 se
3051 2555 3320 2610 dedentes
3349 2555 3537 2624 bapti-

1949 2657 2126 2696 smum
2158 2643 2470 2706 dilferrent,
2495 2653 2552 2698 et
2580 2661 2594 2698 :
2628 2664 2647 2694 ι
2677 2645 2820 2711 Quid
2848 2662 2988 2716 opus
3017 2655 3122 2711 est,
3149 2646 3352 2716 inquit,
3375 2655 3436 2704 ut
3463 2651 3530 2704 tte

1949 2735 2100 2788 exitu
2139 2744 2233 2788 tuo
2273 2735 2340 2789 ab
2380 2737 2488 2789 alio
2531 2737 2738 2792 certior
2775 2737 2903 2804 fias,
2945 2757 2964 2790 ι
3007 2738 3062 2793 id
3095 2747 3180 2794 est
3213 2738 3284 2794 de
3327 2759 3346 2790 ι
3382 2739 3536 2798 exitu

1949 2827 2108 2890 vitae,
2142 2843 2206 2882 ac
2237 2843 2347 2881 non
2383 2827 2500 2896 ipse
2534 2829 2722 2898 potius
2751 2829 2819 2884 de
2852 2844 2920 2884 eo
2951 2837 3206 2900 tanquam
3241 2831 3356 2902 jam
3392 2845 3537 2903 pm—

1951 2927 2106 2972 sente
2133 2917 2373 2986 cogitas?
2397 2918 2540 2982 Quid
2567 2919 2972 2974 medicamenta
2996 2918 3218 2990 quaeris,
3243 2919 3386 2976 nihil
3410 2936 3538 2990 pro-

1950 3005 2169 3060 futura?
2202 3005 2343 3070 Quid
2379 3007 2636 3060 criticum
2669 3006 2949 3072 sudorem,
2976 3023 3100 3062 cum
3137 3008 3372 3064 fortasse
3403 3009 3539 3064 leta-

1951 3097 2020 3154 lis
2048 3098 2223 3153 adsit?
2259 3120 2277 3149 ι
2313 3099 2451 3154 Cum
2478 3101 2626 3154 enim
2657 3109 2894 3170 quatuor
2919 3101 3041 3156 dies
3065 3101 3412 3157 medicorum
3437 3100 3537 3158 lilii

1953 3190 2011 3246 in
2046 3191 2494 3248 febricitantibus
2522 3194 2744 3250 criticos
2775 3210 2900 3250 esse
2933 3195 3152 3260 dicant,
3189 3205 3445 3267 quartam
3479 3203 3539 3252 et
3630 3193 3636 3197 ’

1951 3284 2241 3352 septimam
2278 3292 2335 3339 et
2367 3301 2568 3340 nonam
2605 3295 2661 3341 et
2694 3287 3077 3353 undecimam,
3114 3286 3350 3343 fortasse
3388 3286 3538 3343 deci-

1951 3387 2100 3426 mam
2143 3374 2362 3429 tertiam
2405 3367 2755 3451 quoquetin
2799 3377 2888 3432 bis
2921 3377 3071 3432 enim
3114 3379 3184 3442 si,
3224 3390 3285 3434 ut
3320 3378 3536 3442 dicunt,

1950 3479 2152 3534 corpus
2177 3465 2381 3520 sudore
2404 3466 2771 3522 madefactum
2801 3470 3106 3539 reperiunt,
3133 3471 3538 3526 convaiiturum

1951 3571 2072 3612 esse
2112 3566 2375 3628 aegrotum
2417 3560 2794 3630 conjectant),
2825 3577 2897 3616 ne
2942 3563 3110 3632 igitur
3153 3563 3302 3619 hunc
3338 3579 3534 3633 exspe-

1951 3653 2106 3699 ctans
2139 3646 2400 3702 sudorem
2436 3647 2688 3702 infirmus
2727 3654 2872 3704 n'ialo
2908 3653 3142 3707 consilio
3181 3669 3314 3708 usus
3352 3654 3534 3724 bapti-

1950 3751 2068 3789 sma
2111 3735 2361 3800 differat,
2394 3752 2667 3792 annorum
2711 3740 2967 3808 opinatus
3012 3742 3217 3796 habere
3255 3757 3535 3798 commea-

1953 3835 2100 3894 tum,
2133 3829 2414 3898 sapienter
2439 3830 2636 3884 doctor
2662 3832 2950 3900 aegrotanti
2983 3833 3276 3887 consilium
3307 3833 3420 3897 dat,
3461 3850 3534 3889 ne

1951 3919 2084 3976 huic
2117 3921 2306 3976 sudori
2339 3921 2580 3978 conﬁdat
2613 3932 2669 3978 et
2700 3923 2904 3978 frustra
2937 3923 3226 3992 innitatur,
3254 3941 3380 3981 cum
3411 3925 3534 3980 fieri

1949 4015 2127 4083 possit
2176 4021 2236 4066 ut
2263 4015 2460 4068 mortis
2485 4014 2656 4068 sudor
2679 4016 2798 4084 ejus
2827 4015 2948 4071 loco
2976 4017 3216 4080 eveniat,
3245 4016 3534 4088 praesentis

1949 4107 2077 4162 vitae
2103 4105 2266 4174 finem
2296 4106 2734 4177 prmdicaturus;
2765 4123 2855 4172 ne,
2882 4118 2944 4162 ut
2969 4107 3242 4173 dicebam,
3269 4107 3442 4163 falsus
3465 4123 3534 4164 eo

1949 4210 2222 4268 aegrotans
2264 4199 2467 4254 sudore
2509 4214 2540 4253 a
2582 4208 2736 4254 certa
2776 4210 2834 4254 et
2871 4199 3065 4255 divina
3105 4209 3161 4254 et
3197 4199 3533 4269 sempiterna

1950 4293 2064 4347 vita
2113 4291 2498 4361 imprudenter
2544 4293 2888 4348 abalienatus
2935 4293 3232 4346 humanam
3281 4307 3345 4347 ac
3393 4293 3534 4348 sorti

1950 4381 2244 4436 obnoxiam
2268 4390 2324 4436 et
2345 4397 2573 4452 prorsus
2591 4383 2943 4437 interituram
2978 4396 3176 4436 curans
3196 4381 3531 4446 inveniatur,

1951 4474 2312 4545 impotentem
2348 4473 2678 4528 naturaliter
2707 4489 2771 4528 ac
2787 4488 3005 4542 semper
3031 4489 3132 4542 per
3159 4471 3446 4526 interitum
3475 4481 3534 4526 et

1951 4567 2391 4635 immutationem
2417 4567 2702 4635 fluentem,
2725 4577 2781 4622 et
2805 4569 3040 4623 celerius
3063 4583 3256 4622 eorum
3285 4567 3382 4636 qui
3409 4583 3530 4622 eam

247 4660 345 4712 δια
378 4658 582 4726 φθορᾶς
616 4657 708 4708 καὶ
741 4653 1084 4720 ἀλλοιώσεως
1112 4653 1368 4724 ῥέουσαν,
1397 4651 1491 4704 καὶ
1525 4649 1721 4705 θᾶττον
1747 4651 1845 4715 τὰς

1954 4669 2140 4715 tenere
2169 4659 2276 4714 sibi
2302 4659 2563 4715 videntur
2588 4675 2786 4713 manus
2815 4659 3172 4730 eﬂ‘ugicntem
3203 4673 3369 4730 quam
3393 4673 3533 4714 vana

242 4753 366 4804 τῶν
401 4751 544 4820 ἕλξιν
596 4749 926 4818 νομιζόντων
955 4749 1144 4816 χεῖρας
1193 4743 1378 4816 (24.0
1429 4743 1482 4815 α)
1521 4743 1848 4814 διαφεύγου-

245 4862 357 4898 σαν
394 4843 426 4914 ἢ
450 4843 581 4914 ὄναρ
609 4841 984 4894 ἀνυπόστατον
1005 4839 1296 4909 βλέποντα.

258 5032 366 5083 Ἐκ
398 5027 502 5080 τοῦ
525 5025 710 5080 αὐτοῦ
739 5025 948 5093 λόγου,
980 5026 1068 5088 είς
1095 5023 1184 5083 τὸ,
1219 5041 1237 5073 ι
1283 5025 1365 5076 Οὐ
1398 5022 1506 5090 γὰρ
1545 5021 1843 5089 πολλάκις

327 5120 584 5188 Χριστὸς
635 5117 801 5186 φιλεῖ
833 5117 1262 5184 κλεπτόμενος,
1295 5116 1391 5170 καὶ
1439 5116 1491 5168 εὶ
1533 5115 1677 5168 λίαν
1711 5114 1843 5168 ἐστὶ

325 5211 768 5281 φιλάνθρωπος.
807 5206 914 5278 (-iU)
948 5227 967 5258 ι

325 5305 394 5358 Τί
445 5305 672 5373 δήποτε,
707 5301 872 5368 φασὶν
921 5291 1157 5354 ἐνταῦθα
1204 5300 1298 5352 τοῦ
1355 5299 1516 5366 λόγου
1561 5297 1842 5369 γενόμενοί

241 5397 508 5461 οτινες,ἐί
533 5395 652 5447 λίαν
701 5394 821 5446 ἐστὶ
869 5391 1258 5462 φιλάνθρωπος
1297 5395 1326 5446 ὁ
1358 5393 1509 5455 Θεὸς,
1565 5392 1660 5445 καὶ
1696 5391 1846 5461 πηγὴ

249 5486 674 5560 φιλανθρωπίας
717 5483 1094 5546 ἀνέκλειπτος,
1141 5483 1284 5536 ὥστε
1335 5483 1461 5553 μηδ’
1509 5481 1688 5535 ὁτιοῦν
1743 5482 1848 5534 ὑπὸ

247 5581 366 5638 τῶν
397 5577 718 5650 ἀρυομένων
753 5575 1133 5638 ἐλαττοῦσθαι,
1164 5575 1238 5645 μὴ
1273 5574 1419 5644 φιλεῖ
1441 5575 1844 5644 κλεπτόμενος;

249 5668 417 5724 Οὕτω
442 5671 552 5738 γὰρ
593 5665 659 5720 ἂν
695 5665 896 5736 μᾶλλον
943 5666 1006 5718 τὸ
1043 5665 1429 5738 φιλάνθρωπον
1476 5665 1842 5730 ἐπεδείκνυτο,

331 5790 444 5863 (ὅθι
473 5789 634 5858 Greg.
659 5788 790 5863 Νη,
819 5787 912 5842 0r.
937 5787 1573 5863 insunetumltnptismu.
1603 5803 1723 5858 cap.
1754 5787 1843 5854 12,

252 5886 313 5941 p.
342 5859 476 5939 699,
513 5872 646 5916 tom.
681 5859 722 5914 l.
753 5860 917 5930 0pp.,
950 5859 1084 5916 edit.
1131 5859 1338 5914 Bened.

1949 4754 2320 4809 somniantem
2351 4751 2534 4808 noctis
2560 4752 2758 4823 imago.

1949 5023 2034 5077 Ea:
2065 5023 2244 5077 eodem
2271 5039 2512 5076 sermone
2557 5024 2610 5076 in
2645 5022 2780 5076 illud
2803 5038 2821 5076 .·
2852 5041 2870 5072 ι
2910 5021 3027 5076 Νοη
3054 5022 3192 5073 enim
3217 5035 3356 5087 swpe
3381 5017 3534 5073 Citri—
3626 5093 3631 5098 η

2020 5123 2132 5169 stus
2165 5114 2262 5168 sibi
2295 5113 2498 5184 aliquid
2530 5113 2731 5184 subripi
2767 5121 2942 5176 amat,
2973 5111 3182 5164 tametsi
3215 5111 3348 5163 mire
3380 5109 3529 5162 beni-

2019 5222 2152 5276 gnus
2181 5215 2229 5259 et
2261 5205 2448 5276 facitis.
2485 5223 2504 5255 ›

2019 5296 2162 5363 Quid
2193 5295 2438 5362 tandem,
2463 5294 2619 5350 aiunt
2641 5294 2887 5365 quidam,
2913 5309 3037 5347 cum
3066 5293 3120 5345 in
3149 5293 3296 5345 hunc
3325 5289 3531 5344 oratio-

1945 5390 2032 5444 nis
2058 5389 2240 5444 locum
2267 5395 2660 5458 pervenerunt,
2691 5388 2737 5442 si
2762 5387 2920 5442 valde
2946 5384 3222 5454 benignus
3248 5393 3333 5437 est
3361 5383 3526 5446 Deus,

1944 5489 2001 5536 et
2037 5479 2394 5550 benignitatis
2425 5478 2548 5532 fons
2581 5479 2874 5548 perennis,
2907 5477 3045 5532 adeo
3078 5485 3139 5530 ut
3173 5476 3326 5530 nullo
3364 5475 3529 5528 modo

1944 5571 2119 5644 possit
2144 5570 2454 5636 exhauriri,
2483 5569 2589 5624 sibi
2619 5569 2829 5639 aliquid
2859 5569 3072 5638 subripi
3104 5585 3212 5622 non
3241 5567 3423 5622 amat?
3451 5568 3529 5622 ita

1943 5665 2094 5720 enim
2123 5664 2296 5734 magis
2322 5664 2567 5718 eluceret
2593 5662 2926 5734 benignitas,
2959 5677 3070 5716 non
3100 5661 3368 5715 exhausta
3401 5659 3530 5716 inde

1945 5855 1988 5909 Β
2026 5785 2136 5910 (to)
2180 5784 2325 5839 ldem
2350 5785 2502 5851 ibid.,
2526 5765 2660 5855 cap.‘
2685 5784 2772 5849 εδ,
2810 5799 2865 5854 p.
2903 5783 3184 5848 717,10“).
3212 5779 3234 5836 1
3263 5778 3404 5850 Opp.
3436 5778 3530 5834 ed.

1989 5871 2090 5910 ene
2138 5897 2149 5908 .

1989 5871 2127 5911 eneu
2138 5897 2149 5908 .
