4012 6370
543 325 675 394 ὶ35ὶ
1706 317 1766 377 S.
1807 315 2097 374 ΜΑλΙΜΙ

2191 313 2650 374 DNFESSORIS
3673 309 3775 377 13ἷᾶ

537 437 688 506 quod
721 437 1037 492 volentibus
1081 431 1429 502 subripiendi
1471 427 1681 499 aliquid
1716 427 1876 481 daret
1911 428 2121 484 locum,

2194 465 2204 486 ,
2237 426 2311 496 μὴ
2339 426 2733 495 ἐλαττούμενον
2762 424 2850 478 διὰ
2880 425 2975 478 τοῦ
3000 424 3203 480 διδόναι
3225 424 3411 496 χώραν
3439 425 3549 487 τοῖς
3577 424 3778 480 ὲθέλουιῖι

537 533 841 602 praesertim
887 547 1010 585 cum
1050 530 1290 584 salutare
1328 533 1475 580 esset
1510 523 1717 577 furtum
1739 562 1753 584 ,
1785 531 1841 574 et
1878 520 2121 588 quoties-

2236 516 2515 579 κλέπτειν,
2548 517 2646 570 καὶ
2683 516 2920 586 μάλιστα
2950 517 3156 588 κλοπὴν
3188 517 3484 588 σωτήριον,
3508 517 3604 570 καὶ
3630 519 3785 583 ὁσάκις

535 639 756 695 cunque
791 624 1117 678 voluissent.
1147 619 1388 686 Quibus,
1417 619 1532 671 Deo
1569 629 1876 669 sermonem
1903 612 2119 682 gratiﬁ-

2235 607 2301 660 ἂν
2334 608 2558 660 θέλοιεν.
2592 606 2738 678 Πρὸς
2761 607 2855 670 οὓς
2877 608 3014 660 Θεοῦ
3051 609 3211 676 λόγον
3233 608 3591 679 χαριζομένου
3617 612 3784 680 φαμὲν,

534 725 718 779 cante,
775 715 1174 786 respondemus
1196 712 1344 782 quod
1372 711 1478 763 hoc
1507 709 1687 778 ipsum
1713 714 1796 759 est
1819 704 2118 774 benignita-

2233 699 2425 768 ὅτιπερ
2472 701 2606 752 αὐτὸ
2633 700 2792 754 τοῦτο
2829 700 3245 772 φιλανθρωπίας
3279 700 3490 771 πλῆρές
3517 701 3645 763 ἐστι,
3677 705 3788 772 μάλ-

538 809 609 864 tis
640 809 884 878 plenum,
914 807 998 861 vel
1024 805 1208 875 potius
1240 804 1357 873 ipsa
1385 799 1717 870 benignitas,
1745 806 1802 851 et
1824 795 2007 866 quoad
2033 811 2122 849 eos

2233 792 2324 844 λον
2385 793 2441 845 δὲ
2491 793 2622 846 αὐτὸ
2691 792 3074 864 φιλανθρωπία
3109 794 3193 856 ³⁸,
3243 794 3337 846 καὶ
3404 793 3532 855 τοὺς
3588 795 3702 863 περί
3749 813 3789 848 τι

537 898 634 966 qui
668 898 878 966 aliquid
912 896 1201 964 subripere
1232 895 1427 947 volunt
1461 889 1722 946 salutaris
1767 887 2121 958 providentia

2235 884 2488 936 κλέπτειν
2510 885 2555 916 ³⁵
2596 885 2904 950 ἐθέλοντας,
2958 884 3176 954 ἀγαθῆς
3223 883 3567 956 προμηθείας
3605 886 3789 953 ἔνδειξις

539 987 1043 1042 luculentissimum
1071 993 1459 1056 argumentum
1479 1022 1493 1045 ,
1523 997 1632 1035 non
1667 979 1853 1033 sinere
1880 978 2123 1032 volentes

2236 975 2575 1046 σαφεστάτη,
2614 976 2674 1030 τὸ
2719 976 2796 1046 μὴ
2841 981 3150 1048 συγχωρεῖν
3201 978 3315 1038 τοῖς
3351 975 3597 1028 ἐθέλουσι
3626 976 3789 1029 πολλά·

539 1080 741 1149 saepius
793 1087 854 1131 ut
898 1079 948 1132 ci
1003 1076 1211 1146 aliquid
1266 1073 1609 1142 subripiam,
1652 1086 1722 1124 ne
1767 1070 1942 1134 forte,
1982 1068 2123 1123 facili

2233 1086 2320 1131 κις
2363 1069 2528 1122 αὐτὸν
2552 1069 2829 1133 κλέπτειν,
2859 1069 2936 1133 ὼς
2978 1069 3046 1123 ἀν
3078 1070 3152 1141 μὴ
3197 1068 3494 1141 προχείρου
3533 1069 3789 1138 τυγχάνον·

533 1172 734 1226 salutis
763 1171 1119 1233 alienatione,
1149 1167 1536 1224 facillima'ﬁat
1563 1174 1972 1234 consequenter
1997 1163 2117 1217 doni

2233 1181 2324 1226 τος
2352 1163 2448 1217 τοῦ
2508 1164 2876 1235 σφετερισμοῦ
2918 1164 3017 1233 τῆς
3055 1164 3334 1234 σωτηρίας
3383 1163 3559 1234 ῥᾴστη
3603 1163 3793 1232 γένηται

530 1263 801 1334 abjectio,
845 1262 993 1332 quod
1034 1262 1298 1317 videlicet
1341 1259 1495 1315 nullo
1545 1259 1770 1330 negotio
1812 1271 2114 1326 recuperari

2235 1257 2378 1312 κατά
2423 1257 2485 1310 τὸ
2519 1257 2667 1320 εἰκὸς
2699 1259 2794 1311 καὶ
2834 1260 2867 1328 ἡ
2914 1259 3009 1311 τοῦ
3066 1257 3411 1328 δωρηθέντος
3460 1255 3708 1325 ἀποϐολὴ,
3739 1253 3794 1318 ὼς

537 1366 734 1426 queat,
782 1371 929 1424 neve,
967 1354 1113 1409 firmi
1169 1370 1235 1409 ac
1284 1353 1503 1409 stabilis
1555 1353 1612 1406 in
1665 1351 1901 1420 pulchro
1952 1357 2121 1404 status

2235 1350 2494 1422 εὐμαρῶς
2528 1351 2690 1405 πάλιν
2719 1351 2996 1422 ληφθῆναι
3027 1351 3352 1422 δυναμένου,
3403 1350 3502 1402 καὶ
3541 1348 3639 1417 τῆς
3667 1351 3718 1401 ἐν
3738 1349 3796 1416 τῷ

537 1448 715 1518 ignari
752 1429 1060 1502 efficiantur
1083 1447 1178 1516 qui
1208 1446 1415 1500 donum
1443 1443 1782 1513 acceperint,
1809 1441 1942 1496 dum
1970 1441 2121 1496 facile

2234 1443 2387 1512 καλῷ
2440 1445 2782 1514 ἀμεταθέτου
2825 1446 2921 1499 καὶ
2950 1446 3155 1512 παγίας
3196 1444 3363 1508 ἕξεως
3410 1441 3643 1512 ἀμαθεῖς
3688 1445 3797 1496 ἀπο·

539 1537 594 1590 in
629 1538 936 1608 nequitiam
971 1538 1229 1590 labantur
1257 1550 1452 1590 eorum
1488 1535 1656 1588 animi
1692 1541 1920 1602 propter
1954 1531 2123 1586 facili-

2233 1535 2511 1602 φανθῶσιν
2539 1538 2591 1589 οἱ
2619 1538 2979 1608 τυγχάνοντες
2999 1537 3096 1607 τῆς
3115 1537 3347 1606 δωρεᾶς,
3368 1536 3707 1604 εὐέμπτωτον
3738 1537 3799 1596 εἰς

535 1636 706 1684 tatem
735 1629 1107 1700 possessionis
1129 1628 1352 1699 pulchri
1375 1626 1444 1682 de
1470 1627 1681 1681 vilitate
1705 1619 2056 1693 contemptm.

2234 1627 2435 1679 κακίαν
2465 1629 2566 1698 τὴν
2609 1630 2837 1701 γνώμην
2873 1630 3089 1701 ἔχοντες
3137 1629 3228 1683 διὰ
3262 1629 3363 1699 τὴν
3403 1629 3698 1697 εὐμάρειαν
3722 1627 3800 1697 τῆς

2233 1719 2329 1772 τοῦ
2372 1720 2540 1775 καλοῦ
2571 1725 2841 1795 κτήσεως,
2874 1724 2952 1795 τῷ
2991 1722 3178 1794 εὐὼνῳ
3229 1721 3753 1793 καταφρονουμένης.

538 1919 800 1990 Ejusdem
821 1936 885 1974 ex
901 1935 1144 1974 sermone
1171 1921 1225 1973 in
1273 1919 1504 1981 Pascha,
1557 1918 1616 1970 in
1646 1915 1819 1970 illud:
1858 1933 1876 1966 ι
1915 1913 2122 1969 Nudum

2239 1916 2350 1971 Τοῦ
2387 1917 2576 1972 αὐτοῦ
2612 1919 2681 1972 ἐκ
2721 1920 2828 1973 τοῦ
2867 1921 2958 1985 εἰς
2995 1919 3062 1973 τὸ
3100 1917 3322 1986 Πάσχα
3351 1918 3569 1985 λόγου,
3614 1917 3696 1981 εἰς
3730 1916 3799 1977 τὸ,

514 2007 534 2022 ’
609 2026 700 2080 per
729 2011 1123 2080 simplicitatem
1150 2020 1198 2063 et
1222 2011 1387 2063 vitam
1425 2007 1654 2076 artiﬁcio
1699 2016 1992 2071 carentem,
2039 2015 2096 2059 at

2309 2011 2601 2079 «Γυμνὸν
2641 2009 2717 2078 τῇ
2762 2010 3057 2078 ἁπλότητι
3096 2010 3195 2064 καὶ
3249 2007 3365 2076 ζωῇ
3425 2006 3672 2076 ἀτέχνῳ,
3725 2006 3802 2059 καί

605 2117 710 2172 que
755 2104 926 2155 omnis
977 2103 1329 2172 integumenti
1371 2110 1419 2154 et
1467 2101 1786 2154 munimenti
1837 2109 2123 2164 expertem.

2301 2102 2445 2171 δίχα
2501 2103 2726 2168 παντὸς
2777 2104 3269 2172 ἐπικαλύμματος
3326 2101 3429 2154 καὶ
3491 2097 3798 2167 προϐλήμα-

611 2191 796 2247 Talem
833 2194 973 2246 enim
996 2209 1104 2247 esse
1123 2192 1464 2271 conueniebat
1493 2209 1612 2246 eum
1658 2192 1750 2261 qui
1780 2191 2015 2260 primum
2042 2207 2124 2244 es-

2303 2211 2426 2260 τος.
2510 2193 2790 2249 Τοιοῦτον
2848 2195 2957 2264 γὰρ
3025 2193 3290 2262 ἔπρεπεν
3353 2189 3514 2246 εἶναι
3580 2193 3684 2244 τὸν
3718 2186 3800 2243 ἀπ’

607 2292 685 2337 set
715 2291 944 2337 creatus.
974 2302 992 2332 ι

2299 2287 2516 2357 ἀρχῆςο
2549 2287 2661 2358 (41)
2704 2312 2723 2340 ο

609 2375 751 2440 Quid
798 2390 1030 2444 magnus
1089 2374 1194 2428 iste
1225 2373 1419 2428 doctor
1447 2373 1536 2428 his
1578 2373 1769 2428 verbis
1795 2374 2012 2428 occulte
2042 2389 2130 2429 re.-

2303 2379 2369 2430 Τί
2421 2379 2523 2448 μὲν
2581 2380 2671 2434 διὰ
2733 2380 2942 2435 τούτων
2997 2384 3026 2435 ὁ
3077 2381 3254 2452 μέγας
3306 2372 3469 2443 οὗτος
3519 2375 3799 2438 διδάσκαλος

520 2468 689 2526 ,velet
715 2466 861 2520 solos
897 2466 1022 2519 illos
1051 2481 1214 2519 nosse
1234 2465 1324 2518 aio
1346 2465 1442 2534 qui
1468 2464 1590 2535 pari
1623 2481 1749 2520 cum
1767 2480 1836 2520 eo
1864 2466 2040 2536 gratia
2073 2480 2102 2518 e

2233 2468 2481 2537 κρυφίως
2513 2469 2918 2536 ἀποκαλύπτει,
2953 2471 3146 2543 μόνους
3187 2471 3436 2532 ἐκείνους
3465 2468 3659 2522 εἰδέναι
3688 2466 3801 2536 φημὶ

538 2557 827 2628 sapientiae
844 2567 900 2612 et
910 2558 1240 2628 cognitionis
1255 2566 1383 2613 sunt
1400 2559 1664 2628 impertiti
1676 2599 1690 2622 ,
1705 2557 1822 2628 qui,
1836 2567 2122 2627 postquam

2231 2559 2360 2623 τοὺς
2405 2559 2467 2612 τὸ
2519 2561 2634 2615 ἴσον
2676 2561 2828 2632 αὐτῷ
2881 2565 2980 2634 τῆς
3023 2564 3220 2632 σοφίας
3256 2561 3555 2632 εἰληφότας
3599 2559 3689 2612 καὶ
3725 2559 3801 2626 τῆς

540 2649 944 2705 intellectuales
961 2649 1152 2704 oculos
1180 2649 1248 2704 de
1270 2649 1420 2702 omni
1442 2649 1762 2719 passionum
1785 2658 1841 2702 et
1866 2648 2124 2702 materia-

2235 2649 2494 2717 γνώσεως
2546 2652 2816 2723 χάρισμα,
2867 2653 2916 2706 οἳ
2955 2653 3047 2707 διὰ
3078 2654 3140 2706 τὸ
3168 2656 3350 2707 πᾶσαν
3397 2652 3503 2722 τὴν
3551 2653 3614 2704 ἐκ
3644 2649 3800 2703 παθῶν

539 2739 610 2794 lis
641 2739 876 2794 allectus
927 2739 1091 2794 sorde
1118 2748 1518 2810 purgaverunt,
1561 2739 1896 2810 cognitionis
1927 2740 1982 2794 in
2005 2739 2123 2794 uni-

2239 2742 2335 2796 καὶ
2365 2743 2550 2814 πάσης
2601 2744 2796 2811 ὑλικῆς
2853 2745 3233 2816 προσπαθείας
3281 2745 3474 2815 λήμην
3533 2740 3799 2797 ἀποθέσθαι

539 2831 722 2885 versis
747 2846 890 2886 verae
921 2831 1141 2886 radium
1164 2832 1451 2902 percipere
1483 2832 1791 2902 potuerint,
1831 2847 1930 2901 per
1961 2847 2123 2902 quam

2237 2832 2350 2886 τῶν
2384 2834 2585 2905 νοερῶν
2625 2834 2896 2906 ὀμμάτων
2939 2835 3040 2909 τὴν
3071 2837 3268 2890 ἀκτῖνα
3294 2837 3394 2907 τῆς
3439 2836 3498 2886 ὲν
3525 2834 3666 2896 ὅλοις
3693 2831 3797 2900 ἀλῃ-

540 2923 816 2992 simplice,
863 2923 1048 2992 quoad
1091 2925 1213 2994 ejus
1248 2922 1368 2978 ﬁeri
1411 2924 1610 2994 possit,
1659 2932 1718 2978 et
1755 2923 2016 2978 uniformi
2045 2939 2124 2979 ra-

2240 2924 2368 2989 θοῦς
2403 2925 2658 2995 γνώσεως
2691 2930 2889 2998 χωρεῖν
2917 2928 3279 2998 ἐδυνήθησαν,
3330 2926 3458 2981 καθ’
3483 2927 3552 2995 ἣν
3579 2923 3653 2994 τῷ
3671 2921 3797 2990 ἀπλῴ

541 3017 692 3071 tione
721 3023 968 3070 mentem
993 3031 1024 3070 a
1051 3016 1415 3071 multitudine
1435 3016 1785 3071 retrahentes
1812 3016 2125 3070 universam

2241 3017 2384 3071 κατά
2413 3017 2475 3070 τὸ
2496 3018 2720 3088 ἐφικτὸν
2747 3020 2842 3072 καὶ
2871 3020 3095 3073 ἐνοειδεῖ
3121 3018 3266 3090 λόγῳ
3306 3019 3400 3071 τὸν
3426 3016 3556 3071 νοῦν
3587 3017 3688 3069 ἀπὸ
3712 3014 3796 3068 τῶν

543 3126 730 3165 rerum
756 3126 879 3180 qua:
900 3117 1119 3165 exstant
1157 3111 1449 3165 scientiam
1479 3111 1733 3180 simplice
1759 3110 2127 3181 intelligentia

2240 3107 2456 3160 πολλῶν
2509 3109 2956 3179 περιστείλαντες
3005 3112 3190 3164 πᾶσαν
3239 3111 3338 3182 τὴν
3393 3099 3797 3178 ἐπιστημονικὴν

542 3203 1063 3271 complecterentur.
1101 3203 1213 3258 Nos
1232 3219 1389 3270 vero,
1425 3219 1569 3273 quos
1597 3203 1924 3273 ignorantiae
1949 3204 2126 3259 adhuc

2239 3198 2349 3251 τῶν
2414 3199 2614 3272 (240
2659 3200 2724 3270 a)
2787 3201 2958 3255 liv-raw
3017 3203 3165 3274 ἁπλῇ
3229 3203 3451 3256 συνέσει
3511 3198 3795 3272 περιέλαεον

543 3296 794 3350 tenebrae
840 3297 1092 3351 veritatis
1144 3296 1506 3367 perceptione
1554 3295 1838 3366 prohibet,
1904 3304 2127 3365 pr0pter

2239 3289 2467 3358 εἴδησιν.
2513 3292 2675 3360 Ἡμῖν
2711 3291 2768 3345 δὲ
2808 3286 2892 3355 οἷς
2925 3294 2953 3346 ὁ
3001 3293 3167 3362 ζόφος
3203 3293 3284 3346 ἔτι
3316 3295 3418 3364 τῆς
3442 3292 3662 3361 ἀγνοίας
3696 3291 3793 3342 ἐπι-

545 3389 752 3442 mentis
781 3387 930 3442 circa
957 3389 1074 3443 sola
1101 3389 1426 3443 ﬂuctuantia
1450 3388 1837 3459 agitationem,
1868 3387 2129 3457 quemad-

2239 3383 2470 3452 προσθεῖ
2505 3383 2640 3450 πρὸς
2666 3383 2766 3455 τὴν
2795 3383 2889 3437 τοῦ
2939 3383 3174 3456 ἀληθοῦς
3223 3385 3582 3456 κατανόησιν,
3616 3381 3697 3436 διὰ
3720 3382 3795 3450 τὴν

544 3478 774 3532 modum
823 3493 1001 3533 caecus
1033 3479 1304 3534 ambabus
1358 3479 1616 3533 manibus
1638 3477 1970 3548 quisquilias
2002 3493 2128 3549 per-

2238 3473 2370 3543 περὶ
2410 3474 2550 3542 μόνα
2568 3476 2639 3527 τὰ
2670 3475 3004 3546 σαλευόμενα
3032 3475 3127 3532 τοῦ
3155 3477 3248 3532 νοῦ
3284 3476 3618 3548 συστροφὴν,
3642 3475 3796 3542 ὥσπερ

545 3579 766 3626 tentans
793 3570 940 3625 haud
994 3586 1120 3625 raro
1150 3571 1361 3643 aliquid
1421 3571 1654 3641 pretiosi
1696 3571 1947 3625 invenire
1973 3570 2129 3634 solet,

2235 3563 2439 3633 τυφλὸς
2498 3564 2668 3636 ἄμφω
2734 3565 2814 3620 τὼ
2871 3571 3022 3639 χεῖρε
3083 3570 3317 3641 φορυτὸν
3376 3569 3514 3640 ὕλης
3570 3567 3795 3636 ἀφάσσων

545 3663 630 3718 sic
663 3679 768 3717 nos
797 3679 1018 3732 quoque
1039 3679 1166 3718 cum
1194 3673 1385 3720 nostra
1413 3664 1738 3719 inﬁrmitate
1771 3663 1839 3718 de
1867 3665 2129 3734 prasenti

2238 3655 2484 3727 εὑρίσκει
2533 3657 2796 3724 πολλάκις
2823 3677 2875 3713 τι
2923 3660 3034 3714 τῶν
3059 3663 3277 3731 τιμίων,
3299 3660 3476 3723 οὕτως
3524 3653 3796 3728 ἐπιχειροῦ-

545 3757 856 3827 quaestione
897 3757 1108 3827 aliquid
1136 3757 1323 3813 dicere
1355 3757 1733 3829 aggredimur.
1769 3759 1951 3826 Atque
1985 3754 2126 3812 nihil

2242 3765 2345 3820 μεν
2399 3749 2494 3802 καὶ
2545 3753 2708 3820 ἡμεῖς
2753 3751 2893 3822 μετά
2921 3751 3021 3821 τῆς
3075 3752 3284 3806 ἑαυτῶν
3333 3751 3620 3813 ἀσθενείας
3652 3748 3792 3801 εἰπεῖν

543 3846 690 3899 aliud
721 3846 950 3900 omnino
993 3847 1235 3903 dicimus
1261 3865 1426 3918 quam
1480 3847 1627 3920 quod
1680 3848 1824 3902 Deus
1876 3849 2038 3902 nobis
2079 3848 2127 3902 in

2322 3842 2578 3914 περὶτοῦ
2631 3844 2997 3915 προκειμένου
3051 3847 3387 3916 ζητήματος.
3423 3845 3538 3898 Καὶ
3566 3844 3629 3914 δὴ
3670 3840 3791 3908 1510-
3879 3919 3881 3922 η

545 3955 742 3994 manus
798 3940 1032 4004 dederit,
1090 3942 1401 3996 secundum
1434 3942 1583 4011 quod
1634 3941 1902 4010 scriptum
1934 3949 2039 4005 est,
2065 3941 2129 3995 ad

2241 3953 2342 4007 μεν
2369 3935 2498 3990 ἀλλο
2519 3935 2581 3988 τὸ
2602 3936 2867 4007 παράπαν
2900 3937 3052 3991 οὐδὲν
3090 3938 3123 4009 ἢ
3158 3939 3293 4010 ὅπερ
3319 3938 3348 3989 ὁ
3375 3937 3514 4000 Θεὸς
3539 3938 3594 3990 ἐν
3637 3933 3792 4005 χερσὶν

543 4029 774 4083 alendos
825 4043 923 4097 pro
958 4029 1104 4083 virili
1164 4040 1320 4098 parte
1348 4045 1413 4084 ac
1469 4031 1736 4085 facultate
1792 4046 1912 4089 vos.
1949 4038 2127 4100 patres

2238 4027 2398 4100 ημῶν
2463 4027 2693 4099 παραδῷ
2748 4028 2895 4082 κατά
2963 4031 3024 4082 τὸ
3092 4028 3507 4101 γεγραμμένον,
3579 4026 3702 4096 πρὸς
3746 4023 3792 4074 τὸ

543 4121 722 4177 bonos
757 4130 1001 4186 nostros,
1043 4121 1100 4175 id
1129 4131 1214 4176 est
1269 4122 1577 4191 simplicem
1623 4131 1680 4176 et
1727 4121 2000 4177 modicam
2029 4138 2127 4176 no-

2238 4121 2436 4194 θρέψαι
2477 4121 2622 4176 κατὰ
2666 4121 2898 4192 δύναμιν
2944 4123 3102 4194 ἡμῶν
3149 4123 3276 4186 τοὺς
3326 4123 3526 4185 καλοὺς
3585 4118 3792 4187 πατέρας

544 4211 745 4281 bisque
775 4211 1197 4266 convenientem
1219 4213 1772 4282 contemplationem,
1814 4212 2128 4283 intelligen-

2239 4216 2407 4286 ὑμᾶς,
2458 4214 2602 4283 λέγω
2653 4214 2710 4268 δὲ
2753 4214 2829 4285 τῷ
2875 4213 3242 4285 ψηλαφητικῷ
3283 4214 3428 4284 λόγῳ
3480 4213 3580 4282 τῆς
3605 4213 3658 4264 ἐν
3684 4210 3791 4278 ἡμῖν

545 4303 635 4358 tia:
664 4313 868 4358 nostrai
897 4303 1290 4359 contrectabili
1313 4304 1663 4375 magisquam
1684 4305 1844 4358 ﬁrmo
1865 4312 2129 4374 certoque

2237 4311 2435 4381 νοερᾶς
2484 4309 2769 4380 δυνάμεως
2823 4307 3032 4364 ἁπλοῦν
3083 4309 3178 4362 καὶ
3225 4307 3523 4379 ἀπέριττον
3565 4303 3791 4373 θεώρημα

545 4395 686 4466 pede
745 4394 1139 4466 progrediente
1201 4397 1455 4451 oratione
1512 4397 1846 4464 institutam,
1895 4414 2129 4469 quaeque

2239 4404 2334 4455 καὶ
2385 4403 2516 4472 ἡμῖν
2551 4401 2888 4472 σύμμετρον,
2926 4402 3023 4454 καὶ
3069 4399 3347 4471 πατρικὴν
3377 4398 3626 4466 εὐλογίαν
3656 4407 3791 4463 προσ-

543 4501 830 4561 paternam
895 4491 1095 4548 invitet
1122 4491 1592 4559 benedictionem,
1641 4511 1712 4549 ne
1757 4511 1867 4564 qua
1919 4504 2127 4550 natura:

2206 4529 2208 4551 ι
2240 4493 2597 4563 καλούμενον,
2651 4495 2851 4563 μήπως
2877 4493 3067 4562 ἀφυῶς
3094 4493 3186 4546 τὸν
3213 4492 3385 4562 ἀγρὸν
3416 4491 3526 4545 τῶν
3550 4484 3790 4557 αἰσθητῶν

543 4583 774 4639 minime
803 4585 1205 4640 convenienter
1233 4586 1583 4640 sensibilium
1637 4601 1832 4657 agrum
1886 4585 2127 4642 sensibi-

2231 4583 2507 4653 αἰσθητῶς
2551 4582 2694 4636 κατά
2739 4581 2832 4635 τὸν
2878 4581 3050 4635 Ἥσαῦ
3092 4581 3504 4652 περιοδεύοντες
3553 4574 3790 4649 στερηθῶ·

545 4676 673 4730 liter
707 4676 765 4729 in
813 4677 1040 4731 modum
1069 4677 1213 4731 Esau
1257 4679 1680 4748 perlustrantes,
1708 4680 1780 4734 ob
1816 4680 2129 4734 tarditatem

2236 4693 2336 4746 μεν
2381 4675 2468 4729 διὰ
2522 4675 2834 4747 βραδυτῆτα
2884 4677 2986 4746 τῆς
3043 4674 3271 4745 ἑτοίμης
3336 4673 3428 4728 τοῦ
3484 4669 3789 4743 τρεφομένου

545 4777 737 4837 parata
785 4769 1068 4838 privemur
1093 4770 1267 4838 patris
1297 4771 1479 4825 satiati
1531 4771 1922 4825 benedictione
1955 4781 2005 4837 ',
2039 4780 2129 4825 aut

2233 4769 2443 4840 πατρὸς
2499 4768 2772 4838 εὐλογίας,
2824 4767 2857 4839 ἢ
2921 4767 3086 4823 πάλιν
3139 4767 3207 4820 δι’
3271 4764 3712 4837 ὐψηλοφροσύνην
3752 4775 3791 4809 τι

547 4874 745 4913 rursus
775 4861 965 4914 animo
999 4861 1260 4930 superbia
1301 4863 1448 4917 elato
1505 4863 1769 4932 majorem
1801 4871 2131 4932 potestatem

2239 4862 2422 4932 μεῖζον
2469 4862 2570 4931 τῆς
2623 4861 2909 4933 δυνάμεως
2964 4861 3122 4931 ἡμῶν
3170 4859 3557 4928 ἐπιζητοῦντες
3600 4861 3658 4910 ὲκ
3702 4851 3789 4905 τῶν

544 4959 862 5020 quaerentes
887 4951 955 5006 ab
997 4953 1079 5009 eis
1113 4953 1378 5008 damnum
1411 4955 1747 5024 accipiamus
1767 4953 2128 5023 quinostrum

2237 4955 2532 5008 οἰκούντων
2557 4953 2638 5006 ἔτι
2671 4954 2733 5006 τὸ
2763 4954 2886 5022 ὅρος
2921 4954 3079 5026 ἡμῶν
3101 4953 3201 5024 τῆς
3223 4952 3478 5024 θεωρίας,
3524 4948 3787 5022 τρωθῶμε·ι

546 5045 733 5100 adhuc
769 5047 1261 5116 contemplationis
1293 5056 1536 5102 montem
1567 5047 1777 5109 colunt,
1817 5045 1873 5099 in
1907 5028 2130 5100 modum

2239 5047 2383 5100 κατὰ
2415 5046 2508 5098 τὸν
2547 5045 2786 5118 Ἰσραὴλ,
2819 5046 2949 5117 περὶ
2979 5039 3054 5100 ὧν
3093 5048 3123 5100 ὁ
3156 5045 3321 5116 νόμος
3343 5045 3510 5116 φησὶν
3539 5045 3617 5098 ὅτι
3641 5054 3787 5107 παρα·

545 5137 819 5204 lsrael,de
842 5140 1050 5208 quibus
1084 5141 1174 5194 lex
1207 5149 1421 5205 narrat,
1445 5139 1594 5208 quod
1636 5139 1960 5208 irruperunt
2004 5139 2129 5207 qui-

2237 5139 2559 5210 6ιασάμενοί
2596 5156 2744 5203 τινες
2767 5139 3042 5210 ἀνέϐησαν
3084 5141 3164 5203 είς
3192 5139 3252 5192 τὸ
3295 5139 3443 5208 ὅρος,
3480 5137 3572 5191 καὶ
3600 5131 3784 5203 ἐξῆλθεν

545 5231 670 5285 dam
686 5239 744 5286 et
766 5232 820 5285 in
848 5243 1092 5289 montem
1111 5233 1568 5295 ascenderunt,et
1588 5231 1762 5286 exivit
1778 5230 2129 5286 Amorrhzeus

2235 5236 2263 5286 ὁ
2304 5236 2652 5306 Ἀμοιρῤαἶος
2682 5229 2710 5288 ὃ
2735 5234 2899 5287 οίκῶν
2929 5237 2989 5287 ὲν
3015 5232 3094 5303 τῷ
3116 5233 3232 5301 ὄρει
3272 5232 3465 5302 ἐκείνῳ
3489 5230 3580 5284 καὶ
3599 5226 3783 5294 ἐτίτρω-

2717 5328 2734 5342 9

547 5320 696 5378 illius
717 5325 923 5380 montis
946 5325 1124 5380 incola
1153 5333 1320 5394 atque
1368 5323 1682 5379 vulneravit
1711 5339 1808 5379 eos
1841 5337 1886 5376 κ.
1933 5324 2128 5393 Suspi-

2239 5343 2368 5380 σκεν
2400 5326 2616 5389 αὐτούς.
2671 5326 2918 5380 ’Υπονοῶ
2960 5326 3139 5379 τοίνυν
3174 5327 3255 5379 ὃτι
3281 5323 3380 5396 τὴν
3425 5320 3677 5394 διαφορὰν
3703 5315 3783 5384 τῆς

617 5477 642 5502 ν
687 5469 824 5524 Gen.
858 5486 1022 5536 xxvu,
1051 5472 1114 5525 3t
1147 5486 1300 5540 seqq.
1382 5480 1408 5507 ι
1441 5471 1603 5524 Deut.
1633 5485 1672 5533 ι,
1725 5469 1812 5534 45,
1849 5470 1940 5524 44.

1832 5580 2076 5634 VARI/ﬁ
2120 5581 2508 5638 LECTIONES

633 5675 680 5707 ³⁸
709 5670 852 5725 COd.
883 5674 1025 5730 Gud.
1059 5673 1590 5744 αὐτοφιλανθρωπία.
1697 5674 1742 5706 ³⁵
1788 5677 1918 5744 περὶ
1955 5675 2015 5728 τό
2043 5692 2094 5726 τι
2122 5675 2374 5729 κλέπτειν
2409 5677 2533 5732 cod.
2565 5676 2709 5731 Gud.

605 5785 728 5854 {-H)
765 5779 916 5842 Idem
947 5787 1103 5843 Orat.
1133 5789 1187 5842 in
1222 5797 1394 5845 sanet.
1428 5789 1655 5856 Pascha,
1687 5806 1809 5862 cap.
1844 5791 1898 5856 8,
1928 5807 1982 5860 p.
2016 5790 2140 5857 850,
2180 5799 2313 5846 tom.
2358 5791 2378 5845 l
2422 5790 2561 5861 Opp.
2595 5791 2730 5846 edit.
2764 5791 2970 5847 Bened.
