4012 6368
348 316 482 386 1353

1588 320 2109 383 AMBIGUORUM
2151 323 2401 385 LIBER.

3474 315 3610 387 1351

347 431 452 499 πρὸ
469 427 562 482 τοῦ
628 426 1077 499 παραπτώματος
1135 428 1387 499 κράσεως
1447 426 1539 481 τοῦ
1587 431 1930 500 ἀνθρωπίνου

2036 450 2130 490 cor
2181 436 2349 506 igitur
2403 432 2552 505 quod
2602 436 3020 505 temperamenti
3068 435 3319 506 corporis
3370 436 3597 490 humani

347 520 601 591 σώματος
648 521 706 572 ὲν
761 520 837 589 τῷ
887 519 1193 590 προπάτορι
1261 519 1433 589 Ἀδάμ
1495 520 1630 590 πρὸς
1678 521 1776 592 τὴν
1834 523 1928 576 νῦν

345 611 730 681 θεωρουμένην
788 614 845 664 ἐν
899 613 1033 680 ἡμῖν
1079 613 1172 662 καὶ
1230 612 1539 680 κρατοῦσαν
1597 613 1933 679 ἐνδείξασθαι

340 703 673 775 βουλόμενος
728 701 904 755 ταῦτά
959 718 1125 771 φησιν
1186 702 1215 753 6
1261 703 1630 770 διδάσκαλος,
1685 704 1759 767 ὡς
1811 707 1931 758 τότε

340 794 544 865 δηλαδὴ
606 794 701 848 τοῦ
766 792 1053 864 ἀνθρώπου
1115 795 1386 857 ἐναντίαις
1453 796 1550 848 καὶ
1605 795 1933 866 φθαρτικαίς

341 880 590 950 ἀλλήλων
614 881 758 934 κατὰ
785 882 881 952 τὴν
908 883 1105 949 κρᾶσιν
1132 883 1223 935 τοῦ
1253 882 1503 952 σώματος
1537 884 1611 955 μὴ
1650 884 1933 956 διελκομέο

344 990 438 1026 νου
470 975 755 1044 ποιότησιν
780 1015 794 1038 ,
834 973 950 1027 ἀλλ’
986 974 1247 1037 ὡσαύτως
1276 975 1490 1043 ἔχοντος
1518 976 1640 1045 δίχα
1677 979 1805 1048 ῥοῆς
1841 980 1933 1033 καὶ

344 1067 645 1138 ἀπορροῆς,
699 1068 792 1119 καὶ¹
837 1066 937 1136 τῆς
986 1067 1073 1135 ἐφ’
1112 1067 1346 1138 ἑκάτερα
1406 1067 1610 1120 τούτων
1658 1071 1798 1121 κατά
1835 1071 1933 1140 τὴν

347 1153 807 1230 τῶν’ποιοτήτων
862 1160 1219 1230 ἐπικράτειαν
1283 1160 1541 1228 συνεχοῦς
1593 1159 1933 1223 ἀλλοιώσεως

345 1253 634 1323 ἐλευθέρου
680 1252 1083 1321 τυγχάνοντος,
1149 1245 1237 1303 οἵα
1296 1252 1360 1321 δὴ
1426 1252 1525 1320 τῆς
1581 1251 1723 1305 κατά
1774 1253 1933 1322 χάριν

347 1345 527 1423 (241
564 1344 641 1413 ιι.)
676 1343 975 1406 ἀθανασίας
1003 1345 1104 1417 οὐκ
1152 1341 1531 1412 ἀμοιροῦντος,
1584 1343 1678 1395 καὶ
1709 1342 1806 1413 τὴν
1838 1345 1933 1396 νῦν

349 1435 724 1507 μαστιγοῦσαι)
749 1436 910 1489 αὑτὸν
938 1438 1048 1498 τοῖς
1072 1436 1271 1502 ἑαυτῆς
1301 1435 1549 1505 κέντροις
1597 1434 1803 1505 φθοράν
1831 1438 1932 1489 οὑκ

347 1527 588 1597 ἔχοντος,
628 1526 742 1580 ἀλλ’
766 1527 959 1595 ἑτέραν
986 1525 1228 1593 δηλονότι
1265 1525 1583 1597 πρέπουσαν
1619 1526 1766 1596 αὑτῴ
1795 1529 1933 1596 κρᾶ-

347 1635 433 1671 σιν
485 1617 581 1670 τοῦ
638 1616 910 1686 σώματος,
967 1617 1201 1685 ἀμάχοις
1260 1616 1357 1669 καὶ
1423 1616 1622 1678 ἁπλαῖς
1684 1619 1933 1688 ποιότησι

346 1708 735 1778 συνεχομένην.
789 1707 924 1760 Καθ’
951 1707 1017 1777 ἦν
1064 1706 1269 1775 γυμνὸς
1309 1701 1376 1776 ἦν
1410 1708 1438 1759 6
1476 1707 1690 1779 πρῶτος
1719 1708 1931 1780 ἄνθρω-

1978 600 1981 605 _
2032 525 2164 580 Ade:
2196 526 2515 605 propatoris
2560 526 2722 595 quale
2762 525 2931 581 fuerit
2959 538 3086 581 ante
3117 514 3611 599 transgressionem

2032 617 2407 671 diﬂ'erentiam
2456 617 2524 672 ab
2555 634 2622 672 eo
2656 618 2805 688 quod
2859 620 2913 672 in
2938 618 3100 673 nobis
3129 618 3293 675 ho'die
3332 624 3615 689 spectatur

2033 714 2089 763 et
2136 709 2351 764 obtinet
2394 709 2931 779 signiﬁcarevolens
2986 711 3245 780 magister
3286 710 3405 765 haec
3453 711 3610 774 dicit,

2032 817 2157 855 cum
2182 802 2275 855 illo
2311 801 2567 855 videlicet
2590 811 2837 870 tempore
2888 802 3057 855 homo
3084 802 3448 870 qualitatibus
3472 818 3610 857 con-

2034 892 2220 945 trariis
2243 901 2298 946 et
2322 893 2427 948 sibi
2452 892 2689 947 invicem
2720 892 3038 946 exitialibus
3067 893 3371 947 secundum
3405 901 3614 963 tempe‘

2034 993 2343 1059 ramentum
2387 987 2639 1055 corporis
2670 1000 2782 1038 non
2810 984 3241 1049 distraheretur,
3271 985 3367 1039 sed
3390 985 3617 1054 quietus

2034 1085 2304 1139 maneret,
2341 1076 2409 1130 ab
2431 1077 2581 1130 omni
2616 1075 2765 1129 [luxu
2794 1087 2851 1130 et
2878 1077 3099 1131 deﬂuxu
3146 1080 3412 1141 intactus,
3449 1086 3504 1131 et
3545 1078 3617 1131 ab

2034 1176 2300 1237 perpetua
2331 1184 2388 1220 ιιι
2425 1169 2572 1222 hunc
2615 1168 2839 1222 illumve
2892 1184 2994 1238 pro
3025 1169 3338 1239 principatu
3376 1170 3620 1239 qualita-r

2037 1268 2152 1313 tum
2182 1260 2564 1314 immutatione
2587 1260 2751 1325 liber,
2782 1270 2970 1331 utpote
2996 1262 3092 1332 qui
3144 1263 3449 1316 secundum
3484 1278 3616 1334 gras

2036 1349 2168 1402 tiam
2210 1366 2314 1405 nec
2361 1351 2797 1406 immortalitatis
2847 1362 2994 1408 esset
3061 1369 3285 1422 expers,
3344 1336 3472 1409 nec
3510 1356 3611 1409 ha-

2034 1440 2192 1494 beret
2220 1441 2505 1495 interitum
2538 1440 2633 1511 qui
2684 1457 2835 1497 nunc
2881 1458 3007 1497 eum
3061 1442 3304 1496 stimulis
3350 1444 3615 1513 exagitat,

2035 1548 2228 1586 verum
2257 1532 2406 1586 aliud
2451 1533 2713 1587 nimirum
2752 1534 3012 1588 idoneum
3060 1536 3164 1604 ipsi
3196 1536 3453 1605 corporis
3476 1544 3620 1588 temJ

2036 1634 2438 1692 peramentum,
2488 1624 2857 1680 concordibus
2904 1625 3360 1697 simplicibusque
3382 1627 3618 1695 qualitas

2039 1714 2189 1769 tibus
2237 1715 2626 1770 constrictum.
2695 1715 3013 1771 Secundum
3063 1717 3212 1787 quod
3261 1717 3443 1772 nudus
3499 1719 3615 1771 erat

346 1816 471 1862 πος,
519 1799 617 1868 οὑχ
667 1798 741 1860 ὡς
784 1798 1025 1867 ἄσαρκος
1070 1799 1163 1850 καὶ
1201 1796 1514 1866 ἀσώματος,
1557 1798 1670 1851 ἀλλ’
1722 1799 1797 1862 ώς
1835 1801 1934 1871 τὴν

2037 1809 2251 1877 primus
2270 1807 2456 1871 homo,
2485 1824 2596 1862 non
2613 1809 2767 1878 quasi
2794 1810 2914 1863 sine
2953 1825 3119 1863 carne
3145 1825 3210 1864 ac
3236 1825 3494 1879 corpore,
3518 1807 3617 1863 sed

278 1942 300 1958 ,
346 1890 661 1959 παχυτέραν
713 1889 813 1957 τὴν
880 1888 1059 1956 σάρκα
1118 1885 1379 1939 ποιοῦσαν
1429 1887 1522 1939 καὶ
1582 1887 1781 1959 θνητὴν
1836 1892 1931 1943 καὶ

344 1984 639 2038 ἀντίτυπον
674 1982 876 2053 κρᾶσιν,
912 1981 1011 2032 οὐκ
1035 1979 1192 2049 ἔχων.
1210 2030 1213 2033 ,
1232 1979 1387 2030 Κατὰ
1408 1978 1597 2032 τοῦτον
1624 1982 1737 2053 τὸν,
1760 1981 1931 2050 μέγαν

344 2072 671 2127 διδάσκαλον
718 2074 959 2141 ἀτέχνως
1010 2087 1069 2122 τε
1124 2069 1220 2139 ἔζη
1270 2070 1346 2140 μὴ
1397 2070 1786 2139 διαπνεόμενος
1833 2071 1976 2140 τὴνκ

343 2165 497 2229 ἅπαξ
528 2163 802 2225 οὑσιωδῶς
835 2164 1078 2215 δοθεῖσαν
1116 2159 1265 2230 αὑτῴ
1302 2163 1538 2231 φυσικὴν
1576 2161 1812 2225 εὐεξίαν,
1838 2162 1931 2215 καὶ

344 2256 642 2327 περιϐολῆς
679 2255 925 2325 ὑπῆρχεν
958 2252 1284 2324 ἀπροσδεὴς,
1327 2252 1414 2306 διά
1461 2269 1521 2304 τε
1563 2254 1661 2323 τὴν
1707 2251 1933 2305 ἐνοῦσαν

342 2344 619 2397 ἀπάθειαν
679 2343 945 2413 αἰσχύνην
1006 2342 1081 2412 μὴ
1140 2339 1491 2411 ὑφορώμενος
1561 2342 1655 2394 καὶ
1722 2340 1783 2394 τὸ
1860 2341 1936 2413 μὴ

343 2440 582 2508 κρυμοῖς
649 2437 743 2489 καὶ
813 2435 1072 2489 θάλπεσιν
1136 2435 1298 2487 αὑτὸν
1366 2435 1707 2499 ὑποκεῖσθαι,
1770 2433 1836 2487 δι’
1901 2434 1938 2489 ἃ

343 2527 587 2599 μάλιστα
637 2525 739 2595 τῆς
792 2543 850 2578 τε
912 2525 1019 2577 τῶν
1070 2525 1235 2577 οἴκων
1294 2526 1388 2577 καὶ
1452 2523 1559 2578 τῶν
1610 2523 1936 2595 ἐσθημάτων

342 2620 644 2692 περιϐολῆς
673 2621 702 2673 6
734 2621 934 2691 τρόπος
960 2622 1072 2683 τοῖς
1106 2618 1414 2692 ἀνθρώποις
1450 2621 1814 2691 ἐπινενόηται.

727 2899 922 2966 Ἀλλη
952 2895 1083 2964 περὶ
1114 2894 1299 2951 αὐτοῦ
1333 2898 1564 2965 θεωρίαι

426 3012 496 3065 Ἣ
548 3013 758 3083 μήποτε
797 3012 889 3065 καὶ
921 3012 986 3064 ὲκ
1033 3011 1144 3064 τῶν
1174 3010 1269 3063 νῦν
1321 3012 1451 3081 περὶ
1501 3013 1596 3067 τὸν
1644 3006 1931 3087 ἄνθρωπον

2038 1909 2101 1953 ut
2137 1900 2380 1955 crassius
2401 1901 2546 1970 quod
2613 1917 2836 1957 carnem
2892 1902 3077 1967 ellicit,
3107 1903 3395 1958 mortalem
3425 1915 3480 1957 et
3517 1901 3621 1955 dua

2040 2006 2179 2055 ram,
2214 1999 2715 2062 temperamentum
2750 2009 2858 2047 non
2890 1993 3123 2048 habens.
3162 1992 3481 2049 Secundum
3510 2008 3619 2046 ma-

2040 2098 2208 2152 gnum
2262 2083 2411 2138 hunc
2453 2084 2738 2140 doetorem
2780 2095 2932 2140 certe
2975 2085 3197 2141 vivebat
3250 2087 3324 2141 ita
3369 2094 3429 2140 ut
3472 2087 3621 2142 bona

2040 2175 2292 2243 corporis
2316 2176 2436 2247 ejus
2468 2177 2737 2233 habitudo
2759 2179 3049 2242 naturalis,
3086 2194 3195 2249 qua
3201 2180 3389 2255 semel
3431 2195 3624 2234 essetis

2042 2268 2248 2322 tialiter
2301 2279 2449 2325 esset
2503 2270 2835 2340 impertitus,
2864 2286 2976 2326 non
3011 2278 3399 2335 evanesceret,
3448 2279 3623 2341 utque

2040 2356 2158 2425 ipse
2196 2356 2576 2427 integumento
2604 2374 2715 2414 non
2737 2368 2945 2430 egeret,
2980 2375 3106 2416 cum
3131 2360 3300 2415 nullis
3340 2359 3622 2431 passionis

2034 2446 2141 2503 bus
2168 2448 2444 2515 obnoxius
2473 2450 2742 2521 pudorem
2775 2450 2924 2505 haud
2977 2458 3276 2515 metueret,
3302 2466 3482 2520 neque
3514 2450 3617 2504 fri‘

2035 2539 2264 2609 goribus
2310 2548 2369 2595 et
2422 2540 2668 2596 aestubus
2719 2540 3003 2612 subjectus
3062 2549 3226 2604 esset,
3275 2554 3513 2611 quorum
3561 2541 3622 2594 iit

2036 2627 2233 2698 primis
2277 2644 2443 2684 causa
2473 2628 2739 2684 domuum
2782 2635 2840 2683 et
2876 2627 3340 2684 vestimentorum
3393 2628 3619 2701 integit-1r

2036 2721 2208 2776 menti
2232 2720 2576 2781 consuetudo
2603 2720 2672 2776 ab
2696 2720 3017 2777 hominibus
3055 2722 3370 2793 echgitata
3401 2714 3510 2777 est.

2205 2928 2210 2932 -
2299 2898 2483 2956 Altera
2517 2899 2580 2954 de
2605 2899 2784 2954 eodem
2814 2898 2924 2953 loco
2972 2897 3371 2967 contemplatio.

2114 3014 2213 3067 Vel
2246 3011 2482 3067 fortasse
2521 3011 2691 3066 etiam
2712 3027 2779 3066 ex
2810 3010 2892 3065 eis
2929 3025 3053 3081 qua:
3092 3007 3258 3063 hodie
3290 3007 3346 3062 in
3393 3006 3643 3083 homine-

342 3106 741 3178 θεωρουμένων
767 3106 835 3157 τὰ
870 3104 993 3156 τότε
1040 3104 1168 3174 περὶ
1201 3102 1363 3156 αὑτὸν
1393 3103 1520 3157 ὄντα
1551 3107 1617 3174 τῇ
1656 3109 1934 3178 περιαιρέ-

2045 3111 2368 3174 spectantur
2395 3101 2897 3173 comprehensione
2916 3107 3112 3155 eorum
3151 3109 3272 3169 quae
3299 3100 3528 3173 nunexin
3550 3110 3623 3155 co

347 3212 436 3249 σει
477 3196 586 3253 τῶν
641 3194 736 3248 νῦν
792 3195 922 3263 περὶ
976 3192 1140 3246 αὑτὸν
1195 3193 1363 3246 ὄντων
1417 3194 1845 3265 παροδείκνυσιν
1904 3200 1933 3253 ὁ

341 3287 684 3351 διδάσκαλος.
729 3288 976 3340 Κινεῖται
1019 3287 1129 3356 γὰρ
1172 3285 1268 3338 νῦν
1309 3287 1338 3338 6
1378 3285 1686 3357 ἄνθρωπος,
1740 3289 1934 3362 ἢπερὶ

345 3362 656 3447 ᾡαντασίας
685 3378 916 3446 ἀλόγους
943 3376 1130 3430 παθῶν
1161 3375 1219 3441 ἐξ
1247 3375 1461 3448 ἀπάτης
1486 3377 1574 3432 διά
1602 3381 1933 3452 φιληδονίαν,

347 3471 382 3543 ἦ
413 3473 543 3543 περὶ
568 3472 760 3540 λόγους
788 3473 993 3541 τεχνῶν
1012 3474 1074 3525 ἐκ
1093 3473 1467 3540 περιστάσεως
1491 3472 1580 3527 διὰ
1601 3473 1698 3539 τὴν
1721 3474 1933 3544 χρείαν,

345 3562 382 3634 ἢ
426 3564 553 3634 περὶ
606 3564 870 3630 φυσικοὺς
904 3562 1097 3631 λόγους
1140 3563 1203 3615 ὲκ
1245 3563 1338 3616 τοῦ
1384 3563 1549 3634 νόμου
1580 3566 1679 3634 τῆς
1719 3564 1936 3632 φύσεως

345 3654 438 3709 διά
471 3655 729 3726 μάθησιν,
770 3648 845 3708 ὧν
868 3654 1022 3708 οὐδὲν
1048 3656 1169 3708 κατ’
1208 3656 1385 3726 ἀρχὴν
1425 3656 1650 3717 εἰκότως
1680 3656 1737 3720 ἐξ
1769 3656 1937 3723 ἀνάγ-

353 3766 454 3817 κης
483 3744 634 3801 εἷλκε
678 3749 768 3800 τὸν
796 3748 1104 3819 ἄνθρωπον,
1157 3749 1414 3817 ὑπεράνω
1453 3748 1670 3801 πάντων
1712 3750 1938 3819 γενόμε-

347 3858 462 3895 νον.
494 3839 652 3893 Οὕτω
679 3841 789 3910 γὰρ
816 3839 1054 3910 ἔπρεπεν
1092 3835 1231 3891 εἶναι
1268 3840 1360 3892 τὸν
1390 3838 1485 3892 ἀπ’
1517 3838 1712 3908 ἀρχῆς,
1746 3840 1937 3909 μηδενὶ

346 3935 411 3987 τὸ
472 3928 691 3983 σύνολον
742 3927 1160 3999 περισπώμενον
1202 3927 1310 3980 τῶν
1351 3928 1445 3980 ὑπ’
1491 3929 1677 3992 αὑτὸν,
1725 3928 1758 3994 ἢ
1805 3929 1937 4000 περ)⁸

347 4018 537 4084 αὑτὸν,
577 4016 610 4087 ἧ
647 4020 770 4071 κατ’
805 4015 988 4078 αὑτὸν,
1022 4015 1119 4068 καὶ
1170 4014 1307 4085 πρὸς
1339 4016 1621 4069 τελείωσιν
1681 4016 1798 4078 ἐνὸς
1844 4016 1939 4087 μό·

346 4126 446 4163 νου
472 4109 889 4179 προσδεόμενον,
929 4108 1031 4177 τῆς
1086 4106 1222 4176 πρὸς
1255 4107 1345 4160 τὸν
1376 4107 1519 4177 ὑπὲρ
1552 4107 1735 4172 αὑτὸν,
1792 4109 1937 4177 φημὶ

345 4199 407 4253 δὲ
458 4197 552 4252 τὸν
594 4198 753 4261 Θεὸν,
799 4196 922 4250 καθ’
975 4196 1100 4266 ὅλην
1149 4196 1247 4265 τὴν
1305 4195 1652 4266 ἀγαπητικὴν
1706 4195 1937 4267 δύναμιν

346 4293 582 4366 ἀσχέτου
613 4293 908 4362 κινήσεως.
964 4289 1208 4360 Ἀπαθὴς
1254 4289 1361 4359 γάρ
1390 4288 1571 4358 χάριτι
1612 4285 1687 4340 ὢν
1718 4288 1937 4357 ἀπάτην

344 4382 543 4435 παθῶν
601 4380 904 4450 φαντασίας
972 4378 1040 4431 δι’
1093 4377 1292 4447 ἡδονῆς
1365 4378 1428 4429 οὑ
1486 4378 1779 4447 προσίετο·
1840 4378 1935 4430 καὶ

2036 3204 2167 3253 sunt
2193 3196 2467 3261 instituta,
2511 3194 2774 3264 magister
2802 3193 3076 3265 signiﬁcat
3114 3208 3181 3248 ea
3212 3208 3333 3263 quas
3380 3201 3502 3265 tum
3561 3194 3621 3247 in

2035 3304 2103 3343 eo
2144 3287 2369 3342 fuerint.
2401 3286 2657 3343 Movetur
2706 3285 2858 3339 enim
2905 3298 3054 3338 nunc
3082 3284 3273 3346 homo,
3324 3285 3414 3339 vel
3466 3285 3617 3341 circa

2037 3378 2295 3450 ﬁgmenta
2320 3378 2663 3432 irrationalia
2718 3375 3037 3447 passionum
3086 3390 3186 3445 per
3225 3375 3478 3431 fraudem
3522 3393 3623 3430 vos

2035 3470 2262 3540 luptatis
2288 3468 2549 3538 cupidine
2585 3467 2869 3530 inductus,
2908 3466 2997 3521 vel
3046 3466 3192 3521 circa
3247 3467 3492 3522 rationes
3530 3482 3624 3522 arx

2036 3564 2175 3617 tium
2207 3578 2273 3616 ex
2314 3558 2730 3615 circumstantia
2752 3558 2997 3633 utilitale
3029 3556 3317 3624 invitatus,
3344 3559 3433 3613 vel
3470 3559 3623 3631 circa

2035 3654 2325 3708 naturales
2349 3653 2598 3722 rationes
2622 3667 2688 3706 ex
2715 3650 2835 3720 lege
2866 3657 3079 3704 natura:
3120 3650 3458 3721 cognitionis
3494 3667 3623 3721 grai

2038 3747 2135 3811 tia,
2169 3761 2408 3817 quorum
2438 3743 2578 3798 nihil
2616 3741 2878 3813 videlicet
2899 3742 2954 3813 in
2983 3741 3264 3813 principio
3308 3742 3612 3808 hominem,

2037 3840 2206 3894 rebus
2255 3838 2517 3893 omnibus
2567 3836 2916 3906 superiorem
2965 3834 3171 3889 factum
3199 3866 3219 3899 ,λ
3267 3836 3621 3905 necessitatis

2036 3931 2259 3985 vinculo
2309 3928 2583 3984 trahebat.
2647 3924 2933 3997 Ejusmodi
2986 3926 3193 3981 etenim
3248 3927 3616 3983 conveniebat

2035 4038 2157 4078 esse
2176 4021 2481 4093 principem
2512 4018 2816 4084 hominem,
2850 4027 2912 4073 ut
2965 4032 3194 4089 prorsus
3236 4019 3305 4074 ab
3349 4021 3501 4075 nullo
3521 4035 3618 4076 eo-‘

2036 4131 2158 4169 rum
2185 4131 2308 4185 quise
2338 4122 2433 4168 aut
2466 4111 2715 4183 subjecta
2744 4111 2850 4167 sibi
2881 4098 3209 4166 auteircum
3247 4095 3366 4173 sese
3391 4113 3616 4182 juxtave
3690 4173 3694 4178 ,

2035 4207 2266 4261 haberet
2318 4206 2752 4269 distraheretur,
2812 4196 2878 4259 et"
2925 4204 2992 4258 ad
3040 4202 3445 4273 perfectionem
3504 4220 3625 4261 uno

2036 4298 2215 4351 solum
2250 4297 2544 4366 indigeret,
2581 4294 2633 4349 id
2659 4302 2743 4348 est
2772 4294 3018 4349 motione
3046 4292 3114 4347 ad
3137 4310 3264 4349 eum
3315 4295 3408 4364 qui
3440 4295 3623 4350 homia

2035 4404 2163 4443 nem
2220 4395 2466 4456 superat,
2506 4388 2702 4452 Deum,
2755 4386 3007 4457 inquam,
3053 4386 3356 4440 secundum
3392 4380 3615 4442 omnem

343 4473 655 4546 ἀπροσδεὴς
688 4473 951 4543 ὑπάρχων
1002 4471 1101 4541 τῆς
1154 4470 1281 4539 περὶ
1309 4472 1504 4539 τέχνας
1539 4472 1933 4540 περιστατικῆς

2036 4479 2324 4547 charitatis
2351 4479 2461 4532 vim
2489 4479 2795 4533 irrevocata
2821 4486 2988 4547 atque
3017 4477 3266 4532 victrice.
3306 4477 3443 4534 Cum
3465 4481 3623 4535 enim

341 4567 593 4636 ἀνάγκης
639 4565 729 4617 διὰ
777 4565 875 4634 τὴν
918 4562 1105 4633 χρείαν
1156 4560 1443 4631 ἐλεύθερος
1488 4556 1556 4630 ἦν
1583 4577 1595 4590 ·
1643 4559 1739 4614 καὶ
1771 4561 1932 4629 σοφος

339 4656 426 4711 ὢν
451 4659 549 4729 τῆς
578 4656 708 4726 περὶ
753 4653 852 4724 τὴν
896 4653 1057 4721 φύσιν
1089 4652 1321 4721 θεωρίας
1355 4650 1611 4719 ὑπεράνω
1644 4651 1931 4721 καθειστή-

341 4766 436 4806 κει
495 4748 583 4802 διὰ
638 4745 737 4818 τὴν
794 4744 1015 4813 γνῶσιν.
1081 4742 1245 4796 Οὐδὲν
1295 4738 1387 4796 οὖν
1441 4739 1587 4812 εἶχεν
1647 4745 1675 4795 6
1718 4742 1932 4811 πρῶτος

341 4839 635 4910 ἄνθρωπος
685 4835 888 4907 μεταξὺ
939 4834 1074 4887 Θεοῦ
1128 4835 1223 4887 καὶ
1271 4832 1438 4886 αὑτοῦ
1490 4832 1930 4904 προϐεϐλημένον

340 4931 488 5002 πρὸς
521 4929 746 4999 εἴδησιν,
798 4927 979 4999 (24.1
1019 4924 1089 4996 b)
1142 4924 1234 4978 καὶ
1281 4924 1489 4978 κωλύον
1526 4924 1691 4977 αὑτοῦ
1737 4923 1834 4994 τὴν
1862 4925 1930 4977 δι’

312 5022 571 5093 ,ἀγάπης
626 5020 947 5090 αὐθαίρετον
998 5016 1143 5070 κατὰ
1198 5018 1297 5087 τὴν
1352 5018 1487 5087 πρὸς
1543 5016 1675 5068 Θεὸν
1720 5017 1931 5083 κίνησιν

341 5110 724 5184 γενησομένην
768 5110 1126 5177 συγγένειαν,
1183 5110 1276 5161 καὶ
1330 5108 1415 5161 διὰ
1464 5108 1623 5162 τοῦτο
1673 5128 1692 5159 ι
1727 5110 1931 5178 γυμνὸς

341 5208 420 5279 τῇ
467 5203 731 5273 ἁπλότητι
785 5221 803 5253 ι
860 5200 1279 5271 προσηγορεύθη
1341 5199 1418 5269 τῷ
1480 5200 1805 5271 διδασκάλῳ,
1856 5202 1931 5264 ὡς

342 5296 609 5365 ὑπεράνω
641 5294 822 5363 πάσης
848 5295 946 5363 τῆς
981 5293 1122 5344 κατά
1146 5292 1307 5360 φύσιν
1340 5292 1600 5363 ὑπάρχων
1628 5290 1928 5362 ζητήσεως,

343 5391 445 5445 καὶ
494 5408 514 5442 ι
548 5389 660 5459 ζωῇ
691 5392 757 5457 τῇ
809 5387 1040 5457 ἀτέχνῳ,
1076 5406 1093 5438 ι
1137 5386 1211 5449 ὡς
1259 5386 1437 5454 πάσης
1468 5386 1670 5456 τεχνῶν
1721 5386 1931 5448 ἐνδεοῦς

344 5477 673 5552 καθαρεύων
705 5477 871 5546 ζωῆς,
901 5478 995 5529 καὶ
1033 5496 1046 5527 ι
1078 5475 1200 5546 δίχα
1238 5477 1438 5540 παντὸς
1481 5476 1931 5546 ἐπικαλύμματος

347 5572 448 5627 καὶ
493 5568 901 5641 προϐλήματος,
938 5588 955 5619 ι
993 5563 1080 5620 οἶα
1128 5568 1227 5637 τῆς
1277 5569 1413 5639 πρὸς
1459 5568 1528 5621 τά
1564 5568 1799 5638 αἰσθητὰ
1821 5567 1930 5621 τῶν

345 5659 656 5731 αἰσθήσεων
678 5660 703 5711 ὲ
712 5657 958 5729 μπαθοῧς
979 5675 1041 5709 συ
1050 5657 1297 5728 μπλοκῆς
1318 5659 1601 5728 τυγχάνων
1623 5658 1878 5729 ἐλεύθερο
1888 5678 1929 5725 ς,
1956 5707 1966 5720 ,

350 5745 433 5818 οἷς
467 5751 684 5821 ὑπήχθη
714 5751 936 5820 δικαίως
968 5749 1214 5820 ὕστερον,
1255 5750 1504 5821 ἐλλείψεις
1542 5750 1638 5823 τὴν
1673 5751 1929 5822 ἔλλειψιν,

522 5843 792 5909 Damon.
825 5842 940 5902 Gn.
976 5842 1133 5903 XCI.

2041 4581 2136 4636 per
2187 4567 2418 4637 gratiam
2464 4563 2818 4635 passionibus
2877 4564 3151 4619 obnoxius
3204 4566 3376 4621 nullis
3445 4577 3621 4635 esset,

2038 4657 2287 4712 fraudein
2314 4657 2633 4727 passionum
2660 4665 2851 4711 rerum
2884 4654 3133 4711 inanium
3167 4657 3355 4712 studio
3382 4675 3493 4722 non
3521 4660 3619 4715 ad~

2038 4751 2219 4817 misit;
2258 4758 2313 4805 et
2346 4765 2474 4805 cum
2512 4749 2686 4802 nihilo
2719 4748 3012 4819 indigeret,
3049 4749 3254 4804 artium
3289 4766 3509 4823 quoque
3548 4753 3627 4808 alr

2036 4842 2238 4897 infesta
2278 4849 2503 4912 propter
2534 4840 2895 4911 indigentiam
2941 4841 3274 4898 necessitate
3309 4844 3450 4898 liber
3478 4844 3581 4899 fuit
3600 4850 3623 4911 ;£

2036 4941 2092 4990 et
2131 4949 2257 4989 cum
2285 4934 2506 5003 sapiens
2555 4940 2724 4997 esset,
2750 4941 2967 4988 naturae
3007 4935 3473 5009 contemplatione
3497 4934 3621 4991 erat

2037 5025 2293 5095 superior
2315 5024 2493 5080 factus
2521 5039 2618 5093 per
2648 5025 3042 5096 cognitionem.
3067 5025 3213 5080 Nihil
3247 5040 3381 5097 ergo
3402 5026 3617 5096 primus

2038 5118 2204 5171 homo
2265 5117 2410 5171 inter
2463 5117 2635 5171 Deum
2700 5125 2757 5171 et
2809 5118 3203 5189 semeptipsum
3262 5118 3502 5177 habebat
3545 5121 3620 5176 ad

2038 5210 2325 5265 scientiam
2383 5208 2700 5279 obiectum,
2744 5212 3003 5278 quodque
3049 5224 3206 5265 suam
3270 5225 3368 5280 per
3428 5211 3615 5289 chari-

2039 5308 2204 5355 tatem
2240 5300 2607 5354 voluntariam
2662 5300 2967 5355 secundum
3001 5298 3302 5356 motionem
3344 5301 3412 5358 ad
3440 5303 3621 5359 Deum

2037 5393 2278 5447 futuram
2301 5390 2598 5461 impediret
2628 5392 3033 5463 cognationem,
3062 5402 3119 5448 et
3148 5394 3358 5450 idcirco
3386 5415 3404 5446 ι
3431 5396 3616 5450 nudus

2038 5483 2436 5553 simplicitate»
2504 5499 2533 5537 a
2569 5484 2831 5553 magistro
2888 5494 2975 5540 est
3029 5485 3356 5556 appellatus,
3423 5496 3614 5556 utpote

2038 5573 2292 5643 superior
2322 5572 2563 5626 naturali
2619 5570 2899 5629 desiderio
2946 5574 3124 5629 factus
3161 5576 3334 5641 omni,
3374 5585 3430 5632 et
3462 5577 3624 5633 «vita

2039 5661 2274 5717 artiﬁcio
2298 5671 2541 5727 carente,
2568 5682 2586 5714 ι
2618 5672 2810 5732 utpote
2867 5666 3018 5721 omni
3057 5667 3167 5721 vita
3196 5668 3410 5724 artibus
3472 5667 3619 5723 indis

2038 5742 2200 5824 gente
2220 5768 2414 5823 purus,
2444 5761 2502 5810 et
2532 5773 2549 5807 ι
2572 5754 2753 5810 omnis
2782 5755 3145 5831 integumenti
3194 5770 3252 5815 et
3279 5758 3623 5818 munimenti

3143 5849 3221 5912 b3
