4012 6372
564 332 699 399 1355

1751 336 1809 395 S.
1856 337 2012 395 MAX
2026 335 2141 394 lMI
2181 334 2694 395 CONFESSORIS

3685 340 3790 406 1356

561 461 779 517 expers,
799 465 816 497 ι
848 446 1052 517 quippe
1072 446 1165 517 qui
1190 447 1331 502 liber
1356 458 1473 505 erat
1502 466 1530 503 a
1555 451 1896 505 connexione
1928 450 2147 505 all‘ecti-

2263 449 2345 501 (αἱ
2385 448 2482 501 τοῦ
2538 449 2751 519 πλήρης
2801 441 2941 501 εἶναι
2998 448 3059 501 τὺ
3111 450 3267 513 κενὸς
3326 452 3542 506 πάντων
3585 457 3791 524 γενεσθαι

563 541 669 594 bus
686 540 845 610 plena
865 555 1127 595 sensuum
1148 555 1272 595 cum
1304 542 1680 607 sensibilibus,
1720 541 1923 612 quibus
1954 550 2143 611 postea

560 634 781 704 estjure
809 632 1092 698 subactus,
1123 648 1247 686 cum
1268 632 1540 687 defectum
1570 649 1762 702 passus
1777 640 1941 697 esset,
1980 647 2043 686 ac
2072 631 2151 686 lo-

2253 538 2597 606 αὐθαιρέτως
2630 538 2910 608 ἐλόμενος,
2944 540 3098 593 κάτω
3134 542 3426 613 γενόμενος
3470 537 3544 599 ὧν
3589 548 3796 612 ὑπεράνω

2257 631 2502 700 φυσικῶς
2532 630 2745 701 ὑπῆρχε
2770 647 2967 703 γεγενη
2978 633 3157 702 μένος.

561 739 627 779 co
659 724 1026 795 plenitudinis
1043 726 1291 779 onmium
1319 725 1649 780 vacuitatem
1665 733 1857 795 sponte
1881 724 2186 789 maluisset,
2205 722 2435 778 inferior
2463 721 2717 777 redditus
2735 722 2941 794 quibus
2956 724 3285 779 naturaliter
3296 732 3423 781 ante
3440 727 3671 798 superior
3688 738 3799 787 erat.

844 897 966 954 Alia
1007 899 1068 951 de
1099 899 1277 953 eodem
1319 899 1430 952 loco
1468 876 1862 971 contemplatio.

635 1011 736 1068 Vel
766 1011 998 1067 fortasse
1039 1012 1279 1075 «nudus,
1308 1032 1326 1063 ›
1368 1021 1428 1067 ut
1486 1014 1769 1084 magister,
1818 1012 1972 1068 varia
2000 1014 2146 1069 circa

2618 904 2812 971 Ἄλλη
2844 902 2979 972 περὶ
3005 903 3194 958 αὑτοῦ
3225 904 3459 972 θεωρία.

2320 1017 2390 1070 Ἦ
2429 1016 2648 1088 μήποτε
2702 1035 2721 1068 ι
2759 1016 2999 1086 γυμνὸς.
3032 1036 3050 1068 ι
3111 1016 3187 1082 ὣς
3230 1035 3397 1087 φησιν
3442 1020 3472 1071 ό
3502 1018 3803 1087 διδάσκαλος,

564 1116 817 1161 naturam
866 1105 1333 1175 contemplatione
1379 1113 1436 1160 et
1475 1106 1814 1177 cognitione,
1871 1115 1927 1160 et
1992 1105 2149 1160 «vita

2263 1107 2347 1178 τῆς
2400 1107 2530 1178 περὶ
2588 1105 2752 1176 φύσιν
2812 1104 3073 1176 ποικίλης
3128 1107 3363 1176 θεωρίας
3422 1108 3520 1162 καί
3566 1106 3803 1177 γνώσεως,

566 1196 801 1251 artiﬁcio
838 1205 1081 1261 carcnte,
1113 1214 1130 1246 ι
1191 1206 1344 1251 extra
1401 1196 1765 1266 multiplicem
1796 1196 1939 1251 circa
1975 1195 2149 1252 actio-

2263 1199 2342 1252 ια).
2377 1216 2394 1249 ι
2429 1197 2542 1268 ζωῇ
2574 1201 2640 1269 τῇ
2671 1196 2906 1269 ἀτέχνῳ,
2934 1216 2953 1249 ι
2991 1198 3091 1268 τῆς
3122 1201 3254 1267 περὶ
3287 1199 3491 1270 πρᾶξιν
3522 1200 3615 1253 καὶ
3642 1201 3808 1273 ἀρετὴν

562 1304 690 1343 nem
715 1297 772 1343 ct
802 1288 1064 1342 virtutem
1096 1289 1403 1343 collocatus
1438 1289 1688 1342 fraudem
1716 1288 2021 1342 secundum
2051 1289 2149 1343 ha-

565 1381 741 1434 bitum
801 1379 1092 1450 possidens
1142 1380 1413 1433 virtutum
1486 1380 1729 1435 rationes
1785 1380 2143 1449 impollutas,

572 1472 908 1542 «omnisque
960 1471 1326 1543 integumenti
1372 1482 1429 1527 et
1474 1472 1803 1526 munimenti
1853 1486 2087 1541 expers,
2121 1490 2139 1522 ι

566 1564 926 1635 intelligentia
976 1579 1171 1619 eorum
1227 1579 1348 1633 quae
1379 1563 1638 1619 videntur
1665 1564 1907 1619 sensuali
1943 1564 2025 1619 uad
2057 1579 2150 1619 co-

563 1657 878 1728 gnoscenda
896 1657 1082 1712 divina
1109 1656 1493 1727 principaliter
1516 1673 1627 1711 non
1648 1672 1839 1728 egens,
1872 1657 1992 1711 solo
2017 1656 2150 1711 sim-

565 1748 705 1816 plice
761 1747 1057 1803 uniformis
1112 1756 1169 1802 et
1225 1748 1515 1818 simplicis,
1575 1763 1808 1819 quaeque
1840 1747 2147 1802 secundum

565 1842 736 1895 Deum
759 1849 888 1895 sunt
908 1839 1358 1905 conservatricis,
1385 1840 1610 1895 virtutis
1632 1847 1798 1909 atque
1816 1838 2148 1909 cognitionis

2256 1288 2598 1358 πολυτρόπου
2660 1287 2945 1359 μεθοδείας
2997 1288 3261 1358 ὑπάρχων
3313 1290 3505 1352 ἐκτὸς.
3562 1292 3698 1345 κατὰ
3734 1294 3810 1364 τὴν

2255 1380 2368 1443 ἕξιν
2400 1379 2539 1449 ἔχων
2568 1379 2696 1442 τοὺς
2722 1377 2832 1433 τῶν
2855 1378 3069 1447 ἀρετῶν
3098 1378 3442 1449 άμολύντους
3471 1380 3660 1447 λόγους
3685 1420 3698 1445 ,
3742 1385 3813 1435 καὶ

2262 1490 2279 1523 ι
2311 1472 2436 1541 δίχα
2487 1470 2691 1534 παντὸς
2734 1469 3199 1540 ἐπικαλύμματος
3246 1471 3343 1524 καὶ
3385 1471 3809 1543 προϐλήματος.»

2235 1562 2355 1631 ,τῆς
2406 1563 2492 1614 ἐπ’
2528 1561 2821 1632 αἰσθήσεσι
2881 1561 2992 1614 τῶν
3039 1563 3383 1632 φαινομένων
3431 1562 3665 1626 διανοίας
3707 1565 3817 1634 πρὸς

2258 1652 2590 1722 κατανόησιν
2636 1651 2745 1704 τῶν
2792 1650 2952 1704 θείων
2978 1693 2993 1717 ,
3051 1653 3489 1722 προηγουμένως
3521 1653 3583 1707 οὐ
3611 1654 3816 1726 χρῄζων,

2260 1744 2429 1814 μόνην
2458 1744 2558 1813 τὴν
2587 1742 2766 1811 ἁπλῆν
2792 1742 2894 1813 τῆς
2920 1743 3187 1807 ἐνοειδοῦς
3215 1746 3313 1797 καὶ
3340 1744 3527 1815 ἁπλῆς
3552 1748 3643 1800 καὶ
3662 1734 3817 1800 συνεκ-

2255 1835 2419 1904 τικῆς
2468 1835 2576 1889 τῶν
2611 1834 2751 1907 μετὰ
2782 1834 2915 1888 Θεὸν
2950 1835 3155 1905 ἀρετῆς
3186 1852 3247 1889 τε
3296 1836 3394 1889 καὶ
3428 1836 3681 1904 γνώσεως
3708 1838 3821 1909 ἔχων

563 1932 911 1987 munimento
967 1940 1217 1992 ornatus.
1283 1929 1432 1999 quod
1464 1929 1702 1984 activam
1763 1938 1819 1983 et
1867 1937 2152 1983 strenuam

2263 1929 2557 2002 προϐολὴν,
2588 1929 2689 1997 τῆς
2716 1927 2803 1979 ἐπ’
2828 1927 3086 1998 ἐνεργείᾳ
3117 1928 3287 1998 μόνης
3311 1930 3588 1998 κινήσεως
3611 1928 3735 1999 πρὸς
3753 1926 3823 1982 εί.

563 2023 830 2077 duntaxat
847 2020 1151 2075 motionem
1183 2019 1250 2073 ad
1304 2019 1731 2090 patefactionem
1766 2018 2139 2073 voluntariam

565 2113 867 2169 desiderat.
896 2111 1063 2169 Certe
1107 2112 1428 2183 quicunque
1459 2127 1488 2165 a
1513 2112 1739 2183 generis
1766 2112 1941 2166 nostri
1963 2120 2148 2166 aucto-

566 2204 646 2258 ris
695 2204 852 2272 lapsu
891 2201 1220 2272 philosopha
1286 2203 1503 2256 ratione
1561 2216 1852 2273 resurgere
1885 2202 2141 2272 cupiunt,

564 2292 806 2363 primum
855 2290 1211 2361 passionibus
1247 2305 1499 2361 prorsus,
1551 2289 1753 2345 deinde
1779 2290 2145 2361 occupatione

565 2385 711 2440 circa
760 2384 965 2439 artium
1012 2383 1259 2438 rationes
1302 2383 1431 2438 exui
1458 2382 1751 2454 incipiunt,
1783 2398 1847 2437 ac
1881 2382 2148 2452 denique,

566 2486 859 2549 postquam
927 2475 1234 2530 naturalem
1287 2490 1455 2545 supra
1509 2456 2035 2544 contemplationem
2089 2489 2150 2530 se

566 2569 915 2631 sustulerint,
948 2569 1000 2622 in
1030 2567 1450 2623 immaterialem
1481 2566 1857 2639 cognitionem
1882 2567 2151 2638 introspi-

566 2660 743 2723 ciunt,
792 2660 985 2715 formae
1038 2673 1207 2714 sensu
1232 2674 1528 2729 expressae,
1561 2659 1648 2713 vel
1693 2658 1920 2730 cogitati
1964 2658 2151 2727 prola-

569 2754 721 2809 tione
742 2752 1014 2807 sermonis
1041 2749 1431 2821 comprehensi
1454 2748 1617 2819 plane
1638 2757 1944 2819 expertem,
1960 2764 2155 2819 quem-

567 2847 872 2905 admodum
906 2847 1052 2901 Deus
1082 2844 1362 2916 principio
1385 2844 1626 2915 primum
1675 2843 1935 2900 eﬂecerat
1976 2842 2155 2898 homi-

567 2957 720 3007 nem,
750 2937 1086 3010 cognitionis
1126 2937 1483 3007 simplicitate
1537 2937 1762 3007 vitaque
1803 2936 2150 3001 indistracta,

566 3043 627 3091 et
653 3034 776 3104 lege
806 3033 991 3087 carnis
1013 3029 1343 3086 mortiﬁcata
1371 3029 1505 3084 nudi
1550 3030 1702 3085 laeti.
1735 3030 2011 3086 Haberem
2049 3029 2157 3084 uti-

567 3139 680 3196 que
709 3124 820 3179 alio
856 3138 1077 3195 quoque
1100 3122 1287 3188 modo,
1322 3131 1379 3178 et
1403 3122 1760 3190 sublimiore,‘
1783 3124 1851 3179 de
1892 3122 2156 3196 prassenti

573 3195 886 3289 quaestione
915 3216 1427 3286 contemplandum,
1450 3217 1547 3272 sed
1571 3232 1721 3272 nunc
1743 3217 1969 3287 quidem
1996 3195 2160 3272 ornit-

2254 2038 2451 2091 φανσιν
2505 2020 2831 2091 αὐθαίρετον
2882 2021 3213 2091 χρῄζουσαν.
3269 2019 3495 2089 ’Λμέλει
3550 2019 3678 2088 γοῦν
3730 2021 3821 2075 ὅσοι

2254 2114 2528 2182 φιλοσόφῳ
2554 2112 2701 2183 λόγῳ
2729 2113 2828 2184 τῆς
2857 2112 2953 2165 τοῦ
2986 2110 3335 2184 προπάτορος
3364 2110 3606 2182 ἐγείρειν
3631 2111 3821 2175 ἑαυτοὺς

2257 2209 2540 2281 βούλονται
2595 2207 3015 2279 παραπτὼσεως
3036 2249 3052 2274 ,
3118 2207 3339 2280 πρῶτον
3372 2208 3714 2278 ἀπάρχονται
3744 2207 3821 2277 τῆς

2254 2300 2363 2353 τῶν
2416 2299 2610 2353 παθῶν
2659 2299 2962 2363 παντελοῦς
3003 2300 3375 2370 ἀφαιρέσεως,
3418 2294 3526 2352 εἷθ’
3554 2298 3718 2361 οὕτως
3747 2299 3822 2366 τῆς

2256 2393 2385 2463 περὶ
2429 2393 2558 2455 τοὺς
2603 2390 2795 2461 λόγους
2827 2391 2938 2444 τῶν
2968 2389 3176 2461 τεχνῶν
3202 2390 3469 2461 ἀσχολίας
3492 2430 3508 2454 ,
3565 2389 3659 2443 καὶ
3701 2389 3822 2453 τέλος

2258 2484 2353 2554 τὴν
2406 2482 2641 2553 φυσικὴν
2696 2479 3114 2554 ὑπερκύψαντες
3164 2481 3402 2552 θεωρίαν
3446 2482 3531 2544 είς
3568 2480 3667 2552 τὴν
3692 2480 3823 2534 ἄῦλον

2259 2575 2689 2646 παρακύπτουσι
2737 2574 2980 2644 γνῶσιν,
3037 2575 3137 2645 τὴν
3194 2574 3270 2645 μὴ
3306 2560 3549 2644 ἔχουσαν
3580 2570 3823 2635 παντελῶς

2259 2668 2512 2738 αἰσθήσει
2543 2666 2896 2737 τυπουμένην
2928 2665 3164 2737 μορφὴν,
3200 2664 3235 2737 ἢ
3271 2664 3457 2736 νόημα
3486 2666 3733 2736 προφορᾷ
3756 2664 3823 2716 λόο

2259 2776 2360 2829 γου
2392 2757 2744 2830 χωρούμενον
2766 2796 2781 2821 ,
2843 2756 3028 2820 καθὼς
3076 2756 3137 2820 ἐξ
3176 2757 3355 2828 ἀρχῆς
3386 2756 3486 2810 τὸν
3517 2754 3728 2827 πρῶτον
3749 2755 3823 2809 ἄν·

2262 2849 2481 2923 θρωπον
2511 2851 2770 2919 ἐποίησεν
2807 2848 2994 2922 (242
3018 2849 3072 2920 a)
3103 2851 3131 2903 ό
3156 2849 3312 2916 Θεὸς,
3352 2849 3560 2921 γυμνοὶ
3591 2851 3655 2920 τῇ
3685 2846 3822 2903 ἁπλό-

2261 2948 2403 3013 τητι’
2435 2941 2536 3011 τῆς
2582 2939 2838 3009 γνώσεως
2885 2941 2979 2995 καὶ
3016 2942 3082 3011 τῇ
3116 2940 3522 3010 ἀπερισπάστῳ
3556 2940 3704 3011 ζωῇ,
3751 2936 3824 2992 καὶ

2262 3034 2329 3103 τῇ
2359 3030 2628 3101 νεκρώσει
2676 3030 2770 3085 τοῦ
2812 3031 2987 3102 νόμου
3029 3031 3132 3100 τῆς
3163 3030 3367 3101 σαρκὸς
3399 3022 3707 3103 γενόμενοι.
3739 3024 3823 3082 Ἦν

2268 3121 2450 3193 μέντοι
2499 3122 2595 3175 καὶ
2628 3123 2748 3175 κατ’
2773 3121 2931 3177 ἄλλον
2958 3122 3163 3193 τρόπον
3195 3121 3556 3194 ὑψηλοτέρως
3584 3121 3825 3192 θεωρῆσαι

2265 3213 2327 3267 τὸ
2373 3215 2737 3284 προκείμενον
2788 3214 2996 3287 ἄπορον
3020 3254 3035 3279 ,
3091 3213 3231 3269 ἀλλὰ
3270 3215 3565 3285 παρείσθω
3606 3219 3674 3270 τὰ
3699 3212 3826 3267 νῦν⁸⁵

573 3319 686 3366 tam
719 3325 785 3365 ea
818 3308 887 3365 de
921 3323 1088 3364 causa
1114 3323 1279 3377 quam
1313 3308 1475 3363 initio
1499 3308 1667 3380 hujus
1707 3309 1981 3364 sermonis
2037 3320 2155 3362 sum

2264 3305 2332 3358 δι’
2357 3306 2424 3378 ἢν
2457 3306 2767 3377 ἀρχόμενος
2792 3305 2889 3361 τοῦ
2916 3307 3079 3376 λόγου
3108 3309 3374 3378 προεῖπον
3402 3306 3615 3363 αἰτίαν.

512 3428 522 3438 ο
572 3397 857 3469 ριίεῐιιιυε.

578 3578 831 3651 Ejusdem
852 3578 1110 3632 sermonis
1140 3578 1195 3631 in
1210 3576 1347 3632 illud
1368 3594 1385 3631 :
1422 3595 1441 3629 ι
1464 3575 1757 3632 Anniculus
1787 3594 1966 3647 porro,
1994 3588 2053 3634 ut
2079 3581 2161 3635 sol

639 3672 889 3743 juslilite,
911 3668 993 3725 vel
1019 3685 1047 3723 e
1093 3667 1221 3724 caelo
1271 3668 1634 3740 progrediens,
1690 3666 1772 3722 vel
1803 3668 2063 3739 quantum
2091 3671 2162 3724 ad

647 3771 856 3836 partem
879 3777 998 3816 eam
1025 3776 1145 3833 qua:
1180 3760 1343 3815 oculis
1366 3761 1621 3826 cernitur,
1648 3761 2076 3833 circumscriptus
2100 3780 2163 3818 ac

648 3853 916 3923 deﬁnitus.
950 3873 968 3905 ι

648 3965 819 4021 Multa
851 3964 1159 4020 Salvatoris
1197 3963 1373 4019 nostri
1402 3972 1531 4019 sunt
1578 3965 1828 4030 nomina,
1858 3979 1922 4020 ac
1971 3966 2159 4020 multi-

579 4052 1030 4123 plexsecundum
1091 4067 1248 4106 suam
1309 4054 1577 4123 cujusque
1650 4053 2163 4123 interpretationem

582 4145 829 4216 mystica:
854 4142 1340 4212 contemplationis
1401 4152 1509 4198 stat
1542 4145 1761 4211 modus,
1804 4145 1932 4215 quia
1962 4147 2165 4203 multas

582 4234 886 4291 secundum
948 4236 1259 4291 naturalem
1333 4236 1861 4307 contemplationem
1922 4239 2003 4294 rei
2064 4253 2163 4309 per

580 4325 901 4396 exemplum
938 4327 994 4380 in
1042 4341 1245 4382 nomen
1276 4326 1495 4381 Domini
1541 4337 1775 4399 sumptae
1815 4329 2164 4400 contempla-

581 4428 896 4473 mentorum
925 4412 1055 4473 lieét
1074 4418 1366 4473 admittere
1396 4404 1513 4474 vias
1555 4429 1611 4475 ct
1646 4420 2161 4491 interpretationes.

579 4508 1053 4577 Quemadmodum
1101 4510 1351 4580 profecto
1398 4510 1454 4564 in
1484 4511 1739 4580 prmsenti
1787 4520 1973 4567 nostra
2012 4528 2165 4583 quaa-

583 4601 762 4657 stione
788 4616 848 4656 se
876 4616 964 4655 res
996 4601 1182 4656 habet.
1206 4598 1343 4656 Cum
1378 4602 1526 4657 enim
1568 4610 1798 4673 propter
1832 4603 2164 4657 brevitatem

2271 3582 2383 3640 Τοῦ
2405 3583 2593 3639 αὐτοῦ
2617 3585 2803 3654 λόγου
2831 3583 2918 3650 είς
2939 3583 3026 3637 τό·
3061 3600 3081 3635 ι
3104 3583 3447 3638 Ἐνιαύσιον
3474 3582 3565 3647 δὲ,
3592 3582 3672 3649 ὡς
3685 3580 3829 3649 ἥλων

2337 3668 2818 3743 (nummis-ngf?)
2840 3674 3071 3728 ἐκεῖθεν
3092 3673 3463 3745 ὁρμώμενον,
3487 3674 3527 3744 ἣ
3552 3673 3632 3739 τῷ
3650 3670 3829 3741 ὁρωμέ-

2335 3776 2420 3825 νῳ
2450 3762 2847 3833 περιγραπτόν
2867 3762 2978 3834 (42)
2990 3803 3003 3817 .
3016 3782 3035 3815 ι

2340 3959 2544 4015 Πολλαὶ
2592 3959 2686 4013 τοῦ
2729 3959 2985 4030 Σωτῆρος
3015 3959 3173 4031 ἡμῶν
3207 3960 3346 4013 εἰσιν
3379 3959 3436 4012 αἱ
3470 3955 3827 4031 προσηγορίαι,

2270 4047 2364 4102 καὶ
2423 4044 2764 4114 πολύτροπος
2814 4048 2844 4099 ό
2886 4047 2974 4116 ἐφ’
2993 4048 3198 4118 ἑκάστῃ
3235 4048 3379 4101 κατὰ
3405 4046 3509 4119 τὴν
3541 4047 3707 4116 αὐτῆς
3729 4043 3827 4097 ἐπί-

2270 4155 2419 4192 νοιαν
2447 4140 2547 4209 τῆς
2571 4137 2710 4191 κατὰ
2737 4137 2971 4208 θεωρίαν
2993 4139 3285 4211 ἀναγωγῆς
3310 4138 3620 4208 καθέστηκε
3640 4138 3827 4209 τρόπος.

2267 4230 2358 4285 διὰ
2385 4231 2448 4285 τὸ
2482 4232 2685 4295 πολλὰς
2721 4231 2869 4285 κατὰ
2895 4233 2995 4302 τὴν
3024 4231 3262 4303 φυσικὴν
3292 4231 3534 4304 θεωρίαν
3563 4231 3656 4285 τοῦ
3684 4244 3830 4297 παρα-

2267 4323 2640 4394 δειγματικῶς
2700 4327 2781 4390 είς
2829 4325 3207 4396 προσηγορίαν
3257 4324 3355 4379 τοῦ
3398 4326 3610 4397 Κυρίου
3649 4319 3824 4392 λαμϐα-

2272 4415 2500 4488 νομένου
2536 4416 2864 4489 πράγματος
2896 4418 3245 4487 ἐπιδέχεσθαι
3275 4417 3541 4470 δύνασθαι
3570 4412 3828 4483 θεωρημά-

2272 4526 2383 4562 των
2403 4509 2661 4573 ἐπιϐολάς
2684 4522 2698 4537 '
2732 4509 2921 4581 ὥσπερ
2948 4509 3145 4579 ἀμέλει
3174 4508 3269 4562 καὶ
3293 4508 3354 4562 τὸ
3377 4508 3475 4563 νῦν
3497 4506 3828 4579 προκείμενον

2273 4603 2405 4673 ἡμῖν
2457 4600 2661 4674 ἄπορον
2709 4600 2844 4673 ἔχει.
2909 4602 3148 4665 Πολλοὺς
3177 4600 3289 4673 γὰρ
3333 4601 3495 4664 ὅσους
3529 4600 3735 4653 οὐδέπω
3760 4595 3829 4647 δυ-

584 4693 831 4747 nondum
860 4693 1034 4762 possit
1067 4708 1248 4748 sermo
1274 4709 1536 4750 enarrare
1568 4697 2007 4752 innumerabiles
2033 4712 2155 4752 con-

2271 4693 2435 4748 νατοῦ
2481 4695 2844 4764 τυγχάνοντος
2876 4692 2971 4748 τοῦ
3003 4693 3163 4762 λόγου
3196 4693 3576 4765 θεωρημάτων
3612 4688 3729 4759 περὶ
3753 4683 3825 4738 τοῦ

585 4783 1103 4853 templamentorum
1127 4783 1272 4837 circa
1308 4784 1481 4839 solem
1508 4784 1723 4849 modos,
1755 4800 1865 4854 quo
1912 4785 1965 4839 id
1994 4785 2165 4855 magi-

582 4886 698 4934 ster
717 4891 882 4932 sensu
907 4876 1313 4945 contemplatus
1340 4876 1412 4930 sit
1434 4889 1536 4930 nos
1561 4890 1782 4944 quoque
1823 4876 2166 4946 contemple—

582 4984 729 5037 mur,
758 4982 824 5022 ea
860 4966 1119 5020 nimirum
1157 4981 1279 5035 quae
1308 4964 1638 5035 complicato
1678 4973 1810 5019 sunt
1835 4964 1980 5020 dicta
2002 4966 2072 5020 ab
2096 4980 2165 5020 eo

582 5076 688 5134 pro
716 5058 864 5114 virili
888 5068 1044 5128 parte
1077 5057 1438 5126 explicantes.
1489 5054 1681 5110 Annus
1738 5055 1925 5125 igitur,
1959 5072 2164 5111 secun-

2271 4785 2428 4856 ἡλίου
2479 4786 2720 4857 τρόπους
2767 4784 3023 4839 ἐκθέσθαι
3075 4786 3163 4838 διὰ
3210 4783 3273 4838 τὸ
3321 4784 3616 4854 σύντομον,
3654 4778 3829 4843 καθ’ἥν

2271 4882 2299 4933 ὁ
2349 4878 2672 4943 διδάσκαλος
2724 4878 2857 4933 αὐτὸ
2902 4877 3147 4931 ἐπίνοιαν
3190 4876 3509 4949 ἐθεώρησε,
3567 4873 3659 4927 καὶ
3698 4867 3827 4940 ἡμεῖς

2274 4967 2650 5039 θεωρήσωμεν
2678 5007 2693 5031 ,
2759 4967 2828 5020 τά
2892 4965 3353 5036 συνεπτυγμένως
3417 4961 3570 5033 αὐτῷ
3623 4954 3828 5029 δηλονότι

2277 5058 2515 5132 ρηθέντα
2565 5057 2709 5112 κατὰ
2736 5057 2972 5127 δύναμιν
3016 5054 3403 5124 ἐξαπλοῦντες.
3443 5050 3717 5112 Ἐνιαυτός
3741 5044 3827 5099 τοί·

584 5151 717 5206 dum
757 5157 979 5205 sanctos
1027 5159 1084 5201 et
1109 5147 1387 5216 sapientes
1430 5153 1653 5199 nostros
1708 5144 1988 5209 doctores,
2038 5146 2155 5199 soli:

2276 5167 2373 5203 νυν
2396 5150 2517 5203 ἐστὶ
2545 5149 2689 5202 κατὰ
2712 5150 2841 5213 τοὺς
2868 5149 3057 5217 ἁγίους
3084 5148 3182 5202 καὶ
3209 5148 3407 5215 σοφοὺς
3428 5144 3587 5217 ἡμῶν
3611 5138 3826 5194 διδασκά-

582 5251 670 5297 est
698 5242 767 5295 ab
796 5241 953 5310 signo
980 5237 1152 5309 ipsius
1180 5239 1235 5292 in
1259 5237 1477 5306 signum
1505 5235 1794 5299 circuitus,
1820 5235 2169 5304 quintuplam

585 5331 892 5388 secundum
940 5343 1156 5399 tempus
1207 5327 1602 5398 pmprietatem
1668 5326 2171 5397 comprehenderis.

2279 5243 2405 5304 λους
2452 5244 2485 5311 ὴ
2520 5240 2615 5293 τοῦ
2649 5240 2804 5312 ήλίου
2839 5240 2948 5293 ἀπὸ
2973 5240 3065 5293 τοῦ
3091 5237 3256 5293 αὑτοῦ
3286 5236 3513 5309 σημείου
3545 5235 3625 5296 εἰς
3649 5230 3705 5285 τὸ
3724 5222 3825 5281 αὐτὸ

2283 5334 2511 5402 σημεῖον
2536 5331 3005 5396 ἀποκατάστασις,
3036 5329 3136 5400 τῆς
3163 5329 3304 5382 κατὰ
3330 5327 3523 5398 χρόνον
3553 5314 3823 5381 πενταπλῆς

586 5419 831 5491 Tempus
852 5423 999 5474 enim
1023 5420 1078 5473 in
1104 5418 1248 5473 diem
1273 5426 1327 5472 et
1349 5415 1748 5471 hebdomadam
1772 5427 1827 5471 et
1852 5432 2095 5471 mensem
2120 5434 2149 5472 e

2285 5422 2549 5491 ἰδιότητος
2608 5423 2957 5491 περιεκτική.
3018 5420 3077 5473 '0
3120 5417 3229 5490 γὰρ
3278 5416 3469 5490 χρόνος
3519 5416 3599 5479 εἰς
3646 5405 3824 5484 ἡμέραν

663 5624 711 5657 ³⁸
734 5624 871 5681 Cod.
899 5587 1045 5680 llud.
1078 5624 1262 5676 τανῦν.

1874 5524 2108 5608 vitam:
2149 5554 2555 5612 LECTIONES.

663 5757 777 5829 (£2)
817 5760 963 5815 Idem
1009 5759 1159 5824 Μαί,
1214 5776 1331 5830 cap.
1386 5760 1472 5828 13,
1511 5777 1567 5832 p.
1604 5761 1728 5831 855,
1775 5768 1906 5820 tom.
1941 5765 1960 5818 l
2002 5762 2141 5834 Opp.
2186 5767 2315 5822 edit.
2353 5766 2558 5822 Bencd.
