4012 6368
363 360 495 427 i357
532 372 535 373 '

1600 304 2121 412 AMBIGUORUIll
2161 350 2413 412 LIBER.

3486 331 3626 408 I358

359 474 450 526 καὶ
497 460 769 541 ἑϐδομάδα
834 468 926 521 καὶ
973 451 1116 537 μῆνα
1178 464 1271 519 καὶ
1317 462 1506 535 καιρὸν
1556 464 1648 515 καὶ
1694 460 1940 514 ἐνιαυτὸν

2058 460 2210 525 veris,
2257 459 2485 524 aestatis,
2519 456 2791 542 a‘utum‘ni,
2842 454 3040 516 hiemis
3083 445 3522 515 vicissitudinem
3566 463 3625 511 ct

359 553 645 631 μερίζεταί
667 576 725 612 τε
753 562 846 614 καὶ
869 561 1186 627 συνάγεται·
1220 558 1316 612 xui.
1341 559 1369 610 6
1394 556 1640 620 ἐνιαυτὸς
1661 553 1944 620 ὡσαύτως,

356 655 436 716 εἰς
465 651 619 723 ὥραν
673 652 770 704 καὶ
811 650 1028 722 ἡμέραν
1082 654 1175 705 καὶ
1220 648 1493 720 ἑϐδομάδα
1543 650 1637 702 καὶ
1672 644 1819 718 μῆνα
1853 646 1948 701 καὶ

356 744 592 814 καιρὸν,
651 743 909 814 συνεχοῦς
958 745 1054 798 καὶ
1100 736 1426 799 ἀδιαστάτου
1478 738 1575 810 τῆς
1623 734 1745 793 κατ’
1784 725 1948 794 αύτὸν

362 834 632 906 μενούσης
658 837 933 907 κινήσεως
958 877 973 902 ,
1032 836 1161 906 περὶ
1185 828 1252 906 ἢν
1284 835 1341 887 αἰ
1372 832 1513 887 κατά
1539 831 1639 903 τὴν
1665 830 1949 885 ἀλλοίωσιν

356 926 655 997 διαιρέσεις
709 926 1084 997 θεωρούμεναι
1127 928 1226 997 τὴν
1260 925 1457 997 συνεχῆ
1500 924 1594 978 καὶ
1623 923 1951 977 ἀδιάστατον

359 1018 673 1090 ἠρίθμησαν
705 1018 799 1072 τοῦ
827 1019 1019 1089 χρόνου
1050 1018 1287 1089 κίνησιν.
1335 1017 1398 1070 Εἰ
1424 1017 1488 1088 δὴ
1516 1015 1694 1085 τούτῳ
1722 1015 1800 1084 τῷ
1821 1014 1951 1084 τρό-

359 1126 446 1178 πῳ
492 1110 623 1180 παρ’
659 1112 791 1181 ἡμῖν
847 1111 990 1164 κατά
1032 1112 1131 1181 τὴν
1177 1108 1271 1162 τόὓ
1307 1109 1455 1179 ἡλίου
1492 1109 1665 1180 φορὰν
1704 1105 1951 1169 ἐνιαυτὸς

359 1199 590 1267 γίνεται,
622 1200 863 1262 ἐνιαυτὸς
890 1198 1092 1270 δηλαδὴ
1120 1197 1326 1268 Κυρίου
1352 1197 1540 1260 δεκτός
1564 1198 1678 1249 ἐστι
1708 1196 1948 1262 πάντως,

358 1288 435 1351 ὡς
481 1290 796 1360 γέγραπται
822 1331 836 1354 ,
900 1290 1044 1343 κατά
1092 1290 1185 1343 τὸν
1226 1290 1326 1358 τῆς
1359 1287 1692 1358 ἀλληγορίας
1723 1287 1948 1357 τρόπον,

359 1381 396 1452 ἡ
428 1382 579 1435 πᾶσα
615 1380 797 1454 (242
816 1380 866 1450 b)
895 1380 1004 1434 τῶν
1030 1379 1243 1436 αἰώνων
1274 1380 1618 1451 παράτασις,
1656 1381 1749 1432 ἀπ’
1775 1378 1951 1451 ἀρχῆς

359 1464 427 1546 ἧς
478 1474 771 1544 εὐδόκησεν
822 1474 850 1525 6
895 1472 1029 1536 Θεὸς
1079 1470 1340 1525 οὐσιῶσαι
1382 1471 1451 1524 τά
1485 1468 1614 1524 ὄντα
1640 1513 1655 1535 ,
1716 1472 1811 1524 καὶ
1838 1473 1951 1535 τοῖς

364 1567 443 1638 μὴ
490 1566 643 1620 οὖσιν
696 1563 932 1634 ὓπαρξιν
980 1563 1204 1627 δοῦναι,
1264 1564 1357 1617 καὶ
1400 1562 1488 1616 διὰ
1530 1563 1632 1633 τῆς
1667 1555 1948 1634 προνοίας,

359 1656 550 1730 ὥσπερ
585 1674 671 1717 τις
699 1657 887 1727 νοητὸς
914 1657 1068 1728 ἥλιος
1100 1654 1198 1727 τῆς
1230 1654 1366 1726 πρὸς
1390 1656 1655 1726 διαμονὴν
1688 1655 1946 1725 συνεχού-

363 1766 467 1820 σης
498 1749 559 1802 τὸ
590 1750 697 1802 πᾶν
719 1748 1030 1817 δυνάμεως,
1089 1745 1577 1814 συγκαταὸατικῶς
1606 1748 1817 1815 ἐφεῖναι
1849 1745 1949 1818 τὴν

362 1839 560 1893 ἀκτῖνα
591 1839 918 1911 ἀνεχόμενος
942 1879 958 1905 ,
1015 1837 1260 1892 ποικῖλαι
1288 1831 1414 1901 τοὺς
1444 1838 1680 1908 τρόπους
1708 1837 1948 1902 ἀξιώσας

363 1932 502 2002 πρὸς
528 1928 922 2004 τελεσφόρησιν
945 1923 1019 1985 ὧν
1040 1933 1153 1994 τοῖς
1172 1928 1323 1984 οὖσιν
1344 1929 1562 1983 οἰκείων
1583 1930 1951 2001 κατέσπειρεν

361 2021 586 2090 ἀγαθῶν
620 2023 779 2094 μέχρι
810 2025 907 2094 τῆς
937 2024 1153 2078 πάντων
1181 2024 1657 2097 ἀποπερατώσεως
1681 2024 1789 2080 τῶν
1816 2025 1952 2080 αἰώ-

363 2129 515 2178 νων,
576 2114 699 2168 καθ’
745 2116 811 2185 ἢν
867 2112 1111 2181 συλλέξει
1162 2113 1262 2187 τῆς
1302 2113 1511 2181 οἰκείας
1561 2118 1771 2188 σπορᾶς
1824 2117 1952 2183 τοὺς

364 2207 617 2277 καρποὺς
675 2207 932 2271 ζιζανίων
985 2209 1207 2279 ἀμιγεῖς
1262 2208 1360 2261 καὶ
1408 2208 1593 2279 πάσης
1638 2200 1953 2281 ἀχυρώδους

360 2292 536 2365 ἄχνης
588 2301 682 2348 καὶ
730 2297 1129 2371 συμφορήσεωί
1172 2297 1482 2369 καθαροὺς,
1540 2300 1636 2353 καὶ
1668 2299 1698 2350 ὀ
1730 2299 1955 2371 σύμπας

360 2339 533 2365 ν-Λ-Ἰν
590 2339 682 2348 ·--··
731 2339 1097 2368 --Γγνγσιπνυ
1174 2339 1482 2369 ’ν’-*νίκην
1543 2339 1636 2353 ἠ’-ν
1669 2339 1697 2350 ν’
1730 2339 1950 2371 "rm"!

359 2385 464 2453 τῆς
496 2383 603 2438 τῶν
633 2387 970 2456 κινουμένων
998 2339 1269 2460 κινιξσεως
1299 2388 1743 2461 περαιωθήσεται
1772 2391 1950 2461 λόγος,

359 2472 643 2529 λαϐόντων
675 2476 784 2530 τῶν
812 2478 977 2544 ἀξίων
1003 2478 1102 2549 τὴν
1128 2479 1550 2551 ἐπηγγελμένην
1578 2482 1678 2550 τῆς
1705 2480 1954 2547 θεὼσεως

362 2567 605 2639 ἐσχάτην
632 2572 1034 2643 μακαριότητα.
1079 2566 1301 2636 «Ἥλιος
1326 2591 1344 2624 ι
1373 2572 1468 2626 οὖν
1504 2592 1523 2626 ι
1553 2573 1899 2648 δικαιοσύνης
1929 2594 1948 2629 ι

362 2657 617 2744 ὁᾘύριὸς
642 2662 1101 2731 προσηγόρευται,
1127 2664 1203 2726 ὡς
1225 2663 1457 2744 ποιητὴς
1480 2665 1575 2718 καὶ
1598 2665 1955 2738 συντελεστὴς

360 2740 477 2804 τῶν
502 2749 748 2816 αἰώνων,
808 2754 901 2807 καὶ
943 2754 1018 2819 ὡς
1052 2756 1196 2827 ἀρχὴ
1226 2740 1446 2811 πάντων
1494 2759 1592 2829 καί
1617 2759 1807 2825 τέλος,
1860 2762 1957 2814 καὶ

360 2834 467 2912 τῆς
508 2843 824 2912 πενταπλῆς
874 2844 1016 2900 κατά
1050 2847 1149 2918 τὴν
1177 2847 1436 2918 πρόνοιαν
1481 2848 1592 2902 τῶν
1622 2831 1977 2923 προνοουμέο.

362 2941 477 2980 νων
524 2928 699 3000 σοφῆς
743 2931 999 2997 εὐταξίας
1040 2934 1376 3006 δημιουργὸς
1403 2976 1418 3002 ,
1474 2938 1569 2991 καὶ
1613 2939 1690 3003 ὡς
1732 2933 1957 3012 πληρῶν

359 3016 436 3070 τά
471 3019 649 3072 πάντα
701 3022 877 3089 φωτὸς
905 3023 1078 3078 ἀϊδίου
1122 3028 1239 3091 ταῖς
1272 3027 1646 3093 ἀνεκλείπτοις
1675 3030 1957 3094 ἐπιϐολαῖς

2047 559 2255 607 annum
2289 550 2557 606 dividitur
2575 559 2742 622 atque
2759 552 3138 617 consociatur;
3170 551 3413 620 itemque
3446 562 3625 604 annus

2049 645 2103 699 in
2134 644 2327 700 horam
2356 654 2412 701 et
2435 646 2582 702 diem
2604 652 2662 702 et
2690 646 3092 702 hebdomadam
3118 656 3172 702 et
3193 661 3436 717 mensem
3461 652 3516 700 et
3541 645 3623 700 vi-i

2049 737 2454 802 eissitudinem,
2472 738 2605 793 dum
2631 739 2892 794 continua
2915 748 2970 795 et
2998 740 3166 794 nullis
3195 739 3433 794 discreta
3450 739 3627 794 interJ

2050 818 2209 887 vallis
2239 848 2337 902 per
2365 835 2492 888 eum
2539 830 2726 888 manet
2762 835 2954 899 motio,
2982 835 3129 888 circa
3172 836 3337 905 quam
3382 850 3505 904 quae
3529 836 3628 904 pei‘

2051 924 2493 981 immutationem
2550 934 2874 997 spectantur
2920 912 3262 992 discrimina,
3304 922 3627 982 continu-ain

2050 1016 2329 1086 nullisque
2352 1018 2656 1073 intervallis
2678 1017 3011 1089 disjunctam
3031 1017 3299 1089 temporis
3328 1016 3630 1072 motionem

2052 1109 2301 1163 numeris
2322 1108 2687 1180 distinguunt.
2711 1108 2869 1176 Quod
2903 1110 2948 1165 si
2979 1108 3033 1162 in
3057 1108 3206 1164 hunc
3230 1109 3455 1164 modum
3485 1096 3630 1180 apud

2052 1212 2156 1253 nos
2178 1198 2484 1253 secundum
2512 1198 2644 1253 solis
2671 1214 2891 1253 cursum
2913 1198 2971 1253 lit
2998 1214 3196 1264 annus,
3229 1215 3408 1254 annus
3434 1203 3632 1268 nempe

2052 1287 2271 1344 Domini
2296 1288 2652 1358 acceptabilis
2679 1291 2909 1345 omnino
2945 1298 3031 1345 est
3069 1298 3120 1357 γ,
3169 1300 3230 1344 ιιι
3258 1290 3528 1360 scriptum
3556 1290 3635 1345 lee

2052 1379 2202 1449 gitur
2229 1370 2537 1433 secundum
2567 1369 2849 1450 allegoria!
2888 1369 3113 1435 modum
3153 1380 3411 1435 universa
3453 1381 3631 1436 saccus

2052 1473 2231 1527 lorum
2284 1461 2534 1529 extensio
2585 1489 2652 1530 ac
2672 1474 2867 1541 series,
2900 1490 2930 1528 a
2986 1461 3143 1546 cujus
3191 1461 3466 1545 principio
3519 1468 3634 1529 Ded

2031 1561 2263 1637 ‘placuit
2289 1555 2532 1622 essentia
2566 1583 2767 1624 ornare
2789 1584 2854 1624 ea
2875 1583 2998 1639 qum
3018 1577 3196 1634 erant,
3214 1577 3272 1622 et
3303 1561 3632 1623 exstantium

2030 1659 2185 1714 'dare
2207 1660 2290 1714 eis
2320 1664 2440 1729 quae
2465 1676 2573 1714 non
2597 1658 2779 1727 erant,
2828 1670 2886 1716 et
2915 1676 3014 1731 per
3042 1660 3471 1731 providentiam,
3512 1660 3636 1714 tan-*-

2053 1767 2219 1823 quam
2244 1751 2634 1807 intelleCtualis
2664 1740 2836 1823 aliqui
2908 1751 2990 1807 sol
3041 1750 3265 1807 virtutis
3296 1740 3366 1806 ad
3415 1736 3643 1827 ρει-δεῖξ’

2051 1843 2291 1899 randum
2324 1834 2737 1898 universitatem
2757 1842 3118 1909 continentis,
3154 1843 3279 1898 cum
3302 1842 3641 1898 condescen-

2052 1937 2210 1992 sione
2242 1935 2459 1990 radium
2487 1924 2789 1992 immittere
2806 1934 3240 2006 sustinens,‘quo
3257 1921 3499 1990 variaret
3517 1937 3640 1989 πίοι

2010 2058 2015 2067 ε
2054 2026 2155 2082 dos
2178 2026 2244 2082 ad
2267 2027 2594 2082 maturanda
2617 2043 2683 2083 ea
2707 2013 2850 2083 bona
2879 2030 3003 2099 quae
3024 2014 3192 2083 rebus
3238 2026 3640 2082 exsistentibus

2052 2119 2279 2190 propria
2318 2107 2524 2176 insevit
2552 2135 2731 2190 usque
2758 2119 2890 2174 dum
2927 2120 3112 2176 omnia
3149 2119 3349 2183 saecula
3382 2135 3642 2175 consum-6

2054 2219 2201 2267 mala
2222 2210 2451 2277 fuerint,
2488 2228 2600 2283 quo
2635 2222 2884 2284 tempore
2921 2199 3132 2284 proprii
3176 2214 3405 2269 seminis
3428 2212 3642 2270 fructus

2055 2306 2276 2377 colliget
2305 2305 2506 2361 aloliis
2553 2306 2849 2371 discretos,
2876 2307 3142 2378 omnique
3191 2307 3403 2378 paleari
3454 2307 3639 2379 gluma

2055 2406 2220 2469 atque
2265 2397 2525 2468 congerie
2572 2413 2764 2475 puros,
2822 2398 3068 2469 dumque
3129 2399 3388 2455 universa
3442 2407 3642 2455 eorum

2055 2502 2180 2557 quae
2203 2496 2497 2543 moventur
2530 2488 2795 2544 motionis
2839 2488 2981 2544 ratio
3019 2489 3190 2544 fuerit
3236 2478 3551 2555 terminata,
3585 2492 3644 2545 et

2056 2577 2093 2632 ii
2123 2578 2215 2648 qui
2251 2587 2575 2634 meruerunt
2598 2577 2970 2634 deiﬁcationis
3011 2595 3281 2634 summam
3324 2595 3448 2650 qua:
3498 2584 3646 2650 prae-

2057 2668 2239 2725 dicata
2264 2678 2387 2725 erat
2423 2666 2826 2726 beatitudinem
2863 2658 3199 2740 percipiunt,
3251 2690 3267 2721 ι
3293 2658 3385 2725 Sol
3415 2689 3433 2721 ι
3473 2670 3645 2741 igitur

2066 2760 2371 2832 «justitiam
2428 2756 2697 2816 Dominus
2737 2748 3069 2831 appellatur,
3112 2771 3172 2816 ut
3206 2748 3383 2816 factor
3422 2769 3478 2816 et
3507 2777 3641 2816 con-

2059 2860 2364 2908 summator
2394 2853 2746 2918 saeculorum,
2771 2862 2828 2908 et
2849 2860 2911 2907 ut
2941 2842 3277 2923 principium
3305 2869 3493 2908 rerum
3516 2855 3643 2909 uni-s

2059 2959 2344 3000 versarum
2368 2960 2432 3001 ac
2454 2944 2600 3010 linis,
2652 2943 3044 3015 quintuplique
3088 2944 3392 3028 secundum
3452 2944 3648 2999 ProViJ
3736 2974 3745 2979 -

2061 3036 2301 3090 dentiam
2320 3035 2453 3091 boni
2481 3051 2544 3091 ac
2557 3035 2822 3105 sapientis
2852 3036 2907 3090 in
2932 3037 3101 3091 rebus
3129 3037 3333 3106 quibus
3357 3036 3645 3107 provisum

360 3109 469 3179 τῆς
492 3110 853 3183 ἀγαθότητος,
888 3116 983 3169 καὶ
1014 3117 1140 3181 τοὺς
1171 3118 1497 3187 εὐρύνοντας
1525 3121 1661 3191 πρὸς
1685 3123 1954 3195 ὑποδοχὴν

2060 3137 2146 3183 est
2178 3128 2391 3183 ordinis
2419 3126 2751 3183 constitutor
2786 3136 2842 3182 et
2863 3126 3083 3192 artifex,
3115 3137 3172 3184 et
3203 3136 3263 3182 ut
3284 3134 3492 3185 αξιοι-τιτι
3519 3127 3647 3183 luce

362 3202 469 3269 τῆς
523 3203 689 3257 αὐτοῦ
738 3208 1017 3278 μακαρίας
1055 3210 1275 3274 ἀκτῖνος
1322 3213 1448 3275 τοὺς
1491 3212 1701 3267 ἑαυτῶν
1729 3218 1955 3287 νοητοὺς

368 3292 906 3378 πόρουςιπεπείρους
951 3299 1043 3351 καὶ
1074 3299 1369 3371 ἐδωδίμους
1402 3301 1481 3373 τῷ
1506 3302 1625 3373 Θεῷ
1655 3304 1750 3357 καὶ
1780 3306 1957 3374 Πατρὶ

361 3385 712 3455 ποιούμενος.
773 3389 832 3441 ’0
881 3389 1045 3454 αὐτὸς
1085 3390 1142 3444 δὲ
1192 3393 1285 3445 καὶ
1325 3393 1574 3459 ἐνιαυτός
1601 3397 1715 3450 ἐστι
1747 3397 1953 3466 Κυρίου

360 3480 579 3548 δεκτὸς,
613 3482 689 3547 ῶς
717 3482 807 3537 διά
835 3485 1055 3539 πάντων
1087 3486 1196 3540 τῶν
1224 3478 1551 3559 σωζομένων
1577 3490 1956 3564 πληρούμενος

363 3571 512 3625 κατά
549 3571 647 3644 τὴν
701 3573 794 3627 ὑπ’
823 3570 992 3629 αὑτοῦ
1026 3577 1233 3648 νοητῶς
1257 3580 1551 3651 γινομένην
1584 3583 1956 3654 πεντάτροπον

364 3660 621 3730 κίνησιν,
673 3663 749 3727 ὡς
779 3660 963 3719 Ἡλίου
986 3666 1360 3739 δικαιοσύνης,
1390 3669 1582 3741 ἥντινα
1606 3672 1794 3745 νοήσει
1819 3672 1957 3729 πάν-

363 3767 481 3815 τως
517 3753 546 3806 ὁ
577 3753 666 3808 διὰ
690 3756 787 3825 τῆς
814 3757 923 3809 τῶν
949 3758 1292 3828 φαινομένων
1319 3760 1584 3832 ἀκριϐοῦς
1626 3765 1770 3820 κατά
1797 3763 1956 3835 λόγον

368 3844 613 3916 φυσικῆς
654 3847 889 3919 θεωρίας
937 3849 1035 3920 τὴν
1076 3851 1187 3904 τῶν
1222 3854 1529 3924 νοουμένων
1576 3859 1956 3931 πνευματικὴν

373 3935 683 4007 ἐπιστήμην
713 3937 1123 4009 συλλεγόμενος.
1154 3940 1394 3996 Ἐκεῖθεν
1415 3944 1472 3998 δὲ
1489 3964 1508 3997 ι
1527 3946 1849 4018 ὁρμώμενος
1862 3949 1907 3981 ³⁷
1934 3971 1952 4003 ι

365 4025 589 4095 εἴρηται
611 4028 686 4098 τῷ
707 4027 1011 4101 διδασκάλῳ
1028 4031 1210 4103 (243
1226 4032 1301 4101 a),
1332 4035 1394 4106 «ἢ
1416 4034 1496 4107 τῷ
1516 4037 1778 4110 ὁρωμένῳ
1804 4058 1961 4112 περι-

365 4116 620 4187 γραπτὸς
640 4158 655 4183 ,
705 4137 724 4169 ι
766 4118 798 4188 ἢ
830 4118 905 4183 ὡς
955 4120 1071 4190 φῶς
1098 4123 1162 4174 ὲκ
1190 4121 1388 4190 φωτὸς,
1425 4115 1522 4177 καὶ
1546 4126 1679 4192 Θεὸς
1706 4128 1961 4200 ἀληθινὸς

367 4209 436 4260 ἐκ
477 4207 613 4260 Θεοῦ
660 4209 782 4262 κατ’
805 4210 996 4264 οὐσίαν
1031 4210 1285 4284 ἀληθινοῦ
1316 4214 1409 4267 τοῦ
1442 4216 1657 4288 Πατρὸς
1687 4223 1960 4293 γεννητῶς

364 4296 693 4369 ὁρμώμενος
714 4339 729 4365 ,
784 4301 817 4373 ἦ
867 4302 943 4365 ὡς
991 4303 1278 4373 ἄνθρωπος
1309 4306 1337 4358 ὁ
1367 4306 1529 4372 αὐτὸς
1558 4309 1634 4380 τῷ
1664 4312 1787 4366 καθ’
1810 4314 1960 4383 ἡμᾶς

368 4388 636 4478 ὁρωμένῳ
685 4391 787 4462 τῆς
829 4392 1049 4461 φύσεως
1094 4395 1226 4448 εῐδει
1260 4399 1667 4470 περιγραπτδς,
1704 4402 1959 4478 καθάπερ

2063 3219 2321 3274 universa
2352 3219 2574 3288 replens
2592 3218 2774 3288 plenis
2797 3217 3064 3273 bonitatis
3095 3217 3422 3282 missilibus,
3456 3226 3515 3273 et
3548 3233 3648 3272 eos

2060 3315 2154 3385 qui
2188 3313 2332 3369 beati
2362 3314 2484 3385 ejus
2512 3313 2652 3368 radii
2677 3311 2981 3383 recipiendi
3017 3312 3193 3383 gratia
3243 3311 3648 3367 intellectualcs

2060 3401 2279 3455 canales
2310 3415 2443 3455 suos
2474 3401 2740 3471 amplient
2791 3409 3038 3456 maturos
3072 3409 3131 3456 et
3184 3401 3500 3465 esculentos
3531 3387 3647 3456 Deo

2059 3500 2117 3547 et
2153 3491 2302 3548 Patri
2329 3492 2591 3548 reddens.
2614 3492 2763 3547 Idem
2802 3496 2934 3547 vero
2960 3501 3018 3547 et
3054 3507 3234 3548 annus
3284 3480 3504 3548 Domini
3549 3509 3644 3550 ac-

2061 3585 2352 3655 ceptabilis
2382 3593 2485 3651 est,
2517 3592 2578 3638 ut
2606 3600 2707 3654 per
2729 3600 2925 3640 omnes
2955 3585 3050 3655 qui
3065 3594 3360 3641 servantur
3381 3594 3645 3642 censum-
3708 3625 3717 3635 .

2059 3675 2240 3731 matus
2279 3674 2582 3731 secundum
2627 3673 2979 3745 quintuplam
3019 3690 3143 3746 quae
3191 3664 3647 3753 intellectualitcr

2060 3759 2122 3818 lit
2147 3763 2219 3818 ab
2247 3777 2336 3829 eo,
2373 3772 2632 3832 tanquam
2660 3763 2891 3834 iustitiae
2939 3763 3087 3830 Sole,
3117 3764 3445 3834 motionem,
3476 3780 3646 3838 quam

2059 3862 2280 3918 noverit
2344 3863 2507 3934 plane
2555 3864 2878 3934 quicunque
2925 3848 3027 3936 per
3076 3866 3396 3938 diligentem
3428 3870 3647 3927 ratione

2061 3971 2248 4011 rerum
2275 3971 2398 4026 qua:
2426 3955 2572 4029 (isui
2628 3964 2820 4035 nostro
2880 3958 3111 4030 objecue
3142 3970 3274 4015 sunt
3332 3962 3646 4019 naturalem

2061 4046 2585 4116 contemplationem
2611 4047 2899 4119 collegerit
2929 4049 3275 4120 spiritualem
3295 4067 3490 4107 eorum
3522 4069 3648 4124 quze

2063 4145 2370 4194 noscuntur
2391 4138 2704 4194 scientiam.
2733 4139 2893 4196 Illinc
2925 4157 3059 4198 vero
3088 4158 3107 4193 ι
3149 4144 3532 4215 progrediens,
3557 4147 3645 4202 vel

2063 4229 2132 4285 ad
2158 4238 2371 4300 partem
2406 4245 2539 4285 eam
2556 4246 2679 4300 quae
2709 4231 2887 4287 oculis
2915 4232 3162 4290 cernitur
3188 4236 3649 4309 circumscriptus

2063 4329 2122 4377 et
2156 4318 2423 4375 deﬁnitus
2448 4339 2466 4371 ι
2508 4334 2539 4375 a
2569 4318 2834 4391 magistro
2868 4323 3178 4392 appellatus
3206 4334 3311 4390 est,
3345 4327 3431 4383 vel
3457 4335 3518 4381 ut
3550 4328 3646 4383 lux

2065 4411 2133 4468 de
2159 4411 2302 4476 luce,
2356 4421 2413 4466 et
2456 4406 2604 4467 Deus
2633 4428 2799 4468 verus
2847 4413 2917 4468 de
2955 4415 3068 4470 Deo
3108 4418 3479 4474 essentialiter
3509 4435 3647 4475 vero

366 4477 520 4576 ἠλιος
577 4482 606 4535 6
654 4482 720 4536 ἐκ
762 4484 857 4537 τοῦ
903 4485 1135 4556 οὐρανοῦ
1186 4487 1508 4559 ὁρμώμενος
1539 4492 1616 4564 τῷ
1644 4477 1954 4570 φαινομένῴ

2063 4502 2225 4557 Patre
2274 4501 2653 4573 generationis
2702 4503 2792 4558 via
2844 4500 3227 4576 progrediens,
3256 4508 3344 4564 vel
3391 4519 3453 4564 ut
3476 4509 3650 4566 homo"

366 4568 657 4627 δισκοειδεῖ
689 4574 905 4642 σώματι
932 4578 1399 4651 περιγέγραπται.

367 4661 632 4731 scriptus,
684 4666 1153 4736 quemadmodum
1210 4670 1315 4737 sol,
1355 4674 1451 4742 qui
1520 4672 1590 4731 de
1656 4679 1802 4735 caelo
1860 4696 1964 4752 pro

365 4755 542 4812 bitur.

381 4932 488 4988 Ἐκ
520 4933 628 4988 τοῦ
658 4936 847 4992 αὑτοῦ
874 4939 1061 5009 λόγου
1094 4940 1181 5011 εἰς
1209 4948 1298 5002 τόο
1337 4969 1356 5002 ι
1389 4950 1747 5021 Θαυμαστὸν
1774 4947 1958 5012 οὐδὲν

443 5028 497 5077 εἰ
542 5024 814 5095 μάλιστα
882 5034 1009 5087 κατ’
1055 5032 1227 5092 οἶκον
1276 5040 1541 5098 ἕκαστον
1602 5044 1957 5116 ἐπιζητεῖται

444 5117 510 5170 τὸ
541 5120 840 5186 πρόϐατον
860 5124 994 5197 (45).
1008 5145 1026 5178 ι

446 5207 632 5302 Εἴποι,
651 5209 696 5263 δ’
735 5213 800 5267 άν
842 5232 962 5283 τις,
1016 5221 1111 5274 καὶ
1159 5217 1420 5293 εὐλόγως,
1454 5219 1527 5291 ὡς
1556 5223 1729 5300 οῐμαι,
1770 5222 1956 5302 τυχὸν,

370 5297 661 5393 Εῐπερ-εἷς
690 5304 836 5393 ἐστιν
869 5309 897 5360 6
920 5310 1158 5379 Χριστὸς
1184 5318 1213 5369 ὁ
1235 5316 1325 5369 διὰ
1349 5317 1514 5389 νόμου
1538 5297 1633 5373 καί
1662 5297 1959 5393 προφητῶν

371 5389 472 5443 καὶ
519 5390 617 5460 τῆς
667 5392 809 5448 κατά
851 5396 951 5467 τὴν
995 5401 1172 5455 κτίσιν
1225 5393 1643 5475 μεγαλειότητος
1679 5389 1960 5481 μυστικῶς

452 5510 477 5551 7
512 5503 649 5560 Luc.
681 5523 753 5573 IV,
781 5509 870 5564 l9.-
897 5532 901 5537 ·

2062 4594 2210 4649 idem
2238 4594 2332 4665 qui
2396 4593 2453 4648 in
2479 4592 2642 4649 nobis
2678 4593 2903 4650 videtur
2928 4605 3143 4653 natura:
3167 4599 3353 4669 specie
3401 4601 3645 4657 circum-

1966 4686 2225 4756 grediens
2245 4701 2481 4757 corpore
2525 4686 2680 4742 disco
2720 4686 2888 4745 simili
2933 4699 3235 4761 apparente
3290 4692 3644 4750 circumscri-

1985 4888 2058 4907 anh-

2067 4944 2153 5012 Ea:
2179 4955 2358 5010 eodem
2383 4971 2627 5011 sermone
2651 4946 2707 5011 in
2745 4923 2889 5013 illud
2906 4977 2925 5015 :
2955 4980 2973 5014 ι
2994 4948 3142 5018 Illud
3178 4968 3394 5022 minimc
3434 4970 3645 5026 mirand

2133 5047 2279 5129 dum,
2312 5049 2454 5119 quod
2491 5051 2724 5104 maxime
2772 5067 2870 5122 per
2903 5053 3142 5126 singulas
3188 5058 3370 5114 domos
3419 5063 3527 5117 ovis
3558 5080 3652 5118 νεα

2135 5140 2383 5210 quiritur.
2410 5157 2429 5192 ι

2133 5221 2292 5288 Dicat
2322 5246 2458 5287 vero
2482 5231 2687 5304 aliquis
2734 5222 2991 5299 fortasse,
3026 5250 3132 5292 nec
3160 5237 3283 5294 sine
3314 5241 3555 5309 ratione,
3585 5246 3647 5300 ut

2066 5324 2205 5378 mihi
2249 5322 2499 5377 videtur:
2547 5322 2606 5376 Si
2652 5322 2876 5392 quidem
2937 5340 3082 5380 unus
3128 5337 3215 5383 est
3241 5327 3518 5401 Christus,
3548 5340 3654 5406 per“

2067 5415 2245 5486 legem
2269 5422 2325 5470 et
2345 5410 2664 5484 prophetas,
2684 5428 2893 5485 perque
2908 5415 3256 5485 conditionis
3288 5422 3658 5492 magniﬁcene

1659 5579 1896 5640 VARIA'I
1938 5588 2343 5647 LECTIONES.
2416 5588 2419 5591 ’

452 5642 498 5675 "
525 5646 915 5717 Apograpllum
946 5646 1154 5719 praebet
1185 5650 1240 5704 h.
1278 5651 1318 5705 l.
1350 5654 1647 5725 ὁρώμενος.

451 5755 567 5830 (45)
605 5759 754 5815 Idem
806 5762 956 5831 ibid.,
992 5778 1112 5835 cap.
1154 5765 1237 5832 14,
1286 5781 1341 5834 p.
1379 5767 1504 5835 856,
1550 5776 1684 5824 tom.
1735 5770 1926 5843 lOpp.
1967 5773 2101 5830 edit.
2150 5770 2358 5833 Bened;
