4012 6372
497 302 518 366 1
539 303 633 370 ἶ59

1676 295 1734 354 S.
1770 288 2057 354 MAXIMI
2092 284 2597 348 CONFESSORIS

3615 283 3728 349 1360

498 421 626 473 tiam
676 415 760 473 eis
809 417 904 486 qui
950 415 1314 486 spirituaiiter
1355 415 1551 470 audire
1573 421 1738 484 atque
1766 410 1954 465 videre
1978 424 2076 462 cu-

2190 406 2290 464 ιοῖς
2333 401 2551 456 ἀκούειν
2602 400 2994 472 πνευματικῶς
3037 400 3132 452 καί
3165 399 3293 470 ὀρᾷν
3319 398 3622 466 δυναμένοις
3647 420 3731 470 κη-

494 519 658 578 piunt
685 507 914 578 mystice
943 505 1294 576 praedicatus,
1335 505 1614 578 quomodo
1643 513 1833 574 typum
1864 499 2074 556 Christi

492 596 732 652 absolvit
762 597 850 650 lex
875 604 932 650 et
953 597 1154 650 multas
1173 612 1272 667 per
1309 596 1506 651 domos
1535 595 1868 649 familiarum
1904 589 2078 645 sacri-

495 687 648 741 ﬁcari
669 686 869 758 jubet?
896 685 1000 742 Cui
1021 689 1418 758 respondemus
1436 687 1604 759 quod,
1628 687 1674 742 si
1702 685 1866 740 modo
1895 685 2075 754 ipsum

498 793 596 834 nos
615 795 940 850 caperemus
968 795 1303 842 sermonem,
1358 778 1805 836 intellectualiter
1835 777 1890 831 in
1925 777 2078 832 auri-

495 854 599 921 bus
619 877 782 938 atque
805 868 986 923 oculis
1031 869 1226 922 anima:
1251 867 1612 923 inhaerentem
1665 878 1722 922 et
1751 865 2079 936 exaperien-

494 969 606 1015 tem
653 960 772 1015 hare
798 959 867 1014 ad
935 961 1309 1030 receptionem
1354 969 1521 1031 atque
1553 957 2077 1028 contemplationem

497 1051 886 1123 mysteriorum
909 1067 1160 1116 suorum,
1192 1051 1356 1107 simul
1386 1053 1454 1107 ad
1495 1051 1761 1106 ultionem
1783 1049 1963 1104 omnis
1997 1046 2081 1099 in-

495 1140 829 1196 obedientiaa
857 1149 914 1196 et
941 1142 1286 1196 aversionem
1307 1142 1490 1197 omnis
1508 1139 1787 1204 vanitatis,
1813 1153 2077 1210 agnosce—

497 1250 685 1291 remus
706 1233 932 1288 omnino
958 1233 1244 1304 mysticam
1275 1249 1447 1288 sacrae
1485 1232 1785 1304 Scriptum
1819 1231 2076 1285 volunta«

497 1334 630 1390 tem,
663 1339 788 1379 cum
809 1323 917 1377 hoe
947 1323 1347 1392 przesentiloco
1376 1324 1673 1394 jungcntes
1695 1321 1873 1376 simile
1903 1318 2081 1388 quod-

495 1417 621 1471 dam
645 1415 712 1470 de
731 1413 906 1469 sancti
931 1413 1178 1484 Apostoli
1199 1428 1316 1476 ore,
1343 1413 1478 1467 illud
1499 1411 1645 1466 :Non
1669 1412 1810 1465 enim
1838 1409 2080 1480 judicavi

497 1524 580 1562 me
601 1509 733 1560 scire
755 1506 961 1576 aliquid
988 1507 1128 1560 inter
1181 1522 1290 1569 vos,
1341 1505 1444 1559 nisi
1483 1505 1666 1559 Iesum
1711 1503 1998 1565 Christum,
2030 1510 2080 1555 et

494 1599 635 1651 [tunc
677 1595 988 1664 cruciﬁxum
1023 1605 1068 1650 ι.
1123 1593 1599 1661 Quemadmodum
1657 1609 1846 1648 revera
1905 1607 2080 1646 unus-

495 1692 735 1762 quisque
765 1707 958 1746 eorum
997 1689 1092 1760 qui
1130 1687 1352 1744 Christo
1375 1689 1739 1744 crediderunt
1769 1702 1871 1758 pro
1899 1685 2076 1740 facul-

443 1772 451 1778 ’
493 1791 608 1838 tate
646 1797 747 1837 sua
807 1790 864 1838 et
911 1781 1136 1835 virtutis
1183 1795 1291 1851 qua
1350 1779 1608 1835 innititur
1656 1778 1851 1832 habitu
1908 1785 2076 1846 atque

495 1877 764 1948 qualitate
789 1873 1134 1946 cruciﬁgitur
1159 1881 1216 1928 et
1249 1869 1526 1942 cruciﬁgit
1551 1885 1740 1926 secum
1771 1867 2076 1931 Christum,

497 1968 548 2022 si
590 1982 718 2022 cum
770 1965 991 2021 Christo
1025 1962 1392 2035 spiritualiter
1440 1959 1664 2031 quidem
1712 1956 2074 2026 cruciﬁgitur.

496 2057 656 2114 Alius
689 2057 839 2112 enim
865 2053 976 2111 alio
1043 2053 1267 2108 virtutis
1326 2051 1492 2106 modo
1521 2047 1934 2104 cruciﬁxionem
1983 2044 2081 2099 ad-

497 2158 653 2221 aptat
687 2148 792 2204 sibi
837 2155 1002 2218 atque
1023 2145 1315 2200 conciliat:
1346 2143 1440 2198 hic
1497 2141 1713 2212 quidem
1758 2139 1878 2194 solo
1899 2137 2080 2192 activo
2111 2184 2119 2190 .

497 2251 732 2314 peccato
754 2240 1074 2306 cruciﬁxus,
1104 2248 1268 2308 atque
1305 2235 1646 2291 mortiﬁcans
1674 2233 1728 2288 id
1763 2231 1855 2287 Dei
1898 2229 2080 2286 timori

498 2331 762 2397 aﬂixum;
798 2331 893 2386 ille
943 2329 1078 2400 ipsis
1135 2327 1300 2384 etiam
1352 2324 1701 2397 passionibus
1749 2320 2078 2384 crucifixus,

497 2421 904 2491 facultatesque
928 2420 1126 2474 anima:
1147 2431 1475 2488 persanans;
1526 2415 1725 2470 tertius
1755 2412 1920 2468 etiam
1947 2411 2082 2482 ipsis

495 2513 822 2584 passionum
843 2510 1186 2566 vanitatibus
1209 2507 1522 2572 cruciﬁxus,
1547 2523 1654 2562 non
1674 2507 1856 2561 valere
1877 2505 2083 2576 jubens

498 2619 718 2668 sensus,
748 2602 817 2658 ad
843 2601 1216 2672 recipiendam
1243 2599 1370 2654 inde
1415 2599 1658 2668 aliquam
1702 2597 1871 2651 animi
1897 2595 1950 2649 in
1983 2609 2081 2649 su-

498 2695 668 2750 blime
687 2693 1087 2760 elevationem;
1123 2692 1214 2747 ille
1240 2691 1360 2747 suis
1382 2690 1530 2746 circa
1555 2689 1844 2760 passiones
1871 2687 2074 2756 cogita-

497 2785 750 2842 tionibus
774 2792 940 2855 atque
975 2781 1551 2840 considerationibus:
1595 2780 1738 2835 alius
1761 2779 1930 2834 etiam
1951 2793 2080 2832 sen-

498 2873 642 2932 suali
671 2873 896 2940 fraude;
923 2873 1067 2928 alius
1089 2886 1222 2926 vero
1261 2871 1431 2927 etiam
1481 2869 1720 2926 naturali
1745 2868 2082 2939 proprietate

501 2964 804 3022 cruciﬁxus
825 2978 1091 3018 sensuum
1119 2961 1190 3018 ad
1213 2961 1502 3018 sensibilia
1527 2961 1858 3016 relationem
1892 2957 2080 3024 exuit;

2183 495 2510 568 ρυττόμενος
2536 533 2551 558 ,
2612 494 2728 556 πῶς
2778 493 2870 545 τὸν
2911 492 3080 545 τύπον
3119 492 3148 542 6
3183 493 3345 560 νόμος
3383 491 3631 543 ἐπιτελῶν
3657 494 3734 546 τοῦ

2179 584 2420 656 Χριστοῦ
2457 585 2628 638 πολλὰ
2657 584 2906 654 πρόϐατα
2936 580 3152 649 κελεύει
3181 581 3406 634 θύεσςλαι
3441 583 3558 633 κατ’
3581 584 3736 646 οἴκους

2179 675 2455 746 πατριῶν;
2498 674 2642 745 Πρὸς
2667 675 2727 728 ὃν
2756 692 2960 745 φαμεν,
2995 673 3072 736 ὡς
3101 674 3264 762 εἴπερ
3291 672 3456 726 αὐτὸν
3481 671 3740 742 δεξοὶμεθα

2178 769 2489 835 τὸνλόγον,
2545 767 2752 840 νοητῶς
2803 768 2912 820 τῶν
2973 767 3129 820 ὢτων
3179 765 3281 834 τῆς
3317 765 3502 836 ψυχῆς
3539 767 3742 820 καὶτῶν

2177 862 2444 932 ὀμμάτων
2463 860 2792 930 ἀπτόμενον,
2817 860 2911 912 καὶ
2929 859 3275 926 διανοίγοντα
3297 857 3472 910 ταῦτα
3490 857 3619 926 πρὸς
3635 859 3746 912 ὑπο-

2176 953 2338 1022 δοχὴν
2370 951 2470 1028 μὲν
2504 951 2598 1004 καὶ
2628 951 2864 1022 Θεωρίαν
2895 951 3004 1002 τῶν
3038 948 3210 1003 αὑτοῦ
3244 949 3584 1020 μυστηρίων,
3619 950 3745 1002 ἐκδί-

2180 1061 2344 1113 κησιν
2388 1044 2446 1096 δὲ
2504 1044 2687 1114 πάσης
2751 1043 3037 1114 παρακοῆς
3113 1045 3209 1097 καὶ
3266 1043 3616 1115 ἀποστροφὴν
3658 1044 3748 1096 πά-

2181 1154 2282 1207 σης
2318 1137 2676 1208 ματαιότητος
2704 1177 2719 1200 ,
2779 1137 3043 1207 γνοίημεν
3105 1137 3326 1200 πάντως
3391 1137 3456 1190 τὸ
3513 1139 3750 1208 μυστικὸν

2181 1229 2430 1300 βούλημα
2477 1229 2578 1297 τῆς
2626 1227 2793 1295 ἁγίας
2836 1227 3084 1298 Γραφῆς.
3136 1229 3216 1299 τῷ
3260 1231 3613 1302 προκειμένῳ
3641 1247 3751 1285 συν-

2181 1321 2420 1392 ἅψαντες
2453 1322 2639 1390 ὅμοιον
2672 1321 2738 1373 ἐκ
2766 1319 2862 1372 τοῦ
2891 1321 3051 1388 ἁγίου
3083 1321 3421 1376 Ἀποστόλου
3449 1323 3750 1390 φάσκοντος,

2180 1412 2260 1464 τό·
2305 1409 2494 1463 Οὐδὲν
2525 1409 2732 1476 ἔκρινα
2761 1410 2983 1464 εἰδέναι
3012 1411 3084 1464 ἐν
3108 1413 3274 1481 ὑμῖν,
3321 1415 3375 1466 εί
3399 1413 3491 1481 μὴ
3519 1413 3755 1480 Χριστὸν

2194 1501 2460 1569 Ἰησοῦν,
2519 1501 2616 1555 καὶ
2645 1502 2862 1555 τοῦτον
2910 1487 3382 1573 ἐσταυρωμένον
3409 1515 3428 1533 ⁸
3473 1504 3652 1576 ῶσπερ
3675 1502 3754 1560 οὖν

2181 1594 2414 1658 ἕκαστος
2471 1593 2581 1647 τῶν
2638 1595 3088 1647 πεπιστευκότων
3135 1596 3216 1667 τῷ
3248 1597 3479 1668 Χριστῷ
3508 1600 3646 1650 κατά
3673 1597 3756 1668 τὴν

2182 1687 2389 1738 οἰκείαν
2445 1685 2678 1755 δύναμιν
2736 1687 2831 1740 καὶ
2881 1687 2982 1757 τὴν
3033 1688 3417 1761 ὑποκειμένην
3473 1690 3618 1759 αὑτῷ
3669 1691 3754 1759 τῆς

2184 1777 2384 1846 ἀρετῆς
2435 1776 2549 1841 ἕξιν
2598 1794 2656 1830 τε
2715 1777 2810 1830 καὶ
2859 1779 3125 1848 ποιότητα
3179 1781 3521 1850 σταυροῦταξ
3568 1799 3624 1835 τε
3675 1783 3758 1834 καὶ

2184 1869 2478 1938 συσταυροῖ
2531 1866 2709 1938 ἐαυτῷ
2765 1868 2859 1920 τὸν
2907 1869 3188 1940 Χριστὸν,
3254 1870 3486 1941 Χριστῷ
3537 1873 3756 1942 δηλονότι

2184 1959 2572 2028 πνευματικῶς
2607 1951 2912 2031 συσταυρού
2923 1977 3104 2028 μενος.
3131 1960 3254 2013 Ἀλ)
3267 1979 3325 2024 ος
3348 1961 3464 2033 γὰρ
3489 1963 3758 2016 κατ’ἀλλον

2181 2049 2381 2118 ἀρετῆς
2412 2043 2613 2118 τρόπον
2639 2049 2818 2119 ἐαυτῷ
2847 2049 3188 2122 κατάλληλον
3216 2055 3461 2106 ποιεῖται
3493 2055 3588 2124 τὴν
3614 2053 3760 2107 σταύ-

2184 2157 2354 2211 ρωσιν
2376 2156 2390 2170 ·
2445 2141 2474 2193 6
2509 2139 2608 2210 μὲν
2645 2141 2778 2212 μόνῃ
2811 2141 3220 2213 σταυρούμενος
3247 2146 3313 2214 τῇ
3349 2145 3478 2197 κατ’
3501 2145 3763 2214 ἐνέργειαν

2181 2231 2430 2302 ἁμαρτίᾳ
2457 2272 2472 2293 ,
2531 2231 2628 2283 καὶ
2673 2232 2882 2302 ταύτην
2928 2233 3140 2300 νεκρῶν
3191 2229 3270 2304 τῷ
3318 2235 3478 2306 φόϐῳ
3519 2235 3613 2288 τοῦ
3643 2233 3763 2289 θεοῦ

2185 2324 2649 2395 προσηλωμένην·
2689 2324 2870 2396 (24.3
2889 2325 2939 2385 b)
2969 2327 2998 2377 6
3023 2325 3080 2378 δὲ
3107 2326 3200 2379 καὶ
3227 2327 3418 2391 αὐτοῖς
3443 2329 3558 2390 τοῖς
3580 2327 3761 2381 πάθεσι

2185 2429 2318 2467 σταυ
2329 2413 2422 2485 ρού
2431 2431 2589 2482 μενος
2616 2413 2712 2467 καὶ
2733 2415 2832 2476 τὰς
2853 2415 3118 2485 δυνάμεις
3142 2417 3239 2485 τῆς
3254 2415 3442 2486 ψυχῆς
3467 2415 3762 2488 ἐξιώμενοςο

2182 2507 2210 2559 6
2235 2505 2291 2559 δὲ
2322 2507 2414 2558 καὶ
2445 2507 2636 2568 αὑταῖς
2667 2505 2776 2560 τῶν
2802 2507 2990 2560 παθῶν
3018 2511 3140 2571 ταῖς
3169 2511 3530 2576 φαντασίαις,
3563 2513 3659 2564 οὐκ
3677 2511 3766 2563 ἐῶν

2182 2597 2282 2660 τὰς
2322 2597 2606 2667 αἰσθήσεις
2653 2595 2889 2665 ἀφέτους
2916 2638 2930 2661 ,
2993 2598 3131 2668 πρὸς
3175 2599 3454 2670 ὑποδοχήν
3485 2617 3628 2664 τινος
3674 2600 3765 2652 τῶν

2185 2689 2328 2742 κατὰ
2356 2687 2526 2742 ταῦτα
2558 2689 2986 2762 μετεωρισμῶν·
3023 2692 3050 2743 6
3083 2690 3139 2744 δὲ
3173 2693 3268 2744 καὶ
3294 2694 3412 2754 τοῖς
3446 2693 3577 2764 περὶ
3595 2690 3658 2746 τὰ
3678 2692 3766 2744 πά·

2185 2779 2252 2850 θη
2284 2780 2566 2850 λογισμοῖς
2595 2779 2690 2833 καὶ
2718 2779 3102 2851 ἐνθυμήμασιν
3123 2797 3136 2811 ’
3155 2784 3183 2834 6
3211 2782 3268 2835 δὲ
3299 2783 3397 2836 καὶ
3424 2786 3493 2854 τῇ
3519 2785 3638 2836 κατ’
3657 2781 3765 2852 αἷσ-

2189 2870 2349 2940 θησιν
2400 2871 2630 2942 ἀπάτῃ’
2687 2870 2849 2935 ἄλλος
2895 2871 2952 2925 δὲ
3006 2872 3101 2926 καὶ
3151 2872 3250 2942 τὴν
3290 2873 3434 2945 πρὸς
3464 2874 3532 2928 τὰ
3557 2869 3766 2943 αἰσθητὰ

2185 2963 2295 3016 τῶν
2317 2962 2628 3033 αἰσθήσεων
2653 2963 2743 3018 διὰ
2767 2965 2866 3035 τῆς
2889 2965 3132 3032 φυσικῆς
3157 2967 3505 3035 οἰκειότητος
3531 2963 3766 3037 σταυρού-

501 3057 647 3111 alius
683 3069 905 3110 omnem
949 3069 1172 3124 quoque
1224 3053 1532 3124 generatim
1557 3051 1870 3108 sensualem
1915 3065 2082 3122 cruce

2190 3071 2350 3123 μενος
2394 3054 2715 3108 ἀποτίθεται
2752 3057 2938 3126 σχέσιν
2958 3073 2972 3086 ·
3026 3055 3185 3119 ἀλλος
3212 3054 3271 3108 δὲ
3301 3056 3398 3109 καλ¹
3431 3058 3614 3111 πᾶσαν
3645 3055 3764 3110 καθ-

501 3147 811 3204 motionem
835 3145 1014 3212 sedat,
1050 3155 1114 3200 ut
1131 3144 1273 3200 nihil
1303 3145 1362 3200 in
1392 3161 1451 3200 se
1475 3139 2100 3215 prorsushabeatquod-

503 3240 837 3297 naturaliter
873 3247 1103 3310 agatur;
1148 3239 1292 3293 alius
1345 3239 1588 3306 denique
1609 3237 1677 3292 de
1725 3235 1841 3308 ipsa
1873 3235 2089 3290 intelle-

506 3332 679 3389 ctuali
708 3332 936 3386 omnino
995 3331 1216 3386 desistit
1269 3329 1508 3394 actione,
1552 3337 1739 3398 atque,
1798 3334 1860 3382 ut
1912 3327 2090 3396 majus

505 3424 757 3494 eloquar,
789 3421 882 3477 hic
915 3421 1138 3491 quidem
1166 3421 1406 3491 practica
1441 3435 1564 3490 quae
1605 3417 1812 3474 dicitur
1840 3417 2090 3488 philoso-

506 3517 640 3590 phia
666 3533 764 3588 per
784 3515 1281 3588 impassibilitatem
1323 3515 1644 3579 cruciﬁxus,
1668 3521 1724 3568 et
1761 3513 1829 3568 ad
1862 3523 2090 3567 natura-

508 3611 620 3666 lem
654 3609 711 3664 in
738 3610 935 3680 spiritu
969 3608 1517 3678 contemplationem,
1547 3607 1702 3676 quasi
1725 3623 1755 3660 a
1777 3621 1943 3661 carne
1964 3620 2094 3674 qua-

465 3723 471 3729 ·
510 3697 636 3756 dam
670 3697 878 3754 Christi
903 3697 972 3753 ad
1011 3697 1256 3752 animam
1309 3699 1432 3768 ejus
1466 3697 1898 3770 transgrediens,
1951 3696 2092 3750 alter

506 3787 747 3844 naturali
775 3803 997 3859 quoque
1049 3788 1412 3844 mortiﬁcatus
1453 3787 1945 3858 contemplatione,
1996 3787 2094 3842 ab-

503 3879 650 3950 jecta
685 3877 1044 3934 intellectuali
1071 3891 1260 3932 rerum
1279 3878 1748 3948 contemplatione
1766 3877 2089 3949 symbolica,

508 3979 568 4024 et
610 3967 680 4024 ad
715 3968 1053 4024 uniformem
1114 3975 1172 4024 et
1218 3969 1524 4039 simplicem
1578 3968 1900 4040 theologica:
1955 3969 2093 4024 artis

444 4073 452 4082 ‘
511 4059 890 4116 initiationem
933 4059 1094 4128 quasi
1139 4059 1209 4114 ab
1251 4059 1436 4114 anima
1485 4059 1722 4130 quadam
1771 4057 1976 4115 Christi
2023 4059 2093 4114 ad

499 4149 861 4230 intellectum
887 4150 1010 4220 ejus
1036 4149 1356 4214 translatus,
1378 4150 1576 4204 tertius
1609 4149 1775 4204 etiam
1806 4135 1876 4204 ab
1907 4133 2014 4204 hac
2038 4150 2092 4204 in

498 4235 852 4296 fineﬁ'abilem
905 4257 1005 4312 per
1054 4241 1270 4312 plenam
1334 4242 1684 4314 negationem
1765 4235 2092 4298 inﬁnitatem

513 4332 816 4390 ablativam
866 4342 1130 4403 tanquam
1161 4331 1230 4387 ab
1277 4333 1562 4389 intellectu
1601 4333 1840 4406 quodam
1887 4333 2092 4390 Christi

2188 3147 2385 3210 ολικῶς
2413 3147 2740 3220 αἰσθητικὴν
2771 3146 2848 3218 τῷ
2872 3147 3092 3216 σταυρῷ
3120 3148 3532 3203 κατασϐέννυσι
3551 3149 3762 3219 κίνησιν,

2189 3240 2327 3309 πρὸς
2350 3241 2412 3292 τὸ
2445 3240 2612 3310 μηδὲν
2641 3239 2788 3310 ἔχειν
2818 3240 2874 3290 ἐν
2899 3239 3080 3310 ἐαυτῷ
3135 3241 3196 3292 τὺ
3236 3239 3511 3311 παράπαν
3542 3239 3765 3308 φυσικῶς

2189 3330 2628 3402 ἐνεργούμενονο
2688 3329 2848 3394 ἄλλος
2891 3329 2948 3384 δὲ
3000 3333 3096 3385 καὶ
3139 3331 3314 3400 αὐτῆς
3357 3333 3468 3403 τῆς
3497 3331 3638 3386 κατὰ
3662 3328 3768 3383 νοῦν

2189 3425 2534 3480 ἀποπαύεται
2571 3421 2850 3486 παντελῶς
2880 3422 3164 3492 ἐνεργείας
3184 3462 3199 3485 ,
3251 3423 3345 3475 καὶ
3381 3422 3477 3476 ἵνα
3508 3423 3568 3474 τὸ
3599 3419 3766 3491 μεῖζον

2191 3520 2330 3572 εἴπω
2351 3559 2365 3582 ,
2423 3520 2452 3570 6
2499 3517 2597 3586 μὲν
2645 3517 2712 3586 τῇ
2747 3518 3024 3586 πρακτικῇ
3059 3515 3473 3586 σταυρούμενος
3503 3509 3766 3583 φιλοσοφίᾳ

2190 3610 2258 3663 δι’
2282 3609 2586 3672 ἀπαθείας,
2647 3606 2742 3660 καὶ
2794 3605 2934 3678 πρὸς
2981 3606 3083 3676 τὴν
3129 3607 3188 3658 ἐν
3227 3607 3510 3676 πνεύματι
3556 3602 3769 3674 φυσικὴν

2193 3700 2429 3770 θεωρίαν
2472 3699 2663 3769 ὥσπερ
2693 3697 2804 3752 ἀπό
2831 3715 2978 3760 τινος
3009 3697 3213 3768 σαρκὸς
3241 3697 3336 3750 τοῦ
3361 3695 3608 3768 Χριστοῦ
3651 3693 3768 3764 πρὸς

2190 3792 2290 3864 τὴν
2333 3789 2513 3863 ψυχὴν
2555 3788 2722 3845 αὑτοῦ
2777 3789 3124 3858 μεταϐαίνων
3145 3829 3161 3852 ,
3219 3791 3247 3842 6
3278 3789 3335 3842 δὲ
3367 3791 3470 3844 καὶ
3494 3791 3561 3861 τῇ
3588 3787 3764 3856 φυσικῇ

2195 3887 2400 3959 θεωρία
2427 3885 2623 3957 νεκρού
2633 3901 2816 3956 μενος,
2843 3883 2933 3938 διὰ
2959 3887 3058 3954 τῆς
3081 3883 3355 3954 ἀποϐολῆς
3384 3886 3486 3952 τῆς
3511 3881 3650 3938 κατὰ
3663 3879 3770 3935 νοῦν

2195 3980 2327 4051 περὶ
2379 3977 2448 4032 τὰ
2496 3977 2629 4030 ὅντα
2678 3975 3016 4047 συμϐολικῆς
3063 3974 3340 4047 θεωρίας,
3399 3977 3498 4030 καὶ
3531 3974 3660 4044 πρὸς
3683 3971 3766 4040 τὴν

2195 4069 2401 4139 ἐνοειδῆ
2435 4070 2528 4122 καὶ
2556 4067 2734 4135 ἁπλῆν
2763 4066 2866 4136 τῆς
2892 4065 3214 4135 θεολογικῆς
3238 4067 3558 4136 ἐπιστήμης
3585 4077 3763 4136 μυστα-

2195 4160 2406 4229 γωγίαν
2457 4158 2648 4228 ῶσπερ
2685 4157 2794 4212 ἀπό
2826 4173 2972 4221 τινος
3012 4155 3193 4228 ψυχῆς
3236 4155 3335 4210 τοῦ
3374 4155 3615 4228 Χριστοῦ
3649 4153 3766 4223 πρὸς

2195 4251 2288 4304 τὸν
2310 4250 2436 4303 νοῦν
2463 4249 2628 4302 αὐτοῦ
2661 4248 3082 4318 μετατιθέμενος
3107 4286 3122 4306 ,
3175 4248 3205 4299 6
3231 4247 3292 4299 δὲ
3323 4248 3422 4300 καὶ
3450 4248 3561 4302 ἀπὸ
3587 4243 3768 4310 ταύτης

2197 4343 2276 4405 εἰς
2321 4341 2422 4410 τὴν
2464 4337 2532 4394 δι’
2555 4339 2888 4409 ἀποφάσεως
2937 4336 3240 4400 παντελοῦς
3283 4337 3528 4408 ἄρρητον
3558 4339 3765 4406 ἀφαιρε-

511 4423 585 4480 ad
635 4423 986 4480 divinitatem
1014 4423 1136 4494 ejus
1191 4423 1423 4496 mystice
1471 4433 1730 4480 evectus:
1784 4425 2087 4480 secundum

2197 4433 2356 4500 τικὴν
2397 4432 2680 4500 ἀοριστίαν
2734 4429 2924 4500 ῶσπερ
2965 4429 3075 4484 ἀπό
3102 4445 3249 4490 τινος
3281 4427 3377 4480 τοῦ
3406 4426 3640 4498 Χριστοῦ
3668 4423 3768 4484 νοὸς

505 4531 692 4581 suam,
710 4523 773 4570 ut
799 4515 932 4580 dixi,
949 4515 1330 4586 unusquisque
1353 4511 1758 4580 l'acultatcm,et
1791 4515 2098 4570 secundum

515 4607 764 4678 Spiritus
787 4607 1020 4677 gratiam
1054 4623 1154 4678 pro
1182 4607 1383 4664 merito
1407 4623 1472 4664 ac
1499 4607 1770 4679 dignitate
1807 4609 1913 4664 sibi
1933 4609 2098 4679 largi-

514 4709 652 4764 tam,
676 4699 960 4755 Christum
981 4699 1192 4754 habens
1223 4699 1329 4755 sibi
1371 4701 1770 4756 convenienter
1807 4701 2099 4755 facientem

518 4791 789 4848 sublimes
808 4807 936 4846 suas
964 4807 1064 4862 per
1107 4793 1592 4850 mortiﬁcationem
1619 4809 1750 4865 erga
1785 4809 1979 4848 omnes
2013 4809 2103 4849 res

517 4883 896 4946 ascensiones,
923 4881 999 4936 ita
1029 4882 1278 4936 divinum
1307 4898 1527 4954 quoque
1575 4893 1828 4940 nostrum
1859 4885 2097 4956 quisque

515 4971 734 5049 Agnum
771 4975 924 5029 velut
947 4974 1002 5028 in
1034 4975 1216 5044 aliqua
1249 4974 1416 5030 domo
1451 4975 1680 5046 proprio
1708 4973 1905 5029 ordine
1935 4975 2097 5028 insti-

515 5066 752 5124 tutionis
775 5079 878 5136 pro
899 5065 1108 5122 virtute
1124 5067 1175 5122 ei
1201 5065 1585 5122 convenientis
1605 5055 1880 5120 sacriﬁcat
1899 5081 2098 5135 agnum

515 5169 574 5214 et
617 5173 816 5216 carnes
870 5157 992 5228 ejus
1036 5156 1362 5228 participat,
1411 5165 1470 5213 et
1520 5165 1812 5212 saturatur
1851 5153 2098 5210 Christo.

517 5250 693 5321 Cujus
721 5249 871 5305 enim
899 5235 1164 5319 proprius
1191 5265 1366 5322 agnus
1403 5247 1463 5304 ﬁt
1515 5245 1781 5306 Christus
1809 5246 1990 5309 Jesus,
2042 5256 2105 5302 ut

519 5339 776 5410 quisquis
808 5355 1006 5410 capere
1069 5355 1196 5395 eum
1243 5341 1423 5412 possit
1465 5347 1522 5396 et
1575 5337 1764 5402 edere,
1822 5339 2102 5408 proprius,

451 5449 462 5455 '
521 5429 696 5486 Paulo
719 5445 920 5500 magno
939 5420 1190 5486 verita‘tis
1219 5445 1500 5502 prmcone,
1538 5437 1596 5484 et
1637 5427 1912 5498 peculiari
1965 5444 2105 5498 quo-

521 5520 646 5577 dam
677 5523 842 5576 modo
869 5521 1136 5591 proprius
1153 5521 1591 5592 uniuscujusque
1645 5529 1962 5574 sanctorum
2002 5535 2102 5591 pro

601 5702 622 5729 ²
651 5696 828 5754 lCor.
870 5713 929 5766 ιι,
961 5701 1020 5756 2.

2200 4524 2336 4594 πρὸς
2387 4524 2487 4594 τὴν
2547 4521 2714 4576 αὐτοῦ
2774 4521 3008 4590 θεότητα
3069 4520 3354 4591 μυστικῶς
3413 4519 3764 4588 ἁναγόμενος¹

2199 4616 2464 4678 ἕκαστος,
2523 4614 2598 4676 ὡς
2645 4614 2782 4684 ἔφην
2803 4653 2817 4676 ,
2875 4611 3017 4667 κατά
3048 4615 3147 4682 τὴν
3175 4611 3374 4666 ἑαυτοῦ
3405 4612 3652 4678 δύναμιν,
3689 4605 3769 4660 καὶ

2199 4709 2300 4778 τὴν
2349 4709 2470 4762 κατ’
2513 4707 2668 4772 ἀξίαν
2717 4706 3133 4778 χορηγουμένην
3165 4704 3317 4773 αὐτῷ
3358 4705 3453 4756 τοῦ
3482 4701 3767 4769 πνεύματος

2203 4800 2365 4870 χάριν
2392 4799 2482 4851 τὸν
2507 4798 2743 4868 Χριστὸν
2774 4797 2914 4867 ἔχων
2942 4797 3226 4863 ἀναλόγως
3253 4795 3432 4864 ἐαυτῷ
3458 4795 3558 4858 τὰς
3583 4787 3766 4861 ὑψηλὰς

2205 4889 2294 4942 διὰ
2344 4891 2442 4958 τῆς
2497 4887 2635 4957 πρὸς
2682 4887 2858 4940 πάντα
2905 4887 3231 4957 νεκρὼσεως
3276 4883 3568 4945 ἀναϐάσεις
3608 4875 3766 4934 ποιού-

2211 4997 2392 5050 μενον,
2412 4979 2585 5042 οὖτως
2608 4979 2701 5032 καὶ
2722 4977 2813 5030 τὸν
2843 4977 2985 5030 θεῖον
3014 4975 3188 5046 ἀμνὸν
3213 4974 3444 5050 ἕκαστος
3475 4973 3624 5043 ἡμῶν
3639 4971 3705 5028 ὡς
3719 4968 3768 5018 ἐν

2207 5072 2355 5141 οἰκίᾳ
2369 5071 2475 5124 τινὶ
2497 5069 2575 5138 τῷ
2603 5069 2715 5138 ἰδίῳ
2743 5069 2985 5138 τάγματι
3009 5067 3116 5136 τῆς
3144 5065 3262 5119 κατ’
3287 5065 3490 5136 ἀρετὴν
3523 5055 3766 5132 ἁρμοζού·

2211 5179 2310 5230 σης
2333 5163 2351 5232 (
2559 5178 2591 5214 α
2614 5162 2629 5220 )
2651 5159 2802 5228 αὐτῷ
2833 5159 3224 5220 καταστάσεως
3259 5156 3378 5210 θύει
3413 5173 3472 5209 τε
3497 5161 3588 5208 τὸν
3619 5147 3766 5219 ἀμνὸν

2209 5252 2304 5304 καὶ
2337 5250 2747 5320 μεταλαμϐάνει
2769 5249 2877 5302 τῶν
2905 5247 3071 5301 αὑτοῦ
3098 5247 3340 5318 σαρκῶν,
3357 5246 3453 5300 καὶ
3479 5240 3765 5314 ἐμφορεῖται

2207 5341 2302 5393 τοῦ
2354 5341 2553 5412 Ἰησοῦ.
2602 5339 3008 5409 Ἐκάστουγάρ
3065 5337 3197 5400 ἴδιος
3222 5337 3432 5406 γίνεται
3458 5331 3621 5402 ἀμνὸς
3649 5329 3764 5395 X9!-

2209 5433 2331 5496 στος
2359 5432 2592 5502 Ἰησοῦς,
2613 5432 2692 5494 ὡς
2721 5432 2950 5494 ἕκαστος
2983 5433 3183 5501 χωρεῖν
3208 5445 3268 5482 τε
3293 5429 3387 5482 καὶ
3413 5425 3606 5480 ἐσθίειν
3625 5417 3765 5506 αὐτὸν

2204 5524 2450 5592 δύναται,
2477 5525 2630 5588 ἴδιος,
2659 5523 2874 5578 Παύλου
2898 5523 2991 5577 τοῦ
3018 5521 3258 5594 μεγάλου
3288 5519 3386 5591 τῆς
3416 5513 3658 5588 ἀληθείας
3681 5508 3763 5580 κή⁰
