4012 6410
342 484 476 553 1361

1566 456 2090 551 AnaIGuonuu
2108 486 2377 565 JJBER.

3456 493 3596 558 1361“!

331 619 515 674 ρυκος,
535 600 627 655 καὶ
650 599 963 669 ἰδιοτρόπως
988 599 1116 661 ἴδιος
1136 598 1368 653 ἑκάστου
1386 600 1492 652 τῶν
1516 600 1685 668 ἁγίων
1707 599 1848 653 κατά
1862 599 1917 652 τὸ

2031 599 2156 654 fidei
2184 601 2238 654 in
2293 603 2527 672 singulis
2569 603 2816 670 modulo,
2858 620 3068 675 proque
3099 607 3274 678 gratia
3320 623 3444 678 quae
3475 610 3606 663 sub-

332 695 529 764 μέτρον
548 693 644 761 τῆς
660 695 716 746 ὲν
740 692 955 761 ἑκάστῳ
978 691 1231 755 πίστεως,
1252 693 1344 743 καὶ
1371 689 1469 761 τὴν
1490 691 1922 762 ἐπιχορηγούμε-

328 799 428 852 νην
453 784 616 852 χάριν
638 780 732 834 τοῦ
758 773 1150 851 Πνεύματος,ᾧ
1180 782 1277 850 μὲν
1308 780 1501 845 οὕτως,
1542 776 1586 848 ᾧ
1617 781 1673 834 δὲ
1706 780 1900 843 οὕτως,

329 873 720 944 εὑρισκόμενος
753 872 871 935 ὅλος
890 874 982 924 καὶ
1004 871 1128 941 ὅλῳ,
1148 873 1281 925 πᾶσι
1311 872 1367 925 δὲ
1403 874 1583 926 πάντα
1609 872 1912 943 γινόμενος.

341 1050 445 1107 Ἐκ
475 1051 582 1106 τοῦ
624 1051 812 1106 αὑτοῦ
842 1052 1027 1122 λόγου
1058 1056 1144 1118 είς
1178 1054 1245 1107 τό
1265 1071 1277 1083 ο
1318 1073 1335 1104 ι
1372 1054 1564 1107 Ὅσον
1591 1053 1712 1122 μὲν
1749 1070 1899 1121 σαρ-

401 1142 587 1209 κῶδες
616 1145 722 1198 τοῦ
761 1145 948 1213 λόγου
990 1145 1087 1198 καὶ
1117 1150 1424 1214 τρόφιμον,
1460 1146 1610 1214 μετὰ
1648 1145 1764 1198 τῶν
1793 1146 1905 1198 ὲν-

401 1236 665 1290 δοσθίων
691 1236 788 1288 καὶ
818 1234 938 1289 τῶν
964 1238 1232 1305 κρυφίων
1260 1238 1363 1290 τοῦ
1392 1237 1505 1290 νοῦ
1529 1236 1910 1304 βρωθήσεται

400 1325 500 1379 καὶ
520 1328 609 1391 εἰς
628 1325 815 1393 πέψιν
829 1326 1242 1394 πνευματικὴν
1263 1325 1703 1393 ἀναδοθήσεται
1728 1327 1861 1396 (44).
1888 1344 1908 1377 ι

410 1441 471 1492 '0
503 1441 684 1493 πᾶσαν
724 1439 863 1509 μετά
894 1441 1087 1508 σοφίας
1119 1441 1281 1507 φύσιν
1306 1441 1618 1508 ὑποστήσας
1637 1441 1789 1504 Θεὸς,
1821 1443 1914 1494 καὶ

329 1529 560 1600 πρώτην
604 1531 814 1602 ἑκάστῃ
861 1530 970 1583 τῶν
1015 1531 1249 1599 λογικῶν
1306 1532 1508 1585 οὐσιῶν
1545 1532 1774 1600 δύναμιν
1818 1535 1916 1603 τὴν

326 1621 497 1675 αὑτοῦ
542 1621 747 1689 γνῶσιν
779 1623 1029 1691 κρυφίως
1069 1624 1378 1693 ἐνθέμενος,
1413 1626 1612 1677 δέδωκε
1648 1627 1742 1678 καὶ
1787 1629 1919 1697 ἡμῖν

322 1713 442 1774 τοῖς
463 1714 741 1774 ταπεινοῖς
769 1713 1097 1782 ἀνθρώποις,
1116 1714 1192 1777 ὡς
1217 1715 1592 1785 μεγαλόδωρος
1613 1718 1910 1784 Δεσπότης,

324 1805 473 1858 κατὰ
503 1805 666 1873 φύσιν
706 1806 798 1857 τὸν
833 1808 912 1868 εἰς
935 1806 1097 1859 αὐτὸν
1124 1805 1290 1860 πόθον
1318 1809 1415 1860 καὶ
1446 1807 1646 1877 ἔρωτα,
1678 1827 1914 1862 συνεπι-

326 1895 537 1961 πλέξας
583 1895 733 1966 αὑτῷ
774 1898 1021 1966 φυσικῶς
1065 1897 1159 1950 τοῦ
1204 1889 1363 1967 λόγου
1398 1899 1497 1969 τὴν
1534 1900 1786 1970 δύναμιν,
1824 1901 1912 1970 ἐφ’

320 1980 373 2055 ᾧ
406 1989 700 2058 δυνηθῆναι
753 1988 897 2057 μετά
941 1989 1224 2060 ῥᾳστώνης
1251 1988 1457 2057 γνῶναι
1508 1993 1634 2055 τοὺς
1676 1993 1915 2062 τρόπους

322 2080 432 2150 τῆς
459 2079 553 2132 τοῦ
609 2079 775 2133 πόθου
815 2080 1173 2150 πληρώσεως,
1211 2083 1306 2136 καὶ
1340 2083 1417 2153 μὴ
1450 2085 1915 2154 παρασφαλέντας

321 2172 655 2243 διαμαρτεῖν
684 2165 745 2225 οὗ
777 2175 961 2242 τυχεῖν
991 2172 1395 2243 ἀγωνιζόμεθα.
1424 2175 1580 2228 Κατά
1605 2175 1796 2230 τοῦτον
1819 2175 1914 2229 οῦν

322 2263 648 2333 κινούμενοι
677 2263 770 2315 τὸν
802 2262 966 2316 πόθον
998 2264 1125 2335 περί
1179 2282 1237 2317 τε
1284 2264 1385 2335 τῆς
1436 2266 1703 2337 ἀληθείας
1740 2267 1915 2337 αὐτῆς

321 2357 430 2408 καὶ
466 2355 564 2424 τῆς
615 2356 895 2418 εὐτάκτως
926 2358 1041 2418 τοῖς
1094 2356 1238 2421 ὅλοις
1289 2359 1695 2428 ἐμφαινομένης
1724 2359 1916 2428 σοφίας

320 2464 394 2499 τε
418 2448 514 2499 καὶ
544 2448 867 2517 διοικήσεως
911 2446 1096 2517 ζητεῖν
1123 2448 1432 2519 ὲναγόμεθα
1460 2451 1672 2503 ἐκείνου
1707 2455 1910 2521 τυχεῖν,

320 2538 421 2592 διὰ
450 2537 657 2591 τούτων
686 2538 1019 2608 γλιχόμενοι,
1053 2534 1114 2593 οὗ
1140 2540 1303 2610 χάριν
1320 2540 1412 2593 τὸν
1435 2538 1601 2594 πόθον
1624 2541 1912 2611 ἐλάϐομεν.

323 2630 446 2683 Καὶ
483 2628 656 2682 τοῦτο’
690 2630 968 2699 μυστικῶς
1018 2633 1320 2697 ἐγνωκότες
1359 2635 1407 2685 οἰ
1448 2633 1773 2703 φιλομαθεῖς
1821 2637 1918 2688 καὶ

321 2720 606 2797 φιλότιμοι
631 2723 731 2791 τῆς
760 2723 1020 2793 ἀληθείας
1042 2725 1275 2793 ἐρασταὶ
1313 2724 1440 2793 μίαν
1463 2727 1769 2796 ἐστήσαντο
1790 2745 1913 2797 σχο-

320 2812 433 2882 λὴν
471 2814 566 2866 καὶ
591 2814 951 2884 προσεδρείαν
992 2816 1204 2875 ἑαυτοῖς
1238 2815 1338 2884 τὴν
1374 2817 1505 2885 περὶ
1547 2817 1738 2871 τούτου
1768 2820 1918 2886 φιλό-

324 2921 498 2958 πονον
519 2904 776 2974 ἄσκησιν,
820 2906 1065 2977 ἀκριϐῶς
1104 2906 1199 2960 ὑπ’
1226 2907 1397 2977 αὐτῆς
1427 2910 1533 2960 τῶν
1576 2911 1918 2981 πραγμάτων

321 2994 435 3064 τῆς
478 2994 716 3064 ἀληθοῦς
762 2998 1149 3067 κατανοήσεὼς
1195 3016 1255 3052 τε
1308 3004 1403 3053 καὶ
1450 2986 1774 3066 ἀκολουθίας
1811 3022 1917 3075 μα-

327 3087 523 3150 θόντες
551 3088 649 3152 ὡς,
687 3089 870 3161 (244
915 3091 966 3160 b)
1014 3093 1173 3163 εἴπερ
1218 3094 1360 3147 κατὰ
1402 3084 1495 3147 τον
1526 3095 1698 3148 αἰῶνα
1726 3082 1919 3152 τοῦτον

329 3178 522 3242 ποσῶς
550 3179 619 3232 δι’
659 3180 902 3235 εὐσεϐῶν
924 3182 1297 3253 θεωρημάτων
1318 3185 1416 3256 τὴν
1445 3187 1761 3255 μέλλουσαν
1782 3189 1919 3261 ἀλή-

327 3264 490 3322 θειαν
517 3272 903 3332 είκονίσαιντο,
944 3274 1041 3327 καὶ
1062 3275 1153 3327 τὸν
1185 3275 1353 3330 πόθον
1375 3276 1912 3349 πληροφορήσουσιν,

232 3355 237 3358 ’
327 3358 700 3432 ἑτοιμοτέραν
747 3362 824 3426 ὡς
856 3367 971 3427 τοῖς
1016 3366 1254 3419 ἐνταῦθα
1300 3369 1484 3433 καλῶς
1516 3371 1921 3439 γυμνασθεῖσαν

326 3448 437 3520 τὴν
462 3450 640 3520 ψυχὴν
677 3453 994 3523 ἐσχηκότες,
1031 3456 1243 3526 ἀκμητὶ
1279 3460 1420 3527 μετά
1455 3459 1548 3512 τὸν
1578 3460 1691 3528 βίον
1731 3463 1922 3514 τοῦτον

330 3543 431 3596 ἐπὶ
482 3544 928 3619 τὴνᾼμέλλουσαν
970 3546 1235 3615 ἀλήθειαν
1290 3548 1727 3619 μεταδήσονται,
1768 3569 1922 3606 σκια-

332 3634 721 3703 γραφηθεῖσαν
766 3637 949 3700 αὐτοῖς
985 3638 1083 3709 ἤδη
1132 3638 1316 3704 καλῶς
1362 3641 1450 3696 διά
1486 3643 1596 3695 τῶν
1630 3642 1922 3713 θειοτέρων

332 3743 432 3795 νοη
443 3726 652 3796 μάτων.
686 3727 915 3794 ἄγοντος
936 3730 1137 3793 αὐτοὺς
1158 3732 1243 3784 ἐπ’
1262 3732 1430 3803 αὐτὴν
1452 3732 1653 3804 δηλαδὴ
1678 3733 1776 3805 τὴν
1798 3735 1925 3805 ἀλήρ

332 3817 492 3871 θειαν
529 3816 623 3871 τοῦ
670 3817 805 3871 Θεοῦ
849 3820 942 3873 καὶ
972 3821 1225 3891 Σωτῆρος
1258 3823 1414 3893 ήμῶν
1457 3824 1632 3894 Ἰησοῦ
1658 3825 1919 3896 Χριστοῦ,

329 3907 433 3962 καὶ
453 3907 636 3977 ἀπλῆν
678 3908 772 3961 καὶ
802 3908 1058 3979 ἀρίδηλον
1104 3908 1200 3962 καὶ
1253 3911 1377 3980 δίχα
1422 3911 1604 3981 πάσης
1658 3912 1918 3984 ἀπορίας,

334 3998 682 4070 συμϐολικῆς
709 4017 771 4053 τε
807 4001 1082 4065 ποικιλίας
1127 4002 1220 4054 καὶ
1258 4004 1439 4074 πάσης
1486 4004 1923 4074 αίνιγματώδους

331 4088 630 4157 ἀσαφείας,
663 4089 848 4151 αὐτοῖς
879 4090 1364 4159 παραδεικνύντος,
1393 4093 1783 4165 ἀποδρασάσης
1821 4095 1922 4148 αύ-

330 4178 449 4242 τοῖς
496 4176 688 4248 ὥσπερ
732 4180 827 4231 ὲπί
867 4182 966 4249 τῆς
1001 4180 1318 4251 πρακτικῆς
1360 4182 1565 4251 ἀρετῆς
1597 4183 1791 4256 ὀδύνης
1825 4187 1921 4239 καὶ

331 4268 516 4338 λύπης
545 4271 641 4322 καὶ
670 4271 977 4339 στεναγμοῦ
1016 4270 1104 4324 διὰ
1134 4270 1233 4341 τὴν
1259 4272 1472 4326 τελείαν
1498 4273 1789 4342 ἀπάθειαν,
1829 4275 1922 4328 οῦο·

330 4379 417 4414 τω
456 4361 554 4412 καὶ
589 4361 682 4414 ἐπὶ
710 4362 811 4430 τῆς
837 4361 1185 4432 θεωρητικῆς
1210 4361 1489 4430 γνώσεως,
1525 4365 1793 4434 ἀσαφείας
1817 4367 1921 4419 πά-

332 4470 440 4523 σης
469 4453 562 4505 καὶ
591 4453 848 4522 ἀπορίας,
886 4453 973 4505 διὰ
1004 4454 1105 4525 τὴν
1149 4454 1360 4522 σοφίαν,
1395 4456 1790 4527 προστεθείσης
1824 4459 1922 4511 αύ-

331 4546 476 4609 τοῖς,
500 4543 755 4596 ἐντεῦθεν
775 4542 1002 4599 λαϐοῦσι
1029 4546 1130 4607 τὰς
1156 4544 1542 4609 ύποτυπώσεις
1558 4547 1747 4617 αὐτῆς,
1771 4566 1923 4620 τηνι-

2032 691 2343 748 ministrata
2375 705 2459 750 est
2494 696 2657 751 alteri
2692 697 2817 762 hoc,
2850 698 3006 753 alteri
3047 698 3142 755 illo
3193 699 3380 762 modo,
3418 699 3605 756 omnis

2012 780 2069 835 in
2091 785 2241 839 omni
2265 785 2544 853 inventus,
2575 788 2791 844 cunctis
2815 804 2948 844 vero
2976 797 3179 845 cuncta
3218 791 3475 847 effectus.

2013 1055 2093 1111 Ea:
2110 1054 2291 1108 eodem
2320 1069 2558 1107 sermone
2576 1055 2631 1106 in
2648 1053 2783 1107 illud
2798 1070 2816 1106 :
2844 1073 2861 1104 ι
2883 1053 3149 1124 Quidquid
3165 1071 3324 1125 porro
3347 1073 3602 1111 corneum

2084 1156 2132 1199 et
2170 1144 2493 1199 esculentum
2522 1145 2676 1198 habet
2716 1145 2980 1206 doctrina,
3032 1162 3151 1199 cum
3186 1148 3451 1202 intestinis
3506 1149 3602 1202 ab-

2088 1239 2313 1307 ditisque
2384 1237 2572 1290 mentis
2643 1237 2882 1307 partibus
2936 1237 3257 1302 comedetur,
3321 1248 3481 1308 atque
3532 1240 3605 1294 ad

2085 1328 2421 1398 spiritualem
2453 1328 2841 1382 concoctionem
2873 1328 3159 1398 digeretur.
3184 1347 3203 1380 ι
3411 1319 3418 1324 ’
3688 1318 3693 1319 ν

2086 1442 2317 1498 Omnem
2378 1457 2502 1495 cum
2576 1440 2844 1510 sapientia
2880 1450 3132 1497 naturam
3186 1442 3278 1511 qui
3341 1442 3605 1512 produxit

2018 1535 2185 1599 Deus,
2219 1540 2274 1587 et
2318 1531 2670 1587 rationalium
2708 1532 3008 1601 unicuique
3062 1533 3429 1587 essentiarum
3460 1530 3601 1603 ἰιι-ἰ-

2020 1644 2166 1682 mam
2196 1628 2509 1682 facultatem
2541 1627 2759 1682 occulte
2808 1626 3011 1681 insevit
3065 1627 3150 1681 sui
3197 1627 3599 1698 cognitionem,

2022 1720 2068 1773 is
2098 1720 2261 1774 nobis
2292 1718 2600 1772 humilibus
2671 1718 2993 1773 hominibus
3025 1733 3267 1787 quoque,
3299 1725 3360 1772 ut
3397 1717 3602 1773 libera-

2020 1811 2262 1866 lissimus
2287 1811 2570 1873 Dominus,
2593 1810 2840 1864 naturale
2861 1809 3134 1879 quoddam
3161 1809 3245 1864 sui
3263 1808 3602 1867 desiderium

2022 1900 2174 1955 dedit
2206 1908 2370 1967 atque
2394 1914 2660 1960 amorem,
2700 1913 2808 1952 una
2859 1914 3106 1954 connexa
3132 1913 3255 1953 cum
3279 1901 3348 1953 eo
3375 1906 3606 1952 natura-

2022 1991 2148 2044 liter
2172 1989 2434 2043 doctrina:
2454 1987 2847 2056 facultate,quo
2882 1987 3098 2042 facilius
3129 1995 3353 2057 possent
3402 2001 3606 2057 cogno-

2022 2096 2177 2135 scere
2224 2078 2418 2135 modos
2443 2079 2707 2134 desiderii
2750 2079 3035 2149 explendi,
3071 2094 3136 2133 ac
3168 2094 3239 2133 ne
3275 2078 3603 2133 aberrantes

2023 2187 2090 2226 eo
2124 2170 2447 2225 exciderent
2468 2169 2616 2238 quod
2648 2169 2907 2239 consequi
2948 2176 3253 2233 certamus.
3288 2168 3402 2223 Hoc
3434 2168 3605 2238 igitur

2024 2261 2302 2316 desiderio
2324 2260 2584 2315 commoti
2607 2270 2717 2315 tam
2740 2261 2884 2317 circa
2906 2261 3080 2331 ipsam
3104 2258 3397 2315 Veritatem
3438 2275 3602 2329 quam

2024 2352 2170 2407 circa
2193 2352 2517 2421 sapientiam
2543 2351 3191 2421 administrationemque
3214 2366 3355 2421 quas
3376 2351 3605 2420 pulcher

2024 2441 2081 2494 in
2108 2442 2271 2495 rebus
2294 2440 2568 2495 universis
2592 2439 2909 2496 manifestat
2939 2440 3078 2495 ordo
3124 2439 3180 2494 id
3227 2439 3451 2495 studere
3496 2440 3605 2494 im-

2024 2536 2303 2606 pellimur,
2322 2535 2406 2590 his
2425 2534 2655 2599 incensi,
2678 2543 2739 2588 ut
2756 2533 2906 2588 illius
2926 2540 3210 2602 compotes
3231 2531 3428 2587 ﬁamus
3444 2531 3603 2602 cujus

2024 2626 2199 2695 gratia
2228 2625 2566 2679 desiderium
2596 2624 2863 2695 cepimus.
2895 2623 3050 2689 Quod
3083 2639 3207 2678 cum
3257 2622 3487 2694 mystice
3514 2622 3603 2676 in-

2026 2715 2339 2770 tellexerint
2371 2715 2607 2771 studiosi
2635 2723 2691 2770 et
2713 2714 2991 2770 ambitiosi
3025 2714 3274 2769 veritatis
3305 2721 3599 2779 amatores,

2025 2821 2190 2859 unam
2227 2805 2331 2861 sibi
2361 2805 2774 2861 collocaverunt
2799 2806 3045 2862 scholam
3066 2812 3123 2860 et
3156 2805 3324 2859 studii
3363 2805 3602 2860 assidui-

2027 2903 2192 2951 tatem
2211 2910 2438 2965 gnavam
2455 2896 2604 2950 circa
2626 2895 2735 2950 hoc
2752 2896 3228 2960 exercitationem,
3254 2903 3511 2951 accurate
3534 2894 3604 2949 ab

2024 2988 2144 3057 ipsa
2163 3004 2346 3042 rerum
2374 3004 2503 3043 vera
2521 2988 2832 3059 cognitione
2861 2997 2918 3043 et
2960 2989 3204 3059 legitima
3230 2988 3443 3044 ratione
3463 2988 3603 3044 edo-

2026 3080 2121 3144 cti,
2143 3080 2312 3150 quod,
2345 3080 2390 3135 si
2421 3080 2526 3135 hoc
2554 3079 2613 3134 in
2648 3080 2850 3135 saeculo
2893 3081 3138 3135 futuram
3172 3081 3467 3135 veritatem
3506 3094 3607 3150 per

2022 3172 2147 3243 pias
2216 3173 2712 3243 contemplationes
2777 3173 3125 3243 aliquatenus
3177 3172 3602 3244 expressissent,

2025 3264 2364 3320 desiderium
2379 3279 2601 3335 quoque
2622 3264 2911 3328 satiarent,
2937 3273 3226 3335 postquam
3245 3266 3604 3334 paratiorem,

2024 3368 2086 3413 ut
2113 3350 2357 3413 terrenis
2396 3358 2485 3412 his
2529 3357 2697 3412 rebus
2736 3356 2909 3427 probe
2937 3357 3313 3421 exercitatam,
3362 3365 3606 3412 mentem

2023 3452 2171 3505 nacti
2207 3450 2339 3515 sint,
2372 3450 2492 3505 sine
2524 3450 2637 3504 ullo
2662 3449 2853 3504 labore
2888 3457 3017 3518 post
3044 3449 3188 3503 hanc
3216 3449 3386 3502 vitam
3435 3446 3607 3531 infu-

2025 3549 2205 3594 turam
2230 3539 2542 3610 perrecturi
2572 3539 2882 3604 veritatem,
2919 3554 3042 3608 qua:
3064 3540 3176 3608 jam
3207 3538 3437 3607 pulchre
3471 3537 3608 3608 ipsis

2021 3646 2120 3701 per
2147 3631 2362 3686 divinas
2413 3629 2773 3701 cogitationes
2822 3628 3151 3683 adumbrata
3179 3637 3280 3683 est.
3341 3628 3479 3682 Tum
3507 3643 3607 3684 eos

2024 3721 2090 3775 ad
2147 3722 2320 3791 ipsam
2371 3735 2567 3790 nempe
2602 3718 2894 3774 veritatem
2951 3717 3189 3773 deducet
3219 3719 3364 3772 Deus
3385 3726 3442 3772 et
3482 3717 3605 3773 Salo

2021 3824 2179 3867 valor
2217 3821 2407 3868 noster
2455 3813 2614 3868 Jesus
2649 3810 2903 3866 Christus
2940 3811 3358 3880 simplicemque
3388 3819 3445 3865 et
3488 3809 3607 3864 cla-

2023 3920 2141 3959 ram
2167 3904 2428 3973 omnique
2464 3901 2784 3958 difﬁcultate
2818 3901 3228 3973 symbolicaque
3253 3901 3522 3956 varietate
3545 3910 3603 3956 et

2021 3998 2171 4053 omni
2202 3997 2540 4052 obscuritate
2573 3986 2809 4051 solutam
2842 3995 2925 4049 eis
2975 3992 3417 4063 repraesentabit,
3450 4002 3601 4063 post-

2022 4106 2187 4161 quam
2225 4088 2539 4163 aufugerint
2575 4102 2692 4153 cos,
2730 4094 2791 4141 ut
2812 4086 2991 4141 activa
3032 4085 3188 4155 pulsa
3208 4084 3434 4149 virtute,
3456 4100 3605 4140 atrus

2023 4200 2149 4237 mna
2188 4192 2243 4237 et
2270 4182 2426 4236 dolor
2454 4194 2510 4236 et
2539 4181 2798 4250 gemitus,
2828 4179 2900 4234 ob
2932 4179 3231 4249 perfectam
3291 4177 3607 4248 impassibi-

2024 4274 2257 4341 litatem,
2293 4275 2367 4328 ita
2401 4273 2826 4345 contemplativa
2871 4273 3060 4343 eiectae
3105 4273 3440 4343 cognitione,
3474 4273 3603 4327 ohso

2023 4365 2234 4421 curitas
2265 4356 2487 4434 quoque
2514 4364 2696 4418 omnis
2720 4373 2777 4417 et
2828 4363 3101 4433 angustia,
3134 4362 3206 4417 ob
3250 4362 3603 4432 sapientiam,

2023 4457 2172 4513 nuda
2198 4455 2421 4525 quidem
2462 4454 2718 4519 veritate,
2761 4441 2918 4525 cujus
2948 4452 3076 4509 inde
3110 4453 3222 4508 sint
3247 4452 3603 4520 informatio-

2024 4564 2125 4603 nes
2152 4546 2389 4616 capturi,
2444 4545 2514 4600 iis
2569 4546 2842 4615 apposita.
2879 4543 3039 4598 Omni
3070 4544 3239 4609 enim,
3291 4543 3470 4612 inquit
3505 4545 3600 4614 qui

331 4631 517 4685 καῦτα
548 4634 766 4702 γυμνῆς
807 4632 909 4700 τῆς
953 4632 1238 4704 ἀληθείας.
1275 4635 1448 4688 Παντὶ
1489 4636 1619 4705 γὰρ,
1657 4638 1814 4705 φησί,
1845 4636 1917 4707 τῷ

2027 4639 2212 4703 habet,
2278 4637 2618 4692 desiderium
2672 4636 2930 4692 videlicet
2991 4652 3185 4692 eorum
3232 4652 3355 4707 quae
3414 4636 3603 4692 futura

331 4724 539 4795 ἔχοντι,
574 4724 818 4794 δηλονότι
848 4724 940 4779 τὸν
974 4726 1108 4797 περὶ
1137 4727 1246 4780 τῶν
1278 4726 1581 4796 μελλόντων
1612 4725 1797 4792 πόθον,
1833 4730 1917 4783 δο-

2027 4738 2173 4793 sunt,
2205 4728 2428 4783 dabitur
2451 4739 2470 4760 ⁸
2502 4770 2517 4794 ,
2549 4737 2608 4784 et
2639 4740 2948 4798 apponetur
2987 4728 3217 4783 omnino
3265 4737 3602 4784 aeternorum

332 4815 590 4884 θήσεται,
621 4816 716 4868 καὶ
756 4814 1158 4886 προτεθήσεται
1211 4817 1432 4880 πάντως
1470 4819 1503 4887 ἡ
1537 4817 1645 4870 τῶν
1688 4818 1917 4871 αἰωνίων

2027 4821 2295 4876 bonorum
2340 4819 2554 4874 fruitio.
2590 4820 2755 4874 Dives
2773 4819 2921 4874 enim
2956 4834 3081 4874 cum
3106 4828 3296 4875 noster
3325 4820 3398 4875 sit
3433 4820 3601 4879 Deus,

328 4904 561 4972 ἀγαθῶν
595 4906 920 4970 ἀπόλαυσις.
958 4906 1223 4970 Πλούσιος
1269 4908 1380 4979 γὰρ
1429 4910 1689 4979 ὑπάρχων
1729 4912 1757 4962 ό
1790 4910 1922 4975 Θεὸς

330 4998 497 5070 ἡμῶν
535 4998 794 5052 οὐδέποτε
826 4998 986 5069 λήγει
1024 5002 1137 5063 τοῖς
1178 5001 1469 5068 ἀγαπῶσιν
1508 5002 1670 5055 αὐτὸν
1712 5004 1782 5057 τὰ
1806 5003 1924 5057 θεῖα

327 5090 610 5160 διανέμων
650 5091 802 5162 δῶρα
829 5092 931 5161 τῆς
977 5092 1257 5161 γνώσεως,
1305 5096 1450 5164 ειπερ
1487 5094 1596 5149 οὐδ’
1631 5095 1921 5164 ὀνομάζειν

330 5182 486 5238 κατά
512 5183 602 5237 τὸν
628 5182 804 5236 αἰῶνα
835 5183 1024 5237 τοῦτον
1053 5183 1348 5255 δυνάμεθα,
1384 5185 1473 5239 διὰ
1497 5186 1557 5238 τὸ
1578 5187 1760 5241 αὐτῶν
1788 5185 1921 5255 ὕψος

295 5293 301 5299 ·
331 5275 435 5330 καὶ
469 5274 721 5345 μέγεθος,
744 5274 904 5345 εἴπερ
935 5274 1195 5344 ἀληθεύει
1223 5277 1450 5344 φάσκων
1478 5278 1607 5346 περὶ
1635 5279 1735 5346 τῆς
1766 5277 1923 5347 ἐσχά-

326 5387 438 5440 της
466 5369 869 5441 μακαριότητος
888 5371 916 5422 ό
937 5371 1109 5440 μέγας
1146 5371 1473 5433 Ἀπόστολος
1500 5371 1919 5451 ύπεράνωρπαν-

325 5463 429 5526 τὸς
459 5461 723 5533 ὀνόματος
751 5460 1158 5532 ὀνομαζομένου
1192 5461 1361 5532 αὐτὴν
1388 5457 1547 5525 εἶναι,
1574 5463 1634 5515 ού
1670 5461 1834 5531 μόνον
1859 5464 1917 5515 ἐν

323 5552 430 5626 τῷ
450 5553 609 5624 αἰῶνι
641 5554 836 5625 τούτῳ,
870 5555 1007 5611 ἀλλὰ
1049 5556 1143 5609 καὶ
1176 5557 1233 5610 ὲν
1265 5555 1343 5626 τῷ
1376 5555 1627 5626 μέλλοντι
1648 5554 1746 5626 τῆν
1779 5555 1917 5627 μετά
1961 5603 1965 5606 .

324 5648 518 5703 πᾶσαν
569 5647 794 5704 πάντων
852 5649 961 5702 τῶν
1008 5649 1361 5720 χαρισμάτων
1397 5649 1661 5719 διανομήν
1714 5666 1772 5702 τε
1822 5651 1914 5703 καὶ

405 5773 431 5806 ο
463 5761 597 5821 Luc.
632 5779 748 5828 Vlll,
782 5764 869 5819 i8.
962 5764 991 5805 ι)
1023 5765 1191 5822 Hebr.
1226 5782 1285 5831 ιι,
1311 5767 1370 5830 9;
1403 5765 1424 5817 ι
1455 5762 1585 5818 Cor.
1612 5778 1672 5829 ιι,
1709 5764 1762 5821 9.

2023 4925 2307 4979 nunquam
2334 4908 2551 4965 desinet
2591 4910 2675 4964 eis
2730 4908 2825 4978 qui
2854 4908 3151 4964 dilexerint
3189 4909 3368 4978 ipsum
3413 4908 3603 4963 divina

2022 5002 2358 5058 distribuere
2377 5016 2608 5055 munera
2631 5001 2982 5071 cognitionis,
3005 5015 3126 5070 quae
3144 5016 3275 5056 sane
3316 5016 3386 5055 ne
3418 5001 3602 5053 nomi-

2021 5110 2155 5148 nare
2177 5091 2398 5163 quidem
2423 5092 2530 5146 hoc
2556 5092 2756 5147 saeculo
2780 5092 2928 5158 licet,
2945 5100 3173 5161 propter
3198 5091 3599 5146 sublimitatem

2018 5200 2214 5241 eorum
2251 5193 2307 5239 et
2334 5182 2798 5253 magnitudinem,
2848 5182 2894 5237 si
2930 5181 3154 5251 quidem
3190 5195 3324 5236 vero
3345 5196 3598 5251 pronun-

2020 5277 2123 5333 tiat
2154 5289 2387 5344 magnus
2403 5273 2718 5343 Apostolus,
2749 5281 3053 5328 extremam
3082 5272 3486 5328 beatitudinem
3510 5274 3595 5329 di-

2020 5381 2153 5422 cens
2182 5364 2333 5421 omni
2358 5379 2470 5434 quo
2495 5364 2812 5419 nominetur
2840 5365 3064 5419 nomine
3081 5365 3427 5434 superiorem
3454 5380 3597 5427 esse.

2001 5474 2136 5523 ,non
2171 5458 2346 5513 solum
2384 5457 2440 5511 in
2470 5455 2576 5511 hoc
2609 5470 2746 5519 aevo,
2779 5455 2875 5510 sed
2905 5455 3144 5510 etiamin
3172 5455 3406 5509 futurob
3434 5455 3604 5525 signi-

2024 5550 2195 5607 ficans
2224 5563 2502 5605 summum
2546 5556 2671 5618 post
2702 5549 2961 5603 universa
3010 5547 3157 5603 dona
3207 5548 3400 5619 gratiae
3439 5547 3600 5617 plene

2024 5645 2344 5707 distributa,
2374 5649 2498 5712 post
2522 5640 2719 5696 factam
2742 5642 3140 5709 ascensionem,
3174 5640 3581 5699 manifestatum

408 5875 522 5949 (ﬂ)
556 5876 703 5935 Idem
728 5878 852 5933 ibid.
879 5894 999 5948 cap.
1038 5880 1121 5947 16,
1167 5879 1349 5948 p.185?
1373 5894 1454 5948 sq.
1491 5887 1622 5933 tom.
1650 5879 1668 5933 l
1698 5878 1836 5950 Opp.
1880 5852 2241 5934 edit.Bened.
