4052 6366
539 433 674 498 1863

1701 446 1761 506 S.
1805 447 2092 512 ΜΑΧΙΜΙ
2132 449 2644 514 CONFESSORIS

3665 451 3774 517 136i

535 549 601 605 iri
655 552 923 611 honorum
959 556 1203 626 culmen,
1248 557 1396 628 quod
1427 558 1578 612 nullo
1606 559 1780 613 verbo
1799 569 1895 617 aut
1946 562 2098 617 notio

2234 565 2499 621 ἀνάϐασιν
2537 568 2968 641 δειχθησομένην
2990 569 3097 624 τῶν
3126 568 3354 640 ἀγαθῶν
3380 568 3675 640 ἀκροτάτην
3700 588 3778 622 κο-

533 659 602 714 ue
647 645 758 700 diri
812 658 909 703 aut
960 649 1189 721 intelligi
1250 660 1436 722 queat,
1468 661 1578 708 tam
1617 667 1809 707 eorum
1866 654 2137 708 bonorum

2240 659 2418 730 ρυφὴν
2439 662 2828 732 αἰνιττόμενος,
2849 663 2948 734 τὴν
2977 660 3341 734 μηδενὶλώγῳ
3369 662 3401 732 ἢ
3431 660 3505 730 νῷ
3529 660 3779 732 ῥηθῆναιῆ

532 754 654 805 quae
691 740 795 794 hoc
843 758 961 797 mvo
1001 745 1214 813 possint
1247 745 1440 816 attingi
1475 761 1641 816 quam
1679 761 1872 800 eorum
1912 762 2036 816 quae
2081 746 2106 800 ii

2215 752 2542 822 γνωσθῆναι
2561 753 2742 825 (245
2765 757 2819 823 a)
2841 754 3169 826 δυναμένην,
3193 754 3286 807 τὸν
3298 771 3355 807 τε
3374 753 3514 808 κατά
3533 753 3618 806 τὸν
3637 751 3781 806 αἰῶνα
3851 748 3853 750 ’

532 828 719 882 futuro
786 833 899 887 sint
965 837 1325 904 apparitura,
1372 852 1437 891 ac
1513 836 1748 893 fortasse
1799 839 2106 893 nominari;

2233 845 2421 900 τοῦτον
2447 848 2579 916 ἡμῖν
2609 847 2868 915 ἐφικτῶν,
2897 847 3010 902 τῶν
3041 865 3104 901 τι
3127 847 3270 901 κατά
3299 847 3390 899 τὸν
3424 845 3674 916 μέλλοντα
3701 844 3785 896 65t-

531 921 692 975 nobis
715 925 1024 996 ctinteliigi
1075 928 1319 997 capiant.
1387 929 1618 1000 Semper
1669 931 1818 986 enim
1863 931 1959 1002 qui
2015 947 2106 988 ραι

2232 937 2609 1008 χθησομένων,
2641 940 2735 993 καὶ
2763 940 3133 1010 ὀνομασθῆναι
3167 938 3263 992 καὶ
3295 936 3602 1008 γνωσθῆναι
3645 935 3784 1005 τυχὸν

531 1012 615 1077 ips
648 1018 1019 1084 pertransivit,
1047 1019 1206 1074 Jcsus
1231 1033 1251 1058 ε
1288 1020 1380 1075 Dei
1408 1022 1626 1083 Sermo.
1660 1031 1716 1079 et
1751 1025 1972 1079 cunctis
2012 1040 2128 1080 coe-

531 1106 600 1161 lis
630 1111 884 1178 superior
915 1110 1094 1166 factus
1115 1153 1130 1177 ,
1185 1130 1281 1168 eos
1327 1114 1427 1183 qui
1460 1116 1679 1170 actione
1703 1125 1760 1171 et
1790 1119 2128 1186 contempla-

531 1198 682 1261 tione
732 1200 910 1270 ipsum
961 1214 1278 1273 sequuntur
1341 1205 1409 1260 de
1440 1207 1730 1276 pejoribus
1779 1208 1846 1263 ad
1893 1209 2124 1264 meliora

463 1361 470 1369 '
531 1291 791 1346 transfert
829 1302 994 1364 atque
1037 1298 1368 1366 transponit,
1422 1309 1479 1354 et
1512 1299 1579 1353 de
1622 1300 1708 1354 his
1741 1299 1806 1354 ad
1840 1301 1948 1355 alia
1998 1317 2121 1371 qua:

527 1384 691 1439 etiam
722 1384 808 1439 his
859 1388 1144 1457 superiora
1195 1399 1341 1454 sunt,
1392 1399 1467 1455 ct,
1518 1402 1578 1448 ut
1607 1393 1854 1447 breviter
1888 1393 2115 1458 dicam,

529 1485 747 1546 tempus
789 1478 1070 1544 deﬁceret.
1107 1483 1150 1536 si
1201 1483 1417 1540 divinas
1473 1493 1790 1539 sanctorum
1833 1487 2115 1543 ascensio—

526 1595 627 1648 ues
668 1590 724 1636 et
754 1584 1123 1640 revelationes
1145 1601 1246 1655 per
1275 1587 1520 1656 singulas
1548 1587 1616 1642 de
1665 1588 1837 1658 gloria
1896 1589 1963 1644 ad
2000 1590 2118 1660 glo-

525 1674 663 1730 riam
691 1674 1106 1734 immutationes
1147 1693 1410 1733 enarrare
1442 1679 1663 1742 vellem,
1733 1680 1910 1736 donec
1957 1697 2113 1736 suam

523 1766 756 1836 quisque
794 1779 851 1822 et
893 1769 1312 1824 convenientem
1337 1785 1438 1824 suo
1464 1770 1965 1840 ordiniaccepisset
1996 1773 2114 1828 dci-

2230 1033 2362 1101 ήμίν
2391 1030 2724 1100 δυναμένων.
2746 1032 2856 1084 ’Λεὶ
2881 1033 2990 1102 γὰρ
3017 1033 3045 1085 6
3071 1029 3400 1099 διεληλυθὼς
3411 1029 3535 1093 τοὺς
3553 1028 3786 1096 οὐρανοὺς

2239 1124 2468 1194 Ἰησοῦς,
2517 1127 2546 1178 6
2589 1124 2683 1178 τοῦ
2733 1124 2868 1178 Θεοῦ
2919 1125 3113 1192 Λόγος,
3168 1125 3262 1177 καὶ
3300 1123 3556 1193 ὑπεράνω
3594 1121 3786 1174 πάντων

2223 1215 2334 1266 τῶν
2358 1214 2605 1285 οὐρανῶν
2628 1217 3071 1286 γενόμενος,τοῦς
3093 1213 3533 1276 ἀκολουθοῦντας
3553 1211 3695 1280 αὐτῷ
3711 1211 3786 1264 διὰ

2221 1305 2472 1375 πράξεως
2490 1307 2582 1359 καὶ
2611 1305 2840 1376 θεωρίας
2871 1305 3223 1376 μεταϐιϐάζει
3248 1323 3311 1358 τε
3336 1305 3431 1358 καὶ
3453 1303 3782 1375 μετατίθησιν

2218 1394 2328 1449 ἀπὸ
2356 1396 2463 1449 τῶν
2500 1397 2739 1467 ἡττόνων
2769 1398 2864 1450 ἐπὶ
2897 1397 2966 1451 τὰ
2995 1399 3304 1468 κρείττονα,
3335 1397 3432 1450 καὶ
3462 1396 3570 1450 ἀπὸ
3606 1394 3787 1448 τούτων

2218 1484 2380 1539 πάλιν
2405 1487 2499 1544 ἐπὶ
2537 1487 2605 1541 τὰ
2637 1487 2718 1542 ἔτι
2750 1489 2955 1542 τούτων
2982 1487 3252 1560 ἀνώτερα,
3279 1490 3371 1542 καὶ
3396 1487 3582 1552 ἁπλῶς
3605 1488 3780 1548 εἰπεῖν,

2217 1579 2483 1649 ἐπιλείψει
2515 1598 2580 1651 με
2614 1583 2643 1634 6
2687 1581 2878 1652 χρόνος
2919 1582 3145 1650 λέγοντα
3178 1582 3277 1646 τὰς
3305 1581 3457 1644 θείας
3498 1580 3604 1634 τῶν
3637 1581 3785 1648 ἁγίων

2216 1673 2512 1736 ἀναϐάσεις
2531 1691 2587 1725 τε
2613 1677 2706 1726 καὶ
2737 1673 3111 1744 ἀποκαλύψεις
3129 1675 3276 1728 κατά
3308 1674 3408 1742 τὴν
3428 1674 3536 1728 ἀπὸ
3551 1674 3699 1743 δόξης
3722 1674 3786 1736 εἰς

2213 1761 2371 1826 δόξαν
2417 1763 2741 1828 ἀλλοίωσιν,
2793 1766 2899 1829 ἕως
2933 1765 3167 1831 ἕκαστος
3199 1765 3298 1836 τὴν
3335 1767 3394 1818 ὲν
3429 1765 3512 1836 τῷ
3556 1765 3667 1834 ἰδίῳ
3692 1765 3780 1817 τά-

523 1857 834 1914 ﬁeationem
857 1901 869 1913 .
906 1859 1095 1930 Itaque
1129 1877 1362 1932 magnus
1403 1861 1508 1927 ,hic
1538 1862 1735 1917 doctor
1787 1863 1906 1934 ejus
1957 1865 2106 1934 quod

2212 1871 2403 1924 γματι.
2440 1856 2786 1926 ἁρμόζουσαν
2812 1857 3020 1924 δέξοιτο
3049 1857 3268 1912 θέωσιν.
3302 1857 3407 1911 Τὸν
3428 1857 3610 1911 τοίνυν
3639 1858 3786 1928 προρ-

521 1953 668 2008 circa
698 1955 869 2009 Deum
910 1955 1180 2011 habemus
1226 1958 1496 2013 naturalis
1548 1957 1834 2026 desiderii,
1883 1960 1953 2015 de
1997 1976 2108 2030 quo

519 2060 687 2114 supra
727 2045 990 2112 diximus,
1035 2063 1239 2118 gnarus
1281 2048 1611 2105 adhortatur
1662 2065 1858 2106 omnes
1920 2060 1975 2107 et
2010 2068 2111 2122 per

519 2135 830 2193 doctrinam
863 2138 1016 2193 suam
1051 2148 1213 2194 vocat
1243 2140 1309 2195 ad
1343 2141 1691 2211 spiritualem
1724 2144 1863 2214 Agni
1890 2161 1988 2214 pro
2005 2160 2110 2200 no-

520 2228 608 2283 his
651 2231 873 2284 mactati
921 2232 1291 2302 gustationem
1346 2249 1679 2304 servareque
1701 2235 1910 2291 diserte
1942 2244 2110 2307 atque

519 2321 731 2381 utiliter
763 2323 1114 2378 commendat
1151 2323 1525 2378 membrorum
1583 2340 1833 2390 suorum,
1876 2326 1982 2381 hoc
2025 2337 2111 2382 est

518 2414 679 2486 Agni,
701 2417 1080 2487 compaginem
1115 2416 1386 2486 integram
1414 2426 1470 2472 et
1496 2419 1860 2484 inconfusam,
1879 2434 1947 2474 ne
1972 2435 2108 2475 con-

515 2507 845 2562 demnemur
873 2508 1021 2578 quod
1071 2509 1246 2564 divini
1281 2511 1532 2581 corporis
1561 2511 1948 2583 compaginem
1974 2527 2111 2567 con-

516 2600 846 2655 concinnam
875 2600 1250 2657 distrahamus
1298 2611 1357 2657 et
1388 2603 1756 2668 lancinemus,
1817 2604 2110 2660 audacter-

516 2705 605 2754 νε,
635 2698 695 2744 ιιι
729 2706 897 2760 supra
931 2691 1269 2755 facultatem,
1308 2701 1401 2748 aut
1434 2694 1668 2759 nefarie,
1710 2704 1772 2750 ut
1814 2705 2005 2750 contra
2031 2695 2111 2750 fa-

516 2780 800 2843 cultatem,
831 2779 970 2850 Agni
1028 2776 1395 2836 ctSérmonis
1447 2799 1645 2839 carnes
1713 2784 2105 2840 comedamus:

516 2886 711 2926 verum
775 2873 1153 2944 unusquisque
1203 2889 1304 2945 pro
1345 2874 1608 2930 facultate
1639 2892 1735 2931 sua
1776 2886 1834 2931 et
1887 2877 2106 2940 ordine,

517 2980 728 3044 proque
783 2963 1023 3034 Spiritus
1077 2967 1275 3037 gratia,
1334 2983 1456 3037 quze
1485 2969 1536 3022 ei
1577 2969 1800 3038 obtigit,
1857 2968 2106 3022 divinum

517 3071 829 3111 sermonem
869 3057 1218 3127 participato,
1259 3075 1358 3128 pro
1417 3059 1765 3130 singulorum
1823 3061 2109 3114 membro-

520 3162 641 3202 rum
688 3145 999 3218 signiﬁcatu
1022 3187 1034 3201 .
1087 3147 1178 3203 Sic
1210 3155 1375 3218 caput
1407 3149 1630 3219 quidem
1670 3150 2033 3220 participabit
2065 3149 2109 3204 is

514 3239 612 3306 qui
640 3254 708 3293 ex
736 3238 1025 3308 principiis
1050 3255 1173 3310 qua;
1220 3240 1591 3295 demonstrari
1618 3237 1908 3312 ncq'ueunt
1938 3241 2103 3296 ﬁdem
2133 3269 2174 3326 ο

515 3327 621 3382 sibi
667 3329 921 3398 quaesivit
956 3330 1116 3400 plane
1141 3331 1347 3387 liberas
1369 3331 1669 3387 habentem
1697 3333 1847 3388 circa
1881 3333 2105 3389 theolo-

440 3463 442 3465 μ
514 3421 660 3505 giam
697 3421 961 3486 rationes,
1000 3423 1148 3479 unde
1197 3434 1641 3496 coagmentatum
1705 3437 1883 3482 totum
1924 3427 2104 3481 virtu-

516 3523 632 3568 tum
658 3528 860 3585 corpus
881 3523 936 3568 et
961 3515 1337 3585 cognitionum
1362 3516 1730 3586 spiritualiter
1760 3527 1943 3589 auget.
1985 3519 2102 3573 Au-

514 3620 605 3657 res
626 3620 757 3658 vero
799 3605 1148 3676 participabit
1175 3606 1222 3661 is
1260 3607 1352 3678 qui
1413 3607 1630 3664 divinas
1666 3610 1911 3665 rationes
1938 3609 2101 3679 spiri—

513 3695 736 3749 tualiter
763 3711 888 3750 cum
934 3697 1299 3768 intelligentia
1349 3700 1578 3770 recepit,
1627 3715 1835 3770 perque
1886 3715 1983 3755 eos
2029 3699 2098 3754 ad

511 3796 747 3843 mortem
804 3804 979 3859 usque
1008 3790 1168 3845 factis
1194 3793 1312 3846 suis
1353 3793 1546 3847 obedit
1581 3794 1694 3865 Dco
1727 3802 1894 3864 atque
1924 3795 2093 3848 mori-

508 3888 752 3951 geratur.
783 3881 985 3936 Oculos
1017 3899 1204 3951 porro,
1236 3884 1332 3954 qui
1363 3885 1739 3940 conditionem
1793 3884 2102 3955 spirituali-

512 3985 597 4028 ter
647 3973 898 4028 intuetur
935 4015 950 4038 ,
979 3991 1281 4045 omnesque
1330 3985 1386 4032 et
1434 3979 1720 4034 sensuales
1763 3988 1820 4033 et
1876 3979 2100 4034 intelle-

509 4065 722 4130 ctuales
741 4066 983 4121 rationes
1009 4067 1127 4121 sine
1145 4067 1484 4124 oﬂ'endiculo
1510 4071 1578 4124 ad
1605 4072 2100 4126 consummandam

514 4156 674 4221 unice
723 4160 872 4227 cogit
899 4159 994 4213 Dei
1029 4161 1284 4230 gloriam.
1323 4163 1521 4218 Pectus
1537 4171 1720 4218 autem
1747 4164 2101 4234 participabit

508 4248 602 4317 qui
626 4248 872 4303 animmn
900 4251 1219 4321 theologicis
1236 4255 1800 4325 contemplationihus
1823 4259 2098 4327 expletus,

507 4339 814 4394 secundum
869 4355 1126 4412 magnum
1169 4345 1563 4414 evangelistam
1588 4345 1877 4408 Joannem,
1904 4347 1970 4401 ad
2019 4349 2100 4402 in-

507 4441 623 4489 star
659 4433 824 4487 fontis
883 4435 1146 4502 perennis
1206 4437 1476 4492 rationem
1535 4455 1688 4494 suam
1736 4449 1793 4495 et
1848 4441 2096 4507 modum,

505 4534 834 4578 cunctorum
874 4525 1283 4582 Providentiam
1332 4531 1818 4600 complectentem,
1861 4533 1951 4603 pie
1980 4533 2096 4588 dis—

2214 1947 2448 2017 ρηθέντα
2504 1951 2630 2020 περὶ
2652 1949 2788 2003 Θεοῦ
2817 1951 3046 2020 φυσικὸν
3085 1951 3248 2005 πόθον
3280 1951 3506 2022 ἔχοντας
3545 1953 3684 2021 ἡμᾶς
3708 1953 3778 2004 εἰς

2211 2036 2317 2103 δὼς
2337 2032 2491 2103 οὗτος
2509 2042 2536 2094 6
2557 2042 2729 2110 μέγας
2749 2041 3069 2106 διδάσκαλος
3091 2042 3392 2114 προτρέπει
3413 2061 3475 2097 τε
3504 2044 3695 2106 πάντας
3708 2043 3786 2098 καὶ

2212 2131 2368 2185 καλεῖ
2408 2132 2495 2191 διὰ
2534 2134 2632 2203 τῆς
2661 2135 2828 2188 αὐτοῦ
2856 2135 3207 2200 διδασκαλίας
3240 2136 3378 2207 πρὸς
3425 2136 3529 2208 τὴν
3567 2154 3787 2207 πνευμαο

2210 2223 2371 2294 τικὴν
2401 2223 2606 2294 βρῶσιν
2657 2224 2750 2282 τοῦ
2778 2227 2919 2298 ὑπὲρ
2946 2228 3106 2298 ἡμῶν
3142 2229 3578 2297 σφαγιασθέντος
3610 2218 3783 2300 ἀμνοῦ,

2213 2315 2451 2384 φυλάξαι
2471 2333 2529 2368 τε
2555 2317 2824 2388 εὐκρινῶς
2861 2319 2956 2371 καὶ
2993 2320 3312 2391 εὐχρήστως
3342 2321 3660 2374 ὑποτίθεται
3692 2322 3785 2374 τῶν

2211 2407 2400 2472 αὐτοῦ,
2455 2407 2552 2462 τοῦ
2591 2409 2767 2479 ἀμνοῦ
2825 2409 3092 2478 δηλονότι,
3141 2409 3322 2481 μελῶν
3375 2412 3481 2482 τὴν
3540 2413 3784 2483 ἁρμονίαν

2211 2501 2518 2570 ἄθραυστον
2541 2501 2636 2556 καὶ
2655 2501 3032 2572 ἀσύμφυρτον.
3065 2501 3153 2554 ἵνα
3187 2501 3261 2572 μὴ
3281 2501 3703 2572 κατακριθῶμεν
3721 2503 3784 2566 ὡς

2210 2595 2548 2661 διασπῶντες
2575 2595 2670 2648 καὶ
2694 2595 3197 2667 διασπαράττοντες
3238 2593 3340 2666 τὴν
3379 2595 3607 2649 εὔθετον
3631 2597 3781 2666 ἀρμοο

2210 2688 2330 2742 νίαν
2355 2688 2451 2740 τοῦ
2484 2688 2631 2740 θείου
2663 2687 2948 2759 σώματος,
2987 2687 3020 2759 ἢ
3064 2687 3335 2759 θρασέως,
3375 2687 3455 2752 ὡς
3477 2689 3618 2757 ὑπὲρ
3645 2687 3782 2740 δύνα-

2215 2795 2331 2848 μιν,
2378 2778 2411 2849 ἢ
2455 2779 2712 2850 ἀνιέρως,
2753 2779 2830 2842 ὡς
2879 2779 3032 2850 παρά
3063 2760 3321 2849 δύναμιν,
3357 2778 3454 2833 τοῦ
3498 2777 3667 2850 ἀμνοῦ
3703 2778 3780 2832 καὶ¹

2213 2871 2386 2939 Λόγου
2409 2871 2508 2934 τὰς
2539 2872 2748 2942 σάρκας
2776 2871 3050 2935 ἐσθίοντες
3075 2888 3089 2902 ·
3122 2871 3494 2934 ἀλλ’ἒκαστος
3526 2870 3667 2924 κατά
3696 2869 3780 2939 τὴν

2212 2961 2377 3014 αὐτοῦ
2411 2961 2642 3032 δύναμίν
2690 2979 2750 3015 τε
2801 2964 2894 3014 καὶ
2925 2962 3099 3029 τάξιν,
3130 2963 3224 3034 καὶ
3272 2963 3373 3032 τὴν
3405 2960 3779 3015 ἐπιϐάλλουσαν

2213 3049 2361 3121 αὐτῷ
2417 3052 2578 3122 χάριν
2635 3051 2730 3106 τοῦ
2763 3053 3086 3123 Πνεῦματος
3113 3095 3127 3119 ,
3191 3053 3658 3124 μεταλαμϐανέτω
3698 3050 3776 3104 τοῦ

2214 3143 2360 3198 θείου
2422 3146 2596 3212 Λόγου
2652 3145 2796 3200 κατὰ
2847 3145 2946 3216 τὴν
2991 3146 3223 3201 ἑκάστου
3281 3145 3483 3216 μέλους
3535 3145 3774 3198 ἐπίνοιαν.

2212 3232 2336 3292 Οἷον
2365 3239 2609 3309 κεφαλῆς
2635 3241 2735 3310 μὲν
2765 3243 2794 3294 6
2822 3239 2884 3305 ἐξ
2909 3240 3318 3294 ἀναποδείκτων
3351 3239 3543 3311 ἀρχῶν
3571 3240 3776 3307 ἀφέτους

2209 3330 2490 3394 παντελῶς
2509 3330 2740 3400 ἔχουσαν
2760 3332 2886 3395 τοὺς
2917 3332 3051 3402 περὶ¹
3078 3331 3362 3400 θεολογίας
3385 3332 3589 3399 λόγους
3616 3328 3776 3382 πίστιν

2177 3421 2548 3492 ,κεκτημένος
2599 3422 2994 3493 μεταλήψεται,
3029 3423 3090 3488 ἐξ
3130 3419 3199 3495 ἧς
3237 3423 3296 3475 τὸ
3344 3423 3457 3477 πᾶν
3499 3421 3652 3491 σῶμα
3684 3417 3774 3470 τῶν

2205 3515 2420 3585 ἀρετῶν
2451 3533 2509 3568 τε
2545 3517 2640 3568 καὶ⁵
2671 3515 2778 3568 τῶν
2823 3517 3081 3584 γνώσεων
3126 3515 3607 3587 συμϐιϐαζόμενον
3644 3509 3774 3574 αὔξει

2203 3608 2304 3678 τὴν
2358 3609 2738 3680 πνευματικὴν
2793 3607 3046 3680 αὔξησιν.
3089 3612 3268 3663 Ὤτων
3311 3610 3369 3664 δέ
3425 3606 3770 3679 μεταλήψεται

2206 3700 2391 3772 (Ξ45
2441 3702 2492 3770 b)
2543 3704 2571 3756 6
2618 3703 2746 3766 τοὺς
2783 3701 2966 3766 θείους
3000 3703 3194 3774 λόγους
3244 3701 3634 3772 πνευματικῶς
3669 3699 3773 3770 μετ’

2203 3794 2516 3865 ἐπιστήμης
2545 3795 2984 3865 ὑποδεχόμενος,⁸
3002 3795 3098 3848 καὶ
3131 3794 3396 3865 εὐπειθὴς
3422 3795 3520 3848 καὶ
3557 3794 3771 3863 ὑπήκοος

2202 3886 2325 3957 Θεῷ
2355 3886 2424 3939 δι’
2463 3887 2662 3948 αὐτοὺς
2711 3869 2877 3956 μέχρι
2916 3884 3148 3939 θανάτου
3179 3885 3270 3938 διὰ
3309 3885 3421 3938 τῶν
3452 3884 3627 3956 ἔργων
3657 3879 3771 3948 γινόι

2207 3997 2371 4049 μενος
2394 3997 2406 4010 ο
2442 3978 2738 4048 ὀφθαλμῶν
2761 3979 2838 4044 δὲ,
2864 3981 2893 4033 6
2917 3979 3020 4051 τὴν
3063 3978 3244 4033 κτίσιν
3276 3975 3662 4048 πνευματικῶς
3689 3988 3770 4026 κα-

2203 4071 2432 4137 τανοῶν,
2467 4072 2563 4124 καὶ
2609 4072 2818 4135 πάντας
2849 4071 2978 4134 τοὺς
3011 4073 3129 4124 κατ’
3159 4069 3427 4140 αἴσθησίν
3455 4087 3520 4122 τε
3552 4067 3640 4120 καὶ
3664 4063 3768 4119 νοῦν

2203 4163 2397 4232 λόγους
2442 4164 2813 4235 ἀπροσκόπως
2847 4164 2928 4225 είς
2978 4163 3109 4234 μίαν
3156 4163 3316 4232 δόξης
3359 4161 3501 4214 Θεοῦ
3549 4158 3767 4224 συνάγων

2205 4256 2580 4326 ἐκπλήρωσιν.
2615 4255 2855 4326 Στήθους
2880 4256 2938 4309 δὲ
2971 4255 3344 4326 μεταλήψεται
3371 4257 3398 4307 6
3428 4257 3530 4322 τὴν
3565 4249 3766 4322 καρδίαν

2205 4347 2536 4416 θεολογικῶν
2567 4347 2869 4420 πληρώσας
2901 4347 3298 4418 θεωρημάτων,
3324 4347 3464 4401 κατά
3495 4346 3585 4399 τὸν
3617 4343 3764 4414 μέγαν

2204 4438 2603 4510 εὖαγγελιστὴν
2650 4439 2907 4509 Ἰωάννην
2934 4481 2949 4502 ,
2989 4439 3087 4492 καὶ
3140 4438 3326 4507 πηγῆς
3358 4439 3586 4491 ἀεννάου
3629 4434 3764 4500 δίκην

2204 4531 2295 4584 τὸν
2331 4531 2684 4602 περιεκτικὸν
2725 4531 2826 4599 τῆς
2863 4529 2959 4583 τοῦ
2993 4530 3196 4591 παντὸς
3241 4529 3503 4599 προνοίας
3551 4523 3762 4585 εὐσεϐῶς

505 4617 762 4674 cantibus
795 4617 1099 4687 profundit.
1143 4620 1334 4676 Manus
1372 4639 1588 4689 rursus,
1615 4635 1678 4679 ut
1707 4641 1806 4695 par
1833 4634 1940 4691 est,
1969 4642 2098 4696 par-

2209 4620 2454 4690 προχέων
2479 4621 2591 4682 τοῖς
2626 4620 2959 4689 μανθάνουσι
2987 4619 3149 4686 λόγον
3177 4636 3237 4670 τε
3271 4621 3364 4671 καὶ
3401 4619 3621 4687 τρόπον.
3653 4617 3761 4667 Χει-

505 4710 698 4778 ticipat
733 4711 828 4779 qui
863 4711 1142 4766 actionum
1172 4712 1446 4771 divinitus
1497 4717 1927 4786 prohibitarum,
1979 4719 2097 4776 sive

2209 4713 2308 4765 σῶν
2345 4712 2388 4765 δ’
2421 4701 2487 4765 αὖ
2527 4712 2937 4782 μεταλαμϐάνει
2987 4711 3218 4775 δεόντως
3255 4711 3283 4762 6
3331 4712 3496 4782 μηδὲν
3528 4711 3630 4762 τῶν
3657 4705 3760 4761 κατ’

505 4818 607 4871 per
652 4801 926 4870 ignaviam
955 4803 1070 4858 sive
1103 4819 1201 4873 per
1244 4807 1634 4877 negligentiam
1659 4817 1946 4878 perpetrat
1975 4811 2100 4864 nul-

506 4895 636 4954 lam,
672 4893 766 4948 sed
804 4910 998 4950 omnes
1029 4896 1225 4952 anima:
1259 4899 1314 4953 in
1344 4900 1560 4971 agendo
1610 4901 1762 4956 vires
1799 4903 1866 4956 ad
1927 4905 2097 4973 perfi-

505 4985 701 5039 cienda
736 4985 831 5039 Dei
864 4986 1120 5042 mandata
1180 4995 1399 5058 paratas
1431 4991 1600 5045 habet
1633 5000 1799 5060 atque
1828 4994 2094 5050 intentas.

507 5079 770 5134 Ventrem
803 5094 956 5144 veno,
993 5079 1088 5150 qui
1120 5081 1336 5146 animze,
1367 5082 1516 5151 quod
1549 5098 1772 5153 semper
1802 5086 2089 5152 scaturiat,

504 5168 742 5236 genitale
768 5168 954 5235 habet,
989 5171 1084 5239 qui
1131 5171 1512 5241 spiritualihus
1557 5173 1802 5227 abundat
1844 5185 2096 5230 contem-

505 5259 861 5328 plationihus,
879 5261 972 5330 qui
1002 5262 1509 5332 inexstinguibilem
1532 5271 1588 5314 et
1615 5261 2096 5332 flagrantissimum

503 5350 861 5421 inpassibilis
888 5355 1166 5424 appetitus
1192 5370 1317 5408 cum
1347 5356 1457 5409 Deo
1473 5355 1708 5409 coeundi
1737 5372 1978 5411 amorem
1998 5359 2096 5412 ha-

504 5441 619 5499 het.
675 5445 940 5500 intestina
966 5437 1102 5501 vero
1143 5445 1499 5515 participabit
1533 5447 1952 5512 convenienter,
1999 5452 2092 5519 qui

508 5526 859 5606 indagatione
887 5538 1062 5609 magis
1091 5539 1308 5593 Occulta
1337 5539 1724 5610 etcognitionc
1747 5540 2094 5596 intellectua-

507 5626 544 5681 li
581 5627 850 5696 profunda
885 5629 982 5685 Dei
1007 5627 1361 5698 pervestigat,
1407 5637 1462 5682 et
1487 5629 1860 5685 ineifabilibus
1887 5642 2093 5703 myste-

506 5718 607 5790 riis
648 5729 948 5774 saturatur.
983 5719 1154 5790 Maius
1177 5720 1308 5789 quid
1343 5721 1535 5776 Sermo
1571 5721 1818 5777 audebit.
1860 5720 2091 5778 Inferio-

604 5905 624 5944 ε
661 5895 828 5964 Habr.
867 5914 934 5960 Iv.
971 5898 1049 5952 li.

2200 4805 2422 4874 ἐντολὴν
2453 4805 2761 4875 ἀνειμένως
2784 4803 2961 4875 ἔργων
2989 4804 3083 4856 καὶ
3104 4804 3474 4874 ὴμελημένως
3505 4791 3755 4862 ἐπιτελῶν,

2197 4895 2315 4948 ἀλλ’
2345 4895 2474 4966 ὅλην
2506 4895 2651 4966 ἔχων
2687 4895 2914 4965 ἑτοίμην
2949 4896 3042 4948 καὶ
3070 4894 3288 4949 εὔτονον
3329 4897 3466 4966 πρὸς
3497 4893 3756 4962 ἐκπλήρω-

2199 5006 2283 5043 σιν
2311 4989 2422 5042 τῶν
2449 4989 2614 5042 θείων
2655 4989 2834 5057 νόμων
2865 4989 2964 5058 τῆς
2992 4988 3174 5059 ψυχῆς
3199 4988 3298 5059 τὴν
3335 4989 3480 5042 κατά
3503 4982 3754 5058 τὴνπρά-

2207 5079 2289 5144 ξιν
2340 5079 2624 5151 ἐνέργειαν
2649 5092 2663 5107 ⁸
2703 5079 2915 5143 κοιλίας
2943 5079 3020 5143 δὲ,
3054 5079 3082 5129 6
3121 5079 3180 5132 τὸ
3222 5079 3448 5148 γόνιμον
3477 5077 3576 5148 τῆς
3599 5071 3754 5145 ψυχῆς

2203 5170 2526 5225 ἁείϐλυστον
2562 5169 2725 5241 ἔχων,
2766 5171 2862 5223 καὶ
2892 5169 3304 5240 πληθυνόμενος
3329 5173 3441 5234 τοῖς
3481 5181 3750 5238 πνευματι-

2203 5265 2317 5326 κοῖς
2347 5262 2695 5334 θεωρήμασι,
2731 5262 2826 5314 καὶ
2869 5260 3285 5316 ἀκατάσϐεστον
3335 5263 3427 5315 τὸν
3478 5253 3751 5314 atauo-ttde-

2200 5371 2362 5407 τατον
2401 5355 2502 5422 τῆς
2543 5354 2679 5425 πρὸς
2710 5356 2811 5426 τὴν
2857 5355 3012 5408 θείαν
3045 5355 3338 5408 συνουσίαν
3379 5351 3618 5413 ἀπαθοῦς
3644 5345 3748 5416 Epi-

2205 5452 2344 5511 σεως
2385 5447 2565 5518 ἔρωτα
2603 5447 2961 5518 κεκτημένος.
3025 5447 3344 5502 Ἐνδοσθίων
3384 5447 3441 5500 δὲ
3483 5438 3748 5516 μεταλήψε-

2200 5557 2291 5594 ται
2325 5541 2737 5612 προσηκόντως,
2771 5543 2798 5593 ὀ
2826 5543 2892 5611 τῇ
2925 5539 3284 5612 κρυφιωτέρᾳ
3321 5537 3546 5610 ζητήσει
3584 5551 3635 5588 τε
3667 5527 3743 5583 καὶ

2201 5630 2403 5700 γνώσει
2444 5632 2538 5685 τοῦ
2571 5631 2664 5685 νοῦ
2695 5631 2763 5685 τὰ
2807 5631 2947 5702 βάθη
2992 5631 3089 5685 τοῦ
3141 5631 3280 5685 Θεοῦ
3332 5627 3739 5701 διερευνώμενος.

2204 5726 2296 5794 καὶ
2327 5725 2658 5794 ἀπορρήτων
2687 5723 3106 5795 ἐμφορούμενος
3143 5724 3479 5794 μυστηρίων.
3504 5715 3738 5788 Τολμήσῑι

3825 1119 3854 1136 α..
