4052 6372
271 406 405 474 1365

1492 409 2014 475 AMBIGUORUM
2055 410 2309 470 LIBER.

3403 401 3423 464 1
3436 402 3540 466 366

263 542 319 578 τι
345 524 526 596 μεῖζον
557 525 586 579 6
621 525 804 594 λόγος.
832 525 956 580 Τῶν
988 526 1142 580 κάτω
1187 527 1283 582 τοῦ
1313 527 1489 596 Λόγου
1531 525 1716 599 μερῶν
1752 542 1850 594 με·

1969 539 2050 578 res
2089 519 2377 577 Sermonis
2407 526 2594 590 partes
2623 514 2981 588 participabit
3032 517 3313 588 sapienter
3357 517 3405 573 is
3447 522 3539 589 qui

263 614 662 686 ταλαμὸανέτω
707 617 1024 688 σωφρόνως,
1063 620 1091 672 6
1124 617 1362 688 λογικῶς
1411 617 1555 671 κατά
1593 618 1692 683 τῆς
1720 614 1854 685 ὕλης

232 732 235 734 ν
268 706 580 776 ἱστάμενος,
617 707 712 761 καὶ
735 707 1091 762 παντάπασιν
1117 708 1422 779 ἀμόλυντον
1451 707 1593 778 μετά
1623 707 1723 778 τῆς
1749 705 1853 775 ψυ-

274 800 376 871 χῆς
407 800 506 869 τὴν
547 799 727 872 σάρκα
776 799 1073 871 διατηρῶν,
1105 803 1203 855 καὶ
1251 801 1373 855 ὅλον
1421 798 1854 871 ἀπαραλείπτως

268 891 406 961 αὐτῇ
438 888 531 941 τὸν
564 889 741 956 Λόγον
761 892 884 953 ταῖς
898 891 1122 961 ἀρεταῖς
1149 889 1469 962 διαμορφῶν
1496 889 1676 961 σάρκα
1699 887 1857 957 γενό-

272 998 455 1053 μενον.
486 980 696 1053 Μηρῶν
718 981 776 1035 δὲ
811 982 1181 1054 μεταλήψεται
1209 985 1238 1037 6
1259 982 1532 1050 τδνΛόγον
1565 980 1855 1050 ἐπικείμε-

268 1092 363 1128 νον
396 1074 539 1145 ἔχων
577 1074 656 1145 τῷ
698 1074 798 1145 τῆς
835 1074 1017 1146 ψυχῆς
1046 1074 1341 1146 παθητικῷ
1382 1074 1562 1146 μέρει,
1596 1074 1691 1127 καὶ
1724 1088 1861 1125 παν-

266 1165 441 1231 τελῶς
479 1166 762 1237 ἐκτέμνων
791 1166 962 1238 αὐτῆς
988 1167 1087 1238 τὴν
1113 1166 1388 1239 πρόσυλον
1417 1165 1658 1234 κίνησιν·
1692 1163 1857 1230 γονά-

270 1278 382 1313 των
439 1260 523 1327 δὲ,
562 1263 590 1314 6
651 1259 786 1330 πρὸς
825 1263 957 1324 τοὺς
1015 1259 1306 1332 κειμένους
1343 1257 1442 1313 καὶ
1494 1254 1861 1319 ἀσθενοῦντας

274 1352 465 1425 (246
497 1353 551 1424 a)
583 1356 649 1425 τῇ
691 1353 871 1408 πίστει
906 1354 1211 1426 συμπαθῶς
1247 1352 1389 1406 κατά
1437 1350 1698 1422 πρόνοιαν
1741 1350 1861 1402 ἑπι-

272 1445 612 1516 κλινόμενος,
637 1448 732 1501 καὶ
759 1445 859 1517 τὴν
876 1447 1014 1517 πρὸς
1045 1448 1194 1517 ἡμᾶς
1228 1445 1324 1500 τοῦ
1358 1444 1535 1513 Λόγου
1582 1442 1859 1514 μιμούμε-
1910 1466 1913 1469 π

273 1556 364 1602 νος
406 1538 841 1607 συγκατάεασιν.
875 1539 1116 1610 Κνημῶν
1149 1539 1206 1593 δὲ
1234 1538 1331 1593 καὶ
1362 1536 1541 1591 ποδῶν
1574 1535 1861 1608 μεταλαμ-

274 1631 489 1686 ϐανέτω
535 1631 673 1703 πρὸς
718 1630 951 1698 τούτοις,
999 1633 1027 1685 6
1079 1631 1173 1684 ὲπὶ
1222 1630 1322 1700 τῆς
1371 1629 1610 1693 πίστεως
1642 1626 1863 1696 καὶτῆς

275 1725 482 1793 ἀρετῆς
522 1725 618 1778 καὶ
650 1725 752 1795 τῆς
783 1723 1043 1794 γνώσεως
1081 1722 1416 1786 ἀσαλεύτους
1451 1723 1590 1792 ἔχων
1620 1722 1721 1792 τῆς
1769 1719 1866 1787 ψυ-

285 1815 386 1885 χῆς
422 1817 523 1879 τὰς
569 1814 756 1885 βάσεις
812 1815 906 1869 καὶ
946 1813 1310 1883 ἀκλονήτους,
1345 1811 1442 1866 καὶ
1474 1809 1616 1864 κατά
1661 1808 1864 1862 σκοπὸν

447 1875 518 1959 τὸ*
542 1875 793 1977 βραϐεῖον
821 1905 921 1976 τῆς
946 1904 1060 1959 ἄνω
1082 1875 1326 1972 κλήσεως
1356 1900 1734 1970 ἐπειγόμενος,
1767 1897 1863 1952 καὶ
1897 1875 1937 1931 Β

274 1996 377 2066 τῆς
406 1994 632 2063 ἀγνοίας
677 1993 747 2048 τά
799 1992 901 2065 ὅρη
952 1994 1050 2047 καὶ
1091 1991 1220 2055 τοὺς
1257 1989 1477 2060 βουνοὺς
1520 1989 1620 2059 τῆς
1668 1988 1867 2051 κακίας

276 2082 614 2156 ὑπερπηδῶν
665 2080 806 2154 μετά
832 2082 928 2135 τοῦ
959 2081 1135 2150 Λόγου
1183 2080 1279 2134 καὶ
1298 2079 1666 2148 διαλλόμενος.
1708 2074 1869 2129 ’Λλλὰ

284 2178 371 2241 τίς
403 2177 694 2247 δυνήσεται
729 2175 913 2240 πάσας
956 2174 1051 2229 τοῦ
1107 2173 1364 2246 Σωτῆρος
1410 2171 1569 2244 ήμῶν
1599 2169 1736 2224 Θεοῦ
1768 2168 1869 2233 τάς

274 2269 347 2323 δι’
383 2269 536 2341 ἡμᾶς
579 2266 826 2331 ἐπινοίας
878 2265 1257 2338 ἐξαριθμῆσαι
1314 2263 1439 2319 καθ’
1468 2266 1560 2327 »ἃς
1608 2261 1869 2332 ἐδώδιμον

277 2361 475 2417 ἑαυτὸν
514 2360 610 2415 καὶ
658 2360 1008 2432 μεταληπτὺν
1059 2358 1341 2428 ἀναλόγως
1374 2356 1592 2427 ἑκάστῳ
1639 2354 1870 2426 πεποίη-

272 2472 397 2509 κεν.
439 2454 561 2507 Ἔτι
614 2452 725 2522 γὰρ
755 2454 871 2523 ἔχει
914 2451 1053 2524 πρὸς
1099 2451 1316 2515 τούτοις
1368 2452 1536 2505 πᾶσιν
1578 2450 1607 2502 6
1662 2448 1870 2519 Κύριος

277 2544 640 2616 βοστρύχους,
662 2544 758 2597 καὶ
805 2546 979 2615 ῥῖνας,
1005 2544 1101 2597 καὶ
1151 2542 1330 2614 χείλη,
1358 2540 1631 2614 τράχηλόν
1656 2557 1742 2605 τε,
1776 2540 1871 2593 καὶ

274 2634 495 2707 ὤμους,
528 2635 625 2688 καὶ
651 2634 974 2700 δακτύλους,
1021 2634 1113 2688 καὶ
1127 2635 1230 2688 ὅσα
1257 2633 1360 2702 τῆς
1392 2632 1672 2705 ἡμετέρας
1703 2647 1871 2684 κατα-

275 2726 484 2795 σκευῆς
514 2726 601 2778 ἐπ’
632 2724 798 2779 αὑτοῦ
851 2724 1073 2794 λέγεται
1116 2716 1653 2796 τροπολογικῶς.Ὦν
1698 2737 1871 2792 προσ-

273 2817 435 2889 φυῶς
478 2834 538 2871 τε
581 2818 677 2871 καὶ
718 2816 1041 2889 εὐχρήστως
1107 2815 1621 2888 μεταλαμϐάνουσιν
1652 2814 1702 2867 οἱ
1735 2812 1872 2883 πρὸς

274 2912 517 2966 ἕκαστον
555 2910 653 2963 καὶ
691 2908 758 2963 δι’
788 2908 1021 2963 ἑκάστου
1047 2909 1247 2980 μέλους
1280 2906 1681 2979 σημαινόμενον
1711 2921 1873 2961 πνευ-

278 3002 518 3075 ματικὸν
551 3000 1017 3073 μεταποιούμενοι
1067 3000 1249 3069 λόγον.
1301 2998 1490 3063 Οὕτως
1522 3001 1552 3053 6
1576 2997 1747 3069 ἀμνὸς
1776 2995 1872 3049 τοῦ

277 3093 428 3150 θεοῦ
465 3092 856 3167 βιὸρώσκεται,
882 3094 1023 3148 κατὰ
1051 3093 1145 3148 τὸν
1175 3093 1330 3163 διγιον
1350 3092 1543 3147 τοῦτον
1571 3090 1668 3145 καὶ
1698 3088 1873 3162 μέγαν

1958 614 2309 670 rationaliter
2355 621 2548 668 contra
2584 613 2873 667 materiam
2919 621 3060 676 stat,
3093 619 3148 668 et
3196 608 3541 680 impollutam

1956 705 2181 760 omnino
2224 719 2350 758 cum
2388 703 2569 757 anima
2608 717 2832 757 carnem
2867 711 3182 765 conservat,
3214 708 3270 755 et
3289 709 3465 755 totum
3485 717 3545 752 ac

1958 797 2078 852 sine
2117 794 2335 850 defectu
2369 811 2432 850 ea
2463 793 2812 859 Sermonem,
2840 794 2937 863 qui
2970 808 3100 847 caro
3129 801 3213 847 est
3239 790 3417 848 iactus
3436 794 3544 844 vir-

1959 889 2171 944 tutibus
2239 888 2468 959 ellingit.
2509 887 2743 942 Femora
2788 894 2975 942 autem
3041 885 3399 956 participabit
3451 887 3539 954 qui

1960 981 2311 1046 Sermonem,
2338 981 2393 1035 in
2418 980 2667 1050 passibili
2701 980 2897 1034 anima:
2928 987 3086 1050 parte
3125 979 3292 1034 liabet
3322 979 3543 1048 imposi-

1958 1083 2098 1139 tum,
2136 1089 2199 1128 ac
2226 1074 2523 1128 motionem
2558 1073 2680 1143 ejus
2706 1073 2761 1126 in
2793 1073 3080 1126 materiam
3118 1087 3346 1141 pronam
3389 1087 3548 1140 pror-

1960 1184 2056 1223 sus
2080 1167 2368 1237 exstirpat;
2399 1182 2577 1238 genua
2614 1174 2828 1233 contra,
2852 1165 2987 1235 quid
3034 1165 3100 1219 ad
3122 1167 3372 1236 jacentes
3401 1174 3458 1219 et
3480 1162 3546 1217 ﬁ-

1960 1259 2030 1315 de
2063 1259 2319 1314 labantes
2350 1258 2785 1315 misericorditer
2815 1259 2883 1314 de
2906 1259 3264 1315 Providentia
3293 1260 3545 1319 inclinat,

1960 1359 2127 1420 atque
2163 1350 2448 1406 Sermonis
2487 1350 2555 1404 ad
2588 1366 2688 1406 nos
2709 1351 3241 1407 condescensionem
3277 1351 3545 1405 imitatur.

1962 1443 2151 1499 Tibias
2167 1444 2407 1514 denique
2446 1452 2501 1499 et
2530 1444 2701 1514 pedes
2735 1444 3069 1515 participato
3100 1446 3166 1500 ad
3192 1446 3442 1515 haec.qui
3468 1446 3550 1498 in—

1961 1535 2209 1605 trepidos
2231 1545 2285 1590 et
2312 1536 2674 1591 inconcussos
2702 1536 2757 1590 in
2790 1535 2897 1591 ﬁde
2930 1546 2987 1592 et
3016 1536 3222 1592 virtute
3252 1545 3309 1592 et
3364 1537 3553 1608 cogni-

1962 1632 2111 1687 tione
2157 1633 2328 1688 habet
2360 1633 2848 1707 animaelgressus,
2915 1643 2973 1689 et
3004 1635 3158 1705 juxta
3205 1635 3551 1705 propositum

1963 1731 2295 1794 approperat
2340 1722 2406 1776 ad
2462 1721 2748 1793 praemium
2817 1723 3129 1779 vocationis
3192 1724 3247 1778 in
3309 1725 3550 1788 caelum,

1964 1815 2170 1884 quique
2196 1814 2517 1884 ignorantiae
2539 1824 2754 1870 montes
2779 1816 3152 1887 nequitiaeque
3191 1817 3361 1873 colles
3378 1826 3557 1873 trans-

1976 1904 2062 1959 ilit
2090 1920 2216 1959 cum
2246 1904 2484 1960 ratione.
2513 1903 2622 1960 Sed
2662 1905 2790 1975 quis
2821 1906 3008 1961 omnia
3039 1906 3344 1964 Salvatoris
3376 1907 3554 1963 nostri

1967 1997 2063 2052 Dei
2099 2006 2324 2067 propter
2367 2012 2471 2053 nos
2523 1997 2763 2069 cogitata
2810 2014 3142 2057 enumerare
3164 2000 3376 2071 poterit
3410 2000 3555 2071 ,ιιιιί-

1969 2090 2074 2145 bus
2092 2089 2440 2145 esculentum
2464 2105 2584 2146 sese
2614 2099 2781 2161 atque
2812 2090 3113 2148 fruendum
3149 2093 3553 2148 convenienter

1970 2182 2274 2251 unicuique
2297 2180 2595 2236 eﬂ'ecerit?
2633 2181 2811 2238 Habet
2837 2184 2987 2239 enim
3027 2183 3297 2240 Dominus
3325 2183 3392 2239 ad
3440 2200 3557 2239 om-

1974 2273 2070 2328 nia
2098 2272 2218 2328 haec
2250 2272 2543 2329 cincinnos
2579 2282 2637 2328 et
2670 2288 2833 2329 nares
2866 2282 2923 2329 et
2949 2274 3126 2340 labra,
3151 2273 3426 2330 cervicem
3447 2273 3556 2327 hu-

1969 2380 2266 2435 merosque
2297 2380 2363 2420 ac
2390 2365 2614 2436 digitos,
2655 2374 2712 2422 et
2746 2380 3095 2437 quaecunque
3125 2374 3332 2423 nostra:
3351 2366 3560 2422 consti-

1973 2456 2206 2512 tutionis
2239 2455 2308 2512 de
2341 2470 2408 2511 eo
2446 2454 2681 2526 ﬁgurate
2709 2458 3000 2527 praedicari
3029 2457 3213 2513 solent
3251 2457 3328 2511 Ea
3358 2471 3558 2513 conve-

1970 2545 2190 2602 nienter
2225 2554 2391 2616 atque
2417 2542 2629 2602 utiliter
2678 2548 3015 2619 participant
3066 2547 3161 2618 qui
3196 2547 3254 2602 in
3283 2561 3560 2618 quamque

1971 2645 2037 2692 et
2062 2652 2161 2708 per
2194 2637 2454 2708 quodque
2506 2638 2818 2693 membrum
2858 2638 3228 2710 signiﬁcatam
3284 2637 3557 2693 rationem

1974 2728 2378 2784 instaurantur.
2413 2728 2493 2784 ιω
2519 2730 2708 2800 Agnus
2742 2730 2839 2784 Dei
2880 2729 3227 2795 comedetur,
3252 2729 3560 2785 secundum

1972 2820 2400 2876 huncsanctum
2427 2829 2485 2876 et
2510 2836 2772 2891 magnum
2821 2820 3133 2887 doctorem,
3189 2829 3247 2877 et
3274 2822 3328 2875 in
3363 2835 3566 2877 conco-

1975 2912 2215 2967 ctionem
2244 2912 2593 2984 spiritualem
2643 2913 2949 2984 digeretur,
2989 2913 3121 2968 dum
3161 2911 3564 2983 partieipantes

1973 3018 2033 3059 se
2061 3002 2271 3075 Spiritu
2303 3005 2360 3059 in
2396 2992 2669 3076 'seipsum
2730 3006 2987 3062 immutat
3029 3013 3199 3075 atque
3250 3012 3562 3076 regenerat,
3630 3018 3638 3024 ·

1974 3090 2432 3165 unumquemque
2464 3110 2662 3151 eorum
2694 3095 2751 3150 in
2793 3094 3032 3150 membri
3079 3095 3148 3150 ab
3174 3109 3240 3150 eo
3274 3095 3454 3150 vorati
3480 3095 3564 3151 lo-

273 3186 628 3251 διδάσκαλον,
662 3185 758 3239 καὶ
794 3188 877 3249 εἰς
917 3184 1083 3256 πέψιν
1121 3182 1499 3255 πνευματικὴν
1528 3180 1869 3246 ἀναδίδοται,

1985 3199 2111 3240 cum
2136 3200 2238 3256 pro
2262 3185 2570 3257 corporalis
2595 3186 2809 3243 ordinis
2825 3195 2883 3242 et
2904 3187 3401 3259 coagmentationis
3415 3188 3568 3257 posi-

277 3277 603 3349 μεταποιῶν
636 3278 773 3348 πρδς
806 3277 1000 3331 ἑαυτὸν
1021 3275 1102 3345 τῷ
1132 3276 1409 3345 πνεύματι
1434 3275 1561 3337 τοὺς
1592 3272 1874 3345 μεταλαμι

275 3371 584 3435 ϐάνοντας,
636 3371 871 3425 ἕκαστον
911 3369 1095 3424 αὐτῶν
1145 3371 1226 3434 είς
1276 3369 1370 3423 τὸν
1418 3367 1513 3423 τού
1561 3366 1871 3440 βρωθέντος

275 3462 381 3514 ὑπ’
408 3459 575 3513 αὑτοῦ
610 3457 999 3529 πνευματικῶς
1044 3457 1243 3529 μέλους
1275 3456 1442 3511 τόπον
1480 3455 1622 3509 κατὰ
1646 3451 1747 3525 τὴν
1777 3450 1869 3506 θέ-

1984 3273 2137 3331 tione
2154 3277 2446 3333 attrahens
2469 3285 2637 3348 atque
2663 3286 3055 3348 transponens,
3075 3278 3152 3334 ita
3171 3286 3234 3332 ut
3248 3277 3569 3336 humaniter

1976 3380 2041 3420 ea
2065 3382 2189 3437 quae
2221 3368 2500 3426 universis
2527 3369 2674 3425 inest
2699 3369 2843 3435 ratio
2869 3370 2926 3425 in
2974 3369 3143 3453 rebus
3183 3371 3423 3426 essentia
3451 3369 3565 3456 ﬁat,

1967 3471 2091 3526 quae
2120 3458 2265 3514 ratio
2285 3461 2401 3516 sola
2423 3468 2654 3531 superat
2678 3468 2936 3516 naturam
2963 3460 3208 3530 itemque
3229 3469 3563 3523 sermonem.

276 3572 375 3610 σιν
405 3546 864 3625 τῆς’σωματικῆς
909 3552 1180 3623 ἁρμονίας
1220 3550 1432 3620 ὲνάγων
1471 3567 1533 3603 τε
1577 3549 1674 3603 καὶ
1705 3542 2148 3620 μετατιθέμενος,
2211 3553 2354 3608 ὥστε
2418 3553 2819 3626 φιλανθρώπως
2879 3554 2972 3607 τὸν
3020 3554 3078 3607 ἐν
3120 3556 3232 3618 τοῖς
3268 3554 3410 3619 ὅλοις
3477 3555 3569 3608 λό-

275 3667 382 3721 γον
414 3648 529 3711 τοῖς
557 3646 880 3717 πράγμασιν
922 3645 1112 3699 οὐσίαν
1142 3643 1391 3715 γίνεσθαι
1419 3642 1512 3696 τὸν
1537 3641 1699 3710 μόνον
1724 3639 1862 3714 ὑπὲρ
1904 3647 2070 3710 φύσιν
2102 3645 2197 3699 καὶ
2225 3644 2404 3714 λόγον.

291 3832 406 3888 Ἐκ
431 3832 539 3888 τοῦ
561 3830 750 3887 αὐτοῦ
772 3830 986 3901 λόγου,
1002 3832 1089 3896 είς
1112 3830 1201 3884 τό·
1226 3847 1246 3880 ‹
1273 3826 1596 3898 Νηρὼσας
1624 3825 1696 3881 τὰ
1720 3828 1879 3898 μέλη

358 3923 434 3980 τὰ
460 3920 556 3977 ἐπί
574 3921 680 3992 τῆς
712 3920 845 3992 γῆς,
875 3920 973 3976 καὶ
1005 3919 1120 3989 τὴν
1150 3918 1340 3988 libr-nr
1369 3918 1646 3973 Ἰωάννου
1673 3919 1884 3988 μιμού-

351 4037 564 4090 μενος,
600 4019 706 4074 τοῦ
738 4017 1026 4087 ἐρημικοῦ
1061 4015 1162 4071 καὶ
1203 4002 1543 4084 προδρόμου
1578 4011 1678 4067 καὶ
1703 4011 1883 4083 μεγά-

357 4114 478 4165 λου
502 4107 611 4177 τῆς
634 4108 919 4178 ἀληθείας
954 4106 1216 4176 κήρυκος
1234 4106 1365 4177 (45).
1400 4125 1419 4157 ι

372 4225 435 4278 ’0
473 4223 573 4295 τὴν
607 4223 854 4278 Ἰωάννου
888 4221 1069 4293 ζώνην
1100 4217 1440 4291 μιμούμενός
1466 4218 1615 4271 ἔστιν
1637 4218 1666 4270 6
1693 4218 1761 4285 τῇ
1785 4214 1879 4267 δυ-

283 4316 459 4387 νάμει
492 4316 587 4370 τοῦ
608 4315 771 4384 λόγου
806 4313 868 4369 τὸ
900 4314 1125 4385 γόνιμον
1157 4315 1259 4382 τῆς
1289 4311 1470 4383 ψυχῆς
1497 4309 1587 4364 διὰ
1619 4308 1877 4379 γνώσεως

285 4410 619 4479 πρακτικῶς
658 4408 1002 4477 ὲπισφίγγων
1025 4445 1041 4468 ,
1102 4406 1197 4460 καῖ
1241 4405 1528 4476 άδιάχυτον
1573 4400 1706 4457 αὐτὸ
1739 4400 1877 4473 πρὸς

236 4508 244 4515 ’
283 4500 394 4570 ⁴’τὴν
426 4498 559 4571 ὓλην
586 4497 985 4568 διαφυλάττων.
1029 4495 1329 4569 Ἐρημικὸς
1360 4495 1417 4551 δέ
1438 4495 1587 4552 ἐστιν
1825 4491 1876 4561 b)

284 4595 320 4647 6
362 4589 556 4645 παθῶν
595 4590 1009 4661 καθαρεύουσαν
1040 4589 1140 4662 τὴν
1184 4588 1300 4656 ἕξιν
1344 4586 1712 4656 κτησάμενος.
1747 4583 1881 4656 Πρό-

285 4686 498 4757 δρομος
537 4683 595 4736 δὲ
623 4684 652 4737 6
686 4683 778 4739 διὰ
810 4682 912 4752 τῆς
941 4680 1176 4752 γνησίας
1211 4680 1505 4752 μετανοίας
1534 4678 1634 4751 τὴν
1680 4679 1886 4732 ὲπακου

288 4775 602 4830 λουθοῦσαν
634 4775 773 4848 αὐτῇ
809 4775 1182 4844 δικαιοσύνην,
1230 4772 1323 4827 καὶ
1362 4770 1453 4825 διὰ
1488 4771 1589 4843 τῆς
1620 4769 1885 4840 φαινομέ-

284 4885 396 4939 νης
424 4868 627 4939 ἀρετῆς
667 4866 768 4939 τὴν
800 4866 1091 4938 ἐπιδημεῖν
1121 4864 1302 4919 αὐτῶν
1338 4863 1646 4935 μέλλουσαν
1673 4862 1879 4932 γνῶσιν

289 4957 656 5031 προμηνύων.
697 4958 887 5027 Μέγας
925 4957 983 5010 δὲ
1013 4956 1114 5026 τῆς
1152 4954 1410 5027 ἀληθείας
1444 4953 1625 5025 κῆρύξ
1662 4954 1811 5007 ἐστιν
1853 4954 1881 5007 6

287 5051 379 5120 τῷ
409 5050 598 5120 οἰκείῳ
631 5050 731 5121 βίῳ
766 5050 858 5103 τὸν
899 5047 994 5103 ὑπ’
1031 5047 1197 5103 αὐτοῦ
1229 5048 1274 5080 ⁸³
1305 5046 1639 5117 λαλούμενον
1672 5047 1769 5116 τῆς
1799 5045 1880 5098 δι-

288 5143 598 5206 δασκαλίας
625 5141 786 5209 λόγον
819 5139 1202 5212 πιστούμενος.

1979 3825 2066 3881 Ex
2089 3824 2269 3879 eodem
2287 3838 2551 3888 sermone,
2574 3824 2630 3876 in
2650 3821 2825 3876 illud:
2858 3839 2877 3872 ι
2921 3819 3276 3889 Mortiﬁcatus
3332 3821 3596 3884 membra,

2053 3933 2170 3989 qua:
2196 3924 2319 3970 sunt
2356 3930 2514 3986 super
2545 3922 2747 3969 terram
2763 3912 2814 3979 ἆ,
2842 3920 2891 3967 et
2911 3912 3142 3967 solitarii
3173 3910 3318 3966 illius
3343 3910 3569 3967 Joannis

1995 4072 1998 4076 ,
2048 4020 2098 4065 et
2141 4009 2485 4082 prcecursoris
2519 4009 2804 4079 magnique
2845 4006 3087 4061 veritatis
3130 4006 3571 4076 prwconis,pr(c-

2051 4105 2362 4159 cinctionem
2396 4084 2634 4156 imitans.
2678 4120 2696 4153 ι

2054 4221 2287 4279 Joannis
2318 4234 2515 4280 zonam
2551 4218 2800 4277 imitatur
2827 4218 2925 4289 qui
2959 4216 3196 4273 rationis
3237 4215 3445 4270 virtute
3473 4229 3569 4285 ge-

1982 4314 2153 4377 nitale
2207 4311 2407 4368 animae
2457 4326 2559 4381 per
2591 4310 2967 4381 cognitionem
3002 4309 3181 4365 active
3215 4309 3566 4380 constringit,

1983 4415 2041 4463 et
2081 4404 2436 4465 inconfusum
2463 4412 2660 4459 contra
2687 4403 2979 4465 materiam
3025 4408 3229 4458 servat.
3275 4401 3570 4457 Solitarius

1986 4503 2173 4557 autem
2207 4503 2294 4552 est
2332 4493 2427 4563 qui
2459 4506 2661 4563 purum
2691 4490 2982 4555 affectibus
3006 4490 3257 4547 habitum
3285 4488 3389 4544 sibi
3424 4503 3570 4558 qua:-

1988 4586 2138 4647 sivit.
2178 4585 2501 4641 Praecursor
2549 4597 2685 4637 vero
2712 4590 2798 4637 est
2841 4580 2939 4652 qui
2972 4580 3201 4637 sincerae
3230 4578 3571 4652 pmnitentia:

1940 4666 1943 4671 ’
1983 4697 2088 4752 ope
2102 4679 2401 4753 justitiam,
2424 4694 2549 4749 qua:
2570 4678 2722 4733 illam
2739 4676 3128 4748 subsequitur,
3151 4675 3572 4746 conspicuaque

1981 4772 2191 4828 virtute
2232 4770 2481 4826 futuram
2527 4770 2594 4826 ad
2646 4785 2813 4842 quam
2865 4770 2938 4826 sit
2984 4783 3313 4825 accessurus
3374 4764 3572 4837 cogni-

1980 4866 2190 4921 tionem
2216 4864 2572 4935 praanuntiat.
2612 4863 2841 4935 Magnus
2861 4863 3105 4933 denique
3127 4860 3375 4917 veritatis
3390 4870 3573 4929 praeco

1979 4963 2067 5010 est
2117 4954 2213 5025 qui
2249 4954 2518 5011 doctrinae
2561 4969 2880 5011 sermonem
2934 4969 2964 5008 a
3016 4952 3317 5022 semetipso
3368 4944 3569 5019 praedi—

1990 5054 2174 5103 catum
2211 5062 2310 5102 sua
2358 5047 2585 5118 propria
2623 5046 2737 5101 vita
2779 5044 3088 5102 conﬁrmat.

1852 5255 1971 5289 ϐ*

375 5325 404 5366 ἀ
440 5325 654 5382 Coloss.
693 5341 772 5391 ιιι,
805 5326 857 5381 ὕ.

1569 5435 1806 5493 ΥΑΒΙᾸΞ
1845 5434 2252 5491 LECTIONES.

373 5552 419 5583 ⁸⁸
451 5552 502 5605 τί
527 5553 694 5608 habet
723 5554 845 5608 cod.
869 5553 1012 5609 Gud.
1056 5540 1061 5543 5

291 5625 477 5695 phum
513 5623 679 5695 habet
719 5625 994 5695 μετάτῆς
1025 5624 1167 5677 κατὰ
1187 5624 1288 5695 τῆς
1308 5623 1507 5693 ψυχῆς.

1114 5554 1159 5586 ³⁸
1187 5553 1266 5607 ita
1297 5553 1578 5623 rescripsi.
1613 5552 2004 5623 Apographum
2052 5551 2221 5607 habet
2258 5550 2417 5623 λόγος
2460 5549 2568 5623 τῶν
2594 5548 2692 5623 καὶ
2715 5546 2823 5623 τῶν
2849 5544 2955 5623 .τοῦ
2986 5544 3168 5623 λόγου.
3246 5541 3572 5623 ‘°_A.pogIa-_

1598 5623 1638 5653 "
1666 5611 1809 5678 'Cod.
1835 5611 1984 5678 Gud.
2020 5623 2184 5678 habet
2213 5611 2439 5690 quidem
2470 5621 2561 5673 τὸν
2584 5619 2675 5672 ὑπ’
2711 5616 2900 5690 αὐτοῦ,
2930 5615 3030 5671 sed
3051 5629 3244 5690 vocum
3281 5611 3372 5664 ὑπ’
3402 5611 3576 5662 αὑτοῦ

289 5684 430 5766 pars
459 5693 609 5769 prior
636 5684 858 5764 punctis
887 5684 1282 5763 subterpositi's
1308 5684 1672 5748 sun't'notata.
1706 5693 1898 5748 Aliena
1936 5708 2131 5747 manus
2186 5684 2397 5761 aliquid
2443 5690 2779 5759 rescriptura
2809 5687 2978 5743 fuisse
3020 5684 3260 5741 videtur.

371 5832 491 5901 (45),
520 5832 665 5887 idem
694 5832 817 5887 ibid.
847 5847 968 5901 cap.
1001 5830 1083 5897 18,
1123 5848 1179 5903 p.
1228 5832 1351 5897 859,
1393 5842 1524 5891 tom.
1553 5831 1574 5885 l
1599 5831 1736 5903 Opp.
1764 5831 1853 5887 ed.
1895 5830 2098 5895 Bened.
