4052 6366
533 411 674 477 1307

1707 425 1768 500 s,
1809 426 2098 488 MAXIMI
2136 396 2643 497 consessoms

3642 446 3759 518 1368

537 523 619 581 Isle
653 524 832 580 eodeni
873 541 1134 594 sermone,
1161 530 1220 583 in
1253 528 1390 585 illud
1417 549 1435 586 :
1471 550 1488 583 ι
1511 532 1649 589 Etsi
1685 539 1798 606 quis
1831 539 2112 608 discipulus

2235 546 2335 600 Ἐκ
2366 549 2473 603 τοῦ
2506 552 2692 606 αὐτοῦ
2715 517 2922 626 λόγου,
2967 557 3057 624 εὶς
3077 558 3176 612 τό·
3235 579 3253 612 ι
3275 560 3382 614 Kal
3404 559 3460 615 ει
3483 577 3570 628 τις
3593 569 3764 633 padu-

605 619 678 670 ud
717 616 1118 685 praedicandum
1147 619 1494 692 Evangelium
1526 626 1776 690 mittitur,
1817 627 2118 697 frugalitati

603 724 668 762 ac
715 708 1050 779 simplicitati
1094 713 1306 766 studeat
1351 730 1370 767 :
1403 731 1558 785 quem
1610 725 1805 786 prteter
1844 700 1982 790 quod
2025 737 2118 775 nec

601 815 694 866 ws,
746 818 840 856 nec
877 802 1150 867 baculum,
1196 821 1290 858 nec
1329 805 1588 876 duplicem
1631 811 1868 864 tunicam
1902 813 2114 877 habeat,

601 894 763 947 etiam
788 895 944 948 nudis
979 896 1192 966 pedibus
1221 899 1322 950 iter
1348 898 1521 966 facere
1549 909 1790 970 aporteat
1829 914 1874 968 θ,
1909 914 1964 956 ut
1998 904 2118 974 pul-

604 986 716 1038 chri
734 986 892 1056 pedes
915 987 1392 1058 euangelizantium
1423 1006 1605 1060 pacem
1635 1003 1933 1064 appareant
1965 993 2013 1052 ί.
2051 1015 2070 1049 ι

603 1097 962 1172 Evangelium
1009 1110 1093 1154 est
1126 1101 1421 1156 sublimior
1456 1102 1525 1157 de
1553 1103 1649 1158 Dei
1695 1121 1863 1176 regno
1897 1123 2114 1174 sermo;

534 1203 763 1258 regnum
792 1204 975 1248 autem
1009 1193 1105 1247 Dei
1149 1202 1235 1249 est
1261 1194 1441 1249 omnis
1473 1197 1720 1252 materia:
1759 1201 2118 1270 omniumque

534 1279 838 1336 ranitatum
865 1281 934 1337 de
971 1299 1034 1338 ea
1061 1295 1459 1355 conceptarum
1482 1303 1620 1357 pura
1643 1287 1911 1342 conditio.
1936 1290 2117 1346 Disci-

535 1365 700 1438 pulus
740 1369 914 1440 igitur
948 1372 1017 1426 ad
1049 1373 1408 1446 Erangelium
1443 1377 1854 1446 praedicandum
1894 1381 2114 1448 missus,

535 1457 615 1512 uti
659 1459 906 1533 videtur,
960 1463 1006 1518 is
1049 1472 1134 1520 est
1185 1466 1280 1535 qui
1313 1467 1563 1522 moribus
1594 1468 1710 1523 suis
1741 1485 1968 1539 prorsus
1997 1489 2117 1529 sese

533 1549 603 1619 ab
649 1550 756 1606 hoc
791 1555 1001 1610 mundo
1043 1555 1416 1618 abalienatum
1462 1558 1825 1626 demonstrat,
1867 1579 1934 1618 eo
1967 1565 2118 1634 quod

531 1641 660 1708 teris
702 1642 774 1701 sit
807 1661 1003 1714 expers
1027 1655 1083 1700 et
1134 1647 1340 1712 baculi,
1392 1649 1651 1719 quodque
1705 1667 1868 1706 unam
1906 1662 2118 1710 tantum

536 1734 779 1796 tunicam
813 1737 1035 1804 habeat,
1064 1739 1317 1808 pecuniae
1349 1740 1668 1811 cupidinem
1699 1743 2116 1801 etiracundiam

531 1825 620 1879 rel
670 1825 887 1906 imperii
919 1828 1158 1900 alicujus
1201 1830 1592 1888 conﬁdentiam
1640 1851 1796 1890 suam
1827 1837 2120 1895 circumci-

2288 636 2398 706 τὴς
2439 639 2538 694 ἐπὶ
2581 643 2646 696 τό
2676 646 3046 716 Euax-reier
3084 649 3398 718 πέμπεται,
3443 654 3763 724 φιλοσόφως

2286 729 2384 781 καί
2428 732 2784 803 ἀπερίττως·
2835 739 2908 794 ὃν
2935 739 3034 795 δεῖ
3069 741 3222 810 πρὸς
3266 743 3348 808 τῷ
3399 745 3640 814 ἀχὰλκῳ
3679 753 3763 804 καί

2285 819 2518 887 ἀράϐδῳ
2561 827 2658 879 καὶ
2689 832 3072 900 μονοχίτωνι,
3105 833 3191 887 ἔτι
3230 835 3328 888 καί
3371 839 3766 906 τυμνοκοόεῒγ,

2286 909 2388 964 ἵνα
2416 915 2691 981 φανῶσιν
2733 923 2787 973 οἱ
2831 921 3015 989 πόδες
3039 924 3241 993 ὠραῖοι
3282 923 3402 980 τῶν
3423 929 3768 999 εὐαγγελιζο-

2279 1001 2480 1069 μένων
2501 1007 2752 1078 εἰρήνην
2769 1011 2908 1082 (46).
2925 1031 2944 1064 ι

2287 1113 2618 1183 Εὑαγγέλιόν
2655 1122 2804 1175 ἐστιν
2839 1125 2869 1177 ὁ
2914 1126 3044 1197 περὶ
3075 1127 3175 1197 τῆς
3214 1127 3308 1182 τοῦ
3346 1129 3482 1183 Θεοῦ
3517 1130 3770 1200 βασιλείας

2217 1204 2546 1278 ὑψηλότερος
2605 1211 2761 1280 λόγος
2793 1232 2808 1246 ο
2862 1215 3106 1286 βασιλεία
3133 1219 3189 1273 δέ
3225 1222 3340 1274 ἐστι
3372 1221 3507 1274 Θεοῦ
3538 1224 3571 1292 ἡ
3613 1224 3772 1294 πάσης

2217 1295 2349 1364 ὕλης
2382 1300 2476 1352 καὶ
2516 1304 2709 1358 πασῶν
2745 1305 2854 1360 τῶν
2892 1309 3010 1364 κατ’
3054 1311 3227 1381 αὐτὴν
3270 1312 3583 1382 φαντασιῶν
3624 1315 3774 1368 καθα-

2219 1385 2451 1455 ρεύουσα
2508 1388 2679 1460 λῆξις.
2733 1395 2998 1469 Μαθητής
3048 1393 3140 1453 οὖν
3205 1401 3298 1454 ἐπὶ
3354 1401 3416 1454 τὸ
3467 1402 3775 1472 Εὐαγγέλιον

2217 1479 2570 1548 πεμπόμενος
2597 1483 2820 1550 εἰκότως
2847 1489 2998 1542 ἐστὶν
3036 1489 3066 1542 ό
3108 1495 3222 1555 τοῖς
3248 1493 3474 1563 τρόποις
3519 1493 3774 1560 παντελῶς

2217 1566 2314 1638 τὴν
2362 1569 2497 1641 πρὸς
2531 1573 2623 1626 τὸν
2667 1575 2873 1644 κόσμον
2917 1579 3106 1632 τοῦτον
3158 1580 3602 1652 ἐπιδεικνύμενος
3639 1582 3812 1666 ἀλλο-ι

2216 1659 2441 1728 τρίωσιν
2483 1662 2562 1733 τῷ
2590 1683 2647 1718 τε
2681 1667 2903 1740 ἀχάλκῳ
2947 1671 3042 1724 καὶ
3079 1671 3300 1742 ἀράδδῳ
3332 1673 3430 1727 καὶ
3477 1673 3776 1744 μονοχίτωνι

2219 1753 2316 1822 τήν
2343 1748 2797 1830 τε’φιλαργυρίαν
2833 1763 2928 1815 καὶ
2968 1763 3061 1817 τὸν
3097 1763 3270 1835 θυμὸν
3304 1765 3336 1836 ἢ
3383 1765 3485 1836 τὴν
3515 1766 3608 1818 ἐπὶ
3633 1765 3776 1819 δυνα-

2221 1841 2374 1914 στείᾳ
2399 1846 2506 1899 τινὶ
2537 1837 2860 1921 πεποίθησιν
2890 1853 3086 1908 ἑαυτοῦ
3113 1857 3441 1928 περικόψας,
3467 1856 3776 1926 ἀτέχναστόν

535 1915 692 1979 dens.
719 1919 1006 1984 moralem,
1028 1921 1435 1992 philosophiam
1461 1941 1642 1996 neque
1665 1927 1911 1984 dolosam
1936 1947 2112 2002 neque

2216 1951 2274 1988 τε
2310 1906 2402 1990 καὶ
2433 1939 2708 1994 ἄπλαστον
2742 1906 2836 1998 καὶ
2867 1906 3211 2018 perdt—porto:
3357 1906 3777 2018 ἶιζέιινιςιξλειιθὲ-

533 2007 790 2076 edictam,
821 2010 1128 2082 simplicem
1157 2029 1278 2070 eam
1313 2017 1575 2087 omnique
1597 2019 1842 2075 versutia
1864 2020 2116 2090 liberam,

532 2099 708 2162 veluti
744 2115 912 2156 unam
950 2101 1281 2170 tuniculam,
1314 2107 1604 2177 proﬁtens,
1641 2109 1856 2165 nullum
1891 2113 2120 2169 omnino

533 2189 888 2256 mortalitatis
933 2192 1150 2262 signum
1177 2195 1376 2252 animae
1403 2199 1639 2269 vestigio
1671 2200 1842 2258 veluti
1871 2204 2118 2259 calceum

531 2279 784 2347 indutus,
822 2290 1014 2354 utpote
1041 2286 1137 2356 qui
1167 2304 1378 2360 magna:
1407 2290 1561 2360 pacis
1587 2291 1816 2348 exsistat
1861 2297 2115 2362 nuntius,

528 2378 696 2445 atque
737 2381 914 2430 status
942 2392 1122 2446 praeco
1149 2379 1243 2450 qui
1282 2396 1395 2436 non
1423 2381 1613 2438 timeat
1644 2385 1880 2454 amplius
1905 2387 2111 2444 bellum

423 2465 435 2472 “
527 2463 848 2546 passionum
897 2475 994 2524 aut
1023 2471 1276 2540 corporis
1305 2481 1544 2529 mortem
1577 2475 1920 2544 reformidet,
1969 2479 2112 2536 adeo

531 2563 594 2611 ut
627 2555 723 2626 qui
753 2558 1075 2627 prudenter
1121 2562 1176 2640 in
1210 2577 1337 2618 eum
1369 2566 1562 2621 oculos
1606 2565 1782 2638 ﬁgunt
1808 2583 1876 2623 ex
1912 2570 2115 2627 immu-

525 2645 685 2708 tabili
725 2647 850 2705 vitm
893 2666 994 2720 per
1041 2653 1308 2710 virtutem
1352 2656 1644 2713 identitate
1681 2661 2004 2731 angelorum
2054 2663 2112 2718 in

525 2737 624 2800 Dei
671 2741 937 2798 comitatu
989 2749 1468 2806 conversationem
1519 2750 1899 2836 dignissimam
1947 2763 2114 2828 atque

524 2829 882 2898 stabilitatem
933 2835 1270 2919 exprimant.

901 3011 1024 3066 Alia
1055 3013 1110 3067 in
1142 3013 1278 3068 idem
1323 3017 1725 3087 contemplatio.

607 3119 721 3176 Aut
769 3121 1005 3180 fortasse
1069 3133 1171 3196 per
1233 3127 1648 3198 simplicitatem
1706 3133 1977 3191 orationis
2051 3146 2108 3193 et

523 3227 721 3286 ponam
759 3213 990 3272 Joannis
1025 3217 1319 3284 imitando,
1356 3227 1413 3275 et
1443 3237 1639 3278 rursus
1689 3223 1756 3278 ad
1794 3225 2110 3283 facultatem

525 3303 838 3372 faciendam
892 3311 1211 3381 evangelice
1255 3313 1463 3381 pascha
1509 3313 1733 3378 edendi,
1781 3327 1838 3372 et
1883 3322 2112 3389 partici-

523 3395 778 3464 pantium
841 3396 1187 3457 differentias
1243 3409 1302 3456 et
1347 3403 1525 3472 ipsius
1585 3405 1863 3475 paschatis
1918 3411 2114 3469 modos

523 3481 688 3558 Pater
731 3501 831 3556 per
884 3489 1115 3560 aenigma
1166 3492 1544 3565 praecipiendo
1579 3495 1932 3566 signiﬁcavit.
1985 3501 2113 3558 Tria

523 3573 674 3632 enim
707 3567 910 3646 pascha
931 3581 1214 3650 antiquior
1239 3584 1407 3638 tradit
1425 3601 1577 3641 sacra
1602 3586 1912 3658 Scriptura,
1941 3609 2110 3648 unum

522 3665 748 3734 quidem
785 3685 908 3725 esse
951 3671 1260 3740 perfectum
1315 3675 1370 3730 in
1405 3675 1642 3748 Egypto
1672 3681 1720 3744 ε,
1766 3688 1822 3734 et
1873 3683 2110 3738 alterum

523 3756 581 3810 in
619 3757 842 3816 deserto
868 3762 920 3826 ιι,
947 3773 1003 3818 et
1030 3763 1257 3820 tertium
1303 3765 1359 3820 in
1407 3776 1554 3834 terra
1581 3771 2029 3830 annuntiationis
2065 3779 2107 3832 ³.

521 3847 792 3922 [Egyptus
826 3852 996 3926 igitur
1023 3857 1329 3912 secundum
1360 3875 1526 3917 unam
1554 3863 1946 3932 cogitationem
1975 3869 2112 3940 ﬁgu-

523 3955 642 4001 rata
677 3945 827 4000 hunc
878 3948 1150 4004 mundum
1203 3950 1498 4022 signiﬁcat,
1533 3953 1815 4012 desertum
1844 3975 1980 4015 vero
2017 3977 2112 4032 pa-

524 4035 663 4088 riter
697 4036 1002 4092 secuudum
1045 4039 1276 4096 alteram
1329 4043 1548 4099 illarum
1580 4051 2108 4120 contemplationum

524 4121 836 4178 animarum
873 4133 998 4194 post
1025 4137 1268 4184 mortem
1300 4139 1503 4186 statum
1539 4134 1835 4205 allegorice
1861 4139 2106 4208 denotat,

523 4221 676 4269 terra
693 4223 876 4271 autem
900 4220 1344 4278 annuntiationis
1364 4224 1610 4282 futurum
1631 4243 1810 4284 aevum
1835 4231 2106 4304 designat.

524 4301 664 4382 Tres
701 4307 850 4362 enim
881 4308 988 4366 loci
1020 4319 1077 4367 et
1109 4321 1288 4371 status
1339 4327 1468 4373 sunt
1497 4319 1552 4374 in
1591 4319 1796 4389 quibus
1821 4301 2110 4382 versamur

523 4393 798 4474 homines,
845 4400 900 4456 id
952 4413 1038 4458 est
1089 4404 1181 4460 hic
1214 4407 1478 4474 mundus,
1521 4409 1576 4465 in
1624 4427 1736 4482 quo
1787 4414 2106 4472 exsistentia

2219 2043 2319 2097 ραν
2351 2027 2573 2098 διπλόης
2599 2033 2699 2104 τὴν
2718 2035 2940 2106 ἠθικὴν,
2976 2036 3170 2108 ὥσπερ
3198 2037 3256 2092 ἓν
3284 2039 3562 2110 χιτώνιον,
3598 2037 3778 2109 μετιὼν

2217 2118 2560 2190 φιλοσοφίαν,
2611 2125 2780 2195 μηδὲν
2827 2128 2890 2181 τὸ
2931 2129 3152 2184 σύνολον
3182 2132 3514 2201 νεκρότητος
3542 2129 3620 2200 τῷ
3660 2131 3780 2200 ἴχνει

2214 2211 2314 2283 τῆς
2349 2214 2549 2285 ψυχῆς,
2587 2217 2778 2290 ὥσπερ
2810 2221 3080 2294 ὑπόδημα,
3111 2222 3380 2292 σύμϐολον
3411 2223 3653 2292 ὲναφεὶς,
3705 2216 3778 2276 οἷα

2213 2305 2313 2374 τῆς
2359 2307 2603 2378 μεγάλης
2651 2311 2878 2383 εἰρήνης
2929 2316 3192 2386 ὑπάρχων
3241 2315 3500 2384 ἄγγελος,
3551 2315 3647 2368 καὶ
3691 2314 3778 2384 τῆς

2220 2396 2420 2464 μηκέτι
2467 2400 2803 2474 φοϐουμένης
2855 2405 2948 2459 τὸν
3002 2409 3067 2461 ἐκ
3116 2407 3228 2461 τῶν
3287 2408 3485 2462 παθῶν
3538 2408 3775 2482 πόλεμον,

2215 2487 2350 2556 μηδὲ
2374 2488 2602 2546 θάνατον
2633 2495 2886 2564 σώματος
2907 2499 3379 2573 ὑποστελλομένης
3404 2501 3778 2566 καταστάσεως

2213 2577 2410 2647 κῆρυξ,
2441 2581 2584 2636 ὥστε
2613 2584 2874 2642 δύνασθαι
2904 2589 3030 2654 τοὺς
3055 2593 3138 2654 εἰς
3169 2591 3333 2646 αὑτὸν
3355 2593 3600 2658 συνετῶς
3627 2593 3778 2664 ὁρῶν·

2215 2686 2315 2732 τας
2351 2673 2414 2723 ὲκ
2448 2674 2548 2744 τῆς
2571 2677 2696 2730 κατ’
2727 2679 2932 2756 ἀρετὴν
2970 2682 3100 2752 περὶ
3137 2683 3230 2736 τὸν
3275 2683 3391 2752 βίον
3431 2683 3776 2738 ἀναλλοιώτου

2215 2761 2548 2834 ταύτότητος
2569 2766 2672 2836 τὴν
2710 2771 2768 2824 ἐν
2806 2771 3063 2840 ἀγγέλοις
3101 2775 3231 2844 περὶ
3266 2774 3402 2829 Θεὸν
3433 2774 3480 2808 δ’
3517 2777 3775 2846 εὐπρεπε-

2218 2852 2420 2926 στάτην
2449 2853 2810 2924 είκονίζεσθαί
2845 2864 3124 2919 πολιτείαν
3149 2883 3209 2919 τε
3243 2869 3339 2921 καὶ
3377 2867 3717 2928 εὐστάθειαν.

2577 3038 2758 3094 Ἄλλο
2779 3043 2866 3108 εὶς
2901 3041 2968 3095 τὸ
2993 3042 3140 3098 αὐτό
3168 3043 3464 3112 θεώρημα.

2293 3127 2363 3182 Ἢ
2401 3131 2613 3200 μήποτε
2643 3131 2733 3186 διὰ
2759 3134 2821 3188 τὸ
2840 3133 3029 3198 ἁπλῶς
3052 3137 3249 3198 εἰπεῖν,
3277 3135 3371 3189 καὶ
3397 3135 3543 3190 κατὰ
3568 3134 3777 3206 μίμησιν

2215 3217 2315 3288 τῆς
2352 3220 2600 3276 Ἰωάννου
2634 3223 2832 3295 ζώνης,
2898 3227 2994 3280 καὶ
3035 3227 3199 3282 πάλιν
3235 3227 3616 3296 εὐαγγελικῶς
3641 3227 3776 3280 δύνα-

2217 3311 2340 3366 σθαι
2393 3313 2456 3367 τὸ
2512 3316 2698 3386 πάσχα
2756 3315 3054 3382 ἐσθίεσθαι,
3111 3319 3212 3380 τάς
3253 3335 3312 3372 τε
3367 3318 3640 3391 διαφορὰς
3685 3317 3777 3372 τῶν

2217 3405 2742 3476 μεταλαμϐανόντων
2781 3411 2874 3464 καὶ
2919 3411 3046 3476 τοὺς
3105 3414 3124 3479 (
3142 3411 3303 3483 24⁷
3325 3412 3394 3484 a)
3427 3413 3670 3482 τρόπους
3691 3411 3776 3466 αὖ·

2212 3497 2308 3550 τοῦ
2344 3498 2438 3552 τοῦ
2488 3501 2682 3570 Πάσχα
2709 3501 3109 3566 διδασκαλικῶς
3140 3505 3168 3556 ὁ
3204 3505 3394 3576 Πατὴρ
3433 3503 3775 3578 παρῃνίξατο.

2214 3591 2354 3658 Τρία
2395 3591 2504 3663 γὰρ
2551 3594 2745 3666 Πάσχα
2799 3595 3166 3665 παραδίδωσιν
3221 3597 3250 3650 ό
3291 3594 3540 3658 Παλαιᾶς
3573 3592 3778 3665 Γραφῆς

2213 3679 2370 3748 λόγος
2399 3683 2467 3747 ⁸³,
2517 3682 2576 3737 ἓν
2619 3684 2760 3737 κατὰ
2785 3685 2887 3754 τὴν
2915 3685 3188 3754 Αἴγυπτον
3233 3685 3671 3756 ὲπιτελούμενον,
3696 3683 3776 3738 καὶ

2213 3771 2400 3844 ἕτερον
2428 3773 2567 3828 κατὰ
2596 3774 2696 3843 τὴν
2727 3774 2960 3845 ἔρημον,
2992 3777 3088 3830 καὶ
3117 3777 3180 3830 τὸ
3221 3777 3352 3832 ἄλλο
3383 3777 3531 3832 κατά
3567 3777 3663 3846 τὴν
3687 3777 3776 3845 γῆν

2212 3861 2311 3932 τῆς
2367 3862 2720 3932 ἐπαγγελίας.
2787 3863 2850 3916 Ἡ
2893 3865 2993 3934 μὲν
3025 3859 3119 3919 οὖν
3153 3867 3429 3930 Αἴγυπτος
3481 3867 3626 3920 κατὰ
3661 3865 3774 3936 μίαν

2211 3951 2319 4004 τῶν
2369 3954 2499 4024 περὶ
2555 3954 2723 4025 αὐτὴν
2773 3955 3027 4028 ἐπινοιῶν
3085 3956 3542 4028 ἀλληγορουμὲνη
3605 3954 3774 4009 τοῦτον

2185 4045 2364 4114 ’δηλοῖ
2385 4022 2476 4099 τὸν
2509 4022 2732 4117 κόσμον,
2763 4049 2795 4118 ἡ
2827 4022 2904 4102 ’δὲ
2940 4049 3147 4120 ἔρημος
3173 4022 3436 4112 dicaturut;
3477 4022 3619 4104 κατὰ
3659 4048 3773 4116 μίαν

2210 4136 2321 4190 τῶν
2349 4138 2437 4190 ἐπ’
2471 4139 2640 4206 αὐτῆς
2667 4138 2911 4210 θεωριῶν
2937 4138 3034 4210 τὴν
3064 4141 3202 4210 μετὰ
3249 4140 3480 4194 θάνατον
3509 4141 3769 4195 κατάστα-

2213 4245 2298 4282 σιν
2327 4229 2436 4282 τῶν
2473 4228 2660 4300 ψυχῶν
2695 4230 3069 4303 ἀλληγορικῶς
3105 4233 3408 4301 ὑποφαίνει,
3441 4235 3472 4304 ἡ
3515 4234 3571 4287 δὲ
3595 4233 3663 4301 γῆ
3685 4229 3772 4298 τῆς

2211 4321 2550 4391 ἐπαγγελίας
2576 4323 2668 4376 τὸν
2705 4323 2972 4394 μέλλοντα
3001 4328 3291 4396 προτυποῖ,
3313 4326 3476 4398 Τρεῖς
3506 4327 3614 4394 γὰρ
3636 4326 3770 4378 τόποι

2199 4413 2308 4468 -καὶ
2337 4415 2702 4478 καταστάσεις
2735 4413 2874 4470 εἰσὶν
2908 4417 2966 4470 ὲν
2996 4411 3076 4480 οἷς
3103 4418 3153 4470 οἱ
3193 4417 3475 4488 ἄνθρωποι
3505 4413 3768 4484 γινόμεθαο

523 4491 794 4573 impertiti
829 4513 1182 4569 generamur,
1219 4511 1277 4559 et
1325 4503 1416 4558 ille
1473 4505 1632 4560 locus
1665 4521 1776 4576 quo
1803 4519 1928 4576 post
1957 4523 2106 4563 mor-

2212 4502 2366 4570 οὖτος
2387 4509 2414 4560 ό
2443 4508 2500 4560 ὲν
2521 4500 2566 4576 ᾧ
2590 4507 2647 4561 τὸ
2667 4504 2808 4564 εἶναι
2823 4509 3194 4580 λαμϐάνοντες
3216 4507 3538 4579 γεννώμεθα
3563 4508 3768 4578 κόσμος,

522 4594 633 4652 tem
656 4591 937 4660 pergimus
969 4593 1259 4657 abeuntes,
1295 4604 1352 4650 et
1381 4595 1632 4651 futurum
1670 4615 1872 4664 aevum,
1915 4599 1971 4653 in
1999 4615 2112 4670 quo

523 4695 650 4747 cum
675 4683 968 4760 animabus
994 4690 1160 4758 atque
1185 4689 1519 4760 corporibus
1549 4697 1894 4747 coercemur.
1925 4691 2112 4758 Quan-

523 4768 620 4834 diu
639 4759 807 4840 igitur
824 4773 880 4828 in
899 4775 1006 4830 hoc
1023 4777 1231 4832 mundo
1242 4759 1554 4845 versamur,
1573 4779 1630 4834 in
1642 4778 1875 4852 Egypto
1899 4783 2113 4853 agimus

523 4861 749 4933 pascha,
781 4861 850 4918 de
877 4856 1090 4935 peccati
1127 4869 1360 4923 maculis
1384 4867 1515 4923 dum
1555 4883 1880 4940 purgamur,
1914 4887 2108 4926 verum

523 4949 745 5016 quando
779 4962 956 5010 morte
1009 4955 1155 5012 hanc
1183 4957 1352 5015 vitam
1391 4957 1694 5022 ﬁnivimus,
1751 4968 2011 5031 tanquam
2050 4965 2106 5019 in

523 5040 743 5100 deserto
761 5063 956 5103 rursus
977 5049 1190 5121 agimus
1219 5051 1458 5106 alterum
1490 5051 1714 5120 pascha,
1739 5052 1869 5107 dum
1904 5054 2107 5109 clarius

523 5147 716 5190 eorum
749 5153 872 5207 quae
921 5149 1052 5195 sunt
1106 5141 1372 5204 rationes,
1423 5142 1687 5213 symbolis
1716 5153 1772 5199 et
1800 5145 2107 5216 mnigmatis

524 5219 582 5290 εἳ
623 5231 866 5286 sensuali
897 5233 1165 5288 varietate
1185 5245 1382 5290 exutas
1414 5234 1869 5292 intellectualiter‘
1897 5248 1953 5292 et
1983 5254 2108 5294 cor-

599 5355 624 5385 ο
654 5342 844 5404 Matth.
878 5363 932 5410 π,
960 5347 1014 5414 9,
1051 5349 1136 5412 10.
1217 5349 1236 5389 ί
1274 5349 1436 5403 Rom.
1469 5366 1521 5416 Σ,
1557 5349 1642 5428 15.
1725 5353 1749 5391 ’ὅ
1786 5353 1956 5406 Exod.
1987 5369 2094 5417 xu,
2137 5356 2357 5424 passim.

525 5413 648 5492 sim.

2209 4601 2304 4654 καὶ
2333 4602 2360 4654 ό
2395 4601 2534 4672 μετὰ
2555 4601 2784 4656 θάνατον
2814 4603 2874 4655 ὲν
2893 4595 2938 4672 ᾧ
2965 4600 3216 4655 ἐντεῦθεν
3245 4601 3500 4666 ἀπιόντες
3525 4597 3769 4670 γινόμεθα

2207 4693 2391 4758 τόπος,
2457 4693 2551 4746 καὶ
2603 4697 2632 4748 ό
2694 4693 2906 4764 μέλλων
2965 4691 3120 4762 αίὼν,
3190 4694 3250 4746 ὲν
3285 4686 3330 4760 ᾧ
3389 4693 3527 4764 μετὰ
3598 4687 3768 4760 ψυχῶν

2211 4785 2616 4857 συγκλειόμεθα
2672 4785 2766 4840 καὶ
2813 4785 3103 4858 σωμάτων.
3138 4784 3270 4855 ’Ἐφ’
3308 4786 3432 4842 ὅσον
3479 4783 3574 4838 οὖν
3597 4780 3768 4852 χρόνον

2206 4870 2374 4946 ἐσμὲν
2411 4877 2470 4930 ἐν
2497 4875 2575 4946 τῷ
2601 4876 2792 4946 κόσμῳ
2820 4876 3020 4946 τούτῳ,
3064 4879 3122 4929 ὲν
3162 4873 3430 4944 Αἰγύπτῳ
3471 4873 3674 4942 ἄγομεν
3714 4866 3766 4920 τὸ

2206 4969 2414 5036 πάσχα,
2468 4967 2579 5021 τῶν
2631 4967 2755 5021 καθ’
2803 4967 3081 5039 ἁμαρτίαν
3115 4965 3352 5034 κηλίδων
3382 4959 3764 5032 ἐκκαθαιρόμεο

2211 5075 2324 5112 νοι·
2363 5057 2504 5111 ἐπὰν
2543 5057 2600 5111 δὲ
2631 5059 2836 5129 ταύτην
2893 5057 2980 5111 διὰ
3036 5056 3266 5112 θανάτου
3322 5055 3647 5126 περάσωμεν
3681 5047 3764 5117 τὴν

2213 5149 2380 5220 ζωὴν,
2413 5150 2490 5213 ὡς
2536 5151 2594 5203 ἐν
2649 5151 2844 5222 ἐρήμῳ
2884 5149 3047 5203 πάλιν
3085 5149 3294 5218 ἄγομεν
3343 5148 3531 5218 ἕτερον
3577 5143 3761 5210 πάσχα.

2212 5241 2570 5311 τρανοτέρους
2605 5242 2731 5304 τοὺς
2778 5240 2886 5294 τῶν
2927 5241 3096 5293 ὄντων
3132 5239 3343 5308 λόγους,
3384 5237 3552 5308 χωρὶς
3585 5227 3764 5302 συμϐό-

2459 5357 2484 5396 ιι
2528 5356 2702 5412 Exod.
2740 5373 2848 5423 xw,
2890 5356 3116 5426 passim.
3198 5356 3214 5394 ί
3259 5351 3436 5408 Exod.
3477 5365 3614 5416 xxiv,
3651 5361 3760 5418 pas-

1801 5491 2034 5546 VABl/E
2067 5492 2479 5549 LECTIONES.

592 5620 636 5707 *ξ
662 5623 798 5680 Cod.
837 5626 978 5681 Gud.
1031 5627 1281 5707 ᾁγγέλοις
1301 5631 1434 5713 περὶ
1458 5633 1612 5687 Θεόν.
1655 5629 1988 5713 lfnnctisab
2034 5634 2228 5713 aliena_
2256 5642 2311 5688 et
2363 5635 2675 5713 recentiore
2720 5652 2883 5713 manu
2929 5632 3464 5713 positissubscripta
3495 5643 3580 5713 est
3599 5641 3754 5713 gem-gn-

523 5690 675 5836 ilat‘iio
701 5710 894 5836 (fuant
909 5683 1211 5820 exigitis-ssc
1239 5683 1512 5756 mihi'no‘n
1543 5683 2344 5774 ὡπίῑέίἐῗῖῖλνὸέῖπξίιῖιιὶιὲη
2365 5683 2626 5760 ἰιᾷιὲἒῖῐ
2647 5683 3124 5780 agivoluit;-
3135 5683 3576 5780 lg‘iBE-TCBFWH
3596 5703 3622 5756 δ
3658 5698 3752 5754 ﬂ"

557 5779 610 5818 ιι
655 5785 679 5826 ‘-
755 5776 936 5836 ραφης’
1029 5785 1144 5836 γοςι

557 5779 590 5818 ει

595 5765 679 5826 uir,
707 5765 936 5842 Γραφῆς
965 5766 1144 5836 λόγος.

599 5854 710 5924 (46)
750 5854 896 5914 Idem
932 5858 1052 5913 ibid.
1085 5877 1202 5932 cap.
1244 5863 1326 5928 l9,
1358 5878 1412 5932 p.
1448 5863 1570 5931 860,
1605 5871 1738 5920 tom.
1767 5866 1784 5920 Ι
1839 5864 1980 5939 Opp.
2016 5867 2104 5922 ed.
2148 5865 2351 5929 Bened.
