4052 6372
337 444 473 509 1389

1569 461 2089 531 AMBIGUORUM
2130 474 2384 534 LIBER.

3458 477 3594 546 1370

327 556 438 612 λων
464 559 554 612 καὶ
582 561 924 630 αἰνιγμάτων
955 564 1169 635 καὶτῆς
1198 567 1264 620 δι’
1282 562 1587 643 αἰσθήσεως
1615 579 1906 643 ποικιλίας,

2013 590 2166 654 poris
2199 598 2454 656 expertes
2479 588 2807 655 ediscimus;
2844 599 2901 644 et
2929 605 3124 644 rursus
3150 590 3204 646 in
3238 589 3427 647 futuro
3457 593 3599 650 divi-

325 647 537 718 νοητῶς
570 666 627 702 τε
676 652 769 703 καὶ
802 653 1111 722 άσωμάτως
1151 659 1547 727 μανθάνοντες·
1599 669 1694 719 καὶ
1754 668 1910 736 αὖθις

326 740 472 791 κατὰ
503 740 592 792 τὸν
650 740 914 810 μέλλοντα
959 744 1065 797 τῶν
1119 747 1280 800 θείων
1332 744 1685 822 ἀπαγγελιῶν
1735 762 1909 815 αἰῶνα

326 826 665 898 ἑορτάζομεν
693 832 753 883 τὸ
784 834 989 902 πάσχα,
1035 836 1126 889 τὸν
1157 839 1460 910 ἀκρότατον
1504 847 1724 915 ἀμέσως
1765 852 1912 906 ἐσθί-

323 938 479 986 οντες
525 928 621 995 τῆς
668 928 860 996 σοφίας
909 929 1086 998 λόγον,
1145 935 1282 1005 πρὸς
1341 937 1399 990 ὃν
1445 946 1909 1014 μεταποιηθέντες

324 1016 471 1106 κατὰ
494 1017 652 1085 χάριν
682 1017 1106 1094 θεούμεθα,.τὴν
1133 1029 1268 1097 πρὸς
1295 1030 1420 1083 ἄλλο
1448 1036 1634 1106 πάσχα
1657 1038 1908 1094 διάϐασιν

324 1104 448 1158 καθ’
474 1107 648 1161 ὁτιοῦν
685 1109 977 1179 ἄλλην-οὐκ
1005 1113 1241 1183 ἔχοντες,
1269 1117 1410 1189 πλὴν
1433 1122 1515 1175 ὅτι
1550 1104 1642 1177 καὶ
1674 1128 1909 1183 ἐνταῦθα

325 1197 596 1265 παροῦσιν
632 1203 761 1271 ἡμῖν
794 1204 1018 1258 δυνατόν
1046 1208 1160 1261 ἐστι
1196 1211 1330 1282 πρὸς
1356 1212 1453 1283 τὴν
1480 1215 1710 1271 ἑκάστου
1742 1222 1909 1276 κατά-

325 1306 520 1343 στασιν
578 1296 941 1367 εἰκονισθῆναι
1012 1301 1120 1353 τῶν
1201 1305 1510 1374 εἰρημένων
1572 1309 1752 1365 τόπων
1809 1314 1910 1384 τὴν

328 1382 588 1475 ἰδιότητα.
633 1385 690 1438 '0
716 1388 825 1458 γὰρ
866 1391 1095 1475 ἑκάστου
1142 1395 1298 1464 ἡμῶν
1330 1396 1441 1467 βίος
1473 1382 1909 1475 χαρακτηριστιο

324 1473 422 1535 κός
457 1477 573 1527 ἐστι
610 1477 703 1529 τοῦ
753 1481 811 1531 ἐν
860 1470 905 1547 ᾧ
951 1482 1067 1535 ἐστι
1116 1485 1308 1541 τόπου.
1375 1484 1520 1556 Οἷον,
1585 1495 1634 1545 εἰ
1672 1470 1772 1564 μέν
1808 1498 1910 1568 τὴν

324 1562 637 1638 πρακτικήν
692 1570 965 1641 ἀνδρικῶς
1009 1579 1388 1649 μετερχόμεθα
1449 1562 1791 1655 φιλοσοφίαν,
1849 1562 1909 1646 ἐν

252 1684 257 1689 ~
324 1656 591 1728 Αἰγύπτῳ
632 1660 693 1714 τὸ
729 1663 919 1735 πάσχα
956 1667 1138 1731 καλῶς
1172 1672 1555 1744 ἐπιτελοῦμεν,
1606 1680 1744 1747 μετὰ
1800 1680 1910 1735 τῶν

322 1751 644 1818 Αἰγυπτίων
719 1754 818 1824 μὲν
894 1757 1257 1829 ὑπάρχοντες,
1333 1766 1433 1819 οὐκ
1497 1769 1786 1837 Αἰγύπτιοι
1852 1773 1909 1827 δὲ

320 1842 711 1913 τυγχάνοντες,
742 1845 820 1910 ὡς
839 1848 896 1901 ὲν
916 1853 1080 1920 σαρκὶ
1106 1852 1205 1922 μὲν
1232 1854 1406 1920 ὄντες,
1445 1860 1504 1911 οὐ
1554 1861 1696 1915 κατὰ
1728 1865 1909 1930 σάρκα

320 1932 381 1985 δὲ
416 1937 855 2007 στρατευόμενοι.
910 1940 1096 2014 (24.7
1124 1945 1196 2009 b)
1251 1947 1312 1999 Ei
1361 1948 1419 2000 δὲ
1453 1952 1552 2022 τὴν
1584 1954 1819 2025 φυσικὴν
1851 1957 1909 2011 ὲν

322 2025 599 2096 πνεύματι
650 2029 886 2102 θεωρίαν
928 2035 1172 2100 εὐσεϐῶς
1215 2038 1616 2113 ἐξασκούμεθα,
1658 2047 1801 2101 ὅπλα
1833 2049 1910 2118 τῷ

318 2116 446 2186 Θεῷ
502 2118 706 2174 δυνατὰ
760 2122 857 2187 τὰς
893 2125 992 2194 τῆς
1032 2126 1212 2198 ψυχῆς
1262 2132 1578 2203 ποιούμενοι
1625 2116 1907 2206 δυνάμεις,

316 2209 467 2274 πρὸς
500 2207 825 2281 καθαίρεσιν
865 2213 964 2283 μὲν
1002 2216 1379 2287 ὀχυρωμάτων
1409 2223 1503 2275 καὶ
1532 2227 1731 2290 παντὸς
1763 2227 1911 2297 ὑψώ-

320 2313 499 2365 ματος
527 2301 898 2372 ἐπαιρομένου
949 2308 1090 2360 κατά
1133 2311 1232 2379 τῆς
1274 2311 1532 2379 γνώσεως
1591 2318 1686 2370 τοῦ
1746 2320 1907 2387 Θεοῦ,

315 2388 562 2460 θεωρίαν
610 2391 667 2446 δὲ
714 2395 824 2448 τῶν
854 2398 912 2450 ἐν
944 2398 1059 2463 τοῖς
1107 2397 1227 2455 οῦσι
1278 2410 1665 2477 πνευματικῶν
1709 2411 1905 2478 λόγων,

313 2479 515 2552 ὥσπερ
547 2487 744 2573 γυμνοὶ
800 2488 1054 2558 σώματος
1083 2495 1178 2546 καὶ
1216 2495 1316 2566 τῆς
1353 2500 1492 2553 κατὰ
1525 2502 1623 2571 τὴν
1655 2505 1909 2577 αἴσθησιν

313 2571 609 2644 ἁπατηλῆς
656 2580 956 2646 φαντασίας
995 2581 1288 2654 ἐλεύθεροι,
1321 2589 1421 2660 τὴν
1452 2592 1587 2661 πρὸς
1617 2596 1715 2658 τὰς
1758 2571 1909 2660 θείας

316 2666 666 2734 ἐπαγγελίας
689 2673 1008 2737 γνωστικῶς
1041 2676 1357 2747 ποιούμενοι
1380 2684 1626 2753 πορείαν,
1652 2688 1820 2756 ἐσμὲν
1850 2692 1907 2743 ἐν

307 2755 390 2824 τῇ
425 2756 639 2847 ἐρήμῳ,
663 2762 729 2831 τῇ
765 2762 965 2837 παθῶνὶ
988 2764 1152 2833 λέγω,
1196 2768 1289 2822 καὶ
1323 2771 1508 2842 πάσης
1552 2755 1742 2847 ὑλικῆς
1772 2796 1908 2846 φανο

307 2845 518 2911 τασίας
546 2848 932 2925 καθαρευούσῃ
989 2861 1350 2915 καταστάσει.
1394 2863 1457 2916 Εἰ
1494 2864 1551 2918 δὲ
1601 2845 1910 2936 τὴντθεολο-

309 2942 487 3031 γικὴν
547 2936 940 3013 μυσταγωγίαν
974 2946 1236 3021 ἀρρήτοις
1292 2954 1414 3018 νοὸς
1473 2957 1739 3027 κινήμασι
1771 2978 1904 3031 μορ-

310 3030 633 3101 φαζόμεθα,
662 3034 716 3086 τί
746 3035 808 3087 τὸ
836 3036 1040 3102 πλάτος
1070 3041 1165 3094 καὶ
1205 3044 1381 3114 μῆκος
1408 3047 1512 3099 καὶ
1530 3048 1694 3117 βάθος
1721 3054 1816 3105 καὶ
1845 3030 1906 3110 τὸ

314 3124 667 3195 ὑπερϐάλλον
717 3119 973 3200 εἰς’ήμᾶς
1002 3134 1236 3202 μέγεθος
1272 3139 1372 3207 τῆς
1409 3138 1503 3192 τοῦ
1543 3141 1679 3196 Θεοῦ
1711 3145 1906 3213 σοφίας

2012 692 2211 732 narum
2266 679 2752 734 annuntiationum
2807 696 2925 735 mro
2966 682 3169 751 pascha
3223 682 3593 749 celebramus,

2010 768 2143 822 dum
2192 780 2495 826 extremam
2551 773 2769 827 edimus
2801 773 3118 828 immediate
3162 774 3445 843 sapientia:
3475 790 3598 830 ser-

2011 877 2255 927 monem,
2317 865 2384 919 ad
2439 880 2605 935 quem
2664 866 2973 935 regenerati
3020 881 3118 933 per
3164 867 3395 935 gratiam
3431 868 3594 922 deiti-

2010 970 2237 1021 eamur;
2280 971 2383 1009 nec
2430 957 2599 1010 ullum
2648 957 2716 1010 ad
2773 958 3011 1012 alterum
3064 958 3262 1026 pascha
3296 960 3594 1015 transitum

2011 1045 2178 1098 alium
2233 1046 2519 1110 habentes,
2565 1056 2765 1115 praeter
2794 1047 2943 1116 quod
2996 1048 3159 1102 nobis
3205 1049 3374 1103 etiam
3407 1049 3461 1102 in
3490 1049 3594 1105 hac

2008 1139 2121 1193 vita
2158 1140 2225 1193 ad
2272 1140 2705 1210 uniuscujusque
2741 1152 2945 1198 statum
2984 1143 3259 1208 locorum,
3298 1160 3423 1214 quae
3453 1144 3592 1209 dixi,

2010 1230 2324 1299 proprietas
2347 1247 2447 1300 per
2481 1233 2773 1303 imaginem
2805 1234 3191 1302 repraesentari
3224 1244 3426 1304 potest.
3456 1237 3593 1290 Nam

2011 1321 2448 1392 uniuscujusque
2482 1332 2730 1390 nostrum
2776 1323 2889 1377 vita
2934 1326 3055 1393 ejus
3100 1324 3155 1378 in
3197 1342 3308 1394 quo
3339 1311 3631 1381 versatur.

2008 1409 2116 1464 loci
2144 1411 2302 1480 quasi
2346 1412 2644 1481 imaginem
2694 1413 2920 1481 praebet.
2952 1413 3137 1479 Velut,
3182 1414 3227 1468 si
3262 1414 3589 1483 practicam,

2010 1513 2133 1567 quae
2165 1499 2390 1564 dicitur,
2435 1494 2842 1571 philosophiam
2896 1502 3115 1557 fortiter
3164 1513 3484 1569 tractamus,
3533 1504 3593 1558 in

2007 1589 2243 1662 Egypto
2304 1593 2507 1661 pascha
2565 1593 2738 1662 probe
2795 1594 3052 1661 obimus,
3108 1595 3254 1649 inter
3304 1594 3591 1666 {Egyptios

2009 1683 2233 1752 quidem
2267 1693 2574 1750 versantes,
2617 1701 2720 1740 nec
2775 1694 2959 1740 tamen
3004 1686 3242 1758 Egyptii
3280 1688 3406 1755 ipsi,
3442 1696 3506 1742 ut
3535 1687 3593 1741 in

2009 1789 2174 1829 carne
2202 1774 2424 1844 quidem
2452 1786 2764 1841 versantes,
2800 1791 2904 1832 nec
2940 1784 3125 1833 tamen
3159 1779 3461 1833 carnaliter
3489 1777 3593 1831 mi-

2010 1866 2256 1922 litantes.
2308 1866 2366 1922 Si
2396 1883 2529 1921 vero
2562 1869 2874 1923 naturalem
2924 1870 2978 1923 in
3013 1870 3212 1939 spiritu
3251 1869 3591 1939 contempla-

2012 1958 2220 2012 tionem
2263 1944 2351 2028 pie
2380 1974 2726 2023 exercemus,
2758 1975 2910 2014 arma
2941 1961 3055 2014 Deo
3089 1959 3252 2015 fortia
3293 1960 3593 2024 reddentes

2011 2048 2208 2101 animae
2235 2046 2543 2112 facultates,
2577 2049 2646 2102 ad
2670 2051 3032 2119 expugnanda
3063 2050 3316 2119 praesidia
3342 2034 3593 2104 omnem;

2011 2153 2117 2207 que
2159 2138 2533 2217 summitatem
2564 2150 2759 2194 contra
2790 2141 2887 2194 Dei
2919 2141 3291 2219 cognitionem
3321 2150 3588 2205 erectam,

2010 2238 2067 2283 et
2089 2229 2154 2283 ad
2179 2214 2629 2298 contemplandas
2651 2233 2969 2302 spirituales
2990 2234 3045 2289 in
3073 2235 3154 2289 eis
3176 2214 3297 2305 quae
3318 2235 3592 2289 exsistunt

2012 2323 2275 2384 rationes,
2326 2324 2500 2378 veluti
2547 2340 2781 2394 corpore
2832 2325 2968 2380 nudi
3013 2341 3077 2380 ac
3118 2327 3362 2381 sensuali
3400 2326 3594 2397 imagi-

2008 2414 2253 2481 nationis
2292 2415 2484 2470 fraude
2521 2416 2706 2480 liberi,
2751 2416 2819 2471 ad
2873 2416 3087 2472 divinas
3136 2418 3593 2473 annuntiationes

2008 2506 2258 2576 gnostiee
2309 2506 2416 2560 iter
2459 2506 2752 2573 facientes,
2796 2517 2911 2563 tum
2944 2510 2997 2563 in
3030 2509 3501 2573 descrtosumus,
3532 2509 3590 2563 in

2009 2604 2180 2661 statu,
2237 2598 2483 2667 inquam,
2533 2598 2602 2652 ab
2649 2599 2944 2655 affectibus
3000 2610 3057 2655 et
3100 2602 3249 2655 omni
3313 2601 3589 2657 materiali

2008 2686 2249 2741 vanitate
2277 2701 2439 2756 puro.
2470 2685 2526 2741 Si
2557 2674 2798 2757 denique
2826 2689 3186 2760 theologicam
3218 2690 3589 2745 initiationem

2010 2776 2386 2831 itieifabilibus
2407 2777 2610 2831 mentis
2639 2777 2978 2834 motionibus
3000 2764 3302 2843 imitamur,
3338 2795 3588 2850 quaenam

2008 2868 2079 2921 sit
2134 2868 2368 2923 latitudo
2396 2877 2452 2923 et
2482 2869 2771 2939 longitudo
2813 2879 2871 2925 et
2913 2871 3147 2926 altitudo
3180 2881 3237 2927 et
3270 2872 3590 2927 redundans

2008 2960 2063 3013 in
2108 2975 2209 3014 nos
2252 2961 2573 3031 magnitudo
2623 2962 2913 3032 sapientiae
2967 2963 3085 3028 Dei,
3141 2965 3324 3034 quoad
3374 2965 3590 3035 possint

2008 3052 2281 3118 homines,
2332 3052 2480 3107 haud
2516 3053 2855 3123 ignorantes,
2886 3056 2943 3109 in
2975 3063 3122 3111 terra
3149 3073 3340 3112 sumus
3368 3074 3588 3113 annun-

2010 3146 2277 3201 tiationis.
2307 3146 2617 3202 Praeticam
2662 3147 2831 3217 igitur
2870 3158 2930 3202 et
2954 3150 3266 3205 naturalem
3296 3157 3352 3205 et
3383 3150 3593 3205 theolo-

310 3215 467 3269 κατὰ
491 3217 550 3271 τὸ
588 3220 813 3287 ἐφικτὸν
853 3223 1164 3295 ἀνθρώποις
1208 3228 1309 3282 οὐκ
1347 3230 1693 3299 ἀγνοοῦντες,
1738 3238 1906 3307 ἐσμὲν

2010 3239 2184 3309 gieam
2228 3237 2636 3308 philosophiam
2682 3215 2783 3308 per
2828 3239 2995 3294 trium
3030 3256 3393 3310 personarum
3432 3240 3592 3305 diffe-

309 3311 380 3362 ὲν
404 3311 471 3379 τῇ
512 3310 581 3404 γῇ
617 3311 719 3404 τῆς
755 3315 1114 3383 ἐπαγγελίας.
1148 3319 1261 3390 Τὴν
1303 3325 1616 3396 πρακτικὴν
1644 3327 1773 3403 οῦνη
1813 3331 1907 3383 καὶ

309 3401 420 3472 τὴν
456 3401 716 3475 φυσικὴν,
751 3407 848 3459 καὶ
884 3409 983 3479 τὴν
1024 3408 1339 3482 θεολογικὴν
1387 3414 1708 3486 φιλοσοφίαν
1750 3401 1905 3488 οἶμαι

312 3493 409 3559 διὰ
443 3495 541 3565 τῆς
569 3495 888 3585 διαιρέσεως
927 3501 1036 3554 τῶν
1070 3502 1239 3570 τριῶν
1285 3507 1596 3576 προσώπων
1627 3508 1718 3562 τὸν
1760 3511 1904 3565 διδά-

2009 3332 2243 3387 rentiam
2282 3347 2310 3385 a
2337 3331 2598 3403 magistro
2621 3330 2917 3402 signiﬁcari
2946 3334 3087 3411 mihi
3113 3334 3354 3399 videtur,
3387 3333 3591 3404 quibus

2008 3423 2409 3478 convenienter
2441 3440 2543 3493 pro
2567 3439 2665 3477 sua
2690 3424 2925 3494 quisque
2950 3424 3213 3481 facultate
3239 3424 3592 3480 intellectua-

2005 3516 2055 3569 le
2086 3515 2339 3570 comedat
2379 3500 2603 3586 pascha.

315 3589 523 3642 σγ.αλον
582 3594 1055 3664 παραινίττεσθαι,
1107 3598 1177 3651 δι’
1228 3592 1305 3654 ὧν
1357 3602 1638 3672 ἀναλόγως
1706 3606 1937 3672 ἕκαστος
1976 3612 2116 3664 κατὰ
2154 3610 2253 3682 τὴν
2291 3611 2538 3665 ὑποῦσαν
2585 3611 2737 3684 αὐτῷ
2785 3611 3018 3684 δύναμιν
3081 3612 3144 3666 τὺ
3184 3612 3375 3683 νοητὸν
3417 3607 3592 3665 ἐσθίει

313 3681 529 3752 πάσχα.

327 3860 437 3915 Ἐκ
493 3861 601 3917 τοῦ
651 3865 839 3920 αὐτοῦ
882 3870 1094 3936 λόγου,
1132 3871 1219 3936 εἰς
1246 3872 1315 3925 τό
1339 3889 1353 3903 ⁸
1423 3878 1526 3929 (ΕΙ
1566 3875 1680 3947 μέν
1721 3895 1807 3943 τις
1852 3876 1909 3933 εἰ

404 3953 637 4021 Ῥαχὴλ
672 3955 710 4022 ἢ
754 3957 917 4022 Λεία,
967 3961 1141 4028 ψυχὴ
1207 3967 1609 4034 πατριαρχικὴ
1657 3969 1756 4021 καί
1799 3988 1908 4038 με-

391 4045 574 4115 γάλη,
627 4048 727 4100 καὶ
761 4049 835 4102 τὰ
882 4048 1101 4105 εἴδωλα
1137 4053 1375 4122 κλέψον
1417 4056 1566 4123 ἅπερ
1608 4057 1685 4110 ἂν
1722 4060 1906 4127 εὕρῃς

386 4137 503 4192 τοῦ
539 4138 656 4192 σοῦ
684 4140 928 4207 πατρὸς,
971 4143 1083 4211 οὐχ
1136 4144 1236 4197 ἵνα
1280 4145 1583 4217 φυλάξῃς,
1633 4149 1773 4202 ἀλλ’
1804 4150 1906 4204 ἵνα

388 4231 699 4301 ἀφανίσῃς
722 4249 737 4265 ο
777 4234 829 4285 εἰ
866 4231 935 4285 δὲ
970 4234 1350 4304 Ἰσραηλίτης
1376 4239 1587 4307 σοφὸς,
1617 4240 1766 4307 πρὸς
1792 4240 1906 4309 τὴν

389 4321 512 4392 γῆν
553 4322 664 4391 τῆς
686 4323 1047 4393 ἐπαγγελίας
1064 4327 1415 4397 μετένεγκαι
1452 4330 1618 4401 (47).»

403 4432 607 4502 Ῥαχὴλ
669 4434 787 4504 μὲν,
813 4436 889 4499 ὥς
949 4456 1130 4505 φασιν,
1176 4442 1371 4509 ἀμνὰς
1412 4444 1446 4513 ἢ
1498 4446 1907 4512 atoma/rauca

320 4522 718 4591 ἑρμηνεύεται,
773 4527 897 4598 ἡδὲ
948 4529 1098 4593 Λεία,
1137 4533 1484 4601 κοπωβμένη
1545 4536 1576 4604 ἢ
1635 4539 1901 4604 κόπωσις

314 4608 708 4684 ἑρμηνεύεται.
766 4618 1120 4685 Ποιμαίνεται
1164 4618 1257 4675 οὖν
1308 4625 1400 4675 καὶ
1472 4626 1750 4695 ποιμαίνει
1810 4630 1905 4682 καὶ

314 4707 517 4771 ἄγεται
548 4708 642 4760 καὶ
673 4708 792 4777 ἄγει
816 4711 848 4780 ἡ
877 4711 1097 4782 Ῥαχὴλ,
1125 4712 1267 4766 κατὰ
1293 4714 1390 4784 τὴν
1407 4714 1510 4784 τῆς
1532 4719 1904 4789 προσηγορίας

314 4794 573 4864 δύναμιν.
621 4797 821 4868 Ῥαχὴλ
848 4795 942 4852 οὖν
986 4802 1102 4853 ἐστι
1131 4804 1281 4856 πάσα
1308 4803 1453 4875 ψυχὴ
1496 4805 1827 4880 θεωρητικὴ,
1870 4812 1903 4881 ὴ

315 4883 402 4954 τῷ
428 4885 579 4956 νόμῳ
604 4887 699 4940 τοῦ
740 4889 875 4942 Θεοῦ
916 4891 993 4954 ὡς
1034 4892 1212 4962 ἀμνὰς
1266 4899 1658 4970 ποιμαινομένη
1703 4918 1763 4953 τε
1810 4904 1905 4954 καὶ

313 4977 592 5047 ἀγομένη,
659 4980 754 5033 καὶ
781 4980 924 5035 κατὰ
964 4982 1056 5036 τὸν
1093 4985 1258 5054 νόμον
1296 4986 1389 5040 τοῦ
1421 4988 1555 5041 Θεοῦ
1590 4993 1703 5054 τοῖς
1756 4995 1903 5046 κατὰ

316 5066 523 5138 πρᾶξιν
556 5069 781 5139 θεσμοῖς
812 5074 1179 5143 ποιμαίνουσά
1224 5094 1283 5129 τε
1332 5078 1425 5131 καὶ
1472 5078 1681 5147 ἄγουσα
1730 5084 1902 5154 αὐτῆς

314 5159 390 5213 τὰ
418 5161 699 5232 κινήματα
732 5166 827 5216 καὶ
858 5166 926 5219 τά
958 5165 1322 5237 διανοήματα,
1374 5172 1471 5225 καὶ
1514 5173 1582 5226 τά
1627 5174 1773 5244 πάθη
1803 5176 1902 5244 τῆς

317 5250 527 5319 σαρκὸς
573 5251 652 5320 τῷ
712 5253 899 5324 (248
929 5256 992 5323 a)
1046 5256 1255 5328 γονίμῳ
1284 5258 1383 5329 τῆς
1413 5260 1615 5331 ἀρετῆς
1662 5263 1903 5317 ὑποτάσ-

322 5357 496 5394 σουσα
522 5342 684 5405 τέως,
710 5346 802 5396 καὶ
831 5344 1006 5408 οὕτως
1035 5348 1173 5416 μετὰ
1209 5349 1308 5419 τὴν
1350 5351 1430 5413 εἰς
1464 5352 1668 5420 γνῶσιν
1696 5354 1903 5409 εἴσοδον

316 5432 608 5497 παντελῶς
663 5435 1024 5504 ἀφανίζουσα.
1087 5441 1222 5494 Λεία
1276 5442 1333 5495 δέ
1386 5444 1501 5496 ἐστι
1556 5449 1707 5501 πᾶσα
1757 5448 1902 5522 ψυχὴ

319 5523 626 5593 πρακτικὴ,
686 5525 785 5596 τὴν
844 5528 985 5600 ὑπὲρ
1033 5530 1236 5602 άρετῆς
1295 5533 1493 5603 ἔχουσα
1536 5537 1798 5603 κόπωσιν,
1835 5542 1902 5612 ἣν

322 5612 565 5684 μάλιστα
594 5617 819 5689 πρώτην
850 5623 959 5684 πᾶς
989 5639 1071 5685 τις
1103 5623 1203 5693 τὴν
1235 5623 1388 5678 θείαν
1437 5626 1637 5695 μετιὼν
1677 5628 1899 5697 φιλοσο-

424 5743 440 5780 ί
479 5746 617 5802 Gen.
651 5765 795 5814 xm,
824 5751 909 5806 19.
981 5785 987 5791 -

2003 3877 2087 3931 Ex
2120 3874 2300 3928 eodem
2327 3889 2590 3937 sermone,
2620 3874 2675 3926 in
2709 3871 2845 3925 illud
2880 3888 2898 3926 :
2946 3891 2964 3923 ‹
3000 3870 3058 3927 Si
3100 3873 3299 3927 Rachel
3343 3875 3589 3944 quoad“m
3640 3862 3655 3875 ρ

2073 3985 2145 4032 es,
2183 3976 2276 4021 aut
2306 3967 2423 4029 Lia,
2453 3968 2547 4021 hoc
2576 3975 2650 4019 est
2685 3967 3042 4034 patriarchica
3076 3976 3123 4020 et
3153 3984 3350 4039 magna
3382 3969 3585 4037 anima,

2075 4060 2241 4131 patris
2270 4073 2471 4129 quoque
2488 4059 2562 4110 tui
2583 4055 2749 4121 idola,
2775 4059 3392 4129 quwcunqueinveneris,
3413 4060 3589 4113 subri-

2074 4167 2137 4221 με
2173 4151 2237 4213 ί”,
2274 4165 2377 4201 non
2416 4157 2473 4201 ut
2530 4164 2725 4213 serves,
2758 4148 2850 4202 sed
2874 4157 2932 4201 ut
2961 4149 3179 4213 deleas;
3209 4150 3254 4203 si
3295 4158 3470 4204 autem
3499 4166 3590 4204 sa-

2076 4244 2223 4313 piens
2249 4240 2519 4306 Israelita,
2556 4242 2627 4296 ad
2656 4251 2856 4296 terram
2886 4243 3245 4313 promissionis
3280 4245 3533 4310 transler.
3562 4260 3580 4294 ι

2076 4436 2279 4491 Rachel
2317 4424 2567 4505 quidem,
2616 4445 2677 4489 ut
2722 4436 2969 4499 tradunt,
3024 4452 3164 4506 agna
3220 4436 3304 4489 vel
3366 4450 3585 4506 pascens

2003 4546 2119 4583 oves
2168 4529 2497 4597 explicatur,
2545 4528 2698 4581 Liam
2750 4545 2883 4581 vero
2932 4527 3219 4597 fatigatam
3262 4528 3346 4582 vel
3392 4529 3582 4598 fatiga-

2008 4624 2203 4674 tionem
2250 4620 2714 4690 interpretantur.
2766 4620 3017 4674 Pascitur
3071 4621 3238 4690 igitur
3284 4629 3342 4674 ct
3386 4620 3584 4689 pascit,

2007 4721 2065 4766 et
2098 4712 2279 4781 agitur
2323 4702 2380 4766 et
2434 4712 2567 4781 agit,
2622 4712 2850 4777 Rachel,
2898 4712 3203 4767 secundum
3235 4712 3389 4766 vocis
3418 4711 3588 4783 signi-

2004 4803 2340 4859 ﬁcationem.
2378 4788 2586 4859 Rachel
2633 4803 2802 4875 igitur
2856 4814 2942 4859 est
2991 4805 3175 4860 omnis
3222 4805 3406 4859 anima
3451 4820 3588 4860 con-

2002 4897 2342 4968 templativa,
2372 4902 2513 4967 {quae
2564 4898 2682 4969 lege
2719 4898 2817 4953 Dei
2857 4909 3115 4970 tanquam
3152 4917 3290 4970 agna
3339 4908 3494 4970 pasta
3530 4906 3587 4954 et
3676 4964 3684 4972 .

2001 5001 2145 5056 acta,
2196 5000 2253 5046 et
2289 4992 2445 5064 juxta
2496 4993 2672 5064 legem
2728 4993 2821 5047 Dei
2883 4993 3171 5063 pneceptis
3213 4992 3295 5045 eis
3349 5005 3471 5060 quae
3516 4991 3585 5045 ad

2000 5082 2277 5136 actionem
2332 5083 2614 5152 pertinent
2647 5093 2704 5137 et
2731 5083 2909 5152 pascit
2937 5093 2992 5138 et
3021 5084 3133 5154 agit
3157 5082 3433 5137 motiones
3456 5096 3587 5136 suas

2000 5173 2497 5243 cogitationesque,
2543 5183 2710 5243 atque
2754 5176 2937 5230 carnis
2987 5176 3225 5230 affectus
3256 5174 3582 5229 fecunditati

2000 5263 2228 5319 virtutis
2288 5262 2513 5318 interim
2563 5265 2807 5335 subjicit,
2852 5265 3102 5334 adeoque
3152 5276 3443 5335 postquam
3493 5264 3581 5317 in-

2004 5370 2193 5426 gressa
2228 5354 2283 5409 in
2310 5356 2681 5426 cognitionem
2722 5365 2825 5422 est,
2858 5372 3086 5426 prorsus
3126 5357 3449 5427 exstinguit.
3484 5356 3585 5411 Lia

2005 5457 2190 5503 autem
2236 5458 2320 5504 est
2366 5449 2547 5504 omnis
2588 5449 2771 5503 anima
2827 5458 3052 5503 strenua
3104 5464 3207 5518 pro
3255 5449 3463 5502 virtute
3503 5449 3585 5502 la-.
3672 5478 3683 5487 -

2004 5537 2230 5604 borans,
2265 5555 2429 5608 quam
2457 5540 2639 5593 omnis
2685 5539 2920 5594 maxime
2967 5540 3167 5595 divina:
3218 5538 3585 5609 philosophia

2003 5642 2242 5690 sectator
2284 5635 2340 5690 in
2373 5620 2784 5690 matrimonium
2815 5635 2959 5707 apud
2984 5651 3043 5691 se
3076 5635 3303 5705 excipit.
3337 5632 3590 5709 Israelita.

387 5860 508 5934 (47)
536 5863 706 5919 Idem.
738 5865 861 5920 ibid.
887 5883 1005 5937 cap.
1037 5868 1127 5934 21,
1155 5884 1209 5939 p.
1250 5869 1372 5938 86!,
1412 5879 1541 5929 tom.
1573 5874 1591 5928 l
1618 5874 1755 5948 Opp.
1782 5877 1870 5934 ed.
1913 5880 2117 5960 Bened.
