4052 6358
485 377 615 442 1371

1641 379 1701 439 S.
1740 379 2028 438 ΜΑΧΙΜΙ
2067 374 2578 440 CONFESSURIS

3624 378 3741 448 1372

479 497 666 545 autem
706 488 927 559 sapiens
970 496 1058 544 est
1101 502 1259 545 mens
1304 489 1734 561 contemplativa
1761 495 1862 546 αινί
1899 492 2068 562 hujus

2186 491 2309 560 φίαν
2355 490 2612 561 γαμικῶς
2649 489 3029 556 εἰσοίκίζεται.
3087 490 3433 561 Ἰσραηλίτης
3491 489 3545 544 δὲ
3602 496 3738 562 me;

478 583 848 655 cogitationes
895 581 952 636 in
1003 590 1211 637 terram
1257 583 1596 652 cognitionis
1633 582 1978 639 transferens
2009 581 2076 635 ad

475 679 796 749 exemplum
833 677 1018 748 magni
1065 677 1216 731 illius
1256 675 1472 742 Jacobi,
1513 677 1608 746 qui
1657 683 1828 731 totam
1867 674 2077 729 Labani

479 771 851 827 substantiam
901 769 971 825 ad
1032 778 1238 824 terram
1307 778 1529 839 patrum
1581 767 1978 838 transportavit
2031 765 2074 820 i.

478 863 958 930 Quemadmodum
1009 861 1156 917 enim
1194 860 1553 915 admirandus
1587 859 1681 915 ille
1725 859 1987 922 Jacobus,
2018 866 2080 912 ut

481 955 749 1010 traditum
799 963 906 1019 est,
955 954 1139 1024 virgas
1185 952 1556 1008 decorticatas
1598 967 1868 1021 aquarum
1913 966 2080 1005 cana-

481 1046 628 1101 libus
675 1045 868 1117 injeeit
915 1051 972 1099 et
1011 1043 1307 1113 concipere
1354 1042 1424 1097 ad
1474 1059 1570 1098 eas
1626 1041 1760 1096 fecit
1804 1057 1935 1096 oves
1997 1041 2081 1094 bi-

483 1137 680 1191 bentes
721 1136 769 1202 ι,
829 1134 910 1189 sic
943 1135 1125 1188 omnis
1149 1149 1307 1189 mens
1339 1135 1395 1188 in
1426 1133 1627 1203 spiritu
1669 1133 2078 1203 sapientissima

481 1242 704 1296 quoque
769 1226 1014 1280 rationes
1069 1241 1258 1280 rerum
1318 1241 1442 1294 qum
1498 1231 1629 1280 sunt
1678 1224 1986 1279 diviniores
2047 1240 2078 1278 a

482 1318 714 1372 materia
747 1317 1236 1372 circumvestiente
1269 1316 1580 1371 denudatas
1605 1316 1784 1370 modis
1805 1315 2078 1387 cognitio-

479 1409 568 1462 nis
588 1407 1036 1478 contemplativis
1053 1408 1303 1479 subjicit,
1330 1418 1387 1462 et
1414 1407 1850 1478 incorporalium
1870 1416 2074 1462 statum

477 1500 718 1555 formare
756 1515 1035 1570 quemque
1071 1500 1380 1554 discentem
1420 1508 1475 1554 et
1517 1501 1714 1554 animae
1750 1515 1864 1554 suae
1902 1499 2079 1568 ipsius

480 1581 753 1650 motiones
780 1595 998 1650 edocet.
1043 1595 1365 1648 Palriarcha
1395 1594 1581 1662 itaque
1623 1609 1817 1648 eorum
1851 1592 2076 1662 quidem

478 1687 573 1756 qui
614 1702 712 1756 per
751 1686 994 1740 activum
1038 1687 1284 1740 laborem
1321 1685 1513 1741 virtuti
1565 1701 1791 1754 operam
1840 1693 2071 1748 navant,

479 1779 579 1833 Liu
615 1787 721 1843 est,
773 1787 968 1833 contra
1015 1793 1212 1832 eorum
1265 1778 1360 1847 qui
1414 1793 1515 1848 per
1579 1776 1895 1831 naturalem
1946 1791 2078 1830 con-

2181 584 2300 636 ὲστι
2324 582 2449 646 νοῦς
2473 582 2810 654 θεωρητικὸς
2836 581 2906 635 τά
2936 581 3033 635 τοῦ
3063 582 3262 646 αἰῶνος
3295 586 3486 636 τούτου
3521 585 3744 654 νοήματα

2182 675 2318 745 πρὸς
2364 675 2465 746 τὴν
2516 675 2702 746 χώραν
2750 676 2851 742 τῆς
2897 673 3156 742 γνώσεως
3205 675 3583 745 μεταϐιϐάζων
3621 679 3744 732 κατὰ

2180 764 2271 817 τὸν
2303 763 2478 834 μέγαν
2515 765 2724 817 ἐκεῖνον
2761 763 2982 828 Ἰακὼϐ,
3039 763 3133 817 τὸν
3157 765 3338 818 πάντα
3371 764 3436 817 τὰ
3464 763 3559 818 τοῦ
3582 766 3743 820 Λάδαν

2183 856 2321 927 πρὸς
2363 856 2461 926 τὴν
2490 856 2597 924 γῆν
2622 856 2734 908 τῶν
2772 857 3038 926 Πατέρων
3077 855 3548 926 μετακομίσαντα.
3580 857 3744 911 Καθά-

2184 965 2288 1018 περ
2320 947 2430 1018 γὰρ
2463 950 2668 1012 ἐκεῖνος
2693 949 2720 1001 ὁ
2749 948 3068 1018 θαυμαστὸς
3103 946 3303 1001 Ἰακὼό
3334 949 3621 1019 ἰστορικῶς
3664 952 3748 1014 τὰς

2185 1037 2415 1109 ράὁδους
2445 1038 2678 1101 λεπίσας
2707 1039 2801 1092 καὶ
2825 1037 3050 1103 ὑποθεὶς
3079 1041 3200 1102 ταῖς
3221 1039 3403 1110 ληνοῖς
3428 1039 3536 1092 τῶν
3563 1041 3751 1094 ὑδάτων

2182 1132 2319 1199 πρὸς
2366 1129 2534 1193 αὐτὰς
2594 1131 2861 1202 ὲγκισσᾷν
2895 1131 3069 1184 ἐποίει
3111 1132 3179 1184 τὰ
3232 1131 3457 1184 πίνοντα
3501 1133 3751 1202 πρόϐατα,

2180 1223 2324 1277 οὕτω
2354 1223 2450 1276 καὶ
2483 1225 2590 1286 πᾶς
2617 1224 2674 1275 ὲν
2697 1224 2974 1292 πνεύματι
3003 1223 3317 1292 σοφώτατος
3341 1224 3466 1287 νοῦς
3497 1225 3595 1294 τῆς
3623 1241 3754 1294 περιο

2181 1317 2443 1388 κειμένης
2497 1317 2630 1388 ὕλης
2684 1318 2812 1380 τοὺς
2857 1317 2968 1370 τῶν
3014 1317 3187 1371 ὄντων
3218 1317 3529 1389 θειοτέρους
3581 1318 3754 1386 λόγους

2180 1410 2610 1480 ἀπογυμνώσας,
2676 1411 2773 1464 καὶ
2803 1412 2916 1473 τοῖς
2964 1411 3110 1464 κατά
3147 1411 3246 1482 τὴν
3279 1411 3518 1482 θεωρίαν
3546 1412 3754 1481 τρόποις

2177 1503 2276 1572 τῆς
2306 1501 2561 1571 γνώσεως
2587 1501 2945 1573 ὑποθέμενος,
2975 1503 3076 1573 τὴν
3107 1502 3215 1556 τῶν
3248 1503 3561 1571 ἀσωμάτων
3598 1503 3754 1556 κατά-

2181 1613 2372 1649 στασιν
2428 1594 2792 1665 μορφοῦσθαι,
2853 1594 2981 1659 τούς
3024 1613 3084 1647 τε
3134 1595 3512 1665 μανθάνοντας
3569 1596 3758 1660 πάντας

2179 1689 2270 1741 καὶ
2326 1687 2394 1740 τὰ
2441 1687 2543 1757 τῆς
2579 1689 2799 1742 ’ἑαυτοῦ
2865 1689 3047 1758 ψυχῆς
3101 1688 3411 1742 ἐκδιδάσκει
3472 1690 3754 1758 κινήματα.

2179 1779 2538 1851 Πατριάρχης
2565 1776 2660 1832 οὖν
2692 1779 2802 1832 τῶν
2847 1780 2947 1847 μὲν
2983 1779 3072 1834 διὰ
3121 1779 3440 1850 πρακτικῆς
3483 1779 3760 1843 κοπώσεως

482 1873 904 1943 templationcm
941 1873 1292 1928 rationaliter
1317 1873 1579 1926 virtutem
1611 1873 1824 1936 colunt,
1867 1870 2075 1926 Rachel

2186 1871 2274 1942 τὴν
2574 1841 2990 1942 κατορθούντων
3035 1841 3184 1924 ἐστὶν
3214 1874 3247 1942 ἡ
3284 1841 3441 1936 Λεία,
3469 1871 3579 1923 τῶν
3601 1871 3653 1923 δὲ
3682 1841 3760 1924 διά

479 1975 598 2031 est,
645 1975 838 2037 utpote
905 1966 1004 2021 Dei
1060 1967 1181 2037 lege
1230 1967 1562 2022 obedienter
1617 1966 1960 2035 gubernata,
2013 1979 2078 2018 ac

481 2058 684 2112 leniter
711 2057 1015 2112 secundum
1043 2073 1165 2112 eam
1201 2057 1538 2126 gubernans.
1575 2057 1782 2110 Eorum
1818 2070 1950 2109 vero
1980 2054 2076 2124 qui

477 2150 631 2220 juxta
684 2147 1218 2218 contemplationem
1261 2147 1613 2218 spiritualem
1670 2154 1868 2217 petunt
1906 2144 2080 2200 subli-

481 2241 731 2294 unitatem
779 2239 1114 2310 cognitionis
1143 2239 1382 2296 Iacobus
1430 2250 1517 2294 est
1549 2239 1643 2294 ille
1675 2238 1880 2294 eximia
1910 2236 2076 2292 laude

481 2333 888 2405 praedicandus,
935 2332 1042 2387 hoc
1086 2340 1172 2388 est
1220 2348 1413 2387 eorum
1446 2332 1540 2402 qui
1567 2348 1631 2386 ea
1669 2347 1792 2401 qua:
1817 2329 2078 2384 videntur

481 2442 595 2480 non
644 2425 721 2480 ita
774 2433 833 2479 ut
871 2424 1154 2491 videntur,
1189 2424 1288 2480 sed
1317 2432 1380 2478 ut
1425 2425 1732 2481 intellectui
1769 2437 2077 2493 repraasen-

481 2527 672 2573 tantur
710 2518 1018 2589 inspiciunt
1059 2526 1224 2588 atque
1267 2527 1631 2587 cognoscunt,
1668 2529 1746 2573 'et
1797 2531 1924 2572 cum
1980 2530 2078 2569 co-

479 2609 842 2679 gitationibns
874 2609 1004 2663 inde
1039 2608 1300 2678 repetitis
1330 2608 1534 2663 divites
1561 2608 1628 2662 ad
1655 2605 2075 2662 immaterialem

479 2711 540 2757 et
588 2701 993 2772 incorporalem
1033 2701 1412 2773 cognitionem
1461 2709 1776 2754 transeunt.
1925 2701 1930 2704 ’

480 2877 570 2934 Ea:
606 2877 785 2931 eodem
808 2893 1072 2940 sermone,
1116 2877 1171 2930 in
1201 2875 1338 2930 illud
1374 2891 1391 2930 :
1437 2893 1454 2927 ‹
1491 2872 1548 2929 Si
1584 2871 1766 2928 Simon
1792 2872 2074 2946 Cyrenaeus

755 2967 852 3031 sis,
887 2981 1094 3019 crucem
1135 2963 1282 3028 tolle,
1344 2981 1406 3018 ac
1448 2979 1668 3035 sequere
1701 2962 1744 3018 1.
1777 2982 1796 3015 ι

556 3163 747 3220 Simon
779 3163 1002 3232 quidem
1038 3171 1122 3217 est
1162 3162 1480 3224 obedientia.
1525 3160 1821 3232 Cyrenaeus
1862 3170 2071 3228 autem,

2100 2810 2172 2823 -α

2173 1964 2273 2034 τῆς
2313 1967 2552 2035 φυσικῆς
2576 1964 2809 2034 θεωρίας
2841 1963 2940 2034 τὴν
2970 1963 3172 2034 ἀρετὴν
3197 1963 3442 2032 λογικῶς
3482 1963 3762 2034 μετιόντων

2175 2055 2324 2106 ἐστὶν
2353 2056 2386 2124 ἡ
2437 2054 2664 2124 Ῥαχὴλ,
2704 2054 2780 2116 ὡς
2808 2053 3078 2116 εὐπειθῶς
3105 2055 3356 2125 ἀγομένη
3386 2055 3467 2124 τῷ
3504 2055 3651 2125 νόμῳ
3679 2053 3762 2106 τοῦ

2175 2142 2309 2197 Θεοῦ
2340 2144 2435 2196 καὶ
2470 2144 2664 2215 πράως
2709 2143 2832 2198 κατ’
2885 2144 3048 2197 αὐτὸν
3081 2145 3315 2212 ἄγουσα.
3373 2144 3500 2198 Τῶν
3542 2144 3599 2198 δὲ
3634 2147 3764 2198 κατά

2177 2237 2414 2308 θεωρίαν
2456 2237 2839 2307 πνευματικὴν
2884 2237 2946 2290 τὸ
2998 2236 3132 2306 ὕψος
3181 2238 3636 2308 μεταδιωκόντων
3678 2239 3766 2308 τῆς

2185 2327 2460 2398 γνώσεως,
2525 2327 2722 2381 Ἰακὼϐ
2750 2329 2779 2380 ὁ
2825 2328 3206 2399 πανεύφημος,
3237 2329 3345 2382 τῶν
3380 2328 3458 2398 μὴ
3491 2329 3562 2382 τὰ
3597 2329 3767 2397 φαινό-

2189 2435 2324 2488 μενα
2389 2415 2575 2480 καθὼς
2647 2417 2930 2485 φαίνονται
3005 2418 3308 2485 παντελῶς,
3383 2418 3528 2472 ἀλλά
3599 2419 3767 2483 καθὼς

2137 2553 2143 2560 .
2183 2509 2452 2575 νοοῦνται,
2481 2508 2772 2579 θεωμένων
2809 2525 2869 2561 τε
2913 2509 3008 2564 καὶ
3047 2509 3453 2578 γινωσκόντων,
3503 2511 3598 2562 καὶ
3644 2509 3766 2578 μετά

2183 2601 2291 2655 τῶν
2316 2603 2376 2654 ὲν
2413 2601 2627 2666 τούτοις
2653 2602 2942 2671 νοημάτων
2990 2602 3265 2664 πλουσίως
3303 2603 3445 2674 πρὸς
3483 2602 3584 2673 τὴν
3621 2601 3765 2656 άῦλον

2184 2693 2280 2748 καὶ
2313 2692 2606 2763 ἀσώματον
2640 2691 3162 2764 μεταδιὸαζομένων
3193 2693 3418 2762 γνῶσιν.

2185 2874 2287 2928 Ἐκ
2339 2872 2447 2926 τοῦ
2496 2869 2684 2925 αὐτοῦ
2737 2870 2945 2939 λόγου,
2995 2870 3083 2934 εἷς
3129 2869 3232 2922 τόο
3270 2869 3412 2922 «Ἂν
3437 2868 3638 2936 Σίμων
3701 2861 3765 2936 ᾖς

2243 2964 2599 3033 Κυρηναῖος,
2657 2963 2765 3017 τὸν
2827 2964 3099 3030 σταυρὸν
3153 2954 3301 3030 ἆρον
3355 2961 3457 3014 καὶ
3521 2961 3764 3015 ἀκολού-

2253 3063 2448 3126 θησον
2474 3057 2606 3127 (48).
2642 3075 2659 3107 ι

2251 3168 2434 3236 Σίμων
2468 3167 2564 3236 μὲν
2598 3163 2859 3232 ὑπακοὴ,
2882 3165 3193 3235 Κυρηναῖος
3241 3163 3298 3216 δὲ
3327 3163 3669 3232 ἑτοιμότης,
3705 3159 3767 3225 ὥς

486 3266 548 3312 ut
595 3257 840 3320 tradunt,
874 3256 1184 3325 explicatur
1217 3267 1440 3326 paratus
1485 3257 1716 3309 animus.
1746 3255 2076 3326 Quicunque

2186 3277 2364 3327 φασιν,
2393 3256 2781 3328 ἑρμηνεύεται.
2819 3254 3021 3327 (248
3045 3255 3106 3325 b)
3139 3257 3252 3319 Πᾶς
3275 3256 3369 3309 οὖν
3393 3256 3622 3326 ἕτοιμος
3647 3259 3768 3326 πρὸς

486 3349 660 3421 igitur
704 3348 771 3402 ad
803 3347 1180 3402 obediendum
1208 3347 1512 3416 Evangelio
1551 3356 1800 3416 paratus,
1840 3348 2081 3403 terrenis

487 3439 837 3495 mortificatis
873 3439 1140 3494 membris
1183 3454 1281 3508 per
1334 3439 1636 3507 practicam
1662 3439 2075 3509 philosophiam

486 3547 590 3602 pro
612 3532 814 3585 virtute
839 3531 1099 3586 lubenter
1118 3531 1270 3586 subit
1286 3531 1655 3596 vexationem,
1679 3531 1868 3587 Simon
1895 3531 2077 3586 factus

487 3634 573 3678 cst
615 3623 932 3696 Cyrenaeus,
979 3624 1348 3679 voluntariam
1405 3633 1628 3680 sectans
1683 3624 1970 3693 virtutem,
2023 3625 2079 3678 in

488 3715 739 3770 humeris
766 3716 897 3770 dum
950 3715 1058 3773 fert
1104 3732 1327 3772 crucem
1369 3727 1426 3772 et
1475 3715 1758 3772 Christum
1807 3717 2080 3788 sequitur,

490 3807 974 3863 conversationem
1051 3809 1177 3863 vita:
1231 3809 1345 3864 Deo
1408 3809 1800 3864 convenientis
1864 3817 2082 3863 terrena

489 3915 720 3970 prorsus
772 3909 1087 3955 aversatam
1131 3900 1456 3956 ostendens.

490 4071 577 4128 Ex
615 4071 792 4124 eodem
843 4086 1104 4134 sermone,
1154 4072 1210 4124 in
1263 4069 1400 4123 illud
1435 4088 1452 4124 :
1495 4089 1512 4120 ι
1544 4069 1603 4124 Si
1637 4077 1694 4123 ut
1741 4069 1882 4122 latro
1936 4075 2081 4127 cruci

526 4160 688 4216 simul
709 4160 907 4231 afﬁxus
933 4160 1114 4229 fueris,
1140 4170 1196 4214 ut
1223 4160 1301 4214 vir
1326 4160 1541 4231 probus,
1567 4159 1729 4213 Deum
1753 4176 1993 4230 agnosce.
2021 4181 2039 4212 ι

565 4364 730 4419 Latro
783 4364 992 4434 probus
1039 4377 1164 4417 cum
1211 4362 1435 4418 Christo
1483 4363 1648 4418 simul
1699 4362 1850 4418 cruci
1892 4362 2084 4419 aﬂixus

2181 3343 2431 3420 ὑπακοὴν
2465 3349 2559 3402 τοῦ
2593 3347 2956 3416 Εύαγγελίου,
2997 3347 3092 3400 καὶ
3124 3345 3423 3417 προθύμως
3449 3347 3544 3399 διὰ
3577 3343 3769 3417 νεκρώο

2177 3458 2315 3503 σεως
2337 3440 2444 3492 τῶν
2475 3439 2568 3492 ἐπὶ
2598 3438 2702 3508 γῆς
2747 3437 2931 3506 μελῶν
2959 3439 3060 3508 τὴν
3092 3438 3232 3508 ὑπὲρ
3260 3437 3464 3509 ἀρετῆς
3500 3438 3644 3492 κατά
3682 3437 3768 3506 τὴν

2179 3531 2494 3602 πρακτικὴν
2527 3530 2850 3600 φιλοσοφίαν
2891 3530 3266 3601 ὑπερχόμενος
3293 3529 3570 3594 κάκωσιν,
3599 3528 3768 3599 Σίμων

2182 3628 2376 3692 γέγονε
2412 3625 2743 3694 Κυρηναῖος,
2791 3620 3041 3675 ἑκούσιον
3095 3621 3501 3692 μετερχόμενος
3559 3619 3767 3690 ἀρετὴν,

2182 3717 2269 3770 ἐπ’
2300 3715 2466 3786 ὤμων
2500 3732 2559 3768 τε
2600 3715 2692 3768 τὸν
2743 3713 2980 3784 σταυρὸν
3011 3713 3151 3785 ἔχων
3201 3715 3294 3767 καὶ
3335 3712 3653 3767 ἀκολουθῶν
3699 3711 3768 3781 τῷ

2181 3808 2402 3879 Χριστῷ
2448 3806 2861 3878 ἀνεσταλμένην
2907 3806 3190 3868 παντελῶς
3227 3806 3328 3876 τῆς
3370 3806 3474 3875 γῆς
3515 3804 3612 3859 τοῦ
3643 3803 3770 3857 κατά

2183 3900 2317 3954 Θεὸν
2357 3900 2472 3971 βίου
2505 3899 2608 3971 τὴν
2628 3899 2854 3970 ἀγωγὴν
2884 3897 3358 3968 ἐπιδεικνύμενος.

2202 4079 2296 4131 Ἐκ
2351 4076 2457 4130 τοῦ
2497 4076 2685 4131 αὐτοῦ
2737 4077 2948 4144 λόγου,
2998 4079 3086 4140 εἰς
3128 4077 3196 4129 τό
3221 4092 3234 4106 ο
3271 4093 3288 4125 ι
3314 4073 3457 4128 Ἐὰν
3511 4089 3769 4130 ductav-

2254 4170 2452 4238 ρωθῇς
2502 4171 2583 4235 ὡς
2640 4169 2900 4236 λῃστὴς,
2954 4169 3036 4234 ὡς
3090 4167 3413 4237 εὐγνώμων
3468 4167 3583 4221 τὸν
3634 4166 3770 4221 Θεὸν

2259 4256 2555 4324 γνώρισον
2577 4257 2705 4326 (49).
2742 4275 2760 4307 ι
3583 4269 3586 4272 ·

2272 4370 2495 4439 Λῃστής
2526 4369 2675 4422 ἐστιν
2715 4368 3015 4438 εὐγνώμων
3042 4368 3519 4440 συσταυρούμενος
3545 4369 3621 4441 τῷ
3650 4371 3770 4440 Χρι-

493 4457 676 4511 omnis
709 4464 794 4510 est
838 4456 1006 4510 homo
1045 4455 1140 4525 qui
1191 4472 1292 4526 pro
1320 4455 1562 4525 peccatis
1597 4457 1739 4511 male
1787 4455 1995 4526 patitur
2030 4465 2081 4509 ul

2195 4460 2304 4531 στῷ
2341 4463 2448 4518 πᾶς
2488 4461 2780 4532 ἄνθρωπος
2811 4462 2954 4531 ὑπὲρ
3001 4461 3292 4532 ἁμαρτιῶν
3331 4463 3563 4532 πάσχων
3599 4460 3771 4524 κακῶς

495 4547 792 4610 obnoxius,
843 4546 1006 4600 simul
1036 4545 1177 4599 male
1206 4545 1423 4615 patiens
1458 4561 1584 4600 cum
1617 4545 1884 4600 Sermone
1918 4545 2092 4614 ipsius

496 4639 670 4708 gratia
708 4639 931 4694 innoxie
980 4639 1123 4693 male
1169 4638 1440 4708 patiente,
1465 4648 1522 4694 et
1554 4655 1679 4693 cum
1717 4647 1876 4710 grata
1923 4640 2094 4694 bene-

498 4726 607 4781 Iieii
639 4729 1024 4782 recordatione
1054 4728 1260 4792 ferens,
1284 4730 1532 4799 justique
1547 4729 1748 4800 judicii
1782 4731 2089 4784 secundum

499 4818 908 4889 providentiam
937 4835 1125 4874 recum
1166 4836 1286 4877 esse
1312 4820 1636 4875 Sermonem
1665 4837 1994 4891 agnoscens,
2036 4833 2093 4877 et

497 4913 720 4980 culpam
772 4927 938 4981 quam
991 4912 1135 4966 male
1197 4911 1461 4982 patiendo
1518 4911 1624 4966 luit
1669 4911 1964 4974 conﬁtens,
2025 4929 2090 4968 ac

500 5021 735 5074 prccans
755 5015 815 5060 nt
835 5005 1034 5061 Sermo
1055 5004 1525 5075 quemadmodum
1553 5004 1809 5074 quamvis
1831 5005 2091 5060 innoxius

501 5099 816 5167 passionem
860 5115 1018 5154 suam
1061 5098 1514 5162 communicarit,
1563 5098 1638 5151 ita
1686 5098 1792 5152 sibi
1841 5099 2094 5168 quamvis

502 5191 731 5262 indigno
784 5208 884 5262 per
937 5174 1299 5262 semetipsum
1325 5190 1460 5244 velit
1510 5187 1772 5260 gaudium
1825 5205 1986 5244 suum
2040 5196 2097 5242 et

506 5283 940 5338 oblectationem
969 5283 1408 5346 communicare,
1437 5293 1494 5337 et
1521 5282 2005 5338 mortiﬁcationem
2030 5301 2096 5340 ex

505 5375 917 5429 circumstantia
932 5375 986 5428 in
1001 5375 1372 5428 voluntariam
1393 5375 1566 5444 ipsius
1578 5374 1840 5429 virtutem
1863 5375 2097 5447 benigne

507 5477 894 5531 aunumcrare,
927 5463 1151 5535 quando
1182 5464 1466 5519 Sermonis
1519 5464 1911 5530 velaminibus,
1973 5483 2095 5540 qua:

1264 5599 1289 5637 ι
1328 5599 1460 5654 ibid.

508 5809 547 5864 Β
581 5736 694 5862 (ξξᾶ
723 5735 870 5792 Idem
903 5739 1050 5805 ibid,
1083 5756 1203 5809 cap.
1228 5741 1318 5805 25,
1354 5758 1405 5811 p.
1437 5742 1560 5805 864,
1594 5751 1724 5796 tom.
1760 5742 1942 5813 lOpp.
1999 5740 2086 5795 ed.

551 5824 602 5864 el
704 5845 716 5858 .

551 5824 693 5866 enea
704 5845 716 5858 .

585 5594 606 5645 i'
635 5594 773 5652 Gen.
802 5612 927 5661 xxx,
959 5598 1183 5667 passim.

1544 5596 1560 5636 ι
1599 5599 1790 5654 Matth.
1826 5618 1990 5666 xxvn,
2025 5602 2113 5656 '59..

2191 4549 2266 4612 ὡς
2314 4549 2638 4612 ὑπεύθυνος,
2699 4547 2779 4618 τῷ
2831 4548 3144 4612 ἀνευθύνως
3201 4549 3269 4602 δι’
3321 4550 3484 4603 αὑτὸν
3535 4565 3771 4604 κακοπα-

2192 4641 2374 4695 θοῦντι
2417 4641 2564 4711 λόγῳ
2603 4639 3046 4709 συγκακοπαθῶν
3093 4640 3186 4694 καὶ
3224 4640 3406 4712 φέρων
3452 4643 3574 4711 μετ’
3620 4641 3771 4710 εύχα-

2195 4733 2426 4802 ριστίας,
2452 4733 2546 4786 καὶ
2579 4731 2669 4785 τὸν
2697 4732 2840 4785 κατὰ
2874 4731 3132 4806 πρόνοιαν
3165 4731 3264 4801 τῆς
3301 4731 3516 4795 δικαίας
3549 4732 3770 4802 κρίσεως

2193 4825 2366 4893 Λόγον
2395 4824 2625 4878 συνόντα
2652 4823 2955 4895 γνωρίζων,
2981 4823 3076 4876 καί¹
3097 4821 3377 4892 ὁμολογῶν
3409 4822 3508 4892 τὴν
3533 4823 3672 4891 ὑπὲρ
3693 4815 3779 4895 div;

2201 4917 2398 4986 πάσχει
2447 4916 2632 4978 κακῶς
2668 4916 2870 4978 αἰτίαν,
2916 4915 3012 4968 καὶ
3052 4915 3222 4968 αἰτῶν
3267 4913 3457 4983 ῶσπερ
3502 4914 3649 4984 αύτῷ
3685 4912 3766 4964 τοῦ

2200 5009 2406 5073 πάθους
2431 5007 2789 5077 ἐκοινώνησεν
2829 5004 3122 5069 ἀνεύθυνος
3150 5005 3225 5059 ὢν
3267 5007 3296 5058 ὁ
3337 5005 3515 5074 λόγος,
3545 5004 3686 5058 οὕτω
3709 5001 3768 5055 δι’

2202 5101 2395 5154 ἑαυτὸν
2449 5099 2539 5152 τὸν
2585 5100 2742 5166 λόγον
2796 5099 2898 5164 τῆς
2951 5099 3159 5161 οἰκείας
3227 5098 3523 5162 εὐπαθείας
3580 5095 3766 5163 ἀναξίῳ

2201 5190 2526 5260 τυγχάνοντι
2589 5187 2934 5260 μεταδοῦναι,
2981 5189 3077 5240 καὶ
3124 5189 3223 5258 τὴν
3273 5191 3338 5240 ὲκ
3409 5188 3767 5259 περιστάσεως

2204 5284 2473 5354 νέκρωσιν
2507 5284 2589 5346 εἰς
2627 5282 2879 5336 ἑκούσιον
2907 5280 3075 5333 αὑτοῦ
3103 5282 3304 5352 ἀρετὴν
3339 5280 3426 5334 διά
3455 5281 3553 5350 τὴν
3580 5280 3767 5346 εὐγνω-

2208 5375 2446 5446 μοσύνην
2470 5375 2812 5444 λογίσασθαι,
2837 5375 2999 5446 ἡνίκα
3021 5375 3119 5442 τῆς
3143 5375 3399 5445 προνοίας
3425 5373 3492 5426 τὰ
3520 5371 3657 5441 σοφὰ
3683 5368 3764 5423 τοῦ

2187 5468 2365 5538 Λόγου
2442 5467 2886 5540 προκαλύμματα
2953 5467 3128 5537 πέρας
3175 5466 3406 5520 λαϐόντα
3467 5464 3567 5534 τῆς
3616 5461 3764 5518 αύτοῦ

2209 5740 2390 5866 "fimi
2414 5742 2563 5794 Idem
2600 5741 2746 5805 ibid.,
2780 5754 2902 5808 cap.
2928 5735 3018 5799 ‘24,
3050 5752 3102 5804 p.
3132 5735 3254 5798 8615,
3285 5742 3417 5787 tom.
3444 5734 3483 5786 1.
3525 5729 3654 5798 Opp.
3681 5725 3756 5780 ed.

2267 5829 2372 5866 ‘ltCt
2401 5850 2414 5864 .

2267 5829 2414 5866 .‘llCtl.
