4052 6354
248 440 272 505 1
284 440 391 505 373

1441 508 1446 513 ,
1490 433 2008 495 AMBIGUORUM
2048 432 2303 492 LIBER.

3377 414 3520 484 1374

249 549 534 621 βασιλείας
568 548 630 605 τδ
666 547 780 618 φῶς
816 548 958 618 φανῇ
990 545 1052 599 τὸ
1085 545 1405 617 ἀπρόσιτον.
1464 544 1623 599 Οὕτω
1681 563 1835 617 περι-

1953 567 2219 637 tapienter
2250 565 2509 621 induerat
2540 561 2911 636 providentia,
2945 559 3183 630 demptis
3213 557 3368 628 regni
3400 557 3519 637 ejus

250 643 472 698 ίσταται
508 639 660 712 αὐτῷ
701 640 966 708 πάσχοντι
999 638 1064 691 δι’
1088 637 1367 708 ἁμαρτίας
1402 638 1437 708 ή
1479 638 1544 690 ἐκ
1575 636 1836 707 περιστά-

250 752 395 798 σεως
422 734 532 789 τῶν
573 732 752 805 μελῶν
777 730 873 785 τοῦ
907 729 1163 801 σώματος
1204 729 1493 801 νέκρωσις,
1534 729 1601 783 δι’
1628 727 1836 797 εὐγνώ-

251 846 420 899 μονος
473 827 830 898 εὐχαριστίας
876 826 959 887 είς
1024 823 1348 894 αὐθαίρετον
1414 822 1617 895 ἀρετὴν
1668 838 1836 892 μετα-

247 920 553 987 πίπτουσα,
576 919 700 973 καθ’
732 918 799 989 ήν
840 917 950 970 τῶν
982 915 1107 971 καθ’
1150 915 1427 987 ἁμαρτίαν
1462 914 1675 969 πολλῶν
1701 916 1840 968 ἁπο-

245 1013 511 1084 λυόμενος
585 1011 920 1081 ὀφλημάτων
1002 1007 1142 1078 μετά
1210 1005 1305 1060 τοῦ
1385 1005 1548 1076 λόγου
1612 1005 1838 1068 δικαίως

246 1110 478 1161 εἴσεισιν
538 1108 620 1169 είς
662 1105 761 1176 τὴν
800 1104 985 1175 χώραν
1018 1104 1118 1174 τῆς
1160 1101 1434 1171 γνώσεως,
1471 1101 1614 1171 φημὶ
1651 1100 1710 1154 δὲ
1746 1099 1838 1152 τὸν

249 1201 609 1272 παράδεισον,
651 1201 709 1252 ὲν
802 1197 1096 1268 γενόμενος
1124 1195 1394 1264 γνώσεται
1416 1193 1515 1264 τὴν
1539 1191 1721 1247 αἰτίαν
1740 1193 1839 1262 τῆς

249 1293 314 1346 ὲν
424 1292 802 1362 καθείργμεθα
830 1290 926 1346 νῦν
959 1289 1266 1359 καταδίκης
1310 1288 1405 1342 καί¹
1443 1284 1836 1348 κακοπαθείας.

250 1384 473 1457 Λῃστής
519 1383 578 1438 δὲ
628 1381 903 1453 ἀγνώμων
946 1382 1098 1437 ἐστὶν
1136 1382 1164 1435 6
1194 1380 1263 1433 δι’
1296 1378 1571 1450 ἁμαρτίας
1611 1379 1839 1446 πάσχων

250 1477 443 1540 κακῶς
472 1477 547 1540 ώς
574 1475 898 1538 ὑπεύθυνος,
930 1475 1022 1528 καὶ
1058 1472 1132 1543 μὴ
1165 1472 1446 1542 γνωρίζων
1469 1469 1558 1523 διὰ
1574 1467 1762 1540 (24.9
1782 1467 1837 1532 a)

250 1568 707 1640 φιλαπεχθήμονα
732 1570 959 1637 γνώμην
997 1565 1088 1619 τὸν
1118 1563 1425 1626 ἀνευθύνως
1465 1562 1604 1632 ὑπὲρ
1655 1559 1842 1629 φιλαν-

251 1662 506 1735 θρωπίας
537 1660 687 1733 αὐτῷ
723 1660 1117 1731 συμπάσχοντα
1151 1660 1249 1729 τῆς
1290 1642 1638 1723 δικαιοσύνης
1663 1651 1838 1720 λόγον,

250 1755 391 1808 ἀλλά
425 1753 767 1824 βλασφήμως
796 1751 1259 1821 ἀποπεμπόμενος
1289 1746 1381 1801 τὸν
1411 1746 1498 1799 ἐπ’
1527 1744 1679 1814 αὐτῷ
1701 1742 1843 1797 κατά

1935 657 2031 712 lux
2092 658 2372 712 inaccessa
2431 653 2772 727 apparuerit.
2838 653 2930 709 Sic
2993 652 3320 707 circumstat
3388 661 3517 701 eum

1936 751 2148 821 peccati
2202 766 2370 807 causa
2416 751 2721 822 patientem
2755 746 3006 818 corporis
3040 744 3418 800 membrorum
3448 738 3520 796 dc

1936 843 2352 898 circumstantia
2394 839 2772 905 mortiﬁcatio,
2817 853 2940 909 qua:
2977 852 3079 907 per
3132 834 3349 890 ﬁdelem
3392 846 3521 903 gra-

1938 944 2163 1004 tamque
2221 933 2475 989 benelicii
2526 930 2971 987 recordationem
3026 928 3085 982 in
3151 924 3522 981 voluntariam

1938 1033 2188 1079 mutatur
2226 1024 2509 1085 virtutem,
2562 1036 2685 1092 qua:
2717 1019 2920 1075 debitis
2962 1016 3175 1088 peccati
3219 1013 3410 1068 multis
3435 1025 3526 1066 so-

1937 1114 2089 1168 lutus
2125 1113 2180 1167 in
2228 1112 2509 1182 regionem
2544 1107 2882 1180 cognitionis
2923 1120 3050 1160 cum
3099 1103 3369 1158 Sermone
3396 1099 3523 1168 jure

1939 1204 2128 1268 intrat,
2162 1203 2270 1257 hoc
2297 1210 2384 1257 est
2428 1201 2485 1255 in
2515 1200 2855 1270 paradisum,
2901 1196 2998 1250 ubi
3055 1192 3264 1248 certior
3318 1189 3414 1244 ﬁet
3454 1186 3525 1243 de

1939 1308 2105 1349 causa
2156 1300 2360 1347 nostrae
2393 1289 2768 1346 damnationis
2811 1295 2975 1367 atque
3015 1282 3273 1344 miseriae,
3319 1276 3525 1348 quibus

1941 1399 2091 1437 nunc
2147 1391 2407 1451 tanquam
2445 1381 2500 1435 in
2544 1392 2767 1434 carcere
2816 1374 3165 1431 cohibemur.
3216 1369 3383 1425 Latro
3418 1367 3524 1420 im-

1941 1475 2149 1545 probus
2222 1481 2416 1529 contra
2473 1479 2560 1527 est
2610 1470 2705 1540 qui
2772 1465 2983 1538 peccati
3039 1477 3204 1519 causa
3256 1457 3528 1515 obnoxius

1942 1566 2176 1637 patitur,
2224 1565 2433 1635 quique
2491 1571 2718 1633 propter
2774 1557 3078 1614 voluntatis
3132 1549 3526 1623 malignitatem

1935 1656 2163 1728 justitiaa
2184 1670 2495 1711 sermonem
2514 1669 2624 1708 non
2643 1650 2892 1722 agnoscit
2913 1664 3023 1704 una
3043 1660 3168 1702 cum
3193 1658 3272 1706 se,
3294 1640 3389 1696 sed
3406 1638 3528 1694 sine

1943 1749 2126 1818 culpa,
2144 1747 2443 1818 patientem
2468 1761 2569 1816 pro
2590 1743 2931 1814 benignitate
2958 1753 3080 1802 sua,
3102 1738 3212 1792 imo
3237 1748 3363 1789 cum
3389 1744 3525 1786 con-

252 1821 518 1919 πρόνοιαν
552 1821 782 1909 δικαίως
823 1844 1113 1915 ὁρισθέντα
1143 1843 1244 1912 τῆς
1287 1841 1521 1910 κρίσεως
1561 1838 1744 1907 λόγον,
1783 1835 1844 1898 ὃς

1953 1841 2088 1919 vicio
2117 1839 2373 1910 repudiat
2395 1837 2590 1909 judicii
2617 1848 2927 1891 sermonem
2956 1830 3157 1886 merito
3178 1826 3231 1882 ei
3257 1825 3325 1880 de
3345 1821 3531 1894 provi-

251 1908 445 2007 ἐπειδὴ
477 1937 552 2006 μὴ
594 1908 868 2004 ἐγνώρισε.
887 1933 978 1987 τὸν
1003 1908 1215 2002 ἀτίμως
1239 1908 1387 2000 αὐτῷ
1415 1929 1555 1983 κατὰ
1584 1926 1841 1998 βούλησιν

1953 1916 2134 1987 tientia
2151 1908 2444 1987 deﬁnitum
2471 1947 2484 1983 :
2511 1928 2756 1998 quicum
2781 1926 3104 1981 Sermonem
3131 1913 3529 1976 contumeliose

251 2025 835 2096 συγκαταδικασθέντα
891 2024 1051 2093 λόγον
1104 2022 1200 2076 καὶ
1249 2022 1491 2093 ᾐτήσατο
1551 2018 1712 2089 χάριν
1762 2010 1838 2070 ὧν

247 2118 706 2189 ἐπλημμέλησεν,
759 2117 980 2185 ἀφίεται
1035 2115 1138 2186 τῆς
1202 2112 1478 2185 βασιλείας
1535 2109 1837 2179 ἀλλότριος,

248 2211 514 2282 οὐδεμίαν
541 2211 635 2266 τοῦ
656 2227 788 2264 ποτε
818 2209 1025 2283 ταύτης
1051 2209 1338 2274 τεύξεσθαι
1380 2206 1531 2281 παρά
1554 2205 1649 2260 τοῦ
1677 2204 1837 2271 λόγου

246 2301 437 2357 λαόὼν
459 2303 787 2373 ὲπάγγελον.
912 2308 913 2311 “

613 2481 804 2534 Ἀλλο
834 2480 920 2544 εὶς
947 2476 1013 2531 τὸ
1034 2476 1181 2531 αὐτὸ
1206 2474 1495 2546 θεώρημα.

326 2594 443 2649 Καὶ
468 2590 631 2651 πάλιν
653 2590 861 2663 λῃστής
896 2592 1044 2643 ἐστιν
1078 2587 1379 2659 εὐγνώμων
1409 2590 1439 2642 6
1462 2587 1567 2642 κᾶν
1605 2589 1692 2642 ἐπ’
1715 2589 1849 2643 αὐτὸ

246 2682 318 2740 τὺ
339 2683 515 2755 πέρας
543 2682 642 2752 τῆς
676 2678 961 2750 παρούσης
1001 2675 1148 2748 αὐτῷ
1177 2677 1468 2747 γενόμενος
1502 2678 1650 2747 ζωῆς
1681 2675 1849 2729 ἐλθὼν

251 2778 341 2841 εἰς
393 2772 748 2844 συναίσθησιν
814 2769 926 2824 τῶν
972 2767 1481 2840 πλημμεληθέντων
1528 2766 1699 2839 αὐτῷ,
1753 2768 1848 2821 καὶ

250 2866 545 2941 γνωρίζων
598 2862 738 2936 μετά
796 2861 1067 2925 συνέσεως
1128 2860 1220 2914 τὸν
1270 2860 1357 2913 ἐπ’
1408 2858 1559 2931 αὐτῷ
1618 2857 1845 2922 δικαίως

249 2959 567 3034 ὡρισμένον
586 2954 826 3011 ἐνταῦθα
854 2955 953 3026 τῆς
975 2953 1128 3017 θείας
1158 2952 1398 3024 κρίσεως
1424 2951 1846 3022 συντελούμενον

249 3051 414 3122 αὐτῷ
443 3050 623 3120 λόγον,
681 3048 779 3102 καὶ
819 3046 989 3100 αἰτῶν
1040 3044 1373 3117 συγγνώμην
1419 3044 1729 3115 εἰλικρινῶς
1775 3045 1843 3098 ὲκ

253 3143 464 3214 βάθους
511 3138 692 3211 ψυχῆς
721 3133 797 3193 ὧν
842 3138 1113 3208 ἥμαρτεν.
1189 3134 1487 3207 Ἀγνώμων
1539 3136 1597 3190 δὲ
1638 3136 1847 3208 λῃστής

1867 2416 1934 2435 -

1955 2041 2163 2089 secum,
2190 2033 2362 2080 etsua
2387 2022 2563 2093 ipsius
2591 2028 2809 2091 sponte,
2839 2016 3264 2072 condemnatum
3298 2021 3413 2063 non
3437 2019 3532 2060 co-

1945 2124 2168 2189 gnosset
2188 2131 2291 2171 nec
2315 2115 2641 2171 delictorum
2661 2124 2889 2168 suorum
2909 2108 3129 2163 veniam
3155 2099 3477 2173 rogavisset,
3496 2110 3531 2150 e

1946 2224 2118 2280 regno
2152 2207 2395 2279 ejicitur,
2431 2214 2492 2260 ut
2513 2205 2747 2267 alienus,
2771 2202 2980 2256 nullam
3005 2209 3247 2266 unquam
3267 2207 3327 2246 se
3343 2188 3535 2244 civita-

1948 2309 2057 2357 tem
2070 2302 2191 2373 ejus
2207 2308 2559 2370 recepturum
2575 2311 2697 2353 esse
2714 2295 2897 2349 laetum
2913 2297 3239 2358 accepturus
3251 2280 3532 2338 nuntium.

2310 2474 2436 2530 Alia
2485 2475 2542 2528 in
2586 2472 2725 2527 idem
2770 2463 3168 2536 contemplatio.

2014 2594 2195 2658 Atque
2238 2587 2440 2641 lterum
2472 2585 2614 2638 latro
2659 2581 2870 2652 probus
2899 2586 2985 2632 est
3018 2573 3138 2645 qui,
3188 2570 3359 2626 etiam
3395 2568 3442 2624 si
3477 2567 3533 2622 in

1946 2684 2067 2754 ipso
2099 2682 2323 2737 demum
2375 2678 2485 2733 line
2523 2673 2814 2747 prmsentis
2855 2670 3002 2733 vitae,
3042 2664 3196 2721 venit
3239 2663 3295 2717 in
3335 2674 3535 2731 pecca-

1946 2783 2131 2831 torum
2156 2785 2387 2827 suorum
2409 2766 2838 2838 reputationem,
2868 2758 3286 2831 prudenterque
3314 2751 3536 2823 agnovit

1946 2865 2183 2921 verbum
2226 2860 2404 2918 divini
2453 2858 2648 2930 judicii
2696 2856 2752 2910 in
2802 2869 2862 2909 se
2914 2850 3008 2906 hic
3064 2851 3533 2904 consummatum,

1945 2957 2094 3030 quod
2125 2956 2176 3012 ei
2209 2954 2409 3011 merito
2440 2958 2562 3007 erat
2611 2945 2932 3008 deﬁnitum,
2963 2941 3172 3012 quique
3199 2936 3417 2994 sincere
3463 2948 3533 2988 ex

1943 3029 2142 3108 intimo
2186 3048 2358 3105 corde
2391 3059 2587 3103 eorum
2617 3057 2742 3113 quas
2769 3036 3073 3108 deliquerit
3102 3032 3323 3090 veniam
3369 3029 3534 3101 petit.

1942 3143 2230 3214 Improbus
2269 3146 2466 3195 contra
2520 3138 2666 3191 latro
2729 3139 2818 3189 est
2866 3129 2962 3201 qui
3003 3127 3092 3183 vel
3133 3127 3194 3183 in
3242 3123 3363 3194 ipso
3410 3121 3539 3176 vitae

252 3212 413 3287 ἔστιν
438 3233 468 3286 6
497 3231 618 3286 κατ’
643 3230 778 3285 αὐτὸ
797 3229 860 3283 τὸ
879 3229 1055 3300 πέρας
1083 3228 1183 3298 τῆς
1212 3227 1501 3299 παρούσης
1521 3228 1672 3298 αὐτῷ
1693 3224 1841 3299 ζωῆς

1953 3212 2239 3306 praesentis
2280 3231 2390 3285 line
2428 3227 2529 3284 Dei
2568 3226 2747 3297 legem
2795 3237 2861 3276 ac
2914 3217 3295 3275 deﬁnitionem
3341 3212 3541 3267 animas

252 3274 409 3287 ενδ-⁷
440 3274 467 3286 ’⁸
498 3274 598 3286 ”“”
644 3274 777 3285 *⁷⁷⁷
809 3274 858 3283 ”’
887 3274 1052 3300 ”“Γ”“⁵
1094 3274 1180 3298 ’Ἰν
1220 3274 1498 3299 ""r""n
1523 3274 1669 3298 “"T
1695 3274 1837 3299 ‘-'I‘

252 3324 554 3395 γενόμενος
614 3321 709 3377 καὶ
746 3321 839 3374 τὸν
890 3319 1035 3389 κατά
1088 3318 1268 3389 ψῆφον
1313 3317 1529 3372 δικαίαν
1566 3318 1661 3372 τοῦ
1703 3317 1842 3372 Θεοῦ

1954 3274 2239 3306 puum"...
2280 3274 2390 3285 ...η
2430 3274 2529 3284 η-
2569 3274 2747 3297 --υη-
2928 3274 2931 3275 ν
2965 3274 2973 3275 ,

1956 3342 1987 3383 a
2021 3338 2254 3395 corpore
2310 3318 2653 3391 separandae,
2707 3313 2960 3387 quamvis
3007 3311 3157 3382 justo
3199 3305 3411 3379 judicio
3468 3317 3536 3359 ac

2060 3418 2072 3426 .
2161 3424 2167 3426 _
2429 3414 2465 3426 ._
2678 3409 2757 3426 -μ,
2827 3417 3008 3426 -__.-_-
3076 3411 3340 3426 .-.υ-..ΑΜ
3396 3395 3536 3426 mn'n

252 3417 493 3470 τεθέντα
550 3413 731 3483 σοφῶς
776 3411 872 3465 τοῦ
920 3408 1189 3480 μερισμοῦ
1248 3409 1346 3479 τῆς
1390 3408 1566 3479 ψυχῆς
1598 3408 1707 3462 ἀπὸ
1752 3408 1848 3462 τοῦ

1957 3418 2241 3488 sapienter
2292 3414 2585 3475 saneitam,
2637 3409 2766 3465 vitae.
2823 3417 3012 3461 amore
3076 3411 3343 3471 tanquam
3396 3395 3543 3453 male

257 3510 518 3578 σώματος
547 3500 818 3576 νόμον“τε
849 3503 945 3556 καὶ
988 3505 1113 3573 ὅρον
1146 3500 1224 3565 ώς
1274 3499 1351 3573 μὴ
1397 3500 1578 3565 καλῶς
1623 3499 1849 3554 δοθέντα

1956 3509 2266 3565 institutam
2309 3507 2613 3575 vituperat.

257 3599 358 3654 διὰ
388 3598 683 3667 φιλοζωΐαν
716 3594 1092 3667 μεμφόμενος.

626 3777 807 3829 Ἄλλο
835 3778 921 3841 εις
945 3775 1010 3829 τὸ
1033 3774 1181 3831 αὐτὸ
1209 3776 1498 3846 θεώρημα.

338 3889 452 3944 Καὶ
493 3887 656 3942 πάλιν
690 3887 991 3957 ἐπειδήπερ
1030 3887 1264 3952 ἕκαστος
1294 3888 1450 3959 ήμῶν
1474 3887 1695 3952 διπλοῦς
1741 3891 1859 3944 ἐστι

232 3984 371 4053 ,τὴν
394 3981 581 4052 φύσιν,
608 3983 673 4035 ὲκ
698 3979 880 4050 ψυχῆς
913 3980 1009 4034 καὶ
1041 3978 1292 4048 σώματος
1332 3982 1624 4047 συνεστὼς.
1656 3982 1859 4055 λῃστής

265 4077 421 4129 ἐστιν
438 4076 467 4129 6
489 4072 611 4127 καθ’
641 4073 904 4143 ἑκάτερον
926 4071 1034 4125 τῶν
1063 4072 1122 4137 ἐξ
1153 4065 1228 4125 ὧν
1260 4072 1563 4143 συνέστηκε
1590 4073 1734 4127 κατά
1758 4076 1858 4146 τὴν

268 4165 505 4237 θατέρου
545 4164 707 4234 φύσιν
746 4164 911 4235 νόμον
960 4163 1100 4234 ὑπὲρ
1139 4164 1343 4234 ἀρετῆς
1372 4162 1451 4235 τῷ
1475 4164 1631 4236 Λόγῳ
1664 4183 1858 4236 μυστι-

267 4259 389 4323 κῶς
408 4258 907 4330 συσταυρούμενος,
938 4257 1032 4311 καὶ
1059 4257 1151 4310 τὸν
1179 4257 1281 4326 μὲν
1307 4258 1407 4328 τῆς
1441 4257 1645 4331 σαρκὸς
1670 4259 1855 4329 νόμον,
1896 4280 1897 4283 η

270 4350 468 4423 ὥσπερ
501 4349 796 4420 ἀγνώμονα
831 4346 1035 4422 λῃστὴν
1077 4346 1157 4417 τῷ
1183 4346 1327 4418 λόγῳ
1356 4348 1456 4418 τῆς
1481 4349 1685 4421 ἀρετῆς
1706 4351 1858 4404 ἀντι-

271 4444 570 4507 πίπτοντα,
597 4442 687 4497 τὸν
706 4441 764 4495 δὲ
787 4440 881 4495 τοῦ
912 4439 1224 4509 πνεύματος
1250 4439 1412 4509 νόμον
1435 4438 1627 4512 ὥσπερ
1652 4440 1858 4511 λῃστὴν

270 4537 419 4607 ἔχων
447 4533 785 4603 εὐγνώμονα,
809 4531 904 4584 καὶ
923 4526 1015 4584 τὸν
1040 4530 1268 4600 Σωτῆρα
1293 4530 1466 4597 Λόγον
1486 4529 1573 4584 διὰ
1590 4529 1698 4583 τῶν
1720 4529 1859 4584 κατά

270 4626 379 4696 τὴν
405 4622 716 4696 πρακτικήν
741 4620 982 4692 τρόπων,
1022 4616 1125 4672 κᾶν
1167 4616 1418 4672 ὲπίπονοι
1459 4611 1617 4682 ὦσιν,
1657 4617 1858 4671 ἀποδε-

2332 3772 2458 3829 Alia
2503 3773 2561 3826 in
2605 3769 2744 3824 idem
2789 3760 3183 3834 contemplatio.

2028 3884 2446 3960 Atque'rnrsus
2485 3899 2611 3940 cum
2653 3880 2907 3937 nostrum
2943 3873 3327 3946 unusquisque
3357 3864 3544 3937 dupli-
3580 3844 3581 3847 η

1959 3999 2080 4040 cem
2151 3981 2357 4037 habeat
2406 3986 2688 4041 naturam,
2745 3989 2812 4027 ex
2858 3970 3040 4026 anima
3095 3975 3258 4034 atque
3312 3971 3547 4028 corpore

1959 4073 2293 4135 consistens,
2315 4072 2457 4124 latro
2478 4065 2675 4136 estqui
2703 4060 3010 4119 secundum
3037 4066 3329 4122 utramque
3351 4062 3546 4121 eorum

1958 4179 2027 4219 ex
2071 4160 2277 4232 quibus
2321 4164 2538 4213 constat
2587 4168 2688 4224 pro
2724 4149 2952 4205 alterius
2980 4153 3179 4199 natura
3222 4140 3400 4208 legem
3444 4147 3548 4202 pro

1958 4226 2169 4309 virtute
2212 4264 2341 4306 cum
2396 4247 2667 4301 Sermone
2720 4239 2952 4310 mystice
3001 4231 3153 4289 cruci
3189 4226 3448 4297 afﬁgitur,
3490 4228 3552 4278 et

1962 4346 2148 4401 carnis
2179 4342 2404 4413 quidem
2449 4339 2624 4408 legem
2675 4330 2848 4388 veluti
2898 4323 3214 4396 improbum
3272 4320 3548 4372 latronem

1962 4435 2185 4492 virtutis
2226 4429 2469 4488 sermoni
2515 4424 2883 4482 obnitentem,
2940 4416 3170 4488 spiritus
3201 4426 3338 4465 vero
3367 4409 3544 4477 legem

1963 4526 2137 4583 veluti
2162 4524 2397 4595 probum
2440 4520 2715 4574 latronem
2741 4513 2933 4574 habet,
2958 4508 3168 4578 quique
3200 4502 3547 4558 Salvatorem

1965 4589 2287 4677 Sermonem
2335 4628 2435 4683 per
2486 4609 2743 4680 practicae
2774 4598 3145 4674 phiIOSOphiaa
3191 4592 3408 4655 modos,
3445 4589 3548 4643 etsi

273 4685 530 4789 χύμενον,
606 4685 1105 4781 ᾤ’συνεισέρχεται
1160 4709 1410 4780 γεγηθὼς
1472 4710 1552 4772 είς
1605 4709 1700 4763 τὸν
1753 4709 1849 4779 τῆς

1960 4712 2163 4781 magno
2187 4719 2315 4762 cum
2344 4702 2535 4758 labore
2566 4698 2679 4754 sint
2703 4689 3009 4765 conjuncti,
3050 4685 3271 4755 recipit,
3307 4692 3552 4770 qpocum

273 4806 516 4878 εὐωχίας
556 4805 721 4859 τόπον
755 4803 850 4856 τὸν
883 4802 1068 4872 πάσης
1102 4802 1407 4873 κατάκορον
1451 4799 1728 4870 γνώσεως,
1762 4799 1858 4853 τοῦ

272 4898 423 4954 κατά
491 4896 671 4966 σάρκα
744 4893 1093 4966 φρονήματος
1151 4890 1434 4955 παντελῶς
1505 4888 1862 4961 ἀπηλλαγμέ-

272 5008 391 5055 νος.

484 5194 687 5267 (249
703 5193 756 5265 b)
795 5194 983 5250 ’Ἄλλο
1011 5195 1095 5258 εὶς
1120 5191 1187 5245 τὸ
1210 5190 1356 5246 αὐτὸ
1377 5187 1666 5257 θεώρημα.

353 5310 463 5363 Καὶ
504 5307 660 5371 αὖθις
705 5307 910 5378 λῃστής
957 5307 1105 5358 ἐστιν
1165 5299 1465 5371 εὐγνώμων
1513 5299 1542 5351 6
1590 5295 1865 5360 καταξιω·

275 5402 399 5465 θεὶς
436 5399 886 5470 συσταυρωθῆναι
913 5395 1135 5466 Χριστῷ
1164 5394 1253 5449 διὰ
1282 5389 1579 5454 παντελοῦς
1611 5389 1705 5443 καλ¹
1744 5387 1865 5442 ὁλο-

276 5493 492 5563 κλήρου
529 5489 639 5544 τῶν
677 5488 867 5543 παθῶν
894 5486 1239 5557 νεκρώσεως,
1259 5484 1354 5538 καὶ¹
1377 5482 1563 5548 δεξιῶς
1597 5480 1750 5551 αὐτῴ
1773 5497 1865 5533 συ-

278 5580 713 5653 σταυρούμενος.
763 5577 1010 5632 τουτέστι
1074 5576 1211 5647 μετά
1256 5574 1416 5643 λόγου
1467 5574 1562 5628 καὶ
1608 5570 1863 5639 γνώσεως

278 5674 470 5729 πᾶσαν
501 5670 713 5736 διεξιὼν
742 5669 966 5742 ἀρετὴν,
1010 5669 1103 5722 καὶ
1143 5666 1494 5738 ἀπρόσκοπον
1549 5664 1715 5718 πᾶσιν
1772 5663 1859 5717 ἀνα

351 5839 388 5861 ¹¹³
423 5825 563 5885 ibid.
598 5825 685 5882 38.

1966 4774 2134 4859 simul
2202 4794 2517 4868 ingreditur
2569 4791 2730 4845 laetus
2788 4786 2843 4840 in
2905 4776 3295 4839 oblectationis
3342 4774 3553 4834 locum,

1969 4889 2119 4946 omni
2163 4883 2482 4957 cognitione
2519 4878 2806 4941 refertum,
2838 4869 3049 4929 carnali
3088 4882 3256 4924 sensu
3290 4878 3355 4919 ac
3400 4860 3554 4932 cogi-

1886 5044 1891 5050 ,
1971 4980 2181 5036 tatione
2233 4977 2398 5048 plane
2442 4972 2732 5027 liberatus.

2359 5174 2482 5230 Alia
2510 5174 2567 5227 in
2593 5170 2733 5225 idem
2773 5162 3168 5235 contemplatio.

2046 5298 2221 5364 Atque
2243 5302 2437 5345 rursus
2464 5286 2609 5341 latro
2629 5280 2838 5353 probus
2867 5285 2953 5334 est
2983 5278 3030 5333 is
3057 5275 3152 5347 qui
3183 5287 3307 5339 cum
3336 5268 3559 5326 Christo

1966 5361 2148 5446 simul
2163 5382 2317 5440 cruci
2366 5378 2508 5449 ailigi
2538 5373 2744 5431 meruit
2784 5386 2885 5442 per
2929 5370 3146 5442 plenam
3177 5374 3342 5435 atque
3374 5361 3557 5434 perfe-

1964 5489 2108 5536 ctam
2140 5474 2457 5548 passionum
2504 5464 3009 5526 mortilicationem,
3054 5460 3261 5531 quique
3312 5456 3381 5512 ad
3423 5455 3587 5527 dexg

1965 5582 2104 5629 tram
2135 5570 2256 5640 ejus
2287 5573 2374 5621 est
2403 5561 2552 5619 cruci
2584 5558 2777 5614 allixus
2808 5567 2870 5622 ιη,
2902 5555 3009 5610 hoc
3050 5560 3135 5607 est
3163 5549 3256 5620 qui
3295 5563 3420 5604 cum
3466 5560 3555 5600 ra-

1964 5663 2113 5719 tione
2145 5668 2200 5716 et
2235 5656 2550 5727 cognitione
2602 5663 2822 5706 omnem
2870 5644 3220 5719 persequitur
3266 5640 3554 5704 virtutem,
