4052 6396
534 455 673 523 1375

1703 459 1763 520 S.
1805 457 1994 518 MAXI
2003 459 2094 519 ΜΙ
2133 457 2644 520 CONFESSORIS

3663 455 3773 526 1376

529 567 854 636 cunctisque
875 564 1201 623 hominibus
1226 565 1556 623 inoﬁensam
1582 576 1766 623 servat
1785 568 1976 634 vitam,
1999 569 2123 640 qui-

2228 568 2467 642 θρώποις
2501 568 2594 622 τὸν
2623 566 2738 639 βίον
2760 564 3054 637 διατηρῶν,
3113 565 3207 620 καὶ
3254 566 3532 639 μηδεμίαν
3573 565 3695 639 ἔχων
3727 589 3776 628 το

527 675 636 728 que
667 659 870 712 nullam
903 674 1132 728 prorsus
1158 676 1281 730 qua:
1309 659 1633 714 austeritate
1665 675 1698 714 a
1729 660 2001 716 sermonis
2031 661 2116 715 le-

529 750 701 804 nitate
745 749 1019 819 discrepet
1053 750 1222 806 habet
1248 751 1569 806 motionem.
1599 751 1890 822 Improbus
1922 760 2118 808 contra

528 841 671 894 latro
699 849 784 894 est
826 841 921 910 qui
967 841 1154 912 gloriae
1197 841 1564 897 lautiorumve
1611 840 2119 896 emolumentorum

529 932 706 1000 gratia
758 932 1028 1002 speciosis
1070 933 1250 993 modis
1295 931 1526 988 subdole
1566 925 1794 988 simulat
1825 934 1996 988 vitam
2029 949 2118 988 se-

529 1023 773 1078 cundum
809 1023 1072 1079 virtutem
1110 1024 1438 1087 institutam,
1471 1025 1748 1094 unicoque
1781 1041 1846 1080 ac
1879 1026 1980 1080 soli
2015 1041 2119 1096 pro

529 1115 685 1170 omni
724 1115 930 1171 virtute
974 1124 1031 1171 et
1082 1115 1392 1187 cognitione
1432 1115 1486 1170 in
1521 1117 1943 1172 conversatione
1991 1133 2118 1172 cum

530 1207 730 1262 alienis
773 1206 1014 1262 sermoni
1045 1206 1319 1261 adulatori
1353 1208 1446 1264 dat
1479 1223 1726 1278 operam,
1766 1223 1896 1279 erga
1923 1223 2118 1263 neces-

529 1297 707 1352 sarios
729 1307 919 1353 contra
946 1313 1178 1368 pravum
1211 1313 1270 1353 se
1298 1299 1441 1370 gerit
1466 1300 1746 1354 voluntate
1779 1315 1844 1354 ac
1869 1300 2120 1355 moribus

527 1397 586 1442 et
629 1387 956 1443 illiberalem
988 1405 1237 1459 prorsus,
1275 1390 1364 1445 cui
1396 1391 1703 1460 praesertim
1749 1392 1852 1446 viae
1896 1391 1991 1446 Dei
2022 1407 2119 1446 cav

527 1477 847 1532 lumniatori
875 1477 1179 1547 prudenter
1215 1487 1298 1533 est
1333 1493 1397 1532 os
1439 1477 1829 1532 obturandum.
1863 1477 2118 1532 Fortasse

527 1565 678 1625 enim
713 1569 932 1626 desinet
976 1569 1124 1640 quod
1174 1570 1230 1624 in
1283 1585 1382 1625 sua
1431 1577 1742 1624 revertatur
1787 1567 2118 1624 calumniari

527 1661 852 1716 Sermonem
897 1661 967 1715 ab
1001 1661 1330 1730 increpante
1375 1659 1710 1725 admonitus,
1757 1660 2119 1730 quemadmo-

527 1753 658 1807 dum
684 1753 737 1808 in
764 1768 932 1808 cruce
957 1753 1190 1824 contigit
1211 1753 1298 1817 illi
1333 1753 1430 1822 qui
1457 1753 1577 1807 sine
1601 1750 1937 1808 verecundia
1967 1751 2119 1807 blas-

528 1847 805 1916 phemiam
865 1846 1176 1917 protulerat
1207 1846 1348 1900 latro
1379 1855 1428 1898 ιι.
1451 1831 1613 1912 Ὠυοᾶ
1643 1846 1790 1900 enim
1822 1860 1934 1899 non
1961 1845 2120 1899 oblo—

2226 661 2492 735 παράπαν
2520 661 2620 732 τῆς
2659 659 2754 713 τοῦ
2807 659 2968 728 λόγου
3020 657 3332 730 πραότητος
3385 661 3678 730 ἀπᾴδουσιν
3723 663 3778 719 δι’

2226 754 2611 826 αὐστηρότητα
2639 751 2874 822 κίνησιν.
2913 749 3213 820 ’Δγνώμων
3239 750 3298 804 δὲ
3342 749 3545 822 λῃστής
3598 754 3726 808 ἐστιν
3757 759 3780 810 6

2227 848 2388 918 δόξης
2415 848 2600 901 ἕνεκεν
2628 847 2660 916 ἢ
2687 845 2998 914 λημμάτων
3037 843 3352 915 ἁδροτέρων
3395 847 3510 908 τοῖς
3552 848 3783 917 φαινομέ.

2227 955 2340 1002 νοις
2372 938 2593 1009 τρόποις
2628 936 2880 997 ὑπούλως
2907 935 3002 988 τὸν
3031 937 3155 987 κατ’
3184 935 3395 1009 ἀρετὴν
3426 933 3540 1004 βίον
3584 937 3782 1008 om“-

2226 1031 2472 1100 νόμενος,
2509 1029 2603 1082 καὶ
2633 1028 2731 1081 ἕνα
2777 1025 2872 1080 καὶ
2922 1024 3085 1095 μόνον
3117 1023 3256 1094 πρὸς
3291 1025 3425 1086 τοὺς
3463 1023 3568 1088 ἔξω
3596 1024 3680 1078 τὸν
3710 1027 3784 1081 κό-

2225 1123 2366 1177 λακα
2404 1122 2561 1190 λόγον
2589 1119 2710 1173 ἀντὶ
2733 1119 2916 1186 πάσης
2943 1117 3148 1188 ἀρετῆς
3175 1133 3234 1169 τε
3268 1117 3367 1168 καὶ
3397 1114 3648 1183 γνώσεως
3675 1135 3782 1186 μετ-

2225 1214 2541 1284 ερχόμενος,
2569 1211 2708 1280 πρὸς
2736 1209 2794 1263 δὲ
2831 1209 2959 1272 τοὺς
3012 1207 3270 1277 συνήθεις
3317 1209 3540 1272 σκολιός
3583 1227 3664 1272 τις
3705 1210 3786 1282 τήν

2225 1307 2452 1376 γνώμην
2491 1303 2840 1357 παντάπασιν
2869 1300 2946 1353 ὢν
2973 1299 3068 1353 καὶ
3095 1299 3459 1371 δυσάντητος,
3483 1300 3542 1353 ὃν
3566 1301 3644 1353 δεῖ
3668 1303 3785 1370 μάλα

2225 1415 2289 1466 γε
2320 1397 2420 1467 τὴν
2457 1395 2576 1448 ὁδὸν
2609 1393 2705 1447 τοῦ
2734 1392 2870 1445 Θεοῦ
2908 1389 3347 1462 βλασφημοῦντα
3377 1391 3518 1462 μετὰ
3547 1392 3786 1456 συνέσεως

2225 1486 2620 1556 ἐπιστομίζειν.
2683 1485 2848 1547 Ἴσως
2900 1483 3011 1554 γὰρ
3053 1483 3335 1536 παύσεται
3377 1481 3474 1535 τοῦ
3513 1482 3785 1538 διαϐάλλειν

2225 1583 2315 1636 διὰ
2341 1583 2441 1651 τῆς
2465 1579 2674 1643 οἰκείας
2693 1578 3043 1648 ἀναστροφῆς
3073 1577 3168 1630 τὸν
3201 1577 3368 1644 λόγον
3401 1579 3470 1646 τῇ
3497 1577 3786 1648 παραινέσει

2225 1672 2320 1727 τοῦ
2349 1672 2810 1741 ἐπιπλήσσοντος,
2836 1669 3028 1738 ὥσπερ
3051 1669 3148 1722 ἐπὶ
3179 1667 3276 1722 τοῦ
3327 1665 3570 1738 σταυροῦ
3612 1667 3784 1720 πέπον-

2228 1766 2322 1818 θεν
2345 1766 2372 1817 ὁ
2406 1765 2508 1834 τὴν
2550 1761 2902 1834 βλασφημίαν
2951 1759 3124 1824 ἀδεῶς
3170 1759 3558 1830 προσενέγκας
3593 1758 3785 1831 λῃστής.

2227 1854 2302 1908 Τὸ
2331 1853 2440 1924 γὰρ
2473 1853 2548 1924 μὴ
2584 1852 3051 1922 ἀντιφθέγξασθαι
3079 1851 3160 1922 τῷ
3191 1849 3567 1921 ἐπιπλήξαντι
3596 1854 3789 1922 σημεῖον

527 1948 691 1994 cutus
717 1948 802 1995 est
828 1939 1158 2009 increpanti,
1184 1939 1240 1994 id
1265 1953 1578 1994 sermonem
1601 1939 1694 2008 qui
1729 1939 1976 2007 prolatus
2001 1945 2123 1992 erat

2227 1945 2339 2014 ἔχει
2376 1946 2474 2014 τῆς
2496 1944 2591 1998 τοῦ
2627 1945 2887 2018 ῥηθέντος
2911 1943 3182 2015 ἀποδοχῆς
3219 1942 3390 2010 λόγου
3425 1941 3528 2013 τὴν
3585 1943 3788 2011 σιωπήν.

531 2033 694 2089 tacite
738 2033 1032 2102 probatum
1062 2031 1357 2102 signiﬁcat.
1387 2030 1727 2102 Quacunque
1773 2031 1962 2101 utique
1988 2046 2124 2086 con-

529 2124 906 2194 templationis
951 2123 1166 2179 ratione
1205 2139 1332 2178 cum
1361 2122 1584 2178 Christo
1617 2123 1780 2178 simul
1813 2123 1966 2178 cruci
2001 2121 2119 2176 alli-

528 2217 737 2289 gimur,
771 2217 902 2272 dum
945 2215 1022 2270 ibi
1055 2231 1267 2282 sumus,
1303 2216 1626 2270 Sermonem
1658 2231 1766 2269 una
1800 2229 1926 2270 cum
1960 2214 2122 2268 nobis

530 2303 686 2360 cruci
728 2302 946 2359 aﬁixum
980 2305 1198 2373 placare
1237 2305 1577 2368 studeamus,
1607 2320 1672 2359 ac
1708 2319 1956 2359 veracem
1985 2319 2122 2358 con-

531 2393 765 2448 scientia
789 2409 820 2449 a
843 2394 1269 2465 cogitationibus
1296 2411 1418 2450 eam
1447 2395 1864 2464 increpantibus
1893 2403 2122 2464 purgata

533 2487 786 2556 accipere
805 2487 1012 2556 quietis
1031 2486 1536 2551 annuntialionem,
1554 2487 1831 2557 siquidem
1849 2486 2121 2542 hodierna

533 2579 653 2634 dies
669 2589 992 2648 praesentem
1019 2580 1186 2650 hujus
1207 2580 1307 2635 aevi
1333 2580 1480 2635 diem
1499 2580 1723 2636 denotat
1740 2583 1912 2652 (nam,
1931 2581 2118 2643 Hodie,

535 2669 736 2740 inquit,
759 2687 960 2724 mecum
982 2671 1084 2726 eris
1106 2673 1162 2725 in
1183 2671 1436 2742 paradiso
1455 2670 1528 2741 ιι),
1553 2672 1792 2727 crastina
1817 2687 1954 2727 vero
1977 2671 2125 2726 futu-

535 2777 674 2823 ram,
700 2777 808 2831 qua
837 2777 948 2816 non
975 2770 1331 2832 peccatorum
1359 2763 1612 2818 remissio
1643 2763 2015 2833 exspectanda
2041 2769 2129 2816 est

536 2854 670 2915 ulla.
721 2853 816 2908 sed
863 2854 980 2909 sola
1021 2853 1148 2909 vitae
1197 2869 1262 2908 ex
1315 2855 1516 2911 merito
1564 2856 1907 2911 conveniens
1960 2854 2124 2908 retri-

535 2944 716 3000 butio.

2229 2036 2367 2092 Kaﬁ’
2399 2038 2591 2107 ἥντινα
2626 2035 2758 2104 γοῦν
2793 2035 2904 2087 τῶν
2948 2035 3259 2104 εἰρημένων
3303 2033 3548 2104 θεωρίαν
3574 2033 3646 2104 τῷ
3674 2033 3789 2104 Χρι-

2231 2127 2343 2198 στῷ
2377 2126 2854 2198 συσταυρούμεθα.
2906 2125 3327 2195 σπουδάσωμεν,
3391 2125 3472 2188 ῶς
3521 2126 3678 2191 ἐσμεν
3720 2125 3790 2175 ὲν-

2227 2218 2424 2282 ταῦθα,
2468 2219 2576 2272 τον.
2601 2217 3081 2290 συσταυρούμενον
3121 2219 3258 2286 ἡμῖν
3283 2207 3790 2284 ίλεώσασθαιΛᾶγον,

2227 2313 2323 2365 καὶ
2367 2312 2468 2383 τὴν
2519 2311 2728 2381 ἀψευδῆ
2775 2308 3026 2376 δέξασθαι
3065 2309 3209 2362 κατὰ
3251 2308 3570 2379 συνείδησιν
3617 2306 3794 2374 καθαρ-

2227 2403 2416 2456 θεῖσαν
2444 2401 2553 2456 τῶν
2585 2401 2939 2486 πλησσόνίτων
2975 2397 3144 2470 αὐτὴν
3190 2398 3492 2470 νοημάτων
3547 2397 3643 2466 τῆς
3679 2396 3790 2448 ἀνα-

2228 2490 2484 2554 παύσεως
2518 2483 2876 2558 ἐπαγγελίαν,
2894 2488 3100 2558 εἶπερὴ
3119 2489 3365 2558 σήμερον
3389 2485 3490 2556 τὴν
3519 2483 3792 2538 ἐνεστῶσαν

2228 2581 2740 2650 τούτουτοῦμὶῶνος
2766 2581 2982 2652 ἡμέραν
3006 2578 3349 2633 ἐνδείκνυται
3373 2577 3672 2649 (σήμερον
3685 2577 3790 2646 γὰρ,

2232 2675 2416 2746 φησὶν,
2447 2675 2562 2741 ἔσῃ
2591 2674 2717 2741 μετ’
2741 2670 2889 2740 ἐμοῦ
2918 2672 2994 2725 ἐν
3020 2669 3100 2736 τῷ
3130 2670 3534 2740 παραδείσῳ),
3575 2671 3607 2738 ὴ
3633 2668 3686 2722 δὲ
3715 2668 3790 2720 αὒ-

2228 2784 2344 2836 ριον
2375 2766 2474 2836 τὴν
2503 2765 2600 2818 τοῦ
2635 2763 2944 2834 μέλλοντος,
2973 2763 3096 2816 καθ’
3126 2765 3194 2834 ἣν
3214 2762 3484 2832 οὐδεμίαν
3511 2761 3609 2830 μὲν
3628 2760 3790 2826 ἄφεσιν

2225 2858 2644 2926 ἁμαρτημάτων
2677 2853 2994 2924 ἐκδέχεσθαι
3017 2853 3146 2924 χρὴ,
3187 2852 3365 2922 μόνην
3399 2851 3458 2905 δὲ
3487 2849 3587 2920 τῆς
3605 2849 3789 2917 ἑκάστῳ

2225 2951 2544 3020 πρεπούσης
2618 2947 2740 3002 κατ’
2799 2945 2956 3010 ἀξίαν
3011 2945 3251 3016 ἀμοιϐῆς
3303 2943 3418 2999 τῶν
3478 2939 3788 3012 ϐεϐιωμένων

2222 3057 2320 3094 αντ
2329 3057 2514 3094 ιοοσιν.

533 3225 622 3281 Ea:
657 3225 839 3279 eodem
871 3242 1133 3293 sermone,
1167 3228 1222 3282 in
1265 3225 1402 3280 illud
1430 3243 1448 3281 :
1484 3245 1503 3278 ι
1536 3225 1593 3282 Si
1616 3217 1872 3296 Iosephus
1907 3227 2122 3281 Arima-

2229 3219 2428 3289 (250
2455 3217 2515 3288 α)
2561 3218 2656 3270 Ἕκ
2711 3217 2818 3270 τοῦ
2865 3214 3053 3270 αὐτοῦ
3103 3215 3316 3282 λόγου,
3347 3215 3437 3278 είς
3491 3213 3592 3266 τό·
3655 3209 3790 3264 alio?

603 3319 770 3374 tltarus
795 3319 888 3383 sis,
921 3319 986 3372 ab
1021 3335 1080 3372 eo
1104 3321 1195 3390 qui
1219 3321 1364 3373 cruci
1392 3319 1558 3389 aﬂixit
1583 3335 1772 3390 corpus
1801 3328 1916 3389 pete
1944 3329 1989 3374 P.
2023 3337 2042 3370 ι

603 3518 818 3591 Corpus
846 3519 1053 3576 Christi
1081 3528 1168 3576 est
1191 3522 1398 3585 anima,
1425 3521 1511 3575 vel
1552 3520 1843 3576 facultates
1865 3521 2006 3590 ejus,
2031 3519 2122 3575 vel

533 3627 751 3674 sensus,
779 3611 866 3666 vel
897 3611 1238 3682 singulorum
1275 3627 1500 3682 corpus,
1526 3613 1614 3666 vel
1653 3612 1906 3682 corporis
1945 3626 2123 3665 mem-

532 3702 656 3768 bra,
691 3701 778 3756 vel
813 3702 1091 3764 mandata,
1129 3702 1215 3757 vel
1250 3703 1506 3765 virtutes,
1529 3703 1616 3757 vel
1649 3704 1892 3758 rationes
1925 3718 2150 3763 eorum.

533 3807 657 3863 qua:
689 3792 830 3847 facta
867 3801 1017 3858 sunt,
1065 3793 1172 3857 vel,
1222 3802 1286 3848 ut
1329 3794 1515 3849 verius
1551 3794 1875 3864 simpliciter
1915 3793 2118 3858 dicam,

533 3884 789 3954 privatim
824 3894 878 3939 et
911 3885 966 3939 in
990 3900 1306 3950 commune,
1334 3885 1451 3940 haec
1477 3887 1665 3940 omnia
1697 3895 1754 3940 et
1777 3885 1978 3940 horum
2010 3885 2125 3939 sin-

533 3978 660 4045 gula
689 3993 922 4047 qmeque
967 3987 1094 4032 sunt
1139 3994 1342 4048 corpus
1371 3979 1598 4034 Christi.
1629 3977 1785 4046 Quod
1817 3979 1972 4034 cruci
2002 3978 2122 4032 afﬁ-

533 4071 634 4139 git,
664 4085 872 4140 ,nempe
904 4069 1022 4124 haec
1061 4071 1271 4129 omnia.
1313 4069 1589 4132 diabolus,
1621 4069 1677 4122 in
1721 4083 1789 4123 eo
1817 4069 1912 4138 qui
1959 4069 2122 4123 talem

535 4161 734 4214 horum
780 4160 1196 4216 cruciﬁxionem
1233 4151 1497 4224 admittit,
1535 4160 1837 4215 secundum
1867 4170 2121 4215 naturam

535 4265 601 4306 ea
634 4252 854 4320 operari
892 4252 1214 4322 prohibens.
1266 4253 1540 4323 Iosephus
1584 4261 1769 4307 autem
1816 4252 2124 4321 explicatur

535 4342 845 4397 secundum
886 4343 1206 4398 Hebraicam
1252 4343 1496 4414 linguam
1535 4343 2124 4398 Addilio:Arimathia

535 4447 692 4497 vero,
726 4433 869 4486 Tolle
912 4431 1068 4487 illud.
1097 4431 1235 4498 Quid
1270 4435 1474 4506 igitur?
1508 4433 1684 4489 Homo
1731 4433 1858 4489 ﬁdei
1904 4433 2124 4488 addita-

2309 3308 2532 3378 Ἰωσὴφ
2559 3302 2635 3378 ᾖς
2663 3309 2696 3361 ό
2720 3308 2838 3362 ἀπὸ
2868 3308 3261 3376 Ἁριμαθαίας,
3281 3305 3533 3373 αιτησαι
3553 3305 3618 3359 τὸ
3646 3301 3788 3374 σῶμα

2293 3401 2456 3469 παρὰ
2505 3399 2614 3454 τοῦ
2649 3397 3064 3466 σταυροῦντος
3091 3398 3228 3468 (50).
3260 3417 3280 3450 ι

2291 3516 2366 3570 Τὸ
2400 3515 2560 3586 σῶμα
2597 3515 2692 3568 τοῦ
2717 3513 2958 3598 Χριστοῦ
2997 3515 3147 3567 ἐστιν
3179 3515 3212 3584 ή
3242 3513 3422 3584 ψυχὴ,
3455 3513 3491 3584 ἢ
3524 3515 3580 3566 αί
3615 3511 3788 3582 ταύτης

2221 3608 2504 3678 δυνάμεις,
2538 3607 2574 3678 ἢ
2623 3609 2679 3660 αἱ
2721 3605 3025 3675 αἰσθήσεις,
3059 3605 3092 3677 ἢ
3130 3605 3193 3659 τὸ
3221 3604 3390 3676 σῶμα
3414 3605 3511 3659 τοῦ
3535 3605 3651 3664 καθ’
3675 3603 3784 3656 ἕκα-

2224 3717 2370 3765 στον,
2409 3697 2440 3768 ἢ
2481 3699 2548 3752 τὰ
2601 3697 2734 3768 μέλη
2788 3695 2883 3749 τοῦ
2926 3694 3200 3766 σώματος,
3249 3696 3283 3766 ἢ
3334 3697 3396 3748 αἱ
3442 3694 3666 3755 ἐντολαὶ.
3697 3690 3787 3764 ήαί

2222 3790 2440 3860 ἀρεταὶ,
2487 3789 2519 3860 ἢ
2562 3790 2612 3842 οἱ
2659 3788 2806 3856 λόγοι
2836 3787 2946 3840 τῶν
2983 3787 3312 3856 γεγονότων,
3349 3788 3387 3858 ἦ
3422 3787 3608 3850 ἁπλῶς
3639 3785 3785 3838 εἰπεῖν

2223 3881 2604 3951 ἀληθέστερον,
2627 3879 2734 3952 ίδία
2747 3895 2807 3930 τε
2823 3879 2919 3932 καὶ
2934 3882 3111 3950 κοινῇ,
3129 3878 3303 3932 ταῦτα
3319 3879 3502 3934 πάντα
3517 3874 3786 3932 καὶτούτων

2221 3973 2456 4028 ’ἑκαστον
2483 3975 2599 4024 ἐστι
2625 3972 2684 4024 τὸ
2715 3969 2876 4040 σῶμα
2899 3971 2998 4024 τοῦ
3024 3970 3286 4040 Χριστοῦ.
3312 3973 3550 4043 Σταυροϊ
3568 3971 3620 4024 δὲ
3635 3967 3782 4029 τοῦτο,

2223 4067 2391 4136 ἤγουν
2418 4063 2588 4117 ταῦτα
2627 4063 2807 4116 πάντα
2843 4063 2872 4115 δ
2895 4061 3164 4126 διάϐολος,
3190 4063 3250 4116 ἐν
3275 4061 3356 4133 τῷ
3386 4059 3784 4134 παραδεξαμένη»

2222 4159 2429 4212 τούτων
2474 4155 2572 4226 τὴν
2628 4155 2962 4225 σταύρωσιν,
2993 4155 3097 4208 οὑκ
3137 4154 3244 4208 ὲῶν
3290 4155 3458 4222 αὐτὰ,
3480 4153 3621 4208 κατὰ
3647 4152 3782 4222 φύσιν

2227 4248 2591 4319 ἐνεργεῖσθαι.
2637 4246 2838 4317 Ἰωσὴφ
2872 4246 2929 4300 δὲ
2960 4245 3330 4317 ἑρμηνεύεται
3360 4245 3508 4301 κατὰ
3546 4242 3780 4315 Ἐϐραίων

2229 4343 2430 4412 φωνὴν,
2479 4340 2813 4408 Πρόσθεσις
2843 4353 2856 4367 ·
2899 4337 3198 4408 Ἀριμαθία
3243 4337 3324 4400 δὲ,
3366 4333 3544 4405 Ἆρον
3593 4332 3779 4389 ἐκεῖνο.

2229 4433 2353 4497 Πῶς
2378 4429 2512 4496 οὖν;
2542 4428 2868 4498 ’Ἄνθρωπος
2908 4426 3230 4496 προσθήκας
3272 4429 3516 4490 πίστεως
3547 4426 3674 4495 έχων
3705 4423 3780 4476 καὶ

447 4573 460 4586 ,
536 4531 723 4576 menta
754 4523 965 4579 habens
998 4533 1055 4580 et
1095 4525 1443 4596 cognitionis,
1475 4533 1532 4580 et
1565 4525 1787 4581 virtutis
1813 4525 1992 4580 modis
2019 4540 2121 4578 au-

2227 4528 2338 4588 τοῖς
2385 4525 2506 4576 κατ’
2538 4522 2742 4592 ἀρετὴν
2786 4517 3154 4588 ηὐξημένοςδι
3187 4518 3435 4589 τρόποις,
3483 4517 3576 4570 καὶ
3629 4515 3778 4568 πᾶσαν

539 4626 682 4679 ctus,
713 4629 1044 4686 omnemque
1077 4617 1442 4672 materialium
1481 4615 1734 4672 fraudem
1762 4617 1818 4670 in
1849 4631 1907 4671 se
1934 4614 2123 4686 proﬂi-

2229 4616 2448 4684 ἀπάτην
2470 4613 2580 4667 τῶν
2609 4611 2810 4665 ὑλικῶν
2839 4608 3032 4664 ἑαυτοῦ
3073 4609 3488 4682 περιελόμενος,
3513 4603 3654 4668 οὗτος
3685 4605 3779 4657 Ἰω-

539 4717 692 4772 gans,
724 4704 998 4775 Josephus
1039 4705 1130 4760 hic
1153 4714 1240 4761 est
1275 4706 1600 4776 spiritualis,
1629 4709 1726 4775 qui
1759 4704 1965 4760 Christi
1995 4720 2123 4760 cor-

539 4811 644 4864 pus
669 4784 1018 4866 desumptum
1045 4797 1194 4852 laute
1217 4797 1523 4870 pollingere
1547 4805 1732 4870 potest
1761 4796 1928 4866 inque
1953 4795 2124 4852 corde

518 4889 778 4968 condere
827 4905 894 4944 ex
945 4889 1071 4944 ﬁdei
1122 4898 1380 4960 tanquam
1410 4869 1615 4960 lapide
1647 4869 1900 4953 gruem,
1948 4888 2126 4958 ipsius

540 4997 739 5052 corpus
759 4981 827 5036 ad
853 4981 1027 5037 instar
1053 4982 1258 5038 Christi
1279 4998 1483 5052 corpus
1511 4998 1610 5052 per
1638 4981 1892 5052 gratiam,
1917 4987 1974 5033 et
1999 4996 2121 5033 cor-

542 5071 694 5142 poris
715 5075 960 5129 membra
983 5075 1210 5146 justitia:
1232 5091 1384 5129 arma
1417 5075 1528 5129 Deo
1555 5075 1610 5128 in
1636 5072 2129 5127 sanctiﬁcationem

540 5163 806 5230 ciﬁciens,
840 5183 1038 5223 sensus
1067 5183 1200 5222 vero
1247 5168 1497 5237 corporis
1529 5163 1834 5222 secundum
1885 5164 2130 5218 innatam

545 5255 815 5310 rationem
847 5257 912 5311 ad
944 5258 1252 5312 naturalem
1289 5259 1345 5312 in
1381 5257 1578 5326 spiritu
1613 5255 2134 5326 contemplationem

544 5344 742 5402 anima:
785 5348 1094 5402 ministerio
1123 5348 1347 5415 sistens,
1389 5347 1602 5418 ipsique
1632 5347 1828 5402 animae
1865 5346 1934 5400 ad
1965 5345 2139 5400 virtu-

548 5446 631 5492 tes
673 5438 1043 5510 perﬁciendas
1104 5456 1293 5511 parem
1345 5427 1510 5510 atque
1571 5439 1932 5495 facultatibus
1981 5439 2139 5496 attri-

623 5586 652 5636 Ρ
682 5575 817 5632 an.
847 5594 998 5642 xxm,
1031 5577 1118 5632 59.
1198 5587 1223 5614 ο
1256 5579 1389 5634 ibid.
1421 5580 1509 5634 45.
1591 5590 1616 5630 Ρ
1648 5580 1783 5636 ibid.
1817 5581 1904 5635 5‘2.
1939 5615 1947 5620 -

2231 4709 2342 4777 σήφ
2386 4709 2503 4760 ἐστι
2555 4703 2950 4773 πνευματικὸς,
2997 4702 3297 4772 δυνάμενος
3323 4703 3387 4755 τὸ
3439 4701 3594 4769 σῶμα
3623 4696 3776 4752 λαϐεῖν

2225 4799 2323 4854 τοῦ
2364 4794 2602 4869 Χριστοῦ
2641 4796 2734 4849 καὶ
2773 4795 2956 4858 καλῶς
2995 4796 3324 4862 ἐνταφιάσαι
3354 4794 3451 4847 καὶ
3483 4791 3695 4846 ἐνθεῖναι
3720 4787 3774 4854 τῇ

2227 4893 2292 4944 ἐκ
2342 4891 2579 4952 πίστεως
2621 4887 3040 4958 λελατομημὲνῃ
3072 4886 3294 4956 καρδία,
3333 4887 3397 4940 τό
3439 4901 3496 4938 τε
3545 4881 3690 4951 σῶμα
3725 4875 3774 4928 τὸ

2228 4984 2424 5040 ἑαυτοῦ
2487 4983 2560 5046 ὡς
2624 4980 2863 5052 Χριστοῦ
2912 4981 3069 5050 σῶμα
3127 4979 3218 5034 διὰ
3269 4979 3369 5051 τὴν
3400 4980 3578 5050 χάριν,
3608 4972 3692 5027 καὶ
3718 4967 3774 5022 τὰ

2229 5075 2484 5145 σώματος
2519 5073 2653 5143 μέλη
2699 5071 2841 5126 ὅπλα
2883 5069 3234 5141 δικαιοσύνης
3283 5071 3362 5142 τῷ
3391 5068 3510 5140 Θεῷ
3541 5069 3614 5129 είς
3639 5065 3770 5131 ἁγια-

2231 5167 2368 5238 σμὸν
2410 5164 2752 5234 ποιούμενος,
2807 5165 2908 5226 τὰς
2961 5163 3017 5216 δὲ
3072 5163 3357 5232 αἰσθήσεις
3415 5161 3508 5214 τοῦ
3557 5156 3770 5225 σώματος

2233 5259 2543 5331 ὑπουργοὺς
2585 5251 2726 5310 εἶναι
2775 5259 2840 5327 τῇ
2889 5255 3035 5325 ψυχῇ
3071 5253 3215 5306 κατὰ
3261 5253 3353 5307 τὸν
3383 5253 3611 5322 ἔμφυτον
3643 5243 3767 5310 λόγον

2235 5350 2372 5422 πρὸς
2403 5351 2504 5419 τὴν
2527 5351 2584 5402 ὲν
2611 5347 2885 5419 πνεύματι
2915 5347 3154 5418 φυσικὴν
3193 5345 3430 5423 θεωρίαν
3463 5331 3768 5412 παρασκευά-

2236 5439 2366 5506 ζων.
2395 5441 2566 5510 αὐτὴν
2601 5440 2658 5493 δὲ
2696 5437 2797 5510 τὴν
2834 5435 3014 5508 ψυχὴν
3063 5437 3336 5508 ίσονομεῖν
3391 5436 3507 5498 ταῖς
3543 5426 3764 5496 δυνάμεσι

1834 5670 2068 5728 γλςιιιίιῖ
2107 5668 2397 5727 LECTIOR1
2407 5668 2508 5725 ES.

621 5739 670 5779 θ’
699 5740 1089 5811 Apographum
1119 5741 1282 5796 habet
1312 5741 1625 5812 εύξημὲνος.

625 5867 738 5939 (50)
768 5847 914 5925 Idem
945 5871 1066 5925 ibid.
1109 5888 1225 5942 cap.
1253 5874 1343 5940 24,
1373 5892 1425 5944 p.
1459 5875 1580 5941 86L
1606 5887 1736 5930 tom.
1773 5873 1790 5927 Ι
1819 5871 1956 5943 Opp.
1984 5875 2072 5930 cci.
2108 5875 2311 5929 Bened-
