4052 6358
325 305 463 369 1337

1571 309 2103 370 AMBIGUORUM
2142 313 2396 375 LIBER.

3456 330 3595 399 1378

323 420 495 476 ποιῶν
534 423 670 492 πρὸς
718 420 816 493 τὴν
860 423 967 476 τῶν
1006 423 1218 495 ἀρετῶν
1261 422 1637 492 ἐκπλήρωσιν,
1684 423 1780 476 καὶ
1825 421 1883 474 ἐτ

2011 421 2187 477 buens
2212 424 2609 493 conditionem,
2644 443 2707 483 ac
2748 439 3008 500 praeterea
3045 437 3286 491 animam
3316 448 3480 512 atque
3513 444 3596 499 fa-

318 515 420 581 τὴν
448 515 627 582 ψυχήν
656 531 717 566 τε
740 515 833 567 καὶ
860 515 959 578 τὰς
998 516 1170 584 αὐτῆς
1191 515 1453 584 δυνάμεις
1483 513 1761 578 δουλώσας
1785 516 1906 578 ταῖς

318 604 561 668 ἐντολαῖς
609 605 704 659 τοῦ
737 606 1104 672 Θεοῦναύτάς
1137 606 1195 660 δὲ
1244 607 1341 670 τὰς
1396 607 1617 669 ἐντολὰς
1669 607 1904 675 φυσικὰς

316 694 418 762 τῆς
475 693 654 764 ψυχῆς
695 696 1023 759 ἀποδεικνὺς
1055 680 1356 768 ἐνεργείας,
1386 697 1479 750 καὶ
1511 696 1598 749 διὰ
1639 698 1737 766 τῆς
1781 696 1903 750 κατ’

318 783 517 854 ἀρετὴν
543 785 876 855 ἀμεταθέτου
904 789 996 840 καὶ
1027 788 1231 855 παγίας
1258 788 1424 853 ἕξεως
1460 788 1539 850 είς
1566 788 1898 859 κατανόησιν

316 873 384 928 αὖ
418 878 509 928 καὶ
544 878 810 949 ὑποδοχὴν
844 879 953 933 τῶν
988 880 1458 951 ὲγκεκρυμμένων
1493 883 1615 943 ταῖς
1652 881 1896 944 ἐντολαῖς

318 962 610 1035 θειοτέρων
655 968 828 1037 λόγων
870 968 1293 1040 διεγειρόμενος,
1328 970 1423 1021 καὶ⁵
1457 968 1648 1038 ὥσπερ
1698 970 1894 1024 σινδόνι

313 1058 425 1110 τινὶ
446 1060 559 1120 τοῖς
583 1062 712 1130 περὶ
733 1060 824 1112 τὸν
856 1060 1029 1113 αἰῶνα
1063 1061 1249 1114 τοῦτον
1292 1055 1682 1131 πνευματικοῖς
1721 1061 1900 1129 λόγοις

316 1148 668 1219 περιϐάλλειν
705 1150 797 1205 τὸν
840 1150 1078 1222 πρῶτον,
1108 1150 1167 1217 ἐξ
1204 1144 1265 1204 οὗ
1306 1150 1399 1203 καὶ
1419 1151 1483 1202 δι’
1511 1146 1570 1204 οὗ
1603 1153 1695 1203 καὶ
1730 1153 1809 1216 είς
1843 1152 1901 1204 ὃν

311 1239 383 1293 τὰ
426 1239 627 1305 πάντα,
666 1243 857 1311 Λόγον.
903 1243 962 1295 'O
1001 1242 1205 1312 ταύτην
1231 1241 1374 1295 οὕτω
1411 1242 1659 1313 τηρήσας
1691 1243 1788 1313 τὴν
1816 1242 1905 1296 εὖ-

312 1346 519 1401 κοσμον
546 1332 823 1400 εὐταξίαν,
854 1335 1053 1405 Ἰωσήφ
1085 1336 1222 1399 ἐστι,
1253 1335 1312 1415 to
1337 1336 1601 1415 μυστικὸν
1628 1335 1786 1406 σῶμα
1808 1335 1901 1389 τοῦ

309 1419 551 1490 Χριστοῦ
579 1424 860 1495 μυστικῶς
887 1424 1248 1494 ἐνταφιάζων.
1299 1411 1310 1421 ’

668 1609 847 1661 Ἄλλο
878 1611 964 1672 είς
992 1608 1057 1661 τὸ
1082 1608 1230 1662 αὐτὸ
1257 1608 1542 1679 θεώρημα.

383 1721 493 1773 Καὶ
536 1721 617 1774 ἔτι
665 1723 947 1792 συντόμως
992 1724 1187 1786 εἰπεῖν,
1234 1724 1262 1776 ό
1302 1723 1501 1794 πράξει
1550 1723 1643 1776 καὶ¹
1693 1722 1896 1796 θεωρίᾳ

2012 512 2249 568 cultates
2295 515 2415 585 ejus
2463 506 2559 571 Dei
2606 520 2878 576 mandatis
2924 525 3242 595 subjicicns,
3297 529 3415 599 ipsa
3464 549 3594 589 vero

2011 608 2263 663 mandata
2296 612 2576 667 naturales
2609 614 2805 670 anima:
2839 617 3072 673 virtutes
3099 621 3359 690 probans,
3388 639 3453 680 ac
3493 638 3599 697 per

2010 700 2410 757 immutabilem
2439 705 2746 759 secundum
2777 707 3038 764 virtutem
3073 721 3128 766 et
3154 714 3409 769 stabilem
3434 715 3595 772 habi-

2010 801 2125 847 tum
2169 793 2237 847 ad
2286 794 2673 865 percipiendas
2726 814 2923 854 rursus
2963 810 3020 856 et
3078 804 3421 872 recipiendas
3456 807 3592 863 divi-

2003 885 2190 940 niores
2220 902 2344 955 qua
2376 888 2433 942 in
2476 889 2574 943 Dei
2609 891 2884 947 mandatis
2923 894 3097 949 latent
3143 897 3384 953 rationes
3425 901 3593 955 exsti-

2002 979 2265 1047 mulatus,
2294 991 2355 1038 ut
2386 992 2647 1054 tanquam
2678 986 2911 1042 sindone
2940 989 3181 1058 quodam
3209 992 3593 1063 spiritualibus

2002 1069 2150 1124 circa
2177 1072 2282 1128 hoc
2308 1090 2485 1129 aevum
2506 1077 2856 1132 sermonibus
2880 1080 3300 1138 circumvestiat
3322 1085 3588 1153 primum,

2000 1175 2068 1214 ex
2091 1177 2200 1230 quo
2224 1173 2281 1216 et
2303 1178 2402 1233 per
2425 1180 2589 1235 quem
2617 1174 2672 1220 et
2697 1167 2753 1221 in
2778 1183 2940 1237 quem
2969 1170 3230 1226 universa
3256 1173 3586 1238 decurrunt,

2002 1249 2344 1309 Sermonem.
2374 1254 2479 1321 Qui
2508 1265 2616 1312 tam
2647 1258 2901 1315 decoram
2933 1271 3117 1317 servat
3143 1263 3516 1334 disciplinam,
3543 1266 3592 1321 is

2000 1342 2274 1413 Josephus
2344 1355 2463 1414 est,
2533 1350 2826 1422 mysticum
2892 1352 3101 1409 Christi
3162 1372 3366 1428 corpus
3427 1372 3586 1439 sepe-

2002 1435 2166 1491 liens.

1919 1550 1989 1561 .—

2391 1626 2515 1682 Alia
2552 1630 2606 1682 in
2631 1630 2769 1685 idem
2803 1634 3194 1705 contemplatio.

2072 1731 2364 1803 Praeterea,
2399 1748 2461 1794 ut
2492 1740 2737 1797 breviter
2761 1744 2964 1813 dicam,
2995 1748 3089 1817 qui
3119 1750 3337 1806 actione
3366 1761 3587 1808 eLcon-

303 1812 442 1876 τοὺς
486 1814 614 1882 περὶ
658 1813 753 1867 τοῦ
803 1813 1036 1885 σταυροῦ
1099 1816 1211 1878 τοῖς
1261 1814 1518 1868 ἀκούουσι
1570 1814 1883 1893 θαυμαστῶς

2001 1825 2354 1893 templatione
2387 1830 2457 1885 de
2486 1847 2651 1889 cruce
2690 1850 2974 1893 sermones
3017 1842 3232 1911 egregie
3279 1843 3446 1898 tradit
3486 1861 3587 1899 au-

302 1904 546 1974 )tdyougt
856 1907 1168 1970 ἀποδιδοὺς,
1212 1900 1365 1971 οὗτος
1408 1907 1606 1978 Ἰωσὴφ
1657 1908 1753 1978 μὲν
1798 1908 1891 1985 γέ-

300 2015 468 2065 γονεν
501 1998 660 2062 ἄλλος
691 1999 781 2053 διὰ
825 2002 923 2071 τῆς
956 2000 1274 2073 προσθήκης
1300 2002 1409 2056 τῶν
1437 2003 1579 2056 κατὰ
1616 2003 1717 2073 τὴν
1749 2003 1888 2057 θεω⁴

305 2088 435 2158 ρίαν
479 2089 697 2159 ἀγαθῶν
739 2093 819 2154 είς
861 2091 1065 2160 γνῶσιν
1108 2094 1424 2160 ὲπαυξήσας
1478 2095 1887 2166 πνευματικὴν,

314 2181 678 2255 Ἀριμαθαῖος
706 2182 761 2236 δὲ
794 2183 883 2236 διά
913 2186 1010 2253 τῆς
1042 2185 1271 2253 γνησίας
1300 2185 1409 2237 τῶν
1439 2186 1652 2255 ἀρετῶν
1692 2186 1891 2240 οἰκειό-

297 2289 471 2342 τητος
509 2276 651 2329 κατά
704 2275 803 2346 τὴν
846 2275 1045 2346 πρᾶξιν
1081 2278 1262 2329 πᾶσαν
1294 2276 1403 2331 τῶν
1443 2278 1645 2333 ὑλικῶν
1694 2277 1889 2333 ἑαυτοῦ

300 2366 658 2437 περιτέμνων
690 2367 790 2438 τὴν
823 2367 1222 2439 προσπάθειαν.

628 2545 811 2598 Ἄλλο
841 2544 1116 2616 θεώρημα
1145 2549 1234 2611 εις
1263 2546 1330 2601 τὸ
1360 2549 1527 2601 αὐτό.

376 2653 683 2726 Σταυροῦσι
727 2655 785 2708 δὲ
831 2656 992 2709 πάλιν
1041 2655 1133 2710 τὸν
1173 2656 1409 2728 Χριστὸν
1448 2660 1498 2710 oi
1549 2657 1887 2729 βλασφήμως

292 2745 432 2808 τοὺς
459 2746 588 2816 περὶ
621 2745 724 2817 τῆς
757 2747 1201 2818 ὲνσωματώσεως
1230 2748 1324 2803 τοῦ
1368 2749 1506 2802 Θεοῦ
1541 2749 1887 2814 διδάσκοντες

293 2835 515 2905 λόγους,
550 2838 864 2907 ὲνταφιάζει
892 2839 950 2893 δὲ
976 2839 1136 2893 πάλιν
1165 2840 1192 2892 ὁ
1223 2842 1349 2902 τοὺς
1384 2843 1510 2911 περὶ
1538 2841 1635 2912 τῆς
1670 2841 1887 2912 σαρκὼ-

298 2943 445 2991 σεως
480 2927 574 2980 τοῦ
602 2928 738 2981 θεοῦ
779 2929 972 2999 λόγους
1019 2932 1157 3003 μετὰ
1190 2932 1506 3004 παρρησίας
1538 2934 1702 2986 πᾶσιν
1736 2934 1881 2987 εὐσε-

297 3017 418 3083 ϐῶς
448 3019 863 3092 ἀνακηρύττων.

2000 1913 2301 1984 dientibus,
2333 1920 2383 1975 is
2423 1923 2700 1993 Iosephus
2734 1929 2889 1991 alter.
2915 1929 3091 1986 factus
3122 1942 3208 1999 est
3239 1936 3581 2004 contempla-

1989 2005 2157 2061 tionis
2189 2008 2352 2067 bonis
2384 2014 2490 2069 sibi
2522 2017 2726 2074 additis
2769 2031 2970 2077 auctus
3017 2023 3074 2077 in
3106 2025 3451 2094 spiritualem
3485 2042 3582 2083 co-

1987 2097 2321 2168 gnitionem;
2359 2102 2725 2163 Arimathaeus
2750 2125 2885 2164 vero
2916 2111 3012 2180 qui
3041 2113 3258 2169 sincera
3302 2130 3429 2170 cum
3471 2117 3587 2170 vir-

1988 2188 2204 2245 tutibus
2241 2193 2469 2263 junctus
2500 2202 2913 2257 necessitudine
2953 2205 3261 2261 secundum
3308 2208 3579 2263 actionem

1990 2278 2049 2332 in
2094 2295 2152 2335 se
2185 2297 2403 2355 omnem
2436 2303 2545 2356 qua
2580 2292 2959 2350 materialibus
2991 2307 3077 2351 est
3116 2298 3370 2354 addictus
3399 2309 3457 2355 et
3484 2300 3585 2355 ob-'

1967 2373 2189 2427 .noxius
2217 2375 2362 2430 tollit
2390 2378 2763 2436 affectionem.

1906 2490 1977 2501 ..-

2388 2549 2512 2605 Alia
2541 2553 2597 2606 in
2627 2553 2765 2609 idem
2794 2559 3188 2630 contemplatio.

2062 2658 2226 2714 Cruci
2270 2677 2464 2718 rursus
2495 2664 2720 2737 aﬂigunt
2745 2667 3025 2727 Christum
3057 2676 3152 2744 qui
3179 2681 3577 2739 contumeliose

1990 2750 2057 2803 de
2085 2752 2179 2804 Dei
2212 2753 2665 2824 incorporatione
2694 2761 2938 2829 tradunt,
2968 2768 3223 2836 sepulcro
3246 2779 3429 2827 autem
3455 2789 3579 2828 rur-

1988 2855 2081 2894 sus
2128 2854 2400 2913 prmparat
2445 2848 2539 2916 qui
2592 2848 2900 2907 doctrinam
2950 2856 3017 2910 de
3062 2858 3176 2913 Deo
3220 2860 3579 2931 incorporate

1986 2940 2174 3000 aperte
2201 2942 2258 2987 et
2288 2935 2468 3005 palam
2499 2941 2758 2997 omnibus
2782 2943 2872 3014 pie
2897 2948 3180 3016 prtedicat.

309 3204 419 3262 Ἐκ
465 3205 570 3262 τοῦ
602 3206 790 3262 αὐτοῦ
830 3208 1040 3277 λόγου,
1072 3198 1159 3275 εἰς
1207 3210 1275 3263 τό
1308 3225 1321 3239 ·
1364 3207 1527 3262 «Κᾶν
1557 3210 1883 3280 Νικόδημος

1993 3207 2074 3262 Ea:
2115 3209 2295 3265 eodem
2333 3228 2595 3280 sermone,
2637 3217 2694 3270 in
2724 3217 2862 3273 illud
2887 3235 2906 3273 :
2934 3240 2954 3273 ι
3007 3223 3066 3279 Si
3110 3224 3437 3285 Nicodemus-
3470 3234 3569 3299 sis.

369 3292 445 3370 ἧς
483 3300 517 3352 ὁ
545 3299 897 3367 νυκτερινὸς
922 3301 1231 3369 θεοσεϐὴς,
1257 3302 1471 3370 μύροις
1503 3301 1689 3354 αὑτὸν
1717 3301 1881 3356 ἐντα-

366 3389 595 3460 φιασον
632 3390 768 3461 (δι).
809 3409 829 3443 ι

2053 3314 2341 3360 nocturnus
2369 3306 2461 3360 ille
2497 3308 2594 3363 Dei
2620 3310 2813 3380 cultor,
2844 3314 3147 3385 funebribus
3175 3318 3455 3392 unguentis
3485 3328 3569 3398 ip-

2048 3413 2166 3451 sum
2205 3415 2341 3469 unge
2371 3409 2420 3454 ς.
2457 3420 2475 3452 ι

365 3500 681 3573 Νικόδημός
709 3504 878 3569 ἐστιν,
908 3506 1222 3575 νυκτερινὸς
1254 3505 1511 3577 θεοσεϐὴς
1560 3508 1653 3561 καὶ
1685 3506 1877 3577 μύροις

2049 3508 2404 3578 Nicodamus,
2451 3524 2761 3572 nocturnus
2804 3520 2901 3575 Dei
2949 3524 3149 3589 cultor,
3179 3533 3237 3580 et
3268 3532 3569 3599 unguentis

290 3592 358 3648 τὸ
392 3593 552 3665 σῶμα
581 3594 675 3647 τοῦ
706 3594 946 3665 Χριστοῦ
977 3597 1336 3665 ὲνταφιὰςων,
1379 3600 1407 3651 ὁ
1451 3598 1593 3652 κατά
1633 3598 1874 3651 διάνοιαν

296 3686 402 3757 μὲν
436 3686 751 3756 ἐρρωμένος
785 3688 865 3750 είς
904 3686 1000 3758 τὴν
1036 3688 1334 3755 ἐπίγνωσιν
1358 3689 1453 3742 τοῦ
1487 3690 1745 3760 Χριστοῦ,
1775 3690 1874 3760 τὴν

290 3775 354 3828 δὲ
400 3776 503 3846 τῆς
541 3776 795 3847 πράξεως
843 3776 955 3829 τῶν
1004 3777 1237 3831 ἐντολῶν
1266 3778 1576 3848 φιλοτιμίαν
1608 3777 1875 3851 ώςιδειλὸς

289 3867 382 3920 διὰ
410 3868 503 3921 τὸν
529 3868 694 3937 φόϐον
736 3868 845 3921 τῶν
886 3868 1156 3921 Ἰουδαίων
1182 3869 1361 3939 (λέγω
1387 3870 1442 3923 δὲ
1476 3871 1585 3923 τῶν
1614 3869 1803 3923 παθῶν
1833 3869 1866 3941 ἢ

287 3959 404 4013 τῶν
446 3959 719 4030 δαιμόνων
761 3960 861 4023 τὰς
899 3959 1243 4031 προσϐολὰς)
1294 3962 1469 4030 φειδοῖ
1514 3964 1613 4034 τῆς
1672 3962 1875 4034 σαρκὸς

290 4050 751 4121 παραιτούμενος,
786 4044 830 4119 ᾧ
862 4051 1005 4122 μέγα
1041 4050 1175 4121 πρὸς
1216 4051 1488 4121 ἀποδοχὴν
1512 4054 1617 4106 κᾶν
1646 4052 1708 4106 τὸ
1735 4050 1876 4106 καλὰ

288 4144 513 4212 φρονεῖν
560 4145 689 4214 περὶ
733 4144 971 4215 Χριστοῦ
1030 4147 1125 4199 καὶ
1168 4146 1242 4213 μὴ
1284 4143 1640 4214 βλασφήμους
1688 4144 1875 4214 προΐε-

286 4233 420 4287 σθαι
449 4232 660 4301 λόγους.

295 4412 399 4463 Ἑκ
437 4410 542 4464 τοῦ
586 4413 773 4467 αὑτοῦ
831 4415 1043 4484 λόγου,
1097 4420 1183 4483 εὶς
1228 4419 1317 4470 τό-
1357 4416 1523 4470 «Κᾶν
1550 4419 1745 4485 Μαρία
1775 4436 1865 4483 τις

355 4495 454 4571 ᾖς,
508 4500 622 4555 κᾶν
682 4503 720 4570 ἡ
772 4503 930 4572 ἄλλη
989 4506 1207 4572 Μαρία,
1267 4505 1384 4557 κᾶν
1442 4505 1717 4573 Σαλώμη,
1750 4505 1867 4559 κᾶν

1977 3596 2184 3653 Christi
2231 3617 2435 3671 corpus
2482 3620 2792 3676 praeparans
2825 3611 2894 3665 ad
2940 3615 3298 3682 sepulturam,
3347 3596 3567 3691 estqui

1977 3703 2161 3745 mente
2192 3693 2416 3762 quidem
2443 3696 2511 3748 ad
2542 3701 2985 3768 cognoscendum
3014 3704 3293 3762 Christum
3323 3710 3483 3766 fortis
3505 3725 3563 3767 et

1976 3780 2211 3853 impiger
2250 3794 2356 3850 est,
2402 3794 2460 3839 at
2500 3789 2879 3846 mandatorum
2922 3799 3398 3866 exsequendorum
3438 3814 3559 3859 stu-

1975 3872 2126 3927 dium
2154 3884 2216 3929 ut
2243 3876 2473 3947 ignavus
2496 3878 2563 3934 de
2586 3881 2902 3937 Judaeorum
2930 3884 3292 3955 (passionum,
3310 3891 3556 3962 inquam,

1973 3967 2059 4020 vel
2091 3967 2400 4024 dazmonum
2442 3973 2867 4048 inedrsationes)
2895 3987 3066 4045 metu,
3095 3983 3280 4039 carnis
3306 3999 3440 4041 cura
3466 4003 3559 4043 re-

1975 4068 2151 4122 cusat,
2170 4061 2257 4115 cui
2286 4079 2543 4134 magnum
2561 4075 2646 4121 est
2666 4067 2734 4122 ad
2751 4072 3286 4130 commendationem
3307 4079 3392 4133 vel
3419 4078 3569 4136 bene

1975 4149 2042 4204 de
2073 4149 2295 4207 Christo
2329 4157 2535 4212 sentire
2562 4174 2666 4215 nec
2693 4167 3099 4222 contumeliose
3121 4166 3190 4223 de
3218 4182 3287 4223 eo
3309 4170 3485 4241 loqui.

1973 4417 2058 4472 Ex
2089 4418 2268 4472 eodem
2316 4437 2574 4489 sermone,
2619 4428 2673 4481 in
2722 4428 2861 4484 illud
2893 4447 2913 4486 .'
2941 4451 2960 4483 ‹
3006 4432 3065 4488 Si
3094 4434 3271 4491 Maria
3313 4438 3563 4508 qua’dam

2041 4510 2133 4571 sis,
2164 4512 2209 4563 si
2259 4512 2369 4566 alia
2400 4514 2595 4580 Maria,
2624 4522 2674 4571 si
2701 4519 2936 4587 Salome,
2966 4527 3013 4577 si
3052 4525 3288 4592 Joanne,
3321 4529 3569 4585 dilucula

372 4591 639 4657 Ἰωάννη,
698 4595 1009 4663 ὃάκρυσον
1067 4598 1291 4665 όρθρία.
1350 4596 1471 4651 Ἴδε
1520 4598 1718 4664 πρώτη
1764 4599 1868 4651 τὸν

2044 4598 2307 4671 lucrymas
2337 4606 2614 4675 profunde.
2646 4609 2767 4671 .Fac
2810 4621 2866 4665 ut
2900 4580 3081 4685 prima

352 4684 532 4735 λίθον
559 4683 840 4752 ἠρμένον,
870 4687 1061 4756 τυχὸν
1087 4688 1155 4741 δὲ
1185 4689 1283 4743 καί
1348 4688 1491 4755 τοὺς
1543 4690 1860 4758 ἀγγέλους,

353 4772 456 4826 καὶ
498 4774 741 4840 Ἰησοῦν
766 4778 954 4831 αὐτόν
979 4778 1111 4849 (59.).
1152 4798 1171 4830 ι

354 4886 548 4956 Μαρία
594 4888 627 4957 ἡ
684 4888 898 4960 πρώτη,
929 4890 986 4956 ἐξ
1016 4884 1083 4961 ἧς
1108 4890 1450 4961 ἐκϐέϐληκεν
1478 4889 1694 4957 ὁΛόγος
1721 4892 1860 4945 ἑπτὰ

275 4977 564 5046 δαιμόνια,
612 4981 729 5033 ἐστὶ
770 4982 919 5035 πᾶσα
959 4982 1236 5053 πρακτικὴ
1264 4982 1434 5052 ψυχὴ,
1462 4981 1551 5033 διὰ
1579 4981 1671 5033 τοῦ
1704 4982 1860 5049 λόγου

274 5067 394 5120 τῶν
434 5068 809 5136 εὐαγγελικῶν
849 5070 1078 5125 ἐντολῶν
1127 5073 1226 5141 τῆς
1265 5072 1395 5143 περὶ
1430 5072 1521 5125 τὸν
1546 5072 1716 5126 αἰῶνα
1738 5073 1862 5125 τοῦ-

274 5173 375 5212 τον
406 5158 741 5229 καθαρθεῖσαι
784 5163 1088 5229 πτοήσεως.
1135 5161 1522 5232 Ἐϐδομαδικὸς
1560 5162 1667 5232 γὰρ
1706 5157 1861 5224 οὗτος

273 5253 306 5303 ὁ
341 5249 495 5316 αἰὼν,
530 5254 594 5321 τῇ
619 5253 663 5284 ⁸⁵
692 5255 774 5316 είς
806 5253 997 5306 ἑαυτὸν
1026 5253 1118 5307 τοῦ
1159 5254 1355 5325 χρόνου
1402 5253 1697 5324 περιελίξει
1725 5256 1859 5323 πλη-

353 5367 379 5406 ‘i
410 5365 608 5421 Joann.
648 5383 757 5433 nx,
786 5368 874 5424 39.
951 5379 973 5407 ι’
1003 5369 1171 5425 Marc.
1204 5386 1312 5435 xvr,
1362 5369 1413 5433 1,
1448 5369 1501 5423 9.

348 5503 395 5535 ⁴⁸
419 5504 807 5578 Apographum
842 5508 971 5562 τῶν.

266 5695 315 5750 Β
357 5624 468 5747 (fi-td)
501 5624 669 5681 Idem.
695 5628 819 5681 ibid.
845 5643 964 5698 cap.
989 5630 1078 5695 24,
1103 5646 1159 5699 p.
1187 5631 1312 5697 864,
1361 5641 1493 5688 tom.
1522 5634 1537 5687 1
1563 5632 1703 5704 Opp.
1730 5635 1864 5691 edit.

319 5707 421 5747 ene

319 5707 421 5747 ene

2041 4694 2179 4757 dem,
2212 4697 2424 4766 anch
2449 4700 2608 4754 etiam
2639 4702 2885 4771 fortasse,
2917 4718 3075 4780 atque
3099 4711 3230 4767 adeo
3258 4712 3440 4768 Iesum
3473 4718 3563 4788 ip-

2039 4801 2154 4838 sum
2182 4787 2356 4841 videas
2388 4798 2429 4841 ι’.
2468 4809 2485 4841 ι

2044 4896 2228 4950 Prima
2260 4899 2447 4965 Maria,
2475 4917 2541 4957 ex
2571 4920 2680 4973 qua
2705 4906 2900 4964 Sermo
2928 4920 3137 4982 septem
3165 4915 3327 4985 ejecit
3351 4917 3567 4971 dzemo-a

1971 4986 2084 5053 nia,
2114 4997 2199 5044 est
2230 4992 2412 5047 omnis
2457 4995 2634 5051 activa
2679 5000 2879 5067 anima,
2912 5019 3011 5073 per
3041 5021 3351 5061 sermonem
3386 5024 3561 5063 evan-

1968 5079 2271 5149 gelicorum
2308 5085 2691 5142 mandatorum
2731 5106 2762 5143 a
2795 5095 3236 5150 consternatione
3268 5095 3414 5151 circa
3447 5097 3561 5153 hoc

1966 5186 2145 5225 aevum
2172 5187 2420 5245 purgata.
2450 5176 2907 5237 Hebdomaticum
2934 5185 3079 5239 enim
3108 5187 3213 5241 hoc
3236 5197 3322 5241 est
3349 5204 3550 5254 :evum,
3599 5196 3608 5202 '

1966 5266 2113 5331 quod
2163 5271 2426 5347 temporis
2472 5272 2527 5326 in
2581 5278 2822 5344 seipsum
2884 5271 3380 5336 circumvolutione
3414 5297 3569 5338 con-

1560 5405 1797 5496 vaa
1842 5443 2243 5509 LECTIONES.

1970 5708 2010 5761 Β
2050 5641 2159 5764 (δεῇ)
2190 5643 2334 5697 ιιῖρπη
2371 5648 2520 5711 ιδιά..
2554 5664 2672 5719 cap.
2702 5652 2791 5716 et,
2821 5668 2873 5721 ρ.
2903 5653 3027 5717 set,
3060 5662 3195 5707 tum.
3230 5652 3413 5726 IOpp.
3457 5653 3561 5707 vd.-

2012 5726 2110 5764 (δυο
2158 5752 2170 5764 ι

2012 5726 2170 5766 ριιριι.
