4052 6366
611 341 748 409 1379
1785 329 1845 388 s.
1885 326 2176 387 MAXIMI
2213 324 2725 389 CONFESSORIS
3046 391 3049 395 ,
3200 402 3210 411 ρ
3723 331 3829 407 1330

607 465 942 523 summatnr,
966 471 996 510 a
1030 468 1141 525 quo
1172 452 1369 533 sermo
1399 442 1785 515 sulmctipsius
1807 441 2051 496 cultores
2073 437 2205 494 libe-

2315 440 2600 533 ρούμενος,
2624 430 2834 509 οὗτινος
2866 445 3145 521 ἐλευθεροῖ
3163 452 3293 516 τοὺς
3324 446 3517 509 ἑαυτοῦ
3540 454 3780 523 θιασώτας
3811 467 3831 516 ὸ

608 561 715 613 rat,
738 563 904 619 supra
942 545 1129 601 omnia
1161 529 1487 611 temporalia
1521 552 1617 593 eos
1644 533 1872 590 omnino
1900 529 2198 585 collocans.

2307 531 2504 600 Λόγος,
2539 535 2759 600 πάντως
2817 539 3041 604 αὐτοὺς·
3079 543 3339 615 ὑπεράνω
3389 545 3556 613 τιθεὶς
3609 549 3705 603 τῶν
3752 553 3834 607 ὑπὸ

606 643 791 697 Altera
826 654 960 695 vero
1010 635 1181 693 Maria
1220 642 1306 689 est
1341 631 1524 686 omnis
1556 627 1739 683 anima
1772 622 2203 692 contemplativa

2307 623 2516 717 χρόνον.
2564 626 2630 681 Ἦ
2674 628 2731 683 δὲ
2780 631 2915 702 άλλη
2953 635 3146 706 Μαρία
3178 638 3300 691 ἐστὶ
3326 640 3472 693 πᾶσα
3500 641 3639 714 ψυχὴ
3668 644 3838 717 θεωρη-

608 748 732 803 qua
781 746 931 787 vera
966 724 1302 799 cognitionis
1348 736 1454 792 ope
1499 716 1873 789 cognitionem
1913 726 2040 767 cum
2075 709 2204 766 Ser-

2307 715 2456 784 τικὴ,
2485 718 2575 772 διὰ
2603 720 2856 788 γνώσεως
2882 725 3121 794 ἀληθοῦς
3144 728 3244 801 τὴν
3269 731 3406 800 πρὸς
3434 709 3527 785 τὸν
3540 709 3697 802 Λόγον
3724 709 3837 793 κατά

608 838 774 880 mone
824 839 924 892 per
970 819 1202 892 gratiam
1250 814 1357 871 sibi
1410 809 1684 882 quasivit.
1733 806 1952 861 Salome
1995 810 2200 866 autem,

2307 807 2467 879 χάριν
2496 813 2815 891 κτησαμένη
2849 818 3194 887 συγγένειαν.
3234 823 3466 896 Σαλώμη
3495 826 3552 879 δέ
3577 827 3837 896 ἐστιν,ᾕτις

610 867 774 880 ...νυν
824 867 911 892 νυ.
970 867 1201 892 ,νη-η-
1252 867 1354 871 -.νγ
1427 867 1443 882 _

609 933 774 987 quam
820 917 1259 983 interpretantur
1300 907 1516 965 Pacem,
1554 901 1642 956 vel
1688 898 2083 961 Plenissimam,
2116 904 2205 949 est

2308 867 2692 992 eppqvetisrat.
2736 867 3034 981 Εἰρήνίπιῆ
3078 867 3838 992 η.ιηρεξῖἇῖξ,’ῖιιεξιξ”ςίζξξ

610 1009 792 1065 omnis
839 1008 1020 1063 anima
1056 1000 1408 1075 passionibus
1441 993 1675 1067 abje'ctis
1725 1000 1940 1063 pacata,
1977 996 2033 1044 et
2079 1002 2205 1057 pra-

2307 986 2396 1080 5t3t
2446 989 2546 1060 μὲν
2578 992 2767 1063 (251
2809 994 2873 1064 a)
2918 999 3019 1068 τῆς
3064 1000 3338 1074 ἀποϐολῆς
3371 1003 3478 1057 τῶν
3508 1006 3687 1060 παθῶν
3723 986 3839 1080 έῑρῆὲ

609 1103 874 1158 cticarum
928 1099 1195 1153 virtutum
1245 1092 1405 1162 copia
1461 1088 1649 1144 carnis
1693 1084 1933 1156 cogitata
1978 1081 2205 1152 spiritus

2308 1094 2561 1142 νευουσα,
2595 1085 2689 1135 καὶ
2730 1088 2798 1156 τῇ
2841 1089 3132 1159 περιουσίᾳ
3171 1091 3279 1145 τῶν
3327 1096 3647 1165 πρακτικῶν
3670 1076 3839 1169 apser

609 1194 716 1265 legi
747 1191 1067 1262 subjiciens,
1100 1203 1199 1257 per
1240 1183 1618 1254 expiationem
1655 1193 1789 1234 vero
1817 1173 2205 1244 contemplati-

2307 1171 2367 1223 τὸ
2400 1173 2656 1265 φρόνημα
2679 1178 2778 1246 τῆς
2811 1181 3015 1248 σαρκὸς
3045 1162 3469 1250 κμθυποτάξασα
3499 1187 3577 1257 τῷ
3612 1162 3747 1257 veg}?
3771 1191 3838 1244 τοῦ

609 1243 716 1265 "0'
747 1243 969 1262 --ηνη-
1031 1243 1066 1253 κ.
1101 1243 1117 1257 .
1314 1243 1331 1254 .
2044 1243 2053 1244 ,

608 1297 802 1338 varum
847 1278 1219 1352 spiritualium
1257 1271 1655 1343 cogitationum
1687 1282 1875 1323 rerum
1911 1280 2034 1335 qua
2061 1262 2205 1318 exsia

2309 1263 2646 1333 πνεύματος,
2683 1266 2771 1319 διὰ
2812 1268 2868 1321 δὲ
2918 1270 3019 1341 τῆς
3065 1271 3402 1342 πληρώσεως
3438 1243 3839 1333 «Lana-callem?

609 1381 765 1431 stunt
797 1372 1171 1443 cognitionem
1199 1384 1303 1439 pro
1344 1365 1492 1420 virili
1535 1364 1813 1435 sapienter
1843 1358 2207 1430 comprehen-

610 1468 749 1523 dens
772 1472 950 1537 parte.
973 1464 1183 1520 Joanna
1207 1469 1415 1524 autem,
1440 1473 1563 1528 qua
1584 1455 1893 1526 explicatur
1922 1450 2202 1514 Columba,

610 1560 818 1616 animal
849 1560 1005 1623 mite,
1042 1556 1173 1612 bilis
1202 1568 1403 1624 expers
1428 1561 1486 1608 et
1514 1548 1838 1615 fecundum,
1873 1546 2057 1602 omnis
2088 1538 2206 1598 ani-

2309 1355 2432 1428 ρίαν
2466 1359 2857 1433 πνευματικῶν
2890 1365 3178 1434 νοημάτων
3209 1364 3310 1437 τὴν
3350 1367 3458 1421 τῶν
3496 1368 3661 1423 ὄντων
3685 1370 3842 1438 γνῶσιν

2308 1448 2451 1502 κατὰ
2501 1449 2563 1502 τὸ
2611 1449 2838 1506 δυνατὸν
2902 1453 3084 1524 σοφῶς
3123 1436 3518 1528 περιλαϐοῦσα.
3564 1436 3766 1515 Ἰωάννα
3803 1462 3843 1515 δέ

2306 1542 2477 1605 ἐστιν,
2518 1543 2642 1613 ἥτις
2685 1545 3050 1616 ἑρμηνεύεται
3082 1548 3430 1617 περιστερὰ,
3452 1549 3515 1603 τὸ
3549 1553 3713 1622 πρᾶον
3739 1553 3846 1616 ζῶον

609 1666 699 1705 ma
748 1656 833 1704 est
874 1662 997 1718 qua
1050 1661 1150 1716 per
1202 1642 1688 1699 mansuetudinem
1734 1637 1890 1694 exuit
1935 1635 2201 1696 allectus,

2307 1635 2401 1687 καὶ
2442 1635 2635 1705 ἄχολον
2670 1639 2764 1691 καὶ
2807 1638 3126 1709 πολύγονον,
3162 1640 3313 1695 πᾶσα
3357 1642 3506 1715 ψυχὴ
3536 1643 3623 1698 διὰ
3649 1645 3845 1715 πραότη-

611 1690 699 1705 .....
749 1690 833 1704 νυ.
875 1690 996 1718 νυν
1050 1690 1139 1716 re.
1202 1690 1688 1699 -......-_--________
1741 1690 1825 1694 ,φ
2188 1690 2199 1696 ,

610 1750 778 1812 atque
801 1739 1028 1811 spiritus
1050 1739 1106 1793 in
1130 1737 1446 1809 cognitione
1469 1732 1868 1790 fecunditatem
1898 1727 2204 1782 ferventem

2310 1740 2398 1787 τος
2430 1690 2771 1796 «fama;
2811 1690 3148 1800 ἀποθε

611 1835 799 1891 habet.
848 1834 943 1889 Ha
996 1841 1182 1888 autem
1237 1846 1399 1886 mane
1454 1829 1611 1892 ﬂent,
1658 1827 1768 1881 hoc
1811 1831 1898 1879 est
1942 1822 2205 1891 lacrymas

2312 1816 2498 1885 γονίαν
2540 1818 2634 1872 τοῦ
2677 1820 2991 1891 πνεύματος
3032 1822 3298 1894 διάπυρον
3351 1823 3575 1894 ἔχουσα.
3627 1816 3777 1877 Ᾱῦται
3806 1825 3848 1878 δὲ

611 1926 892 1999 gnosticas
943 1923 1328 1995 profundunt,
1382 1920 1514 1975 dum
1567 1919 1894 1974 Sermonem
1953 1919 2205 1984 quarunt

2309 1907 2638 1980 δακρύουσιν
2687 1911 2941 1983 ὄρθριαι,
2999 1915 3248 1969 τουτέστι
3312 1914 3535 1986 δάκρυα
3597 1915 3848 1985 προχέοντι

610 2020 795 2075 omnis
823 2018 1048 2075 virtutis
1066 2025 1138 2089 et
1176 2014 1513 2093 cognitionis
1546 2024 1826 2067 summum
1874 2004 2205 2078 principem.

2308 2002 2607 2069 γνωστικά,
2644 2003 2911 2073 ζητοῦσαι
2951 2004 3045 2059 τὸν
3090 2006 3277 2077 πάσης
3308 2007 3519 2078 ἀρετῆς
3545 2023 3604 2060 τε
3630 2007 3720 2060 καὶ
3742 2006 3847 2075 γνὼο

611 2115 679 2167 Et
719 2113 913 2182 prima
940 2109 1134 2166 vident
1171 2107 1412 2178 lapidem
1446 2105 1516 2159 dc
1544 2105 1713 2175 janua
1743 2098 1982 2171 sepulcri
2025 2095 2205 2152 subla-

2311 2108 2448 2157 σεως
2494 2094 2876 2166 ἀρχικώτατον
2925 2097 3118 2167 Λόγον.
3169 2099 3282 2153 Καὶ
3331 2098 3553 2171 πρῶτον
3596 2099 3750 2168 ὁρῶσι
3783 2101 3847 2154 τὸν

612 2213 755 2270 tum,
789 2205 895 2259 hoc
917 2209 1003 2257 cst
1026 2198 1384 2256 obscuritatis
1411 2195 1699 2252 Sermonis
1722 2207 1847 2263 qua
1871 2188 2028 2246 cordi
2055 2188 2205 2242 incu-

2307 2182 2458 2237 λίθον
2491 2185 2556 2238 ὲκ
2582 2188 2682 2257 τῆς
2722 2187 2894 2259 θύρας
2925 2190 3166 2261 ἠρμένον
3195 2191 3291 2244 τοῦ
3326 2191 3623 2262 μνημείου,
3647 2191 3848 2245 τουτέστι

611 2301 709 2356 bat
742 2296 1189 2358 indurationem;
1222 2289 1426 2347 deinde
1472 2287 1718 2358 angelos,
1754 2285 1863 2339 hoc
1909 2290 1994 2338 est
2043 2289 2205 2335 natu-

2309 2278 2410 2351 τὴν
2437 2279 2795 2352 ἐπικειμένην
2828 2285 2895 2354 τῇ
2936 2283 3136 2355 καρδίᾳ
3163 2283 3265 2352 τῆς
3295 2283 3569 2353 ἀσαφείας
3595 2282 3686 2336 τοῦ
3718 2283 3848 2352 Λόγον

612 2391 758 2446 rales
788 2401 974 2443 rerum
1011 2400 1134 2455 qua
1164 2381 1441 2437 exsistunt
1470 2378 1527 2432 in
1558 2375 1753 2446 spiritu
1782 2373 2047 2437 rationes,
2078 2370 2205 2426 Ser-

2312 2369 2606 2439 mbpwaw'
2651 2368 2774 2427 εἶτα
2818 2368 2949 2439 τοὺς
3001 2376 3304 2444 ἀγγέλους,
3345 2375 3597 2428 τουτέστι
3653 2375 3765 2436 τοὺς
3810 2376 3848 2427 ὲν

610 2497 833 2538 monem
877 2492 1066 2535 rerum
1103 2476 1491 2533 universarum
1521 2482 1746 2525 causam
1790 2465 1956 2522 tacite
1999 2461 2205 2536 pradi-

2312 2464 2590 2535 πνεύματι
2632 2465 2742 2519 τῶν
2781 2466 2954 2521 ὄντων
3003 2469 3275 2537 φυσικοὺς
3324 2467 3547 2537 λόγους,
3589 2470 3754 2539 σιωπῇ
3776 2484 3849 2537 κη·

610 2581 822 2630 cames.
2316 2554 2611 2626 ρύττοντας
2630 2557 2722 2611 τὸν
2754 2558 3038 2613 παναίτιον
3063 2559 3258 2629 Λόγον.

966 2753 1089 2809 Alia
1116 2753 1173 2806 in
1202 2747 1417 2822 angelos
1451 2741 1850 2815 contemplatio.

2539 2714 2748 2795 ’Ἄλλο
2775 2740 3049 2814 θεώρημα
3067 2746 3155 2808 εις
3180 2743 3323 2811 τοὺς
3348 2745 3669 2815 ἀγγέλους.

685 2867 784 2925 Vel
834 2881 1006 2923 sacra
1053 2864 1353 2935 Scriptura
1398 2872 1684 2917 sermones
1730 2854 1826 2926 qui
1873 2842 2205 2923 apertiorem

2386 2850 2457 2905 Ἦ
2486 2852 2613 2915 τοὺς
2652 2851 2846 2922 λόγους
2876 2855 2977 2923 τῆς
3014 2855 3178 2924 ἁγίας
3224 2857 3477 2927 Γραφῆς,
3506 2860 3608 2929 τὴν
3643 2859 3757 2930 περὶ
3783 2857 3850 2912 τοῦ

612 2960 700 3018 eis
723 2960 793 3016 de
824 2958 1052 3017 Christo
1093 2967 1155 3012 ut
1185 2957 1299 3012 Deo
1327 2963 1384 3011 et
1408 2951 1654 3015 homine,
1684 2948 1739 3003 id
1783 2954 1868 3002 est
1896 2945 1966 3000 de
1997 2942 2205 2999 theolo-

2310 2944 2550 3017 Χριστοῦ
2590 2944 2667 3009 ὡς
2708 2944 2846 3000 Θεοῦ
2894 2947 2993 3000 καὶ
3040 2947 3355 3019 ἀνθρώπου,
3405 2950 3578 3021 ἥγουν
3616 2949 3709 3021 τὴν
3756 2949 3850 3019 περὶ

612 3055 705 3128 gia
735 3062 901 3125 atque
932 3050 1122 3107 divino
1156 3044 1557 3103 incarnationis
1591 3040 1829 3097 consilio
1868 3036 2079 3108 prabet
2122 3036 2205 3090 in-

2310 3037 2592 3108 θεολογίας
2621 3039 2719 3092 καὶ
2757 3039 3096 3108 οἰκονομίας,
3127 3041 3465 3112 τρανοτέραν
3509 3043 3697 3105 αὐταῖς
3731 3058 3852 3111 παρε-

615 3145 1095 3217 terpretationem.
1137 3141 1316 3198 Unum
1350 3139 1497 3194 enim
1549 3141 1743 3190 narrat
1784 3129 2072 3199 Scriptura
2116 3143 2205 3183 eas

2313 3129 2577 3200 χομένους
2630 3128 2863 3186 ἔννοιαν.
2918 3131 3056 3189 Ἕνα
3113 3132 3221 3202 γάρ
3261 3148 3429 3204 φησιν
3474 3135 3505 3187 ό
3541 3131 3695 3202 λόγος
3723 3131 3851 3192 αὑτὰς

612 3216 821 3292 vidisse
853 3234 1020 3304 capiti
1054 3240 1351 3295 astantem,
1395 3237 1452 3284 et
1504 3229 1740 3282 alterum
1777 3223 1843 3277 ad
1883 3222 2073 3294 pedes.
2111 3220 2205 3275 Et-

2316 3221 2625 3290 ἑωρακέναι
2663 3221 2802 3292 πρὸς
2829 3225 2898 3294 τῇ
2934 3222 3168 3295 κεφαλῇ,
3193 3225 3287 3279 καὶ
3322 3224 3421 3279 ἕνα
3446 3216 3718 3296 πρὺςντοῑς
3739 3222 3847 3276 ποσί.

615 3327 768 3382 enim
793 3326 888 3396 qui
918 3323 1084 3394 capiti
1116 3329 1296 3377 astare
1325 3317 1617 3390 theologia
1644 3329 1957 3373 sermonem
1984 3321 2205 3383 propter

2318 3311 2462 3382 Πρὸς
2495 3314 2563 3383 τῇ
2611 3312 2822 3384 κεφαλῇ
2857 3313 2970 3385 γὰρ
3036 3309 3180 3367 εἶναι
3216 3313 3307 3369 τὸν
3355 3315 3458 3384 τῆς
3506 3314 3765 3380 Θεολογίας
3785 3311 3861 3363 λό-Δ

616 3419 827 3476 Christi
888 3418 1187 3482 deitatem,
1243 3413 1482 3486 pedibus
1542 3420 1724 3467 astare
1784 3405 2205 3479 dispensationis

2323 3421 2420 3473 γον
2471 3404 2561 3458 διὰ
2611 3405 2712 3475 τὴν
2764 3405 2995 3476 θεότητα
3048 3406 3146 3460 τοῦ
3196 3407 3466 3480 Χριστοῦ,
3501 3408 3639 3480 πρὸς
3688 3407 3739 3460 δὲ
3770 3407 3849 3465 τοῖς

618 3521 850 3587 propter
878 3510 1337 3571 incarnationem,
1365 3514 1421 3563 et
1440 3504 1537 3576 qui
1553 3502 1764 3561 Christi
1790 3500 2016 3573 quidem
2048 3507 2205 3569 caput

2316 3498 2443 3551 ποσὶ
2472 3499 2562 3552 τὸν
2587 3494 2690 3569 τῆς
2720 3499 3037 3571 οἰκονομίας
3060 3499 3150 3555 διὰ
3172 3500 3272 3572 τὴν
3301 3501 3608 3569 σάρκωσιν,
3639 3500 3725 3553 καὶ
3748 3499 3848 3566 Χρι-

619 3606 965 3663 divinitatem
996 3605 1138 3675 ejus,
1183 3600 1354 3671 pedes
1381 3596 1787 3654 humanitatem
1828 3594 1948 3666 ejus
1986 3591 2205 3656 dixerit,

2314 3589 2442 3643 στοῦ
2475 3591 2575 3660 μὲν
2605 3590 2846 3664 κεφαλὴν
2877 3591 2980 3664 τὴν
3011 3591 3242 3663 Θεότητα
3275 3591 3468 3660 αὐτοῦ,
3502 3593 3666 3657 πόδας
3705 3592 3754 3644 δὲ
3781 3588 3848 3658 τὴν

618 3698 669 3755 is
698 3713 730 3753 a
755 3712 889 3753 vero
913 3710 1024 3751 non
1047 3692 1355 3750 aberrabit.

2311 3680 2709 3755 ἀνθρωπότητα
2737 3683 2904 3738 αὑτοῦ
2932 3685 3105 3754 λέγων
3127 3702 3212 3750 τις
3238 3685 3333 3738 τοῦ
3360 3686 3577 3749 εἰκότος
3601 3684 3693 3754 οὐχ
3713 3682 3848 3752 ἀμαρ-

2309 3773 2560 3843 τήσεται.
2590 3790 2593 3791 ⁷

969 3961 1095 4017 Alia
1120 3962 1180 4015 in
1216 3957 1426 4014 eosdem
1461 3952 1860 4024 contemplatio.

690 4079 790 4136 Vel
837 4077 1094 4141 fortasse,
1140 4072 1290 4128 circa
1323 4066 1544 4140 pietatis
1581 4078 1894 4123 sermonem
1943 4063 2205 4120 motiones

2395 4067 2464 4120 Ἦ
2495 4067 2660 4139 τυχὸν
2690 4068 2792 4132 τὰς
2824 4070 2967 4124 κατὰ
3004 4070 3309 4141 συνείδησιν
3332 4070 3463 4138 περὶ
3493 4069 3590 4124 τὸν
3619 4068 3759 4132 λόγον
3780 4063 3851 4131 τῆς

628 4171 680 4227 ἰιι
708 4168 1047 4226 conscientia
1092 4163 1320 4235 angelos
1352 4175 1497 4225 esse,
1532 4165 1759 4229 propter
1788 4155 2091 4227 perfectam
2119 4171 2205 4210 ne-

2318 4157 2605 4223 εὐσεϐείας
2657 4161 2905 4231 κινήσεις
2961 4157 3102 4214 εἶναι
3156 4160 3286 4223 τοὺς
3344 4159 3637 4229 ἀγγέλους,
3661 4155 3740 4210 διὰ
3781 4153 3853 4223 τὴν

628 4264 814 4336 quitia
854 4271 910 4317 et
954 4256 1276 4332 ignorantia
1305 4252 1729 4325 depositionem,
1773 4248 2205 4331 intellectualitel

2320 4251 2561 4321 παντελῆ
2605 4253 2706 4322 τῆς
2757 4255 2956 4317 κακίας
3021 4270 3081 4306 τε
3131 4253 3225 4306 καὶ
3272 4254 3555 4321 ἀγνωσίας
3594 4246 3852 4314 ἀποϐολήν

630 4358 709 4415 eis
738 4354 1102 4428 praedicantes
1130 4347 1417 4406 Sermonis
1442 4346 1514 4401 ob
1549 4341 1852 4414 nequitiam
1882 4341 2012 4397 olim
2047 4339 2105 4394 in
2130 4340 2205 4411 ip-

2321 4343 2702 4414 κηρυττούσας
2745 4345 2939 4409 αὑταῖς
2986 4344 3207 4416 νοητῶςν
3242 4344 3338 4399 τοῦ
3391 4344 3529 4397 ποτὲ
3580 4341 3666 4396 διὰ
3699 4338 3853 4393 κακίαν

624 4449 703 4506 sis
739 4425 1079 4503 —mortilicati
1150 4439 1637 4497 resurrectionem.
1698 4435 1878 4504 Atque
1939 4440 2205 4503 postremc

2322 4434 2381 4488 ὲν
2411 4435 2612 4499 αὐταῖς
2666 4436 3042 4506 νεκρωθέντος
3065 4438 3246 4505 Λόγου
3288 4436 3390 4507 τὴν
3445 4435 3749 4488 ἀνάστασιν.
3777 4425 3854 4478 Καὶ

626 4542 808 4613 ipsum
851 4537 1044 4592 vident
1089 4533 1416 4590 Sermonem
1458 4529 1608 4585 clare
1648 4526 1732 4582 eis
1775 4523 2205 4580 manifestatum.

2325 4526 2478 4591 τέλος
2516 4527 2679 4582 αὑτὸν
2721 4529 2892 4601 ὁρῶσι
2921 4529 3016 4583 τὸν
3056 4528 3230 4598 Λόγον
3258 4528 3561 4600 διαρρήδην
3585 4525 3758 4585 αὐταῖς
3785 4521 3854 4586 ἑμ-

627 4611 748 4690 sine
799 4630 1065 4704 symbolis
1128 4638 1186 4691 et
1232 4624 1606 4698 imaginibus,
1663 4630 1829 4691 atque
1885 4614 2205 4688 intelligibili

2326 4618 2707 4689 φανιζόμενον,
2762 4620 3049 4691 συμὸόλων
3087 4618 3209 4690 δίχα
3259 4619 3356 4672 καὶ
3399 4617 3612 4683 τύπων,
3653 4611 3853 4677 καὶπλη·

629 4700 845 4795 εευᾱίσ
859 4723 1181 4792 ιόριοιιῑεειιὶΔ
1202 4717 1603 4776 intellectuales
1631 4727 1822 4770 earum
1853 4723 2070 4766 sensus.

2325 4710 2524 4782 ροῦντα
2573 4712 2748 4782 χαρᾶς
2786 4709 2982 4784 (251
3008 4711 3069 4783 θ)
3119 4712 3316 4784 νοητῆς
3355 4710 3455 4775 τὰς
3484 4707 3675 4781 νοερᾶς
3719 4700 3853 4758 αὑτῶν

2322 4804 2620 4874 χωρήσεις.

632 5005 718 5060 Ea:
748 5004 928 5060 eodem
961 5016 1221 5066 sermone,
1250 4999 1305 5053 in
1336 4994 1473 5051 illud
1503 5009 1521 5048 :
1554 5012 1572 5044 ι
1603 4992 1823 5047 Petrum
1846 4988 1927 5044 vel
1956 4987 2205 5044 Joannem

2338 4992 2441 5047 Ἕκ
2470 4991 2576 5047 τοῦ
2606 4991 2795 5048 αὑτοῦ
2831 4990 3040 5064 λόγου,
3084 4994 3173 5059 εις
3204 4989 3275 5044 τό
3303 5008 3317 5023 ο
3347 4988 3593 5054 «Ter-oi":
3621 4974 3850 5052 Πέτροςῆ

701 5099 916 5155 imitare
962 5103 985 5131 ⁸
1012 5134 1026 5161 ,
1059 5094 1130 5148 ad
1167 5088 1472 5160 sepulcrum
1520 5100 1770 5158 propera,
1808 5081 1968 5137 simul
2002 5097 2066 5135 ac
2105 5096 2222 5134 cer-
2409 5078 2964 5149 ’dermq'éxltdr
2979 5071 3851 5150 tdsoorénslxontt,drthézwt

702 5189 859 5312 ¢tiatim
901 5200 1138 5249 currens,
1177 5191 1336 5251 atque
1378 5178 1598 5231 honesta
1632 5171 1972 5229 wmulatione
2003 5179 2205 5226 conten-

740 5274 850 5312 ens.
883 5275 902 5307 ι
1559 5290 1572 5299 .

2396 5173 2780 5243 συντρέχων,
2841 5172 2960 5242 τὴν
3010 5171 3214 5242 καλὴν
3267 5172 3535 5242 ἅμιλλαν
3578 5161 3853 5237 (ind—1W9

2366 5304 2370 5308 .
2395 5282 2503 5312 γορ
2526 5265 2662 5312 (53L
2705 5283 2722 5312 ι

838 5296 850 5310 .
883 5275 902 5307 ι
1559 5290 1572 5299 -
1868 5329 1877 5336 θ
2366 5304 2370 5308 ρ
2395 5282 2503 5329 νος
2526 5265 2662 5336 (55).
2705 5283 2722 5317 ι
3886 5288 3889 5289 ⁷

702 5266 850 5312 dens.
883 5275 902 5307 ι
1559 5290 1572 5299 .

702 5370 901 5426 Petrus
925 5364 1150 5437 quidem
1185 5371 1271 5419 est
1298 5359 1479 5416 omnis
1504 5358 1668 5413 homo
1701 5357 1796 5427 qui
1827 5329 1951 5411 ﬁdei
1979 5355 2035 5410 in
2064 5352 2205 5410 Chri-

2366 5282 2503 5329 ⁶νος·
2549 5266 2615 5319 55
2645 5300 2662 5318 .
2705 5283 2722 5317 ι

2403 5266 2745 5428 Πέτὲος›μὲν
2790 5356 2905 5412 ἐστι
2936 5359 3045 5421 πᾶς
3092 5356 3379 5429 ἄνθρωπος
3401 5356 3464 5410 τὸ
3497 5352 3757 5423 στερέωμα
3780 5342 3850 5411 τῆς

632 5472 778 5519 stum
806 5432 1212 5515 firmamentum
1237 5469 1335 5525 per
1360 5451 1484 5505 vita
1514 5450 1780 5505 rationem
1814 5448 1921 5504 sibi
1946 5446 2205 5516 acquirit:

2331 5448 2410 5511 εἰς
2438 5448 2676 5519 Χριστὸν
2708 5449 2944 5513 πίστεως
2973 5451 3114 5503 κατά
3157 5450 3258 5519 τὴν
3303 5444 3644 5517 ἀναστροφὴν
3665 5437 3745 5494 τοῦ
3764 5432 3848 5505 βίον

630 5555 874 5612 Joannes
897 5566 1030 5606 vero
1069 5547 1165 5618 qui
1197 5555 1423 5618 propter
1466 5543 1693 5598 multam
1740 5538 2205 5596 mansuetudinen

2331 5540 2677 5610 κτησάμενος
2703 5556 2716 5571 ·
2778 5540 3033 5610 Ἰωάννης
3082 5539 3139 5594 δὲ
3176 5541 3204 5593 ὁ
3244 5538 3333 5593 διὰ
3384 5536 3656 5609 πραότητα
3696 5519 3847 5589 πολλὴν

2592 3959 2785 4013 Ἀλλο
2822 3959 3095 4031 θεώρημα
3115 3962 3203 4027 είς
3227 3959 3367 4028 τοὺς
3394 3961 3641 4025 αὐτούς.

700 5679 725 5708 ι
756 5666 916 5722 Joan.
946 5679 1037 5719 xx.
1072 5660 1125 5714 3.

707 5778 823 5853 (εδ)
856 5779 1004 5836 Idem
1033 5777 1182 5846 ibid.,
1210 5794 1331 5850 cap.
1357 5777 1447 5845 24,
1474 5793 1526 5848 p.
1565 5776 1688 5841 864,
1717 5782 1848 5830 tom.
1882 5774 1900 5828 Ι
1930 5765 2070 5844 Opp.
2104 5771 2193 5828 ed.
2235 5769 2441 5827 Bened.
