  <div class='ocr_page' id='page_1' title='image "/cluster/home/n/w/nwhite01/storage/ocr_20150623/91:no.2/coo.31924054869957/712.png"; bbox 0 0 4052 6388; ppageno 0'>
   <div class='ocr_carea' id='block_1_1' title="bbox 358 358 491 424">
    <p class='ocr_par' dir='ltr' id='par_1_1' title="bbox 358 358 491 424">
     <span class='ocr_line' id='line_1_1' title="bbox 358 358 491 424; baseline 0.008 -4"><span class='ocrx_word' id='word_1_1' title='bbox 358 358 491 424; x_wconf 80' lang='grc'><strong>1381</strong></span> 
     </span>
    </p>
   </div>
   <div class='ocr_carea' id='block_1_2' title="bbox 350 559 1938 631">
    <p class='ocr_par' dir='ltr' id='par_1_2' title="bbox 350 559 1938 631">
     <span class='ocr_line' id='line_1_2' title="bbox 350 559 1938 631; baseline -0.004 -15"><span class='ocrx_word' id='word_1_2' title='bbox 350 562 467 624; x_wconf 84' lang='grc' dir='ltr'>δίας</span> <span class='ocrx_word' id='word_1_3' title='bbox 497 561 864 631; x_wconf 77' lang='grc' dir='ltr'><strong>ἀγαπώμενος</strong></span> <span class='ocrx_word' id='word_1_4' title='bbox 895 559 973 630; x_wconf 82' lang='grc' dir='ltr'>τῷ</span> <span class='ocrx_word' id='word_1_5' title='bbox 1004 559 1184 630; x_wconf 84' lang='grc' dir='ltr'>Λόγῳ,</span> <span class='ocrx_word' id='word_1_6' title='bbox 1221 562 1314 613; x_wconf 75' lang='grc' dir='ltr'><strong>καὶ</strong></span> <span class='ocrx_word' id='word_1_7' title='bbox 1373 559 1463 614; x_wconf 83' lang='grc' dir='ltr'>διὰ</span> <span class='ocrx_word' id='word_1_8' title='bbox 1489 559 1649 613; x_wconf 83' lang='grc' dir='ltr'>τοῦτο</span> <span class='ocrx_word' id='word_1_9' title='bbox 1685 560 1810 622; x_wconf 83' lang='grc' dir='ltr'>τοὺς</span> <span class='ocrx_word' id='word_1_10' title='bbox 1838 559 1938 627; x_wconf 78' lang='grc' dir='ltr'><strong>τῆς</strong></span> 
     </span>
    </p>
   </div>
   <div class='ocr_carea' id='block_1_3' title="bbox 350 650 1936 724">
    <p class='ocr_par' dir='ltr' id='par_1_3' title="bbox 350 650 1936 724">
     <span class='ocr_line' id='line_1_3' title="bbox 350 650 1936 724; baseline -0.003 -19"><span class='ocrx_word' id='word_1_11' title='bbox 350 653 546 724; x_wconf 71' lang='grc' dir='ltr'>σοφίας</span> <span class='ocrx_word' id='word_1_12' title='bbox 594 653 691 706; x_wconf 74' lang='grc' dir='ltr'>καὶ</span> <span class='ocrx_word' id='word_1_13' title='bbox 730 653 831 721; x_wconf 85' lang='grc' dir='ltr'><strong>τῆς</strong></span> <span class='ocrx_word' id='word_1_14' title='bbox 876 651 1132 719; x_wconf 85' lang='grc' dir='ltr'>γνώσεως</span> <span class='ocrx_word' id='word_1_15' title='bbox 1182 652 1491 721; x_wconf 74' lang='grc' dir='ltr'>θησαυροὺς</span> <span class='ocrx_word' id='word_1_16' title='bbox 1524 650 1936 719; x_wconf 78' lang='grc' dir='ltr'><strong>πιστευόμενος,</strong></span> 
     </span>
    </p>
   </div>
   <div class='ocr_carea' id='block_1_4' title="bbox 350 737 1939 813">
    <p class='ocr_par' dir='ltr' id='par_1_4' title="bbox 350 737 1939 813">
     <span class='ocr_line' id='line_1_4' title="bbox 350 737 1939 813; baseline -0.004 -15"><span class='ocrx_word' id='word_1_17' title='bbox 350 744 445 798; x_wconf 65' lang='grc' dir='ltr'><strong>καὶ</strong></span> <span class='ocrx_word' id='word_1_18' title='bbox 482 744 550 813; x_wconf 82' lang='grc' dir='ltr'>τῇ</span> <span class='ocrx_word' id='word_1_19' title='bbox 579 743 671 796; x_wconf 71' lang='grc' dir='ltr'><strong>ἐπὶ</strong></span> <span class='ocrx_word' id='word_1_20' title='bbox 702 742 764 794; x_wconf 84' lang='grc' dir='ltr'><strong>τὸ</strong></span> <span class='ocrx_word' id='word_1_21' title='bbox 795 741 993 811; x_wconf 83' lang='grc' dir='ltr'>στῆθος</span> <span class='ocrx_word' id='word_1_22' title='bbox 1028 741 1343 795; x_wconf 85' lang='grc' dir='ltr'>ἀναπτώσει</span> <span class='ocrx_word' id='word_1_23' title='bbox 1372 742 1430 807; x_wconf 81' lang='grc' dir='ltr'>ἐξ</span> <span class='ocrx_word' id='word_1_24' title='bbox 1447 741 1618 811; x_wconf 75' lang='grc' dir='ltr'>αὐτῆς</span> <span class='ocrx_word' id='word_1_25' title='bbox 1637 737 1731 792; x_wconf 82' lang='grc' dir='ltr'>τοῦ</span> <span class='ocrx_word' id='word_1_26' title='bbox 1760 739 1939 808; x_wconf 85' lang='grc' dir='ltr'>Λόγου</span> 
     </span>
    </p>
   </div>
   <div class='ocr_carea' id='block_1_5' title="bbox 348 832 1938 906">
    <p class='ocr_par' dir='ltr' id='par_1_5' title="bbox 348 832 1938 906">
     <span class='ocr_line' id='line_1_5' title="bbox 348 832 1938 906; baseline -0.004 -17"><span class='ocrx_word' id='word_1_27' title='bbox 348 835 448 906; x_wconf 81' lang='grc' dir='ltr'>τῆς</span> <span class='ocrx_word' id='word_1_28' title='bbox 475 833 715 905; x_wconf 83' lang='grc' dir='ltr'>κρυφίας</span> <span class='ocrx_word' id='word_1_29' title='bbox 750 833 1007 904; x_wconf 82' lang='grc' dir='ltr'><strong>θεότητος</strong></span> <span class='ocrx_word' id='word_1_30' title='bbox 1038 835 1139 904; x_wconf 82' lang='grc' dir='ltr'><strong>τὴν</strong></span> <span class='ocrx_word' id='word_1_31' title='bbox 1185 834 1285 902; x_wconf 85' lang='grc' dir='ltr'>τῆς</span> <span class='ocrx_word' id='word_1_32' title='bbox 1319 832 1596 900; x_wconf 75' lang='grc' dir='ltr'>θεολογίας</span> <span class='ocrx_word' id='word_1_33' title='bbox 1627 832 1938 901; x_wconf 85' lang='grc' dir='ltr'>κομισάμε-</span> 
     </span>
    </p>
   </div>
   <div class='ocr_carea' id='block_1_6' title="bbox 349 916 1937 995">
    <p class='ocr_par' dir='ltr' id='par_1_6' title="bbox 349 916 1937 995">
     <span class='ocr_line' id='line_1_6' title="bbox 349 916 1937 995; baseline -0.004 -16"><span class='ocrx_word' id='word_1_34' title='bbox 349 942 442 989; x_wconf 87' lang='grc' dir='ltr'><strong>νος</strong></span> <span class='ocrx_word' id='word_1_35' title='bbox 464 926 715 993; x_wconf 87' lang='grc' dir='ltr'>δύναμιν.</span> <span class='ocrx_word' id='word_1_36' title='bbox 764 925 1167 995; x_wconf 77' lang='grc' dir='ltr'>’Λντιτρέχουσι</span> <span class='ocrx_word' id='word_1_37' title='bbox 1194 924 1251 976; x_wconf 82' lang='grc' dir='ltr'>δὲ</span> <span class='ocrx_word' id='word_1_38' title='bbox 1294 922 1546 992; x_wconf 86' lang='grc' dir='ltr'>ἀλλήλοις</span> <span class='ocrx_word' id='word_1_39' title='bbox 1579 916 1746 985; x_wconf 73' lang='grc' dir='ltr'>οὗτοι,</span> <span class='ocrx_word' id='word_1_40' title='bbox 1779 923 1808 973; x_wconf 87' lang='grc' dir='ltr'>ὁ</span> <span class='ocrx_word' id='word_1_41' title='bbox 1838 919 1937 990; x_wconf 86' lang='grc' dir='ltr'><strong>μὲν</strong></span> 
     </span>
    </p>
   </div>
   <div class='ocr_carea' id='block_1_7' title="bbox 351 1011 1937 1087">
    <p class='ocr_par' dir='ltr' id='par_1_7' title="bbox 351 1011 1937 1087">
     <span class='ocr_line' id='line_1_7' title="bbox 351 1011 1937 1087; baseline -0.005 -17"><span class='ocrx_word' id='word_1_42' title='bbox 351 1018 497 1070; x_wconf 85' lang='grc' dir='ltr'>κατὰ</span> <span class='ocrx_word' id='word_1_43' title='bbox 524 1016 627 1086; x_wconf 84' lang='grc' dir='ltr'><strong>τὴν</strong></span> <span class='ocrx_word' id='word_1_44' title='bbox 664 1015 921 1087; x_wconf 80' lang='grc' dir='ltr'><strong>ἐνάρετον</strong></span> <span class='ocrx_word' id='word_1_45' title='bbox 965 1015 1167 1087; x_wconf 81' lang='grc' dir='ltr'>πρᾶξιν</span> <span class='ocrx_word' id='word_1_46' title='bbox 1205 1016 1305 1086; x_wconf 83' lang='grc' dir='ltr'>τὴν</span> <span class='ocrx_word' id='word_1_47' title='bbox 1335 1014 1427 1068; x_wconf 85' lang='grc' dir='ltr'>τοῦ</span> <span class='ocrx_word' id='word_1_48' title='bbox 1459 1015 1650 1084; x_wconf 80' lang='grc' dir='ltr'>ἐτέρου</span> <span class='ocrx_word' id='word_1_49' title='bbox 1699 1011 1937 1083; x_wconf 74' lang='grc' dir='ltr'>θεωρίαν</span> 
     </span>
    </p>
   </div>
   <div class='ocr_carea' id='block_1_8' title="bbox 351 1102 1940 1176">
    <p class='ocr_par' dir='ltr' id='par_1_8' title="bbox 351 1102 1940 1176">
     <span class='ocr_line' id='line_1_8' title="bbox 351 1102 1940 1176; baseline -0.004 -16"><span class='ocrx_word' id='word_1_50' title='bbox 351 1107 574 1176; x_wconf 73' lang='grc' dir='ltr'>νικῆσαι</span> <span class='ocrx_word' id='word_1_51' title='bbox 614 1106 958 1175; x_wconf 80' lang='grc' dir='ltr'>φιλονεικῶν,</span> <span class='ocrx_word' id='word_1_52' title='bbox 1005 1109 1033 1160; x_wconf 86' lang='grc' dir='ltr'><strong>ό</strong></span> <span class='ocrx_word' id='word_1_53' title='bbox 1073 1106 1129 1159; x_wconf 83' lang='grc' dir='ltr'><strong>δὲ</strong></span> <span class='ocrx_word' id='word_1_54' title='bbox 1159 1105 1301 1159; x_wconf 80' lang='grc' dir='ltr'>κατὰ</span> <span class='ocrx_word' id='word_1_55' title='bbox 1331 1105 1431 1175; x_wconf 83' lang='grc' dir='ltr'><strong>τὴν</strong></span> <span class='ocrx_word' id='word_1_56' title='bbox 1465 1102 1774 1174; x_wconf 79' lang='grc' dir='ltr'>γνωστικὴν</span> <span class='ocrx_word' id='word_1_57' title='bbox 1804 1103 1940 1155; x_wconf 86' lang='grc' dir='ltr'>θεω-</span> 
     </span>
    </p>
   </div>
   <div class='ocr_carea' id='block_1_9' title="bbox 354 1193 1936 1267">
    <p class='ocr_par' dir='ltr' id='par_1_9' title="bbox 354 1193 1936 1267">
     <span class='ocr_line' id='line_1_9' title="bbox 354 1193 1936 1267; baseline 0 -20"><span class='ocrx_word' id='word_1_58' title='bbox 354 1199 480 1267; x_wconf 80' lang='grc' dir='ltr'>ρίαν</span> <span class='ocrx_word' id='word_1_59' title='bbox 508 1195 605 1267; x_wconf 81' lang='grc' dir='ltr'>τὴν</span> <span class='ocrx_word' id='word_1_60' title='bbox 630 1196 828 1267; x_wconf 81' lang='grc' dir='ltr'>πρᾶξιν</span> <span class='ocrx_word' id='word_1_61' title='bbox 847 1195 942 1249; x_wconf 81' lang='grc' dir='ltr'>τοῦ</span> <span class='ocrx_word' id='word_1_62' title='bbox 961 1196 1121 1251; x_wconf 82' lang='grc' dir='ltr'>ἄλλου</span> <span class='ocrx_word' id='word_1_63' title='bbox 1147 1195 1531 1267; x_wconf 79' lang='grc' dir='ltr'><strong>παραδραμεῖν</strong></span> <span class='ocrx_word' id='word_1_64' title='bbox 1559 1193 1936 1264; x_wconf 75' lang='grc' dir='ltr'>ἐπειγόμενος.</span> 
     </span>
    </p>
   </div>
   <div class='ocr_carea' id='block_1_10' title="bbox 351 1286 1940 1359">
    <p class='ocr_par' dir='ltr' id='par_1_10' title="bbox 351 1286 1940 1359">
     <span class='ocr_line' id='line_1_10' title="bbox 351 1286 1940 1359; baseline -0.001 -19"><span class='ocrx_word' id='word_1_65' title='bbox 351 1287 714 1358; x_wconf 85' lang='grc' dir='ltr'>Συντρέχουσι</span> <span class='ocrx_word' id='word_1_66' title='bbox 743 1287 801 1341; x_wconf 81' lang='grc' dir='ltr'>δὲ</span> <span class='ocrx_word' id='word_1_67' title='bbox 835 1288 980 1341; x_wconf 80' lang='grc' dir='ltr'>κατὰ</span> <span class='ocrx_word' id='word_1_68' title='bbox 1017 1288 1117 1358; x_wconf 80' lang='grc' dir='ltr'><strong>τὴν</strong></span> <span class='ocrx_word' id='word_1_69' title='bbox 1151 1288 1410 1359; x_wconf 86' lang='grc' dir='ltr'>πρόθεσιν</span> <span class='ocrx_word' id='word_1_70' title='bbox 1447 1288 1720 1358; x_wconf 82' lang='grc' dir='ltr'>ἀλλήλοις,</span> <span class='ocrx_word' id='word_1_71' title='bbox 1749 1286 1940 1339; x_wconf 74' lang='grc' dir='ltr'>ἑκάτε-</span> 
     </span>
    </p>
   </div>
   <div class='ocr_carea' id='block_1_11' title="bbox 352 1374 1942 1449">
    <p class='ocr_par' dir='ltr' id='par_1_11' title="bbox 352 1374 1942 1449">
     <span class='ocr_line' id='line_1_11' title="bbox 352 1374 1942 1449; baseline -0.002 -19"><span class='ocrx_word' id='word_1_72' title='bbox 352 1395 446 1448; x_wconf 88' lang='grc' dir='ltr'><strong>ρος</strong></span> <span class='ocrx_word' id='word_1_73' title='bbox 474 1378 616 1432; x_wconf 84' lang='grc' dir='ltr'>κατὰ</span> <span class='ocrx_word' id='word_1_74' title='bbox 639 1378 701 1431; x_wconf 84' lang='grc' dir='ltr'>τὸ</span> <span class='ocrx_word' id='word_1_75' title='bbox 736 1378 851 1432; x_wconf 88' lang='grc' dir='ltr'>ῐσον</span> <span class='ocrx_word' id='word_1_76' title='bbox 896 1378 1025 1449; x_wconf 74' lang='grc' dir='ltr'>περὶ</span> <span class='ocrx_word' id='word_1_77' title='bbox 1050 1377 1111 1431; x_wconf 83' lang='grc' dir='ltr'><strong>τὸ</strong></span> <span class='ocrx_word' id='word_1_78' title='bbox 1157 1379 1358 1432; x_wconf 77' lang='grc' dir='ltr'>οἰκεῖον</span> <span class='ocrx_word' id='word_1_79' title='bbox 1402 1375 1607 1446; x_wconf 87' lang='grc' dir='ltr'>ἀγαθὸν</span> <span class='ocrx_word' id='word_1_80' title='bbox 1653 1374 1942 1446; x_wconf 82' lang='grc' dir='ltr'>εὑοδούμε-</span> 
     </span>
    </p>
   </div>
   <div class='ocr_carea' id='block_1_12' title="bbox 350 1480 1073 1534">
    <p class='ocr_par' dir='ltr' id='par_1_12' title="bbox 350 1480 1073 1534">
     <span class='ocr_line' id='line_1_12' title="bbox 350 1480 1073 1534; baseline 0.003 -11"><span class='ocrx_word' id='word_1_81' title='bbox 350 1486 462 1534; x_wconf 80' lang='grc' dir='ltr'>νος.</span> <span class='ocrx_word' id='word_1_82' title='bbox 1052 1480 1073 1490; x_wconf 82' lang='grc'><strong><em>⁸</em></strong></span> 
     </span>
    </p>
   </div>
   <div class='ocr_carea' id='block_1_13' title="bbox 620 1646 1681 1719">
    <p class='ocr_par' dir='ltr' id='par_1_13' title="bbox 620 1646 1681 1719">
     <span class='ocr_line' id='line_1_13' title="bbox 620 1646 1681 1719; baseline -0.003 -14"><span class='ocrx_word' id='word_1_83' title='bbox 620 1650 814 1705; x_wconf 73' lang='grc' dir='ltr'>’Ἄλλο</span> <span class='ocrx_word' id='word_1_84' title='bbox 848 1649 1121 1719; x_wconf 83' lang='grc' dir='ltr'>θεώρημα</span> <span class='ocrx_word' id='word_1_85' title='bbox 1149 1651 1236 1715; x_wconf 74' lang='grc' dir='ltr'>εἰς</span> <span class='ocrx_word' id='word_1_86' title='bbox 1268 1646 1411 1714; x_wconf 83' lang='grc' dir='ltr'>τοὺς</span> <span class='ocrx_word' id='word_1_87' title='bbox 1439 1646 1681 1712; x_wconf 85' lang='grc' dir='ltr'>αὐτούς.</span> 
     </span>
    </p>
   </div>
   <div class='ocr_carea' id='block_1_14' title="bbox 423 1757 1949 1833">
    <p class='ocr_par' dir='ltr' id='par_1_14' title="bbox 423 1757 1949 1833">
     <span class='ocr_line' id='line_1_14' title="bbox 423 1757 1949 1833; baseline -0.007 -14"><span class='ocrx_word' id='word_1_88' title='bbox 423 1763 630 1833; x_wconf 82' lang='grc' dir='ltr'>Πέτρος</span> <span class='ocrx_word' id='word_1_89' title='bbox 676 1763 735 1816; x_wconf 83' lang='grc' dir='ltr'><strong>δέ</strong></span> <span class='ocrx_word' id='word_1_90' title='bbox 776 1764 890 1816; x_wconf 77' lang='grc' dir='ltr'>ἐστι</span> <span class='ocrx_word' id='word_1_91' title='bbox 941 1761 1124 1827; x_wconf 86' lang='grc' dir='ltr'>πάλιν,</span> <span class='ocrx_word' id='word_1_92' title='bbox 1165 1762 1259 1814; x_wconf 73' lang='grc' dir='ltr'>καὶ</span> <span class='ocrx_word' id='word_1_93' title='bbox 1298 1761 1570 1830; x_wconf 82' lang='grc' dir='ltr'><strong>Ἰωάννης,</strong></span> <span class='ocrx_word' id='word_1_94' title='bbox 1607 1759 1839 1820; x_wconf 76' lang='grc' dir='ltr'>ἕκαστος</span> <span class='ocrx_word' id='word_1_95' title='bbox 1863 1757 1949 1811; x_wconf 80' lang='grc' dir='ltr'><strong>ἇν-</strong></span> 
     </span>
    </p>
   </div>
   <div class='ocr_carea' id='block_1_15' title="bbox 1604 355 2421 417">
    <p class='ocr_par' dir='ltr' id='par_1_15' title="bbox 1604 355 2421 417">
     <span class='ocr_line' id='line_1_15' title="bbox 1604 355 2421 417; baseline 0.002 -2"><span class='ocrx_word' id='word_1_96' title='bbox 1604 355 2128 416; x_wconf 83' lang='lat' dir='ltr'><strong>AMBIGUORUM</strong></span> <span class='ocrx_word' id='word_1_97' title='bbox 2169 357 2421 417; x_wconf 83' lang='lat' dir='ltr'><strong>LIBER.</strong></span> 
     </span>
    </p>
   </div>
   <div class='ocr_carea' id='block_1_16' title="bbox 350 466 1944 542">
    <p class='ocr_par' dir='ltr' id='par_1_16' title="bbox 350 466 1933 542">
     <span class='ocr_line' id='line_1_16' title="bbox 350 466 1933 542; baseline -0.004 -17"><span class='ocrx_word' id='word_1_98' title='bbox 350 475 447 526; x_wconf 64' lang='lat' dir='ltr'><strong>uel.</strong></span> <span class='ocrx_word' id='word_1_99' title='bbox 472 472 570 542; x_wconf 80' lang='grc' dir='ltr'>τὴν</span> <span class='ocrx_word' id='word_1_100' title='bbox 602 472 666 524; x_wconf 74' lang='grc' dir='ltr'>ἐκ</span> <span class='ocrx_word' id='word_1_101' title='bbox 704 469 908 539; x_wconf 78' lang='grc' dir='ltr'>ταύτης</span> <span class='ocrx_word' id='word_1_102' title='bbox 952 467 1231 540; x_wconf 80' lang='grc' dir='ltr'>ἀκραιφνῆ</span> <span class='ocrx_word' id='word_1_103' title='bbox 1264 466 1612 538; x_wconf 81' lang='grc' dir='ltr'>καθαρότητα</span> <span class='ocrx_word' id='word_1_104' title='bbox 1662 466 1760 537; x_wconf 82' lang='grc' dir='ltr'>τῆς</span> <span class='ocrx_word' id='word_1_105' title='bbox 1795 483 1933 537; x_wconf 86' lang='grc' dir='ltr'>καρ-</span> 
     </span>
    </p>
   </div>
   <div class='ocr_carea' id='block_1_17' title="bbox 2049 466 3765 542">
    <p class='ocr_par' dir='ltr' id='par_1_17' title="bbox 2049 468 3765 542">
     <span class='ocr_line' id='line_1_17' title="bbox 2049 468 3765 542; baseline 0.005 -22"><span class='ocrx_word' id='word_1_106' title='bbox 2049 474 2205 536; x_wconf 80' lang='lat' dir='ltr'><strong>atque</strong></span> <span class='ocrx_word' id='word_1_107' title='bbox 2254 481 2448 537; x_wconf 88' lang='lat' dir='ltr'><strong>puram</strong></span> <span class='ocrx_word' id='word_1_108' title='bbox 2498 468 2684 523; x_wconf 87' lang='lat' dir='ltr'><strong>cordis</strong></span> <span class='ocrx_word' id='word_1_109' title='bbox 2728 469 2855 524; x_wconf 88' lang='lat' dir='ltr'><strong>inde</strong></span> <span class='ocrx_word' id='word_1_110' title='bbox 2902 469 3273 527; x_wconf 73' lang='lat' dir='ltr'><strong>sinceritatem</strong></span> <span class='ocrx_word' id='word_1_111' title='bbox 3321 488 3352 527; x_wconf 90' lang='lat' dir='ltr'><strong>a</strong></span> <span class='ocrx_word' id='word_1_112' title='bbox 3394 472 3630 528; x_wconf 91' lang='lat' dir='ltr'><strong>Domino</strong></span> <span class='ocrx_word' id='word_1_113' title='bbox 3720 529 3765 542; x_wconf 65' lang='lat'><strong>,_</strong></span> 
     </span>
    </p>
   </div>
   <div class='ocr_carea' id='block_1_18' title="bbox 3478 362 3622 429">
    <p class='ocr_par' dir='ltr' id='par_1_18' title="bbox 3478 362 3622 429">
     <span class='ocr_line' id='line_1_18' title="bbox 3478 362 3622 429; baseline 0.007 -2"><span class='ocrx_word' id='word_1_114' title='bbox 3478 362 3622 429; x_wconf 76' lang='grc'><strong>1582</strong></span> 
     </span>
    </p>
   </div>
   <div class='ocr_carea' id='block_1_19' title="bbox 2046 557 3633 635">
    <p class='ocr_par' dir='ltr' id='par_1_19' title="bbox 2046 557 3633 635">
     <span class='ocr_line' id='line_1_19' title="bbox 2046 557 3633 635; baseline 0.004 -24"><span class='ocrx_word' id='word_1_115' title='bbox 2046 557 2325 628; x_wconf 81' lang='lat' dir='ltr'><strong>diligitur,</strong></span> <span class='ocrx_word' id='word_1_116' title='bbox 2377 560 2578 629; x_wconf 87' lang='lat' dir='ltr'><strong>cuique</strong></span> <span class='ocrx_word' id='word_1_117' title='bbox 2626 569 2920 630; x_wconf 81' lang='lat' dir='ltr'><strong>propterea</strong></span> <span class='ocrx_word' id='word_1_118' title='bbox 2963 562 3208 618; x_wconf 76' lang='lat' dir='ltr'><strong>thesauri</strong></span> <span class='ocrx_word' id='word_1_119' title='bbox 3253 564 3535 635; x_wconf 73' lang='lat' dir='ltr'><strong>sapientiae</strong></span> <span class='ocrx_word' id='word_1_120' title='bbox 3576 574 3633 621; x_wconf 92' lang='lat' dir='ltr'><strong>ct</strong></span> 
     </span>
    </p>
   </div>
   <div class='ocr_carea' id='block_1_20' title="bbox 2046 646 3633 723">
    <p class='ocr_par' dir='ltr' id='par_1_20' title="bbox 2046 646 3633 723">
     <span class='ocr_line' id='line_1_20' title="bbox 2046 646 3633 723; baseline 0.008 -25"><span class='ocrx_word' id='word_1_121' title='bbox 2046 646 2377 716; x_wconf 83' lang='lat' dir='ltr'><strong>cognitionis</strong></span> <span class='ocrx_word' id='word_1_122' title='bbox 2399 657 2528 703; x_wconf 91' lang='lat' dir='ltr'><strong>sunt</strong></span> <span class='ocrx_word' id='word_1_123' title='bbox 2551 649 2769 715; x_wconf 86' lang='lat' dir='ltr'><strong>crediti,</strong></span> <span class='ocrx_word' id='word_1_124' title='bbox 2793 660 2851 706; x_wconf 89' lang='lat' dir='ltr'><strong>et</strong></span> <span class='ocrx_word' id='word_1_125' title='bbox 2876 652 2971 721; x_wconf 91' lang='lat' dir='ltr'><strong>qui</strong></span> <span class='ocrx_word' id='word_1_126' title='bbox 2996 651 3064 707; x_wconf 89' lang='lat' dir='ltr'><strong>ad</strong></span> <span class='ocrx_word' id='word_1_127' title='bbox 3091 663 3283 723; x_wconf 90' lang='lat' dir='ltr'><strong>pectus</strong></span> <span class='ocrx_word' id='word_1_128' title='bbox 3310 653 3633 710; x_wconf 83' lang='lat' dir='ltr'><strong>reclinando</strong></span> 
     </span>
    </p>
   </div>
   <div class='ocr_carea' id='block_1_21' title="bbox 2046 738 3633 818">
    <p class='ocr_par' dir='ltr' id='par_1_21' title="bbox 2046 738 3633 818">
     <span class='ocr_line' id='line_1_21' title="bbox 2046 738 3633 818; baseline 0.005 -25"><span class='ocrx_word' id='word_1_129' title='bbox 2046 753 2114 793; x_wconf 79' lang='lat' dir='ltr'><strong>ex</strong></span> <span class='ocrx_word' id='word_1_130' title='bbox 2153 738 2588 808; x_wconf 81' lang='lat' dir='ltr'><strong>ipsa&#39;Sermonis</strong></span> <span class='ocrx_word' id='word_1_131' title='bbox 2628 744 2844 798; x_wconf 87' lang='lat' dir='ltr'><strong>occulta</strong></span> <span class='ocrx_word' id='word_1_132' title='bbox 2876 744 3162 800; x_wconf 84' lang='lat' dir='ltr'><strong>divinitate</strong></span> <span class='ocrx_word' id='word_1_133' title='bbox 3200 745 3489 818; x_wconf 76' lang='lat' dir='ltr'><strong>theologia:</strong></span> <span class='ocrx_word' id='word_1_134' title='bbox 3520 747 3633 802; x_wconf 89' lang='lat' dir='ltr'><strong>vir-</strong></span> 
     </span>
    </p>
   </div>
   <div class='ocr_carea' id='block_1_22' title="bbox 2049 830 3631 903">
    <p class='ocr_par' dir='ltr' id='par_1_22' title="bbox 2049 830 3631 903">
     <span class='ocr_line' id='line_1_22' title="bbox 2049 830 3631 903; baseline 0.007 -21"><span class='ocrx_word' id='word_1_135' title='bbox 2049 838 2223 884; x_wconf 90' lang='lat' dir='ltr'><strong>tutem</strong></span> <span class='ocrx_word' id='word_1_136' title='bbox 2242 830 2431 885; x_wconf 82' lang='lat' dir='ltr'><strong>refert.</strong></span> <span class='ocrx_word' id='word_1_137' title='bbox 2460 831 2775 889; x_wconf 88' lang='lat' dir='ltr'><strong>Occurrunt</strong></span> <span class='ocrx_word' id='word_1_138' title='bbox 2794 844 2976 890; x_wconf 87' lang='lat' dir='ltr'><strong>autem</strong></span> <span class='ocrx_word' id='word_1_139' title='bbox 3006 836 3061 890; x_wconf 93' lang='lat' dir='ltr'><strong>hi</strong></span> <span class='ocrx_word' id='word_1_140' title='bbox 3088 836 3192 891; x_wconf 87' lang='lat' dir='ltr'><strong>sibi</strong></span> <span class='ocrx_word' id='word_1_141' title='bbox 3220 837 3477 903; x_wconf 79' lang='lat' dir='ltr'><strong>invicem,</strong></span> <span class='ocrx_word' id='word_1_142' title='bbox 3499 839 3631 893; x_wconf 93' lang='lat' dir='ltr'><strong>dum</strong></span> 
     </span>
    </p>
   </div>
   <div class='ocr_carea' id='block_1_23' title="bbox 2045 920 3633 985">
    <p class='ocr_par' dir='ltr' id='par_1_23' title="bbox 2045 920 3633 985">
     <span class='ocr_line' id='line_1_23' title="bbox 2045 920 3633 985; baseline 0.007 -11"><span class='ocrx_word' id='word_1_143' title='bbox 2045 920 2138 976; x_wconf 91' lang='lat' dir='ltr'><strong>hic</strong></span> <span class='ocrx_word' id='word_1_144' title='bbox 2170 922 2472 977; x_wconf 89' lang='lat' dir='ltr'><strong>secundum</strong></span> <span class='ocrx_word' id='word_1_145' title='bbox 2504 925 2778 980; x_wconf 87' lang='lat' dir='ltr'><strong>actionem</strong></span> <span class='ocrx_word' id='word_1_146' title='bbox 2811 927 3018 983; x_wconf 87' lang='lat' dir='ltr'><strong>virtute</strong></span> <span class='ocrx_word' id='word_1_147' title='bbox 3065 929 3370 983; x_wconf 86' lang='lat' dir='ltr'><strong>institutam</strong></span> <span class='ocrx_word' id='word_1_148' title='bbox 3404 929 3633 985; x_wconf 87' lang='lat' dir='ltr'><strong>alterius</strong></span> 
     </span>
    </p>
   </div>
   <div class='ocr_carea' id='block_1_24' title="bbox 2045 1012 3633 1083">
    <p class='ocr_par' dir='ltr' id='par_1_24' title="bbox 2045 1012 3633 1083">
     <span class='ocr_line' id='line_1_24' title="bbox 2045 1012 3633 1083; baseline 0.006 -18"><span class='ocrx_word' id='word_1_149' title='bbox 2045 1012 2565 1080; x_wconf 90' lang='lat' dir='ltr'><strong>contemplationem</strong></span> <span class='ocrx_word' id='word_1_150' title='bbox 2617 1015 2840 1071; x_wconf 79' lang='lat' dir='ltr'><strong>vincere</strong></span> <span class='ocrx_word' id='word_1_151' title='bbox 2895 1017 3115 1083; x_wconf 89' lang='lat' dir='ltr'><strong>studet,</strong></span> <span class='ocrx_word' id='word_1_152' title='bbox 3181 1018 3273 1073; x_wconf 89' lang='lat' dir='ltr'><strong>ille</strong></span> <span class='ocrx_word' id='word_1_153' title='bbox 3329 1019 3633 1074; x_wconf 90' lang='lat' dir='ltr'><strong>secundum</strong></span> 
     </span>
    </p>
   </div>
   <div class='ocr_carea' id='block_1_25' title="bbox 2045 1104 3634 1176">
    <p class='ocr_par' dir='ltr' id='par_1_25' title="bbox 2045 1104 3634 1176">
     <span class='ocr_line' id='line_1_25' title="bbox 2045 1104 3634 1176; baseline 0.007 -20"><span class='ocrx_word' id='word_1_154' title='bbox 2045 1104 2348 1173; x_wconf 81' lang='lat' dir='ltr'><strong>gnosticam</strong></span> <span class='ocrx_word' id='word_1_155' title='bbox 2381 1106 2901 1176; x_wconf 86' lang='lat' dir='ltr'><strong>contemplationem</strong></span> <span class='ocrx_word' id='word_1_156' title='bbox 2939 1110 3168 1166; x_wconf 88' lang='lat' dir='ltr'><strong>alterius</strong></span> <span class='ocrx_word' id='word_1_157' title='bbox 3213 1111 3485 1165; x_wconf 89' lang='lat' dir='ltr'><strong>actionem</strong></span> <span class='ocrx_word' id='word_1_158' title='bbox 3532 1127 3634 1167; x_wconf 84' lang='lat' dir='ltr'><strong>an-</strong></span> 
     </span>
    </p>
   </div>
   <div class='ocr_carea' id='block_1_26' title="bbox 2046 1196 3632 1265">
    <p class='ocr_par' dir='ltr' id='par_1_26' title="bbox 2046 1196 3632 1265">
     <span class='ocr_line' id='line_1_26' title="bbox 2046 1196 3632 1265; baseline 0.006 -17"><span class='ocrx_word' id='word_1_159' title='bbox 2046 1202 2322 1249; x_wconf 87' lang='lat' dir='ltr'><strong>tevertere</strong></span> <span class='ocrx_word' id='word_1_160' title='bbox 2367 1205 2646 1265; x_wconf 86' lang='lat' dir='ltr'><strong>properat.</strong></span> <span class='ocrx_word' id='word_1_161' title='bbox 2676 1196 3029 1256; x_wconf 81' lang='lat' dir='ltr'><strong>Concurrunt</strong></span> <span class='ocrx_word' id='word_1_162' title='bbox 3071 1217 3205 1256; x_wconf 86' lang='lat' dir='ltr'><strong>vero</strong></span> <span class='ocrx_word' id='word_1_163' title='bbox 3246 1203 3352 1257; x_wconf 86' lang='lat' dir='ltr'><strong>sibi</strong></span> <span class='ocrx_word' id='word_1_164' title='bbox 3398 1203 3632 1259; x_wconf 82' lang='lat' dir='ltr'><strong>invicem</strong></span> 
     </span>
    </p>
   </div>
   <div class='ocr_carea' id='block_1_27' title="bbox 2047 1286 3635 1363">
    <p class='ocr_par' dir='ltr' id='par_1_27' title="bbox 2047 1286 3635 1363">
     <span class='ocr_line' id='line_1_27' title="bbox 2047 1286 3635 1363; baseline 0.005 -22"><span class='ocrx_word' id='word_1_165' title='bbox 2047 1286 2351 1341; x_wconf 89' lang='lat' dir='ltr'><strong>secundum</strong></span> <span class='ocrx_word' id='word_1_166' title='bbox 2404 1287 2861 1357; x_wconf 89' lang='lat' dir='ltr'><strong>propositionem,</strong></span> <span class='ocrx_word' id='word_1_167' title='bbox 2907 1291 3037 1345; x_wconf 91' lang='lat' dir='ltr'><strong>dum</strong></span> <span class='ocrx_word' id='word_1_168' title='bbox 3085 1301 3320 1363; x_wconf 89' lang='lat' dir='ltr'><strong>uterque</strong></span> <span class='ocrx_word' id='word_1_169' title='bbox 3363 1309 3432 1348; x_wconf 83' lang='lat' dir='ltr'><strong>ex</strong></span> <span class='ocrx_word' id='word_1_170' title='bbox 3473 1308 3635 1363; x_wconf 59' lang='lat' dir='ltr'><strong>aquo</strong></span> 
     </span>
    </p>
   </div>
   <div class='ocr_carea' id='block_1_28' title="bbox 2045 1375 3633 1446">
    <p class='ocr_par' dir='ltr' id='par_1_28' title="bbox 2045 1375 3633 1446">
     <span class='ocr_line' id='line_1_28' title="bbox 2045 1375 3633 1446; baseline 0.008 -18"><span class='ocrx_word' id='word_1_171' title='bbox 2045 1375 2194 1430; x_wconf 91' lang='lat' dir='ltr'><strong>circa</strong></span> <span class='ocrx_word' id='word_1_172' title='bbox 2222 1375 2510 1446; x_wconf 91' lang='lat' dir='ltr'><strong>proprium</strong></span> <span class='ocrx_word' id='word_1_173' title='bbox 2547 1376 2757 1432; x_wconf 88' lang='lat' dir='ltr'><strong>bonum</strong></span> <span class='ocrx_word' id='word_1_174' title='bbox 2798 1378 2946 1437; x_wconf 81' lang='lat' dir='ltr'><strong>felici</strong></span> <span class='ocrx_word' id='word_1_175' title='bbox 2994 1397 3179 1437; x_wconf 89' lang='lat' dir='ltr'><strong>rerum</strong></span> <span class='ocrx_word' id='word_1_176' title='bbox 3216 1398 3473 1440; x_wconf 88' lang='lat' dir='ltr'><strong>successu</strong></span> <span class='ocrx_word' id='word_1_177' title='bbox 3521 1384 3633 1440; x_wconf 89' lang='lat' dir='ltr'><strong>uti-</strong></span> 
     </span>
    </p>
   </div>
   <div class='ocr_carea' id='block_1_29' title="bbox 2046 1472 2154 1519">
    <p class='ocr_par' dir='ltr' id='par_1_29' title="bbox 2046 1472 2154 1519">
     <span class='ocr_line' id='line_1_29' title="bbox 2046 1472 2154 1519; baseline 0.019 -2"><span class='ocrx_word' id='word_1_178' title='bbox 2046 1472 2154 1519; x_wconf 91' lang='lat' dir='ltr'><strong>tur.</strong></span> 
     </span>
    </p>
   </div>
   <div class='ocr_carea' id='block_1_30' title="bbox 2366 1644 3314 1722">
    <p class='ocr_par' dir='ltr' id='par_1_30' title="bbox 2366 1644 3314 1722">
     <span class='ocr_line' id='line_1_30' title="bbox 2366 1644 3314 1722; baseline 0.008 -23"><span class='ocrx_word' id='word_1_179' title='bbox 2366 1644 2553 1703; x_wconf 79' lang='lat' dir='ltr'><strong>Altera</strong></span> <span class='ocrx_word' id='word_1_180' title='bbox 2586 1649 2644 1701; x_wconf 84' lang='lat' dir='ltr'><strong>in</strong></span> <span class='ocrx_word' id='word_1_181' title='bbox 2684 1648 2891 1703; x_wconf 73' lang='lat' dir='ltr'><strong>eosdem</strong></span> <span class='ocrx_word' id='word_1_182' title='bbox 2922 1649 3314 1722; x_wconf 71' lang='lat' dir='ltr'><strong>contemplatio.</strong></span> 
     </span>
    </p>
   </div>
   <div class='ocr_carea' id='block_1_31' title="bbox 2122 1758 3637 1830">
    <p class='ocr_par' dir='ltr' id='par_1_31' title="bbox 2122 1758 3637 1830">
     <span class='ocr_line' id='line_1_31' title="bbox 2122 1758 3637 1830; baseline 0.007 -17"><span class='ocrx_word' id='word_1_183' title='bbox 2122 1758 2317 1814; x_wconf 89' lang='lat' dir='ltr'><strong>Petrus</strong></span> <span class='ocrx_word' id='word_1_184' title='bbox 2341 1776 2474 1815; x_wconf 90' lang='lat' dir='ltr'><strong>vero</strong></span> <span class='ocrx_word' id='word_1_185' title='bbox 2499 1777 2693 1818; x_wconf 90' lang='lat' dir='ltr'><strong>rursus</strong></span> <span class='ocrx_word' id='word_1_186' title='bbox 2723 1771 2827 1828; x_wconf 92' lang='lat' dir='ltr'><strong>est,</strong></span> <span class='ocrx_word' id='word_1_187' title='bbox 2858 1771 2915 1819; x_wconf 89' lang='lat' dir='ltr'><strong>et</strong></span> <span class='ocrx_word' id='word_1_188' title='bbox 2954 1764 3215 1830; x_wconf 86' lang='lat' dir='ltr'><strong>Joannes,</strong></span> <span class='ocrx_word' id='word_1_189' title='bbox 3248 1764 3428 1823; x_wconf 91' lang='lat' dir='ltr'><strong>omnis</strong></span> <span class='ocrx_word' id='word_1_190' title='bbox 3468 1764 3637 1823; x_wconf 87' lang='lat' dir='ltr'><strong>homo</strong></span> 
     </span>
    </p>
   </div>
   <div class='ocr_carea' id='block_1_32' title="bbox 351 1845 1944 1928">
    <p class='ocr_par' dir='ltr' id='par_1_32' title="bbox 351 1845 1941 1925">
     <span class='ocr_line' id='line_1_32' title="bbox 351 1845 1941 1925; baseline -0.006 -18"><span class='ocrx_word' id='word_1_191' title='bbox 351 1855 573 1925; x_wconf 86' lang='grc' dir='ltr'>θρωπος</span> <span class='ocrx_word' id='word_1_192' title='bbox 623 1851 743 1923; x_wconf 86' lang='grc' dir='ltr'><strong>Θεῷ</strong></span> <span class='ocrx_word' id='word_1_193' title='bbox 801 1850 1123 1922; x_wconf 81' lang='grc' dir='ltr'>πλησιάζειν</span> <span class='ocrx_word' id='word_1_194' title='bbox 1182 1850 1505 1920; x_wconf 78' lang='grc' dir='ltr'>ἠξιωμένος,</span> <span class='ocrx_word' id='word_1_195' title='bbox 1563 1848 1658 1901; x_wconf 80' lang='grc' dir='ltr'><strong>καὶ</strong></span> <span class='ocrx_word' id='word_1_196' title='bbox 1718 1847 1779 1899; x_wconf 84' lang='grc' dir='ltr'><strong>τὸ</strong></span> <span class='ocrx_word' id='word_1_197' title='bbox 1843 1845 1941 1915; x_wconf 83' lang='grc' dir='ltr'>μὲν</span> 
     </span>
    </p>
   </div>
   <div class='ocr_carea' id='block_1_33' title="bbox 2049 1845 3635 1928">
    <p class='ocr_par' dir='ltr' id='par_1_33' title="bbox 2049 1849 3635 1928">
     <span class='ocr_line' id='line_1_33' title="bbox 2049 1849 3635 1928; baseline 0.009 -27"><span class='ocrx_word' id='word_1_198' title='bbox 2049 1849 2140 1918; x_wconf 88' lang='lat' dir='ltr'><strong>qui</strong></span> <span class='ocrx_word' id='word_1_199' title='bbox 2172 1849 2285 1903; x_wconf 94' lang='lat' dir='ltr'><strong>Deo</strong></span> <span class='ocrx_word' id='word_1_200' title='bbox 2312 1851 2762 1922; x_wconf 87' lang='lat' dir='ltr'><strong>appropinquare</strong></span> <span class='ocrx_word' id='word_1_201' title='bbox 2810 1855 3032 1920; x_wconf 90' lang='lat' dir='ltr'><strong>meruit,</strong></span> <span class='ocrx_word' id='word_1_202' title='bbox 3076 1857 3284 1927; x_wconf 89' lang='lat' dir='ltr'><strong>quique</strong></span> <span class='ocrx_word' id='word_1_203' title='bbox 3329 1859 3635 1928; x_wconf 89' lang='lat' dir='ltr'><strong>practicum</strong></span> 
     </span>
    </p>
   </div>
   <div class='ocr_carea' id='block_1_34' title="bbox 349 1937 1943 2015">
    <p class='ocr_par' dir='ltr' id='par_1_34' title="bbox 349 1937 1943 2015">
     <span class='ocr_line' id='line_1_34' title="bbox 349 1937 1943 2015; baseline -0.005 -17"><span class='ocrx_word' id='word_1_204' title='bbox 349 1943 662 2015; x_wconf 75' lang='grc' dir='ltr'>πρακτικὸν</span> <span class='ocrx_word' id='word_1_205' title='bbox 688 1945 789 2013; x_wconf 80' lang='grc' dir='ltr'><strong>τῆς</strong></span> <span class='ocrx_word' id='word_1_206' title='bbox 810 1942 993 2013; x_wconf 75' lang='grc' dir='ltr'>ψυχῆς</span> <span class='ocrx_word' id='word_1_207' title='bbox 1013 1939 1123 1995; x_wconf 81' lang='grc' dir='ltr'>οἷόν</span> <span class='ocrx_word' id='word_1_208' title='bbox 1153 1959 1276 1997; x_wconf 89' lang='grc' dir='ltr'>τινα</span> <span class='ocrx_word' id='word_1_209' title='bbox 1309 1942 1539 2011; x_wconf 85' lang='grc' dir='ltr'>Πέτρον,</span> <span class='ocrx_word' id='word_1_210' title='bbox 1557 1939 1619 1992; x_wconf 82' lang='grc' dir='ltr'><strong>τὸ</strong></span> <span class='ocrx_word' id='word_1_211' title='bbox 1646 1938 1704 1991; x_wconf 80' lang='grc' dir='ltr'>δὲ</span> <span class='ocrx_word' id='word_1_212' title='bbox 1737 1937 1943 2008; x_wconf 85' lang='grc' dir='ltr'>θεωρη-</span> 
     </span>
    </p>
   </div>
   <div class='ocr_carea' id='block_1_35' title="bbox 348 2029 1945 2106">
    <p class='ocr_par' dir='ltr' id='par_1_35' title="bbox 348 2029 1945 2106">
     <span class='ocr_line' id='line_1_35' title="bbox 348 2029 1945 2106; baseline -0.003 -17"><span class='ocrx_word' id='word_1_213' title='bbox 348 2039 504 2090; x_wconf 86' lang='grc' dir='ltr'>τικδν</span> <span class='ocrx_word' id='word_1_214' title='bbox 528 2029 640 2089; x_wconf 78' lang='grc' dir='ltr'>οἷόν</span> <span class='ocrx_word' id='word_1_215' title='bbox 657 2052 778 2089; x_wconf 89' lang='grc' dir='ltr'>τινα</span> <span class='ocrx_word' id='word_1_216' title='bbox 830 2035 1105 2106; x_wconf 82' lang='grc' dir='ltr'>Ἰωάννην,</span> <span class='ocrx_word' id='word_1_217' title='bbox 1151 2033 1403 2105; x_wconf 77' lang='grc' dir='ltr'>ἀλλήλοις</span> <span class='ocrx_word' id='word_1_218' title='bbox 1455 2033 1599 2087; x_wconf 86' lang='grc' dir='ltr'><strong>κατὰ</strong></span> <span class='ocrx_word' id='word_1_219' title='bbox 1648 2032 1740 2085; x_wconf 85' lang='grc' dir='ltr'><strong>τὸν</strong></span> <span class='ocrx_word' id='word_1_220' title='bbox 1788 2030 1945 2098; x_wconf 89' lang='grc' dir='ltr'>λόγον</span> 
     </span>
    </p>
   </div>
   <div class='ocr_carea' id='block_1_36' title="bbox 349 2123 1946 2199">
    <p class='ocr_par' dir='ltr' id='par_1_36' title="bbox 349 2123 1946 2199">
     <span class='ocr_line' id='line_1_36' title="bbox 349 2123 1946 2199; baseline -0.004 -19"><span class='ocrx_word' id='word_1_221' title='bbox 349 2128 496 2198; x_wconf 73' lang='grc' dir='ltr'>ἔχων</span> <span class='ocrx_word' id='word_1_222' title='bbox 525 2126 909 2199; x_wconf 89' lang='grc' dir='ltr'>συντρέχοντα,</span> <span class='ocrx_word' id='word_1_223' title='bbox 934 2126 1058 2198; x_wconf 79' lang='grc' dir='ltr'>δίχα</span> <span class='ocrx_word' id='word_1_224' title='bbox 1087 2127 1190 2196; x_wconf 77' lang='grc' dir='ltr'>τῆς</span> <span class='ocrx_word' id='word_1_225' title='bbox 1223 2125 1456 2197; x_wconf 86' lang='grc' dir='ltr'>θατέρου</span> <span class='ocrx_word' id='word_1_226' title='bbox 1498 2125 1636 2196; x_wconf 70' lang='grc' dir='ltr'>πρὸς</span> <span class='ocrx_word' id='word_1_227' title='bbox 1670 2123 1731 2176; x_wconf 80' lang='grc' dir='ltr'>τὸ</span> <span class='ocrx_word' id='word_1_228' title='bbox 1758 2123 1946 2194; x_wconf 74' lang='grc' dir='ltr'>ἕτερον</span> 
     </span>
    </p>
   </div>
   <div class='ocr_carea' id='block_1_37' title="bbox 347 2212 1947 2289">
    <p class='ocr_par' dir='ltr' id='par_1_37' title="bbox 347 2212 1947 2289">
     <span class='ocr_line' id='line_1_37' title="bbox 347 2212 1947 2289; baseline -0.004 -20"><span class='ocrx_word' id='word_1_229' title='bbox 347 2216 666 2289; x_wconf 75' lang='grc' dir='ltr'>ὑπερϐολῆς</span> <span class='ocrx_word' id='word_1_230' title='bbox 732 2216 843 2271; x_wconf 59' lang='grc' dir='ltr'>καὶ</span> <span class='ocrx_word' id='word_1_231' title='bbox 902 2218 1238 2286; x_wconf 76' lang='grc' dir='ltr'>ἐλλείψεωςο</span> <span class='ocrx_word' id='word_1_232' title='bbox 1299 2215 1396 2269; x_wconf 77' lang='grc' dir='ltr'><strong>καὶ</strong></span> <span class='ocrx_word' id='word_1_233' title='bbox 1461 2214 1626 2269; x_wconf 85' lang='grc' dir='ltr'>πάλιν</span> <span class='ocrx_word' id='word_1_234' title='bbox 1693 2212 1947 2283; x_wconf 86' lang='grc' dir='ltr'>ἀλλήλοις</span> 
     </span>
    </p>
   </div>
   <div class='ocr_carea' id='block_1_38' title="bbox 347 2304 1945 2379">
    <p class='ocr_par' dir='ltr' id='par_1_38' title="bbox 347 2304 1945 2379">
     <span class='ocr_line' id='line_1_38' title="bbox 347 2304 1945 2379; baseline -0.003 -18"><span class='ocrx_word' id='word_1_235' title='bbox 347 2307 498 2362; x_wconf 80' lang='grc' dir='ltr'><strong>κατά</strong></span> <span class='ocrx_word' id='word_1_236' title='bbox 546 2307 644 2379; x_wconf 80' lang='grc' dir='ltr'>τὴν</span> <span class='ocrx_word' id='word_1_237' title='bbox 687 2307 946 2379; x_wconf 86' lang='grc' dir='ltr'>πρόθεσιν</span> <span class='ocrx_word' id='word_1_238' title='bbox 989 2306 1377 2378; x_wconf 82' lang='grc' dir='ltr'>ἀντιτρέχοντα</span> <span class='ocrx_word' id='word_1_239' title='bbox 1427 2306 1507 2377; x_wconf 78' lang='grc' dir='ltr'>τῷ</span> <span class='ocrx_word' id='word_1_240' title='bbox 1556 2304 1686 2376; x_wconf 80' lang='grc' dir='ltr'>περὶ</span> <span class='ocrx_word' id='word_1_241' title='bbox 1753 2304 1945 2358; x_wconf 78' lang='grc' dir='ltr'>ἑκάτε-</span> 
     </span>
    </p>
   </div>
   <div class='ocr_carea' id='block_1_39' title="bbox 355 2395 1940 2472">
    <p class='ocr_par' dir='ltr' id='par_1_39' title="bbox 355 2395 1940 2472">
     <span class='ocr_line' id='line_1_39' title="bbox 355 2395 1940 2472; baseline -0.003 -20"><span class='ocrx_word' id='word_1_242' title='bbox 355 2415 450 2468; x_wconf 89' lang='grc' dir='ltr'><strong>ρον</strong></span> <span class='ocrx_word' id='word_1_243' title='bbox 498 2397 655 2470; x_wconf 77' lang='grc' dir='ltr'>ἄκρῳ</span> <span class='ocrx_word' id='word_1_244' title='bbox 713 2398 1199 2472; x_wconf 86' lang='grc' dir='ltr'>παραδραμεῖσθαι</span> <span class='ocrx_word' id='word_1_245' title='bbox 1262 2397 1490 2469; x_wconf 87' lang='grc' dir='ltr'>θάτερον</span> <span class='ocrx_word' id='word_1_246' title='bbox 1550 2396 1656 2450; x_wconf 81' lang='grc' dir='ltr'><strong>ὑπὸ</strong></span> <span class='ocrx_word' id='word_1_247' title='bbox 1710 2395 1940 2465; x_wconf 83' lang='grc' dir='ltr'>θατέρου</span> 
     </span>
    </p>
   </div>
   <div class='ocr_carea' id='block_1_40' title="bbox 347 2476 655 2562">
    <p class='ocr_par' dir='ltr' id='par_1_40' title="bbox 347 2476 655 2562">
     <span class='ocr_line' id='line_1_40' title="bbox 347 2476 655 2562; baseline 0.003 -16"><span class='ocrx_word' id='word_1_248' title='bbox 347 2476 655 2562; x_wconf 74' lang='grc' dir='ltr'>νομίζεται.</span> 
     </span>
    </p>
   </div>
   <div class='ocr_carea' id='block_1_41' title="bbox 361 2663 1943 2746">
    <p class='ocr_par' dir='ltr' id='par_1_41' title="bbox 361 2663 1943 2746">
     <span class='ocr_line' id='line_1_41' title="bbox 361 2663 1943 2746; baseline -0.003 -24"><span class='ocrx_word' id='word_1_249' title='bbox 361 2668 468 2723; x_wconf 81' lang='grc' dir='ltr'>Ἐκ</span> <span class='ocrx_word' id='word_1_250' title='bbox 499 2666 608 2729; x_wconf 82' lang='grc' dir='ltr'>τοῦ</span> <span class='ocrx_word' id='word_1_251' title='bbox 649 2667 859 2733; x_wconf 80' lang='grc' dir='ltr'>αὑτοῦ,</span> <span class='ocrx_word' id='word_1_252' title='bbox 906 2669 994 2734; x_wconf 80' lang='grc' dir='ltr'><strong>εις</strong></span> <span class='ocrx_word' id='word_1_253' title='bbox 1046 2666 1115 2720; x_wconf 86' lang='grc' dir='ltr'><strong>τό</strong></span> <span class='ocrx_word' id='word_1_254' title='bbox 1130 2684 1145 2699; x_wconf 78' lang='grc' dir='ltr'>ο</span> <span class='ocrx_word' id='word_1_255' title='bbox 1179 2665 1346 2721; x_wconf 75' lang='grc' dir='ltr'><strong>«Κᾶν</strong></span> <span class='ocrx_word' id='word_1_256' title='bbox 1394 2667 1474 2732; x_wconf 84' lang='grc' dir='ltr'>ὡς</span> <span class='ocrx_word' id='word_1_257' title='bbox 1524 2663 1729 2746; x_wconf 78' lang='grc' dir='ltr'>Θωμᾶς</span> <span class='ocrx_word' id='word_1_258' title='bbox 1792 2665 1943 2719; x_wconf 78' lang='grc' dir='ltr'>ἀπο-</span> 
     </span>
    </p>
   </div>
   <div class='ocr_carea' id='block_1_42' title="bbox 422 2755 1946 2828">
    <p class='ocr_par' dir='ltr' id='par_1_42' title="bbox 422 2755 1946 2828">
     <span class='ocr_line' id='line_1_42' title="bbox 422 2755 1946 2828; baseline -0.003 -14"><span class='ocrx_word' id='word_1_259' title='bbox 422 2757 678 2828; x_wconf 71' lang='grc' dir='ltr'>λειφθῇς</span> <span class='ocrx_word' id='word_1_260' title='bbox 744 2757 866 2813; x_wconf 80' lang='grc' dir='ltr'><strong>τῶν</strong></span> <span class='ocrx_word' id='word_1_261' title='bbox 906 2756 1189 2828; x_wconf 81' lang='grc' dir='ltr'>μαθητῶν</span> <span class='ocrx_word' id='word_1_262' title='bbox 1239 2755 1330 2825; x_wconf 81' lang='grc' dir='ltr'>οἷς</span> <span class='ocrx_word' id='word_1_263' title='bbox 1386 2756 1642 2825; x_wconf 82' lang='grc' dir='ltr'>Χριστὸς</span> <span class='ocrx_word' id='word_1_264' title='bbox 1697 2756 1946 2826; x_wconf 74' lang='grc' dir='ltr'><strong>ἐμφανί-</strong></span> 
     </span>
    </p>
   </div>
   <div class='ocr_carea' id='block_1_43' title="bbox 426 2845 1944 2918">
    <p class='ocr_par' dir='ltr' id='par_1_43' title="bbox 426 2845 1944 2918">
     <span class='ocr_line' id='line_1_43' title="bbox 426 2845 1944 2918; baseline -0.005 -14"><span class='ocrx_word' id='word_1_265' title='bbox 426 2849 600 2917; x_wconf 80' lang='grc' dir='ltr'>ζεται,</span> <span class='ocrx_word' id='word_1_266' title='bbox 679 2849 828 2905; x_wconf 77' lang='grc' dir='ltr'>ὅταν</span> <span class='ocrx_word' id='word_1_267' title='bbox 902 2849 1040 2917; x_wconf 76' lang='grc' dir='ltr'>ἴδῃς</span> <span class='ocrx_word' id='word_1_268' title='bbox 1071 2890 1086 2915; x_wconf 94' lang='grc'><strong>,</strong></span> <span class='ocrx_word' id='word_1_269' title='bbox 1171 2848 1259 2918; x_wconf 81' lang='grc' dir='ltr'>μὴ</span> <span class='ocrx_word' id='word_1_270' title='bbox 1357 2847 1726 2915; x_wconf 75' lang='grc' dir='ltr'>ἀπιστήσῃς.</span> <span class='ocrx_word' id='word_1_271' title='bbox 1815 2845 1944 2900; x_wconf 74' lang='grc' dir='ltr'><strong>Κᾶν</strong></span> 
     </span>
    </p>
   </div>
   <div class='ocr_carea' id='block_1_44' title="bbox 356 2932 1945 3010">
    <p class='ocr_par' dir='ltr' id='par_1_44' title="bbox 356 2932 1945 3010">
     <span class='ocr_line' id='line_1_44' title="bbox 356 2932 1945 3010; baseline -0.004 -14"><span class='ocrx_word' id='word_1_272' title='bbox 356 2966 361 2971; x_wconf 58' lang='grc' dir='ltr'><strong>ι</strong></span> <span class='ocrx_word' id='word_1_273' title='bbox 424 2932 795 3009; x_wconf 76' lang='grc' dir='ltr'>ἀπιστήσῃς,</span> <span class='ocrx_word' id='word_1_274' title='bbox 855 2939 982 3004; x_wconf 84' lang='grc' dir='ltr'>τοῖς</span> <span class='ocrx_word' id='word_1_275' title='bbox 1030 2938 1283 3010; x_wconf 73' lang='grc' dir='ltr'>λέγουσι</span> <span class='ocrx_word' id='word_1_276' title='bbox 1339 2941 1698 2993; x_wconf 79' lang='grc' dir='ltr'>πίστευσον.</span> <span class='ocrx_word' id='word_1_277' title='bbox 1756 2940 1824 2992; x_wconf 83' lang='lat' dir='ltr'><strong>Ei</strong></span> <span class='ocrx_word' id='word_1_278' title='bbox 1875 2936 1945 2990; x_wconf 80' lang='grc' dir='ltr'>δὲ</span> 
     </span>
    </p>
   </div>
   <div class='ocr_carea' id='block_1_45' title="bbox 420 3027 1947 3102">
    <p class='ocr_par' dir='ltr' id='par_1_45' title="bbox 420 3027 1947 3102">
     <span class='ocr_line' id='line_1_45' title="bbox 420 3027 1947 3102; baseline -0.004 -16"><span class='ocrx_word' id='word_1_279' title='bbox 420 3032 509 3102; x_wconf 79' lang='grc' dir='ltr'>μὴ</span> <span class='ocrx_word' id='word_1_280' title='bbox 571 3033 828 3098; x_wconf 83' lang='grc' dir='ltr'>τούτοις,</span> <span class='ocrx_word' id='word_1_281' title='bbox 879 3034 1006 3099; x_wconf 84' lang='grc' dir='ltr'>τοῖς</span> <span class='ocrx_word' id='word_1_282' title='bbox 1064 3032 1279 3097; x_wconf 83' lang='grc' dir='ltr'>τύποις</span> <span class='ocrx_word' id='word_1_283' title='bbox 1319 3030 1450 3085; x_wconf 69' lang='grc' dir='ltr'><strong>τῶν</strong></span> <span class='ocrx_word' id='word_1_284' title='bbox 1505 3030 1676 3097; x_wconf 75' lang='grc' dir='ltr'><strong>ἥλων</strong></span> <span class='ocrx_word' id='word_1_285' title='bbox 1724 3027 1947 3083; x_wconf 75' lang='grc' dir='ltr'>πιστώ-</span> 
     </span>
    </p>
   </div>
   <div class='ocr_carea' id='block_1_46' title="bbox 427 3124 768 3195">
    <p class='ocr_par' dir='ltr' id='par_1_46' title="bbox 427 3124 768 3195">
     <span class='ocr_line' id='line_1_46' title="bbox 427 3124 768 3195; baseline -0.009 -16"><span class='ocrx_word' id='word_1_286' title='bbox 427 3127 557 3194; x_wconf 82' lang='grc' dir='ltr'>θητι</span> <span class='ocrx_word' id='word_1_287' title='bbox 746 3142 768 3176; x_wconf 69' lang='grc' dir='ltr'><strong>ι</strong></span> 
     </span>
    </p>
   </div>
   <div class='ocr_carea' id='block_1_47' title="bbox 2034 1937 3637 2018">
    <p class='ocr_par' dir='ltr' id='par_1_47' title="bbox 2034 1937 3637 2018">
     <span class='ocr_line' id='line_1_47' title="bbox 2034 1937 3637 2018; baseline 0.01 -28"><span class='ocrx_word' id='word_1_288' title='bbox 2034 1937 2244 2015; x_wconf 76' lang='lat' dir='ltr'><strong>anima:</strong></span> <span class='ocrx_word' id='word_1_289' title='bbox 2291 1940 2534 1995; x_wconf 92' lang='lat' dir='ltr'><strong>studium</strong></span> <span class='ocrx_word' id='word_1_290' title='bbox 2583 1942 2651 1996; x_wconf 91' lang='lat' dir='ltr'><strong>ad</strong></span> <span class='ocrx_word' id='word_1_291' title='bbox 2701 1943 2850 1998; x_wconf 88' lang='lat' dir='ltr'><strong>Petri</strong></span> <span class='ocrx_word' id='word_1_292' title='bbox 2903 1945 3096 2011; x_wconf 87' lang='lat' dir='ltr'><strong>instar,</strong></span> <span class='ocrx_word' id='word_1_293' title='bbox 3147 1948 3637 2018; x_wconf 89' lang='lat' dir='ltr'><strong>contemplativum</strong></span> 
     </span>
    </p>
   </div>
   <div class='ocr_carea' id='block_1_48' title="bbox 2046 2028 3637 2099">
    <p class='ocr_par' dir='ltr' id='par_1_48' title="bbox 2046 2028 3637 2099">
     <span class='ocr_line' id='line_1_48' title="bbox 2046 2028 3637 2099; baseline 0.008 -18"><span class='ocrx_word' id='word_1_294' title='bbox 2046 2043 2178 2083; x_wconf 87' lang='lat' dir='ltr'><strong>vero</strong></span> <span class='ocrx_word' id='word_1_295' title='bbox 2205 2028 2273 2083; x_wconf 92' lang='lat' dir='ltr'><strong>ad</strong></span> <span class='ocrx_word' id='word_1_296' title='bbox 2299 2029 2526 2086; x_wconf 86' lang='lat' dir='ltr'><strong>Joannis</strong></span> <span class='ocrx_word' id='word_1_297' title='bbox 2556 2033 2752 2099; x_wconf 87' lang='lat' dir='ltr'><strong>instar,</strong></span> <span class='ocrx_word' id='word_1_298' title='bbox 2785 2035 3019 2091; x_wconf 83' lang='lat' dir='ltr'><strong>invicem</strong></span> <span class='ocrx_word' id='word_1_299' title='bbox 3045 2037 3152 2092; x_wconf 87' lang='lat' dir='ltr'><strong>sibi</strong></span> <span class='ocrx_word' id='word_1_300' title='bbox 3179 2040 3482 2094; x_wconf 91' lang='lat' dir='ltr'><strong>secundum</strong></span> <span class='ocrx_word' id='word_1_301' title='bbox 3514 2055 3637 2096; x_wconf 89' lang='lat' dir='ltr'><strong>ser-</strong></span> 
     </span>
    </p>
   </div>
   <div class='ocr_carea' id='block_1_49' title="bbox 2049 2124 3639 2201">
    <p class='ocr_par' dir='ltr' id='par_1_49' title="bbox 2049 2124 3639 2201">
     <span class='ocr_line' id='line_1_49' title="bbox 2049 2124 3639 2201; baseline 0.011 -29"><span class='ocrx_word' id='word_1_302' title='bbox 2049 2134 2270 2174; x_wconf 91' lang='lat' dir='ltr'><strong>monem</strong></span> <span class='ocrx_word' id='word_1_303' title='bbox 2324 2124 2710 2179; x_wconf 89' lang='lat' dir='ltr'><strong>concurrentia</strong></span> <span class='ocrx_word' id='word_1_304' title='bbox 2761 2126 2964 2192; x_wconf 85' lang='lat' dir='ltr'><strong>habet,</strong></span> <span class='ocrx_word' id='word_1_305' title='bbox 3033 2129 3187 2183; x_wconf 93' lang='lat' dir='ltr'><strong>nullo</strong></span> <span class='ocrx_word' id='word_1_306' title='bbox 3239 2130 3469 2186; x_wconf 82' lang='lat' dir='ltr'><strong>alterius</strong></span> <span class='ocrx_word' id='word_1_307' title='bbox 3523 2146 3639 2201; x_wconf 65' lang='lat' dir='ltr'><strong>prae</strong></span> 
     </span>
    </p>
   </div>
   <div class='ocr_carea' id='block_1_50' title="bbox 2048 2208 3640 2289">
    <p class='ocr_par' dir='ltr' id='par_1_50' title="bbox 2048 2208 3640 2289">
     <span class='ocr_line' id='line_1_50' title="bbox 2048 2208 3640 2289; baseline 0.009 -26"><span class='ocrx_word' id='word_1_308' title='bbox 2048 2208 2222 2265; x_wconf 89' lang='lat' dir='ltr'><strong>altero</strong></span> <span class='ocrx_word' id='word_1_309' title='bbox 2260 2225 2489 2267; x_wconf 84' lang='lat' dir='ltr'><strong>excessu</strong></span> <span class='ocrx_word' id='word_1_310' title='bbox 2536 2221 2631 2268; x_wconf 92' lang='lat' dir='ltr'><strong>aut</strong></span> <span class='ocrx_word' id='word_1_311' title='bbox 2683 2213 2923 2272; x_wconf 87' lang='lat' dir='ltr'><strong>defectu.</strong></span> <span class='ocrx_word' id='word_1_312' title='bbox 2972 2218 3153 2289; x_wconf 78' lang='lat' dir='ltr'><strong>Atque</strong></span> <span class='ocrx_word' id='word_1_313' title='bbox 3198 2235 3392 2276; x_wconf 87' lang='lat' dir='ltr'><strong>rursus</strong></span> <span class='ocrx_word' id='word_1_314' title='bbox 3442 2221 3640 2277; x_wconf 88' lang='lat' dir='ltr'><strong>eadem</strong></span> 
     </span>
    </p>
   </div>
   <div class='ocr_carea' id='block_1_51' title="bbox 2048 2299 3638 2377">
    <p class='ocr_par' dir='ltr' id='par_1_51' title="bbox 2048 2299 3638 2377">
     <span class='ocr_line' id='line_1_51' title="bbox 2048 2299 3638 2377; baseline 0.008 -23"><span class='ocrx_word' id='word_1_315' title='bbox 2048 2299 2155 2355; x_wconf 78' lang='lat' dir='ltr'><strong>sibi</strong></span> <span class='ocrx_word' id='word_1_316' title='bbox 2191 2300 2429 2357; x_wconf 89' lang='lat' dir='ltr'><strong>invicem</strong></span> <span class='ocrx_word' id='word_1_317' title='bbox 2475 2304 2780 2359; x_wconf 91' lang='lat' dir='ltr'><strong>secundum</strong></span> <span class='ocrx_word' id='word_1_318' title='bbox 2814 2308 3251 2377; x_wconf 88' lang='lat' dir='ltr'><strong>propositionem</strong></span> <span class='ocrx_word' id='word_1_319' title='bbox 3288 2311 3638 2367; x_wconf 85' lang='lat' dir='ltr'><strong>occurrentia</strong></span> 
     </span>
    </p>
   </div>
   <div class='ocr_carea' id='block_1_52' title="bbox 2048 2392 3640 2471">
    <p class='ocr_par' dir='ltr' id='par_1_52' title="bbox 2048 2392 3640 2471">
     <span class='ocr_line' id='line_1_52' title="bbox 2048 2392 3640 2471; baseline 0.008 -25"><span class='ocrx_word' id='word_1_320' title='bbox 2048 2392 2376 2459; x_wconf 89' lang='lat' dir='ltr'><strong>creduntur,</strong></span> <span class='ocrx_word' id='word_1_321' title='bbox 2416 2409 2543 2451; x_wconf 91' lang='lat' dir='ltr'><strong>cum</strong></span> <span class='ocrx_word' id='word_1_322' title='bbox 2585 2406 2818 2469; x_wconf 88' lang='lat' dir='ltr'><strong>uterque</strong></span> <span class='ocrx_word' id='word_1_323' title='bbox 2852 2408 3149 2471; x_wconf 87' lang='lat' dir='ltr'><strong>utrumque</strong></span> <span class='ocrx_word' id='word_1_324' title='bbox 3182 2415 3280 2457; x_wconf 87' lang='lat' dir='ltr'><strong>sua</strong></span> <span class='ocrx_word' id='word_1_325' title='bbox 3322 2411 3640 2458; x_wconf 85' lang='lat' dir='ltr'><strong>antevertat</strong></span> 
     </span>
    </p>
   </div>
   <div class='ocr_carea' id='block_1_53' title="bbox 2046 2481 2677 2542">
    <p class='ocr_par' dir='ltr' id='par_1_53' title="bbox 2046 2481 2677 2542">
     <span class='ocr_line' id='line_1_53' title="bbox 2046 2481 2677 2542; baseline 0 -2"><span class='ocrx_word' id='word_1_326' title='bbox 2046 2485 2392 2542; x_wconf 82' lang='lat' dir='ltr'><strong>excellentia.</strong></span> <span class='ocrx_word' id='word_1_327' title='bbox 2669 2481 2677 2488; x_wconf 83' lang='grc'><strong>’</strong></span> 
     </span>
    </p>
   </div>
   <div class='ocr_carea' id='block_1_54' title="bbox 2048 2663 3638 2731">
    <p class='ocr_par' dir='ltr' id='par_1_54' title="bbox 2048 2663 3638 2731">
     <span class='ocr_line' id='line_1_54' title="bbox 2048 2663 3638 2731; baseline 0.004 -11"><span class='ocrx_word' id='word_1_328' title='bbox 2048 2664 2135 2721; x_wconf 80' lang='lat' dir='ltr'><strong>Ea:</strong></span> <span class='ocrx_word' id='word_1_329' title='bbox 2164 2664 2364 2731; x_wconf 87' lang='lat' dir='ltr'><strong>eodem,</strong></span> <span class='ocrx_word' id='word_1_330' title='bbox 2398 2666 2454 2719; x_wconf 87' lang='lat' dir='ltr'><strong>in</strong></span> <span class='ocrx_word' id='word_1_331' title='bbox 2479 2663 2618 2718; x_wconf 82' lang='lat' dir='ltr'><strong>illud</strong></span> <span class='ocrx_word' id='word_1_332' title='bbox 2640 2681 2658 2719; x_wconf 92' lang='lat'><strong><em>:</em></strong></span> <span class='ocrx_word' id='word_1_333' title='bbox 2689 2684 2707 2717; x_wconf 78' lang='grc' dir='ltr'><strong>ι</strong></span> <span class='ocrx_word' id='word_1_334' title='bbox 2736 2664 2889 2731; x_wconf 84' lang='lat' dir='ltr'><strong>Quod</strong></span> <span class='ocrx_word' id='word_1_335' title='bbox 2918 2669 2964 2722; x_wconf 71' lang='lat' dir='ltr'><strong>si</strong></span> <span class='ocrx_word' id='word_1_336' title='bbox 2993 2668 3200 2724; x_wconf 75' lang='lat' dir='ltr'><strong>Thoma:</strong></span> <span class='ocrx_word' id='word_1_337' title='bbox 3230 2671 3403 2726; x_wconf 77' lang='lat' dir='ltr'><strong>instar</strong></span> <span class='ocrx_word' id='word_1_338' title='bbox 3429 2689 3463 2727; x_wconf 90' lang='lat' dir='ltr'><strong>a</strong></span> <span class='ocrx_word' id='word_1_339' title='bbox 3502 2680 3638 2727; x_wconf 76' lang='lat' dir='ltr'><strong>coetu</strong></span> 
     </span>
    </p>
   </div>
   <div class='ocr_carea' id='block_1_55' title="bbox 2119 2756 3635 2834">
    <p class='ocr_par' dir='ltr' id='par_1_55' title="bbox 2119 2756 3635 2834">
     <span class='ocr_line' id='line_1_55' title="bbox 2119 2756 3635 2834; baseline 0.005 -23"><span class='ocrx_word' id='word_1_340' title='bbox 2119 2756 2519 2827; x_wconf 82' lang='lat' dir='ltr'><strong>discipulorum,</strong></span> <span class='ocrx_word' id='word_1_341' title='bbox 2553 2757 2738 2825; x_wconf 72' lang='lat' dir='ltr'><strong>quibus</strong></span> <span class='ocrx_word' id='word_1_342' title='bbox 2782 2762 3034 2830; x_wconf 82' lang='lat' dir='ltr'><strong>apparuit</strong></span> <span class='ocrx_word' id='word_1_343' title='bbox 3080 2760 3342 2828; x_wconf 71' lang='lat' dir='ltr'><strong>Christus,</strong></span> <span class='ocrx_word' id='word_1_344' title='bbox 3378 2763 3635 2834; x_wconf 71' lang='lat' dir='ltr'><strong>abfueria,</strong></span> 
     </span>
    </p>
   </div>
   <div class='ocr_carea' id='block_1_56' title="bbox 2120 2849 3641 2923">
    <p class='ocr_par' dir='ltr' id='par_1_56' title="bbox 2120 2849 3641 2923">
     <span class='ocr_line' id='line_1_56' title="bbox 2120 2849 3641 2923; baseline 0.005 -21"><span class='ocrx_word' id='word_1_345' title='bbox 2120 2858 2467 2920; x_wconf 75' lang='lat' dir='ltr'><strong>posteaquam</strong></span> <span class='ocrx_word' id='word_1_346' title='bbox 2494 2849 2707 2906; x_wconf 79' lang='lat' dir='ltr'><strong>videris.</strong></span> <span class='ocrx_word' id='word_1_347' title='bbox 2740 2865 2806 2903; x_wconf 85' lang='lat' dir='ltr'><strong>ne</strong></span> <span class='ocrx_word' id='word_1_348' title='bbox 2845 2852 2923 2904; x_wconf 87' lang='lat' dir='ltr'><strong>rei</strong></span> <span class='ocrx_word' id='word_1_349' title='bbox 2950 2849 3110 2919; x_wconf 78' lang='lat' dir='ltr'><strong>ﬁdem</strong></span> <span class='ocrx_word' id='word_1_350' title='bbox 3142 2851 3379 2923; x_wconf 71' lang='lat' dir='ltr'><strong>abrogee.</strong></span> <span class='ocrx_word' id='word_1_351' title='bbox 3410 2852 3565 2919; x_wconf 80' lang='lat' dir='ltr'><strong>Quod</strong></span> <span class='ocrx_word' id='word_1_352' title='bbox 3589 2853 3641 2910; x_wconf 72' lang='grc' dir='ltr'>εἰ</span> 
     </span>
    </p>
   </div>
   <div class='ocr_carea' id='block_1_57' title="bbox 2120 2934 3633 3006">
    <p class='ocr_par' dir='ltr' id='par_1_57' title="bbox 2120 2934 3633 3006">
     <span class='ocr_line' id='line_1_57' title="bbox 2120 2934 3633 3006; baseline 0.005 -17"><span class='ocrx_word' id='word_1_353' title='bbox 2120 2936 2177 2989; x_wconf 87' lang='lat' dir='ltr'><strong>id</strong></span> <span class='ocrx_word' id='word_1_354' title='bbox 2203 2935 2294 2989; x_wconf 84' lang='lat' dir='ltr'><strong>tibi</strong></span> <span class='ocrx_word' id='word_1_355' title='bbox 2321 2934 2481 3004; x_wconf 82' lang='lat' dir='ltr'><strong>ﬁdem</strong></span> <span class='ocrx_word' id='word_1_356' title='bbox 2521 2952 2627 2990; x_wconf 85' lang='lat' dir='ltr'><strong>non</strong></span> <span class='ocrx_word' id='word_1_357' title='bbox 2673 2937 2822 3006; x_wconf 77' lang='lat' dir='ltr'><strong>facit,</strong></span> <span class='ocrx_word' id='word_1_358' title='bbox 2854 2940 3198 2995; x_wconf 66' lang='lat' dir='ltr'><strong>narrantibus</strong></span> <span class='ocrx_word' id='word_1_359' title='bbox 3222 2941 3417 2996; x_wconf 77' lang='lat' dir='ltr'><strong>saltem</strong></span> <span class='ocrx_word' id='word_1_360' title='bbox 3457 2942 3633 2996; x_wconf 84' lang='lat' dir='ltr'><strong>crede.</strong></span> 
     </span>
    </p>
   </div>
   <div class='ocr_carea' id='block_1_58' title="bbox 2117 3027 3635 3107">
    <p class='ocr_par' dir='ltr' id='par_1_58' title="bbox 2117 3027 3635 3107">
     <span class='ocr_line' id='line_1_58' title="bbox 2117 3027 3635 3107; baseline 0.005 -23"><span class='ocrx_word' id='word_1_361' title='bbox 2117 3027 2176 3084; x_wconf 89' lang='lat' dir='ltr'><strong>Si</strong></span> <span class='ocrx_word' id='word_1_362' title='bbox 2204 3045 2269 3081; x_wconf 87' lang='lat' dir='ltr'><strong>ne</strong></span> <span class='ocrx_word' id='word_1_363' title='bbox 2308 3029 2388 3082; x_wconf 75' lang='lat' dir='ltr'><strong>his</strong></span> <span class='ocrx_word' id='word_1_364' title='bbox 2424 3029 2655 3100; x_wconf 83' lang='lat' dir='ltr'><strong>quidem,</strong></span> <span class='ocrx_word' id='word_1_365' title='bbox 2687 3038 2744 3084; x_wconf 90' lang='lat' dir='ltr'><strong>at</strong></span> <span class='ocrx_word' id='word_1_366' title='bbox 2783 3040 2922 3085; x_wconf 88' lang='lat' dir='ltr'><strong>certe</strong></span> <span class='ocrx_word' id='word_1_367' title='bbox 2968 3032 3242 3088; x_wconf 81' lang='lat' dir='ltr'><strong>clavorum</strong></span> <span class='ocrx_word' id='word_1_368' title='bbox 3269 3037 3635 3107; x_wconf 57' lang='lat' dir='ltr'><strong>imprecationi-</strong></span> 
     </span>
    </p>
   </div>
   <div class='ocr_carea' id='block_1_59' title="bbox 2118 3120 2688 3190">
    <p class='ocr_par' dir='ltr' id='par_1_59' title="bbox 2118 3120 2688 3190">
     <span class='ocr_line' id='line_1_59' title="bbox 2118 3120 2688 3190; baseline -0.004 -15"><span class='ocrx_word' id='word_1_369' title='bbox 2118 3121 2212 3175; x_wconf 78' lang='lat' dir='ltr'><strong>bus</strong></span> <span class='ocrx_word' id='word_1_370' title='bbox 2235 3120 2396 3190; x_wconf 82' lang='lat' dir='ltr'><strong>ﬁdem</strong></span> <span class='ocrx_word' id='word_1_371' title='bbox 2422 3122 2554 3176; x_wconf 80' lang='lat' dir='ltr'><strong>habe</strong></span> <span class='ocrx_word' id='word_1_372' title='bbox 2583 3125 2628 3177; x_wconf 72' lang='grc' dir='ltr'>ι.</span> <span class='ocrx_word' id='word_1_373' title='bbox 2670 3142 2688 3173; x_wconf 82' lang='grc' dir='ltr'><strong>ι</strong></span> 
     </span>
    </p>
   </div>
   <div class='ocr_carea' id='block_1_60' title="bbox 426 3207 1944 3309">
    <p class='ocr_par' dir='ltr' id='par_1_60' title="bbox 426 3208 1944 3308">
     <span class='ocr_line' id='line_1_60' title="bbox 426 3208 1944 3308; baseline -0.005 -18"><span class='ocrx_word' id='word_1_374' title='bbox 426 3235 629 3308; x_wconf 81' lang='grc' dir='ltr'><strong>Θωμᾶς</strong></span> <span class='ocrx_word' id='word_1_375' title='bbox 675 3233 1039 3307; x_wconf 81' lang='grc' dir='ltr'>ἑρμηνεύεται</span> <span class='ocrx_word' id='word_1_376' title='bbox 1089 3231 1359 3303; x_wconf 82' lang='grc' dir='ltr'>δίδυμος,</span> <span class='ocrx_word' id='word_1_377' title='bbox 1415 3232 1443 3286; x_wconf 84' lang='grc' dir='ltr'><strong>ὂ</strong></span> <span class='ocrx_word' id='word_1_378' title='bbox 1481 3233 1596 3285; x_wconf 77' lang='grc' dir='ltr'>ἐστι</span> <span class='ocrx_word' id='word_1_379' title='bbox 1638 3208 1944 3301; x_wconf 82' lang='grc' dir='ltr'><strong>⁹δισταγμὸς</strong></span> 
     </span>
    </p>
   </div>
   <div class='ocr_carea' id='block_1_61' title="bbox 2049 3207 3637 3309">
    <p class='ocr_par' dir='ltr' id='par_1_61' title="bbox 2118 3235 3637 3309">
     <span class='ocr_line' id='line_1_61' title="bbox 2118 3235 3637 3309; baseline 0.006 -20"><span class='ocrx_word' id='word_1_380' title='bbox 2118 3235 2357 3290; x_wconf 89' lang='lat' dir='ltr'><strong>Thomas</strong></span> <span class='ocrx_word' id='word_1_381' title='bbox 2403 3235 2708 3306; x_wconf 79' lang='lat' dir='ltr'><strong>explicatur</strong></span> <span class='ocrx_word' id='word_1_382' title='bbox 2751 3239 3009 3309; x_wconf 74' lang='lat' dir='ltr'><strong>geminus,</strong></span> <span class='ocrx_word' id='word_1_383' title='bbox 3046 3238 3194 3309; x_wconf 92' lang='lat' dir='ltr'><strong>quod</strong></span> <span class='ocrx_word' id='word_1_384' title='bbox 3246 3248 3331 3295; x_wconf 88' lang='lat' dir='ltr'><strong>est</strong></span> <span class='ocrx_word' id='word_1_385' title='bbox 3362 3240 3637 3299; x_wconf 88' lang='lat' dir='ltr'><strong>dubitatio</strong></span> 
     </span>
    </p>
   </div>
   <div class='ocr_carea' id='block_1_62' title="bbox 348 3327 1945 3402">
    <p class='ocr_par' dir='ltr' id='par_1_62' title="bbox 348 3327 1945 3402">
     <span class='ocr_line' id='line_1_62' title="bbox 348 3327 1945 3402; baseline -0.004 -19"><span class='ocrx_word' id='word_1_386' title='bbox 348 3330 387 3402; x_wconf 79' lang='grc' dir='ltr'>ἦ</span> <span class='ocrx_word' id='word_1_387' title='bbox 416 3329 684 3394; x_wconf 82' lang='grc' dir='ltr'>διστάζων</span> <span class='ocrx_word' id='word_1_388' title='bbox 712 3332 826 3394; x_wconf 83' lang='grc' dir='ltr'>τοῖς</span> <span class='ocrx_word' id='word_1_389' title='bbox 859 3330 1165 3399; x_wconf 81' lang='grc' dir='ltr'>λογισμοῖς,</span> <span class='ocrx_word' id='word_1_390' title='bbox 1194 3329 1290 3382; x_wconf 57' lang='grc' dir='ltr'><strong>καὶ⁹</strong></span> <span class='ocrx_word' id='word_1_391' title='bbox 1334 3328 1424 3382; x_wconf 82' lang='grc' dir='ltr'>διὰ</span> <span class='ocrx_word' id='word_1_392' title='bbox 1450 3327 1611 3381; x_wconf 84' lang='grc' dir='ltr'>τοῦτο</span> <span class='ocrx_word' id='word_1_393' title='bbox 1643 3329 1813 3398; x_wconf 61' lang='grc' dir='ltr'>χωρὶς</span> <span class='ocrx_word' id='word_1_394' title='bbox 1845 3327 1945 3397; x_wconf 84' lang='grc' dir='ltr'>τῆς</span> 
     </span>
    </p>
   </div>
   <div class='ocr_carea' id='block_1_63' title="bbox 346 3416 1944 3494">
    <p class='ocr_par' dir='ltr' id='par_1_63' title="bbox 346 3416 1944 3494">
     <span class='ocr_line' id='line_1_63' title="bbox 346 3416 1944 3494; baseline -0.006 -17"><span class='ocrx_word' id='word_1_395' title='bbox 346 3421 466 3477; x_wconf 82' lang='grc' dir='ltr'><strong>τῶν</strong></span> <span class='ocrx_word' id='word_1_396' title='bbox 496 3422 684 3476; x_wconf 85' lang='grc' dir='ltr'>τύπων</span> <span class='ocrx_word' id='word_1_397' title='bbox 729 3423 840 3476; x_wconf 86' lang='grc' dir='ltr'><strong>τῶν</strong></span> <span class='ocrx_word' id='word_1_398' title='bbox 888 3422 1036 3494; x_wconf 76' lang='grc' dir='ltr'>ἥλων</span> <span class='ocrx_word' id='word_1_399' title='bbox 1075 3420 1447 3492; x_wconf 75' lang='grc' dir='ltr'>ψηλαφήσεως</span> <span class='ocrx_word' id='word_1_400' title='bbox 1485 3419 1621 3490; x_wconf 81' lang='grc' dir='ltr'>μηδὲ</span> <span class='ocrx_word' id='word_1_401' title='bbox 1671 3416 1944 3471; x_wconf 85' lang='grc' dir='ltr'>πιστεύων</span> 
     </span>
    </p>
   </div>
   <div class='ocr_carea' id='block_1_64' title="bbox 346 3505 1945 3584">
    <p class='ocr_par' dir='ltr' id='par_1_64' title="bbox 346 3505 1945 3584">
     <span class='ocr_line' id='line_1_64' title="bbox 346 3505 1945 3584; baseline -0.004 -18"><span class='ocrx_word' id='word_1_402' title='bbox 346 3514 639 3584; x_wconf 78' lang='grc' dir='ltr'>γεγονέναι</span> <span class='ocrx_word' id='word_1_403' title='bbox 669 3513 762 3567; x_wconf 84' lang='grc' dir='ltr'>τοῦ</span> <span class='ocrx_word' id='word_1_404' title='bbox 790 3514 965 3582; x_wconf 86' lang='grc' dir='ltr'>Λόγου</span> <span class='ocrx_word' id='word_1_405' title='bbox 993 3514 1091 3584; x_wconf 77' lang='grc' dir='ltr'>τὴν</span> <span class='ocrx_word' id='word_1_406' title='bbox 1123 3513 1442 3567; x_wconf 83' lang='grc' dir='ltr'>ἀνάστασιν.</span> <span class='ocrx_word' id='word_1_407' title='bbox 1476 3512 1678 3581; x_wconf 76' lang='grc' dir='ltr'>Θωμᾶς</span> <span class='ocrx_word' id='word_1_408' title='bbox 1705 3505 1797 3565; x_wconf 80' lang='grc' dir='ltr'><strong>οὖν</strong></span> <span class='ocrx_word' id='word_1_409' title='bbox 1828 3511 1945 3561; x_wconf 76' lang='grc' dir='ltr'>ἐστι</span> 
     </span>
    </p>
   </div>
   <div class='ocr_carea' id='block_1_65' title="bbox 349 3603 1944 3677">
    <p class='ocr_par' dir='ltr' id='par_1_65' title="bbox 349 3603 1944 3677">
     <span class='ocr_line' id='line_1_65' title="bbox 349 3603 1944 3677; baseline -0.006 -14"><span class='ocrx_word' id='word_1_410' title='bbox 349 3610 467 3672; x_wconf 79' lang='grc' dir='ltr'><strong>πᾶς</strong></span> <span class='ocrx_word' id='word_1_411' title='bbox 496 3607 842 3669; x_wconf 85' lang='grc' dir='ltr'>διστακτικὸς</span> <span class='ocrx_word' id='word_1_412' title='bbox 892 3605 1179 3677; x_wconf 75' lang='grc' dir='ltr'>ἅνθρωπος</span> <span class='ocrx_word' id='word_1_413' title='bbox 1222 3606 1323 3677; x_wconf 81' lang='grc' dir='ltr'>τὴν</span> <span class='ocrx_word' id='word_1_414' title='bbox 1351 3604 1445 3658; x_wconf 86' lang='grc' dir='ltr'>τοῦ</span> <span class='ocrx_word' id='word_1_415' title='bbox 1486 3606 1546 3658; x_wconf 81' lang='grc' dir='ltr'>ὲν</span> <span class='ocrx_word' id='word_1_416' title='bbox 1589 3603 1738 3673; x_wconf 79' lang='grc' dir='ltr'>αὐτῷ</span> <span class='ocrx_word' id='word_1_417' title='bbox 1769 3603 1944 3670; x_wconf 80' lang='grc' dir='ltr'>Λόγου</span> 
     </span>
    </p>
   </div>
   <div class='ocr_carea' id='block_1_66' title="bbox 347 3695 1944 3772">
    <p class='ocr_par' dir='ltr' id='par_1_66' title="bbox 347 3695 1944 3772">
     <span class='ocr_line' id='line_1_66' title="bbox 347 3695 1944 3772; baseline -0.005 -17"><span class='ocrx_word' id='word_1_418' title='bbox 347 3701 459 3772; x_wconf 76' lang='grc' dir='ltr'>τῆς</span> <span class='ocrx_word' id='word_1_419' title='bbox 488 3701 691 3772; x_wconf 83' lang='grc' dir='ltr'>ἀρετῆς</span> <span class='ocrx_word' id='word_1_420' title='bbox 762 3699 856 3753; x_wconf 78' lang='grc' dir='ltr'>καὶ</span> <span class='ocrx_word' id='word_1_421' title='bbox 906 3699 1006 3771; x_wconf 87' lang='grc' dir='ltr'>τῆς</span> <span class='ocrx_word' id='word_1_422' title='bbox 1045 3697 1300 3767; x_wconf 86' lang='grc' dir='ltr'>γνώσεως</span> <span class='ocrx_word' id='word_1_423' title='bbox 1344 3696 1528 3769; x_wconf 74' lang='grc'><strong>(252</strong></span> <span class='ocrx_word' id='word_1_424' title='bbox 1576 3696 1629 3767; x_wconf 90' lang='lat' dir='ltr'><strong>a)</strong></span> <span class='ocrx_word' id='word_1_425' title='bbox 1698 3695 1944 3765; x_wconf 87' lang='grc' dir='ltr'>γίνεσθαι</span> 
     </span>
    </p>
   </div>
   <div class='ocr_carea' id='block_1_67' title="bbox 348 3788 1945 3859">
    <p class='ocr_par' dir='ltr' id='par_1_67' title="bbox 348 3788 1945 3859">
     <span class='ocr_line' id='line_1_67' title="bbox 348 3788 1945 3859; baseline -0.005 -11"><span class='ocrx_word' id='word_1_426' title='bbox 348 3794 635 3857; x_wconf 79' lang='grc' dir='ltr'>δυσκόλως</span> <span class='ocrx_word' id='word_1_427' title='bbox 692 3791 965 3846; x_wconf 84' lang='grc' dir='ltr'>πιστεύων</span> <span class='ocrx_word' id='word_1_428' title='bbox 1021 3790 1353 3856; x_wconf 73' lang='grc' dir='ltr'>ἀνάστασιν,</span> <span class='ocrx_word' id='word_1_429' title='bbox 1422 3793 1605 3845; x_wconf 83' lang='grc' dir='ltr'>ὅντινα</span> <span class='ocrx_word' id='word_1_430' title='bbox 1667 3788 1828 3859; x_wconf 91' lang='grc' dir='ltr'>μόνον</span> <span class='ocrx_word' id='word_1_431' title='bbox 1889 3789 1945 3841; x_wconf 84' lang='grc' dir='ltr'>αἱ</span> 
     </span>
    </p>
   </div>
   <div class='ocr_carea' id='block_1_68' title="bbox 353 3878 1947 3957">
    <p class='ocr_par' dir='ltr' id='par_1_68' title="bbox 353 3878 1947 3957">
     <span class='ocr_line' id='line_1_68' title="bbox 353 3878 1947 3957; baseline -0.003 -20"><span class='ocrx_word' id='word_1_432' title='bbox 353 3884 574 3957; x_wconf 78' lang='grc' dir='ltr'>μνῆμαι</span> <span class='ocrx_word' id='word_1_433' title='bbox 626 3884 735 3940; x_wconf 86' lang='grc' dir='ltr'><strong>τῶν</strong></span> <span class='ocrx_word' id='word_1_434' title='bbox 783 3883 1197 3955; x_wconf 82' lang='grc' dir='ltr'>προγεγονότων</span> <span class='ocrx_word' id='word_1_435' title='bbox 1245 3882 1680 3954; x_wconf 83' lang='grc' dir='ltr'>ἁμαρτημάτων,</span> <span class='ocrx_word' id='word_1_436' title='bbox 1720 3878 1947 3943; x_wconf 81' lang='grc' dir='ltr'>ἀπαθῶς</span> 
     </span>
    </p>
   </div>
   <div class='ocr_carea' id='block_1_69' title="bbox 347 3968 1947 4045">
    <p class='ocr_par' dir='ltr' id='par_1_69' title="bbox 347 3968 1947 4045">
     <span class='ocr_line' id='line_1_69' title="bbox 347 3968 1947 4045; baseline -0.003 -18"><span class='ocrx_word' id='word_1_437' title='bbox 347 3973 701 4045; x_wconf 86' lang='grc' dir='ltr'>τυπούμεναι</span> <span class='ocrx_word' id='word_1_438' title='bbox 748 3974 893 4028; x_wconf 86' lang='grc' dir='ltr'><strong>κατά</strong></span> <span class='ocrx_word' id='word_1_439' title='bbox 941 3972 1200 4037; x_wconf 84' lang='grc' dir='ltr'>διάνοιαν,</span> <span class='ocrx_word' id='word_1_440' title='bbox 1259 3970 1508 4024; x_wconf 86' lang='grc' dir='ltr'>πείθουσι</span> <span class='ocrx_word' id='word_1_441' title='bbox 1560 3971 1655 4025; x_wconf 82' lang='grc' dir='ltr'>τοῦ</span> <span class='ocrx_word' id='word_1_442' title='bbox 1699 3971 1756 4037; x_wconf 75' lang='grc' dir='ltr'>ἐν</span> <span class='ocrx_word' id='word_1_443' title='bbox 1795 3968 1947 4040; x_wconf 78' lang='grc' dir='ltr'>αὑτῷ</span> 
     </span>
    </p>
   </div>
   <div class='ocr_carea' id='block_1_70' title="bbox 349 4060 1949 4135">
    <p class='ocr_par' dir='ltr' id='par_1_70' title="bbox 349 4060 1949 4135">
     <span class='ocr_line' id='line_1_70' title="bbox 349 4060 1949 4135; baseline -0.003 -16"><span class='ocrx_word' id='word_1_444' title='bbox 349 4066 510 4120; x_wconf 82' lang='grc' dir='ltr'>θείου</span> <span class='ocrx_word' id='word_1_445' title='bbox 543 4066 719 4133; x_wconf 82' lang='grc' dir='ltr'>Λόγου</span> <span class='ocrx_word' id='word_1_446' title='bbox 757 4065 1017 4131; x_wconf 80' lang='grc' dir='ltr'>δέξασθαι</span> <span class='ocrx_word' id='word_1_447' title='bbox 1067 4064 1166 4135; x_wconf 81' lang='grc' dir='ltr'>τὴν</span> <span class='ocrx_word' id='word_1_448' title='bbox 1196 4063 1518 4129; x_wconf 76' lang='grc' dir='ltr'>ἀνάστασιν,</span> <span class='ocrx_word' id='word_1_449' title='bbox 1559 4064 1655 4117; x_wconf 77' lang='grc' dir='ltr'><strong>καὶ</strong></span> <span class='ocrx_word' id='word_1_450' title='bbox 1682 4060 1949 4134; x_wconf 85' lang='grc' dir='ltr'>ὁμολογῆ-</span> 
     </span>
    </p>
   </div>
   <div class='ocr_carea' id='block_1_71' title="bbox 352 4154 1948 4227">
    <p class='ocr_par' dir='ltr' id='par_1_71' title="bbox 352 4154 1948 4227">
     <span class='ocr_line' id='line_1_71' title="bbox 352 4154 1948 4227; baseline -0.003 -15"><span class='ocrx_word' id='word_1_451' title='bbox 352 4176 455 4213; x_wconf 84' lang='grc' dir='ltr'><strong>σαι</strong></span> <span class='ocrx_word' id='word_1_452' title='bbox 500 4158 660 4212; x_wconf 81' lang='grc' dir='ltr'>αὐτὸν</span> <span class='ocrx_word' id='word_1_453' title='bbox 720 4157 928 4227; x_wconf 85' lang='grc' dir='ltr'>Κύριον</span> <span class='ocrx_word' id='word_1_454' title='bbox 977 4157 1074 4211; x_wconf 74' lang='grc' dir='ltr'>καὶ</span> <span class='ocrx_word' id='word_1_455' title='bbox 1121 4155 1254 4210; x_wconf 87' lang='grc' dir='ltr'>Θεόν</span> <span class='ocrx_word' id='word_1_456' title='bbox 1286 4172 1299 4186; x_wconf 86' lang='grc'><strong>·</strong></span> <span class='ocrx_word' id='word_1_457' title='bbox 1328 4157 1535 4227; x_wconf 82' lang='grc' dir='ltr'>Κύριον</span> <span class='ocrx_word' id='word_1_458' title='bbox 1579 4155 1679 4225; x_wconf 83' lang='grc' dir='ltr'>μὲν</span> <span class='ocrx_word' id='word_1_459' title='bbox 1724 4155 1801 4219; x_wconf 85' lang='grc' dir='ltr'>ὡς</span> <span class='ocrx_word' id='word_1_460' title='bbox 1845 4154 1948 4224; x_wconf 83' lang='grc' dir='ltr'>τῆς</span> 
     </span>
    </p>
   </div>
   <div class='ocr_carea' id='block_1_72' title="bbox 352 4237 1948 4321">
    <p class='ocr_par' dir='ltr' id='par_1_72' title="bbox 352 4237 1948 4321">
     <span class='ocr_line' id='line_1_72' title="bbox 352 4237 1948 4321; baseline -0.004 -15"><span class='ocrx_word' id='word_1_461' title='bbox 352 4237 509 4307; x_wconf 61' lang='grc' dir='ltr'>εἷτατά</span> <span class='ocrx_word' id='word_1_462' title='bbox 537 4251 737 4321; x_wconf 81' lang='grc' dir='ltr'>πρᾶξιν</span> <span class='ocrx_word' id='word_1_463' title='bbox 781 4250 1120 4321; x_wconf 88' lang='grc' dir='ltr'>τελειότητος</span> <span class='ocrx_word' id='word_1_464' title='bbox 1150 4248 1471 4321; x_wconf 83' lang='grc' dir='ltr'>νομοθέτην,</span> <span class='ocrx_word' id='word_1_465' title='bbox 1501 4249 1634 4301; x_wconf 80' lang='grc' dir='ltr'>Θεὸν</span> <span class='ocrx_word' id='word_1_466' title='bbox 1655 4247 1714 4302; x_wconf 81' lang='grc' dir='ltr'>δὲ</span> <span class='ocrx_word' id='word_1_467' title='bbox 1743 4248 1817 4311; x_wconf 85' lang='grc' dir='ltr'><strong>ὡς</strong></span> <span class='ocrx_word' id='word_1_468' title='bbox 1846 4247 1948 4318; x_wconf 85' lang='grc' dir='ltr'>τῆς</span> 
     </span>
    </p>
   </div>
   <div class='ocr_carea' id='block_1_73' title="bbox 349 4341 1945 4413">
    <p class='ocr_par' dir='ltr' id='par_1_73' title="bbox 349 4341 1945 4413">
     <span class='ocr_line' id='line_1_73' title="bbox 349 4341 1945 4413; baseline -0.001 -18"><span class='ocrx_word' id='word_1_469' title='bbox 349 4342 501 4395; x_wconf 85' lang='grc' dir='ltr'><strong>κατά</strong></span> <span class='ocrx_word' id='word_1_470' title='bbox 521 4342 621 4413; x_wconf 82' lang='grc' dir='ltr'><strong>τὴν</strong></span> <span class='ocrx_word' id='word_1_471' title='bbox 641 4342 874 4413; x_wconf 82' lang='grc' dir='ltr'>θεωρίαν</span> <span class='ocrx_word' id='word_1_472' title='bbox 900 4341 1198 4405; x_wconf 81' lang='grc' dir='ltr'>παντελοῦς</span> <span class='ocrx_word' id='word_1_473' title='bbox 1228 4341 1615 4412; x_wconf 78' lang='grc' dir='ltr'>μυσταγωγίας</span> <span class='ocrx_word' id='word_1_474' title='bbox 1638 4341 1945 4413; x_wconf 83' lang='grc' dir='ltr'>ὑφηγητήν.</span> 
     </span>
    </p>
   </div>
   <div class='ocr_carea' id='block_1_74' title="bbox 370 4431 1949 4506">
    <p class='ocr_par' dir='ltr' id='par_1_74' title="bbox 370 4431 1949 4506">
     <span class='ocr_line' id='line_1_74' title="bbox 370 4431 1949 4506; baseline 0 -21"><span class='ocrx_word' id='word_1_475' title='bbox 370 4432 620 4502; x_wconf 83' lang='grc' dir='ltr'>’Λπαθὴς</span> <span class='ocrx_word' id='word_1_476' title='bbox 671 4432 728 4487; x_wconf 80' lang='grc' dir='ltr'>δὲ</span> <span class='ocrx_word' id='word_1_477' title='bbox 770 4434 964 4505; x_wconf 83' lang='grc' dir='ltr'>μνήμη</span> <span class='ocrx_word' id='word_1_478' title='bbox 1005 4433 1121 4487; x_wconf 74' lang='grc' dir='ltr'>ἐστὶ</span> <span class='ocrx_word' id='word_1_479' title='bbox 1169 4432 1279 4486; x_wconf 81' lang='grc' dir='ltr'><strong>τῶν</strong></span> <span class='ocrx_word' id='word_1_480' title='bbox 1322 4434 1818 4506; x_wconf 76' lang='grc' dir='ltr'>προγεγενημένων</span> <span class='ocrx_word' id='word_1_481' title='bbox 1855 4431 1949 4485; x_wconf 85' lang='grc' dir='ltr'>τύ-</span> 
     </span>
    </p>
   </div>
   <div class='ocr_carea' id='block_1_75' title="bbox 2045 3327 3637 3403">
    <p class='ocr_par' dir='ltr' id='par_1_75' title="bbox 2045 3327 3637 3403">
     <span class='ocr_line' id='line_1_75' title="bbox 2045 3327 3637 3403; baseline 0.004 -22"><span class='ocrx_word' id='word_1_482' title='bbox 2045 3328 2132 3382; x_wconf 90' lang='lat' dir='ltr'><strong>vel</strong></span> <span class='ocrx_word' id='word_1_483' title='bbox 2164 3327 2424 3383; x_wconf 89' lang='lat' dir='ltr'><strong>dubitans</strong></span> <span class='ocrx_word' id='word_1_484' title='bbox 2452 3336 2656 3394; x_wconf 89' lang='lat' dir='ltr'><strong>mente,</strong></span> <span class='ocrx_word' id='word_1_485' title='bbox 2688 3340 2744 3383; x_wconf 89' lang='lat' dir='ltr'><strong>et</strong></span> <span class='ocrx_word' id='word_1_486' title='bbox 2776 3338 3067 3403; x_wconf 88' lang='lat' dir='ltr'><strong>propterea</strong></span> <span class='ocrx_word' id='word_1_487' title='bbox 3096 3330 3375 3386; x_wconf 89' lang='lat' dir='ltr'><strong>clavorum</strong></span> <span class='ocrx_word' id='word_1_488' title='bbox 3404 3332 3637 3403; x_wconf 82' lang='lat' dir='ltr'><strong>impres-</strong></span> 
     </span>
    </p>
   </div>
   <div class='ocr_carea' id='block_1_76' title="bbox 2046 3419 3639 3481">
    <p class='ocr_par' dir='ltr' id='par_1_76' title="bbox 2046 3419 3639 3481">
     <span class='ocr_line' id='line_1_76' title="bbox 2046 3419 3639 3481; baseline 0.004 -7"><span class='ocrx_word' id='word_1_489' title='bbox 2046 3419 2297 3475; x_wconf 87' lang='lat' dir='ltr'><strong>sionibus</strong></span> <span class='ocrx_word' id='word_1_490' title='bbox 2330 3435 2442 3475; x_wconf 93' lang='lat' dir='ltr'><strong>non</strong></span> <span class='ocrx_word' id='word_1_491' title='bbox 2478 3422 2834 3477; x_wconf 87' lang='lat' dir='ltr'><strong>contrectatis</strong></span> <span class='ocrx_word' id='word_1_492' title='bbox 2864 3437 2969 3477; x_wconf 91' lang='lat' dir='ltr'><strong>nec</strong></span> <span class='ocrx_word' id='word_1_493' title='bbox 3011 3425 3380 3480; x_wconf 76' lang='lat' dir='ltr'><strong>resurrexisse</strong></span> <span class='ocrx_word' id='word_1_494' title='bbox 3416 3424 3639 3481; x_wconf 85' lang='lat' dir='ltr'><strong>Sermo-</strong></span> 
     </span>
    </p>
   </div>
   <div class='ocr_carea' id='block_1_77' title="bbox 2044 3512 3635 3584">
    <p class='ocr_par' dir='ltr' id='par_1_77' title="bbox 2044 3512 3635 3584">
     <span class='ocr_line' id='line_1_77' title="bbox 2044 3512 3635 3584; baseline 0.006 -18"><span class='ocrx_word' id='word_1_495' title='bbox 2044 3527 2173 3567; x_wconf 89' lang='lat' dir='ltr'><strong>nem</strong></span> <span class='ocrx_word' id='word_1_496' title='bbox 2206 3512 2458 3568; x_wconf 89' lang='lat' dir='ltr'><strong>credens.</strong></span> <span class='ocrx_word' id='word_1_497' title='bbox 2511 3513 2750 3569; x_wconf 88' lang='lat' dir='ltr'><strong>Thomas</strong></span> <span class='ocrx_word' id='word_1_498' title='bbox 2793 3514 2964 3584; x_wconf 79' lang='lat' dir='ltr'><strong>igitur</strong></span> <span class='ocrx_word' id='word_1_499' title='bbox 3012 3526 3099 3573; x_wconf 88' lang='lat' dir='ltr'><strong>est</strong></span> <span class='ocrx_word' id='word_1_500' title='bbox 3141 3519 3323 3574; x_wconf 89' lang='lat' dir='ltr'><strong>omnis</strong></span> <span class='ocrx_word' id='word_1_501' title='bbox 3364 3519 3533 3574; x_wconf 90' lang='lat' dir='ltr'><strong>homo</strong></span> <span class='ocrx_word' id='word_1_502' title='bbox 3578 3519 3635 3574; x_wconf 90' lang='lat' dir='ltr'><strong>in</strong></span> 
     </span>
    </p>
   </div>
   <div class='ocr_carea' id='block_1_78' title="bbox 2045 3603 3635 3679">
    <p class='ocr_par' dir='ltr' id='par_1_78' title="bbox 2045 3603 3635 3679">
     <span class='ocr_line' id='line_1_78' title="bbox 2045 3603 3635 3679; baseline 0.004 -22"><span class='ocrx_word' id='word_1_503' title='bbox 2045 3603 2446 3660; x_wconf 88' lang='lat' dir='ltr'><strong>dubitationem</strong></span> <span class='ocrx_word' id='word_1_504' title='bbox 2480 3605 2741 3673; x_wconf 90' lang='lat' dir='ltr'><strong>proclivis</strong></span> <span class='ocrx_word' id='word_1_505' title='bbox 2770 3606 2866 3674; x_wconf 89' lang='lat' dir='ltr'><strong>qui</strong></span> <span class='ocrx_word' id='word_1_506' title='bbox 2905 3604 3187 3662; x_wconf 89' lang='lat' dir='ltr'><strong>Sermonis</strong></span> <span class='ocrx_word' id='word_1_507' title='bbox 3213 3609 3436 3665; x_wconf 87' lang='lat' dir='ltr'><strong>virtutis</strong></span> <span class='ocrx_word' id='word_1_508' title='bbox 3469 3616 3635 3679; x_wconf 87' lang='lat' dir='ltr'><strong>atque</strong></span> 
     </span>
    </p>
   </div>
   <div class='ocr_carea' id='block_1_79' title="bbox 2045 3694 3635 3767">
    <p class='ocr_par' dir='ltr' id='par_1_79' title="bbox 2045 3694 3635 3767">
     <span class='ocr_line' id='line_1_79' title="bbox 2045 3694 3635 3767; baseline 0.004 -18"><span class='ocrx_word' id='word_1_509' title='bbox 2045 3694 2378 3765; x_wconf 79' lang='lat' dir='ltr'><strong>cognitionis</strong></span> <span class='ocrx_word' id='word_1_510' title='bbox 2418 3710 2580 3764; x_wconf 89' lang='lat' dir='ltr'><strong>quem</strong></span> <span class='ocrx_word' id='word_1_511' title='bbox 2632 3696 2700 3753; x_wconf 80' lang='lat' dir='ltr'><strong>in</strong></span> <span class='ocrx_word' id='word_1_512' title='bbox 2740 3697 3040 3767; x_wconf 86' lang='lat' dir='ltr'><strong>semetipso</strong></span> <span class='ocrx_word' id='word_1_513' title='bbox 3087 3698 3253 3755; x_wconf 88' lang='lat' dir='ltr'><strong>habet</strong></span> <span class='ocrx_word' id='word_1_514' title='bbox 3297 3700 3444 3755; x_wconf 86' lang='lat' dir='ltr'><strong>haud</strong></span> <span class='ocrx_word' id='word_1_515' title='bbox 3473 3700 3635 3757; x_wconf 80' lang='lat' dir='ltr'><strong>facile</strong></span> 
     </span>
    </p>
   </div>
   <div class='ocr_carea' id='block_1_80' title="bbox 2045 3784 3633 3860">
    <p class='ocr_par' dir='ltr' id='par_1_80' title="bbox 2045 3784 3633 3860">
     <span class='ocr_line' id='line_1_80' title="bbox 2045 3784 3633 3860; baseline 0.003 -20"><span class='ocrx_word' id='word_1_516' title='bbox 2045 3784 2225 3840; x_wconf 91' lang='lat' dir='ltr'><strong>credit</strong></span> <span class='ocrx_word' id='word_1_517' title='bbox 2258 3785 2503 3841; x_wconf 90' lang='lat' dir='ltr'><strong>futuram</strong></span> <span class='ocrx_word' id='word_1_518' title='bbox 2546 3801 2669 3841; x_wconf 88' lang='lat' dir='ltr'><strong>esse</strong></span> <span class='ocrx_word' id='word_1_519' title='bbox 2713 3788 3201 3856; x_wconf 87' lang='lat' dir='ltr'><strong>resurrectionem,</strong></span> <span class='ocrx_word' id='word_1_520' title='bbox 3239 3790 3329 3845; x_wconf 91' lang='lat' dir='ltr'><strong>cui</strong></span> <span class='ocrx_word' id='word_1_521' title='bbox 3373 3799 3633 3860; x_wconf 90' lang='lat' dir='ltr'><strong>peccato-</strong></span> 
     </span>
    </p>
   </div>
   <div class='ocr_carea' id='block_1_81' title="bbox 2047 3880 3635 3949">
    <p class='ocr_par' dir='ltr' id='par_1_81' title="bbox 2047 3880 3635 3949">
     <span class='ocr_line' id='line_1_81' title="bbox 2047 3880 3635 3949; baseline 0.003 -15"><span class='ocrx_word' id='word_1_522' title='bbox 2047 3894 2169 3935; x_wconf 89' lang='lat' dir='ltr'><strong>rum</strong></span> <span class='ocrx_word' id='word_1_523' title='bbox 2193 3880 2370 3935; x_wconf 87' lang='lat' dir='ltr'><strong>solum</strong></span> <span class='ocrx_word' id='word_1_524' title='bbox 2395 3885 2557 3935; x_wconf 89' lang='lat' dir='ltr'><strong>antea</strong></span> <span class='ocrx_word' id='word_1_525' title='bbox 2581 3880 2850 3935; x_wconf 85' lang='lat' dir='ltr'><strong>factorum</strong></span> <span class='ocrx_word' id='word_1_526' title='bbox 2879 3890 3258 3949; x_wconf 88' lang='lat' dir='ltr'><strong>monumenta,</strong></span> <span class='ocrx_word' id='word_1_527' title='bbox 3285 3883 3403 3938; x_wconf 90' lang='lat' dir='ltr'><strong>sine</strong></span> <span class='ocrx_word' id='word_1_528' title='bbox 3431 3882 3635 3939; x_wconf 80' lang='lat' dir='ltr'><strong>aﬂ‘ectu</strong></span> 
     </span>
    </p>
   </div>
   <div class='ocr_carea' id='block_1_82' title="bbox 2048 3968 3636 4042">
    <p class='ocr_par' dir='ltr' id='par_1_82' title="bbox 2048 3968 3636 4042">
     <span class='ocr_line' id='line_1_82' title="bbox 2048 3968 3636 4042; baseline 0.003 -19"><span class='ocrx_word' id='word_1_529' title='bbox 2048 3968 2106 4023; x_wconf 90' lang='lat' dir='ltr'><strong>in</strong></span> <span class='ocrx_word' id='word_1_530' title='bbox 2156 3977 2340 4024; x_wconf 90' lang='lat' dir='ltr'><strong>mente</strong></span> <span class='ocrx_word' id='word_1_531' title='bbox 2382 3968 2672 4039; x_wconf 86' lang='lat' dir='ltr'><strong>impressa,</strong></span> <span class='ocrx_word' id='word_1_532' title='bbox 2706 3968 2879 4024; x_wconf 89' lang='lat' dir='ltr'><strong>divini</strong></span> <span class='ocrx_word' id='word_1_533' title='bbox 2913 3971 2970 4025; x_wconf 91' lang='lat' dir='ltr'><strong>in</strong></span> <span class='ocrx_word' id='word_1_534' title='bbox 3009 3971 3310 4042; x_wconf 87' lang='lat' dir='ltr'><strong>semetipso</strong></span> <span class='ocrx_word' id='word_1_535' title='bbox 3353 3972 3636 4029; x_wconf 89' lang='lat' dir='ltr'><strong>Sermonis</strong></span> 
     </span>
    </p>
   </div>
   <div class='ocr_carea' id='block_1_83' title="bbox 2047 4062 3633 4133">
    <p class='ocr_par' dir='ltr' id='par_1_83' title="bbox 2047 4062 3633 4133">
     <span class='ocr_line' id='line_1_83' title="bbox 2047 4062 3633 4133; baseline 0.001 -17"><span class='ocrx_word' id='word_1_536' title='bbox 2047 4062 2527 4118; x_wconf 85' lang='lat' dir='ltr'><strong>resuscitationem</strong></span> <span class='ocrx_word' id='word_1_537' title='bbox 2557 4062 2798 4118; x_wconf 87' lang='lat' dir='ltr'><strong>futuram</strong></span> <span class='ocrx_word' id='word_1_538' title='bbox 2827 4078 2947 4119; x_wconf 88' lang='lat' dir='ltr'><strong>esse</strong></span> <span class='ocrx_word' id='word_1_539' title='bbox 2971 4063 3307 4133; x_wconf 87' lang='lat' dir='ltr'><strong>persuadent</strong></span> <span class='ocrx_word' id='word_1_540' title='bbox 3338 4073 3397 4120; x_wconf 89' lang='lat' dir='ltr'><strong>ut</strong></span> <span class='ocrx_word' id='word_1_541' title='bbox 3423 4064 3633 4133; x_wconf 86' lang='lat' dir='ltr'><strong>credat,</strong></span> 
     </span>
    </p>
   </div>
   <div class='ocr_carea' id='block_1_84' title="bbox 2049 4156 3633 4228">
    <p class='ocr_par' dir='ltr' id='par_1_84' title="bbox 2049 4156 3633 4228">
     <span class='ocr_line' id='line_1_84' title="bbox 2049 4156 3633 4228; baseline 0.001 -18"><span class='ocrx_word' id='word_1_542' title='bbox 2049 4164 2215 4226; x_wconf 91' lang='lat' dir='ltr'><strong>atque</strong></span> <span class='ocrx_word' id='word_1_543' title='bbox 2261 4165 2323 4211; x_wconf 91' lang='lat' dir='ltr'><strong>ut</strong></span> <span class='ocrx_word' id='word_1_544' title='bbox 2372 4170 2500 4211; x_wconf 92' lang='lat' dir='ltr'><strong>eum</strong></span> <span class='ocrx_word' id='word_1_545' title='bbox 2547 4156 2843 4211; x_wconf 92' lang='lat' dir='ltr'><strong>Dominum</strong></span> <span class='ocrx_word' id='word_1_546' title='bbox 2890 4171 2954 4211; x_wconf 91' lang='lat' dir='ltr'><strong>ac</strong></span> <span class='ocrx_word' id='word_1_547' title='bbox 2997 4157 3169 4211; x_wconf 91' lang='lat' dir='ltr'><strong>Deum</strong></span> <span class='ocrx_word' id='word_1_548' title='bbox 3217 4172 3339 4213; x_wconf 91' lang='lat' dir='ltr'><strong>esse</strong></span> <span class='ocrx_word' id='word_1_549' title='bbox 3367 4157 3633 4228; x_wconf 87' lang='lat' dir='ltr'><strong>accipiat;</strong></span> 
     </span>
    </p>
   </div>
   <div class='ocr_carea' id='block_1_85' title="bbox 2047 4247 3636 4319">
    <p class='ocr_par' dir='ltr' id='par_1_85' title="bbox 2047 4247 3636 4319">
     <span class='ocr_line' id='line_1_85' title="bbox 2047 4247 3636 4319; baseline 0.001 -16"><span class='ocrx_word' id='word_1_550' title='bbox 2047 4248 2344 4304; x_wconf 92' lang='lat' dir='ltr'><strong>Dominum</strong></span> <span class='ocrx_word' id='word_1_551' title='bbox 2377 4247 2603 4318; x_wconf 91' lang='lat' dir='ltr'><strong>quidem</strong></span> <span class='ocrx_word' id='word_1_552' title='bbox 2633 4255 2694 4302; x_wconf 93' lang='lat' dir='ltr'><strong>ut</strong></span> <span class='ocrx_word' id='word_1_553' title='bbox 2721 4249 2997 4318; x_wconf 67' lang='lat' dir='ltr'><strong>practiczr,</strong></span> <span class='ocrx_word' id='word_1_554' title='bbox 3029 4264 3192 4318; x_wconf 91' lang='lat' dir='ltr'><strong>quam</strong></span> <span class='ocrx_word' id='word_1_555' title='bbox 3220 4249 3478 4313; x_wconf 88' lang='lat' dir='ltr'><strong>dicimus,</strong></span> <span class='ocrx_word' id='word_1_556' title='bbox 3507 4265 3636 4319; x_wconf 84' lang='lat' dir='ltr'><strong>per-</strong></span> 
     </span>
    </p>
   </div>
   <div class='ocr_carea' id='block_1_86' title="bbox 2049 4338 3653 4421">
    <p class='ocr_par' dir='ltr' id='par_1_86' title="bbox 2049 4338 3653 4421">
     <span class='ocr_line' id='line_1_86' title="bbox 2049 4338 3653 4421; baseline -0.001 -25"><span class='ocrx_word' id='word_1_557' title='bbox 2049 4340 2307 4396; x_wconf 84' lang='lat' dir='ltr'><strong>fectionis</strong></span> <span class='ocrx_word' id='word_1_558' title='bbox 2347 4338 2744 4409; x_wconf 76' lang='lat' dir='ltr'><strong>legislatorem,</strong></span> <span class='ocrx_word' id='word_1_559' title='bbox 2787 4340 2960 4395; x_wconf 91' lang='lat' dir='ltr'><strong>Deum</strong></span> <span class='ocrx_word' id='word_1_560' title='bbox 3006 4355 3141 4394; x_wconf 89' lang='lat' dir='ltr'><strong>vero</strong></span> <span class='ocrx_word' id='word_1_561' title='bbox 3193 4348 3255 4394; x_wconf 91' lang='lat' dir='ltr'><strong>ut</strong></span> <span class='ocrx_word' id='word_1_562' title='bbox 3300 4341 3653 4421; x_wconf 62' lang='lat' dir='ltr'><strong>contemplao_</strong></span> 
     </span>
    </p>
   </div>
   <div class='ocr_carea' id='block_1_87' title="bbox 2052 4429 3641 4500">
    <p class='ocr_par' dir='ltr' id='par_1_87' title="bbox 2052 4429 3641 4500">
     <span class='ocr_line' id='line_1_87' title="bbox 2052 4429 3641 4500; baseline -0.001 -14"><span class='ocrx_word' id='word_1_563' title='bbox 2052 4432 2177 4487; x_wconf 71' lang='lat' dir='ltr'><strong>tivae</strong></span> <span class='ocrx_word' id='word_1_564' title='bbox 2208 4446 2274 4486; x_wconf 91' lang='lat' dir='ltr'><strong>ac</strong></span> <span class='ocrx_word' id='word_1_565' title='bbox 2313 4431 2489 4500; x_wconf 74' lang='lat' dir='ltr'><strong>plenae</strong></span> <span class='ocrx_word' id='word_1_566' title='bbox 2521 4429 2847 4485; x_wconf 89' lang='lat' dir='ltr'><strong>initiationis</strong></span> <span class='ocrx_word' id='word_1_567' title='bbox 2886 4429 3265 4485; x_wconf 88' lang='lat' dir='ltr'><strong>deductorem.</strong></span> <span class='ocrx_word' id='word_1_568' title='bbox 3315 4430 3641 4486; x_wconf 84' lang='lat' dir='ltr'><strong>Monumen-</strong></span> 
     </span>
    </p>
   </div>
   <div class='ocr_carea' id='block_1_88' title="bbox 358 4519 1944 4606">
    <p class='ocr_par' dir='ltr' id='par_1_88' title="bbox 358 4521 1944 4595">
     <span class='ocr_line' id='line_1_88' title="bbox 358 4521 1944 4595; baseline -0.001 -21"><span class='ocrx_word' id='word_1_569' title='bbox 358 4538 545 4584; x_wconf 88' lang='grc' dir='ltr'>πωσις</span> <span class='ocrx_word' id='word_1_570' title='bbox 573 4523 607 4592; x_wconf 78' lang='grc' dir='ltr'><strong>ἡ</strong></span> <span class='ocrx_word' id='word_1_571' title='bbox 638 4523 809 4592; x_wconf 78' lang='grc' dir='ltr'>χωρὶς</span> <span class='ocrx_word' id='word_1_572' title='bbox 854 4522 1052 4594; x_wconf 80' lang='grc' dir='ltr'>ἡδονῆς</span> <span class='ocrx_word' id='word_1_573' title='bbox 1094 4522 1192 4577; x_wconf 69' lang='grc' dir='ltr'><strong>καὶ</strong></span> <span class='ocrx_word' id='word_1_574' title='bbox 1219 4522 1397 4594; x_wconf 84' lang='grc' dir='ltr'>λύπης</span> <span class='ocrx_word' id='word_1_575' title='bbox 1442 4524 1570 4594; x_wconf 77' lang='grc' dir='ltr'>περὶ</span> <span class='ocrx_word' id='word_1_576' title='bbox 1609 4522 1809 4595; x_wconf 79' lang='grc' dir='ltr'>πρᾶξιν</span> <span class='ocrx_word' id='word_1_577' title='bbox 1856 4521 1944 4575; x_wconf 73' lang='grc' dir='ltr'>καὶ</span> 
     </span>
    </p>
   </div>
   <div class='ocr_carea' id='block_1_89' title="bbox 2049 4519 3639 4606">
    <p class='ocr_par' dir='ltr' id='par_1_89' title="bbox 2054 4519 3639 4590">
     <span class='ocr_line' id='line_1_89' title="bbox 2054 4519 3639 4590; baseline -0.002 -13"><span class='ocrx_word' id='word_1_578' title='bbox 2054 4532 2170 4577; x_wconf 90' lang='lat' dir='ltr'><strong>tum</strong></span> <span class='ocrx_word' id='word_1_579' title='bbox 2197 4536 2331 4577; x_wconf 91' lang='lat' dir='ltr'><strong>vero</strong></span> <span class='ocrx_word' id='word_1_580' title='bbox 2352 4520 2552 4576; x_wconf 84' lang='lat' dir='ltr'><strong>affectu</strong></span> <span class='ocrx_word' id='word_1_581' title='bbox 2581 4534 2777 4575; x_wconf 91' lang='lat' dir='ltr'><strong>carens</strong></span> <span class='ocrx_word' id='word_1_582' title='bbox 2797 4529 2883 4574; x_wconf 87' lang='lat' dir='ltr'><strong>est</strong></span> <span class='ocrx_word' id='word_1_583' title='bbox 2904 4528 3032 4575; x_wconf 89' lang='lat' dir='ltr'><strong>ante</strong></span> <span class='ocrx_word' id='word_1_584' title='bbox 3054 4520 3324 4574; x_wconf 90' lang='lat' dir='ltr'><strong>factorum</strong></span> <span class='ocrx_word' id='word_1_585' title='bbox 3348 4519 3639 4590; x_wconf 90' lang='lat' dir='ltr'><strong>impressio</strong></span> 
     </span>
    </p>
   </div>
   <div class='ocr_carea' id='block_1_90' title="bbox 353 4608 1956 4686">
    <p class='ocr_par' dir='ltr' id='par_1_90' title="bbox 353 4608 1956 4686">
     <span class='ocr_line' id='line_1_90' title="bbox 353 4608 1956 4686; baseline -0.001 -17"><span class='ocrx_word' id='word_1_586' title='bbox 353 4613 540 4681; x_wconf 82' lang='grc' dir='ltr'>Λόγον</span> <span class='ocrx_word' id='word_1_587' title='bbox 562 4613 888 4685; x_wconf 77' lang='grc' dir='ltr'>ἐγγινομένη</span> <span class='ocrx_word' id='word_1_588' title='bbox 922 4617 987 4686; x_wconf 74' lang='grc' dir='ltr'>τῇ</span> <span class='ocrx_word' id='word_1_589' title='bbox 1032 4614 1177 4686; x_wconf 80' lang='grc' dir='ltr'><strong>ψυχῇ</strong></span> <span class='ocrx_word' id='word_1_590' title='bbox 1221 4616 1352 4685; x_wconf 76' lang='grc' dir='ltr'>περὶ</span> <span class='ocrx_word' id='word_1_591' title='bbox 1392 4614 1500 4667; x_wconf 85' lang='grc' dir='ltr'>τῶν</span> <span class='ocrx_word' id='word_1_592' title='bbox 1533 4614 1675 4668; x_wconf 78' lang='grc' dir='ltr'>ἰδίων</span> <span class='ocrx_word' id='word_1_593' title='bbox 1703 4615 1881 4685; x_wconf 77' lang='grc' dir='ltr'>ἔργων</span> <span class='ocrx_word' id='word_1_594' title='bbox 1911 4608 1956 4686; x_wconf 78' lang='grc' dir='ltr'>ἢ</span> 
     </span>
    </p>
   </div>
   <div class='ocr_carea' id='block_1_91' title="bbox 354 4703 1948 4776">
    <p class='ocr_par' dir='ltr' id='par_1_91' title="bbox 354 4703 1948 4776">
     <span class='ocr_line' id='line_1_91' title="bbox 354 4703 1948 4776; baseline 0.001 -18"><span class='ocrx_word' id='word_1_595' title='bbox 354 4703 656 4773; x_wconf 81' lang='grc' dir='ltr'>νοημάτων</span> <span class='ocrx_word' id='word_1_596' title='bbox 678 4704 992 4774; x_wconf 83' lang='grc' dir='ltr'>διάγνωσις,</span> <span class='ocrx_word' id='word_1_597' title='bbox 1021 4705 1246 4773; x_wconf 87' lang='grc' dir='ltr'>τύπους,</span> <span class='ocrx_word' id='word_1_598' title='bbox 1271 4705 1386 4759; x_wconf 85' lang='grc' dir='ltr'>ἀλλ’</span> <span class='ocrx_word' id='word_1_599' title='bbox 1416 4705 1476 4758; x_wconf 79' lang='grc' dir='ltr'><strong>οὐ</strong></span> <span class='ocrx_word' id='word_1_600' title='bbox 1501 4706 1727 4776; x_wconf 88' lang='grc' dir='ltr'>τρήσεις</span> <span class='ocrx_word' id='word_1_601' title='bbox 1750 4705 1948 4776; x_wconf 74' lang='grc' dir='ltr'>ἔχουσα</span> 
     </span>
    </p>
   </div>
   <div class='ocr_carea' id='block_1_92' title="bbox 356 4794 1948 4870">
    <p class='ocr_par' dir='ltr' id='par_1_92' title="bbox 356 4794 1948 4870">
     <span class='ocr_line' id='line_1_92' title="bbox 356 4794 1948 4870; baseline 0.002 -21"><span class='ocrx_word' id='word_1_602' title='bbox 356 4794 474 4849; x_wconf 77' lang='grc' dir='ltr'>τῶν</span> <span class='ocrx_word' id='word_1_603' title='bbox 489 4797 823 4868; x_wconf 86' lang='grc' dir='ltr'>τραυμάτων</span> <span class='ocrx_word' id='word_1_604' title='bbox 867 4796 955 4852; x_wconf 78' lang='grc' dir='ltr'>διὰ</span> <span class='ocrx_word' id='word_1_605' title='bbox 971 4797 1068 4870; x_wconf 78' lang='grc' dir='ltr'>τὴν</span> <span class='ocrx_word' id='word_1_606' title='bbox 1100 4796 1468 4868; x_wconf 77' lang='grc' dir='ltr'>ἐγγενομένην</span> <span class='ocrx_word' id='word_1_607' title='bbox 1514 4797 1785 4853; x_wconf 84' lang='grc' dir='ltr'>ἀπάθειαν</span> <span class='ocrx_word' id='word_1_608' title='bbox 1821 4815 1948 4852; x_wconf 92' lang='grc' dir='ltr'>συν-</span> 
     </span>
    </p>
   </div>
   <div class='ocr_carea' id='block_1_93' title="bbox 358 4886 738 4943">
    <p class='ocr_par' dir='ltr' id='par_1_93' title="bbox 358 4886 738 4943">
     <span class='ocr_line' id='line_1_93' title="bbox 358 4886 738 4943; baseline 0.005 -2"><span class='ocrx_word' id='word_1_609' title='bbox 358 4886 738 4943; x_wconf 83' lang='grc' dir='ltr'>ουλωθέντων.</span> 
     </span>
    </p>
   </div>
   <div class='ocr_carea' id='block_1_94' title="bbox 728 5163 1596 5234">
    <p class='ocr_par' dir='ltr' id='par_1_94' title="bbox 728 5163 1596 5234">
     <span class='ocr_line' id='line_1_94' title="bbox 728 5163 1596 5234; baseline 0 -16"><span class='ocrx_word' id='word_1_610' title='bbox 728 5163 907 5218; x_wconf 71' lang='grc' dir='ltr'><strong>Ἀλλο</strong></span> <span class='ocrx_word' id='word_1_611' title='bbox 929 5163 1196 5234; x_wconf 78' lang='grc' dir='ltr'>θεώρημα</span> <span class='ocrx_word' id='word_1_612' title='bbox 1216 5169 1307 5232; x_wconf 81' lang='grc' dir='ltr'><strong>εις</strong></span> <span class='ocrx_word' id='word_1_613' title='bbox 1338 5165 1404 5219; x_wconf 85' lang='grc' dir='ltr'>τὸ</span> <span class='ocrx_word' id='word_1_614' title='bbox 1428 5165 1596 5219; x_wconf 85' lang='grc' dir='ltr'>αὐτό.</span> 
     </span>
    </p>
   </div>
   <div class='ocr_carea' id='block_1_95' title="bbox 443 5272 1945 5353">
    <p class='ocr_par' dir='ltr' id='par_1_95' title="bbox 443 5272 1945 5353">
     <span class='ocr_line' id='line_1_95' title="bbox 443 5272 1945 5353; baseline 0.003 -23"><span class='ocrx_word' id='word_1_615' title='bbox 443 5276 515 5330; x_wconf 88' lang='grc' dir='ltr'><strong><em>Ἦ</em></strong></span> <span class='ocrx_word' id='word_1_616' title='bbox 569 5277 745 5331; x_wconf 82' lang='grc' dir='ltr'>πάλιν</span> <span class='ocrx_word' id='word_1_617' title='bbox 777 5272 896 5350; x_wconf 81' lang='grc' dir='ltr'>ἧλοι</span> <span class='ocrx_word' id='word_1_618' title='bbox 926 5279 1286 5348; x_wconf 77' lang='grc' dir='ltr'>τυγχάνουσιν</span> <span class='ocrx_word' id='word_1_619' title='bbox 1319 5280 1367 5332; x_wconf 77' lang='grc' dir='ltr'><strong>οἱ</strong></span> <span class='ocrx_word' id='word_1_620' title='bbox 1405 5280 1548 5335; x_wconf 75' lang='grc' dir='ltr'>κατὰ</span> <span class='ocrx_word' id='word_1_621' title='bbox 1576 5280 1674 5350; x_wconf 83' lang='grc' dir='ltr'><strong>τὴν</strong></span> <span class='ocrx_word' id='word_1_622' title='bbox 1717 5298 1945 5353; x_wconf 83' lang='grc' dir='ltr'>πρακτι-</span> 
     </span>
    </p>
   </div>
   <div class='ocr_carea' id='block_1_96' title="bbox 2052 4609 3641 4689">
    <p class='ocr_par' dir='ltr' id='par_1_96' title="bbox 2052 4609 3641 4689">
     <span class='ocr_line' id='line_1_96' title="bbox 2052 4609 3641 4689; baseline -0.002 -22"><span class='ocrx_word' id='word_1_623' title='bbox 2052 4612 2201 4684; x_wconf 87' lang='lat' dir='ltr'><strong>quod</strong></span> <span class='ocrx_word' id='word_1_624' title='bbox 2248 4611 2422 4667; x_wconf 90' lang='lat' dir='ltr'><strong>menti</strong></span> <span class='ocrx_word' id='word_1_625' title='bbox 2457 4611 2578 4667; x_wconf 91' lang='lat' dir='ltr'><strong>sine</strong></span> <span class='ocrx_word' id='word_1_626' title='bbox 2622 4611 2905 4681; x_wconf 89' lang='lat' dir='ltr'><strong>voluptate</strong></span> <span class='ocrx_word' id='word_1_627' title='bbox 2939 4625 3005 4666; x_wconf 92' lang='lat' dir='ltr'><strong>ac</strong></span> <span class='ocrx_word' id='word_1_628' title='bbox 3040 4609 3233 4666; x_wconf 87' lang='lat' dir='ltr'><strong>dolore</strong></span> <span class='ocrx_word' id='word_1_629' title='bbox 3271 4610 3420 4665; x_wconf 89' lang='lat' dir='ltr'><strong>circa</strong></span> <span class='ocrx_word' id='word_1_630' title='bbox 3466 4611 3641 4689; x_wconf 84' lang='lat' dir='ltr'><strong>actio—</strong></span> 
     </span>
    </p>
   </div>
   <div class='ocr_carea' id='block_1_97' title="bbox 2050 4699 3641 4780">
    <p class='ocr_par' dir='ltr' id='par_1_97' title="bbox 2050 4699 3641 4780">
     <span class='ocr_line' id='line_1_97' title="bbox 2050 4699 3641 4780; baseline -0.003 -22"><span class='ocrx_word' id='word_1_631' title='bbox 2050 4718 2179 4758; x_wconf 89' lang='lat' dir='ltr'><strong>nem</strong></span> <span class='ocrx_word' id='word_1_632' title='bbox 2209 4710 2267 4758; x_wconf 87' lang='lat' dir='ltr'><strong>et</strong></span> <span class='ocrx_word' id='word_1_633' title='bbox 2295 4701 2615 4756; x_wconf 90' lang='lat' dir='ltr'><strong>Sermonem</strong></span> <span class='ocrx_word' id='word_1_634' title='bbox 2639 4701 3210 4771; x_wconf 86' lang='lat' dir='ltr'><strong>insidetpropriorum</strong></span> <span class='ocrx_word' id='word_1_635' title='bbox 3242 4699 3510 4780; x_wconf 90' lang='lat' dir='ltr'><strong>factorum</strong></span> <span class='ocrx_word' id='word_1_636' title='bbox 3545 4708 3641 4754; x_wconf 89' lang='lat' dir='ltr'><strong>aut</strong></span> 
     </span>
    </p>
   </div>
   <div class='ocr_carea' id='block_1_98' title="bbox 2052 4794 3642 4869">
    <p class='ocr_par' dir='ltr' id='par_1_98' title="bbox 2052 4794 3642 4869">
     <span class='ocr_line' id='line_1_98' title="bbox 2052 4794 3642 4869; baseline -0.002 -15"><span class='ocrx_word' id='word_1_637' title='bbox 2052 4799 2417 4869; x_wconf 82' lang='lat' dir='ltr'><strong>cogitatorum</strong></span> <span class='ocrx_word' id='word_1_638' title='bbox 2443 4797 2738 4869; x_wconf 85' lang='lat' dir='ltr'><strong>judicium,</strong></span> <span class='ocrx_word' id='word_1_639' title='bbox 2769 4796 3182 4868; x_wconf 87' lang='lat' dir='ltr'><strong>impressiones,</strong></span> <span class='ocrx_word' id='word_1_640' title='bbox 3207 4805 3262 4852; x_wconf 89' lang='lat' dir='ltr'><strong>at</strong></span> <span class='ocrx_word' id='word_1_641' title='bbox 3299 4812 3411 4851; x_wconf 92' lang='lat' dir='ltr'><strong>non</strong></span> <span class='ocrx_word' id='word_1_642' title='bbox 3457 4794 3642 4868; x_wconf 88' lang='lat' dir='ltr'><strong>perfo-</strong></span> 
     </span>
    </p>
   </div>
   <div class='ocr_carea' id='block_1_99' title="bbox 2055 4887 3641 4959">
    <p class='ocr_par' dir='ltr' id='par_1_99' title="bbox 2055 4887 3641 4959">
     <span class='ocr_line' id='line_1_99' title="bbox 2055 4887 3641 4959; baseline -0.003 -14"><span class='ocrx_word' id='word_1_643' title='bbox 2055 4891 2300 4946; x_wconf 86' lang='lat' dir='ltr'><strong>rationes</strong></span> <span class='ocrx_word' id='word_1_644' title='bbox 2331 4891 2623 4945; x_wconf 89' lang='lat' dir='ltr'><strong>vulnerum</strong></span> <span class='ocrx_word' id='word_1_645' title='bbox 2671 4889 2903 4955; x_wconf 85' lang='lat' dir='ltr'><strong>habens,</strong></span> <span class='ocrx_word' id='word_1_646' title='bbox 2933 4903 3058 4959; x_wconf 62' lang='lat' dir='ltr'><strong>quae</strong></span> <span class='ocrx_word' id='word_1_647' title='bbox 3087 4896 3317 4959; x_wconf 89' lang='lat' dir='ltr'><strong>propter</strong></span> <span class='ocrx_word' id='word_1_648' title='bbox 3342 4887 3641 4943; x_wconf 84' lang='lat' dir='ltr'><strong>affectuum</strong></span> 
     </span>
    </p>
   </div>
   <div class='ocr_carea' id='block_1_100' title="bbox 1967 4981 3100 5038">
    <p class='ocr_par' dir='ltr' id='par_1_100' title="bbox 1967 4981 3100 5038">
     <span class='ocr_line' id='line_1_100' title="bbox 1967 4981 3100 5038; baseline -0.003 0"><span class='ocrx_word' id='word_1_649' title='bbox 1967 4992 1976 4999; x_wconf 88' lang='lat'><strong>&#39;</strong></span> <span class='ocrx_word' id='word_1_650' title='bbox 2054 4982 2358 5038; x_wconf 84' lang='lat' dir='ltr'><strong>absentiam</strong></span> <span class='ocrx_word' id='word_1_651' title='bbox 2394 4982 2450 5036; x_wconf 92' lang='lat' dir='ltr'><strong>in</strong></span> <span class='ocrx_word' id='word_1_652' title='bbox 2480 4981 2768 5037; x_wconf 85' lang='lat' dir='ltr'><strong>cicatrices</strong></span> <span class='ocrx_word' id='word_1_653' title='bbox 2794 4981 3100 5037; x_wconf 86' lang='lat' dir='ltr'><strong>coiverunt.</strong></span> 
     </span>
    </p>
   </div>
   <div class='ocr_carea' id='block_1_101' title="bbox 2447 5163 3242 5236">
    <p class='ocr_par' dir='ltr' id='par_1_101' title="bbox 2447 5163 3242 5236">
     <span class='ocr_line' id='line_1_101' title="bbox 2447 5163 3242 5236; baseline 0.001 -18"><span class='ocrx_word' id='word_1_654' title='bbox 2447 5164 2572 5219; x_wconf 81' lang='lat' dir='ltr'><strong>Alia</strong></span> <span class='ocrx_word' id='word_1_655' title='bbox 2599 5166 2655 5218; x_wconf 85' lang='lat' dir='ltr'><strong>in</strong></span> <span class='ocrx_word' id='word_1_656' title='bbox 2683 5165 2823 5218; x_wconf 86' lang='lat' dir='ltr'><strong>idem</strong></span> <span class='ocrx_word' id='word_1_657' title='bbox 2847 5163 3242 5236; x_wconf 82' lang='lat' dir='ltr'><strong>contemplatio.</strong></span> 
     </span>
    </p>
   </div>
   <div class='ocr_carea' id='block_1_102' title="bbox 2129 5278 3641 5356">
    <p class='ocr_par' dir='ltr' id='par_1_102' title="bbox 2129 5278 3641 5356">
     <span class='ocr_line' id='line_1_102' title="bbox 2129 5278 3641 5356; baseline -0.001 -20"><span class='ocrx_word' id='word_1_658' title='bbox 2129 5281 2227 5336; x_wconf 84' lang='lat' dir='ltr'><strong>Vel</strong></span> <span class='ocrx_word' id='word_1_659' title='bbox 2269 5295 2465 5334; x_wconf 86' lang='lat' dir='ltr'><strong>rursus</strong></span> <span class='ocrx_word' id='word_1_660' title='bbox 2497 5279 2637 5334; x_wconf 89' lang='lat' dir='ltr'><strong>clavi</strong></span> <span class='ocrx_word' id='word_1_661' title='bbox 2676 5287 2805 5334; x_wconf 91' lang='lat' dir='ltr'><strong>sunt</strong></span> <span class='ocrx_word' id='word_1_662' title='bbox 2835 5278 3107 5356; x_wconf 82' lang='lat' dir='ltr'><strong>virtutum</strong></span> <span class='ocrx_word' id='word_1_663' title='bbox 3160 5278 3465 5334; x_wconf 88' lang='lat' dir='ltr'><strong>secundum</strong></span> <span class='ocrx_word' id='word_1_664' title='bbox 3511 5295 3641 5351; x_wconf 84' lang='lat' dir='ltr'><strong>pra-</strong></span> 
     </span>
    </p>
   </div>
   <div class='ocr_carea' id='block_1_103' title="bbox 362 5366 1944 5441">
    <p class='ocr_par' dir='ltr' id='par_1_103' title="bbox 362 5366 1944 5441">
     <span class='ocr_line' id='line_1_103' title="bbox 362 5366 1944 5441; baseline 0.001 -18"><span class='ocrx_word' id='word_1_665' title='bbox 362 5368 478 5439; x_wconf 77' lang='grc' dir='ltr'><strong>κὴν</strong></span> <span class='ocrx_word' id='word_1_666' title='bbox 501 5366 821 5438; x_wconf 81' lang='grc' dir='ltr'>φιλοσοφίαν</span> <span class='ocrx_word' id='word_1_667' title='bbox 864 5369 1054 5439; x_wconf 87' lang='grc' dir='ltr'>τρόποι</span> <span class='ocrx_word' id='word_1_668' title='bbox 1096 5369 1205 5422; x_wconf 85' lang='grc' dir='ltr'><strong>τῶν</strong></span> <span class='ocrx_word' id='word_1_669' title='bbox 1253 5369 1486 5440; x_wconf 83' lang='grc' dir='ltr'>ἀρετῶν,</span> <span class='ocrx_word' id='word_1_670' title='bbox 1522 5371 1944 5441; x_wconf 62' lang='grc' dir='ltr'>προσηλωμένηκ</span> 
     </span>
    </p>
   </div>
   <div class='ocr_carea' id='block_1_104' title="bbox 2049 5366 3647 5441">
    <p class='ocr_par' dir='ltr' id='par_1_104' title="bbox 2056 5366 3647 5440">
     <span class='ocr_line' id='line_1_104' title="bbox 2056 5366 3647 5440; baseline 0.001 -13"><span class='ocrx_word' id='word_1_671' title='bbox 2056 5373 2254 5428; x_wconf 90' lang='lat' dir='ltr'><strong>cticam</strong></span> <span class='ocrx_word' id='word_1_672' title='bbox 2314 5366 2725 5440; x_wconf 63' lang='lat' dir='ltr'><strong>philoso’phiam</strong></span> <span class='ocrx_word' id='word_1_673' title='bbox 2784 5370 2957 5434; x_wconf 90' lang='lat' dir='ltr'><strong>modi,</strong></span> <span class='ocrx_word' id='word_1_674' title='bbox 3005 5372 3204 5426; x_wconf 73' lang='lat' dir='ltr'><strong>animae</strong></span> <span class='ocrx_word' id='word_1_675' title='bbox 3255 5371 3516 5427; x_wconf 77' lang='lat' dir='ltr'><strong>affectum</strong></span> <span class='ocrx_word' id='word_1_676' title='bbox 3575 5369 3647 5430; x_wconf 76' lang='lat' dir='ltr'><strong>ti-</strong></span> 
     </span>
    </p>
   </div>
   <div class='ocr_carea' id='block_1_105' title="bbox 366 5457 1944 5542">
    <p class='ocr_par' dir='ltr' id='par_1_105' title="bbox 366 5457 1944 5542">
     <span class='ocr_line' id='line_1_105' title="bbox 366 5457 1944 5542; baseline 0.001 -28"><span class='ocrx_word' id='word_1_677' title='bbox 366 5457 515 5532; x_wconf 73' lang='grc' dir='ltr'>μετὰ</span> <span class='ocrx_word' id='word_1_678' title='bbox 545 5460 711 5513; x_wconf 91' lang='grc' dir='ltr'>πόνου</span> <span class='ocrx_word' id='word_1_679' title='bbox 760 5458 838 5529; x_wconf 83' lang='grc' dir='ltr'>τῷ</span> <span class='ocrx_word' id='word_1_680' title='bbox 879 5460 1015 5542; x_wconf 29' lang='grc' dir='ltr'>θείῳ.</span> <span class='ocrx_word' id='word_1_681' title='bbox 1061 5460 1213 5531; x_wconf 77' lang='grc' dir='ltr'>φόϐῳ</span> <span class='ocrx_word' id='word_1_682' title='bbox 1256 5462 1588 5532; x_wconf 84' lang='grc' dir='ltr'>κρατοῦντες</span> <span class='ocrx_word' id='word_1_683' title='bbox 1632 5462 1732 5532; x_wconf 75' lang='grc' dir='ltr'><strong>τῆς</strong></span> <span class='ocrx_word' id='word_1_684' title='bbox 1776 5464 1944 5534; x_wconf 68' lang='grc' dir='ltr'>ψυχῆς</span> 
     </span>
    </p>
   </div>
   <div class='ocr_carea' id='block_1_106' title="bbox 2049 5457 3643 5542">
    <p class='ocr_par' dir='ltr' id='par_1_106' title="bbox 2057 5462 3643 5535">
     <span class='ocr_line' id='line_1_106' title="bbox 2057 5462 3643 5535; baseline 0.003 -16"><span class='ocrx_word' id='word_1_685' title='bbox 2057 5464 2231 5519; x_wconf 88' lang='lat' dir='ltr'><strong>moris</strong></span> <span class='ocrx_word' id='word_1_686' title='bbox 2283 5464 2380 5518; x_wconf 91' lang='lat' dir='ltr'><strong>Dei</strong></span> <span class='ocrx_word' id='word_1_687' title='bbox 2424 5463 2597 5518; x_wconf 87' lang='lat' dir='ltr'><strong>clavis</strong></span> <span class='ocrx_word' id='word_1_688' title='bbox 2660 5462 2879 5517; x_wconf 77' lang='lat' dir='ltr'><strong>alﬁxum</strong></span> <span class='ocrx_word' id='word_1_689' title='bbox 2947 5480 3072 5519; x_wconf 90' lang='lat' dir='ltr'><strong>cum</strong></span> <span class='ocrx_word' id='word_1_690' title='bbox 3130 5465 3320 5520; x_wconf 76' lang='lat' dir='ltr'><strong>laboro</strong></span> <span class='ocrx_word' id='word_1_691' title='bbox 3369 5473 3643 5535; x_wconf 79' lang='lat' dir='ltr'><strong>tenentes,</strong></span> 
     </span>
    </p>
   </div>
   <div class='ocr_carea' id='block_1_107' title="bbox 443 5618 973 5688">
    <p class='ocr_par' dir='ltr' id='par_1_107' title="bbox 443 5618 973 5688">
     <span class='ocr_line' id='line_1_107' title="bbox 443 5618 973 5688; baseline -0.008 -13"><span class='ocrx_word' id='word_1_692' title='bbox 443 5618 466 5657; x_wconf 67' lang='grc' dir='ltr'>ί</span> <span class='ocrx_word' id='word_1_693' title='bbox 493 5618 651 5675; x_wconf 78' lang='lat' dir='ltr'><strong>Joan.</strong></span> <span class='ocrx_word' id='word_1_694' title='bbox 676 5633 766 5680; x_wconf 82' lang='lat' dir='ltr'><strong>xx,</strong></span> <span class='ocrx_word' id='word_1_695' title='bbox 797 5618 867 5675; x_wconf 73' lang='lat'><strong>25</strong></span> <span class='ocrx_word' id='word_1_696' title='bbox 890 5634 973 5688; x_wconf 92' lang='lat' dir='ltr'><strong>sq.</strong></span> 
     </span>
    </p>
   </div>
   <div class='ocr_carea' id='block_1_108' title="bbox 442 5752 2165 5833">
    <p class='ocr_par' dir='ltr' id='par_1_108' title="bbox 442 5752 2165 5833">
     <span class='ocr_line' id='line_1_108' title="bbox 442 5752 2165 5833; baseline 0 -19"><span class='ocrx_word' id='word_1_697' title='bbox 442 5756 559 5833; x_wconf 61' lang='lat'><strong>(5‘)</strong></span> <span class='ocrx_word' id='word_1_698' title='bbox 583 5756 731 5812; x_wconf 81' lang='lat' dir='ltr'><strong>Idem</strong></span> <span class='ocrx_word' id='word_1_699' title='bbox 754 5757 904 5823; x_wconf 67' lang='lat' dir='ltr'><strong>ibid,</strong></span> <span class='ocrx_word' id='word_1_700' title='bbox 929 5772 1047 5825; x_wconf 80' lang='lat' dir='ltr'><strong>cap.</strong></span> <span class='ocrx_word' id='word_1_701' title='bbox 1079 5754 1169 5822; x_wconf 69' lang='grc'><strong>24,</strong></span> <span class='ocrx_word' id='word_1_702' title='bbox 1201 5772 1254 5826; x_wconf 91' lang='lat' dir='ltr'><strong>p.</strong></span> <span class='ocrx_word' id='word_1_703' title='bbox 1292 5756 1415 5823; x_wconf 71' lang='grc'>864,</span> <span class='ocrx_word' id='word_1_704' title='bbox 1454 5765 1585 5809; x_wconf 89' lang='lat' dir='ltr'><strong>tom.</strong></span> <span class='ocrx_word' id='word_1_705' title='bbox 1614 5752 1797 5824; x_wconf 86' lang='lat' dir='ltr'><strong>IOpp.</strong></span> <span class='ocrx_word' id='word_1_706' title='bbox 1830 5756 1919 5811; x_wconf 86' lang='lat' dir='ltr'><strong>ed.</strong></span> <span class='ocrx_word' id='word_1_707' title='bbox 1963 5754 2165 5813; x_wconf 87' lang='lat' dir='ltr'><strong>Bened.</strong></span> 
     </span>
    </p>
   </div>
  </div>
