4052 6362
589 307 727 373 1333
1758 306 1818 363 S-
1857 304 2143 364 MAXIMI

2278 306 2694 369 NFESSORIS
3703 312 3812 380 1384

585 434 728 490 quos
761 417 1099 490 cognitionis
1125 417 1372 472 rationes
1398 413 1538 469 nulli
1570 413 1812 484 passioni
1840 413 2093 467 obnoxia:
2113 422 2170 467 et

2275 415 2372 486 τὴν
2401 416 2662 484 διάθεσιν,
2692 418 2786 482 οὓς
2831 421 2880 472 οἱ
2912 421 3147 486 ἀπαθεῖς
3184 424 3282 476 καὶ⁵
3317 422 3478 478 ἀπλοῖ
3509 425 3598 478 καὶ
3626 427 3816 497 ἄρρητοι

584 511 870 581 simplices
897 519 955 565 et
983 508 1295 564 ineﬂ‘abiles
1318 504 1605 575 excipiunt
1642 514 1807 574 atque
1843 503 2016 558 divini
2042 503 2172 558 Ser-

2277 506 2374 576 τῆς
2427 508 2684 573 γνώσεως
2731 509 3106 580 διαδεξάμενοι
3149 511 3299 581 λόγοι
3343 513 3654 584 διαπρύσιον
3686 515 3820 584 βοῶσι

583 604 768 659 monis
814 602 1120 658 secundum
1170 599 1367 655 animae
1404 597 1813 652 deiﬁcationem
1856 611 1979 665 quae
2037 595 2171 650 huic

2275 600 2375 671 τὴν
2405 603 2547 656 κατὰ
2572 601 2671 674 τὴν
2701 604 2898 656 θέωσιν
2921 605 3023 676 τῆς
3052 606 3234 676 ψυχῆς
3253 607 3554 676 γενομένην
3590 608 3714 678 αὐτῇ
3745 610 3821 664 τοῦ

587 688 1661 765 ωηιίεἰιτοευττοοιίοηοιιιζρτοροιιιιιι,
1716 696 1772 741 et
1813 685 1919 740 (ide
1973 685 2168 740 testiﬁ-
2273 691 2418 745 θείου
2450 693 2625 760 Λόγου
2666 695 2985 760 ἀνάστασιν,
3037 698 3250 760 πιστῶς
3300 699 3676 770 μαρτυροῦσαν
3713 718 3824 770 προ-

583 796 766 842 catum
785 786 1121 841 denuntiant
1147 781 1318 837 divini
1343 780 1503 850 quasi
1533 779 1756 832 habitus
1778 786 1984 832 statum
2015 777 2169 832 illum

2274 782 2585 847 δεικνύντες
2629 789 2730 856 τῆς
2770 786 3045 851 θεοειδοῦς
3081 789 3250 852 ἕξεως
3293 791 3394 859 τὴν
3437 790 3722 843 ἀπάθειαν·
3771 795 3824 863 ἢν

583 878 859 950 passionis
889 871 1174 946 expertem
1201 888 1400 943 :quam
1438 870 1534 940 qui
1569 883 1678 923 non
1713 883 1908 938 passus
1933 877 2040 932 est,
2069 882 2172 922 nec

2275 875 2302 927 ὁ
2331 875 2407 946 μὴ
2436 874 2626 930 παθὼν
2653 877 2763 930 οὐδ’
2795 877 2942 950 ἄλλῳ
2970 879 3106 932 ποτὲ
3133 881 3504 952 ἀφηγουμένῳ
3534 883 3658 952 περὶ
3683 883 3825 953 αὐτῆς

584 966 679 1024 alii
707 984 950 1038 unquam
978 967 1046 1021 de
1065 981 1130 1021 ea
1157 961 1405 1019 narranti
1422 958 1743 1023 crediderit,
1776 958 1855 1012 uti
1888 974 1991 1012 nec
2021 957 2171 1012 Tho-

587 1073 706 1114 mas
763 1059 1031 1130 apostolis
1097 1057 1241 1110 hanc
1297 1052 1768 1109 resurrectionem
1819 1051 1996 1121 passis
2045 1065 2172 1104 cum

587 1159 879 1206 narrarent
903 1151 1085 1205 serius
1110 1147 1350 1206 credidit
1371 1161 1538 1217 quam
1575 1143 1836 1215 patiendo
1873 1158 1994 1197 eam
2053 1140 2173 1212 ipse

584 1251 732 1298 esset
764 1251 1049 1312 expertus.

585 1422 672 1479 Ea:
694 1425 874 1480 eodem
898 1441 1165 1491 sermone,
1194 1423 1250 1478 in
1296 1423 1466 1478 illud:
1519 1441 1538 1474 ι
1568 1421 1628 1477 Si
1671 1423 1726 1476 in
1778 1421 2044 1492 infernum
2074 1422 2167 1474 de-

658 1517 917 1583 scendat,
971 1515 1136 1570 simul
1176 1515 1446 1569 descende.
1511 1513 1591 1568 Ea
1658 1529 1866 1583 quoque
1916 1512 2168 1582 mysteria

655 1625 969 1680 cognoscere
993 1623 1112 1678 (μιαν
1135 1607 1275 1661 Deus
1311 1605 1422 1661 illic
1444 1606 1760 1676 designavit,
1794 1621 1910 1675 quae
1943 1603 2168 1674 duplicis

653 1703 934 1757 descensus
966 1701 1033 1754 sit
1065 1701 1222 1753 ratio.
1251 1717 1271 1750 ι

655 1815 972 1890 Spiritualis
1028 1815 1198 1868 homo
1256 1788 1464 1882 ubique
1517 1810 1844 1866 inviolatum
1897 1809 2168 1864 exsistere
2206 1821 2245 1876 Β

583 1908 683 1966 Dei
713 1908 1041 1964 Sermonem
1080 1906 1274 1960 videns
1335 1921 1433 1974 per
1477 1902 2006 1972 contemplationem
2044 1916 2172 1955 eum

583 1999 858 2070 sequitur,
882 1997 1249 2070 providentiae
1275 1995 1608 2051 universalis
1646 2009 1772 2049 eum
1810 1993 2171 2062 intelligentia

583 2072 902 2164 percipiens
940 2100 1138 2146 artem.
1169 2090 1261 2145 Sic
1289 2089 1457 2144 etiam
1505 2088 1562 2143 in
1597 2087 1875 2142 infernum
1935 2085 2170 2141 descen-

584 2181 739 2238 denti
777 2181 1032 2238 Sermoni
1055 2195 1242 2236 comes
1263 2189 1370 2243 est,
1401 2194 1512 2234 non
1540 2178 1672 2232 mali
1693 2193 1856 2233 causa
1886 2176 2164 2241 videlicet,

584 2273 684 2342 sed
705 2273 774 2328 ad
804 2273 1248 2345 investigandum
1281 2279 1337 2326 et
1375 2270 1702 2326 discendum
1731 2270 1830 2324 Dei
1865 2269 1934 2324 ad
1961 2269 2169 2336 inferos

583 2367 886 2423 descensus
909 2366 1258 2438 mysterium,
1284 2373 1341 2418 et
1381 2362 1450 2418 ad
1501 2361 1940 2433 cognoscendam
1975 2375 2170 2416 eorum

586 2471 712 2526 quae
755 2456 870 2511 illic
919 2454 1054 2510 (lant
1083 2463 1251 2526 atque
1285 2451 1647 2526 perﬁciantur
1671 2451 2053 2526 admirandam
2083 2466 2171 2505 ra-

586 2546 814 2603 tionem.

972 2731 1096 2790 Alia
1118 2733 1176 2787 in
1198 2733 1337 2816 idem
1381 2729 1776 2802 contemplatio.

660 2845 757 2904 Vel
793 2859 1012 2908 rursus,
1063 2859 1192 2900 eum
1231 2844 1510 2900 infernum
1538 2859 1701 2899 omne
1746 2851 2031 2914 peceatum
2075 2842 2168 2908 sit,

585 2937 737 3009 quod
763 2937 1114 2993 tenebrosam
1146 2945 1206 2991 et
1229 2935 1536 2992 deformem
1592 2944 1649 2991 et
1672 2935 1944 3009 perditam
1977 2935 2172 2990 reddat

2279 966 2646 1034 πιστεύσειεν,
2681 967 2873 1043 ὥσπερ
2902 971 3024 1026 οὑδὲ
3051 971 3254 1042 Θωμᾶς
3283 971 3488 1042 ταύτην
3509 973 3730 1027 παθοῦσι
3750 976 3828 1046 τὴν

2280 1060 2578 1114 ἀνάστασιν
2619 1065 2731 1124 τοῖς
2776 1063 3100 1128 ἀποστόλοις
3145 1065 3250 1136 πρὸ
3277 1065 3378 1138 τῆς
3422 1064 3512 1118 διὰ
3547 1064 3642 1118 τοῦ
3669 1067 3829 1121 παθεῖν

2281 1151 2480 1222 πείρας
2507 1152 2797 1206 ἐπίστευσε
2823 1155 3098 1224 λέγουσιν.

2289 1423 2393 1477 Ἐκ
2438 1420 2546 1474 τοῦ
2595 1421 2782 1476 αὐτοῦ
2817 1423 3027 1490 λόγου,
3073 1424 3162 1490 εις
3211 1424 3301 1478 τόο
3367 1441 3387 1475 ι
3428 1426 3532 1478 Ἂν
3586 1427 3672 1490 εις
3710 1425 3831 1494 ᾅδου

2348 1513 2546 1580 κατίῃ,
2605 1512 3004 1582 συγκάτελθε.
3065 1513 3263 1568 Γνῶθι
3319 1515 3416 1568 καὶ
3471 1517 3546 1571 τὰ
3596 1518 3713 1572 ἐκεῖ
3748 1521 3832 1574 τοῦ

2352 1603 2502 1658 Θεοῦ
2533 1605 2842 1684 μυστήρια
2883 1607 2974 1672 τίς
3016 1608 3050 1658 ὁ
3075 1607 3262 1675 λόγος
3303 1605 3412 1677 τῆς
3439 1607 3662 1686 διπλῆς
3689 1625 3834 1664 κειται

2348 1694 2578 1762 ϐάσεως
2607 1696 2742 1766 (55).
2782 1713 2800 1746 ι

2357 1809 2416 1864 '0
2465 1811 2838 1881 πνευματικὸς
2889 1813 3182 1884 ἄνθρωπος
3238 1815 3526 1886 πανταχοῦ
3582 1815 3834 1885 γινώσκων

2279 1899 2565 1972 ἀχράντως
2611 1902 2876 1974 ὑπάρχειν
2921 1904 3013 1957 τὸν
3057 1904 3154 1959 τοῦ
3187 1905 3324 1960 Θεοῦ
3357 1907 3538 1978 Λόγον
3569 1908 3748 1962 ἕπεται
3767 1910 3835 1963 διὰ

2279 1991 2517 2063 θεωρίας
2560 1991 2730 2064 αὑτῷ,
2775 1995 2875 2063 τῆς
2903 1995 2997 2047 ἐπὶ
3057 1997 3235 2050 πάντα
3267 1998 3532 2065 προνοίας
3565 1999 3698 2068 μετά
3733 2015 3834 2050 συν-

2280 2082 2454 2146 έσεως
2501 2083 2602 2152 τὴν
2659 2084 2976 2156 ἐπιστήμην
3032 2087 3386 2158 δρεπόμενος.
3441 2087 3604 2142 Οὕτω
3655 2089 3743 2143 καὶ
3773 2094 3834 2155 εἰς

2278 2171 2406 2245 ᾅδου
2452 2177 2841 2248 κατερχομένῳ
2892 2178 2972 2248 τῷ
3009 2181 3168 2251 Λόγῳ
3211 2182 3592 2250 συγκὰτεισιν,
3638 2181 3732 2235 οὑκ
3763 2184 3835 2236 ἐπὶ

2269 2263 2426 2334 κακῷ
2471 2264 2654 2336 δῆλον,
2697 2266 2814 2320 ἀλλ’
2844 2269 2938 2322 ἐπὶ
2976 2268 3057 2339 τῷ
3087 2271 3382 2343 ἐρευνῆσαι
3429 2272 3533 2326 καὶ
3581 2273 3760 2343 μαθεῖν
3787 2273 3834 2326 τὸ

2273 2359 2578 2438 μυστήριον
2625 2361 2724 2432 τῆς
2747 2362 2829 2423 εἰς
2869 2363 2962 2416 τὸν
3003 2363 3136 2435 ᾅδην
3165 2363 3262 2417 τοῦ
3308 2365 3450 2420 Θεοῦ
3490 2367 3832 2431 καταϐάσεως,

2272 2451 2366 2504 καὶ
2394 2453 2505 2505 τῶν
2537 2456 2719 2506 ἐκεῖσε
2749 2446 3138 2526 γινομένωντε
3183 2460 3278 2512 καὶ
3313 2457 3744 2531 ἐπιτελουμένων
3760 2458 3833 2511 τὸν

2276 2541 2536 2612 ὑπερφυᾶ
2568 2542 2888 2614 διδαχθῆναι
2922 2545 3101 2614 λόγον.

2464 2726 2648 2801 (252
2669 2728 2698 2780 b
2721 2733 2740 2798 )
2783 2728 2974 2783 Ἀλλο
3005 2727 3273 2800 θεώρημα
3293 2731 3384 2797 είς
3412 2730 3481 2785 τὸ
3509 2733 3677 2787 αὑτό.

2360 2842 2434 2896 Ἢ
2463 2841 2651 2909 πάλιν,
2687 2842 2875 2913 ἐπειδὴ
2899 2841 3035 2914 ᾅδης
3065 2843 3183 2898 ἐστὶ
3227 2846 3377 2899 πᾶσα
3409 2847 3677 2919 ἁμαρτία,
3698 2847 3829 2919 ζοφε-

2283 2933 2383 3008 ράν
2431 2935 2527 3003 καὶ
2582 2934 2737 3002 ἀειδῆ
2799 2935 2896 2988 καὶ
2945 2933 3352 3006 διεφθαρμένην
3405 2937 3510 3010 τὴν
3555 2939 3646 2992 ὑπ’
3691 2940 3827 3008 αὐτῆς

585 3008 828 3085 animam
855 3029 925 3083 ab
949 3029 1069 3098 ipso
1095 3028 1399 3092 obsessam,
1425 3031 1474 3082 is
1497 3027 1593 3097 qui
1623 3025 1692 3082 de
1713 3008 2008 3083 all‘e’etibus
2049 3027 2168 3083 dis-

2275 3025 2650 3097 κρατουμένην
2692 3024 3120 3095 ἀπεργαζομένη
3164 3024 3364 3098 ψυχὴν,
3411 3008 3627 3100 όνπερὶ
3672 3029 3827 3082 παθῶν

585 3127 745 3191 putat
797 3119 1120 3174 Sermonem
1143 3117 1411 3173 doctrinae
1439 3117 1494 3172 in
1523 3117 1798 3172 infernum
1828 3117 2172 3174 descenden-

589 3219 702 3264 tem
741 3209 1059 3274 comitatur,
1090 3209 1223 3264 dum
1251 3209 1515 3263 virtutem
1539 3207 1609 3262 ab
1637 3207 1872 3279 singulis
1903 3209 2171 3278 nequitiis

587 3299 976 3356 mortiﬁcatam
997 3299 1260 3354 Sermone
1274 3297 1516 3354 viviﬂeat
1541 3307 1598 3353 et
1621 3297 1678 3352 in
1711 3301 2171 3355 resurrectionem

589 3391 838 3466 deducit,
867 3389 1166 3466 etvincula
1193 3396 1371 3443 status
1405 3388 1652 3444 materiae
1689 3387 1914 3444 obnoxii
1957 3389 2171 3445 anima-

589 3498 716 3537 rum
754 3481 975 3536 fortiter
1003 3481 1269 3560 sermone
1300 3480 1526 3554 rumpit.
1570 3479 1734 3554 Ratio
1768 3489 1954 3536 autem
1983 3481 2171 3553 dupli-

588 3573 672 3628 cis
704 3561 1011 3628 descensus
1040 3569 1346 3626 sccundum
1400 3579 1712 3640 promptam
1755 3571 2170 3643 interpretatio-

587 3682 716 3746 nem
747 3674 854 3730 est,
888 3665 958 3746 ad
1003 3663 1248 3736 primum
1275 3662 1499 3736 quidem
1544 3664 1915 3738 propositum,
1963 3673 2022 3718 ιιι
2047 3681 2172 3719 cum

587 3739 918 3828 corporibus
943 3757 1158 3812 animas
1197 3755 1305 3810 ﬁde
1340 3764 1396 3809 et
1445 3764 1596 3810 casta
1645 3756 2069 3810 conversatione
2115 3755 2170 3809 in

588 3861 737 3906 terra
772 3849 950 3906 salvas
982 3847 1186 3913 facere,
1242 3854 1299 3902 et
1329 3854 1621 3922 pOSanam
1652 3846 1846 3920 Sermo
1895 3847 1949 3901 in
2006 3845 2175 3901 infer-

586 3925 722 3996 num
781 3925 1158 4004 descenderit,
1217 3939 1336 3996 sine
1360 3939 1688 4012 corporibus
1736 3938 1948 4011 animas
1978 3954 2172 3994 eorum

588 4033 833 4104 quiante
869 4030 986 4084 sint
1021 4029 1228 4084 mortui
1275 4044 1376 4100 per
1407 4029 1578 4104 solam
1629 4027 1792 4104 ﬁdem
1843 4043 2174 4084 conservare

589 4122 892 4196 possitzad
921 4121 1226 4200 secundum
1261 4137 1395 4176 vero
1451 4121 1816 4198 propositum,
1869 4121 2019 4191 quod
2078 4136 2176 4175 ne-

589 4216 778 4286 quitia:
800 4213 1024 4268 habitus
1044 4221 1100 4268 et
1129 4211 1271 4267 actio
1292 4212 1362 4290 ab
1393 4210 1661 4284 Sermone
1708 4211 1944 4286 accipiat
1971 4211 2040 4267 ad
2063 4210 2174 4266 vir-

591 4315 764 4362 tutem
801 4315 858 4361 et
887 4301 1558 4383 cognitionemredeundi
1596 4303 1939 4360 facultatem.

585 4577 674 4638 Ex
695 4581 874 4636 eodem
898 4597 1160 4645 sermone,
1190 4583 1244 4636 in
1269 4581 1407 4654 illud
1429 4600 1446 4638 :
1481 4600 1499 4634 ι
1519 4580 1581 4637 Si
1606 4585 1661 4638 in
1708 4581 1863 4640 celos
1889 4584 2166 4648 ascendat,

551 4667 556 4672 ’
657 4674 822 4729 simul
851 4675 1093 4730 ascende.
1120 4673 1508 4730 Comitantibus
1557 4674 1639 4729 vel
1667 4677 2042 4746 accipientibus
2071 4694 2172 4732 au-

655 4767 785 4839 getis
811 4778 859 4822 te
893 4765 1161 4842 adjunge:
1195 4769 1359 4838 portis
1388 4775 1447 4847 ut
1479 4766 1715 4842 leventur
1744 4769 1968 4840 impera.
2000 4788 2018 4820 ι

657 4967 762 5036 Qui
785 4974 1012 5038 propter
1031 4963 1426 5022 abundantiam
1461 4963 1793 5034 cognitionis
1819 4979 1883 5019 ac
1927 4965 2169 5036 Spiritus

587 5059 763 5114 sancti
791 5057 1104 5111 uberiorem
1137 5054 1618 5124 participationem
1639 5055 1792 5118 satis,
1823 5058 2000 5126 quoad
2047 5060 2168 5128 ejus

589 5149 709 5203 ﬁeri
745 5145 960 5218 ,potuit,
1005 5143 1316 5215 penetravit
1363 5142 1631 5199 rationem
1685 5147 2064 5215 providentiae,
2111 5159 2169 5205 et

587 5249 762 5296 artem
787 5240 906 5310 ejus
931 5237 1372 5308 comprehendit,
1402 5235 1448 5291 is
1469 5250 1594 5290 cum
1627 5236 1893 5296 Sermone
1913 5241 1966 5296 in
1992 5243 2164 5298 ccelos

563 5329 910 5406 .ascendenti
949 5330 1016 5383 de
1050 5339 1194 5384 terra
1243 5344 1352 5382 una
1383 5326 1653 5391 ascendit,
1685 5330 1931 5383 omnium
1972 5347 2165 5388 eorum

588 5418 792 5490 quibus
818 5419 1160 5488 providetur,
1198 5426 1306 5472 tam
1340 5417 1640 5471 visibilium
1695 5434 1858 5487 quam
1917 5420 2168 5480 invisibi-

590 5509 750 5574 lium,
781 5519 975 5564 natura
1017 5525 1141 5564 cum
1187 5509 1494 5563 rationibus
1533 5508 1648 5563 suis
1680 5511 1928 5580 gnostice
1996 5531 2168 5584 pene-

815 5647 964 5704 ldem
987 5649 1136 5713 ibid.,
1165 5665 1285 5718 cap.
1316 5649 1406 5713 24,
1435 5665 1490 5720 p.
1521 5649 1644 5719 864,
1678 5662 1809 5707 tom.
1843 5653 1885 5708 l.
1909 5653 2047 5725 Opp.
2077 5655 2166 5712 ed.

2271 3117 2653 3188 διαλεγόμενος
2682 3118 2762 3180 εἰς
2806 3115 2942 3188 ᾅδην
2995 3119 3236 3172 κατιόντι
3283 3119 3540 3192 τῷΛόγῳ
3566 3121 3665 3192 τῆς
3706 3121 3825 3175 διδα-

2274 3209 2502 3274 σκαλίας
2539 3209 2876 3276 συγκάτεισι,
2909 3208 3006 3279 τὴν
3031 3209 3124 3278 ὑφ’
3155 3211 3394 3282 ἑκάστης
3419 3214 3624 3278 κακίας
3655 3230 3826 3283 νεκρω-

2273 3302 2459 3356 θεῖσαν
2523 3299 2726 3370 ἀρετὴν
2789 3299 2880 3354 διὰ
2927 3300 3022 3354 τοῦ
3059 3301 3236 3370 Λόγου
3287 3301 3578 3368 ζωοποιῶν
3631 3305 3722 3359 καὶ
3765 3306 3826 3366 είς

2273 3391 2571 3445 ἀνάστασιν
2599 3390 2772 3456 ἄγων.
2813 3391 2908 3442 καὶ
2942 3387 3013 3442 τὰ
3045 3389 3222 3459 δεσμά
3251 3389 3355 3458 τῆς
3382 3391 3584 3461 ὑλικῆς
3615 3407 3826 3460 προσπα·

2275 3481 2427 3544 θείας
2460 3481 2568 3533 τῶν
2601 3479 2812 3550 ψυχῶν,
2859 3479 3130 3552 ἀνδρικῶς
3160 3480 3238 3551 τῷ
3274 3481 3436 3553 Λόγῳ
3496 3483 3824 3555 συνδωρῤήσ·

2275 3589 2406 3624 σων.
2451 3573 2622 3641 Λόγος
2670 3572 2728 3625 δὲ
2765 3573 2865 3644 τῆς
2911 3571 3107 3644 διπλῆς
3160 3573 3525 3644 καταϐάσεως
3586 3573 3718 3628 κατά
3757 3575 3825 3625 τὸν

2275 3663 2570 3734 πρόχειρον
2612 3662 2736 3716 νοῦν
2774 3665 2912 3726 ἐστι,
2946 3664 3083 3735 πρὸς
3123 3663 3222 3734 μὲν
3264 3663 3361 3734 τὴν
3397 3666 3629 3736 πρώτην
3670 3663 3824 3718 ἐπιδο-

2273 3755 2391 3827 λὴν,
2421 3755 2482 3809 τὸ
2503 3757 2598 3809 καὶ
2619 3755 2760 3830 μετὰ
2791 3756 3058 3830 σωμάτων
3083 3754 3264 3828 ψυχας
3288 3755 3486 3820 σώζειν
3511 3756 3599 3810 διὰ
3627 3756 3824 3817 πίστεως

2275 3847 2372 3902 καὶ
2406 3848 2629 3918 ἀγωγῆς
2648 3847 2782 3918 ’βίου
2833 3847 3102 3920 καθαρᾶς,
3153 3847 3246 3901 ἐπὶ
3277 3848 3378 3920 τῆς
3411 3849 3542 3919 γῆς,
3573 3849 3663 3902 καὶ
3686 3847 3823 3919 χωρὶς

2276 3939 2546 4008 σωμάτων
2589 3941 2668 4004 εἰς
2699 3938 2789 3992 τὸν
2847 3935 2982 4010 ᾅδην
3021 3937 3354 3994 κατελθόντα
3397 3938 3492 3993 τὸν
3536 3942 3704 4008 Λόγον
3747 3939 3823 4000 τὰς

2274 4021 2456 4081 ἐκεῖσε
2506 4027 2616 4081 τῶν
2675 4027 3250 4102 προτετελευτηκότων
3305 4029 3486 4102 ψυχὰς
3551 4031 3639 4084 διὰ
3686 4029 3822 4099 μόνης

2275 4119 2676 4192 περιποιεῖσθαι
2709 4120 2808 4190 τῆς
2858 4121 3096 4194 πίστεως
3149 4120 3408 4198 δύνασθαι.
3435 4138 3450 4151 ·
3489 4123 3626 4194 πρὸς
3660 4122 3712 4174 δὲ
3745 4122 3821 4191 τὴν

2273 4212 2535 4284 δευτέραν
2581 4211 2866 4286 ἐπιϐολὴν.
2909 4213 2972 4268 τὺ
3011 4213 3106 4266 καὶ
3131 4213 3232 4283 τὴν
3257 4211 3370 4278 ἕξιν
3400 4215 3504 4287 τῆς
3537 4215 3723 4274 κακίας
3747 4212 3820 4264 καὶ

2275 4299 2374 4372 τὴν
2419 4301 2701 4372 ἐνέργειαν
2751 4301 2856 4354 ὑπὸ
2912 4301 3008 4354 τοῦ
3041 4301 3218 4371 Λόγου
3263 4303 3522 4374 δέχεσθαι
3571 4303 3666 4375 τὴν
3714 4303 3821 4372 api;

2200 4377 2246 4434 Ῑ)
2273 4389 2474 4462 ἀρετὴν
2502 4393 2596 4444 καὶ
2619 4391 2822 4460 γνῶσιν
2851 4392 3128 4448 ἐπάνοδον.
3674 4403 3715 4432 ο

2289 4581 2384 4636 Ἐκ
2411 4577 2517 4636 τοῦ
2539 4579 2727 4636 αὑτοῦ
2757 4579 2970 4651 λόγου,
2999 4583 3088 4648 εις
3116 4584 3186 4638 τό
3205 4601 3221 4617 ο
3245 4601 3264 4634 ι
3297 4583 3427 4650 Κᾶν
3446 4587 3538 4651 εἰς
3563 4580 3820 4652 οὐρανοὺς

2347 4673 2451 4729 ἀνί
2456 4692 2514 4743 ῃ,
2566 4672 2928 4729 συνὰνελθε.
2981 4675 3172 4729 Γενοῦ
3201 4677 3356 4744 μετὰ
3399 4674 3520 4730 τῶν
3554 4689 3817 4745 παραπεμ-

2344 4767 2585 4820 πόντων
2625 4766 2896 4836 ἁγγέλων
2933 4767 2971 4836 ἢ
3024 4766 3143 4821 τῶν
3196 4767 3539 4837 δεχομένων
3557 4785 3570 4798 ο
3604 4764 3817 4834 ἀρθῆναι

2346 4857 2475 4922 ταῖς
2496 4857 2717 4923 πύλαις
2735 4855 3140 4913 διακέλευσαι.
3172 4877 3194 4913 ι

2356 4970 2414 5024 Ὀ
2465 4969 2554 5024 διά
2598 4970 2799 5041 πολλὴν
2831 4971 3149 5042 περιουσίαν
3180 4971 3436 5042 γνώσεως
3478 4975 3571 5028 καὶ
3615 4971 3706 5040 τὴν
3740 4964 3812 5019 τοῦ

2272 5061 2587 5132 Πνεὺματος
2635 5062 2728 5115 τοῦ
2779 5063 2937 5131 ἁγίου
2988 5063 3251 5117 πλουσίαν
3302 5063 3536 5135 μετοχὴν
3581 5063 3668 5116 τὸν
3711 5055 3811 5126 περὶ

2275 5155 2534 5226 προνοίας
2585 5155 2900 5227 ἀρκούντως
2953 5157 3095 5211 κατὰ
3148 5157 3210 5211 τὸ
3257 5157 3481 5211 δυνατὸν
3539 5152 3810 5225 περαιώσας

2274 5248 2454 5316 λόγον,
2487 5250 2579 5301 καὶ
2607 5249 2706 5318 τὴν
2739 5250 2861 5302 κατ’
2890 5249 3051 5304 αὑτὸν
3093 5251 3406 5320 ἐπιστήμην
3435 5247 3726 5320 περιλαδὼν
3747 5243 3809 5302 εἱς

2273 5342 2537 5411 οὐρανοὺς
2577 5341 2685 5394 ἀπὸ
2731 5342 2833 5411 γῆς
2861 5343 3066 5396 ἀνιόντι
3110 5342 3189 5413 τῷ
3225 5343 3383 5412 Λόγῳ
3420 5345 3700 5422 συνάνεισι,
3730 5333 3806 5400 τὴν

2275 5431 2493 5484 πάντων
2544 5431 2651 5484 τῶν
2705 5433 3122 5502 προνοουμένων
3179 5433 3360 5502 φύσιν,
3403 5433 3611 5505 ὁρατῶν
3642 5447 3695 5484 τε
3733 5423 3805 5480 καὶ

2275 5523 2544 5594 ἀοράτων,
2603 5523 2743 5594 μετά
2791 5522 2900 5579 τῶν
2939 5526 3062 5578 κατ’
3111 5525 3280 5596 αὐτὴν
3312 5526 3487 5594 λόγων
3535 5515 3804 5592 pulsem};

2275 5662 2478 5790 3093,
2499 5664 2644 5722 [dem
2675 5667 2826 5733 ibid"
2853 5683 2974 5740 cal"
3005 5669 3095 5737 εδ,
3128 5685 3184 5740 Ρ·
3217 5669 3340 5736 865,
3365 5677 3498 5724 tom.
3528 5668 3570 5724 Ι.
3593 5666 3713 5741 Opp.
3733 5659 3799 5716 ed.
