4052 6402
292 424 425 493 1385

1527 419 2041 481 AMBIGUORUM
2077 418 2326 480 LIBER-

3396 417 3530 481 1380

287 541 652 614 διαπεράσας,
683 540 777 595 καὶ
798 540 878 605 είς
901 540 1001 613 τὴν
1034 541 1141 594 οὐδ’
1172 540 1306 603 ὅλως
1333 538 1430 611 τὴν
1456 537 1666 591 οἱανοῦν
1692 538 1864 607 φορὰν

1972 546 2129 601 lrata,
2154 546 2318 606 atque
2341 536 2396 590 in
2422 542 2620 591 statum
2638 536 2963 592 cessationis
2988 537 3215 592 omnino
3246 539 3536 606 qualicun-

289 636 322 707 ἢ
356 635 571 705 κίνησιν
610 631 863 703 κουσαν,
901 632 1036 703 πρὸς
1085 634 1153 702 ἢν
1181 632 1443 701 ἠπείγετο
1488 630 1744 700 μάλιστα,
1772 629 1861 682 διὰ

289 727 488 788 παντὸς
524 725 685 792 λόγου
721 742 781 778 τε
833 725 929 779 καὶ¹
954 725 1155 796 τρόπου
1190 724 1341 795 λῆξιν
1372 722 1723 793 ἀναληφθεὶς,
1755 723 1862 774 ἀπὸ

286 817 395 870 τῶν
435 816 916 886 παραπεμπόντων
953 815 1142 885 ὥσπερ
1190 815 1438 882 ἀγγέλων
1466 814 1629 867 τινῶν
1657 812 1766 865 τῶν
1805 812 1862 863 ὲν

287 910 398 970 τοῖς
425 906 547 959 οὖσι
591 906 691 976 τῆς
730 904 992 975 προνοίας
1022 904 1197 973 λόγων
1224 905 1316 958 ἐπὶ
1348 905 1447 974 τὴν
1476 903 1585 957 τῶν
1616 905 1866 973 ὑποδεχο-

291 998 466 1068 μένων
496 998 750 1068 sapt;ch
781 996 881 1066 τῆς
912 995 1188 1063 θεολογίας
1236 996 1406 1063 λόγων
1428 1013 1486 1048 τε
1514 995 1607 1049 καὶ
1655 1010 1866 1064 μυστη-

290 1087 420 1158 ρίων
449 1086 632 1158 χώραν
682 1086 1036 1157 ἀναγόμενος,
1087 1084 1267 1157 (253
1301 1088 1356 1155 a)
1407 1087 1502 1140 καὶ
1549 1089 1670 1150 ταῖς
1726 1086 1868 1139 κατὰ

292 1180 456 1251 μέρος
486 1179 817 1234 ἀναϐάσεσιν
852 1179 1191 1250 ὑψηλοτέρας
1223 1180 1393 1232 ποιῶν
1422 1180 1559 1250 πρὸς
1604 1176 1868 1248 ὑποδοχὴν

1968 645 2074 698 que
2110 628 2317 697 impetu
2361 635 2418 682 et
2449 636 2601 682 motu
2628 638 2925 695 carentem,
2973 645 3083 699 quo
3141 630 3376 685 maxime
3409 647 3540 702 pro-

1968 720 2215 790 perabat,
2253 734 2353 789 per
2380 734 2600 774 omnem
2638 721 2910 775 rationem
2965 736 3030 775 ac
3058 722 3281 776 modum
3326 738 3540 777 assum-

1971 819 2117 881 ptus,
2181 825 2213 863 a
2271 811 2668 866 comitantibus
2730 811 2902 866 veluti
2955 813 3163 883 angelis
3210 813 3538 883 quibusdam

1970 901 2326 972 providentiae
2354 901 2411 955 in
2469 902 2638 957 rebus
2676 902 3069 958 exsistentibus
3111 902 3419 958 rationibus
3470 904 3539 958 ad

1971 994 2366 1065 excipientium
2414 993 2773 1048 ineffabilium
2831 994 3119 1065 theologia:
3153 995 3429 1049 rationum
3476 1011 3540 1050 ac

1969 1087 2356 1158 mysteriorum
2382 1087 2661 1157 regionem
2689 1086 3016 1153 subductus,
3063 1094 3119 1140 et
3150 1086 3541 1157 singulisqui—

1968 1180 2181 1248 busque
2204 1177 2472 1247 gradatim
2530 1176 2945 1231 aseensionibus
2971 1177 3147 1248 magis
3190 1179 3247 1232 in
3303 1178 3541 1233 sublime

1969 1269 2159 1323 levans
2180 1266 2583 1321 intellectuales
2637 1266 2833 1321 animae
2858 1274 3045 1337 portas
3088 1266 3156 1320 ad
3214 1258 3561 1323 Sermonem

1973 1358 2351 1429 recipiendum
2380 1356 2649 1412 divinum.

287 1270 378 1323 τοῦ
431 1269 872 1343 θεαρχικωτάτου
926 1271 1126 1338 Λόγου,
1178 1272 1278 1335 τὰς
1321 1272 1514 1342 νοερὰς
1557 1270 1655 1341 τῆς
1690 1270 1869 1340 ψυχῆς

290 1361 487 1426 πύλας.

630 1538 811 1592 Ἀλλο
833 1536 1104 1607 θεώρημα
1134 1540 1221 1604 εις
1252 1538 1317 1592 τὸ
1352 1540 1519 1593 αὐτό.

2362 1538 2484 1594 Alia
2505 1539 2557 1593 in
2594 1539 2732 1592 idem
2760 1538 3154 1608 contemplatio.

357 1649 468 1707 Καὶ
500 1649 708 1720 ἑτέρως
738 1650 799 1705 δὲ
830 1650 994 1706 πάλιν
1040 1652 1246 1706 ἀνιόντι
1274 1651 1353 1722 τῷ
1378 1650 1523 1723 λόγῳ
1559 1653 1866 1710 συνάνεισιν

2042 1655 2220 1724 Atque
2246 1653 2409 1707 aliter
2443 1666 2636 1706 rursus
2663 1650 2986 1706 Sermonem
3022 1651 3321 1705 comitatur
3346 1665 3541 1705 ascen-
3576 1677 3593 1693 ι

287 1742 317 1794 6
386 1741 497 1794 ἀπὸ
543 1741 654 1795 τῶν
723 1741 846 1796 κατ’
901 1742 1101 1816 ἀρετὴν
1141 1742 1358 1812 τρόπων
1399 1740 1500 1811 τῆς
1555 1745 1867 1816 πρακτικῆς

1972 1745 2189 1801 dentem
2220 1744 2367 1814 quia
2393 1742 2650 1813 praeticae
2682 1739 3050 1811 philosophiae
3081 1739 3385 1795 secundum
3426 1741 3540 1793 vir-

289 1832 606 1901 φιλοσοφίας
688 1830 880 1903 ὥσπερ
973 1833 1084 1887 ἀπό
1147 1849 1293 1896 τινος
1365 1832 1471 1902 γῆς
1548 1833 1627 1897 είς
1713 1852 1867 1901 τινας

1972 1844 2141 1891 tutem
2169 1835 2347 1890 modis
2376 1833 2533 1903 quasi
2571 1848 2603 1887 a
2638 1840 2784 1886 terra
2810 1830 3045 1900 quadam
3078 1830 3132 1884 in
3176 1832 3346 1885 caelos
3373 1847 3545 1900 quos-

285 1924 554 1994 οὑρανοὺς
619 1924 748 1987 τοὺς
807 1924 948 1978 κατὰ
1016 1923 1248 1993 θεωρίαν
1311 1924 1715 1993 πνευματικοὺς
1767 1927 1869 1999 τῆς

1972 1927 2097 1982 dam
2127 1926 2428 1981 secundum
2456 1923 2977 1992 contemplationem
3003 1921 3319 1991 spirituales
3358 1920 3547 1992 cogni-

285 2015 543 2083 γνώσεως
569 2014 648 2085 τῷ
698 2015 1037 2079 ἀνατατικῶς
1067 2015 1278 2068 ἕλκοντι
1308 2014 1439 2089 θείῳ
1466 2016 1867 2090 συνυψούμενος

1972 2019 2140 2074 tionis
2191 2034 2299 2072 una
2352 2031 2478 2072 cum
2506 2014 2773 2071 Sermone
2822 2014 3009 2069 divino
3042 2015 3098 2069 in
3152 2014 3383 2068 sublime
3414 2028 3543 2067 eve-

285 2106 472 2181 Λόγῳ.
1040 2111 1062 2138 ⁸

1972 2110 2147 2166 hitur.

636 2286 822 2339 Ἀλλο
853 2286 1125 2356 θεώρημα
1150 2289 1232 2355 εἰς
1265 2291 1332 2343 τὸ
1360 2293 1528 2346 αὐτό.

363 2397 473 2451 Καὶ
506 2396 914 2468 μυστικώτερον
955 2400 1034 2453 ἔτι
1087 2403 1216 2473 περὶ
1265 2403 1472 2458 τούτων
1507 2406 1701 2469 εἰπεῖν,
1729 2408 1757 2459 6
1784 2406 1875 2460 δυ-

283 2487 525 2558 νάμενος
550 2487 659 2541 ἀπὸ
684 2489 786 2556 τῆς
819 2491 960 2544 κατά
982 2492 1083 2563 τὴν
1130 2495 1444 2566 οἰκονομίαν
1471 2496 1745 2565 γνώσεως,
1781 2498 1875 2567 ἀφ’

2345 2294 2468 2349 Alia
2512 2296 2567 2347 in
2599 2293 2739 2347 idem
2779 2291 3173 2363 contemplatio.

2041 2411 2217 2481 Atque
2258 2409 2508 2465 utetiam
2531 2408 2702 2480 magis
2742 2407 2970 2480 mystice
2997 2407 3065 2461 de
3095 2406 3182 2460 his
3218 2405 3420 2470 dicam,
3451 2405 3545 2474 qui

1973 2519 2004 2558 a
2032 2504 2346 2574 cognitione
2377 2501 2679 2558 secundum
2711 2500 3203 2571 dispensationem,
3238 2496 3383 2553 unde
3425 2512 3549 2552 ear-

281 2571 362 2647 ἦς
394 2579 422 2630 6
449 2576 551 2646 τῆς
583 2578 789 2650 σαρκὸς
810 2576 903 2631 τοῦ
936 2580 1112 2649 Λόγου
1156 2582 1359 2655 κόσμος
1386 2584 1576 2654 γέγονε
1611 2585 1761 2655 παρὰ
1800 2585 1869 2656 τῷ

1974 2596 2063 2652 nis
2097 2595 2384 2651 Sermonis
2433 2593 2673 2650 mundus
2723 2592 2865 2663 apud
2896 2593 3111 2647 Patrem
3143 2590 3317 2646 lactus
3341 2599 3448 2648 est.
3490 2586 3546 2640 in

286 2668 495 2737 Πατρὶ,
539 2667 619 2730 είς
649 2669 749 2738 τὴν
793 2669 892 2741 τῆς
932 2669 1043 2741 πρὸ
1091 2671 1187 2727 τοῦ
1232 2674 1323 2727 τὸν
1370 2674 1574 2743 κόσμον
1617 2676 1717 2748 τῆς
1777 2675 1872 2732 τοῦ

286 2761 475 2827 Λόγου
495 2758 824 2831 σαρκώσεως
852 2756 992 2814 εῖναι
1015 2763 1162 2833 παρὰ
1189 2764 1265 2834 τῷ
1294 2766 1470 2837 Πατρὶ
1488 2766 1643 2837 δόξης
1664 2767 1873 2823 ἔννοιαν

285 2849 624 2919 ἀναχθῆναι,
685 2852 826 2905 κατά
881 2851 1141 2923 ἀλήθειαν
1186 2847 1341 2919 οὗτος
1406 2856 1737 2927 συνανῆλθεν
1795 2859 1875 2921 είς

286 2941 561 3011 οὐρανοὺς
590 2941 667 3015 τῷ
696 2941 764 2995 δι’
802 2942 967 2997 αὐτὸν
1003 2945 1095 2998 ἐπὶ
1129 2948 1231 3017 γῆς
1285 2947 1596 3002 κατελθόντι
1624 2948 1742 3021 Θεῷ
1777 2951 1875 3003 καὶ

288 3034 475 3104 Λόγῳ,
512 3033 809 3104 πληρώσας
845 3039 945 3107 τῆς
978 3036 1284 3108 ἀνθρώποις
1318 3043 1574 3111 χωρητῆς
1609 3041 1751 3094 κατά
1782 3040 1873 3095 τὸν

289 3126 473 3179 αἰῶνα
521 3125 710 3179 τοῦτον
754 3125 1009 3195 γνώσεως
1051 3128 1112 3183 τὸ
1163 3130 1383 3202 μέτρον,
1427 3132 1523 3185 καὶ
1581 3133 1873 3203 γενόμενος

285 3215 549 3269 τοσοῦτον
577 3215 710 3280 Θεὸς
740 3216 866 3270 ὅσον
906 3219 1110 3284 ἐκεῖνος
1156 3220 1462 3291 ἄνθρωπος,
1491 3220 1569 3292 τῷ
1593 3222 1873 3293 ὑψωθῆναι

1973 2687 2361 2758 cogitationem
2388 2686 2593 2757 gloriae,
2629 2693 2921 2754 antequam
2972 2683 3213 2737 mundus
3264 2679 3549 2735 Sermonis

1976 2778 2244 2833 incarnati
2286 2777 2430 2847 apud
2461 2776 2675 2831 Patrem
2734 2774 2900 2829 fuerit
2928 2773 3087 2828 evehi
3114 2780 3316 2843 potest,
3351 2770 3399 2825 is
3454 2785 3546 2825 re-

1969 2885 2105 2927 vera
2134 2883 2243 2924 una
2271 2868 2327 2922 in
2360 2867 2530 2922 caelos
2553 2865 2802 2922 ascendit
2841 2852 2966 2920 cum
2998 2865 3112 2920 Deo
3147 2880 3211 2920 ac
3256 2863 3544 2925 Sermone,

1974 2963 2069 3033 qui
2100 2960 2273 3031 ipsius
2295 2975 2458 3015 causa
2484 2959 2538 3014 in
2563 2967 2765 3013 terram
2790 2956 3191 3022 descenderat,
3216 2954 3549 3026 cognitionis

1978 3051 2073 3122 qui
2097 3052 2204 3106 hoc
2229 3066 2347 3105 aevo
2375 3049 2696 3105 hominibus
2725 3062 3024 3103 concessus
3063 3054 3150 3102 est
3177 3044 3403 3100 modulo
3439 3045 3548 3098 imo

1978 3142 2148 3213 pleto,
2177 3142 2234 3196 in
2261 3148 2469 3196 tantum
2491 3139 2668 3195 factus
2689 3139 2855 3203 Deus,
2886 3137 2942 3192 in
2959 3145 3223 3208 quantum
3245 3136 3335 3190 ille
3358 3135 3544 3197 homo,

1979 3229 2047 3290 eo
2071 3233 2222 3303 quod
2250 3233 2306 3286 in
2335 3240 2546 3287 tantum
2594 3229 2800 3285 divinis
2824 3228 3242 3284 ascensionibus
3261 3226 3359 3280 Dei
3384 3240 3548 3280 causa

285 3305 550 3361 τοσοῦτον
596 3309 719 3368 ταῖς
765 3306 939 3372 θείαις
987 3309 1283 3379 ἁναὸἀσξσι
1330 3312 1420 3366 διὰ
1440 3313 1544 3373 Ῐτὸν
1572 3314 1724 3379 Θεὸν,
1750 3315 1869 3369 ὅσον

1979 3332 2065 3380 est
2087 3324 2380 3389 exaltatus,
2411 3323 2465 3377 in
2499 3330 2767 3392 quantum
2811 3320 3054 3375 hominis
3099 3333 3265 3375 causa
3294 3319 3440 3372 Deus
3478 3319 3547 3371 ad

285 3398 385 3451 δ.ἀ
434 3399 526 3451 τὸν
583 3397 868 3468 ἄνθρωπον
915 3401 944 3452 6
991 3401 1123 3462 Θεὸς
1187 3403 1324 3474 πρὸς
1374 3405 1436 3458 τὸ
1488 3404 1717 3476 ἔσχατον
1772 3405 1873 3477 τῆς

288 3488 574 3634 ἡμθετέρας
609 3488 821 3560 φύσεως
844 3490 1036 3547 ἑαυτὸν
1056 3493 1342 3566 ἀτρέπτως
1369 3497 1613 3563 κενώσας
1644 3496 1875 3571 κατελή-

288 3599 355 3634 m
397 3598 476 3634 εν.

288 3598 476 3636 Λυυεν.

1979 3424 2183 3472 nostrae
2219 3423 2431 3470 natura:
2454 3429 2628 3483 usque
2664 3413 3067 3468 extremitatem
3089 3411 3423 3476 cxiuanitus,
3452 3409 3548 3465 sed

1977 3507 2184 3564 nullam
2210 3506 2647 3562 immutationem
2680 3519 2897 3575 passus,
2946 3504 3263 3559 devenerat.

1871 3680 1970 3751 ζ...

290 3760 415 3818 Τοῦ
444 3761 653 3829 αὐτοῦ,
680 3760 750 3819 ἐκ
781 3763 888 3820 τοῦ
903 3766 990 3835 εἰς
1016 3764 1131 3837 τὴν
1157 3769 1384 3838 Καινὴν
1414 3772 1722 3841 Κυριακὴν
1749 3777 1861 3831 λό-

363 3870 499 3923 γου,
536 3857 624 3921 εἰς
685 3857 775 3909 τό·
804 3875 823 3909 ι
868 3857 1285 3927 Ἐγκαινίζεται
1331 3861 1399 3913 δὲ
1433 3863 1471 3930 ἠ
1523 3863 1726 3932 σκηνὴ
1766 3865 1874 3921 τοῦ

360 3946 711 4013 μαρτυρίου,
738 3944 837 3998 καὶ
859 3948 1000 3999 λίαν
1029 3949 1401 4017 πολυτελῶς,
1430 3951 1510 4019 ἢν
1548 3954 1694 4019 Θεὸς
1722 3971 1869 4023 παρ-

360 4036 578 4102 έδειξε,
613 4040 713 4092 καὶ
772 4038 1085 4109 acassam
1123 4041 1437 4098 ἐτελείωσε
1470 4034 1570 4102 ita:
1608 4047 1870 4117 Μωῦσῆς

359 4126 628 4195 ἐπήξατο
657 4129 787 4200 (57).
830 4147 851 4183 ι

364 4235 712 4307 Πολύτροπον
752 4237 881 4293 ὄντα
922 4241 1015 4295 τὸν
1043 4244 1184 4298 κατὰ
1209 4242 1307 4316 τὴν
1345 4248 1549 4320 σκηνὴν
1599 4251 1873 4321 ἀναγωγι-

1976 3777 2235 3848 Ejusdem
2265 3790 2329 3830 ea:
2348 3788 2589 3828 sermone
2614 3773 2670 3826 in
2699 3766 3268 3828 NovamDominicam,
3296 3764 3351 3816 in
3376 3760 3546 3815 illud:
3646 3770 3649 3773 '

2052 3887 2071 3921 ι
2094 3868 2387 3923 Innovatur
2413 3880 2535 3919 vero
2557 3859 2960 3917 tabernaculum
2995 3857 3303 3920 testimonii,
3353 3863 3402 3907 et
3431 3854 3550 3922 qui-

2042 3958 2160 4011 dem
2186 3954 2480 4027 magniﬁcis
2501 3951 2812 4022 sumptibus.
2848 3948 2986 4019 quod
3028 3947 3166 4001 Deus
3222 3943 3466 4010 ostendit,
3495 3952 3548 3995 et

2042 4046 2271 4104 Beseleel
2294 4045 2533 4116 confecit,
2558 4053 2605 4097 et
2635 4042 2835 4114 Moyses
2863 4039 3000 4108 ﬁxit.
3029 4059 3046 4091 ι

2043 4248 2328 4320 Mysticam
2374 4246 2444 4300 de
2496 4242 2853 4299 tabernaculo
2910 4238 3397 4309 contemplationis
3453 4253 3544 4290 ra-

283 4327 393 4379 κὸν
431 4326 532 4396 τῆς
564 4327 796 4405 θεωρίας
825 4329 983 4398 λόγον
1012 4334 1105 4386 ἐπὶ
1133 4335 1228 4388 τοῦ
1257 4338 1527 4409 παρόντος
1569 4341 1645 4405 ὡς
1679 4342 1869 4397 ἔλαϐεν

1972 4340 2142 4394 tionis
2166 4337 2491 4392 varietatem
2522 4331 3018 4403 impraesentiarum
3063 4329 3339 4399 quomodo
3366 4328 3543 4383 inter-

282 4417 517 4471 αὑτὸδό
548 4419 871 4484 διδάσκαλος
923 4424 1017 4476 καὶ
1063 4425 1225 4495 ἡμεῖς
1278 4428 1647 4502 θεωρήσωμεν
1679 4434 1865 4491 αὐτόν.

1972 4437 2220 4501 pretatus
2276 4428 2351 4482 sit
2402 4426 2617 4491 doctor,
2669 4437 2771 4477 nos
2823 4428 3044 4492 quoque
3082 4419 3540 4489 contemplemur.

284 4508 477 4579 Σκηνὴ
551 4510 842 4580 τοιγαροῦν
890 4511 985 4565 τοῦ
1047 4519 1351 4588 μαρτυρίου
1398 4521 1432 4591 ἡ
1487 4524 1869 4595 μυστηριώδης

1972 4521 2410 4580 Tabernaeulum
2439 4518 2607 4588 igitur
2633 4514 2936 4571 testimonii
2976 4512 3270 4584 mysticum
3307 4521 3393 4567 est
3445 4512 3543 4566 Dei

180 4602 189 4603 “
282 4598 444 4651 ἐστὶν
467 4601 749 4670 οἰκονομία
775 4603 872 4673 τῆς
896 4604 989 4657 τοῦ
1009 4604 1143 4659 Θεοῦ
1171 4608 1346 4676 Λόγου
1377 4611 1730 4683 σαρκώσεως.
1751 4618 1818 4689 ἢν
1837 4620 1864 4671 ὀ

1972 4614 2250 4673 Sermonis
2294 4608 2691 4667 incarnationis
2719 4606 3033 4670 consilium,
3061 4604 3209 4676 quod
3231 4605 3378 4659 Deus
3410 4619 3557 4674 pro--

282 4689 426 4780 Θεὸς
446 4691 537 4743 καὶ
561 4690 748 4764 Πατὴρ
776 4694 1073 4765 εὐδοκήσας
1097 4700 1400 4770 παρέδειξε,
1429 4705 1522 4756 καὶ
1551 4706 1613 4758 τὸ
1643 4708 1869 4780 Πνεῦμα

1972 4709 2108 4764 bans
2128 4705 2372 4762 ostendit
2404 4712 2569 4774 atque
2598 4710 2822 4757 sanctus
2850 4699 3089 4770 Spiritus
3113 4713 3211 4768 per
3237 4696 3559 4766 sapientem

279 4779 351 4832 τὸ
381 4777 535 4847 ἅγιον
549 4779 638 4835 διὰ
662 4780 756 4834 τοῦ
788 4783 953 4852 σοφοῦ
976 4785 1241 4856 Βεσελεὴλ
1270 4792 1713 4862 προτυπούμενον
1740 4777 1867 4851 συν·-

1972 4799 2209 4856 Beseleel
2241 4796 2649 4868 prmformatum
2687 4793 2953 4864 adjuvans
2999 4790 3249 4861 perfecit,
3276 4798 3332 4845 et
3379 4789 3546 4843 intel-

281 4871 536 4943 εργῆσαν
563 4871 872 4942 ἐτελείωσε,
904 4877 998 4928 καὶ
1016 4875 1044 4929 6
1063 4878 1251 4947 νοητὸς
1286 4880 1529 4953 Μωῡσῆς
1555 4886 1582 4938 6
1611 4885 1704 4938 τοῦ
1729 4888 1864 4942 Θεοῦ

1972 4891 2219 4947 lectualis
2248 4889 2460 4959 Moyses
2478 4887 2573 4941 Dei
2596 4900 2660 4940 ae
2681 4883 2862 4939 Patris
2886 4884 3206 4955 unigenitus
3245 4880 3418 4934 Filius
3445 4894 3544 4947 per

280 4965 390 5018 καὶ
419 4965 636 5036 Πατρὸς
666 4967 963 5038 μονογενὴς
987 4966 1113 5032 Υἱὸς
1135 4970 1500 5042 αὐτούργησε,
1528 4976 1625 5047 τὴν
1649 4978 1864 5049 ἀνορω..

1972 4997 2088 5039 sese
2112 4986 2373 5052 operatus
2401 4986 2507 5042 est,
2530 4991 2656 5031 cum
2677 4977 2973 5032 humanam
3002 4982 3255 5029 naturam
3284 4968 3542 5025 substan-

282 5056 460 5125 πίνην
499 5055 664 5125 φύσιν
696 5057 767 5125 ,ἐν
822 5057 1001 5129 ἑαυτῷ
1048 5059 1363 5131 πηξάμενος
1411 5063 1600 5120 ἑνὼσει
1642 5070 1710 5139 τῇ
1739 5069 1864 5124 καθ’

275 5146 607 5202 ὑπόστασιν.

1972 5074 2089 5129 tiali
2113 5071 2364 5129 unitione
2391 5070 2447 5125 in
2471 5085 2530 5126 se
2554 5068 2728 5124 ﬁnxit.

320 5162 607 5202 ποστασιν.

1893 5287 1961 5303 -ι-

605 5338 795 5394 Ἄλλο
822 5340 911 5407 εἰς
952 5338 1019 5394 τὸ
1055 5339 1202 5396 αὐτὸ
1237 5343 1520 5415 θεώρημα.

2350 5350 2476 5406 Alia
2504 5352 2561 5405 in
2594 5348 2728 5402 idem
2758 5345 3147 5416 contemplatio.

2042 5468 2148 5524 Sed
2177 5467 2342 5523 etiam
2375 5467 2647 5520 universa:
2677 5459 3011 5519 conditionis
3043 5466 3101 5513 et
3151 5456 3540 5515 intellectualis

1972 5570 2030 5616 et
2055 5560 2337 5616 sensibilis
2365 5559 2545 5629 imago
2574 5566 2660 5612 est
2720 5552 3159 5618 tabernaculum,
3202 5549 3352 5623 quod
3390 5549 3540 5607 Deus

360 5452 508 5523 Πλὴν
535 5451 619 5507 ὅτι
651 5453 748 5505 καὶ
774 5452 876 5523 τῆς
902 5453 1029 5525 ὅλης
1060 5454 1292 5520 κτίσεως
1331 5460 1526 5530 νοητῆς
1556 5479 1615 5515 τε
1650 5464 1746 5518 καὶ
1776 5469 1862 5520 αἱ-

272 5547 498 5618 σοητῆς
528 5548 678 5599 ὲστιν
708 5545 872 5600 εἰκὼν
913 5549 951 5617 ἠ
977 5548 1174 5618 σκηνὴ,
1230 5550 1296 5619 ἣν
1349 5552 1377 5604 6
1419 5552 1549 5618 Θεὸς
1600 5559 1693 5610 καὶ
1757 5560 1865 5612 Πα-

357 5676 386 5706 ιι
423 5663 597 5719 Exod.
629 5678 811 5729 xxxvr,
844 5664 869 5719 l
900 5673 956 5720 et
1003 5665 1226 5735 passim.

355 5785 473 5858 (57)
508 5782 680 5840 Idem.
735 5782 825 5839 0r.
881 5785 936 5838 in
985 5785 1187 5838 Novam
1237 5779 1583 5850 Dominicam,
1632 5798 1751 5856 cap.
1802 5786 1869 5857 2,-
1897 5806 1952 5860 p.
1987 5790 2110 5859 856,
2143 5799 2272 5846 tom.
2309 5791 2327 5846 l
2360 5787 2499 5861 Opp.
2535 5789 2670 5845 edit.
2704 5788 2904 5845 Bened.

651 5873 918 5935 Parnm.
966 5876 1073 5933 Gn.
1132 5875 1280 5934 Xlll.
1820 5886 1823 5887 '
3120 5878 3198 5935 his
