4052 6362
607 375 754 441 ’1387

1753 369 1816 430 S.
1851 367 2140 429 ΜΑΧΙΜΙ
2181 369 2694 431 CONFESSORIS

3694 374 3824 442 ’1388

613 497 669 545 et
689 489 850 542 Pater
881 492 1142 557 tanquam
1201 498 1358 541 mens
1401 481 1684 553 cogitavit,
1749 487 1808 535 et
1857 479 2030 534 Filius
2060 488 2185 535 tan—

2289 481 2395 553 τὴρ
2457 477 2546 536 οἷα
2575 481 2702 541 νοῦς
2741 482 2996 554 ἐνενόησε
3015 523 3032 548 ,
3092 483 3187 539 καὶ
3215 485 3244 538 ό
3279 483 3402 548 Υἱὸς
3445 479 3534 536 οἷα
3562 483 3702 550 λόγος
3733 488 3826 554 ἐζη-

611 595 776 649 quam
811 592 992 632 sermo
1030 583 1292 647 operatus
1315 582 1422 640 est,
1451 581 1509 629 et
1539 572 1778 643 Spiritus
1821 567 2044 626 sanctus
2069 586 2194 641 per-

591 657 758 718 'fecit.
787 663 968 735 Atque
997 679 1189 718 rursus
1211 661 1448 718 visibilis
1471 661 1644 716 solius
1683 667 1894 715 natura:
1923 674 1988 715 ac
2017 659 2191 716 solius

608 754 856 811 hominis
879 771 946 810 ex
971 771 1207 826 corpore
1247 763 1302 810 et
1329 753 1511 808 anima
1561 751 1888 814 constantis,
1917 759 1974 806 et
2017 751 2189 807 solius

608 862 801 903 rursus
861 848 1060 903 anima}
1117 863 1284 917 quam
1332 862 1432 917 per
1485 845 1724 916 seipsam
1783 843 2190 914 contemplatur

609 953 815 1004 sermo,
864 939 1045 1009 imago
1077 938 1492 1011 tabernaculum
1535 945 1640 1000 est,
1673 943 1982 1006 spectatum
2033 935 2189 990 vide-

607 1031 740 1085 licet
765 1030 1066 1087 secundum
1097 1031 1369 1086 rationem
1411 1027 1715 1100 unicuique
1742 1027 2190 1084 convenientem.

572 1293 585 1306 ’
605 1303 690 1359 Ea:
720 1305 902 1359 eodem
929 1321 1194 1370 sermone,
1223 1305 1278 1358 in
1298 1304 1436 1360 illud
1477 1321 1494 1358 :
1541 1323 1559 1354 ι
1580 1302 1880 1358 Innovatur
1911 1311 2090 1356 autem
2117 1318 2193 1358 re—

673 1417 836 1470 gnum
857 1399 1048 1463 David,
1067 1416 1235 1470 neque
1256 1399 1312 1454 id
1333 1398 1518 1464 semel,
1535 1399 1630 1453 sed
1649 1401 1798 1468 prius
1822 1416 1940 1454 cum
1967 1389 2190 1470 ungere-

677 1502 784 1556 tur,
815 1508 878 1546 ac
895 1498 1078 1561 postea
1101 1507 1222 1544 cum
1251 1506 1344 1545 rex
1361 1489 1690 1545 salutaretur
1714 1499 1760 1544 ν.
1787 1509 1804 1542 ι

671 1684 797 1740 Pari
821 1683 984 1740 modo
1001 1699 1260 1756 magnum
1287 1683 1550 1739 Davidem
1577 1699 1796 1754 quoque
1855 1683 2182 1754 prophetam
2222 1720 2264 1778 Β

2301 574 2628 646 μιούργησε,
2673 575 2767 629 καὶ
2822 576 2884 630 τὸ
2942 575 3172 648 Πνεῦμα
3238 577 3300 629 τὸ
3359 575 3515 652 ἅγιον
3575 576 3828 634 ἐτελείωσε.

2303 665 2322 732 (
2347 663 2508 734 253
2539 662 2606 734 b)
2641 664 2749 716 Καὶ
2777 664 2936 728 αὖθις
2964 666 3064 734 τῆς
3123 659 3389 734 αἰσθητῆς
3437 664 3602 736 μόνης
3629 665 3832 736 ςιῠσεως,

2293 755 2390 808 καὶ
2439 755 2601 826 μόνου
2681 754 2776 810 τοῦ
2833 754 3122 827 ἀνθρώπου
3197 756 3293 811 τοῦ
3361 759 3424 810 ὲκ
3485 756 3655 826 ψυχῆς
3717 757 3835 822 bno;

2267 845 2389 918 ¹καὶ
2443 844 2715 916 σώματος,
2765 847 2859 900 καὶ
2913 847 3085 918 μόνης
3135 847 3206 902 αὖ
3247 847 3348 918 τῆς
3391 846 3570 918 ψυχῆς
3611 845 3836 901 καθ’έαυο

2297 935 2396 1008 τὴν
2459 937 2536 1004 τῷ
2581 937 2724 1008 λόγῳ
2773 937 3181 1010 θεωρουμένης,
3227 939 3382 992 ἐστὶν
3426 935 3590 990 είκὼν
3613 939 3646 1006 ἡ
3678 939 3834 1008 σκηνὴ,

2297 1025 2442 1081 κατὰ
2492 1028 2584 1081 τὸν
2645 1027 2866 1099 ἑκάστῳ
2931 1029 3212 1099 πρέποντα
3265 1027 3472 1100 δηλαδὴ
3539 1027 3836 1098 θεωρουμένη

2299 1119 2477 1190 λόγον.

2310 1303 2406 1356 Ἐκ
2439 1301 2545 1357 τοῦ
2575 1302 2764 1356 αὐτοῦ
2791 1301 3000 1372 λόγου,
3026 1305 3115 1368 εὶς
3137 1303 3226 1356 τό·
3269 1319 3288 1352 ι
3313 1299 3715 1370 Ἐ’γκαινίζεται
3739 1297 3839 1370 δὲή

2361 1393 2658 1457 ,βασιλεία
2682 1391 2900 1457 Δαϐίδ,
2923 1393 3023 1446 καὶ
3056 1394 3170 1460 οὐχ
3209 1391 3396 1455 ἅπαξ,
3433 1390 3597 1445 ἀλλὰ
3644 1391 3838 1458 χριομέ-

2365 1501 2478 1538 νου
2503 1482 2570 1537 τὸ
2601 1485 2918 1553 πρότερον,
2949 1484 3050 1538 καί
3079 1483 3609 1554 ἀναγορευομένου
3644 1480 3706 1535 τὸ
3733 1481 3836 1537 δεύ-

2362 1591 2538 1644 tepor
2569 1575 2703 1647 (58).
2742 1593 2762 1629 ι

2375 1683 2617 1756 Ὁμοίως
2651 1685 2746 1740 καὶ
2785 1685 2878 1740 τὸν
2912 1684 3089 1757 μέγαν
3117 1685 3284 1740 Δαϐὶδ
3326 1685 3421 1739 τὸν
3470 1684 3747 1756 προφήτην
3767 1683 3842 1736 καὶ

583 1786 769 1848 .atque
803 1792 1009 1848 regem,
1035 1785 1270 1848 augusto
1301 1776 1610 1846 spiritualis
1635 1791 1832 1832 sensus
1869 1791 1935 1830 ac
1965 1775 2184 1847 mystici

2293 1773 2521 1846 βασιλέα
2542 1814 2558 1840 ,
2587 1775 2930 1847 πολύσεμνον
2971 1775 3168 1846 ἔχοντα
3199 1775 3292 1829 τὸν
3329 1775 3420 1829 ἐπ’
3457 1774 3610 1845 αὐτῷ
3641 1773 3730 1842 τῆς
3765 1775 3843 1827 ἀν-

599 1869 822 1924 nomine
871 1881 1151 1933 ornatum,
1202 1883 1313 1939 quo
1364 1883 1492 1922 eum
1523 1867 1578 1922 in
1610 1867 1866 1938 praesenti
1901 1868 2024 1924 loco
2073 1883 2188 1923 ma-

601 1961 772 2032 gister
804 1959 1210 2030 contemplatus
1257 1967 1362 2026 est,
1388 1975 1490 2014 nos
1554 1975 1774 2030 quoque
1823 1959 2179 2030 accipiamus.

598 2051 774 2108 David
807 2051 975 2123 igitur
999 2050 1390 2106 intellectualis
1417 2059 1504 2106 est
1520 2067 1686 2108 verus
1718 2066 1813 2106 rex
1854 2051 2072 2107 lsraelis
2126 2060 2185 2107 et

589 2145 776 2200 .Deum
801 2143 1044 2198 videntis
1061 2143 1226 2199 Jesus
1269 2141 1544 2208 Christus,
1590 2158 1694 2214 pro
1732 2141 1922 2213 priore
1958 2142 2184 2214 quidem

602 2252 706 2292 suo
736 2235 980 2292 adventu
1002 2235 1371 2290 humanitatis
1413 2235 1675 2306 opinione
1729 2245 1954 2302 unctus,
1991 2246 2054 2292 ut
2079 2237 2183 2291 do-

602 2338 725 2387 ctor
753 2329 889 2384 alibi
909 2329 1008 2395 ait,
1032 2329 1440 2384 humanitatem
1482 2343 1699 2400 ungens
1729 2327 1963 2393 deitate,
1996 2339 2053 2384 et
2101 2328 2181 2384 fa—

601 2423 758 2480 ciens
778 2420 931 2493 quod
989 2427 1334 2490 unguentum
1367 2438 1380 2474 :
1431 2434 1533 2490 pro
1560 2420 1739 2474 altero
1783 2435 1919 2475 vero
1946 2427 2002 2475 et
2041 2435 2184 2490 pra:-

600 2514 756 2570 claro
791 2513 1059 2578 adventu,
1106 2523 1170 2568 ut
1196 2515 1344 2569 Deus
1369 2525 1426 2568 et
1469 2513 1738 2568 Dominus
1778 2521 1946 2582 atque
2001 2512 2184 2568 omnis

585 2605 940 2663 .conditionis
957 2621 1056 2662 rex
1075 2615 1132 2662 et
1155 2607 1432 2664 exsistcns
1455 2615 1512 2663 et
1543 2607 1876 2677 appellatus.

593 2955 668 3012 in
701 2961 1020 3026 prasentem
1047 2969 1345 3010 sermonem
1376 2965 1500 3010 sunt
1533 2957 1626 3026 qui
1657 2964 1904 3025 qua’runt
1931 2955 2183 3011 dicentes:

2292 1867 2521 1938 αγωγῆς
2563 1865 2746 1937 λόγον,
2797 1867 2924 1922 καθ’
2957 1866 3016 1921 ὃν
3051 1867 3144 1921 ἐπὶ
3192 1865 3287 1922 τοῦ
3337 1867 3616 1937 παρόντος
3660 1865 3843 1918 αὐτὸνὸ

2290 1959 2613 2026 διδάσκαλος
2640 1959 2940 2032 ἐθεώρησε,
2970 1964 3068 2016 καὶ
3109 1961 3273 2030 ἡμεῖς
3306 1958 3678 2028 ὲκδεξώμεοα.
3710 1949 3844 2012 dum

2289 2049 2472 2104 τοίνυν
2505 2033 2846 2120 ἐστι’νοητδς
2878 2051 2907 2104 ό
2938 2049 3195 2120 ἀληθινὸς
3225 2049 3490 2120 βασιλεὺς
3520 2048 3611 2102 τοῦ
3653 2048 3836 2120 Ἰσραὴλ

2289 2139 2388 2192 καὶ
2435 2139 2670 2212 ὁρῶντος
2708 2141 2841 2195 Θεὸν
2884 2140 3098 2213 Ἰησοῦς
3138 2141 3376 2212 Χριστὸς
3399 2183 3415 2207 ,
3445 2140 3594 2194 κατὰ
3641 2139 3734 2211 μὲν
3767 2141 3842 2210 τὴν

2281 2229 2508 2302 πρώτην
2535 2231 2703 2286 αὐτοῦ
2728 2232 3069 2303 παρουσίαν,
3107 2234 3176 2302 τῇ
3209 2231 3432 2302 ἐπινοίᾳ
3453 2232 3560 2301 τῆς
3596 2231 3842 2300 ἀνθρωπό-

2279 2338 2442 2393 τητος
2491 2322 2808 2394 χριόμενος,
2845 2323 3034 2395 ὥσπερ
3075 2323 3313 2394 ἀλλαχοῦ
3382 2324 3603 2394 φησινό
3630 2322 3844 2376 διδάσκα-

2281 2411 2408 2476 λος,
2469 2415 2667 2485 χρίσας
2718 2415 2819 2486 τὴν
2877 2415 3277 2486 ἀνθρωπότητα
3334 2418 3404 2486 τῇ
3471 2415 3706 2485 θεότητι,
3769 2414 3842 2468 καὶ

2280 2501 2516 2570 ποιήσας
2543 2503 2680 2575 ὅπερ
2707 2503 2769 2557 τὸ
2795 2504 3011 2574 χρίσαν·
3043 2505 3185 2558 κατὰ
3221 2505 3277 2558 δὲ
3299 2504 3401 2576 τὴν
3427 2504 3690 2576 δευτέραν
3709 2503 3842 2558 αὐτοῦ

2282 2593 2378 2646 uel
2407 2592 2614 2658 ἔνδοξον
2669 2595 3011 2663 ἐπιφάνειαν,
3067 2595 3142 2660 ὡς
3203 2595 3336 2658 Θεὸς
3391 2595 3490 2650 καὶ
3549 2595 3744 2666 Κύριος
3769 2592 3841 2648 καὶ

2283 2684 2464 2756 πάσης
2517 2687 2744 2750 κτίσεως
2791 2687 3066 2758 βασιλεὺς,
3125 2689 3222 2742 καὶ
3275 2688 3543 2760 ὑπάρχων
3590 2689 3682 2744 καὶ
3738 2689 3840 2744 tivu-

2285 2777 2645 2850 γορευόμενος
2673 2779 2809 2851 (59).

2210 2893 2281 2906 ﬁ

2294 2960 2398 3024 Είς
2428 2957 2534 3012 τὸν
2555 2959 2824 3026 παρόντα
2851 2960 3040 3030 λόγον
3063 2959 3227 3025 τινὲς
3265 2957 3573 3028 ἀποροῦσι
3607 2956 3837 3027 φάσκον-

678 3067 697 3100 ι
724 3045 865 3112 Quid
886 3047 1103 3102 tandem
1131 3047 1308 3102 dicens
1335 3049 1589 3119 magister
1625 3047 2026 3102 resurrectionis
2046 3048 2184 3104 diem

2363 3064 2482 3116 τες,
2506 3045 2608 3102 «Τί
2627 3049 2852 3118 δήποτε
2875 3049 3078 3120 φήσας
3121 3053 3154 3105 d
3191 3049 3572 3115 διδάσκαλος
3600 3050 3836 3118 ὑπερϐαί-

671 3151 933 3208 superare
953 3150 1134 3190 omnes
1153 3151 1312 3206 super
1333 3143 1539 3189 terram
1595 3135 1929 3204 festivitates,
1961 3151 2066 3189 non
2093 3151 2182 3191 so-

675 3227 786 3281 lum
803 3227 1068 3282 humanas
1089 3235 1138 3280 et
1171 3227 1228 3280 in
1258 3235 1404 3280 terra
1443 3226 1672 3296 futuras,
1698 3225 1790 3280 sed
1817 3227 1932 3293 iam
1949 3225 2032 3280 vel
2068 3243 2185 3298 qua:

673 3318 839 3389 ipsius
884 3317 1081 3372 Christi
1137 3321 1246 3372 sint
1277 3327 1326 3372 et
1361 3319 1417 3371 in
1472 3316 1678 3374 Christo
1731 3329 2180 3386 consummentur,

672 3405 840 3460 veluti
874 3421 986 3461 sua:
1025 3407 1192 3477 ipsius
1246 3406 1440 3460 oblitus
1491 3407 1789 3472 sententia,
1831 3410 2185 3463 encazniorum

675 3498 815 3552 diem
844 3499 964 3554 huic
997 3500 1283 3570 prwponit,
1317 3499 1527 3554 dicens:
1577 3496 1842 3554 «Sublimi
1886 3500 2182 3564 sublimior,

673 3609 722 3653 et
751 3597 1061 3653 admirabili
1089 3597 1478 3664 admirabilior,
1500 3616 1518 3649 ι
1549 3597 1682 3652 adeo
1714 3605 1772 3651 ut
1792 3597 1915 3652 hinc
1950 3599 2048 3653 sibi
2084 3599 2184 3669 ipsi

673 3689 966 3746 adversarii
997 3690 1250 3762 magister
1273 3686 1441 3744 videri
1462 3691 1650 3760 possit.
1673 3715 1692 3742 υ

673 3974 760 4029 Μ
806 3974 928 4030 haec
969 3973 1270 4030 dicendum
1323 3983 1430 4038 est,
1477 3974 1626 4044 quod
1673 3974 1791 4046 ipse
1825 3974 2088 4045 magister
2127 3975 2184 4030 in

605 4064 805 4121 eodem
835 4080 1094 4121 sermone
1123 4065 1437 4136 interiectis
1456 4066 1788 4135 quibusdam
1813 4065 1950 4120 dicit
1983 4084 1997 4120 :
2026 4066 2186 4122 «Non

604 4157 728 4212 vult
755 4171 942 4211 sermo
971 4163 1032 4209 ut
1061 4156 1118 4210 in
1143 4155 1339 4210 eodem
1373 4171 1594 4226 semper
1621 4164 1767 4211 statu
1810 4173 2059 4223 maneas,
2086 4157 2184 4213 sed

605 4257 670 4304 ut
717 4253 989 4318 perpetuo
1024 4263 1089 4302 ac
1120 4247 1388 4302 laudabili
1446 4255 1602 4302 motu
1647 4248 1894 4318 agiteris,
1931 4263 1996 4304 ac
2039 4264 2185 4305 nova

603 4354 834 4412 prorsus
889 4348 1146 4394 creatura
1213 4337 1354 4393 sis.»
1417 4337 1488 4394 Ut
1549 4339 1722 4410 igitur
1767 4337 2091 4396 innovatum
2122 4357 2182 4396 se

602 4430 726 4502 ipso
751 4427 1136 4487 sublimiorem
1165 4438 1334 4499 atque
1359 4429 1459 4485 Dei
1499 4431 1674 4502 magis
1719 4431 1960 4486 similem
1992 4430 2180 4502 prole—

603 4521 790 4578 ctibus
821 4522 889 4577 ad
917 4523 1182 4578 virtutem
1225 4530 1590 4593 expurgatum
1634 4521 1754 4580 ﬁeri
1786 4524 2184 4580 animadverti-

602 4627 750 4677 mus,
787 4613 866 4668 sic
885 4613 999 4685 jam
1021 4627 1244 4668 omnem
1273 4627 1496 4682 quoque
1526 4628 1917 4685 quamcunque
1967 4615 2182 4687 cogita-

495 4763 504 4772 .
599 4717 730 4756 mus
793 4701 918 4758 festi
983 4702 1130 4758 diem
1179 4703 1237 4756 in
1289 4703 1456 4758 nobis
1498 4719 1564 4758 ac
1607 4719 1709 4774 per
1748 4720 1853 4760 nos
1881 4707 2182 4776 semetipsa

603 4793 986 4848 sublimiorem
1007 4793 1127 4848 fieri
1141 4793 1371 4849 credere
1389 4793 1680 4860 debemus,
1703 4811 1830 4850 eum
1855 4798 2179 4868 mysterium

602 4885 756 4956 quod
790 4901 890 4956 per
913 4901 1035 4940 eam
1062 4885 1410 4957 signiﬁcatur
1442 4887 1726 4957 propriam
1755 4875 1919 4942 suam.
1938 4889 1993 4943 in
2023 4889 2185 4945 nobis

602 4977 870 5032 virtutem
903 4977 971 5032 ad
999 4977 1401 5048 perfectionem
1438 4987 1582 5048 agat.
1615 4979 1784 5034 Recte
1809 4979 1982 5050 igitur
2004 4981 2183 5036 subli-

601 5067 675 5123 mi
703 5067 1086 5122 sublimiorem
1121 5081 1325 5122 novam
1349 5067 1614 5136 magister
1647 5067 1788 5122 dixit
1815 5069 2181 5135 Dominicam,

599 5158 868 5230 quoniam
893 5158 1090 5213 eadem
1148 5172 1372 5228 semper
1413 5157 1708 5214 nobiscum
1752 5174 1863 5214 una
1904 5161 2183 5216 exaltetur

611 5263 785 5319 seque
829 5248 1004 5318 ipsam
1047 5247 1517 5318 transgrediatur.
1554 5247 1769 5319 Quippe
1807 5253 2181 5307 resurrectio-

600 5339 710 5403 nis,
749 5337 804 5392 id
825 5347 911 5392 est
938 5336 1139 5406 prima,
1169 5336 1460 5392 Dominica
1483 5337 1699 5393 occulte
1728 5337 1830 5409 per
1865 5354 2028 5394 suum
2063 5355 2182 5414 my-

672 5464 702 5493 τ
733 5453 776 5508 ll
814 5452 948 5524 Reg.
983 5469 1043 5516 η,
1069 5455 1130 5510 4.

670 5568 782 5642 (58)
814 5569 964 5624 idem
989 5569 1140 5634 ibid.,
1166 5582 1288 5638 cap.
1317 5565 1373 5631 2,
1405 5583 1458 5638 p.
1490 5568 1614 5636 856,
1642 5577 1777 5624 tom.
1804 5569 1828 5624 Ι
1873 5567 2011 5642 Opp.
2037 5571 2174 5627 edit.

597 5638 971 5784 Βεδξλῐῖϐτθε.
999 5709 1136 5784 μοι.
1171 5706 1486 5784 Ον.“ΤΙιεοί.
1542 5725 1614 5784 iv,
1663 5709 1727 5764 de
1753 5707 1906 5778 Filio,
1950 5726 2072 5784 cap.
2116 5713 2170 5779 5,

596 5791 655 5850 p.
682 5777 812 5842 5H,
837 5777 969 5835 tom.
999 5780 1020 5834 ι
1047 5777 1184 5850 Opp.
1218 5778 1350 5836 edit.
1379 5779 1584 5838 Bcned.

2356 3156 2488 3194 νειν
2524 3139 2642 3209 τὴν
2670 3140 3093 3212 ἁναστάσιμον
3125 3140 3355 3210 ἡμέραν
3395 3139 3608 3206 πάσας
3636 3141 3732 3205 τὰς
3761 3138 3834 3191 ἐπὶ

2357 3229 2471 3300 τῆς
2495 3230 2595 3299 sep
2603 3230 2726 3297 τὰς,
2747 3233 2820 3286 οὐ
2836 3231 2944 3298 τὰς
2961 3230 3342 3302 ἀνθρωπικὰς
3351 3231 3557 3299 μόνον
3571 3231 3664 3283 καὶ
3689 3228 3835 3298 χαμαί

2355 3320 2704 3391 ἐρχομένης,
2730 3321 2869 3376 ἀλλ’
2899 3321 3015 3390 ἤδη
3045 3321 3143 3376 καὶ
3181 3321 3289 3388 τὰς
3333 3321 3532 3376 αὐτοῦ
3581 3319 3686 3374 τοῦ
3729 3321 3834 3388 Χρι-

2355 3413 2506 3467 στοῦ
2537 3413 2636 3467 καί
2665 3413 2759 3468 ἐπ’
2789 3413 2952 3479 αὐτῷ
2975 3413 3378 3484 τελουμένας,
3405 3412 3620 3482 ὥσπερ
3665 3413 3834 3468 ἐπιλα-

2357 3505 2608 3574 θόμενος
2663 3503 2775 3574 τῆς
2821 3505 2976 3572 ιδίας
3009 3505 3396 3576 ἀποφάσεως,
3450 3505 3576 3574 τὴν
3613 3505 3724 3558 τῶν
3765 3503 3835 3573 ἐν·

2357 3599 2610 3652 καινίων
2663 3597 2896 3668 ἡμέραν
2930 3599 3158 3664 ταύτης
3205 3599 3612 3666 ὐπερτίθησιν
3663 3593 3832 3650 εἰπών.

2334 3761 2338 3764 ,
2365 3709 2384 3742 ι
2437 3689 2714 3759 ὙΨηλῆς
2742 3689 3090 3759 ὑψηλοτέρα
3111 3730 3126 3755 ,
3153 3689 3251 3743 καὶ
3275 3690 3623 3758 θαυμασίας
3647 3691 3832 3756 θαυμα-

2348 3783 2622 3849 σιωτέρα,
2647 3781 2728 3847 ὡς
2761 3781 2832 3834 ἐκ
2863 3779 3084 3834 τούτου
3117 3778 3491 3848 νομισθῆναι
3527 3778 3710 3858 ἐαυτῷ
3753 3793 3832 3830 πε-

2351 3873 2662 3942 ριπίπτειν
2685 3871 2790 3925 τὸν
2812 3870 3191 3926 διδάσκαλον
3218 3871 3354 3944 (60).
3377 3895 3397 3930 ι

2357 3985 2502 4056 Πρὸς
2523 3985 2696 4038 ταῦτα
2720 3983 2965 4049 λεκτέον,
2991 3984 3066 4048 ὡς
3087 3983 3252 4048 αὐτὸς
3280 3987 3308 4038 ό
3337 3985 3663 4050 διδάσκαλος
3689 3987 3741 4039 ἐν
3775 3982 3834 4051 τῷ

2287 4074 2436 4146 αὐτῷ
2459 4074 2602 4146 λόγῳ
2627 4072 2812 4146 (25EI
2837 4073 2892 4144 a)
2932 4074 3072 4146 μετά
3100 4074 3225 4128 τινά
3275 4092 3466 4144 φησιν·
3510 4095 3530 4128 ι
3560 4077 3634 4130 Οὐ
3679 4075 3832 4146 βούλε-

2285 4166 2375 4220 ταί
2408 4183 2466 4219 σε
2523 4167 2551 4218 ό
2606 4165 2765 4234 λόγος
2816 4165 2950 4218 ποτε
2999 4165 3056 4218 ὲν
3102 4165 3179 4236 τῷ
3219 4166 3369 4236 αὐτῷ
3407 4167 3618 4236 μένειν,
3636 4167 3739 4218 ἀλλ’
3764 4163 3832 4217 ἀεὶ

2289 4257 2509 4328 κινητὸν
2541 4253 2704 4322 εἶναι,
2739 4255 3050 4329 εὐκίνητον,
3077 4257 3296 4321 πάντως
3321 4259 3637 4313 νεόκτιστον
3668 4257 3782 4326 (6i).
3811 4271 3828 4306 ι

2289 4347 2500 4420 Ὥσπερ
2527 4344 2626 4402 οὖν
2666 4347 2758 4400 τὸν
2799 4347 3251 4417 ὲγκαινιςόμενον
3293 4347 3632 4420 ὑψηλότερον
3669 4343 3831 4426 ἑαυτοῦ

2285 4439 2535 4508 γίνεσθαι
2569 4437 2664 4492 καὶ
2694 4435 3092 4507 θεοειδέστερον
3123 4439 3245 4498 ταῖς
3274 4437 3356 4502 είς
3399 4440 3605 4510 ἀρετὴν
3655 4453 3826 4508 προκο-

2289 4529 2419 4592 παῖς
2467 4527 2900 4598 φαιδρυνόμενον
2954 4526 3330 4599 γινώσκομεν,
3365 4527 3512 4583 οὕτω
3549 4528 3613 4600 δὴ
3643 4529 3728 4581 καὶ
3749 4527 3832 4578 πᾶ-

2290 4635 2392 4674 σαν
2418 4618 2486 4671 δι’
2521 4618 2670 4688 ἡμᾶς
2711 4615 3094 4686 ὲπινοηθεῖσαν
3149 4617 3350 4688 ἑορτῆς
3391 4619 3610 4689 ἡμέραν
3651 4619 3705 4670 ὲν
3729 4617 3834 4684 ἡμῖν

2288 4707 2382 4760 καὶ
2411 4706 2480 4759 δι’
2514 4705 2672 4778 ἡμῶν
2700 4705 2902 4776 ἑαυτῆς
2929 4705 3272 4778 ὑψηλοτέραν
3316 4705 3566 4776 τίνεσθαι
3594 4702 3832 4760 πιστεύειν

2289 4801 2437 4870 ἡμᾶς
2482 4797 2611 4870 χρὴ,
2643 4797 2738 4852 τοῦ
2789 4799 2858 4852 δι’
2885 4795 3058 4868 αὐτῆς
3105 4799 3510 4870 σημαινομένου
3569 4795 3830 4868 μυστηρίου

2283 4891 2384 4961 τὴν
2409 4890 2618 4944 οἰκείαν
2639 4889 2872 4960 δύναμιν
2897 4891 2956 4943 ὲν
2989 4891 3122 4962 ἡμῖν
3146 4890 3286 4960 πρὸς
3316 4891 3601 4944 τελείωσιν
3619 4890 3828 4958 ἄγοντοςο

2287 4983 2528 5044 Είκότως
2563 4977 2657 5034 οὖν
2695 4979 2908 5050 ὑψηλῆς
2935 4980 3282 5054 ὑψηλοτέραν
3309 4983 3407 5052 τὴν
3442 4983 3635 5051 καινὴν
3659 4983 3685 5034 ό
3713 4977 3829 5031 διδά-

2285 5073 2481 5136 σκαλος
2511 5071 2616 5142 ἔφη
2652 5071 2958 5144 Κυριακὴν,
2995 5071 3070 5135 ὡς
3097 5073 3184 5125 ἀεὶ
3211 5073 3310 5142 τῆς
3356 5073 3533 5143 αὐτῆς
3561 5075 3684 5142 ἡμῖν
3725 5084 3827 5120 συν-

2285 5165 2624 5236 υψουμένης,
2655 5165 2754 5218 καὶ
2817 5164 3019 5235 ἑαυτὴν
3068 5164 3516 5236 ὑπερϐαινούσης
3545 5180 3559 5196 ·
3617 5158 3698 5218 οἷα
3743 5159 3822 5226 τῆς

2283 5254 2660 5320 ἀναστάσεως,
2691 5254 2838 5324 λέγω
2867 5254 2925 5308 δὲ
2964 5254 3068 5325 τῆς
3118 5253 3346 5329 πρώτης
3389 5257 3690 5328 Κυριακῆς,
3720 5267 3823 5322 κρυι

2284 5345 2425 5414 φίως
2457 5343 2546 5398 διὰ
2569 5345 2664 5399 τοῦ
2693 5347 2814 5400 κατ’
2837 5345 3010 5418 αὐτὴν
3043 5348 3348 5420 μυστηρίου
3378 5349 3562 5418 πάσης
3591 5343 3820 5418 προσὺλον

2359 5575 2472 5651 (.69.)
2500 5577 2665 5651 Gres-
2697 5581 2858 5651 ,Naz.
2901 5579 2995 5651 0r.
3024 5582 3080 5635 in
3105 5581 3235 5637 Nov.
3275 5581 3622 5647 Dominicam,
3651 5590 3753 5645 cap.
3774 5572 3816 5632 5.

2281 5659 2335 5714 p.
2365 5645 2663 5721 _8_.’_»8,_t_oni.
2695 5650 2716 5704 1
2743 5650 2881 5721 Opp.
2916 5650 3056 5708 edit.
3087 5651 3289 5706 Bened.

2277 5711 2466 5841 59%|}
2495 5718 2645 5774 ldem
2674 5711 2974 5827 ibid:,'cap.
3004 5721 3056 5786 8,
3088 5737 3143 5792 p.
3171 5723 3298 5787 840,
3333 5735 3466 5781 tom.
3520 5721 3542 5778 l
3584 5717 3708 5790 Opp.
3741 5711 3795 5766 ed
