4052 6360
207 417 339 483 1339

1453 405 1973 469 AMBIGUORUM
2011 410 2261 471 LIBER.

3314 420 3451 485 1390

203 532 359 604 μόνον
410 526 713 598 φαντασίας
774 525 1088 582 παντάπασι
1143 520 1559 593 καθαρεύουσαν
1624 523 1759 590 ζωὴκ.

1874 522 2109 578 sterium
2141 523 2225 579 eis
2248 523 2345 593 qui
2389 523 2495 579 hoc
2526 525 2899 594 spiritualiter
2941 530 3231 586 celebrant
3279 534 3453 590 vitam

199 621 540 695 δωρουμένης
568 622 681 683 τοῖς
721 618 867 673 οὕτω
909 618 970 673 τὺ
1013 618 1135 672 κατ’
1168 615 1339 686 αὐτὴν
1385 613 1772 684 πνευματικῶς

198 714 500 769 ἐπιτελοῦσι
532 713 857 784 μυστήριον,
886 712 987 783 τῆς
1021 710 1080 764 δὲ
1121 708 1250 771 νέας
1298 706 1585 777 Κυριακῆς
1634 703 1771 774 πρὸς

198 803 403 866 τούτοις
430 803 526 857 καὶ
550 803 734 874 πάσης
756 802 956 864 αὐτοὺς
983 805 1042 855 ἐν
1072 797 1336 871 μετουσίᾳ
1373 796 1635 866 ποιούσης
1664 796 1788 884 τῆς.
1809 805 1821 811 “

197 889 328 964 ὧνή
380 900 486 965 πρὸ
531 896 701 965 αὐτῆς
738 894 1025 965 ἀπήρξατο
1066 892 1228 947 θείων
1267 889 1491 958 ἀγαθῶν
1529 886 1768 942 ἀπολαύ-
1798 893 1806 905 “

200 1002 351 1049 σεως.

525 1171 706 1227 Ἀλλο
750 1170 1020 1241 θεώρημα
1042 1172 1130 1236 εὶς
1168 1169 1234 1224 τὸ
1264 1167 1432 1224 αὐτό.

267 1284 330 1339 El
363 1284 421 1339 δέ
454 1300 532 1354 τῳ
555 1285 604 1315 ⁵⁸
639 1284 833 1338 πιστὸν
862 1279 1004 1337 εἶναι
1026 1282 1258 1337 δοκεῖτὸ
1290 1273 1767 1350 λεγόμενον,μφασ”ι

194 1374 290 1442 τὴν
324 1374 423 1444 μὲν
450 1372 674 1444 πρώτην
705 1372 992 1443 Κυριακὴν
1018 1372 1189 1424 τύπον
1212 1368 1353 1424 εἶναι
1374 1372 1473 1439 τῆς
1499 1366 1641 1422 κατά
1665 1364 1767 1434 τὴν

198 1465 520 1536 προαίρεσιν
547 1466 630 1527 είς
658 1465 862 1535 ἀρετὴν
892 1464 1265 1524 ἀναστάσεως,
1294 1461 1395 1532 τὴν
1421 1461 1477 1514 δὲ
1505 1459 1766 1527 δευτέραν

193 1555 292 1625 τῆς
352 1557 495 1610 κατά
551 1559 874 1628 προαίρεσιν
925 1554 1092 1620 ἕξεως
1130 1556 1212 1618 εἰς
1237 1553 1441 1622 γνῶσιν
1490 1551 1767 1617 τελειότη-

190 1660 297 1711 τος.

539 1835 721 1888 Ἀλλο
747 1834 1015 1902 θεώρημα
1049 1832 1132 1899 είς
1158 1832 1223 1886 τὸ
1248 1831 1414 1885 αὐτό.

255 1944 363 1998 Καὶ
392 1938 553 2008 αὖθις
579 1938 677 2015 τὴν
705 1944 804 2014 μὲν
829 1942 1054 2013 πρώτην
1078 1941 1363 2011 Κυριακὴν
1406 1941 1504 2009 τῆς
1537 1934 1763 2008 μελλού-

190 2049 286 2105 σης
318 2037 557 2106 φυσικῆς
587 2035 935 2099 ἀναστάσεως
966 2035 1059 2086 καὶ
1092 2030 1405 2108 ἀφθαρσίας
1433 2025 1575 2082 εἶναι
1618 2029 1761 2099 σύμ-

1857 615 2058 669 -so|um
2076 615 2147 670 ab
2179 616 2330 669 omni
2354 614 2504 686 quod
2529 619 2778 676 materiae
2832 621 3078 679 adhaeret
3121 626 3369 683 ludibrio
3401 640 3458 685 et

1874 706 2124 762 vanitate
2178 707 2414 762 liberam
2452 707 2648 774 donat,
2709 726 2853 766 nova
2883 729 3016 768 vero
3048 716 3336 773 Dominica
3371 721 3459 774 in-

1873 810 2044 867 super
2089 799 2412 854 divinorum
2463 800 2741 856 bonorum
2772 806 2937 874 plene
2972 805 3335 865 lrucndorum
3358 827 3457 867 eos

1874 886 1932 941 in
1965 891 2309 946 consortium
2367 892 2619 959 deducit,
2675 910 2917 964 quorum
2961 898 3233 954 bonorum
3263 902 3457 970 primi-

1875 981 1979 1036 tias
2004 982 2094 1037 illa
2126 983 2281 1052 prior
2313 985 2611 1041 obtulerat.

1801 1099 1861 1110 α..

2259 1159 2383 1215 Alia
2410 1162 2466 1214 in
2508 1162 2648 1216 idem
2673 1166 3070 1237 contemplatio.

1945 1270 2056 1327 Sed
2106 1269 2153 1328 si
2209 1273 2300 1328 cui
2332 1272 2439 1329 ﬁda
2482 1274 2710 1331 videtur
2755 1278 3164 1348 interpretatio;
3220 1287 3455 1355 primam

1873 1362 2222 1419 Dominicam
2268 1365 2466 1422 dicunt
2503 1367 2799 1437 imaginem
2835 1386 2958 1426 esse
3012 1374 3342 1433 voluntariae
3397 1381 3454 1434 in

1874 1456 2137 1512 virtutem
2190 1459 2641 1523 resurrectionis,
2696 1462 2924 1516 alteram
2968 1480 3101 1519 vero
3156 1470 3454 1525 voluntarii

1874 1547 2096 1603 habitus
2119 1548 2174 1603 in
2206 1549 2578 1619 cognitionem
2604 1556 2997 1609 consummati.

1796 1758 1859 1769 ...ι-1

2251 1824 2369 1880 Alia
2399 1827 2452 1880 in
2486 1826 2625 1879 idem
2666 1830 3063 1900 contemplatio.

1938 1938 2118 2008 Atque
2142 1954 2335 1994 rursus
2359 1940 2596 2008 primam
2629 1941 2975 1998 Dominicam
3008 1948 3283 2003 naturalis
3327 1965 3451 2019 quzr.

1860 2016 2055 2084 futura
2090 2039 2176 2085 est
2196 2031 2623 2087 resurrectionis
2658 2042 2715 2088 et
2746 2034 3301 2107 incorruptibilitatis
3325 2016 3450 2096 esse

188 2128 359 2188 ϐολον,
395 2127 496 2199 τὴν
552 2126 609 2179 δὲ
659 2126 919 2198 δευτέραν
962 2127 1059 2194 τῆς
1094 2125 1234 2177 κατά
1265 2126 1425 2194 χάριν
1462 2121 1759 2193 μελλούσης

1865 2118 2176 2190 symbolum
2232 2119 2448 2185 volunt,
2499 2121 2727 2175 alteram
2777 2140 2910 2179 vero
2966 2125 3111 2181 l‘erre
3155 2128 3451 2200 imaginem

185 2218 433 2281 θεώσεως
508 2218 698 2296 φέρειν
751 2219 953 2273 εἰκόνα.
988 2218 1049 2270 Εἰ
1081 2218 1263 2269 τοίνυν
1310 2216 1408 2285 τῆς
1451 2215 1550 2284 μὲν
1601 2214 1759 2267 καθα·

1870 2208 2239 2264 dciﬁcationis
2284 2225 2411 2279 quae
2457 2212 2763 2267 secundum
2811 2215 3045 2285 gratiam
3093 2218 3284 2275 futura
3340 2232 3447 2278 cst.

187 2310 450 2379 ρευούσης
485 2309 672 2362 κακῶν
702 2309 868 2374 ἕξεως
896 2311 928 2378 ἠ
962 2307 1072 2360 τῶν
1095 2306 1313 2376 ἀγαθῶν
1333 2306 1628 2369 ἀπόλαυσίς
1653 2309 1759 2359 ἐστι

1865 2299 2023 2368 Quod
2055 2301 2099 2355 si
2125 2300 2318 2354 habitu
2345 2317 2375 2355 a
2426 2303 2587 2358 malis
2638 2316 2874 2376 purgato
2905 2317 3128 2377 praestat
3172 2311 3448 2369 bonorum

184 2400 504 2471 τιμιωτέρα,
538 2400 639 2469 τῆς
677 2401 733 2453 δὲ
774 2401 894 2452 κατ’
925 2400 1127 2470 ἀρετὴν
1157 2399 1346 2466 ὑγιοῦς
1383 2397 1755 2470 προαιρέσεως

183 2491 291 2555 ἕξις
322 2493 420 2557 τῆς
451 2490 598 2544 κοιτά
624 2492 722 2561 τὴν
752 2492 925 2560 ἀληθῆ
946 2491 1147 2559 γνῶσιν
1169 2492 1525 2561 τελειᾲτητος,
1550 2490 1642 2543 καὶ
1664 2488 1760 2558 τῆς

185 2585 413 2654 φυσικῆς
437 2584 756 2655 ἀφθαρσίας
789 2585 821 2652 ἡ
848 2585 906 2635 ἐν
934 2584 1115 2653 χάριτι
1145 2582 1283 2653 πρὸς
1314 2583 1403 2633 τὸν
1442 2581 1576 2633 Θεὸν
1611 2578 1756 2633 κατὰ

182 2674 274 2744 τὴν
297 2674 494 2729 θέωσιν
537 2675 920 2745 μεταποίησις,
952 2667 1027 2725 ὧν
1064 2674 1095 2742 ή
1126 2673 1224 2743 μὲν
1265 2670 1449 2742 πρώτη
1498 2668 1756 2742 Κυριακὴ

184 2768 330 2836 φέρει
366 2767 564 2829 τύπον,
594 2764 778 2837 (254
804 2766 854 2834 b)
887 2769 919 2836 ἡ
953 2764 1010 2818 δὲ
1032 2764 1267 2832 δευτέρα
1317 2764 1575 2833 τυγχάνει
1614 2759 1756 2830 σύμ-

183 2857 350 2923 ϐολον,
392 2857 623 2919 εἰκότως
668 2857 879 2926 ὑψηλῆς
911 2856 1251 2926 ὑψηλοτέραν
1290 2856 1558 2925 ἀγόμενος
1596 2852 1759 2906 πνεύ-

182 2966 329 3018 ματι,
359 2950 458 3021 τὴν
484 2948 680 3018 καινὴν
705 2952 733 3002 ὁ
763 2947 1081 3010 διδάσκαλος
1111 2947 1212 3018 ἔφη
1248 2946 1558 3017 Κυριακήν.

1861 2392 2078 2455 fruitio,
2101 2407 2235 2447 sana
2261 2401 2448 2448 autem
2490 2410 2591 2464 per
2618 2395 2878 2451 virtutem
2909 2400 3195 2473 voluntate
3224 2415 3451 2473 prazstat

1862 2480 2086 2536 habitus
2106 2482 2367 2552 perfectae
2390 2499 2490 2553 per
2527 2485 2822 2541 veritatem
2850 2490 3207 2559 cognitionis,
3260 2510 3326 2549 ac
3351 2508 3449 2549 na-

1862 2573 2027 2627 turali
2109 2574 2645 2646 incorruptibilitate
2703 2588 2924 2648 praestat
2978 2587 3327 2654 regeneratio
3389 2589 3444 2642 in

1858 2664 2036 2735 gratia
2057 2665 2124 2721 ad
2151 2666 2323 2721 Deum
2350 2683 2474 2738 quae
2498 2669 2560 2724 lit
2588 2686 2689 2740 per
2738 2671 3173 2742 deilicationem,
3203 2695 3442 2749 quarum

1858 2754 2011 2825 prior
2066 2756 2353 2812 Dominica
2408 2758 2513 2812 fert
2563 2759 2881 2831 imaginem,
2945 2765 3119 2820 altera
3173 2783 3308 2823 vero
3359 2779 3447 2826 est

1859 2847 2193 2919 symbolum,
2228 2857 2379 2904 recte
2402 2850 2622 2905 sublimi
2674 2851 3055 2909 sublimiorem
3101 2857 3302 2927 Spiritu
3323 2860 3443 2930 agi-

1861 2951 2009 2998 tatus
2038 2943 2236 2999 doctor
2272 2959 2473 3000 novam
2498 2946 2637 3001 dixit
2668 2946 3031 3004 Dominicam.

190 3129 286 3185 Ἕκ
316 3130 419 3186 τοῦ
446 3130 644 3189 αὐτοῦ
665 3132 874 3201 λόγου,
903 3132 990 3196 εὶς
1032 3133 1130 3185 τό*
1166 3149 1183 3182 ι
1217 3131 1387 3185 Μισῶ
1413 3130 1507 3185 καὶ
1540 3131 1653 3198 τὴν
1682 3129 1755 3183 δι’

1861 3128 1947 3183 Ea:
1968 3130 2147 3184 cadent
2188 3147 2434 3184 sermone
2474 3132 2529 3183 in
2582 3130 2753 3183 illud:
2789 3150 2806 3180 ι
2836 3130 2973 3186 Eam
3035 3150 3241 3204 quoque
3279 3135 3441 3205 fami-

580 3222 760 3291 ἀέρος
778 3219 1113 3288 συνήθειαν
1141 3222 1275 3291 (6‘2).
1308 3240 1326 3272 ι

243 3416 380 3490 Πρὸς
409 3420 706 3487 γυναῖκας,
738 3417 836 3471 καὶ
869 3417 1105 3488 μάλιστα
1140 3418 1233 3471 τὸν
1273 3419 1483 3490 μονήρη
1515 3417 1628 3488 βίον
1657 3420 1755 3471 ἐπι

178 3507 555 3578 ανῃρημένας,
593 3507 762 3560 πολὺν
806 3507 935 3578 περὶ
979 3505 1372 3575 κατορθώσεως
1421 3507 1568 3576 ἠθῶν
1614 3508 1754 3561 άποο

171 3597 342 3661 τείνας
371 3598 541 3668 λόγον
565 3597 629 3652 δι’
653 3599 946 3669 ἐμφάσεως
970 3602 998 3652 ὁ
1018 3600 1332 3664 διδάσκαλος
1362 3600 1555 3669 ἠπίως,
1572 3595 1749 3670 οἶμαι,

174 3693 443 3759 παραινεῖ,
492 3689 570 3762 μὴ
624 3689 735 3743 δεῖν
777 3692 876 3754 τὰς
913 3692 1261 3762 ἀσκουμένας
1313 3691 1524 3745 οἴκοθεν
1563 3692 1748 3762 θυρίσι

121 3802 129 3810 ι
171 3782 533 3836 κατοπτεύειν
569 3784 691 3836 τινὰ
730 3782 1031 3847 παντελῶς,
1068 3783 1162 3835 καὶ
1192 3783 1428 3853 μάλιστα
1460 3784 1586 3846 τοὺς
1607 3800 1750 3853 παρ·-

177 3870 365 3935 ιόντας,
399 3873 482 3936 ὡς
540 3872 605 3925 ἂν
666 3873 739 3943 μὴ
768 3872 982 3925 λάϐοιεν
1014 3874 1217 3943 κέντρα
1260 3873 1493 3927 θανάτου
1522 3876 1609 3928 διὰ
1650 3875 1750 3945 τῆς

175 3960 395 4032 ἀκαίρου
424 3963 678 4032 θεωρίας.
772 3997 776 4001 -

1936 3221 2232 3276 liaritatem
2260 3238 2378 3293 qua:
2395 3239 2489 3294 per
2527 3239 2704 3277 aerem
2737 3226 3097 3294 contrahitur,
3134 3227 3222 3281 odi
3262 3244 3325 3282 ac
3347 3228 3437 3282 de-

1931 3321 2112 3367 testor.
2135 3334 2154 3364 ι

1927 3421 2011 3476 Ad
2040 3421 2321 3487 mulieres,
2347 3438 2411 3477 ac
2428 3423 2732 3493 praesertim
2756 3439 2850 3478 eas
2878 3439 3002 3494 quae
3024 3425 3285 3482 solitariae
3315 3428 3444 3485 vita“.

1857 3526 1981 3568 sese
2030 3511 2385 3577 addixerunt,
2441 3513 2612 3567 multa
2670 3513 2738 3567 de
2792 3513 3135 3584 corrigendis
3194 3517 3443 3572 moribus

1854 3618 1914 3658 se
1946 3613 2280 3659 convertens
2304 3604 2560 3659 oratione
2605 3620 2672 3660 ac
2715 3605 2882 3661 tacite
2930 3607 3066 3676 quid
3118 3608 3441 3678 signiﬁcans

1850 3693 2065 3758 doctor,
2097 3694 2179 3748 uti
2201 3693 2443 3755 videtur.
2471 3695 2671 3751 leniter
2692 3696 2973 3761 admonet,
3006 3698 3437 3771 haudquaquam

1855 3785 2028 3840 licere
2084 3786 2169 3840 eis
2193 3801 2315 3856 qua:
2370 3786 2641 3841 severiori
2674 3788 2803 3844 vitae
2837 3790 3041 3859 regulae
3070 3792 3438 3848 astrinxerint

1851 3893 1920 3942 ex
1946 3877 2203 3933 domibus
2227 3894 2326 3948 per
2346 3877 2617 3934 fenestras
2647 3883 2921 3950 speculari
2963 3899 3325 3955 quemquam,
3368 3903 3438 3944 ac

1852 3971 2160 4039 praesertim
2222 3980 2642 4040 prtetereuntes,
2679 3988 2749 4028 ne
2776 3974 2918 4029 forte
2962 3991 3059 4045 per
3092 3977 3438 4047 intempesti-

1851 4074 1982 4116 vum
2012 4072 2374 4132 conspectum
2405 4065 2603 4119 mortis
2631 4066 2858 4122 aculeos
2879 4068 3122 4138 capiant.
3242 4128 3245 4133 ,
3352 4073 3359 4079 ’

177 4227 283 4283 Τοῦ
329 4231 521 4287 αὐτοῦ
570 4232 639 4285 ἐκ
668 4231 776 4286 τοῦ
829 4237 916 4298 εὶς
960 4232 1076 4301 τὴν
1116 4234 1294 4304 ἁγίαν
1323 4240 1757 4310 Πεντηκοστὴν

1856 4244 2115 4316 Ejusdem
2144 4264 2207 4301 ea:
2233 4265 2479 4303 sermone
2503 4251 2559 4303 iu
2582 4261 2829 4306 sanctam
2862 4252 3227 4321 Pentecosten,
3281 4261 3339 4312 in
3360 4260 3433 4315 il.

236 4321 446 4390 λόγου,
480 4325 570 4388 είς
614 4323 702 4374 τό·
744 4341 763 4373 ι
802 4322 955 4389 Μιᾶς
990 4324 1252 4395 δεούσης
1297 4328 1540 4398 ἡμέρας,
1572 4329 1654 4399 ῆν
1684 4334 1752 4387 ἐκ

233 4412 340 4464 τοῦ
363 4413 706 4481 μέλλοντος
730 4411 947 4480 αἰῶνος
971 4419 1465 4489 προσειλήφαμεν
1483 4464 1496 4488 ,
1523 4423 1743 4491 ὀγδόην
1774 4459 1818 4514 D

233 4517 297 4554 τε
331 4499 538 4556 οὖσαν
571 4502 688 4569 τὴν
718 4503 915 4571 αὐτὴν
957 4506 1056 4559 καὶ
1093 4507 1353 4576 πρώτην,
1401 4510 1645 4580 μᾶλλον
1670 4514 1739 4566 δὲ

233 4593 375 4645 μίαν
397 4594 494 4646 καὶ
514 4592 746 4647 datath
756 4611 916 4648 υτον.
937 4597 1038 4649 Δεῖ
1052 4598 1161 4667 γὰρ
1186 4600 1384 4655 ἐκεῖσε
1402 4603 1739 4672 καταλῆξαι

230 4685 337 4738 τὸν
365 4686 630 4740 ἐνταῦθα
655 4689 1074 4757 σαϐϐατισμόν
1110 4690 1230 4745 τῶν
1266 4694 1483 4763 ψυχῶν
1504 4698 1637 4767 (65).
1677 4717 1696 4748 ι

244 4777 303 4831 '0
337 4780 482 4832 ἐπτά
508 4777 652 4832 κατά
685 4777 784 4849 τὴν
816 4780 981 4848 ἁγίαν
1008 4780 1255 4852 Γραφὴν,
1287 4783 1362 4846 ὡς
1385 4785 1482 4853 μὲν
1504 4786 1738 4858 ἀριθμὸς

166 4870 321 4939 μόνον
343 4870 782 4941 λαμϐανόμενος,
806 4872 1009 4942 πολλὴν
1022 4873 1135 4943 ἔχει
1162 4876 1412 4941 φυσικῶς
1426 4877 1525 4949 τὴν
1540 4881 1627 4932 ἐπ’
1649 4881 1748 4932 αὑ-

161 4962 235 5032 τῷ
279 4962 546 5033 κειμένην
586 4962 693 5016 τῶν
739 4963 1170 5032 φιλοπονούντων
1205 4967 1276 5020 τά
1316 4967 1434 5021 θεῖα
1477 4972 1745 5043 μυστικὴν

162 5052 415 5126 θεωρίαν.
469 5055 731 5126 Σημαίνει
784 5055 894 5125 γὰρ
921 5056 1016 5109 καὶ
1046 5057 1256 5127 χρόνον,
1289 5061 1384 5112 καὶ
1416 5062 1588 5116 αἰῶνα
1607 5107 1620 5130 ,
1649 5067 1743 5119 καὶ

159 5147 382 5212 αἰῶνας,
419 5148 641 5219 κίνησίν
669 5136 728 5201 τε
772 5148 868 5201 καὶ
921 5150 1184 5220 περιοχὴν
1242 5153 1337 5206 καὶ
1390 5156 1610 5227 μέτρον,
1645 5158 1742 5211 καὶ

156 5236 299 5308 ὅρον,
336 5241 433 5292 καὶ
456 5239 736 5311 πρόνοιαν,
772 5239 866 5292 καὶ
899 5240 1062 5309 ἕτερα
1093 5240 1281 5305 πολλὰ,
1312 5245 1455 5297 κατὰ
1478 5246 1568 5300 τὸν
1598 5248 1729 5301 ἐκά-

159 5345 281 5382 στου
325 5331 486 5399 λόγον
519 5330 699 5392 καλῶς
760 5329 1155 5400 θεωρούμενος.
1198 5332 1286 5397 Ὠς
1334 5335 1640 5401 ἀνάπαυσις
1671 5340 1728 5393 δὲ

158 5419 317 5488 μόνον
351 5422 749 5493 σκοπούμενος,
785 5424 880 5476 καὶ
905 5421 1047 5474 οὕτω
1080 5424 1281 5496 πολλὴν
1329 5426 1444 5498 ἔχει
1488 5433 1585 5503 τὴν
1637 5437 1725 5488 ἐπ’

225 5603 272 5638 ⁸⁸
300 5607 690 5678 Apographum
713 5607 882 5663 habet
908 5609 969 5661 Εἰ
995 5607 1052 5661 δὲ
1083 5608 1179 5678 τῷ.

1922 4338 2051 4392 lu.l:
2085 4358 2102 4389 ι
2136 4340 2249 4394 Uno
2288 4342 2372 4394 die
2423 4349 2657 4411 excepto,
2693 4360 2849 4412 quem
2890 4361 2954 4398 ea:
3009 4347 3190 4415 futuro
3238 4350 3435 4406 swculo

1919 4430 2324 4498 assumpsimus,
2355 4438 2599 4484 octavum
2646 4432 2886 4486 eumdem
2937 4444 2985 4487 et
3019 4439 3277 4506 primum,
3328 4443 3428 4506 vel,

1914 4531 1971 4572 ut
1999 4521 2191 4573 rectius
2210 4519 2424 4589 loquar,
2450 4530 2500 4573 et
2528 4524 2933 4592 sempiternum.
2961 4525 3080 4580 Illic
3133 4530 3273 4583 enim
3297 4549 3438 4601 pm.

1920 4628 2041 4665 sens
2088 4613 2394 4665 animarum
2442 4622 2749 4668 nostrarum
2806 4616 3160 4673 sabbatismus
3220 4622 3426 4678 desinat

1919 4718 2125 4757 necesse
2152 4712 2248 4756 est.
2276 4722 2294 4754 δ

1920 4813 2285 4882 Septenarius
2345 4816 2653 4871 secundum
2692 4833 2905 4873 sacram
2938 4820 3306 4892 Scripturam,
3364 4836 3420 4880 ut

1842 4916 2112 4956 numerus
2133 4903 2480 4960 solummodo
2511 4906 2555 4960 si
2592 4916 2902 4977 spectatur,
2927 4913 3156 4967 multam
3191 4927 3419 4970 natura-

1840 4990 1973 5045 liter
2003 4991 2057 5044 in
2091 5007 2151 5047 se
2180 4994 2508 5050 collocatam
2539 4996 2709 5052 habet
2743 5014 2937 5053 eorum
2968 5003 3062 5070 qui
3094 5020 3179 5058 res
3206 5005 3418 5063 divinas

1838 5083 2090 5152 gnaviter
2119 5094 2358 5141 tractant
2407 5089 2694 5159 mysticam
2747 5093 3293 5161 contemplationem.
3334 5099 3409 5153 Si-

1810 5171 2063 5250 egnilicat
2094 5175 2241 5229 enim
2272 5184 2329 5231 et
2387 5185 2633 5248 tempus,
2689 5189 2742 5234 et
2777 5182 3061 5247 saeculum,
3095 5195 3151 5239 et
3193 5191 3412 5256 saecula,

1837 5262 2141 5318 motionem
2171 5275 2336 5335 atque
2373 5270 2948 5337 comprehensionem,
3002 5282 3059 5327 et
3098 5275 3406 5340 modulum,

1832 5362 1890 5408 et
1921 5354 2638 5426 ﬁnem,ct'providcntiam,
2692 5374 2747 5416 et
2778 5363 2882 5417 alia
2946 5365 3141 5429 multa,
3189 5368 3414 5436 quando

1836 5446 2155 5502 secundum‘
2168 5450 2610 5521 uniuscujusque
2634 5453 2905 5510 rationem
2936 5455 3079 5512 bene
3105 5466 3409 5528 spectatur.

1396 5542 1625 5634 ξΛΒΙιΕ
1658 5553 2063 5613 LECTIONES.

239 5718 330 5798 ἒξ)
364 5719 528 5798 Qrcg.
552 5721 683 5798 ﬁat.
729 5722 877 5798 ibid:
910 5738 1029 5790 cap.
1063 5724 1116 5787 8,
1162 5734 1290 5780 tam.
1393 5727 1510 5798 Opp
1564 5733 1871 5795 «κάυοηρά,

242 5789 331 5857 65)
363 5789 512 5843 Idem
544 5791 691 5846 Orat.
734 5794 788 5845 in
836 5789 1216 5860 Penates-(mn,
1262 5815 1379 5867 cap.
1426 5789 1563 5871 ip.
1612 5790 1732 5859 75:2.
1779 5789 1907 5862 tein.
1941 5809 1956 5862 l
1989 5809 2126 5879 Opp.
2162 5811 2294 5865 edit.
2330 5811 2533 5867 Bened.
