4052 6362
640 384 795 452 ξ’ὶ391

644 591 887 647 multam
918 591 1164 646 continet
1193 589 1250 646 in
1306 607 1365 648 se
1391 594 1763 664 cognitionem
1791 594 2018 665 mystice
2054 593 2234 663 expli-

657 691 856 738 catam.
877 682 983 738 Sed
1011 699 1080 739 ne
1108 684 1324 755 singula
1357 686 1740 755 persequendo
1780 686 2076 740 molestum
2112 685 2236 739 red-

659 775 783 841 dam
810 782 866 827 et
888 787 1186 842 operosum
1210 774 1705 844 sermonem,quod
1735 775 1953 829 caateris
1971 784 2234 844 praestare

652 865 879 919 videtur
910 865 1273 921 illustremus.
1304 866 1442 921 Tres
1465 867 1612 921 enim
1646 866 1743 937 qui
1795 883 1983 922 rerum
2015 866 2233 921 divina-

654 974 779 1012 rum
803 957 964 1028 periti
988 967 1119 1013 sunt
1168 966 1422 1013 statuunt
1455 958 1669 1015 modos.
1734 958 2003 1015 Universa
2063 960 2235 1015 totius

655 1049 1067 1104 rationabilium
1132 1049 1501 1104 essentiarum
1571 1050 1948 1120 generationis
2019 1051 2235 1105 ratione

661 1140 954 1195 continere
988 1140 1240 1196 videmus
1257 1141 1530 1196 rationem
1546 1141 1873 1206 exsistendi,
1912 1141 2057 1195 bene
2080 1141 2233 1195 exsi-

650 1231 855 1296 stendi,
887 1240 943 1286 et
970 1244 1190 1302 semper
1207 1231 1530 1297 exsistendi,
1555 1240 1719 1302 atque
1733 1234 1969 1303 primam
1988 1234 2234 1304 quidem,

651 1322 705 1377 id
733 1332 816 1378 est
844 1323 1171 1389 exsistendi,
1194 1323 1436 1394 primum
1468 1338 1591 1378 esse
1619 1323 1700 1378 eis
1725 1323 1818 1393 qui
1871 1332 2004 1378 sunt
2041 1338 2234 1378 essen-

636 1416 866 1470 Διίειιὶῐει·
891 1415 1172 1480 donatam,
1207 1414 1435 1469 alteram
1470 1414 1553 1469 eis
1586 1413 1655 1469 de
1690 1413 1996 1478 voluntate,
2042 1422 2235 1483 utpote

650 1523 775 1576 qua:
796 1506 1039 1576 propriae
1074 1505 1340 1560 motionis
1368 1513 1652 1575 compotes
1700 1512 1849 1571 sunt,
1876 1520 1997 1561 esse
2028 1506 2233 1571 datam,

628 1605 869 1658 tertiam
908 1602 1172 1672 denique,
1209 1602 1263 1655 id
1286 1612 1618 1672 estsemper
1651 1602 1978 1663 exsistendi,
2026 1603 2109 1657 eis
2149 1617 2237 1657 se-

647 1694 890 1748 cundum
934 1694 1139 1764 gatiam
1188 1708 1310 1748 esse
1378 1708 1723 1748 concessam.
1781 1694 1959 1765 Atque
2000 1695 2235 1764 primam

644 1786 869 1856 quidem
936 1786 1129 1839 volunt
1183 1799 1304 1839 esse
1352 1783 1628 1840 facultatis
1656 1826 1670 1850 ,
1714 1785 1940 1841 alteram
1981 1785 2234 1853 actionis,

645 1874 868 1929 tertiam
892 1874 1114 1928 virtu-tis
1147 1874 1637 1928 conservatricem.
1673 1873 1765 1929 Sic
1804 1874 2107 1929 exsistendi
2144 1890 2231 1929 ra-
2268 1846 2314 1907 Β

646 1968 748 2032 tio,
779 1983 902 2037 qua:
937 1966 1109 2021 solam
1144 1963 1475 2018 naturaliter
1504 1963 1675 2021 habet
1716 1965 1954 2019 actionis
2002 1963 2232 2018 faculta-

645 2067 782 2121 tem,
820 2059 993 2128 ipsam
1020 2059 1400 2129 plenissimam
1443 2059 1563 2113 sine
1596 2057 1904 2112 voluntatis
1947 2055 2231 2126 proposito

646 2150 922 2206 actionem
948 2164 1296 2218 nequaquam
1330 2155 1510 2217 potest
1564 2146 1769 2201 habere
1803 2163 1816 2198 :
1869 2145 2012 2199 ratio
2043 2154 2229 2199 autem

645 2240 789 2295 bene
817 2239 1138 2304 exsistendi,
1166 2240 1336 2294 solam
1379 2239 1522 2293 hanc
1550 2238 1619 2293 de
1678 2237 1966 2292 voluntate
2023 2235 2232 2289 habens

647 2332 914 2387 naturalis
956 2330 1237 2386 facultatis
1285 2331 1580 2394 actionem,
1637 2329 1855 2399 plenam
1913 2327 2230 2381 facultatem

649 2426 770 2480 sine
803 2434 1001 2478 natura
1033 2438 1262 2494 prorsus
1285 2438 1396 2477 non
1437 2422 1639 2477 habet:
1670 2436 1891 2490 semper
1924 2417 2229 2474 exsistendi

644 2517 886 2586 denique
912 2517 1052 2570 ratio
1076 2530 1267 2570 earum
1292 2530 1414 2584 qua:
1470 2512 1913 2584 praegrediuntur
1958 2510 2231 2583 generali-

643 2616 734 2663 ter
755 2594 1222 2672 circumcludens,
1250 2605 1419 2661 unius
1449 2604 1675 2676 quidem
1727 2602 2067 2668 facultatem,
2093 2601 2231 2657 alte-

646 2699 767 2755 rius
786 2700 1080 2763 rationem,
1102 2713 1284 2768 neque
1312 2696 1641 2751 naturaliter
1663 2694 1890 2750 omnino
1923 2693 2228 2750 secundum

530 2808 555 2828 ε
642 2791 957 2847 facultatem
988 2790 1131 2846 inest
1164 2791 1220 2845 in
1258 2790 1342 2846 eis
1363 2804 1486 2860 quae
1523 2789 1817 2853 exSistun‘t,
1864 2802 2047 2857 neque
2093 2800 2227 2855 .pro-

652 2883 805 2938 fecto
829 2882 897 2938 de
931 2881 1267 2937 necessitate
1296 2896 1527 2951 prorsus
1554 2878 1856 2934 voluntatis
1879 2877 2226 2949 propositum

643 2975 899 3046 sequitur
935 2973 1234 3047 (quomodo
1260 2973 1408 3029 enim
1432 2973 1489 3027 in
1517 2972 1602 3028 eis
1625 2987 1747 3041 quae
1773 2970 1999 3025 initium
2028 2985 2229 3025 secun-

641 3067 777 3122 dum
812 3075 1066 3121 naturam
1089 3072 1144 3120 ct
1178 3064 1342 3119 ﬁnem
1377 3069 1435 3119 et
1456 3063 1760 3117 motionem
1804 3061 2013 3116 habent
2042 3067 2228 3130 potest

643 3150 909 3210 inesse‘id
942 3153 1092 3224 quod
1130 3167 1350 3223 semper
1374 3151 1597 3207 exsistit
1622 3160 1789 3221 atque
1833 3148 2058 3205 initium
2078 3156 2135 3203 et
2165 3146 2228 3201 ﬁ-

640 3261 771 3302 nem
793 3261 904 3300 non
942 3245 1113 3299 habet
1128 3243 1196 3315 ἲ),
1230 3242 1328 3298 sed
1374 3243 1648 3298 terminus
1680 3249 1784 3305 est,
1806 3241 2078 3296 stabilem
2106 3238 2247 3299 red-,

641 3338 783 3393 dens
812 3344 1064 3390 naturam
1107 3333 1333 3404 quidem
1377 3331 1687 3387 secundum
1736 3330 2075 3393 facultatem,
2129 3345 2228 3384 vo-

641 3424 917 3478 luntatem
995 3435 1130 3476 vero
1202 3420 1510 3476 secundum
1594 3419 1914 3484 actionem,
1968 3419 2227 3474 neutrius

640 3530 879 3586 prorsus
907 3513 1211 3570 secundum
1245 3528 1412 3584 quam
1443 3520 1531 3568 est
1550 3521 1900 3568 commutans
1926 3511 2223 3575 rationem,

639 3616 699 3664 et
745 3608 1006 3663 omnibus
1042 3607 1229 3662 omnia
1278 3606 1477 3662 szecula
1520 3613 1577 3661 et
1622 3615 1873 3676 tempora
1930 3606 2224 3660 deﬁniens.

636 3700 827 3771 Atque
849 3700 956 3755 hoc
981 3705 1067 3754 est
1090 3699 1343 3763 fortasse,
1366 3697 1446 3751 uti
1481 3696 1727 3763 videtur,
1762 3697 1897 3751 illud
1924 3697 2227 3753 Sabbatum

638 3793 869 3866 mystice
888 3792 1248 3855 celebratum,
1284 3801 1341 3845 et
1375 3806 1608 3861 magnus
1636 3790 1705 3845 de
1728 3790 1934 3846 divinis
1958 3790 2229 3860 operibus

637 3885 1023 3957 requiescendi
1066 3885 1186 3940 dies
1215 3898 1262 3949 ι,
1314 3899 1437 3953 (ωε
1476 3885 1791 3939 secundum
1823 3882 2057 3938 Genesis
2083 3882 2239 3937 scri-.

639 3985 864 4050 pturam
890 3992 1074 4048 neque
1112 3976 1333 4031 initium
1366 3992 1546 4046 neque
1576 3976 1744 4031 tinem
1794 3990 1979 4045 neque
2001 3990 2232 4047 genera-

641 4062 850 4126 tionem
910 4070 1117 4124 habere
1175 4067 1418 4133 videtur,
1463 4083 1658 4123 eorum
1711 4083 1836 4138 quae
1887 4067 2229 4124 deﬁnitionis

640 4177 706 4217 ac
733 4161 1038 4217 mensionis
1064 4161 1312 4231 expertia
1358 4168 1490 4216 sunt
1540 4169 1666 4233 post
1699 4162 1998 4217 motionem
2033 4178 2227 4218 eorum

644 4269 770 4324 quae
797 4255 854 4308 in
902 4268 1166 4307 mensura
1191 4252 1418 4307 deﬁnita
1446 4263 1578 4308 sunt
1602 4252 2079 4318 manifestatio,et
2108 4252 2231 4307 inﬁ-

636 4349 756 4405 nita
806 4362 1001 4404 eorum
1060 4362 1182 4418 quae
1249 4346 1647 4417 comprehendi
1719 4361 1782 4402 ac
1840 4346 2228 4403 circumscribi

636 4457 752 4497 non
802 4448 1037 4511 possunt
1061 4448 1186 4509 post
1218 4439 1545 4510 qualitatem
1571 4455 1767 4496 eorum
1807 4456 1932 4511 quae
1970 4454 2227 4509 compre-

1830 393 1890 453 s.
1931 350 2219 451 MAXIMI
2259 390 2788 458 CONFESSORIS.

642 500 768 555 iSed
806 497 1027 569 quando
1075 504 1136 552 ut
1172 499 1410 570 requies
1462 501 1640 556 solum
1688 510 1994 572 spectatur,
2044 501 2130 556 vel
2163 500 2230 555 sit

2338 502 2497 602 μὺτῷ
2536 511 3079 602 μυσταγωγουμένην
3105 516 3332 584 γνῶσιν.
3370 518 3511 575 ‘An’
3537 523 3618 579 ἵνα
3657 527 3722 602 μὴ

3072 333 3165 344 Ἰνερ-

3748 416 3849 486 1392

3762 537 3850 589 καθ’

2337 593 2572 690 ἐκαστον
2596 599 2834 690 διεξιὼν
2869 607 3128 675 φορτικὸν
3156 609 3251 665 τὸν
3291 610 3450 681 λόγον
3491 593 3787 690 ποιήσωμαι,
3809 629 3854 679 rb

2335 682 2526 781 {exouv
2585 687 2916 781 ὑψηλότερον
2956 694 3068 749 τῶν
3116 697 3295 755 ἄλλων
3342 697 3484 758 εἶναι
3526 682 3856 781 γυμνάσωμεν.

2339 775 2501 872 Ιλ’ρεῖς
2528 780 2637 850 γάρ
2670 799 2804 851 φασι
2833 787 3070 856 τρόπους
3106 791 3158 843 ot
3180 792 3292 847 τῶν
3322 794 3485 850 θείων
3527 775 3855 872 ἐπιστήμονες.

2350 868 2411 960 :0
2446 871 2671 960 σύμπας
2699 876 2805 946 τῆς
2832 877 2962 949 ὅλης
2994 880 3104 935 τῶν
3150 882 3390 953 λογικῶν
3411 888 3608 944 οὐσιῶν

2337 954 2477 1026 ἔχων
2511 957 2804 1032 θεωρεῖται
2832 963 2993 1035 λόγος
3018 969 3111 1023 τὸν
3157 972 3252 1026 τοῦ
3302 970 3471 1041 εἶναι,
3499 978 3589 1033 τὸν
3616 954 3702 1034 τοῦ
3737 981 3785 1038 εὖ
3811 954 3858 1040 si:

2338 1065 2448 1115 vat,
2484 1051 2579 1104 καὶ
2623 1054 2716 1108 τὸν
2755 1057 2848 1110 τοῦ
2897 1060 2985 1112 ἀεὶ
3030 1056 3196 1127 εἶναι,
3236 1064 3333 1118 καὶ
3374 1067 3466 1118 τὸν
3514 1069 3613 1138 μὲν
3651 1071 3734 1124 τοῦ
3758 1071 3858 1130 εἶναι

2338 1143 2554 1212 πρῶτον
2590 1148 2710 1200 κατ’
2731 1149 2922 1204 οὐσίαν
2944 1151 3280 1224 δεδωρῆσθαι
3300 1160 3415 1222 τοῖς
3445 1155 3590 1227 οὖσι,
3617 1164 3702 1217 τὸν
3729 1166 3776 1218 δὲ
3794 1169 3858 1221 τοῦ

2338 1230 2478 1289 εἶναι
2507 1237 2763 1311 δεύτερον
2790 1240 3044 1299 δεδόσθαι
3077 1247 3219 1301 κατὰ
3254 1251 3579 1320 προαίρεσιν
3611 1255 3773 1320 αὐτοῖς
3809 1260 3860 1323 ὡς

2339 1326 2735 1398 αὐτοκινήτοις,
2758 1335 2854 1386 τὸν
2882 1333 2939 1387 δὲ
2960 1335 3054 1390 τοῦ
3086 1338 3173 1390 ἀεὶ
3196 1336 3338 1392 εἶναι
3361 1342 3546 1411 τρίτον
3567 1345 3738 1410 αὐτοῖς
3761 1353 3861 1404 κατὰ

2337 1420 2501 1489 χάριν
2531 1423 3013 1496 πεφιλοτιμῆσθαι.
3049 1430 3159 1482 Καὶ
3208 1431 3301 1484 τὸν
3348 1434 3448 1502 μὲν
3499 1436 3706 1506 πρῶτον
3747 1440 3863 1497 δυνά-

2342 1528 2509 1580 μεως,
2538 1514 2738 1586 (255
2768 1534 2800 1571 a
2823 1522 2841 1583 )
2864 1518 2956 1573 τὸν
2993 1519 3049 1572 δὲ
3094 1519 3350 1593 δεύτερον
3377 1526 3662 1596 ἐνεργείας
3683 1571 3696 1593 ,
3724 1529 3798 1582 τὶν
3824 1533 3864 1584 δὲ

2338 1604 2526 1672 τρίτον
2551 1608 2754 1677 ἀργίας
2784 1605 2925 1663 εἶναι
2958 1615 3333 1682 περιεκτικόν.
3365 1613 3497 1670 Οἷον
3522 1619 3551 1670 ὁ
3584 1619 3679 1687 μὲν
3716 1622 3792 1674 τοῦ
3811 1620 3866 1676 εἷ.

2340 1694 2609 1765 ναιλόγος
2650 1699 2820 1769 μόνην
2863 1702 3112 1768 φυσικῶς
3150 1703 3294 1774 ἔχων
3338 1706 3439 1776 τὴν
3480 1708 3615 1778 πρὸς
3639 1712 3866 1780 ἐνέργειαν

2340 1784 2591 1857 δύναμιν,
2624 1790 2795 1863 αὐτὴν
2825 1794 3206 1865 πληρεστάτην
3248 1797 3373 1869 δίχα
3408 1800 3512 1870 τῆς
3548 1805 3867 1874 προαιρέσεως

2340 1877 2440 1948 τὴν
2470 1880 2756 1953 ἐνέργειαν
2785 1882 2933 1953 ἔχειν
2963 1886 3022 1938 οὐ
3058 1886 3278 1942 δύναται
3316 1892 3600 1955 παντελῶς
3627 1911 3640 1924 ι
3664 1897 3689 1948 ὁ
3715 1895 3764 1948 δὲ
3797 1899 3865 1950 τοῦ

2335 1963 2395 2021 εὖ
2426 1964 2568 2022 εἶναι
2597 1971 2768 2043 αὐτὴν
2821 1975 2990 2045 μόνην
3032 1980 3329 2048 γνωμικῶς
3375 1981 3522 2051 ἔχων
3554 1984 3649 2052 τῆς
3681 1989 3866 2057 φυσικῆς

2331 2056 2616 2128 δυνάμεως
2642 2063 2741 2132 τὴν
2776 2064 3062 2135 ἐνέργειαν
3099 2108 3113 2128 ,
3145 2069 3320 2140 αὐτὴν
3356 2071 3653 2143 ὁλόκληρον
3691 2075 3777 2147 τὴν

2333 2164 2499 2219 ναμιν
2530 2150 2591 2204 τὸ
2616 2152 2838 2208 σύνολον
2883 2157 3053 2227 χωρὶς
3099 2160 3198 2212 οὐκ
3225 2159 3339 2231 ἔχει
3377 2162 3481 2234 τῆς
3525 2164 3726 2234 φύσεως
3754 2186 3766 2200 ο
3791 2170 3863 2222 ὁόὲ

2331 2240 2427 2292 τοῦ
2459 2241 2545 2295 ἀεὶ
2572 2239 2714 2298 εἶναι
2745 2246 2856 2299 τῶν
2880 2248 2986 2318 πρὸ
3017 2247 3184 2304 αὐτοῦ
3217 2253 3341 2307 καθ’
3370 2255 3501 2309 ὄλσυ
3535 2261 3862 2331 περιγράφων,

2331 2331 2428 2384 τοῦ
2478 2333 2577 2403 μὲν
2623 2335 2723 2408 τὴν
2762 2337 3021 2410 δύναμιν,
3052 2341 3149 2395 τοῦ
3195 2343 3253 2397 δὲ
3300 2344 3401 2418 τὴν
3450 2348 3747 2420 ἐνέργειαν,
3774 2353 3865 2408 οὔτε

2332 2422 2579 2489 φυσικῶς
2612 2427 2753 2481 κατὰ
2778 2427 3014 2501 δύναμιν
3049 2436 3165 2495 τοῖς
3188 2430 3339 2490 οὖσιν
3370 2439 3675 2513 ἐνυπάρχει
3725 2463 3866 2501 παντε-

2331 2511 2459 2607 λῶς,
2493 2512 2616 2571 οὗτε
2652 2516 2759 2590 μὴν
2794 2518 2853 2586 ἐξ
2879 2522 3126 2594 ἀνάγκης
3155 2526 3215 2578 τὸ
3248 2531 3521 2600 παράπαν
3544 2511 3747 2606 θελήσει
3768 2556 3865 2607 προ-

2332 2605 2605 2675 αιρέσεως
2637 2609 2858 2665 ἕπεται·
2902 2614 3019 2679 πῶς
3055 2616 3164 2688 γὰρ
3207 2621 3320 2684 τοῖς
3348 2623 3528 2696 ἀρχὴν
3576 2605 3711 2682 κατὰ
3747 2605 3864 2698 φύσιν

2333 2698 2425 2749 καὶ
2451 2698 2605 2762 τέλος
2637 2702 2779 2755 κατὰ
2800 2703 3019 2777 κίνησιν
3050 2707 3268 2780 ἔχουσιν
3294 2707 3407 2767 οἷόν
3431 2733 3492 2769 τε
3533 2719 3725 2774 ἐνεῖναι
3746 2722 3865 2776 ate

2330 2789 2390 2842 ὃν
2416 2793 2508 2844 καὶ
2542 2793 2719 2885 ἀρχὴν
2772 2796 2868 2849 καὶ
2916 2799 3070 2865 τέλος
3115 2803 3215 2858 οὐκ
3260 2804 3426 2876 ἕχον;
3476 2810 3729 2885 ἀλλ’ὄρος
3751 2816 3861 2881 ἐστὶ,

2331 2882 2597 2955 στάσιμον
2647 2887 2820 2941 ποιῶν
2854 2889 2952 2962 τὴν
3000 2892 3101 2963 μὲν
3133 2895 3298 2965 φύσιν
3333 2902 3485 2955 κατὰ
3535 2882 3861 2979 τὴννδὺναμιν,

2327 2977 2428 3071 τὴν
2450 2977 2514 3071 δὲ
2546 2980 2868 3051 προαίρεσιν
2908 2986 3050 3040 κατὰ
3097 2989 3195 3060 τὴν
3251 2992 3565 3065 ἐνέργειαν,
3596 2998 3700 3052 οὐδ’
3719 2977 3862 3071 ἐτέρας

2329 3068 2577 3138 ἀμείϐων
2604 3075 2920 3130 παντάπασι
2950 3078 3042 3133 τὸν
3066 3081 3188 3135 καθ’
3215 3083 3275 3138 ὄν
3305 3086 3426 3140 ἐστι
3450 3088 3631 3159 λόγον,
3655 3092 3742 3146 καὶ
3765 3068 3863 3146 πασί

2332 3159 2545 3226 πάντας
2574 3162 2780 3229 αἰῶνάς
2829 3182 2889 3220 τε
2938 3168 3035 3222 καὶ
3066 3170 3297 3241 χρόνους
3338 3175 3572 3248 ὁρίζων.
3606 3179 3710 3233 Καὶ
3744 3179 3861 3234 τοῦτό

2329 3256 2500 3322 ἐστιν,
2555 3257 2631 3322 ὡς
2676 3255 2853 3329 οἶμαι,
2895 3263 3059 3333 τυχὸν
3100 3264 3160 3318 τὸ
3211 3270 3502 3335 μυστικῶς
3553 3272 3861 3345 εὐλογημένοι

2327 3348 2629 3415 Σάϐϐατον,
2664 3353 2809 3424 καὶὴ
2840 3354 3050 3425 μεγάλη
3085 3356 3187 3428 τῆς
3213 3359 3516 3439 τῶνιθείων
3548 3363 3715 3436 ἔργων
3737 3382 3861 3420 natae

2328 3439 2583 3507 παύσεως
2634 3445 2834 3516 ἡμέρα,
2866 3448 3008 3512 ἥτις,
3043 3449 3186 3503 κατὰ
3212 3452 3312 3524 τὴν
3347 3456 3574 3528 γραφὴν
3592 3459 3685 3528 τῆς
3711 3475 3860 3528 κοσμο-

2327 3529 2565 3597 γενείας,
2590 3532 2714 3587 οὒτε
2746 3535 2940 3607 ἀρχὴν,
2966 3536 3089 3591 οὔτε
3124 3540 3297 3608 τέλος,
3328 3544 3456 3599 οὔτε
3487 3547 3695 3616 γένεσιν
3714 3549 3860 3621 ἔχοντα

2329 3622 2662 3695 φαίνεται,ή
2718 3628 2857 3695 μετὰ
2904 3629 3004 3701 τὴν
3042 3630 3149 3687 τῶν
3195 3635 3252 3688 ἐν
3306 3637 3498 3710 μέτρῳ
3544 3641 3860 3714 διωρισμένων

2329 3714 2543 3784 κίνησιν
2582 3717 2690 3770 τῶν
2720 3719 2862 3792 ὑπὲρ
2890 3721 3014 3791 ὅρον
3062 3725 3155 3778 καὶ
3202 3727 3472 3800 μέτρησιν
3512 3731 3772 3803 ἐκφανσις,
3796 3735 3859 3788 καὶ

2329 3807 2363 3876 ἡ
2413 3808 2551 3877 μετὰ
2588 3808 2686 3880 τὴν
2743 3811 2851 3864 τῶν
2898 3819 3300 3888 κεχωρημένων
3332 3819 3427 3871 καὶ
3464 3826 3858 3895 πῳιγεγραμμέο

2329 3914 2434 3951 νων
2462 3900 2735 3971 ποσότητα
2764 3903 2871 3958 τῶν
2893 3908 3191 3979 ἀχωρήτων
3220 3912 3311 3963 καὶ
3334 3913 3726 3986 ἀπεριγράφων
3745 3918 3861 3972 ἄπει-

2330 4007 2425 4061 ρος
2478 3992 2764 4063 ταὺτὸτης.
2808 3996 2896 4059 Ὠς
2936 3999 3004 4053 ἂν
3054 4000 3150 4054 οὖν
3184 4003 3217 4072 ή
3254 4006 3394 4058 κατὰ
3451 4008 3759 4079 προαίρεσιν
3799 4008 3860 4060 ἐν·

2330 4081 2524 4153 έργεια
2550 4087 2818 4156 χρήσαιτο
2857 4092 2921 4160 τῇ
2973 4091 3202 4163 δυνάμει
3235 4095 3335 4165 τῆς
3362 4096 3603 4165 φύσεως,
3635 4102 3732 4154 εἴτε
3757 4099 3861 4154 κατὰ

2335 4173 2518 4243 φύσιν,
2555 4178 2664 4229 εἴτε
2720 4179 2871 4250 παρὰ
2919 4181 3103 4250 φύσιν,
3131 4183 3192 4237 τὸ
3236 4180 3356 4258 εὖῆ
3412 4189 3476 4243 τὸ
3517 4191 3618 4257 φεῦ
3674 4188 3860 4244 εἶναιτὸ

2330 4266 2507 4353 πέρας
2544 4269 2712 4353 αὐτὴν
2754 4269 2985 4341 ἔχουσαν
3028 4275 3370 4344 ὑποδέξεται,
3406 4279 3548 4353 ὅπερ
3581 4282 3692 4336 ἐστὶ
3725 4282 3775 4335 τί)
3797 4280 3860 4334 ἀεὶ

2328 4352 2494 4421 εἶναι,
2525 4359 2582 4412 ἐν
2605 4352 2649 4428 ᾧ
2674 4363 3093 4428 σαϐϐκτϊζουσιν
3129 4369 3185 4421 αἱ
3210 4368 3400 4440 ψυχαὶ,
3439 4352 3623 4443 πάσης
3652 4373 3859 4426 λαϐοῦσαι

2329 4448 2540 4504 παῦλαν
2567 4455 2860 4521 κινήσεως.
2908 4456 3097 4527 Ὀγδόη
3131 4460 3226 4512 καὶ
3254 4460 3470 4533 πρώτη,
3499 4464 3694 4534 μᾶλλον
3719 4463 3767 4516 δὲ
3788 4462 3858 4533 μία

637 4534 807 4589 hensa
833 4540 890 4588 et
913 4532 1335 4601 circumscripta
1384 4539 1516 4586 sunt
1568 4531 1851 4587 identitas.
1883 4532 2021 4588 Utut
2053 4531 2221 4601 igitur

2331 4540 2423 4595 καὶ
2461 4544 2804 4608 ἀκατάλυτος
2833 4546 3016 4617 ἡμέρα
3053 4551 3070 4618 (
3283 4553 3348 4623 b)
3381 4531 3752 4626 ἠήὰνιραιφνής
3773 4531 3856 4605 ἐστι

638 4624 941 4680 voluntatis
971 4623 1117 4678 actio
1150 4623 1412 4679 facultate
1472 4633 1687 4679 naturae
1718 4624 1916 4688 utitur,
1959 4624 2079 4679 sive
2132 4638 2223 4678 se-

634 4714 881 4770 cundum
910 4725 1186 4780 naturam,
1219 4716 1336 4770 sive
1372 4724 1569 4770 contra
1606 4724 1884 4781 naturam,
1932 4716 2094 4771 bona:
2129 4723 2226 4771 aut

639 4809 1203 4868 miseraeexsistentim
1231 4807 1398 4864 ﬁnem
1431 4810 1705 4880 suscipiet
1734 4824 1861 4864 eam
1894 4811 2220 4879 habentem,

635 4915 760 4973 qua:
793 4911 881 4958 est
909 4900 1252 4969 sempiterna
1281 4900 1629 4967 exsistentia,
1674 4903 1730 4956 in
1767 4916 1879 4971 qua
1917 4901 2224 4958 Sabbatum

632 4995 925 5053 celebrant
949 4993 1148 5049 animae
1176 4993 1247 5048 ab
1299 4992 1451 5047 omni
1476 4994 1726 5049 motione
1772 4995 2219 5063 requiescentes.

635 5090 842 5146 Octava
872 5093 929 5141 et
951 5083 1151 5156 prima,
1188 5084 1276 5139 vel
1304 5082 1491 5154 potius
1516 5098 1625 5138 una
1646 5093 1701 5139 et
1733 5099 1844 5139 non
1874 5084 2225 5142 dissolvenda

636 5178 946 5248 diespurus
978 5185 1088 5243 est,
1119 5176 1418 5246 omniaque
1451 5175 1573 5229 luce
1599 5189 1699 5230 sua
1753 5176 2091 5232 collustrans
2123 5179 2220 5234 Dei

635 5270 928 5333 adventus,
957 5269 1206 5339 quipost
1232 5281 1423 5321 rerum
1449 5274 1726 5321 motarum
1766 5268 2064 5322 stationem
2091 5284 2223 5323 eve-

634 5362 740 5428 nit,
760 5368 818 5416 et
840 5361 924 5415 eis
954 5360 1181 5431 quidem
1206 5358 1304 5428 qui
1336 5356 1639 5412 exsistendi
1665 5359 1884 5415 ratione
1909 5361 2218 5416 secundent

634 5462 891 5510 naturam
907 5454 1196 5507 voluntate
1224 5449 1433 5521 fuerint
1491 5450 1598 5515 usi,
1634 5461 1782 5508 totus
1817 5456 2218 5511 convenienter

635 5550 770 5605 totis
798 5547 1049 5613 advenit,
1083 5554 1250 5616 atque
1284 5544 1483 5600 bonam
1509 5544 1890 5601 exsistentiam
1918 5548 2215 5618 sempiter-

633 5653 761 5694 nam
789 5637 873 5692 sui
901 5635 1326 5707 participatione
1368 5644 1424 5691 et
1471 5637 1866 5692 communione
1908 5638 2119 5708 praebet
2153 5648 2215 5695 ut

702 5830 731 5862 ³
765 5820 901 5879 Gen.
930 5837 990 5887 ιι,
1023 5821 1077 5877 2.

2327 4632 2423 4686 τοῦ
2443 4632 2579 4686 Θεοῦ
2598 4636 2691 4688 καὶ
2712 4637 2979 4710 παμφαὴς
3002 4642 3295 4712 παρουσία,
3324 4645 3460 4713 μετὰ
3483 4648 3585 4716 τὴν
3606 4646 3706 4699 τῶν
3721 4662 3857 4697 κινσυο

2333 4725 2511 4795 μένων
2564 4727 2754 4782 στάσιν
2804 4730 3063 4800 γινομένη
3091 4773 3105 4795 ,
3138 4734 3232 4785 καὶ
3265 4738 3379 4800 τοῖς
3413 4737 3514 4806 μὲν
3543 4738 3620 4809 τῷ
3647 4738 3729 4791 τοῦ
3755 4733 3856 4789 εἶναι

2329 4816 2472 4889 λόγῳ
2523 4819 2666 4873 κατὰ
2717 4822 2881 4889 φύσιν
2928 4826 3333 4894 προαιρετικῶς
3371 4831 3745 4902 χρησαμένοις,
3770 4828 3855 4881 ὅλου

2330 4910 2723 4981 προσηκόντως
2746 4912 2886 4978 ὅλοις
2919 4914 3334 4985 ἐπιδημοῦντος,
3369 4921 3546 4974 καὶτὸ
3578 4924 3659 4976 ἀεὶ
3678 4918 3731 4975 εὖ
3749 4918 3855 4973 εἶναι

2333 5001 2672 5072 παρέχοντος
2702 5002 2790 5057 διὰ
2820 5005 2919 5074 τῆς
2953 5005 3164 5070 οἰκείας
3193 5011 3449 5081 μετοχῆς,
3483 5012 3557 5077 ὡς
3600 5013 3752 5083 μόνον
3784 5027 3855 5062 κυ-

2335 5093 2466 5162 ρίως
2494 5094 2586 5146 καὶ
2609 5095 2762 5160 ὄντος
2793 5096 2889 5149 καὶ
2916 5097 3004 5150 ἀεὶ
3044 5097 3194 5163 ὄντος
3237 5103 3333 5154 καὶ
3386 5099 3445 5157 εὖ
3482 5104 3655 5169 ὄντος,
3683 5106 3778 5165 τοῖς
3813 5100 3853 5153 δὲ

2330 5185 2483 5255 παρὰ
2513 5185 2677 5253 φύσιν
2711 5185 2789 5257 τῷ
2819 5186 2914 5241 τοῦ
2937 5181 3077 5242 εἶναι
3107 5189 3250 5261 λόγῳ
3290 5196 3588 5264 γνωμικῶς
3623 5192 3850 5266 χρησαμέ-

2327 5293 2461 5340 νοις,
2485 5277 2603 5328 ἁντὶ
2625 5276 2717 5331 τοῦ
2737 5274 2796 5331 εὖ
2819 5277 2980 5333 τδάεὶ
3001 5279 3103 5351 φεῦ
3127 5278 3267 5337 εῖναι
3297 5285 3436 5339 κατὰ
3458 5288 3514 5342 τὲ
3538 5288 3673 5349 εἰκὸς
3694 5284 3849 5340 ἀπονέ-

2329 5384 2542 5437 μοντος,
2554 5369 2629 5430 ὡς
2645 5371 2744 5424 οὐκ
2759 5371 2911 5434 ὅντος
2920 5373 3100 5438 αὐτοῖς
3110 5374 3296 5437 λοιπὸν
3304 5380 3551 5450 χωρητοῦ
3567 5379 3652 5434 τοῦ
3669 5374 3718 5432 εὖ
3729 5375 3847 5437 εἶναι.

2323 5461 2582 5524 ἐναντίως
2600 5462 2736 5532 πρὸς
2754 5463 2887 5517 αὐτὸ
2898 5465 3279 5534 διακειμένοις,
3302 5470 3395 5523 καὶ
3410 5472 3615 5541 κίνησιν
3632 5466 3845 5527 παντελῶς

2320 5552 2422 5606 οὐκ
2449 5552 2629 5624 ἔχουσι
2653 5554 2800 5624 μετὰ
2822 5554 2922 5626 τὴν
2952 5555 3044 5609 τοῦ
3068 5556 3402 5629 ζητουμένου
3438 5561 3735 5633 φανέρωσιν,
3760 5553 3846 5609 καθ’

2319 5645 2388 5718 ἢν
2408 5648 2519 5709 τοῖς
2544 5645 2767 5716 ζητοῦσι
2794 5647 3003 5716 πέφυκε
3035 5648 3400 5718 φανεροῦσϐαι
3435 5651 3493 5705 τὸ
3526 5649 3747 5721 ζητητόν.
