  <div class='ocr_page' id='page_1' title='image "/cluster/home/n/w/nwhite01/storage/ocr_20150623/91:no.2/coo.31924054869957/718.png"; bbox 0 0 4052 6390; ppageno 0'>
   <div class='ocr_carea' id='block_1_1' title="bbox 209 374 3492 475">
    <p class='ocr_par' dir='ltr' id='par_1_1' title="bbox 209 374 3492 475">
     <span class='ocr_line' id='line_1_1' title="bbox 209 374 3492 475; baseline -0.002 -4"><span class='ocrx_word' id='word_1_1' title='bbox 209 405 350 475; x_wconf 79' lang='lat'><strong>1393</strong></span> <span class='ocrx_word' id='word_1_2' title='bbox 1430 411 1952 475; x_wconf 82' lang='lat' dir='ltr'><strong>AMBIGUORUM</strong></span> <span class='ocrx_word' id='word_1_3' title='bbox 1990 414 2243 475; x_wconf 78' lang='lat' dir='ltr'><strong>LIBER.</strong></span> <span class='ocrx_word' id='word_1_4' title='bbox 3329 374 3492 467; x_wconf 61' lang='grc' dir='ltr'>ιον-ε’</span> 
     </span>
    </p>
   </div>
   <div class='ocr_carea' id='block_1_2' title="bbox 203 502 3480 594">
    <p class='ocr_par' dir='ltr' id='par_1_2' title="bbox 203 502 3480 594">
     <span class='ocr_line' id='line_1_2' title="bbox 203 502 3480 594; baseline -0.002 -15"><span class='ocrx_word' id='word_1_5' title='bbox 203 523 304 594; x_wconf 86' lang='lat' dir='ltr'><strong>qui</strong></span> <span class='ocrx_word' id='word_1_6' title='bbox 333 523 484 578; x_wconf 87' lang='lat' dir='ltr'><strong>solus</strong></span> <span class='ocrx_word' id='word_1_7' title='bbox 509 519 738 592; x_wconf 82' lang='lat' dir='ltr'><strong>proprie</strong></span> <span class='ocrx_word' id='word_1_8' title='bbox 775 529 832 578; x_wconf 88' lang='lat' dir='ltr'><strong>et</strong></span> <span class='ocrx_word' id='word_1_9' title='bbox 867 521 1085 579; x_wconf 74' lang='lat' dir='ltr'><strong>exsistit</strong></span> <span class='ocrx_word' id='word_1_10' title='bbox 1112 529 1170 579; x_wconf 90' lang='lat' dir='ltr'><strong>et</strong></span> <span class='ocrx_word' id='word_1_11' title='bbox 1209 538 1428 594; x_wconf 82' lang='lat' dir='ltr'><strong>semper</strong></span> <span class='ocrx_word' id='word_1_12' title='bbox 1465 525 1687 580; x_wconf 71' lang='lat' dir='ltr'><strong>exsistit</strong></span> <span class='ocrx_word' id='word_1_13' title='bbox 1711 533 1771 579; x_wconf 87' lang='lat' dir='ltr'><strong>et.</strong></span> <span class='ocrx_word' id='word_1_14' title='bbox 1806 525 2203 590; x_wconf 85' lang='lat' dir='ltr'><strong>beneexsistit,</strong></span> <span class='ocrx_word' id='word_1_15' title='bbox 2237 527 2320 582; x_wconf 89' lang='lat' dir='ltr'><strong>eis</strong></span> <span class='ocrx_word' id='word_1_16' title='bbox 2355 532 2543 580; x_wconf 87' lang='lat' dir='ltr'><strong>autem</strong></span> <span class='ocrx_word' id='word_1_17' title='bbox 2567 523 2664 594; x_wconf 93' lang='lat' dir='ltr'><strong>qui</strong></span> <span class='ocrx_word' id='word_1_18' title='bbox 2695 533 2890 580; x_wconf 89' lang='lat' dir='ltr'><strong>contra</strong></span> <span class='ocrx_word' id='word_1_19' title='bbox 2913 531 3171 578; x_wconf 86' lang='lat' dir='ltr'><strong>naturam</strong></span> <span class='ocrx_word' id='word_1_20' title='bbox 3195 502 3480 574; x_wconf 42' lang='lat' dir='ltr'><strong>exs‘isten-</strong></span> 
     </span>
    </p>
   </div>
   <div class='ocr_carea' id='block_1_3' title="bbox 206 611 3485 686">
    <p class='ocr_par' dir='ltr' id='par_1_3' title="bbox 206 611 3485 686">
     <span class='ocr_line' id='line_1_3' title="bbox 206 611 3485 686; baseline -0.001 -17"><span class='ocrx_word' id='word_1_21' title='bbox 206 616 266 671; x_wconf 91' lang='lat' dir='ltr'><strong>di</strong></span> <span class='ocrx_word' id='word_1_22' title='bbox 299 617 514 672; x_wconf 75' lang='lat' dir='ltr'><strong>ratione</strong></span> <span class='ocrx_word' id='word_1_23' title='bbox 540 625 738 684; x_wconf 90' lang='lat' dir='ltr'><strong>suopte</strong></span> <span class='ocrx_word' id='word_1_24' title='bbox 767 617 1004 672; x_wconf 78' lang='lat' dir='ltr'><strong>consilio</strong></span> <span class='ocrx_word' id='word_1_25' title='bbox 1035 615 1248 672; x_wconf 79' lang='lat' dir='ltr'><strong>fuerint</strong></span> <span class='ocrx_word' id='word_1_26' title='bbox 1281 617 1392 682; x_wconf 89' lang='lat' dir='ltr'><strong>usi,</strong></span> <span class='ocrx_word' id='word_1_27' title='bbox 1425 617 1684 672; x_wconf 83' lang='lat' dir='ltr'><strong>miseram</strong></span> <span class='ocrx_word' id='word_1_28' title='bbox 1730 633 1832 686; x_wconf 94' lang='lat' dir='ltr'><strong>pro</strong></span> <span class='ocrx_word' id='word_1_29' title='bbox 1866 617 2026 674; x_wconf 85' lang='lat' dir='ltr'><strong>beata</strong></span> <span class='ocrx_word' id='word_1_30' title='bbox 2055 619 2381 674; x_wconf 82' lang='lat' dir='ltr'><strong>exsistentia</strong></span> <span class='ocrx_word' id='word_1_31' title='bbox 2437 619 2644 674; x_wconf 89' lang='lat' dir='ltr'><strong>merito</strong></span> <span class='ocrx_word' id='word_1_32' title='bbox 2677 617 2959 682; x_wconf 72' lang='lat' dir='ltr'><strong>retribuit,</strong></span> <span class='ocrx_word' id='word_1_33' title='bbox 2997 623 3059 670; x_wconf 89' lang='lat' dir='ltr'><strong>ut</strong></span> <span class='ocrx_word' id='word_1_34' title='bbox 3100 613 3306 684; x_wconf 82' lang='lat' dir='ltr'><strong>quibus</strong></span> <span class='ocrx_word' id='word_1_35' title='bbox 3336 611 3485 666; x_wconf 83' lang='lat' dir='ltr'><strong>bea-</strong></span> 
     </span>
    </p>
   </div>
   <div class='ocr_carea' id='block_1_4' title="bbox 209 703 3486 784">
    <p class='ocr_par' dir='ltr' id='par_1_4' title="bbox 209 703 3486 784">
     <span class='ocr_line' id='line_1_4' title="bbox 209 703 3486 784; baseline -0.003 -16"><span class='ocrx_word' id='word_1_36' title='bbox 209 720 322 768; x_wconf 97' lang='lat' dir='ltr'><strong>tam</strong></span> <span class='ocrx_word' id='word_1_37' title='bbox 354 712 758 777; x_wconf 82' lang='lat' dir='ltr'><strong>exsistentiam,</strong></span> <span class='ocrx_word' id='word_1_38' title='bbox 787 713 877 767; x_wconf 92' lang='lat' dir='ltr'><strong>cui</strong></span> <span class='ocrx_word' id='word_1_39' title='bbox 910 713 1024 782; x_wconf 87' lang='lat' dir='ltr'><strong>jam</strong></span> <span class='ocrx_word' id='word_1_40' title='bbox 1071 711 1288 768; x_wconf 85' lang='lat' dir='ltr'><strong>adversi</strong></span> <span class='ocrx_word' id='word_1_41' title='bbox 1325 719 1494 778; x_wconf 83' lang='lat' dir='ltr'><strong>stant,</strong></span> <span class='ocrx_word' id='word_1_42' title='bbox 1525 727 1725 782; x_wconf 86' lang='lat' dir='ltr'><strong>capere</strong></span> <span class='ocrx_word' id='word_1_43' title='bbox 1765 727 1879 766; x_wconf 90' lang='lat' dir='ltr'><strong>non</strong></span> <span class='ocrx_word' id='word_1_44' title='bbox 1907 713 2096 779; x_wconf 89' lang='lat' dir='ltr'><strong>liccat,</strong></span> <span class='ocrx_word' id='word_1_45' title='bbox 2129 714 2338 784; x_wconf 86' lang='lat' dir='ltr'><strong>quique</strong></span> <span class='ocrx_word' id='word_1_46' title='bbox 2385 713 2686 783; x_wconf 86' lang='lat' dir='ltr'><strong>quominus</strong></span> <span class='ocrx_word' id='word_1_47' title='bbox 2711 711 2766 766; x_wconf 91' lang='lat' dir='ltr'><strong>id</strong></span> <span class='ocrx_word' id='word_1_48' title='bbox 2805 709 2956 781; x_wconf 86' lang='lat' dir='ltr'><strong>quod</strong></span> <span class='ocrx_word' id='word_1_49' title='bbox 2992 708 3260 780; x_wconf 70' lang='lat' dir='ltr'><strong>quaeritur</strong></span> <span class='ocrx_word' id='word_1_50' title='bbox 3298 703 3486 759; x_wconf 79' lang='lat' dir='ltr'><strong>mani-</strong></span> 
     </span>
    </p>
   </div>
   <div class='ocr_carea' id='block_1_5' title="bbox 207 807 2953 882">
    <p class='ocr_par' dir='ltr' id='par_1_5' title="bbox 207 807 2953 882">
     <span class='ocr_line' id='line_1_5' title="bbox 207 807 2953 882; baseline -0.001 -18"><span class='ocrx_word' id='word_1_51' title='bbox 207 809 444 865; x_wconf 85' lang='lat' dir='ltr'><strong>festetur</strong></span> <span class='ocrx_word' id='word_1_52' title='bbox 469 809 712 865; x_wconf 86' lang='lat' dir='ltr'><strong>motione</strong></span> <span class='ocrx_word' id='word_1_53' title='bbox 745 824 978 880; x_wconf 77' lang='lat' dir='ltr'><strong>prorsus</strong></span> <span class='ocrx_word' id='word_1_54' title='bbox 997 819 1213 876; x_wconf 87' lang='lat' dir='ltr'><strong>carent,</strong></span> <span class='ocrx_word' id='word_1_55' title='bbox 1249 825 1360 880; x_wconf 87' lang='lat' dir='ltr'><strong>qua</strong></span> <span class='ocrx_word' id='word_1_56' title='bbox 1398 809 1781 881; x_wconf 59' lang='lat' dir='ltr'><strong>querentibus</strong></span> <span class='ocrx_word' id='word_1_57' title='bbox 1818 807 1876 863; x_wconf 91' lang='lat' dir='ltr'><strong>id</strong></span> <span class='ocrx_word' id='word_1_58' title='bbox 1903 810 2054 880; x_wconf 90' lang='lat' dir='ltr'><strong>quod</strong></span> <span class='ocrx_word' id='word_1_59' title='bbox 2079 811 2350 882; x_wconf 64' lang='lat' dir='ltr'><strong>quaeritur</strong></span> <span class='ocrx_word' id='word_1_60' title='bbox 2375 808 2721 866; x_wconf 81' lang='lat' dir='ltr'><strong>manifestari</strong></span> <span class='ocrx_word' id='word_1_61' title='bbox 2744 813 2953 880; x_wconf 84' lang='lat' dir='ltr'><strong>potest.</strong></span> 
     </span>
    </p>
   </div>
   <div class='ocr_carea' id='block_1_6' title="bbox 531 987 1818 1062">
    <p class='ocr_par' dir='ltr' id='par_1_6' title="bbox 531 991 1462 1059">
     <span class='ocr_line' id='line_1_6' title="bbox 531 991 1462 1059; baseline -0.003 -12"><span class='ocrx_word' id='word_1_62' title='bbox 531 993 722 1047; x_wconf 69' lang='grc' dir='ltr'><strong>Ἄλλο</strong></span> <span class='ocrx_word' id='word_1_63' title='bbox 761 995 849 1059; x_wconf 82' lang='grc' dir='ltr'>εις</span> <span class='ocrx_word' id='word_1_64' title='bbox 884 991 952 1046; x_wconf 85' lang='grc' dir='ltr'>τὸ</span> <span class='ocrx_word' id='word_1_65' title='bbox 983 993 1132 1046; x_wconf 85' lang='grc' dir='ltr'>αὐτὸ</span> <span class='ocrx_word' id='word_1_66' title='bbox 1165 992 1462 1059; x_wconf 78' lang='grc' dir='ltr'>θεώρημα.</span> 
     </span>
    </p>
   </div>
   <div class='ocr_carea' id='block_1_7' title="bbox 1922 987 3086 1062">
    <p class='ocr_par' dir='ltr' id='par_1_7' title="bbox 2277 987 3086 1060">
     <span class='ocr_line' id='line_1_7' title="bbox 2277 987 3086 1060; baseline -0.012 -11"><span class='ocrx_word' id='word_1_67' title='bbox 2277 993 2401 1049; x_wconf 83' lang='lat' dir='ltr'><strong>Alia</strong></span> <span class='ocrx_word' id='word_1_68' title='bbox 2431 994 2486 1046; x_wconf 87' lang='lat' dir='ltr'><strong>in</strong></span> <span class='ocrx_word' id='word_1_69' title='bbox 2516 993 2654 1046; x_wconf 86' lang='lat' dir='ltr'><strong>idem</strong></span> <span class='ocrx_word' id='word_1_70' title='bbox 2691 987 3086 1060; x_wconf 81' lang='lat' dir='ltr'><strong>contemplatio.</strong></span> 
     </span>
    </p>
   </div>
   <div class='ocr_carea' id='block_1_8' title="bbox 285 1095 1818 1178">
    <p class='ocr_par' dir='ltr' id='par_1_8' title="bbox 285 1104 1790 1178">
     <span class='ocr_line' id='line_1_8' title="bbox 285 1104 1790 1178; baseline 0.001 -19"><span class='ocrx_word' id='word_1_71' title='bbox 285 1105 394 1159; x_wconf 71' lang='grc' dir='ltr'><strong>Καὶ</strong></span> <span class='ocrx_word' id='word_1_72' title='bbox 428 1104 590 1161; x_wconf 76' lang='grc' dir='ltr'>πάλιν</span> <span class='ocrx_word' id='word_1_73' title='bbox 619 1106 826 1178; x_wconf 75' lang='grc' dir='ltr'>ἑϐδόμη</span> <span class='ocrx_word' id='word_1_74' title='bbox 857 1107 954 1160; x_wconf 79' lang='grc' dir='ltr'><strong>καὶ</strong></span> <span class='ocrx_word' id='word_1_75' title='bbox 979 1106 1263 1161; x_wconf 80' lang='grc' dir='ltr'>Σάῦϐατόν</span> <span class='ocrx_word' id='word_1_76' title='bbox 1296 1107 1447 1159; x_wconf 75' lang='grc' dir='ltr'>ἐστιν</span> <span class='ocrx_word' id='word_1_77' title='bbox 1478 1106 1642 1178; x_wconf 79' lang='grc' dir='ltr'>ήτῶν</span> <span class='ocrx_word' id='word_1_78' title='bbox 1666 1107 1790 1160; x_wconf 79' lang='grc' dir='ltr'>κατ’</span> 
     </span>
    </p>
   </div>
   <div class='ocr_carea' id='block_1_9' title="bbox 1922 1095 3479 1178">
    <p class='ocr_par' dir='ltr' id='par_1_9' title="bbox 1967 1095 3479 1178">
     <span class='ocr_line' id='line_1_9' title="bbox 1967 1095 3479 1178; baseline -0.009 -15"><span class='ocrx_word' id='word_1_79' title='bbox 1967 1109 2150 1178; x_wconf 85' lang='lat' dir='ltr'><strong>Atque</strong></span> <span class='ocrx_word' id='word_1_80' title='bbox 2193 1122 2388 1162; x_wconf 88' lang='lat' dir='ltr'><strong>rursus</strong></span> <span class='ocrx_word' id='word_1_81' title='bbox 2431 1106 2662 1176; x_wconf 88' lang='lat' dir='ltr'><strong>septima</strong></span> <span class='ocrx_word' id='word_1_82' title='bbox 2710 1113 2766 1160; x_wconf 90' lang='lat' dir='ltr'><strong>et</strong></span> <span class='ocrx_word' id='word_1_83' title='bbox 2809 1101 3114 1158; x_wconf 84' lang='lat' dir='ltr'><strong>Sabbatum</strong></span> <span class='ocrx_word' id='word_1_84' title='bbox 3161 1107 3246 1152; x_wconf 86' lang='lat' dir='ltr'><strong>est</strong></span> <span class='ocrx_word' id='word_1_85' title='bbox 3283 1095 3479 1152; x_wconf 90' lang='lat' dir='ltr'><strong>modo-</strong></span> 
     </span>
    </p>
   </div>
   <div class='ocr_carea' id='block_1_10' title="bbox 207 1189 1818 1268">
    <p class='ocr_par' dir='ltr' id='par_1_10' title="bbox 207 1194 1796 1268">
     <span class='ocr_line' id='line_1_10' title="bbox 207 1194 1796 1268; baseline 0.001 -20"><span class='ocrx_word' id='word_1_86' title='bbox 207 1194 414 1266; x_wconf 84' lang='grc' dir='ltr'>ἀρετὴν</span> <span class='ocrx_word' id='word_1_87' title='bbox 440 1195 700 1250; x_wconf 74' lang='grc' dir='ltr'>ἁπάντων</span> <span class='ocrx_word' id='word_1_88' title='bbox 721 1198 939 1267; x_wconf 84' lang='grc' dir='ltr'>τρόπων</span> <span class='ocrx_word' id='word_1_89' title='bbox 963 1199 1058 1250; x_wconf 73' lang='grc' dir='ltr'><strong>καὶ</strong></span> <span class='ocrx_word' id='word_1_90' title='bbox 1084 1197 1192 1252; x_wconf 91' lang='grc' dir='ltr'><strong>τῶν</strong></span> <span class='ocrx_word' id='word_1_91' title='bbox 1215 1197 1360 1251; x_wconf 83' lang='grc' dir='ltr'>κατὰ</span> <span class='ocrx_word' id='word_1_92' title='bbox 1391 1197 1624 1268; x_wconf 85' lang='grc' dir='ltr'>θεωρίαν</span> <span class='ocrx_word' id='word_1_93' title='bbox 1637 1211 1796 1265; x_wconf 82' lang='grc' dir='ltr'>’γνω-</span> 
     </span>
    </p>
   </div>
   <div class='ocr_carea' id='block_1_11' title="bbox 1922 1189 3480 1268">
    <p class='ocr_par' dir='ltr' id='par_1_11' title="bbox 1922 1189 3480 1262">
     <span class='ocr_line' id='line_1_11' title="bbox 1922 1189 3480 1262; baseline -0.008 -9"><span class='ocrx_word' id='word_1_94' title='bbox 1922 1215 2023 1254; x_wconf 73' lang='lat' dir='ltr'><strong>nm</strong></span> <span class='ocrx_word' id='word_1_95' title='bbox 2073 1199 2320 1254; x_wconf 90' lang='lat' dir='ltr'><strong>omnium</strong></span> <span class='ocrx_word' id='word_1_96' title='bbox 2360 1197 2662 1252; x_wconf 91' lang='lat' dir='ltr'><strong>secundum</strong></span> <span class='ocrx_word' id='word_1_97' title='bbox 2704 1195 2966 1249; x_wconf 83' lang='lat' dir='ltr'><strong>virtutem</strong></span> <span class='ocrx_word' id='word_1_98' title='bbox 3007 1200 3064 1245; x_wconf 87' lang='lat' dir='ltr'><strong>et</strong></span> <span class='ocrx_word' id='word_1_99' title='bbox 3105 1189 3480 1262; x_wconf 80' lang='lat' dir='ltr'><strong>gnosticarum</strong></span> 
     </span>
    </p>
   </div>
   <div class='ocr_carea' id='block_1_12' title="bbox 211 1282 1818 1358">
    <p class='ocr_par' dir='ltr' id='par_1_12' title="bbox 211 1285 1799 1358">
     <span class='ocr_line' id='line_1_12' title="bbox 211 1285 1799 1358; baseline 0.002 -21"><span class='ocrx_word' id='word_1_100' title='bbox 211 1285 419 1338; x_wconf 82' lang='grc' dir='ltr'>στικῶν</span> <span class='ocrx_word' id='word_1_101' title='bbox 457 1285 634 1353; x_wconf 82' lang='grc' dir='ltr'>λόγων</span> <span class='ocrx_word' id='word_1_102' title='bbox 659 1285 930 1350; x_wconf 79' lang='grc' dir='ltr'>διάϐασις.</span> <span class='ocrx_word' id='word_1_103' title='bbox 974 1286 1168 1356; x_wconf 85' lang='grc' dir='ltr'>Ὀγδόη</span> <span class='ocrx_word' id='word_1_104' title='bbox 1197 1287 1257 1341; x_wconf 78' lang='grc' dir='ltr'><strong>δέ</strong></span> <span class='ocrx_word' id='word_1_105' title='bbox 1291 1288 1440 1340; x_wconf 74' lang='grc' dir='ltr'>ἐστιν</span> <span class='ocrx_word' id='word_1_106' title='bbox 1463 1290 1496 1358; x_wconf 82' lang='grc' dir='ltr'>ἡ</span> <span class='ocrx_word' id='word_1_107' title='bbox 1533 1286 1671 1356; x_wconf 75' lang='grc' dir='ltr'>πρὸς</span> <span class='ocrx_word' id='word_1_108' title='bbox 1697 1286 1799 1356; x_wconf 68' lang='grc' dir='ltr'>τὴν</span> 
     </span>
    </p>
   </div>
   <div class='ocr_carea' id='block_1_13' title="bbox 1922 1282 3477 1358">
    <p class='ocr_par' dir='ltr' id='par_1_13' title="bbox 1922 1282 3477 1354">
     <span class='ocr_line' id='line_1_13' title="bbox 1922 1282 3477 1354; baseline -0.01 -10"><span class='ocrx_word' id='word_1_109' title='bbox 1922 1290 2175 1344; x_wconf 71' lang='lat' dir='ltr'><strong>&#39;ationum</strong></span> <span class='ocrx_word' id='word_1_110' title='bbox 2203 1285 2508 1344; x_wconf 88' lang='lat' dir='ltr'><strong>secundum</strong></span> <span class='ocrx_word' id='word_1_111' title='bbox 2535 1282 3054 1354; x_wconf 85' lang='lat' dir='ltr'><strong>contemplationem</strong></span> <span class='ocrx_word' id='word_1_112' title='bbox 3086 1289 3477 1349; x_wconf 75' lang='lat' dir='ltr'><strong>transgressus.</strong></span> 
     </span>
    </p>
   </div>
   <div class='ocr_carea' id='block_1_14' title="bbox 211 1371 1818 1450">
    <p class='ocr_par' dir='ltr' id='par_1_14' title="bbox 211 1375 1800 1450">
     <span class='ocr_line' id='line_1_14' title="bbox 211 1375 1800 1450; baseline 0.002 -22"><span class='ocrx_word' id='word_1_113' title='bbox 211 1375 392 1446; x_wconf 71' lang='grc' dir='ltr'>ἀρχὴν</span> <span class='ocrx_word' id='word_1_114' title='bbox 421 1377 518 1430; x_wconf 74' lang='grc' dir='ltr'><strong>καὶ</strong></span> <span class='ocrx_word' id='word_1_115' title='bbox 550 1378 734 1431; x_wconf 78' lang='grc' dir='ltr'>αἰτίαν</span> <span class='ocrx_word' id='word_1_116' title='bbox 766 1377 877 1432; x_wconf 88' lang='grc' dir='ltr'><strong>τῶν</strong></span> <span class='ocrx_word' id='word_1_117' title='bbox 919 1379 1244 1449; x_wconf 79' lang='grc' dir='ltr'><strong>πρακτικῶς</strong></span> <span class='ocrx_word' id='word_1_118' title='bbox 1275 1379 1664 1450; x_wconf 76' lang='grc' dir='ltr'><strong>πεποιημένων</strong></span> <span class='ocrx_word' id='word_1_119' title='bbox 1705 1379 1800 1432; x_wconf 81' lang='grc' dir='ltr'><strong>καὶ</strong></span> 
     </span>
    </p>
   </div>
   <div class='ocr_carea' id='block_1_15' title="bbox 1922 1371 3487 1450">
    <p class='ocr_par' dir='ltr' id='par_1_15' title="bbox 1922 1371 3487 1445">
     <span class='ocr_line' id='line_1_15' title="bbox 1922 1371 3487 1445; baseline -0.01 -10"><span class='ocrx_word' id='word_1_120' title='bbox 1922 1381 2104 1436; x_wconf 81' lang='lat' dir='ltr'><strong>Jctava</strong></span> <span class='ocrx_word' id='word_1_121' title='bbox 2153 1388 2337 1432; x_wconf 86' lang='lat' dir='ltr'><strong>autem</strong></span> <span class='ocrx_word' id='word_1_122' title='bbox 2387 1387 2474 1432; x_wconf 91' lang='lat' dir='ltr'><strong>est</strong></span> <span class='ocrx_word' id='word_1_123' title='bbox 2509 1392 2635 1432; x_wconf 79' lang='lat' dir='ltr'><strong>vera</strong></span> <span class='ocrx_word' id='word_1_124' title='bbox 2681 1375 2747 1430; x_wconf 90' lang='lat' dir='ltr'><strong>ad</strong></span> <span class='ocrx_word' id='word_1_125' title='bbox 2793 1371 3122 1445; x_wconf 88' lang='lat' dir='ltr'><strong>principium</strong></span> <span class='ocrx_word' id='word_1_126' title='bbox 3163 1377 3220 1424; x_wconf 91' lang='lat' dir='ltr'><strong>ct</strong></span> <span class='ocrx_word' id='word_1_127' title='bbox 3257 1381 3487 1422; x_wconf 82' lang='lat' dir='ltr'><strong>causam</strong></span> 
     </span>
    </p>
   </div>
   <div class='ocr_carea' id='block_1_16' title="bbox 210 1459 1818 1545">
    <p class='ocr_par' dir='ltr' id='par_1_16' title="bbox 210 1467 1799 1545">
     <span class='ocr_line' id='line_1_16' title="bbox 210 1467 1799 1545; baseline 0.003 -25"><span class='ocrx_word' id='word_1_128' title='bbox 210 1467 325 1520; x_wconf 86' lang='grc' dir='ltr'><strong>τῶν</strong></span> <span class='ocrx_word' id='word_1_129' title='bbox 359 1468 718 1540; x_wconf 84' lang='grc' dir='ltr'>θεωρητικῶς</span> <span class='ocrx_word' id='word_1_130' title='bbox 761 1470 1127 1542; x_wconf 76' lang='grc' dir='ltr'>ἐγνωσμένων</span> <span class='ocrx_word' id='word_1_131' title='bbox 1156 1471 1298 1526; x_wconf 59' lang='grc' dir='ltr'>κατὰ</span> <span class='ocrx_word' id='word_1_132' title='bbox 1327 1473 1428 1545; x_wconf 75' lang='grc' dir='ltr'>τὴν</span> <span class='ocrx_word' id='word_1_133' title='bbox 1471 1471 1634 1543; x_wconf 86' lang='grc' dir='ltr'>χάριν</span> <span class='ocrx_word' id='word_1_134' title='bbox 1665 1471 1799 1541; x_wconf 84' lang='grc' dir='ltr'>ἀλη-</span> 
     </span>
    </p>
   </div>
   <div class='ocr_carea' id='block_1_17' title="bbox 1922 1459 3502 1545">
    <p class='ocr_par' dir='ltr' id='par_1_17' title="bbox 1922 1459 3502 1539">
     <span class='ocr_line' id='line_1_17' title="bbox 1922 1459 3502 1539; baseline -0.011 -15"><span class='ocrx_word' id='word_1_135' title='bbox 1922 1485 2094 1525; x_wconf 73' lang='lat' dir='ltr'><strong>:orum</strong></span> <span class='ocrx_word' id='word_1_136' title='bbox 2121 1485 2242 1539; x_wconf 76' lang='lat' dir='ltr'><strong>qua:</strong></span> <span class='ocrx_word' id='word_1_137' title='bbox 2271 1468 2450 1524; x_wconf 80' lang='lat' dir='ltr'><strong>active</strong></span> <span class='ocrx_word' id='word_1_138' title='bbox 2479 1475 2610 1522; x_wconf 89' lang='lat' dir='ltr'><strong>sunt</strong></span> <span class='ocrx_word' id='word_1_139' title='bbox 2635 1467 2779 1521; x_wconf 79' lang='lat' dir='ltr'><strong>facta</strong></span> <span class='ocrx_word' id='word_1_140' title='bbox 2809 1473 2867 1520; x_wconf 86' lang='lat' dir='ltr'><strong>et</strong></span> <span class='ocrx_word' id='word_1_141' title='bbox 2895 1459 3320 1532; x_wconf 75' lang='lat' dir='ltr'><strong>contemplativa</strong></span> <span class='ocrx_word' id='word_1_142' title='bbox 3354 1466 3502 1514; x_wconf 88' lang='lat' dir='ltr'><strong>sunt.</strong></span> 
     </span>
    </p>
   </div>
   <div class='ocr_carea' id='block_1_18' title="bbox 213 1557 1818 1634">
    <p class='ocr_par' dir='ltr' id='par_1_18' title="bbox 213 1561 735 1634">
     <span class='ocr_line' id='line_1_18' title="bbox 213 1561 735 1634; baseline 0.004 -20"><span class='ocrx_word' id='word_1_143' title='bbox 213 1561 320 1630; x_wconf 74' lang='grc' dir='ltr'>θὴς</span> <span class='ocrx_word' id='word_1_144' title='bbox 351 1562 735 1634; x_wconf 70' lang='grc' dir='ltr'><strong>μεταποίησις.</strong></span> 
     </span>
    </p>
   </div>
   <div class='ocr_carea' id='block_1_19' title="bbox 1922 1557 2922 1634">
    <p class='ocr_par' dir='ltr' id='par_1_19' title="bbox 1922 1557 2922 1632">
     <span class='ocr_line' id='line_1_19' title="bbox 1922 1557 2922 1632; baseline -0.003 -18"><span class='ocrx_word' id='word_1_145' title='bbox 1922 1561 2116 1632; x_wconf 79' lang='lat' dir='ltr'><strong>:oguita</strong></span> <span class='ocrx_word' id='word_1_146' title='bbox 2145 1575 2244 1631; x_wconf 89' lang='lat' dir='ltr'><strong>per</strong></span> <span class='ocrx_word' id='word_1_147' title='bbox 2268 1561 2497 1630; x_wconf 82' lang='lat' dir='ltr'><strong>gratiam</strong></span> <span class='ocrx_word' id='word_1_148' title='bbox 2527 1557 2922 1630; x_wconf 79' lang='lat' dir='ltr'><strong>rcgeneratio.-</strong></span> 
     </span>
    </p>
   </div>
   <div class='ocr_carea' id='block_1_20' title="bbox 575 1745 1440 1816">
    <p class='ocr_par' dir='ltr' id='par_1_20' title="bbox 575 1745 1440 1816">
     <span class='ocr_line' id='line_1_20' title="bbox 575 1745 1440 1816; baseline 0.002 -17"><span class='ocrx_word' id='word_1_149' title='bbox 575 1746 761 1812; x_wconf 78' lang='grc' dir='ltr'><strong>Ἄλλη</strong></span> <span class='ocrx_word' id='word_1_150' title='bbox 800 1747 888 1812; x_wconf 75' lang='grc' dir='ltr'>εἰς</span> <span class='ocrx_word' id='word_1_151' title='bbox 922 1745 986 1800; x_wconf 86' lang='grc' dir='ltr'>τὸ</span> <span class='ocrx_word' id='word_1_152' title='bbox 1019 1747 1168 1800; x_wconf 77' lang='grc' dir='ltr'>αὐτὸ</span> <span class='ocrx_word' id='word_1_153' title='bbox 1210 1748 1440 1816; x_wconf 67' lang='grc' dir='ltr'>θεωρία.</span> 
     </span>
    </p>
   </div>
   <div class='ocr_carea' id='block_1_21' title="bbox 292 1852 1798 1930">
    <p class='ocr_par' dir='ltr' id='par_1_21' title="bbox 292 1852 1798 1930">
     <span class='ocr_line' id='line_1_21' title="bbox 292 1852 1798 1930; baseline 0.003 -22"><span class='ocrx_word' id='word_1_154' title='bbox 292 1855 449 1908; x_wconf 76' lang='grc' dir='ltr'>Ἐστι</span> <span class='ocrx_word' id='word_1_155' title='bbox 479 1855 580 1926; x_wconf 86' lang='grc' dir='ltr'>μὲν</span> <span class='ocrx_word' id='word_1_156' title='bbox 619 1852 713 1910; x_wconf 71' lang='grc' dir='ltr'><strong>οὖν</strong></span> <span class='ocrx_word' id='word_1_157' title='bbox 753 1857 848 1910; x_wconf 72' lang='grc' dir='ltr'><strong>καὶ</strong></span> <span class='ocrx_word' id='word_1_158' title='bbox 877 1853 1035 1922; x_wconf 70' lang='grc' dir='ltr'>αὖθις</span> <span class='ocrx_word' id='word_1_159' title='bbox 1069 1858 1272 1929; x_wconf 70' lang='grc' dir='ltr'><strong>ἑϐδόμη</strong></span> <span class='ocrx_word' id='word_1_160' title='bbox 1308 1859 1402 1912; x_wconf 68' lang='grc' dir='ltr'><strong>καὶ</strong></span> <span class='ocrx_word' id='word_1_161' title='bbox 1447 1859 1725 1913; x_wconf 74' lang='grc' dir='ltr'>Σάϐϐατον</span> <span class='ocrx_word' id='word_1_162' title='bbox 1764 1861 1798 1930; x_wconf 81' lang='grc' dir='ltr'>ἡ</span> 
     </span>
    </p>
   </div>
   <div class='ocr_carea' id='block_1_22' title="bbox 214 1944 1800 2020">
    <p class='ocr_par' dir='ltr' id='par_1_22' title="bbox 214 1944 1800 2020">
     <span class='ocr_line' id='line_1_22' title="bbox 214 1944 1800 2020; baseline 0.004 -23"><span class='ocrx_word' id='word_1_163' title='bbox 214 1944 319 2015; x_wconf 80' lang='grc' dir='ltr'>τὴν</span> <span class='ocrx_word' id='word_1_164' title='bbox 349 1945 470 1999; x_wconf 87' lang='grc' dir='ltr'>κατ’</span> <span class='ocrx_word' id='word_1_165' title='bbox 501 1947 702 2016; x_wconf 76' lang='grc' dir='ltr'>ἀρετὴν</span> <span class='ocrx_word' id='word_1_166' title='bbox 732 1947 1089 2019; x_wconf 81' lang='grc' dir='ltr'>διαδεχομένη</span> <span class='ocrx_word' id='word_1_167' title='bbox 1124 1949 1436 2020; x_wconf 75' lang='grc' dir='ltr'>πρακτικὴν</span> <span class='ocrx_word' id='word_1_168' title='bbox 1475 1950 1800 2020; x_wconf 72' lang='grc' dir='ltr'>φιλοσοφίαν</span> 
     </span>
    </p>
   </div>
   <div class='ocr_carea' id='block_1_23' title="bbox 215 2033 1802 2110">
    <p class='ocr_par' dir='ltr' id='par_1_23' title="bbox 215 2033 1802 2110">
     <span class='ocr_line' id='line_1_23' title="bbox 215 2033 1802 2110; baseline 0.004 -22"><span class='ocrx_word' id='word_1_169' title='bbox 215 2033 478 2090; x_wconf 81' lang='grc' dir='ltr'>ἀπάθεια.</span> <span class='ocrx_word' id='word_1_170' title='bbox 527 2035 718 2106; x_wconf 83' lang='grc' dir='ltr'>Ὀγδόη</span> <span class='ocrx_word' id='word_1_171' title='bbox 765 2039 821 2090; x_wconf 85' lang='grc' dir='ltr'>δὲ</span> <span class='ocrx_word' id='word_1_172' title='bbox 871 2039 965 2092; x_wconf 71' lang='grc' dir='ltr'><strong>καὶ</strong></span> <span class='ocrx_word' id='word_1_173' title='bbox 1011 2038 1202 2110; x_wconf 83' lang='grc' dir='ltr'>πρώτη</span> <span class='ocrx_word' id='word_1_174' title='bbox 1249 2040 1418 2105; x_wconf 76' lang='grc' dir='ltr'>ἐστὶν,</span> <span class='ocrx_word' id='word_1_175' title='bbox 1451 2041 1527 2103; x_wconf 79' lang='grc' dir='ltr'>ὡς</span> <span class='ocrx_word' id='word_1_176' title='bbox 1567 2041 1665 2110; x_wconf 87' lang='grc' dir='ltr'><strong>μία</strong></span> <span class='ocrx_word' id='word_1_177' title='bbox 1706 2042 1802 2094; x_wconf 81' lang='grc' dir='ltr'><strong>καὶ</strong></span> 
     </span>
    </p>
   </div>
   <div class='ocr_carea' id='block_1_24' title="bbox 215 2122 1808 2200">
    <p class='ocr_par' dir='ltr' id='par_1_24' title="bbox 215 2122 1808 2200">
     <span class='ocr_line' id='line_1_24' title="bbox 215 2122 1808 2200; baseline 0.006 -24"><span class='ocrx_word' id='word_1_178' title='bbox 215 2122 584 2189; x_wconf 76' lang='grc' dir='ltr'>ἁκατάλυτος,</span> <span class='ocrx_word' id='word_1_179' title='bbox 627 2126 660 2196; x_wconf 76' lang='grc' dir='ltr'>ἡ</span> <span class='ocrx_word' id='word_1_180' title='bbox 704 2125 850 2195; x_wconf 82' lang='grc' dir='ltr'>μετὰ</span> <span class='ocrx_word' id='word_1_181' title='bbox 888 2128 988 2196; x_wconf 85' lang='grc' dir='ltr'><strong>τὴν</strong></span> <span class='ocrx_word' id='word_1_182' title='bbox 1021 2129 1336 2200; x_wconf 79' lang='grc' dir='ltr'><strong>γνωστικὴν</strong></span> <span class='ocrx_word' id='word_1_183' title='bbox 1363 2129 1598 2198; x_wconf 76' lang='grc' dir='ltr'><strong>Θεωρίαν</strong></span> <span class='ocrx_word' id='word_1_184' title='bbox 1631 2130 1808 2198; x_wconf 72' lang='grc' dir='ltr'>ἐπιγι-</span> 
     </span>
    </p>
   </div>
   <div class='ocr_carea' id='block_1_25' title="bbox 215 2217 1807 2291">
    <p class='ocr_par' dir='ltr' id='par_1_25' title="bbox 215 2217 1807 2291">
     <span class='ocr_line' id='line_1_25' title="bbox 215 2217 1807 2291; baseline 0.006 -25"><span class='ocrx_word' id='word_1_185' title='bbox 215 2217 428 2286; x_wconf 83' lang='grc' dir='ltr'>νομένη</span> <span class='ocrx_word' id='word_1_186' title='bbox 459 2217 644 2286; x_wconf 86' lang='grc' dir='ltr'>σοφία.</span> <span class='ocrx_word' id='word_1_187' title='bbox 669 2218 781 2270; x_wconf 75' lang='grc' dir='ltr'><strong>Καὶ</strong></span> <span class='ocrx_word' id='word_1_188' title='bbox 809 2221 926 2272; x_wconf 82' lang='grc' dir='ltr'>κατ’</span> <span class='ocrx_word' id='word_1_189' title='bbox 947 2219 1146 2282; x_wconf 75' lang='grc' dir='ltr'>ἄλλους</span> <span class='ocrx_word' id='word_1_190' title='bbox 1179 2220 1236 2272; x_wconf 85' lang='grc' dir='ltr'><strong>δὲ</strong></span> <span class='ocrx_word' id='word_1_191' title='bbox 1266 2221 1504 2291; x_wconf 79' lang='grc' dir='ltr'>τρόπους</span> <span class='ocrx_word' id='word_1_192' title='bbox 1541 2221 1807 2276; x_wconf 82' lang='grc' dir='ltr'>παντοδα-</span> 
     </span>
    </p>
   </div>
   <div class='ocr_carea' id='block_1_26' title="bbox 155 2305 1808 2383">
    <p class='ocr_par' dir='ltr' id='par_1_26' title="bbox 155 2305 1808 2383">
     <span class='ocr_line' id='line_1_26' title="bbox 155 2305 1808 2383; baseline 0.004 -24"><span class='ocrx_word' id='word_1_193' title='bbox 155 2358 172 2366; x_wconf 82' lang='grc'><strong>,</strong></span> <span class='ocrx_word' id='word_1_194' title='bbox 217 2305 365 2370; x_wconf 84' lang='grc' dir='ltr'>πούς</span> <span class='ocrx_word' id='word_1_195' title='bbox 414 2309 533 2361; x_wconf 83' lang='grc' dir='ltr'>ἐστι</span> <span class='ocrx_word' id='word_1_196' title='bbox 576 2308 803 2362; x_wconf 74' lang='grc' dir='ltr'>δυνατὸν</span> <span class='ocrx_word' id='word_1_197' title='bbox 847 2313 962 2372; x_wconf 83' lang='grc' dir='ltr'>τοῖς</span> <span class='ocrx_word' id='word_1_198' title='bbox 990 2309 1098 2363; x_wconf 88' lang='grc' dir='ltr'><strong>τῶν</strong></span> <span class='ocrx_word' id='word_1_199' title='bbox 1129 2309 1290 2364; x_wconf 89' lang='grc' dir='ltr'>θείων</span> <span class='ocrx_word' id='word_1_200' title='bbox 1335 2312 1690 2383; x_wconf 79' lang='grc' dir='ltr'>φιλοθεάμοσι</span> <span class='ocrx_word' id='word_1_201' title='bbox 1717 2313 1808 2366; x_wconf 69' lang='grc' dir='ltr'><strong>τὸν</strong></span> 
     </span>
    </p>
   </div>
   <div class='ocr_carea' id='block_1_27' title="bbox 215 2402 1806 2474">
    <p class='ocr_par' dir='ltr' id='par_1_27' title="bbox 215 2402 1806 2474">
     <span class='ocr_line' id='line_1_27' title="bbox 215 2402 1806 2474; baseline 0.001 -19"><span class='ocrx_word' id='word_1_202' title='bbox 215 2403 356 2474; x_wconf 80' lang='grc' dir='ltr'>περὶ</span> <span class='ocrx_word' id='word_1_203' title='bbox 405 2402 514 2456; x_wconf 89' lang='grc' dir='ltr'><strong>τῶν</strong></span> <span class='ocrx_word' id='word_1_204' title='bbox 551 2403 810 2456; x_wconf 84' lang='grc' dir='ltr'>τοιούτων</span> <span class='ocrx_word' id='word_1_205' title='bbox 854 2403 1174 2474; x_wconf 76' lang='grc' dir='ltr'>ἐκδέχεσθαι</span> <span class='ocrx_word' id='word_1_206' title='bbox 1217 2404 1412 2474; x_wconf 79' lang='grc' dir='ltr'>λόγον,</span> <span class='ocrx_word' id='word_1_207' title='bbox 1465 2407 1560 2460; x_wconf 67' lang='grc' dir='ltr'><strong>καὶ</strong></span> <span class='ocrx_word' id='word_1_208' title='bbox 1604 2404 1806 2470; x_wconf 75' lang='grc' dir='ltr'>πολλὰς</span> 
     </span>
    </p>
   </div>
   <div class='ocr_carea' id='block_1_28' title="bbox 218 2493 1473 2568">
    <p class='ocr_par' dir='ltr' id='par_1_28' title="bbox 218 2493 1473 2568">
     <span class='ocr_line' id='line_1_28' title="bbox 218 2493 1473 2568; baseline 0.006 -22"><span class='ocrx_word' id='word_1_209' title='bbox 218 2493 400 2560; x_wconf 82' lang='grc' dir='ltr'>καλάς</span> <span class='ocrx_word' id='word_1_210' title='bbox 431 2511 493 2548; x_wconf 88' lang='grc' dir='ltr'><strong>τε</strong></span> <span class='ocrx_word' id='word_1_211' title='bbox 524 2495 620 2549; x_wconf 76' lang='grc' dir='ltr'><strong>καὶ</strong></span> <span class='ocrx_word' id='word_1_212' title='bbox 659 2495 883 2567; x_wconf 78' lang='grc' dir='ltr'>ἀληθεῖς</span> <span class='ocrx_word' id='word_1_213' title='bbox 918 2499 1171 2567; x_wconf 79' lang='grc' dir='ltr'>ἐφευρείν</span> <span class='ocrx_word' id='word_1_214' title='bbox 1215 2496 1473 2568; x_wconf 79' lang='grc' dir='ltr'>Θεωρίας.</span> 
     </span>
    </p>
   </div>
   <div class='ocr_carea' id='block_1_29' title="bbox 231 2665 1804 2737">
    <p class='ocr_par' dir='ltr' id='par_1_29' title="bbox 231 2665 1804 2737">
     <span class='ocr_line' id='line_1_29' title="bbox 231 2665 1804 2737; baseline 0.006 -18"><span class='ocrx_word' id='word_1_215' title='bbox 231 2666 336 2720; x_wconf 78' lang='grc' dir='ltr'><strong>Ἐκ</strong></span> <span class='ocrx_word' id='word_1_216' title='bbox 371 2665 481 2720; x_wconf 85' lang='grc' dir='ltr'>τοῦ</span> <span class='ocrx_word' id='word_1_217' title='bbox 517 2665 704 2720; x_wconf 82' lang='grc' dir='ltr'>αὑτοῦ</span> <span class='ocrx_word' id='word_1_218' title='bbox 741 2669 952 2737; x_wconf 76' lang='grc' dir='ltr'>λόγου,</span> <span class='ocrx_word' id='word_1_219' title='bbox 991 2669 1118 2736; x_wconf 82' lang='grc' dir='ltr'>πῶς</span> <span class='ocrx_word' id='word_1_220' title='bbox 1146 2671 1242 2723; x_wconf 78' lang='grc' dir='ltr'>τόο</span> <span class='ocrx_word' id='word_1_221' title='bbox 1280 2691 1298 2724; x_wconf 76' lang='grc' dir='ltr'><strong>ι</strong></span> <span class='ocrx_word' id='word_1_222' title='bbox 1330 2671 1679 2728; x_wconf 73' lang='grc' dir='ltr'>Δισσὼσατε</span> <span class='ocrx_word' id='word_1_223' title='bbox 1708 2675 1804 2728; x_wconf 75' lang='grc' dir='ltr'><strong>καὶ</strong></span> 
     </span>
    </p>
   </div>
   <div class='ocr_carea' id='block_1_30' title="bbox 294 2756 1806 2832">
    <p class='ocr_par' dir='ltr' id='par_1_30' title="bbox 294 2756 1806 2832">
     <span class='ocr_line' id='line_1_30' title="bbox 294 2756 1806 2832; baseline 0.007 -24"><span class='ocrx_word' id='word_1_224' title='bbox 294 2756 696 2824; x_wconf 78' lang='grc' dir='ltr'>τρισσώσατε.</span> <span class='ocrx_word' id='word_1_225' title='bbox 731 2777 749 2809; x_wconf 73' lang='grc' dir='ltr'><strong>ι</strong></span> <span class='ocrx_word' id='word_1_226' title='bbox 795 2759 983 2813; x_wconf 71' lang='grc' dir='ltr'>ιαϐὼν</span> <span class='ocrx_word' id='word_1_227' title='bbox 1011 2764 1042 2814; x_wconf 85' lang='grc' dir='ltr'><em>ὁ</em></span> <span class='ocrx_word' id='word_1_228' title='bbox 1077 2761 1448 2828; x_wconf 75' lang='grc' dir='ltr'>διδάσκαλος</span> <span class='ocrx_word' id='word_1_229' title='bbox 1470 2767 1552 2830; x_wconf 78' lang='grc' dir='ltr'>εὶς</span> <span class='ocrx_word' id='word_1_230' title='bbox 1581 2765 1646 2818; x_wconf 78' lang='grc' dir='ltr'>τὸ</span> <span class='ocrx_word' id='word_1_231' title='bbox 1675 2766 1806 2832; x_wconf 74' lang='grc' dir='ltr'>περὶ</span> 
     </span>
    </p>
   </div>
   <div class='ocr_carea' id='block_1_31' title="bbox 296 2844 1808 2922">
    <p class='ocr_par' dir='ltr' id='par_1_31' title="bbox 296 2844 1808 2922">
     <span class='ocr_line' id='line_1_31' title="bbox 296 2844 1808 2922; baseline 0.007 -22"><span class='ocrx_word' id='word_1_232' title='bbox 296 2844 410 2914; x_wconf 80' lang='grc' dir='ltr'>τῆς</span> <span class='ocrx_word' id='word_1_233' title='bbox 448 2847 702 2916; x_wconf 80' lang='grc' dir='ltr'>ἑϐδόμης</span> <span class='ocrx_word' id='word_1_234' title='bbox 755 2848 1099 2918; x_wconf 64' lang='grc' dir='ltr'>ιιυστήριόὶη</span> <span class='ocrx_word' id='word_1_235' title='bbox 1142 2870 1354 2922; x_wconf 67' lang='grc' dir='ltr'><strong>φησιν·</strong></span> <span class='ocrx_word' id='word_1_236' title='bbox 1393 2873 1410 2906; x_wconf 78' lang='grc' dir='ltr'><strong>ι</strong></span> <span class='ocrx_word' id='word_1_237' title='bbox 1457 2855 1553 2919; x_wconf 80' lang='grc' dir='ltr'><strong>Ὠς</strong></span> <span class='ocrx_word' id='word_1_238' title='bbox 1599 2855 1666 2909; x_wconf 82' lang='grc' dir='ltr'><em>δὲ</em></span> <span class='ocrx_word' id='word_1_239' title='bbox 1709 2856 1808 2910; x_wconf 76' lang='grc' dir='ltr'><strong>καὶ</strong></span> 
     </span>
    </p>
   </div>
   <div class='ocr_carea' id='block_1_32' title="bbox 298 2939 1810 3018">
    <p class='ocr_par' dir='ltr' id='par_1_32' title="bbox 298 2939 1810 3018">
     <span class='ocr_line' id='line_1_32' title="bbox 298 2939 1810 3018; baseline 0.008 -25"><span class='ocrx_word' id='word_1_240' title='bbox 298 2939 416 3010; x_wconf 74' lang='grc' dir='ltr'><strong>τὴν</strong></span> <span class='ocrx_word' id='word_1_241' title='bbox 456 2941 722 3010; x_wconf 77' lang='grc' dir='ltr'><strong>ἑϐδόμην</strong></span> <span class='ocrx_word' id='word_1_242' title='bbox 752 2943 1152 3015; x_wconf 61' lang='grc' dir='ltr'>ἀναστροφὴν</span> <span class='ocrx_word' id='word_1_243' title='bbox 1203 2948 1408 3002; x_wconf 73' lang='grc' dir='ltr'>Ἡλίου</span> <span class='ocrx_word' id='word_1_244' title='bbox 1434 2947 1542 3002; x_wconf 84' lang='grc' dir='ltr'>τοῦ</span> <span class='ocrx_word' id='word_1_245' title='bbox 1580 2949 1810 3018; x_wconf 61' lang='grc' dir='ltr'>στροφήν</span> 
     </span>
    </p>
   </div>
   <div class='ocr_carea' id='block_1_33' title="bbox 298 3031 1812 3110">
    <p class='ocr_par' dir='ltr' id='par_1_33' title="bbox 298 3031 1812 3110">
     <span class='ocr_line' id='line_1_33' title="bbox 298 3031 1812 3110; baseline 0.007 -24"><span class='ocrx_word' id='word_1_246' title='bbox 298 3049 429 3098; x_wconf 84' lang='grc' dir='ltr'>του,</span> <span class='ocrx_word' id='word_1_247' title='bbox 455 3031 537 3098; x_wconf 80' lang='grc' dir='ltr'>τῷ</span> <span class='ocrx_word' id='word_1_248' title='bbox 562 3035 672 3102; x_wconf 82' lang='grc' dir='ltr'><strong>τῆς</strong></span> <span class='ocrx_word' id='word_1_249' title='bbox 701 3037 1044 3106; x_wconf 71' lang='grc' dir='ltr'>Σαραφθίας</span> <span class='ocrx_word' id='word_1_250' title='bbox 1069 3037 1199 3104; x_wconf 77' lang='grc' dir='ltr'><strong>υἱῷ,</strong></span> <span class='ocrx_word' id='word_1_251' title='bbox 1245 3037 1313 3094; x_wconf 85' lang='grc' dir='ltr'>τὸ</span> <span class='ocrx_word' id='word_1_252' title='bbox 1341 3037 1450 3108; x_wconf 79' lang='grc' dir='ltr'><strong>ζῇν</strong></span> <span class='ocrx_word' id='word_1_253' title='bbox 1476 3041 1812 3110; x_wconf 58' lang='grc' dir='ltr'>ἐμπνεύσας</span> 
     </span>
    </p>
   </div>
   <div class='ocr_carea' id='block_1_34' title="bbox 299 3123 1811 3204">
    <p class='ocr_par' dir='ltr' id='par_1_34' title="bbox 299 3123 1811 3204">
     <span class='ocr_line' id='line_1_34' title="bbox 299 3123 1811 3204; baseline 0.007 -28"><span class='ocrx_word' id='word_1_254' title='bbox 299 3138 446 3189; x_wconf 78' lang='grc' dir='ltr'>σαν,</span> <span class='ocrx_word' id='word_1_255' title='bbox 477 3123 663 3196; x_wconf 72' lang='grc'><strong>(256</strong></span> <span class='ocrx_word' id='word_1_256' title='bbox 694 3128 749 3196; x_wconf 89' lang='lat' dir='ltr'><strong>a)</strong></span> <span class='ocrx_word' id='word_1_257' title='bbox 790 3127 888 3180; x_wconf 80' lang='grc' dir='ltr'>καί</span> <span class='ocrx_word' id='word_1_258' title='bbox 961 3129 1070 3184; x_wconf 84' lang='grc' dir='ltr'>τοῦ</span> <span class='ocrx_word' id='word_1_259' title='bbox 1110 3131 1298 3186; x_wconf 79' lang='grc' dir='ltr'>αὐτοῦ</span> <span class='ocrx_word' id='word_1_260' title='bbox 1335 3131 1452 3200; x_wconf 79' lang='grc' dir='ltr'><strong>τὴν</strong></span> <span class='ocrx_word' id='word_1_261' title='bbox 1493 3132 1811 3204; x_wconf 70' lang='grc' dir='ltr'>ἰσάριθμον</span> 
     </span>
    </p>
   </div>
   <div class='ocr_carea' id='block_1_35' title="bbox 303 3213 1388 3288">
    <p class='ocr_par' dir='ltr' id='par_1_35' title="bbox 303 3213 1388 3288">
     <span class='ocr_line' id='line_1_35' title="bbox 303 3213 1388 3288; baseline 0.013 -22"><span class='ocrx_word' id='word_1_262' title='bbox 303 3213 456 3268; x_wconf 77' lang='grc' dir='ltr'>κατὰ</span> <span class='ocrx_word' id='word_1_263' title='bbox 492 3214 610 3270; x_wconf 78' lang='grc' dir='ltr'><strong>τῶν</strong></span> <span class='ocrx_word' id='word_1_264' title='bbox 637 3216 946 3288; x_wconf 74' lang='grc' dir='ltr'><strong>σχιδὶὶκων</strong></span> <span class='ocrx_word' id='word_1_265' title='bbox 985 3221 1334 3278; x_wconf 76' lang='grc' dir='ltr'><strong>ἐπίκλυσιν.</strong></span> <span class='ocrx_word' id='word_1_266' title='bbox 1361 3245 1388 3280; x_wconf 64' lang='grc' dir='ltr'><strong>ι</strong></span> 
     </span>
    </p>
   </div>
   <div class='ocr_carea' id='block_1_36' title="bbox 316 3323 1814 3408">
    <p class='ocr_par' dir='ltr' id='par_1_36' title="bbox 316 3323 1814 3408">
     <span class='ocr_line' id='line_1_36' title="bbox 316 3323 1814 3408; baseline 0.009 -30"><span class='ocrx_word' id='word_1_267' title='bbox 316 3323 378 3378; x_wconf 87' lang='lat'><strong>&#39;0</strong></span> <span class='ocrx_word' id='word_1_268' title='bbox 429 3326 699 3398; x_wconf 85' lang='grc' dir='ltr'>μακάριος</span> <span class='ocrx_word' id='word_1_269' title='bbox 746 3329 925 3402; x_wconf 85' lang='grc' dir='ltr'>γέρων</span> <span class='ocrx_word' id='word_1_270' title='bbox 982 3334 1110 3404; x_wconf 86' lang='grc' dir='ltr'>παρ’</span> <span class='ocrx_word' id='word_1_271' title='bbox 1145 3333 1282 3404; x_wconf 74' lang='grc' dir='ltr'>ἐμοῦ</span> <span class='ocrx_word' id='word_1_272' title='bbox 1322 3335 1481 3390; x_wconf 81' lang='grc' dir='ltr'>τοῦτο</span> <span class='ocrx_word' id='word_1_273' title='bbox 1518 3338 1814 3408; x_wconf 72' lang='grc' dir='ltr'>ἐρωτηθεὶς</span> 
     </span>
    </p>
   </div>
   <div class='ocr_carea' id='block_1_37' title="bbox 224 3415 1816 3497">
    <p class='ocr_par' dir='ltr' id='par_1_37' title="bbox 224 3415 1816 3497">
     <span class='ocr_line' id='line_1_37' title="bbox 224 3415 1816 3497; baseline 0.011 -29"><span class='ocrx_word' id='word_1_274' title='bbox 224 3415 365 3486; x_wconf 67' lang='grc' dir='ltr'>ἔφη,</span> <span class='ocrx_word' id='word_1_275' title='bbox 396 3417 556 3472; x_wconf 84' lang='grc' dir='ltr'><strong>Κατὰ</strong></span> <span class='ocrx_word' id='word_1_276' title='bbox 581 3418 742 3475; x_wconf 82' lang='grc' dir='ltr'>τοῦτο</span> <span class='ocrx_word' id='word_1_277' title='bbox 767 3423 943 3494; x_wconf 80' lang='grc' dir='ltr'>τυχὸν</span> <span class='ocrx_word' id='word_1_278' title='bbox 974 3427 1103 3497; x_wconf 80' lang='grc' dir='ltr'>περὶ</span> <span class='ocrx_word' id='word_1_279' title='bbox 1129 3426 1222 3480; x_wconf 86' lang='grc' dir='ltr'>τοῦ</span> <span class='ocrx_word' id='word_1_280' title='bbox 1247 3429 1388 3483; x_wconf 75' lang='grc' dir='ltr'>ἑπτὰ</span> <span class='ocrx_word' id='word_1_281' title='bbox 1419 3429 1684 3495; x_wconf 79' lang='grc' dir='ltr'>διεξιόντα</span> <span class='ocrx_word' id='word_1_282' title='bbox 1723 3433 1816 3486; x_wconf 78' lang='grc' dir='ltr'>τὸν</span> 
     </span>
    </p>
   </div>
   <div class='ocr_carea' id='block_1_38' title="bbox 223 3503 1816 3592">
    <p class='ocr_par' dir='ltr' id='par_1_38' title="bbox 223 3503 1816 3592">
     <span class='ocr_line' id='line_1_38' title="bbox 223 3503 1816 3592; baseline 0.014 -38"><span class='ocrx_word' id='word_1_283' title='bbox 223 3503 553 3560; x_wconf 78' lang='grc' dir='ltr'>διδάσκαλον</span> <span class='ocrx_word' id='word_1_284' title='bbox 587 3508 825 3580; x_wconf 82' lang='grc' dir='ltr'>ἀριθμοῦ</span> <span class='ocrx_word' id='word_1_285' title='bbox 861 3515 1246 3585; x_wconf 81' lang='grc' dir='ltr'>τεκμήρασθαι</span> <span class='ocrx_word' id='word_1_286' title='bbox 1291 3518 1533 3573; x_wconf 84' lang='grc' dir='ltr'>δυνατόν.</span> <span class='ocrx_word' id='word_1_287' title='bbox 1593 3521 1816 3592; x_wconf 81' lang='grc' dir='ltr'>Πρῶτον</span> 
     </span>
    </p>
   </div>
   <div class='ocr_carea' id='block_1_39' title="bbox 230 3595 1817 3686">
    <p class='ocr_par' dir='ltr' id='par_1_39' title="bbox 230 3595 1817 3686">
     <span class='ocr_line' id='line_1_39' title="bbox 230 3595 1817 3686; baseline 0.013 -38"><span class='ocrx_word' id='word_1_288' title='bbox 230 3595 340 3666; x_wconf 58' lang='grc' dir='ltr'>μὲν</span> <span class='ocrx_word' id='word_1_289' title='bbox 373 3598 517 3652; x_wconf 75' lang='grc' dir='ltr'>κατὰ</span> <span class='ocrx_word' id='word_1_290' title='bbox 557 3601 686 3664; x_wconf 79' lang='grc' dir='ltr'>τοὺς</span> <span class='ocrx_word' id='word_1_291' title='bbox 722 3601 1052 3675; x_wconf 79' lang='grc' dir='ltr'>λεγομένους</span> <span class='ocrx_word' id='word_1_292' title='bbox 1083 3608 1502 3682; x_wconf 82' lang='grc' dir='ltr'>ἁριθμητικούς.</span> <span class='ocrx_word' id='word_1_293' title='bbox 1537 3613 1672 3666; x_wconf 77' lang='grc' dir='ltr'>Φασὶ</span> <span class='ocrx_word' id='word_1_294' title='bbox 1709 3614 1817 3686; x_wconf 83' lang='grc' dir='ltr'>γὰρ</span> 
     </span>
    </p>
   </div>
   <div class='ocr_carea' id='block_1_40' title="bbox 230 3691 1817 3776">
    <p class='ocr_par' dir='ltr' id='par_1_40' title="bbox 230 3691 1817 3776">
     <span class='ocr_line' id='line_1_40' title="bbox 230 3691 1817 3776; baseline 0.011 -36"><span class='ocrx_word' id='word_1_295' title='bbox 230 3691 438 3742; x_wconf 70' lang='grc' dir='ltr'>ἐκεῖνοι</span> <span class='ocrx_word' id='word_1_296' title='bbox 471 3692 826 3750; x_wconf 78' lang='grc' dir='ltr'>συνίστασθαί</span> <span class='ocrx_word' id='word_1_297' title='bbox 857 3715 1010 3761; x_wconf 88' lang='grc' dir='ltr'>τινας</span> <span class='ocrx_word' id='word_1_298' title='bbox 1052 3699 1322 3772; x_wconf 81' lang='grc' dir='ltr'>ἀριθμοὺς</span> <span class='ocrx_word' id='word_1_299' title='bbox 1356 3704 1420 3756; x_wconf 82' lang='grc' dir='ltr'><strong>ὲκ</strong></span> <span class='ocrx_word' id='word_1_300' title='bbox 1447 3705 1817 3776; x_wconf 80' lang='grc' dir='ltr'>δισσουμένων</span> 
     </span>
    </p>
   </div>
   <div class='ocr_carea' id='block_1_41' title="bbox 233 3780 1819 3864">
    <p class='ocr_par' dir='ltr' id='par_1_41' title="bbox 233 3780 1819 3864">
     <span class='ocr_line' id='line_1_41' title="bbox 233 3780 1819 3864; baseline 0.012 -33"><span class='ocrx_word' id='word_1_301' title='bbox 233 3780 336 3833; x_wconf 74' lang='grc' dir='ltr'><strong>καὶ</strong></span> <span class='ocrx_word' id='word_1_302' title='bbox 375 3785 788 3855; x_wconf 86' lang='grc' dir='ltr'>τρισσουμένων</span> <span class='ocrx_word' id='word_1_303' title='bbox 843 3788 1066 3858; x_wconf 79' lang='grc' dir='ltr'>ἐτέρων,</span> <span class='ocrx_word' id='word_1_304' title='bbox 1111 3792 1210 3861; x_wconf 76' lang='grc' dir='ltr'>τῆς</span> <span class='ocrx_word' id='word_1_305' title='bbox 1259 3794 1486 3864; x_wconf 86' lang='grc' dir='ltr'>μονάδος</span> <span class='ocrx_word' id='word_1_306' title='bbox 1514 3796 1819 3850; x_wconf 74' lang='grc' dir='ltr'>τελευταῖον</span> 
     </span>
    </p>
   </div>
   <div class='ocr_carea' id='block_1_42' title="bbox 232 3865 1819 3957">
    <p class='ocr_par' dir='ltr' id='par_1_42' title="bbox 232 3865 1819 3957">
     <span class='ocr_line' id='line_1_42' title="bbox 232 3865 1819 3957; baseline 0.013 -34"><span class='ocrx_word' id='word_1_307' title='bbox 232 3865 702 3944; x_wconf 77' lang='grc' dir='ltr'>προστιθεμένης.</span> <span class='ocrx_word' id='word_1_308' title='bbox 749 3874 874 3932; x_wconf 79' lang='grc' dir='ltr'>Οἷον</span> <span class='ocrx_word' id='word_1_309' title='bbox 923 3881 988 3934; x_wconf 84' lang='grc' dir='ltr'><strong>ὲκ</strong></span> <span class='ocrx_word' id='word_1_310' title='bbox 1031 3882 1402 3954; x_wconf 79' lang='grc' dir='ltr'>δισσουμένων</span> <span class='ocrx_word' id='word_1_311' title='bbox 1455 3887 1553 3957; x_wconf 81' lang='grc' dir='ltr'>μὲν</span> <span class='ocrx_word' id='word_1_312' title='bbox 1601 3891 1631 3942; x_wconf 83' lang='grc' dir='ltr'>ὁ</span> <span class='ocrx_word' id='word_1_313' title='bbox 1681 3887 1751 3954; x_wconf 79' lang='grc' dir='ltr'><strong>ξδ’</strong></span> <span class='ocrx_word' id='word_1_314' title='bbox 1773 3887 1819 3920; x_wconf 76' lang='grc'><strong>⁸⁷</strong></span> 
     </span>
    </p>
   </div>
   <div class='ocr_carea' id='block_1_43' title="bbox 2293 1741 3088 1812">
    <p class='ocr_par' dir='ltr' id='par_1_43' title="bbox 2293 1741 3088 1812">
     <span class='ocr_line' id='line_1_43' title="bbox 2293 1741 3088 1812; baseline -0.006 -14"><span class='ocrx_word' id='word_1_315' title='bbox 2293 1743 2415 1799; x_wconf 78' lang='lat' dir='ltr'><strong>Alia</strong></span> <span class='ocrx_word' id='word_1_316' title='bbox 2443 1744 2497 1797; x_wconf 86' lang='lat' dir='ltr'><strong>in</strong></span> <span class='ocrx_word' id='word_1_317' title='bbox 2525 1742 2664 1797; x_wconf 86' lang='lat' dir='ltr'><strong>idem</strong></span> <span class='ocrx_word' id='word_1_318' title='bbox 2697 1741 3088 1812; x_wconf 75' lang='lat' dir='ltr'><strong>contemplatio.</strong></span> 
     </span>
    </p>
   </div>
   <div class='ocr_carea' id='block_1_44' title="bbox 1974 1852 3486 1930">
    <p class='ocr_par' dir='ltr' id='par_1_44' title="bbox 1974 1852 3486 1930">
     <span class='ocr_line' id='line_1_44' title="bbox 1974 1852 3486 1930; baseline -0.008 -15"><span class='ocrx_word' id='word_1_319' title='bbox 1974 1859 2074 1915; x_wconf 81' lang='lat' dir='ltr'><strong>Est</strong></span> <span class='ocrx_word' id='word_1_320' title='bbox 2102 1859 2270 1930; x_wconf 79' lang='lat' dir='ltr'><strong>igitur</strong></span> <span class='ocrx_word' id='word_1_321' title='bbox 2293 1872 2486 1913; x_wconf 88' lang='lat' dir='ltr'><strong>rursus</strong></span> <span class='ocrx_word' id='word_1_322' title='bbox 2514 1857 2682 1912; x_wconf 89' lang='lat' dir='ltr'><strong>etiam</strong></span> <span class='ocrx_word' id='word_1_323' title='bbox 2713 1857 2945 1927; x_wconf 90' lang='lat' dir='ltr'><strong>septima</strong></span> <span class='ocrx_word' id='word_1_324' title='bbox 2975 1864 3029 1910; x_wconf 90' lang='lat' dir='ltr'><strong>et</strong></span> <span class='ocrx_word' id='word_1_325' title='bbox 3055 1854 3352 1909; x_wconf 88' lang='lat' dir='ltr'><strong>Sabbalum</strong></span> <span class='ocrx_word' id='word_1_326' title='bbox 3385 1852 3486 1906; x_wconf 85' lang='lat' dir='ltr'><strong>iu:-</strong></span> 
     </span>
    </p>
   </div>
   <div class='ocr_carea' id='block_1_45' title="bbox 1905 1939 3483 2020">
    <p class='ocr_par' dir='ltr' id='par_1_45' title="bbox 1905 1939 3483 2020">
     <span class='ocr_line' id='line_1_45' title="bbox 1905 1939 3483 2020; baseline -0.007 -14"><span class='ocrx_word' id='word_1_327' title='bbox 1905 1939 2241 2020; x_wconf 71' lang='lat' dir='ltr'><strong>passibilifas</strong></span> <span class='ocrx_word' id='word_1_328' title='bbox 2285 1963 2408 2018; x_wconf 66' lang='lat' dir='ltr'><strong>qua:</strong></span> <span class='ocrx_word' id='word_1_329' title='bbox 2453 1949 2688 2002; x_wconf 85' lang='lat' dir='ltr'><strong>activam</strong></span> <span class='ocrx_word' id='word_1_330' title='bbox 2727 1946 3134 2017; x_wconf 78' lang='lat' dir='ltr'><strong>phiIOSOphiam</strong></span> <span class='ocrx_word' id='word_1_331' title='bbox 3180 1943 3483 1998; x_wconf 89' lang='lat' dir='ltr'><strong>secundum</strong></span> 
     </span>
    </p>
   </div>
   <div class='ocr_carea' id='block_1_46' title="bbox 1904 2037 3493 2108">
    <p class='ocr_par' dir='ltr' id='par_1_46' title="bbox 1904 2037 3493 2108">
     <span class='ocr_line' id='line_1_46' title="bbox 1904 2037 3493 2108; baseline -0.006 -13"><span class='ocrx_word' id='word_1_332' title='bbox 1904 2041 2166 2095; x_wconf 77' lang='lat' dir='ltr'><strong>virtutem</strong></span> <span class='ocrx_word' id='word_1_333' title='bbox 2203 2039 2425 2108; x_wconf 82' lang='lat' dir='ltr'><strong>excipit.</strong></span> <span class='ocrx_word' id='word_1_334' title='bbox 2452 2037 2658 2093; x_wconf 79' lang='lat' dir='ltr'><strong>Octava</strong></span> <span class='ocrx_word' id='word_1_335' title='bbox 2686 2053 2816 2092; x_wconf 83' lang='lat' dir='ltr'><strong>vero</strong></span> <span class='ocrx_word' id='word_1_336' title='bbox 2848 2045 2904 2092; x_wconf 91' lang='lat' dir='ltr'><strong>et</strong></span> <span class='ocrx_word' id='word_1_337' title='bbox 2937 2037 3112 2108; x_wconf 88' lang='lat' dir='ltr'><strong>prima</strong></span> <span class='ocrx_word' id='word_1_338' title='bbox 3149 2043 3254 2098; x_wconf 85' lang='lat' dir='ltr'><strong>est,</strong></span> <span class='ocrx_word' id='word_1_339' title='bbox 3285 2043 3346 2088; x_wconf 90' lang='lat' dir='ltr'><strong>ut</strong></span> <span class='ocrx_word' id='word_1_340' title='bbox 3379 2049 3493 2088; x_wconf 83' lang='lat' dir='ltr'><strong>una-</strong></span> 
     </span>
    </p>
   </div>
   <div class='ocr_carea' id='block_1_47' title="bbox 1905 2126 3488 2200">
    <p class='ocr_par' dir='ltr' id='par_1_47' title="bbox 1905 2126 3488 2200">
     <span class='ocr_line' id='line_1_47' title="bbox 1905 2126 3488 2200; baseline -0.004 -16"><span class='ocrx_word' id='word_1_341' title='bbox 1905 2139 2069 2200; x_wconf 84' lang='lat' dir='ltr'><strong>atque</strong></span> <span class='ocrx_word' id='word_1_342' title='bbox 2105 2129 2532 2194; x_wconf 82' lang='lat' dir='ltr'><strong>indissolubilis,</strong></span> <span class='ocrx_word' id='word_1_343' title='bbox 2565 2129 2839 2198; x_wconf 86' lang='lat' dir='ltr'><strong>sapientia</strong></span> <span class='ocrx_word' id='word_1_344' title='bbox 2873 2144 2998 2198; x_wconf 84' lang='lat' dir='ltr'><strong>quae</strong></span> <span class='ocrx_word' id='word_1_345' title='bbox 3029 2137 3152 2198; x_wconf 88' lang='lat' dir='ltr'><strong>post</strong></span> <span class='ocrx_word' id='word_1_346' title='bbox 3185 2126 3488 2198; x_wconf 79' lang='lat' dir='ltr'><strong>gnosticam</strong></span> 
     </span>
    </p>
   </div>
   <div class='ocr_carea' id='block_1_48' title="bbox 1905 2217 3493 2290">
    <p class='ocr_par' dir='ltr' id='par_1_48' title="bbox 1905 2217 3493 2290">
     <span class='ocr_line' id='line_1_48' title="bbox 1905 2217 3493 2290; baseline -0.004 -15"><span class='ocrx_word' id='word_1_347' title='bbox 1905 2219 2428 2290; x_wconf 85' lang='lat' dir='ltr'><strong>contemplationem</strong></span> <span class='ocrx_word' id='word_1_348' title='bbox 2467 2219 2846 2290; x_wconf 87' lang='lat' dir='ltr'><strong>subsequitur.</strong></span> <span class='ocrx_word' id='word_1_349' title='bbox 2881 2217 2992 2274; x_wconf 88' lang='lat' dir='ltr'><strong>Sed</strong></span> <span class='ocrx_word' id='word_1_350' title='bbox 3027 2219 3153 2272; x_wconf 90' lang='lat' dir='ltr'><strong>aliis</strong></span> <span class='ocrx_word' id='word_1_351' title='bbox 3183 2230 3406 2287; x_wconf 88' lang='lat' dir='ltr'><strong>quoque</strong></span> <span class='ocrx_word' id='word_1_352' title='bbox 3437 2224 3493 2269; x_wconf 86' lang='lat' dir='ltr'><strong>ct</strong></span> 
     </span>
    </p>
   </div>
   <div class='ocr_carea' id='block_1_49' title="bbox 1905 2305 3490 2381">
    <p class='ocr_par' dir='ltr' id='par_1_49' title="bbox 1905 2305 3490 2381">
     <span class='ocr_line' id='line_1_49' title="bbox 1905 2305 3490 2381; baseline -0.005 -15"><span class='ocrx_word' id='word_1_353' title='bbox 1905 2327 2175 2381; x_wconf 85' lang='lat' dir='ltr'><strong>perquam</strong></span> <span class='ocrx_word' id='word_1_354' title='bbox 2217 2310 2388 2366; x_wconf 77' lang='lat' dir='ltr'><strong>variis</strong></span> <span class='ocrx_word' id='word_1_355' title='bbox 2437 2309 2616 2365; x_wconf 89' lang='lat' dir='ltr'><strong>modis</strong></span> <span class='ocrx_word' id='word_1_356' title='bbox 2663 2325 2851 2365; x_wconf 88' lang='lat' dir='ltr'><strong>rerum</strong></span> <span class='ocrx_word' id='word_1_357' title='bbox 2899 2309 3210 2363; x_wconf 85' lang='lat' dir='ltr'><strong>divinarum</strong></span> <span class='ocrx_word' id='word_1_358' title='bbox 3261 2305 3490 2360; x_wconf 84' lang='lat' dir='ltr'><strong>studiosi</strong></span> 
     </span>
    </p>
   </div>
   <div class='ocr_carea' id='block_1_50' title="bbox 1908 2401 3496 2472">
    <p class='ocr_par' dir='ltr' id='par_1_50' title="bbox 1908 2401 3496 2472">
     <span class='ocr_line' id='line_1_50' title="bbox 1908 2401 3496 2472; baseline -0.006 -12"><span class='ocrx_word' id='word_1_359' title='bbox 1908 2420 2218 2460; x_wconf 83' lang='lat' dir='ltr'><strong>sermonem</strong></span> <span class='ocrx_word' id='word_1_360' title='bbox 2262 2403 2330 2458; x_wconf 90' lang='lat' dir='ltr'><strong>de</strong></span> <span class='ocrx_word' id='word_1_361' title='bbox 2371 2403 2574 2458; x_wconf 86' lang='lat' dir='ltr'><strong>talibus</strong></span> <span class='ocrx_word' id='word_1_362' title='bbox 2615 2401 2865 2472; x_wconf 88' lang='lat' dir='ltr'><strong>accipere</strong></span> <span class='ocrx_word' id='word_1_363' title='bbox 2905 2409 3168 2471; x_wconf 68' lang='lat' dir='ltr'><strong>possunt,</strong></span> <span class='ocrx_word' id='word_1_364' title='bbox 3197 2401 3400 2454; x_wconf 86' lang='lat' dir='ltr'><strong>multas</strong></span> <span class='ocrx_word' id='word_1_365' title='bbox 3439 2408 3496 2452; x_wconf 90' lang='lat' dir='ltr'><strong>ct</strong></span> 
     </span>
    </p>
   </div>
   <div class='ocr_carea' id='block_1_51' title="bbox 1842 2491 3350 2568">
    <p class='ocr_par' dir='ltr' id='par_1_51' title="bbox 1842 2491 3350 2568">
     <span class='ocr_line' id='line_1_51' title="bbox 1842 2491 3350 2568; baseline -0.007 -14"><span class='ocrx_word' id='word_1_366' title='bbox 1842 2491 1880 2545; x_wconf 85' lang='grc' dir='ltr'><strong>Β</strong></span> <span class='ocrx_word' id='word_1_367' title='bbox 1910 2499 2170 2568; x_wconf 84' lang='lat' dir='ltr'><strong>pulchras</strong></span> <span class='ocrx_word' id='word_1_368' title='bbox 2199 2507 2261 2553; x_wconf 64' lang='lat' dir='ltr'><strong>ct‘</strong></span> <span class='ocrx_word' id='word_1_369' title='bbox 2279 2511 2435 2552; x_wconf 82' lang='lat' dir='ltr'><strong>veras</strong></span> <span class='ocrx_word' id='word_1_370' title='bbox 2458 2495 2810 2551; x_wconf 75' lang='lat' dir='ltr'><strong>adinventuri</strong></span> <span class='ocrx_word' id='word_1_371' title='bbox 2834 2494 3350 2564; x_wconf 85' lang='lat' dir='ltr'><strong>contemplationes.</strong></span> 
     </span>
    </p>
   </div>
   <div class='ocr_carea' id='block_1_52' title="bbox 1915 2671 3497 2743">
    <p class='ocr_par' dir='ltr' id='par_1_52' title="bbox 1915 2671 3497 2743">
     <span class='ocr_line' id='line_1_52' title="bbox 1915 2671 3497 2743; baseline -0.003 -16"><span class='ocrx_word' id='word_1_372' title='bbox 1915 2674 1999 2728; x_wconf 70' lang='lat' dir='ltr'><strong>Ea:</strong></span> <span class='ocrx_word' id='word_1_373' title='bbox 2040 2674 2218 2727; x_wconf 78' lang='lat' dir='ltr'><strong>eodem</strong></span> <span class='ocrx_word' id='word_1_374' title='bbox 2251 2689 2520 2738; x_wconf 83' lang='lat' dir='ltr'><strong>sermone,</strong></span> <span class='ocrx_word' id='word_1_375' title='bbox 2553 2673 2809 2743; x_wconf 87' lang='lat' dir='ltr'><strong>quomodo</strong></span> <span class='ocrx_word' id='word_1_376' title='bbox 2842 2671 2978 2726; x_wconf 86' lang='lat' dir='ltr'><strong>illud</strong></span> <span class='ocrx_word' id='word_1_377' title='bbox 3014 2688 3032 2726; x_wconf 90' lang='lat'><em>:</em></span> <span class='ocrx_word' id='word_1_378' title='bbox 3076 2691 3094 2723; x_wconf 74' lang='grc' dir='ltr'><strong>ι</strong></span> <span class='ocrx_word' id='word_1_379' title='bbox 3137 2671 3414 2742; x_wconf 80' lang='lat' dir='ltr'><strong>Duplicate</strong></span> <span class='ocrx_word' id='word_1_380' title='bbox 3446 2679 3497 2722; x_wconf 85' lang='lat' dir='ltr'><strong>et</strong></span> 
     </span>
    </p>
   </div>
   <div class='ocr_carea' id='block_1_53' title="bbox 1986 2761 3498 2834">
    <p class='ocr_par' dir='ltr' id='par_1_53' title="bbox 1986 2761 3498 2834">
     <span class='ocr_line' id='line_1_53' title="bbox 1986 2761 3498 2834; baseline -0.002 -18"><span class='ocrx_word' id='word_1_381' title='bbox 1986 2765 2277 2834; x_wconf 72' lang='lat' dir='ltr'><strong>triplicate,</strong></span> <span class='ocrx_word' id='word_1_382' title='bbox 2333 2783 2349 2815; x_wconf 75' lang='grc' dir='ltr'><strong>ι</strong></span> <span class='ocrx_word' id='word_1_383' title='bbox 2407 2766 2619 2834; x_wconf 78' lang='lat' dir='ltr'><strong>capiens</strong></span> <span class='ocrx_word' id='word_1_384' title='bbox 2667 2765 2918 2833; x_wconf 79' lang='lat' dir='ltr'><strong>magister</strong></span> <span class='ocrx_word' id='word_1_385' title='bbox 2965 2765 3018 2816; x_wconf 82' lang='lat' dir='ltr'><strong>in</strong></span> <span class='ocrx_word' id='word_1_386' title='bbox 3074 2761 3384 2834; x_wconf 76' lang='lat' dir='ltr'><strong>mysterium</strong></span> <span class='ocrx_word' id='word_1_387' title='bbox 3433 2761 3498 2814; x_wconf 86' lang='lat' dir='ltr'><strong>de</strong></span> 
     </span>
    </p>
   </div>
   <div class='ocr_carea' id='block_1_54' title="bbox 1986 2854 3498 2924">
    <p class='ocr_par' dir='ltr' id='par_1_54' title="bbox 1986 2854 3498 2924">
     <span class='ocr_line' id='line_1_54' title="bbox 1986 2854 3498 2924; baseline -0.001 -14"><span class='ocrx_word' id='word_1_388' title='bbox 1986 2857 2306 2910; x_wconf 76' lang='lat' dir='ltr'><strong>hebdomade</strong></span> <span class='ocrx_word' id='word_1_389' title='bbox 2349 2855 2493 2909; x_wconf 80' lang='lat' dir='ltr'><strong>dicat</strong></span> <span class='ocrx_word' id='word_1_390' title='bbox 2525 2872 2544 2909; x_wconf 91' lang='lat'><em>:</em></span> <span class='ocrx_word' id='word_1_391' title='bbox 2585 2875 2604 2906; x_wconf 72' lang='grc' dir='ltr'><strong>ι</strong></span> <span class='ocrx_word' id='word_1_392' title='bbox 2647 2854 2920 2910; x_wconf 81' lang='lat' dir='ltr'><strong>Consimiii</strong></span> <span class='ocrx_word' id='word_1_393' title='bbox 2959 2855 3110 2909; x_wconf 86' lang='lat' dir='ltr'><strong>modo</strong></span> <span class='ocrx_word' id='word_1_394' title='bbox 3143 2862 3192 2906; x_wconf 79' lang='lat' dir='ltr'><strong>et</strong></span> <span class='ocrx_word' id='word_1_395' title='bbox 3221 2861 3498 2924; x_wconf 81' lang='lat' dir='ltr'><strong>septenum</strong></span> 
     </span>
    </p>
   </div>
   <div class='ocr_carea' id='block_1_55' title="bbox 1990 2946 3498 3020">
    <p class='ocr_par' dir='ltr' id='par_1_55' title="bbox 1990 2946 3498 3020">
     <span class='ocr_line' id='line_1_55' title="bbox 1990 2946 3498 3020; baseline -0.003 -16"><span class='ocrx_word' id='word_1_396' title='bbox 1990 2949 2123 3004; x_wconf 72' lang='lat' dir='ltr'><strong>Elide</strong></span> <span class='ocrx_word' id='word_1_397' title='bbox 2178 2951 2442 3020; x_wconf 74' lang='lat' dir='ltr'><strong>propheta:</strong></span> <span class='ocrx_word' id='word_1_398' title='bbox 2497 2950 2924 3012; x_wconf 79' lang='lat' dir='ltr'><strong>conversionem,</strong></span> <span class='ocrx_word' id='word_1_399' title='bbox 2981 2963 3098 3018; x_wconf 70' lang='lat' dir='ltr'><strong>qua:</strong></span> <span class='ocrx_word' id='word_1_400' title='bbox 3151 2946 3498 3018; x_wconf 73' lang='lat' dir='ltr'><strong>Sarephtanas</strong></span> 
     </span>
    </p>
   </div>
   <div class='ocr_carea' id='block_1_56' title="bbox 1987 3041 3496 3113">
    <p class='ocr_par' dir='ltr' id='par_1_56' title="bbox 1987 3041 3496 3113">
     <span class='ocr_line' id='line_1_56' title="bbox 1987 3041 3496 3113; baseline -0.001 -17"><span class='ocrx_word' id='word_1_401' title='bbox 1987 3043 2157 3097; x_wconf 72' lang='lat' dir='ltr'><strong>vidua:</strong></span> <span class='ocrx_word' id='word_1_402' title='bbox 2193 3041 2306 3110; x_wconf 81' lang='lat' dir='ltr'><strong>ﬁlio</strong></span> <span class='ocrx_word' id='word_1_403' title='bbox 2348 3045 2456 3097; x_wconf 78' lang='lat' dir='ltr'><strong>vita</strong></span> <span class='ocrx_word' id='word_1_404' title='bbox 2501 3043 2767 3113; x_wconf 82' lang='lat' dir='ltr'><strong>inspirata</strong></span> <span class='ocrx_word' id='word_1_405' title='bbox 2813 3053 2888 3095; x_wconf 84' lang='lat' dir='ltr'><strong>est</strong></span> <span class='ocrx_word' id='word_1_406' title='bbox 2913 3051 2940 3089; x_wconf 63' lang='grc' dir='ltr'>ι’</span> <span class='ocrx_word' id='word_1_407' title='bbox 2966 3081 2980 3105; x_wconf 86' lang='grc'><strong>,</strong></span> <span class='ocrx_word' id='word_1_408' title='bbox 3016 3041 3350 3112; x_wconf 78' lang='lat' dir='ltr'><strong>ejusdemque</strong></span> <span class='ocrx_word' id='word_1_409' title='bbox 3392 3056 3496 3094; x_wconf 80' lang='lat' dir='ltr'><strong>nu-</strong></span> 
     </span>
    </p>
   </div>
   <div class='ocr_carea' id='block_1_57' title="bbox 1991 3132 3288 3204">
    <p class='ocr_par' dir='ltr' id='par_1_57' title="bbox 1991 3132 3288 3204">
     <span class='ocr_line' id='line_1_57' title="bbox 1991 3132 3288 3204; baseline -0.002 -18"><span class='ocrx_word' id='word_1_410' title='bbox 1991 3149 2134 3186; x_wconf 76' lang='lat' dir='ltr'><strong>mero</strong></span> <span class='ocrx_word' id='word_1_411' title='bbox 2163 3151 2345 3204; x_wconf 83' lang='lat' dir='ltr'><strong>parem</strong></span> <span class='ocrx_word' id='word_1_412' title='bbox 2373 3150 2530 3204; x_wconf 80' lang='lat' dir='ltr'><strong>super</strong></span> <span class='ocrx_word' id='word_1_413' title='bbox 2556 3133 2765 3188; x_wconf 78' lang='lat' dir='ltr'><strong>assulas</strong></span> <span class='ocrx_word' id='word_1_414' title='bbox 2793 3132 3154 3204; x_wconf 74' lang='lat' dir='ltr'><strong>proluvionem</strong></span> <span class='ocrx_word' id='word_1_415' title='bbox 3183 3139 3232 3186; x_wconf 73' lang='grc' dir='ltr'><strong>γ.</strong></span> <span class='ocrx_word' id='word_1_416' title='bbox 3269 3150 3288 3183; x_wconf 74' lang='grc' dir='ltr'><strong>ι</strong></span> 
     </span>
    </p>
   </div>
   <div class='ocr_carea' id='block_1_58' title="bbox 1994 3329 3499 3402">
    <p class='ocr_par' dir='ltr' id='par_1_58' title="bbox 1994 3329 3499 3402">
     <span class='ocr_line' id='line_1_58' title="bbox 1994 3329 3499 3402; baseline -0.001 -19"><span class='ocrx_word' id='word_1_417' title='bbox 1994 3329 2196 3386; x_wconf 87' lang='lat' dir='ltr'><strong>Beatus</strong></span> <span class='ocrx_word' id='word_1_418' title='bbox 2235 3346 2405 3386; x_wconf 78' lang='lat' dir='ltr'><strong>senex</strong></span> <span class='ocrx_word' id='word_1_419' title='bbox 2439 3331 2529 3387; x_wconf 90' lang='lat' dir='ltr'><strong>ille</strong></span> <span class='ocrx_word' id='word_1_420' title='bbox 2565 3348 2594 3386; x_wconf 89' lang='lat' dir='ltr'><strong>a</strong></span> <span class='ocrx_word' id='word_1_421' title='bbox 2631 3348 2718 3387; x_wconf 87' lang='lat' dir='ltr'><strong>me</strong></span> <span class='ocrx_word' id='word_1_422' title='bbox 2755 3331 2823 3387; x_wconf 89' lang='lat' dir='ltr'><strong>de</strong></span> <span class='ocrx_word' id='word_1_423' title='bbox 2857 3332 2964 3388; x_wconf 87' lang='lat' dir='ltr'><strong>hoc</strong></span> <span class='ocrx_word' id='word_1_424' title='bbox 2999 3333 3371 3402; x_wconf 78' lang='lat' dir='ltr'><strong>interrogatus</strong></span> <span class='ocrx_word' id='word_1_425' title='bbox 3411 3344 3499 3383; x_wconf 88' lang='lat' dir='ltr'><strong>re-</strong></span> 
     </span>
    </p>
   </div>
   <div class='ocr_carea' id='block_1_59' title="bbox 1923 3417 3501 3490">
    <p class='ocr_par' dir='ltr' id='par_1_59' title="bbox 1923 3417 3501 3490">
     <span class='ocr_line' id='line_1_59' title="bbox 1923 3417 3501 3490; baseline -0.003 -17"><span class='ocrx_word' id='word_1_426' title='bbox 1923 3418 2166 3487; x_wconf 88' lang='lat' dir='ltr'><strong>spondit,</strong></span> <span class='ocrx_word' id='word_1_427' title='bbox 2194 3419 2300 3473; x_wconf 80' lang='lat' dir='ltr'><strong>lioc</strong></span> <span class='ocrx_word' id='word_1_428' title='bbox 2326 3419 2450 3474; x_wconf 90' lang='lat' dir='ltr'><strong>loco</strong></span> <span class='ocrx_word' id='word_1_429' title='bbox 2475 3419 2652 3475; x_wconf 84' lang='lat' dir='ltr'><strong>videri</strong></span> <span class='ocrx_word' id='word_1_430' title='bbox 2681 3419 2914 3474; x_wconf 81' lang='lat' dir='ltr'><strong>fortasse</strong></span> <span class='ocrx_word' id='word_1_431' title='bbox 2943 3435 3105 3490; x_wconf 86' lang='lat' dir='ltr'><strong>posse</strong></span> <span class='ocrx_word' id='word_1_432' title='bbox 3133 3417 3278 3488; x_wconf 86' lang='lat' dir='ltr'><strong>quod</strong></span> <span class='ocrx_word' id='word_1_433' title='bbox 3307 3417 3501 3471; x_wconf 86' lang='lat' dir='ltr'><strong>doctor</strong></span> 
     </span>
    </p>
   </div>
   <div class='ocr_carea' id='block_1_60' title="bbox 1923 3506 3504 3582">
    <p class='ocr_par' dir='ltr' id='par_1_60' title="bbox 1923 3506 3504 3582">
     <span class='ocr_line' id='line_1_60' title="bbox 1923 3506 3504 3582; baseline -0.001 -18"><span class='ocrx_word' id='word_1_434' title='bbox 1923 3509 1993 3566; x_wconf 89' lang='lat' dir='ltr'><strong>de</strong></span> <span class='ocrx_word' id='word_1_435' title='bbox 2021 3513 2338 3582; x_wconf 83' lang='lat' dir='ltr'><strong>septenario</strong></span> <span class='ocrx_word' id='word_1_436' title='bbox 2360 3520 2687 3582; x_wconf 88' lang='lat' dir='ltr'><strong>persecutus</strong></span> <span class='ocrx_word' id='word_1_437' title='bbox 2712 3526 2941 3565; x_wconf 88' lang='lat' dir='ltr'><strong>numero</strong></span> <span class='ocrx_word' id='word_1_438' title='bbox 2961 3510 3334 3581; x_wconf 83' lang='lat' dir='ltr'><strong>conjecturam</strong></span> <span class='ocrx_word' id='word_1_439' title='bbox 3360 3506 3504 3562; x_wconf 79' lang='lat' dir='ltr'><strong>fece-</strong></span> 
     </span>
    </p>
   </div>
   <div class='ocr_carea' id='block_1_61' title="bbox 1925 3599 3504 3674">
    <p class='ocr_par' dir='ltr' id='par_1_61' title="bbox 1925 3599 3504 3674">
     <span class='ocr_line' id='line_1_61' title="bbox 1925 3599 3504 3674; baseline -0.003 -16"><span class='ocrx_word' id='word_1_440' title='bbox 1925 3604 2017 3658; x_wconf 87' lang='lat' dir='ltr'><strong>rit.</strong></span> <span class='ocrx_word' id='word_1_441' title='bbox 2052 3605 2296 3660; x_wconf 87' lang='lat' dir='ltr'><strong>Primum</strong></span> <span class='ocrx_word' id='word_1_442' title='bbox 2337 3605 2560 3674; x_wconf 88' lang='lat' dir='ltr'><strong>quidem</strong></span> <span class='ocrx_word' id='word_1_443' title='bbox 2605 3603 2910 3658; x_wconf 85' lang='lat' dir='ltr'><strong>secundum</strong></span> <span class='ocrx_word' id='word_1_444' title='bbox 2959 3601 3322 3657; x_wconf 74' lang='lat' dir='ltr'><strong>arithmeticae</strong></span> <span class='ocrx_word' id='word_1_445' title='bbox 3367 3599 3504 3654; x_wconf 86' lang='lat' dir='ltr'><strong>artis</strong></span> 
     </span>
    </p>
   </div>
   <div class='ocr_carea' id='block_1_62' title="bbox 1925 3691 3504 3765">
    <p class='ocr_par' dir='ltr' id='par_1_62' title="bbox 1925 3691 3504 3765">
     <span class='ocr_line' id='line_1_62' title="bbox 1925 3691 3504 3765; baseline -0.003 -15"><span class='ocrx_word' id='word_1_446' title='bbox 1925 3697 2276 3765; x_wconf 82' lang='lat' dir='ltr'><strong>peritos..llli</strong></span> <span class='ocrx_word' id='word_1_447' title='bbox 2315 3697 2464 3750; x_wconf 87' lang='lat' dir='ltr'><strong>enim</strong></span> <span class='ocrx_word' id='word_1_448' title='bbox 2503 3694 2770 3764; x_wconf 88' lang='lat' dir='ltr'><strong>quosdam</strong></span> <span class='ocrx_word' id='word_1_449' title='bbox 2808 3709 3069 3748; x_wconf 89' lang='lat' dir='ltr'><strong>numeros</strong></span> <span class='ocrx_word' id='word_1_450' title='bbox 3105 3709 3172 3746; x_wconf 83' lang='lat' dir='ltr'><strong>ex</strong></span> <span class='ocrx_word' id='word_1_451' title='bbox 3209 3691 3504 3762; x_wconf 87' lang='lat' dir='ltr'><strong>duplicatis</strong></span> 
     </span>
    </p>
   </div>
   <div class='ocr_carea' id='block_1_63' title="bbox 1925 3781 3500 3858">
    <p class='ocr_par' dir='ltr' id='par_1_63' title="bbox 1925 3781 3500 3858">
     <span class='ocr_line' id='line_1_63' title="bbox 1925 3781 3500 3858; baseline -0.004 -16"><span class='ocrx_word' id='word_1_452' title='bbox 1925 3795 1982 3842; x_wconf 89' lang='lat' dir='ltr'><strong>et</strong></span> <span class='ocrx_word' id='word_1_453' title='bbox 2015 3787 2308 3858; x_wconf 87' lang='lat' dir='ltr'><strong>triplicatis</strong></span> <span class='ocrx_word' id='word_1_454' title='bbox 2337 3787 2480 3852; x_wconf 81' lang='lat' dir='ltr'><strong>aliis,</strong></span> <span class='ocrx_word' id='word_1_455' title='bbox 2512 3786 2722 3840; x_wconf 87' lang='lat' dir='ltr'><strong>unitate</strong></span> <span class='ocrx_word' id='word_1_456' title='bbox 2754 3785 2809 3839; x_wconf 92' lang='lat' dir='ltr'><strong>in</strong></span> <span class='ocrx_word' id='word_1_457' title='bbox 2842 3793 3088 3840; x_wconf 84' lang='lat' dir='ltr'><strong>extremo</strong></span> <span class='ocrx_word' id='word_1_458' title='bbox 3122 3781 3500 3854; x_wconf 84' lang='lat' dir='ltr'><strong>superaddita,</strong></span> 
     </span>
    </p>
   </div>
   <div class='ocr_carea' id='block_1_64' title="bbox 1928 3875 3504 3946">
    <p class='ocr_par' dir='ltr' id='par_1_64' title="bbox 1928 3875 3504 3946">
     <span class='ocr_line' id='line_1_64' title="bbox 1928 3875 3504 3946; baseline -0.004 -13"><span class='ocrx_word' id='word_1_459' title='bbox 1928 3888 2184 3934; x_wconf 87' lang='lat' dir='ltr'><strong>constare</strong></span> <span class='ocrx_word' id='word_1_460' title='bbox 2215 3877 2434 3934; x_wconf 85' lang='lat' dir='ltr'><strong>docent.</strong></span> <span class='ocrx_word' id='word_1_461' title='bbox 2462 3877 2554 3934; x_wconf 90' lang='lat' dir='ltr'><strong>Sic</strong></span> <span class='ocrx_word' id='word_1_462' title='bbox 2581 3893 2648 3932; x_wconf 81' lang='lat' dir='ltr'><strong>ex</strong></span> <span class='ocrx_word' id='word_1_463' title='bbox 2677 3875 2972 3946; x_wconf 85' lang='lat' dir='ltr'><strong>duplicatis</strong></span> <span class='ocrx_word' id='word_1_464' title='bbox 2997 3883 3211 3930; x_wconf 87' lang='lat' dir='ltr'><strong>constat</strong></span> <span class='ocrx_word' id='word_1_465' title='bbox 3239 3889 3504 3929; x_wconf 88' lang='lat' dir='ltr'><strong>numerus</strong></span> 
     </span>
    </p>
   </div>
   <div class='ocr_carea' id='block_1_65' title="bbox 235 3955 1818 4046">
    <p class='ocr_par' dir='ltr' id='par_1_65' title="bbox 235 3955 1818 4046">
     <span class='ocr_line' id='line_1_65' title="bbox 235 3955 1818 4046; baseline 0.01 -32"><span class='ocrx_word' id='word_1_466' title='bbox 235 3961 580 4030; x_wconf 80' lang='grc' dir='ltr'>συνίσταται,</span> <span class='ocrx_word' id='word_1_467' title='bbox 632 3967 729 4038; x_wconf 82' lang='grc' dir='ltr'>τῆς</span> <span class='ocrx_word' id='word_1_468' title='bbox 777 3969 1008 4038; x_wconf 84' lang='grc' dir='ltr'>μονάδος</span> <span class='ocrx_word' id='word_1_469' title='bbox 1053 3971 1416 4044; x_wconf 71' lang='grc' dir='ltr'>δισσουμένης</span> <span class='ocrx_word' id='word_1_470' title='bbox 1448 3955 1586 4046; x_wconf 81' lang='grc' dir='ltr'>μετὰ</span> <span class='ocrx_word' id='word_1_471' title='bbox 1625 3978 1734 4032; x_wconf 88' lang='grc' dir='ltr'><strong>τῶν</strong></span> <span class='ocrx_word' id='word_1_472' title='bbox 1762 3977 1818 4044; x_wconf 80' lang='grc' dir='ltr'>ἓξ</span> 
     </span>
    </p>
   </div>
   <div class='ocr_carea' id='block_1_66' title="bbox 1922 3955 3506 4046">
    <p class='ocr_par' dir='ltr' id='par_1_66' title="bbox 1925 3966 3506 4040">
     <span class='ocr_line' id='line_1_66' title="bbox 1925 3966 3506 4040; baseline -0.006 -12"><span class='ocrx_word' id='word_1_473' title='bbox 1925 3972 2014 4038; x_wconf 72' lang='grc'><strong>64,</strong></span> <span class='ocrx_word' id='word_1_474' title='bbox 2042 3971 2256 4026; x_wconf 90' lang='lat' dir='ltr'><strong>unitate</strong></span> <span class='ocrx_word' id='word_1_475' title='bbox 2285 3969 2544 4024; x_wconf 80' lang='lat' dir='ltr'><strong>videlicet</strong></span> <span class='ocrx_word' id='word_1_476' title='bbox 2573 3969 2848 4040; x_wconf 86' lang='lat' dir='ltr'><strong>duplicata</strong></span> <span class='ocrx_word' id='word_1_477' title='bbox 2881 3983 3006 4023; x_wconf 91' lang='lat' dir='ltr'><strong>cum</strong></span> <span class='ocrx_word' id='word_1_478' title='bbox 3043 3982 3138 4022; x_wconf 84' lang='lat' dir='ltr'><strong>sex</strong></span> <span class='ocrx_word' id='word_1_479' title='bbox 3171 3966 3417 4020; x_wconf 88' lang='lat' dir='ltr'><strong>numeris</strong></span> <span class='ocrx_word' id='word_1_480' title='bbox 3448 3975 3506 4020; x_wconf 88' lang='lat' dir='ltr'><strong>et</strong></span> 
     </span>
    </p>
   </div>
   <div class='ocr_carea' id='block_1_67' title="bbox 233 4051 1823 4134">
    <p class='ocr_par' dir='ltr' id='par_1_67' title="bbox 233 4051 1823 4134">
     <span class='ocr_line' id='line_1_67' title="bbox 233 4051 1823 4134; baseline 0.01 -26"><span class='ocrx_word' id='word_1_481' title='bbox 233 4051 514 4123; x_wconf 76' lang='grc' dir='ltr'>ἀριθμῶν,</span> <span class='ocrx_word' id='word_1_482' title='bbox 546 4058 977 4130; x_wconf 80' lang='grc' dir='ltr'>προστιθεμένης</span> <span class='ocrx_word' id='word_1_483' title='bbox 1015 4064 1232 4134; x_wconf 73' lang='grc' dir='ltr'>καὶτῆς</span> <span class='ocrx_word' id='word_1_484' title='bbox 1259 4067 1504 4133; x_wconf 77' lang='grc' dir='ltr'>μονάδος,</span> <span class='ocrx_word' id='word_1_485' title='bbox 1539 4070 1632 4123; x_wconf 69' lang='grc' dir='ltr'><strong>καὶ</strong></span> <span class='ocrx_word' id='word_1_486' title='bbox 1651 4069 1823 4134; x_wconf 80' lang='grc' dir='ltr'>οὕτως</span> 
     </span>
    </p>
   </div>
   <div class='ocr_carea' id='block_1_68' title="bbox 234 4141 1825 4228">
    <p class='ocr_par' dir='ltr' id='par_1_68' title="bbox 234 4141 1825 4228">
     <span class='ocr_line' id='line_1_68' title="bbox 234 4141 1825 4228; baseline 0.013 -35"><span class='ocrx_word' id='word_1_487' title='bbox 234 4143 272 4211; x_wconf 85' lang='grc' dir='ltr'>ἡ</span> <span class='ocrx_word' id='word_1_488' title='bbox 308 4141 546 4212; x_wconf 73' lang='grc' dir='ltr'>ἑϐδομὰς</span> <span class='ocrx_word' id='word_1_489' title='bbox 579 4145 905 4217; x_wconf 78' lang='grc' dir='ltr'>πληροῦται,</span> <span class='ocrx_word' id='word_1_490' title='bbox 957 4147 1070 4207; x_wconf 74' lang='grc' dir='ltr'>οἷον</span> <span class='ocrx_word' id='word_1_491' title='bbox 1109 4154 1192 4215; x_wconf 74' lang='grc' dir='ltr'>δὶς</span> <span class='ocrx_word' id='word_1_492' title='bbox 1223 4161 1272 4208; x_wconf 84' lang='grc' dir='ltr'>α’</span> <span class='ocrx_word' id='word_1_493' title='bbox 1323 4155 1388 4226; x_wconf 85' lang='grc' dir='ltr'><strong>β’,</strong></span> <span class='ocrx_word' id='word_1_494' title='bbox 1428 4157 1514 4222; x_wconf 70' lang='grc' dir='ltr'><strong>δὶς</strong></span> <span class='ocrx_word' id='word_1_495' title='bbox 1568 4159 1610 4228; x_wconf 85' lang='grc' dir='ltr'><strong>β’</strong></span> <span class='ocrx_word' id='word_1_496' title='bbox 1646 4160 1709 4225; x_wconf 83' lang='grc' dir='ltr'><strong>δ’,</strong></span> <span class='ocrx_word' id='word_1_497' title='bbox 1743 4161 1825 4224; x_wconf 77' lang='grc' dir='ltr'>δὶς</span> 
     </span>
    </p>
   </div>
   <div class='ocr_carea' id='block_1_69' title="bbox 231 4231 1826 4314">
    <p class='ocr_par' dir='ltr' id='par_1_69' title="bbox 231 4231 1826 4314">
     <span class='ocr_line' id='line_1_69' title="bbox 231 4231 1826 4314; baseline 0.013 -30"><span class='ocrx_word' id='word_1_498' title='bbox 231 4231 280 4284; x_wconf 84' lang='grc' dir='ltr'><strong>δ’</strong></span> <span class='ocrx_word' id='word_1_499' title='bbox 297 4237 372 4300; x_wconf 83' lang='grc' dir='ltr'>η’,</span> <span class='ocrx_word' id='word_1_500' title='bbox 397 4231 476 4292; x_wconf 70' lang='grc' dir='ltr'>δὶς</span> <span class='ocrx_word' id='word_1_501' title='bbox 502 4239 550 4303; x_wconf 66' lang='grc' dir='ltr'>η’</span> <span class='ocrx_word' id='word_1_502' title='bbox 575 4235 670 4298; x_wconf 83' lang='grc' dir='ltr'>ις’,</span> <span class='ocrx_word' id='word_1_503' title='bbox 688 4237 770 4300; x_wconf 70' lang='grc' dir='ltr'><strong>δὶς</strong></span> <span class='ocrx_word' id='word_1_504' title='bbox 800 4247 874 4302; x_wconf 85' lang='grc' dir='ltr'>ις’</span> <span class='ocrx_word' id='word_1_505' title='bbox 893 4239 968 4310; x_wconf 78' lang='grc' dir='ltr'><strong>λβ¹</strong></span> <span class='ocrx_word' id='word_1_506' title='bbox 987 4243 1068 4305; x_wconf 82' lang='grc' dir='ltr'>δὶς</span> <span class='ocrx_word' id='word_1_507' title='bbox 1088 4243 1280 4314; x_wconf 82' lang='grc' dir='ltr'><strong>).β’,ξδ’.</strong></span> <span class='ocrx_word' id='word_1_508' title='bbox 1301 4247 1520 4300; x_wconf 82' lang='grc' dir='ltr'>Τούτων</span> <span class='ocrx_word' id='word_1_509' title='bbox 1543 4247 1684 4302; x_wconf 77' lang='grc' dir='ltr'>οὕτω</span> <span class='ocrx_word' id='word_1_510' title='bbox 1709 4250 1826 4304; x_wconf 81' lang='grc' dir='ltr'>δια·</span> 
     </span>
    </p>
   </div>
   <div class='ocr_carea' id='block_1_70' title="bbox 235 4321 1821 4409">
    <p class='ocr_par' dir='ltr' id='par_1_70' title="bbox 235 4321 1821 4409">
     <span class='ocr_line' id='line_1_70' title="bbox 235 4321 1821 4409; baseline 0.015 -35"><span class='ocrx_word' id='word_1_511' title='bbox 235 4321 594 4378; x_wconf 82' lang='grc' dir='ltr'>πλασθέντων</span> <span class='ocrx_word' id='word_1_512' title='bbox 629 4327 696 4380; x_wconf 86' lang='grc' dir='ltr'>δι’</span> <span class='ocrx_word' id='word_1_513' title='bbox 724 4329 802 4394; x_wconf 70' lang='lat' dir='ltr'><strong>eg</strong></span> <span class='ocrx_word' id='word_1_514' title='bbox 845 4333 1100 4404; x_wconf 84' lang='grc' dir='ltr'>ἀριθμῶν</span> <span class='ocrx_word' id='word_1_515' title='bbox 1141 4337 1361 4392; x_wconf 80' lang='grc' dir='ltr'>δοκοῦσι</span> <span class='ocrx_word' id='word_1_516' title='bbox 1413 4340 1821 4409; x_wconf 83' lang='grc' dir='ltr'>συντεθεῖσθαι,</span> 
     </span>
    </p>
   </div>
   <div class='ocr_carea' id='block_1_71' title="bbox 233 4414 1824 4504">
    <p class='ocr_par' dir='ltr' id='par_1_71' title="bbox 233 4414 1824 4504">
     <span class='ocr_line' id='line_1_71' title="bbox 233 4414 1824 4504; baseline 0.009 -34"><span class='ocrx_word' id='word_1_517' title='bbox 233 4414 384 4470; x_wconf 80' lang='grc' dir='ltr'><strong>ἀλλὰ</strong></span> <span class='ocrx_word' id='word_1_518' title='bbox 413 4417 953 4492; x_wconf 75' lang='grc' dir='ltr'>παραλαμϐανομένη</span> <span class='ocrx_word' id='word_1_519' title='bbox 978 4425 1288 4482; x_wconf 82' lang='grc' dir='ltr'>τελευταῖον</span> <span class='ocrx_word' id='word_1_520' title='bbox 1308 4431 1404 4483; x_wconf 83' lang='grc' dir='ltr'><strong>καὶ</strong></span> <span class='ocrx_word' id='word_1_521' title='bbox 1435 4432 1466 4500; x_wconf 72' lang='grc' dir='ltr'><strong>ἡ</strong></span> <span class='ocrx_word' id='word_1_522' title='bbox 1493 4431 1662 4500; x_wconf 77' lang='grc' dir='ltr'>μονὰς</span> <span class='ocrx_word' id='word_1_523' title='bbox 1687 4433 1824 4504; x_wconf 83' lang='grc' dir='ltr'>πλη-</span> 
     </span>
    </p>
   </div>
   <div class='ocr_carea' id='block_1_72' title="bbox 237 4507 1825 4602">
    <p class='ocr_par' dir='ltr' id='par_1_72' title="bbox 237 4507 1825 4602">
     <span class='ocr_line' id='line_1_72' title="bbox 237 4507 1825 4602; baseline 0.011 -43"><span class='ocrx_word' id='word_1_524' title='bbox 237 4509 334 4602; x_wconf 82' lang='grc' dir='ltr'>ροῖ</span> <span class='ocrx_word' id='word_1_525' title='bbox 364 4507 454 4561; x_wconf 81' lang='grc' dir='ltr'>τὸν</span> <span class='ocrx_word' id='word_1_526' title='bbox 493 4510 652 4602; x_wconf 66' lang='grc' dir='ltr'>ἑπτὰ,</span> <span class='ocrx_word' id='word_1_527' title='bbox 697 4509 758 4602; x_wconf 57' lang='lat' dir='ltr'><strong>eg</strong></span> <span class='ocrx_word' id='word_1_528' title='bbox 794 4508 864 4584; x_wconf 78' lang='grc' dir='ltr'><strong>ἧς</strong></span> <span class='ocrx_word' id='word_1_529' title='bbox 895 4515 994 4602; x_wconf 65' lang='grc' dir='ltr'>τὴν</span> <span class='ocrx_word' id='word_1_530' title='bbox 1037 4515 1211 4590; x_wconf 75' lang='grc' dir='ltr'>ἀρχὴν</span> <span class='ocrx_word' id='word_1_531' title='bbox 1249 4522 1276 4574; x_wconf 84' lang='grc' dir='ltr'>ὁ</span> <span class='ocrx_word' id='word_1_532' title='bbox 1311 4521 1712 4594; x_wconf 75' lang='grc' dir='ltr'>διπλασιασμὸς</span> <span class='ocrx_word' id='word_1_533' title='bbox 1747 4525 1825 4576; x_wconf 74' lang='grc' dir='ltr'><strong>εῖ-</strong></span> 
     </span>
    </p>
   </div>
   <div class='ocr_carea' id='block_1_73' title="bbox 234 4598 1825 4670">
    <p class='ocr_par' dir='ltr' id='par_1_73' title="bbox 234 4598 1825 4670">
     <span class='ocr_line' id='line_1_73' title="bbox 234 4598 1825 4670; baseline 0.013 -22"><span class='ocrx_word' id='word_1_534' title='bbox 234 4598 440 4670; x_wconf 78' lang='grc' dir='ltr'>ληφεν.</span> <span class='ocrx_word' id='word_1_535' title='bbox 475 4598 664 4666; x_wconf 78' lang='grc' dir='ltr'>Οὓτως</span> <span class='ocrx_word' id='word_1_536' title='bbox 693 4599 786 4656; x_wconf 82' lang='grc' dir='ltr'>οὖν</span> <span class='ocrx_word' id='word_1_537' title='bbox 817 4598 1096 4661; x_wconf 78' lang='grc' dir='ltr'>κάνταῦθα</span> <span class='ocrx_word' id='word_1_538' title='bbox 1142 4611 1232 4663; x_wconf 77' lang='grc' dir='ltr'>τὸν</span> <span class='ocrx_word' id='word_1_539' title='bbox 1270 4612 1436 4666; x_wconf 60' lang='grc' dir='ltr'>αὐτὴν</span> <span class='ocrx_word' id='word_1_540' title='bbox 1465 4615 1669 4667; x_wconf 84' lang='grc' dir='ltr'>κανόνα</span> <span class='ocrx_word' id='word_1_541' title='bbox 1719 4633 1825 4669; x_wconf 82' lang='grc' dir='ltr'><strong>κα·</strong></span> 
     </span>
    </p>
   </div>
   <div class='ocr_carea' id='block_1_74' title="bbox 235 4689 1821 4777">
    <p class='ocr_par' dir='ltr' id='par_1_74' title="bbox 235 4689 1821 4777">
     <span class='ocr_line' id='line_1_74' title="bbox 235 4689 1821 4777; baseline 0.012 -35"><span class='ocrx_word' id='word_1_542' title='bbox 235 4689 539 4759; x_wconf 77' lang='grc' dir='ltr'>τασχόντες</span> <span class='ocrx_word' id='word_1_543' title='bbox 565 4693 940 4765; x_wconf 80' lang='grc' dir='ltr'>ἁπαρτίσομεν</span> <span class='ocrx_word' id='word_1_544' title='bbox 965 4699 1056 4750; x_wconf 72' lang='grc' dir='ltr'><strong>τὸν</strong></span> <span class='ocrx_word' id='word_1_545' title='bbox 1087 4701 1228 4755; x_wconf 70' lang='grc' dir='ltr'>ἑπτὰ</span> <span class='ocrx_word' id='word_1_546' title='bbox 1249 4702 1502 4774; x_wconf 79' lang='grc' dir='ltr'>ἀριθμόν.</span> <span class='ocrx_word' id='word_1_547' title='bbox 1527 4707 1666 4774; x_wconf 76' lang='grc' dir='ltr'>Φησὶ</span> <span class='ocrx_word' id='word_1_548' title='bbox 1693 4708 1821 4777; x_wconf 77' lang='grc' dir='ltr'>γὰρ,</span> 
     </span>
    </p>
   </div>
   <div class='ocr_carea' id='block_1_75' title="bbox 246 4780 1826 4863">
    <p class='ocr_par' dir='ltr' id='par_1_75' title="bbox 246 4780 1826 4863">
     <span class='ocr_line' id='line_1_75' title="bbox 246 4780 1826 4863; baseline 0.013 -33"><span class='ocrx_word' id='word_1_549' title='bbox 246 4799 267 4832; x_wconf 72' lang='grc' dir='ltr'><strong>ι</strong></span> <span class='ocrx_word' id='word_1_550' title='bbox 323 4780 602 4848; x_wconf 79' lang='grc' dir='ltr'>Ἐκχὲατε,</span> <span class='ocrx_word' id='word_1_551' title='bbox 652 4784 954 4841; x_wconf 84' lang='grc' dir='ltr'>δισσὼσατε</span> <span class='ocrx_word' id='word_1_552' title='bbox 995 4791 1091 4842; x_wconf 80' lang='grc' dir='ltr'><strong>καὶ</strong></span> <span class='ocrx_word' id='word_1_553' title='bbox 1137 4794 1498 4863; x_wconf 76' lang='grc' dir='ltr'>τρισσώσατε.</span> <span class='ocrx_word' id='word_1_554' title='bbox 1553 4815 1571 4846; x_wconf 72' lang='grc' dir='ltr'><strong>ι</strong></span> <span class='ocrx_word' id='word_1_555' title='bbox 1615 4797 1706 4860; x_wconf 74' lang='grc' dir='ltr'><strong>Δὶς</strong></span> <span class='ocrx_word' id='word_1_556' title='bbox 1734 4792 1826 4851; x_wconf 80' lang='grc' dir='ltr'>οὖν</span> 
     </span>
    </p>
   </div>
   <div class='ocr_carea' id='block_1_76' title="bbox 243 4869 1828 4956">
    <p class='ocr_par' dir='ltr' id='par_1_76' title="bbox 243 4869 1828 4956">
     <span class='ocr_line' id='line_1_76' title="bbox 243 4869 1828 4956; baseline 0.012 -36"><span class='ocrx_word' id='word_1_557' title='bbox 243 4870 354 4956; x_wconf 73' lang='grc' dir='ltr'><strong>μία</strong></span> <span class='ocrx_word' id='word_1_558' title='bbox 381 4869 447 4940; x_wconf 85' lang='grc' dir='ltr'><strong>β’,</strong></span> <span class='ocrx_word' id='word_1_559' title='bbox 494 4872 613 4943; x_wconf 76' lang='grc' dir='ltr'>τρὶς</span> <span class='ocrx_word' id='word_1_560' title='bbox 652 4873 698 4942; x_wconf 81' lang='grc' dir='ltr'><strong>β’</strong></span> <span class='ocrx_word' id='word_1_561' title='bbox 744 4874 823 4942; x_wconf 78' lang='grc' dir='ltr'><strong>ἓξ,</strong></span> <span class='ocrx_word' id='word_1_562' title='bbox 872 4879 965 4932; x_wconf 79' lang='grc' dir='ltr'><strong>καὶ</strong></span> <span class='ocrx_word' id='word_1_563' title='bbox 1004 4881 1036 4949; x_wconf 81' lang='grc' dir='ltr'><strong>ἡ</strong></span> <span class='ocrx_word' id='word_1_564' title='bbox 1077 4881 1268 4953; x_wconf 88' lang='grc' dir='ltr'>πρώτη</span> <span class='ocrx_word' id='word_1_565' title='bbox 1327 4884 1496 4952; x_wconf 83' lang='grc' dir='ltr'>μονὰς</span> <span class='ocrx_word' id='word_1_566' title='bbox 1541 4887 1828 4956; x_wconf 75' lang='grc' dir='ltr'>προστιθε-</span> 
     </span>
    </p>
   </div>
   <div class='ocr_carea' id='block_1_77' title="bbox 243 4955 1826 5044">
    <p class='ocr_par' dir='ltr' id='par_1_77' title="bbox 243 4955 1826 5044">
     <span class='ocr_line' id='line_1_77' title="bbox 243 4955 1826 5044; baseline 0.015 -38"><span class='ocrx_word' id='word_1_567' title='bbox 243 4955 388 5027; x_wconf 81' lang='grc' dir='ltr'>μένη</span> <span class='ocrx_word' id='word_1_568' title='bbox 422 4958 534 5021; x_wconf 81' lang='grc' dir='ltr'>τοῖς</span> <span class='ocrx_word' id='word_1_569' title='bbox 574 4959 760 5024; x_wconf 76' lang='grc' dir='ltr'>ἐξάσιν</span> <span class='ocrx_word' id='word_1_570' title='bbox 789 4964 1080 5036; x_wconf 79' lang='grc' dir='ltr'>ἀπαρτίζει</span> <span class='ocrx_word' id='word_1_571' title='bbox 1111 4969 1202 5023; x_wconf 80' lang='grc' dir='ltr'>τὸν</span> <span class='ocrx_word' id='word_1_572' title='bbox 1240 4971 1382 5024; x_wconf 77' lang='grc' dir='ltr'>ἑπτὰ</span> <span class='ocrx_word' id='word_1_573' title='bbox 1407 4955 1660 5044; x_wconf 74' lang='grc' dir='ltr'>ἀριθμόν.</span> <span class='ocrx_word' id='word_1_574' title='bbox 1689 4975 1826 5028; x_wconf 75' lang='grc' dir='ltr'>Φασὶ</span> 
     </span>
    </p>
   </div>
   <div class='ocr_carea' id='block_1_78' title="bbox 237 5047 1826 5135">
    <p class='ocr_par' dir='ltr' id='par_1_78' title="bbox 237 5047 1826 5135">
     <span class='ocr_line' id='line_1_78' title="bbox 237 5047 1826 5135; baseline 0.012 -35"><span class='ocrx_word' id='word_1_575' title='bbox 237 5047 304 5100; x_wconf 76' lang='grc' dir='ltr'><strong>δὲ</strong></span> <span class='ocrx_word' id='word_1_576' title='bbox 337 5047 430 5101; x_wconf 77' lang='grc' dir='ltr'><strong>καὶ</strong></span> <span class='ocrx_word' id='word_1_577' title='bbox 460 5051 783 5121; x_wconf 75' lang='grc' dir='ltr'>συγγένειάν</span> <span class='ocrx_word' id='word_1_578' title='bbox 816 5073 940 5109; x_wconf 84' lang='grc' dir='ltr'>τινα</span> <span class='ocrx_word' id='word_1_579' title='bbox 972 5063 1350 5133; x_wconf 81' lang='grc' dir='ltr'>πνευματικὴν</span> <span class='ocrx_word' id='word_1_580' title='bbox 1375 5063 1520 5118; x_wconf 78' lang='grc' dir='ltr'>κατὰ</span> <span class='ocrx_word' id='word_1_581' title='bbox 1555 5067 1826 5135; x_wconf 75' lang='grc' dir='ltr'>μυστικὴν</span> 
     </span>
    </p>
   </div>
   <div class='ocr_carea' id='block_1_79' title="bbox 239 5139 1828 5224">
    <p class='ocr_par' dir='ltr' id='par_1_79' title="bbox 239 5139 1828 5224">
     <span class='ocr_line' id='line_1_79' title="bbox 239 5139 1828 5224; baseline 0.011 -31"><span class='ocrx_word' id='word_1_582' title='bbox 239 5139 486 5210; x_wconf 82' lang='grc' dir='ltr'>θεωρίαν</span> <span class='ocrx_word' id='word_1_583' title='bbox 512 5144 647 5214; x_wconf 74' lang='grc' dir='ltr'>πρὸς</span> <span class='ocrx_word' id='word_1_584' title='bbox 673 5145 764 5217; x_wconf 71' lang='grc' dir='ltr'>τὸν</span> <span class='ocrx_word' id='word_1_585' title='bbox 789 5146 832 5210; x_wconf 80' lang='grc' dir='ltr'><strong>ζ’</strong></span> <span class='ocrx_word' id='word_1_586' title='bbox 857 5149 1091 5220; x_wconf 77' lang='grc' dir='ltr'>ἀριθμὸν</span> <span class='ocrx_word' id='word_1_587' title='bbox 1122 5152 1265 5222; x_wconf 68' lang='grc' dir='ltr'>ἔχειν</span> <span class='ocrx_word' id='word_1_588' title='bbox 1293 5155 1384 5208; x_wconf 85' lang='grc' dir='ltr'>τὸν</span> <span class='ocrx_word' id='word_1_589' title='bbox 1407 5163 1454 5224; x_wconf 84' lang='grc' dir='ltr'><strong>γ’</strong></span> <span class='ocrx_word' id='word_1_590' title='bbox 1487 5158 1628 5210; x_wconf 80' lang='grc' dir='ltr'>κατὰ</span> <span class='ocrx_word' id='word_1_591' title='bbox 1658 5157 1828 5212; x_wconf 81' lang='grc' dir='ltr'>τοιόν·</span> 
     </span>
    </p>
   </div>
   <div class='ocr_carea' id='block_1_80' title="bbox 237 5232 1828 5319">
    <p class='ocr_par' dir='ltr' id='par_1_80' title="bbox 237 5232 1828 5319">
     <span class='ocr_line' id='line_1_80' title="bbox 237 5232 1828 5319; baseline 0.012 -34"><span class='ocrx_word' id='word_1_592' title='bbox 237 5233 306 5285; x_wconf 87' lang='grc' dir='ltr'>δε</span> <span class='ocrx_word' id='word_1_593' title='bbox 331 5232 552 5300; x_wconf 76' lang='grc' dir='ltr'>τρόπον.</span> <span class='ocrx_word' id='word_1_594' title='bbox 572 5235 652 5306; x_wconf 85' lang='grc' dir='ltr'>τῷ</span> <span class='ocrx_word' id='word_1_595' title='bbox 671 5238 769 5308; x_wconf 78' lang='grc' dir='ltr'>τὴν</span> <span class='ocrx_word' id='word_1_596' title='bbox 795 5239 1105 5296; x_wconf 85' lang='grc' dir='ltr'>πάνσεπτον</span> <span class='ocrx_word' id='word_1_597' title='bbox 1135 5245 1230 5298; x_wconf 76' lang='grc' dir='ltr'><strong>καὶ</strong></span> <span class='ocrx_word' id='word_1_598' title='bbox 1255 5247 1637 5319; x_wconf 78' lang='grc' dir='ltr'>προσκυνητὴν</span> <span class='ocrx_word' id='word_1_599' title='bbox 1659 5249 1828 5318; x_wconf 80' lang='grc' dir='ltr'>Τριά-</span> 
     </span>
    </p>
   </div>
   <div class='ocr_carea' id='block_1_81' title="bbox 236 5321 1828 5409">
    <p class='ocr_par' dir='ltr' id='par_1_81' title="bbox 236 5321 1828 5409">
     <span class='ocr_line' id='line_1_81' title="bbox 236 5321 1828 5409; baseline 0.011 -33"><span class='ocrx_word' id='word_1_600' title='bbox 236 5324 316 5386; x_wconf 74' lang='grc' dir='ltr'><strong>δοι</strong></span> <span class='ocrx_word' id='word_1_601' title='bbox 347 5321 436 5376; x_wconf 80' lang='grc' dir='ltr'>διὰ</span> <span class='ocrx_word' id='word_1_602' title='bbox 473 5323 568 5376; x_wconf 84' lang='grc' dir='ltr'>τοῦ</span> <span class='ocrx_word' id='word_1_603' title='bbox 598 5331 646 5394; x_wconf 83' lang='grc' dir='ltr'><strong>γ’</strong></span> <span class='ocrx_word' id='word_1_604' title='bbox 680 5331 1068 5398; x_wconf 75' lang='grc' dir='ltr'>σημαίνεσθαι,</span> <span class='ocrx_word' id='word_1_605' title='bbox 1104 5335 1200 5388; x_wconf 75' lang='grc' dir='ltr'><strong>καὶ</strong></span> <span class='ocrx_word' id='word_1_606' title='bbox 1227 5337 1390 5390; x_wconf 84' lang='grc' dir='ltr'>πάλιν</span> <span class='ocrx_word' id='word_1_607' title='bbox 1417 5337 1517 5408; x_wconf 78' lang='grc' dir='ltr'>τὴν</span> <span class='ocrx_word' id='word_1_608' title='bbox 1546 5338 1718 5409; x_wconf 77' lang='grc' dir='ltr'>αὐτὴν</span> <span class='ocrx_word' id='word_1_609' title='bbox 1742 5340 1828 5394; x_wconf 76' lang='grc' dir='ltr'><strong>διὰ</strong></span> 
     </span>
    </p>
   </div>
   <div class='ocr_carea' id='block_1_82' title="bbox 233 5412 1827 5503">
    <p class='ocr_par' dir='ltr' id='par_1_82' title="bbox 233 5412 1827 5503">
     <span class='ocr_line' id='line_1_82' title="bbox 233 5412 1827 5503; baseline 0.011 -34"><span class='ocrx_word' id='word_1_610' title='bbox 233 5412 345 5469; x_wconf 81' lang='grc' dir='ltr'>τοῦ</span> <span class='ocrx_word' id='word_1_611' title='bbox 375 5413 442 5478; x_wconf 77' lang='grc' dir='ltr'><strong>ζ’.</strong></span> <span class='ocrx_word' id='word_1_612' title='bbox 477 5415 556 5486; x_wconf 83' lang='grc' dir='ltr'>τῷ</span> <span class='ocrx_word' id='word_1_613' title='bbox 605 5418 696 5472; x_wconf 67' lang='grc' dir='ltr'><strong>τὸν</strong></span> <span class='ocrx_word' id='word_1_614' title='bbox 729 5420 773 5484; x_wconf 75' lang='grc' dir='ltr'><strong>ζ’</strong></span> <span class='ocrx_word' id='word_1_615' title='bbox 805 5423 1045 5494; x_wconf 73' lang='grc' dir='ltr'>ἀριθμὸν</span> <span class='ocrx_word' id='word_1_616' title='bbox 1074 5429 1344 5496; x_wconf 82' lang='grc' dir='ltr'>παρθένον</span> <span class='ocrx_word' id='word_1_617' title='bbox 1372 5424 1531 5486; x_wconf 81' lang='grc' dir='ltr'>εἶναι.</span> <span class='ocrx_word' id='word_1_618' title='bbox 1561 5431 1683 5483; x_wconf 85' lang='grc' dir='ltr'>Τῶν</span> <span class='ocrx_word' id='word_1_619' title='bbox 1715 5432 1827 5503; x_wconf 75' lang='grc' dir='ltr'>γὰρ</span> 
     </span>
    </p>
   </div>
   <div class='ocr_carea' id='block_1_83' title="bbox 316 5531 985 5605">
    <p class='ocr_par' dir='ltr' id='par_1_83' title="bbox 316 5531 985 5605">
     <span class='ocr_line' id='line_1_83' title="bbox 316 5531 985 5605; baseline 0.013 -22"><span class='ocrx_word' id='word_1_620' title='bbox 316 5541 350 5583; x_wconf 68' lang='grc' dir='ltr'><strong><em>γ</em></strong></span> <span class='ocrx_word' id='word_1_621' title='bbox 375 5531 446 5590; x_wconf 85' lang='lat' dir='ltr'><strong>Ill</strong></span> <span class='ocrx_word' id='word_1_622' title='bbox 473 5531 607 5605; x_wconf 76' lang='lat' dir='ltr'><strong>Reg.</strong></span> <span class='ocrx_word' id='word_1_623' title='bbox 639 5549 774 5602; x_wconf 78' lang='lat' dir='ltr'><strong>xvn,</strong></span> <span class='ocrx_word' id='word_1_624' title='bbox 797 5535 985 5604; x_wconf 69' lang='lat'><strong>23,21.</strong></span> 
     </span>
    </p>
   </div>
   <div class='ocr_carea' id='block_1_84' title="bbox 1928 4059 3508 4132">
    <p class='ocr_par' dir='ltr' id='par_1_84' title="bbox 1928 4059 3508 4132">
     <span class='ocr_line' id='line_1_84' title="bbox 1928 4059 3508 4132; baseline -0.006 -11"><span class='ocrx_word' id='word_1_625' title='bbox 1928 4066 2142 4121; x_wconf 86' lang='lat' dir='ltr'><strong>unitate</strong></span> <span class='ocrx_word' id='word_1_626' title='bbox 2169 4067 2225 4120; x_wconf 92' lang='lat' dir='ltr'><strong>in</strong></span> <span class='ocrx_word' id='word_1_627' title='bbox 2251 4072 2498 4120; x_wconf 79' lang='lat' dir='ltr'><strong>extremo</strong></span> <span class='ocrx_word' id='word_1_628' title='bbox 2530 4063 2766 4132; x_wconf 87' lang='lat' dir='ltr'><strong>adjecta,</strong></span> <span class='ocrx_word' id='word_1_629' title='bbox 2785 4078 2892 4132; x_wconf 89' lang='lat' dir='ltr'><strong>qua</strong></span> <span class='ocrx_word' id='word_1_630' title='bbox 2917 4061 3134 4116; x_wconf 83' lang='lat' dir='ltr'><strong>ratione</strong></span> <span class='ocrx_word' id='word_1_631' title='bbox 3159 4059 3508 4128; x_wconf 87' lang='lat' dir='ltr'><strong>septenarius</strong></span> 
     </span>
    </p>
   </div>
   <div class='ocr_carea' id='block_1_85' title="bbox 1927 4151 3503 4228">
    <p class='ocr_par' dir='ltr' id='par_1_85' title="bbox 1927 4151 3503 4228">
     <span class='ocr_line' id='line_1_85' title="bbox 1927 4151 3503 4228; baseline -0.006 -14"><span class='ocrx_word' id='word_1_632' title='bbox 1927 4159 2238 4228; x_wconf 87' lang='lat' dir='ltr'><strong>completur</strong></span> <span class='ocrx_word' id='word_1_633' title='bbox 2267 4173 2562 4222; x_wconf 86' lang='lat' dir='ltr'><strong>numerus;</strong></span> <span class='ocrx_word' id='word_1_634' title='bbox 2609 4171 2739 4208; x_wconf 87' lang='lat' dir='ltr'><strong>nam</strong></span> <span class='ocrx_word' id='word_1_635' title='bbox 2777 4155 2795 4207; x_wconf 87' lang='lat' dir='ltr'><strong>l</strong></span> <span class='ocrx_word' id='word_1_636' title='bbox 2837 4153 2923 4209; x_wconf 86' lang='lat' dir='ltr'><strong>bis</strong></span> <span class='ocrx_word' id='word_1_637' title='bbox 2955 4161 3210 4222; x_wconf 87' lang='lat' dir='ltr'><strong>sumptus</strong></span> <span class='ocrx_word' id='word_1_638' title='bbox 3241 4151 3408 4206; x_wconf 84' lang='lat' dir='ltr'><strong>cilicit</strong></span> <span class='ocrx_word' id='word_1_639' title='bbox 3439 4151 3503 4212; x_wconf 73' lang='grc'>2,</span> 
     </span>
    </p>
   </div>
   <div class='ocr_carea' id='block_1_86' title="bbox 1925 4236 3587 4311">
    <p class='ocr_par' dir='ltr' id='par_1_86' title="bbox 1925 4236 3587 4311">
     <span class='ocr_line' id='line_1_86' title="bbox 1925 4236 3587 4311; baseline -0.006 -7"><span class='ocrx_word' id='word_1_640' title='bbox 1925 4250 1962 4304; x_wconf 77' lang='grc'>2</span> <span class='ocrx_word' id='word_1_641' title='bbox 1996 4250 2080 4305; x_wconf 89' lang='lat' dir='ltr'><strong>bis</strong></span> <span class='ocrx_word' id='word_1_642' title='bbox 2110 4251 2172 4310; x_wconf 74' lang='grc'>4,</span> <span class='ocrx_word' id='word_1_643' title='bbox 2201 4249 2234 4302; x_wconf 70' lang='grc'><strong>4</strong></span> <span class='ocrx_word' id='word_1_644' title='bbox 2265 4247 2350 4302; x_wconf 88' lang='lat' dir='ltr'><strong>bis</strong></span> <span class='ocrx_word' id='word_1_645' title='bbox 2373 4249 2434 4311; x_wconf 88' lang='lat'><strong>8,</strong></span> <span class='ocrx_word' id='word_1_646' title='bbox 2465 4246 2498 4300; x_wconf 91' lang='lat'>8</span> <span class='ocrx_word' id='word_1_647' title='bbox 2528 4247 2614 4301; x_wconf 87' lang='lat' dir='ltr'><strong>bis</strong></span> <span class='ocrx_word' id='word_1_648' title='bbox 2644 4246 2740 4310; x_wconf 78' lang='grc'>16,</span> <span class='ocrx_word' id='word_1_649' title='bbox 2775 4244 2839 4300; x_wconf 76' lang='grc'><strong>16</strong></span> <span class='ocrx_word' id='word_1_650' title='bbox 2870 4243 2957 4298; x_wconf 89' lang='lat' dir='ltr'><strong>bis</strong></span> <span class='ocrx_word' id='word_1_651' title='bbox 2987 4242 3084 4306; x_wconf 74' lang='lat'><strong>5‘2,</strong></span> <span class='ocrx_word' id='word_1_652' title='bbox 3109 4242 3180 4296; x_wconf 75' lang='lat'><strong>3‘2</strong></span> <span class='ocrx_word' id='word_1_653' title='bbox 3207 4241 3294 4296; x_wconf 89' lang='lat' dir='ltr'><strong>bis</strong></span> <span class='ocrx_word' id='word_1_654' title='bbox 3321 4241 3409 4298; x_wconf 59' lang='lat'><strong>61.</strong></span> <span class='ocrx_word' id='word_1_655' title='bbox 3440 4239 3506 4294; x_wconf 72' lang='grc' dir='ltr'><strong>ηε</strong></span> <span class='ocrx_word' id='word_1_656' title='bbox 3577 4236 3587 4308; x_wconf 63' lang='grc' dir='ltr'>έ</span> 
     </span>
    </p>
   </div>
   <div class='ocr_carea' id='block_1_87' title="bbox 1929 4333 3506 4408">
    <p class='ocr_par' dir='ltr' id='par_1_87' title="bbox 1929 4333 3506 4408">
     <span class='ocr_line' id='line_1_87' title="bbox 1929 4333 3506 4408; baseline -0.006 -14"><span class='ocrx_word' id='word_1_657' title='bbox 1929 4341 2004 4394; x_wconf 87' lang='lat' dir='ltr'><strong>ita</strong></span> <span class='ocrx_word' id='word_1_658' title='bbox 2041 4339 2304 4408; x_wconf 87' lang='lat' dir='ltr'><strong>duplicati</strong></span> <span class='ocrx_word' id='word_1_659' title='bbox 2340 4353 2439 4407; x_wconf 89' lang='lat' dir='ltr'><strong>per</strong></span> <span class='ocrx_word' id='word_1_660' title='bbox 2469 4353 2564 4391; x_wconf 73' lang='lat' dir='ltr'><strong>sex</strong></span> <span class='ocrx_word' id='word_1_661' title='bbox 2600 4351 2864 4390; x_wconf 85' lang='lat' dir='ltr'><strong>numeros</strong></span> <span class='ocrx_word' id='word_1_662' title='bbox 2895 4333 3156 4390; x_wconf 82' lang='lat' dir='ltr'><strong>videntur</strong></span> <span class='ocrx_word' id='word_1_663' title='bbox 3193 4333 3506 4403; x_wconf 84' lang='lat' dir='ltr'><strong>compositi,</strong></span> 
     </span>
    </p>
   </div>
   <div class='ocr_carea' id='block_1_88' title="bbox 1928 4426 3510 4498">
    <p class='ocr_par' dir='ltr' id='par_1_88' title="bbox 1928 4426 3510 4498">
     <span class='ocr_line' id='line_1_88' title="bbox 1928 4426 3510 4498; baseline -0.005 -10"><span class='ocrx_word' id='word_1_664' title='bbox 1928 4433 2022 4488; x_wconf 85' lang='lat' dir='ltr'><strong>sed</strong></span> <span class='ocrx_word' id='word_1_665' title='bbox 2054 4434 2238 4486; x_wconf 86' lang='lat' dir='ltr'><strong>unitas</strong></span> <span class='ocrx_word' id='word_1_666' title='bbox 2268 4431 2324 4484; x_wconf 90' lang='lat' dir='ltr'><strong>in</strong></span> <span class='ocrx_word' id='word_1_667' title='bbox 2351 4439 2600 4485; x_wconf 77' lang='lat' dir='ltr'><strong>extremo</strong></span> <span class='ocrx_word' id='word_1_668' title='bbox 2627 4437 2939 4498; x_wconf 82' lang='lat' dir='ltr'><strong>assumpta,</strong></span> <span class='ocrx_word' id='word_1_669' title='bbox 2965 4444 3030 4484; x_wconf 83' lang='lat' dir='ltr'><strong>ex</strong></span> <span class='ocrx_word' id='word_1_670' title='bbox 3057 4444 3169 4498; x_wconf 43' lang='lat' dir='ltr'><strong>qua:</strong></span> <span class='ocrx_word' id='word_1_671' title='bbox 3191 4426 3510 4498; x_wconf 87' lang='lat' dir='ltr'><strong>duplicandi</strong></span> 
     </span>
    </p>
   </div>
   <div class='ocr_carea' id='block_1_89' title="bbox 1929 4519 3511 4590">
    <p class='ocr_par' dir='ltr' id='par_1_89' title="bbox 1929 4519 3511 4590">
     <span class='ocr_line' id='line_1_89' title="bbox 1929 4519 3511 4590; baseline -0.004 -11"><span class='ocrx_word' id='word_1_672' title='bbox 1929 4524 2148 4579; x_wconf 87' lang='lat' dir='ltr'><strong>initium</strong></span> <span class='ocrx_word' id='word_1_673' title='bbox 2200 4523 2403 4578; x_wconf 79' lang='lat' dir='ltr'><strong>factum</strong></span> <span class='ocrx_word' id='word_1_674' title='bbox 2457 4531 2606 4585; x_wconf 84' lang='lat' dir='ltr'><strong>erat,</strong></span> <span class='ocrx_word' id='word_1_675' title='bbox 2651 4521 2890 4590; x_wconf 88' lang='lat' dir='ltr'><strong>complet</strong></span> <span class='ocrx_word' id='word_1_676' title='bbox 2939 4519 3333 4590; x_wconf 78' lang='lat' dir='ltr'><strong>septenarium.</strong></span> <span class='ocrx_word' id='word_1_677' title='bbox 3383 4519 3511 4574; x_wconf 84' lang='lat' dir='ltr'><strong>Pari</strong></span> 
     </span>
    </p>
   </div>
   <div class='ocr_carea' id='block_1_90' title="bbox 1929 4611 3511 4687">
    <p class='ocr_par' dir='ltr' id='par_1_90' title="bbox 1929 4611 3511 4687">
     <span class='ocr_line' id='line_1_90' title="bbox 1929 4611 3511 4687; baseline -0.004 -16"><span class='ocrx_word' id='word_1_678' title='bbox 1929 4617 2098 4687; x_wconf 78' lang='lat' dir='ltr'><strong>igitur</strong></span> <span class='ocrx_word' id='word_1_679' title='bbox 2139 4615 2230 4670; x_wconf 83' lang='lat' dir='ltr'><strong>hic</strong></span> <span class='ocrx_word' id='word_1_680' title='bbox 2273 4629 2492 4685; x_wconf 89' lang='lat' dir='ltr'><strong>quoque</strong></span> <span class='ocrx_word' id='word_1_681' title='bbox 2538 4613 2702 4668; x_wconf 89' lang='lat' dir='ltr'><strong>modo</strong></span> <span class='ocrx_word' id='word_1_682' title='bbox 2745 4613 2995 4668; x_wconf 87' lang='lat' dir='ltr'><strong>eamdem</strong></span> <span class='ocrx_word' id='word_1_683' title='bbox 3039 4628 3289 4668; x_wconf 86' lang='lat' dir='ltr'><strong>normam</strong></span> <span class='ocrx_word' id='word_1_684' title='bbox 3333 4611 3511 4666; x_wconf 86' lang='lat' dir='ltr'><strong>secuti</strong></span> 
     </span>
    </p>
   </div>
   <div class='ocr_carea' id='block_1_91' title="bbox 1928 4703 3506 4778">
    <p class='ocr_par' dir='ltr' id='par_1_91' title="bbox 1928 4703 3506 4778">
     <span class='ocr_line' id='line_1_91' title="bbox 1928 4703 3506 4778; baseline -0.005 -14"><span class='ocrx_word' id='word_1_685' title='bbox 1928 4710 2304 4778; x_wconf 89' lang='lat' dir='ltr'><strong>septenarium</strong></span> <span class='ocrx_word' id='word_1_686' title='bbox 2339 4707 2692 4761; x_wconf 72' lang='lat' dir='ltr'><strong>absolvemus</strong></span> <span class='ocrx_word' id='word_1_687' title='bbox 2724 4721 3040 4760; x_wconf 89' lang='lat' dir='ltr'><strong>numerum.</strong></span> <span class='ocrx_word' id='word_1_688' title='bbox 3079 4723 3098 4754; x_wconf 75' lang='grc' dir='ltr'><strong>ι</strong></span> <span class='ocrx_word' id='word_1_689' title='bbox 3136 4703 3449 4766; x_wconf 83' lang='lat' dir='ltr'><strong>Eﬂ‘undite,</strong></span> <span class='ocrx_word' id='word_1_690' title='bbox 3488 4719 3506 4750; x_wconf 75' lang='grc' dir='ltr'><strong>ι</strong></span> 
     </span>
    </p>
   </div>
   <div class='ocr_carea' id='block_1_92' title="bbox 1927 4788 3516 4866">
    <p class='ocr_par' dir='ltr' id='par_1_92' title="bbox 1927 4788 3516 4866">
     <span class='ocr_line' id='line_1_92' title="bbox 1927 4788 3516 4866; baseline -0.006 -15"><span class='ocrx_word' id='word_1_691' title='bbox 1927 4798 2076 4852; x_wconf 89' lang='lat' dir='ltr'><strong>enim</strong></span> <span class='ocrx_word' id='word_1_692' title='bbox 2112 4796 2313 4866; x_wconf 88' lang='lat' dir='ltr'><strong>inquit,</strong></span> <span class='ocrx_word' id='word_1_693' title='bbox 2350 4815 2367 4846; x_wconf 80' lang='grc' dir='ltr'><strong>ι</strong></span> <span class='ocrx_word' id='word_1_694' title='bbox 2399 4794 2680 4864; x_wconf 88' lang='lat' dir='ltr'><strong>duplicate</strong></span> <span class='ocrx_word' id='word_1_695' title='bbox 2711 4801 2768 4848; x_wconf 87' lang='lat' dir='ltr'><strong>et</strong></span> <span class='ocrx_word' id='word_1_696' title='bbox 2795 4793 3088 4862; x_wconf 88' lang='lat' dir='ltr'><strong>triplicate.</strong></span> <span class='ocrx_word' id='word_1_697' title='bbox 3119 4809 3138 4843; x_wconf 73' lang='grc' dir='ltr'><strong>ι</strong></span> <span class='ocrx_word' id='word_1_698' title='bbox 3173 4792 3361 4860; x_wconf 83' lang='lat' dir='ltr'><strong>Itaque</strong></span> <span class='ocrx_word' id='word_1_699' title='bbox 3389 4788 3516 4844; x_wconf 82' lang='lat' dir='ltr'><strong>uni-</strong></span> 
     </span>
    </p>
   </div>
   <div class='ocr_carea' id='block_1_93' title="bbox 1927 4879 3516 4956">
    <p class='ocr_par' dir='ltr' id='par_1_93' title="bbox 1927 4879 3516 4956">
     <span class='ocr_line' id='line_1_93' title="bbox 1927 4879 3516 4956; baseline -0.007 -12"><span class='ocrx_word' id='word_1_700' title='bbox 1927 4897 2040 4944; x_wconf 84' lang='lat' dir='ltr'><strong>tate</strong></span> <span class='ocrx_word' id='word_1_701' title='bbox 2071 4887 2346 4956; x_wconf 85' lang='lat' dir='ltr'><strong>dupiicata</strong></span> <span class='ocrx_word' id='word_1_702' title='bbox 2381 4885 2440 4938; x_wconf 83' lang='lat' dir='ltr'><strong>ﬁt</strong></span> <span class='ocrx_word' id='word_1_703' title='bbox 2468 4885 2524 4950; x_wconf 73' lang='grc'>2,</span> <span class='ocrx_word' id='word_1_704' title='bbox 2556 4885 2828 4954; x_wconf 86' lang='lat' dir='ltr'><strong>triplicata</strong></span> <span class='ocrx_word' id='word_1_705' title='bbox 2859 4885 2894 4938; x_wconf 72' lang='lat'><strong>2</strong></span> <span class='ocrx_word' id='word_1_706' title='bbox 2929 4883 2988 4937; x_wconf 86' lang='lat' dir='ltr'><strong>ﬁt</strong></span> <span class='ocrx_word' id='word_1_707' title='bbox 3018 4883 3070 4943; x_wconf 86' lang='lat'><strong>6.</strong></span> <span class='ocrx_word' id='word_1_708' title='bbox 3095 4891 3152 4936; x_wconf 90' lang='lat' dir='ltr'><strong>et</strong></span> <span class='ocrx_word' id='word_1_709' title='bbox 3182 4881 3356 4950; x_wconf 88' lang='lat' dir='ltr'><strong>prima</strong></span> <span class='ocrx_word' id='word_1_710' title='bbox 3389 4879 3516 4934; x_wconf 89' lang='lat' dir='ltr'><strong>uni-</strong></span> 
     </span>
    </p>
   </div>
   <div class='ocr_carea' id='block_1_94' title="bbox 1930 4972 3514 5042">
    <p class='ocr_par' dir='ltr' id='par_1_94' title="bbox 1930 4972 3514 5042">
     <span class='ocr_line' id='line_1_94' title="bbox 1930 4972 3514 5042; baseline -0.005 -8"><span class='ocrx_word' id='word_1_711' title='bbox 1930 4989 2014 5034; x_wconf 83' lang='lat' dir='ltr'><strong>tas</strong></span> <span class='ocrx_word' id='word_1_712' title='bbox 2055 4977 2242 5032; x_wconf 85' lang='lat' dir='ltr'><strong>addita</strong></span> <span class='ocrx_word' id='word_1_713' title='bbox 2287 4977 2520 5031; x_wconf 87' lang='lat' dir='ltr'><strong>senariis</strong></span> <span class='ocrx_word' id='word_1_714' title='bbox 2564 4975 2817 5035; x_wconf 82' lang='lat' dir='ltr'><strong>numeris</strong></span> <span class='ocrx_word' id='word_1_715' title='bbox 2861 4974 3099 5029; x_wconf 77' lang='lat' dir='ltr'><strong>absolvit</strong></span> <span class='ocrx_word' id='word_1_716' title='bbox 3138 4972 3514 5042; x_wconf 83' lang='lat' dir='ltr'><strong>septenarium</strong></span> 
     </span>
    </p>
   </div>
   <div class='ocr_carea' id='block_1_95' title="bbox 1928 5065 3519 5142">
    <p class='ocr_par' dir='ltr' id='par_1_95' title="bbox 1928 5065 3519 5142">
     <span class='ocr_line' id='line_1_95' title="bbox 1928 5065 3519 5142; baseline -0.004 -19"><span class='ocrx_word' id='word_1_717' title='bbox 1928 5084 2241 5142; x_wconf 77' lang='lat' dir='ltr'><strong>numerum.</strong></span> <span class='ocrx_word' id='word_1_718' title='bbox 2271 5067 2523 5122; x_wconf 88' lang='lat' dir='ltr'><strong>Tradunt</strong></span> <span class='ocrx_word' id='word_1_719' title='bbox 2559 5082 2692 5122; x_wconf 82' lang='lat' dir='ltr'><strong>vero</strong></span> <span class='ocrx_word' id='word_1_720' title='bbox 2730 5065 2898 5121; x_wconf 87' lang='lat' dir='ltr'><strong>etiam</strong></span> <span class='ocrx_word' id='word_1_721' title='bbox 2939 5066 3284 5136; x_wconf 84' lang='lat' dir='ltr'><strong>spiritualcm</strong></span> <span class='ocrx_word' id='word_1_722' title='bbox 3322 5079 3519 5134; x_wconf 87' lang='lat' dir='ltr'><strong>quam-</strong></span> 
     </span>
    </p>
   </div>
   <div class='ocr_carea' id='block_1_96' title="bbox 1929 5157 3614 5230">
    <p class='ocr_par' dir='ltr' id='par_1_96' title="bbox 1929 5157 3614 5230">
     <span class='ocr_line' id='line_1_96' title="bbox 1929 5157 3614 5230; baseline -0.002 -14"><span class='ocrx_word' id='word_1_723' title='bbox 1929 5161 2052 5216; x_wconf 86' lang='lat' dir='ltr'><strong>dam</strong></span> <span class='ocrx_word' id='word_1_724' title='bbox 2080 5161 2386 5217; x_wconf 84' lang='lat' dir='ltr'><strong>secundum</strong></span> <span class='ocrx_word' id='word_1_725' title='bbox 2413 5159 2700 5230; x_wconf 70' lang='lat' dir='ltr'><strong>mysticam</strong></span> <span class='ocrx_word' id='word_1_726' title='bbox 2726 5159 3246 5228; x_wconf 85' lang='lat' dir='ltr'><strong>contemplationem</strong></span> <span class='ocrx_word' id='word_1_727' title='bbox 3277 5157 3519 5212; x_wconf 85' lang='lat' dir='ltr'><strong>intercc-</strong></span> <span class='ocrx_word' id='word_1_728' title='bbox 3610 5163 3614 5166; x_wconf 86' lang='grc'><em>’</em></span> 
     </span>
    </p>
   </div>
   <div class='ocr_carea' id='block_1_97' title="bbox 1930 5249 3517 5322">
    <p class='ocr_par' dir='ltr' id='par_1_97' title="bbox 1930 5249 3517 5322">
     <span class='ocr_line' id='line_1_97' title="bbox 1930 5249 3517 5322; baseline -0.004 -14"><span class='ocrx_word' id='word_1_729' title='bbox 1930 5253 2064 5308; x_wconf 88' lang='lat' dir='ltr'><strong>dere</strong></span> <span class='ocrx_word' id='word_1_730' title='bbox 2098 5251 2482 5322; x_wconf 76' lang='lat' dir='ltr'><strong>cognationem</strong></span> <span class='ocrx_word' id='word_1_731' title='bbox 2523 5251 2668 5305; x_wconf 89' lang='lat' dir='ltr'><strong>inter</strong></span> <span class='ocrx_word' id='word_1_732' title='bbox 2705 5250 3004 5304; x_wconf 87' lang='lat' dir='ltr'><strong>ternarium</strong></span> <span class='ocrx_word' id='word_1_733' title='bbox 3039 5265 3103 5304; x_wconf 87' lang='lat' dir='ltr'><strong>ac</strong></span> <span class='ocrx_word' id='word_1_734' title='bbox 3135 5249 3517 5320; x_wconf 84' lang='lat' dir='ltr'><strong>septenarium</strong></span> 
     </span>
    </p>
   </div>
   <div class='ocr_carea' id='block_1_98' title="bbox 1934 5338 3519 5412">
    <p class='ocr_par' dir='ltr' id='par_1_98' title="bbox 1934 5338 3519 5412">
     <span class='ocr_line' id='line_1_98' title="bbox 1934 5338 3519 5412; baseline -0.004 -13"><span class='ocrx_word' id='word_1_735' title='bbox 1934 5359 2226 5400; x_wconf 88' lang='lat' dir='ltr'><strong>numerum</strong></span> <span class='ocrx_word' id='word_1_736' title='bbox 2263 5343 2370 5396; x_wconf 82' lang='lat' dir='ltr'><strong>hoc</strong></span> <span class='ocrx_word' id='word_1_737' title='bbox 2404 5341 2518 5398; x_wconf 77' lang='lat' dir='ltr'><strong>fere</strong></span> <span class='ocrx_word' id='word_1_738' title='bbox 2551 5343 2742 5406; x_wconf 87' lang='lat' dir='ltr'><strong>modo,</strong></span> <span class='ocrx_word' id='word_1_739' title='bbox 2774 5342 2921 5412; x_wconf 88' lang='lat' dir='ltr'><strong>quod</strong></span> <span class='ocrx_word' id='word_1_740' title='bbox 2959 5357 3171 5398; x_wconf 88' lang='lat' dir='ltr'><strong>summe</strong></span> <span class='ocrx_word' id='word_1_741' title='bbox 3201 5338 3519 5396; x_wconf 79' lang='lat' dir='ltr'><strong>veneranda</strong></span> 
     </span>
    </p>
   </div>
   <div class='ocr_carea' id='block_1_99' title="bbox 1935 5430 3520 5501">
    <p class='ocr_par' dir='ltr' id='par_1_99' title="bbox 1935 5430 3520 5501">
     <span class='ocr_line' id='line_1_99' title="bbox 1935 5430 3520 5501; baseline -0.003 -15"><span class='ocrx_word' id='word_1_742' title='bbox 1935 5441 1993 5486; x_wconf 87' lang='lat' dir='ltr'><strong>et</strong></span> <span class='ocrx_word' id='word_1_743' title='bbox 2029 5431 2308 5488; x_wconf 79' lang='lat' dir='ltr'><strong>adoranda</strong></span> <span class='ocrx_word' id='word_1_744' title='bbox 2338 5431 2579 5488; x_wconf 82' lang='lat' dir='ltr'><strong>Trinitas</strong></span> <span class='ocrx_word' id='word_1_745' title='bbox 2621 5447 2720 5501; x_wconf 88' lang='lat' dir='ltr'><strong>per</strong></span> <span class='ocrx_word' id='word_1_746' title='bbox 2755 5431 3060 5488; x_wconf 87' lang='lat' dir='ltr'><strong>ternarium</strong></span> <span class='ocrx_word' id='word_1_747' title='bbox 3101 5444 3427 5493; x_wconf 85' lang='lat' dir='ltr'><strong>numerum,</strong></span> <span class='ocrx_word' id='word_1_748' title='bbox 3455 5430 3520 5482; x_wconf 81' lang='lat' dir='ltr'><strong>ct</strong></span> 
     </span>
    </p>
   </div>
   <div class='ocr_carea' id='block_1_100' title="bbox 1525 5609 2209 5666">
    <p class='ocr_par' dir='ltr' id='par_1_100' title="bbox 1525 5609 2209 5666">
     <span class='ocr_line' id='line_1_100' title="bbox 1525 5609 2209 5666; baseline 0.001 -2"><span class='ocrx_word' id='word_1_749' title='bbox 1525 5609 1767 5665; x_wconf 64' lang='lat' dir='ltr'><strong>VARIA‘J</strong></span> <span class='ocrx_word' id='word_1_750' title='bbox 1801 5609 2209 5666; x_wconf 78' lang='lat' dir='ltr'><strong>LECTIONES.</strong></span> 
     </span>
    </p>
   </div>
   <div class='ocr_carea' id='block_1_101' title="bbox 318 5698 2266 5776">
    <p class='ocr_par' dir='ltr' id='par_1_101' title="bbox 318 5698 2266 5776">
     <span class='ocr_line' id='line_1_101' title="bbox 318 5698 2266 5776; baseline 0.002 -22"><span class='ocrx_word' id='word_1_751' title='bbox 318 5698 366 5732; x_wconf 82' lang='lat'><strong>&quot;</strong></span> <span class='ocrx_word' id='word_1_752' title='bbox 400 5699 640 5770; x_wconf 79' lang='lat' dir='ltr'><strong>Antiqua</strong></span> <span class='ocrx_word' id='word_1_753' title='bbox 671 5716 865 5756; x_wconf 87' lang='lat' dir='ltr'><strong>manus</strong></span> <span class='ocrx_word' id='word_1_754' title='bbox 895 5702 949 5757; x_wconf 92' lang='lat' dir='ltr'><strong>in</strong></span> <span class='ocrx_word' id='word_1_755' title='bbox 984 5717 1165 5774; x_wconf 18' lang='lat' dir='ltr'><strong>marg.”</strong></span> <span class='ocrx_word' id='word_1_756' title='bbox 1201 5702 1332 5758; x_wconf 88' lang='lat' dir='ltr'><strong>libri</strong></span> <span class='ocrx_word' id='word_1_757' title='bbox 1368 5702 1509 5758; x_wconf 87' lang='lat' dir='ltr'><strong>Gud.</strong></span> <span class='ocrx_word' id='word_1_758' title='bbox 1543 5705 1797 5774; x_wconf 86' lang='lat' dir='ltr'><strong>ascripsit</strong></span> <span class='ocrx_word' id='word_1_759' title='bbox 1825 5705 1922 5776; x_wconf 77' lang='grc' dir='ltr'>τῆς</span> <span class='ocrx_word' id='word_1_760' title='bbox 1953 5704 2266 5773; x_wconf 78' lang='grc' dir='ltr'>ἑϐδομάδος.</span> 
     </span>
    </p>
   </div>
   <div class='ocr_carea' id='block_1_102' title="bbox 317 5813 2238 5890">
    <p class='ocr_par' dir='ltr' id='par_1_102' title="bbox 317 5813 2238 5890">
     <span class='ocr_line' id='line_1_102' title="bbox 317 5813 2238 5890; baseline 0.001 -18"><span class='ocrx_word' id='word_1_761' title='bbox 317 5813 440 5888; x_wconf 67' lang='lat' dir='ltr'><strong>(6i)</strong></span> <span class='ocrx_word' id='word_1_762' title='bbox 473 5813 634 5887; x_wconf 60' lang='grc' dir='ltr'><strong>(ἓξ-οε.</strong></span> <span class='ocrx_word' id='word_1_763' title='bbox 673 5816 806 5870; x_wconf 74' lang='lat' dir='ltr'><strong>Naz.</strong></span> <span class='ocrx_word' id='word_1_764' title='bbox 842 5817 988 5885; x_wconf 60' lang='lat' dir='ltr'><strong>ibid,</strong></span> <span class='ocrx_word' id='word_1_765' title='bbox 1016 5833 1136 5886; x_wconf 85' lang='lat' dir='ltr'><strong>cap.</strong></span> <span class='ocrx_word' id='word_1_766' title='bbox 1167 5817 1218 5886; x_wconf 72' lang='grc'>4,</span> <span class='ocrx_word' id='word_1_767' title='bbox 1251 5831 1304 5885; x_wconf 84' lang='lat' dir='ltr'><strong>p.</strong></span> <span class='ocrx_word' id='word_1_768' title='bbox 1339 5817 1460 5881; x_wconf 63' lang='lat' dir='ltr'><strong>72E.</strong></span> <span class='ocrx_word' id='word_1_769' title='bbox 1496 5826 1627 5872; x_wconf 86' lang='lat' dir='ltr'><strong>tom.</strong></span> <span class='ocrx_word' id='word_1_770' title='bbox 1675 5817 1694 5872; x_wconf 89' lang='lat' dir='ltr'><strong>l</strong></span> <span class='ocrx_word' id='word_1_771' title='bbox 1739 5817 1874 5890; x_wconf 81' lang='lat' dir='ltr'><strong>Opp.</strong></span> <span class='ocrx_word' id='word_1_772' title='bbox 1905 5819 1991 5875; x_wconf 85' lang='lat' dir='ltr'><strong>ed.</strong></span> <span class='ocrx_word' id='word_1_773' title='bbox 2034 5817 2238 5874; x_wconf 41' lang='lat' dir='ltr'><strong>Benedt</strong></span> 
     </span>
    </p>
   </div>
  </div>
