4052 6390
627 415 764 484 1395
1816 425 1876 485 S.
1916 424 2206 486 MAXlMI
2250 427 2762 492 CONFESSORIS

619 530 820 585 iterum
849 545 949 602 per
968 533 1347 604 septenarium
1373 531 1738 605 signiﬁcetur,
1762 547 1830 588 eo
1853 533 2002 603 quod
2028 542 2201 603 septe-t

2316 539 2466 604 ἐντὸς
2493 540 2716 606 δεκάδος
2748 541 2997 614 ἀριθμῶν
3031 545 3194 616 μόνος
3217 539 3373 610 οὗτος
3403 545 3519 600 οὒτε
3544 529 3699 618 γεννᾷ,
3723 551 3808 606 οὔτε

617 621 811 676 uarius
832 637 1098 680 numerus
1116 623 1274 695 virgo
1297 625 1390 679 sit.
1411 623 1670 678 Omnium
1695 623 1844 678 enim
1871 623 2016 678 intra
2040 622 2201 679 deca-

2312 630 2590 695 γεννᾶται.
2621 631 2794 684 Τοῦτο
2823 632 2880 686 δὲ
2909 635 3098 698 σαφῶς
3133 635 3467 690 ἐνδείκνυται
3491 634 3675 700 διεξιὼν
3703 639 3811 711 Evn}

617 712 746 768 dem
767 729 1064 770 numerum
1091 715 1140 770 is
1168 716 1321 770 solus
1347 732 1458 770 non
1485 725 1734 786 generat,
1763 730 1944 786 neque
1972 731 2201 786 genera-

2314 717 2483 786 βίϐλῳ
2529 718 2638 774 τῶν
2685 721 2834 774 ἐπῶν
2865 723 3004 790 Περὶ
3037 725 3366 793 παρθενίας
3386 766 3402 790 ,
3451 724 3632 778 οὑτωσὶ
3669 724 3812 796 λέγων,

617 812 728 859 tur.
766 803 925 871 Quod
972 806 1120 862 clare
1169 807 1513 862 demonstrat
1559 814 1906 876 pertractans
1951 806 2010 861 in
2057 807 2201 862 libro

2318 828 2338 862 ι
2373 809 2574 883 Πρώτη
2603 813 2873 884 παρθένος
2914 815 3069 869 ἐστὶν
3099 817 3242 887 ἁγνὴ
3282 815 3474 887 Τριάς.
3499 835 3518 868 ι

610 895 859 952 carmine
890 897 1100 968 scripto
1132 897 1208 951 De
1241 899 1570 969 virginitate,
1602 897 1696 952 ubi
1728 897 1865 953 dicit
1897 915 1910 952 :
1956 917 1974 950 ι
2016 897 2202 953 Prima

613 987 771 1060 virgo
797 997 882 1045 est
911 999 1101 1046 sancta
1132 990 1392 1046 Trinitas.
1427 1010 1446 1042 ι
2157 1001 2164 1008 ·

1002 1177 1124 1232 Alia
1156 1179 1210 1234 in
1241 1177 1380 1231 idem
1413 1177 1814 1249 contemplatio.

2335 1183 2344 1201 ‘
2629 1181 2809 1234 Ἄλλο
2851 1179 3127 1250 θεώρημα
3176 1179 3266 1244 εις
3298 1178 3367 1233 τὸ
3405 1179 3569 1234 αὑτό.

683 1293 780 1349 Vel
809 1295 976 1349 etiam
1007 1293 1065 1349 in
1091 1294 1242 1349 hunc
1267 1293 1516 1348 modum.
1545 1293 1684 1349 Cum
1715 1301 1904 1348 sancta
1935 1291 2207 1348 Trinitate

609 1387 841 1460 mystice
867 1388 990 1458 ejus
1013 1386 1179 1442 simul
1205 1387 1431 1442 intuens
1452 1386 1637 1442 animo
1661 1385 1945 1449 virtutem,
1972 1383 2204 1451 bonum,

611 1480 869 1550 inquam,
903 1479 1052 1550 quod
1097 1480 1387 1550 generales
1431 1487 1672 1549 quatuor
1711 1477 1949 1532 virtutes
1995 1492 2205 1545 reprae-

607 1582 810 1638 sentat,
832 1574 1210 1642 septenarium
1237 1571 1540 1642 complebis
1562 1583 1878 1624 numerum.
1901 1566 2042 1623 Cum
2074 1583 2202 1622 san-

608 1671 698 1718 cta
753 1664 960 1719 etenim
1014 1676 1072 1720 et
1117 1664 1559 1720 concelebranda
1614 1662 1876 1717 laudibus
1925 1659 2202 1732 Trinitate

2381 1294 2451 1347 Ἢ
2486 1295 2582 1348 καὶ
2609 1293 2805 1359 οὕτως.
2834 1296 2912 1368 Τῇ
2951 1296 3085 1368 ἁγίᾳ
3111 1295 3305 1368 Τριάδι
3329 1293 3604 1366 μυστικῶς
3625 1294 3694 1366 τῷ
3718 1295 3823 1368 λόγῳ

2305 1383 2404 1456 τὴν
2443 1384 2618 1456 αὐτῆς
2654 1386 3038 1460 ὲπιθεωρήσας
3064 1387 3372 1460 ἐνέργειαν,
3405 1386 3548 1455 φημὶ
3573 1384 3626 1437 δὲ
3651 1385 3704 1439 τὸ
3727 1387 3824 1454 ἀγα-

2307 1475 2399 1529 θὸν
2427 1477 2563 1548 ὅπερ
2591 1478 2689 1542 τὰς
2715 1479 2988 1550 τέσσαρας
3015 1479 3276 1549 ἐμφαίνει
3299 1477 3527 1546 γενικὰς
3555 1475 3825 1548 ἀρετὰς,τδν

2309 1569 2452 1622 ἑπτὰ
2491 1569 2806 1638 πληρώσεις
2849 1571 3104 1642 ἀριθμόν.
3142 1570 3220 1641 Τῇ
3262 1569 3372 1642 γὰρ
3418 1569 3551 1639 ἁγίᾳ
3587 1571 3691 1634 {nat
3731 1586 3828 1622 tta»-

2310 1661 2538 1731 υμνήτῳ
2572 1662 2765 1730 Τριάδι
2798 1661 2984 1733 (256
3021 1661 3073 1730 b)
3115 1661 3396 1732 μυστικῶς
3424 1661 3524 1730 τὴν
3571 1660 3718 1731 αὑτῆς
3741 1662 3828 1714 ἐπι-

2311 1749 2647 1822 οεωροῦντες
2681 1754 2964 1826 ἐνέργειαν
2994 1753 3086 1806 τὸν
3117 1751 3258 1806 ἑπτὰ
3288 1751 3560 1823 παρθένον
3588 1750 3830 1821 ἀπαρτίζο-

2314 1858 2412 1912 μεν
2442 1844 2695 1916 ἀριθμόν.
2780 1825 2783 1826 ν
3915 1825 3917 1906 ἦ

605 1757 736 1812 dum
763 1757 992 1828 mystice
1015 1757 1180 1812 simul
1207 1756 1494 1811 intuemur
1516 1755 1776 1809 virtutem
1803 1752 1997 1822 ipsius,
2018 1759 2203 1820 septe-

602 1849 826 1905 narium
851 1849 1124 1920 virginem
1148 1863 1444 1904 numerum
1469 1859 1945 1901 consummamus.

605 2033 690 2090 Ea:
732 2033 912 2088 eodem
946 2049 1209 2096 sermone,
1237 2033 1292 2087 in
1326 2031 1463 2087 illud
1499 2048 1516 2086 :
1562 2051 1581 2082 ι
1617 2031 1770 2084 Jesus
1803 2046 1924 2084 vero
1958 2031 2086 2101 ipse,
2111 2029 2200 2101 qui

2317 2033 2418 2086 Ἐκ
2458 2031 2564 2085 τοῦ
2602 2029 2791 2084 αὑτοῦ
2815 2031 3024 2100 λόγου,
3056 2032 3144 2094 εὶς
3165 2027 3284 2082 τό·ι
3307 2024 3546 2095 Ἰησοῦς
3586 2025 3649 2077 δὲ
3671 2025 3834 2091 αὐτὸς,

675 2140 814 2195 pura
871 2123 1122 2194 perfectio
1171 2131 1282 2188 est,
1329 2123 1564 2194 quinque
1613 2121 1838 2191 panibus
1893 2121 1949 2174 in
1999 2120 2201 2174 deserta

2378 2128 2419 2196 ἡ
2455 2127 2682 2196 καθαρὰ
2717 2128 3042 2194 τελειότης,
3082 2121 3210 2180 οἶδε
3241 2123 3357 2193 μὲν
3394 2123 3632 2192 τρέφειν
3657 2124 3719 2187 ἐι·
3739 2123 3836 2189 emo

677 2218 909 2288 quinque
946 2217 1220 2271 hominum
1257 2215 1432 2270 millia
1473 2215 1678 2269 nutrire
1718 2214 1881 2279 novit,
1917 2229 1979 2267 ac
2019 2231 2201 2268 rursus

2372 2219 2483 2288 μίᾳ
2530 2217 2628 2272 καὶ
2672 2217 2856 2272 πέντε
2895 2216 3101 2285 ἄρτοις
3142 2215 3681 2283 πεντακισχιλίους
3704 2255 3718 2274 ,
3746 2211 3836 2267 οἶδε

550 4971 560 5040 3

677 2316 877 2377 septem
921 2307 1146 2378 panibus
1193 2315 1424 2378 quatuor
1466 2303 1657 2358 millia.
1694 2304 1866 2374 Atque
1905 2305 2204 2358 saturitatis

678 2399 919 2471 reliquid:
948 2397 1059 2453 illic
1089 2399 1300 2471 quidem
1334 2399 1606 2452 duodecim
1641 2399 1849 2468 capitini
1867 2440 1880 2458 ,
1909 2399 1992 2452 hic
2027 2409 2205 2453 autem

675 2502 878 2564 septem
927 2501 1127 2556 sporta:
1153 2502 1198 2545 ι.
1245 2491 1540 2555 Neutrum,
1585 2491 1793 2562 Opinor,
1843 2500 2070 2557 temere,
2111 2508 2205 2546 nec

677 2585 840 2640 aliter
868 2601 1030 2656 quam
1059 2581 1265 2654 Spiritu
1290 2579 1509 2652 dignum
1538 2591 1674 2636 erat.
1707 2601 1725 2632 ι

678 2695 1053 2750 Exercitatam
1083 2696 1196 2766 jam
1235 2695 1303 2750 ad
1337 2693 1834 2763 eontemplativum
1865 2694 2115 2749 habitum
2147 2693 2203 2748 in

608 2789 691 2844 eis
733 2802 860 2856 qua:
901 2785 1154 2856 copiose,
1191 2794 1255 2840 ut
1302 2785 1422 2840 ﬂeri
1472 2785 1683 2855 potuit,
1718 2784 1998 2855 disputata
2041 2768 2201 2851 sunt,

607 2894 844 2948 qumque
895 2879 1008 2950 jam
1050 2877 1431 2947 anticiparunt
1470 2877 1678 2945 ipsam,
1709 2885 1949 2930 mentem
1990 2890 2204 2931 sermo-

609 2986 744 3028 num
779 2969 969 3042 copia,
1002 2969 1047 3024 si
1081 2969 1327 3032 videtur,
1359 2983 1429 3022 ne
1465 2982 1788 3038 gravemus,
1821 2983 1949 3022 cum
1983 2967 2200 3022 divina-

607 3079 736 3120 rum
763 3077 950 3119 rerum
979 3062 1048 3118 de
1075 3062 1322 3132 reliquo,
1353 3062 1438 3116 vel
1473 3060 1531 3115 in
1559 3059 1950 3131 compendium
1981 3070 2204 3116 contra-

609 3165 865 3220 ctarum,
927 3153 1460 3224 contemplationem
1519 3151 1698 3220 perite
1755 3165 1953 3221 capere
2012 3159 2200 3220 queat.

609 3248 919 3303 llordeaeei
951 3247 1122 3318 igitur
1147 3245 1396 3316 quinque
1427 3257 1602 3313 panes
1635 3242 1903 3297 naturalis
1933 3242 2205 3297 denotant

609 3336 1098 3408 contemplationis
1156 3346 1321 3391 notas
1380 3333 1646 3388 rationes.
1701 3331 1958 3403 Quinque
2014 3343 2200 3389 autem

610 3429 786 3487 millia
835 3429 1124 3484 hominum
1167 3427 1260 3498 qui
1301 3427 1392 3486 eis
1439 3427 1498 3481 in
1549 3425 1770 3480 deserto
1823 3425 2049 3481 aluntur
2095 3440 2194 3481 eos

611 3524 925 3594 signiﬁcant
966 3521 1062 3592 qui
1103 3520 1250 3576 circa
1295 3528 1548 3574 naturam
1592 3517 1818 3588 quidem
1868 3526 2194 3582 moventur,

610 3611 708 3667 sed
740 3610 986 3667 nondum
1016 3609 1242 3680 penitus
1267 3615 1398 3664 sunt
1421 3609 1492 3663 ab
1519 3609 1750 3663 relativa
1777 3607 1832 3662 in
1866 3607 2111 3677 passibili
2141 3615 2200 3662 et

609 3701 920 3758 irrationali
979 3701 1177 3758 anima
1235 3709 1392 3771 parte
1449 3699 1668 3772 purgati
1729 3698 2041 3756 atl‘ectione.
2107 3699 2200 3755 Sic

607 3795 760 3850 enim
794 3794 1065 3850 docemur
1097 3793 1154 3847 in
1191 3792 1279 3848 his
1313 3791 1623 3848 rattonibus
1653 3792 2098 3862 contemplandis
2132 3807 2200 3849 eo

607 3886 759 3957 quod
795 3885 866 3941 de
903 3884 1114 3940 hordeo
1157 3891 1289 3940 sunt
1325 3883 1408 3938 illi
1445 3897 1646 3952 panes,
1677 3882 1824 3952 quod
1867 3897 2044 3954 genus
2080 3881 2200 3953 fru-

605 3977 781 4034 menti
811 3975 974 4032 cibus
1003 3975 1201 4032 bestiis
1228 3981 1314 4030 est
1339 3989 1466 4029 cum
1496 3973 1822 4030 hominibus
1855 3974 2198 4038 communis,

606 4081 664 4127 ct
703 4069 854 4141 quod
894 4084 1023 4125 cum
1063 4066 1395 4122 mulieribus
1431 4075 1592 4120 erant
1634 4072 1800 4134 atque
1839 4064 2050 4120 liberis.
2085 4065 2202 4120 lloe

608 4163 758 4218 enim
797 4161 946 4216 clare
985 4157 1234 4215 ostendit
1263 4173 1363 4212 eos
1390 4171 1504 4212 non
1538 4155 1812 4211 alienatos
1840 4155 2001 4226 plane
2029 4156 2203 4212 fuisse

608 4275 640 4312 ιι
663 4252 1038 4325 voluptuariis
1071 4248 1475 4320 cupiditatibus
1505 4255 1562 4303 et
1589 4247 1659 4303 ab
1695 4246 1932 4302 infantili
1965 4263 2031 4304 ac
2061 4263 2202 4302 vana

609 4349 1011 4420 cogitationum
1073 4343 1401 4400 stoliditate.
1445 4341 1738 4396 Desertum
1787 4355 1924 4396 vero
1977 4349 2063 4395 est
2111 4341 2205 4396 hic

610 4441 886 4502 mundus,
933 4439 990 4494 in
1038 4451 1150 4508 quo
1190 4435 1274 4492 eis
1313 4434 1408 4506 qui
1455 4449 1558 4504 per
1598 4433 1906 4488 naturalem
1951 4441 2204 4488 eontem-

608 4531 914 4601 plationem
960 4529 1109 4584 circa
1155 4528 1330 4584 Deum
1373 4533 1793 4581 commoventur
1836 4524 1932 4580 Dei
1977 4524 2202 4590 Sermo,

609 4625 826 4672 natura:
867 4616 1116 4671 rationes
1162 4613 1528 4686 spiritualiter
1565 4613 1946 4685 confringens,
1983 4629 2206 4670 omnem

2376 2311 2447 2366 ea
2494 2309 2684 2366 πάλιν
2736 2310 2834 2365 καὶ
2880 2307 3032 2364 ἑπτὰ
3070 2307 3602 2376 τετρακισχιλίους
3623 2323 3636 2335 ·
3679 2305 3762 2357 καὶ
3790 2305 3838 2356 τὰ

2377 2397 2484 2458 τοῦ
2515 2403 2698 2470 κόρου
2747 2401 3018 2470 λείψανα
3063 2399 3196 2454 ἐκεῖ
3216 2397 3335 2468 μὲν
3361 2395 3596 2450 δώδεκα
3629 2397 3834 2463 κόφινοι⁷

2376 2489 2640 2549 ἐνταῦθα
2684 2493 2753 2546 δὲ
2808 2491 3105 2560 σπυρίδος
3151 2488 3216 2552 ζ’.
3263 2487 3600 2556 Οὐϐέτερον
3655 2487 3841 2554 ἀλόγως

2378 2583 2558 2658 οἶμαι,
2598 2585 2734 2641 οὐδὲ
2759 2585 3024 2652 ἀναξίως
3059 2583 3169 2638 τοῦ
3197 2585 3628 2660 Πνεύματος.)

2378 2699 2798 2772 Γυμνασθεῖσαν
2843 2699 2945 2770 ἤδη
2979 2699 3119 2770 πρὸς
3158 2696 3511 2768 θεωρητικὴν
3543 2695 3654 2762 ἕξιν
3683 2694 3732 2746 ἐν
3761 2694 3840 2754 τοῖς

2305 2786 2646 2862 προλασοῦσι
2680 2786 2769 2842 διὰ
2797 2787 3057 2852 πλάτους,
3101 2787 3178 2852 ὡς
3222 2781 3334 2840 οἷόν
3367 2802 3430 2840 τε
3459 2781 3553 2856 ἦν,
3583 2784 3840 2855 εἰρημένοις

2307 2879 2403 2950 τὴν
2447 2879 2711 2940 διάνοιαν,
2749 2875 2944 2948 πλήθει
2973 2875 3151 2944 λόγων
3179 2875 3372 2948 αὐτὴν,
3409 2875 3462 2928 ει
3496 2875 3661 2938 δοκεῖ,
3691 2872 3755 2942 μὴ
3779 2870 3843 2940 βα-

2309 2972 2589 3043 ρήσωμεν,
2621 2969 2930 3039 δυναμένην
2977 2967 3166 3022 λοιπὸν
3213 2968 3307 3020 καὶ
3349 2969 3474 3020 κατ’
3507 2964 3757 3036 ἐπιτομὴν
3775 2965 3842 3031 τὴν

2303 3063 2415 3116 τῶν
2451 3061 2614 3116 θείων
2648 3060 3034 3129 ἐπιστημόνως
3079 3059 3334 3132 δέχεσθαι
3377 3057 3637 3130 θεωρίαν.
3685 3057 3741 3110 Οἱ
3767 3056 3844 3125 κρί-

2305 3154 2442 3208 θινοι
2485 3153 2776 3224 τοιγαροῦν
2821 3153 2984 3206 πέντε
3035 3151 3192 3224 ἄρτοι
3243 3151 3371 3215 τοὺς
3426 3149 3748 3223 προχείρους
3777 3147 3844 3214 τῆς

2306 3251 2546 3318 φυσικῆς
2571 3246 2808 3317 θεωρίας
2841 3244 3217 3318 παραδηλοῦσι
3247 3245 3466 3314 λόγους.
3501 3245 3567 3298 υἱ
3594 3243 3652 3296 δέ
3685 3240 3846 3300 τούτοις

2229 3368 2275 3430 c
2305 3340 2633 3414 τρεφόμενοι
2667 3339 3105 3430 πεντακισχίλιοι
3141 3339 3336 3410 ἄνδρες
3381 3339 3516 3402 τοὺς
3561 3337 3687 3408 περὶ
3727 3334 3845 3404 φῦσιν

2307 3433 2408 3502 μὲν
2437 3431 2817 3502 κινουμένους,
2853 3429 3009 3484 οὔπω
3031 3430 3090 3485 δὲ
3120 3431 3298 3500 πάντη
3330 3431 3432 3500 τῆς
3472 3429 3607 3499 περὶ
3637 3427 3695 3481 τὸ
3717 3426 3846 3494 meno

2297 3522 2452 3578 τικδν
2499 3523 2596 3576 καὶ
2643 3523 2842 3588 ἄλογον
2896 3523 2997 3594 τῆς
3043 3521 3226 3592 ψυχῆς
3269 3522 3440 3590 μέρος
3454 3517 3847 3588 ἐκκαθαρθέντος

2301 3613 2565 3685 exsuxit;
2615 3612 2918 3678 διαθέσεως
2975 3613 3330 3684 ἐμφαίνουσι.
3373 3611 3465 3676 Ὠς
3519 3613 3666 3666 νοεῖν
3706 3609 3845 3663 δίδωσι

2301 3709 2413 3770 τοῖς
2444 3706 2554 3759 τῶν
2600 3704 2866 3760 τοιούτων
2918 3705 3094 3774 λόγων
3140 3705 3380 3774 θεάμασι
3412 3703 3480 3758 ὲκ
3519 3702 3714 3774 κριθῆς
3750 3695 3847 3752 εἶναι

2300 3801 2428 3861 τοὺς
2459 3797 2678 3869 ἄρτους,
2718 3797 2914 3852 κοινὺνο
2929 3796 2989 3850 δὲ
3023 3795 3186 3850 τοῦτο
3211 3793 3427 3866 κτηνῶν
3451 3811 3518 3847 τε
3565 3795 3657 3846 καὶ
3690 3788 3849 3860 ἀνθρὼ-

2302 3908 2423 3947 πων
2449 3886 2590 3954 εῖδος
2630 3889 2868 3960 ὑπάρχει
2905 3889 3136 3960 τροφῆς,
3173 3889 3268 3942 καὶ
3309 3887 3368 3940 τὸ
3406 3887 3509 3941 σὺν
3543 3885 3775 3954 γυναιξὶν
3797 3879 3848 3932 εἷ-

2301 3997 2390 4037 ναι
2435 3977 2533 4034 καὶ
2565 3979 2779 4044 παισὶν,
2803 3977 2944 4048 ὅπερ
2973 3975 3126 4048 δηλοί
3160 3975 3347 4045 σαφῶς
3379 3974 3454 4045 μὴ
3483 3974 3600 4028 τῶν
3630 3973 3746 4027 καθ’
3768 3968 3852 4038 ἡδο-

2303 4069 2400 4142 νὴν
2431 4067 2715 4132 παντελῶς
2741 4065 3054 4136 ἐπιθυμιῶν
3099 4063 3196 4118 καὶ
3221 4063 3322 4132 τῆς
3352 4060 3587 4127 ἀτελοῦς
3617 4058 3720 4112 τῶν
3740 4057 3851 4120 λογι-

2305 4160 2462 4232 σμῶν
2500 4158 2834 4230 νηπιότητος
2867 4158 3067 4220 αὐτοὺς
3091 4153 3522 4227 ἠλλοτριῶσθαι.
3577 4149 3642 4204 Ἦ
3676 4149 3730 4202 δὲ
3754 4146 3850 4216 ἱρη-

2308 4253 2408 4326 μός
2453 4253 2604 4307 ἐστιν
2649 4253 2678 4305 ὁ
2717 4252 2923 4322 κόσμος
2952 4244 3128 4314 οὗτος,
3168 4249 3228 4302 ἐν
3255 4240 3300 4314 ᾧ
3333 4247 3446 4309 τοῖς
3487 4242 3582 4297 διὰ
3611 4241 3709 4310 τῆς
3734 4253 3851 4306 φυσι-

2307 4346 2414 4417 κῆς
2452 4345 2691 4417 θεωρίας
2721 4345 2852 4415 περὶ
2883 4342 2945 4396 τὸ
2971 4341 3113 4396 θεῖον
3141 4337 3489 4408 κινουμένοις
3515 4335 3649 4398 τοὺς
3668 4332 3757 4401 τῆς
3781 4326 3850 4396 φ’

2309 4455 2450 4501 σεως
2479 4434 2870 4506 πνευματικῶς
2916 4431 3268 4503 διαθρύπτων
3313 4427 3512 4495 λόγους
3553 4427 3584 4480 ὁ
3626 4423 3718 4478 τοῦ
3750 4417 3848 4475 Θεοῦ

2309 4531 2482 4600 Λόγος
2513 4531 2698 4584 πᾶσαν
2741 4527 2966 4597 ἀγαθῶν
2992 4521 3281 4594 χαρίζεται
3326 4516 3678 4590 πλησμονὴν,
3707 4513 3770 4576 ὡς
3788 4511 3852 4578 ὁη-

2311 4621 2498 4675 λοῦσιν
2528 4622 2576 4674 οί
2601 4619 2711 4674 τῶν
2741 4615 3202 4690 περισσευμάτων
3240 4611 3476 4680 κεφινοι,
3507 4607 3720 4662 δώδεκα
3739 4605 3852 4660 ὄντες

612 4711 886 4764 bonorum
921 4707 1326 4778 plenitudinem
1355 4705 1718 4778 gratiﬁcatur,
1745 4715 1806 4762 ut
1835 4707 2038 4762 docent
2068 4707 2201 4762 reli-

2306 4715 2398 4769 τδν
2435 4699 2687 4784 ἀριθμὸν.

613 4803 870 4872 quiarum
901 4800 1125 4872 cophini
1144 4841 1158 4866 ,
1183 4800 1477 4856 duodecim
1503 4815 1759 4856 numero.

791 4953 1182 5048 Contemplatio
1213 4976 1268 5028 in
1303 4973 1691 5030 duodenarium
1727 4989 2027 5028 numerum.

688 5090 1074 5146 Duodenarius
1126 5104 1396 5144 numerus
1451 5103 1588 5143 vero
1641 5086 1918 5158 signiﬁcat
1968 5089 2211 5147 rationes

620 5181 954 5252 temporales
989 5188 1048 5236 et
1079 5178 1386 5243 naturales,
1417 5187 1480 5233 ut
1511 5177 1608 5248 qui
1645 5194 1714 5232 ex
1749 5178 1997 5250 quinque
2037 5194 2124 5236 est
2153 5192 2212 5240 et

508 5310 516 5314 -
619 5285 830 5347 septem
857 5293 959 5348 per
983 5275 1443 5347 compositionem
1467 5273 1796 5344 completus.
1826 5273 2212 5345 Septenarium

619 5369 772 5424 enim
813 5378 1034 5440 tempus
1069 5377 1175 5434 est,
1208 5375 1400 5438 utpote
1439 5383 1540 5438 per
1574 5367 1765 5422 orbem
1805 5383 1928 5422 sese
1963 5370 2204 5427 cireum-

619 5461 870 5527 volvens,
901 5471 961 5517 et
999 5461 1066 5516 ad
1111 5459 1414 5516 motionem
1460 5468 1832 5530 congruenter
1875 5471 2063 5529 aptum
2107 5476 2208 5532 per

622 5553 1034 5610 extremitatum
1083 5568 1116 5608 a
1163 5551 1350 5606 medio
1394 5551 1696 5608 secundum
1740 5567 2033 5606 numerum
2077 5568 2205 5608 eum

695 5697 719 5727 ι
747 5687 940 5762 Matth.
985 5705 1095 5759 xlv,
1114 5689 1208 5758 20;
1229 5703 1316 5755 xv,
1330 5689 1420 5757 57,
1440 5691 1530 5748 58.

2237 4917 2310 4930 -——

2649 4977 2868 5047 Θεωρία
2904 4978 2994 5042 εις
3027 4975 3135 5030 τὸν
3164 4972 3243 5040 ιβ’
3289 4971 3568 5042 ἀριθμόν.

2391 5093 2680 5164 Ἑμφαίνει
2711 5093 2769 5146 δὲ
2796 5095 2824 5146 ι
2850 5073 3062 5145 δώδεκα
3103 5087 3358 5160 ἀριθμὸς,
3385 5085 3418 5156 ἢ
3450 5083 3580 5146 τοὺς
3605 5077 3738 5134 κατὰ
3761 5069 3850 5164 1,96-
3916 5081 3917 5164 ξ

2308 5201 2398 5240 νον
2424 5159 2523 5237 καί
2550 5180 2712 5252 φύσιν
2728 5179 2943 5249 λόγους,
2958 5178 3035 5243 ῶς
3053 5178 3119 5230 ὲκ
3151 5159 3311 5230 πέντε
3332 5173 3430 5229 καὶ
3451 5171 3597 5224 ἑπτὰ
3616 5164 3750 5221 κατά
3762 5159 3848 5214 σύν-

2309 5275 2459 5331 θεσιν
2491 5272 3005 5346 συμπληρούμενος.
3035 5267 3428 5338 Ἐΰδομαδικδς
3475 5263 3588 5334 γὰρ
3620 5263 3648 5314 ὁ
3680 5255 3844 5346 χρόνος)
3916 5255 3917 5314 ἶ

2309 5369 2388 5432 ὡς
2426 5339 2710 5430 κυκλικῶς
2721 5339 3086 5435 ’κινούμενος
3121 5347 3307 5431 (257
3330 5356 3386 5427 α)
3417 5355 3511 5408 καὶ
3543 5353 3644 5424 τὴν
3673 5347 3788 5419 πρδς
3801 5339 3847 5435 Ϊδ

2313 5460 2584 5517 κινεῖσθαι
2617 5432 2916 5530 προσφυῶς
2953 5453 3094 5526 ἔχων
3149 5449 3600 5520 ἐπιτηδειότητα,
3641 5441 3732 5512 τὴν
3763 5432 3843 5530 τῶν

2313 5553 2502 5625 ἄκρων
2538 5551 2647 5606 ἀπὸ
2667 5528 2788 5605 -τοῦ
2821 5549 2989 5620 μέσου
3017 5545 3160 5602 κατὰ
3174 5542 3268 5597 τὸν
3295 5537 3535 5612 ἀριθμὸν
3557 5533 3738 5590 τοῦτον
3759 5528 3843 5592 τείν

697 5823 810 5896 (63)
843 5821 1006 5896 Grcg.
1033 5823 1160 5879 Naz.
1202 5823 1306 5878 ibid
1334 5863 1347 5888 ,
1382 5837 1500 5890 cap.
1533 5820 1587 5886 ι,
1625 5837 1677 5893 p.
1711 5823 1834 5890 754,
1875 5833 2006 5880 tom.
2043 5821 2201 5894 [Opp

2306 5822 2348 5878 l.
2391 5819 2596 5878 Bcned.
