4052 6370
245 381 373 450 1397
1444 393 1967 456 AMBIGUORUM
2004 395 2257 457 LIBER.
3351 383 3515 461 1393‘
3621 468 3633 478 .

235 502 558 554 ἀπόστασιν.
596 499 899 571 Πενταδικὴ
929 502 971 572 ἡ·
989 500 1170 571 φύσις,
1203 503 1307 557 ὑπὸ
1335 504 1425 558 τὸν
1465 506 1698 576 ἀριθμὸν
1721 507 1812 560 τὸν

1914 522 2126 577 aequam
2162 508 2500 563 distantiam.
2527 506 2789 574 Quinaria
2824 522 2953 563 vero
2985 514 3069 561 est
3104 514 3297 560 natura
3329 514 3385 562 et
3417 508 3490 565 ita

234 590 394 643 πέντε
435 594 715 657 πεφυκυῖα
745 593 1071 659 τάττεσθαι,
1104 594 1192 648 διά
1224 612 1282 647 τε
1315 595 1413 665 τὴν
1443 597 1696 667 αἴσθησιν
1719 601 1808 667 ὑφ’

1917 609 2231 669 comparata
2262 607 2324 654 ut
2350 600 2453 655 sub
2479 600 2628 654 hunc
2657 614 2948 654 numerum
2978 599 3154 662 cadat,
3181 606 3236 651 et
3264 606 3491 668 propter

234 682 300 750 ἣν
334 682 478 733 τελεῖ
525 682 805 752 πενταχῶς
847 683 1251 755 διαιρουμένην,
1300 686 1389 740 διά
1441 705 1502 740 τε
1537 688 1596 741 τὸ
1646 690 1808 744 πλέον

1915 707 2136 747 sensum
2188 707 2298 761 quo
2349 691 2588 762 pertinet
2635 691 3078 761 quinquetariam
3124 689 3392 756 divisum,
3435 698 3490 745 et

235 775 329 843 τῆς
359 773 545 836 ἁπλῶς
574 774 877 843 λεγομένης
906 775 1038 840 ὕλης
1071 777 1169 846 τῆς
1190 779 1470 849 τετραχῶς
1490 779 1806 852 διαιρουμέ-

1915 783 2063 854 quod
2098 784 2357 849 materia,
2389 799 2512 853 quae
2543 782 2870 852 simpliciter
2903 781 3228 852 appellatur,
3259 784 3492 851 quazque'

235 879 329 931 νης
357 861 501 932 ἔχειν
536 862 596 914 τὸ
624 859 783 924 εἶδος.
842 863 905 916 Ἥ
960 864 1123 931 φύσις
1169 865 1277 936 γὰρ
1322 867 1475 919 οὐδὲν
1498 868 1624 922 ἄλλο
1655 868 1810 922 καθέ-

1915 870 2309 940 quadrifariam
2338 872 2517 926 divisa
2542 879 2646 935 est,
2673 871 2902 925 formam
2934 871 3099 925 habet
3124 870 3490 938 superiorem.

236 968 431 1022 στηκεν
462 951 653 1023 οὖσαῆ
687 952 786 1024 ὕλη
824 956 938 1024 μετ’
970 954 1162 1022 εἴδους,
1188 957 1220 1027 ἢ
1254 956 1352 1028 ὕλη
1385 959 1807 1031 εἰδοπεποιημέ-

1907 963 2116 1018 Natura
2160 964 2309 1018 enim
2352 964 2489 1019 nihil
2535 962 2685 1018 aliud
2735 971 2820 1017 est
2868 978 3034 1032 quam
3084 962 3315 1016 materia
3362 976 3488 1016 cum

233 1056 318 1106 νη.
348 1039 421 1091 Τὸ
451 1039 560 1110 γὰρ
595 1038 733 1105 εἶδος
766 1044 831 1113 τῇ
867 1041 970 1114 ὕλῃ
1002 1045 1301 1113 προστεθὲν
1349 1046 1512 1116 φύσιν
1563 1049 1808 1121 ἀπεργά-

1907 1052 2106 1119 forma,
2140 1056 2256 1110 sive
2301 1055 2530 1109 materia
2571 1054 2822 1109 formata.
2854 1054 2991 1109 Nam
3030 1053 3206 1108 forma
3250 1053 3491 1106 materiae

235 1135 406 1197 ζεται,
502 1157 506 1161 ·

1909 1144 2123 1214 adjecta
2147 1154 2402 1201 naturam
2430 1145 2616 1202 eﬂicit.

554 1337 745 1390 Ἀλλο
799 1336 1071 1408 θεώρημα
1111 1340 1198 1404 εἰς
1232 1338 1299 1392 τὸ
1324 1340 1491 1394 αὐτό.

1466 1340 1491 1394 ἰ.
2246 1342 2389 1408 ,Αίία
2420 1343 2475 1396 in
2507 1340 2643 1395 idem
2675 1340 3066 1419 contemplatio.

305 1446 378 1499 Ἥ
410 1447 510 1509 τὰς
542 1448 650 1499 τῶν
695 1449 865 1501 ὄντων
902 1448 1146 1519 γενητῶν
1176 1451 1271 1503 καὶ
1304 1450 1537 1504 αἰωνίων
1577 1453 1810 1524 νοήσεις,
1904 1454 1905 1457 “

1985 1460 2081 1515 Vel
2127 1459 2402 1529 signiﬁcat
2443 1474 2637 1515 eorum
2683 1473 2806 1527 quae
2846 1457 2985 1516 facta
3026 1466 3084 1511 et
3125 1473 3246 1525 qua:
3287 1465 3493 1513 aeterna

233 1539 309 1601 ὡς
350 1541 689 1609 κινουμένων
733 1543 830 1595 καὶ
866 1544 1420 1613 περιγεγραμμένων,
1456 1546 1550 1598 καὶ
1578 1545 1669 1598 τὸν
1716 1545 1813 1600 τοῦ

1916 1559 2047 1606 sunt
2075 1551 2459 1620 cogitationes,
2484 1559 2674 1619 utpote
2697 1565 2818 1619 qua:
2848 1555 3140 1603 moventur
3169 1555 3225 1603 et
3253 1549 3492 1605 circum-

233 1626 287 1680 τί
318 1628 412 1681 καὶ
437 1632 593 1681 ποῖον
623 1630 718 1683 καὶ
747 1631 866 1692 πῶς
894 1627 1034 1686 εἶναι
1064 1633 1223 1701 λόγον
1246 1635 1663 1705 ὲπίδεχομένων.
1697 1638 1811 1691 Πᾶν

1916 1642 2120 1712 scripta
2152 1649 2300 1708 sunt,
2327 1649 2383 1696 et
2406 1641 2663 1696 essentize
2686 1650 2743 1696 et
2766 1640 3046 1710 qualitatis
3073 1649 3130 1695 et
3155 1641 3300 1695 modi
3328 1641 3502 1695 ratio--

231 1719 338 1789 γὰρ
369 1721 588 1791 κινητόν
628 1738 688 1774 τε
722 1724 814 1775 καὶ
853 1724 1081 1795 γενητὸν
1108 1726 1367 1795 ὑπάρχει,
1410 1728 1507 1781 καὶ
1535 1727 1625 1781 διὰ
1653 1728 1811 1782 τοῦτο

1916 1748 2044 1789 nem
2070 1733 2314 1803 capiunt.
2335 1731 2510 1788 Omne
2536 1732 2684 1786 enim
2712 1732 2917 1786 mobile
2942 1739 2999 1787 et
3022 1732 3227 1787 factum
3251 1731 3487 1795 exsistit,

231 1811 447 1876 πάντως
482 1815 576 1866 καὶ
616 1813 719 1867 ὑπὸ
757 1815 952 1883 χρόνον
982 1817 1119 1880 ἐστὶ,
1158 1818 1262 1871 κᾶν
1288 1818 1336 1871 εἰ
1371 1817 1445 1888 μὴ
1474 1819 1568 1872 τὸν
1603 1822 1815 1890 κινήσει

1916 1834 1972 1881 et
1998 1826 2207 1880 idcirco
2238 1824 2357 1880 ﬁeri
2391 1840 2501 1879 non
2535 1831 2716 1894 potest
2743 1827 2878 1893 quin
2913 1825 3144 1893 tempori
3181 1824 3490 1896 subjectum

233 1901 619 1973 μετρούμενον.
655 1906 855 1977 Ἀρχὴν
880 1907 989 1979 γὰρ
1013 1907 1127 1977 ἔχει
1155 1908 1252 1961 τοῦ
1284 1905 1425 1962 εἶναι
1451 1911 1559 1963 πᾶν
1585 1910 1812 1980 γενητὸν

1913 1918 2014 1980 sit,
2057 1917 2293 1973 'etiamsi
2364 1932 2476 1972 non
2524 1918 2576 1973 ei
2626 1917 2774 1988 quod
2824 1918 3067 1972 motione
3115 1926 3496 1972 mensuratur-

228 1993 304 2056 ὡς
338 1994 617 2065 ἠργμένον
657 1997 752 2049 τοῦ
806 1993 966 2062 εἶναι,
1007 1999 1102 2051 καὶ
1151 1998 1463 2068 διάστημα,
1501 2001 1595 2068 ἀφ’
1624 1993 1686 2053 οὗ
1714 1999 1808 2052 τοῦ

1912 2008 2135 2062 Initium
2165 2008 2312 2061 enim
2336 2007 2505 2061 habet
2530 2007 2866 2061 exsistentize
2893 2006 3260 2075 quodcunque
3286 2005 3487 2060 factum

235 2078 376 2138 εἶναι
399 2084 627 2156 ἤρξατο.
670 2086 734 2140 Εἰ
774 2087 831 2140 δὲ
858 2089 952 2141 καὶ
982 2087 1095 2141 ἐστι
1124 2089 1220 2143 καὶ
1241 2092 1473 2143 κινεῖται
1510 2092 1619 2143 πᾶν
1644 2106 1809 2159 γενη-

1911 2104 2026 2161 est,
2058 2099 2264 2168 quippe
2290 2097 2439 2167 quod
2474 2098 2528 2151 in
2558 2096 2936 2151 exsistentiam
2967 2095 3221 2158 intravit,
3249 2076 3492 2164 itemque

228 2174 351 2240 τὸν,
403 2179 500 2230 καὶ
552 2178 658 2231 ὑπὸ
701 2177 864 2248 φύσιν
901 2179 1117 2242 πάντως
1149 2180 1264 2232 ἐστὶ
1317 2178 1411 2232 καὶ
1449 2181 1660 2250 χρόνον,
1711 2181 1810 2250 τὴν

1911 2188 2236 2245 distantiam
2272 2189 2359 2242 vel
2397 2188 2637 2258 spatium
2677 2203 2744 2242 ex
2779 2202 2890 2257 quo
2932 2186 3198 2242 exsistere
3242 2185 3491 2254 incoepit.

232 2271 327 2341 μὲν
359 2269 448 2323 διὰ
468 2269 532 2323 τὸ
562 2265 725 2333 εἶναι,
754 2271 846 2324 τὸν
876 2271 924 2303 ιθ
957 2271 1015 2325 δὲ
1058 2272 1147 2326 διὰ
1192 2271 1254 2325 τὸ
1298 2273 1592 2335 κινεῖσθαι,
1637 2272 1704 2325 δι’
1732 2265 1808 2326 ὧν

1914 2279 2068 2345 Quod
2095 2279 2143 2333 si
2166 2288 2223 2334 et
2243 2278 2456 2334 exsistit
2477 2286 2535 2332 et
2556 2287 2808 2333 movetur
2831 2291 2993 2333 omne
3015 2275 3242 2340 factum,
3265 2290 3494 2331 necesse

226 2358 367 2413 κατὰ
391 2359 716 2429 συμπλοκὴν
754 2362 782 2414 ὁ
818 2360 918 2437 106'
934 2360 1144 2414 δώδεκα
1179 2361 1320 2416 κατὰ
1346 2361 1439 2414 τὸν
1471 2360 1805 2417 ἀποδοθέντα

1913 2378 2002 2425 est
2042 2368 2211 2424 etiam
2255 2380 2316 2424 ut
2361 2370 2467 2424 sub
2506 2379 2763 2444 naturam
2804 2377 2861 2423 et
2903 2377 3121 2437 tempus
3164 2366 3351 2428 cadat.
3389 2366 3494 2422 sub

227 2450 423 2518 τρόπον
457 2450 878 2523 συμπληροῦται
919 2451 1098 2520 λόγος.

1911 2459 2141 2514 alteram
2169 2459 2242 2515 ob
2267 2459 2663 2524 exsistentiam,
2687 2458 2791 2514 sub
2817 2457 3051 2513 alterum
3076 2456 3148 2511 ob
3172 2456 3489 2522 motionem,

1912 2546 2117 2616 quibus
2161 2546 2502 2617 complicatis
2542 2546 2684 2600 ratio
2724 2542 3051 2601 duodenarii
3086 2557 3157 2598 eo
3191 2556 3302 2612 quo
3346 2541 3493 2597 indi—

1912 2637 2035 2692 cavi
2060 2637 2224 2693 modo
2248 2645 2682 2693 consummatur.

780 2819 977 2889 Ἀλλη
1015 2818 1252 2889 θεωρία.

2420 2819 2467 2874 Α
2472 2819 2546 2874 lia
2585 2814 2979 2885 contemplatio.

295 2923 370 2979 Ἦ
393 2924 502 2997 τὴν
542 2925 740 2998 ἠθικὴν
784 2928 881 2981 καὶ
917 2929 1154 2999 φυσικὴν
1183 2927 1279 2981 καὶ
1308 2927 1624 3000 θεολογικὴν
1655 2926 1809 2996 φιλο-

1984 2931 2078 2987 Vel
2111 2932 2372 2987 moralem
2409 2938 2466 2987 et
2495 2929 2799 2985 naturalem
2830 2935 2886 2982 et
2918 2923 3276 2994 theologicam
3311 2922 3492 2993 philo-

228 3015 412 3084 σοφίαν
441 3017 474 3070 ὁ
510 3017 745 3090 ἀριθμὸς
779 3013 936 3083 οὗτος
984 3018 1155 3090 δηλοῖ,
1188 3020 1262 3084 ὡς
1294 3021 1358 3073 ὲκ
1394 3021 1675 3092 τεσσάρων
1715 3020 1807 3075 καὶ

1910 3022 2163 3092 sophiam
2204 3022 2296 3077 hic
2332 3036 2597 3076 numerus
2636 3026 2933 3083 monstrat,
2964 3025 3026 3072 ut
3058 3032 3127 3071 ex
3166 3024 3405 3085 quatuor
3435 3023 3492 3071 ct

227 3107 387 3161 πέντε
435 3109 541 3163 καὶ
584 3110 752 3181 τριῶν
798 3111 1186 3182 συναγόμενος.
1234 3112 1537 3183 Τετραδικὴ
1583 3112 1690 3185 γὰρ
1718 3112 1803 3166 διὰ

1912 3113 2157 3184 quinque
2194 3120 2251 3168 et
2283 3113 2461 3167 tribus
2494 3110 2779 3167 conﬂatus.
2811 3106 3174 3175 Quaternaria
3212 3107 3284 3162 ob
3321 3122 3492 3178 gene—

225 3196 320 3259 τὰς
348 3199 390 3252 δ’
409 3200 647 3266 γενικὰς
677 3199 881 3272 ἀρετάς
906 3202 1109 3271 ἐστινὴ
1141 3203 1198 3254 ἐν
1220 3203 1333 3265 τοῖς
1356 3202 1647 3272 πράγμασι
1679 3201 1802 3254 κατ’

1953 3205 2057 3259 ales
2091 3212 2331 3274 quatuor
2359 3203 2595 3258 virtutes
2629 3202 2685 3257 in
2721 3200 2887 3257 rebus
2919 3209 3004 3255 est
3033 3207 3288 3255 accurata
3321 3198 3495 3253 mori-
3551 3214 3553 3217 '

224 3283 350 3358 ἦθος
389 3289 636 3360 ἀκριϐὴς
690 3291 1000 3360 φιλοσοφία.
1054 3292 1356 3364 Πενταδικὴ
1397 3292 1455 3345 δὲ
1509 3295 1542 3363 ἡ
1600 3293 1804 3364 φυσικὴ

1911 3293 2017 3349 bus
2055 3294 2427 3364 philosophia.
2466 3292 2732 3359 Quinaria
2767 3305 2899 3346 vero
2935 3289 3205 3345 naturalis
3237 3297 3323 3344 est
3357 3303 3490 3343 con-

224 3375 423 3448 θεωρία
449 3378 547 3432 διὰ
580 3378 678 3451 τὴν
711 3382 1010 3453 εἰρημένην
1040 3382 1244 3445 αἰτίαν,
1286 3384 1431 3453 φημὶ
1448 3382 1506 3436 δὲ
1538 3382 1637 3452 τὴν
1676 3399 1807 3436 πεν-

1914 3384 2223 3453 templatio,
2245 3383 2314 3439 de
2340 3399 2404 3438 ea
2432 3399 2596 3438 causa
2625 3398 2788 3453 quam
2813 3380 3073 3443 indicavi,
3098 3395 3261 3435 sensu
3286 3379 3496 3435 scilicet

222 3467 399 3536 ταχῶς
434 3467 591 3521 κατὰ
628 3468 790 3537 φύσιν
823 3470 1208 3541 διαιρουμένην
1227 3469 1503 3540 αἴσθησιν.
1540 3469 1807 3541 Τριαδικὴ

1913 3474 2353 3545 quinquefariam
2406 3475 2604 3529 diviso.
2654 3473 2917 3529 Tcrnaria
2970 3471 3213 3540 denique
3265 3470 3492 3542 mystica

222 3555 338 3628 δὲή
385 3559 636 3630 μυστικὴ
687 3559 956 3630 θεολογία,
1014 3560 1103 3615 διὰ
1147 3563 1248 3625 τὰς
1293 3561 1613 3632 ὁμοουσίους
1645 3560 1808 3628 ἁγίας

1907 3574 1997 3621 est
2024 3565 2316 3637 theologia,
2343 3567 2415 3621 ob
2444 3574 2661 3621 sanctas
2686 3573 2799 3620 tres
2823 3563 3211 3620 coessentiales
3238 3563 3492 3617 substan-

220 3651 364 3720 τρεῖς
392 3651 737 3713 ὑποστάσεις
775 3653 872 3723 τῆς
907 3652 1177 3721 παναγίου
1211 3651 1457 3722 μονάδος,
1493 3651 1526 3723 ἢ
1562 3653 1621 3705 ἑν
1651 3650 1741 3714 αἷς
1772 3653 1807 3722 ἡ

1905 3656 2011 3712 tias
2044 3658 2403 3713 sanctissimae
2433 3656 2683 3723 unitatis,
2712 3657 2797 3711 vel
2838 3656 2895 3709 in
2934 3655 3143 3725 quibus
3177 3661 3262 3709 est
3299 3659 3488 3708 sancta

220 3739 348 3807 ἁγία
383 3740 583 3811 μονὰς,
613 3741 670 3811 ἥ,
703 3742 1038 3814 κυριώτερον
1067 3745 1263 3809 εἰπεῖν,
1301 3743 1444 3816 ἅπερ
1472 3745 1505 3816 ἡ
1541 3743 1675 3813 ἁγία
1707 3759 1807 3815 μο-

1906 3748 2113 3814 unitas,
2140 3749 2248 3815 vel,
2274 3756 2337 3803 ut
2360 3749 2534 3820 magis
2559 3747 2786 3818 proprie
2815 3746 3016 3811 dicam,
3044 3761 3167 3815 quac
3191 3753 3271 3800 est
3301 3751 3500 3800 sancta

222 3840 335 3893 νας.
1287 3853 1293 3857 ’

1287 3853 1293 3857 '
1908 3840 2110 3897 unitas.

773 4015 966 4082 ’Ἄλλη
996 4018 1227 4085 θεωρία.

2428 4025 2549 4080 Alia
2579 4022 2968 4093 contemplatio.

301 4127 371 4182 Ἦ
401 4129 504 4199 τὴν
531 4128 762 4183 καθόλου
789 4130 886 4183 καὶ
906 4132 1275 4203 γενικωτάτην
1307 4134 1492 4213 (257
1522 4138 1574 4207 b)
1602 4140 1807 4213 ἀρετὴν

1980 4144 2079 4201 Vel
2115 4141 2485 4198 universalem
2518 4147 2683 4208 atque
2714 4134 3180 4208 generalissimam
3218 4132 3492 4204 signiﬁcat

208 4220 321 4273 καὶ
350 4220 577 4289 γνῶσιν,
602 4221 699 4292 τὴν
735 4222 835 4293 μὲν
872 4223 948 4287 ὡς
979 4224 1211 4278 ἐνταῦθα
1256 4225 1343 4280 διὰ
1366 4211 1485 4280 τῶν
1513 4230 1556 4282 δ’
1592 4211 1808 4303 ἀρετῶν

1906 4234 2170 4289 virtutem
2203 4240 2259 4285 et
2281 4229 2682 4300 cognitionem,
2706 4234 2767 4280 ut
2797 4239 3029 4295 quarum
3061 4223 3232 4277 altera
3267 4223 3358 4277 hic
3389 4237 3490 4291 per

230 4314 697 4386 κατορθουμένην,
730 4316 828 4385 τὴν
862 4315 917 4370 δὲ
957 4316 1031 4380 ὡς
1054 4317 1142 4371 διὰ
1178 4318 1287 4372 τῶν
1317 4320 1461 4374 ὀκτὼ
1484 4324 1581 4395 τὴν
1610 4324 1807 4380 θειοτέ-

1910 4334 2149 4396 quatuor
2172 4322 2408 4378 virtutes
2433 4319 2773 4390 perﬁciatur,
2820 4317 2992 4371 altera
3040 4330 3141 4385 per
3186 4322 3311 4369 octo
3367 4329 3488 4382 qua:

228 4422 327 4475 ραν
357 4406 467 4460 τῶν
505 4406 808 4478 μελλόντων
849 4410 1126 4479 μυστικῶς
1162 4410 1591 4482 παραδηλουσῶν
1627 4414 1675 4447 ’⁵³
1714 4433 1808 4468 οια-

1909 4418 2239 4473 diviniorem
2264 4428 2449 4468 rerum
2474 4410 2783 4464 futurarum
2813 4415 3016 4462 statum
3040 4405 3269 4477 mystice
3298 4412 3486 4459 osten-

228 4498 485 4553 τάστασιν
517 4500 950 4572 σημαινομένην,
993 4501 1052 4567 ἐξ
1095 4496 1168 4558 ὧν
1213 4505 1242 4556 ό
1265 4503 1474 4558 δώδεκα
1509 4504 1650 4559 κατὰ
1681 4506 1807 4560 σύν-

1910 4507 2077 4570 dunt,
2104 4504 2408 4575 signiﬁcata
2439 4502 2538 4565 sit,
2567 4517 2636 4556 ex
2663 4499 2866 4570 quibus
2894 4494 3268 4553 duodenarius
3295 4511 3494 4552 nume-4

229 4588 373 4645 θεσιν
406 4591 639 4663 ἀριθμὸς
672 4593 1061 4664 ἀπαρτίζεται.

1909 4616 2004 4656 rus
2032 4598 2369 4669 compositus
2396 4594 2705 4668 perﬁcitur.

1842 4722 1910 4735 β

749 4780 934 4848 Ἄλλη
965 4781 1197 4849 θεωρία.
1836 4790 1883 4848 D

1836 4790 1883 4848 Ι)
2425 4777 2545 4834 Alia
2581 4774 2971 4847 contemptatio.

295 4889 367 4943 Ἦ
400 4889 469 4944 τὰ
501 4885 758 4960 παρόντα
778 4908 835 4945 τε
873 4892 968 4953 καὶ
998 4893 1066 4946 τὰ
1099 4891 1383 4963 μέλλοντα,
1419 4894 1494 4959 ὡς
1549 4896 1659 4950 τῶν
1701 4899 1800 4968 μὲν

1979 4898 2077 4955 Vel
2120 4894 2410 4967 praesentia
2453 4901 2617 4961 atque
2661 4890 2844 4945 futura
2891 4887 3191 4959 signiﬁcat,
3226 4889 3356 4958 quia
3401 4903 3496 4943 res

140 5026 145 5033 .
227 4981 511 5050 παρόντων
549 4981 643 5035 τὸν
688 4980 730 5035 δ’
767 4983 1083 5055 στοιχειώδη
1121 5001 1180 5037 τε
1231 4986 1326 5039 καὶ
1358 4986 1540 5042 ὑλικὸν
1568 4989 1740 5060 ἀριθμ

1910 4998 2208 5061 praesentes
2238 4984 2655 5056 quaternarium
2686 4996 2981 5036 numerum
3011 4981 3401 5035 elementarem
3428 4992 3484 5034 et

226 5068 353 5123 ὄντα
400 5071 647 5138 φυσικῶς
692 5072 1182 5145 παραδεχομένων⁹,
1236 5078 1345 5131 τῶν
1395 5078 1452 5132 δὲ
1504 5080 1804 5150 μελλόντων

1908 5080 2243 5136 materialem
2259 5077 2584 5131 naturaliter
2606 5073 2934 5143 suscipiunt,
2957 5089 3047 5127 res
3073 5071 3095 5125 1⁵
3096 5079 3269 5126 uturte
3297 5079 3479 5127 autem

228 5162 509 5229 μυστικῶς
550 5161 1022 5236 ἐπιθεωρούμενον
1055 5167 1247 5231 αὐτοῖς
1287 5170 1687 5241 ὲπιδεχομένων
1712 5171 1803 5225 τὸν

1906 5171 2254 5227 octonarium
2278 5168 2383 5222 sibi
2406 5167 2689 5221 vindicant
2710 5179 3001 5219 numerum
3025 5163 3255 5235 mystice
3279 5163 3335 5217 in
3358 5178 3482 5219 sese

226 5249 366 5303 ὀκτὼ
399 5253 668 5325 ἀριθμὸν,
719 5256 795 5320 ὡς
846 5260 947 5328 τῆς
1012 5258 1153 5313 κατὰ
1208 5260 1399 5332 χρόνον
1439 5262 1809 5335 ἑδδομαδικῆς

1909 5270 2244 5333 spectatum,
2271 5259 2478 5329 quippe
2502 5258 2595 5327 qui
2622 5272 2744 5311 eam
2772 5256 2972 5310 habeat
2999 5256 3390 5327 proprietatem
3420 5263 3488 5310 ut

226 5342 593 5418 ὑπερθετικῆς
624 5347 671 5379 ⁵ο
698 5347 980 5419 ἰδιότητος.

1908 5352 2347 5409 hebdomaticam
2381 5349 2644 5419 temporis
2673 5355 2925 5418 superet-

1834 5472 1905 5485 ...
3547 5442 3563 5501 i

1503 5597 1734 5656 VARle
1774 5601 2183 5660 LECTIONES.

295 5674 1079 5767 ξ’]ᾕνίξδδοελροετξρίιιιιη.
1152 5688 1196 5722 δ’
1225 5686 1614 5763 Apographum
1644 5693 1807 5751 habet
1835 5694 2271 5767 παραδηλοῦσιν).
2370 5694 2416 5728 ⁸ο
2454 5691 2546 5748 Sic
2574 5668 2987 5764 Apographum.
3026 5692 3110 5749 An
3148 5691 3290 5749 forte
3315 5706 3480 5763 repe-

222 5748 467 5808 llendum
497 5748 846 5823 ὑπερθετικᾶν
862 5748 905 5810 ἴ
1135 5774 1141 5781 ’
