4052 6362
590 395 746 505 ΐίὲθθ

1111 511 1234 566 Alia
1269 510 1661 583 contemplatio.

672 623 774 679 Vel
802 632 987 677 ternas
1010 623 1076 677 de
1103 623 1574 680 intellectualibus
1595 633 1651 678 et
1672 623 2022 679 sensualibus
2038 624 2186 694 judi-

605 715 675 771 cii
710 731 774 771 ac
810 716 1175 786 providentiae
1212 717 1457 772 rationes
1488 717 1863 771 duodenarius
1896 716 2044 771 clare
2080 733 2185 771 nu-

605 820 793 861 merus
819 805 1110 877 signiﬁcat.
1140 806 1257 861 Una
1285 807 1432 861 enim
1458 821 1693 876 quaeque
1720 807 1949 861 istarum
1973 806 2041 860 ad
2066 821 2187 861 sese

604 894 851 950 admittit
899 904 1015 950 tres
1059 896 1179 964 ejus
1226 896 1374 964 quod
1422 906 1508 951 est
1552 895 1858 951 exsistendi
1912 897 2184 962 rationes,

606 983 1073 1052 quemadmodum
1106 1000 1173 1039 ex
1205 985 1434 1040 summis
1466 985 1737 1041 doctrinae
1768 986 2043 1056 capitibus
2078 997 2188 1040 tam

607 1072 903 1141 discipulis
935 1088 1099 1142 quam
1134 1074 1460 1130 doctoribus
1493 1074 1564 1131 de
1603 1074 1820 1145 potiore
1860 1075 1917 1129 in
1954 1074 2190 1130 oraculis

608 1162 814 1218 divinis
854 1164 1252 1221 exercitatione
1292 1167 1651 1221 multifariam
1692 1167 2044 1222 manifestum
2081 1177 2185 1221 est.

610 1250 978 1321 Triplicantes
1004 1253 1172 1325 igitur
1195 1257 1512 1326 semetipsis
1554 1272 1750 1313 eorum
1775 1272 1896 1326 qua:
1918 1255 2190 1311 exsistunt

609 1342 852 1400 rationes
892 1346 1180 1415 generales
1221 1356 1460 1416 quatuor
1501 1349 1592 1403 illa
1630 1348 1686 1403 in
1725 1349 1928 1419 quibus
1967 1347 2191 1416 conspi-

608 1432 834 1487 ciuntur
869 1434 1224 1500 exsistentia,
1253 1436 1339 1490 vel
1382 1452 1576 1491 rursus
1620 1437 1742 1491 istis
1782 1451 2019 1506 quorum
2063 1445 2193 1490 sunt

612 1520 745 1589 ipsa:
783 1522 1103 1592 triplicata,
1143 1524 1546 1580 duodenarium
1588 1526 1834 1581 eﬁiciunt
1874 1538 2188 1580 numerum.

608 1610 744 1665 Nam
777 1612 823 1667 si
850 1628 916 1668 ea
939 1630 1061 1683 quae
1084 1616 1359 1672 exsistunt
1380 1617 1678 1671 essentiam
1710 1616 1919 1671 habent
1943 1624 2000 1671 et
2021 1614 2194 1669 facul-

610 1710 780 1757 tatem
820 1713 875 1759 et
918 1706 1212 1773 virtutem,
1243 1707 1517 1779 triplicem
1547 1707 1603 1761 in
1637 1723 1696 1763 se
1726 1707 1862 1778 ipsis
1890 1704 2192 1761 exsistendi

609 1794 876 1849 nimirum
908 1796 1117 1853 habent
1145 1800 1435 1854 rationem.
1461 1799 1580 1854 Jam
1622 1798 1667 1853 si
1713 1798 1815 1853 has
1847 1797 2093 1851 rationes
2124 1793 2192 1849 ad

610 1886 988 1942 exsistendum
1004 1889 1262 1945 videlicet
1281 1889 1745 1961 quemadmodum
1767 1889 2040 1945 exsistunt
2062 1887 2196 1942 Pro-

611 1975 855 2031 videntia
887 1978 1200 2043 connectit,
1228 1978 1425 2049 triplex
1460 1979 1625 2035 etiam
1664 1978 1838 2048 ipsius
1866 1980 2030 2049 plane
2061 1992 2192 2033 eva-

613 2065 708 2122 det
745 2068 904 2124 ratio.
940 2070 1009 2124 At
1047 2071 1093 2125 si
1133 2072 1481 2140 corruptelas
1518 2071 1863 2140 singularum
1902 2086 2042 2140 quas
2082 2069 2196 2124 dixi

616 2158 894 2213 rationum
918 2160 1293 2216 cum-deﬂexa:
1317 2160 1541 2226 fuerint,
1562 2169 1671 2215 tam
1698 2160 2003 2231 praeteritas
2030 2174 2193 2231 quam

616 2259 915 2317 praesentes
945 2258 1001 2306 et
1032 2250 1271 2317 futuras,
1291 2252 1561 2325 judicium
1590 2253 1834 2307 vindicat
1866 2252 2193 2322 pravitatem

616 2340 909 2412 castigans,
943 2342 1003 2397 ﬁt
1039 2352 1099 2397 ut
1133 2345 1299 2399 etiam
1338 2346 1455 2416 ipsa
1496 2346 1696 2401 haheat
1734 2346 2004 2416 triplicem
2041 2362 2196 2401 suam

615 2432 1096 2501 contemplationis
1144 2436 1442 2500 rationem,
1476 2452 1583 2506 qua
1626 2437 1755 2492 dum
1796 2438 2094 2493 essentiam
2142 2446 2200 2492 et

613 2520 932 2579 facultatem
953 2534 1010 2580 et
1031 2525 1290 2581 virtutem
1320 2542 1505 2581 rerum
1532 2543 1655 2598 quae
1679 2529 1957 2584 exsistunt
1977 2529 2192 2596 deﬁnit,
2242 2529 2261 2549 ‘

615 2626 772 2669 suam
798 2613 855 2669 in
880 2623 1206 2687 perpetuum
1238 2627 1417 2674 servat
1440 2618 1786 2677 inﬁnitatem.

1116 2793 1241 2851 Alia
1282 2798 1677 2867 contemplatio.

692 2902 788 2962 Vel
821 2918 1020 2960 rursus
1044 2904 1370 2975 perfectam,
1401 2922 1567 2977 quam
1595 2908 1758 2963 nobis
1789 2908 2009 2978 assequi
2038 2909 2191 2973 licet,

617 3011 800 3053 causae
842 3003 899 3050 et
931 3008 1128 3050 eorum
1164 3008 1288 3063 quae
1336 3011 1401 3069 ex
1450 2996 1561 3049 alio
1619 3005 1877 3064 tanquam
1913 3012 1979 3050 ex
2025 3011 2194 3051 causa

1798 401 1859 463 S.
1899 400 2179 461 MAXIM]
2222 401 2730 465 CONFESSORIS

3062 474 3073 477 ﬁ
3702 397 3810 462 nec

2811 519 3003 586 ’Ἄλλη
3030 517 3257 585 θεωρία.

2365 630 2431 682 Ἣ
2467 632 2592 694 τοὺς
2619 631 2746 699 περὶ
2775 630 2980 699 νοητῶν
2997 631 3091 683 καὶ
3118 627 3389 698 αἰσθητῶν
3416 626 3644 696 κρίσεώς
3667 643 3717 677 τε
3742 628 3816 677 ni.

2289 722 2546 792 προνοίας
2578 722 2825 790 τριττοὺς
2857 720 3050 789 λόγους
3096 722 3124 773 ό
3154 719 3361 773 δώδεκα
3402 717 3585 785 σαφῶς
3624 715 3818 786 ἀριθμὸς

2290 814 2613 887 παραδηλοῖ.
2655 814 2926 867 Ἔκαστον
2968 813 3077 882 γὰρ
3110 811 3315 864 τούτων
3350 810 3436 878 ἐφ’
3463 808 3622 862 ἑαυτὸ
3659 805 3740 859 τοῦ
3762 804 3822 859 εἷ-

2289 923 2377 959 ναι
2417 904 2564 958 τοῦθ’
2593 906 2729 975 ὅπερ
2761 903 2879 955 ἐστὶ
2906 904 3055 973 τρεῖς
3099 901 3407 971 ἐπιδέχεται
3431 898 3641 966 λόγους,
3672 895 3823 960 καθὼς

2289 995 2401 1056 τοῖς
2435 991 2627 1062 ἄκροις
2654 990 2834 1059 λόγοις
2860 989 2969 1043 τῶν
2995 988 3156 1042 θείων
3189 988 3421 1058 μύσταις
3446 985 3545 1040 καὶ
3576 1002 3826 1054 μυσταγω-

2290 1082 2407 1147 γοῖς
2439 1078 2527 1131 διὰ
2560 1076 2758 1148 πολλὴν
2784 1076 3017 1147 ἄσκησιν
3054 1076 3160 1129 τῶν
3191 1075 3388 1144 λογίων
3422 1077 3485 1128 ἐκ
3520 1073 3721 1127 πολλῶν
3752 1092 3827 1127 κι-

2291 1170 2519 1241 τάδηλον
2535 1170 2745 1239 γέγονε.
2775 1168 3276 1240 Τριπλασιάζοντες
3293 1163 3387 1221 οὖν
3415 1168 3627 1229 ἑαυτοῖς
3646 1166 3693 1218 οἱ
3720 1166 3827 1218 καθ-

2291 1261 2413 1315 όλου
2467 1261 2675 1333 τριττοὶ
2702 1260 2812 1313 τῶν
2849 1261 3018 1314 ὄντων
3049 1260 3199 1327 λόγοι
3225 1258 3295 1312 τὰ
3319 1258 3406 1326 ἐφ’
3428 1251 3511 1321 οἷς
3535 1255 3828 1327 θεωροῦνται

2291 1351 2336 1405 δ’
2364 1350 2518 1412 ὄντα,
2545 1350 2578 1420 ἢ
2609 1350 2670 1402 τὸ
2698 1349 2936 1421 ἔμπαλιν
2956 1352 3070 1413 τοῖς
3098 1343 3172 1403 ὧν
3196 1351 3335 1402 εἰσιν
3357 1349 3513 1402 αὐτοὶ
3534 1347 3830 1416 τετραπλοῦ-

2295 1456 2468 1508 μενοι,
2497 1438 2589 1492 τὸν
2613 1438 2820 1492 δώδεκα
2847 1438 3092 1492 ποιοῦσιν
3111 1438 3366 1508 ἀριθμόν.
3403 1439 3465 1492 El
3504 1438 3616 1508 γὰρ
3641 1436 3705 1489 τὰ
3729 1436 3831 1490 ὂντα

2291 1532 2482 1585 οὐσίαν
2512 1531 2622 1600 ἔχει
2658 1531 2754 1584 καὶ
2781 1530 3012 1599 δύναμιν
3041 1530 3137 1582 καὶ
3185 1530 3492 1599 ἐνέργειαν,
3535 1528 3742 1598 τριττὸν
3762 1529 3833 1580 τὸν

2293 1621 2381 1672 ἐπ’
2412 1621 2596 1682 αύτοῖς
2620 1619 2715 1672 τοῦ
2744 1616 2883 1673 εἶναι
2908 1619 3153 1688 δηλονότι
3191 1620 3490 1688 κέκτηνται
3515 1617 3692 1686 λόγον.
3724 1617 3834 1669 Eiet

2294 1708 2515 1771 τούτους
2565 1710 2743 1762 συνδεῖ
2770 1710 2896 1772 τοὺς
2933 1709 3125 1777 λόγους
3174 1709 3312 1779 πρὸς
3347 1709 3409 1761 τὸ
3453 1704 3598 1760 εἶναι
3628 1706 3835 1776 δηλονότι

2294 1799 2432 1854 meo
2468 1802 2659 1870 είσινή
2698 1801 2943 1870 πρόνοια,
2972 1799 3233 1870 τριπλοῦς
3260 1799 3354 1853 καὶ
3383 1800 3412 1852 ὁ
3450 1799 3627 1866 αὐτῆς
3654 1798 3837 1859 πάντως

2297 1892 2557 1961 ὑπάρχων
2587 1891 2890 1961 καθέστηκε
2914 1890 3090 1958 λόγος.
3123 1890 3184 1943 Et
3209 1891 3267 1944 δὲ
3300 1889 3408 1943 τῶν
3440 1888 3730 1958 λωσήσεων
3750 1886 3837 1940 τῶν

2296 1982 2419 2036 καθ’
2473 1981 2569 2034 ἕνα
2625 1981 2735 2034 τῶν
2776 1981 3084 2055 εἰρημένων
3134 1979 3605 2052 παρατραπόντων
3654 1978 3837 2045 λόγων.

2299 2071 2686 2143 παρελθουσῶν
2730 2088 2789 2125 τε
2841 2072 2937 2124 καὶ
2990 2070 3283 2141 παρουσῶν
3328 2071 3421 2124 καὶ
3471 2068 3838 2140 μελλουσῶν,ή

2298 2166 2478 2234 κρίσις
2526 2163 2642 2218 ἐστὶ
2685 2161 3032 2234 τιμωρητικὴ
3064 2161 3141 2224 ὡς
3169 2162 3367 2225 κακίας
3400 2160 3719 2231 κολαστικη.
3745 2178 3839 2230 τρι-

2299 2256 2467 2310 πλοῦν
2491 2255 2603 2326 ἕχει
2639 2256 2733 2308 καὶ
2755 2255 2891 2322 αὑτὴ
2914 2253 3005 2308 τὸν
3028 2252 3116 2306 ἐπ’
3141 2253 3278 2323 αὐτῇ
3311 2253 3409 2321 τῆς
3429 2250 3667 2322 θεωρίας
3690 2251 3838 2319 λόγον,

2298 2345 2422 2401 καθ’
2473 2345 2532 2399 ὃν
2569 2346 2760 2399 οὐσίαν
2797 2362 2858 2397 τε
2902 2344 2995 2397 καὶ
3037 2343 3267 2411 δύναμιν
3312 2343 3404 2396 καὶ
3437 2342 3720 2412 ἐνέργειαν
3754 2340 3840 2393 τῶν

2297 2437 2465 2491 ὄντων
2505 2435 2922 2506 περιγράςουσα
2955 2432 3107 2503 μένει
3127 2433 3225 2504 τὴν
3248 2431 3460 2486 οἰκείαν
3495 2433 3579 2495 είς
3606 2432 3665 2486 τὸ
3696 2431 3841 2502 διηνε-

2299 2528 2394 2592 κὲς
2429 2528 2706 2597 ἀοριστίαν
2734 2525 3096 2597 φυλάττουσα.

2722 2796 2907 2868 (258
2921 2796 2975 2869 α)
3009 2798 3201 2863 ’Ἄλλη
3226 2795 3455 2863 θεωρία.

2372 2912 2442 2966 Ἦ
2471 2909 2634 2965 πάλιν
2659 2909 2759 2979 τὴν
2786 2908 3014 2978 ἐφικτὴν
3039 2906 3133 2960 τοῦ
3161 2906 3338 2960 αἰτίου
3367 2906 3466 2959 καὶ
3488 2904 3605 2958 τῶν
3624 2902 3843 2958 αίτιατῶν

2299 3005 2512 3060 τελείαν
2537 3003 2833 3071 ἐπίγνωσιν
2862 3003 2891 3055 ὁ
2910 3000 3141 3071 ἀριθμὸς
3169 2996 3322 3063 οὗτος
3350 3000 3527 3070 δηλοῖ.
3555 2999 3742 3053 Δεκάδι
3761 2997 3842 3064 γὰρ

616 3087 928 3159 procedunt
969 3084 1307 3157 agnitionem
1338 3087 1443 3142 iste
1468 3103 1736 3143 numerus
1762 3088 2056 3159 signiﬁcat.
2087 3089 2193 3142 De-

2300 3096 2664 3167 προστεθεῖσα
2689 3093 2819 3154 δυὰς
2842 3094 2985 3145 ποιεῖ
3006 3091 3099 3144 τδν
3121 3091 3209 3162 cp"
3241 3091 3406 3153 δεκὰς
3427 3090 3489 3144 δέ
3512 3092 3661 3144 ἐστιν
3674 3085 3843 3159 Ἰησοῦς

618 3178 745 3234 cadi
768 3178 925 3233 enim
953 3176 1089 3249 dyas
1134 3176 1352 3247 adjecta
1378 3175 1547 3232 eﬂicit
1573 3179 1639 3232 η
1666 3193 1987 3244 numerum;
2024 3178 2190 3233 decas

617 3284 755 3326 vero
787 3277 874 3325 est
912 3268 1075 3326 Jesus
1116 3267 1387 3322 Dominus
1417 3277 1476 3323 et
1514 3269 1660 3323 Deus
1690 3284 1875 3323 rerum
1906 3270 2196 3324 universa-

617 3378 769 3426 rum,
793 3361 999 3432 quippe
1029 3359 1125 3430 qui
1158 3359 1227 3414 ab
1259 3359 1495 3415 monade
1524 3375 1870 3430 progressus,
1898 3360 1980 3415 sic
2012 3370 2194 3415 tamen

623 3461 685 3509 ut
734 3453 884 3508 foras
908 3467 1019 3506 non
1060 3450 1260 3514 exiret,
1290 3451 1360 3505 ad
1400 3465 1523 3505 sese
1553 3452 1734 3520 ipsum
1773 3466 1964 3505 rursus
1994 3458 2051 3505 et
2080 3463 2198 3503 mo-

620 3545 821 3602 nadcm
868 3544 1119 3600 revertit.
1157 3543 1346 3598 Monas
1392 3544 1541 3597 enim
1581 3544 1748 3597 etiam
1788 3541 1953 3597 decas
2002 3549 2108 3605 est,
2140 3548 2197 3594 et

620 3646 883 3708 tanquam
923 3634 1199 3692 terminus
1226 3648 1421 3690 eorum
1462 3649 1584 3703 quae
1629 3632 1898 3687 ﬁniuntur
1945 3642 2002 3687 et
2041 3646 2195 3687 com-

615 3728 914 3801 prehensio
935 3741 1002 3782 ae
1024 3725 1264 3781 munitio
1286 3739 1481 3780 eorum
1502 3739 1625 3794 qua:
1643 3724 1942 3780 ﬂectuntur
1963 3739 2026 3780 ac
2049 3733 2196 3778 meta

617 3821 802 3874 omnis
828 3818 1198 3873 arithmetica:
1234 3816 1663 3872 terminationis.
1695 3815 1876 3885 Atque
1904 3815 2039 3885 dyas
2072 3830 2196 3868 rur-

617 3924 714 3966 sus
746 3917 832 3965 est
877 3910 1057 3965 omnis
1111 3924 1302 3964 eorum
1336 3923 1460 3977 qua:
1492 3915 1623 3976 post
1678 3907 1853 3960 Deum
1897 3916 2029 3971 sunt
2064 3920 2195 3959 coa-

616 4001 943 4071 gmentatio.
980 4001 1075 4057 Sic
1128 3999 1416 4059 scnsibilia
1460 4007 1695 4061 cuncta,
1755 4007 1816 4052 ut
1856 3998 1925 4053 de
1967 3997 2196 4052 materia

621 4111 688 4151 ac
734 4095 908 4150 forma
943 4095 1276 4159 constantia,
1320 4094 1455 4165 dyas
1496 4103 1647 4157 sunt,
1691 4101 1748 4146 et
1804 4092 2197 4148 intellectualia

624 4188 781 4252 item,
823 4186 891 4242 de
936 4186 1226 4257 potestatis
1278 4195 1336 4240 et
1379 4187 1500 4254 eius
1553 4186 1647 4255 qui
1695 4186 1786 4240 illa
1824 4185 2197 4241 essentialiter

619 4279 824 4335 format
851 4278 1303 4349 congregatione.
1360 4278 1718 4349 Nequaquam
1749 4278 1899 4335 enim
1934 4278 2081 4349 quod
2120 4279 2200 4333 fa-

619 4381 770 4425 ctum
817 4377 902 4425 est
943 4370 1178 4439 simplex
1228 4377 1336 4434 est,
1391 4384 1460 4425 eo
1515 4371 1663 4440 quod
1718 4385 1830 4425 non
1865 4370 1972 4424 hoc
2018 4370 2197 4424 solum

619 4460 710 4516 vel
751 4459 891 4516 illud
942 4469 1054 4526 est,
1103 4458 1205 4515 sed
1256 4467 1519 4530 tanquam
1560 4461 1617 4515 in
1652 4460 1903 4531 subjecto
1940 4460 2199 4515 essentia

621 4549 795 4607 habet
848 4566 960 4605 una
1017 4550 1354 4605 cernendam
1402 4559 1515 4605 tam
1562 4551 1980 4605 constitutivam
2033 4565 2199 4618 quam

621 4642 964 4698 dcﬁnitivam
1016 4641 1411 4708 differentiam,
1439 4658 1563 4712 qme
1594 4643 1772 4713 ipsum
1806 4642 1941 4698 illud
1984 4642 2197 4697 consti-

625 4743 767 4801 tuat,
818 4736 1112 4805 ipsumque
1156 4736 1226 4791 ab
1256 4736 1368 4791 alio
1401 4735 1693 4791 evidenter
1726 4740 2002 4789 secernat.
2055 4733 2216 4811 Nihil

2299 3190 2327 3242 ὁ
2354 3187 2557 3257 Κύριος
2583 3185 2677 3240 καὶ
2705 3184 2836 3248 Θεὸς
2865 3184 2973 3238 τῶν
3000 3183 3166 3248 ὅλων,
3217 3183 3294 3246 ὡς
3322 3182 3729 3252 ἀνεκφοιτήτως
3751 3178 3842 3240 ταῖς

2301 3279 2410 3333 ἀπὸ
2440 3277 2665 3349 μονάδος
2701 3277 2948 3348 προόδοις
2989 3276 3127 3347 πρὸς
3155 3275 3350 3329 ἑαυτὸν
3370 3264 3689 3346 ’μοναδικῶς
3715 3270 3844 3324 πάλιν

2300 3369 2833 3439 ἀποκαθιστάμενος.
2894 3367 3079 3430 Μονὰς
3122 3368 3232 3438 γὰρ
3289 3366 3384 3421 καὶ
3440 3367 3478 3436 ἡ
3529 3364 3720 3427 δεκὰς,
3772 3359 3843 3414 καὶ

2299 3461 2374 3524 ὡς
2398 3462 2522 3532 ὅρος
2557 3460 2665 3512 τῶν
2692 3457 3028 3529 ὁριζομένων
3069 3458 3163 3511 καὶ
3193 3456 3425 3527 περιοχὴ
3452 3455 3568 3509 τῶν
3631 3452 3841 3520 κλινομέ-

2301 3566 2407 3603 νων
2440 3549 2534 3601 καὶ⁵
2564 3548 2737 3618 πέρας
2767 3546 2950 3616 πάσης
2978 3544 3351 3616 ἀριθμητικῆς
3379 3538 3841 3612 ἀποπερατώσεως.

2303 3640 2413 3693 Κα)⁸
2468 3639 2600 3702 δυάς
2648 3625 2779 3692 ἐστι’
2812 3637 2975 3690 πάλιν
3029 3638 3178 3689 πᾶσα
3221 3635 3330 3689 τῶν
3377 3634 3520 3705 μετὰ
3546 3632 3677 3686 Θεὸν
3709 3629 3843 3682 ὄντων

2274 3760 2275 3765 η
2303 3731 2336 3801 ή
2367 3730 2673 3801 σύμπηξις,
2711 3726 2822 3782 οἷον
2852 3730 2920 3782 τὰ
2953 3729 3053 3798 μὲν
3081 3727 3314 3797 αίσθητὰ
3343 3727 3525 3781 πάντα
3559 3726 3635 3787 ὠς
3664 3722 3720 3786 ἐξ
3744 3719 3844 3784 ὕλης

2306 3821 2673 3892 συνεστηκότα
2724 3821 2817 3872 καὶ
2861 3819 3032 3881 εἴδους
3079 3819 3197 3870 ἐστὶ
3243 3817 3405 3880 δυὰς,
3470 3814 3542 3869 τὰ
3587 3814 3644 3866 δὲ
3691 3807 3842 3876 νοητὰ.

2301 3915 2565 3978 ὡσαύτως
2599 3912 2850 3977 ἐξουσίας
2895 3911 2988 3963 καὶ
3018 3907 3113 3961 τοῦ
3145 3905 3543 3969 εἰδοποιοῖητος
3569 3904 3702 3957 αὐτὰ
3725 3900 3844 3953 οὖσι-

2303 4006 2455 4069 ωδῶς
2511 4002 2941 4074 συμϐεϐηκότος.
3003 3999 3139 4054 Οὐδὲ
3186 3998 3295 4069 γάρ
3352 3998 3472 4049 ἐστι
3526 3995 3588 4048 τδ
3625 3990 3846 4061 παράπαν

2304 4095 2535 4166 γενητὸν
2588 4093 2795 4163 κυρίως
2845 4090 3091 4154 ἁπλοῦν,
3156 4090 3239 4142 ὅτι
3283 4088 3359 4159 μὴ
3398 4087 3518 4140 τόδε
3558 4085 3711 4156 μόνον
3731 4078 3846 4132 ἐστὶν

2304 4190 2337 4260 ἦ
2369 4188 2488 4241 τάδε
2514 4229 2530 4254 ν
2586 4184 2797 4247 ἀλλ’ὡς
2844 4185 2902 4237 ἒν
2941 4180 3291 4253 ὑποκειμένῳ
3333 4181 3400 4250 τῇ
3448 4176 3611 4249 ούσίᾳ
3647 4168 3846 4243 ἔχειτὴν

2307 4279 2642 4346 συστατικήν
2690 4293 2751 4329 τε
2808 4278 2903 4329 καὶ
2953 4273 3312 4346 ἁφοριστικὴν
3359 4269 3627 4340 διαφορὰν
3665 4276 3845 4319 συνεπι-

2308 4370 2721 4440 θεωρουμένην,
2771 4367 2870 4435 τὴν
2899 4366 3031 4420 αὐτὸ
3060 4365 3160 4434 μὲν
3192 4367 3370 4417 ἐκεῖνο
3401 4358 3747 4417 συνίει-τῶσαν,
3772 4348 3845 4405 ἆλ-

2296 4462 2390 4516 λου
2431 4461 2487 4515 δέ
2540 4461 2671 4514 αὐτὸ
2719 4459 2971 4529 φανερῶς
3016 4457 3418 4526 διακρίνουσαν.
3472 4453 3639 4507 Οὐδὲν
3664 4449 3714 4501 δὲ
3750 4443 3844 4497 καθ’

2302 4552 2615 4621 οίονδήποτε
2672 4549 2875 4621 τρόπον
2930 4545 3210 4609 ούσιωδῶς
3265 4544 3387 4614 ἔχον
3447 4529 3843 4602 συνεπιθεωρού-

2310 4643 2472 4711 μενόν
2498 4659 2549 4694 τι
2579 4640 2716 4712 πρὸς
2741 4640 2977 4710 δήλωσιν
3002 4638 3102 4708 τῆς
3121 4637 3328 4700 οἰκείας
3354 4631 3644 4706 ὑπάρξεως
3666 4627 3844 4681 δύναται

2306 4734 2511 4805 κυρίως
2541 4728 2682 4788 εἶναι
2713 4730 2937 4786 ἁπλοῦν.

622 4837 807 4887 autem
861 4829 1011 4899 quod
1054 4829 1429 4900 qualicunque
1475 4827 1642 4882 modo
1693 4843 1807 4882 suae
1856 4805 2643 4885 exsistentiae'manil‘estandze
2665 4842 2832 4885 causa
2864 4826 3242 4883 essentialiter
3299 4822 3509 4895 aliquid
3544 4819 3685 4892 quod
3712 4805 3841 4868 simul

624 4921 878 4977 cernitur
923 4919 1095 4975 habet
1141 4920 1364 4990 pr0prie
1409 4919 1645 4988 simplex
1690 4934 1813 4973 esse
1853 4926 2055 4987 potest.

1150 5103 1266 5161 Alia
1298 5100 1693 5173 contemplatio.

584 5268 591 5275 .
697 5218 799 5276 \‘el
836 5234 1033 5275 rursus
1078 5219 1322 5273 divinam
1365 5214 1665 5271 essentiam
1698 5216 1789 5271 hic
1823 5232 2111 5280 numerus,
2153 5224 2210 5271 et

628 5311 872 5366 aiacrem
920 5310 1045 5379 ejus
1077 5308 1146 5364 ad
1182 5306 1457 5378 agendum
1502 5305 1765 5360 virtutem
1796 5307 2014 5361 occulte
2040 5307 2209 5377 signi-

631 5402 777 5458 ﬁcat.
825 5401 1077 5456 Divinam
1123 5398 1347 5470 quidem
1397 5396 1719 5461 essentiam,
1749 5413 1849 5469 per
1878 5407 1989 5453 tres
2011 5413 2209 5452 nume-

630 5510 751 5549 rmn
783 5493 1105 5557 indicatam,
1125 5502 1189 5545 ut
1212 5490 1419 5561 triplici
1441 5487 1605 5543 modo
1627 5489 1956 5545 celebratam
1979 5496 2209 5560 prepter

631 5585 965 5641 exstantiam
1015 5599 1118 5653 per
1162 5591 1277 5638 tres
1336 5581 1712 5649 substantias;
1777 5583 1998 5638 trinitas
2050 5582 2198 5637 enim

2874 5064 3070 5161 ’λλλη
3102 5093 3332 5162 θεωρία.

2380 5218 2450 5271 Ἢ
2473 5215 2636 5270 πάλιν
2656 5214 2756 5284 τὴν
2780 5209 2933 5264 θείαν
2954 5208 3145 5263 οὐσίαν
3165 5208 3261 5261 καὶ
3276 5206 3380 5276 τὴν
3402 5203 3570 5274 αὐτῆς
3590 5194 3836 5284 δραστικὴγ

2306 5304 2590 5374 ἐνέργειαν
2612 5282 2882 5368 ἐπικεκρυ
2892 5296 3111 5368 μμένως
3125 5297 3154 5348 ὁ
3172 5292 3405 5365 ἀριθμὸς
3421 5288 3571 5353 οὗτος
3586 5282 3835 5374 exanimi:

2306 5370 2414 5450 vat.
2462 5393 2573 5464 Τὴν
2610 5392 2709 5464 μὲν
2752 5390 2903 5444 θείαν
2930 5387 3156 5451 οὐσίαν,
3212 5385 3301 5440 διὰ
3339 5383 3434 5439 τοῦ
3474 5385 3620 5455 τρεῖς
3643 5370 3829 5449 ἀριθμοῦ

2306 5486 2643 5557 δηλουμένην
2718 5484 2795 5547 ὡς
2861 5479 3157 5552 τριαδικῶς
3220 5479 3565 5550 ὑμνουμένην
3630 5472 3709 5527 διὰ
3755 5466 3827 5533 τὴν

2306 5579 2738 5649 τρισυπόστατον
2782 5574 3052 5646 ὓπαρξιν·
3115 5571 3271 5644 τριὰς
3311 5571 3420 5644 γάρ
3467 5572 3609 5626 ἐστιν
3646 5558 3829 5636 ήμονάς

1924 5720 2156 5779 VARUE
2184 5717 2589 5777 LECTIONE‘S.

717 5792 757 5824 "
798 5790 1185 5863 Apegraphum
1213 5792 1378 5850 habet
1404 5789 1708 5860 οὐσιώἰους.

1083 5971 1133 5997 Α
