4052 6380
288 392 441 456 1401

1518 398 2043 461 AMBIGUORUM
2084 403 2338 465 LIBER.

3444 393 3586 460 1402

279 505 365 567 ὡς
401 507 468 558 ὲν
495 502 731 567 τελείαις
760 498 896 558 οὖσα
922 502 1105 557 τελεία
1137 504 1260 566 ταῖς
1293 502 1660 557 ὖποστάσεσιν
1679 545 1695 566 ,
1730 505 1896 575 ἠγουν

1999 517 2084 562 est
2116 509 2303 564 unitas
2333 517 2394 563 ut
2427 510 2482 563 in
2521 508 2787 580 perfectis
2808 510 3140 567 substantiis
3170 507 3288 578 ipsa
3316 506 3584 577 perfecta.

281 597 371 664 τῷ
414 597 522 667 τῆς
551 595 842 666 ὑπάρξεως
871 596 1060 668 τρόπῳ
1079 635 1095 659 ,
1148 596 1246 648 καὶ
1296 596 1464 665 μονάς
1491 598 1646 648 ἐστιν
1679 598 1711 666 ὴ
1740 599 1898 667 τριὰς

283 688 519 758 ἀληθῶς
569 687 646 758 τῷ
685 688 790 758 τῆς
828 688 1055 753 οὐσίας,
1107 687 1278 757 ἧγουν
1324 686 1402 756 τῷ
1432 687 1524 739 τοῦ
1555 684 1697 740 εἶναι
1731 688 1897 758 λόγῳ,

284 779 409 850 Τὴν
441 780 501 835 δὲ
533 780 833 851 δραστικὴν
862 781 1147 850 ἐνέργειαν
1189 780 1279 832 διὰ
1306 779 1400 832 τοῦ
1425 778 1485 843 ἓξ
1510 778 1750 849 ἀριθμοῦ
1788 797 1896 850 μηο

286 872 574 941 νυομένην
597 913 611 935 ,
668 872 742 933 ὡς
780 871 945 942 μόνου
976 871 1085 924 τῶν
1117 871 1269 934 ἐντὸς
1296 871 1520 933 δεκάδος
1545 871 1780 942 ἀριθμοῦ
1808 889 1896 924 τε·

283 960 450 1013 λεξου
484 961 579 1013 καὶ
605 962 868 1031 πλήρους,
902 961 997 1014 καὶ
1027 961 1091 1014 ἐκ
1120 960 1227 1014 τῶν
1256 960 1477 1013 οἰκείων
1505 962 1897 1031 συνισταμένου

290 1052 528 1122 μερῶν,
583 1052 680 1107 καὶ
728 1052 839 1104 τῶν
887 1048 954 1105 αὖ
1003 1052 1234 1106 καθόλου
1280 1052 1375 1105 καὶ
1416 1051 1617 1105 ἀνίσων
1646 1051 1897 1120 ἀριθμῶν

288 1142 703 1211 περιεκτικοῦ,
761 1141 858 1196 τοῦ
907 1142 1098 1214 ἀρτίου
1144 1144 1289 1212 φημὶ
1340 1144 1435 1196 καὶ
1478 1142 1573 1194 τοῦ
1612 1141 1893 1210 περιττοῦ,

234 1285 243 1291 .
286 1234 498 1303 (258
520 1234 573 1291 bi
609 1235 684 1298 ὡς
721 1237 816 1289 καὶ
849 1238 1019 1306 μόνην
1046 1235 1258 1289 τελείαν
1292 1237 1385 1289 καὶ
1414 1236 1656 1301 τελείων,
1691 1237 1812 1288 καθ’
1839 1237 1897 1289 ὃν

285 1327 405 1379 εἰσι
468 1326 668 1394 λόγον,
751 1328 1171 1398 ἀπεργαπικὴν
1222 1346 1282 1381 τε
1345 1329 1438 1381 καὶ
1496 1331 1894 1398 φρουρητικήν.

292 1418 505 1470 Ἀνισα
536 1418 647 1488 γὰρ
677 1419 747 1472 τὰ
780 1421 920 1490 μετᾶ
948 1422 1060 1483 τοῖς
1088 1419 1278 1489 ἄκροις
1308 1420 1604 1488 κινούμενα
1638 1420 1774 1489 πρὸς
1798 1422 1899 1489 τὴν

286 1508 408 1562 τῶν
473 1508 661 1579 ἄκρων
717 1511 1026 1581 ἀεικίνητον
1088 1512 1297 1567 στάσιν.
1364 1509 1490 1565 Οἷον
1552 1512 1619 1564 ἵν’
1665 1511 1723 1578 ἐξ
1778 1513 1939 1576 ἑνὸς·

285 1599 395 1652 καὶ
445 1600 560 1654 τῶν
598 1601 804 1655 λοιπῶν
850 1605 1172 1673 ποιήσωμαι
1206 1606 1318 1665 τοῖς
1349 1602 1660 1672 φιλοπόνοις
1690 1603 1788 1669 τὴν
1814 1603 1901 1656 ἔν-

291 1708 521 1757 στασιν,
557 1693 728 1763 ἄκρον
755 1693 854 1764 μέν
885 1696 1001 1748 ἐστι
1030 1695 1112 1747 τό·
1146 1696 1252 1748 Καὶ
1281 1691 1450 1748 εἶπεν
1475 1699 1508 1748 ὁ
1533 1695 1697 1761 Θεὸς,
1732 1694 1902 1761 Ποιή-

289 1799 511 1852 σωμεν
556 1783 871 1852 ἄνθρωπον
913 1786 1041 1840 κατ’
1069 1788 1276 1840 εἰκόνα
1302 1786 1596 1855 ἡμετέραν
1637 1787 1735 1840 καὶ
1767 1769 1902 1841 καθ’

289 1875 626 1941 ὁμοίωσιν·
687 1877 853 1946 μέσον
901 1876 958 1930 δὲ
1008 1877 1107 1930 τό’
1166 1878 1277 1931 Kal
1330 1878 1621 1943 ἐποίησεν
1674 1881 1706 1932 ὀ
1748 1878 1894 1944 Θεὸς

289 1965 407 2018 τὸν
430 1964 773 2033 ἄνθρωπον,
808 1967 999 2037 ἄρσεν
1028 1968 1125 2023 καί
1151 1968 1310 2038 θῆλυ
1331 1970 1622 2036 ἐποίησεν
1645 1971 1889 2035 αὐτούς·

288 2055 393 2110 καὶ
418 2042 597 2127 ἄκρον
621 2059 805 2112 πάλιν·
854 2060 950 2112 Ἐν
973 2059 1083 2128 γὰρ
1111 2059 1342 2129 Χριστῷ
1372 2060 1577 2126 Ἰησοῦ
1597 2063 1711 2115 οὐκ
1725 2062 1895 2115 ἐστιν

289 2147 440 2202 οὔτε
466 2148 660 2217 ἄρσεν
688 2151 829 2204 οὔτε
855 2149 1034 2217 θῆλυ.
1068 2151 1189 2204 Τῶν
1217 2151 1402 2221 ἄκρων
1426 2148 1520 2204 οὖν
1549 2154 1641 2205 καὶ
1665 2153 1774 2206 τῶν
1800 2153 1894 2222 μέ-

291 2252 410 2291 σων
444 2237 653 2293 ἀνίσων
681 2239 853 2295 όντων
878 2283 892 2304 ,
944 2241 1019 2304 ὠς
1067 2239 1176 2294 τῶν
1221 2240 1321 2310 μὲν
1367 2241 1429 2293 τὸ
1461 2241 1631 2312 ἄρρεν
1661 2242 1893 2311 ἐχόντων

289 2326 393 2380 καὶ
423 2326 489 2379 τὸ
520 2327 653 2397 θῆλυ
677 2368 693 2391 ,
728 2328 859 2387 ,τῶν
890 2330 946 2383 δὲ
998 2329 1072 2401 μὴ
1107 2329 1362 2398 ἑχόντων,
1405 2330 1525 2383 ἐστὶ
1552 2335 1808 2402 ποιητική
1834 2348 1892 2385 τε

289 2417 391 2472 καὶ
438 2421 768 2490 περιεκτικὴ
820 2422 853 2491 ἠ
889 2421 1010 2474 θεία
1040 2423 1328 2491 ἐνέργεια,
1365 2423 1556 2492 ἥντινα
1592 2424 1889 2493 μυστικῶς,

291 2505 562 2576 καθάπερ
592 2504 775 2578 οἶμαι,
819 2510 1048 2581 μυηθεὶς
1078 2512 1106 2563 ὁ
1134 2509 1449 2580 σοφώτατος
1479 2511 1760 2580 Μωῦσῆς,
1795 2512 1892 2566 καὶ

290 2600 412 2661 τοῖς
440 2597 659 2663 λοιποῖς
694 2601 804 2654 τῶν
830 2601 1136 2673 ἀνθρώπων
1179 2602 1580 2671 ἁγαθοπρεπῶς
1608 2603 1890 2673 ὑπεμφαί-

293 2704 439 2753 νων,
498 2689 562 2740 ὲν
605 2686 666 2755 ἐξ
708 2691 946 2761 ἡμέραις
984 2693 1229 2763 γέγραφε
1260 2694 1351 2746 τον
1375 2693 1509 2746 Θεὸν
1534 2696 1891 2765 πεποιηκέναι

286 2777 383 2830 τὸν
435 2778 739 2848 σύμπαντα
778 2781 982 2852 κόσμον
1003 2801 1017 2816 ·
1074 2779 1219 2858 ᾗτινι
1250 2784 1372 2838 καθ’
1391 2785 1584 2855 εἱρμὸν
1614 2784 1710 2839 καὶ
1737 2786 1892 2851 τάξιν

290 2868 436 2936 μετὰ
494 2869 603 2939 τῆς
658 2871 918 2940 προνοίας
972 2873 1066 2926 καὶ⁵
1116 2873 1215 2942 τῆς
1269 2873 1504 2943 κρίσεως
1560 2873 1670 2925 τῶν
1718 2873 1891 2927 ὄντων

288 2961 633 3028 πρεπόντως
682 2963 1215 3034 συνεπιθεωροῦντες
1260 2965 1359 3035 τὴν
1400 2965 1613 3033 γένεσιν
1661 2965 1928 3035 (περιέ--

287 3067 451 3119 χεται
481 3054 598 3122 γὰρ
628 3054 765 3125 αὐτῇ
802 3053 996 3124 ταῦτα)
1032 3055 1123 3108 τὸν
1154 3056 1222 3126 ιβ’
1250 3055 1629 3125 πληρέστατον
1657 3056 1889 3126 ἀπαρτί-

285 3139 459 3212 ζομεν
484 3141 754 3214 ἀριθμόν.

680 3329 902 3397 Θεωρία
926 3331 1014 3394 εἰς
1039 3330 1184 3396 τοὺς
1211 3330 1522 3399 κοφίνους.

370 3441 652 3508 Κοφίνους
695 3440 754 3493 δέ
812 3457 978 3509 φησιν
1026 3444 1055 3494 ὁ
1095 3443 1252 3510 λόγος
1276 3481 1292 3506 ,
1355 3442 1414 3496 ὲν
1440 3438 1523 3506 οἷς
1551 3442 1787 3513 ἀπετέθη
1821 3441 1889 3495 τὰ

293 3529 770 3601 περισσεύσαντα,
827 3530 927 3602 τὴν
974 3532 1328 3602 παιδευτικὴν
1376 3534 1722 3601 οἰκονομίαν,
1778 3533 1887 3586 τῶν

2004 595 2061 649 id
2097 607 2184 650 est
2216 599 2506 653 exstantia!
2533 599 2719 664 modo,
2754 608 2813 655 et
2853 601 3040 655 unitas
3090 600 3314 654 trinitas
3339 614 3472 653 vere
3500 604 3587 651 est

2002 686 2281 751 essentize,
2322 688 2374 741 id
2417 673 2505 743 est
2537 691 2844 745 exsistendi
2885 693 3123 746 ratione.
3168 691 3418 746 Alacrem
3452 703 3587 753 vero

2002 778 2203 845 agendi
2256 778 2520 834 virtutem
2567 782 2843 851 signiﬁcat
2878 797 2979 851 per
3033 797 3126 836 sex
3175 794 3466 834 numerum
3503 780 3589 832 in-

2000 868 2262 933 dicatam,
2302 880 2362 925 ut
2412 873 2509 941 qui
2547 874 2702 927 solus
2754 873 2899 927 intra
2948 872 3240 927 denarium
3286 884 3583 924 numerum

1998 960 2284 1030 perfectus
2319 977 2384 1017 ac
2420 964 2620 1032 plenus
2661 973 2769 1028 est,
2813 973 2872 1019 et
2923 981 2991 1021 ex
3037 964 3279 1034 propriis
3330 962 3586 1033 partibus

1998 1061 2239 1117 constat,
2293 1055 2504 1123 quique
2553 1071 2749 1110 rursus
2801 1064 2909 1110 tam
2954 1055 3246 1126 generales
3293 1068 3460 1123 quam
3504 1053 3587 1106 in-

1998 1143 2240 1210 aequales
2261 1144 2684 1213 comprehendit
2702 1160 2982 1209 numeros,
3007 1160 3220 1214 parem,
3251 1145 3496 1213 inquam,
3528 1151 3585 1196 et

1998 1231 2287 1302 imparem,
2338 1244 2399 1288 ut
2455 1236 2628 1304 ipsam
2671 1251 2895 1306 quoque
2956 1238 3130 1291 solam
3170 1235 3473 1306 perfectam
3526 1242 3584 1288 et

1998 1325 2394 1394 pcrfcctorum,
2448 1328 2754 1383 secundum
2810 1345 2977 1398 quam
3015 1339 3145 1384 sunt
3194 1329 3490 1391 rationem,
3527 1335 3586 1381 et

1999 1419 2370 1486 operatricem
2429 1428 2487 1473 et
2526 1422 3023 1476 conservatricem.
3086 1420 3383 1490 lnaequalia
3430 1420 3582 1474 enim

2001 1517 2132 1563 sunt
2158 1525 2280 1579 quae
2301 1511 2447 1565 inter
2469 1514 2854 1568 extremitates
2877 1519 3160 1568 motantur
3185 1511 3252 1565 ad
3283 1510 3580 1565 stationem

1999 1599 2542 1668 extremitatumqum
2557 1615 2777 1670 semper
2803 1608 3067 1655 metatur.
3102 1597 3581 1666 Quemadmodum

2003 1696 2063 1742 ut
2099 1704 2166 1742 ex
2200 1704 2312 1742 uno
2354 1690 2566 1758 reliqua
2598 1706 2820 1760 quoque
2854 1689 3122 1746 studiosis
3163 1689 3445 1758 auspicer,
3484 1702 3581 1741 ex-

2001 1779 2256 1833 tremitas
2288 1789 2374 1835 est
2416 1778 2551 1834 illud
2593 1798 2607 1834 :
2645 1781 2714 1834 Et
2754 1781 2888 1836 dixit
2926 1780 3067 1834 Deus
3103 1796 3121 1834 :
3164 1779 3444 1832 Faciamus
3482 1778 3581 1831 ho-

1929 1852 1966 1903 Β
1998 1869 2195 1922 minem
2223 1869 2292 1923 ad
2315 1870 2604 1941 imaginem
2640 1878 2879 1925 nostram
2921 1881 2970 1925 et
2999 1871 3071 1925 ad
3106 1868 3508 1924 similitudinem
3532 1876 3575 1936 ·;

2001 1961 2246 2016 medium
2270 1978 2406 2018 vero
2429 1981 2442 2017 :
2474 1964 2545 2018 Et
2570 1964 2692 2033 fecit
2720 1963 2859 2019 Deus
2880 1965 3161 2028 hominem,
3188 1978 3391 2017 marem
3419 1968 3578 2031 atque

2000 2052 2253 2122 feminam
2282 2054 2403 2123 fecit
2444 2071 2529 2108 eos
2569 2055 2631 2121 b;
2665 2063 2830 2124 atque
2865 2056 3070 2108 iterum
3108 2053 3432 2109 extremitas
3465 2069 3479 2106 :
3508 2052 3576 2107 In

1998 2141 2125 2195 Iesu
2157 2141 2364 2199 Christo
2392 2160 2496 2198 non
2528 2153 2790 2216 estneque
2820 2163 2936 2200 mas
2955 2162 3121 2216 neque
3141 2146 3337 2215 femina
3361 2155 3406 2198 ο.
3437 2143 3578 2198 Cum

1999 2235 2171 2304 igitur
2193 2236 2571 2291 extremitates
2599 2245 2655 2292 et
2682 2238 2928 2292 medium
2958 2239 3071 2291 sint
3106 2236 3418 2306 inaequalia,
3450 2250 3577 2289 cum

1999 2326 2176 2381 altera
2212 2328 2522 2382 masculum
2557 2343 2622 2383 ac
2663 2328 2927 2383 feminam
2962 2327 3228 2391 habeant,
3266 2327 3438 2381 altera
3469 2340 3576 2378 non

1988 2416 2265 2483 habeant,
2316 2418 2574 2474 eﬂ‘cctiva
2634 2429 2722 2475 est
2770 2428 2936 2489 atque
2982 2416 3436 2487 comprehensiva
3477 2416 3576 2471 Dei

1997 2508 2200 2573 virtus,
2236 2525 2400 2579 quam
2445 2511 2696 2582 mystice,
2745 2510 2827 2565 uti
2864 2508 3001 2563 mihi
3048 2508 3291 2567 videtur.
3325 2506 3578 2560 initiatus

1997 2600 2438 2669 sapientissimus
2490 2603 2723 2673 Moyses,
2764 2612 2821 2658 et
2863 2600 3079 2657 caeteris
3120 2599 3441 2654 hominibus
3475 2598 3576 2652 be-

1996 2693 2165 2762 nigne
2220 2694 2560 2764 significans,
2611 2694 2757 2748 intra
2801 2709 2899 2749 sex
2948 2693 3122 2748 Deum
3187 2690 3412 2761 scripsit
3454 2690 3577 2755 dies

1990 2787 2317 2843 universum
2351 2788 2620 2842 mundum
2651 2786 2965 2843 condidisse
2996 2785 3023 2826 ά
3059 2803 3072 2840 :
3109 2800 3219 2855 qua
3247 2784 3451 2839 virtute
3475 2798 3578 2852 per

1996 2879 2199 2933 seriem
2242 2886 2300 2933 et
2332 2879 2585 2933 ordinem
2625 2893 2752 2933 cum
2780 2877 3128 2948 providentia
3155 2884 3211 2932 et
3245 2874 3455 2931 indicio
3484 2888 3564 2928 re.

1997 2984 2120 3021 rum
2158 2985 2279 3039 quae
2318 2978 2451 3026 sunt
2491 2971 2831 3025 creationem
2875 2969 3274 3024 convenienter
3321 2975 3571 3023 contem-

1992 3058 2215 3128 plantes
2259 3060 2386 3131 (ista
2414 3060 2564 3116 enim
2597 3061 2714 3115 haec
2747 3056 3325 3129 comprehenduntur)
3360 3056 3575 3112 duodeo

1994 3149 2218 3204 narium
2268 3151 2650 3221 plenissimum
2699 3164 3154 3207 consummamus
3185 3162 3500 3204 numerum.

2383 3325 2775 3398 Contemplatio
2813 3329 2869 3381 in
2917 3326 3187 3397 cophinos.

2058 3438 2344 3509 Copbinos
2387 3449 2598 3504 autem,
2646 3440 2704 3493 in
2743 3437 2953 3509 quibus
2996 3436 3256 3506 repositae
3307 3442 3440 3491 sunt
3487 3450 3575 3491 re-

1982 3529 2193 3599 liquiae,
2237 3544 2422 3585 sermo
2461 3531 2710 3601 appellat
2760 3529 3241 3600 dispensationem
3283 3526 3574 3581 instituto-

294 3621 690 3693 πνευματικῶς
733 3624 1050 3693 τραφέντων
1095 3624 1223 3687 τοὺς
1260 3625 1485 3693 νοητοὺς
1519 3623 1628 3676 τῶν
1657 3623 1887 3694 εἰρημέ-

1995 3623 2142 3690 “iam,
2171 3637 2363 3677 eorum
2391 3623 2485 3692 qui
2530 3621 2901 3692 spiritualiter
2930 3626 3060 3674 sunt
3093 3617 3569 3673 intellectualibus

292 3731 403 3767 νων
433 3714 656 3782 λόγους,
699 3713 786 3766 διὰ
818 3715 878 3766 τδ
915 3715 1084 3785 μήπω
1110 3714 1212 3782 τῆς
1242 3715 1889 3786 παῶαγωγικῆς⁸αὐτοὺς

1995 3713 2256 3767 lictorum
2288 3712 2600 3767 rationibus
2634 3710 2855 3774 nutriti,
2888 3717 3183 3780 propterea
3200 3707 3351 3778 quod
3383 3705 3570 3776 paeda-

294 3804 561 3874 ὑπεράνω
587 3802 842 3870 γενέσθαι
873 3802 1240 3866 διδασκαλίας.
1284 3803 1382 3872 τῆς
1419 3803 1515 3856 καὶ
1544 3803 1615 3855 τὰ
1640 3804 1889 3874 χρήσιμα

1995 3802 2244 3873 gogicam
2273 3801 2520 3857 nondum
2535 3797 3283 3871 superaveruntdoctrinam,
3310 3810 3432 3865 qum
3459 3801 3572 3848 tam

293 3894 531 3958 δεόντως
565 3893 980 3967 ὑποτιθεμένης,
1036 3894 1130 3945 καὶ
1177 3893 1276 3964 τὴν
1309 3893 1566 3963 ἀλγεινὴν
1600 3897 1712 3957 τοῖς
1741 3892 1885 3948 οὕτω

1995 3908 2107 3962 quae
2129 3892 2285 3947 utilia
2321 3893 2432 3947 sint
2457 3901 2605 3947 recte
2639 3889 2975 3960 suppeditat,
3021 3901 3184 3957 quam
3218 3901 3441 3957 gravem
3487 3886 3573 3940 eis

296 3984 717 4054 παιδευομένοις
767 3983 995 4053 ἀγωγὴν
1035 3982 1458 4053 προτεινούσης,
1521 3982 1596 4047 ὡς
1632 3986 1772 4036 νοεῖν
1801 3983 1883 4036 δί-

1995 3982 2080 4053 [ιιιί
2134 3983 2209 4038 ita
2266 3982 2642 4037 instituuntur
2698 3979 3180 4036 conversationem
3245 3975 3567 4046 proponit;

292 4075 461 4128 δωσιν
488 4077 523 4142 ἡ
551 4072 611 4139 ἐξ
630 4069 698 4145 ἧς
718 4070 1127 4142 οἰκοδομοῦν-σαι
1154 4073 1201 4125 οἱ
1225 4072 1436 4140 κόφινοι
1458 4071 1580 4141 ὕλη,
1603 4071 1881 4143 πληκτικὴ

1995 4071 2265 4141 quomodo
2313 4070 2625 4142 intelligere
2654 4085 2760 4124 nos
2788 4068 2947 4140 jubet
2978 4067 3212 4122 materia
3259 4081 3325 4119 ex
3350 4079 3459 4134 qua
3482 4079 3574 4118 ea.

294 4164 440 4220 κατὰ
466 4163 632 4234 φύσιν
657 4163 997 4233 ὑπάρχουσα.

1995 4162 2141 4232 phini
2170 4170 2600 4227 construuntur,
2632 4177 2756 4231 qua:
2790 4168 2989 4214 natura
3022 4173 3122 4213 sua
3160 4157 3229 4213 ad
3257 4154 3572 4211 feriendum

1978 4259 2037 4305 et
2060 4252 2484 4321 percutiendum
2511 4260 2826 4321 comparata
2865 4257 2967 4304 est.

756 4427 993 4501 Θεωρίιί
1009 4431 1129 4486 τῶν
1159 4431 1203 4493 ζ’
1229 4431 1437 4501 ἀρτων.

2347 4428 2734 4500 Contemplatio
2776 4436 2975 4499 septem.
2999 4444 3199 4498 panum

370 4543 561 4614 (259
581 4542 636 4615 a)
698 4544 763 4597 Οἱ
808 4544 867 4597 δὲ
919 4543 1058 4597 ἑπτὰ
1095 4544 1207 4597 τῶν
1247 4542 1706 4615 τετρακισχιλίων
1735 4545 1891 4616 ἄρτοι

2063 4545 2286 4616 Septem
2328 4553 2513 4600 autem
2555 4553 2791 4613 quatuor
2837 4543 3075 4597 millium
3116 4555 3288 4611 panes
3317 4542 3571 4612 legalem.

297 4635 396 4705 τὴν
427 4634 685 4706 νομικὴν,
718 4637 796 4697 ὡς
830 4631 1018 4705 οἶμαι,
1078 4636 1473 4707 μυσταγωγίαν
1501 4635 1887 4705 ὑποτυποῦσιν,

1995 4647 2056 4693 ut
2094 4636 2314 4706 opinor,
2343 4636 2736 4707 mystagogiam
2761 4634 3100 4705 exprimunt,
3125 4634 3242 4688 sive
3267 4632 3573 4688 diviniorcs

298 4728 422 4796 ἢτοι
475 4728 603 4791 τοὺς
651 4727 774 4781 κατ’
805 4727 977 4798 αὐτὴν
1020 4726 1329 4797 θειοτέρους
1365 4727 1591 4796 λόγους,
1639 4727 1893 4791 οὕστινας

1995 4728 2303 4786 secundum
2363 4744 2489 4785 eam
2546 4728 2814 4793 rationes,
2854 4742 2993 4797 quas
3035 4727 3119 4781 eis
3156 4726 3252 4795 qui
3299 4733 3414 4779 tres
3452 4723 3573 4779 dies

297 4817 415 4879 τοῖς
463 4817 835 4887 προσμένουσι
878 4817 1027 4886 τρεῖς
1064 4816 1279 4886 ἡμέρας
1323 4816 1405 4888 τῷ
1443 4818 1608 4888 λόγῳ,
1641 4818 1891 4884 τουτέστι

1995 4821 2136 4891 apud
2170 4836 2487 4877 sermonem
2517 4828 2798 4887 maneant,
2831 4819 2888 4875 id
2921 4820 3121 4888 estqui
3150 4819 3397 4874 laborem
3424 4817 3573 4872 circa

305 4905 427 4972 μεθ’
468 4906 748 4976 ὑπομονῆς
794 4906 886 4958 τὸν
929 4905 1059 4975 περὶ
1086 4903 1186 4975 τὴν
1215 4904 1415 4975 ἠθικήν
1441 4923 1502 4959 τε
1534 4907 1628 4960 καὶ
1654 4904 1891 4977 φυσικὴν

1995 4914 2258 4968 moralem
2285 4921 2341 4968 et
2362 4914 2672 4968 naturalem
2690 4921 2748 4968 et
2774 4912 3139 4982 theologicam
3164 4907 3575 4981 phi1050phiam

303 4997 398 5049 mi.
447 4997 767 5069 θεολογικὴν
817 4997 1136 5067 φιλοσοφίαν
1183 4999 1604 5068 περιποιητικὸν
1643 4998 1738 5052 τοῦ
1775 5014 1892 5068 φω-

301 5092 501 5161 τισμοῦ
554 5093 654 5163 τῆς
698 5092 953 5160 γνώσεως
997 5092 1159 5145 πόνον
1210 5092 1580 5164 μακροθύμως
1614 5092 1892 5165 φέρουσιν,

305 5181 332 5231 ὁ
357 5179 517 5250 λόγος
550 5174 835 5251 μυστικῶς
862 5182 1103 5236 δίδωσιν.

490 5366 673 5435 Ἄλλη
699 5368 908 5437 θεωρία
939 5368 1075 5437 περὶ
1106 5368 1224 5423 τῶν
1249 5367 1426 5439 τριῶν
1449 5368 1708 5438 ἡμερῶν.

382 5478 455 5531 Ἥ
501 5479 591 5533 τὸν
635 5479 862 5548 φυσικὸν
897 5480 1060 5550 τυχὸν
1104 5481 1198 5535 καὶ
1237 5479 1484 5552 γραπτὸν
1515 5481 1611 5535 καὶ
1639 5457 1887 5550 πνεύμα-

314 5574 460 5629 τικὺν
485 5576 646 5647 νόμον
674 5577 731 5629 αἱ
756 5577 904 5646 τρεῖς
928 5575 1134 5647 ἡμέραι
1168 5575 1603 5647 παραδηλοῦσιν,
1651 5576 1726 5639 ὡς
1755 5576 1886 5630 ἐκά-

1994 5020 2106 5076 quo
2135 5005 2470 5077 cognitionis
2506 5006 2601 5060 lux
2651 5011 3012 5074 comparetur
3050 5018 3176 5058 eum
3210 4999 3477 5073 patientia
3516 5009 3573 5053 et

1994 5109 2153 5164 aequo
2192 5094 2378 5149 animo
2423 5093 2625 5159 ferant,
2679 5093 2873 5150 Sermo
2917 5092 3150 5164 mystice
3200 5090 3392 5145 tradit.

2236 5365 2359 5420 Alia
2392 5364 2765 5436 contemplatio
2816 5365 2879 5419 de
2912 5336 3078 5419 tribus
3114 5362 3311 5418 diebus.

2066 5485 2161 5540 Vel
2184 5484 2491 5539 naturalem
2531 5482 2764 5540 fortasse
2784 5493 2841 5540 et
2858 5484 3120 5555 scriptam
3147 5491 3201 5538 et
3224 5479 3568 5553 spiritualem

1991 5577 2170 5647 legem
2216 5585 2329 5632 tres
2371 5575 2494 5631 dies
2530 5574 2863 5648 signiﬁcant,
2901 5592 3027 5633 cum
3055 5576 3285 5648 singulae
3312 5571 3571 5630 videlicet

384 5784 413 5819 ι
437 5773 574 5835 Gen.
611 5796 649 5849 ι,
678 5770 1305 5843 26.bibid.,27.cGalat.
1342 5795 1419 5849 nt,
1451 5778 1539 5838 28.
1569 5779 1598 5868 f'
1615 5777 1751 5836 Gen.
1777 5794 1816 5843 ι,
1854 5766 1885 5834 7
1923 5777 2151 5851 passim.
