4052 6372
537 350 674 420 1403

1667 357 1728 416 S.
1771 355 2062 415 MAXIMI
2102 351 2615 413 CONFESSORIS

3673 359 3788 435 148}

532 461 930 533 spiritualioris
965 463 1274 519 secundum
1329 463 1479 536 ipsas
1525 464 1762 521 rationis
1810 466 1992 520 lucem
2041 463 2117 519 eis

2226 478 2352 515 στου
2412 460 2505 514 τοῦ
2552 459 2675 515 κατ’
2714 460 2881 518 αὐτὸν
2933 465 3463 537 πνευματικωτέρου
3512 466 3670 536 λόγου
3714 470 3794 525 τὸν

528 554 629 626 qui
679 555 936 625 gnaviter
982 556 1214 612 student
1252 565 1541 628 przestent,
1582 558 1785 626 quibus
1823 557 1916 627 qui
1973 555 2115 611 bene

528 660 595 700 ac
645 661 777 702 vere
828 647 1017 702 divina
1054 649 1313 703 esuriant
1346 650 1460 704 Deo
1488 657 1544 703 et
1576 648 1827 704 Sermoni
1876 648 1998 702 sine
2024 661 2116 701 re-

527 740 900 809 prehensione
946 743 1298 798 adhazrcntes
1337 744 1631 814 mysticum
1679 742 1963 812 accipiunt
2014 757 2117 795 nu-

529 830 878 899 trimentum,
927 834 1077 903 quod
1118 834 1315 889 eodem
1362 842 1611 903 tempore
1665 842 1723 888 et
1762 832 2012 888 victoriae
2060 841 2117 886 et

527 924 682 994 regni
708 924 817 978 fert
847 926 1181 997 symbolum,
1202 927 1563 981 saturationis
1583 927 1867 996 reliquias.
1893 925 2115 994 Septem

523 1014 676 1068 enim
710 1008 913 1084 sportaé
953 1032 984 1071 e
1010 1017 1207 1086 palma
1232 1017 1402 1072 ramis
1427 1029 1699 1073 conserta:
1723 1016 1990 1088 (victoria:
2019 1030 2119 1069 au-

525 1115 640 1161 tem
681 1107 994 1177 symbolum
1048 1116 1107 1162 et
1148 1109 1302 1178 regni
1355 1108 1539 1178 palma
1597 1108 1730 1177 est),
1770 1108 2116 1164 inconcussa:

522 1202 793 1264 praeterea
841 1211 906 1251 ac
948 1196 1112 1252 fortis
1156 1213 1282 1253 cum
1312 1198 1578 1254 violentis
1604 1199 1899 1268 Spiritibus
1932 1198 2118 1252 incur-

523 1288 780 1343 rentibus
825 1292 1211 1348 contentionis
1245 1308 1346 1348 eos
1379 1296 1477 1363 qui
1518 1308 1619 1362 per
1660 1307 1719 1346 se
1759 1291 1956 1345 nutriti
1986 1298 2118 1345 sunt

522 1381 707 1435 omnis
742 1383 1043 1450 pravitatis
1071 1392 1130 1439 et
1156 1384 1485 1455 ignorantiae
1508 1385 1756 1439 victores
1783 1383 2117 1454 signiﬁcant,

522 1478 586 1525 ut
632 1472 729 1541 qui
775 1474 963 1529 a‘Deo
1008 1474 1278 1531 Sermone
1320 1476 1583 1531 invictam
1621 1473 1939 1546 acceperint
1981 1472 2118 1528 affe-
2160 1505 2168 1513 τ

520 1572 716 1621 ctuum
759 1582 827 1623 ac
862 1568 1165 1640 spirituum
1212 1570 1674 1626 dominationem.

589 1745 983 1819 Contemplatio
1012 1749 1249 1804 virorum
1286 1757 1520 1820 quatuor
1552 1749 1781 1805 millium
1810 1748 2042 1803 numeri.

586 1860 773 1931 Atque
820 1863 1070 1933 ipsorum
1105 1864 1331 1919 illorum
1378 1877 1651 1919 numerus
1700 1863 1797 1933 qui
1831 1862 1921 1918 his
1948 1860 2115 1931 apiri-

2220 551 2503 623 φωτισμδν
2558 554 2671 615 τοῖς
2724 553 3078 622 φιλοπονοῦσι
3114 559 3471 628 ,παρέχοντος
3499 597 3516 622 ,
3578 560 3697 612 καθ’
3736 561 3793 624 ἃς

2218 645 2530 715 ἀμέμπτως
2552 647 2602 697 oi
2624 644 2807 708 καλῶς
2824 662 2885 699 τε
2913 648 3008 701 καὶ
3029 647 3246 716 ἀληθῶς
3269 650 3571 714 πεινῶντες
3586 649 3793 715 τάθεῖα,

2217 737 2296 807 τῷ
2344 735 2464 806 Θεῷ
2511 736 2606 789 καὶ
2638 737 2799 808 Λόγῳ
2846 740 3277 810 προσμένοντες,
3329 741 3584 811 δέχονται
3612 742 3798 813 τροφὴν

2221 830 2494 901 μυστικὴν
2571 832 2713 885 κατά
2765 833 2966 887 ταύτὸν
3025 836 3185 905 νίκης
3242 852 3302 888 τε
3376 837 3472 889 καὶ
3538 836 3799 905 βασιλείας

2217 921 2448 992 ἔχουσαν
2499 923 2748 991 σύμϐολα
2800 925 2897 978 τοῦ
2948 925 3114 995 κόρου
3161 926 3231 979 τὰ
3282 927 3540 996 λείψανα.
3598 928 3664 979 Δί
3705 926 3800 994 γὰρ

2216 1013 2358 1067 ἑπτά
2410 1015 2671 1088 σπυρίδες
2713 1016 2779 1070 ὲκ
2821 1017 3083 1086 φοινίκων
3121 1019 3221 1088 τὴν
3253 1018 3388 1089 ὓλην
3416 1017 3647 1087 ἔχουσαι
3694 1018 3801 1083 (νί-

2216 1123 2322 1175 κης
2347 1106 2406 1159 δὲ
2450 1107 2722 1177 σύμϐολον
2757 1110 2853 1163 καὶ
2885 1109 3169 1180 βασιλείας
3210 1112 3239 1164 ὁ
3268 1110 3523 1180 φοῖνιξ),
3582 1110 3717 1179 πρὸς
3754 1109 3803 1163 δὲ

2216 1198 2315 1251 καὶ
2349 1199 2449 1268 τῆς
2478 1199 2779 1271 ἀκλονήτου
2815 1201 2953 1272 πρὸς
2982 1203 3085 1264 τὰς
3116 1202 3226 1255 τῶν
3259 1202 3454 1272 βιαίων
3487 1201 3804 1270 πνευμάτων

2218 1290 2457 1361 ὲμὸολάς
2503 1292 2647 1364 ὑπὲρ
2687 1293 2947 1363 ἀληθείας
2988 1295 3296 1358 ὲνστάσεως
3344 1294 3413 1348 δι’
3442 1293 3662 1347 ἑαυτῶν
3694 1294 3806 1357 τοὺς

2214 1383 2527 1454 τραφέντας
2590 1384 2775 1455 πάσης
2831 1385 3034 1449 κακίας
3094 1387 3190 1439 καὶ
3251 1386 3535 1454 ἀγνωσίας
3592 1384 3806 1454 νικητᾶς

2216 1477 2633 1544 ἀποφαίνουσιν,
2680 1478 2758 1543 ὡς
2793 1479 2891 1549 τὴν
2924 1480 3068 1534 κατά
3098 1479 3292 1534 παθῶν
3317 1497 3380 1534 τε
3414 1481 3515 1534 καὶ
3544 1478 3806 1548 δαιμόνων

2216 1568 2371 1640 παρὰ
2394 1568 2489 1622 τοῦ
2511 1569 2649 1624 Θεοῦ
2667 1570 2845 1639 Λόγου
2871 1572 3144 1643 ἀήττητον
3169 1571 3439 1635 λαϐόντας
3465 1571 3803 1625 δυναστείαν.

2219 1748 2442 1816 Θεωρία
2475 1747 2583 1803 τοῦ
2612 1747 2861 1818 ἀριθμοῦ
2892 1748 3008 1802 τῶν
3033 1750 3540 1819 τετρακισχιλίων
3563 1746 3805 1817 ἀνδρῶν.

2288 1860 2404 1915 Καὶ
2446 1862 2475 1915 ὁ
2520 1860 2704 1915 αὐτῶν
2731 1861 2790 1915 δὲ
2827 1862 3056 1915 ἐκείνων
3113 1862 3219 1917 τῶν
3245 1861 3475 1927 τούτους
3501 1861 3808 1933 τραφέντων

519 1954 767 2010 tualibus
821 1957 1139 2013 rationibus
1193 1965 1325 2013 sunt
1373 1957 1609 2041 enutriti
1662 1971 1810 2011 verae
1861 1956 2114 2025 ipsorum

2216 1953 2344 2023 τοὺς
2396 1954 2808 2022 πνευματικοὺς
2858 1953 3054 2022 λόγους
3112 1954 3355 2026 ἀριθμὸς
3424 1955 3535 2024 τῆς
3586 1952 3810 2023 ἀληθοῦς

516 2045 884 2115 perfectionis
905 2047 1235 2102 manifestus
1252 2056 1309 2102 et
1335 2048 1583 2117 locuples
1602 2047 1757 2102 testis
1778 2054 1882 2111 est,
1902 2045 2111 2116 quippe

516 2137 616 2206 qui
646 2147 889 2207 quatuor
932 2142 1219 2209 generales
1261 2140 1512 2196 continet
1563 2139 1829 2203 unitates,
1874 2151 2111 2206 quarum

419 2238 424 2245 '
517 2228 699 2298 prima
746 2230 972 2299 quidem
1009 2239 1095 2286 est
1123 2232 1302 2302 prima
1342 2232 1549 2296 unitas,
1579 2229 1821 2286 secunda
1852 2243 1987 2285 vero
2028 2235 2114 2283 est

514 2318 784 2375 denarius
804 2335 1095 2386 numerus,
1125 2322 1291 2377 tertia
1330 2321 1712 2384 centenarius,
1758 2327 1957 2389 quarta
1994 2332 2115 2372 mo-

516 2425 621 2465 nas
665 2421 750 2466 est
791 2412 1140 2469 millenarius
1184 2428 1477 2470 numerus.
1532 2413 1735 2468 Harum
1789 2412 1938 2467 enim
1975 2425 2115 2465 una-

516 2516 776 2570 quaeque,
817 2503 996 2572 prima
1034 2504 1271 2558 monade
1307 2512 1557 2574 excepta,
1598 2511 1657 2558 et
1699 2516 1896 2556 monas
1923 2508 2010 2555 est
2056 2511 2114 2556 et

516 2591 688 2647 decas
711 2609 728 2647 :
753 2608 951 2650 monas
980 2594 1207 2665 quidem
1241 2610 1434 2649 earum
1467 2610 1591 2665 quae
1619 2605 1749 2664 post
1785 2608 1844 2648 se
1873 2607 2114 2661 sequun-

516 2695 634 2748 tur,
674 2696 737 2741 ut
787 2687 846 2741 in
894 2703 954 2743 se
1008 2688 1128 2760 ipsa
1174 2689 1506 2759 composita,
1554 2697 1722 2759 atque
1764 2686 2115 2758 decnplando

516 2776 696 2845 ipsius
725 2777 989 2833 decadem
1023 2779 1354 2846 conﬁciens;
1391 2782 1561 2836 decas
1597 2795 1754 2844 vero,
1791 2780 1909 2835 sive
1945 2780 2114 2834 dena-

514 2867 638 2920 rius
672 2882 943 2922 numerus
989 2876 1051 2925 ut
1087 2885 1283 2924 earum
1339 2886 1464 2940 ([1123
1493 2880 1620 2925 ante
1647 2886 1706 2925 se
1732 2877 1862 2924 ευιιῑ
1890 2884 2116 2938 compo-

515 2958 778 3013 sitionem
838 2960 896 3014 in
954 2961 1195 3030 seipsam
1238 2962 1720 3027 circumcludens;
1768 2963 2116 3016 millenarins

514 3067 649 3107 vero
672 3068 941 3108 numerus
964 3055 1427 3125 quadruplicatus
1458 3054 1628 3111 eflicit
1654 3065 1897 3124 quatuor
1920 3054 2111 3108 millia.

513 3144 615 3198 Est
638 3144 805 3214 igitur
824 3147 1004 3215 prima
1040 3162 1236 3216 monas
1257 3148 1506 3219 mystica:
1533 3147 1846 3219 symbolum
1890 3147 2115 3201 theolo-

515 3240 639 3310 giaa,
664 3241 835 3295 altera
857 3241 1058 3296 divina:
1079 3241 1514 3313 dispensationis
1536 3251 1592 3296 et
1608 3241 1875 3296 bonitatis
1904 3240 2107 3311 imago,

517 3330 684 3384 tertia
706 3345 900 3385 mouas
924 3330 1151 3386 virtutis
1175 3339 1232 3386 et
1258 3330 1595 3401 cognitionis
1613 3339 1698 3384 est
1727 3330 2111 3394 simulacrum,

515 3430 719 3492 quarta
765 3420 1011 3491 denique
1060 3438 1259 3478 monas
1287 3423 1564 3493 generalis
1592 3438 1783 3476 rerum
1815 3437 1939 3490 quae
1970 3420 2118 3476 exsi-

513 3520 675 3569 stunt
710 3512 1153 3584 regenerationis
1180 3513 1476 3570 divinioris
1504 3513 1902 3569 manifestatio.

620 3701 746 3756 Alia
791 3698 1170 3772 contemplatio
1199 3701 1256 3754 in
1285 3701 1648 3772 scptenarium
1698 3715 2003 3755 numerum.

584 3810 948 3882 Septenarius
979 3820 1166 3868 autem
1202 3818 1520 3882 sportarum
1566 3825 1834 3865 numerus
1867 3810 1979 3864 alio
2020 3824 2112 3864 se-

512 3907 763 3964 cundum
804 3905 1147 3976 superiorem
1203 3904 1368 3960 modo
1419 3904 1727 3975 inspectus,
1788 3911 1848 3957 ut
1894 3901 2111 3967 dicunt,

512 3997 793 4065 signiﬁcat
843 3998 1174 4068 sapientiam
1218 4007 1274 4053 et
1300 3997 1678 4067 prudentiam,
1714 3996 1859 4050 hanc
1881 3992 2111 4063 quidem

518 4095 584 4145 ut
628 4090 777 4144 circa
816 4106 1039 4145 causam
1068 4089 1339 4144 trifariam
1383 4103 1507 4144 sese
1537 4097 1746 4152 mente,
1773 4087 1923 4140 illam
1956 4083 2106 4138 circa

2211 2046 2394 2100 αὐτῶν
2417 2046 2676 2117 ἀρίδηλος
2702 2048 2915 2119 μάρτυς
2936 2049 3057 2102 ἐστὶ
3080 2048 3446 2118 τελειότητος,
3481 2048 3565 2111 ὡς
3581 2047 3682 2110 τὰς
3697 2045 3810 2099 τέσ-

2213 2152 2388 2207 σαρας
2432 2135 2664 2204 γενικὰς
2708 2136 2984 2208 περιέχων
3033 2138 3308 2209 μονάδας,
3363 2132 3439 2191 ὧν
3482 2135 3686 2208 πρώτη
3719 2136 3809 2205 μέν

2212 2228 2361 2281 ἐστιν
2387 2228 2421 2297 ή
2448 2227 2641 2300 πρώτη
2665 2228 2855 2299 μονάς,
2873 2229 3106 2302 δευτέρα
3124 2231 3183 2284 δὲ
3210 2231 3382 2301 μονάς
3401 2230 3561 2284 ἐστιν
3578 2231 3613 2299 ἡ
3634 2227 3807 2293 δεκάς,

2211 2317 2373 2388 τρίτη
2420 2318 2481 2372 δὲ
2539 2320 2708 2389 μονάς
2752 2321 2904 2373 ἐστιν
2956 2322 2991 2390 ὴ
3043 2320 3378 2387 ἑκατοντάς,
3432 2319 3536 2374 καὶ
3586 2319 3810 2387 τετάρτη

2216 2409 2389 2479 μονάς
2432 2410 2582 2463 ἐστιν
2627 2411 2661 2481 ἡ
2709 2411 2910 2481 χιλιὰς.
2947 2410 3187 2482 Ἐκάστη
3219 2411 3332 2480 γὰρ
3365 2410 3616 2476 τούτων,
3652 2409 3810 2479 χωρὶς

2213 2500 2312 2571 τῆς
2353 2500 2580 2572 πρώτης
2628 2500 2896 2572 μονάδος,
2958 2504 3058 2556 καὶ
3113 2503 3287 2573 μονάς
3326 2503 3446 2556 ὲστι
3497 2502 3602 2555 καὶ
3634 2500 3805 2562 δεκάς·

2224 2592 2394 2662 μονάς
2439 2592 2541 2662 μὲν
2588 2594 2699 2647 τῶν
2748 2594 2865 2664 μετ’
2890 2595 3063 2663 αὐτὴν
3088 2634 3104 2661 ,
3160 2594 3239 2657 ὡς
3286 2595 3368 2658 είς
3398 2593 3610 2664 ἑαυτὴν
3640 2608 3809 2645 συντι-

2215 2683 2443 2754 θεμένη,
2493 2684 2590 2739 xui.
2618 2684 2698 2752 τῷ
2721 2684 3195 2757 δεκαπλασιασμῷ
3222 2685 3326 2755 τὴν
3354 2684 3552 2756 (259
3566 2683 3625 2755 ὸ)
3652 2683 3811 2753 αὐτῆς

2214 2774 2600 2846 ἀπαρτίζουσα
2645 2776 2847 2832 δεκάδα
2872 2793 2887 2808 ·
2945 2776 3112 2841 δεκὰς
3140 2776 3221 2841 δὲ,
3258 2775 3336 2840 ὡς
3364 2775 3481 2828 τῶν
3512 2773 3628 2845 πρὸ
3651 2773 3809 2842 αὐτῆς

2219 2870 2464 2942 μονάδων
2515 2871 2618 2942 τὴν
2666 2869 2921 2924 σύνθεσιν
2975 2871 3059 2935 εἰς
3101 2870 3311 2937 ἑαυτὴν
3352 2868 3804 2938 περιγράφουσα·

2215 2961 2396 3032 χιλιὰς
2423 2961 2483 3014 δὲ
2521 2961 2973 3032 τετραπλουμένη
3002 2958 3475 3031 τετρακισχιλίους
3501 2958 3803 3026 ὑφίστησιν.

2220 3057 2413 3108 Ἔστιν
2437 3050 2532 3108 οῦν
2564 3056 2598 3124 ὴ
2630 3054 2822 3125 πρώτη
2858 3055 3028 3124 μονάς
3063 3052 3340 3124 μυστικῆς
3364 3050 3658 3118 θεολογίας
3679 3048 3806 3117 σύμ·

2217 3145 2407 3210 ϐολον,
2468 3147 2503 3215 ἡ
2545 3145 2603 3198 δὲ
2650 3146 2885 3216 δευτέρα
2931 3145 3100 3216 μονάς
3152 3143 3304 3206 θείας
3350 3142 3679 3211 οἰκονομίας
3722 3137 3805 3194 καὶ

2221 3237 2561 3307 ἀγαθότητος
2606 3236 2819 3301 τύπος,
2882 3237 2917 3308 ἡ
2948 3236 3007 3291 δὲ
3048 3236 3211 3307 τρίτη
3257 3234 3427 3306 μονὰς
3484 3233 3693 3304 ἀρετῆς
3724 3230 3807 3284 καὶ

2224 3328 2480 3398 γνώσεώς
2508 3330 2658 3383 ἐστιν
2683 3328 2871 3393 εἰκὼν,
2915 3330 3011 3383 καὶ
3045 3331 3079 3399 ἡ
3106 3327 3344 3399 τετάρτη
3371 3327 3546 3398 μονὰς
3575 3328 3675 3396 τῆς
3694 3319 3809 3377 καθ-

2216 3420 2342 3475 όλου
2375 3419 2489 3477 τῶν
2515 3420 2691 3476 ὄντων
2716 3419 3003 3491 θειοτέρας
3035 3419 3458 3492 μεταποιήσεως
3485 3417 3747 3490 δήλωσις.

2409 3712 2421 3725 ⁸
2498 3701 2687 3767 Ἄλλη
2720 3698 2933 3767 θεωρία
2962 3699 3050 3764 είς
3071 3695 3179 3751 τὸν
3206 3694 3249 3757 ζ’
3267 3696 3550 3764 ἀριθμόν.

2301 3811 2361 3865 '0
2404 3812 2461 3866 δὲ
2516 3811 2659 3866 ἑπτά
2704 3810 2939 3882 ἀριθμὸς
3001 3809 3112 3863 τῶν
3158 3806 3436 3878 σπυρίδων
3494 3807 3623 3860 κατ’
3658 3804 3804 3859 ἄλλον

2221 3905 2361 3974 πρὸς
2408 3901 2488 3974 τῷ
2529 3902 2787 3974 προτέρῳ
2822 3900 3205 3971 θεωρούμενος
3234 3898 3425 3969 τρόπῳ
3451 3938 3467 3962 ,
3519 3898 3600 3962 ὥς
3628 3913 3800 3968 φασιν,

2218 3994 2475 4066 ἐμφαίνει
2506 3994 2700 4065 σοφίαν
2732 3995 2828 4048 καὶ
2856 3991 3151 4064 φρόνησιν,
3191 3991 3291 4062 τὴν
3322 3989 3422 4060 μὲν
3451 3988 3530 4054 ὡς
3563 3989 3693 4059 περί
3715 3987 3801 4056 τὴν

2215 4087 2398 4141 αἰτίαν
2431 4085 2670 4156 τρισσῶς
2705 4085 2849 4140 κατά
2878 4082 3002 4138 νοῦν
3036 4081 3370 4152 κινουμένην
3390 4121 3405 4146 ,
3457 4081 3561 4151 τὴν
3594 4080 3654 4133 δὲ
3686 4078 3801 4147 περὶ

471 4202 475 4205 τ
514 4191 585 4237 ea
628 4195 752 4250 qum
793 4189 920 4251 post
962 4196 1188 4238 causam
1247 4190 1305 4235 et
1360 4179 1512 4234 circa
1565 4193 1788 4234 causam
1836 4188 1968 4232 sunt
2023 4190 2116 4228 ra-

2216 4181 2279 4233 τὰ
2308 4178 2447 4250 μετὰ
2468 4179 2570 4248 τὴν
2593 4176 2776 4232 αἰτίαν
2806 4177 2904 4231 καὶ
2929 4174 3060 4247 περὶ
3085 4172 3183 4244 τὴν
3206 4171 3391 4226 αἰτίαν
3415 4170 3546 4225 ὄντα
3571 4170 3713 4225 κατά
3730 4168 3802 4221 λό-

520 4269 674 4331 tione
706 4285 807 4340 per
844 4287 1068 4326 causam
1099 4271 1452 4341 quadruplici
1489 4270 1657 4324 modo
1685 4285 1744 4325 sc
1775 4275 2111 4323 moventem.

2212 4286 2308 4338 γον
2339 4267 2429 4322 διὰ
2456 4269 2555 4338 τὴν
2582 4266 2763 4321 αἰτίαν
2801 4265 3086 4336 τετραχῶς
3113 4262 3469 4332 κινουμένην.
3505 4264 3801 4330 Οὐθέτερον

516 4359 793 4417 Neutrum
830 4362 1000 4433 igitur
1026 4362 1426 4417 irrationaliter
1465 4377 1495 4418 a
1531 4361 1763 4416 Domino
1790 4359 1998 4414 factum
2030 4364 2117 4412 est

2216 4357 2306 4411 οῦν
2333 4358 2546 4424 ἀλόγως
2576 4355 2730 4425 παρά
2755 4354 2852 4409 τοῦ
2879 4353 3090 4426 Κυρίου
3109 4350 3413 4422 ,γεγένηται
3439 4352 3587 4406 κατά
3607 4352 3697 4405 τὸν
3718 4348 3801 4419 μὲ-

517 4455 830 4511 secundum
864 4472 1124 4530 magnum
1158 4456 1311 4511 hunc
1346 4456 1698 4527 magistrum,
1747 4469 1853 4510 nec
1896 4451 2115 4523 Spiritu

516 4545 767 4619 indigne.

2212 4466 2318 4519 γαν
2346 4446 2538 4503 τοῦτον
2562 4446 2906 4510 διδάσκαλον,
2940 4444 3061 4499 οὐδὲ
3085 4443 3323 4509 ἀναξίως
3346 4443 3442 4497 τοῦ
3460 4442 3795 4515 Πνεύματος.

516 4726 606 4787 Ea:
646 4730 827 4785 eodem
864 4748 1128 4797 sermone,
1181 4733 1237 4787 in
1281 4733 1420 4787 illud
1468 4749 1486 4787 :
1540 4752 1560 4784 ι
1587 4732 1759 4802 Atque
1805 4732 2110 4801 gratiarum

2224 4729 2329 4782 Ἐκ
2358 4721 2468 4779 τοῦ
2495 4723 2685 4778 αὐτοῦ
2710 4724 2920 4793 λόγου,
2953 4725 3043 4788 εἰς
3066 4723 3136 4776 τό
3153 4736 3169 4754 ’
3209 4739 3230 4774 r
3264 4721 3370 4777 Kal
3399 4723 3531 4775 lion
3559 4715 3796 4789 διαφορὰ

588 4820 867 4876 diversitas
921 4831 1018 4887 est,
1073 4822 1184 4877 alia
1215 4826 1394 4893 gratia
1424 4839 1555 4894 opus
1582 4823 1779 4875 habens
1817 4822 1890 4876 ad
1917 4822 2114 4877 discer-

587 4911 822 4969 nendum
875 4927 1126 4983 quasnam
1153 4914 1222 4967 sit
1272 4915 1617 4983 praestantior
1646 4922 1689 4970 α,
1728 4930 1747 4963 ι

588 5023 900 5082 Diversitas
926 5026 1230 5097 gratiarum
1260 5041 1383 5096 quae
1412 5026 1519 5081 alia
1550 5025 1726 5095 gratia
1768 5022 1939 5078 habet
1971 5039 2112 5094 opus
2186 5073 2191 5078 .

517 5113 593 5172 ad
613 5116 1067 5185 discernendum,
1100 5118 1407 5174 secundum
1442 5132 1700 5187 magnum
1730 5116 1884 5171 hunc
1912 5117 2109 5171 docto-

518 5222 638 5263 rem
692 5209 986 5279 prophetia
1043 5219 1151 5275 est,
1202 5207 1672 5280 quemadmodum
1725 5207 1994 5273 arbitror,
2052 5216 2110 5263 et

2285 4815 2701 4887 χαρισμάτων,
2752 4814 2950 4868 ἄλλου
2973 4813 3228 4883 δεομένη
3258 4813 3630 4884 χαρίσματος
3660 4810 3793 4877 πρὸς

2283 4911 2588 4979 διάκρισιν
2616 4908 2727 4963 τοῦ
2742 4910 3070 4975 ,ϐελτίονος
3091 4907 3227 4992 (66).
3253 4926 3271 4960 ι

2291 5024 2359 5077 Ἥ
2409 5023 2645 5095 διαφορά
2696 5022 2806 5076 τῶν
2854 5021 3217 5093 χαρισμάτων
3278 5022 3312 5093 ἡ
3364 5020 3528 5075 ἄλλου
3577 5013 3787 5086 δεομένη

2209 5116 2550 5188 χαρίσματος
2601 5114 2739 5186 πρὸς
2785 5115 3062 5185 διάκρισιν
3112 5112 3258 5168 κατά
3288 5113 3381 5166 τὸν
3414 5113 3589 5182 μέγαν
3616 5107 3786 5162 τοῦτον

2168 5233 2185 5249 ο
2214 5206 2536 5261 διδάσκαλόν
2583 5207 2764 5271 ἐστιν,
2803 5208 2837 5278 ἡ
2880 5205 3215 5278 προφητεία,
3251 5203 3434 5268 καθὼς
3463 5198 3654 5272 οἶμαι,
3704 5194 3786 5253 καὶ

521 5298 717 5370 linguis
771 5300 915 5370 loqui
963 5302 1008 5355 ί.
1041 5302 1342 5372 Prophetia
1387 5300 1535 5357 enim
1571 5313 1712 5367 opus
1739 5298 1907 5354 habet
1929 5300 2107 5371 gratia

2216 5299 2273 5352 τὸ
2300 5298 2516 5353 λαλεῖν
2544 5296 2877 5367 γλώσσαις.
2919 5298 2984 5352 Ἡ
3022 5299 3121 5369 μὲν
3152 5297 3262 5370 γὰρ
3293 5297 3603 5368 προφητεία
3634 5294 3781 5347 δεῖται

522 5391 821 5459 spirituum
844 5392 1370 5456 discernendorum,
1391 5392 1458 5447 ad
1490 5390 1938 5461 cognoscendum
1960 5406 2111 5460 quaa-

519 5495 649 5539 nam
700 5492 758 5538 et
808 5484 954 5541 unde
986 5493 1045 5540 et
1082 5501 1196 5556 quo
1223 5485 1408 5541 ferens
1441 5494 1499 5540 et
1531 5483 1847 5556 cuiusmodi
1879 5482 2111 5552 spiritus

588 5628 616 5659 ο
643 5619 659 5670 l
688 5617 815 5672 Cor.
848 5637 946 5684 xu,
978 5622 1046 5685 4,
1087 5622 1140 5676 9.
1217 5618 1240 5660 ί
1267 5622 1388 5679 Act.
1445 5640 1503 5689 ιι,
1536 5621 1589 5677 4.

2210 5390 2303 5444 τοῦ
2351 5391 2690 5462 χαρίσματος
2760 5392 2859 5463 τῆς
2911 5391 3240 5462 διακρίσεως
3295 5390 3403 5443 τῶν
3454 5388 3779 5459 πνευμάτων,

2214 5484 2353 5552 πρὸς
2396 5485 2457 5537 τδ
2494 5482 2813 5553 γνωσθῆναι
2842 5484 2928 5547 τίς
2969 5482 3068 5537 καὶ
3095 5482 3259 5538 πόθεν
3307 5481 3403 5537 καὶ
3431 5480 3533 5536 ποῦ
3561 5479 3781 5551 φέρουσα

587 5726 704 5790 (66)
735 5725 895 5792 Grca.
946 5731 1079 5788 Naz.
1118 5730 1268 5790 Orat.
1300 5736 1355 5790 in
1388 5734 1680 5791 Pentecost.
1714 5751 1834 5802 cap.
1884 5735 1967 5800 16,
2002 5751 2053 5801 p.
2098 5732 2227 5801 745;
2256 5740 2391 5790 tom.
2424 5735 2449 5789 ι
2481 5733 2623 5805 Opp.
2650 5734 2768 5791 edit
2790 5733 3006 5793 Bened.
