4052 6372
398 386 535 452 1405

1604 354 2133 462 ΑΜΒΙῦῙΙΟΗΠΜΔ
2163 392 2418 454 LIBER.

3515 393 3651 459 H06

391 506 485 556 καὶ
518 502 672 555 ποίου
703 499 1014 571 πνεύματός
1040 502 1175 567 ἐστι,
1208 503 1302 555 καὶ
1329 502 1397 556 δι’
1416 502 1484 573 ἣν
1509 503 1706 568 αἰτίαν,
1742 506 1816 574 μή
1844 523 1962 569 πως

2067 506 2156 570 sit,
2198 514 2257 561 et
2300 522 2467 576 quam
2503 506 2711 561 habent
2755 522 3001 573 causam,
3042 524 3113 563 ne
3149 507 3293 564 forte
3340 524 3521 579 nugax
3554 509 3646 570 sit.

391 595 672 666 φλήναφός
705 597 819 646 ἐστι
844 636 858 656 ,
919 592 1081 662 μόνον
1112 594 1233 665 είκῆ
1267 596 1652 667 προφερομένη
1672 598 1718 630 ⁸⁸
1767 600 1831 652 ἐκ
1870 601 1969 671 τῆς

392 686 531 740 κατὰ
556 686 615 738 τὸ
640 686 967 755 ἡγεμονικὸν
999 686 1206 757 βλάϐης
1238 686 1334 739 τοῦ
1366 687 1642 755 λέγοντος,
1678 690 1711 760 ἦ
1744 692 1968 747 αὐτοκί-

388 778 548 847 νητός
591 794 675 841 τις
719 777 863 848 ὁρμὴ
906 777 1001 830 τοῦ
1046 777 1209 847 δῆθεν
1244 779 1716 850 προφητεύοντος,
1775 783 1832 850 ἐξ
1866 786 1970 853 άγ..

387 870 594 939 χινοίας
647 869 774 939 περί
819 886 983 921 τινων
1032 870 1279 937 φυσικῶς
1325 871 1652 938 κατὰλόγον
1684 873 1773 926 διὰ
1802 875 1970 928 πολυ-

389 961 611 1028 πειρίαν
637 961 1080 1030 τεκμαιρομένου
1110 963 1487 1032 πραγμάτων,
1540 963 1572 1034 ἢ
1606 963 1698 1016 τοῦ
1731 966 1967 1036 πονηροῦ

386 1053 482 1104 καὶ
546 1051 933 1121 δαιμονιώδους
992 1051 1301 1121 πνεύματος
1331 1094 1346 1118 ,
1413 1055 1612 1124 (260
1651 1056 1720 1125 a)
1780 1057 1969 1126 ὥσπερ

385 1145 449 1196 ἐν
477 1142 742 1212 Μοντανῷ
792 1145 884 1195 καὶ
918 1144 1028 1205 τοῖς
1068 1144 1260 1211 ἐκείνῳ
1295 1145 1698 1215 παραπλησίοις
1735 1149 1849 1199 ἐστὶ
1878 1164 1968 1199 τεο

387 1235 678 1305 ρατολογία
707 1235 767 1287 ὲν
796 1235 1139 1305 προφητείας
1168 1236 1302 1289 εἴδει
1330 1238 1390 1289 τὺ
1416 1236 1730 1305 λεγόμενον,
1756 1239 1788 1309 ἢ
1811 1240 1971 1308 δόξης

384 1326 572 1381 ἕνεκεν
601 1329 766 1395 κενῆς
799 1330 913 1389 τοῖς
939 1328 1115 1381 ἄλλων
1145 1327 1303 1391 ἄλλος
1336 1328 1496 1397 τυχὸν
1528 1328 1848 1398 ἁϐρύνεται,
1883 1330 1971 1383 λέ-

384 1435 501 1487 γων
547 1435 607 1469 τε
662 1419 756 1470 καὶ
798 1419 1101 1487 πομπεύων
1150 1418 1295 1490 ἅπερ
1330 1419 1492 1483 αὐτὸς
1527 1420 1625 1472 οὐκ
1653 1421 1966 1490 ἐγέννησεν,

384 1511 530 1580 ὑπὲρ
554 1511 647 1563 τοῦ
674 1510 1061 1580 θαυμασθῆναι
1083 1511 1437 1581 ψευδόμενος,
1467 1513 1561 1565 καὶ
1587 1513 1797 1582 πατέρα
1818 1513 1969 1565 νόθον

318 1612 323 1615 ‘
380 1603 637 1671 ὀρφανῶν
668 1602 844 1671 λόγων
893 1604 988 1656 καὶ¹
1031 1605 1320 1673 νοημάτων
1354 1606 1548 1658 ἑαυτὸν
1591 1605 1734 1676 ὑπὲρ
1760 1604 1854 1657 τοῦ
1884 1605 1970 1659 δό-

381 1695 472 1762 ξαι
497 1695 657 1762 σοφός
680 1713 763 1759 τις
794 1692 934 1748 εἶναι
974 1696 1380 1766 προϐάλλεσθαι
1420 1698 1521 1749 οὐκ
1548 1697 1964 1766 αἰσχυνόμενος.

379 1785 687 1855 Προφῆται
714 1789 823 1856 γὰρ
838 1787 901 1851 ,ϐ’
913 1829 925 1846 ,
950 1787 1117 1857 φησιν
1147 1789 1173 1840 ὁ
1198 1787 1341 1848 θεῖος
1373 1789 1716 1851 Ἀπόστολος,
1747 1789 1785 1855 ἢ
1812 1788 1969 1855 τρεῖς

377 1850 915 1943 λαλείτωσαιρξκαὶ
941 1850 996 1931 ol
1014 1850 1198 1931 dum
1220 1876 1707 1946 διακρινέτωσαν.
1734 1850 1890 1937 τινες
1999 1850 2040 1905 Β

379 1971 744 2040 τυγχάνουσιν
794 1970 844 2022 οἱ
891 1969 1082 2033 ἄλλοις
1135 1969 1375 2040 δηλονότι
1418 1970 1468 2022 οί
1496 1971 1559 2022 τὸ
1586 1969 1832 2039 χάρισμα
1864 1969 1964 2036 τῆς

374 2061 708 2131 διακρίσεως
750 2060 967 2131 ἔχοντες
1011 2059 1124 2113 τῶν
1167 2062 1517 2130 πνευμάτων.
1574 2063 1756 2113 Δεῖται
1785 2059 1965 2111 τοίνυν

376 2152 417 2221 ἠ
445 2152 546 2222 μὲν
572 2151 898 2222 προφητεία,
932 2149 1119 2214 καθὼς
1142 2150 1302 2221 ἔφην,
1352 2151 1451 2218 τῆς
1492 2150 1818 2219 διακρίσεως
1858 2149 1966 2201 τῶν

376 2243 740 2311 πνευμάτων,
784 2242 871 2294 ἵνα
905 2240 1123 2310 γνωσθῇ
1162 2241 1259 2293 καὶ
1289 2240 1556 2311 πιστευθῇ
1588 2241 1683 2293 καὶ
1711 2239 1963 2311 ἐγκριθῇ,

374 2336 445 2390 τὸ
470 2335 529 2389 δὲ
568 2336 815 2406 χάρισμα
850 2333 959 2388 τῶν
984 2332 1249 2399 γλωσσῶν
1299 2334 1473 2385 δεῖται
1502 2330 1596 2385 τοῦ
1624 2334 1967 2403 χαρίσματος

373 2431 479 2499 τῆς
510 2426 840 2498 ἑρμηνείας,
895 2427 982 2478 ἴνα
1022 2426 1097 2496 μὴ
1125 2424 1251 2496 δόξῃ
1285 2428 1396 2489 τοῖς
1434 2424 1702 2495 παροῦσιν
1734 2424 1762 2475 ὁ
1789 2421 1967 2476 τοιού-

373 2537 474 2585 τος
510 2519 837 2591 μαίνεσθαι,
894 2517 969 2589 μὴ
997 2518 1301 2587 δυναμένου
1335 2516 1482 2578 τινὸς
1514 2517 1625 2568 τῶν
1658 2514 1967 2568 ἀκουόντων

374 2612 870 2683 παρακολουθῆσαι
898 2614 1011 2673 τοῖς
1039 2611 1202 2664 λαλου
1214 2610 1416 2677 μένοις.
1458 2606 1596 2659 Ἐὰν
1627 2605 1764 2675 γὰρ,
1801 2605 1968 2675 φησιν

375 2707 412 2760 ὁ
432 2688 606 2776 μέγας
637 2704 985 2765 Ἀπόστολος,
1009 2702 1252 2755 ,λαλεῖτε
1277 2699 1607 2770 γλώσσαις,
1630 2698 1877 2765 εἰσέλθῃ
1901 2696 1968 2750 δέ

376 2812 471 2861 τις
496 2796 756 2859 ἄπιστος
781 2794 818 2861 ἢ
846 2792 1101 2859 ἰδιώτης,
1134 2794 1245 2846 οὐκ
1269 2788 1519 2857 ἐροῦσιν
1545 2788 1633 2840 ὅτι
1648 2786 1937 2855 μαίνεσθε
1947 2800 1968 2847 ;

379 2886 496 2939 Καὶ
531 2884 745 2939 κελεύει
777 2884 979 2953 μᾶλλον
1014 2885 1227 2952 σιωπᾷν
1254 2881 1347 2933 τὸν
1375 2878 1641 2932 λαλοῦντα
1667 2875 1965 2944 γλώσσαις,

378 2976 479 3031 ἐὰν
529 2976 605 3047 μὴ
728 2978 755 3043 ῥ
788 2975 1185 3045 διερμηνεύων.
1225 2973 1297 3025 Τὸ
1325 2971 1382 3024 δὲ
1420 2991 1439 3023 ‹
1472 2970 1615 3040 Πρὸς
1643 2968 1916 3037 διάκρισιν
1945 2988 1962 3021 ι

377 3068 550 3138 φάναι
601 3068 695 3121 τὸν
737 3065 1061 3119 διδάσκαλον
1117 3082 1136 3114 ι
1170 3062 1266 3116 τοῦ
1315 3061 1614 3131 βελτίονος,
1647 3078 1664 3110 ι
1720 3060 1885 3126 φασὶν
1916 3060 1967 3112 οί

2070 605 2283 652 temere
2319 600 2499 652 solum
2549 600 2765 669 prolata
2813 616 2879 655 ex
2918 601 3057 656 vitio
3106 602 3451 671 principatus
3484 600 3653 654 animi

2070 690 2190 759 ejus
2249 691 2342 760 qui
2403 691 2673 761 loquitur,
2712 701 2807 746 aut
2884 703 3067 747 motus
3138 704 3474 762 Spontaneus
3532 693 3653 761 ejus

2069 783 2330 838 videlicet
2392 785 2486 854 qui
2550 784 2881 854 prophetat,
2953 800 3021 838 ex
3089 783 3293 853 ingenii
3353 782 3653 853 sagacitate

2070 872 2139 927 de
2187 874 2482 927 multarum
2530 888 2715 928 rerum
2747 872 3091 942 experientia
3135 871 3285 925 docti
3321 871 3653 925 naturaliter

2070 963 2137 1017 de
2189 963 2516 1032 quibusdam
2565 963 2735 1017 rebus
2774 961 3083 1016 secundum
3140 961 3412 1014 rationem
3469 961 3657 1029 conje-

2071 1054 2296 1115 ctantis,
2340 1061 2435 1107 aut
2478 1067 2714 1121 nequam
2762 1060 2818 1106 et
2849 1051 3174 1105 daemoniaci
3222 1049 3473 1118 spiritus,
3510 1048 3656 1102 sicut

2071 1147 2127 1201 in
2161 1148 2421 1201 Montano
2451 1158 2508 1201 et
2532 1149 2652 1216 ejus
2679 1145 2955 1200 similibus
2978 1144 3127 1214 quod
3160 1142 3497 1212 prardieatur
3521 1156 3655 1211 pro-

2071 1239 2284 1310 digiosa
2320 1240 2500 1293 oratio
2533 1245 2617 1292 est
2652 1237 2955 1306 prophetiae
2995 1236 3171 1289 forma
3196 1234 3420 1297 vestita,
3447 1241 3542 1287 aut
3581 1246 3655 1286 ne

2071 1332 2316 1403 gloriolw
2354 1346 2510 1384 vanae
2555 1330 2754 1383 alienis
2799 1329 2961 1393 alius,
3005 1336 3173 1397 prout
3214 1341 3374 1380 casus
3417 1324 3544 1385 fert,
3595 1338 3657 1377 se

2070 1431 2322 1487 exornet,
2347 1422 2583 1491 loquens
2611 1420 2902 1491 magnifice
2941 1428 3107 1488 atque
3146 1420 3362 1488 jactans
3387 1431 3509 1485 quae
3535 1415 3655 1483 ipse

2070 1531 2181 1570 non
2205 1514 2442 1585 peperit,
2464 1512 2847 1567 admirationis
2869 1509 3279 1565 commovenda:
3300 1507 3472 1577 gratia
3502 1520 3659 1560 men-

2071 1608 2197 1667 dax.
2233 1620 2400 1675 quem
2452 1620 2565 1658 non
2609 1603 2817 1673 pudeat.
2867 1610 3083 1672 patrem
3135 1616 3258 1655 sese
3309 1599 3540 1653 nothum
3598 1605 3657 1651 et

2070 1694 2443 1750 adulterinum
2478 1692 2741 1745 orbarum
2772 1691 3085 1744 orationum
3122 1705 3187 1744 ac
3231 1687 3652 1758 cogitationum,

2071 1798 2133 1844 ut
2177 1790 2397 1858 sapiens
2441 1785 2641 1855 aliquis
2691 1799 2815 1839 esse
2865 1783 3143 1847 videatur,
3189 1788 3644 1852 repraesentasse.

2067 1882 2344 1949 Propheta:
2378 1880 2526 1934 enim
2563 1880 2686 1941 duo,
2720 1877 2797 1931 ait
2826 1876 3047 1930 divinus
3076 1874 3393 1945 Apostolus,
3427 1873 3509 1927 vel
3536 1881 3645 1926 tres

2068 1973 2373 2043 loquantur,
2414 1980 2461 2024 et
2494 1971 2668 2023 ueteri
2701 1968 2988 2039 dijudicent
3013 1970 3058 2021 ε.
3085 1965 3321 2033 Quinam
3353 1981 3486 2020 vero
3517 1973 3650 2020 sunt

2066 2060 2287 2117 caeteri?
2321 2059 2582 2114 nimirum
2616 2058 2690 2111 illi
2716 2057 2809 2127 qui
2836 2056 3318 2127 dijudicandorum
3354 2055 3650 2124 spirituum

2065 2156 2295 2225 gratiam
2347 2152 2576 2206 habent.
2633 2150 2822 2219 Itaque
2874 2148 3186 2218 prophetia,
3242 2147 3327 2201 uti
3376 2146 3649 2210 dicebam,

2065 2261 2205 2316 opus
2230 2245 2397 2298 habet
2416 2251 2475 2297 ut
2497 2241 2728 2311 spiritus
2754 2240 3006 2311 judicare
3025 2240 3223 2310 possit,
3261 2248 3323 2293 ut
3349 2252 3654 2309 cognosca-

2066 2345 2160 2392 tur
2200 2345 2258 2389 et
2295 2334 2559 2389 credatur
2605 2340 2662 2387 et
2720 2332 3084 2401 approbetur,
3125 2330 3438 2400 linguarum
3469 2338 3653 2383 autem

2067 2427 2240 2499 gratia
2281 2441 2422 2496 opus
2464 2425 2635 2479 habet
2681 2422 3165 2494 interpretationis
3196 2422 3398 2491 gratia,
3454 2436 3523 2475 ne
3571 2420 3656 2475 eis

2068 2519 2163 2589 qui
2204 2517 2409 2573 adsunt
2446 2516 2718 2587 ejusmodi
2763 2515 3011 2569 insanire
3048 2515 3327 2578 videatur,
3379 2530 3506 2569 cum
3549 2530 3652 2569 au-

2066 2608 2337 2663 dientium
2404 2621 2568 2661 nemo
2642 2604 2862 2674 assequi
2926 2606 3074 2661 dicta
3127 2606 3328 2674 possit.
3380 2604 3521 2659 Nam
3581 2606 3650 2669 si,

2065 2714 2300 2769 magnus
2332 2698 2516 2768 inquit
2543 2698 2861 2767 Apostolus,
2897 2696 3094 2768 linguis
3136 2696 3451 2768 loquamini,
3491 2698 3654 2750 intret

2066 2800 2245 2847 autem
2285 2793 2401 2862 quis
2445 2790 2696 2859 inﬁdelis,
2726 2790 2808 2843 vel
2845 2790 3032 2853 idiota,
3078 2805 3254 2844 nonne
3297 2789 3469 2843 dicent
3512 2787 3654 2860 quod

2066 2884 2312 2938 insanitis
2342 2884 2369 2922 ιι
2392 2882 2415 2934 ?
2438 2883 2617 2951 Atque
2666 2882 2903 2950 imperat
2935 2881 3121 2950 potius
3148 2887 3210 2933 ut
3243 2888 3421 2934 taceat
3449 2879 3654 2950 linguis

2067 2976 2319 3044 loquens,
2355 2973 2461 3027 nisi
2486 2972 2657 3027 fuerit
2681 2973 2775 3043 qui
2807 2973 3230 3040 interpretetur.
3269 2970 3425 3037 Quod
3464 2977 3644 3025 autem

2076 3066 2182 3121 «ad
2230 3064 2713 3127 discernendum,»
2766 3063 2907 3117 dixit
2942 3064 3222 3132 magister,
3262 3077 3538 3132 «quaenam
3580 3060 3654 3117 sit

373 3162 494 3223 τοῖς
539 3159 706 3222 θείοις
759 3159 849 3211 τὸν
894 3156 1020 3210 νοῦν
1071 3154 1557 3222 καταφωτίσαντες
1588 3152 1770 3219 λόγοις
1798 3152 1966 3219 ὑπερη

2067 3158 2473 3227 pmstantior,¢
2506 3170 2742 3225 quorum
2767 3170 2925 3210 mens
2945 3153 3132 3208 divina
3157 3153 3408 3208 doctrina
3441 3151 3653 3207 illumi-

376 3251 526 3322 ἐχειν
577 3249 638 3303 τὸ
680 3249 781 3318 τῆς
811 3250 1148 3318 προφητείας
1198 3246 1294 3299 καὶ
1331 3245 1391 3297 τὸ
1420 3244 1531 3297 τῶν
1559 3243 1823 3312 γλωσσῶν
1853 3242 1966 3311 χά-

2067 3258 2193 3303 nata
2217 3258 2321 3312 est,
2353 3250 2387 3303 ii
2418 3257 2681 3319 prta-stare
2697 3250 2889 3303 dicunt
2917 3249 3227 3318 prophetia:
3251 3256 3413 3317 atque
3436 3248 3652 3319 lingua-

378 3362 556 3420 ρισμα
582 3345 691 3399 τῶν
716 3341 790 3399 ὧν
817 3345 956 3416 πρὸς
976 3343 1253 3412 διάκρισίν
1274 3359 1334 3395 τε
1365 3344 1460 3394 καὶ
1486 3340 1818 3409 διασάφησιν
1837 3337 1968 3408 χρῄ-

374 3438 533 3503 ζουσι
584 3438 984 3508 χαρισμάτων,
1049 3435 1298 3489 τουτέστι
1345 3435 1448 3502 τῆς
1486 3432 1811 3501 διακρίσεως
1853 3429 1963 3481 τῶν

370 3531 708 3601 πνευμάτων
750 3529 844 3584 καὶ
874 3518 975 3597 τῆς
1006 3527 1326 3598 ἑρμηνείας.
1356 3527 1536 3596 Ὅπερ
1570 3523 1729 3585 εἰδὼς
1758 3524 1786 3576 ὁ
1816 3521 1962 3575 διδά-

373 3623 576 3687 σκαλος
608 3623 736 3695 ἔφη,
778 3643 797 3674 ι
822 3623 967 3693 Πρὸς
996 3621 1270 3693 διάκρισιν
1305 3619 1397 3672 τοῦ
1429 3618 1752 3688 βελτίονος.ι

376 3804 498 3865 Τοῦ
523 3807 733 3873 αὐτοῦ,
785 3806 856 3861 ἐκ
901 3807 1007 3860 τοῦ
1051 3809 1138 3872 είς
1176 3804 1413 3876 Ἥρων-ἄ
1447 3804 1554 3858 τὸν
1615 3803 1964 3872 φιλόσοφον

296 3892 307 3899 ’
446 3899 658 3967 λόγου,
689 3902 775 3965 εἰς
812 3898 900 3952 τό·
935 3916 953 3949 ι
995 3897 1359 3968 Συμϐάματα
1417 3896 1517 3951 καί
1569 3892 1964 3964 παρασυμόἀ-

441 4008 601 4062 ματα
637 3992 770 4062 (67).
806 4010 825 4043 ο

448 4081 724 4150 Σύμϐαμά
762 4082 878 4133 ἐστι
921 4077 1066 4132 κατὰ
1106 4077 1534 4147 γραμματικοὺς
1592 4078 1860 4148 πρότασις
1903 4074 1964 4140 ἐξ

369 4174 639 4246 ὀνόματος
688 4175 783 4227 καὶ
822 4176 1068 4243 ῥήματος
1119 4171 1384 4238 αὐτοτελῆ
1435 4171 1676 4224 διάνοιαν
1724 4169 1964 4238 ἀπαρτί-

370 4269 565 4334 Causa,
593 4268 780 4338 (260
812 4266 862 4332 ὁ)
897 4260 1029 4330 οἷον,
1062 4282 1080 4314 ι
1116 4263 1370 4327 Ἰωάννης
1397 4265 1745 4332 περιπατεῖ.»
1779 4262 1963 4330 Παρα-

376 4356 649 4428 σύμσαμα
679 4355 736 4408 δέ
767 4356 885 4408 ἐστι
914 4352 1180 4422 πρότασις
1209 4351 1267 4417 ἐξ
1295 4350 1559 4420 ὀνόματος
1591 4352 1688 4405 καὶ
1715 4350 1961 4422 ῥήματος

369 4446 480 4501 οὐκ
523 4442 785 4513 αὐτοτελῆ
838 4442 1079 4496 διάνοιαν
1126 4440 1528 4509 άπαρτέζουσα,
1572 4434 1686 4491 οἷον
1737 4438 1961 4510 Ἰωάννῃ

376 4535 551 4609 μέλει.
592 4554 613 4586 ο
649 4534 832 4604 Φήσας
857 4528 952 4585 οὖν
979 4548 1085 4594 τις,
1122 4549 1140 4582 ι
1185 4531 1440 4600 Ἰωάννης
1471 4531 1781 4598 περιπατεῖ,
1820 4547 1839 4580 ι
1869 4529 1963 4581 ού·-

369 4627 528 4691 δενδς
573 4626 763 4698 ἐτέρου
815 4622 1039 4695 χρῄζειν
1080 4621 1282 4687 ἔδειξεν
1314 4640 1327 4655 ·
1368 4621 1539 4676 εἰπὼν
1568 4621 1647 4681 δὲ,
1672 4641 1691 4673 ι
1739 4620 1964 4695 Ἰωάννῃ

376 4718 592 4792 μελαμ
628 4716 758 4787 περὶ
783 4716 935 4778 τίνος,
961 4713 1110 4785 αὐτῷ
1153 4714 1304 4786 μέλη
1338 4713 1671 4785 παρέλειψεν
1694 4714 1890 4768 εἰπεῖν.

374 4983 497 5045 Τοῦ
525 4984 714 5042 αὐτοῦ
754 4983 825 5037 ἐκ
855 4983 964 5038 τοῦ
1008 4984 1097 5049 εὶς
1142 4981 1250 5036 τὸν
1284 4982 1457 5052 ἅγιον
1483 4983 1807 5038 Βασίλειον
1831 4983 1963 5039 ἐπι-

444 5078 686 5145 ταφίου.
723 5078 810 5140 είς
839 5075 926 5128 τό·
965 5092 983 5125 ι
1034 5075 1154 5126 Ἐπ’
1190 5073 1442 5139 οὐδενὸς
1474 5069 1590 5128 οὖν
1615 5073 1738 5128 τῶν
1768 5074 1962 5130 ἀπάν-

446 5185 565 5222 των
583 5169 696 5221 οὐκ
720 5168 892 5220 ἐστιν
916 5166 1009 5235 ἐφ’
1039 5165 1154 5233 ὅτῳ
1177 5166 1314 5233 οὐχ),
1346 5164 1464 5220 τῶν
1482 5164 1766 5219 ἁπάντων
1787 5166 1920 5239 (68).
1935 5185 1960 5220 ι

450 5345 576 5413 Ὀτι
610 5344 741 5398 ποτέ
765 5361 849 5408 τις
883 5342 1207 5413 ἀποδέχεται
1237 5344 1347 5398 τῶν
1381 5345 1582 5412 καλῶν,
1634 5348 1757 5402 κατ’
1785 5348 1962 5401 ἐκεῖνο

446 5457 475 5500 ε
505 5458 527 5513 1
571 5457 698 5515 Cor.
741 5476 851 5526 xw,
883 5460 974 5516 29.
1045 5459 1071 5498 ιι
1098 5461 1235 5516 ibid.
1264 5461 1354 5517 24.

2064 3356 2190 3395 rum
2226 3341 2458 3409 gratiam
2484 3340 2553 3395 iis
2577 3341 2773 3411 gratiis
2812 3340 3017 3410 quibus
3042 3339 3106 3392 ad
3132 3338 3562 3393 discernendum
3597 3347 3656 3395 et

2063 3435 2452 3502 explicandum
2481 3449 2623 3503 opus
2653 3433 2881 3493 habent,
2908 3433 3014 3487 hoc
3044 3441 3128 3487 est
3164 3430 3517 3486 discernendi
3543 3432 3655 3501 spi-

2061 3524 2206 3578 ritus
2239 3533 2296 3578 et
2328 3524 2750 3595 interpretandi.
2779 3524 2935 3591 Quod
2970 3523 3279 3594 intelligens
3307 3523 3503 3578 doctor
3532 3523 3607 3578 ait
3635 3541 3650 3578 :

2069 3630 2089 3663 ‹
2137 3613 2221 3668 Ad
2283 3613 2713 3669 discernendum
2778 3629 3028 3684 quaenam
3085 3615 3440 3684 praestantior
3487 3615 3579 3672 sit.
3626 3634 3645 3667 ι

1994 3735 2066 3748 —

2062 3798 2343 3872 Ejusdem,
2393 3817 2457 3854 ea:
2499 3817 2742 3855 sermone
2774 3802 2830 3855 in
2880 3798 3141 3856 Heronem
3172 3801 3558 3873 philosOphum,
3593 3805 3652 3861 in

2205 3890 2342 3945 illud
2369 3907 2388 3946 :
2429 3910 2447 3943 ι
2487 3889 2835 3963 Symbamata
2877 3900 2928 3945 et
2956 3893 3451 3963 parasymbamata.
3482 3914 3501 3945 ι

2136 4064 2429 4136 Symbama
2462 4065 2768 4121 secundam
2817 4068 3207 4138 grammaticos
3238 4079 3324 4125 est
3347 4073 3652 4142 propositio

2066 4173 2134 4212 ex
2179 4158 2406 4219 nomine
2451 4166 2509 4213 et
2558 4158 2732 4213 verbo
2775 4160 3087 4215 absolutam
3138 4164 3469 4219 sententiam
3514 4181 3651 4222 con-

2068 4251 2283 4317 ﬁciens,
2336 4260 2397 4308 ut
2447 4253 2764 4322 exemplum
2809 4253 3060 4317 aﬂ‘eram,
3116 4271 3135 4304 ι
3169 4254 3409 4311 Joannes
3460 4257 3653 4313 deam-

2062 4345 2239 4399 bulat.
2275 4364 2294 4397 ι
2346 4345 2773 4413 Parasymbama
2820 4353 3007 4398 autem
3074 4353 3161 4400 est
3213 4349 3525 4417 propositio
3584 4367 3653 4406 ex

2064 4439 2289 4493 nomine
2334 4445 2393 4493 et
2442 4439 2614 4493 verbo
2662 4453 2774 4492 non
2820 4438 3129 4493 absolutam
3179 4425 3480 4498 conficiens
3527 4460 3653 4504 sen-

2065 4529 2318 4593 tentiam,
2354 4538 2436 4591 ut,
2480 4548 2499 4580 ι
2532 4529 2729 4585 Joanni
2760 4544 2910 4584 curae
2944 4538 3049 4584 est.
3096 4548 3115 4581 ι
3148 4530 3338 4601 Itaque
3363 4548 3489 4589 cum
3525 4537 3652 4606 quis

2067 4619 2242 4675 dicit:
2280 4639 2299 4672 ι
2326 4619 2570 4675 Joannes
2596 4619 2934 4684 deambulat,
2972 4638 2991 4671 ι
3024 4620 3182 4675 nullo
3212 4622 3321 4675 alio
3350 4640 3476 4678 eum
3511 4640 3652 4703 opus

2077 4710 2285 4765 habere
2308 4717 2601 4774 monstrat,
2638 4725 2764 4765 cum
2793 4719 3002 4775 autem,
3037 4731 3054 4763 ι
3083 4712 3281 4768 Joanni
3326 4730 3474 4772 cura:
3514 4728 3600 4774 est
3626 4738 3644 4771 ι

2066 4803 2202 4874 quid
2251 4802 2303 4858 ei
2348 4818 2494 4859 curae
2540 4802 2614 4858 sit
2666 4801 2853 4858 dicere
2893 4804 3100 4860 omisit.

2060 4982 2319 5055 Ejusdem
2365 4998 2429 5037 ex
2467 4982 2676 5054 funebri
2708 4984 2764 5037 in
2812 4994 3056 5038 sanctum
3087 4984 3347 5040 Basiliam
3387 4991 3646 5057 oratione,

2132 5077 2190 5129 in
2231 5075 2369 5130 illud
2401 5092 2421 5131 :
2447 5094 2464 5126 ι
2503 5076 2563 5130 In
2600 5076 2754 5131 nulla
2794 5078 2956 5147 igitur
3000 5093 3056 5129 re
3090 5092 3155 5131 ea:
3202 5080 3442 5135 omnibus
3489 5084 3650 5139 aliter

2136 5167 2327 5222 accidit
2378 5168 2507 5237 quin
2558 5169 2940 5222 incrementum
2990 5184 3056 5222 ea:
3111 5186 3170 5223 eo
3217 5172 3356 5241 quod
3403 5173 3650 5231 laudetur

2136 5259 2380 5327 accipiat.
2422 5277 2440 5309 ι

2134 5347 2291 5414 Quod
2332 5348 2458 5418 quis
2488 5347 2782 5402 honestum
2830 5347 3048 5418 recipit,
3096 5366 3198 5420 pro
3225 5366 3293 5408 eo
3324 5354 3550 5410 omnino
3588 5365 3647 5417 et

1703 5532 1942 5591 VARUS
1978 5531 2381 5592 LECTIONES.

456 5602 501 5635 "
523 5596 909 5670 Apographum
945 5599 1111 5655 habet
1136 5601 1561 5674 προφερόμενος.
1641 5672 1659 5688 .

454 5716 565 5799 (6η
579 5716 744 5799 “Gnrcg.
770 5716 1025 5799 Naniapz.
1050 5715 1201 5799 Orat.
1220 5721 1282 5799 in
1317 5720 1577 5799 Heronem
1605 5721 1801 5799 lihilos.
1829 5742 1946 5799 cap.

377 5786 514 5859 δη).
540 5788 664 5844 458.
695 5796 828 5842 tom.
862 5788 883 5842 I
929 5786 1186 5860 Opp-ed.
1218 5790 1422 5850 Bencd.
1457 5792 1581 5866 (260
1612 5793 1696 5866 Β.)

2125 5719 2218 5791 68)
2276 5721 2475 5793 Idem,
2513 5721 2605 5777 Or.
2662 5722 2884 5793 funebr,
2944 5724 2998 5777 in
3062 5724 3314 5793 Magnum
3378 5724 3647 5790 Basiliam.

2054 5811 2174 5868 cap.
2208 5794 2356 5867 ~l.,p.
2387 5792 2505 5848 770.
2542 5795 2676 5849 ιοιιι.
2707 5795 2724 5848 I
2750 5792 2890 5864 Opp.
2929 5794 3020 5874 ed.
3046 5792 3253 5851 Bened.
