4052 6388
485 365 621 432 1407

1661 372 1724 433 S.
1766 370 2057 432 MAXIMI
2099 367 2617 430 CONFESSORIS

3626 356 3751 421 1403

475 482 884 537 incrementum
937 481 1067 538 facit
1095 492 1152 538 et
1177 484 1260 541 eis
1300 500 1424 556 quae
1454 484 1523 540 de
1551 484 1657 540 isto
1701 486 2073 556 praedicantur

2181 483 2398 547 πάντως
2426 483 2520 536 καὶ
2541 483 2782 536 ποιεῖται
2812 479 2910 543 τὴν
2946 480 3193 533 ἐπίδοσιν
3232 478 3329 532 καὶ
3360 480 3473 541 τοῖς
3506 476 3634 547 περὶ
3660 479 3753 531 αὑ-

476 581 670 641 aperte
694 572 914 627 ltetatur
940 583 996 627 et
1028 573 1318 630 invitatur.
1344 576 1590 631 Laetatur
1612 574 1837 645 quidem
1873 584 2073 631 auctus

475 660 665 715 animo
722 669 782 715 ut
829 660 900 717 dc
954 678 1013 718 re
1067 671 1245 734 grata,
1295 664 1565 720 invitatur
1605 679 1738 719 vero
1781 664 1850 719 ad
1897 667 2075 736 majus

477 753 888 808 incrementum
939 754 1070 809 inde
1129 756 1486 825 capiendum,
1537 772 1605 811 ex
1641 757 1806 811 laude
1853 771 1920 811 ea
1953 772 2072 811 ma-

472 843 652 913 jorem
681 845 981 914 impulsum
1016 847 1319 916 accipiens.
1358 867 1374 898 ι
1400 846 1644 915 Quarum
1676 847 1824 902 enim
1861 863 2072 913 rerum,

478 935 663 1005 inquit
700 937 987 1007 magister.
1022 938 1216 995 laudes
1260 939 1412 1004 novi,
1442 956 1634 995 earum
1666 956 1890 1011 quoque
1925 941 2075 995 haud

475 1023 649 1080 dubie
683 1027 1025 1083 incrementa
1044 1029 1329 1098 explorata
1362 1029 1567 1095 habeo,
1594 1048 1612 1081 ι
1644 1031 1751 1085 hoc
1787 1039 1895 1093 est,
1925 1029 2075 1095 Qua-

479 1132 608 1170 rum
646 1133 834 1172 rerum
884 1118 1079 1175 laudes
1126 1121 1278 1186 novi,
1325 1121 1494 1176 etiam
1533 1121 1823 1177 hominum
1854 1122 1950 1192 qui
1981 1138 2076 1178 eas

476 1208 763 1278 accipiunt
811 1210 1109 1267 manifesto
1137 1212 1205 1267 ad
1236 1214 1501 1268 virtutem
1548 1214 1889 1270 incrementa
1920 1215 2072 1277 novi.

475 1298 737 1356 Omnium
759 1301 929 1372 igitur
964 1320 1152 1359 rerum
1177 1305 1721 1362 videlicctlaudibus
1753 1316 2073 1362 ornatarum

475 1391 628 1446 nulla
676 1402 764 1448 est
811 1394 1041 1450 omnino
1077 1396 1145 1450 de
1179 1413 1289 1466 qua
1332 1413 1444 1452 non
1488 1414 1684 1453 eorum
1731 1399 1827 1468 qui
1875 1399 1944 1454 iis
1984 1399 2076 1454 lae-

480 1492 668 1539 tantur
710 1486 1120 1543 incrementum
1157 1490 1443 1557 invenias;
1493 1491 1580 1546 vel
1628 1507 1755 1547 eum
1799 1492 1853 1545 in
1902 1507 2072 1561 supe-

479 1576 727 1633 rioribus
764 1580 1030 1648 magister
1082 1581 1183 1635 tria
1237 1583 1642 1652 proposuisset,
1687 1583 2069 1653 semetipsum,

480 1680 789 1732 sermones,
839 1669 1067 1724 virtutis
1118 1670 1462 1735 laudatores,
1506 1671 1563 1726 in
1614 1672 1704 1728 his
1747 1674 2072 1742 complexus

477 1766 769 1812 oratorum
815 1775 969 1814 more
1024 1761 1316 1831 explicuit,
1367 1763 1789 1819 inductionibus
1840 1766 1908 1820 ad
1968 1766 2071 1820 ista

2175 575 2268 629 τοῦ
2296 574 2611 644 λεγομένοις
2631 572 2790 642 δῆλον
2816 572 3003 642 ἥδεται
3031 571 3128 624 καὶ
3156 568 3584 641 παρακαλεῖται.
3608 567 3754 620 ’Ἡδε-

2174 684 2266 722 ται
2306 668 2404 737 μὲν
2438 664 2870 736 προστιθέμενος
2905 662 3057 732 αὐτῷ
3106 662 3271 716 πλέον
3299 659 3440 714 κατά
3484 658 3663 730 ψυχὴν
3690 658 3756 722 ὡς

2176 757 2501 829 καταθυμίῳ
2554 756 2864 827 πράγματι,
2914 755 3317 826 παρακαλεῖται
3369 752 3426 807 δὲ
3488 752 3590 822 τῆς
3641 753 3753 804 κατ’

2176 849 2307 903 αὐτὸ
2335 849 2578 911 πλείονος
2610 848 2929 911 ἐπιδόσεως,
2957 850 3023 902 ἐκ
3055 847 3157 902 τοῦ
3184 846 3313 916 περὶ
3338 844 3509 900 αὐτοῦ
3544 843 3759 914 δεχόμε-

2176 959 2265 1003 νος
2295 940 2521 992 ἐπαίνου
2553 935 2776 1008 μείζονα
2827 942 3170 1010 προτροπὴν.
3200 956 3220 989 ι
3249 930 3352 990 Ὧν
3381 937 3518 1006 γὰρ,
3550 934 3712 1005 φησὶν
3734 937 3760 988 ό

2174 1027 2520 1093 διδάσκαλος,
2546 1029 2674 1091 τοὺς
2717 1028 2977 1090 ἐπαίνους
3024 1023 3167 1093 οῖδα,
3214 1026 3424 1081 τούτων
3448 1024 3647 1094 σαφῶς
3677 1024 3763 1078 καὶ

2176 1119 2470 1184 ἐπιδόσεις,
2524 1137 2546 1170 ι
2598 1119 2898 1184 τουτέστιν,
2949 1111 3024 1173 ὧν
3076 1114 3196 1193 οἶδα
3244 1118 3597 1189 πραγμάτων
3646 1117 3763 1178 τοὺς

2177 1209 2457 1276 ἐπαίνους,
2508 1210 2605 1264 καὶ
2659 1209 2771 1263 τῶν
2803 1210 3227 1281 ἀποδεχομένων
3268 1210 3412 1265 αὐτὰ
3442 1209 3637 1275 σαφῶς
3674 1209 3765 1262 ἀν-

2177 1300 2413 1371 θρώπων
2433 1302 2535 1366 τὰς
2556 1303 2638 1366 είς
2662 1302 2866 1374 ἀρετὴν
2891 1303 3186 1367 ἐπιδόσεις,
3210 1303 3380 1374 ἤγουν
3412 1301 3761 1372 ἐπαυξήσεις,

2174 1394 2499 1461 ἐπίσταμαι.
2543 1394 2659 1446 Ἐπ’
2703 1393 2919 1456 οὐδενὸς
2955 1389 3051 1447 οὖν
3084 1394 3194 1447 τῶν
3235 1392 3593 1463 πραγμάτων
3636 1392 3765 1445 πάν-

2175 1503 2282 1539 των
2314 1485 2557 1556 δηλονότι
2587 1485 2697 1539 τῶν
2732 1486 3144 1556 ἐπαινουμένων
3166 1485 3268 1540 οὐκ
3293 1487 3445 1539 ἐστιν
3488 1486 3579 1554 ἐφ’
3623 1478 3765 1553 ᾧτινι

2174 1580 2296 1649 οὐχὶ
2351 1579 2574 1642 πάντως
2617 1579 2727 1632 τῶν
2778 1580 2865 1631 ἐπ’
2891 1578 3080 1640 αὐτοῖς
3118 1578 3401 1648 ἡδομένων
3445 1577 3639 1648 εὕροις
3674 1578 3766 1648 τὴν

2175 1670 2481 1741 ἐπαύξησιν
2500 1685 2515 1700 θ
2550 1670 2584 1741 ἢ
2608 1668 2797 1739 ἐπειδὴ
2825 1669 2955 1740 τρία
2981 1668 3205 1739 προθεὶς
3224 1670 3252 1721 ό
3273 1666 3604 1731 διδάσκαλος
3631 1668 3765 1721 ἀνω-

2175 1764 2344 1835 τέρω,
2380 1762 2594 1827 ἐαυτὸν,
2630 1763 2758 1825 τοὺς
2794 1761 3007 1829 λόγους,
3057 1760 3187 1825 τοὺς
3232 1760 3334 1829 τῆς
3371 1759 3585 1830 ἀρετῆς
3615 1759 3767 1811 ἐπαι-

479 1849 587 1904 tria
631 1852 1090 1918 accommodatis,
1136 1855 1205 1910 de
1259 1857 1560 1927 semetipso
1606 1857 1766 1927 prius
1811 1873 2074 1914 enarrare

2181 1831 2360 1919 νέτας,
2394 1857 2452 1909 ἐν
2483 1854 2699 1918 τούτοις
2732 1851 3052 1923 περιλαϐὼν
3081 1852 3226 1907 κατά
3255 1852 3500 1924 ῥήτορας
3527 1849 3767 1922 ἐξήπλω-

478 1939 777 2010 incipiens,
834 1943 1037 1998 deinde
1085 1961 1185 2014 per
1231 1947 1446 2002 medios
1492 1949 1718 2005 virtutis
1754 1949 2077 2006 laudatores

479 2046 840 2100 percurrens,
889 2034 945 2089 in
978 2051 1268 2092 sermones
1312 2039 1433 2094 illas
1466 2042 1904 2107 consummavit;
1948 2057 2077 2097 eum

457 2119 870 2193 ‘argumentum
902 2127 971 2180 ad
1019 2136 1272 2182 sanctum
1304 2130 1568 2185 Basilium
1600 2133 2077 2187 accommodatum

476 2221 538 2266 et
578 2214 680 2283 ipsi
714 2218 1061 2277 conveniret,
1097 2227 1158 2273 ut
1205 2220 1491 2291 magistro,
1533 2231 1592 2277 et
1621 2224 1898 2278 sermonis
1948 2240 2079 2295 pro-

478 2305 687 2374 posito,
740 2317 798 2362 et
858 2310 1201 2366 amatoribus
1251 2311 1500 2376 virtutis,
1552 2315 1639 2370 vel
1692 2316 2079 2373 laudatoribus

476 2399 623 2468 ejus,
650 2397 1048 2466 desideratum,
1073 2418 1197 2472 quae
1221 2418 1384 2459 nosse
1403 2404 1724 2461 desiderant
1745 2407 2076 2464 incrementi

479 2488 536 2543 in
574 2489 838 2545 virtutem
875 2508 976 2563 per
1004 2493 1372 2551 imitationem
1400 2498 1545 2567 capti
1577 2499 1791 2564 modos,
1831 2501 2077 2571 ipsisque

476 2583 835 2639 sermonibus
880 2594 1340 2652 consentaneum,
1394 2598 1588 2659 utpote
1629 2595 2077 2662 prastantiarum

475 2673 709 2729 virtutis
777 2678 1353 2735 eommendatoribus.
1412 2681 1712 2737 Enimvero
1777 2686 2080 2755 cujuslibet

477 2762 724 2820 hominis
776 2767 888 2821 vita
954 2770 1263 2825 secundum
1328 2772 1500 2828 Deum
1555 2774 1823 2830 laudabili
1872 2778 2075 2843 ornati,

477 2851 539 2907 in
598 2854 795 2923 primis
838 2872 971 2911 vero
1001 2857 1193 2913 Basilii
1222 2862 1430 2932 egregii
1483 2863 1656 2932 illius,
1703 2865 1822 2920 sive
1855 2881 2076 2922 omnem

480 2949 782 3017 complecti
824 2953 1131 3021 potuerint,
1175 2963 1233 3010 et
1256 2966 1519 3027 tanquam
1542 2960 1724 3014 vivam
1760 2969 1816 3016 et
1863 2962 2078 3018 anima-

366 3104 377 3109 _
477 3046 593 3093 tam
631 3042 860 3098 virtutis
891 3046 1235 3103 amatoribus
1287 3049 1569 3121 subjicere
1615 3052 1936 3123 imaginem,
1961 3054 2079 3109 sive

479 3148 595 3187 non
648 3137 935 3203 potuerint
982 3139 1051 3193 ad
1074 3139 1255 3217 {hujus
1284 3143 1727 3213 magnitudinem
1759 3157 2076 3214 penetrare,
2107 3163 2149 3220 ε

480 3225 540 3281 in
584 3225 739 3280 nulla
781 3226 954 3298 igitur
987 3245 1047 3285 re
1080 3246 1148 3284 ex
1174 3233 1460 3299 omnibus,
1499 3243 1557 3290 et
1600 3251 1860 3291 sermone
1905 3245 1962 3292 et
1998 3238 2083 3292 lo-

481 3326 691 3384 quente
725 3326 786 3371 et
830 3318 1116 3384 audiente,
1165 3322 1328 3378 aliter
1355 3326 1562 3381 accidit
1598 3327 1735 3397 quin
1764 3330 2082 3400 argumenti

480 3417 879 3464 ornamentum
920 3415 1322 3470 convenienter
1348 3418 1667 3490 participet,
1700 3421 1787 3475 vel
1820 3429 1882 3475 ut
1913 3420 2081 3491 paulo

481 3517 651 3573 supra
696 3506 1018 3562 accuratius
1062 3508 1361 3578 quis-situm
1397 3520 1505 3568 est.

481 3852 741 3926 Ejusdem
799 3874 864 3912 ex
910 3864 1258 3927 carminibus,
1314 3866 1371 3919 in
1424 3865 1609 3920 illud:
1655 3885 1673 3917 ι
1720 3867 1879 3922 Ludit
1931 3870 2074 3921 enim

551 3964 759 4003 summa
778 3952 916 4004 ratio
944 3956 1259 4010 omnimodis
1282 3956 1495 4027 ﬁguris,
1518 3959 1823 4014 discernens
1839 3960 2075 4031 qualibet

554 4038 814 4092 mundum
836 4055 993 4095 suum
1031 4044 1154 4097 hinc
1186 4053 1235 4097 et
1255 4044 1425 4103 illinc.
1466 4065 1485 4098 ι

552 4145 789 4213 Quando
814 4158 1000 4206 mente
1027 4153 1201 4206 veluti
1236 4169 1337 4224 per
1360 4155 1561 4224 januas
1590 4156 1857 4225 quasdam
1879 4172 2076 4211 eorum

481 4255 609 4310 qua:
628 4240 896 4297 videntur
921 4243 987 4298 ad
1025 4244 1424 4302 intellectualia
1449 4248 1678 4318 trajecta
1723 4249 1841 4304 sola
1877 4249 1985 4305 ﬁde
2018 4250 2075 4303 in

482 4329 683 4400 spiritu
710 4346 942 4402 magnus
973 4334 1143 4388 David
1172 4352 1203 4391 a
1247 4336 1437 4392 divina
1469 4338 1747 4407 sapientia
1780 4340 2079 4410 quamdam

481 4421 872 4492 mysteriorum
895 4439 1018 4493 quae
1042 4425 1266 4494 quidem
1292 4427 1620 4483 hominibus
1644 4428 1921 4501 attingere
1950 4430 2080 4484 licet

486 4512 1003 4583 interpretationem
1032 4518 1273 4588 accepit,
1298 4527 1437 4584 tum,
1471 4528 1631 4590 puto,
1664 4521 1744 4575 ait
1792 4540 1804 4575 :
1847 4522 2080 4594 Abyssus

486 4602 727 4673 abyssum
760 4607 970 4661 invocat
1001 4610 1058 4662 in
1098 4626 1276 4665 vocem
1309 4621 1717 4668 cataractarum
1765 4622 1985 4670 tuarum
2017 4614 2032 4653 ί
2067 4634 2079 4670 :

489 4693 574 4748 his
628 4694 864 4752 fortasse
915 4699 1236 4768 signiﬁcans
1288 4717 1510 4757 omnem
1549 4713 1795 4761 mentem
1831 4716 2087 4762 eontem-

487 4786 747 4854 plativam
773 4830 787 4851 ,
821 4804 889 4843 eo
923 4793 1074 4861 quod
1108 4796 1441 4852 naturaliter
1477 4797 1777 4854 invisibilis
1811 4800 1884 4855 sit
1917 4808 1975 4855 et
2011 4801 2086 4855 ob

487 4874 922 4943 profunditatem
946 4892 1002 4934 et
1018 4883 1438 4942 multitudinem
1459 4884 1861 4955 cogitationum
1883 4890 2085 4961 abysso

486 4965 750 5033 similem,
776 4980 1072 5042 postquam
1098 4975 1417 5033 universam
1445 4993 1640 5033 earum
1666 4997 1792 5050 qua:
1816 4981 2085 5038 videntur

488 5073 679 5114 rerum
712 5065 1171 5122 constitutionem
1207 5077 1263 5122 et
1299 5069 1558 5124 ordinem
1603 5074 1891 5143 trajecerit
1924 5084 1980 5128 et
2027 5076 2082 5132 in

490 5146 949 5210 intellectualium
1011 5159 1297 5229 regionem
1350 5164 1711 5231 pervenerit,
1766 5166 2110 5236 horumque'

492 5238 751 5297 decorem
775 5247 1087 5303 secundum
1115 5250 1278 5305 ﬁdem
1304 5267 1502 5308 rursus
1521 5265 1701 5311 motus
1726 5257 2082 5313 vehementia

572 5357 587 5397 ί
628 5358 745 5413 Pal.
778 5377 887 5427 xu,
918 5364 982 5421 8.

2181 1961 2261 2006 σε,
2291 1943 2389 2005 τὰς
2417 1942 2716 2011 ἐπαγωγὰς
2767 1946 2884 2005 τοῖς
2937 1941 3121 2012 τρισὶν
3176 1941 3530 2011 ἐφαρμόσας,
3587 1938 3679 1992 καὶ
3714 1937 3769 2003 ἐξ

2180 2031 2375 2084 ἐαυτοῦ
2406 2031 2671 2101 πρότερον
2702 2029 2803 2099 τῆς
2837 2029 3148 2092 ἀποδόσεως
3178 2028 3515 2100 ἀρξάμενος,
3544 2024 3662 2082 εἶτα
3684 2027 3770 2081 διὰ

2184 2123 2365 2194 μέσων
2391 2123 2499 2175 τῶν
2530 2123 2729 2192 ἀρετῆς
2756 2120 3069 2175 ἐπαινετῶν
3095 2121 3343 2185 διελθὼν,
3386 2120 3485 2184 εἰς’
3515 2121 3644 2182 τοὺς
3690 2119 3769 2170 λό-

2180 2230 2309 2282 γους
2338 2212 2509 2275 αὐτάς
2531 2212 2873 2282 ἐπλήρωσεν,
2921 2210 2996 2275 ὡς
3024 2212 3127 2282 τῆς
3159 2213 3305 2266 κατά
3353 2212 3444 2265 τὸν
3476 2211 3639 2281 ἆγιον
3673 2210 3769 2264 Ba-

2183 2306 2384 2359 σίλειον
2417 2305 2730 2368 ὑποθέσεως
2761 2305 2857 2359 καὶ
2914 2303 3066 2374 αὐτῷ
3122 2304 3468 2376 πρεπούσης,
3506 2303 3771 2368 ὡς.διδαο

2184 2396 2388 2464 σκάλῳ,
2439 2395 2536 2449 καὶ
2595 2395 2693 2449 τοῦ
2763 2396 2923 2460 λόγου
2987 2395 3448 2467 προϐεϐλημένῳ,
3505 2396 3605 2449 καὶ
3665 2397 3771 2457 τοῖς

2184 2486 2379 2556 (261
2419 2486 2487 2552 a)
2522 2483 2779 2552 ἀγαπῶσι
2827 2485 2925 2551 τὴν
2982 2485 3209 2555 ἀρετὴν,
3256 2484 3426 2555 ἤγουν
3457 2487 3581 2548 τοῖς
3609 2484 3770 2553 αὐτῆς

2180 2572 2520 2637 ἐπαινέταις,
2552 2572 2965 2644 πεποθημένης,
3025 2570 3115 2627 οἶα
3154 2572 3382 2627 ποθοῦσι
3408 2574 3623 2642 γνῶναι
3654 2575 3768 2637 τοὺς

2178 2665 2416 2737 τρόπους
2458 2665 2555 2736 τῆς
2599 2664 2689 2719 διὰ
2726 2666 3014 2736 μιμήσεως
3054 2667 3136 2729 εἰς
3189 2665 3394 2737 ἀρετὴν
3453 2667 3767 2730 ἐπιδόσεως,

2181 2758 2417 2820 καὶτοῖς
2460 2756 2645 2824 λόγοις
2683 2757 2869 2820 αὐτοῖς
2898 2757 3273 2829 ἁρμοζούσης,
3325 2759 3402 2822 ὡς
3450 2760 3771 2830 ἐκφαντορι-

2181 2853 2297 2913 κοῖς
2326 2848 2434 2903 τῶν
2465 2850 2590 2903 κατ’
2624 2848 2826 2920 ἀρετὴν
2856 2849 3062 2903 καλῶν.
3096 2850 3307 2913 Παντὸς
3334 2850 3437 2919 μὲν
3456 2850 3557 2905 οὖν
3589 2851 3769 2922 ἀνδρὸς

2182 2942 2301 3011 βίον
2326 2941 2543 3012 ἔχοντος
2578 2941 2724 2995 κατὰ
2761 2940 2896 2995 Θεὸν
2950 2941 3368 3012 ἐπαινούμενον,
3420 2943 3670 3013 μάλιστα
3718 2944 3770 2997 δὲ

2181 3032 2470 3087 Βασιλείου
2504 3031 2601 3086 τοῦ
2632 3033 2796 3099 πάνυ,
2830 3032 2933 3088 κᾶν
2961 3051 3023 3088 τε
3074 3033 3345 3105 δυνηθῶσι
3383 3036 3574 3089 πᾶσαν
3624 3052 3769 3106 περι-

2181 3124 2388 3190 λαϐεῖν,
2417 3125 2512 3178 καὶ
2544 3124 2734 3197 ὥσπερ
2787 3127 2977 3181 εἰκόνα
3004 3125 3187 3190 ζῶσαν
3224 3126 3321 3180 καὶ
3368 3127 3623 3199 ἔμψυχον
3651 3128 3772 3181 ὑπο-

2182 3217 2355 3283 δεῖξαι
2380 3220 2494 3281 τοῖς
2525 3220 2788 3290 ἐρασταῖς
2819 3217 2918 3288 τὴν
2962 3217 3057 3273 τοῦ
3097 3218 3291 3290 ἀνδρὸς
3319 3218 3552 3291 ἀρετὴν,
3589 3223 3688 3275 κάν
3716 3237 3768 3272 τε

2187 3308 2261 3380 μὴ
2284 3308 2557 3378 δυνηθῶσι
2585 3307 2677 3362 τοῦ
2701 3308 2907 3380 ταύτης
2932 3309 3222 3378 ἐφικέσθαι
3250 3309 3549 3378 μεγέθους,
3583 3311 3669 3364 ἐπ’
3690 3310 3770 3363 ού-

2182 3398 2332 3463 δενδς
2362 3393 2455 3452 οὖν
2484 3399 2585 3451 οὐκ
2619 3397 2737 3452 ἐστι
2766 3398 2876 3452 τῶν
2915 3399 3195 3460 ἁπάντων,
3224 3400 3321 3453 καὶ⁵
3371 3399 3542 3467 λόγου
3577 3400 3672 3454 καὶ
3694 3399 3770 3451 λέ-

2185 3506 2376 3559 γοντος
2403 3491 2500 3543 καί
2523 3490 2841 3555 ἀκούοντος,
2876 3490 2963 3559 ἐφ’
3008 3482 3162 3557 ᾧτινι
3207 3491 3267 3544 τὸ
3319 3491 3421 3561 τῆς
3463 3491 3769 3553 ὑποθέσεως

2186 3586 2355 3640 καλὸν
2388 3584 2491 3655 οὐχ
2520 3585 2776 3654 ἁρμόσει,
2810 3584 2842 3657 ἢ
2877 3583 3060 3648 καθὼς
3088 3585 3347 3656 ἀνωτέρω
3384 3585 3769 3657 ἀκριϐέστερον

2191 3678 2394 3750 μᾶλλον
2421 3678 2738 3751 ἐξήτασται.

2186 3861 2296 3919 Τοῦ
2337 3856 2527 3914 αὐτοῦ
2572 3858 2641 3911 ἐκ
2692 3856 2812 3911 τῶν
2875 3856 3058 3923 ἐπῶν,
3090 3862 3178 3925 εὶς
3219 3860 3288 3914 τό
3313 3879 3324 3891 ·
3352 3880 3371 3911 ι
3434 3861 3633 3923 Παίζει
3669 3864 3768 3933 γὰρ

2251 3957 2436 4022 λόγος
2464 3951 2647 4015 αἰπὺς
2673 3951 2741 4004 ὲν
2762 3950 2954 4005 εἴδεσι
2990 3952 3456 4020 παντοδαποῖσι,
3486 3956 3692 4024 κρίνας
3706 3955 3766 4019 ⁵⁸,

2253 4045 2337 4111 ὡς
2381 4041 2584 4097 ἐθέλοι
2618 4041 2687 4108 ⁸⁸,
2711 4042 2949 4110 κόσμον
2974 4040 3078 4093 ἐὸν
3098 4041 3143 4072 ⁵⁵
3177 4041 3324 4095 ἔνθα
3344 4043 3445 4097 καὶ
3478 4044 3627 4097 ἔνθα
3646 4042 3765 4114 (69).

2269 4155 2462 4208 Ἦνίκα
2492 4154 2584 4208 τὸν
2614 4152 2740 4206 νοῦν
2768 4153 2846 4217 ὠς
2881 4153 2974 4207 διὰ
3006 4153 3277 4224 κλείθρων
3306 4155 3475 4209 τινῶν
3506 4157 3617 4210 τῶν
3648 4173 3765 4224 (pat-

2184 4248 2430 4320 νομένων
2453 4248 2482 4299 ό
2518 4246 2694 4317 μέγας
2718 4244 2886 4298 Δαϐἱδ
2922 4245 3069 4299 κατὰ
3102 4247 3274 4315 μόνην
3301 4247 3488 4301 πίστιν
3517 4250 3577 4301 ἐν
3615 4248 3765 4302 πνεύ-

2188 4359 2318 4413 ματι
2356 4342 2492 4412 πρὸς
2528 4340 2599 4394 τὰ
2620 4339 2789 4409 νοητὰ
2812 4338 3073 4403 διελάσας
3095 4339 3319 4403 ἐδέξατό
3350 4359 3478 4396 τινα
3509 4342 3658 4411 παρὰ
3679 4343 3764 4411 τῆς

2187 4435 2344 4498 θείας
2393 4435 2591 4505 σοφίας
2646 4432 2775 4486 τῶνε
2811 4431 3052 4500 ἐφικτῶν
3099 4433 3412 4505 ἀνθρώποις
3467 4434 3764 4506 μυστηρίων

2184 4527 2450 4598 ἔμφασιν,
2506 4526 2649 4588 τότε,
2700 4524 2956 4594 καθάπερ
3015 4522 3193 4593 οἶμαι,
3252 4527 3439 4597 φησιν,
3482 4528 3763 4590 Ἅσυσσος

2182 4621 2464 4675 ἄϐυσσον
2510 4616 2883 4671 ἐπικαλεῖται
2934 4620 3022 4683 εἰς
3062 4617 3276 4687 φωνὴν
3324 4619 3447 4673 τῶν
3491 4619 3760 4688 καταρῤα-

2185 4711 2348 4766 κτῶν
2373 4726 2529 4764 σουο
2589 4708 2800 4772 τούτοις
2854 4709 3015 4778 τυχὸν
3048 4709 3485 4780 ἐνδεικνύμενος.
3532 4713 3616 4765 ὅτι
3660 4709 3758 4771 πᾶς

2188 4802 2314 4865 νοῦς
2353 4799 2711 4872 θεωρητικὸς,
2747 4798 2837 4852 διά
2862 4815 2919 4850 τε
2959 4799 3019 4851 τὸ
3049 4799 3194 4853 κατά
3224 4799 3389 4869 φύσιν
3418 4799 3649 4870 ἀόρατον
3677 4797 3760 4851 καὶ

2188 4895 2251 4948 τὸ
2290 4892 2452 4961 βάθος
2484 4890 2580 4944 καὶ
2615 4889 2822 4959 πλῆθος
2848 4888 2958 4941 τῶν
2987 4891 3282 4959 νοημάτων
3310 4890 3535 4960 ὀϐύσσῳ
3566 4905 3759 4959 παρεοι-

2190 4987 2325 5049 κὼς,
2358 4983 2578 5037 ἐπειδὰν
2599 4981 2710 5035 τῶν
2739 4981 3084 5050 φαινομένων
3108 4980 3304 5044 διαϐὰς
3333 4982 3518 5036 πᾶσαν
3543 4983 3637 5051 τὴν
3659 4979 3759 5032 δια»

2192 5077 2487 5146 κόσμησιν,
2521 5072 2617 5127 καί
2645 5073 2724 5134 εἰς
2756 5070 2857 5141 τὴν
2885 5069 2995 5122 τῶν
3028 5069 3237 5140 νοητῶν
3261 5070 3447 5141 χώραν
3470 5073 3751 5140 γενόμενος.

2191 5169 2286 5223 καὶ
2315 5167 2522 5220 τούτων
2551 5164 2717 5218 πάλιν
2749 5162 2896 5216 κατὰ
2923 5162 3108 5215 πίστιν
3142 5162 3221 5232 τῷ
3255 5164 3472 5234 σφοδρῷ
3508 5165 3602 5231 τῆς
3630 5159 3756 5228 κινή-

2192 5275 2333 5322 σεως
2391 5255 2638 5327 ὑπερϐὰς
2694 5254 2794 5323 τὴν
2847 5253 3209 5325 εὐπρέπειαν,
3272 5255 3359 5323 ἐφ’
3408 5255 3600 5309 ἑαυτὸν
3647 5251 3749 5320 στῇ.

1803 5438 2038 5493 νΑῐιιΑε
2077 5434 2490 5494 LECTIONES.

498 5581 533 5593 ,Α
570 5515 620 5549 ⁸³
636 5516 847 5593 Caillau
887 5519 978 5577 ed.
1011 5522 1239 5593 Ktpva't:.

497 5588 627 5667 item
662 5588 855 5645 ἐθέλοι.

485 5666 725 5711 armum.

1347 5521 1857 5605 ‘iqaillauhéOélst,
1886 5529 2033 5598 quod
2062 5529 2226 5605 tertio
2257 5528 2388 5605 loco_
2416 5523 2813 5605 et‘infrauapnd
2839 5524 3164 5605 “Masimum
3208 5535 3419 5605 _exs_'_at,
3461 5527 3556 5581 sed
3602 5526 3747 5605 altera

952 5592 998 5625 ⁵⁵
1034 5592 1154 5644 ὅλον
1181 5592 1355 5647 edidit
1375 5593 1604 5649 Caillau.
1632 5596 1767 5652 Cum
1791 5592 2025 5654 Maximo
2052 5598 2261 5654 faciunt
2288 5594 2412 5651 eod.
2454 5595 2587 5676 Reg.
2623 5595 2730 5650 995
2756 5604 2814 5650 et
2833 5594 3026 5661 Coisl.,
3080 5598 3227 5668 apud
3255 5598 3525 5653 cditorem
3586 5594 3747 5651 novisa

574 5769 686 5842 (69)
735 5768 895 5841 Greg.
929 5771 1185 5828 Nazianz.
1221 5774 1489 5850 Prwcrpta
1520 5780 1590 5834 ad
1627 5783 1756 5855 virg.
1797 5799 1845 5839 ι’.
1883 5782 2030 5852 599.,
2072 5798 2127 5853 p.
2154 5782 2280 5852 572,
2317 5790 2450 5839 tam.
2476 5782 2527 5843 Il
2553 5781 2694 5855 Opp.
2723 5782 2853 5842 edit.
2888 5780 3098 5841 Bencd.
