4052 6364
374 414 514 479 1469

1588 413 2111 475 AMBIGUORUM
2149 419 2374 482 LIBER
2387 470 2400 484 .

3499 437 3637 503 1410

373 523 641 593 πεπηγὼς
680 526 997 579 παντάπασι
1033 525 1129 579 καὶ
1162 524 1440 595 ἀκίνητος,
1472 525 1559 579 διὰ
1591 525 1691 596 τὴν
1734 524 1941 576 πάντως.

2058 533 2429 598 superaverit,
2455 535 2682 606 jamque
2710 537 2768 593 in
2802 553 2862 595 se
2906 540 3023 611 ipsa
3058 551 3203 608 stet,
3254 544 3357 600 ﬁxa
3403 562 3639 617 prorsus

368 613 645 679 διάϐασιν,
682 615 987 687 τηνικαῦτα
1021 615 1119 687 τὴν
1159 617 1308 671 θείαν
1334 616 1566 709 δεόντως
1605 614 1954 709 ἐπικαλεῖται

373 706 589 774 σοφίαν,
621 708 719 778 τὴν
739 707 909 770 ὅντως
936 725 995 760 τε
1021 709 1116 761 καὶ
1147 706 1574 779 ἀληθῶς’(26],
1606 708 1657 772 b)
1689 707 1832 759 κατὰ
1855 707 1955 777 τὴν

370 796 576 861 γνῶσιν
605 796 941 867 ἀδιεξίτητον
969 797 1227 863 ἄϐυσσον,
1254 797 1438 868 φωνὴν
1462 796 1611 866 αὑτῷ
1636 797 1817 867 δοῦναι
1843 796 1953 849 τῶν

371 887 534 938 θείων
566 889 988 959 καταρῤακτῶν,
1048 889 1161 940 ἀλλ’
1200 889 1300 941 οὑκ
1338 890 1537 952 αὐτοὺς
1589 889 1714 950 τοὺς
1747 887 1953 957 καταρ-

375 975 608 1044 ράκτας,
651 979 786 1049 ὅπερ
818 980 968 1031 ἐστὶν
1001 978 1242 1049 ἐμφασίν
1280 996 1412 1033 τινα
1443 980 1680 1042 πίστεως
1713 995 1951 1045 γνωστιο

370 1072 477 1139 κὴν
507 1070 616 1123 τεῶν
645 1073 773 1143 περὶ
801 1073 862 1125 τὸ
897 1074 1006 1126 πᾶν
1036 1077 1135 1142 τῆς
1165 1073 1317 1136 θείας
1359 1073 1616 1143 προνοίας
1643 1073 1858 1143 τρόπων
1890 1088 1950 1123 τε

368 1168 462 1220 καὶ
514 1166 690 1236 λόγων
746 1166 913 1220 αίτῶν
976 1167 1358 1231 ὑποδέξασθαι,
1403 1167 1471 1220 δι’
1515 1161 1583 1239 ἧς
1645 1165 1949 1235 μνησθῆναι

366 1255 661 1327 δυνήσεται
679 1257 774 1310 τοῦ
806 1258 943 1311 Θεοῦ
963 1260 1025 1311 ὲκ
1045 1258 1148 1327 γῆς
1187 1258 1448 1327 Ἰορδάνου
1475 1259 1568 1311 καὶ
1608 1257 1945 1327 Ἑρμονιεὶμ,

368 1350 429 1400 ἐν
530 1349 627 1418 τῆς
663 1348 815 1412 θείας
840 1349 973 1419 πρὸς
990 1350 1311 1419 ἀνθρώπους
1330 1348 1423 1402 τοῦ
1448 1348 1585 1401 Θεοῦ
1614 1348 1788 1415 Λόγου
1820 1364 1951 1414 συγ-

366 1436 728 1499 καταϐάσεως
756 1437 818 1490 τὸ
854 1439 997 1508 μέγα
1028 1439 1122 1490 καὶ
1152 1438 1380 1507 φρικτὸν
1411 1439 1497 1491 διὰ
1532 1437 1730 1507 σαρκὸς
1765 1436 1948 1489 ἐτελέ-

368 1525 475 1597 σθη
506 1533 824 1597 μυστήριον.
856 1530 913 1581 έν
937 1522 982 1595 ᾧ
1006 1526 1111 1596 τῆς
1129 1531 1207 1590 εἰς
1230 1530 1363 1583 Θεὸν
1389 1530 1669 1592 εὐσεϐείας
1699 1529 1944 1599 ἐδωρήθη

363 1620 484 1681 τοῖς
514 1617 825 1687 ἀνθρώποις
852 1619 913 1670 τὸ
948 1617 1165 1687 ἀληθὲς,
1192 1620 1330 1691 ὅπερ
1358 1618 1447 1673 διὰ
1478 1619 1540 1672 τὸ
1578 1620 1754 1671 πᾶσαν
1793 1618 1949 1671 ἐκδει-

365 1708 597 1776 ϐηκέναι
632 1708 851 1778 φύσεως
870 1709 1024 1775 τάξιν
1054 1710 1152 1762 καὶ
1180 1709 1431 1779 δύναμιν·
1462 1708 1542 1779 τῷ
1575 1709 1673 1779 μὲν
1700 1709 1831 1778 θείῳ
1854 1709 1946 1761 καὶ

360 1799 466 1869 τῆς
502 1800 656 1861 Θείας
691 1800 866 1871 μύστη
895 1817 953 1852 τε
988 1800 1084 1854 καὶ
1124 1802 1479 1871 μυσταγωγῷσ
1502 1799 1949 1871 κρυεριογνὼστου

367 1862 565 1958 σοφίας
600 1862 801 1960 Παύλῳ
940 1862 1160 1960 μεγάλίρ
1192 1862 1477 1961 ἀποστόλίρ
1512 1862 1693 1961 μωρία
1714 1862 1945 1958 ἰῦνομ.ἀ-
1978 1862 2021 1919 Β

365 1977 472 2048 σθη
498 1977 634 2030 Θεοῦ
664 1977 760 2031 καὶ
789 1978 1063 2039 ἀσθένεια,
1088 1979 1174 2031 διὰ
1196 1979 1294 2048 τὴν
1324 1978 1772 2050 ὑπερϐάλλουσαν
1792 1975 1944 2048 οἶμαι

363 2070 565 2138 σοφίαν
604 2069 699 2125 καὶ
726 2068 976 2139 δύναμιν
1003 2068 1080 2140 τῷ
1105 2070 1163 2123 δὲ
1201 2070 1451 2143 θεόφρονι
1483 2073 1705 2143 μεγάλῳ
1736 2074 1944 2142 Γρηγο-

362 2162 472 2233 ρίῳ
498 2162 750 2230 παίγνιον
772 2161 1220 2232 προσηγορεύθη,
1252 2162 1339 2215 διά
1373 2163 1470 2233 τὴν
1500 2163 1945 2234 ὑπερϐάλλουσαν

359 2252 652 2324 φρόνησιν.
696 2254 757 2306 Ὀ
789 2253 887 2323 μὲν
917 2254 1027 2324 γάρ
1074 2266 1232 2323 φησισ
1285 2254 1355 2308 Τὸ
1399 2254 1601 2323 μωρὸν
1645 2253 1750 2308 τοῦ
1796 2252 1944 2308 Θεοῦ

353 2343 714 2414 σοφώτερον
762 2344 882 2398 τῶν
911 2346 1238 2414 ἀνθρώπων
1266 2344 1418 2403 ἐστὶ.
1463 2345 1562 2399 καί
1591 2345 1657 2399 τὸ
1689 2344 1944 2411 ἀσθενὲς

357 2436 473 2490 τοῦ
504 2437 652 2491 Θεοῦ
681 2438 1077 2506 ἰσχυρότερον
1100 2435 1220 2491 τῶν
1253 2435 1578 2504 ἀνθρώπων
1607 2437 1739 2490 ἐστί
1760 2453 1773 2467 ·
1809 2440 1836 2490 ὁ
1863 2438 1938 2492 δέ’

358 2526 559 2590 Παίζει
589 2529 697 2598 γὰρ
724 2531 909 2598 λόγος
931 2529 1112 2596 αἰπὺς
1149 2530 1219 2583 ἐν
1256 2528 1447 2583 εἴδεσι
1480 2529 1941 2597 παντοδαποῖσι,

362 2621 591 2690 ιιζρίνας
625 2620 923 2686 (ὸς-ἐθέλοι
949 2623 1183 2691 κόσμον
1203 2622 1309 2675 ἐὸν
1324 2622 1475 2677 ἔνθα
1494 2622 1592 2675 καὶ
1617 2622 1762 2676 ἔνθα
1783 2638 1797 2652 ο

346 2710 623 2781 ἑκάτερος
677 2713 746 2780 τῇ
806 2711 1060 2781 στερήσει
1130 2710 1242 2762 τῶν
1293 2711 1423 2778 παρ’
1455 2711 1588 2779 ἡμῖν
1635 2710 1941 2780 κρατίστων

358 2801 571 2855 θέσεων
601 2800 697 2871 τὴν
720 2801 867 2854 θείαν
884 2800 1286 2871 ἐνδεικνύμενος
1308 2799 1440 2867 ἕξιν,
1469 2800 1564 2855 καὶ
1588 2804 1705 2866 ταῖς
1729 2801 1940 2871 ἀποφά-

361 2910 486 2946 σεσι
513 2893 622 2946 τῶν
637 2897 664 2949 1‘.
677 2893 803 2962 μετέ
810 2910 918 2963 ρων
938 2893 1089 2946 ποιοῦ
1099 2910 1255 2962 μενος
1278 2893 1372 2964 τὴν
1393 2893 1497 2945 τῶν
1520 2892 1678 2947 θείων
1693 2895 1940 2963 κατάφα-

357 3001 471 3040 σιν.
496 2984 695 3058 Μωρία
725 2984 835 3057 γὰρ
860 2985 989 3057 παρ’
1018 2987 1150 3055 ἡμῖν
1166 2985 1263 3038 καὶ
1288 2984 1541 3038 ἀσθένεια
1574 2986 1667 3039 καὶ
1692 2986 1939 3054 παίγνιον

357 3077 649 3148 στερήσεις
680 3072 840 3143 εἰσὶν,
878 3078 911 3148 ἡ
953 3076 1053 3146 μὲν
1078 3076 1294 3143 σοφίας,
1328 3077 1361 3147 ἡ
1387 3077 1445 3130 δὲ
1472 3076 1779 3149 δυνάμεως,
1817 3078 1849 3148 ὴ
1879 3076 1938 3131 δὲ

355 3172 700 3241 φρονήσεως,
726 3169 822 3223 ἐπὶ
850 3169 986 3222 Θεοῦ
1014 3168 1073 3221 δὲ
1102 3167 1399 3238 λεγόμεναι
1423 3169 1616 3237 σοφίας
1640 3169 1754 3222 καὶ,
1774 3168 1935 3223 δυνά-

360 3279 508 3324 μεως
535 3261 627 3315 καὶ
650 3263 970 3330 φρονήσεως
1004 3258 1311 3331 ὑπερϐολὴν
1344 3259 1529 3329 σαφῶς
1555 3259 1934 3331 ὑποδηλοῦσιν.

356 3351 504 3405 Εῖτι
552 3348 646 3406 οὖν
699 3352 830 3424 παρ’
864 3354 999 3422 ἡμῖν
1052 3352 1196 3405 κατά
1249 3352 1507 3422 στέρησιν
1557 3351 1791 3419 λέγοιτο,
1844 3352 1937 3405 ἐπὶ

350 3442 495 3497 Θεοῦ
545 3443 836 3515 λεγόμενον
863 3444 979 3511 ἕξιν
1009 3442 1309 3513 ὑποδηλοῦν
1346 3444 1565 3506 πάντως
1617 3441 1936 3512 ἐκδέχεσθαι

352 3533 587 3601 δίκαιον,
615 3536 712 3589 καὶ
735 3535 794 3587 τὸ
839 3534 1102 3604 ἔμπαλιν,
1139 3534 1193 3588 εί
1217 3552 1270 3587 τι
1306 3535 1446 3589 κατὰ
1494 3531 1608 3598 ἕξιν
1642 3532 1729 3601 ἐφ’
1778 3532 1936 3603 ήμῶν

350 3625 590 3696 λέγοιτο,
625 3627 809 3698 (262
847 3636 902 3696 α)
939 3628 1031 3679 ἐπὶ
1057 3625 1194 3680 Θεοῦ
1222 3626 1479 3698 στέρησιν
1522 3626 1610 3680 διὰ
1638 3626 1736 3697 τὴν
1770 3626 1937 3694 ὑπερ-

350 3718 488 3790 οχὴν
515 3709 839 3789 ὲῖιδέχεσθαι
864 3716 1061 3789 δηλοῦν
1092 3718 1566 3786 πρεπωδέστατον.
1592 3719 1660 3771 Αἱ
1687 3718 1797 3787 γὰρ
1825 3716 1935 3769 τῶν

352 3809 518 3863 θείων
557 3809 858 3882 ὑπερϐολαὶ
889 3810 982 3862 καὶ
1013 3810 1156 3863 κατά
1195 3810 1453 3881 στέρησιν
1480 3810 1548 3863 δι’
1588 3808 1936 3877 ἀντιφάσεως

349 3903 646 3975 λεγόμεναι
678 3903 809 3974 παρ’
860 3902 1017 3973 ήμῶν
1048 3903 1338 3956 ἀποδέουσι
1387 3903 1522 3956 πολὺ
1570 3903 1667 3972 τῆς
1700 3900 1935 3971 ἀληθοῦς

350 3997 479 4054 καθ’
504 3997 563 4050 ὃν
592 3998 699 4050 εισι
734 3996 891 4065 λόγον
922 3995 1236 4065 ἐμφάσεως.
1270 3995 1334 4048 Εἰ
1361 3996 1420 4048 δὲ
1471 3993 1632 4049 τοῦτο
1669 3994 1812 4047 κατά
1842 3994 1934 4047 τὸν

348 4088 541 4143 εἰκότα
574 4086 733 4155 λόγον
765 4086 914 4139 ἐστὶν
968 4086 1170 4157 ἀληθὲς
1207 4086 1287 4157 (οὑ
1338 4086 1445 4156 γὰρ
1481 4084 1771 4157 συμϐαίνει
1816 4084 1932 4137 πώ-

350 4183 582 4236 ποτετά
632 4181 752 4234 θεῖα
799 4181 912 4243 τοῖς
962 4176 1368 4248 ἀνθρωπίνοις),
1406 4179 1515 4248 ἄρα
1563 4178 1746 4248 μωρία
1792 4176 1932 4231 Θεοῦ

351 4274 448 4328 καὶ
477 4271 731 4327 ἀσθένεια
761 4274 904 4326 κατά
931 4272 1022 4324 τὸν
1055 4271 1210 4339 ἅγιον
1241 4271 1539 4324 ἀπόστολον
1568 4271 1804 4336 Παῦλον,
1837 4272 1933 4326 καὶ

349 4367 607 4434 παίγνιον
637 4364 773 4418 Θεοῦ
824 4364 965 4418 κατά
1013 4363 1316 4435 Γρηγὸριον
1365 4362 1456 4416 τὸν
1492 4363 1808 4433 θαυμαστὸν
1840 4364 1934 4416 καὶ

355 4456 536 4529 μέγαν
564 4455 907 4522 διδάσκαλον,
939 4454 1000 4507 τὸ
1030 4454 1328 4525 μυστήριόν
1354 4455 1470 4507 ἐστι
1505 4455 1610 4524 τῆς
1653 4454 1804 4517 θείας
1846 4456 1904 4507 ἐν
1923 4482 1935 4495 -

2058 627 2226 688 atque
2261 620 2582 692 immobilis,
2612 627 2683 682 ob
2716 640 2916 686 cuncta
2949 636 3198 704 trajecta,
3241 644 3357 689 tum
3394 637 3637 692 divinam

2057 714 2377 768 necessario
2407 716 2670 774 invocare
2695 722 3046 790 sapientiam,
3097 724 3353 797 abyssum
3382 743 3507 796 qua:
3548 743 3636 782 re-

2055 814 2186 854 vera
2220 817 2333 856 non
2358 807 2536 873 possit
2566 809 2885 879 cognitione
2917 814 3245 877 transcurri,
3301 823 3362 869 ut
3410 815 3516 870 sibi
3548 816 3635 871 di-

2054 891 2311 947 vinarum
2339 906 2747 954 cataractarum
2778 917 2976 958 vocem
3010 904 3144 958 dare
3175 905 3331 970 velit,
3363 921 3475 960 non
3507 922 3637 963 vero

2054 978 2203 1048 ipsas
2233 992 2539 1040 cataractas
2567 1027 2581 1051 ,
2640 990 2788 1058 quod
2819 1001 2906 1046 est
2936 993 3401 1063 signiﬁcationem
3432 1012 3635 1067 quam-

2053 1070 2179 1125 dam
2219 1071 2344 1127 ﬁdei
2374 1091 2483 1145 qua
2509 1078 2714 1134 divina:
2735 1082 2883 1137 circa
2914 1084 3238 1139 universum
3266 1086 3636 1143 Providentia)

2053 1161 2249 1216 modos
2277 1171 2335 1217 et
2374 1166 2620 1223 rationes
2663 1186 2960 1228 noscamus
3012 1176 3277 1243 precibus
3313 1178 3632 1248 impetrare,

2050 1266 2160 1321 qua
2199 1254 2298 1308 Dei
2330 1259 2649 1316 meminisse
2677 1278 2948 1331 queamus
2975 1282 3044 1321 ex
3080 1276 3229 1324 terra
3283 1270 3542 1325 Iordanis
3575 1282 3633 1328 et

2051 1341 2401 1400 llcrmoniim
2430 1358 2476 1413 t,
2503 1349 2558 1403 in
2588 1367 2698 1420 qua
2725 1352 2927 1410 divina:
2958 1357 3055 1412 Dei
3092 1358 3378 1415 Sermonis
3416 1361 3485 1414 ad
3534 1363 3634 1415 ho-

2049 1433 2233 1488 mines
2267 1438 2757 1499 condescensionis
2779 1461 3037 1516 magnum
3071 1457 3129 1502 et
3167 1449 3508 1504 horrendum
3533 1467 3634 1521 per

2049 1537 2271 1579 carnem
2306 1537 2392 1582 est
2422 1544 2867 1588 consummatum
2891 1539 3234 1607 mysterium,
3274 1541 3328 1594 in
3360 1557 3470 1611 quo
3504 1559 3631 1597 vera

2048 1613 2378 1673 hominibus
2412 1636 2541 1692 erga
2570 1623 2744 1679 Deum
2779 1627 2958 1697 pietas
2987 1628 3188 1684 donata
3213 1639 3320 1697 est,
3357 1649 3480 1703 qua:
3505 1650 3629 1688 cum

2047 1719 2270 1761 omnem
2290 1715 2773 1770 naturteordinem
2803 1733 2868 1772 ac
2898 1728 3227 1788 potestatem
3253 1726 3629 1794 cxsuperarit,

2047 1813 2079 1850 a
2111 1797 2299 1853 divino
2331 1811 2498 1872 atque
2530 1805 2734 1862 divinae
2767 1810 3055 1879 sapientiae
3101 1815 3392 1870 sacerdote
3430 1826 3488 1871 et
3531 1816 3633 1871 do—
3681 1814 3687 1843 ⁵

2048 1897 2202 1944 ctore
2240 1896 2592 1952 occultorum
2641 1900 2947 1972 interprete
2998 1905 3191 1970 Paulo,
3248 1922 3451 1978 magno
3497 1924 3633 1980 apo-

2049 1982 2216 2046 stole,
2263 1987 2508 2043 stultitia
2552 1991 2649 2045 Dei
2702 2002 2760 2048 et
2804 1993 3121 2061 inﬁrmitas,
3170 1998 3241 2052 ob
3284 2000 3633 2068 superabun-

2047 2068 2308 2137 dantem,
2338 2085 2495 2144 puto,
2534 2079 2865 2149 sapientiam
2912 2100 2977 2138 ac
3021 2086 3310 2152 virtutem,
3350 2104 3380 2142 a
3431 2106 3631 2160 magno

2045 2173 2239 2218 contra
2276 2181 2341 2221 ac
2401 2169 2595 2225 divino
2646 2171 2920 2244 Gregorio
2972 2177 3132 2233 lusus
3199 2182 3477 2250 appeliata
3520 2194 3627 2247 εει,

2046 2254 2118 2309 ob
2157 2259 2709 2326 superabundantem
2746 2268 3124 2335 prudentiam.
3178 2272 3275 2326 lllc
3303 2274 3474 2341 enim,
3537 2275 3630 2329 Dt-i

2046 2347 2292 2413 stultum,
2373 2350 2577 2421 inquit,
2664 2354 2958 2428 sapientius
3002 2362 3315 2429 hominibus,
3364 2373 3412 2418 et
3478 2366 3630 2434 inﬁr-

2044 2455 2188 2492 mum
2229 2438 2329 2494 Dei
2383 2442 2570 2512 fortius
2622 2455 2697 2500 est
2734 2449 3025 2505 hominibus
3065 2453 3087 2490 ιί
3120 2470 3133 2506 :
3173 2453 3264 2510 bic
3288 2465 3481 2510 contra
3504 2457 3621 2511 ait:

2044 2525 2202 2581 Ludit
2254 2531 2395 2583 enim
2453 2549 2663 2587 summa
2714 2538 2852 2590 ratio
2918 2540 2974 2593 in
3020 2544 3335 2597 omnimodis
3392 2545 3623 2615 ﬁguris.

2043 2616 2344 2673 discernens
2392 2621 2623 2691 qualibet
2672 2627 2930 2682 mundum
2969 2646 3125 2684 suum
3173 2635 3294 2687 hinc
3328 2643 3378 2687 et
3424 2634 3625 2693 illinc:

2044 2719 2281 2780 uterque
2313 2712 2650 2772 fortissimas
2680 2710 2887 2788 quibus
2916 2737 3020 2777 nos
3052 2725 3281 2791 utimur,
3321 2728 3629 2797 positiones

2042 2803 2298 2873 negando
2325 2804 2572 2861 divinum
2602 2809 2855 2865 habitum
2891 2813 3285 2873 demonstrans
3317 2858 3333 2883 ,
3399 2832 3622 2875 nostro-

2043 2908 2278 2964 rumque
2327 2898 2725 2967 negationibus
2774 2903 2965 2961 divina
3018 2892 3318 2966 afﬁrmans.
3378 2911 3626 2969 Stultitia

2040 2985 2193 3040 enim
2227 2995 2284 3042 et
2320 2988 2616 3048 inﬁrmitas
2643 3002 2699 3048 et
2731 2995 2887 3051 lusus
2938 2999 3084 3069 apud
3133 3016 3236 3056 nos
3281 3003 3626 3072 privationes

2041 3085 2191 3144 sunt,
2230 3094 2340 3134 una
2378 3081 2603 3151 quidem
2642 3086 2931 3154 sapientia:
2963 3129 2979 3154 ,
3033 3090 3208 3145 altera
3250 3092 3621 3158 fortitudinis,

1964 3197 2010 3258 α
2041 3171 2204 3224 tertia
2256 3173 2566 3242 prudentiae
2592 3218 2606 3241 ,
2660 3178 2766 3232 sed
2804 3179 2874 3234 de
2933 3181 3047 3235 Deo
3086 3192 3370 3254 usurpata:
3412 3188 3620 3242 eaedem

2040 3263 2328 3331 sapientia:
2352 3275 2407 3322 et
2431 3265 2778 3324 fortitudinis
2811 3278 2868 3325 et
2916 3272 3231 3341 prudentiae
3272 3277 3622 3346 superabun-

2039 3352 2286 3409 dantiam
2327 3358 2475 3413 clare
2520 3360 2852 3430 signiﬁcant.
2890 3363 3047 3431 Quod
3080 3367 3124 3422 si
3173 3368 3308 3438 quid
3340 3370 3486 3443 apud
3520 3387 3624 3427 nos

2037 3448 2311 3517 privative
2340 3451 2570 3521 dicitur,
2600 3455 2668 3510 de
2700 3457 2814 3513 Deo
2847 3470 3176 3529 usurpatum
3208 3463 3354 3518 idem
3390 3465 3618 3521 habitus

2041 3540 2517 3610 signiﬁcationem
2558 3546 2766 3602 habere
2817 3550 2945 3619 jure
2990 3552 3506 3622 interpretabimur,
3556 3573 3625 3612 ac

2038 3646 2252 3697 rursus,
2294 3634 2340 3688 si
2366 3635 2502 3704 quid
2525 3638 2833 3694 secundum
2861 3641 3114 3697 habitum
3160 3644 3230 3698 de
3274 3646 3440 3701 nobis
3477 3628 3622 3703 dici-

2035 3731 2149 3787 tur,
2186 3723 2243 3779 id
2276 3725 2345 3779 de
2380 3726 2493 3782 Deo
2524 3740 2853 3798 usurpatum
2891 3732 2963 3787 ob
2999 3734 3367 3791 eminentiam
3408 3738 3617 3795 admit—

2035 3822 2154 3870 tere
2214 3817 2586 3887 privationem
2639 3822 3132 3884 doceremaxime
3178 3840 3620 3887 consentaneum

2035 3906 2163 3962 erit.
2205 3908 2529 3964 Divinorum
2562 3912 2711 3967 enim
2735 3917 3138 3986 exsuperantiae
3168 3958 3183 3984 ,
3238 3930 3296 3975 et
3338 3921 3620 3990 privative

2034 4012 2136 4067 per
2169 4002 2665 4059 contradictionem
2703 4007 2850 4076 apud
2877 4023 2976 4064 nos
3024 4008 3188 4065 dicta:
3211 4051 3226 4075 ,
3273 4027 3303 4066 ο
3340 4028 3477 4068 vero
3526 4030 3619 4070 se-

2037 4085 2283 4143 cundum
2317 4105 2482 4160 quam
2537 4093 2651 4148 sint
2694 4094 2971 4151 rationem
3026 4098 3340 4169 signiﬁcatu
3379 4103 3618 4158 multum

2035 4177 2261 4235 absunt.
2300 4181 2458 4248 Quod
2482 4183 2551 4246 si,
2584 4185 2665 4241 uti
2700 4186 2945 4252 videtur,
2970 4206 3165 4245 verum
3201 4202 3286 4248 est
3313 4194 3618 4265 (nusquam

2033 4271 2183 4325 enim
2219 4272 2409 4329 divina
2444 4287 2765 4348 congruunt
2792 4295 2917 4335 cum
2951 4282 3260 4351 humanis),
3311 4302 3444 4357 ergo
3480 4290 3621 4344 stui-

2037 4362 2157 4418 titia
2190 4365 2286 4419 Dei
2332 4376 2389 4420 et
2420 4368 2722 4426 inﬁrmitas
2750 4373 3057 4429 secundum
3088 4386 3342 4432 sanctum
3393 4391 3618 4450 aposto-

2034 4453 2151 4508 lum
2180 4456 2435 4522 Paulum,
2473 4468 2530 4514 et
2564 4461 2723 4517 lusus
2756 4463 2852 4518 Dei
2896 4467 3198 4522 secundum
3227 4469 3619 4528 admirandum

351 4547 788 4618 ανθρωπήσεως,
832 4545 908 4608 ὼς
939 4546 1122 4620 πάσης
1154 4543 1370 4612 φύσεως
1413 4542 1699 4613 δυνάμεώς
1746 4561 1805 4596 τε
1837 4543 1933 4597 καὶ

2041 4554 2095 4601 et
2143 4564 2403 4619 magnum
2438 4550 2724 4608 doctorem
2761 4555 3090 4627 Gregorium
3115 4599 3129 4622 ,
3186 4560 3388 4618 divinae
3436 4563 3622 4619 incar-

348 4639 641 4711 ἐνεργείας
689 4639 872 4691 πᾶσαν
926 4635 1267 4707 ὑπερονσίως
1296 4634 1600 4703 ἐκϐεϐηκὸς
1638 4633 1792 4698 τάξιν
1837 4635 1935 4688 καὶ

328 4734 645 4807 ,ἀρμονίαν,
680 4731 1116 4804 ὃπερΠνεύματι
1154 4730 1285 4800 θείῳ
1319 4729 1605 4802 πόρρωθεν
1640 4730 1784 4784 κατά
1809 4729 1934 4784 νοῦν

347 4826 693 4896 θεασάμενος
717 4824 813 4877 καὶ
848 4821 1077 4894 μυηθεὶς
1107 4825 1135 4876 ὁ
1163 4822 1436 4885 θειότατος
1467 4821 1653 4886 Δαϐὶδ,
1691 4822 1784 4875 καὶ
1823 4817 1934 4876 οἷον

346 4918 452 4988 τὴν
479 4915 574 4970 τοῦ
613 4914 938 4968 Ἀποστόλου
963 4913 1267 4983 λεγομένην
1293 4913 1381 4966 διὰ
1406 4914 1721 4983 στερήσεως
1762 4914 1933 4986 ὑπερ-

349 5007 661 5062 ϐάλλουσαν
699 5005 814 5070 ἕξιν
844 5004 941 5059 τοῦ
978 5004 1116 5058 Θεοῦ
1150 5005 1602 5076 προερμηνεύων,
1640 5004 1933 5073 Ἰουδαίων,

350 5098 545 5171 σαφῶς
572 5094 753 5169 οἶμαι,
786 5096 1095 5152 καταϐοῶν·
1134 5098 1232 5151 Ἐν
1262 5095 1342 5162 τῷ
1383 5095 1601 5162 πλήθει
1623 5095 1734 5165 τῆς
1758 5096 1939 5152 δυνά-

340 5194 505 5268 μεώς
546 5208 663 5247 σου
696 5191 1034 5260 ψεύσονται
1079 5205 1155 5244 σε
1190 5191 1245 5243 ot
1278 5190 1481 5258 ἐχθροί
1519 5205 1656 5244 σου.
1683 5191 1798 5253 Πᾶς
1826 5190 1936 5262 γὰρ

345 5289 641 5358 ἄνθρωπος
663 5283 855 5355 ἐχθρὸς
883 5284 1104 5346 πάντως
1131 5280 1225 5336 τοῦ
1255 5282 1389 5336 Θεοῦ
1422 5283 1516 5336 καὶ
1534 5281 1776 5353 ψεύστης
1804 5300 1936 5353 προ-

346 5380 531 5451 δήλως
560 5376 889 5431 καθίσταται
938 5376 969 5427 ὁ
1013 5375 1105 5428 τὸν
1135 5374 1270 5428 Θεὸν
1293 5374 1372 5446 τῷ
1395 5375 1546 5447 νόμῳ
1584 5375 1685 5445 τῆς
1715 5376 1936 5444 φύσεως

348 5468 581 5542 ἀμαθῶς
598 5486 658 5522 τε
678 5468 774 5521 καὶ
796 5466 1010 5530 ἀσεϐῶς
1039 5466 1390 5536 περικλείων,
1414 5467 1508 5519 καὶ
1538 5467 1763 5531 ἀπαθῶς
1793 5468 1932 5538 ὑπὲρ

349 5561 516 5631 φύσιν
538 5563 597 5615 ὲν
629 5562 742 5623 τοῖς
765 5559 871 5613 ὑπὸ
901 5558 1063 5628 φύσιν
1090 5557 1364 5621 οὑσιωδῶς
1390 5557 1680 5627 γενόμενον
1701 5558 1766 5612 τά
1792 5562 1934 5615 κατά

351 5652 519 5725 φύσιν
542 5653 618 5715 ὡς
665 5652 844 5706 πάντα
871 5649 1173 5720 δυνάμενον
1218 5649 1515 5719 ἐνεργῆσαι
1548 5652 1827 5705 πιστεύειν
1857 5652 1931 5722 μὴ

412 5828 430 5886 ἰ
470 5828 617 5889 Psai.
656 5844 764 5896 ιιι,
794 5831 825 5884 7
898 5828 926 5869 ιι
965 5828 985 5883 1
1015 5827 1143 5883 Cor.
1180 5844 1218 5893 I,
1251 5829 1344 5884 25.
1418 5827 1433 5867 ι
1465 5830 1609 5885 Psal.
1638 5848 1761 5899 ειν,
1791 5833 1845 5887 ’5.

2040 4641 2287 4697 nationis
2324 4645 2647 4715 mysterium
2676 4657 2781 4712 est,
2825 4660 2885 4705 ut
2910 4651 3060 4719 quod
3090 4654 3275 4708 omnis
3320 4665 3532 4714 natura:
3562 4668 3621 4713 et

2040 4733 2337 4801 potestatis
2383 4744 2440 4790 et
2475 4736 2703 4793 virtutis
2736 4755 2960 4795 onmem
3001 4743 3258 4798 ordinem
3304 4760 3623 4817 congruen-

2043 4824 2287 4894 tiamque
2317 4830 2822 4896 supernaturaliter
2849 4848 3134 4902 egressum
3160 4845 3265 4899 est,
3315 4840 3463 4908 quod
3492 4841 3622 4910 qui-

2040 4915 2165 4971 dem
2198 4917 2388 4972 divino
2424 4917 2632 4988 Spiritu
2659 4924 2849 4990 procul
2880 4927 3291 4995 contemplatus
3333 4938 3519 4984 mente
3564 4938 3619 4985 et

2039 5008 2292 5064 initiatus
2324 5010 2518 5075 David,
2561 5027 2627 5068 ac
2675 5014 2850 5069 veluti
2901 5018 3145 5085 praevius
3193 5018 3475 5087 interpres
3521 5021 3619 5076 Dei

2039 5097 2263 5155 ltabitus
2306 5101 2815 5171 superabundantis
2853 5105 2923 5159 ab
2969 5106 3237 5175 Apostolo
3287 5123 3388 5176 per
3435 5109 3622 5178 priva-

2039 5190 2249 5246 tionem
2278 5192 2530 5259 indicati,
2562 5195 2631 5250 de
2653 5195 2884 5259 Judaeis,
2907 5197 3058 5252 clare
3087 5207 3243 5267 puto,
3271 5200 3619 5255 vociferans:

2038 5282 2105 5337 In
2136 5284 2492 5350 multitudine,
2526 5287 2730 5357 inquit,
2783 5289 3112 5359 fortitudinis
3147 5301 3251 5345 tua?
3306 5293 3622 5346 mentiantur

2041 5376 2130 5429 tibi
2153 5376 2351 5431 inimici
2371 5379 2446 5431 tui
2479 5377 2521 5432 1.
2552 5379 2751 5434 Nullus
2777 5382 2923 5436 enim
2952 5381 3119 5437 homo
3150 5400 3260 5438 non
3294 5384 3388 5438 Dei
3430 5394 3623 5453 aperte

2039 5465 2218 5522 hostis
2244 5478 2301 5522 et
2322 5467 2596 5525 inﬁciator
2611 5471 2908 5543 cvaditqui
2940 5474 3059 5545 lege
3082 5487 3295 5530 natura:
3326 5476 3621 5531 inscienter

2039 5570 2096 5614 et
2117 5560 2282 5630 impie
2313 5562 2480 5617 Deum
2502 5563 2756 5625 includit.
2784 5576 2842 5621 et
2857 5582 2984 5620 eum
3020 5567 3114 5637 qui
3142 5567 3261 5622 sine
3288 5568 3401 5622 ullo
3418 5552 3622 5623 aﬂ'ectu
3704 5602 3721 5611 ι-

2042 5653 2095 5708 in
2122 5658 2290 5711 rebus
2314 5664 2521 5712 naturas
2555 5656 2824 5729 subjectis
2847 5661 3226 5716 essentialitcr
3245 5668 3501 5717 naturam
3529 5674 3622 5719 su.
