4052 6374
514 379 652 449 liii

1725 389 1787 449 S.
1829 387 2116 450 ΜΛΧΙΜΙ
2155 385 2668 449 CONFESSORIS

3652 387 3771 454 13.19.

513 511 838 570 pergressus
883 507 973 554 est
1001 539 1017 564 ,
1071 501 1349 556 naturalia
1381 539 1397 566 ,
1433 515 1562 557 cum
1619 499 1805 555 omnia
1869 508 2060 569 posset

2208 499 2531 570 ἀρχόμενος.
2568 498 2726 554 Οὕτω
2758 497 2860 571 μὲν
2906 495 3001 554 οὖν
3032 499 3178 556 κατὰ
3209 499 3342 570 μίαν
3363 497 3624 570 ἐπιϐολὴν
3652 500 3772 564 τέως

512 590 694 658 egisse
717 589 984 646 credendi
1007 606 1119 646 non
1145 591 1366 646 initium
1396 590 1549 646 facit.
1588 589 1679 646 Sic
1704 589 1872 661 igitur
1897 603 2102 644 secun-

513 681 646 736 dum
674 696 848 736 unum
875 683 1288 753 interpretandi
1325 683 1552 738 modum
1586 683 1685 737 Dei
1716 681 2010 738 stultitiam
2043 689 2104 737 et

512 771 892 828 inﬁrmitatem
927 783 987 828 et
1021 775 1200 830 lusum
1225 784 1503 844 spectasse
1527 773 1596 828 de
1618 774 1941 843 conjectura
1973 772 2102 828 Ser-

510 878 604 918 mo
623 879 792 919 ausus
822 874 926 930 est,
952 881 1081 921 cum
1134 866 1336 936 quibus
1385 882 1484 936 per
1524 865 2100 936 digressionem,tan-

506 971 674 1026 quam
695 956 956 1026 praeviam
974 958 1496 1026 contemplationem
1518 956 1813 1026 proposita:
1835 957 2099 1026 quaestio-

505 1047 598 1102 nis
633 1047 1004 1116 exetnplarem
1029 1081 1045 1112 ,
1084 1046 1344 1118 abyssum
1384 1061 1604 1115 quoque
1635 1044 1894 1116 abyssum
1938 1043 2096 1097 invo-

504 1147 726 1194 cantem
761 1139 818 1194 in
851 1155 1042 1194 vocem
1073 1139 1386 1194 divinarum
1405 1145 1810 1193 eataractarum
1840 1145 1878 1172 ¹¹¹
1900 1134 2096 1190 Sermo

506 1229 653 1286 hanc
667 1242 903 1286 mentem
917 1232 1222 1302 gnosticam
1241 1246 1364 1286 esse
1380 1229 1707 1300 sapientiam
1726 1229 2092 1292 invocantem,

506 1323 909 1393 interpretatus
955 1324 1158 1378 exilem
1201 1323 1505 1392 quamdam
1539 1320 1930 1392 mysteriorum
1969 1331 2096 1388 qua:

505 1413 682 1468 insint
715 1414 771 1467 in
803 1413 990 1468 divina
1023 1423 1078 1466 et
1113 1412 1386 1466 ineﬁabili
1416 1410 1888 1466 condescensione
1920 1408 2096 1477 signi-

503 1508 822 1564 ﬁcationem
875 1507 1073 1562 edidit.
1125 1507 1370 1579 Abyssus
1415 1507 1563 1562 enim
1615 1513 1671 1560 et
1719 1505 1898 1575 abyssi
1935 1503 2094 1558 locus

501 1601 784 1656 communi
839 1600 1064 1654 nomine
1111 1598 1450 1669 appellatur,
1502 1597 1660 1653 locus
1704 1611 1838 1650 vero
1892 1594 2095 1649 divinae

502 1691 788 1762 sapientiai
819 1707 954 1760 pura
989 1706 1146 1745 mens
1178 1700 1284 1746 est.
1315 1691 1505 1760 Itaque
1537 1705 1664 1744 cum
1712 1687 1780 1743 ad
1817 1685 2093 1755 recipien-

497 1783 632 1838 dum
661 1791 787 1852 apta
814 1791 898 1838 est
921 1782 1155 1854 abyssus
1200 1781 1435 1852 positive
1471 1789 1530 1836 et
1562 1795 1738 1843 mens,
1771 1787 1828 1834 et
1861 1775 2082 1846 sapien-

496 1872 580 1928 tia
612 1887 804 1928 rursus
831 1871 1024 1927 eadem
1077 1879 1306 1942 propter
1346 1885 1504 1926 suam
1541 1877 1796 1924 naturam
1838 1865 2084 1936 appella-

497 1973 620 2022 tur.

840 2144 1029 2202 Altera
1061 2145 1118 2200 in
1150 2145 1290 2200 idem
1332 2143 1729 2216 contemplatio.

559 2250 697 2316 'Alio
748 2268 933 2315 autem
969 2259 1309 2330 prapositam
1361 2258 1729 2328 quaestionem
1768 2255 2088 2312 examinare

493 2351 664 2406 modo
679 2367 804 2406 cum
830 2352 926 2406 Dei
954 2351 1152 2422 gratia,
1178 2349 1654 2420 conjecturaliter,
1681 2363 1794 2402 non
1819 2346 2087 2402 atﬁrmatc

492 2445 630 2514 (hoc
659 2445 807 2499 enim
858 2443 1191 2507 modestum,
1247 2440 1381 2495 illud
1416 2451 1736 2510 protervum
1783 2444 1914 2506 est),
1953 2453 2094 2508 pra:-

490 2536 644 2592 senti
676 2550 932 2590 sermone
983 2533 1205 2605 aggredi
1257 2533 1533 2586 audemus
1561 2571 1576 2595 ,
1627 2537 1938 2584 statuentes
1971 2542 2092 2582 me-

493 2621 719 2677 diorum
756 2621 990 2676 fortasse
1033 2619 1463 2692 prominentiam
1510 2619 1841 2689 aequabilem
1886 2617 2094 2672 haben-

496 2721 611 2768 tem
666 2712 735 2766 ab
784 2711 1240 2767 extremitatibus
1287 2711 1630 2775 distantiam,
1685 2699 1868 2764 lusum
1911 2709 2008 2764 Dei
2058 2723 2092 2764 ti

493 2820 696 2876 magno
732 2804 962 2860 doctore
993 2820 1116 2880 esse
1144 2803 1371 2869 dictam,
1405 2804 1478 2858 ob
1502 2802 1864 2858 ﬂuctuantem
1887 2817 2086 2858 eorum

489 2903 554 2950 et
597 2895 922 2950 mutabilem
968 2897 1286 2960 stationem,
1345 2895 1430 2950 vel
1466 2894 1672 2964 potius,
1717 2893 1866 2964 quod
1909 2893 2085 2965 magis

490 2987 720 3058 proprie
751 2995 859 3053 est,
891 2987 1214 3055 dicendum,
1245 2987 1317 3042 ob
1351 2987 1608 3042 stabilem
1641 2986 2080 3041 ﬂuctuationem.

489 3078 550 3132 Id
572 3078 720 3148 quod
743 3078 912 3132 etiam
939 3078 1144 3132 mirum
1167 3085 1274 3142 est,
1305 3077 1604 3132 stationem
1635 3075 1825 3130 videre
1857 3089 2084 3144 semper

2203 590 2485 662 θεωρῆσαι
2523 592 2586 644 τὸ
2645 592 2828 662 μωρὸν
2860 591 2956 646 τοῦ
3009 591 3148 646 Θεοῦ
3181 593 3276 646 καὶ
3331 591 3394 644 τὸ
3425 589 3650 653 ἀσθενὲς
3692 592 3772 644 καὶ

2205 683 2480 750 παίγνιον,
2523 684 2899 754 στοχαστικῶς
2929 685 2959 738 ό
3009 683 3169 752 λόγος
3217 681 3514 752 ἐτόλμησε,
3550 680 3666 750 μεθ’
3707 675 3772 738 ὧν

2204 773 2650 844 παρεκϐατικῶς,
2677 775 2753 840 ὡς
2781 775 3132 848 προθεωρίαν
3163 773 3675 842 παραδειγματικὴν
3693 771 3772 825 τοῦ

2203 863 2560 936 προτεθέντος
2595 865 2824 937 ἀπόρου,
2848 867 2946 920 καὶ
2970 867 3070 935 τὴν
3100 866 3339 920 ἄϐυσσον
3373 865 3476 934 τὴν
3501 863 3774 916 ὲπικαλου·

2206 956 2376 1028 μένην
2408 957 2508 1028 τὴν
2538 956 2778 1011 ἄϐυσσον
2819 959 2901 1020 είς
2951 957 3138 1027 φωνὴν
3170 955 3280 1009 τῶν
3315 954 3482 1008 θείων
3515 940 3776 1025 καταρρα-

2199 1049 2348 1100 κτῶν
2388 1048 2570 1102 λαϐὼν
2621 1049 2649 1101 ό
2695 1048 2856 1117 λόγος
2905 1049 3030 1101 νοῦν
3068 1047 3371 1116 γνωστικον
3403 1042 3552 1101 εἶναι
3599 1045 3776 1112 σοφίαν

2199 1139 2631 1210 ἐπικαλούμενον
2659 1139 2940 1207 δέξασθαι,
2989 1141 3197 1211 μικράν
3235 1155 3362 1191 τινα
3413 1139 3528 1192 τῶν
3584 1139 3674 1192 ἐπὶ
3717 1140 3775 1208 τῇ

2201 1231 2325 1303 θείᾳ
2349 1233 2443 1286 καὶ
2473 1233 2740 1303 ἁφράστῳ
2777 1231 3197 1300 συγκαταϐάσει
3247 1229 3576 1300 μυστηρίων
3623 1230 3778 1299 ἐμφα-

2200 1339 2286 1375 σιν
2317 1323 2728 1392 παρεδήλωσεν.
2751 1324 3028 1387 ’Λϐυσσος
3072 1321 3184 1392 γὰρ
3218 1323 3316 1374 καὶ
3343 1323 3374 1374 ὁ
3415 1321 3520 1390 τῆς
3552 1318 3774 1374 ἀϐύσσου

2197 1415 2362 1478 τόπος
2392 1415 2705 1486 ὁμωνύμως
2735 1415 3081 1482 ὀνομάζεται,
3113 1413 3282 1476 τόπος
3309 1413 3366 1466 δὲ
3393 1413 3498 1481 τῆς
3527 1412 3678 1474 θείας
3699 1428 3778 1464 σο·

2199 1505 2350 1572 φίας,
2379 1507 2408 1558 ὁ
2437 1503 2678 1576 καθαρὸς
2707 1507 3015 1576 καθέστηκε
3047 1497 3368 1576 νοῦς.’Δρα
3407 1505 3564 1557 θέσει
3595 1503 3678 1556 διὰ
3723 1504 3778 1556 τὸ

2194 1597 2442 1650 δεκτικὸν
2473 1597 2710 1661 ἄϐυσσος
2737 1599 2833 1651 καὶ
2868 1600 2896 1651 ό
2922 1598 3050 1661 νοῦς
3077 1597 3585 1670 προσαγορεύεται,
3609 1597 3702 1648 καὶ
3747 1598 3776 1667 ἡ

2197 1688 2380 1760 (262
2418 1689 2469 1756 ό)
2523 1690 2687 1759 σοφία
2730 1689 2894 1744 πάλιν
2932 1690 2995 1743 τὸ
3045 1689 3179 1743 αὐτὸ
3211 1689 3302 1744 διὰ
3330 1690 3432 1760 τὴν
3463 1689 3631 1758 φύσιν
3658 1704 3779 1742 κατ-

2195 1781 2544 1853 ονομαζεται.

2111 2079 2180 2095 ﬂ

2551 2136 2748 2204 Ἄλλη
2793 2135 3005 2203 θεωρία
3035 2138 3124 2202 εὶς
3154 2134 3221 2188 τὸ
3255 2134 3424 2190 αὐτό.

2265 2249 2405 2306 Καθ’
2461 2249 2652 2319 ἕτερον
2681 2249 2738 2301 δὲ
2791 2247 2853 2301 τὸ
2904 2249 3270 2319 προκείμενον
3317 2249 3534 2320 ἄπορον
3565 2245 3780 2300 διασκοι

2197 2347 2426 2409 ποῦντες
2453 2343 2656 2416 τρόπον
2685 2345 2752 2412 τῇ
2805 2341 3030 2413 βοηθείᾳ
3059 2345 3159 2414 τῆς
3199 2341 3353 2406 θείας
3399 2343 3632 2414 χάριτος
3664 2356 3780 2393 στο-

2194 2437 2498 2511 χαστικῶς,
2529 2435 2645 2490 ἀλλ’
2674 2435 2776 2489 οὐκ
2828 2434 3221 2504 ἀποφαντικῶς
3261 2435 3345 2505 (τὸ
3385 2434 3489 2505 μὲν
3539 2433 3651 2502 γὰρ
3693 2432 3778 2502 μέι

2194 2548 2370 2602 τριον,
2407 2529 2467 2584 τὸ
2499 2529 2558 2582 δὲ
2611 2527 2932 2600 προπετὲς),
2991 2528 3264 2598 ἐγχειρεῖν
3305 2525 3387 2596 τῷ
3430 2525 3777 2597 προκειμένῳ

2191 2621 2346 2694 ῥητῷ
2375 2619 2684 2692 τολμῶμεν,
2733 2617 3037 2686 φάσκοντες
3101 2619 3203 2689 τὴν
3248 2617 3360 2670 τῶν
3407 2617 3596 2687 μέσων
3626 2616 3776 2698 τυχὸν

2193 2713 2486 2786 προϐολὴν,
2521 2714 2664 2766 κατὰ
2689 2712 2752 2766 τὸ
2783 2712 2896 2766 ἴσον
2919 2711 3027 2765 ἀπὸ
3047 2711 3158 2764 τῶν
3173 2711 3361 2782 ἄκρων
3386 2709 3628 2780 ἔχουσαν
3654 2708 3777 2763 ἀπό-

2195 2823 2406 2868 στασιν,
2441 2805 2694 2874 παίγνιον
2747 2803 3004 2876 εἰρῆσθαι
3053 2805 3318 2875 Θεοῦ-τῷ
3353 2807 3587 2876 μεγάλῳ
3638 2805 3777 2860 διδαοη

2193 2897 2402 2969 σκάλῳ,
2441 2897 2530 2952 διὰ
2579 2896 2678 2968 τὴν
2723 2897 3019 2968 ἐπίρρυτον
3051 2897 3236 2950 αὐτῶν
3271 2898 3367 2950 καὶ
3418 2897 3776 2950 εὐαλλοίωτον

2186 2991 2406 3052 στάσιν,
2448 2991 2652 3062 μᾶλλον
2681 2989 2760 3053 δὲ,
2788 2989 3056 3059 στάσιμον
3086 2987 3272 3058 ρεὖσιν
3306 2991 3486 3042 εἰπεῖν
3521 2991 3776 3044 οἰκειότε-

2192 3099 2306 3154 ρον.
2333 3082 2398 3135 "O
2447 3083 2543 3135 καὶ
2575 3079 2902 3152 παράδοξον,
2937 3083 3128 3134 στάσιν
3171 3082 3258 3133 ἀεὶ
3299 3082 3536 3152 ῥέουσαν
3567 3082 3659 3134 καὶ
3689 3097 3775 3148 φει

491 3172 856 3224 ﬂuctuantem
885 3179 943 3225 et
983 3169 1287 3234 labentem,
1335 3177 1392 3223 et
1418 3165 1833 3222 ﬁltctuationem
1864 3180 2084 3236 semper

2198 3172 2432 3243 ρομένην
2459 3171 2710 3238 θεᾶσθαι,
2761 3173 2856 3226 καὶ
2913 3171 3100 3240 ρεῦσιν
3132 3171 3448 3242 ἀεικίνητον
3489 3190 3774 3244 προνοητι-

492 3260 780 3325 mobilem,
831 3259 1063 3330 provide
1115 3273 1312 3314 eorum
1373 3258 1848 3312 emendandorum
1908 3259 2082 3329 gratia

489 3353 768 3408 divinitus
820 3354 1190 3422 excogitatam
1237 3368 1360 3422 quae
1411 3351 1912 3418 administrantur,
1957 3367 2082 3421 quae

489 3445 744 3516 erudire,
773 3443 1137 3514 eruditosque
1163 3444 1232 3498 ad
1267 3443 1595 3514 sapientiam
1635 3442 1914 3498 deducere
1963 3458 2084 3512 pos-

489 3543 597 3600 set,
634 3543 696 3589 ut
724 3549 878 3605 spem
912 3549 1068 3588 suam
1093 3533 1228 3587 alibi
1272 3531 1652 3588 collocandam
1691 3530 2077 3610 transferrent,

488 3637 659 3698 atque
693 3625 750 3679 in
778 3624 886 3680 ﬁne
919 3626 1040 3696 ejus
1073 3625 1131 3678 in
1166 3623 1302 3694 ipsis
1329 3623 1580 3696 mysterii
1605 3623 1674 3678 ad
1700 3624 1875 3678 Deum
1911 3621 2080 3676 ineli-

488 3717 680 3772 nando
745 3717 982 3772 ﬁrmiter
1041 3731 1103 3772 se
1173 3731 1276 3786 per
1327 3715 1565 3787 gratiam
1613 3715 1929 3770 deiﬁcatum
2008 3712 2078 3766 iri

491 3807 814 3866 crederent.
864 3806 1044 3864 Media
1102 3815 1292 3862 autem
1359 3807 1484 3862 dico
1544 3822 1743 3862 eorum
1810 3821 1934 3876 quae
1991 3805 2078 3859 vel

487 3915 641 3956 nunc
686 3899 968 3954 hominem
997 3899 1252 3954 comitari
1279 3898 1562 3963 videntur,
1611 3899 1702 3954 vel
1762 3899 1816 3952 in
1873 3899 2081 3968 quibus

486 3996 660 4048 homo
691 4001 800 4057 est,
831 3992 1370 4046 consummationem
1397 4031 1412 4054 ,
1461 3989 1850 4046 extremitates
1887 3998 2080 4045 contra

485 4101 684 4141 eorum
703 4099 828 4154 quae
852 4099 966 4138 non
992 4082 1252 4138 videntur
1269 4096 1376 4136 nec
1403 4089 1677 4152 apparent
1702 4063 1934 4151 qumque
1955 4095 2080 4134 eer-

489 4176 705 4232 tissime
758 4175 892 4246 olim
927 4173 1263 4228 comitatura
1308 4179 1438 4226 sunt
1493 4170 1779 4226 hominem
1817 4170 2080 4225 substan-

488 4268 647 4332 tiam,
683 4281 808 4338 quae
837 4264 1062 4336 proprie
1083 4279 1150 4320 ac
1165 4278 1296 4320 vere
1318 4261 1626 4318 secundum
1663 4261 1998 4316 ineﬁ‘abilem
2023 4268 2081 4316 ct

487 4360 850 4432 principalem
870 4357 1034 4412 linem
1051 4365 1110 4412 et
1130 4357 1401 4412 rationem
1419 4355 1623 4409 divinae
1641 4354 1902 4408 bonitatis
1922 4353 2081 4408 insti-

487 4461 608 4506 tuta
629 4462 793 4522 atque
811 4451 954 4504 facta
975 4457 1126 4504 sunt.
1148 4445 1622 4516 Quemadmodum
1641 4446 1866 4516 sapiens
1886 4445 2078 4500 Eccle-

487 4543 685 4598 siastes
717 4557 974 4613 magnum
997 4549 1054 4596 et
1085 4542 1296 4596 clarum
1315 4539 1514 4594 animae
1545 4538 1770 4593 oculum
1808 4538 1864 4591 in
1883 4549 2077 4591 eorum

487 4649 612 4704 qua;
629 4634 890 4688 videntur
908 4640 965 4687 et
983 4631 1251 4686 ﬂuctuant
1275 4630 1691 4702 generationem
1717 4635 2072 4686 convertens,

485 4733 545 4780 et
569 4724 724 4793 quasi
758 4723 815 4776 in
841 4721 1060 4777 visione
1101 4737 1298 4776 eorum
1323 4737 1446 4791 qum
1496 4736 1629 4775 vere
1681 4726 1814 4774 sunt
1849 4717 2076 4773 condita

487 4824 655 4885 atque
680 4815 820 4868 facta
837 4814 1177 4868 constitutus
1203 4814 1314 4868 ait:
1343 4813 1481 4878 Quid
1509 4812 1744 4884 estquod
1776 4811 1876 4882 fuit
1895 4822 1920 4849 η
1937 4811 1960 4864 ?
1978 4819 2069 4864 et:

487 4911 630 4978 Quid
642 4919 731 4967 .est
754 4910 893 4981 quod
919 4909 1118 4979 factum
1153 4910 1258 4962 est?
1287 4908 1468 4978 Ipsum
1493 4910 1632 4980 quod
1658 4908 1748 4976 [iet
1767 4917 1788 4939 °
1825 4926 1840 4962 :
1873 4925 2072 4964 eorum

489 5001 751 5057 videlicet
766 5017 980 5056 memor
994 5016 1117 5072 quae
1135 5001 1187 5053 in
1202 4999 1479 5070 principio
1491 5015 1722 5070 quaeque
1736 4999 1788 5052 in
1805 4999 1910 5054 ﬁne
1921 5009 2072 5066 sunt,

489 5100 554 5146 ut
569 5108 694 5162 quae
721 5094 916 5149 eadem
943 5093 1058 5147 sint
1071 5100 1129 5148 et
1153 5090 1482 5154 reverasint,
1501 5105 1628 5144 cum
1655 5105 1850 5144 eorum
1881 5102 2077 5145 contra

485 5197 613 5254 quae
641 5185 696 5238 in
730 5185 916 5240 medio
949 5191 1079 5240 sunt
1113 5191 1171 5238 et
1210 5188 1552 5253 praetereunt
1583 5181 1738 5234 nullo
1786 5179 1862 5234 ibi
1907 5179 2076 5234 modo

485 5274 824 5332 meminerit.
883 5276 1184 5345 Postquam
1237 5273 1392 5329 enim
1439 5272 1704 5342 magister
1757 5271 1905 5342 quod
1955 5271 2073 5342 ipse

485 5367 794 5438 praesertim
846 5367 1066 5438 egregie
1109 5374 1366 5437 poterat,
1415 5365 1485 5420 de
1523 5363 1793 5434 peculiari
1833 5363 2072 5434 quadam

481 5457 810 5514 animalium
834 5466 892 5514 et
942 5459 1188 5528 lapidum
1229 5466 1426 5512 natura
1454 5497 1468 5521 ,
1507 5472 1572 5512 ac
1625 5457 1958 5527 simpliciter
1995 5456 2068 5512 de

481 5551 680 5606 multis
711 5550 928 5606 inﬁnite
968 5567 1090 5620 qua:
1122 5551 1176 5604 in
1217 5551 1385 5605 rebus
1425 5549 1825 5605 exsistentibus
1872 5549 2070 5605 obser-

437 5645 453 5662 '
482 5648 688 5698 vantur
713 5641 1037 5712 disputavit,
1072 5642 1164 5698 bis
1189 5641 1344 5696 addit
1375 5659 1388 5695 :
1422 5661 1439 5694 ι
1475 5641 1643 5696 Ludit
1670 5642 1818 5697 enim
1849 5658 2067 5697 summa

547 5805 589 5835 ιη
621 5791 766 5849 Psal.
799 5807 906 5860 xu,
938 5796 990 5850 8.
1046 5805 1068 5832 π
1103 5795 1284 5850 Ecclc.
1321 5811 1358 5860 ι,
1388 5796 1442 5850 9.

2189 3265 2304 3328 κῶς
2349 3267 2452 3335 τῆς
2508 3264 2617 3318 τῶν
2671 3263 3144 3334 οἰκονομουμένων
3191 3263 3382 3316 ἕνεκεν
3438 3261 3774 3334 βελτιώσεως

2191 3353 2376 3408 θεόθεν
2406 3353 2859 3426 ἐπινενοημένην,
2898 3355 3026 3417 τοὺς
3063 3353 3129 3406 δι’
3171 3353 3344 3424 αὐτῆς
3388 3355 3772 3422 παιδαγωγου-

2193 3447 2392 3518 μὲνους
2421 3446 2641 3516 σοφίσαι
2684 3445 3016 3516 δυναμένην,
3045 3445 3281 3516 ἀλλαχοῦ
3335 3447 3770 3516 μεταστήσεσθαι

2190 3539 2410 3602 πάντως
2433 3537 2694 3603 ἐλπίζειν,
2721 3537 3027 3609 καὶοπέρας
3055 3537 3153 3589 τοῦ
3197 3539 3318 3590 κατ’
3345 3537 3524 3607 αὐτὴν
3553 3539 3643 3591 ἐπ’
3677 3537 3769 3592 αὖ·

2185 3633 2300 3693 τοῖς
2335 3631 2638 3701 μυστηρίου
2666 3631 2732 3700 τῇ
2767 3629 2907 3700 πρὸς
2934 3629 3068 3681 Θεὸν
3091 3627 3270 3682 νεύσει
3302 3627 3544 3699 βεϐαίως
3573 3629 3660 3684 διὰ
3679 3629 3769 3694 τῆς

2187 3725 2410 3794 χάριτος
2438 3723 2820 3794 θεωθήσεσθαι
2855 3722 3159 3776 πιστεύειν.
3198 3723 3356 3777 Μέσα
3384 3725 3441 3776 δὲ
3485 3723 3636 3790 λέγω
3676 3723 3767 3794 τὴν

2187 3814 2295 3867 τῶν
2325 3815 2624 3885 ὁρωμένων
2655 3815 2748 3867 καὶ
2787 3813 2883 3868 νῦν
2927 3813 3056 3884 περὶ
3085 3813 3175 3868 τὸν
3213 3815 3506 3886 ἄνθρωπον
3539 3815 3704 3870 όντων
3731 3813 3762 3882 ἢ

2186 3905 2246 3957 ὲν
2287 3899 2425 3968 οἷς-ό
2454 3904 2740 3978 ἄνθρωπος
2780 3904 3199 3978 συμπλήρωσιν,
3248 3907 3394 3978 ἄκρα
3421 3907 3481 3960 δὲ
3529 3907 3632 3978 τὴν
3663 3906 3764 3961 τῶν

2191 3996 2266 4068 μὴ
2327 3998 2671 4067 φαινομένων
2718 3996 2812 4052 καὶ
2850 3998 2981 4068 περὶ
3027 3999 3121 4052 τὸν
3171 3998 3467 4070 ἄνθρωπον
3523 3999 3764 4070 ἀψευδῶς

2186 4088 2409 4142 ἔσεσθαι
2463 4089 2769 4159 μελλόντων
2823 4090 3144 4156 ὑπόστασιν,
3173 4089 3281 4142 τῶν
3313 4091 3522 4162 κυρίως
3573 4108 3634 4146 τε
3673 4094 3762 4144 καὶ

2193 4181 2412 4252 ἀληθῶς
2436 4181 2577 4235 κατὰ
2608 4181 2701 4234 τὸν
2729 4182 2968 4252 ἄρρητον
2997 4181 3092 4236 καὶ
3124 4181 3538 4252 προηγούμενον
3569 4183 3760 4236 σκοπόν

2185 4290 2245 4326 τε
2275 4273 2369 4326 καὶ
2400 4273 2558 4341 λόγον
2585 4272 2688 4341 τῆς
2717 4273 2870 4334 θείας
2912 4271 3251 4341 ἁγαθότητος
3283 4273 3677 4342 πεποιημένων
3705 4288 3760 4324 τε

2187 4364 2285 4417 καὶ
2311 4362 2720 4432 γεγενημένων.
2786 4359 2982 4424 Καθὼς
3027 4362 3056 4414 ὁ
3108 4360 3270 4428 σοφὸς
3331 4360 3759 4432 Ἐκκλησιαστὴς

2190 4452 2412 4524 μεγάλῳ
2467 4469 2526 4505 τε
2569 4451 2668 4504 καὶ
2725 4451 2910 4522 τρανῷ
2961 4451 3140 4522 ψυχῆς
3206 4450 3417 4522 ὄμματι
3468 4453 3582 4506 τῶν
3632 4456 3760 4524 ὀρω-

2189 4544 2366 4614 μένων
2421 4559 2482 4595 τε
2539 4542 2632 4596 καὶ
2686 4545 2922 4614 ῥεόντων
2978 4541 3304 4614 ὑπερκύψας
3360 4542 3462 4614 τὴν
3527 4543 3754 4612 γένεσιν,

2183 4635 2279 4689 καὶ
2339 4630 2452 4688 οἷον
2510 4635 2569 4686 ὲν
2625 4633 2901 4706 φαντασίᾳ
2979 4635 3091 4688 τῶν
3169 4633 3388 4704 ἀληθῶς
3450 4634 3756 4704 πεποιημέ-

2181 4743 2291 4780 νων
2323 4741 2385 4778 τε
2440 4726 2535 4778 καὶ
2579 4727 2968 4796 γεγενημένων
3019 4725 3314 4796 γενόμενος
3340 4741 3354 4756 ο
3392 4726 3452 4780 Τί
3481 4728 3549 4779 τὸ
3599 4741 3754 4796 γεγε-

2173 4816 2479 4886 νημένονς
2552 4817 2700 4870 αὐτὸ
2770 4817 2837 4870 τό
2920 4817 3366 4886 γενησόμενον-ο
3421 4818 3520 4870 καὶ
3587 4819 3642 4870 τι
3693 4815 3752 4869 τὸ

2180 4907 2634 4976 πεποιημένον;
2679 4908 2856 4972 Αὐτὸ,
2905 4910 3060 4980 φησὶ,
3115 4909 3185 4963 τὸ
3232 4912 3748 4978 ποιηθησόμενονο

2175 5001 2286 5054 τῶν
2314 4999 2548 5072 πρώτων
2594 4999 2794 5070 δηλαδὴ
2833 5001 2928 5053 καὶ
2983 5001 3093 5053 τῶν
3142 5001 3470 5054 τελευταίων
3522 5003 3748 5070 ἐπιμνη-

2180 5093 2354 5157 σθεὶς,
2390 5091 2466 5156 ὡς
2495 5093 2605 5146 τῶν
2633 5088 2816 5146 αὐτῶν
2841 5091 3139 5146 όντωνοκαὶ
3167 5093 3386 5164 ἀληθῶς
3426 5093 3617 5154 όντων,
3648 5091 3746 5144 τῶν

2173 5188 2232 5242 δὲ
2259 5188 2441 5259 μέσων
2467 5187 2564 5241 καὶ
2588 5187 3022 5258 παρερχομένων
3043 5187 3276 5251 οὐδόλως
3308 5187 3454 5241 κατὰ
3479 5187 3571 5241 τὸν
3594 5184 3744 5238 τόπον

2180 5278 2460 5350 μνησθείς.
2485 5277 2641 5332 Μετὰ
2664 5281 2775 5349 γὰρ
2803 5277 2864 5330 τὸ
2892 5276 3150 5342 ἐξελθεῖν,
3183 5278 3259 5341 ὡς
3284 5273 3398 5332 οἷόν
3418 5294 3481 5330 τε
3499 5273 3567 5348 ἦν
3589 5290 3742 5347 μεγα-

2174 5369 2385 5438 λοφυῶς
2420 5371 2605 5440 (263
2643 5370 2698 5440 a)
2741 5369 2974 5438 μάλιστα
3003 5369 3472 5443 τὸνβιδάσκαλον,
3497 5369 3624 5442 περί
3667 5383 3738 5420 τι·

2175 5479 2264 5525 νος
2293 5462 2510 5532 φύσεως
2540 5457 2696 5526 ζώων
2727 5463 2822 5515 καὶ
2847 5462 3033 5526 λίθων,
3064 5462 3160 5516 καὶ
3186 5461 3378 5526 ἁπλῶς
3409 5463 3584 5515 εἰπεῖν
3603 5455 3738 5528 ἀορί-

2175 5574 2316 5620 στως
2349 5559 2480 5630 περὶ
2515 5557 2729 5611 πολλῶν
2775 5555 2884 5610 τῶν
2915 5559 2974 5610 ὲν
3006 5560 3121 5621 τοῖς
3161 5557 3284 5611 οὖσι
3339 5555 3734 5628 θεωρουμένων,

2171 5649 2426 5724 ἐπιφέρει
2453 5649 2684 5715 τούτοις⁸
2721 5648 2979 5729 ιΠαίζει
3016 5648 3124 5720 γὰρ
3156 5648 3330 5718 Λόγος
3357 5649 3524 5713 αίπὺς
3561 5649 3617 5700 ἐν
3664 5640 3736 5696 εί·
