4052 6432
292 428 434 492 1413

1493 427 2015 489 AMBIGUORUM
2056 428 2306 489 LIBER.

3410 417 3540 488 1414

286 538 410 594 Beat
440 537 845 603 παντοδαποῖσι,
892 535 1088 609 κρίνας
1115 535 1189 600 ὡς
1237 536 1284 568 ⁸⁸
1319 535 1491 590 ἐθέλει
1535 539 1740 608 κόσμον
1787 540 1873 593 εἶν

1998 540 2135 595 latio
2189 541 2245 594 in
2290 539 2485 595 formis
2534 538 2901 605 omnimodis,
2941 539 3264 595 discernens
3302 539 3552 609 qualibet

290 630 425 686 ἔνθα
458 633 554 685 καί⁸
587 630 717 684 ἔνθα
746 631 880 699 (70).
913 648 932 681 ι
980 631 1214 699 Μήποτε
1243 628 1338 681 οὖν
1367 628 1551 692 καθὼς
1598 630 1759 693 αὐτὸς
1814 631 1873 684 ὲν

1998 633 2245 689 nundum
2273 648 2435 688 suum
2471 634 2601 688 hinc
2630 643 2686 688 et
2714 635 2886 689 illinc.
2922 653 2939 686 ι
2976 634 3167 689 Nonne
3196 634 3366 705 igitur
3399 632 3552 687 simi-

289 723 376 794 τῷ
403 724 501 792 τῆς
525 722 688 790 ἁγίας
711 721 1095 792 Πεντηκοστῆς
1122 721 1266 791 λόγῳ
1286 721 1440 789 φησὶ,
1466 720 1596 790 περὶ
1622 720 1874 791 θεότητος

1974 725 2104 780 liter
2133 733 2297 795 atque
2330 726 2447 795 ipse
2477 726 2532 779 in
2574 741 2830 780 sermone
2874 739 3042 780 sacra:
3073 726 3446 788 Pentecostcs,
3483 725 3552 778 de

295 813 514 880 διεξιὼν
541 815 636 866 καὶ
664 813 891 884 κτιστῆς
913 812 1150 882 φύσεως,
1177 831 1195 864 ι
1217 812 1354 875 Ἕως
1375 812 1634 883 ἑκάτερον
1660 813 1753 865 ἐπὶ
1777 812 1875 881 τῆς

1998 818 2092 871 )eo
2138 826 2194 871 et
2226 816 2446 871 condita
2499 829 2696 871 natura
2745 817 3047 882 disserens,
3097 817 3173 871 ait
3222 836 3239 868 ι
3295 815 3552 882 Quandiu

296 902 439 966 ιδίας
469 901 645 971 μένει,
693 902 754 954 τὸ
789 902 887 971 μὲν
925 900 1234 971 περιωπῆς,
1262 899 1324 953 τδ
1370 900 1426 953 δὲ
1465 900 1871 965 ταπεινώσεως,

291 994 528 1065 ἄμικτος
548 995 580 1064 ἡ
605 993 879 1063 άγαθότης
901 993 994 1045 καὶ
1006 992 1064 1045 τὸ
1082 991 1463 1062 φιλάνθρωπον
1489 991 1874 1060 ἀκοινώνητον,

290 1086 395 1139 καὶ
410 1087 596 1155 χάσμα
612 1085 753 1155 μέγα
772 1088 830 1138 ὲν
850 1086 999 1155 μέσῳ
1013 1087 1106 1138 καὶ
1119 1084 1425 1147 άδιάὸατον,
1444 1085 1505 1137 οὑ
1520 1084 1610 1136 τὸν
1626 1082 1879 1135 πλούσιον

292 1176 393 1230 τοῦ
428 1176 682 1245 Λαζάρου
711 1175 935 1228 καὶτῶν
965 1175 1209 1245 ὀρεκτῶν
1252 1173 1346 1227 τοῦ
1390 1173 1642 1246 Ἀϐραάμ
1665 1172 1880 1226 κόλπων

290 1269 556 1338 διεῖργον,
589 1267 853 1321 πᾶσανδὲ
890 1267 991 1336 τὴν
1031 1266 1267 1335 γενητὴν
1316 1266 1477 1334 φύσιν
1523 1267 1621 1319 καὶ
1652 1265 1881 1336 ῥέουσαν
1934 1270 1948 1284 ’

291 1359 401 1427 τῆς
451 1359 718 1428 άγενήτου
768 1374 861 1409 και
896 1355 1225 1425 ἐστηκυίας;
1268 1375 1287 1408 ι
1347 1350 1416 1426 ᾯ
1446 1356 1776 1426 παρεμφερῆ
1822 1370 1880 1406 τε

295 1448 397 1500 καὶ
426 1448 589 1517 ὅμοια
638 1447 732 1500 καὶ
759 1448 788 1500 ὁ
814 1446 1080 1516 θεηγόρος
1125 1446 1297 1515 μέγας
1333 1446 1668 1516 διεξέρχεται
1694 1444 1882 1519 Διονιξ-

298 1554 418 1600 σιος
474 1538 502 1589 ὀ
549 1537 945 1607 Ἀρεοπαγίτης
990 1540 1234 1604 φάσκωνο
1284 1556 1301 1587 τι
1328 1536 1634 1606 Τολμητέον
1683 1535 1740 1588 δὲ
1791 1536 1885 1587 καὶ

294 1630 463 1683 τοῦτο
494 1629 636 1700 ὑπὲρ
662 1630 920 1698 ἀληθείας
951 1631 1147 1692 εἰπεῖν,
1186 1630 1267 1682 ὅτι
1298 1631 1389 1682 καὶ
1416 1628 1578 1691 αὐτὸς
1614 1631 1640 1681 ὁ
1670 1628 1884 1680 πάντων

299 1721 480 1785 αἴτιος
524 1720 600 1790 τῷ
651 1720 801 1790 καλῷ
845 1720 943 1773 καὶ
989 1718 1179 1789 ἀγαοῷ
1220 1719 1327 1772 τῶν
1358 1720 1576 1773 πάντων
1613 1718 1777 1787 ἔρωτι
1817 1715 1885 1769 δι’

300 1812 616 1888 ὑπερϐολὴν
675 1810 774 1880 τῆς
824 1810 1097 1879 ἐρωτικῆς
1158 1810 1492 1878 άγαθότητος
1544 1808 1649 1873 ἔξω
1691 1804 1885 1861 ἑαυτοῦ

297 1903 537 1971 γίνεται,
569 1903 691 1965 ταῖς
731 1904 812 1965 είς
850 1903 919 1955 τά
951 1901 1081 1956 ὄντα
1115 1901 1293 1955 πάντα
1323 1902 1621 1972 προνοίαις,
1655 1903 1750 1954 καὶ
1777 1895 1887 1953 οἷον
1920 1896 1960 1950 Β

300 1994 607 2062 ἀγαθότητι
639 1995 733 2047 καὶ
766 1993 1048 2062 ἀγαπήσει
1081 1994 1174 2045 καὶ
1200 1992 1365 2064 ἑρωτι
1404 1992 1676 2060 θέλγεται,
1706 1991 1798 2043 καὶ
1830 1994 1893 2043 ἐκ

300 2082 405 2136 τοῦ
445 2083 586 2150 ὑπὲρ
615 2084 795 2135 πάντα
838 2082 932 2136 καὶ
966 2082 1143 2135 πάντα
1176 2081 1274 2135 καὶ
1303 2082 1521 2134 πάντων
1554 2078 1891 2151 ὲξῃρημένου

304 2173 448 2244 πρὸς
482 2175 541 2224 τὸ
578 2175 635 2225 ἐν
686 2174 821 2226 πᾶσι
855 2173 1175 2238 κατάγεται,
1220 2173 1338 2224 κατ’
1371 2171 1694 2241 ἐκστατικὴν
1728 2170 1894 2239 ὑπερ-

305 2263 492 2316 ούσιον
541 2263 772 2333 δύναμιν
820 2260 1209 2330 ἀνεκφοίτητον
1240 2261 1433 2314 ἑαυτοῦ
1462 2260 1595 2331 (71).
1630 2280 1648 2311 ι
1683 2260 1894 2331 Μήπως

305 2350 429 2419 οὖν,
456 2353 637 2417 καθὼς
674 2353 832 2422 ἔφην,
871 2355 982 2407 κὰκ
1007 2353 1211 2407 τούτων
1240 2355 1333 2406 τὸν
1361 2350 1626 2422 περὶτοῦ,
1663 2370 1679 2398 ι
1706 2351 1895 2416 Παίζει

307 2448 425 2518 γάρ
479 2448 652 2514 Λόγος
697 2445 888 2511 αἰπὺς,
921 2463 940 2497 ι
988 2445 1264 2516 ὲτιιτόμως
1313 2443 1647 2498 άποδοθὲντα
1696 2443 1896 2515 τρόπον

309 2537 629 2603 ὲξαπλῶσαι
662 2536 805 2589 κατὰ
827 2534 1069 2589 διάνοιαν
1094 2534 1351 2604 τοιαύτην
1380 2535 1511 2605 ἡμῖν
1542 2531 1897 2587 ἐστιδυνατδν

311 2630 640 2699 φάσκουσιν,
689 2626 904 2696 ’Ὥσπερ
949 2625 1001 2678 oi
1054 2627 1232 2694 γονεῖς
1278 2625 1389 2694 (ἵνα
1434 2627 1547 2688 τοῖς
1593 2623 1715 2677 καθ’
1748 2624 1895 2694 ἡμᾶς

312 2719 724 2790 παραδείγμασι
782 2718 1074 2789 χρήσωμαι
1128 2719 1207 2780 είς
1259 2718 1359 2788 τὴν
1414 2716 1523 2770 τῶν
1566 2716 1707 2787 ὑπὲρ
1750 2716 1898 2787 ἡμᾶς

314 2811 662 2883 πραγμάτων
693 2807 1065 2880 ὑπογραφὴν),
1104 2809 1356 2881 ἀφορμάς
1376 2812 1490 2873 τοῖς
1518 2808 1725 2872 τέκνοις
1753 2823 1898 2880 παρ-

314 2904 533 2974 έχοντες
584 2899 686 2972 τὴν
739 2897 1042 2955 νωθείαν⁸⁷
1082 2897 1476 2951 άποσείσασθαι
1550 2895 1898 2965 συγκαταϐά-

316 3011 461 3058 σεως
488 2993 712 3066 τρόπῳ,
767 2990 986 3045 δοκοῦσι
1032 2991 1174 3044 κατὰ
1224 2990 1642 3060 συμπεριφοράν
1674 2986 1899 3042 παιδικά

313 3089 550 3155 παίγνια
591 3083 853 3154 μετιέναι,
882 3082 958 3146 ὡς
995 3084 1127 3153 φέρε
1170 3082 1344 3134 εἰπεῖν
1382 3078 1753 3151 καρυατίζειν,
1803 3079 1898 3132 καὶ

313 3178 685 3250 ἁλτραγάλοις
732 3175 851 3246 μετ’
899 3174 1076 3228 αὐτῶν
1133 3171 1674 3244 συμπεριφέρεσθαι,
1726 3172 1759 3243 ἧ
1806 3172 1898 3224 καὶ

316 3271 456 3342 ἄνθη
490 3268 764 3339 πολύχροα
794 3266 1003 3329 τούτοις
1050 3264 1460 3336 παρατιθέντες,
1504 3265 1596 3316 καὶ
1638 3263 1818 3334 (263
1849 3262 1900 3331 ὁ)

317 3362 652 3431 Μλυϐαφείς
705 3359 939 3430 ἐσθῆτας
1005 3357 1113 3410 τῶν
1158 3356 1463 3427 αἰσθήσεων
1516 3356 1902 3427 θελκτηρίους,

317 3455 542 3524 ἀπῆγον
582 3453 614 3525 ἢ
650 3451 1042 3520 κατέπληττον,
1077 3449 1151 3513 ὡς
1177 3448 1285 3502 τῶν
1310 3448 1521 3502 παίδων
1548 3451 1743 3519 ἑτέραν
1771 3449 1907 3510 τέως

317 3545 591 3618 ἐργασίαν
628 3545 729 3598 οὐκ
756 3543 1011 3613 ἐχόντων,
1046 3540 1185 3611 μετὰ
1216 3539 1388 3610 βραχὺ
1408 3539 1463 3592 δὲ
1490 3538 1581 3591 καὶ
1614 3538 1906 3607 παιδευτη-

322 3640 465 3713 ρίοις
514 3638 711 3701 αὐτοὺς
762 3636 870 3688 τῶν
915 3634 1118 3702 γονέων
1170 3631 1591 3703 παραδιδόντων,
1636 3626 1757 3683 εἶτα
1816 3629 1909 3681 καὶ

316 3730 488 3798 λόγου
517 3724 848 3797 τελεωτέρου
890 3724 983 3777 καὶ
1030 3722 1377 3792 πραγμάτων
1420 3720 1565 3773 ἰδίων
1596 3719 1909 3789 μεταδιδόν-

316 3839 455 3886 των,
481 3819 625 3874 οὓτω
650 3819 811 3889 τυχὸν
854 3816 951 3870 καὶ
983 3814 1076 3868 τὸν
1107 3814 1200 3868 ἐπὶ
1256 3814 1478 3867 πάντων
1509 3811 1641 3864 Θεὸν
1669 3827 1802 3881 φησι
1823 3810 1910 3863 διὰ

315 3915 436 3971 τῶν
468 3912 772 3984 εἰρημένων
799 3911 827 3963 ὁ
855 3907 1174 3969 διδάσκαλος
1210 3906 1299 3961 διὰ
1344 3908 1443 3976 τῆς
1492 3904 1629 3966 τέως
1673 3902 1911 3973 ἱστοριῶ-

316 4007 452 4069 δους
483 4004 590 4057 τῶν
624 4002 964 4073 φαινομένων
997 3999 1314 4069 κτισμάτων
1356 3996 1572 4067 φύσεως
1605 3997 1685 4058 είς
1707 3995 1912 4066 ἔκπλη-

324 4096 477 4167 ξινῆ
520 4096 612 4149 καὶ
640 4093 946 4161 ἀπαγωγὴν
987 4091 1074 4144 διὰ
1114 4090 1213 4161 τῆς
1262 4087 1442 4144 αὐτῶν
1474 4089 1602 4152 θέας
1644 4088 1738 4141 καὶ
1767 4087 1910 4155 γνώ-

326 4206 471 4253 σεως
532 4187 627 4243 νῦν
679 4189 827 4258 ἡμᾶς
881 4180 969 4238 οἷα
1034 4184 1229 4255 κομιδῇ
1284 4182 1479 4243 παῖδας
1534 4179 1908 4251 ἐμϐάλλοντα,

324 4281 525 4335 ἔπειτα
578 4278 671 4333 καὶ
724 4278 824 4349 τὴν
874 4275 981 4330 τῶν
1039 4275 1097 4328 ὲν
1145 4273 1329 4335 αὐτοῖς
1381 4270 1911 4341 πνευματικωτέρων

324 4374 509 4441 λόγων
555 4369 789 4442 θεωρίαν
846 4367 1078 4431 ὲνιέντα,
1145 4365 1240 4419 καὶ⁷
1295 4363 1604 4417 τελευταῖον
1663 4364 1757 4417 ἐπὶ
1814 4363 1913 4431 τὴν

329 4465 529 4522 ἑαυτοῦ
558 4464 737 4526 καθώς
766 4465 914 4516 ἐστιν
954 4458 1176 4529 ἐφικτὸν
1211 4457 1297 4511 διὰ
1332 4457 1610 4525 θεολογίας
1644 4473 1915 4526 μυστικω-

1978 916 2213 977 uterque
2243 907 2297 961 in
2330 908 2573 977 propriis
2598 908 2887 970 manserit,
2922 909 3067 963 Deus
3113 908 3326 963 scilicet
3370 906 3425 960 in
3454 922 3553 960 sua

1980 999 2225 1068 specula,
2271 1007 2328 1054 et
2374 999 2540 1054 homo
2566 999 2619 1053 in
2663 999 2977 1053 humilitate
3021 1016 3140 1063 sua,
3188 1014 3294 1053 nec
3334 997 3555 1051 bonitas

1980 1090 2328 1156 miscebitur,
2382 1105 2486 1144 nec
2518 1089 2835 1160 benignitas
2865 1090 3370 1145 communicabitur
3393 1130 3408 1154 ,
3459 1086 3556 1143 sed

1979 1182 2091 1236 erit
2118 1196 2350 1251 magnus
2371 1189 2427 1236 et
2453 1197 2563 1236 non
2600 1182 2962 1251 permeabilis
2982 1181 3166 1236 hiatus
3188 1181 3515 1250 interiectus
3542 1218 3557 1238 .

1980 1289 2093 1328 non
2121 1273 2350 1327 divitem
2383 1289 2413 1326 a
2444 1272 2651 1327 Lazaro
2679 1281 2736 1328 et
2765 1273 3011 1342 expetito
3037 1272 3275 1326 Abrahae
3311 1271 3436 1324 sinu
3474 1268 3562 1322 di-

1983 1365 2188 1419 rimens
2217 1375 2265 1429 P,
2305 1380 2496 1420 verum
2526 1374 2868 1434 procreatam
2898 1376 2954 1420 et
2976 1364 3177 1417 ﬂuxam
3208 1371 3461 1416 naturam
3493 1362 3563 1414 ab

1984 1455 2229 1510 increata
2268 1464 2323 1509 et
2362 1456 2612 1510 stabili?»
2648 1455 2743 1509 llis
2776 1464 3148 1509 consentanea
3176 1462 3341 1523 atque
3364 1452 3564 1507 similia

1985 1565 2216 1619 magnus
2239 1550 2336 1603 Dei
2359 1534 2536 1619 praeco
2559 1550 2907 1619 persequitur
2929 1549 3220 1619 Dionysihs
3239 1545 3565 1615 Areopagita

1987 1642 2180 1695 dicens
2209 1659 2222 1694 :
2250 1662 2266 1692 ι
2299 1643 2435 1696 Nam
2469 1642 2787 1696 audendum
2815 1649 2901 1695 est
2922 1643 3027 1694 hoc
3043 1641 3209 1693 etiam
3232 1638 3300 1692 de.
3328 1638 3565 1691 veritate
3617 1704 3622 1709 .

1988 1733 2195 1795 dicere,
2237 1733 2381 1801 quod
2415 1734 2649 1802 ipsemet
2677 1733 2926 1786 omnium
2957 1747 3141 1785 rerum
3166 1730 3290 1784 fons
3318 1738 3372 1784 et
3401 1744 3569 1783 causa
3620 1789 3625 1803 ν

1990 1825 2222 1895 pulchro
2259 1833 2315 1879 et
2353 1825 2499 1879 bono
2536 1833 2864 1879 cunctorum
2893 1839 3105 1888 amore,
3130 1832 3355 1891 propter
3384 1833 3573 1896 cxccs-
3620 1806 3626 1844 ³

1993 1932 2115 1971 sum
2153 1916 2419 1971 bonitatis
2466 1916 2859 1971 amantissimae
2900 1924 3055 1968 extra
3098 1928 3158 1967 se
3203 1910 3423 1966 exsistit
3470 1923 3570 1978 per
3660 1958 3673 1967 ρ

1995 2024 2181 2063 rerum
2228 2008 2475 2062 omnium
2514 2007 2916 2077 providentias,
2959 2016 3016 2060 et
3062 2006 3221 2074 quasi
3267 2003 3574 2057 delectatur

1994 2100 2269 2171 ejusmodi
2296 2100 2545 2155 bonitate
2574 2110 2631 2154 et
2662 2099 2931 2154 charitate
2964 2108 3021 2153 et
3056 2111 3267 2159 amore,
3312 2102 3392 2158 et,
3447 2107 3573 2146 cum

1995 2193 2068 2248 sit
2108 2208 2273 2262 supra
2306 2192 2492 2247 omnia
2515 2201 2572 2247 et
2600 2192 2783 2245 omnia
2812 2200 2869 2246 et
2892 2206 2959 2245 ex
2981 2189 3243 2244 omnibus
3263 2195 3573 2255 exemptus,

1996 2284 2065 2339 ad
2105 2283 2417 2337 universale
2441 2282 2757 2347 deducitur,
2787 2282 3092 2336 secundum
3118 2280 3445 2335 exstaticam
3480 2293 3577 2332 su-

1995 2375 2437 2444 pernaturalem,
2465 2390 2588 2443 quae
2626 2374 2871 2442 seipsum
2911 2371 3060 2426 haud
3111 2371 3369 2431 deserat,
3405 2369 3581 2423 virtu-

1997 2471 2130 2519 tem.
2169 2482 2188 2515 ι
2226 2463 2481 2517 Fortasse
2514 2463 2703 2533 igitur,
2735 2472 2796 2516 ut
2831 2462 2968 2523 dixi.
3008 2476 3185 2514 meam
3213 2460 3382 2522 illius,
3413 2477 3430 2508 ι
3470 2457 3581 2511 Lu-

1997 2551 2081 2606 dit
2114 2551 2263 2606 enim
2295 2552 2458 2606 Ratio
2490 2567 2726 2616 summa,
2769 2567 2935 2621 quam
2988 2550 3182 2620 paucis
3220 2548 3449 2618 exposui
3489 2563 3581 2601 ra-

1999 2645 2206 2699 tionem
2227 2660 2295 2699 ex
2323 2644 2409 2697 his
2432 2659 2655 2713 quoque
2685 2652 2742 2698 et
2778 2644 2832 2697 in
2873 2644 3016 2697 hanc
3043 2642 3375 2697 sententiam
3406 2641 3581 2694 inter-

1997 2734 2206 2803 pretari
2252 2732 2417 2787 nobis
2468 2733 2654 2797 liceat,
2698 2733 2779 2786 uti
2824 2732 3079 2787 dicamus
3124 2749 3137 2784 :
3193 2730 3352 2785 Sicut
3388 2744 3584 2801 paren-

2001 2833 2084 2881 tes
2121 2828 2204 2893 (ut
2226 2834 2429 2879 nostra:
2460 2826 2587 2880 vitae
2619 2825 2888 2893 exemplis
2935 2833 3061 2878 utar
3089 2823 3157 2878 ad
3201 2838 3290 2877 res
3332 2838 3457 2892 quae
3492 2837 3585 2876 su-

1997 2927 2198 2989 perant
2219 2933 2319 2973 nos
2342 2914 2750 2988 delineandas),
2782 2918 2974 2987 pueris
3023 2917 3299 2988 pigritiam
3326 2924 3586 2970 excutere

1999 3007 2288 3063 studentes
2316 3005 2807 3062 condescensionis
2828 3005 2994 3059 modo
3020 3021 3139 3060 sese
3168 3004 3588 3059 accommodant

1998 3098 2314 3168 etpnerilia
2348 3097 2565 3151 ludicra
2627 3097 2787 3165 sequi
2842 3095 3129 3161 videntur,
3176 3096 3348 3150 veluti
3374 3095 3458 3150 fac
3485 3110 3591 3149 nu-

1929 3223 1975 3285 c
2004 3190 2165 3244 cibus
2209 3198 2266 3244 et
2291 3189 2415 3245 talis
2451 3188 2647 3243 ludere
2679 3202 2805 3242 cum
2860 3187 2943 3242 eis
3011 3188 3421 3257 morigerantes
3444 3226 3459 3250 ,
3499 3185 3591 3240 vel

2006 3280 2173 3335 etiam
2204 3277 2368 3333 ﬂores
2391 3279 2640 3334 colorum
2678 3280 2953 3333 varietate
2989 3278 3285 3333 distinctos
3314 3286 3371 3332 et
3407 3284 3593 3331 vestes

2004 3372 2177 3427 variis
2201 3371 2486 3428 coloribus
2511 3371 2735 3437 tinctas,
2754 3388 2879 3441 qua:
2902 3387 3101 3427 sensus
3126 3371 3428 3434 mulceant,
3463 3384 3596 3440 pro-

2005 3470 2314 3528 ponentes,
2368 3460 2615 3530 primum
2688 3469 2925 3514 avocant
2985 3469 3083 3515 aut
3145 3459 3597 3529 obstupefaciunt

2005 3565 2230 3619 pueros,
2271 3550 2381 3604 alio
2406 3565 2574 3619 opere
2613 3550 2860 3607 nondum
2883 3559 3206 3619 occupatos,
3258 3550 3425 3619 paulo
3467 3548 3594 3619 post

2005 3655 2141 3694 vero
2160 3640 2293 3694 ludo
2315 3640 2589 3696 litterario
2614 3642 2862 3710 ipsisque
2893 3641 3248 3710 disciplinam
3282 3641 3592 3711 graviorem

2008 3731 2259 3797 tradunt,
2284 3741 2341 3787 et
2369 3733 2612 3802 propriis
2644 3732 2883 3801 negotiis
2913 3733 3170 3786 imbuunt
3205 3750 3219 3785 :
3251 3731 3334 3787 sic
3355 3731 3595 3786 fortasse

2008 3824 2176 3878 etiam
2231 3839 2418 3877 rerum
2452 3824 2842 3879 universarum
2871 3826 3045 3879 Deum
3082 3824 3272 3879 verbis
3309 3826 3432 3881 istis
3475 3841 3595 3879 ma~

2009 3915 2181 3985 gister
2206 3930 2305 3984 per
2347 3930 2533 3969 rerum
2580 3924 2892 3970 creatarum
2937 3931 3063 3985 quae
3113 3924 3383 3985 apparent
3431 3916 3596 3971 nobis

2009 4007 2183 4062 veluti
2251 4007 2595 4062 historialem
2656 4008 2879 4063 interim
2945 4017 3197 4062 naturam
3259 4022 3395 4073 nos,
3445 4022 3598 4062 nunc

2010 4099 2184 4155 veluti
2230 4100 2468 4155 maxime
2528 4116 2764 4170 pueros,
2814 4101 2869 4155 in
2923 4099 3462 4170 obstupefactionem
3509 4101 3594 4154 vel

2011 4194 2181 4248 etiam
2218 4193 2600 4248 avocationem
2641 4200 2943 4262 conspectu
2996 4191 3256 4246 nimirum
3305 4206 3499 4245 earum
3542 4198 3599 4245 et

2012 4284 2329 4354 cognitione
2347 4284 2716 4354 injicientem,
2743 4283 3130 4337 deindeetiam
3155 4281 3599 4351 spiritualiorum

2014 4375 2072 4429 in
2125 4374 2207 4428 eis
2250 4374 2526 4428 rationum
2593 4372 3118 4440 contemplationem
3168 4370 3596 4431 imminentem,

2014 4474 2294 4535 postremo
2320 4462 2387 4518 ad
2404 4463 2490 4519 sui
2507 4464 2876 4534 cognitionem
2901 4463 3074 4532 magis
3093 4462 3400 4533 mysticam,
3420 4477 3601 4531 quan-

328 4559 498 4628 τέραν
527 4554 730 4624 γνῶσιν
763 4553 1047 4621 ὲνάγοντα,
1095 4551 1194 4623 τὴν
1228 4550 1409 4619 πάσης
1437 4549 1535 4617 τῆς
1577 4549 1634 4599 ὲν
1669 4548 1799 4600 εῖδει
1824 4547 1900 4599 κα

2027 4566 2135 4611 tam
2157 4556 2429 4627 attingere
2456 4556 2618 4610 nobis
2640 4556 2823 4619 liceat,
2850 4570 2974 4623 qua:
2995 4554 3063 4608 ab
3090 4553 3241 4607 omni
3268 4552 3322 4605 in
3349 4553 3527 4606 forma
3544 4559 3603 4605 et

329 4649 476 4719 ποιῴ
521 4648 615 4701 καὶ
662 4652 900 4717 σχήματι
944 4644 1038 4696 καὶ
1077 4642 1251 4713 ποσῷ,
1290 4639 1367 4711 τῷ
1410 4641 1467 4694 ὲν
1500 4638 1693 4709 πλήθει
1738 4654 1795 4689 τε
1827 4638 1923 4691 καὶ

2028 4650 2295 4720 qualitate
2318 4656 2373 4703 ct
2400 4649 2587 4718 specie
2633 4656 2688 4702 ct
2722 4648 3031 4716 quantitate
3073 4655 3181 4699 tam
3232 4643 3605 4698 multitudinis

328 4743 482 4811 εγκῳ
528 4740 844 4794 παντάπασι
899 4735 1332 4805 καθαρεύουσαν,
1387 4731 1661 4795 ποικιλίας
1715 4748 1773 4783 τε
1830 4748 1900 4783 κα

2020 4754 2187 4807 quam
2211 4738 2372 4792 molis
2394 4738 2555 4807 plane
2579 4753 2717 4806 pura
2740 4746 2825 4792 est
2841 4752 2940 4805 per
2966 4734 3299 4805 theologiam
3318 4733 3597 4789 deducen-

334 4834 638 4895 συνθέσεως
664 4834 721 4884 ἐν
743 4833 852 4903 τοῖς
874 4826 1171 4900 προπαιδεύ
1181 4843 1365 4897 μασιν,
1394 4826 1469 4887 ὡς
1496 4825 1632 4895 πρὸς
1657 4824 1717 4876 τὸ
1738 4823 1916 4892 τέρμα

332 4927 436 4997 τῆς
477 4923 730 4995 θεωρίας,
777 4941 796 4973 ι
827 4921 1040 4984 παίζειν
1069 4939 1087 4971 ι
1134 4919 1346 4989 εἴρηται
1388 4916 1465 4987 τῷ
1496 4916 1740 4991 θεοφόρςρ
1770 4917 1912 4987 Γρη-

333 5013 532 5085 γορίῳ,
577 5013 673 5065 καὶ⁵
712 5011 789 5080 τῷ
830 5008 1075 5080 θεοφόρῳ
1122 5006 1384 5076 Διονυσίῳ
1436 5006 1804 5074 «θέλγεσθαί»
1857 5020 1917 5056 τε

337 5107 437 5160 καὶ
478 5123 495 5154 ι
532 5103 842 5170 ἐξίστασθαι
875 5102 1088 5156 ἑαυτοῦ.
1120 5122 1137 5153 ι

410 5192 503 5265 Τῷ
568 5193 682 5246 ὄντι
736 5192 844 5262 γάρ
892 5194 956 5245 ὲκ
1007 5189 1359 5263 παραλλήλου
1415 5190 1557 5243 κατὰ
1613 5189 1919 5259 παράθεσιν

341 5286 695 5356 θεωρούμενα
733 5285 870 5356 πρὸς
904 5284 975 5338 τά
1025 5285 1230 5355 κυρίως
1263 5283 1355 5335 καὶ
1385 5282 1599 5353 άληθῶς
1627 5282 1775 5345 ὄντα,
1827 5282 1922 5335 καὶ

408 5432 439 5473 ι)
466 5422 602 5478 Luc.
626 5438 736 5488 xvi,
765 5422 857 5477 24.

2025 4836 2155 4889 tem.
2180 4828 2236 4881 in
2267 4828 2552 4881 varietatis
2575 4839 2740 4897 atque
2767 4825 3190 4895 compositionis
3217 4834 3476 4892 tanquam
3501 4822 3610 4892 pri-

2018 4922 2126 4976 mis
2146 4920 2452 4991 disciplinae
2471 4918 2763 4973 elementis
2794 4919 2849 4970 in
2902 4917 3065 4970 ﬁnem
3101 4913 3607 4983 contemplationis,

2033 5033 2052 5064 ε
2070 5012 2313 5079 ludere,»
2344 5021 2403 5066 ut
2418 5012 2485 5065 ab
2503 5010 2694 5065 divino
2714 5009 2979 5079 Gregorio
3012 5009 3219 5062 dictum
3239 5018 3342 5067 est,
3363 5016 3419 5061 et
3438 5004 3507 5058 ab
3528 5004 3611 5058 dic

2026 5103 2157 5157 vino
2178 5103 2436 5174 Dionysio
2480 5122 2496 5152 ε
2521 5100 2785 5156 delectari
2810 5120 2827 5149 ι
2857 5108 2934 5163 et,
2963 5118 2981 5148 ι
3010 5107 3163 5152 extra
3192 5112 3251 5151 se
3282 5094 3605 5150 exsistere.»

2099 5195 2315 5251 Revera
2373 5195 2521 5250 enim
2572 5209 2661 5248 res
2717 5200 3019 5261 prtesentes
3072 5198 3128 5244 et
3188 5187 3330 5241 visui
3381 5186 3615 5255 objecta:

2025 5287 2181 5358 juxta
2198 5303 2262 5343 ea
2285 5303 2406 5358 quas
2430 5286 2651 5357 proprie
2676 5299 2739 5339 ac
2768 5299 2894 5338 vere
2915 5290 3063 5347 sunt,
3090 5294 3321 5352 quicque
3350 5278 3405 5332 in
3422 5277 3618 5333 futuro

1615 5507 1850 5564 VARle
1887 5509 2177 5567 LECTION
2187 5510 2292 5570 ES.

432 5606 479 5655 ιο
519 5605 611 5662 Sic
642 5605 767 5661 cod.
798 5604 943 5661 Gud.
967 5603 1026 5659 h.
1056 5603 1096 5658 ι.
1172 5604 1216 5642 ⁵⁷
1245 5601 1337 5658 Sic
1364 5600 1488 5658 eod.
1520 5599 1663 5657 Gud.

410 5746 520 5815 (70)
549 5743 711 5814 Greg.
732 5742 865 5815 Nae.
886 5740 991 5815 pr.
1023 5741 1079 5815 in
1104 5741 1412 5797 Pentecost.
1443 5753 1562 5809 cap.
1592 5737 1702 5805 12.,
1722 5753 1776 5809 p.
1802 5738 1924 5793 7M.

345 5812 487 5874 tom.
514 5816 553 5868 l.
592 5812 733 5885 Op'p.
763 5812 853 5867 ed.
885 5813 1091 5868 Bcned.

2109 5736 2221 5806 (71)
2299 5735 2523 5807 Dionys.
2578 5735 2847 5861 AreoBag.
2900 5733 2977 5786 De
3006 5734 3111 5787 div.
3168 5751 3309 5789 nam.
3358 5746 3479 5805 cap.
3552 5731 3611 5788 6.

2109 5805 2209 5861 15..
2242 5822 2293 5861 n.
2320 5808 2443 5861 405.
2474 5815 2604 5859 tom.
2638 5806 2678 5861 Ι.
2768 5821 2855 5861 nn.
2892 5805 2981 5859 ed.
3011 5804 3151 5859 Ven.

2038 5807 2065 5877 §
2106 5804 2209 5871 Κλ,
2241 5822 2293 5876 p.
2320 5804 2604 5861 405.1011].
2638 5806 2678 5873 l,
2716 5804 2855 5875 Opp.
2892 5805 2981 5859 ed.
3011 5804 3151 5859 Ven.
