4052 6366
546 387 680 456 1.515
1707 380 1769 439 S.
1811 373 2098 436 MAXIMI
2138 369 2650 432 CONFESSOPJS
3681 363 3797 432 1515

537 503 906 576 apparebunt,
933 502 1200 558 collocata
1221 509 1390 571 atque
1421 500 1744 566 comparata
1791 489 1959 545 ludus
1979 503 2120 558 pue-

2233 487 2281 548 ὲς
2303 485 2536 555 ὕστερον
2561 479 2940 552 φανησόμενα,
2987 478 3055 534 τά
3099 478 3344 550 παρόντα
3383 477 3480 530 καὶ
3528 477 3801 548 φαινόμενα

539 568 834 666 rilis,-quin
855 595 960 649 hoc
973 595 1142 649 etiam
1159 568 1439 648 ultra—esse
1455 587 1694 644 videtur.
1717 583 1853 638 Nam
1875 595 2001 636 cum
2038 593 2129 631 ve-

2237 577 2334 628 καὶ
2364 576 2614 642 παίγνιον
2648 570 2786 626 εἶναι
2812 573 2982 636 δοκεῖ,
3011 570 3107 625 καὶ
3147 569 3229 622 ἔτι
3250 568 3442 622 τούτου
3469 571 3800 640 πορρωτέρω.

539 670 705 742 ritate
729 699 915 740 rerum
941 685 1166 754 proprie
1185 681 1502 738 divinarum
1519 686 1684 746 atque
1735 691 1740 695 ·
1782 667 2129 742 originalium

2237 665 2385 736 Πρὸς
2408 665 2520 734 γὰρ
2561 664 2659 732 τὴν
2703 662 2812 716 τῶν
2860 663 3070 733 κυρίως
3113 659 3276 713 θείων
3319 659 3414 712 καὶ
3454 659 3804 729 πρωτοτόκων

536 786 890 849 comparatus
905 792 1094 832 rerum
1118 774 1472 846 pratscntium
1496 781 1662 840 atque
1687 764 1867 821 oculis
1890 761 2144 832 objecta--

538 885 662 924 rum
679 868 821 924 ordo
841 884 911 924 ne
927 883 1051 924 esse
1063 868 1288 938 quidem
1313 865 1426 920 ullo
1452 861 1617 918 modo
1631 859 1712 914 eis
1735 855 2017 912 videbitur
2032 852 2126 922 qui

539 973 710 1018 totam
737 979 842 1034 pro
871 961 1150 1018 facultatis
1193 975 1308 1015 sua:
1336 953 1513 1028 gradu
1547 951 1754 1008 divina:
1803 941 2127 1017 pulchritu-

538 1053 689 1108 dinis
721 1052 979 1109 decorem
1013 1065 1213 1120 capere
1247 1049 1596 1104 meruerunt,
1649 1035 1816 1093 sicuti
1839 1047 1943 1087 nec
1993 1042 2130 1099 puc-

541 1145 660 1201 rilis
692 1145 920 1202 omnino
947 1143 1115 1199 ludus
1135 1156 1261 1197 cum
1293 1152 1427 1194 vero
1460 1135 1650 1204 aliquo
1671 1137 1729 1186 et
1761 1136 1915 1182 certo
1959 1132 2127 1190 nego-

543 1238 620 1293 tio
649 1247 1002 1309 comparatus
1032 1250 1156 1291 esse
1185 1231 1560 1288 existimatur.

2236 757 2586 828 πραγμάτων
2634 755 2896 826 ἀλήθειαν
2927 751 3336 824 συγκρινομένη
3381 752 3495 804 τῶν
3547 755 3807 819 παρόντων

2236 849 2334 902 καὶ
2383 849 2680 919 ὁρωμένων
2737 845 3082 917 πραγμάτων
3135 846 3170 916 ἡ
3210 843 3580 914 διακόσμησις
3617 843 3730 896 οὐδὲ
3759 845 3810 896 τὸ

2237 941 2502 1008 παράπαν
2532 933 2672 992 εἶναι
2718 936 3112 1008 νομισθήσεται
3150 936 3265 998 τοῖς
3312 934 3432 986 ὅλον
3461 935 3664 1003 χωρεῖν
3687 935 3812 988 κατᾶ

2233 1029 2296 1082 τὸ
2328 1028 2554 1084 δυνατὸν
2585 1028 2647 1082 τὸ
2675 1027 2772 1098 τῆς
2805 1026 2953 1090 θείας
2982 1027 3318 1098 ὼραιότητος
3347 1023 3549 1086 κάλλος
3579 1023 3814 1092 agnum.

2234 1136 2370 1182 νοις,
2426 1118 2617 1189 ὥσπερ
2679 1117 2800 1171 οὐδὲ
2858 1117 2919 1170 τὸ
2983 1118 3236 1186 παίγνιον
3289 1115 3538 1187 ἀληθινῷ
3584 1133 3691 1168 τινι
3734 1121 3814 1170 καὶ

2235 1213 2349 1265 ὄντι
2391 1211 2679 1284 πράγματι
2725 1209 3154 1283 συγκρινόμενον
3200 1203 3342 1262 εἶναι
3396 1207 3659 1270 καθάπαξ
3685 1207 3815 1276 νομί-

2237 1301 2412 1364 (erat.

2146 1425 2216 1435 ...-

927 1507 1052 1564 Ah’a
1074 1508 1130 1562 in
1156 1507 1296 1561 idem
1322 1496 1720 1570 contemplatio.

610 1620 864 1674 Fortasse
912 1633 1048 1673 vero
1091 1617 1259 1672 etiam
1304 1606 1710 1684 degenerabilis
1747 1616 1810 1657 ac
1846 1594 2130 1654 mutabilis

537 1719 738 1766 natura
770 1709 1146 1764 matcrialium
1179 1721 1319 1776 quas
1357 1699 1764 1758 committimus
1801 1705 1988 1747 rerum
2018 1686 2127 1741 alio

2593 1483 2788 1547 Ἀλλη
2826 1482 3039 1552 θεωρία
3075 1483 3164 1547 εις
3195 1481 3263 1535 τό
3295 1483 3468 1536 αὐτό.

2303 1595 2487 1666 Τυχὸν
2529 1593 2587 1648 δὲ
2615 1597 2713 1649 καὶ
2761 1594 2822 1648 rb
2867 1595 3285 1666 μεταπτωτικδν
3332 1589 3409 1649 ὧν
3448 1597 3816 1666 ἐγχειρίζομεν

2232 1684 2436 1738 ὑλικῶν
2468 1685 2816 1756 πραγμάτων
2873 1684 3043 1754 ἀλλην
3090 1684 3269 1748 ἄλλως
3312 1685 3736 1756 μεταφερόντων
3765 1704 3814 1740 τε

537 1803 675 1858 alias
734 1801 1191 1856 transferentium
1237 1807 1296 1853 et
1351 1794 1767 1852 translata'rum,
1821 1794 1880 1841 et
1921 1779 2125 1837 stabile

2233 1777 2328 1829 καὶ
2363 1776 2854 1848 μεταφερομένων,
2906 1776 3001 1828 καὶ
3042 1777 3316 1848 μηδεμίαν
3358 1777 3546 1849 (263
3577 1777 3632 1846 a)
3677 1777 3818 1846 βάσιν

537 1896 947 1949 ﬁrmamentum
981 1901 1182 1964 praeter
1212 1891 1446 1961 primam
1466 1884 1740 1940 rationem
1770 1894 1880 1950 qua
1913 1873 2132 1944 sapien-

538 1995 625 2041 ter
669 1995 728 2040 et
775 1985 1132 2056 providenter
1165 1983 1427 2038 feruntur
1469 1988 1527 2034 et
1578 1977 1763 2031 ferunt
1805 1969 2129 2027 habentium

536 2079 777 2143 nullum,
809 2088 997 2146 atque,
1027 2091 1154 2131 cum
1183 2073 1352 2144 potiri
1375 2073 1457 2126 eis
1488 2069 1650 2125 nobis
1671 2066 1980 2127 videamur,
2020 2059 2130 2116 dif-

538 2169 870 2241 fugientinm
891 2166 1065 2238 magis
1083 2180 1246 2236 quam
1269 2178 1332 2218 su
1341 2170 1680 2232 peratarum,
1709 2153 2130 2226 appetitumque

538 2272 818 2327 nostrum,
851 2261 948 2332 qui
979 2261 1063 2314 eis
1119 2257 1291 2328 potiri
1324 2254 1652 2318 institimus,
1697 2265 1728 2304 a
1773 2263 1834 2304 se
1858 2245 2013 2302 velut
2042 2257 2130 2296 re-

539 2354 888 2424 pellentium,
939 2361 999 2407 et
1059 2363 1326 2420 superare
1374 2356 1471 2400 aut
1520 2340 1770 2413 superari
1805 2339 1968 2408 plane
2017 2347 2129 2388 non

536 2441 900 2510 capientium,
925 2446 1116 2508 utpote
1149 2451 1274 2506 quae
1296 2434 1476 2489 solum
1500 2431 1754 2486 stabilem
1778 2440 1892 2481 suae
1917 2431 2131 2477 natura:

539 2529 840 2584 terminum
881 2529 1090 2583 habent
1119 2526 1268 2580 hunc
1287 2522 1448 2594 .quod
1475 2520 1710 2576 cmuunt
1741 2527 1794 2571 et
1826 2529 1938 2570 non
1966 2515 2134 2576 stant,

537 2619 708 2675 ludus
746 2620 980 2692 puerilis
1007 2617 1127 2682 Dei,
1168 2633 1198 2671 a
1233 2615 1501 2686 magistro
1538 2611 1814 2682 appellata
1845 2615 1930 2662 est
1959 2610 2132 2665 recte,

539 2721 604 2766 ut
631 2713 722 2783 qui
749 2727 849 2782 per
871 2712 990 2767 haec
1004 2726 1108 2766 nos
1134 2710 1202 2765 ad
1233 2724 1298 2764 ea
1320 2723 1444 2780 quat
1459 2721 1590 2762 vere
1613 2713 1742 2760 sunt
1770 2709 1828 2756 et
1847 2710 2140 2783 nunquam!

549 2781 824 2859 ﬂuctuant
854 2801 1188 2858 transducit.
2118 2781 2137 2802 Vl

2236 1869 2473 1938 ἐχόντων
2517 1867 2863 1939 στερέμνιον,
2913 1868 3054 1938 πλὴν
3095 1868 3193 1922 τοῦ
3229 1869 3450 1940 πρώτον
3502 1869 3661 1937 λόγου
3707 1870 3814 1924 καθ’

2235 1958 2294 2010 ὃν
2323 1958 2582 2027 φέρονται
2611 1957 2792 2028 σοφῶς
2813 1975 2875 2011 τε
2921 1958 3015 2012 καὶ
3045 1959 3422 2030 προνοητικῶς
3453 1959 3554 2012 καὶ
3585 1959 3816 2030 φέρουσι,

2236 2051 2334 2102 καὶ
2360 2049 2439 2120 τῷ
2473 2049 2794 2120 κρατεῖσθαι
2825 2050 2919 2120 ὑφ’
2950 2049 3110 2122 ἡμῶν
3129 2049 3474 2121 νομίζεσθαι,
3506 2051 3818 2121 διαφευγόν-

2233 2159 2345 2197 των
2399 2142 2563 2197 πλέον
2605 2142 2640 2215 ἢ
2693 2144 3104 2215 κρατουμένων,
3153 2145 3251 2196 καὶ
3291 2144 3391 2216 τὴν
3441 2143 3640 2212 ἔφεσιν
3675 2145 3817 2215 ἡμῶν

2233 2234 2344 2288 τῶν
2371 2235 2554 2298 αὐτοῖς
2599 2233 2948 2307 ἀνεχομένων
2995 2235 3340 2308 κρατεῖσθαι,
3389 2236 3598 2306 μᾶλλον
3624 2235 3817 2289 ἑαυτῶν

2234 2321 2347 2380 οἷον
2389 2327 2825 2395 ἀπωθουμένων,
2877 2327 2974 2380 καὶ⁵
3021 2327 3304 2397 κρατείνῆ
3336 2327 3663 2400 κρατεῖσθαι
3695 2344 3817 2382 παν-

2235 2419 2407 2484 τελῶς
2443 2420 2517 2491 μὴ
2569 2420 2911 2492 δυναμένων,
2955 2415 3046 2474 οἷα
3074 2421 3137 2491 δὴ
3199 2423 3358 2492 μόνον
3416 2419 3695 2492 σταθηρδν
3728 2421 3817 2490 τῆς

2237 2512 2449 2566 ἑαυτῶν
2509 2513 2729 2582 φύσεως
2760 2514 2888 2584 ὅρον
2933 2513 3289 2584 κεκτημένων
3335 2513 3396 2566 τὸ
3440 2513 3710 2584 ἀπορρεῖν
3735 2514 3818 2565 καὶ

2237 2604 2314 2676 μὴ
2348 2604 2622 2668 ἵστασθαι,
2661 2605 2914 2674 παίγνιον
2957 2605 3184 2666 εἰκότως
3216 2605 3417 2676 ἐρρέθη
3462 2602 3607 2658 Θεοῦ
3652 2603 3724 2674 τῷ
3755 2603 3817 2656 δι-

2229 2697 2508 2768 δασκάλῳ,
2541 2699 2618 2762 ὡς
2658 2697 2748 2751 διὰ
2777 2697 2984 2750 τούτων
3042 2695 3375 2768 μετάγοντος
3416 2697 3572 2767 ἡμᾶς
3624 2695 3718 2748 ἐπὶ
3759 2693 3817 2748 τά

2229 2789 2398 2856 ὅντως
2420 2791 2576 2860 ὄντα,
2607 2793 2702 2847 καὶ¹
2738 2791 3015 2863 μηδέποτε
3043 2789 3408 2860 σαλευόμενα.

933 2976 1060 3034 Alia
1093 2979 1151 3032 in
1172 2976 1314 3032 idem
1349 2971 1747 3046 contemplatio.

2612 2973 2807 3041 Ἄλλη
2841 2972 3053 3038 θεωρία
3074 2973 3162 3038 είς
3189 2969 3256 3025 τὸ
3279 2973 3448 3026 αὐτό.

614 3096 822 3154 Verum
859 3095 908 3150 si
940 3108 1044 3149 nos
1068 3106 1292 3163 quoque
1318 3090 1422 3161 ipsi
1447 3089 1754 3146 secundum
1789 3095 2004 3143 natura:
2030 3101 2129 3141 no-

2307 3091 2370 3144 Εί
2401 3089 2461 3144 δὲ
2503 3089 2598 3144 καὶ
2647 3090 2812 3160 ἡμεῖς
2851 3087 3032 3153 αὐτοὶ,
3067 3085 3209 3141 κατά
3255 3085 3357 3158 τὴν
3395 3083 3715 3158 κρατοῦσαν
3733 3085 3814 3141 ἐπὶ

539 3198 670 3245 strte
691 3186 1188 3259 imprasentiarum
1215 3181 1689 3251 consequentiam,
1727 3195 1878 3234 nunc
1896 3179 2121 3250 quidem

540 3283 659 3352 pari
693 3296 820 3336 cum
860 3279 1073 3334 caeteris
1099 3285 1258 3331 terra:
1285 3273 1616 3328 animalibus
1643 3272 1810 3327 modo
1851 3271 2120 3342 generati,

541 3373 672 3426 dein
697 3369 913 3442 pueruli
937 3367 1088 3432 facti,
1118 3377 1232 3422 tum
1257 3368 1548 3437 juventute
1576 3372 1767 3419 nostra
1783 3362 2124 3427 adsenectu-

540 3465 616 3520 tis
649 3463 1010 3534 rugositatem
1045 3459 1344 3515 festinante
1381 3456 1450 3510 ad
1499 3457 1676 3510 instar
1725 3453 1926 3510 caduci
1974 3453 2126 3509 ﬂoris

539 3551 818 3617 morituri,
853 3559 909 3604 et
935 3550 1002 3605 ad
1027 3549 1189 3604 aliam
1233 3549 1402 3602 vitam
1435 3544 1682 3601 translati
1727 3563 1746 3596 ι
1789 3543 1956 3599 ludus
1975 3544 2071 3599 Dei
2097 3561 2117 3596 ι

538 3662 572 3702 a
605 3645 795 3699 divino
816 3643 920 3698 hoc
945 3641 1173 3697 doctore
1197 3639 1332 3695 dicti
1364 3637 1659 3703 fuerimus,
1701 3635 1756 3691 id
1775 3636 1974 3691 merito
2001 3635 2116 3690 fue-

541 3740 736 3794 rimus.
776 3735 913 3791 Nam
948 3749 1192 3806 pmsens
1231 3735 1346 3787 vita
1387 3747 1512 3788 eum
1543 3730 1732 3785 futuro
1757 3729 1886 3783 vitae
1924 3727 2126 3782 divina:

540 3845 606 3882 ac
633 3843 763 3882 vere
802 3824 1105 3895 exemplari
1138 3831 1476 3893 comparata,
1519 3820 1684 3876 ludus
1718 3826 1824 3882 est,
1863 3827 1920 3874 et
1944 3817 2124 3888 quod-

540 3931 759 3986 cunque
785 3915 934 3970 aliud
962 3915 1066 3969 hoc
1087 3913 1260 3982 magis
1289 3911 1532 3966 essentia
1559 3925 1624 3964 ac
1643 3909 1879 3963 veritate
1895 3907 2122 3962 carebit.

542 4008 602 4064 ld
636 4007 784 4078 quod
828 4005 1091 4077 magister
1121 4003 1175 4058 in
1202 4003 1419 4057 funebri
1445 4003 1500 4056 in
1547 4001 1846 4056 Caesarium
1873 4000 2126 4055 oratione

543 4099 752 4153 clarius
802 4096 1149 4151 demonstrat
1182 4094 1336 4148 hisce
1353 4091 1538 4149 verbis
1573 4109 1587 4144 :
1625 4111 1644 4142 ι
1675 4089 1964 4161 Ejusmodi
2012 4089 2127 4146 vita

547 4194 736 4241 nostra
797 4193 902 4248 est,
958 4184 1202 4248 fratres,
1243 4182 1340 4253 qui
1381 4182 1582 4236 fluxam
1631 4181 1798 4235 vitam
1849 4181 2128 4242 ducimus.

545 4278 818 4352 ejusmodi
849 4279 904 4332 in
942 4287 1088 4333 terra
1121 4275 1308 4343 ludus,
1333 4283 1395 4329 nt
1429 4289 1555 4330 cum
1587 4289 1695 4328 non
1727 4274 1900 4329 simus
1937 4289 2130 4328 nasca-

546 4387 692 4436 nmr,
718 4385 846 4426 cum
873 4369 988 4424 nati
1030 4369 1206 4424 simus
1233 4381 1458 4422 rursum
1483 4365 1873 4420 dissolvamur.
1918 4364 2130 4420 lnsom-=

2229 3183 2325 3238 τοῦ
2360 3183 2628 3254 παρόντος
2657 3182 2758 3253 τῆς
2791 3181 3008 3250 φύσεως
3028 3179 3187 3252 ἡμῶν
3204 3180 3556 3248 ἀκολουθίαν,
3590 3181 3688 3236 νῦν
3728 3181 3814 3253 μὲν

2230 3276 2356 3332 καθ’
2395 3275 2693 3348 ὁμοιότητα
2723 3273 2833 3327 τῶν
2857 3271 3064 3326 λοιπῶν
3096 3273 3190 3326 ἐπὶ
3225 3272 3329 3344 γῆς
3366 3272 3529 3337 ζώων
3557 3273 3814 3344 γεννώμε-

2229 3386 2333 3432 νοι,
2360 3367 2554 3420 ἔπειτα
2609 3365 2800 3429 παῖδες
2838 3364 3139 3435 γινόμενοι,
3202 3359 3326 3444 εἶτα
3370 3363 3576 3430 ἄνθους
3611 3365 3812 3435 ὠκυμό-

2235 3472 2330 3526 ρου
2361 3448 2520 3526 δίκην
2544 3453 2643 3524 τῆς
2668 3453 2919 3524 νεότητος
2947 3453 3040 3506 ἐπὶ
3077 3453 3140 3506 τὸ
3167 3451 3352 3526 ρικνὸν
3394 3454 3497 3524 τῆς
3534 3455 3810 3524 παλαιότη·

2233 3565 2322 3611 τος
2353 3547 2642 3618 φθασὰσης
2695 3545 3100 3618 τεθνηξόμενοι,
3151 3547 3246 3600 καὶ
3292 3547 3430 3618 πρὸς
3479 3547 3673 3618 ἕτερον
3712 3547 3810 3618 βίον

2236 3638 2675 3710 μετατιθέμενοι,
2716 3657 2736 3691 ι
2765 3637 3013 3704 παίγνιον
3033 3635 3350 3710 ὲρῤήθημεν
3374 3637 3468 3692 τοῦ
3517 3640 3657 3694 Θεοῦ
3691 3660 3709 3692 ι
3745 3640 3810 3711 τῷ

2233 3731 2479 3804 θεοφόρῳ
2527 3729 2704 3802 τούτῳ
2751 3730 3092 3800 διδασκάλῳ,
3129 3731 3232 3784 οὐκ
3278 3730 3385 3796 ἔξω
3441 3732 3542 3786 τοῦ
3596 3733 3808 3797 εἰκότος.

2238 3825 2382 3897 Πρὸς
2437 3823 2550 3894 γὰρ
2597 3822 2697 3893 τὴν
2753 3823 3056 3893 μέλλουσαν
3110 3823 3210 3894 τῆς
3265 3823 3414 3889 θείας
3469 3827 3568 3880 καὶ
3595 3827 3815 3898 ἀληθοῦς

2233 3917 2382 3986 ζωῆς
2430 3915 2768 3986 ἁρχετυπίαν
2841 3917 2874 3986 ὴ
2939 3915 3191 3987 παροῦσα
3251 3919 3656 3990 συγκρινομένη
3709 3917 3808 3986 ζωὴ

2236 4006 2484 4076 παίγνιόν
2520 4007 2659 4071 ἐστι,
2693 4005 2788 4058 καὶ
2825 4005 2934 4058 πᾶν
2966 4004 3096 4058 εἴτι
3129 4004 3258 4059 ἄλλο
3302 4005 3494 4059 τούτου
3553 4007 3806 4074 καθέστη-

2234 4117 2329 4155 κεν
2380 4096 2775 4169 ἀνουσιὼτερον
2807 4095 2874 4151 ⁸⁸.
2921 4097 3100 4170 Ὅπερ
3151 4099 3211 4150 ὲν
3263 4096 3340 4168 τῷ
3385 4098 3466 4162 είς
3522 4099 3806 4170 Καισάρων

2234 4189 2509 4262 ἐπιταφίῳ
2578 4189 2823 4243 δείκνυσι
2898 4189 3235 4259 σαφέστερον
3263 4231 3278 4255 ,
3348 4189 3550 4243 οὑτωσὶ
3610 4190 3802 4256 λέγων·

2239 4301 2258 4334 ι
2288 4279 2544 4342 Τοιοῦτος
2567 4281 2596 4332 ὁ
2648 4276 2762 4348 βίος
2791 4277 2968 4348 ἡμῶν,
2997 4277 3238 4348 ἀδελφοὶ,
3273 4277 3379 4332 τῶν
3407 4278 3630 4343 ζώντων
3660 4278 3806 4346 πρόσ-

2235 4391 2441 4446 καιραο
2493 4371 2704 4428 τοιοῦτο
2769 4371 2831 4424 τὸ
2873 4371 2967 4424 ἐπὶ
3025 4370 3126 4438 γῆς
3178 4371 3426 4436 παίγνιον
3454 4384 3470 4400 ⁸
3517 4371 3622 4423 οὐκ
3662 4369 3803 4430 δντιις

544 4461 696 4514 nium
723 4473 916 4514 sumus
939 4456 1166 4512 minime
1195 4455 1526 4515 consistens.
1549 4458 1828 4522 spcctrum
1854 4449 2129 4521 quoddam

2235 4465 2514 4535 γενέσθαι,
2564 4464 2661 4517 καὶ
2703 4462 3030 4533 γενομένους
3075 4461 3410 4531 ἀναλυθῆναι
3437 4478 3454 4494 ·
3489 4461 3627 4534 ὄναρ
3655 4461 3802 4530 ἐσμὲν

545 4549 694 4620 quod
723 4550 901 4604 teneri
931 4564 1040 4604 non
1062 4556 1265 4619 potest,
1299 4547 1416 4600 avis
1437 4544 1822 4616 praetereuntis
1843 4543 2058 4598 volatus
2074 4549 2124 4606 ει,

544 4642 705 4697 navis
737 4642 792 4696 in
828 4641 970 4695 mari
1021 4639 1313 4710 vestigium
1365 4653 1477 4692 non
1524 4637 1778 4692 habensr
1807 4676 1824 4702 ,
1879 4633 2123 4704 pulvis',

545 4735 758 4804 vapor‘
792 4748 886 4787 ros
912 4733 1281 4793 matutinus“,
1314 4731 1417 4785 ﬂos
1443 4737 1725 4784 momento
1761 4741 2016 4790 nascens,
2069 4733 2128 4779 ct

547 4837 830 4884 momento
857 4837 1268 4894 marcescens',
1305 4828 1460 4881 homo
1484 4827 1617 4878 sicut
1639 4825 1818 4894 fenum
1849 4823 1957 4876 dies
1983 4824 2120 4893 ejus,
2175 4827 2179 4831 '

546 4933 805 4992 tanquam
838 4923 934 4992 ﬂos
958 4920 1074 4991 agri
1113 4921 1188 4974 sic
1214 4919 1458 4990 eﬂlorebit
1479 4931 1527 4970 ι.
1565 4917 1800 4972 Pulchre
1823 4915 1984 4970 divus
2017 4918 2124 4970 Da-

546 5012 636 5067 vid
665 5013 755 5066 his
785 5011 972 5067 verbis
1011 5011 1082 5066 de
1115 5017 1310 5064 nostra
1341 5007 1725 5062 imbecillitate
1764 5006 2125 5080 philosOpba—

546 5113 637 5160 ιιιε
667 5111 774 5158 est.
809 5121 829 5154 ι

1945 5251 1986 5274 θ

617 5346 644 5386 ιι
671 5335 896 5404 Sap.-v,
942 5339 1028 5393 ll.
1131 5347 1152 5375 τ
1192 5336 1326 5391 ibid.
1356 5334 1443 5391 10.
1543 5334 1732 5391 'Psal.
1767 5351 1808 5402 ι,
1853 5337 1906 5392 4.

549 5420 638 5472 cn,
672 5407 760 5461 i5.

2000 5338 2018 5374 ί
2057 5335 2174 5394 Jac.
2216 5355 2291 5404 tv,
2341 5337 2429 5392 l5.

2233 4560 2333 4628 οὐχ
2374 4555 2686 4626 ἱστάμενον,
2724 4554 2920 4624 φάσμα
2963 4570 3015 4606 τι
3071 4552 3146 4622 μὴ
3201 4552 3594 4624 κρατούμενον,
3624 4551 3800 4620 mist;

2233 4651 2422 4722 ὀρνέου
2475 4647 2891 4719 παρερχομένου
2923 4645 3006 4710 ⁵³,
3051 4640 3182 4707 ναῦς
3225 4647 3316 4698 ἐπὶ
3361 4643 3637 4714 θαλάσσης
3672 4643 3799 4712 ἴχνος

2232 4745 2334 4798 οὐκ
2391 4741 2612 4813 ἔχουσα,
2659 4739 2829 4804 κόνις,
2877 4737 3072 4808 ἀτμὶς,
3135 4737 3335 4801 ἑωθινὴ
3389 4737 3602 4807 δρόσος,
3657 4735 3798 4796 ἄνθος

2223 4833 2404 4906 καιρῷ
2454 4832 2724 4903 φυόμενον
2771 4832 2866 4883 καὶ
2927 4828 3106 4900 καιρῷ
3155 4828 3440 4898 λυόμενον,
3481 4829 3795 4896 ἅνθρωπος,

2223 4925 2370 4980 ὡσεὶ
2417 4928 2639 4993 χόρτος
2671 4923 2732 4974 αι
2769 4921 2982 4989 ἡμέραι
3012 4916 3234 4980 αὐτοῦ,
3278 4919 3421 4973 ὡσεὶ
3477 4919 3657 4985 ἄνθος
3702 4915 3793 4970 τοῦ

2223 5015 2412 5088 ἀγροῦ
2435 5055 2450 5082 ,
2509 5013 2698 5080 οὕτως
2748 5011 2956 5084 (263
3004 5011 3082 5080 b)
3135 5011 3476 5078 ἐξανθήσει,
3551 5010 3722 5073 καλῶς
3768 5008 3793 5060 ὁ

2225 5109 2370 5172 θεῖος
2447 5105 2612 5160 Δαόὶδ
2667 5105 2798 5176 περὶ
2843 5104 2944 5174 τῆς
3006 5103 3294 5168 ἀσθενείας
3355 5104 3510 5175 ἡμῶν
3566 5099 3788 5172 tentasti.

2226 5215 2386 5272 φησε.
2417 5196 2530 5268 (72)
2562 5215 2581 5247 ι

2533 5346 2560 5374 υ
2583 5333 2724 5391 Osee
2760 5349 2892 5402 xm,
2944 5330 2996 5388 '5.
3065 5339 3091 5368 '
3130 5331 3152 5387 Ι
3190 5332 3337 5387 Petr.
3375 5347 3414 5398 ι,
3434 5331 3524 5386 24.
3607 5339 3630 5366 ι
3658 5325 3778 5385 Psal.

1859 5491 2096 5548 VAle
2132 5493 2536 5552 LECTIONES.

629 5585 676 5617 ⁵⁸
704 5580 981 5651 Rescripsi
1014 5577 1406 5650 ἀνουσιώτερον
1437 5595 1536 5650 pro
1561 5579 1942 5654 ἀνοσιώτερον,
1985 5585 2135 5654 quod
2175 5587 2344 5644 habet
2371 5588 2498 5644 cod.
2527 5587 2670 5644 Gud.
2756 5564 2818 5620 ’δ’
2847 5586 3038 5642 Manus
3065 5585 3306 5640 secunda
3334 5583 3571 5640 correxit
3599 5590 3770 5654 παρερ-

546 5654 770 5725 χομὲνη.

615 5767 730 5841 ιτα)
755 5764 918 5842 Greg.
953 5767 1088 5841 Nam.
1117 5765 1210 5823 0r.
1237 5769 1442 5838 funcbr.
1477 5771 1528 5824 in
1573 5769 1863 5826 Cmarium
1895 5785 2013 5841 cap.
2047 5770 2130 5836 l9,
2172 5785 2225 5840 p.
2255 5771 2360 5826 210
2390 5787 2470 5842 sq.
2517 5778 2649 5824 tom.
2685 5769 2868 5840 IOpp.
2893 5768 2980 5823 ed.
3015 5767 3219 5824 Bcncd.
