4052 6390
258 327 385 394 1417

1497 323 2019 386 AMBIGUORUM
2060 325 2314 387 LIBER.

3388 287 3537 383 ’1418
3560 302 3581 311 ’

318 441 509 498 Ταῦτα
538 440 666 511 περὶ
710 433 787 492 ὧν
834 438 947 501 τοῖς
978 435 1279 500 θειοτάτοις
1308 437 1402 490 τοῦ
1455 438 1696 507 μεγάλου
1729 441 1839 492 Πα-

2021 439 2089 494 Ηί
2141 446 2274 494 sunt
2307 436 2433 492 ‘loci
2475 437 2531 491 in
2556 436 2739 508 magni
2771 436 2947 492 nostri
2980 434 3161 491 Patris
3204 443 3263 489 ct
3297 433 3541 491 doctoris

250 536 369 609 τρδς
442 531 615 602 ήμῶν
689 531 785 584 καὶ
856 528 1183 583 διδασκάλου
1270 529 1579 600 Γρηγορίου
1665 529 1844 597 λόγοις

249 628 570 699 ηπορήσατε
590 624 686 677 καὶ
709 623 885 675 εἰπεῖν
911 620 1240 676 ἐκελεύσατε
1272 636 1386 689 μοι,
1408 618 1843 691 μακαριώτατοι,

256 720 394 774 κατὰ
412 716 511 790 τὴν
536 716 677 787 ἐμὴν
700 715 953 785 δύναμιν.
976 713 1068 784 Τῷ
1090 714 1343 786 ὑμετέρῳ
1372 714 1601 784 νεύματι
1623 713 1851 775 δικαίως

256 810 494 863 ὑπείκων
523 806 662 877 ἔφην
690 806 805 875 ἐγὼ
850 806 1271 878 στοχαζόμενος,
1319 806 1437 861 ἀλλ’
1469 807 1571 860 οὐκ
1603 807 1845 876 ἀποφαι-

252 903 493 971 νόμενος.
526 899 602 951 Οὐ
647 899 757 970 γὰρ
804 900 1112 967 ἐφικνεῖται
1156 900 1258 969 τῆς
1298 898 1544 970 μεγάλης
1567 898 1662 951 καὶ
1707 897 1848 969 ὑψη-

249 992 349 1062 λῆς
378 990 473 1044 τοῦ
522 990 787 1061 θεοφόρου
838 990 1164 1045 διδασκάλου
1213 991 1455 1055 διανοίας
1502 993 1532 1044 ὁ
1580 991 1851 1063 ἡμέτερος

249 1081 393 1145 νοῦς,
428 1079 655 1144 πολλαῖς
684 1079 766 1133 ἔτι
808 1079 950 1135 κατά
988 1078 1211 1152 θέλησιν
1249 1079 1404 1133 ἀκίσι
1435 1079 1627 1135 παθῶν
1658 1078 1851 1150 βαλλό-

249 1188 429 1241 μενος,
461 1164 538 1225 ὧν
584 1174 694 1235 τοῖς
738 1171 967 1243 μώλοκζιι
996 1172 1201 1242 μᾶλλον
1234 1171 1417 1243 χαίρει
1469 1170 1789 1243 στιζόμενος
1812 1171 1848 1243 ἢ

246 1263 461 1333 χάρισιν
503 1262 716 1333 ἀρετῶν
749 1264 1173 1336 καθαιρόμενος,
1224 1263 1315 1317 διά
1357 1264 1459 1337 τὴν
1486 1263 1713 1336 ’μακρὰν
1751 1265 1846 1318 τοῦ

242 1354 418 1408 κακοῦ
447 1356 740 1426 συνήθειαν
766 1356 882 1422 ἕξιν
908 1356 1091 1411 λαόὼν
1134 1358 1626 1430 φιλαμαρτήμονα.
1658 1356 1772 1411 Καὶ
1799 1360 1849 1413 εί

245 1448 343 1515 μὲν
368 1446 613 1517 φανῶσιν
661 1449 792 1519 ὑμῖν
836 1467 963 1504 τινα
1000 1450 1162 1522 λόγον
1204 1451 1352 1523 ἔχειν
1388 1451 1488 1522 τῆς
1536 1449 1848 1514 ὑποθέσεως

238 1540 413 1606 ἄξιον,
464 1542 561 1595 καὶ
607 1541 683 1614 μὴ
714 1543 893 1616 πάντη
930 1547 1031 1616 τῆς
1074 1543 1333 1617 ἀληθείας
1385 1544 1843 1616 ἀπολειπόμενον,

236 1632 316 1702 τῷ
347 1632 471 1704 Θεῷ
522 1635 703 1707 χάρις,
756 1635 836 1706 τῷ
875 1635 976 1707 τὴν
1010 1635 1354 1709 χαμαίζηλον
1395 1635 1510 1706 (ἵνα
1556 1636 1652 1691 καὶ⁹
1687 1635 1846 1690 τοῦτο

188 1796 198 1806 _
238 1725 737 1799 θαυματουργήσῃ)
770 1727 869 1781 καὶ
895 1728 1215 1799 χαμαιπετῆ
1248 1728 1491 1784 διάνοιαν
1520 1727 1840 1798 φωτίσαντι,

236 1817 329 1870 καὶ
346 1816 510 1886 λόγον
542 1816 861 1889 σύμμετρον
913 1819 1289 1890 χαρισαμένῳ,
1322 1819 1460 1891 πρὸς
1497 1819 1559 1872 τὸ
1597 1820 1835 1891 χαράξαι

234 1905 333 1976 τὴν
357 1907 710 1978 συμμετρίαν
752 1905 863 1960 τῶν
900 1906 1205 1978 νοηθέντων
1255 1909 1351 1961 καὶ
1382 1909 1513 1980 ὑμῖν
1555 1912 1667 1973 τοῖς
1699 1910 1833 1966 ὑπο-

233 1994 435 2061 τάξασι
474 1997 574 2049 καὶ
600 1999 667 2068 τῇ
693 1996 803 2051 τῶν
845 1997 1020 2068 εὐχῶν
1075 1997 1302 2070 βοηθείᾳ
1320 1998 1386 2052 τὸ
1411 2000 1520 2053 πᾶν
1550 2000 1832 2072 κατορθώ-

235 2103 417 2141 σασιν.
454 2109 474 2139 ι
505 2088 570 2141 Εἰ
595 2087 653 2141 δὲ
679 2089 779 2140 οὐκ
821 2088 997 2159 ὀρθῶς
1026 2087 1059 2159 ἢ
1089 2088 1296 2152 ἀτελῶς
1325 2089 1421 2142 καὶ
1449 2089 1550 2161 τῆς
1573 2089 1834 2160 ἀληθείας

232 2180 266 2251 ἢ
287 2179 493 2245 ὑλικῶς
518 2181 552 2253 ἢ
578 2180 820 2253 μερικῶς
842 2180 1201 2252 ἀποπεπλάνη
1211 2198 1308 2251 μαι
1340 2200 1359 2234 ι
1390 2181 1502 2249 (τὸν
1525 2181 1635 2252 γὰρ
1657 2182 1834 2252 μέγαν

231 2275 330 2328 καὶ
362 2273 711 2346 θεοφάντορα
745 2274 849 2328 κάν
874 2306 875 2309 η
896 2273 1074 2343 τούτῳ
1102 2289 1187 2326 σοι
1215 2273 1516 2345 προσφέρω
1556 2273 1834 2328 Διονύσιον

232 2364 699 2437 παρακλήτορα),
760 2363 912 2434 «τῆς
975 2364 1076 2434 σῆς
1147 2364 1214 2417 ἂν
1269 2364 1359 2432 εἴη
1421 2363 1834 2435 φιλανθρωπίας

231 2454 736 2529 ἐπανορθώσασθαι
788 2457 883 2511 τὸν
929 2456 1203 2521 ἀκουσίως
1231 2454 1555 2527 ἀγνοοῦντα,
1596 2457 1693 2511 καὶ
1733 2475 1834 2528 με-

229 2546 496 2601 ταδοῦναι
544 2548 710 2617 λόγου
738 2546 818 2619 τῷ
878 2549 1070 2618 μαθεῖν
1095 2549 1360 2620 δεομένῳ,
1408 2549 1505 2602 καὶ
1552 2548 1832 2619 ἐπαμῦναι

227 2638 308 2710 τῷ
340 2638 418 2711 μὴ
466 2639 725 2712 αὐτάρκη
775 2639 1007 2712 δύναμιν
1034 2641 1235 2712 ἔχοντι,
1290 2640 1388 2696 καὶ
1437 2642 1695 2696 ἰάσασθαι
1740 2643 1834 2696 τὸν

225 2732 330 2785 οὐκ
376 2731 643 2786 ἐθέλοντα
689 2734 1019 2806 ἀρρωστεῖν,
1066 2732 1181 2805 (.73)
1215 2733 1303 2788 ἴνα
1349 2734 1444 2788 καὶ
1486 2731 1648 2789 τοῦτο
1694 2733 1835 2805 μετά

224 2820 337 2875 τῶν
378 2821 570 2875 ἄλλων
606 2838 701 2881 σου
736 2823 943 2890 καλῶν,
994 2823 1198 2896 μᾶλλον
1229 2825 1287 2878 δὲ
1335 2824 1443 2896 πρὸ
1482 2824 1595 2879 τῶν
1635 2825 1830 2891 ἄλλων,

222 2914 502 2985 ἀνάθημα.
549 2915 732 2985 τίμιον
774 2916 870 2970 καὶ
934 2917 1117 2987 πάσης
1169 2917 1362 2981 θυσίας
1406 2917 1832 2988 αίδεσιμώτερον

227 3008 615 3082 ίερουργήσῃς
676 3009 756 3080 τῷ
800 3008 923 3080 Θεῷ
972 3009 1073 3081 τὴν
1136 3008 1588 3080 φιλανθρωπίαν,
1643 3007 1722 3080 τῷ
1774 3011 1833 3063 ὲν

1954 531 2207 601 Gregorii
2227 529 2588 585 sermonibus
2608 528 2677 584 de
2703 528 2908 598 quibus
2936 526 3289 598 qumsivistis,
3318 542 3540 597 meque,

1956 622 2290 688 beatissimi,
2328 638 2430 693 pro
2445 622 2597 678 virili
2627 630 2785 693 parte
2816 636 3099 692 exponere
3127 623 3402 679 voluistis.
3430 624 3541 678 Vo-

1953 714 2161 768 luntati
2189 722 2415 779 vestrm,
2457 725 2521 770 ut
2555 730 2657 785 par
2689 722 2818 781 est;
2853 713 3146 777 obediens,
3171 714 3415 769 disserui
3440 729 3543 785 ego

1954 806 2025 860 de
2049 808 2369 879 conjectura
2400 808 2575 879 magis
2599 807 3045 864 commendando
3067 822 3231 878 quam
3262 807 3542 862 aﬂirman—

1954 899 2049 956 do.
2076 901 2268 971 Neque
2287 902 2438 956 enim
2465 900 2806 972 assequitur,
2834 915 3018 972 neque
3043 898 3263 971 attingit
3285 916 3540 972 magnam

1952 1002 2011 1050 et
2053 994 2350 1050 sublimem
2372 994 2547 1050 divini
2595 994 2849 1050 doctoris
2871 1001 3119 1050 mentem
3149 1003 3338 1049 noster
3372 994 3540 1049 intel-

1951 1088 2154 1154 lectus,
2206 1088 2305 1159 qui
2349 1089 2685 1145 voluntariis
2736 1088 2922 1143 adhuc
2968 1089 3271 1144 aﬂ'ectuum
3333 1088 3543 1143 aculeis

1952 1179 2276 1250 pungimur,
2305 1194 2546 1250 quorum
2577 1178 2911 1236 vulneribus
2929 1180 3025 1251 qui
3057 1180 3344 1236 sauciatur
3367 1179 3543 1251 magis

1952 1272 2158 1342 gaudet
2183 1288 2351 1344 quam
2394 1273 2492 1343 qui
2524 1272 2796 1328 virtutum
2836 1273 3028 1345 gratiis
3069 1280 3357 1345 purgatur.
3387 1282 3540 1342 post-

1951 1378 2118 1434 quam
2163 1364 2235 1419 ob
2289 1365 2522 1419 multam
2584 1363 2715 1418 mali
2761 1362 3248 1441 consuetudinem,
3289 1361 3537 1417 habitum

1951 1458 2255 1528 assumpsit
2282 1457 2340 1512 in
2381 1466 2671 1528 peccatum
2716 1457 3038 1528 proclivem.
3079 1456 3261 1525 Atque
3284 1454 3331 1508 si
3372 1470 3538 1525 argu-

1948 1554 2140 1603 mento
2188 1562 2291 1603 suo
2321 1548 2534 1619 aliquid
2565 1548 2796 1621 dignum
2834 1547 3041 1601 habere
3090 1545 3177 1601 hae
3201 1544 3537 1628 quaestiones

1947 1640 2109 1697 vobis
2140 1639 2505 1705 videbuntur,
2536 1650 2596 1696 et
2627 1639 2931 1711 quodnon
2962 1653 3196 1708 prorsus
3234 1653 3266 1691 a
3300 1637 3535 1694 vcrilate

1948 1732 2193 1788 alienum
2222 1734 2316 1799 sit,
2346 1734 2464 1789 Deo
2490 1733 2563 1788 sit
2591 1732 2791 1805 gratia,
2819 1730 2917 1802 qui
2957 1730 3227 1785 humilem
3257 1728 3338 1801 (ut
3364 1728 3532 1783 etiam

1947 1824 2053 1879 hoc
2076 1824 2271 1881 ederet
2307 1823 2665 1895 miraculum)
2700 1833 2758 1879 et
2802 1823 3077 1894 abjectam
3113 1828 3358 1875 mentem
3401 1818 3534 1872 illu-

1944 1911 2177 1967 minavit
2202 1921 2260 1968 et
2302 1920 2491 1983 aptum
2541 1913 2812 1968 orationis
2840 1910 3129 1967 modulum
3172 1925 3272 1980 per
3299 1908 3530 1980 gratiam

1943 2014 2102 2055 suam
2126 2000 2526 2071 suppeditavit,
2555 2010 2619 2056 ut
2642 2001 2794 2071 quod
2819 1999 3079 2071 cogitatis
3111 2005 3447 2068 congrueret
3476 2004 3534 2052 et

1944 2100 2385 2146 consentaneum
2415 2100 2566 2147 esset
2608 2091 2810 2147 litteris
2862 2090 3256 2146 mandaremus
3315 2089 3376 2143 in
3434 2104 3534 2143 ve-

1943 2190 2119 2238 strum
2155 2198 2379 2254 quoque
2411 2182 2768 2238 commodum
2794 2180 2890 2252 qui
2944 2179 3264 2234 mandatum
3300 2177 3534 2233 dedistis

1941 2279 1999 2326 et
2015 2273 2403 2342 precationum
2422 2280 2738 2329 vestrarum
2761 2270 2972 2326 auxilio
2993 2278 3170 2325 totum
3193 2284 3334 2339 opus
3348 2268 3533 2339 auspi-

1942 2368 2131 2424 castis.
2168 2387 2187 2420 ι
2217 2366 2289 2423 At
2305 2368 2476 2424 etiam
2503 2367 2548 2422 si
2579 2381 2749 2437 prave
2767 2375 2826 2420 et
2853 2364 2975 2419 sine
2996 2362 3185 2419 fructu
3213 2378 3246 2418 a
3275 2361 3537 2421 veritate.

1942 2461 2060 2517 sive
2095 2461 2328 2517 omnino
2350 2460 2468 2516 sive
2489 2474 2556 2515 ex
2581 2468 2761 2531 parte,
2797 2455 3172 2513 aberraverim
3197 2473 3215 2505 ι
3244 2452 3526 2524 (magnum

1940 2554 2091 2610 enim
2135 2554 2458 2610 etdivinum
2500 2553 2559 2607 in
2585 2554 2693 2609 hac
2716 2565 2939 2623 quoque
2980 2564 3148 2605 causa
3187 2547 3288 2602 tibi
3317 2545 3525 2616 Diony-

1941 2647 2086 2704 sium
2114 2635 2338 2718 profero
2368 2644 2824 2716 consolatorem),
2856 2662 2875 2695 ι
2916 2652 3028 2697 tua:
3051 2641 3145 2707 sit,
3176 2654 3397 2710 precor,
3418 2638 3526 2692 hu—

1940 2738 2228 2795 manitatis
2261 2738 2542 2811 corrigere
2568 2751 2695 2793 eum
2723 2737 2819 2808 qui
2852 2735 3062 2791 invitus
3082 2748 3188 2789 nec
3209 2739 3407 2802 sponte
3429 2745 3529 2785 sua

1943 2831 2000 2886 in
2037 2830 2355 2902 ignorantia
2388 2836 2669 2895 versatur,
2691 2836 2750 2883 et
2779 2827 2848 2883 de
2875 2833 3062 2881 vestro
3095 2824 3375 2879 instruere
3399 2835 3530 2874 eum

1941 2923 2039 2993 qui
2086 2923 2291 2977 instrui
2326 2929 2385 2977 et
2430 2928 2591 2991 optat
2633 2928 2692 2975 et
2726 2926 3011 2990 precatur,
3053 2925 3220 2986 atque
3268 2911 3530 2983 praesidio

1942 3029 2065 3071 esse
2094 3013 2147 3069 ci
2169 3015 2260 3070 cui
2300 3028 2411 3068 non
2450 3018 2537 3066 sat
2567 3009 2783 3065 virium
2827 3016 2936 3073 est,
2974 3015 3032 3063 et
3062 3004 3398 3061 medicinam
3449 3001 3530 3057 af-

220 3099 447 3171 οὺρανῷ
505 3099 602 3155 καὶ
647 3101 745 3154 ἐπὶ
786 3098 893 3171 γῆς
937 3101 1091 3171 παρὰ
1144 3101 1325 3172 πάσης
1364 3100 1710 3172 δοξαζομένῳ
1733 3101 1835 3171 τῆς

1947 3096 2091 3154 ferre
2123 3098 2177 3153 ei
2200 3097 2298 3169 qui
2321 3102 2592 3168 aagrotare
2622 3108 2736 3148 non
2760 3092 2902 3158 vult,
2932 3111 2951 3144 ι
2982 3098 3045 3146 ut
3070 3090 3238 3145 etiam
3269 3087 3379 3142 hoc
3401 3100 3528 3140 cum

220 3192 489 3258 κτίσεως,
547 3193 642 3246 καὶ
695 3193 867 3264 μόνην
914 3191 1235 3247 ἀπαιτοῦντι
1276 3194 1408 3265 παρ’
1438 3193 1598 3264 ἡμῶν
1641 3192 1834 3246 θυσίαν

1947 3193 2197 3262 reliquis,
2220 3189 2310 3246 vel
2332 3188 2518 3259 potius
2546 3200 2661 3257 prae
2679 3184 2933 3255 reliquis,
2958 3180 3253 3238 donarium
3284 3179 3531 3234 honora-

218 3284 320 3357 τὴν
351 3287 434 3350 εἰς
460 3280 742 3356 ἀλλήλους
780 3285 1214 3356 φιλανθρωπίαν.

1950 3286 2084 3352 bile,
2117 3281 2383 3351 omnique
2412 3276 2688 3334 sacriﬁcio
2706 3272 3106 3339 venerabilius,
3127 3271 3245 3327 Deo
3274 3266 3530 3324 humani-

228 3385 406 3434 tatem
453 3377 886 3443 sacriﬁcaveris,
930 3377 1028 3449 qui
1076 3377 1135 3433 in
1167 3377 1311 3434 caelo
1359 3385 1416 3433 et
1467 3394 1523 3433 in
1567 3386 1717 3434 terra
1763 3378 1832 3433 ab
1867 3379 2020 3437 omni
2086 3384 2343 3434 creatura
2386 3371 2741 3445 praedicatur,
2807 3369 3014 3441 quique
3051 3366 3231 3423 solum
3285 3381 3316 3420 a
3364 3363 3527 3421 nobis

227 3474 487 3543 postulat
511 3469 851 3527 sacriﬁcium
881 3470 1287 3525 humanitatem
1312 3484 1444 3540 erga
1464 3469 1623 3525 alios.

293 3622 414 3692 (75)
474 3622 704 3694 Dionys.
756 3620 1028 3691 Areopag.
1063 3618 1140 3673 De
1162 3618 1324 3673 divin.
1350 3584 1621 3673 ‘nominib.
1657 3632 1779 3687 cap.
1817 3616 1905 3681 l5,
1928 3630 1984 3684 p.
2023 3612 2149 3677 554,
2183 3618 2321 3665 tom.
2358 3611 2400 3665 1.
2426 3610 2566 3681 Opp.
2598 3607 2667 3664 ed
2696 3608 2889 3664 Venet.

1700 3846 2127 3861 a——-———-

223 4039 291 4099 S.
332 4033 606 4098 Maximi
657 4033 909 4097 Scholia
955 4032 1024 4095 in
1067 4033 1137 4093 B.
1191 4033 1559 4113 Dionysium
1601 4031 2042 4115 Areopagitam
2098 4036 2349 4096 exstant
2390 4030 2557 4093 inter
2605 4043 2803 4109 opera
2846 4025 3050 4108 ipsius
3099 4026 3491 4107 Areopagitae
3518 4074 3534 4102 ,

304 4140 592 4221 hujusce
634 4138 1009 4218 Patrologiie
1057 4144 1213 4201 tom.
1246 4139 1358 4213 IV;
1399 4138 1538 4218 ejus
1574 4155 1725 4202 vero
1772 4139 2153 4221 Computum
2207 4127 2701 4203 ecclesiasticum
2744 4132 3036 4198 dedimus
3069 4131 3236 4196 inter
3272 4130 3530 4212 supple-

304 4246 542 4305 menta
570 4239 652 4304 ad
682 4240 941 4303 Eusebii
983 4238 1364 4315 Chronicon,
1408 4245 1562 4301 tom.
1598 4240 1769 4314 XIX,
1803 4239 1927 4302 col.
1967 4238 2142 4301 1217.

884 4667 979 4757 S.
1056 4666 1511 4758 MAXIM]
1588 4666 2389 4762 CONFESSORIS
2457 4665 2909 4756 HYMNI.

1242 4884 1485 4950 (DANIEL,
1516 4885 1771 4941 Thesaur.
1805 4884 2131 4957 hymnolog.,
2166 4886 2258 4951 Ill,
2292 4887 2360 4943 97
2391 4886 2571 4956 seqq.)

210 5176 1006 5259 ιρΥμνςος,-εὑχρ,ριστήριρς
1079 5174 1319 5259 Hymnus
1355 5175 1838 5259 gratiaru‘ntaf'tio:

292 5244 409 5312 ἇιαι
448 5244 464 5250 ’
503 5244 800 5317 ἱκεέῆριος
857 5244 1008 5314 πρὸς
1134 5244 1234 5299 nis
1264 5252 1313 5299 et
1343 5244 1743 5316 supplicationis
1769 5247 1838 5298 ad

294 5325 488 5383 Θεόν.
611 5317 616 5321 ’
1161 5314 1348 5372 Deum.

214 5461 467 5536 Λειμών
514 5476 583 5531 με
626 5455 848 5528 τλήμον’
881 5455 1009 5526 ἔσχε
1080 5452 1225 5509 Olim
1254 5467 1345 5507 me
1378 5457 1602 5507 beatum
1637 5450 1840 5593 eligi;

1079 5592 1377 5650 Paradisus
1457 5589 1831 5650 iueundar'um

212 5600 428 5671 Πάλαι,
462 5596 653 5667 φυτῶν
681 5593 942 5666 ἀρίστων,

278 5684 299 5690 ·
416 5662 491 5671 ’⁷
723 5662 739 5666 ⁷
806 5706 817 5715 .
1468 5662 1827 5733 [plantarum,

569 5784 842 5846 Ρηιιοι..
889 5782 1009 5845 Gn.
1064 5782 1230 5844 XCI.

2766 5178 2910 5245 Quin
2960 5178 3058 5232 Dei
3087 5178 3288 5232 summi

2766 5247 3128 5302 lnenarrabili
3176 5248 3521 5317 providentia

2765 5317 3082 5387 Amoreque
3111 5318 3232 5387 pari

2769 5386 2980 5441 Lumen
3040 5386 3188 5443 istUd
3223 5403 3327 5459 ego
3367 5388 3522 5445 vide-

3344 5457 3517 5513 Ibam.

3407 5474 3517 5525 am,

2765 5525 2966 5581 Factus
2991 5543 3058 5582 ex
3091 5527 3224 5583 limo
3250 5457 3416 5583 tergi):I

2764 5596 3096 5667 Habensque
3116 5607 3383 5669 praeterea
3410 5598 3524 5668 spi-

3296 5667 3520 5742 [ritum,

3064 5784 3142 5845 [ιὸ

1935 5172 2127 5248 ΪΗμοςλ
2151 5174 2289 5230 Θεοῦ
2328 5178 2586 5248 μεγίστου

1950 5245 2074 5318 Ἐπ’
2104 5245 2373 5318 manu
2407 5245 2635 5318 προνοίη

1940 5308 2231 5406 Evasi:
2261 5308 2617 5406 ε.σοὶιοίὲ>φ..’

1934 5385 2054 5448 Φῶς
2082 5385 2231 5440 τοῦτ’
2271 5385 2383 5455 ὲγὼ
2422 5385 2690 5453 κατεῖδον,

1936 5455 2208 5520 Πλασθεὶς
2236 5458 2359 5528 χοὸς
2384 5474 2481 5529 γεη
2492 5458 2584 5527 ροῦ

1931 5594 2043 5648 Καὶ
2091 5592 2310 5668 πνεῦμα
2363 5595 2692 5738 προσλαῗών

2606 5683 2687 5732 τε,

2606 5683 2687 5732 τε,
