4052 6408
562 560 697 625 1427
884 538 889 541 ’
1188 563 1192 567 ‘
1807 577 2206 639 THALASSII
2239 580 2558 640 ABBATIS
3664 582 3772 647 1428

624 673 781 727 Joan.
813 673 1051 731 Jacobus
1081 676 1367 748 Grynaeus,
1401 682 1456 735 in
1482 683 1696 738 Przefat.
1731 684 1799 738 ad
1840 685 2369 757 Orthodoxographa
2406 689 2599 743 scribit
2631 689 2983 744 Thalassium
3019 704 3087 745 ex
3128 689 3499 758 quorumdam
3530 694 3770 747 sententia

471 815 508 878 ,λ
550 763 892 878 {inruisse'in
920 767 1171 878 .Eccltesia
1201 769 1674 878 Caesariensi‘ann.
1713 775 1775 833 C.
1803 777 1925 832 465.
1962 778 2164 834 Verum
2198 795 2228 834 a
2263 780 2663 834 sententiarum
2694 790 2920 835 auctore
2953 780 3289 853 Hesychasta
3326 780 3519 850 utique
3554 780 3772 837 diversus

495 855 508 908 ἓ
550 855 657 910 fuit
687 856 1006 914 Thalassius
1038 858 1297 917 Caesareae
1324 862 1681 934 Cappadocim
1715 868 2028 939 episcopus,
2064 870 2160 939 qui
2214 871 2470 926 interfuit
2497 873 2733 927 concilio
2771 873 2934 928 CPol.
2983 883 3039 928 et
3087 874 3370 945 Ephesino
3402 890 3532 930 ann.
3583 873 3695 937 H9,
3734 885 3779 928 et

549 946 985 1007 Cbalcedonensi
1012 969 1139 1009 ann.
1178 956 1302 1010 451.
1333 957 1651 1015 Thalassius
1673 977 1806 1017 vero
1834 963 2127 1034 episc0pus
2157 963 2419 1019 Caesareae
2451 966 2752 1020 Palaestina:
2779 967 2966 1021 nullus
2989 966 3092 1021 fuit
3116 985 3130 1021 :
3154 983 3281 1022 nam
3311 969 3370 1023 in
3401 966 3778 1034 subscriptione

550 1037 774 1137 concilii
809 1038 970 1137 φοι.
1014 1057 1142 1097 ann.
1176 1044 1301 1137 581,
1333 1061 1433 1115 pro
1464 1047 1738 1105 Thalassio
1769 1052 1975 1107 rectius
1996 1053 2090 1107 alii
2134 1053 2354 1109 codices
2381 1053 2587 1109 habent
2615 1055 2906 1121 Gelasium,
2942 1055 3147 1125 quibus
3172 1057 3583 1122 Theodoretus,
3628 1056 3781 1112 Leon-

552 1131 665 1183 tius
691 1137 748 1184 et
779 1131 872 1185 alii
909 1143 1120 1189 veteres
1147 1136 1291 1205 apud
1327 1137 1675 1194 Harduinum
1702 1141 2092 1213 suffragantur.

547 1325 3631 1370 Ww-

3632 1343 3770 1372 Ξ

1444 1492 2429 1632 ΘΑΛΑΣΣΙΟΥ
2541 1496 2954 1631 ΑΒΒΑ

898 1764 899 1767 η
996 1720 1161 1774 ΠΕΡΙ
1196 1720 1470 1777 ΑΓΑΠΗΣ
1510 1726 1630 1779 ΚΑΙ
1670 1726 2127 1792 ΕΓΚΡΔἝΕΙΔΣ,
2164 1728 2288 1782 ΚΑΙ
2326 1728 2463 1781 ΤΗΣ
2500 1729 2689 1783 ΚΑΤΑ
2726 1730 2921 1785 ΝΟΥΝ
2960 1692 3348 1799 ΠοΑΙΤὲιΑΣ,

1603 1887 1800 1940 ΠΡΟΣ
1835 1889 1935 1943 ΠΛ
1948 1888 2134 1942 ΥΛΟΝ
2169 1884 2727 1956 ΠΡΕΣΒΥΤΕΡΟΝ,

1732 2019 2395 2164 ΕΚΑΤΟΝΤΑΣ
2469 2048 2589 2143 Α’.

1829 2228 1939 2296 Ἧς
1975 2234 2010 2304 ἡ
2036 2233 2353 2304 ἀκροστιχὶς
2381 2233 2478 2303 ἥδε
2498 2250 2513 2265 ’

824 2388 1207 2459 Πνευματικῷ
1254 2389 1495 2460 ἀδελφῷ
1529 2390 1629 2445 καὶ
1663 2390 1948 2462 ἀγαπητῷ
1982 2391 2167 2461 κυρίῳ
2213 2392 2433 2458 Παύλῳ
2473 2389 2838 2458 Θαλάσσιος,
2880 2387 2960 2456 τῷ
2996 2389 3114 2460 μὲν
3150 2390 3496 2463 φαινομένῳ

1322 2482 1737 2554 Ἡσυχαστής·
1769 2481 1844 2554 τῇ
1867 2483 1937 2539 δὲ
1967 2483 2221 2550 ἀληθείᾳ
2244 2482 2700 2554 πραγματευτὴς
2726 2480 3094 2550 κενοδοξίας.

1359 2799 2207 2931 THALASSII
2338 2796 3013 2927 ABBATIS

791 3033 905 3102 DE
955 3033 1423 3103 CHARITATE
1473 3038 1575 3103 AC
1618 3038 2194 3114 CONTINENTIA,
2238 3019 2564 3101 NECNON
2612 3038 2721 3098 DE
2767 3036 3167 3100 REGIMINE
3220 3033 3564 3110 MENTIS,

1689 3202 1786 3267 AD
1821 3201 1908 3258 PA
1921 3200 2114 3258 ULUM
2146 3195 2668 3259 PRESBYTERUM

1807 3373 2409 3463 CENTUBIA
2488 3374 2569 3493 ι,

1483 3564 1652 3636 Cujus
1676 3579 1941 3620 versuum
1968 3562 2162 3632 primae
2190 3562 2391 3616 litterae
2419 3560 2607 3616 Greece
2637 3560 2886 3616 collectae

1820 3652 1923 3708 has
1952 3651 2226 3707 dictiones
2256 3648 2503 3706 eﬂiciunt
2536 3665 2550 3701 :

1013 3803 1312 3889 Spirit'alt'
1342 3815 1396 3869 et
1430 3806 1659 3869 dilecto
1701 3806 1953 3868 domino
1993 3804 2196 3866 Paulo
2244 3805 2634 3876 Thalassius,
2668 3803 2898 3883 quietis
2934 3800 3326 3875 monasticw,
3366 3876 3371 3882 ί

1182 3956 1185 3959 ι
1291 3922 1364 3977 ut
1390 3921 1683 3993 apparet,
1712 3930 1780 3973 re
1819 3920 2024 3974 autem
2054 3910 2197 3989 ipsa
2235 3911 2445 3971 inanis
2500 3905 2723 3986 gloria?
2773 3916 3068 3970 sectator.

1444 4076 1731 4147 (GALLANn.
1769 4075 1879 4130 Vel.
1916 4073 2141 4128 Patrum
2189 4070 2464 4127 Bibliolh..
2502 4081 2542 4127 t.
2574 4070 2715 4133 Xlll,
2745 4085 2802 4139 p.
2835 4068 2916 4140 5.)

613 4362 665 4417 l.
700 4360 870 4416 Amor
915 4359 963 4414 si
1009 4365 1156 4415 totus
1198 4334 1489 4414 ordinetur
1532 4357 1587 4412 in
1629 4328 1826 4425 Deum,
1876 4366 2125 4414 amantes
2155 4363 2204 4422 Α

2284 4356 2371 4413 ·α’.
2412 4358 2584 4422 Πόθος
2613 4357 2751 4428 πρὸς
2782 4356 2915 4412 Θεὸν
2942 4353 3122 4417 ὁλικδς
3170 4352 3539 4425 τεταγμένος,
3570 4353 3691 4425 Θεῷ
3728 4353 3804 4408 ἁλ-

539 4458 689 4513 inter
729 4469 789 4510 se
825 4462 883 4509 et
923 4468 1051 4508 cum
1092 4453 1208 4508 Deo
1245 4452 1488 4523 cepulat.

2232 4450 2430 4523 λήλοιις⁴
2449 4449 2738 4520 συνδεσμεῖ
2768 4449 2894 4512 τοὺς
2925 4445 3243 4510 ποθοῦντας.

607 4549 665 4602 2.
704 4546 855 4602 Mens
890 4544 1127 4616 spiritali
1170 4543 1445 4600 charitate
1486 4543 1754 4614 locuples,
1798 4543 1938 4599 nihil
1974 4540 2125 4613 quod

2305 4541 2370 4614 β’.
2410 4542 2555 4606 Νοῦς
2587 4542 2962 4613 πνευματικὴν
2988 4540 3212 4609 ἀγάπην
3253 4537 3605 4609 κτησάμενος
3636 4537 3696 4593 οὐ
3730 4536 3806 4588 λο-

541 4639 867 4695 charitatem
919 4651 1030 4692 non
1071 4636 1285 4703 deceat,
1334 4636 1403 4691 de
1454 4635 1712 4706 proximo
1755 4637 1980 4708 cogitat.

2233 4633 2445 4705 γιζεται
2477 4633 2608 4704 περὶ
2643 4632 2739 4687 τοῦ
2772 4632 2948 4699 πέλας
2970 4630 3039 4685 τὰ
3064 4632 3131 4701 τῇ
3173 4630 3367 4703 ἀγάπῃ
3398 4629 3474 4701 μὴ
3510 4630 3802 4702 πρέποντα.

613 4732 669 4785 5.
714 4730 830 4785 Sub
869 4729 1155 4785 charitatis
1200 4728 1462 4800 ﬁgmento
1511 4729 1829 4800 hypocrisin
1855 4729 2119 4793 occultat,

2304 4734 2373 4796 γ’.
2425 4725 2513 4780 Ἐν
2542 4725 2821 4796 πλάσματι
2854 4723 3078 4793 ἀγάπης
3102 4721 3202 4793 τὴν
3233 4722 3531 4792 ὑπόκρισιν
3564 4722 3804 4793 κρύπτει,

537 4822 638 4892 qui
692 4837 789 4877 ore
837 4820 1036 4891 probat
1081 4820 1229 4889 quod
1270 4820 1417 4890 apud
1465 4835 1525 4876 se
1572 4834 1704 4875 vere
1751 4819 1912 4874 nihili
1968 4818 2121 4874 facit.

2233 4823 2263 4875 ὁ
2297 4820 2377 4892 τῷ
2431 4820 2530 4890 μὲν
2580 4818 2807 4889 στόματι
2852 4813 3114 4885 εὐλογῶν,
3142 4815 3211 4885 τῇ
3258 4813 3317 4867 δὲ
3357 4814 3561 4885 καρδία
3606 4812 3805 4878 ἐξουδε-

613 4996 669 5051 4.
716 4994 864 5052 Nihil
927 5001 1039 5048 tam
1077 5002 1254 5058 atrox,
1304 4994 1554 5063 nihilque
1598 5002 1710 5048 tam
1755 5007 2129 5049 aerumnosum

2235 4931 2369 5060 Wz'.
2422 5003 2713 5073 ’Υπομένει
2747 5001 3048 5072 ἀταράχως
3073 5002 3102 5054 ὁ
3124 4999 3347 5070 ἀγάπην
3378 4999 3720 5068 κτησάμενος
3749 4992 3805 5046 τὰ

544 5087 822 5142 intentare
863 5097 1097 5156 possunt
1128 5084 1364 5150 inimici,
1409 5084 1559 5156 quod
1603 5100 1718 5139 non
1747 5083 1889 5139 citra
1936 5084 2128 5140 turba-

2040 5085 2128 5140 ba-
2237 5095 2365 5166 παρ’
2395 5091 2610 5165 ἐχθρῶν
2633 5089 2952 5173 ἐπαγόμενα
2978 5087 3222 5159 λυπηρὰ,
3249 5086 3344 5140 καὶ
3380 5086 3640 5140 ἐπίπονα.

546 5178 754 5258 tionem
797 5177 1049 5241 sufferat,
1090 5176 1419 5233 charitatem
1461 5174 1769 5246 possidens.

617 5255 671 5323 Ei.
710 5268 836 5323 Sola
864 5268 1104 5323 charitas
1148 5268 1204 5321 in
1236 5282 1402 5322 unam
1426 5280 1723 5336 veramque
1751 5265 2127 5331 concordiam,

2308 5268 2369 5324 ε’.
2407 5267 2560 5336 Μόνη
2589 5268 2625 5338 ἡ
2657 5265 2848 5335 ἀγάπη
2894 5262 3159 5318 συνάπτει
3202 5262 3301 5333 τὴν
3357 5261 3535 5317 κτίσιν
3577 5259 3696 5330 Θεῷ
3721 5255 3802 5312 καὶ

546 5357 719 5412 Deum
768 5367 827 5411 et
863 5365 1179 5412 creaturam
1223 5356 1391 5427 cogit.
2123 5406 2127 5409 τ

2123 5406 2127 5409 τ
2239 5359 2494 5431 ἀλλήλοις
2519 5358 2600 5421 εἰς
2622 5354 2899 5427 ὁμόνοιαν.
3328 5365 3332 5370 ·

616 5450 671 5505 6.
709 5448 1048 5505 Charitatem
1076 5462 1264 5501 veram
1289 5447 1597 5516 possidens,
1634 5446 1901 5501 adversus
1940 5446 2131 5516 proxi-

2312 5449 2387 5525 ς’.
2447 5449 2694 5517 Ἀγάπην
2743 5444 3004 5517 ἀληθινὴν
3041 5446 3249 5507 ἐκεῖνος
3300 5444 3590 5513 κέκτηται,
3624 5444 3652 5495 ὁ
3687 5440 3801 5492 om

551 5557 702 5595 mum
741 5556 923 5610 neque
987 5539 1353 5607 suspiciones,
1404 5553 1583 5608 neque
1624 5539 1858 5593 verbum
1908 5538 2128 5606 aliquod

2242 5542 2399 5597 νοιῶν
2428 5542 2517 5613 μῆ
2529 5541 2876 5612 ἀνεχόμενος,
2906 5537 3042 5610 μηδὲ
3070 5537 3231 5606 λόγου
3262 5536 3404 5591 κατὰ
3436 5536 3530 5588 τοῦ
3558 5533 3738 5594 πέλας.

551 5632 827 5687 admittet.

620 5724 672 5776 7.
726 5722 880 5792 Apud
924 5724 1093 5777 Deum
1151 5732 1206 5777 et
1256 5724 1510 5777 homines
1575 5722 1839 5777 honorem
1894 5731 2136 5775 meretur
2169 5737 2210 5791 Β

2194 5738 2210 5789 ι
2313 5719 2378 5782 ζ’.
2421 5718 2614 5789 Τίμιος
2657 5716 2892 5786 ὑπάρχει
2942 5713 3092 5784 παρὰ
3121 5711 3239 5782 Θεῷ
3282 5710 3379 5765 καὶ
3428 5707 3729 5779 ἀνθρώποις
3772 5703 3794 5755 ὁ

552 5814 642 5884 qui
673 5829 898 5883 operam
923 5831 1077 5871 suam
1099 5816 1165 5871 ad
1188 5815 1477 5872 charitatis
1500 5815 1920 5870 dissolutionem
1946 5824 2126 5884 negat.

1946 5824 2126 5884 negat.
2242 5813 2380 5883 πρὸς
2409 5810 2705 5864 κατάλυσιν
2728 5807 2950 5877 ἀγάπης
2980 5804 3153 5875 μηδὲν
3179 5802 3532 5871 ἐπιτηδεύων.

622 5902 674 5956 8.
706 5901 1006 5959 Charitatis
1027 5922 1137 5961 non
1161 5907 1432 5961 simulata:
1456 5905 1738 5976 proprium
1770 5914 1876 5965 est,
1903 5903 2131 5959 verbum

2289 5880 2384 5973 λη’.
2430 5903 2591 5954 Ἴδιον
2646 5897 2883 5969 ὑπάρχει
2931 5896 3029 5964 τῆς
3088 5892 3453 5962 ἀνυποκρίτου
3495 5888 3729 5959 ἀγάπης»
3773 5880 3793 5931 δ

559 6008 751 6045 verum
783 6009 812 6049 e
844 5997 1182 6053 consolantia
1227 5999 1371 6053 bona
1420 5996 1746 6064 profectum.

2243 5997 2397 6061 λόγος
2424 5993 2629 6062 ἀληθὴς
2651 5992 2713 6046 ἐκ
2741 5989 3099 6060 συνειδήσεως
3133 5982 3358 6056 ἀγαθῆς.
