4052 6432
275 568 299 631 l
311 568 407 634 429

1680 565 2065 629 CENTURIA
2105 567 2169 627 ῙῘ.⁵

3386 563 3522 629 1430

337 682 403 734 θ’.
446 677 694 749 Κρύπτει
717 676 804 731 τὸν
836 677 1029 747 φθόνον
1061 678 1118 731 ὲν
1156 678 1396 750 σχήματι
1420 676 1653 741 εὐνοίας,
1690 680 1717 729 ὁ
1746 676 1839 743 ψόμ

2015 676 2067 730 9.
2114 674 2228 729 Sub
2275 673 2674 729 benevolentiae
2718 672 2910 728 habitu
2971 672 3199 727 livorem
3258 676 3522 741 occultat,

270 793 364 845 γον
389 773 464 845 τῷ
487 771 700 842 ἀδελφῷ
722 772 785 836 ἐξ
813 770 1064 844 ἑτέρω[ν]
1091 771 1431 842 προσφέρων.

341 874 392 920 t'.
435 866 648 935 Ὥσπερ
681 864 735 916 att
771 864 1032 935 σαρκικαὶ
1060 863 1253 933 ἀρεταὶ
1278 862 1377 933 τὴν
1406 860 1512 915 τῶν
1541 857 1845 929 ἀνθρώπων

269 957 448 1024 δόξαν,
484 955 627 1009 οὑτω
652 954 749 1009 καὶ
786 956 842 1008 αί
876 954 1254 1025 πνευματικαὶ
1286 953 1385 1022 τὴν
1417 950 1510 1005 τοῦ
1548 949 1686 1003 Θεοῦ
1720 951 1842 1002 ἑπι-

270 1048 540 1105 σπῶνται.

276 1174 287 1183 ~
342 1146 432 1193 ια’,
487 1138 704 1208 Ἀγάπη
744 1137 839 1190 καὶ
900 1136 1201 1205 ἐγκράτεια
1261 1134 1441 1205 ψυχὴν
1494 1133 1844 1205 καθαίρουσι·

266 1234 393 1289 νοῦν
420 1233 480 1287 δὲ
501 1230 813 1303 λαμπρύνει
838 1230 1117 1302 προσευχὴ
1153 1227 1389 1299 καθαρά.

345 1326 433 1395 ιβ’.
476 1323 733 1387 Δυνατὸς’
756 1321 895 1393 ἀνὴρ
928 1323 1135 1383 ἐκεῖνος
1180 1320 1445 1392 ὑπάρχει,
1476 1321 1505 1373 ὁ
1529 1315 1729 1390 πράξει
1754 1317 1851 1370 καὶ

265 1417 471 1487 γνώσει
493 1417 592 1486 τὴν
617 1417 820 1470 κακίαν
852 1415 1194 1472 ἀπελαύνων.

340 1517 432 1580 ιγ’.
475 1505 616 1579 Εὗρε
651 1509 813 1581 χάριν
842 1501 1001 1574 οὗτος
1047 1506 1201 1579 παρὰ
1241 1506 1320 1578 τῷ
1351 1506 1490 1577 Θεῷ,
1525 1508 1553 1560 ὁ
1581 1506 1850 1563 ἀπάθειαν

262 1603 616 1675 κτησάμενος
651 1602 745 1657 καὶ
765 1602 966 1671 γνῶσιν
992 1601 1389 1674 πνευματικήν.

340 1695 426 1749 ιδ’.
470 1695 765 1765 Λογισμῶν
811 1695 1079 1767 ὲμπαθῶν
1133 1697 1183 1750 εί
1231 1697 1617 1769 περιγενέσθαι
1668 1695 1850 1769 θέλῃς,

265 1786 606 1857 ἐγκράτειαν
629 1788 850 1859 κτῆσαι,
877 1788 971 1842 καὶ
992 1789 1214 1861 ἀγάπην
1248 1789 1384 1860 πρὸς
1411 1790 1536 1854 τοὺς
1565 1789 1811 1860 πλησίον.

341 1882 428 1931 ιε’.
472 1875 716 1943 Φύλαξον
771 1877 966 1932 σαυτὸν
1012 1878 1122 1931 ἀπὸ
1176 1881 1449 1952 ἀκρασίας
1495 1880 1590 1934 καὶ
1635 1879 1848 1950 μίσους,

264 1966 363 2023 καὶ
396 1964 476 2037 μὴ
511 1964 682 2038 εὕρῃς
709 1966 1047 2038 πρόσκομμα
1078 1967 1137 2021 ἐν
1172 1967 1353 2038 καιρῷ
1386 1966 1700 2039 προσευχῆς
1733 1982 1850 2021 σου.

1945 767 2037 837 qui
2087 767 2310 822 fratrem
2334 765 2490 836 quasi
2519 780 2587 820 ex
2632 766 2815 820 alieno
2843 780 2938 820 ore
2986 766 3251 820 conviciis
3279 767 3520 820 lacessit.

2021 859 2108 914 l0.
2144 860 2214 915 Ut
2252 859 2499 914 carnales
2525 858 2760 912 virtutes
2792 858 3112 922 humanam,
3162 858 3235 912 ita
3267 867 3322 914 et
3349 860 3516 928 Spiri-

1946 952 2122 1008 tuales
2165 951 2262 1006 Dei
2311 950 2540 1023 gloriam
2591 949 2907 1005 conciliant.

2018 1147 2106 1200 11.
2157 1144 2413 1201 Charitas
2445 1151 2504 1199 et
2534 1143 2877 1200 continentia
2924 1142 3164 1197 animam
3212 1140 3529 1211 purificant.

1949 1245 2189 1292 mentem
2211 1251 2343 1292 vero
2366 1251 2521 1306 purae
2546 1250 2741 1305 preces
2770 1236 3072 1290 illustrant.

2020 1330 2107 1385 12.
2151 1330 2292 1386 Vere
2323 1337 2522 1399 potens
2549 1327 2636 1382 vir
2660 1335 2767 1390 est,
2799 1328 2894 1399 qui
2918 1335 2974 1382 et
2999 1328 3169 1396 Opere
3208 1336 3266 1381 et
3295 1325 3528 1381 scientia

1949 1421 2219 1477 malitiam
2262 1429 2533 1478 removet.

2024 1512 2109 1566 l5.
2125 1513 2373 1583 Magnam
2395 1511 2540 1582 apud
2560 1512 2733 1566 Deum
2755 1508 2989 1581 gratiam
3013 1507 3245 1571 invenit,
3269 1507 3363 1576 qui
3385 1506 3538 1560 seda-

1950 1604 2022 1661 tis
2050 1604 2342 1660 affectibus
2365 1603 2737 1675 cognitionem
2767 1600 3141 1673 spiritualium
3169 1599 3404 1668 adeptus
3431 1606 3537 1652 est.

2024 1697 2113 1752 14.
2157 1696 2217 1752 Si
2255 1696 2618 1767 cogitationes
2643 1696 2830 1750 animo
2866 1693 3097 1749 infestas
3136 1693 3331 1747 deesse
3359 1690 3537 1760 cupis,

1952 1786 2112 1843 stude
2147 1787 2505 1842 continentia:
2529 1801 2595 1842 ac
2623 1784 2881 1841 charitati
2908 1785 2964 1839 in
2989 1784 3325 1854 proximum.

2027 1879 2114 1935 15.
2143 1878 2215 1933 Ut
2247 1877 2303 1932 in
2338 1887 2587 1948 tempore
2612 1891 2846 1946 precum
2874 1884 3094 1931 tuarum
3129 1882 3330 1930 cuncta
3361 1872 3541 1926 faces-

1956 1973 2079 2023 sant
2111 1966 2467 2032 oli‘endicula,
2500 1980 2632 2021 cave
2659 1965 2729 2020 ab
2760 1963 3185 2034 intemperantia
3212 1970 3268 2018 et
3295 1961 3448 2016 odio.

339 2025 441 2122 tg".
739 2025 840 2110 οὐκ
866 2025 1013 2113 ἔστιν
1047 2058 1229 2129 εὑρεῖν
1255 2025 1854 2130 έν1βορὸόρῳῇάρώμα-

2030 2057 2117 2113 16.
2166 2057 2239 2113 Ut
2277 2057 2332 2112 in
2393 2070 2554 2111 coeno
2585 2063 2832 2110 aromata
2872 2069 2985 2109 non
3033 2054 3417 2117 inveniuntur,
3469 2050 3544 2105 ita

259 2167 352 2215 τα,
389 2148 572 2211 οὕτως
597 2148 706 2203 οὐδ’
726 2150 785 2204 ὲν
804 2151 953 2221 ψυχῇ
980 2151 1325 2222 μνησικάκου
1356 2151 1576 2222 ἀγάπης
1601 2149 1852 2204 εὐωδίαν.

335 2331 426 2395 ιζ’.
472 2331 688 2401 Κράτει
730 2330 997 2401 γενναίως
1035 2328 1209 2401 θυμοῦ
1255 2331 1350 2386 καὶ
1403 2331 1722 2403 ἐπιθυμίας,
1768 2331 1861 2385 καὶ

261 2421 536 2494 πονηρῶν
564 2421 844 2495 λογισμῶν
866 2422 1104 2493 τάχιστα
1127 2422 1471 2495 ἀπαλλάττῃ.

331 2605 430 2668 ιη’.
492 2598 738 2669 Ἀναιρεῖ
781 2596 1090 2662 κενοδοξίαν
1121 2599 1156 2667 ἡ
1181 2600 1400 2669 κρυπτὴ
1462 2598 1721 2670 ἐργασία,
1750 2578 1859 2652 ’ἀπ-

256 2689 482 2745 ελαύνει
527 2690 584 2743 δὲ
617 2689 996 2761 ὑπερηφανίαν
1017 2689 1079 2743 τὸ
1111 2688 1315 2761 μηδένα
1343 2688 1664 2754 ἐξουθενετν.

334 2780 427 2834 ιθ’.
477 2780 651 2833 Ἰδιον
699 2779 1007 2845 κενοδοξίας
1050 2778 1341 2849 ὑπόκρισις
1374 2780 1470 2833 καὶ
1508 2778 1734 2850 ψεῦδος·
1765 2778 1862 2850 τῆς

253 2869 312 2922 δὲ
336 2869 757 2940 ὑπερηφανίας,
781 2871 816 2940 ἡ
846 2870 1023 2940 οἴησις
1059 2870 1155 2924 καὶ
1184 2869 1395 2951 φθόνος.

331 2968 406 3015 κ’.
452 2963 688 3033 Ἄρχων
727 2962 938 3026 ἐκεῖνος
986 2963 1016 3015 ὁ
1061 2961 1254 3017 ἑαυτοῦ
1308 2960 1503 3033 ἄρξας,
1556 2961 1652 3015 καὶ
1683 2960 1862 3032 ψυχὴν

255 3054 358 3109 καὶ
385 3052 580 3123 σῶμα
604 3052 683 3124 τῷ
708 3053 854 3125 λόγῳ
875 3054 1176 3120 ὑποτάξας.

328 3146 442 3203 κα’.

249 3240 424 3312 ἡνίκα
450 3239 570 3308 τῆς
596 3238 845 3310 ἀνάγκης
869 3242 1236 3309 συγκοινωνὸς
1265 3242 1511 3312 γένηται.

332 3333 447 3403 κβ’.
516 3330 843 3400 Ἀσφάλισαι
898 3332 999 3396 τὰς
1049 3333 1335 3405 αἰσθήσεις
1384 3333 1464 3404 τῷ
1534 3332 1727 3404 τρόπῳ
1764 3331 1866 3399 τῆς
1896 3367 1938 3425 c

256 3424 534 3495 ἡσυχίας,
573 3425 671 3477 καὶ
711 3424 936 3479 δίκασον
963 3424 1090 3489 τοὺς
1133 3423 1430 3495 λογισμοὺς
1458 3421 1775 3492 ἐφεστῶτας
1801 3424 1866 3493 τῇ

258 3517 502 3589 καρδίᾳ.

336 3574 463 3677 κγ’.⁸
500 3606 650 3678 Πρὸς
682 3574 829 3669 ’τοὺς
864 3604 1161 3678 λυπηροὺς
1197 3603 1514 3674 λογισμοὺς,
1559 3598 1873 3671 ἀμνησικά-

259 3720 381 3766 κως
443 3699 704 3756 ἀπάντα·
753 3688 892 3771 πρὸς
939 3698 995 3753 δὲ
1060 3699 1188 3761 τοὺς
1228 3694 1543 3766 φιληδόνους
1584 3688 1873 3763 ἐχθρωδῶς

256 3794 547 3849 διάκεισο.

334 3882 450 3937 κδ’.
510 3877 748 3950 Ἡσυχία
795 3878 888 3932 καὶ
926 3876 1225 3948 προσευχὴ,
1259 3874 1356 3930 καὶ
1399 3874 1615 3943 ἀγάπη.
1648 3873 1743 3925 καὶ
1775 3874 1873 3939 ἐγ-

257 3972 515 4043 κράτεια
545 3966 918 4039 τετράπλοκόν
951 3969 1100 4019 ἐστιν
1141 3964 1315 4036 ἆρμα,
1370 3965 1450 4025 είς
1495 3959 1757 4031 οὐρανοὺς
1782 3959 1873 4012 άν-

254 4065 402 4133 άγον
425 4062 528 4116 τὸν
551 4059 697 4115 νοῦν.

335 4154 445 4211 κε’.
493 4151 677 4223 Τῆξον
716 4151 816 4221 τὴν
864 4150 1042 4220 σάρκα
1081 4164 1177 4201 σου
1227 4145 1414 4217 ἀσιτίᾳ
1443 4146 1538 4199 καὶ¹
1572 4140 1870 4212 ἀγρυπνίᾳ,

254 4249 362 4305 καὶ
397 4246 748 4307 ἀπελαύνεις
778 4245 868 4298 τὸν
890 4245 1084 4312 δήμιον
1118 4241 1221 4311 τῆς
1249 4238 1445 4310 ἡδονῆς
1471 4234 1762 4305 λογισμοῦ.

334 4348 463 4405 xg'.
492 4400 497 4407 ι
525 4339 616 4397 Ὦς
651 4337 878 4403 τήκεται
919 4334 1090 4403 κηρὸς
1153 4333 1261 4386 ἀπὸ
1332 4328 1626 4400 προσώπου
1680 4324 1873 4408 πυρὸς,

249 4434 445 4495 οὕτως
479 4429 599 4483 ἀπὸ
625 4428 792 4496 φόϐου
816 4425 951 4479 Θεοῦ
984 4425 1291 4497 ἀκάθαρτος
1322 4422 1601 4491 λογισμός.

336 4520 453 4585 κζ’.
506 4518 670 4589 Κακὴ
706 4516 880 4588 ζημία
918 4515 1099 4586 ψυχῆς
1136 4515 1365 4587 συνετῆς
1413 4514 1728 4585 ἐγχρονίται
1773 4514 1872 4573 mi:

255 4614 347 4669 Θει
376 4609 608 4684 ψεκτῷ.

330 4785 458 4857 κη’.
519 4783 852 4853 ’Υπόμεινον
885 4781 983 4844 τὰς
1012 4780 1120 4833 τῶν
1156 4779 1418 4851 λυπηρῶν
1458 4782 1550 4834 καὶ
1594 4782 1872 4853 ὀδυνηρῶν

249 4876 619 4947 ἑπαγωγὰςο
652 4873 739 4927 διὰ
768 4872 877 4944 γὰρ
900 4871 1105 4927 τούτων
1137 4890 1195 4925 σε
1232 4870 1486 4943 καθαίρει
1527 4874 1559 4943 η
1603 4873 1697 4926 τοῦ
1734 4872 1868 4925 Θεοῦ

250 4972 548 5044 πρόνοια.

331 5061 454 5118 κθ¹.
516 5057 716 5127 Ῥίψας
756 5057 856 5128 τὴν
881 5056 1018 5129 ὑλην
1054 5058 1149 5112 καὶ
1186 5057 1265 5129 τῷ
1291 5056 1484 5127 κόσμῳ
1516 5055 1874 5125 ἀποταξάμε-
1938 5120 1947 5137 γ

1939 5144 1944 5147 ’
1988 5156 2137 5218 vale,
2195 5153 2499 5221 reliquum,
2524 5160 2587 5207 ut
2622 5151 2806 5221 pravis
2841 5161 2896 5205 et
2924 5149 3182 5204 inanibus
3210 5151 3378 5203 etiam
3413 5152 3561 5219 cogi;

247 5175 353 5222 νος
375 5174 388 5185 ·
424 5150 714 5216 ἀπόταξαι
742 5151 927 5206 λοιπὸν
952 5152 1046 5205 καὶ
1073 5156 1187 5216 τοῖς
1216 5154 1475 5223 πονηροῖς
1499 5152 1800 5220 λογισμοῖς.

330 5338 405 5390 λ’.
463 5331 639 5385 Ἴδιον
682 5330 843 5401 ἔργον
885 5330 1122 5402 ὑπάρχει
1160 5329 1252 5383 τοῦ
1289 5328 1400 5397 νοῦ,
1431 5329 1490 5381 τὺ
1526 5328 1709 5396 λόγοις
1740 5328 1874 5381 Θεοῦ

250 5426 585 5502 σχολάζειν
610 5423 718 5480 ἀεί.

331 5520 454 5571 λα’.
512 5513 731 5583 ’Ὠσπερ
781 5512 940 5582 ἔργον
986 5512 1122 5565 Θεοῦ
1164 5513 1440 5582 διοικῆσαι
1498 5513 1588 5567 τὸν
1650 5514 1876 5584 κόσμον,

246 5613 416 5667 οὕτω
453 5605 567 5659 καὶ
593 5605 769 5676 ψυχῆς
793 5605 1060 5676 κυϐερνᾷν
1086 5604 1146 5657 τὸ
1174 5604 1356 5675 σῶμα.

336 5699 457 5769 λβ’.
514 5696 657 5765 Ποίᾳ
708 5695 882 5748 ἐλπίδι
912 5695 989 5765 τῷ
1032 5695 1257 5764 Χριστῷ
1297 5695 1710 5765 ἀπαντήσομεν,
1761 5699 1883 5758 ταῖς

251 5793 368 5862 τῆς
408 5784 633 5855 caput);
661 5787 874 5854 ἡδοναῖς
914 5788 1077 5853 uim.
1114 5786 1207 5839 τοῦ
1238 5786 1330 5839 νῦν
1353 5785 1731 5852 δουλεύοντεςς

340 5983 360 6002 ⁸
400 5965 572 6025 Psal.
611 5982 771 6033 LXVII,
805 5966 858 6022 ὅ.

523 3147 824 3219 Γνησιότης
882 3148 1039 3218 φίλου
1098 3151 1157 3204 ἐν
1214 3148 1510 3220 πειρασμῷ
1567 3148 1862 3213 δείκνυται,

1958 2163 2142 2219 neque
2184 2147 2475 2203 charitatis
2505 2147 2883 2202 suaveolentia
2911 2147 2969 2201 in
2996 2146 3181 2201 anima
3214 2144 3545 2215 iniuriarum

1960 2239 2215 2299 memori.

2034 2332 2120 2386 17.
2167 2329 2472 2385 Iracundiae
2518 2336 2576 2384 et
2623 2328 3089 2400 concupiscentiae
3133 2342 3398 2399 generose
3448 2326 3549 2380 im-

1959 2439 2116 2495 pera,
2167 2431 2225 2478 et
2287 2422 2619 2491 quantocius
2672 2438 2704 2477 a
2747 2421 2908 2479 malis
2952 2419 3382 2492 cogitationibus
3436 2418 3549 2473 eris

1959 2510 2198 2567 alienus.

2034 2600 2122 2655 18.
2159 2601 2383 2656 lnanem
2423 2599 2655 2672 gloriam
2698 2599 2969 2666 abolebis,
3004 2613 3173 2669 opera
3212 2597 3428 2673 occulte
3470 2596 3547 2650 ta-

1962 2691 2202 2758 ciendo;
2245 2691 2563 2762 superbiam
2598 2705 2763 2755 vero,
2813 2691 3093 2745 neminem
3118 2687 3547 2744 contemnendo.

2036 2784 2123 2840 19.
2150 2785 2337 2839 Inanis
2366 2783 2556 2855 gloriae
2587 2783 2821 2839 comites
2851 2791 2983 2838 sunt
3006 2782 3289 2838 simulatio
3315 2791 3372 2837 et
3396 2798 3553 2836 men-

1963 2875 2214 2942 dacium;
2241 2874 2521 2945 superbiae
2550 2883 2758 2940 autem,
2800 2874 3047 2945 suspicio
3070 2882 3126 2930 et
3159 2873 3384 2928 invidia.

2032 2965 2124 3020 20.
2158 2966 2464 3035 Imperator
2499 2965 2813 3021 censendus
2841 2975 2947 3033 est,
2992 2966 3089 3036 qui
3132 2965 3314 3022 anima
3341 2973 3399 3021 et
3426 2979 3571 3021 cor—.

1966 3072 2101 3126 pore
2144 3057 2348 3111 rationi
2387 3058 2673 3129 subjectis,
2705 3074 2765 3114 se
2798 3059 2978 3128 ipsum
3006 3058 3233 3114 rexerit.

2040 3148 2132 3202 2t.
2183 3147 2487 3205 Sinceritas
2540 3149 2704 3204 amici
2749 3151 2805 3206 in
2855 3151 3161 3206 tentatione
3216 3149 3588 3219 ostenditur,’

1970 3239 2194 3308 quando
2229 3239 2444 3295 scilicet
2479 3241 2538 3293 in
2570 3242 2903 3298 necessitate
2930 3242 3326 3297 communicat.

2041 3331 2132 3384 22.
2164 3329 2372 3386 Sensus
2394 3331 2572 3396 muni,
2602 3340 2660 3387 et
2678 3332 2853 3402 quieti
2884 3334 3239 3398 assuefacito,
3270 3333 3556 3405 cogitatio-

1974 3435 2073 3477 nes
2108 3435 2245 3475 vero
2276 3420 2332 3474 in
2363 3429 2591 3491 pectore
2625 3434 2912 3479 versantes
2937 3423 3199 3494 justitica.

2043 3594 2132 3649 25.
2167 3593 2632 3665 ﬂagitationibus,
2676 3596 2723 3651 si
2770 3595 3051 3651 tristitiam
3090 3594 3291 3660 ferant,
3338 3594 3555 3665 placide

1973 3695 2030 3741 et
2085 3686 2297 3755 absque
2348 3688 2704 3743 acerbatione
2762 3686 3164 3754 occurras;sin
3228 3685 3554 3754 voluptaria:

1972 3778 2181 3834 fuerint
2208 3789 2265 3834 et
2292 3778 2649 3845 illecebrosat,
2691 3778 2973 3834 hostiliter
3000 3793 3131 3848 erga
3165 3792 3258 3832 eas
3291 3777 3557 3832 alliciarc.

2042 3870 2131 3924 24.
2177 3869 2495 3935 Silentium,
2546 3883 2762 3941 preces,
2808 3869 3053 3925 charitas
3086 3877 3143 3924 et
3188 3867 3554 3943 continentia,

1974 3963 2289 4035 quadriiugi
2334 3964 2477 4034 equi.
2509 3972 2638 4020 sunt
2677 3971 2921 4020 mentem
2974 3970 3032 4018 et
3073 3963 3130 4018 in
3167 3962 3368 4017 coelum
3425 3963 3558 4017 sub-

1975 4055 2261 4110 vehentes.

2045 4147 2134 4201 25.
2168 4148 2415 4203 Extenua
2445 4147 2880 4204 earneminedia
2913 4146 3219 4218 et'vigiliis,
3261 4145 3560 4214 statimque

1977 4236 2291 4293 carniﬁcem
2332 4238 2634 4309 voluptatis
2677 4239 2981 4308 appetitum
3027 4235 3366 4293 eliminabis.

2046 4326 2137 4381 26.
2173 4326 2317 4381 Sicut
2346 4330 2463 4398 ﬂuit
2489 4345 2611 4382 cera
2645 4347 2678 4383 a
2725 4329 2858 4397 facie
2903 4328 3039 4398 ignis
3078 4340 3127 4392 ι,
3171 4327 3251 4382 sic
3299 4342 3329 4380 a
3364 4326 3563 4380 timore

1977 4417 2074 4472 Dei
2122 4418 2394 4487 impurior
2422 4419 2707 4489 cogitatio.

2049 4510 2138 4563 27.
2186 4510 2404 4564 Grande
2453 4512 2745 4566 malumet
2787 4509 3204 4565 incommodum
3240 4509 3441 4564 animte
3480 4526 3589 4564 sa—,
3683 4551 3686 4554 .

1980 4604 2174 4673 pienti,
2205 4603 2248 4657 si
2273 4618 2427 4656 mens
2448 4602 2849 4671 exprobranda
2894 4600 3305 4671 perturbationi
3338 4600 3559 4655 diutine

1911 4717 1952 4770 [ι
1983 4695 2325 4748 immorctur.

2042 4788 2132 4842 28.
2156 4787 2419 4841 Tristium
2471 4801 3021 4856 aerumnosorumque
3041 4796 3345 4840 eventuum
3371 4787 3559 4856 plagas

1978 4881 2250 4951 patienter
2286 4878 2527 4943 sustine;
2580 4877 2784 4933 talibus
2826 4877 2974 4931 enim
3022 4875 3319 4946 prudentia
3367 4877 3574 4938 divina

1982 4984 2033 5028 te.
2063 4972 2184 5042 puri
2194 4972 2339 5025 ticat.

2047 5063 2135 5118 29.
2167 5061 2269 5118 Ubi
2311 5060 2600 5114 materiam
2636 5059 2931 5129 abjeceris,
2976 5058 3300 5128 mundoque
3350 5058 3559 5112 dixeris

1992 5246 2294 5300 tationibus
2337 5244 2646 5299 renunties.

2057 5334 2145 5390 '50.
2189 5334 2479 5402 Proprium
2522 5334 2724 5389 mentis
2774 5348 2912 5404 opus
2957 5341 3061 5395 est,
3105 5348 3301 5389 vacare
3350 5348 3570 5401 semper

1985 5428 2167 5481 verbis
2214 5427 2331 5481 Dei.

2061 5517 2149 5571 5|.
2190 5517 2259 5571 Ut
2306 5506 2401 5570 Dei
2425 5530 2565 5584 opus
2589 5523 2673 5569 est
2713 5528 2902 5583 regere
2936 5513 3228 5576 mundum.
3260 5513 3333 5567 ita
3360 5520 3414 5567 ct
3448 5511 3566 5566 ani--

1990 5625 2093 5663 inte
2124 5609 2431 5679 gubernare
2463 5622 2681 5674 corpus.

2062 5701 2151 5754 52.
2183 5700 2300 5763 Qua
2331 5715 2425 5768 spe.
2478 5704 2843 5751 tier-urremus
2879 5695 3122 5757 Christo,
3161 5694 3343 5748 adhuc
3372 5708 3569 5764 corpo-

1994 5786 2102 5839 reis
2150 5786 2522 5856 voluptatibus
2570 5784 2914 5840 servientes?
