4052 6364
573 542 708 606 14.31

1818 541 2157 602 THALASS
2167 541 2222 601 [Ι
2259 542 2579 603 ABBATIS

3699 531 3811 599 1432

634 648 726 705 3'5.
759 648 1153 705 Erumnarum
1187 648 1305 705 sive
1342 658 1540 719 sponte
1580 659 2015 719 assumptarum,
2041 650 2157 705 sive

2331 651 2435 718 λγσ.
2489 651 2731 720 Ἀναιρεῖ
2775 649 2968 721 ἡδονὴν
3028 644 3375 701 κακοπάθεια
3429 643 3530 698 καὶ¹
3585 643 3741 715 λύπη,
3785 648 3813 717 ἢ

492 792 507 812 κ
565 741 754 798 divina
772 741 1121 813 providentia
1142 741 1515 809 inductarum,
1536 741 1827 826 tolerantia
1844 749 1901 797 et
1922 755 2151 807 maeror,

566 834 1074 905 concupiscentiam
1118 835 1467 890 interimunt.

640 927 730 981 54.
764 927 1012 982 Avaritia
1050 922 1151 997 per
1191 941 1251 982 se
1294 927 1530 981 materia
1580 926 1972 992 aii‘ectionum;
2015 941 2155 995 qua-

570 1032 720 1083 rum,
754 1018 1063 1087 praesertim
1086 1017 1562 1083 iilecehrosarum,
1584 1017 1776 1073 nullus
1802 1017 1913 1073 erit
1934 1016 2155 1083 modus,

571 1109 622 1165 si
662 1110 981 1165 invaluerit.

642 1201 731 1257 35.
766 1201 1124 1272 Voiuptatum
1150 1201 1386 1272 penuria
1408 1217 1614 1272 parens
1641 1210 1728 1257 est
1752 1199 2031 1265 tristitiae;
2061 1213 2159 1255 vo-

568 1292 772 1362 luptati
813 1308 949 1348 vero
977 1294 1131 1349 nulla
1182 1310 1295 1350 non
1343 1294 1695 1364 perturbatio
1726 1292 2023 1363 conjuncta
2048 1298 2157 1346 est.

645 1382 736 1437 56.
777 1382 896 1450 Qua
932 1400 1192 1440 mensura
1236 1386 1458 1456 corpori
1501 1394 1599 1441 tuo
1641 1384 1876 1449 meritis,
1914 1381 2161 1438 vicissim

573 1474 677 1530 tibi
719 1475 1047 1530 remetietur
1090 1477 1238 1533 Deus
1288 1478 1339 1530 ιι.

644 1566 737 1620 57:
770 1565 1096 1622 Divinorum
1144 1582 1314 1637 opera
1353 1566 1696 1637 iudiciorum
1737 1575 1891 1632 sunt,
1922 1565 2163 1621 retribu-

574 1654 757 1711 tiones
782 1672 976 1711 eorum
1005 1673 1128 1727 quae
1153 1673 1253 1727 per
1289 1672 1525 1727 corpora
1552 1663 1685 1713 sunt
1715 1665 2051 1727 perpetrata.

649 1746 738 1800 38.
767 1747 1243 1805 immortalitatem
1271 1749 1418 1818 parit
1443 1751 1624 1803 virtus
1646 1763 1713 1803 ac
1741 1748 1973 1804 scientia
1993 1764 2011 1814 ;
2032 1762 2167 1804 con—

578 1846 685 1902 tra,
729 1826 921 1894 earum
955 1839 1196 1910 privatio
1245 1840 1443 1897 mortis
1490 1849 1580 1896 est
1617 1850 1818 1896 mater.

646 1929 734 1985 39.
766 1930 1016 1986 Tristitia
1053 1946 1179 2001 qua:
1207 1931 1517 1987 secundum
1561 1931 1737 1986 Deum
1766 1937 1873 1996 est,
1903 1928 2167 1986 libidines

2262 742 2535 808 ἑκούσιος,
2568 743 2603 812 ἢ
2639 743 2704 796 ἐκ
2744 745 2843 813 τῆς
2864 740 3130 812 προνοίας
3152 736 3499 807 ἐπαγομένη.

2330 943 2425 1001 λδ¹.
2468 945 2609 1016 ’Υλη
2669 944 2858 999 παθῶν
2912 941 3249 1014 φιλαργυρία
3307 939 3611 1010 τυγχάνεν
3645 938 3716 1002 ὡς
3738 940 3819 993 αὖ·

2263 1035 2459 1120 ξητικὴ
2494 1032 2629 1091 οὖσα
2648 1038 2748 1108 τῆς
2774 1035 3134 1108 περιεκτικῆς
3163 1032 3383 1106 ἡδονῆς.

2335 1217 2427 1270 λε’.
2471 1217 2664 1286 Λύπην
2690 1217 2865 1270 τίκτει
2890 1213 3162 1286 ἀποτυχία
3182 1212 3406 1285 ήδονῆς’
3434 1208 3606 1283 ἡδονὴ
3630 1208 3685 1262 δέ
3712 1226 3827 1261 παν-

2261 1310 2316 1362 τὶ
2345 1308 2505 1363 πάθει
2533 1307 2911 1373 συνέζευκται.

2332 1401 2443 1467 λς’.
2482 1398 2553 1471 Ὦ
2586 1400 2768 1471 μέτρῳ
2811 1380 3030 1471 μετρεῖς
3056 1394 3135 1466 τῷ
3173 1391 3390 1464 σώματί
3419 1409 3547 1458 σου,
3576 1388 3831 1459 ἀντιστρό-

2264 1508 2382 1563 φως
2410 1491 2564 1562 παρὰ
2587 1490 2726 1544 Θεοῦ
2748 1487 3291 1562 ἀντιμετρηθήσεται
3319 1502 3428 1538 σοι.

2334 1584 2433 1650 λζ’.
2474 1586 2649 1639 Θείων
2691 1585 2979 1655 χριμάτων
3009 1583 3148 1655 ἔργα
3189 1580 3453 1650 τυγχάνει
3498 1573 3832 1635 ἀνταπόδοσις

2263 1677 2452 1733 δικαία
2484 1677 2597 1731 τῶν
2628 1677 2719 1731 διὰ
2745 1676 2844 1731 τοῦ
2871 1675 3127 1746 σώματος
3166 1669 3612 1742 πεπραγμένων.

2336 1766 2438 1836 λη’.
2493 1763 2816 1819 Ἀθανασίαν
2871 1764 3048 1818 τίκτει
3086 1762 3258 1833 ἀρετὴ
3303 1758 3401 1813 καὶ
3451 1756 3691 1826 γνῶσις·
3719 1746 3836 1821 ὧνή

2268 1862 2550 1932 στέρησις,
2578 1861 2672 1914 τοῦ
2713 1860 2945 1915 θανάτου
2977 1857 3175 1928 γέγονε
3209 1855 3417 1927 μήτηρ.

2341 1953 2443 2007 λθ⁹.
2483 1955 2645 2025 Λύπη
2676 1952 2822 2006 κατά
2860 1950 2994 2006 Θεὸν
3028 1949 3247 2020 ἀναιρεῖ
3284 1946 3518 2019 ἡδονήνο
3548 1942 3739 2014 ἡδονῆς
3782 1937 3830 1990 δὲ

576 2027 636 2074 et
680 2020 1164 2091 coneupiseentias
1194 2021 1440 2090 conﬁcit,
1468 2037 1704 2092 quarum
1737 2020 2020 2086 interitus,
2049 2019 2170 2075 ani-

2272 2048 2566 2120 ἁναίρεσις,
2597 1996 2897 2110 ἀνάστασις
2922 2001 3173 2115 ὑπάρχει⁸
3189 1996 3392 2112 ψυχξις.

579 2124 686 2166 mae
729 2119 787 2166 et
826 2114 1187 2169 resurrectio.

651 2200 743 2255 40.
794 2202 1216 2272 lmpassibilitas
1259 2213 1345 2259 est
1388 2205 1631 2259 animam
1682 2218 1796 2258 non
1837 2203 2052 2258 moveri
2098 2201 2169 2257 ad

581 2292 792 2347 malum
819 2293 1026 2361 ullum;
1059 2309 1252 2350 verum
1281 2296 1427 2352 hanc
1448 2294 1797 2366 impossibile
1833 2302 1920 2350 est
1948 2294 2170 2363 assequi

580 2383 705 2441 sine
751 2383 1143 2441 misericordia
1186 2384 1419 2442 Christi.

652 2478 745 2531 41.
783 2476 1038 2532 Salvator
1058 2486 1172 2533 tam
1203 2479 1377 2533 animi
1406 2493 1576 2549 quam
1605 2479 1858 2548 corporis
1897 2487 1985 2534 est
2008 2477 2171 2533 Chri-

583 2575 725 2633 stus,
763 2569 923 2641 cujus
951 2569 1187 2641 vestigia
1228 2569 1325 2640 qui
1363 2570 1638 2640 sequitur,
1665 2586 1698 2625 a
1724 2569 1886 2625 malis
1919 2568 2173 2625 redditur

582 2657 748 2716 iiber.
1346 2724 1349 2725 ν

652 2750 744 2806 42.
778 2751 1026 2809 Salutem
1060 2754 1149 2809 vis
1174 2754 1439 2825 assequi?
1472 2754 1736 2811 renuntia
1764 2755 2171 2826 voluptatibus,

584 2841 921 2910 auiplectere
957 2843 1286 2901 charitatem
1327 2859 1393 2900 ac
1439 2846 1842 2901 continentiam
1890 2861 1999 2902 una
2045 2861 2174 2902 cum

584 2946 814 3000 precum
862 2933 1213 2991 assiduitate.

658 3021 1024 3107 43.’Propria
1066 3033 1153 3082 est
1199 3027 1635 3099 impassibilitati
1680 3044 1812 3085 vera
1873 3028 2162 3089 discretio.

580 3113 739 3185 juxta
781 3130 948 3184 quam
980 3117 1040 3172 in
1081 3119 1273 3190 regula
1323 3135 1700 3190 mensuraque
1748 3120 1916 3176 facito
1965 3121 2173 3176 omnia.

658 3202 751 3260 44.
782 3206 1054 3264 Dominus
1093 3219 1286 3265 noster
1318 3218 1375 3265 et
1398 3210 1547 3269 Deus
1577 3219 1663 3266 est
1702 3211 1864 3268 Jesus
1888 3210 2172 3278 Christus;

586 3311 754 3368 quem
797 3299 845 3352 si
879 3314 1039 3355 mens
1079 3308 1373 3370 sequatur,
1420 3316 1532 3357 non
1571 3310 1757 3357 manet
1806 3303 1865 3357 in
1901 3302 2169 3359 tenebris.

655 3470 746 3527 45.
776 3472 1058 3545 Recolli‘ge
1096 3484 1338 3532 mentem
1390 3487 1563 3541 tuam,
1597 3488 1655 3533 et
1680 3480 1916 3535 observa
1960 3480 2174 3558 cogita-

587 3560 771 3616 tiones
800 3579 814 3616 :
851 3572 909 3618 et
950 3564 997 3618 si
1029 3580 1168 3635 quas
1202 3562 1508 3623 oﬂ‘enderis
1546 3568 1604 3623 in
1631 3569 1957 3626 aﬂ'ectiones
1982 3572 2177 3627 noxias

589 3653 849 3719 transire,
889 3655 1039 3725 ipsas
1080 3672 1355 3728 expugna.

656 3744 749 3799 46.
779 3744 825 3799 Α
864 3746 1043 3802 tribus
1076 3748 1442 3819 cogitationes
1469 3752 1797 3821 accipimus,
1830 3768 1861 3808 a
1884 3754 2174 3818 memoria,

556 3891 560 3895 ,
589 3835 848 3891 sensibus
878 3846 937 3892 et
962 3838 1290 3898 habitudine
1309 3844 1595 3913 corporis;
1632 3845 1731 3900 sed
1758 3846 2181 3903 molestissimas

589 3926 752 3983 aﬂ'ert
782 3930 1070 3985 memoria.

657 4101 748 4154 47.
786 4100 1079 4171 «Sapientia
1123 4101 1390 4172 praeditus
1430 4105 1586 4159 novit
1632 4106 1881 4163 rationes
1918 4107 2181 4179 incorpo.

594 4206 839 4247 reorum.
870 4201 926 4247 et
957 4192 1105 4262 quod
1136 4193 1378 4259 initium,
1413 4197 1623 4266 etquis
1655 4196 1784 4253 linis
1805 4199 2023 4254 mundi.

662 4280 755 4336 48.
802 4283 1054 4337 Activam
1077 4284 1250 4340 vitam
1293 4302 1363 4341 ne
1399 4286 1607 4343 habeas
1639 4289 1941 4360 neglectui,
1969 4300 2028 4353 et
2057 4291 2185 4348 illu—
2214 4362 2223 4369 ‘

594 4374 866 4428 strabitur
913 4391 1070 4429 mens
1108 4384 1224 4432 tua.
1265 4377 1358 4432 Ait
1387 4379 1581 4433 enim:
1636 4380 1929 4437 Thesauros
1968 4384 2186 4438 abscon-

595 4465 732 4521 ditos
775 4474 826 4519 et
862 4467 1146 4524 invisibiles
1180 4471 1423 4540 aperiam
1448 4470 1543 4526 tibi
1584 4482 1631 4529 ο.

540 4556 546 4563 ’
672 4559 759 4613 49.
795 4560 1013 4616 Invenit
1039 4563 1271 4633 gratiam
1312 4562 1458 4632 apud
1484 4563 1802 4630 Dominum,
1833 4567 1932 4636 qui
1971 4567 2184 4638 libera-

2345 2232 2421 2295 μ’.
2469 2222 2744 2278 Ἀπάθειά
2769 2222 2920 2275 ἐστιν
2946 2217 3213 2288 ἀκινησία
3241 2214 3423 2286 ψυχῆς
3455 2211 3601 2283 πρὸς
3627 2205 3837 2262 κακίον’

2268 2309 2339 2388 ἦς
2374 2317 2560 2386 τυχεῖν
2589 2313 2878 2385 ἀμήχανον
2903 2313 3033 2366 ἄνευ
3064 2309 3252 2372 ἐλέους
3277 2302 3550 2378 Χριστοῦ.

2348 2493 2458 2556 μα’.
2499 2482 2691 2555 Σωτὴρ
2728 2483 2967 2553 ὑπάρχει
2999 2479 3181 2551 ψυχῆς
3221 2476 3318 2530 καὶ
3367 2474 3631 2541 σώματος
3660 2473 3687 2524 ὁ
3724 2470 3840 2540 Χρι-

2275 2576 2421 2641 στὸς,
2449 2570 2512 2630 οῦ
2540 2577 2653 2640 τοῖς
2682 2574 2884 2645 ἴχνεσιν
2913 2574 2942 2627 ὁ
2984 2568 3318 2635 ἀκολουθῶν,
3346 2563 3732 2635 ἐλευθεροῦται
3760 2576 3841 2613 κα-

2276 2669 2424 2733 κίας.

2350 2757 2457 2831 μβ’.
2495 2758 2782 2828 Σωτηρίας
2820 2758 2871 2810 εί
2917 2754 3096 2817 θέλεις
3166 2752 3373 2823 τυχεῖν,
3414 2736 3704 2813 ’ἀπόταξαι
3743 2745 3842 2806 ταῖς

2274 2850 2519 2921 ἡδοναῖς·
2556 2850 2652 2903 καὶ
2667 2848 3017 2920 ἐγκράτειαν,
3040 2844 3136 2899 καὶ
3159 2841 3404 2912 ἀγάπην,
3431 2838 3534 2893 καὶ
3562 2832 3842 2909 προσευχὴν

2273 2940 2569 2997 ἀναλαϐοῦ.

2352 3031 2462 3102 μγ’.
2503 3032 2666 3086 Ἴδιον
2700 3030 2992 3098 ἀπαθείας,
3023 3028 3300 3098 διάκρισις
3345 3022 3619 3096 ἀληθινήι
3649 3017 3763 3074 καθ’
3788 3016 3842 3087 ἢν

2285 3121 2467 3176 πάντα
2499 3123 2708 3193 πρᾶττε
2740 3120 2928 3192 μέτρῳ
2952 3121 3048 3174 καὶ
3072 3117 3280 3172 κανόνι.

2355 3210 2460 3283 μδ¹.
2510 3212 2571 3265 '0
2616 3210 2823 3282 Κύριος
2866 3208 3025 3281 ήμῶν
3067 3209 3164 3262 καὶ
3217 3206 3354 3269 Θεὸς
3406 3203 3628 3276 Ἰησοῦς
3665 3200 3842 3255 ἐστινὸ

2199 3330 2244 3390 c
2278 3302 2550 3373 Χριστόςο
2583 3301 2678 3357 καὶ
2705 3302 2831 3366 νοῦς
2862 3304 2891 3356 ὁ
2925 3296 3240 3355 ἀκολουθῶν
3283 3295 3459 3368 αὖτῷ,
3491 3295 3571 3367 μὴ
3620 3293 3768 3366 μείνῃ
3797 3291 3843 3343 ἐν

2274 3392 2341 3461 τῇ
2375 3391 2584 3462 σκοτίᾳ.

2354 3480 2457 3552 με’.
2494 3474 2774 3551 Συνάγαγε
2815 3481 2909 3535 τὸν
2940 3480 3070 3535 νοῦν
3100 3496 3220 3545 σου,
3260 3479 3358 3533 καὶ
3404 3478 3574 3548 τήρει
3610 3474 3733 3538 τοὺς
3774 3471 3843 3524 λο-

2276 3572 2530 3644 γισμοὺς,
2554 3556 2651 3627 κᾶὶ
2669 3573 2765 3636 οὒς
2784 3570 3260 3643 εὕρῃςέμπαθεῒς,
3281 3568 3603 3639 πολεμησον
3623 3565 3748 3638 πρὸς
3765 3562 3843 3617 αῦ-

2277 3664 2426 3727 τούς.

2354 3755 2472 3826 μς’.
2498 3755 2638 3826 Τρία
2664 3754 2974 3826 ὑπάρχουσι
3003 3755 3331 3827 πράγματα,
3360 3751 3433 3806 δι’
3465 3745 3547 3807 ὧν
3575 3748 3843 3821 λαμϐάνεις

2278 3847 2609 3917 λογισμούςο
2636 3849 2670 3916 ἡ
2702 3845 2977 3917 αἴσθησις,
3006 3845 3102 3899 καὶ
3128 3846 3163 3917 ἠ
3194 3845 3409 3916 μνήμη,
3439 3844 3542 3897 καὶ
3589 3845 3623 3912 ἡ
3674 3841 3843 3911 κρᾶσις

2279 3939 2373 3993 τοῦ
2406 3937 2660 4008 σώματος
2680 3952 2693 3966 ·
2722 3935 3097 4009 χαλεπώτεροι
3121 3936 3179 3990 δέ
3207 3936 3257 3989 οί
3278 3934 3435 3988 αὐτοὶ
3465 3934 3579 3988 ἀπὸ
3601 3931 3699 4003 τῆς
3727 3928 3841 4002 μνή-

2286 4051 2392 4103 μης
2424 4031 2588 4084 είσίν.

2358 4120 2468 4193 μζ.
2508 4114 2580 4190 ᾯ
2612 4117 2771 4189 ἐδόθη
2807 4118 2991 4188 σοφία,
3034 4116 3178 4186 ἔγνω
3204 4115 3400 4183 λόγους
3423 4114 3747 4184 ἀσωμάτων,
3768 4108 3843 4164 καὶ

2282 4213 2366 4275 τίς
2393 4212 2428 4281 ἠ
2456 4209 2600 4281 ἀρχὴ
2627 4208 2888 4279 ὑπάρχει,
2930 4208 3025 4260 καὶ
3053 4207 3106 4260 τί
3135 4206 3196 4259 τὸ
3219 4205 3373 4270 τέλος
3393 4204 3490 4259 τοῦ
3516 4204 3742 4275 κόσμου.

2361 4310 2471 4374 μη⁹.
2510 4301 2606 4373 Μὴ
2654 4300 2850 4371 ἀμέλει
2892 4300 3228 4371 πρακτικῆς,
3276 4299 3373 4353 καὶ
3412 4291 3843 4366 cptum-megaeram

2284 4394 2409 4457 νοῦς
2445 4409 2562 4446 σου.
2604 4408 2624 4442 ι
2649 4389 3028 4458 Θησαυροὺς,
3084 4390 3274 4460 φησὶν,
3332 4388 3720 4457 ἀποκρύφους
3764 4377 3841 4435 καί

2285 4484 2584 4555 ἀοράτους
2620 4480 2842 4545 ἀνοιξω
2875 4495 2998 4535 σοι.
3022 4498 3043 4533 ι
3511 4526 3533 4538 ,

2362 4575 2470 4645 μθ’.
2511 4566 2655 4644 Εὗρε
2698 4573 2861 4643 χάριν
2909 4570 3064 4643 παρὰ
3101 4569 3242 4641 Θεῷ,
3281 4571 3310 4624 ὁ
3342 4568 3535 4624 παθῶν
3583 4566 3842 4635 ἐλευθερω-

595 4661 688 4706 tus
726 4660 813 4706 est
850 4653 920 4707 ab
965 4652 1361 4709 affectionibus
1396 4672 1411 4709 :
1449 4655 1683 4724 insuper
1722 4666 1782 4713 et
1824 4659 1920 4713 ille
1964 4659 2175 4714 miseri-

2290 4668 2426 4733 θεὶς,
2454 4666 2552 4720 καὶ
2573 4666 2635 4719 τὸ
2669 4665 2813 4737 μέγα
2838 4663 2990 4727 ἕλεος
3016 4664 3046 4716 ό
3068 4660 3325 4731 γνώσεως
3358 4658 3729 4728 καταξιωθείς.

598 4740 848 4796 οοτάζειιη
888 4752 1198 4809 assecutus,
1230 4745 1326 4815 qui
1354 4746 1644 4801 scientiam
1688 4748 1895 4802 meruit
1921 4749 2179 4819 adipisci.

667 4829 758 4888 50.
802 4831 956 4887 Mens
990 4835 1512 4902 perturbationibus
1550 4836 1781 4901 nudata,
1813 4840 2065 4908 quotidie
2093 4841 2183 4895 lu-

600 4923 878 4979 culentior
915 4923 1121 4989 evadit,
1174 4934 1231 4980 et
1280 4925 1350 4980 ad
1398 4942 1490 4982 res
1530 4919 1660 5003 quin
1706 4943 1838 4984 vere
1865 4938 2017 4997 sunt,
2055 4947 2186 4987 con.

602 5015 949 5085 temptandas
982 5016 1313 5071 illustratur.
1732 5071 1743 5081 ,

673 5108 762 5162 5i.
798 5106 919 5162 Lux
960 5108 1159 5164 anima:
1188 5116 1277 5164 est
1329 5106 1574 5177 cognitio
1619 5120 1845 5178 sancta;
1874 5125 1998 5179 quae
2020 5112 2065 5167 si
2096 5115 2187 5168 cui

603 5197 850 5254 defuerit
890 5198 1254 5269 imprudenti,
1285 5196 1675 5253 obambulabit
1716 5201 1772 5255 in
1812 5202 2079 5258 tenebris.

668 5287 759 5344 52.
783 5288 1112 5358 Imprudens
1142 5300 1230 5345 est
1257 5289 1352 5360 qui
1373 5289 1430 5343 in
1460 5291 1672 5346 malitia
1693 5302 1976 5359 versatur;
2008 5294 2188 5364 ipsum

603 5381 752 5437 enim
784 5380 1109 5451 ignorantia:
1135 5381 1381 5437 tenebrae
1424 5381 1720 5450 excipient.

678 5472 766 5530 55.
793 5472 982 5528 Jesum
1015 5488 1227 5536 amans,
1255 5488 1286 5526 ιι
1314 5473 1528 5529 malitia
1548 5474 1899 5540 liberabitur,
1929 5487 1985 5531 et
2011 5477 2190 5549 ipsum

607 5564 892 5637 sequendo
930 5578 1120 5618 veram
1161 5564 1373 5618 videbit
1416 5566 1723 5622 scientiam.

678 5657 771 5711 54.
820 5654 973 5709 Mens
1015 5670 1046 5707 a
1080 5656 1597 5724 perturbationibus
1627 5659 1827 5725 libera,
1864 5677 1987 5730 qua":
2012 5664 2195 5719 consi-

611 5748 818 5810 derat,,
852 5745 968 5801 sive
1004 5744 1215 5815 vigilet,
1278 5748 1394 5803 sive
1445 5748 1688 5805 dormiat
1733 5768 1987 5822 corpore,
2041 5754 2191 5809 videt

613 5838 894 5896 subtilius.

685 5954 714 5995 ιδ
743 5952 934 6009 Matth.
974 5971 1069 6025 vn,
1104 5954 1175 6022 2;
1214 5956 1469 6024 Marem,
1503 5960 1590 6014 24.
1673 5972 1691 6001 ε
1729 5961 1832 6017 lsa.
1867 5976 1989 6024 xu.
2021 5962 2074 6016 5.

2362 4765 2425 4813 ν’.
2464 4755 2612 4820 Νοῦς
2650 4754 2841 4809 παθῶν
2865 4753 3274 4825 ἐλευθερωθεὶς,
3311 4752 3612 4823 φωτοειδὴς
3643 4748 3838 4817 γίνεται.

2290 4852 2414 4915 ταῖς
2445 4850 2558 4904 τῶν
2591 4847 2761 4904 όντων
2815 4846 3076 4918 θεωρίαις
3106 4844 3472 4907 ἀδιαλείπτως
3505 4836 3837 4909 καταλαμπό-

2296 4961 2479 5015 μενος.

2368 5098 2468 5177 ναξ.
2507 5121 2716 5189 Φέγγος
2744 5088 2925 5189 ψδχῆς
2953 5118 2988 5188 ἡ
3021 5115 3223 5185 γνῶσίς
3252 5115 3424 5181 ἐστιν,
3469 5108 3537 5184 ἧς
3588 5104 3833 5179 στερηθεὶς

2295 5216 2325 5268 ὁ
2353 5213 2543 5282 ἄφρων
2575 5211 2632 5263 ἐν
2661 5209 2843 5263 σκότει
2875 5204 3281 5283 διαπορεύεται.

2368 5280 2468 5373 viii.
2514 5303 2742 5372 Ἀφρων
2773 5280 2924 5353 ἐστίν
2949 5300 2978 5352 ὁ
3005 5300 3065 5352 ἐν
3109 5280 3294 5351 σκότει
3334 5293 3541 5362 διάγων
3566 5309 3577 5321 ·
3609 5291 3665 5345 ὃν
3694 5280 3834 5340 διαδέ-

2296 5413 2449 5468 χεται
2471 5394 2533 5448 τὸ
2564 5393 2756 5454 σκότος
2781 5388 3078 5459 ἀγνωσίας.

2368 5492 2471 5555 νγ’.
2524 5484 2733 5554 Ἰησοῦν
2759 5483 2789 5535 ὁ
2824 5479 3080 5550 ἀγαπῶν,
3114 5475 3608 5549 ἐλευθερωθήσεται
3630 5466 3826 5527 κακίας·

2298 5579 2393 5633 καὶ
2428 5578 2457 5630 ὁ
2486 5573 2799 5629 ἀκολουθῶν
2828 5571 2998 5643 αὐτῷ,
3033 5570 3227 5641 θψεται
3260 5568 3465 5637 γνῶσιν
3489 5562 3677 5635 ἀληθῆ.

2367 5668 2462 5723 νδ’.
2500 5666 2646 5730 Νοῦς
2694 5662 2887 5719 παθῶν
2928 5660 3341 5733 ἐλευθερωθεὶς,
3394 5657 3529 5729 ψιλὰ
3574 5653 3736 5726 βλέπει
3776 5642 3825 5733 ri

2299 5761 2572 5831 νοήματα,
2612 5757 2710 5811 καὶ
2758 5754 3127 5828 ὲγρηγορότος
3162 5749 3258 5807 τοῦ
3304 5748 3579 5822 σώματος,
3608 5742 3693 5799 καὶ
3716 5732 3825 5791 κατά

2298 5853 2422 5915 τοὺς
2447 5848 2649 5913 ὕπνους
2676 5846 2864 5903 αὑτοῦ.
