4052 6432
278 528 449 596 1433
1759 534 1904 594 CEN

2010 535 2155 595 'RIA
2192 536 2241 594 Ι.
2822 579 2830 585 .
3392 581 3399 588 .
3473 529 3610 596 1434

354 647 475 697 νε⁹.
539 640 608 695 ’0
663 640 788 706 νοῦς
821 642 901 705 είς
939 642 1110 711 ἀκρον
1155 640 1454 711 καθαρθεὶς
1500 644 1909 712 στενοχωρεῖται

2213 643 2383 696 Menti
2430 642 2487 696 in
2532 658 2811 697 summum
2858 641 3186 714 puriﬁcata,
3217 649 3449 711 angusta
3478 652 3609 697 sunt

276 730 415 794 τοῖς
451 725 591 786 οὖσι
616 746 631 762 ⁸
670 731 765 786 καὶ
810 731 934 797 ἔξω,
962 731 1105 787 θέλει
1152 731 1401 802 γίνεσθαι
1444 732 1663 786 πάντων
1689 733 1798 784 τῶν
1826 749 1909 799 γε·

2023 734 2222 799 omnia,
2243 750 2366 803 quae
2395 745 2559 799 sunt;
2590 750 2924 805 semperque
2960 734 3116 805 cupit
3149 748 3272 789 esse
3302 742 3455 788 extra
3485 748 3607 788 om-

277 818 595 885 γονότων.

2021 823 2113 889 nia
2144 840 2267 892 qure
2297 834 2428 879 sunt
2458 825 2621 880 facta.

363 910 501 977 νς⁹.
551 910 837 981 Μακάριος
863 913 893 966 6
920 911 1133 981 φθάσας
1159 914 1241 977 είς
1265 915 1366 985 τὴν
1405 913 1713 985 ἀπέραντον
1751 914 1909 965 ἀπει-

2094 916 2183 971 ειθ.
2208 916 2409 972 Beatus
2433 927 2518 973 est
2547 919 2616 982 is,
2647 918 2742 988 qui
2777 918 2845 971 ad
2869 915 3141 972 infinitam
3170 915 3605 970 immensitatem

281 1001 433 1071 ρίαν
458 1018 477 1033 ο
524 1005 735 1068 ἐκεῖνος
770 1002 814 1057 δ’
845 1003 1101 1073 ἔφθασεν,
1133 1006 1163 1058 6
1207 1005 1278 1059 τά
1316 1005 1712 1077 πεπερασμένα
1744 1003 1909 1074 περάα

2020 1008 2305 1076 pervcnit;
2348 1010 2396 1065 is
2432 1024 2563 1065 vero
2593 1009 2869 1079 pervenit,
2900 1007 2996 1078 qui
3032 1006 3347 1078 penetravit
3376 1021 3441 1060 ea
3485 1020 3606 1074 qum

280 1108 431 1157 σας.

2020 1099 2175 1153 ﬁnita
2216 1109 2368 1154 sunt.

368 1184 490 1251 νζν.
557 1188 790 1259 Ἑρευνᾷ
818 1188 1014 1257 λόγους
1052 1185 1188 1241 Θεοῦ
1218 1190 1247 1243 6
1279 1188 1572 1261 σεϐόμενος
1597 1188 1791 1243 αὐτόν’
1823 1189 1909 1241 εὑ·

2091 1190 2179 1243 57.
2216 1189 2508 1244 Scrutatur
2544 1190 2717 1245 verba
2747 1190 2867 1256 Dei,
2908 1188 3004 1258 qui
3033 1203 3158 1244 eum
3195 1187 3361 1252 colit;
3390 1185 3605 1240 invenit

281 1276 499 1348 ρίσκει
542 1279 597 1332 δὲ
624 1279 821 1342 αὐτοὺς
844 1280 873 1332 6
895 1282 993 1350 τῆς
1022 1279 1284 1351 ἀληθείας
1322 1281 1582 1352 ἐραστής.

2017 1289 2226 1345 autem,
2260 1282 2353 1350 qui
2384 1289 2532 1335 amat
2570 1280 2886 1336 veritatem.
3334 1302 3337 1303 ν

365 1364 491 1436 νη’.
541 1368 686 1431 Νοῦς
715 1367 775 1433 ἐξ
808 1369 1100 1440 ὀρθότητος
1122 1369 1462 1441 κινούμενος,
1490 1370 1738 1442 εὑρίσκει
1785 1370 1909 1442 ἀλή-

2086 1372 2174 1427 58.
2212 1373 2366 1428 Mens
2389 1373 2683 1427 veritatem
2713 1372 2947 1436 invenit,
2976 1372 3078 1427 sia
3107 1370 3443 1426 rectitudine
3468 1368 3605 1423 diri-

281 1453 467 1508 θειαν
494 1475 511 1488 ·
553 1459 582 1510 6
613 1459 670 1512 δὲ
699 1461 763 1512 ἐκ
795 1459 1003 1524 πάθους
1029 1462 1193 1525 τινὸς,
1224 1461 1583 1528 ἀποτεύξεται
1617 1462 1808 1531 αὐτῆς.

2014 1475 2201 1536 gatur;
2250 1464 2452 1518 amittit
2505 1472 2715 1525 autem,
2753 1463 2797 1517 si
2832 1463 2902 1518 ab
2944 1463 3239 1518 affectione
3279 1462 3489 1530 aliqua.

376 1547 494 1602 v0'.
548 1549 763 1621 Ὥσπερ
795 1554 862 1624 τῇ
892 1552 1048 1625 οὐσίᾳ
1072 1553 1351 1621 ἄγνωστος
1380 1554 1409 1606 ό
1432 1552 1586 1619 Θεδς,
1618 1552 1790 1618 οὕτως
1822 1556 1909 1608 καὶ

2089 1556 2176 1609 59.
2210 1555 2281 1610 Ut
2323 1555 2468 1609 Deus
2496 1554 2807 1609 secundum
2838 1554 3135 1609 essentiam
3181 1550 3344 1606 nobis
3382 1559 3468 1603 est
3514 1549 3601 1603 in-

279 1641 361 1710 τῇ
398 1641 769 1749 μεζαλοσὺνῃ
798 1645 947 1696 ἐστὶν
976 1644 1300 1713 ἀπέραντος.
1750 1697 1755 1703 .

2010 1648 2301 1727 cognitus;
2330 1647 2405 1702 ita
2436 1648 2743 1701 secundum
2777 1648 3123 1719 majestatem
3153 1655 3239 1699 est
3271 1645 3598 1697 immensus.

376 1729 453 1794 ξ’.
500 1729 617 1793 Ἧς
648 1731 837 1795 οὐσίας
866 1733 1009 1803 ἀρχὴ
1037 1735 1134 1787 καὶ
1167 1734 1318 1798 τέλος
1345 1735 1444 1787 οὐκ
1468 1734 1636 1800 ἔστιν,
1668 1734 1792 1788 οὔτε
1818 1736 1909 1805 τῆς

2086 1740 2176 1793 60.
2207 1738 2459 1793 Essentia
2490 1755 2613 1809 quae
2654 1739 2933 1809 principio
2975 1748 3128 1793 caret
3156 1746 3211 1793 et
3249 1735 3377 1799 fine,
3421 1748 3602 1802 neque

284 1815 519 1882 σοφίας
554 1817 854 1887 ἐξεύρεσις.
1836 1828 1841 1833 ’

2015 1828 2308 1897 sapientia,
2355 1829 2780 1899 perscrutabilis
2827 1841 2930 1885 est.

373 1903 491 1969 ξαν.
542 1908 795 1978 Σωτηρία
839 1910 1075 1982 ὑπάρχει
1122 1912 1303 1980 πάσης
1356 1914 1612 1978 κτίσεως,
1667 1916 1700 1986 ἡ
1745 1916 1909 1987 ὑπερ-

2089 1920 2180 1972 61.
2224 1918 2386 1974 Salus
2410 1920 2592 1975 omnis
2630 1930 2900 1975 creaturae
2938 1930 3023 1976 est
3080 1920 3284 1991 Optima
3317 1921 3605 1980 Creatoris

286 1997 532 2065 ἀγαθος
555 1999 650 2052 τοῦ
680 2001 984 2067 κτίσαντος
1016 2006 1142 2076 περὶ
1173 2006 1347 2071 αὐτὴν
1377 2008 1624 2079 πρόνοια.
1690 1983 1698 1986 -
1855 1983 1867 1987 —

2016 2010 2166 2064 circa
2207 2010 2379 2078 ipsam
2424 2009 2800 2079 providentia.

372 2088 487 2167 EB".
550 2090 944 2163 ’Υποστηρίζει
998 2097 1201 2166 Κύριος
1249 2101 1458 2161 πάντας
1505 2101 1631 2164 τοὺς
1678 2101 1909 2154 καταπί-

2085 2101 2175 2156 θεζ.
2212 2100 2470 2155 Suﬂ‘uleit
2508 2101 2775 2155 Dominus
2808 2102 3263 2157 miserationibus
3284 2118 3479 2158 omnes
3511 2118 3604 2157 va-

281 2194 553 2243 πτοντας
591 2182 650 2234 ἐν
676 2185 999 2253 οἶκτιρμοῖς,
1028 2186 1121 2239 καὶ
1153 2188 1371 2258 ἀνορθοῖ
1394 2189 1600 2252 πάντας
1626 2192 1752 2254 τοὺς
1784 2208 1909 2244 κατ·

284 2270 722 2341 ερραγμένους.

2014 2192 2292 2257 eillantes,
2342 2200 2399 2247 et
2428 2191 2742 2249 contractos
2771 2207 2965 2247 omnes
3008 2193 3191 2263 erigit.

284 2276 488 2340 ερῤαγ
497 2276 722 2340 μένους.
2516 2276 2523 2279 ’

370 2346 485 2428 ξγ.
533 2361 774 2431 Χριστός
803 2363 924 2416 ἐστι
955 2362 1179 2428 ζώντων
1205 2366 1299 2418 καὶ
1327 2367 1537 2438 νεκρῶν
1568 2370 1788 2440 κριτὴς,
1817 2370 1909 2424 καὶ

2088 2350 2174 2405 63.
2199 2348 2457 2405 Christus
2477 2349 2783 2403 viventium
2810 2356 2869 2403 et
2894 2356 3241 2403 mortuorum
3260 2356 3343 2402 est
3360 2347 3530 2418 judex
3548 2346 3600 2411 ἀ,

281 2449 398 2521 τῆς
433 2453 688 2506 ἑκάστου
720 2455 975 2523 πράξεως
1008 2456 1217 2519 δίκαιος
1241 2458 1636 2529 ἀνταποδότης.
1722 2439 1730 2440 7
1854 2504 1855 2515 η

2014 2457 2078 2497 ac
2115 2441 2302 2510 justus
2331 2439 2772 2508 uniuscujusque
2820 2440 3007 2508 operis
3038 2439 3347 2493 retributor
3384 2448 3428 2490 ο.

367 2541 476 2609 ξδ’.
523 2540 731 2616 τΔρξαι
755 2548 804 2599 εί
835 2545 1012 2609 θέλεις
1040 2548 1139 2618 τῆς
1162 2547 1343 2618 ψυχῆς
1376 2551 1471 2603 καὶ
1501 2525 1595 2605 τοῦ
1630 2551 1908 2623 σώματος,

2084 2533 2172 2585 64.
2212 2531 2493 2598 imperare
2537 2528 2623 2582 vis
2652 2527 2850 2582 anima:
2889 2538 2946 2582 et
2976 2527 3230 2597 corpori?
3257 2536 3386 2582 ante
3413 2525 3600 2583 omnia

287 2634 612 2707 προλαϐὼν
633 2635 733 2700 τὰς
758 2637 867 2691 τῶν
899 2638 1088 2693 παθῶν
1123 2640 1305 2702 αἰτίας
1341 2642 1660 2712 περίκοπτε.
1715 2619 1726 2623 ⁷
1894 2619 1899 2620 ί
2011 2622 2368 2678 ἷίίῖθοῑίοηιηη
2413 2634 2613 2675 causas
2649 2619 3009 2673 οίτθῑιωθίδθ·

364 2727 476 2793 {et
526 2729 797 2796 Σύζευξον
830 2734 952 2795 ταῖς
994 2733 1220 2803 ἀρεταῖς
1264 2732 1365 2796 τὰς
1397 2709 1495 2802 τῆς
1543 2734 1721 2805 ψυχῆς
1752 2736 1909 2790 δυνά-

2046 2786 2049 2791 λ
2083 2716 2171 2768 65.
2202 2712 2420 2767 Adhibe
2464 2711 2614 2766 vires
2658 2710 2858 2765 animae
2891 2709 2961 2765 ad
3009 2709 3193 2765 studia
3222 2709 3516 2775 virtutum,
3544 2717 3600 2763 et

290 2835 452 2889 μεις,
490 2821 596 2874 καὶ
629 2821 811 2905 πάσης
834 2822 935 2892 τῆς
963 2801 1072 2877 τῶν
1103 2823 1296 2877 παθῶν
1322 2801 1505 2895 όρμῆς
1542 2801 1909 2893 ἀποζεύγνυν-

2010 2808 2079 2862 ab
2118 2805 2267 2860 omni
2313 2803 2670 2858 aﬂ‘ectionum
2719 2803 2989 2857 violentia
3029 2801 3359 2857 absolveris.

288 2926 412 2963 ται.
688 2900 691 2905 ’
1360 2893 1368 2895 “
2079 2899 2168 2953 66.
2208 2895 2802 2964 Concupiscentiarum
2841 2894 3083 2965 impetus
3117 2893 3464 2950 continentia
3508 2908 3600 2947 re—

371 3001 490 3071 Eg’.
547 3001 661 3066 Τὰς
702 3002 799 3073 τῆς
836 3001 1135 3074 ἐπιθυμίας
1183 2978 1360 3076 όρμάς
1408 3008 1710 3080 ἐγκρατείᾳ
1758 3012 1909 3082 χαλε-

2010 2993 2246 3055 frenato,
2295 2986 2598 3043 iracundiae
2635 3002 2769 3042 vero
2811 2987 3002 3043 divina
3049 2986 3438 3057 spiritualique
3467 2984 3637 3039 cbav‘
3691 3052 3693 3055 ι

291 3110 477 3149 νωσον
499 3109 525 3123 ·
560 3095 659 3158 τὰς
686 3093 744 3146 δὲ
772 3092 866 3147 τοῦ
895 3092 1093 3164 θυμοῦ,
1126 3095 1316 3170 ἀγάπῃ
1353 3105 1728 3174 πνευματικῇ,
2011 3085 2200 3138 ritate.

369 3184 490 3249 ξζθ.
535 3184 765 3255 Ἡσυχία
794 3185 890 3239 καὶ
913 3187 1211 3258 προσευχὴ,
1236 3189 1471 3258 μέγιστα
1493 3190 1635 3247 ὅπλα
1664 3171 1867 3265 ἀρετῆς
1892 3213 1905 3226 .

2080 3178 2168 3232 67.
2200 3175 2501 3232 Silentium
2542 3186 2600 3233 et
2638 3189 2835 3246 preces
2875 3172 3117 3226 maxima
3149 3171 3419 3224 virtutum
3447 3182 3602 3222 arma

294 3271 475 3332 αῦται
530 3277 641 3349 γάρ
683 3277 776 3332 τὸν
821 3255 1370 3351 νοῦν-καθαίρουσαι,
1397 3255 1904 3359 διορατικὸνὰπερ-

2011 3278 2173 3333 sunt;
2226 3277 2472 3323 mentem
2521 3267 2671 3323 enim
2715 3264 2881 3320 simul
2915 3262 3241 3332 purilicant,
3286 3275 3352 3314 ac
3392 3255 3605 3329 perspi-

299 3369 609 3439 γάζονται.

2014 3361 2291 3416 caciorem
2321 3359 2586 3414 reddunt.
3002 3383 3008 3390 -

272 3494 281 3501 ο
381 3464 492 3532 Er".
539 3461 812 3532 Συντυχία
862 3460 1070 3533 ὠφελεῖ
1119 3464 1254 3535 μόνη
1304 3466 1339 3535 ὴ
1385 3469 1768 3540 πνευματική⁸
1799 3470 1909 3523 τῶν

2085 3452 2174 3506 68.
2208 3451 2402 3507 Solum
2427 3450 2716 3522 spirituale
2742 3448 3085 3517 colloquium
3109 3444 3338 3515 prodest
3369 3460 3382 3496 :
3418 3450 3474 3496 at
3500 3457 3607 3498 ca-

303 3553 364 3609 δὲ
394 3553 613 3607 λοιπῶν
641 3555 833 3608 πασῶν
869 3554 1259 3625 προτιμωτέρα
1286 3555 1506 3625 ἡσυχία.
1530 3536 1537 3537 7
1722 3536 1735 3540 '

2011 3542 2151 3599 teris
2202 3541 2465 3597 omnibus
2514 3541 2798 3596 silentium
2840 3536 3247 3610 praeferendum
3284 3542 3389 3590 est.

384 3642 490 3709 ξθν.
534 3642 659 3696 Τῶν
687 3646 851 3698 πέντε
873 3620 1096 3717 τρόπεον
1124 3620 1438 3716 συντυχίας,
1465 3648 1592 3709 τοὺς
1615 3651 1766 3719 τρεῖς
1790 3651 1912 3703 ὲπί-
2079 3634 2168 3690 69’
2218 3634 2299 3688 ΕΚ
2322 3633 2570 3703 (ιιιίηιιιιοξ
2610 3630 2792 3686 mOdiS
2830 3620 3236 3698 οοηοίίυίοτύῐη
3270 3635 3386 3680 "es
3424 3625 3600 3719 elige;

307 3735 470 3801 λεξαι
497 3753 512 3768 ·
550 3736 629 3807 τῷ
666 3736 725 3791 δὲ
759 3714 1006 3809 τετάρτῳ
1054 3737 1132 3808 μὴ
1177 3714 1487 3811 συχνάσῃςο
1520 3739 1614 3792 τοῦ
1655 3714 1909 3812 πέμπτου

2012 3725 2069 3778 in
2102 3731 2302 3793 quarto
2345 3739 2416 3778 ne
2445 3723 2523 3777 sis
2553 3722 2848 3797 frequens;
2895 3734 2927 3772 a
2953 3718 3151 3788 quinto
3189 3729 3420 3786 prorsus
3474 3714 3605 3769 abs-

309 3829 619 3898 ἀπόστηθί.

2011 3815 2145 3869 tine.

381 3923 447 3976 o'.
507 3896 773 3992 Ἦσυχίαν
814 3921 1005 3991 ἀγαπᾷ
1053 3923 1082 3975 6
1131 3921 1207 3991 μὴ
1259 3922 1488 3992 πάσχων
1540 3926 1680 3996 πρὸς
1716 3926 1786 3981 τὰ
1814 3928 1908 3982 τοῦ

2083 3905 2170 3962 79.
2210 3904 2507 3961 Silentium
2532 3910 2702 3967 amat,
2735 3903 2831 3973 qui
2866 3901 2938 3956 ad
2959 3915 3025 3956 ea
3051 3914 3174 3969 quae
3213 3897 3383 3967 hujus
3405 3896 3600 3951 mundi

2011 4007 2162 4063 sunt,
2203 4012 2314 4052 non
2360 3994 2615 4051 alﬁeitur.
2661 3994 2867 4050 Omnes
2904 4000 3091 4047 autem
3144 3988 3402 4044 homines
3429 3996 3599 4052 amat,

2011 4092 2106 4161 qui
2144 4088 2283 4144 nihil
2326 4088 2631 4142 humanum
2681 4085 2740 4141 in
2791 4084 2875 4139 eis
2914 4090 3083 4137 amat.

386 4210 492 4255 oa'.
537 4170 870 4265 Διδάσκαλος
892 4200 1100 4272 ἀληθὴς
1120 4203 1154 4272 ή
1186 4202 1491 4274 συνείδησις
1519 4204 1778 4275 ὑπάρχει,
1883 4207 1909 4258 6

2083 4183 2171 4237 71.
2219 4179 2471 4251 Magistra
2497 4193 2666 4244 verax
2699 4174 3046 4232 conscientia
3066 4183 3191 4239 est;
3233 4171 3324 4227 cui
3349 4170 3603 4242 quisquis

315 4292 617 4347 ὕπακούων
643 4294 994 4362 ἀπρόσκοπος
1017 4292 1283 4363 διαμένει.

2011 4275 2358 4338 auscultarit,
2394 4272 2605 4340 absque
2635 4267 2885 4354 scrupuli
2916 4265 3259 4323 oﬁ'endiculo
3278 4270 3589 4335 permanet.

393 4382 500 4452 οβ’.
558 4354 836 4446 Ἐκείνους
874 4354 1070 4452 μόνους
1094 4354 1155 4437 οὐ
1184 4384 1362 4454 κρίνει
1396 4385 1458 4438 τὸ
1491 4386 1754 4450 συνειδὸς,
1786 4386 1909 4448 τοὺς

2085 4367 2171 4421 72.
2220 4366 2351 4421 Illos
2389 4365 2539 4420 solos
2576 4363 2919 4418 conscientia
2977 4375 3077 4415 sua
3118 4373 3232 4412 non
3260 4357 3466 4427 arguit,
3501 4354 3598 4425 qui

2010 4458 2099 4513 vel
2148 4458 2206 4512 in
2232 4457 2525 4519 virtutum,
2556 4453 2643 4508 vel
2679 4452 2737 4507 in
2778 4452 3046 4508 vitiorum
3089 4447 3371 4518 fastigium
3403 4460 3605 4516 perve-

252 4018 557 4088 οκόσμου.
593 4018 704 4070 Καὶ
733 4017 943 4080 πάντας
970 4016 1099 4080 τοὺς
1141 4014 1486 4087 ἀνθρώπους,
1517 4019 1545 4070 6
1579 4020 1747 4091 μηδὲν
1769 4022 1909 4091 ἀγα-

313 4110 437 4164 πῶν
465 4108 834 4180 ἀνθρώπινον.

317 4475 401 4539 εἰς
437 4475 502 4527 τὸ
532 4474 701 4546 ἀκρον
731 4477 831 4544 τῆς
872 4473 1077 4546 ἀρετῆς
1111 4473 1145 4546 ἢ
1175 4474 1276 4545 τῆς
1316 4477 1518 4540 κακίας
1570 4477 1908 4546 φθάσαντας.
2010 4473 2099 4513 vel
2148 4473 2221 4599 tnl

2013 4562 2196 4599 nerun

2013 4562 2242 4602 nerunt.

392 4656 498 4719 ογ’.
541 4649 724 4721 Ἄκρα
753 4648 994 4704 ἀπάθεια
1016 4647 1148 4718 ψιλά
1176 4651 1325 4704 ποιεῖ
1346 4651 1414 4705 τὰ
1440 4653 1691 4723 νοήματα
1719 4668 1732 4681 ⁸
1762 4653 1909 4723 άκρα

2092 4638 2182 4693 75.
2225 4638 2453 4694 Summa
2500 4634 2914 4707 impassibilitas
2967 4630 3205 4689 subtiles
3239 4627 3407 4686 eﬂicit
3449 4628 3603 4698 cogi—

323 4743 382 4799 δὲ
411 4745 618 4814 γνῶσις
644 4743 722 4816 τῷ
752 4743 1162 4816 ὑπεραγνώστῳ
1188 4720 1554 4817 παρίστησιν.
1841 4720 1851 4723 -

2021 4741 2204 4800 tatus;
2254 4729 2511 4787 sublimis
2559 4744 2694 4784 vero
2746 4727 2980 4783 scientia
3020 4725 3089 4781 ad
3121 4720 3469 4795 ignotissima
3502 4721 3604 4776 ad-

1134 4876 1145 4889 ,
1436 4858 1441 4863 -
2019 4822 2193 4877 ducit.

285 4936 306 5023 ά
400 4920 497 4975 οδ¹.
537 4919 696 4991 Λύπη
747 4921 867 4974 ἐστὶ
946 4919 1124 4992 ψεκτὴ
1175 4922 1448 4993 ἀποτυχία
1504 4923 1727 4993 ἡδονῶν,
1764 4917 1839 4979 ὧν
1883 4928 1909 4980 ό

2086 4913 2171 4967 74.
2204 4909 2465 4966 Mtestitia
2500 4923 2569 4964 ex
2603 4908 2949 4978 voluptatum
2980 4901 3201 4959 defectu
3228 4907 3494 4968 concepta
3525 4897 3608 4951 vi-

2019 5015 2031 5023 .
2086 5022 2103 5023 ,
2128 5003 2341 5023 _,,,|_2|:_
2374 5010 2450 5023 Α-.
2472 5019 2485 5023 -
2520 5015 2608 5023 Α--
2639 5000 2782 5023 ".2...
2804 4998 2893 5023 --.ε
2927 4991 3321 5023 -..ηοηκηηι-η-ἶι
3372 4987 3608 5023 ἰιιηηοη-

283 4987 306 5031 Ῐ
332 4987 776 5084 καταφρονήσας,
811 4987 1018 5076 ἄλυπος
1041 4987 1311 5083 διαμένει.
1355 4987 1389 4993 Π
1525 4987 1538 4993 ν
1714 4987 1722 4992 ⁷

2017 5003 2344 5075 tuperabilis
2368 5010 2488 5057 est:
2514 5015 2611 5056 eas
2635 5000 2784 5056 enim
2800 4998 2898 5068 qui
2925 4991 3343 5063 contempserit,
3372 4987 3608 5047 inoffen-

2015 5111 2109 5151 sus
2146 5098 2435 5164 permanet
2467 5105 2532 5146 ac
2559 5089 2861 5162 iucundus.

402 5193 496 5239 oe'.
551 5186 616 5241 Ἦ
644 5186 791 5256 λύπη
821 5187 1052 5242 καθόλου
1087 5187 1343 5257 στέρησίς
1375 5189 1526 5243 ἐστιν
1551 5191 1764 5260 ἡδονῆς,
1804 5190 1909 5245 κάν

2088 5185 2178 5239 75.
2232 5181 2544 5251 Voluptatis
2589 5179 2873 5249 repressio
2928 5185 3049 5238 est,
3097 5173 3278 5227 omnis
3340 5166 3607 5228 tristitia.

335 5290 396 5327 τε
420 5276 524 5347 τῆς
554 5278 697 5333 κατά
727 5277 882 5344 Θεὸν,
912 5277 1017 5331 κᾶν
1042 5278 1143 5348 τῆς
1173 5276 1316 5332 κατὰ
1341 5280 1551 5348 κόσμον
1573 5257 1793 5353 νοήσῇς.

2013 5274 2133 5330 sive
2164 5288 2288 5344 quae
2329 5271 2639 5328 secundum
2681 5270 2856 5325 Deum
2888 5275 2992 5331 est,
3025 5265 3144 5319 sive
3172 5278 3302 5333 qua:
3332 5257 3606 5315 mundum

407 5444 518 5513 ος’.
557 5448 692 5503 Θεοῦ
722 5451 842 5504 ἐστι
887 5450 1158 5521 βασιλεία,
1195 5449 1471 5519 ἀγαθότης
1512 5450 1607 5505 καὶ
1638 5450 1821 5520 σοφία,
1844 5444 1909 5506 ὧν

2019 5382 2079 5421 sa
2124 5376 2186 5421 it.

2086 5383 2182 5510 E)26.
2228 5453 2323 5509 Dei
2355 5466 2613 5523 regnum,
2653 5457 2740 5505 est
2775 5447 2997 5503 bonitas
3023 5458 3089 5499 ac
3123 5441 3428 5512 sapientia;
3467 5451 3605 5507 quas

339 5536 370 5588 6
395 5536 686 5610 ἐπιτυχὼν,
728 5542 789 5594 ὲν
817 5541 1066 5613 οὐρανοῖς
1091 5540 1475 5619 πολιτεύεταικ
1834 5528 1839 5537 ’

2018 5548 2113 5619 qui
2166 5554 2385 5610 nactus,
2433 5543 2726 5612 municeps
2759 5551 2846 5596 est
2888 5539 2947 5593 in
2985 5536 3163 5593 caelis.

268 5709 273 5713 _
408 5630 508 5694 οξ.
558 5636 799 5698 Ἐκεῖνος
834 5634 1019 5696 ἄθλιος
1061 5618 1370 5703 ἄνθρωπος,
1415 5635 1444 5686 6
1475 5634 1576 5703 τῆς
1601 5635 1781 5705 ψυχῆς
1823 5637 1909 5706 μὲκ.

2040 5618 2051 5619 7
2092 5640 2180 5692 77.
2216 5638 2314 5693 llle
2345 5636 2519 5690 miser
2560 5644 2648 5690 est
2703 5634 2892 5698 homo,
2928 5631 3023 5700 qui
3070 5630 3128 5683 in
3176 5621 3441 5695 operibus
3491 5618 3606 5673 suis

343 5716 405 5774 τὸ
426 5722 605 5794 σῶμα,
641 5725 738 5779 τοῦ
770 5726 907 5780 Θεοῦ
938 5726 996 5779 δὲ
1023 5726 1115 5779 τὸν
1147 5725 1353 5794 κόσμον
1404 5728 1515 5788 τοῖς
1558 5726 1739 5795 ἔργοις
1781 5744 1909 5797 προ-

2021 5744 2224 5797 eorpus
2259 5743 2426 5797 quam
2474 5727 2735 5792 animam,
2791 5735 2847 5781 ct
2894 5722 3163 5778 mundum
3210 5731 3372 5787 quam
3430 5713 3604 5768 Deum

344 5814 594 5883 τιμήσας.

2023 5818 2250 5890 majeris
2282 5817 2434 5872 facit.

416 5928 440 5969 δ
464 5930 582 5989 Act.
615 5949 667 6001 ι,
702 5933 787 5989 42.
870 5944 894 5973 ο
921 5932 1066 5990 Psal.
1100 5947 1209 5999 LXI,
1241 5932 1349 6004 d5.
