  <div class='ocr_page' id='page_1' title='image "/cluster/home/n/w/nwhite01/storage/ocr_20150623/91:no.2/coo.31924054869957/740.png"; bbox 0 0 4052 6430; ppageno 0'>
   <div class='ocr_carea' id='block_1_1' title="bbox 223 529 1823 625">
    <p class='ocr_par' dir='ltr' id='par_1_1' title="bbox 223 529 1823 605">
     <span class='ocr_line' id='line_1_1' title="bbox 223 529 1823 605; baseline 0.003 -19"><span class='ocrx_word' id='word_1_1' title='bbox 223 529 404 591; x_wconf 66' lang='grc'><strong>1437</strong></span> <span class='ocrx_word' id='word_1_2' title='bbox 1725 546 1823 605; x_wconf 78' lang='lat' dir='ltr'><strong>CEj</strong></span> 
     </span>
    </p>
   </div>
   <div class='ocr_carea' id='block_1_2' title="bbox 1966 529 3566 625">
    <p class='ocr_par' dir='ltr' id='par_1_2' title="bbox 1966 544 3566 625">
     <span class='ocr_line' id='line_1_2' title="bbox 1966 544 3566 625; baseline 0.003 -20"><span class='ocrx_word' id='word_1_3' title='bbox 1966 546 2111 605; x_wconf 67' lang='lat' dir='ltr'><strong>iniA</strong></span> <span class='ocrx_word' id='word_1_4' title='bbox 2154 546 2232 625; x_wconf 76' lang='lat' dir='ltr'><strong>Il.</strong></span> <span class='ocrx_word' id='word_1_5' title='bbox 3433 544 3566 612; x_wconf 67' lang='lat'><strong>1438</strong></span> 
     </span>
    </p>
   </div>
   <div class='ocr_carea' id='block_1_3' title="bbox 320 637 1920 731">
    <p class='ocr_par' dir='ltr' id='par_1_3' title="bbox 320 637 1920 731">
     <span class='ocr_line' id='line_1_3' title="bbox 320 637 1920 731; baseline 0.017 -42"><span class='ocrx_word' id='word_1_6' title='bbox 320 637 460 731; x_wconf 38' lang='grc' dir='ltr'>σθ’.</span> <span class='ocrx_word' id='word_1_7' title='bbox 533 641 837 716; x_wconf 81' lang='grc' dir='ltr'>Ἀγιασμὸς</span> <span class='ocrx_word' id='word_1_8' title='bbox 883 653 975 705; x_wconf 76' lang='grc' dir='ltr'><strong>καὶ</strong></span> <span class='ocrx_word' id='word_1_9' title='bbox 1023 653 1218 717; x_wconf 81' lang='grc' dir='ltr'>θέωσις</span> <span class='ocrx_word' id='word_1_10' title='bbox 1267 656 1514 723; x_wconf 80' lang='grc' dir='ltr'>ἀγγέλων</span> <span class='ocrx_word' id='word_1_11' title='bbox 1543 660 1635 712; x_wconf 76' lang='grc' dir='ltr'>καὶ</span> <span class='ocrx_word' id='word_1_12' title='bbox 1670 661 1920 731; x_wconf 71' lang='grc' dir='ltr'>ἀνθρώο.</span> 
     </span>
    </p>
   </div>
   <div class='ocr_carea' id='block_1_4' title="bbox 1963 637 3563 731">
    <p class='ocr_par' dir='ltr' id='par_1_4' title="bbox 2058 652 3563 722">
     <span class='ocr_line' id='line_1_4' title="bbox 2058 652 3563 722; baseline 0.003 -16"><span class='ocrx_word' id='word_1_13' title='bbox 2058 658 2144 706; x_wconf 75' lang='lat'><strong>91).</strong></span> <span class='ocrx_word' id='word_1_14' title='bbox 2190 652 2321 705; x_wconf 73' lang='lat' dir='ltr'><strong>’l‘am</strong></span> <span class='ocrx_word' id='word_1_15' title='bbox 2364 653 2682 722; x_wconf 78' lang='lat' dir='ltr'><strong>angelorum</strong></span> <span class='ocrx_word' id='word_1_16' title='bbox 2718 669 2882 722; x_wconf 87' lang='lat' dir='ltr'><strong>quam</strong></span> <span class='ocrx_word' id='word_1_17' title='bbox 2922 653 3211 707; x_wconf 81' lang='lat' dir='ltr'><strong>hominum</strong></span> <span class='ocrx_word' id='word_1_18' title='bbox 3251 657 3563 712; x_wconf 77' lang='lat' dir='ltr'><strong>sanctiﬁca-</strong></span> 
     </span>
    </p>
   </div>
   <div class='ocr_carea' id='block_1_5' title="bbox 233 728 1833 820">
    <p class='ocr_par' dir='ltr' id='par_1_5' title="bbox 233 728 1801 820">
     <span class='ocr_line' id='line_1_5' title="bbox 233 728 1801 820; baseline 0.017 -40"><span class='ocrx_word' id='word_1_19' title='bbox 233 728 414 796; x_wconf 69' lang='grc' dir='ltr'>πων,</span> <span class='ocrx_word' id='word_1_20' title='bbox 458 735 505 804; x_wconf 75' lang='grc' dir='ltr'><strong>ἡ</strong></span> <span class='ocrx_word' id='word_1_21' title='bbox 562 735 763 802; x_wconf 82' lang='grc' dir='ltr'>γνῶσις</span> <span class='ocrx_word' id='word_1_22' title='bbox 794 740 894 809; x_wconf 88' lang='grc' dir='ltr'><strong>τῆς</strong></span> <span class='ocrx_word' id='word_1_23' title='bbox 921 743 1084 812; x_wconf 79' lang='grc' dir='ltr'>ἁγίας</span> <span class='ocrx_word' id='word_1_24' title='bbox 1113 746 1209 799; x_wconf 80' lang='grc' dir='ltr'><strong>καὶ</strong></span> <span class='ocrx_word' id='word_1_25' title='bbox 1240 748 1525 816; x_wconf 73' lang='grc' dir='ltr'>ὁμοουσίου</span> <span class='ocrx_word' id='word_1_26' title='bbox 1549 728 1801 820; x_wconf 59' lang='grc' dir='ltr'>Τριάδος.</span> 
     </span>
    </p>
   </div>
   <div class='ocr_carea' id='block_1_6' title="bbox 1966 728 3566 820">
    <p class='ocr_par' dir='ltr' id='par_1_6' title="bbox 1989 742 3566 817">
     <span class='ocr_line' id='line_1_6' title="bbox 1989 742 3566 817; baseline 0.004 -22"><span class='ocrx_word' id='word_1_27' title='bbox 1989 744 2065 795; x_wconf 89' lang='lat' dir='ltr'><strong>tio</strong></span> <span class='ocrx_word' id='word_1_28' title='bbox 2111 756 2165 796; x_wconf 83' lang='lat' dir='ltr'><strong>Ct</strong></span> <span class='ocrx_word' id='word_1_29' title='bbox 2211 742 2523 806; x_wconf 82' lang='lat' dir='ltr'><strong>deiﬁcatio,</strong></span> <span class='ocrx_word' id='word_1_30' title='bbox 2577 751 2660 797; x_wconf 74' lang='lat' dir='ltr'><strong>est</strong></span> <span class='ocrx_word' id='word_1_31' title='bbox 2711 750 2915 799; x_wconf 76' lang='lat' dir='ltr'><strong>sanctae</strong></span> <span class='ocrx_word' id='word_1_32' title='bbox 2965 746 3566 817; x_wconf 89' lang='lat' dir='ltr'><strong>consubstantialisque</strong></span> 
     </span>
    </p>
   </div>
   <div class='ocr_carea' id='block_1_7' title="bbox 1993 833 2574 903">
    <p class='ocr_par' dir='ltr' id='par_1_7' title="bbox 1993 833 2574 903">
     <span class='ocr_line' id='line_1_7' title="bbox 1993 833 2574 903; baseline 0.002 -17"><span class='ocrx_word' id='word_1_33' title='bbox 1993 833 2283 887; x_wconf 74' lang='lat' dir='ltr'><strong>Trinitatis</strong></span> <span class='ocrx_word' id='word_1_34' title='bbox 2314 834 2574 903; x_wconf 77' lang='lat' dir='ltr'><strong>cognitio.</strong></span> 
     </span>
    </p>
   </div>
   <div class='ocr_carea' id='block_1_8' title="bbox 334 908 1934 1002">
    <p class='ocr_par' dir='ltr' id='par_1_8' title="bbox 334 908 1893 1002">
     <span class='ocr_line' id='line_1_8' title="bbox 334 908 1893 1002; baseline 0.012 -45"><span class='ocrx_word' id='word_1_35' title='bbox 334 910 421 974; x_wconf 86' lang='lat' dir='ltr'><strong>p&#39;.</strong></span> <span class='ocrx_word' id='word_1_36' title='bbox 446 908 850 1002; x_wconf 50' lang='lat' dir='ltr'><strong>.2uyxtbpnct;</strong></span> <span class='ocrx_word' id='word_1_37' title='bbox 902 916 1207 986; x_wconf 85' lang='grc' dir='ltr'>ἁμαρτιῶν,</span> <span class='ocrx_word' id='word_1_38' title='bbox 1258 919 1447 974; x_wconf 85' lang='grc' dir='ltr'>παθῶν</span> <span class='ocrx_word' id='word_1_39' title='bbox 1487 923 1636 975; x_wconf 86' lang='grc' dir='ltr'>ἐστιν</span> <span class='ocrx_word' id='word_1_40' title='bbox 1678 922 1893 976; x_wconf 79' lang='grc' dir='ltr'>ἐλευθε-</span> 
     </span>
    </p>
   </div>
   <div class='ocr_carea' id='block_1_9' title="bbox 1966 908 3566 1002">
    <p class='ocr_par' dir='ltr' id='par_1_9' title="bbox 2071 912 3566 1002">
     <span class='ocr_line' id='line_1_9' title="bbox 2071 912 3566 1002; baseline 0.005 -27"><span class='ocrx_word' id='word_1_41' title='bbox 2071 924 2189 976; x_wconf 80' lang='grc'><strong>100.</strong></span> <span class='ocrx_word' id='word_1_42' title='bbox 2219 924 2577 979; x_wconf 84' lang='lat' dir='ltr'><strong>Peccatorum</strong></span> <span class='ocrx_word' id='word_1_43' title='bbox 2603 926 2856 980; x_wconf 88' lang='lat' dir='ltr'><strong>remissio</strong></span> <span class='ocrx_word' id='word_1_44' title='bbox 2874 925 3189 1002; x_wconf 84' lang='lat' dir='ltr'><strong>libertatem</strong></span> <span class='ocrx_word' id='word_1_45' title='bbox 3215 928 3285 982; x_wconf 91' lang='lat' dir='ltr'><strong>ab</strong></span> <span class='ocrx_word' id='word_1_46' title='bbox 3316 912 3566 984; x_wconf 78' lang='lat' dir='ltr'><strong>aﬂ‘ectio-</strong></span> 
     </span>
    </p>
   </div>
   <div class='ocr_carea' id='block_1_10' title="bbox 244 992 1844 1090">
    <p class='ocr_par' dir='ltr' id='par_1_10' title="bbox 244 992 1844 1085">
     <span class='ocr_line' id='line_1_10' title="bbox 244 992 1844 1085; baseline 0.002 -22"><span class='ocrx_word' id='word_1_47' title='bbox 244 997 390 1066; x_wconf 68' lang='grc' dir='ltr'>ρίαν</span> <span class='ocrx_word' id='word_1_48' title='bbox 436 992 536 1053; x_wconf 79' lang='grc' dir='ltr'><strong>ὧν</strong></span> <span class='ocrx_word' id='word_1_49' title='bbox 569 1002 597 1053; x_wconf 78' lang='grc' dir='ltr'>ὁ</span> <span class='ocrx_word' id='word_1_50' title='bbox 631 1004 799 1073; x_wconf 80' lang='grc' dir='ltr'>μήπω</span> <span class='ocrx_word' id='word_1_51' title='bbox 846 1006 1181 1076; x_wconf 77' lang='grc' dir='ltr'>ἀπαλλαγεὶς</span> <span class='ocrx_word' id='word_1_52' title='bbox 1224 1010 1431 1081; x_wconf 83' lang='grc' dir='ltr'>χάριτι,</span> <span class='ocrx_word' id='word_1_53' title='bbox 1465 1013 1566 1084; x_wconf 86' lang='grc' dir='ltr'><strong>τῆς</strong></span> <span class='ocrx_word' id='word_1_54' title='bbox 1599 1016 1844 1085; x_wconf 63' lang='grc' dir='ltr'>συγχωρὶ</span> 
     </span>
    </p>
   </div>
   <div class='ocr_carea' id='block_1_11' title="bbox 1966 992 3566 1090">
    <p class='ocr_par' dir='ltr' id='par_1_11' title="bbox 1992 996 3566 1090">
     <span class='ocr_line' id='line_1_11' title="bbox 1992 996 3566 1090; baseline 0.004 -23"><span class='ocrx_word' id='word_1_55' title='bbox 1992 1015 2159 1068; x_wconf 90' lang='lat' dir='ltr'><strong>nibus</strong></span> <span class='ocrx_word' id='word_1_56' title='bbox 2189 1024 2411 1083; x_wconf 68' lang='lat' dir='ltr'><strong>praestat</strong></span> <span class='ocrx_word' id='word_1_57' title='bbox 2447 1034 2460 1070; x_wconf 91' lang='lat'><strong>:</strong></span> <span class='ocrx_word' id='word_1_58' title='bbox 2496 1033 2659 1086; x_wconf 89' lang='lat' dir='ltr'><strong>quam</strong></span> <span class='ocrx_word' id='word_1_59' title='bbox 2696 1018 2790 1087; x_wconf 90' lang='lat' dir='ltr'><strong>qui</strong></span> <span class='ocrx_word' id='word_1_60' title='bbox 2820 996 3199 1088; x_wconf 20' lang='lat' dir='ltr'><strong>nondum‘per</strong></span> <span class='ocrx_word' id='word_1_61' title='bbox 3219 1018 3449 1090; x_wconf 90' lang='lat' dir='ltr'><strong>gratiam</strong></span> <span class='ocrx_word' id='word_1_62' title='bbox 3482 1035 3566 1074; x_wconf 87' lang='lat' dir='ltr'><strong>as-</strong></span> 
     </span>
    </p>
   </div>
   <div class='ocr_carea' id='block_1_12' title="bbox 244 1090 1844 1180">
    <p class='ocr_par' dir='ltr' id='par_1_12' title="bbox 244 1090 1619 1164">
     <span class='ocr_line' id='line_1_12' title="bbox 244 1090 1619 1164; baseline 0.007 -26"><span class='ocrx_word' id='word_1_63' title='bbox 244 1101 426 1153; x_wconf 81' lang='grc' dir='ltr'>σεως</span> <span class='ocrx_word' id='word_1_64' title='bbox 457 1090 630 1145; x_wconf 73' lang='grc' dir='ltr'>οὔπω</span> <span class='ocrx_word' id='word_1_65' title='bbox 652 1093 861 1164; x_wconf 77' lang='grc' dir='ltr'>ἔτυχεν.</span> <span class='ocrx_word' id='word_1_66' title='bbox 1609 1139 1619 1148; x_wconf 90' lang='grc'><strong>.</strong></span> 
     </span>
    </p>
   </div>
   <div class='ocr_carea' id='block_1_13' title="bbox 1963 1090 3563 1180">
    <p class='ocr_par' dir='ltr' id='par_1_13' title="bbox 1993 1109 3563 1180">
     <span class='ocr_line' id='line_1_13' title="bbox 1993 1109 3563 1180; baseline 0.004 -20"><span class='ocrx_word' id='word_1_67' title='bbox 1993 1114 2220 1161; x_wconf 86' lang='lat' dir='ltr'><strong>secutus</strong></span> <span class='ocrx_word' id='word_1_68' title='bbox 2266 1116 2370 1169; x_wconf 89' lang='lat' dir='ltr'><strong>est,</strong></span> <span class='ocrx_word' id='word_1_69' title='bbox 2408 1109 2476 1163; x_wconf 90' lang='lat' dir='ltr'><strong>ab</strong></span> <span class='ocrx_word' id='word_1_70' title='bbox 2502 1124 2569 1164; x_wconf 92' lang='lat' dir='ltr'><strong>eo</strong></span> <span class='ocrx_word' id='word_1_71' title='bbox 2602 1110 2770 1165; x_wconf 89' lang='lat' dir='ltr'><strong>etiam</strong></span> <span class='ocrx_word' id='word_1_72' title='bbox 2806 1120 3032 1180; x_wconf 89' lang='lat' dir='ltr'><strong>peccata</strong></span> <span class='ocrx_word' id='word_1_73' title='bbox 3072 1111 3318 1167; x_wconf 88' lang='lat' dir='ltr'><strong>nondum</strong></span> <span class='ocrx_word' id='word_1_74' title='bbox 3351 1111 3563 1168; x_wconf 86' lang='lat' dir='ltr'><strong>disces-</strong></span> 
     </span>
    </p>
   </div>
   <div class='ocr_carea' id='block_1_14' title="bbox 1995 1204 2207 1248">
    <p class='ocr_par' dir='ltr' id='par_1_14' title="bbox 1995 1204 2207 1248">
     <span class='ocr_line' id='line_1_14' title="bbox 1995 1204 2207 1248; baseline 0.005 -1"><span class='ocrx_word' id='word_1_75' title='bbox 1995 1204 2207 1248; x_wconf 67' lang='lat' dir='ltr'><strong>SGI&#39;UIIL</strong></span> 
     </span>
    </p>
   </div>
   <div class='ocr_carea' id='block_1_15' title="bbox 539 1372 2050 1405">
    <p class='ocr_par' dir='ltr' id='par_1_15' title="bbox 539 1372 2050 1405">
     <span class='ocr_line' id='line_1_15' title="bbox 539 1372 2050 1405; baseline 0 -20"><span class='ocrx_word' id='word_1_76' title='bbox 539 1372 2050 1405; x_wconf 80' lang='lat'><strong>....__________________________</strong></span> 
     </span>
    </p>
   </div>
   <div class='ocr_carea' id='block_1_16' title="bbox 2882 1395 3541 1416">
    <p class='ocr_par' dir='ltr' id='par_1_16' title="bbox 2882 1395 3541 1416">
     <span class='ocr_line' id='line_1_16' title="bbox 2882 1395 3541 1416; baseline 0.003 -2"><span class='ocrx_word' id='word_1_77' title='bbox 2882 1400 3385 1415; x_wconf 63' lang='lat'><strong>-———————&quot;“</strong></span> <span class='ocrx_word' id='word_1_78' title='bbox 3405 1395 3541 1416; x_wconf 47' lang='grc' dir='ltr'><strong>*Ι*</strong></span> 
     </span>
    </p>
   </div>
   <div class='ocr_carea' id='block_1_17' title="bbox 1507 1537 2350 1645">
    <p class='ocr_par' dir='ltr' id='par_1_17' title="bbox 1507 1537 2350 1645">
     <span class='ocr_line' id='line_1_17' title="bbox 1507 1537 2350 1645; baseline 0.023 -22"><span class='ocrx_word' id='word_1_79' title='bbox 1507 1537 2167 1643; x_wconf 85' lang='grc' dir='ltr'><strong>ΕΚΑΤΟΝΤΑΣ</strong></span> <span class='ocrx_word' id='word_1_80' title='bbox 2244 1553 2350 1645; x_wconf 65' lang='grc' dir='ltr'><strong>Β.</strong></span> 
     </span>
    </p>
   </div>
   <div class='ocr_carea' id='block_1_18' title="bbox 1613 1710 2252 1793">
    <p class='ocr_par' dir='ltr' id='par_1_18' title="bbox 1613 1710 2252 1793">
     <span class='ocr_line' id='line_1_18' title="bbox 1613 1710 2252 1793; baseline 0.011 -24"><span class='ocrx_word' id='word_1_81' title='bbox 1613 1710 1721 1780; x_wconf 84' lang='grc' dir='ltr'>Ἧς</span> <span class='ocrx_word' id='word_1_82' title='bbox 1756 1721 1787 1791; x_wconf 86' lang='grc' dir='ltr'><strong>ἡ</strong></span> <span class='ocrx_word' id='word_1_83' title='bbox 1820 1721 2129 1791; x_wconf 80' lang='grc' dir='ltr'>ἁκροστιχὶς</span> <span class='ocrx_word' id='word_1_84' title='bbox 2158 1724 2252 1793; x_wconf 80' lang='grc' dir='ltr'>ἥδε</span> 
     </span>
    </p>
   </div>
   <div class='ocr_carea' id='block_1_19' title="bbox 644 1855 3211 1952">
    <p class='ocr_par' dir='ltr' id='par_1_19' title="bbox 644 1855 3211 1952">
     <span class='ocr_line' id='line_1_19' title="bbox 644 1855 3211 1952; baseline 0.007 -34"><span class='ocrx_word' id='word_1_85' title='bbox 644 1855 832 1932; x_wconf 78' lang='grc' dir='ltr'>Εὗξαι</span> <span class='ocrx_word' id='word_1_86' title='bbox 856 1865 1007 1934; x_wconf 77' lang='grc' dir='ltr'>ὑπὲρ</span> <span class='ocrx_word' id='word_1_87' title='bbox 1038 1867 1202 1938; x_wconf 81' lang='grc' dir='ltr'>ἐμοῦ,</span> <span class='ocrx_word' id='word_1_88' title='bbox 1239 1869 1463 1940; x_wconf 69' lang='grc' dir='ltr'>ἀδελφέ</span> <span class='ocrx_word' id='word_1_89' title='bbox 1489 1872 1808 1950; x_wconf 64' lang='grc' dir='ltr'>τιίςιώτατε,</span> <span class='ocrx_word' id='word_1_90' title='bbox 1844 1877 1933 1930; x_wconf 85' lang='grc' dir='ltr'>ὅτι</span> <span class='ocrx_word' id='word_1_91' title='bbox 1953 1878 2188 1947; x_wconf 80' lang='grc' dir='ltr'>μεγάλα</span> <span class='ocrx_word' id='word_1_92' title='bbox 2230 1883 2384 1936; x_wconf 75' lang='grc' dir='ltr'><strong>κακὰ</strong></span> <span class='ocrx_word' id='word_1_93' title='bbox 2405 1879 2725 1950; x_wconf 77' lang='grc' dir='ltr'>προσδοκῶ</span> <span class='ocrx_word' id='word_1_94' title='bbox 2753 1882 2892 1947; x_wconf 77' lang='grc' dir='ltr'>ἄξια</span> <span class='ocrx_word' id='word_1_95' title='bbox 2921 1882 3033 1952; x_wconf 83' lang='grc' dir='ltr'><strong>τῆς</strong></span> <span class='ocrx_word' id='word_1_96' title='bbox 3060 1880 3211 1952; x_wconf 76' lang='grc' dir='ltr'>ἐμῆς</span> 
     </span>
    </p>
   </div>
   <div class='ocr_carea' id='block_1_20' title="bbox 740 1963 2800 2049">
    <p class='ocr_par' dir='ltr' id='par_1_20' title="bbox 740 1963 2800 2049">
     <span class='ocr_line' id='line_1_20' title="bbox 740 1963 2800 2049; baseline 0.007 -38"><span class='ocrx_word' id='word_1_97' title='bbox 740 1989 749 1997; x_wconf 84' lang='lat'><strong>-</strong></span> <span class='ocrx_word' id='word_1_98' title='bbox 1071 1963 1491 2032; x_wconf 83' lang='grc' dir='ltr'>προαιρέσεως,</span> <span class='ocrx_word' id='word_1_99' title='bbox 1527 1969 1727 2034; x_wconf 74' lang='grc' dir='ltr'>,λύπας</span> <span class='ocrx_word' id='word_1_100' title='bbox 1751 1969 1821 2037; x_wconf 81' lang='grc' dir='ltr'>τῇ</span> <span class='ocrx_word' id='word_1_101' title='bbox 1845 1969 2038 2039; x_wconf 75' lang='grc' dir='ltr'>ψυχῇ,</span> <span class='ocrx_word' id='word_1_102' title='bbox 2071 1972 2170 2049; x_wconf 72' lang='grc' dir='ltr'><strong>καὶ</strong></span> <span class='ocrx_word' id='word_1_103' title='bbox 2198 1972 2422 2039; x_wconf 81' lang='grc' dir='ltr'><strong>ὀδύνας</strong></span> <span class='ocrx_word' id='word_1_104' title='bbox 2446 1974 2525 2039; x_wconf 86' lang='grc' dir='ltr'>τῷ</span> <span class='ocrx_word' id='word_1_105' title='bbox 2554 1973 2800 2042; x_wconf 84' lang='grc' dir='ltr'>σώματι.</span> 
     </span>
    </p>
   </div>
   <div class='ocr_carea' id='block_1_21' title="bbox 1520 2274 2351 2401">
    <p class='ocr_par' dir='ltr' id='par_1_21' title="bbox 1520 2274 2351 2401">
     <span class='ocr_line' id='line_1_21' title="bbox 1520 2274 2351 2401; baseline 0.001 -39"><span class='ocrx_word' id='word_1_106' title='bbox 1520 2274 2129 2401; x_wconf 79' lang='lat' dir='ltr'><strong>CENTUBIA</strong></span> <span class='ocrx_word' id='word_1_107' title='bbox 2217 2280 2351 2396; x_wconf 79' lang='grc' dir='ltr'><strong>ιι,</strong></span> 
     </span>
    </p>
   </div>
   <div class='ocr_carea' id='block_1_22' title="bbox 1146 2461 2726 2538">
    <p class='ocr_par' dir='ltr' id='par_1_22' title="bbox 1146 2461 2726 2538">
     <span class='ocr_line' id='line_1_22' title="bbox 1146 2461 2726 2538; baseline 0.003 -18"><span class='ocrx_word' id='word_1_108' title='bbox 1146 2461 1316 2537; x_wconf 70' lang='lat' dir='ltr'><strong>Cujus</strong></span> <span class='ocrx_word' id='word_1_109' title='bbox 1342 2481 1600 2522; x_wconf 79' lang='lat' dir='ltr'><strong>versuum</strong></span> <span class='ocrx_word' id='word_1_110' title='bbox 1633 2469 1822 2538; x_wconf 70' lang='lat' dir='ltr'><strong>primae</strong></span> <span class='ocrx_word' id='word_1_111' title='bbox 1866 2469 2064 2525; x_wconf 73' lang='lat' dir='ltr'><strong>littera:</strong></span> <span class='ocrx_word' id='word_1_112' title='bbox 2090 2469 2191 2524; x_wconf 88' lang='lat' dir='ltr'><strong>has</strong></span> <span class='ocrx_word' id='word_1_113' title='bbox 2220 2484 2385 2525; x_wconf 88' lang='lat' dir='ltr'><strong>voces</strong></span> <span class='ocrx_word' id='word_1_114' title='bbox 2421 2470 2726 2527; x_wconf 84' lang='lat' dir='ltr'><strong>exhibent;</strong></span> 
     </span>
    </p>
   </div>
   <div class='ocr_carea' id='block_1_23' title="bbox 673 2589 3180 2700">
    <p class='ocr_par' dir='ltr' id='par_1_23' title="bbox 673 2589 3180 2700">
     <span class='ocr_line' id='line_1_23' title="bbox 673 2589 3180 2700; baseline 0.002 -26"><span class='ocrx_word' id='word_1_115' title='bbox 673 2610 803 2674; x_wconf 88' lang='lat' dir='ltr'><strong>Ora</strong></span> <span class='ocrx_word' id='word_1_116' title='bbox 832 2630 956 2693; x_wconf 85' lang='lat' dir='ltr'><strong>pro</strong></span> <span class='ocrx_word' id='word_1_117' title='bbox 1006 2633 1120 2686; x_wconf 84' lang='lat' dir='ltr'><strong>me,</strong></span> <span class='ocrx_word' id='word_1_118' title='bbox 1164 2618 1369 2696; x_wconf 85' lang='lat' dir='ltr'><strong>frater</strong></span> <span class='ocrx_word' id='word_1_119' title='bbox 1409 2618 1804 2696; x_wconf 80' lang='lat' dir='ltr'><strong>dignissime;</strong></span> <span class='ocrx_word' id='word_1_120' title='bbox 1844 2622 2008 2682; x_wconf 83' lang='lat' dir='ltr'><strong>mala</strong></span> <span class='ocrx_word' id='word_1_121' title='bbox 2055 2623 2215 2683; x_wconf 86' lang='lat' dir='ltr'><strong>enim</strong></span> <span class='ocrx_word' id='word_1_122' title='bbox 2252 2630 2541 2699; x_wconf 76' lang='lat' dir='ltr'><strong>exspecto</strong></span> <span class='ocrx_word' id='word_1_123' title='bbox 2579 2619 2850 2700; x_wconf 81' lang='lat' dir='ltr'><strong>grandia</strong></span> <span class='ocrx_word' id='word_1_124' title='bbox 2890 2630 2949 2683; x_wconf 83' lang='lat' dir='ltr'><strong>et</strong></span> <span class='ocrx_word' id='word_1_125' title='bbox 2986 2589 3180 2699; x_wconf 52' lang='lat' dir='ltr'><strong>digna</strong></span> 
     </span>
    </p>
   </div>
   <div class='ocr_carea' id='block_1_24' title="bbox 903 2715 3016 2799">
    <p class='ocr_par' dir='ltr' id='par_1_24' title="bbox 903 2715 3016 2799">
     <span class='ocr_line' id='line_1_24' title="bbox 903 2715 3016 2799; baseline 0 -24"><span class='ocrx_word' id='word_1_126' title='bbox 903 2716 1055 2778; x_wconf 84' lang='lat' dir='ltr'><strong>meis</strong></span> <span class='ocrx_word' id='word_1_127' title='bbox 1097 2715 1351 2793; x_wconf 77' lang='lat' dir='ltr'><strong>studiis,</strong></span> <span class='ocrx_word' id='word_1_128' title='bbox 1405 2718 1704 2780; x_wconf 78' lang='lat' dir='ltr'><strong>tristitias</strong></span> <span class='ocrx_word' id='word_1_129' title='bbox 1745 2720 1983 2783; x_wconf 77' lang='lat' dir='ltr'><strong>scilicet</strong></span> <span class='ocrx_word' id='word_1_130' title='bbox 2022 2720 2221 2782; x_wconf 83' lang='lat' dir='ltr'><strong>animi</strong></span> <span class='ocrx_word' id='word_1_131' title='bbox 2258 2732 2311 2782; x_wconf 78' lang='lat' dir='ltr'><strong>et</strong></span> <span class='ocrx_word' id='word_1_132' title='bbox 2352 2718 2601 2781; x_wconf 83' lang='lat' dir='ltr'><strong>dolores</strong></span> <span class='ocrx_word' id='word_1_133' title='bbox 2641 2721 2954 2799; x_wconf 85' lang='lat' dir='ltr'><strong>corporis.</strong></span> <span class='ocrx_word' id='word_1_134' title='bbox 3012 2771 3016 2776; x_wconf 88' lang='lat'><strong>.</strong></span> 
     </span>
    </p>
   </div>
   <div class='ocr_carea' id='block_1_25' title="bbox 352 3010 1952 3092">
    <p class='ocr_par' dir='ltr' id='par_1_25' title="bbox 352 3010 1952 3092">
     <span class='ocr_line' id='line_1_25' title="bbox 352 3010 1952 3092; baseline -0.019 -1"><span class='ocrx_word' id='word_1_135' title='bbox 352 3010 429 3067; x_wconf 49' lang='grc' dir='ltr'><strong>σθ’</strong></span> <span class='ocrx_word' id='word_1_136' title='bbox 479 3011 724 3075; x_wconf 71' lang='grc' dir='ltr'><strong>Ἐθέλεις</strong></span> <span class='ocrx_word' id='word_1_137' title='bbox 751 3010 842 3080; x_wconf 72' lang='grc' dir='ltr'><strong>ὑφ’</strong></span> <span class='ocrx_word' id='word_1_138' title='bbox 881 3011 938 3065; x_wconf 81' lang='grc' dir='ltr'><strong>ἐν</strong></span> <span class='ocrx_word' id='word_1_139' title='bbox 967 3010 1077 3064; x_wconf 87' lang='grc' dir='ltr'><strong>τῶν</strong></span> <span class='ocrx_word' id='word_1_140' title='bbox 1109 3012 1316 3067; x_wconf 84' lang='grc' dir='ltr'>κακιῶν</span> <span class='ocrx_word' id='word_1_141' title='bbox 1344 3012 1730 3092; x_wconf 63' lang='grc' dir='ltr'>ἀπαλλαγῆναι</span> <span class='ocrx_word' id='word_1_142' title='bbox 1754 3033 1769 3082; x_wconf 90' lang='lat'><strong>;</strong></span> <span class='ocrx_word' id='word_1_143' title='bbox 1797 3016 1864 3087; x_wconf 81' lang='grc' dir='ltr'><strong>τῇ</strong></span> <span class='ocrx_word' id='word_1_144' title='bbox 1910 3019 1952 3072; x_wconf 80' lang='grc' dir='ltr'>Β</span> 
     </span>
    </p>
   </div>
   <div class='ocr_carea' id='block_1_26' title="bbox 2058 3010 3658 3092">
    <p class='ocr_par' dir='ltr' id='par_1_26' title="bbox 2058 3010 3658 3069">
     <span class='ocr_line' id='line_1_26' title="bbox 2058 3010 3658 3069; baseline -0.002 -3"><span class='ocrx_word' id='word_1_145' title='bbox 2058 3014 2100 3066; x_wconf 94' lang='grc' dir='ltr'>Ι.</span> <span class='ocrx_word' id='word_1_146' title='bbox 2137 3014 2230 3068; x_wconf 84' lang='lat' dir='ltr'><strong>Vis</strong></span> <span class='ocrx_word' id='word_1_147' title='bbox 2275 3012 2446 3068; x_wconf 86' lang='lat' dir='ltr'><strong>semel</strong></span> <span class='ocrx_word' id='word_1_148' title='bbox 2477 3027 2506 3066; x_wconf 91' lang='lat' dir='ltr'><strong>a</strong></span> <span class='ocrx_word' id='word_1_149' title='bbox 2554 3011 2711 3066; x_wconf 90' lang='lat' dir='ltr'><strong>malis</strong></span> <span class='ocrx_word' id='word_1_150' title='bbox 2756 3011 3015 3066; x_wconf 86' lang='lat' dir='ltr'><strong>omnibus</strong></span> <span class='ocrx_word' id='word_1_151' title='bbox 3060 3010 3285 3066; x_wconf 83' lang='lat' dir='ltr'><strong>liberari</strong></span> <span class='ocrx_word' id='word_1_152' title='bbox 3326 3010 3349 3065; x_wconf 86' lang='lat'><strong>?</strong></span> <span class='ocrx_word' id='word_1_153' title='bbox 3387 3014 3553 3069; x_wconf 81' lang='lat' dir='ltr'><strong>matri</strong></span> <span class='ocrx_word' id='word_1_154' title='bbox 3652 3058 3658 3063; x_wconf 87' lang='lat'><strong>.</strong></span> 
     </span>
    </p>
   </div>
   <div class='ocr_carea' id='block_1_27' title="bbox 282 3092 1882 3181">
    <p class='ocr_par' dir='ltr' id='par_1_27' title="bbox 282 3092 1548 3178">
     <span class='ocr_line' id='line_1_27' title="bbox 282 3092 1548 3178; baseline -0.001 -18"><span class='ocrx_word' id='word_1_155' title='bbox 282 3108 468 3178; x_wconf 76' lang='grc' dir='ltr'>μητρὶ</span> <span class='ocrx_word' id='word_1_156' title='bbox 497 3092 616 3157; x_wconf 81' lang='grc' dir='ltr'><strong>τῶν</strong></span> <span class='ocrx_word' id='word_1_157' title='bbox 642 3102 831 3157; x_wconf 82' lang='grc' dir='ltr'>κακῶν</span> <span class='ocrx_word' id='word_1_158' title='bbox 860 3105 927 3174; x_wconf 81' lang='grc' dir='ltr'>τῇ</span> <span class='ocrx_word' id='word_1_159' title='bbox 962 3103 1222 3175; x_wconf 67' lang='grc' dir='ltr'>φιλαυτία</span> <span class='ocrx_word' id='word_1_160' title='bbox 1256 3104 1548 3169; x_wconf 79' lang='grc' dir='ltr'>ἀπόταξαι.</span> 
     </span>
    </p>
   </div>
   <div class='ocr_carea' id='block_1_28' title="bbox 1890 3092 3490 3181">
    <p class='ocr_par' dir='ltr' id='par_1_28' title="bbox 1984 3103 3490 3181">
     <span class='ocr_line' id='line_1_28' title="bbox 1984 3103 3490 3181; baseline -0.002 -21"><span class='ocrx_word' id='word_1_161' title='bbox 1984 3106 2276 3169; x_wconf 89' lang='lat' dir='ltr'><strong>malorum,</strong></span> <span class='ocrx_word' id='word_1_162' title='bbox 2309 3106 2482 3160; x_wconf 90' lang='lat' dir='ltr'><strong>amori</strong></span> <span class='ocrx_word' id='word_1_163' title='bbox 2516 3103 2595 3158; x_wconf 92' lang='lat' dir='ltr'><strong>tui</strong></span> <span class='ocrx_word' id='word_1_164' title='bbox 2636 3104 2810 3174; x_wconf 87' lang='lat' dir='ltr'><strong>ipsius</strong></span> <span class='ocrx_word' id='word_1_165' title='bbox 2846 3103 3125 3159; x_wconf 89' lang='lat' dir='ltr'><strong>renuntia.</strong></span> <span class='ocrx_word' id='word_1_166' title='bbox 3486 3176 3490 3181; x_wconf 14' lang='grc' dir='ltr'><strong>ψ</strong></span> 
     </span>
    </p>
   </div>
   <div class='ocr_carea' id='block_1_29' title="bbox 356 3191 1956 3269">
    <p class='ocr_par' dir='ltr' id='par_1_29' title="bbox 356 3191 1880 3269">
     <span class='ocr_line' id='line_1_29' title="bbox 356 3191 1880 3269; baseline -0.003 -16"><span class='ocrx_word' id='word_1_167' title='bbox 356 3198 429 3269; x_wconf 79' lang='grc' dir='ltr'><strong>β’.</strong></span> <span class='ocrx_word' id='word_1_168' title='bbox 477 3196 678 3264; x_wconf 79' lang='grc' dir='ltr'>Ὑγεία</span> <span class='ocrx_word' id='word_1_169' title='bbox 726 3193 929 3264; x_wconf 81' lang='grc' dir='ltr'>ψυχῆς,</span> <span class='ocrx_word' id='word_1_170' title='bbox 957 3194 1198 3248; x_wconf 73' lang='grc' dir='ltr'>ἀπάθεια</span> <span class='ocrx_word' id='word_1_171' title='bbox 1226 3197 1321 3250; x_wconf 76' lang='grc' dir='ltr'><strong>καὶ</strong></span> <span class='ocrx_word' id='word_1_172' title='bbox 1350 3196 1576 3264; x_wconf 86' lang='grc' dir='ltr'>γνῶσις,</span> <span class='ocrx_word' id='word_1_173' title='bbox 1603 3191 1671 3268; x_wconf 79' lang='grc' dir='ltr'><strong>ἧς</strong></span> <span class='ocrx_word' id='word_1_174' title='bbox 1697 3198 1880 3267; x_wconf 82' lang='grc' dir='ltr'><strong>τυχεῖν</strong></span> 
     </span>
    </p>
   </div>
   <div class='ocr_carea' id='block_1_30' title="bbox 1952 3191 3552 3269">
    <p class='ocr_par' dir='ltr' id='par_1_30' title="bbox 2050 3193 3552 3265">
     <span class='ocr_line' id='line_1_30' title="bbox 2050 3193 3552 3265; baseline 0.001 -13"><span class='ocrx_word' id='word_1_175' title='bbox 2050 3197 2105 3252; x_wconf 77' lang='lat'><strong>2.</strong></span> <span class='ocrx_word' id='word_1_176' title='bbox 2130 3195 2341 3251; x_wconf 72' lang='lat' dir='ltr'><strong>Anima:</strong></span> <span class='ocrx_word' id='word_1_177' title='bbox 2397 3195 2603 3250; x_wconf 83' lang='lat' dir='ltr'><strong>sanitas</strong></span> <span class='ocrx_word' id='word_1_178' title='bbox 2629 3203 2715 3249; x_wconf 89' lang='lat' dir='ltr'><strong>est</strong></span> <span class='ocrx_word' id='word_1_179' title='bbox 2742 3193 3162 3262; x_wconf 87' lang='lat' dir='ltr'><strong>impassibilitas</strong></span> <span class='ocrx_word' id='word_1_180' title='bbox 3194 3204 3252 3250; x_wconf 90' lang='lat' dir='ltr'><strong>et</strong></span> <span class='ocrx_word' id='word_1_181' title='bbox 3291 3196 3552 3265; x_wconf 82' lang='lat' dir='ltr'><strong>scientia,</strong></span> 
     </span>
    </p>
   </div>
   <div class='ocr_carea' id='block_1_31' title="bbox 279 3285 1879 3361">
    <p class='ocr_par' dir='ltr' id='par_1_31' title="bbox 279 3285 1311 3361">
     <span class='ocr_line' id='line_1_31' title="bbox 279 3285 1311 3361; baseline -0.004 -16"><span class='ocrx_word' id='word_1_182' title='bbox 279 3291 586 3361; x_wconf 80' lang='grc' dir='ltr'>ἀμήχανον</span> <span class='ocrx_word' id='word_1_183' title='bbox 618 3285 709 3340; x_wconf 77' lang='grc' dir='ltr'><strong>τὸν</strong></span> <span class='ocrx_word' id='word_1_184' title='bbox 730 3286 943 3357; x_wconf 77' lang='grc' dir='ltr'><strong>ἡδοναῖς</strong></span> <span class='ocrx_word' id='word_1_185' title='bbox 967 3286 1311 3342; x_wconf 84' lang='grc' dir='ltr'>δουλεύοντα.</span> 
     </span>
    </p>
   </div>
   <div class='ocr_carea' id='block_1_32' title="bbox 1878 3285 3478 3361">
    <p class='ocr_par' dir='ltr' id='par_1_32' title="bbox 1980 3285 3478 3360">
     <span class='ocr_line' id='line_1_32' title="bbox 1980 3285 3478 3360; baseline 0.001 -16"><span class='ocrx_word' id='word_1_186' title='bbox 1980 3304 2146 3360; x_wconf 88' lang='lat' dir='ltr'><strong>quam</strong></span> <span class='ocrx_word' id='word_1_187' title='bbox 2171 3304 2335 3343; x_wconf 88' lang='lat' dir='ltr'><strong>nemo</strong></span> <span class='ocrx_word' id='word_1_188' title='bbox 2359 3287 2736 3356; x_wconf 83' lang='lat' dir='ltr'><strong>voluptatibus</strong></span> <span class='ocrx_word' id='word_1_189' title='bbox 2759 3285 3006 3340; x_wconf 87' lang='lat' dir='ltr'><strong>s&#39;erviens</strong></span> <span class='ocrx_word' id='word_1_190' title='bbox 3035 3287 3253 3356; x_wconf 83' lang='lat' dir='ltr'><strong>assequi</strong></span> <span class='ocrx_word' id='word_1_191' title='bbox 3279 3298 3478 3357; x_wconf 85' lang='lat' dir='ltr'><strong>potest.</strong></span> 
     </span>
    </p>
   </div>
   <div class='ocr_carea' id='block_1_33' title="bbox 354 3374 1954 3450">
    <p class='ocr_par' dir='ltr' id='par_1_33' title="bbox 354 3376 1882 3450">
     <span class='ocr_line' id='line_1_33' title="bbox 354 3376 1882 3450; baseline -0.004 -14"><span class='ocrx_word' id='word_1_192' title='bbox 354 3379 430 3450; x_wconf 85' lang='grc' dir='ltr'>γ’.</span> <span class='ocrx_word' id='word_1_193' title='bbox 470 3378 743 3449; x_wconf 74' lang='grc' dir='ltr'>Ξηραίνει</span> <span class='ocrx_word' id='word_1_194' title='bbox 788 3376 887 3441; x_wconf 84' lang='grc' dir='ltr'><strong>τὰς</strong></span> <span class='ocrx_word' id='word_1_195' title='bbox 929 3376 1126 3447; x_wconf 86' lang='grc' dir='ltr'>ἡδονὰς</span> <span class='ocrx_word' id='word_1_196' title='bbox 1154 3378 1256 3441; x_wconf 84' lang='grc' dir='ltr'><strong>τὰς</strong></span> <span class='ocrx_word' id='word_1_197' title='bbox 1304 3377 1623 3448; x_wconf 81' lang='grc' dir='ltr'>σωματικάς</span> <span class='ocrx_word' id='word_1_198' title='bbox 1654 3393 1748 3441; x_wconf 86' lang='grc' dir='ltr'><strong>τε,</strong></span> <span class='ocrx_word' id='word_1_199' title='bbox 1785 3376 1882 3431; x_wconf 74' lang='grc' dir='ltr'><strong>καὶ</strong></span> 
     </span>
    </p>
   </div>
   <div class='ocr_carea' id='block_1_34' title="bbox 1952 3374 3552 3450">
    <p class='ocr_par' dir='ltr' id='par_1_34' title="bbox 2050 3374 3552 3444">
     <span class='ocr_line' id='line_1_34' title="bbox 2050 3374 3552 3444; baseline 0.001 -12"><span class='ocrx_word' id='word_1_200' title='bbox 2050 3378 2103 3432; x_wconf 81' lang='grc'>5.</span> <span class='ocrx_word' id='word_1_201' title='bbox 2132 3377 2478 3432; x_wconf 88' lang='lat' dir='ltr'><strong>Abstinentia</strong></span> <span class='ocrx_word' id='word_1_202' title='bbox 2527 3391 2651 3430; x_wconf 91' lang='lat' dir='ltr'><strong>cum</strong></span> <span class='ocrx_word' id='word_1_203' title='bbox 2685 3374 2972 3444; x_wconf 85' lang='lat' dir='ltr'><strong>patientia,</strong></span> <span class='ocrx_word' id='word_1_204' title='bbox 3035 3382 3092 3428; x_wconf 90' lang='lat' dir='ltr'><strong>et</strong></span> <span class='ocrx_word' id='word_1_205' title='bbox 3124 3375 3377 3432; x_wconf 85' lang='lat' dir='ltr'><strong>&#39;charitas</strong></span> <span class='ocrx_word' id='word_1_206' title='bbox 3427 3394 3552 3434; x_wconf 85' lang='lat' dir='ltr'><strong>cum</strong></span> 
     </span>
    </p>
   </div>
   <div class='ocr_carea' id='block_1_35' title="bbox 280 3465 1880 3542">
    <p class='ocr_par' dir='ltr' id='par_1_35' title="bbox 280 3467 1880 3542">
     <span class='ocr_line' id='line_1_35' title="bbox 280 3467 1880 3542; baseline -0.003 -17"><span class='ocrx_word' id='word_1_207' title='bbox 280 3471 537 3542; x_wconf 77' lang='grc' dir='ltr'>ψυχικὰς</span> <span class='ocrx_word' id='word_1_208' title='bbox 574 3470 872 3540; x_wconf 85' lang='grc' dir='ltr'>ἐγκράτεια</span> <span class='ocrx_word' id='word_1_209' title='bbox 926 3468 1047 3539; x_wconf 85' lang='grc' dir='ltr'>μεθ’</span> <span class='ocrx_word' id='word_1_210' title='bbox 1076 3469 1375 3540; x_wconf 80' lang='grc' dir='ltr'><strong>ὑπομονῆς,</strong></span> <span class='ocrx_word' id='word_1_211' title='bbox 1399 3470 1495 3523; x_wconf 80' lang='grc' dir='ltr'>καὶ</span> <span class='ocrx_word' id='word_1_212' title='bbox 1522 3468 1711 3538; x_wconf 84' lang='grc' dir='ltr'>ἀγάπη</span> <span class='ocrx_word' id='word_1_213' title='bbox 1743 3467 1880 3539; x_wconf 84' lang='grc' dir='ltr'>μετὰ</span> 
     </span>
    </p>
   </div>
   <div class='ocr_carea' id='block_1_36' title="bbox 1956 3465 3556 3542">
    <p class='ocr_par' dir='ltr' id='par_1_36' title="bbox 1980 3465 3556 3539">
     <span class='ocr_line' id='line_1_36' title="bbox 1980 3465 3556 3539; baseline 0 -16"><span class='ocrx_word' id='word_1_214' title='bbox 1980 3467 2418 3539; x_wconf 77' lang='lat' dir='ltr'><strong>longanimitate,</strong></span> <span class='ocrx_word' id='word_1_215' title='bbox 2445 3476 2557 3521; x_wconf 88' lang='lat' dir='ltr'><strong>tam</strong></span> <span class='ocrx_word' id='word_1_216' title='bbox 2582 3480 2880 3535; x_wconf 88' lang='lat' dir='ltr'><strong>corporeas</strong></span> <span class='ocrx_word' id='word_1_217' title='bbox 2905 3479 3071 3534; x_wconf 90' lang='lat' dir='ltr'><strong>quam</strong></span> <span class='ocrx_word' id='word_1_218' title='bbox 3099 3465 3367 3522; x_wconf 89' lang='lat' dir='ltr'><strong>animales</strong></span> <span class='ocrx_word' id='word_1_219' title='bbox 3396 3468 3556 3524; x_wconf 85' lang='lat' dir='ltr'><strong>volu-</strong></span> 
     </span>
    </p>
   </div>
   <div class='ocr_carea' id='block_1_37' title="bbox 285 3560 1885 3633">
    <p class='ocr_par' dir='ltr' id='par_1_37' title="bbox 285 3561 717 3633">
     <span class='ocr_line' id='line_1_37' title="bbox 285 3561 717 3633; baseline 0 -18"><span class='ocrx_word' id='word_1_220' title='bbox 285 3561 717 3633; x_wconf 79' lang='grc' dir='ltr'>μακροθυμίας.</span> 
     </span>
    </p>
   </div>
   <div class='ocr_carea' id='block_1_38' title="bbox 1507 3560 3107 3633">
    <p class='ocr_par' dir='ltr' id='par_1_38' title="bbox 1980 3560 3107 3630">
     <span class='ocr_line' id='line_1_38' title="bbox 1980 3560 3107 3630; baseline -0.004 -15"><span class='ocrx_word' id='word_1_221' title='bbox 1980 3569 2160 3630; x_wconf 88' lang='lat' dir='ltr'><strong>ptates</strong></span> <span class='ocrx_word' id='word_1_222' title='bbox 2192 3560 2491 3614; x_wconf 84' lang='lat' dir='ltr'><strong>exsiccant.</strong></span> <span class='ocrx_word' id='word_1_223' title='bbox 3101 3625 3107 3630; x_wconf 27' lang='grc' dir='ltr'><strong>η</strong></span> 
     </span>
    </p>
   </div>
   <div class='ocr_carea' id='block_1_39' title="bbox 356 3647 1956 3722">
    <p class='ocr_par' dir='ltr' id='par_1_39' title="bbox 356 3649 1874 3722">
     <span class='ocr_line' id='line_1_39' title="bbox 356 3649 1874 3722; baseline -0.002 -16"><span class='ocrx_word' id='word_1_224' title='bbox 356 3654 422 3707; x_wconf 75' lang='grc' dir='ltr'>δ’.</span> <span class='ocrx_word' id='word_1_225' title='bbox 466 3651 646 3722; x_wconf 79' lang='grc' dir='ltr'>Ἀρχὴ</span> <span class='ocrx_word' id='word_1_226' title='bbox 698 3651 888 3705; x_wconf 81' lang='grc' dir='ltr'>κακῶν</span> <span class='ocrx_word' id='word_1_227' title='bbox 936 3652 1004 3721; x_wconf 78' lang='grc' dir='ltr'>τῇ</span> <span class='ocrx_word' id='word_1_228' title='bbox 1055 3649 1201 3721; x_wconf 78' lang='grc' dir='ltr'>ψυχῇ</span> <span class='ocrx_word' id='word_1_229' title='bbox 1232 3651 1266 3721; x_wconf 85' lang='grc' dir='ltr'><strong>ἡ</strong></span> <span class='ocrx_word' id='word_1_230' title='bbox 1300 3650 1553 3721; x_wconf 84' lang='grc' dir='ltr'><strong>φιλαυτία</strong></span> <span class='ocrx_word' id='word_1_231' title='bbox 1606 3650 1828 3720; x_wconf 80' lang='grc' dir='ltr'>γέγονεν</span> <span class='ocrx_word' id='word_1_232' title='bbox 1861 3668 1874 3681; x_wconf 87' lang='grc'><strong>·</strong></span> 
     </span>
    </p>
   </div>
   <div class='ocr_carea' id='block_1_40' title="bbox 1956 3647 3556 3722">
    <p class='ocr_par' dir='ltr' id='par_1_40' title="bbox 2049 3647 3556 3719">
     <span class='ocr_line' id='line_1_40' title="bbox 2049 3647 3556 3719; baseline -0.001 -14"><span class='ocrx_word' id='word_1_233' title='bbox 2049 3652 2102 3705; x_wconf 75' lang='grc'>4.</span> <span class='ocrx_word' id='word_1_234' title='bbox 2132 3649 2473 3719; x_wconf 91' lang='lat' dir='ltr'><strong>Principium</strong></span> <span class='ocrx_word' id='word_1_235' title='bbox 2524 3648 2792 3701; x_wconf 86' lang='lat' dir='ltr'><strong>malorum</strong></span> <span class='ocrx_word' id='word_1_236' title='bbox 2844 3648 3059 3711; x_wconf 67' lang='lat' dir='ltr'><strong>animm,</strong></span> <span class='ocrx_word' id='word_1_237' title='bbox 3099 3647 3204 3702; x_wconf 82' lang='lat' dir='ltr'><strong>fuit</strong></span> <span class='ocrx_word' id='word_1_238' title='bbox 3259 3662 3414 3702; x_wconf 91' lang='lat' dir='ltr'><strong>amor</strong></span> <span class='ocrx_word' id='word_1_239' title='bbox 3470 3648 3556 3703; x_wconf 88' lang='lat' dir='ltr'><strong>sui</strong></span> 
     </span>
    </p>
   </div>
   <div class='ocr_carea' id='block_1_41' title="bbox 284 3738 1884 3814">
    <p class='ocr_par' dir='ltr' id='par_1_41' title="bbox 284 3740 1579 3814">
     <span class='ocr_line' id='line_1_41' title="bbox 284 3740 1579 3814; baseline -0.004 -15"><span class='ocrx_word' id='word_1_240' title='bbox 284 3744 564 3814; x_wconf 75' lang='grc' dir='ltr'>φιλαυτία</span> <span class='ocrx_word' id='word_1_241' title='bbox 591 3741 649 3795; x_wconf 76' lang='grc' dir='ltr'>δέ</span> <span class='ocrx_word' id='word_1_242' title='bbox 681 3742 886 3813; x_wconf 89' lang='grc' dir='ltr'>ἐστινὴ</span> <span class='ocrx_word' id='word_1_243' title='bbox 915 3740 1009 3795; x_wconf 77' lang='grc' dir='ltr'><strong>τοῦ</strong></span> <span class='ocrx_word' id='word_1_244' title='bbox 1046 3740 1298 3813; x_wconf 83' lang='grc' dir='ltr'>σώματος</span> <span class='ocrx_word' id='word_1_245' title='bbox 1330 3740 1501 3809; x_wconf 83' lang='grc' dir='ltr'>φιλία.</span> <span class='ocrx_word' id='word_1_246' title='bbox 1574 3742 1579 3747; x_wconf 90' lang='grc'><em>’</em></span> 
     </span>
    </p>
   </div>
   <div class='ocr_carea' id='block_1_42' title="bbox 1954 3738 3554 3814">
    <p class='ocr_par' dir='ltr' id='par_1_42' title="bbox 1979 3738 3554 3811">
     <span class='ocr_line' id='line_1_42' title="bbox 1979 3738 3554 3811; baseline -0.001 -16"><span class='ocrx_word' id='word_1_247' title='bbox 1979 3740 2186 3811; x_wconf 88' lang='lat' dir='ltr'><strong>ipsius;</strong></span> <span class='ocrx_word' id='word_1_248' title='bbox 2238 3755 2392 3794; x_wconf 91' lang='lat' dir='ltr'><strong>amor</strong></span> <span class='ocrx_word' id='word_1_249' title='bbox 2432 3747 2616 3794; x_wconf 90' lang='lat' dir='ltr'><strong>autem</strong></span> <span class='ocrx_word' id='word_1_250' title='bbox 2671 3738 2756 3793; x_wconf 91' lang='lat' dir='ltr'><strong>sui</strong></span> <span class='ocrx_word' id='word_1_251' title='bbox 2817 3738 3024 3808; x_wconf 89' lang='lat' dir='ltr'><strong>ipsius,</strong></span> <span class='ocrx_word' id='word_1_252' title='bbox 3073 3754 3228 3794; x_wconf 90' lang='lat' dir='ltr'><strong>amor</strong></span> <span class='ocrx_word' id='word_1_253' title='bbox 3288 3747 3375 3794; x_wconf 92' lang='lat' dir='ltr'><strong>est</strong></span> <span class='ocrx_word' id='word_1_254' title='bbox 3429 3755 3554 3795; x_wconf 89' lang='lat' dir='ltr'><strong>cor-</strong></span> 
     </span>
    </p>
   </div>
   <div class='ocr_carea' id='block_1_43' title="bbox 2018 3847 3175 3886">
    <p class='ocr_par' dir='ltr' id='par_1_43' title="bbox 2018 3847 3175 3886">
     <span class='ocr_line' id='line_1_43' title="bbox 2018 3847 3175 3886; baseline -0.003 0"><span class='ocrx_word' id='word_1_255' title='bbox 2018 3847 2154 3886; x_wconf 76' lang='lat' dir='ltr'><strong>OI‘IS.</strong></span> <span class='ocrx_word' id='word_1_256' title='bbox 2495 3849 2499 3852; x_wconf 66' lang='grc'><strong><em>⁷</em></strong></span> <span class='ocrx_word' id='word_1_257' title='bbox 3170 3878 3175 3883; x_wconf 88' lang='grc'><strong><em>,</em></strong></span> 
     </span>
    </p>
   </div>
   <div class='ocr_carea' id='block_1_44' title="bbox 356 3849 1956 3991">
    <p class='ocr_par' dir='ltr' id='par_1_44' title="bbox 356 3904 1875 3991">
     <span class='ocr_line' id='line_1_44' title="bbox 356 3904 1875 3991; baseline 0 -17"><span class='ocrx_word' id='word_1_258' title='bbox 356 3927 422 3973; x_wconf 85' lang='grc' dir='ltr'>ε’.</span> <span class='ocrx_word' id='word_1_259' title='bbox 459 3919 633 3973; x_wconf 77' lang='grc' dir='ltr'>ἰδιον</span> <span class='ocrx_word' id='word_1_260' title='bbox 661 3904 757 3971; x_wconf 78' lang='grc' dir='ltr'><strong>τοῦ</strong></span> <span class='ocrx_word' id='word_1_261' title='bbox 781 3915 1005 3986; x_wconf 77' lang='grc' dir='ltr'>λογικοῦ</span> <span class='ocrx_word' id='word_1_262' title='bbox 1030 3917 1092 3970; x_wconf 84' lang='grc' dir='ltr'>τὸ</span> <span class='ocrx_word' id='word_1_263' title='bbox 1113 3919 1456 3989; x_wconf 81' lang='grc' dir='ltr'>ὑποταγῆναι</span> <span class='ocrx_word' id='word_1_264' title='bbox 1478 3920 1555 3991; x_wconf 83' lang='grc' dir='ltr'>τῷ</span> <span class='ocrx_word' id='word_1_265' title='bbox 1581 3920 1745 3991; x_wconf 90' lang='grc' dir='ltr'>λόγῳ,</span> <span class='ocrx_word' id='word_1_266' title='bbox 1781 3921 1875 3974; x_wconf 79' lang='grc' dir='ltr'><strong>καὶ</strong></span> 
     </span>
    </p>
   </div>
   <div class='ocr_carea' id='block_1_45' title="bbox 1951 3849 3551 3991">
    <p class='ocr_par' dir='ltr' id='par_1_45' title="bbox 1979 3849 3551 3989">
     <span class='ocr_line' id='line_1_45' title="bbox 2018 3849 3175 3886; baseline -0.003 0"><span class='ocrx_word' id='word_1_267' title='bbox 2018 3849 2154 3886; x_wconf 77' lang='grc' dir='ltr'>οι-ιε.</span> <span class='ocrx_word' id='word_1_268' title='bbox 2495 3849 2499 3852; x_wconf 50' lang='grc' dir='ltr'><strong>ν</strong></span> <span class='ocrx_word' id='word_1_269' title='bbox 3170 3878 3175 3883; x_wconf 85' lang='grc'><strong><em>,</em></strong></span> 
     </span>
     <span class='ocr_line' id='line_1_46' title="bbox 1979 3849 3551 3989; baseline -0.003 -15"><span class='ocrx_word' id='word_1_270' title='bbox 1979 3849 2015 3903; x_wconf 72' lang='lat' dir='ltr'><strong>p</strong></span> <span class='ocrx_word' id='word_1_271' title='bbox 2048 3920 2101 3974; x_wconf 83' lang='lat'><strong>5.</strong></span> <span class='ocrx_word' id='word_1_272' title='bbox 2125 3919 2416 3989; x_wconf 88' lang='lat' dir='ltr'><strong>Proprium</strong></span> <span class='ocrx_word' id='word_1_273' title='bbox 2462 3924 2549 3972; x_wconf 90' lang='lat' dir='ltr'><strong>est</strong></span> <span class='ocrx_word' id='word_1_274' title='bbox 2577 3914 2987 3979; x_wconf 39' lang='lat' dir='ltr'><strong>rationalis,‘ut</strong></span> <span class='ocrx_word' id='word_1_275' title='bbox 3023 3914 3224 3969; x_wconf 88' lang='lat' dir='ltr'><strong>rationi</strong></span> <span class='ocrx_word' id='word_1_276' title='bbox 3261 3914 3551 3983; x_wconf 87' lang='lat' dir='ltr'><strong>subdatur,</strong></span> 
     </span>
    </p>
   </div>
   <div class='ocr_carea' id='block_1_46' title="bbox 287 4005 1887 4081">
    <p class='ocr_par' dir='ltr' id='par_1_46' title="bbox 287 4005 1587 4079">
     <span class='ocr_line' id='line_1_47' title="bbox 287 4005 1587 4079; baseline 0 -17"><span class='ocrx_word' id='word_1_277' title='bbox 287 4009 349 4062; x_wconf 83' lang='grc' dir='ltr'>τὸ</span> <span class='ocrx_word' id='word_1_278' title='bbox 373 4007 708 4071; x_wconf 83' lang='grc' dir='ltr'>ὑποπιάσαι,</span> <span class='ocrx_word' id='word_1_279' title='bbox 739 4006 835 4059; x_wconf 80' lang='grc' dir='ltr'><strong>καὶ</strong></span> <span class='ocrx_word' id='word_1_280' title='bbox 862 4005 1283 4075; x_wconf 86' lang='grc' dir='ltr'>δουλαγωγῆσαι</span> <span class='ocrx_word' id='word_1_281' title='bbox 1310 4008 1370 4061; x_wconf 81' lang='grc' dir='ltr'>τὸ</span> <span class='ocrx_word' id='word_1_282' title='bbox 1405 4008 1587 4079; x_wconf 87' lang='grc' dir='ltr'>σῶμα.</span> 
     </span>
    </p>
   </div>
   <div class='ocr_carea' id='block_1_47' title="bbox 1767 4005 3367 4081">
    <p class='ocr_par' dir='ltr' id='par_1_47' title="bbox 1978 4005 3367 4081">
     <span class='ocr_line' id='line_1_48' title="bbox 1978 4005 3367 4081; baseline -0.005 -14"><span class='ocrx_word' id='word_1_283' title='bbox 1978 4011 2410 4081; x_wconf 88' lang='lat' dir='ltr'><strong>castigatumque</strong></span> <span class='ocrx_word' id='word_1_284' title='bbox 2435 4022 2641 4077; x_wconf 90' lang='lat' dir='ltr'><strong>corpus</strong></span> <span class='ocrx_word' id='word_1_285' title='bbox 2666 4006 2722 4061; x_wconf 91' lang='lat' dir='ltr'><strong>in</strong></span> <span class='ocrx_word' id='word_1_286' title='bbox 2758 4005 3088 4060; x_wconf 86' lang='lat' dir='ltr'><strong>servitutem</strong></span> <span class='ocrx_word' id='word_1_287' title='bbox 3128 4005 3367 4075; x_wconf 85' lang='lat' dir='ltr'><strong>redigat.</strong></span> 
     </span>
    </p>
   </div>
   <div class='ocr_carea' id='block_1_48' title="bbox 362 4095 1962 4171">
    <p class='ocr_par' dir='ltr' id='par_1_48' title="bbox 362 4095 1875 4170">
     <span class='ocr_line' id='line_1_49' title="bbox 362 4095 1875 4170; baseline 0.001 -18"><span class='ocrx_word' id='word_1_288' title='bbox 362 4107 440 4164; x_wconf 85' lang='grc' dir='ltr'>ς’.</span> <span class='ocrx_word' id='word_1_289' title='bbox 470 4097 675 4169; x_wconf 80' lang='grc' dir='ltr'>’Ύὸρις</span> <span class='ocrx_word' id='word_1_290' title='bbox 706 4096 784 4167; x_wconf 79' lang='grc' dir='ltr'>τῷ</span> <span class='ocrx_word' id='word_1_291' title='bbox 812 4095 1018 4167; x_wconf 82' lang='grc' dir='ltr'>λογικῷ</span> <span class='ocrx_word' id='word_1_292' title='bbox 1048 4096 1389 4164; x_wconf 80' lang='grc' dir='ltr'>ὑποταγῆναι</span> <span class='ocrx_word' id='word_1_293' title='bbox 1435 4099 1512 4170; x_wconf 85' lang='grc' dir='ltr'>τῷ</span> <span class='ocrx_word' id='word_1_294' title='bbox 1552 4101 1751 4170; x_wconf 81' lang='grc' dir='ltr'>ἀλόγῳ,</span> <span class='ocrx_word' id='word_1_295' title='bbox 1781 4100 1875 4153; x_wconf 76' lang='grc' dir='ltr'><strong>καὶ</strong></span> 
     </span>
    </p>
   </div>
   <div class='ocr_carea' id='block_1_49' title="bbox 1951 4095 3551 4171">
    <p class='ocr_par' dir='ltr' id='par_1_49' title="bbox 2051 4095 3551 4171">
     <span class='ocr_line' id='line_1_50' title="bbox 2051 4095 3551 4171; baseline -0.004 -14"><span class='ocrx_word' id='word_1_296' title='bbox 2051 4102 2104 4157; x_wconf 89' lang='grc'><strong>6.</strong></span> <span class='ocrx_word' id='word_1_297' title='bbox 2132 4100 2338 4171; x_wconf 86' lang='lat' dir='ltr'><strong>[njuria</strong></span> <span class='ocrx_word' id='word_1_298' title='bbox 2388 4099 2449 4154; x_wconf 83' lang='lat' dir='ltr'><strong>ﬁt</strong></span> <span class='ocrx_word' id='word_1_299' title='bbox 2480 4097 2738 4152; x_wconf 85' lang='lat' dir='ltr'><strong>rationali</strong></span> <span class='ocrx_word' id='word_1_300' title='bbox 2802 4095 3044 4151; x_wconf 89' lang='lat' dir='ltr'><strong>hominis</strong></span> <span class='ocrx_word' id='word_1_301' title='bbox 3089 4095 3256 4165; x_wconf 89' lang='lat' dir='ltr'><strong>parti,</strong></span> <span class='ocrx_word' id='word_1_302' title='bbox 3298 4097 3344 4150; x_wconf 88' lang='lat' dir='ltr'><strong>si</strong></span> <span class='ocrx_word' id='word_1_303' title='bbox 3375 4096 3551 4168; x_wconf 79' lang='lat' dir='ltr'><strong>subji—</strong></span> 
     </span>
    </p>
   </div>
   <div class='ocr_carea' id='block_1_50' title="bbox 293 4186 1893 4262">
    <p class='ocr_par' dir='ltr' id='par_1_50' title="bbox 293 4188 1762 4262">
     <span class='ocr_line' id='line_1_51' title="bbox 293 4188 1762 4262; baseline 0.002 -20"><span class='ocrx_word' id='word_1_304' title='bbox 293 4193 560 4262; x_wconf 84' lang='grc' dir='ltr'>πρόνοιαν</span> <span class='ocrx_word' id='word_1_305' title='bbox 590 4188 755 4243; x_wconf 82' lang='grc' dir='ltr'>αὐτοῦ</span> <span class='ocrx_word' id='word_1_306' title='bbox 790 4188 1061 4242; x_wconf 88' lang='grc' dir='ltr'>ποιεῖσθαι</span> <span class='ocrx_word' id='word_1_307' title='bbox 1090 4190 1171 4252; x_wconf 78' lang='grc' dir='ltr'><strong>εις</strong></span> <span class='ocrx_word' id='word_1_308' title='bbox 1195 4188 1492 4259; x_wconf 80' lang='grc' dir='ltr'>ἐπιθυμίας</span> <span class='ocrx_word' id='word_1_309' title='bbox 1512 4192 1762 4262; x_wconf 70' lang='grc' dir='ltr'>αἰσχράς.</span> 
     </span>
    </p>
   </div>
   <div class='ocr_carea' id='block_1_51' title="bbox 1949 4186 3549 4262">
    <p class='ocr_par' dir='ltr' id='par_1_51' title="bbox 1976 4186 3549 4256">
     <span class='ocr_line' id='line_1_52' title="bbox 1976 4186 3549 4256; baseline -0.003 -8"><span class='ocrx_word' id='word_1_310' title='bbox 1976 4193 2154 4248; x_wconf 91' lang='lat' dir='ltr'><strong>ciatur</strong></span> <span class='ocrx_word' id='word_1_311' title='bbox 2176 4192 2354 4246; x_wconf 62' lang='lat' dir='ltr'><strong>bruta:</strong></span> <span class='ocrx_word' id='word_1_312' title='bbox 2382 4188 2543 4245; x_wconf 88' lang='lat' dir='ltr'><strong>alteri</strong></span> <span class='ocrx_word' id='word_1_313' title='bbox 2579 4195 2637 4243; x_wconf 86' lang='lat' dir='ltr'><strong>et</strong></span> <span class='ocrx_word' id='word_1_314' title='bbox 2664 4187 2900 4242; x_wconf 88' lang='lat' dir='ltr'><strong>rationis</strong></span> <span class='ocrx_word' id='word_1_315' title='bbox 2922 4186 3160 4256; x_wconf 85' lang='lat' dir='ltr'><strong>experti,</strong></span> <span class='ocrx_word' id='word_1_316' title='bbox 3192 4186 3549 4256; x_wconf 89' lang='lat' dir='ltr'><strong>prudentiam</strong></span> 
     </span>
    </p>
   </div>
   <div class='ocr_carea' id='block_1_52' title="bbox 1978 4277 3478 4349">
    <p class='ocr_par' dir='ltr' id='par_1_52' title="bbox 1978 4277 3478 4349">
     <span class='ocr_line' id='line_1_53' title="bbox 1978 4277 3478 4349; baseline -0.007 -8"><span class='ocrx_word' id='word_1_317' title='bbox 1978 4301 2132 4341; x_wconf 90' lang='lat' dir='ltr'><strong>suam</strong></span> <span class='ocrx_word' id='word_1_318' title='bbox 2156 4281 2486 4339; x_wconf 90' lang='lat' dir='ltr'><strong>insumendo</strong></span> <span class='ocrx_word' id='word_1_319' title='bbox 2521 4279 2591 4335; x_wconf 89' lang='lat' dir='ltr'><strong>ad</strong></span> <span class='ocrx_word' id='word_1_320' title='bbox 2619 4278 2893 4349; x_wconf 86' lang='lat' dir='ltr'><strong>explenda</strong></span> <span class='ocrx_word' id='word_1_321' title='bbox 2932 4278 3118 4348; x_wconf 91' lang='lat' dir='ltr'><strong>turpia</strong></span> <span class='ocrx_word' id='word_1_322' title='bbox 3147 4277 3422 4333; x_wconf 87' lang='lat' dir='ltr'><strong>desideria</strong></span> <span class='ocrx_word' id='word_1_323' title='bbox 3472 4317 3478 4322; x_wconf 88' lang='grc'><strong><em>-</em></strong></span> 
     </span>
    </p>
   </div>
   <div class='ocr_carea' id='block_1_53' title="bbox 362 4346 1962 4447">
    <p class='ocr_par' dir='ltr' id='par_1_53' title="bbox 362 4346 1946 4447">
     <span class='ocr_line' id='line_1_54' title="bbox 362 4346 1946 4447; baseline -0.005 -16"><span class='ocrx_word' id='word_1_324' title='bbox 362 4375 430 4440; x_wconf 78' lang='grc' dir='ltr'><strong>ζ’.</strong></span> <span class='ocrx_word' id='word_1_325' title='bbox 467 4376 711 4447; x_wconf 76' lang='grc' dir='ltr'>Πονηρὸν</span> <span class='ocrx_word' id='word_1_326' title='bbox 737 4375 899 4446; x_wconf 74' lang='grc' dir='ltr'>ἔργον</span> <span class='ocrx_word' id='word_1_327' title='bbox 935 4376 1117 4446; x_wconf 84' lang='grc' dir='ltr'>ψυχῆς</span> <span class='ocrx_word' id='word_1_328' title='bbox 1148 4373 1396 4444; x_wconf 82' lang='grc' dir='ltr'><strong>λογικῆς,</strong></span> <span class='ocrx_word' id='word_1_329' title='bbox 1429 4371 1868 4443; x_wconf 80' lang='grc' dir='ltr'>καταλιμπάνειν</span> <span class='ocrx_word' id='word_1_330' title='bbox 1898 4346 1946 4408; x_wconf 72' lang='lat' dir='ltr'><strong>c</strong></span> 
     </span>
    </p>
   </div>
   <div class='ocr_carea' id='block_1_54' title="bbox 1944 4346 3544 4447">
    <p class='ocr_par' dir='ltr' id='par_1_54' title="bbox 1944 4369 3544 4440">
     <span class='ocr_line' id='line_1_55' title="bbox 1944 4369 3544 4440; baseline -0.003 -10"><span class='ocrx_word' id='word_1_331' title='bbox 1944 4395 1946 4404; x_wconf 57' lang='grc' dir='ltr'>υ</span> <span class='ocrx_word' id='word_1_332' title='bbox 2045 4376 2099 4429; x_wconf 85' lang='lat'><strong>7.</strong></span> <span class='ocrx_word' id='word_1_333' title='bbox 2138 4375 2338 4429; x_wconf 82' lang='lat' dir='ltr'><strong>Malum</strong></span> <span class='ocrx_word' id='word_1_334' title='bbox 2365 4371 2651 4428; x_wconf 87' lang='lat' dir='ltr'><strong>rationalis</strong></span> <span class='ocrx_word' id='word_1_335' title='bbox 2676 4371 2873 4425; x_wconf 71' lang='lat' dir='ltr'><strong>animae</strong></span> <span class='ocrx_word' id='word_1_336' title='bbox 2910 4384 3077 4438; x_wconf 89' lang='lat' dir='ltr'><strong>opus,</strong></span> <span class='ocrx_word' id='word_1_337' title='bbox 3111 4379 3198 4424; x_wconf 84' lang='lat' dir='ltr'><strong>est</strong></span> <span class='ocrx_word' id='word_1_338' title='bbox 3249 4369 3544 4440; x_wconf 87' lang='lat' dir='ltr'><strong>reliquisse</strong></span> 
     </span>
    </p>
   </div>
   <div class='ocr_carea' id='block_1_55' title="bbox 289 4459 1889 4536">
    <p class='ocr_par' dir='ltr' id='par_1_55' title="bbox 289 4463 1514 4536">
     <span class='ocr_line' id='line_1_56' title="bbox 289 4463 1514 4536; baseline -0.001 -15"><span class='ocrx_word' id='word_1_339' title='bbox 289 4467 381 4521; x_wconf 80' lang='grc' dir='ltr'><strong>τὸν</strong></span> <span class='ocrx_word' id='word_1_340' title='bbox 398 4467 704 4530; x_wconf 84' lang='grc' dir='ltr'>Κτίσαντα,</span> <span class='ocrx_word' id='word_1_341' title='bbox 737 4469 832 4521; x_wconf 74' lang='grc' dir='ltr'><strong>καὶ</strong></span> <span class='ocrx_word' id='word_1_342' title='bbox 859 4465 1150 4536; x_wconf 85' lang='grc' dir='ltr'>λατρεύειν</span> <span class='ocrx_word' id='word_1_343' title='bbox 1176 4466 1254 4536; x_wconf 80' lang='grc' dir='ltr'><strong>τῷ</strong></span> <span class='ocrx_word' id='word_1_344' title='bbox 1280 4463 1514 4535; x_wconf 83' lang='grc' dir='ltr'>σώματι.</span> 
     </span>
    </p>
   </div>
   <div class='ocr_carea' id='block_1_56' title="bbox 1341 4459 2941 4536">
    <p class='ocr_par' dir='ltr' id='par_1_56' title="bbox 1341 4459 2941 4535">
     <span class='ocr_line' id='line_1_57' title="bbox 1341 4459 2941 4535; baseline -0.015 1"><span class='ocrx_word' id='word_1_345' title='bbox 1341 4483 1514 4535; x_wconf 80' lang='grc' dir='ltr'>³ματι.</span> <span class='ocrx_word' id='word_1_346' title='bbox 1971 4466 2349 4529; x_wconf 87' lang='lat' dir='ltr'><strong>Conditorem,</strong></span> <span class='ocrx_word' id='word_1_347' title='bbox 2372 4473 2430 4518; x_wconf 89' lang='lat' dir='ltr'><strong>et</strong></span> <span class='ocrx_word' id='word_1_348' title='bbox 2457 4462 2669 4517; x_wconf 84' lang='lat' dir='ltr'><strong>servire</strong></span> <span class='ocrx_word' id='word_1_349' title='bbox 2703 4459 2941 4529; x_wconf 87' lang='lat' dir='ltr'><strong>corpori.</strong></span> 
     </span>
    </p>
   </div>
   <div class='ocr_carea' id='block_1_57' title="bbox 361 4547 1961 4628">
    <p class='ocr_par' dir='ltr' id='par_1_57' title="bbox 361 4554 1868 4628">
     <span class='ocr_line' id='line_1_58' title="bbox 361 4554 1868 4628; baseline -0.003 -17"><span class='ocrx_word' id='word_1_350' title='bbox 361 4565 434 4626; x_wconf 82' lang='grc' dir='ltr'>η’.</span> <span class='ocrx_word' id='word_1_351' title='bbox 481 4557 845 4628; x_wconf 83' lang='grc' dir='ltr'>Ἐκελεύσθης</span> <span class='ocrx_word' id='word_1_352' title='bbox 870 4557 933 4610; x_wconf 81' lang='grc' dir='ltr'>τὸ</span> <span class='ocrx_word' id='word_1_353' title='bbox 955 4556 1114 4626; x_wconf 88' lang='grc' dir='ltr'>σῶμα</span> <span class='ocrx_word' id='word_1_354' title='bbox 1146 4556 1427 4627; x_wconf 83' lang='grc' dir='ltr'><strong>ὑπηρέτην</strong></span> <span class='ocrx_word' id='word_1_355' title='bbox 1460 4555 1627 4625; x_wconf 76' lang='grc' dir='ltr'>ἔχειν,</span> <span class='ocrx_word' id='word_1_356' title='bbox 1662 4555 1723 4608; x_wconf 87' lang='grc' dir='ltr'><strong>οὑ</strong></span> <span class='ocrx_word' id='word_1_357' title='bbox 1762 4554 1868 4625; x_wconf 87' lang='grc' dir='ltr'><strong>μὴν</strong></span> 
     </span>
    </p>
   </div>
   <div class='ocr_carea' id='block_1_58' title="bbox 1943 4547 3543 4628">
    <p class='ocr_par' dir='ltr' id='par_1_58' title="bbox 2042 4547 3543 4621">
     <span class='ocr_line' id='line_1_59' title="bbox 2042 4547 3543 4621; baseline -0.006 -8"><span class='ocrx_word' id='word_1_358' title='bbox 2042 4559 2094 4613; x_wconf 89' lang='grc'><strong>8.</strong></span> <span class='ocrx_word' id='word_1_359' title='bbox 2128 4558 2322 4613; x_wconf 85' lang='lat' dir='ltr'><strong>Jussus</strong></span> <span class='ocrx_word' id='word_1_360' title='bbox 2348 4569 2409 4610; x_wconf 86' lang='lat' dir='ltr'><strong>es</strong></span> <span class='ocrx_word' id='word_1_361' title='bbox 2442 4566 2643 4621; x_wconf 91' lang='lat' dir='ltr'><strong>corpus</strong></span> <span class='ocrx_word' id='word_1_362' title='bbox 2674 4549 2911 4605; x_wconf 89' lang='lat' dir='ltr'><strong>ministri</strong></span> <span class='ocrx_word' id='word_1_363' title='bbox 2940 4547 3064 4603; x_wconf 89' lang='lat' dir='ltr'><strong>loco</strong></span> <span class='ocrx_word' id='word_1_364' title='bbox 3095 4547 3324 4614; x_wconf 80' lang='lat' dir='ltr'><strong>habere,</strong></span> <span class='ocrx_word' id='word_1_365' title='bbox 3353 4557 3410 4605; x_wconf 91' lang='lat' dir='ltr'><strong>et</strong></span> <span class='ocrx_word' id='word_1_366' title='bbox 3432 4566 3543 4605; x_wconf 91' lang='lat' dir='ltr'><strong>non</strong></span> 
     </span>
    </p>
   </div>
   <div class='ocr_carea' id='block_1_59' title="bbox 291 4639 1891 4720">
    <p class='ocr_par' dir='ltr' id='par_1_59' title="bbox 291 4644 1631 4718">
     <span class='ocr_line' id='line_1_60' title="bbox 291 4644 1631 4718; baseline 0.002 -21"><span class='ocrx_word' id='word_1_367' title='bbox 291 4644 348 4702; x_wconf 81' lang='grc' dir='ltr'>δὲ</span> <span class='ocrx_word' id='word_1_368' title='bbox 379 4649 502 4711; x_wconf 85' lang='grc' dir='ltr'>ταῖς</span> <span class='ocrx_word' id='word_1_369' title='bbox 532 4645 750 4716; x_wconf 79' lang='grc' dir='ltr'>ἡδοναῖς</span> <span class='ocrx_word' id='word_1_370' title='bbox 766 4645 936 4700; x_wconf 80' lang='grc' dir='ltr'>αὑτοῦ</span> <span class='ocrx_word' id='word_1_371' title='bbox 965 4645 1121 4718; x_wconf 82' lang='grc' dir='ltr'>παρὰ</span> <span class='ocrx_word' id='word_1_372' title='bbox 1142 4645 1304 4717; x_wconf 84' lang='grc' dir='ltr'>φύσιν</span> <span class='ocrx_word' id='word_1_373' title='bbox 1337 4644 1631 4700; x_wconf 82' lang='grc' dir='ltr'>δουλεύειν.</span> 
     </span>
    </p>
   </div>
   <div class='ocr_carea' id='block_1_60' title="bbox 1943 4639 3543 4720">
    <p class='ocr_par' dir='ltr' id='par_1_60' title="bbox 1969 4639 3543 4720">
     <span class='ocr_line' id='line_1_61' title="bbox 1969 4639 3543 4720; baseline -0.006 -15"><span class='ocrx_word' id='word_1_374' title='bbox 1969 4659 2033 4706; x_wconf 89' lang='lat' dir='ltr'><strong>ut</strong></span> <span class='ocrx_word' id='word_1_375' title='bbox 2056 4649 2204 4705; x_wconf 90' lang='lat' dir='ltr'><strong>illius</strong></span> <span class='ocrx_word' id='word_1_376' title='bbox 2234 4647 2420 4720; x_wconf 85' lang='lat' dir='ltr'><strong>(supra</strong></span> <span class='ocrx_word' id='word_1_377' title='bbox 2443 4658 2608 4714; x_wconf 90' lang='lat' dir='ltr'><strong>quam</strong></span> <span class='ocrx_word' id='word_1_378' title='bbox 2639 4641 2809 4712; x_wconf 80' lang='lat' dir='ltr'><strong>exigit</strong></span> <span class='ocrx_word' id='word_1_379' title='bbox 2849 4639 3070 4710; x_wconf 90' lang='lat' dir='ltr'><strong>natura)</strong></span> <span class='ocrx_word' id='word_1_380' title='bbox 3130 4640 3342 4695; x_wconf 87' lang='lat' dir='ltr'><strong>servias</strong></span> <span class='ocrx_word' id='word_1_381' title='bbox 3384 4641 3543 4711; x_wconf 91' lang='lat' dir='ltr'><strong>cupi-</strong></span> 
     </span>
    </p>
   </div>
   <div class='ocr_carea' id='block_1_61' title="bbox 362 4745 1962 4901">
    <p class='ocr_par' dir='ltr' id='par_1_61' title="bbox 362 4817 1864 4894">
     <span class='ocr_line' id='line_1_62' title="bbox 362 4817 1864 4894; baseline 0.005 -22"><span class='ocrx_word' id='word_1_382' title='bbox 362 4817 429 4873; x_wconf 87' lang='grc' dir='ltr'>θ’.</span> <span class='ocrx_word' id='word_1_383' title='bbox 473 4818 666 4891; x_wconf 81' lang='grc' dir='ltr'>Ῥῆξον</span> <span class='ocrx_word' id='word_1_384' title='bbox 710 4819 779 4873; x_wconf 79' lang='grc' dir='ltr'><strong>τὰ</strong></span> <span class='ocrx_word' id='word_1_385' title='bbox 829 4819 1007 4892; x_wconf 84' lang='grc' dir='ltr'>δεσμὰ</span> <span class='ocrx_word' id='word_1_386' title='bbox 1044 4822 1144 4893; x_wconf 87' lang='grc' dir='ltr'><strong>τῆς</strong></span> <span class='ocrx_word' id='word_1_387' title='bbox 1188 4822 1325 4893; x_wconf 74' lang='grc' dir='ltr'>πρὸς</span> <span class='ocrx_word' id='word_1_388' title='bbox 1352 4824 1412 4877; x_wconf 83' lang='grc' dir='ltr'>τὸ</span> <span class='ocrx_word' id='word_1_389' title='bbox 1448 4822 1609 4894; x_wconf 85' lang='grc' dir='ltr'>σῶμα</span> <span class='ocrx_word' id='word_1_390' title='bbox 1645 4823 1864 4893; x_wconf 83' lang='grc' dir='ltr'>φιλίας,</span> 
     </span>
    </p>
   </div>
   <div class='ocr_carea' id='block_1_62' title="bbox 1941 4745 3541 4901">
    <p class='ocr_par' dir='ltr' id='par_1_62' title="bbox 1970 4745 3541 4901">
     <span class='ocr_line' id='line_1_63' title="bbox 1970 4745 2262 4803; baseline -0.021 0"><span class='ocrx_word' id='word_1_391' title='bbox 1970 4745 2262 4803; x_wconf 88' lang='lat' dir='ltr'><strong>ditatibus.</strong></span> 
     </span>
     <span class='ocr_line' id='line_1_64' title="bbox 2037 4827 3541 4901; baseline -0.004 -11"><span class='ocrx_word' id='word_1_392' title='bbox 2037 4837 2090 4891; x_wconf 91' lang='lat'><strong>9.</strong></span> <span class='ocrx_word' id='word_1_393' title='bbox 2113 4831 2383 4889; x_wconf 69' lang='lat' dir='ltr'><strong>Amicitia:</strong></span> <span class='ocrx_word' id='word_1_394' title='bbox 2408 4845 2539 4901; x_wconf 85' lang='lat' dir='ltr'><strong>erga</strong></span> <span class='ocrx_word' id='word_1_395' title='bbox 2575 4842 2780 4898; x_wconf 90' lang='lat' dir='ltr'><strong>corpus</strong></span> <span class='ocrx_word' id='word_1_396' title='bbox 2803 4827 3025 4882; x_wconf 89' lang='lat' dir='ltr'><strong>vincula</strong></span> <span class='ocrx_word' id='word_1_397' title='bbox 3083 4836 3433 4896; x_wconf 90' lang='lat' dir='ltr'><strong>rumpantur,</strong></span> <span class='ocrx_word' id='word_1_398' title='bbox 3485 4837 3541 4884; x_wconf 89' lang='lat' dir='ltr'><strong>et</strong></span> 
     </span>
    </p>
   </div>
   <div class='ocr_carea' id='block_1_63' title="bbox 294 4914 1894 4993">
    <p class='ocr_par' dir='ltr' id='par_1_63' title="bbox 294 4914 1868 4988">
     <span class='ocr_line' id='line_1_65' title="bbox 294 4914 1868 4988; baseline 0.003 -22"><span class='ocrx_word' id='word_1_399' title='bbox 294 4914 389 4966; x_wconf 71' lang='lat' dir='ltr'><strong>xu“.</strong></span> <span class='ocrx_word' id='word_1_400' title='bbox 455 4914 622 4985; x_wconf 80' lang='grc' dir='ltr'>μηδὲν</span> <span class='ocrx_word' id='word_1_401' title='bbox 680 4914 971 4985; x_wconf 80' lang='grc' dir='ltr'><strong>παράσχῃς</strong></span> <span class='ocrx_word' id='word_1_402' title='bbox 1021 4915 1103 4987; x_wconf 82' lang='grc' dir='ltr'>τῷ</span> <span class='ocrx_word' id='word_1_403' title='bbox 1153 4914 1345 4987; x_wconf 82' lang='grc' dir='ltr'>δούλῳ,</span> <span class='ocrx_word' id='word_1_404' title='bbox 1390 4917 1419 4970; x_wconf 84' lang='grc' dir='ltr'>ὅ</span> <span class='ocrx_word' id='word_1_405' title='bbox 1473 4934 1525 4970; x_wconf 87' lang='grc' dir='ltr'><strong>τι</strong></span> <span class='ocrx_word' id='word_1_406' title='bbox 1586 4916 1663 4988; x_wconf 82' lang='grc' dir='ltr'>μὴ</span> <span class='ocrx_word' id='word_1_407' title='bbox 1718 4918 1868 4971; x_wconf 79' lang='grc' dir='ltr'>πᾶσα</span> 
     </span>
    </p>
   </div>
   <div class='ocr_carea' id='block_1_64' title="bbox 1941 4914 3541 4993">
    <p class='ocr_par' dir='ltr' id='par_1_64' title="bbox 1967 4916 3541 4993">
     <span class='ocr_line' id='line_1_66' title="bbox 1967 4916 3541 4993; baseline -0.007 -12"><span class='ocrx_word' id='word_1_408' title='bbox 1967 4942 2081 4982; x_wconf 89' lang='lat' dir='ltr'><strong>non</strong></span> <span class='ocrx_word' id='word_1_409' title='bbox 2123 4922 2407 4993; x_wconf 84' lang='lat' dir='ltr'><strong>indulgeas</strong></span> <span class='ocrx_word' id='word_1_410' title='bbox 2428 4933 2610 4985; x_wconf 80' lang='lat' dir='ltr'><strong>servo,</strong></span> <span class='ocrx_word' id='word_1_411' title='bbox 2663 4916 2773 4971; x_wconf 90' lang='lat' dir='ltr'><strong>nisi</strong></span> <span class='ocrx_word' id='word_1_412' title='bbox 2807 4916 2956 4987; x_wconf 88' lang='lat' dir='ltr'><strong>quod</strong></span> <span class='ocrx_word' id='word_1_413' title='bbox 3000 4916 3180 4971; x_wconf 88' lang='lat' dir='ltr'><strong>omnis</strong></span> <span class='ocrx_word' id='word_1_414' title='bbox 3236 4918 3541 4972; x_wconf 87' lang='lat' dir='ltr'><strong>necessitas</strong></span> 
     </span>
    </p>
   </div>
   <div class='ocr_carea' id='block_1_65' title="bbox 294 5004 1894 5088">
    <p class='ocr_par' dir='ltr' id='par_1_65' title="bbox 294 5004 527 5073">
     <span class='ocr_line' id='line_1_67' title="bbox 294 5004 527 5073; baseline 0.004 -16"><span class='ocrx_word' id='word_1_415' title='bbox 294 5004 527 5073; x_wconf 85' lang='grc' dir='ltr'><strong>ἀνάγκη.</strong></span> 
     </span>
    </p>
   </div>
   <div class='ocr_carea' id='block_1_66' title="bbox 620 5004 2220 5088">
    <p class='ocr_par' dir='ltr' id='par_1_66' title="bbox 1968 5017 2220 5088">
     <span class='ocr_line' id='line_1_68' title="bbox 1968 5017 2220 5088; baseline -0.016 -15"><span class='ocrx_word' id='word_1_416' title='bbox 1968 5017 2220 5088; x_wconf 82' lang='lat' dir='ltr'><strong>requirit.</strong></span> 
     </span>
    </p>
   </div>
   <div class='ocr_carea' id='block_1_67' title="bbox 364 5084 1964 5169">
    <p class='ocr_par' dir='ltr' id='par_1_67' title="bbox 364 5094 1863 5167">
     <span class='ocr_line' id='line_1_69' title="bbox 364 5094 1863 5167; baseline 0.003 -21"><span class='ocrx_word' id='word_1_417' title='bbox 364 5099 417 5147; x_wconf 85' lang='lat' dir='ltr'><strong>t&#39;.</strong></span> <span class='ocrx_word' id='word_1_418' title='bbox 450 5094 770 5164; x_wconf 81' lang='grc' dir='ltr'>Ἕγκλεισον</span> <span class='ocrx_word' id='word_1_419' title='bbox 817 5094 917 5158; x_wconf 86' lang='grc' dir='ltr'>τὰς</span> <span class='ocrx_word' id='word_1_420' title='bbox 963 5094 1225 5165; x_wconf 84' lang='grc' dir='ltr'>ἀσθὴσεις</span> <span class='ocrx_word' id='word_1_421' title='bbox 1256 5097 1314 5149; x_wconf 86' lang='grc' dir='ltr'><strong>ἐν</strong></span> <span class='ocrx_word' id='word_1_422' title='bbox 1372 5094 1453 5163; x_wconf 80' lang='grc' dir='ltr'>τῷ</span> <span class='ocrx_word' id='word_1_423' title='bbox 1487 5096 1734 5167; x_wconf 80' lang='grc' dir='ltr'>φρουρίῳ</span> <span class='ocrx_word' id='word_1_424' title='bbox 1762 5097 1863 5167; x_wconf 88' lang='grc' dir='ltr'><strong>τῆς</strong></span> 
     </span>
    </p>
   </div>
   <div class='ocr_carea' id='block_1_68' title="bbox 1935 5084 3535 5169">
    <p class='ocr_par' dir='ltr' id='par_1_68' title="bbox 2036 5084 3535 5169">
     <span class='ocr_line' id='line_1_70' title="bbox 2036 5084 3535 5169; baseline -0.003 -13"><span class='ocrx_word' id='word_1_425' title='bbox 2036 5084 2368 5169; x_wconf 66' lang='grc' dir='ltr'>ἱο.ῐῖιο1υᾱθ</span> <span class='ocrx_word' id='word_1_426' title='bbox 2401 5113 2603 5153; x_wconf 88' lang='lat' dir='ltr'><strong>sensus</strong></span> <span class='ocrx_word' id='word_1_427' title='bbox 2631 5098 2774 5152; x_wconf 90' lang='lat' dir='ltr'><strong>intra</strong></span> <span class='ocrx_word' id='word_1_428' title='bbox 2794 5095 3020 5166; x_wconf 85' lang='lat' dir='ltr'><strong>‘quietis</strong></span> <span class='ocrx_word' id='word_1_429' title='bbox 3049 5097 3436 5161; x_wconf 87' lang='lat' dir='ltr'><strong>munitionem,</strong></span> <span class='ocrx_word' id='word_1_430' title='bbox 3465 5110 3535 5151; x_wconf 89' lang='lat' dir='ltr'><strong>ne</strong></span> 
     </span>
    </p>
   </div>
   <div class='ocr_carea' id='block_1_69' title="bbox 296 5176 1896 5338">
    <p class='ocr_par' dir='ltr' id='par_1_69' title="bbox 296 5176 1864 5338">
     <span class='ocr_line' id='line_1_71' title="bbox 296 5176 1864 5253; baseline 0.006 -24"><span class='ocrx_word' id='word_1_431' title='bbox 296 5176 541 5247; x_wconf 77' lang='grc' dir='ltr'><strong>ἡσυχίας,</strong></span> <span class='ocrx_word' id='word_1_432' title='bbox 572 5180 661 5233; x_wconf 79' lang='grc' dir='ltr'>ἵνα</span> <span class='ocrx_word' id='word_1_433' title='bbox 706 5179 783 5252; x_wconf 78' lang='grc' dir='ltr'>μὴ</span> <span class='ocrx_word' id='word_1_434' title='bbox 812 5180 904 5235; x_wconf 81' lang='grc' dir='ltr'>τὸν</span> <span class='ocrx_word' id='word_1_435' title='bbox 948 5181 1074 5236; x_wconf 79' lang='grc' dir='ltr'>νοῦν</span> <span class='ocrx_word' id='word_1_436' title='bbox 1107 5182 1456 5253; x_wconf 83' lang='grc' dir='ltr'>περισπῶσιν</span> <span class='ocrx_word' id='word_1_437' title='bbox 1488 5185 1568 5248; x_wconf 73' lang='grc' dir='ltr'>εὶς</span> <span class='ocrx_word' id='word_1_438' title='bbox 1600 5187 1696 5250; x_wconf 79' lang='grc' dir='ltr'>τὰς</span> <span class='ocrx_word' id='word_1_439' title='bbox 1728 5186 1864 5249; x_wconf 76' lang='grc' dir='ltr'>ἰδίας</span> 
     </span>
     <span class='ocr_line' id='line_1_72' title="bbox 297 5266 605 5338; baseline 0.019 -21"><span class='ocrx_word' id='word_1_440' title='bbox 297 5266 605 5338; x_wconf 86' lang='grc' dir='ltr'>ἐπιθυμίας.</span> 
     </span>
    </p>
   </div>
   <div class='ocr_carea' id='block_1_70' title="bbox 1491 5176 3091 5338">
    <p class='ocr_par' dir='ltr' id='par_1_70' title="bbox 1491 5185 3091 5250">
     <span class='ocr_line' id='line_1_73' title="bbox 1491 5185 3091 5250; baseline -0.006 -2"><span class='ocrx_word' id='word_1_441' title='bbox 1491 5185 1568 5248; x_wconf 71' lang='grc' dir='ltr'><strong>εὶς</strong></span> <span class='ocrx_word' id='word_1_442' title='bbox 1600 5187 1696 5250; x_wconf 78' lang='grc' dir='ltr'><strong>τὰς</strong></span> <span class='ocrx_word' id='word_1_443' title='bbox 1728 5186 1864 5249; x_wconf 70' lang='grc' dir='ltr'>ἰδίας</span> <span class='ocrx_word' id='word_1_444' title='bbox 1965 5195 2022 5248; x_wconf 88' lang='lat' dir='ltr'><strong>in</strong></span> <span class='ocrx_word' id='word_1_445' title='bbox 2056 5209 2154 5249; x_wconf 88' lang='lat' dir='ltr'><strong>sua</strong></span> <span class='ocrx_word' id='word_1_446' title='bbox 2182 5189 2461 5248; x_wconf 89' lang='lat' dir='ltr'><strong>desideria</strong></span> <span class='ocrx_word' id='word_1_447' title='bbox 2487 5196 2730 5244; x_wconf 85' lang='lat' dir='ltr'><strong>mentem</strong></span> <span class='ocrx_word' id='word_1_448' title='bbox 2760 5186 3091 5242; x_wconf 86' lang='lat' dir='ltr'><strong>distrahant.</strong></span> 
     </span>
    </p>
   </div>
   <div class='ocr_carea' id='block_1_71' title="bbox 369 5357 1969 5439">
    <p class='ocr_par' dir='ltr' id='par_1_71' title="bbox 369 5357 1863 5435">
     <span class='ocr_line' id='line_1_74' title="bbox 369 5357 1863 5435; baseline 0.006 -26"><span class='ocrx_word' id='word_1_449' title='bbox 369 5357 451 5412; x_wconf 83' lang='grc' dir='ltr'>ια’.</span> <span class='ocrx_word' id='word_1_450' title='bbox 483 5361 730 5429; x_wconf 62' lang='grc' dir='ltr'>Μέγισέα</span> <span class='ocrx_word' id='word_1_451' title='bbox 759 5361 901 5415; x_wconf 81' lang='grc' dir='ltr'>ὅπλα</span> <span class='ocrx_word' id='word_1_452' title='bbox 951 5361 1045 5417; x_wconf 76' lang='grc' dir='ltr'><strong>τοῦ</strong></span> <span class='ocrx_word' id='word_1_453' title='bbox 1088 5363 1206 5434; x_wconf 82' lang='grc' dir='ltr'>μεθ’</span> <span class='ocrx_word' id='word_1_454' title='bbox 1233 5364 1513 5435; x_wconf 81' lang='grc' dir='ltr'>ὑπομονῆς</span> <span class='ocrx_word' id='word_1_455' title='bbox 1563 5365 1863 5435; x_wconf 73' lang='grc' dir='ltr'>ἡσυχάζονο</span> 
     </span>
    </p>
   </div>
   <div class='ocr_carea' id='block_1_72' title="bbox 1926 5357 3526 5439">
    <p class='ocr_par' dir='ltr' id='par_1_72' title="bbox 2034 5366 3526 5439">
     <span class='ocr_line' id='line_1_75' title="bbox 2034 5366 3526 5439; baseline 0.001 -18"><span class='ocrx_word' id='word_1_456' title='bbox 2034 5369 2122 5422; x_wconf 81' lang='grc' dir='ltr'>Η.</span> <span class='ocrx_word' id='word_1_457' title='bbox 2148 5367 2219 5423; x_wconf 93' lang='lat' dir='ltr'><strong>Ut</strong></span> <span class='ocrx_word' id='word_1_458' title='bbox 2248 5366 2346 5422; x_wconf 87' lang='lat' dir='ltr'><strong>tibi</strong></span> <span class='ocrx_word' id='word_1_459' title='bbox 2363 5366 2522 5436; x_wconf 91' lang='lat' dir='ltr'><strong>quies</strong></span> <span class='ocrx_word' id='word_1_460' title='bbox 2536 5375 2592 5423; x_wconf 89' lang='lat' dir='ltr'><strong>et</strong></span> <span class='ocrx_word' id='word_1_461' title='bbox 2610 5368 2868 5437; x_wconf 91' lang='lat' dir='ltr'><strong>patientia</strong></span> <span class='ocrx_word' id='word_1_462' title='bbox 2901 5369 3244 5439; x_wconf 82' lang='lat' dir='ltr'><strong>contingant,</strong></span> <span class='ocrx_word' id='word_1_463' title='bbox 3267 5371 3323 5424; x_wconf 91' lang='lat' dir='ltr'><strong>in</strong></span> <span class='ocrx_word' id='word_1_464' title='bbox 3341 5384 3526 5437; x_wconf 77' lang='lat' dir='ltr'><strong>prom—</strong></span> 
     </span>
    </p>
   </div>
   <div class='ocr_carea' id='block_1_73' title="bbox 298 5451 1898 5531">
    <p class='ocr_par' dir='ltr' id='par_1_73' title="bbox 298 5451 1862 5528">
     <span class='ocr_line' id='line_1_76' title="bbox 298 5451 1862 5528; baseline 0.007 -29"><span class='ocrx_word' id='word_1_465' title='bbox 298 5463 403 5509; x_wconf 79' lang='grc' dir='ltr'>τος,</span> <span class='ocrx_word' id='word_1_466' title='bbox 435 5451 728 5522; x_wconf 82' lang='grc' dir='ltr'>ἐγκράτεια</span> <span class='ocrx_word' id='word_1_467' title='bbox 773 5454 867 5507; x_wconf 68' lang='grc' dir='ltr'><strong>καὶ</strong></span> <span class='ocrx_word' id='word_1_468' title='bbox 905 5454 1097 5524; x_wconf 76' lang='grc' dir='ltr'>ἀγάπη</span> <span class='ocrx_word' id='word_1_469' title='bbox 1152 5455 1244 5508; x_wconf 70' lang='grc' dir='ltr'><strong>καὶ</strong></span> <span class='ocrx_word' id='word_1_470' title='bbox 1297 5456 1574 5528; x_wconf 80' lang='grc' dir='ltr'>προσευχὴ</span> <span class='ocrx_word' id='word_1_471' title='bbox 1602 5459 1697 5510; x_wconf 71' lang='grc' dir='ltr'><strong>καὶ</strong></span> <span class='ocrx_word' id='word_1_472' title='bbox 1735 5459 1862 5511; x_wconf 81' lang='grc' dir='ltr'><strong>ἀνὰ-</strong></span> 
     </span>
    </p>
   </div>
   <div class='ocr_carea' id='block_1_74' title="bbox 1935 5451 3535 5531">
    <p class='ocr_par' dir='ltr' id='par_1_74' title="bbox 1962 5458 3535 5531">
     <span class='ocr_line' id='line_1_77' title="bbox 1962 5458 3535 5531; baseline 0.003 -20"><span class='ocrx_word' id='word_1_473' title='bbox 1962 5467 2060 5527; x_wconf 90' lang='lat' dir='ltr'><strong>ptu</strong></span> <span class='ocrx_word' id='word_1_474' title='bbox 2098 5458 2200 5512; x_wconf 89' lang='lat' dir='ltr'><strong>tibi</strong></span> <span class='ocrx_word' id='word_1_475' title='bbox 2230 5458 2340 5513; x_wconf 90' lang='lat' dir='ltr'><strong>sint</strong></span> <span class='ocrx_word' id='word_1_476' title='bbox 2385 5458 2783 5526; x_wconf 62' lang='lat' dir='ltr'><strong>temperantia},</strong></span> <span class='ocrx_word' id='word_1_477' title='bbox 2830 5460 3141 5526; x_wconf 88' lang='lat' dir='ltr'><strong>charitatis,</strong></span> <span class='ocrx_word' id='word_1_478' title='bbox 3200 5466 3428 5531; x_wconf 83' lang='lat' dir='ltr'><strong>precum</strong></span> <span class='ocrx_word' id='word_1_479' title='bbox 3478 5466 3535 5515; x_wconf 86' lang='lat' dir='ltr'><strong>et</strong></span> 
     </span>
    </p>
   </div>
   <div class='ocr_carea' id='block_1_75' title="bbox 300 5549 3091 5614">
    <p class='ocr_par' dir='ltr' id='par_1_75' title="bbox 300 5549 3091 5614">
     <span class='ocr_line' id='line_1_78' title="bbox 300 5549 3091 5614; baseline 0.005 -24"><span class='ocrx_word' id='word_1_480' title='bbox 300 5552 505 5604; x_wconf 81' lang='grc' dir='ltr'>γνωσις.</span> <span class='ocrx_word' id='word_1_481' title='bbox 1960 5549 2217 5604; x_wconf 86' lang='lat' dir='ltr'><strong>lectionis</strong></span> <span class='ocrx_word' id='word_1_482' title='bbox 2246 5564 2417 5614; x_wconf 87' lang='lat' dir='ltr'><strong>arma,</strong></span> <span class='ocrx_word' id='word_1_483' title='bbox 2451 5564 2583 5603; x_wconf 89' lang='lat' dir='ltr'><strong>sane</strong></span> <span class='ocrx_word' id='word_1_484' title='bbox 2605 5550 2778 5604; x_wconf 90' lang='lat' dir='ltr'><strong>multo</strong></span> <span class='ocrx_word' id='word_1_485' title='bbox 2807 5551 3091 5606; x_wconf 80' lang='lat' dir='ltr'><strong>ﬁdissima.</strong></span> 
     </span>
    </p>
   </div>
   <div class='ocr_carea' id='block_1_76' title="bbox 366 5627 1966 5710">
    <p class='ocr_par' dir='ltr' id='par_1_76' title="bbox 366 5627 1926 5710">
     <span class='ocr_line' id='line_1_79' title="bbox 366 5627 1926 5710; baseline 0.007 -29"><span class='ocrx_word' id='word_1_486' title='bbox 366 5627 551 5695; x_wconf 78' lang='grc' dir='ltr'>ιβ’.οὑ</span> <span class='ocrx_word' id='word_1_487' title='bbox 613 5634 845 5688; x_wconf 83' lang='grc' dir='ltr'>παύεται</span> <span class='ocrx_word' id='word_1_488' title='bbox 897 5636 924 5687; x_wconf 85' lang='grc' dir='ltr'>ὁ</span> <span class='ocrx_word' id='word_1_489' title='bbox 982 5636 1106 5698; x_wconf 76' lang='grc' dir='ltr'>νοῦς</span> <span class='ocrx_word' id='word_1_490' title='bbox 1164 5636 1293 5707; x_wconf 71' lang='grc' dir='ltr'>περὶ</span> <span class='ocrx_word' id='word_1_491' title='bbox 1363 5638 1462 5700; x_wconf 74' lang='grc' dir='ltr'><strong>τὰς</strong></span> <span class='ocrx_word' id='word_1_492' title='bbox 1513 5639 1704 5707; x_wconf 74' lang='grc' dir='ltr'>ἡδονὰς</span> <span class='ocrx_word' id='word_1_493' title='bbox 1762 5657 1855 5691; x_wconf 80' lang='grc' dir='ltr'><strong>κυ-</strong></span> <span class='ocrx_word' id='word_1_494' title='bbox 1893 5700 1926 5710; x_wconf 46' lang='grc'><em>“</em></span> 
     </span>
    </p>
   </div>
   <div class='ocr_carea' id='block_1_77' title="bbox 1931 5627 3531 5710">
    <p class='ocr_par' dir='ltr' id='par_1_77' title="bbox 2034 5639 3531 5710">
     <span class='ocr_line' id='line_1_80' title="bbox 2034 5639 3531 5710; baseline 0.003 -18"><span class='ocrx_word' id='word_1_495' title='bbox 2034 5640 2122 5694; x_wconf 71' lang='grc'><strong>12.</strong></span> <span class='ocrx_word' id='word_1_496' title='bbox 2150 5639 2320 5704; x_wconf 87' lang='lat' dir='ltr'><strong>Mens,</strong></span> <span class='ocrx_word' id='word_1_497' title='bbox 2352 5640 2695 5709; x_wconf 86' lang='lat' dir='ltr'><strong>voluptatum</strong></span> <span class='ocrx_word' id='word_1_498' title='bbox 2729 5642 2873 5696; x_wconf 83' lang='lat' dir='ltr'><strong>escis</strong></span> <span class='ocrx_word' id='word_1_499' title='bbox 2923 5658 3059 5710; x_wconf 86' lang='lat' dir='ltr'><strong>quas</strong></span> <span class='ocrx_word' id='word_1_500' title='bbox 3095 5642 3284 5705; x_wconf 86' lang='lat' dir='ltr'><strong>ambit,</strong></span> <span class='ocrx_word' id='word_1_501' title='bbox 3323 5642 3531 5696; x_wconf 88' lang='lat' dir='ltr'><strong>inhiare</strong></span> 
     </span>
    </p>
   </div>
   <div class='ocr_carea' id='block_1_78' title="bbox 265 5700 1865 5801">
    <p class='ocr_par' dir='ltr' id='par_1_78' title="bbox 265 5700 1857 5800">
     <span class='ocr_line' id='line_1_81' title="bbox 265 5700 1857 5800; baseline 0.018 -29"><span class='ocrx_word' id='word_1_502' title='bbox 265 5763 272 5771; x_wconf 90' lang='lat'><strong>.</strong></span> <span class='ocrx_word' id='word_1_503' title='bbox 305 5715 518 5785; x_wconf 80' lang='grc' dir='ltr'>κλεύων,</span> <span class='ocrx_word' id='word_1_504' title='bbox 570 5723 727 5795; x_wconf 79' lang='grc' dir='ltr'>ἄχρις</span> <span class='ocrx_word' id='word_1_505' title='bbox 754 5721 814 5780; x_wconf 73' lang='grc' dir='ltr'><strong>οὗ</strong></span> <span class='ocrx_word' id='word_1_506' title='bbox 848 5725 944 5796; x_wconf 80' lang='grc' dir='ltr'>τὴν</span> <span class='ocrx_word' id='word_1_507' title='bbox 986 5726 1161 5796; x_wconf 83' lang='grc' dir='ltr'>σάρκα</span> <span class='ocrx_word' id='word_1_508' title='bbox 1196 5700 1617 5800; x_wconf 51' lang='grc' dir='ltr'>δουλαγωγήέας</span> <span class='ocrx_word' id='word_1_509' title='bbox 1657 5731 1857 5799; x_wconf 51' lang='grc' dir='ltr'>θεωρίᾳ</span> 
     </span>
    </p>
   </div>
   <div class='ocr_carea' id='block_1_79' title="bbox 1933 5700 3533 5801">
    <p class='ocr_par' dir='ltr' id='par_1_79' title="bbox 1965 5730 3533 5801">
     <span class='ocr_line' id='line_1_82' title="bbox 1965 5730 3533 5801; baseline 0.003 -17"><span class='ocrx_word' id='word_1_510' title='bbox 1965 5746 2073 5784; x_wconf 91' lang='lat' dir='ltr'><strong>non</strong></span> <span class='ocrx_word' id='word_1_511' title='bbox 2108 5737 2306 5793; x_wconf 87' lang='lat' dir='ltr'><strong>cessat,</strong></span> <span class='ocrx_word' id='word_1_512' title='bbox 2357 5730 2535 5786; x_wconf 90' lang='lat' dir='ltr'><strong>donec</strong></span> <span class='ocrx_word' id='word_1_513' title='bbox 2567 5746 2797 5801; x_wconf 84' lang='lat' dir='ltr'><strong>corpore</strong></span> <span class='ocrx_word' id='word_1_514' title='bbox 2854 5734 2907 5787; x_wconf 90' lang='lat' dir='ltr'><strong>in</strong></span> <span class='ocrx_word' id='word_1_515' title='bbox 2939 5734 3261 5789; x_wconf 79' lang='lat' dir='ltr'><strong>servitutem</strong></span> <span class='ocrx_word' id='word_1_516' title='bbox 3309 5733 3533 5789; x_wconf 82' lang='lat' dir='ltr'><strong>redacto</strong></span> 
     </span>
    </p>
   </div>
   <div class='ocr_carea' id='block_1_80' title="bbox 307 5808 1907 5890">
    <p class='ocr_par' dir='ltr' id='par_1_80' title="bbox 307 5808 1817 5890">
     <span class='ocr_line' id='line_1_83' title="bbox 307 5808 1817 5890; baseline 0 -29"><span class='ocrx_word' id='word_1_517' title='bbox 307 5808 626 5876; x_wconf 80' lang='grc' dir='ltr'>σχολάζεται.</span> <span class='ocrx_word' id='word_1_518' title='bbox 795 5888 803 5890; x_wconf 69' lang='lat'><strong><em>_</em></strong></span> <span class='ocrx_word' id='word_1_519' title='bbox 1554 5809 1589 5818; x_wconf 46' lang='grc'>”</span> <span class='ocrx_word' id='word_1_520' title='bbox 1814 5858 1817 5861; x_wconf 87' lang='grc'><strong>.</strong></span> 
     </span>
    </p>
   </div>
   <div class='ocr_carea' id='block_1_81' title="bbox 1382 5808 2982 5890">
    <p class='ocr_par' dir='ltr' id='par_1_81' title="bbox 1554 5809 2982 5890">
     <span class='ocr_line' id='line_1_84' title="bbox 1554 5809 2982 5890; baseline 0.015 -26"><span class='ocrx_word' id='word_1_521' title='bbox 1554 5809 1589 5818; x_wconf 45' lang='grc'>”</span> <span class='ocrx_word' id='word_1_522' title='bbox 1814 5858 1817 5861; x_wconf 89' lang='grc'><strong><em>-</em></strong></span> <span class='ocrx_word' id='word_1_523' title='bbox 1964 5820 2413 5890; x_wconf 73' lang='lat' dir='ltr'><strong>contemplationi</strong></span> <span class='ocrx_word' id='word_1_524' title='bbox 2437 5831 2616 5878; x_wconf 78' lang='lat' dir='ltr'><strong>vacet.</strong></span> <span class='ocrx_word' id='word_1_525' title='bbox 2980 5838 2982 5841; x_wconf 84' lang='grc'><em>’</em></span> 
     </span>
    </p>
   </div>
   <div class='ocr_carea' id='block_1_82' title="bbox 377 5888 1977 5983">
    <p class='ocr_par' dir='ltr' id='par_1_82' title="bbox 377 5888 1852 5980">
     <span class='ocr_line' id='line_1_85' title="bbox 377 5888 1852 5980; baseline 0.009 -28"><span class='ocrx_word' id='word_1_526' title='bbox 377 5904 456 5964; x_wconf 84' lang='grc' dir='ltr'>ιγ’.</span> <span class='ocrx_word' id='word_1_527' title='bbox 498 5901 666 5974; x_wconf 81' lang='grc' dir='ltr'>’Υπὲρ</span> <span class='ocrx_word' id='word_1_528' title='bbox 691 5888 804 5961; x_wconf 70' lang='grc' dir='ltr'><strong>τῶν</strong></span> <span class='ocrx_word' id='word_1_529' title='bbox 830 5906 1058 5961; x_wconf 77' lang='grc' dir='ltr'>ἐντολῶν</span> <span class='ocrx_word' id='word_1_530' title='bbox 1092 5908 1509 5980; x_wconf 78' lang='grc' dir='ltr'>ἀγωνιζώμεθα,</span> <span class='ocrx_word' id='word_1_531' title='bbox 1542 5911 1629 5965; x_wconf 79' lang='grc' dir='ltr'>ἵνα</span> <span class='ocrx_word' id='word_1_532' title='bbox 1664 5911 1852 5968; x_wconf 74' lang='grc' dir='ltr'>παθῶν</span> 
     </span>
    </p>
   </div>
   <div class='ocr_carea' id='block_1_83' title="bbox 1935 5888 3535 5983">
    <p class='ocr_par' dir='ltr' id='par_1_83' title="bbox 2036 5911 3535 5983">
     <span class='ocr_line' id='line_1_86' title="bbox 2036 5911 3535 5983; baseline 0.005 -19"><span class='ocrx_word' id='word_1_533' title='bbox 2036 5912 2119 5968; x_wconf 79' lang='lat' dir='ltr'><strong>l3.</strong></span> <span class='ocrx_word' id='word_1_534' title='bbox 2152 5911 2209 5965; x_wconf 90' lang='lat' dir='ltr'><strong>ln</strong></span> <span class='ocrx_word' id='word_1_535' title='bbox 2249 5916 2541 5983; x_wconf 71' lang='lat' dir='ltr'><strong>praeceptis</strong></span> <span class='ocrx_word' id='word_1_536' title='bbox 2579 5917 2863 5972; x_wconf 78' lang='lat' dir='ltr'><strong>servandis</strong></span> <span class='ocrx_word' id='word_1_537' title='bbox 2915 5916 3295 5973; x_wconf 82' lang='lat' dir='ltr'><strong>desudandum</strong></span> <span class='ocrx_word' id='word_1_538' title='bbox 3334 5923 3437 5979; x_wconf 88' lang='lat' dir='ltr'><strong>cst,</strong></span> <span class='ocrx_word' id='word_1_539' title='bbox 3475 5922 3535 5968; x_wconf 78' lang='lat' dir='ltr'><strong>ut</strong></span> 
     </span>
    </p>
   </div>
  </div>
