4052 6352
202 316 332 386 ΜΗ

1574 285 1959 351 ΩΕΝΤΠΒΙΛ
2010 282 2087 341 ΙΙ.

3314 262 3446 335 1H2

294 447 307 459 -
342 424 407 499 ἧς
435 422 609 485 οὐδεὶς
678 413 1035 487 ἐπιτυγχάνει
1098 410 1226 467 ἄνευ
1264 406 1448 468 ἐλέους
1510 380 1783 475 Χριστοῦ..

1903 411 1998 448 sse
2045 393 2307 457 liberum,
2341 408 2460 460 qua:
2485 392 2617 445 nulli
2648 392 2858 463 absque
2909 388 3290 445 misericordia
3316 389 3448 446 Jesu

268 628 359 680 16'.
386 625 463 694 Γῆ
487 624 637 675 ἐστιν
666 615 1002 688 ἐπαγγελίας
1028 616 1060 684 ἠ
1089 610 1341 682 βασιλεία
1371 609 1481 662 τῶν
1510 605 1775 680 οὐρανῶν,

201 716 267 792 ἧς
297 716 562 790 πρόξενοι
607 713 849 780 γίνονται
878 706 1119 764 ἀπάθεια
1150 703 1247 757 καὶ
1273 701 1497 771 γνῶσις.

274 866 366 923 λε’.
411 863 691 934 Αἴγυπτός
739 862 856 915 ἐστι
894 857 1092 930 νοητὴ,
1117 858 1145 910 6
1190 851 1501 924 σκοτασμὸς
1538 849 1648 902 τῶν
1676 866 1781 901 πα.-

198 960 310 1014 θῶν
339 975 353 990 ·
411 958 494 1022 εἰς
541 955 609 1028 ἦν
662 951 840 1015 οὐδεὶς
893 947 1312 1012 καταδαίνει,εἰ
1375 944 1450 1015 μὴ
1498 942 1643 1013 λιμῷ
1684 957 1782 992 πε-

204 1049 421 1122 ριπέσῃ.

278 1140 360 1207 λς’
375 1116 593 1206 υΛόγοις
670 1135 1060 1206 πνευματικοῖς
1124 1127 1505 1199 ὲπισυχνάσεις
1569 1124 1632 1177 τὸ
1686 1116 1780 1186 οῦς

157 1216 166 1231 ’
208 1253 321 1298 σου,
354 1234 451 1286 καὶ
492 1230 771 1301 λογισμῶν
802 1228 1139 1297 ἀκαθάρτων
1179 1220 1571 1293 ἀπομακρυνεῖ
1598 1220 1626 1272 6
1656 1216 1782 1277 νοῦς

207 1344 317 1379 σου.

278 1414 374 1475 λζ’.
420 1412 651 1481 Ἄγαϐος
683 1411 780 1465 καὶ
823 1408 987 1479 σοφὸς
1021 1406 1180 1475 φύσει
1213 1404 1373 1475 μόνος
1402 1404 1430 1456 ὁ
1471 1401 1604 1464 Θεός
1629 1417 1643 1430 ·
1701 1399 1787 1467 γι-

212 1524 359 1559 νεται
388 1506 447 1559 δὲ
477 1505 696 1577 μεθέξει
732 1502 829 1557 καὶ
852 1504 881 1554 6
910 1500 1055 1566 νοῦς,
1084 1498 1179 1552 ὲάν
1207 1494 1504 1567 σπουδάσῃ.

278 1701 379 1772 λη’.
411 1702 621 1773 Κράτει
662 1698 901 1770 γαστρὸς
959 1697 1053 1750 καὶ
1098 1694 1294 1757 ὕπνου,
1328 1692 1425 1746 καλ⁷
1455 1688 1628 1760 θυμοῦ
1650 1728 1665 1753 ,
1691 1686 1784 1742 καὶ

190 1791 457 1863 ,γλώσσης
480 1807 496 1823 ·
528 1792 618 1844 καὶ
649 1791 711 1844 οὐ
747 1789 821 1861 μὴ
851 1785 1181 1859 προσκόψεις
1212 1783 1347 1854 πρὸς
1362 1780 1512 1835 λίθον
1535 1780 1626 1833 τὸν
1650 1778 1787 1831 πόδα

211 1901 324 1938 σου.

278 1972 376 2025 λ6’.
440 1969 738 2040 Ἀγωνῑζου
794 1969 1084 2038 ἀγαπῆσαι
1149 1964 1329 2017 πάντα
1388 1959 1678 2031 ἄνθρωπον
1731 1956 1792 2022 ἐξ

212 2064 344 2128 ἴσου,
384 2063 481 2115 καὶ
509 2058 836 2121 ἀπελαύνεις
868 2056 1170 2127 ωλλήόδην
1199 2053 1380 2108 πάντα
1406 2051 1474 2105 τὰ
1514 2050 1681 2120 πάθη.

280 2154 352 2223 μ’.
388 2152 562 2221 Κοινὴ
591 2148 685 2203 νοῦ
708 2149 805 2203 καὶ
830 2146 1139 2216 αἰσθήσεως
1162 2145 1196 2215 ὴ
1230 2142 1434 2212 θεωρία
1460 2138 1569 2192 τῶν
1598 2136 1792 2204 αἰσθη-

210 2247 314 2299 τῶν
348 2262 363 2275 ”
405 2243 516 2297 ἰδία
537 2242 595 2296 δὲ
621 2240 718 2295 τοῦ
747 2238 841 2293 νοῦ
873 2240 908 2309 ὴ
940 2236 1144 2307 γνῶσις
1172 2234 1280 2289 τῶν
1305 2232 1525 2304 νοητῶν.

280 2409 392 2471 μα’.
436 2398 731 2453 ’Δδύνατον
770 2400 861 2451 τὸν
912 2394 1040 2449 νοῦν
1105 2391 1366 2463 σχολάσαι
1406 2390 1520 2450 τοῖς
1561 2386 1791 2453 νοητοῖς,

210 2497 257 2548 ει
289 2493 364 2563 μὴ
397 2493 501 2563 τὴν
536 2492 722 2560 σχέσιν
758 2489 858 2560 τὴν
908 2488 1046 2558 πρὸς
1102 2484 1205 2554 τὴν
1253 2479 1508 2550 αἴσθησιν
1534 2518 1549 2542 ,
1585 2475 1683 2528 καὶ
1730 2474 1798 2527 τά

211 2582 447 2655 αἰσθητὰ
480 2581 753 2651 ἀποκόψῃ.

289 2674 397 2744 μβ’.
433 2672 828 2743 Προσπάθειαν
879 2665 1118 2738 φυσικὴν
1141 2667 1174 2732 ἡ
1204 2663 1458 2734 αἴσθησις
1502 2659 1618 2730 ἔχει
1660 2656 1797 2729 πρὸς

212 2768 278 2818 τὰ
298 2763 565 2833 αἰσθητὰ,
591 2763 689 2816 καὶ
723 2756 1091 2830 συμπερισπᾷ
1120 2753 1214 2806 τὸν
1245 2751 1371 2805 νοῦν
1402 2747 1795 2819 περισπωμὲνη

216 2857 341 2927 περὶ
370 2856 438 2908 αὐ
449 2855 541 2906 τά.
1076 2835 1089 2845 ’

286 2943 391 3018 μγἰ
430 2943 626 3014 Ῥίψον
650 2942 750 3013 τὴν
776 2938 1030 3008 αἴσθησιν
1058 2935 1186 3006 περὶ
1224 2934 1324 3004 τὴν
1352 2932 1446 2985 τοῦ
1471 2928 1564 2983 νοῦ
1595 2928 1797 2997 ὑπουρ-

1879 488 2082 543 Christi
2118 485 2409 555 contingit.

1951 579 2041 632 ΞΗ.
2067 577 2239 631 Terra
2268 575 2738 645 repromissionis,
2770 587 3001 644 regnum
3026 580 3112 626 est
3139 571 3409 626 malorum
3432 588 3448 633 ς

1883 672 1937 725 ἰη
1960 685 2126 740 quam
2156 676 2400 723 mentem
2425 667 2694 722 inducunt
2734 664 3152 736 impossibilitas
3178 673 3235 718 et
3273 663 3454 718 scien-

1884 764 1977 818 tia.

1949 857 2039 911 55.
2064 854 2332 926 Egyptus
2359 851 2699 922 spiritualis,
2745 849 3133 904 obtenebratio
3168 848 3461 919 perturba-

1883 947 2098 1002 tionum
2122 964 2137 1013 ;
2164 947 2219 999 in
2256 958 2424 1014 quam
2473 959 2659 1007 nemo,
2693 942 2801 998 nisi
2836 950 3000 996 antea
3025 940 3170 996 fame
3217 939 3456 1003 laboret,

1890 1038 2202 1095 descendit.

1958 1130 2048 1186 '56.
2084 1131 2289 1185 Aurem
2323 1139 2472 1185 tuam
2528 1124 2916 1197 spiritualibus
2958 1120 3315 1177 sermonibus
3349 1118 3462 1173 fre-

1885 1229 2122 1292 quenter
2146 1220 2527 1283 accommoda,
2560 1225 2617 1272 et
2649 1224 2893 1271 mentem
2942 1213 3009 1267 ab
3036 1211 3339 1267 immundis
3372 1224 3464 1264 co-

1887 1314 2254 1385 gitationibus
2274 1311 2580 1382 elongabis.

1966 1405 2056 1459 57.
2092 1405 2259 1460 Solus
2304 1406 2455 1459 Deus
2479 1410 2679 1457 natura
2716 1399 2897 1453 bonus
2917 1404 3003 1451 est
3038 1409 3101 1449 ac
3123 1392 3375 1463 sapiens;
3403 1390 3466 1443 ﬁt

1894 1503 2079 1550 autem
2128 1510 2286 1550 mens
2334 1491 2763 1565 participatione
2808 1488 2957 1552 talis,
3016 1486 3183 1541 modo
3216 1483 3465 1540 studiosa

1890 1588 1982 1642 sit.

1962 1678 2052 1731 '58.
2120 1676 2335 1746 Impera
2388 1673 2592 1733 ventri.
2637 1687 2855 1735 somno,
2908 1671 3004 1724 ira:
3042 1677 3100 1725 et
3141 1667 3380 1737 linguae;
3410 1673 3469 1718 et

1816 1746 1859 1801 Β
1898 1784 2184 1839 nunquam
2211 1767 2485 1837 impingcs
2513 1765 2583 1820 ad
2620 1763 2862 1833 lapidem
2887 1762 3085 1833 pedem
3117 1768 3300 1849 tuum.

1961 1924 2050 1978 59.
2074 1922 2300 1978 Enitere
2323 1929 2387 1975 ut
2417 1935 2614 1975 omnes
2648 1919 2907 1974 homines
2927 1916 3217 1987 aequaliter
3240 1913 3468 1983 diligas,

1892 2016 2292 2086 passionesque
2321 2028 2519 2068 omnes
2538 2011 2705 2067 simul
2730 2026 2760 2065 a
2786 2018 2840 2065 te
2880 2010 3091 2079 abiges.

1965 2105 2057 2159 40.
2093 2101 2456 2159 Sensibilium
2501 2114 2690 2154 rerum
2721 2098 3118 2167 contemplatio
3160 2094 3475 2152 communis

1895 2203 1981 2251 est
2012 2194 2187 2250 menti
2212 2200 2269 2248 et
2293 2195 2520 2259 sensui;
2557 2188 3023 2246 intellectualium
3067 2197 3248 2242 auten
3287 2187 3475 2242 scien-

1899 2290 1973 2342 tia
1997 2287 2098 2342 soli
2130 2285 2306 2340 menti
2347 2284 2628 2340 convenit.

1967 2379 2057 2432 41.
2088 2377 2439 2447 lmpossibile
2494 2385 2581 2432 est
2614 2385 2859 2431 mentem
2893 2388 3088 2429 vacare
3125 2371 3475 2426 intellectua-

1896 2470 2064 2535 libus,
2094 2468 2203 2523 nisi
2228 2467 2533 2524 amicitiam
2565 2483 2697 2538 erga
2724 2482 2923 2523 sensus
2967 2474 3025 2521 et
3065 2464 3350 2520 sensibilis
3373 2480 3476 2518 an-

1898 2570 1988 2615 tea
2020 2552 2342 2630 a‘mputarit.
3158 2550 3164 2555 ’

1971 2652 2060 2707 42.
2122 2650 2331 2708 Sensus
2374 2660 2577 2706 natura
2628 2649 2994 2705 sensibilibus
3058 2648 3330 2711 adicitur;
3379 2646 3478 2701 sed

1899 2759 2028 2799 cum
2056 2744 2204 2799 circa
2234 2759 2299 2799 ea
2326 2743 2681 2810 distrahitur,
2708 2743 3043 2799 distrahitur
3081 2751 3138 2797 et
3189 2755 3367 2796 mens.

1973 2937 2062 2992 45.
2086 2933 2235 3005 Coge
2257 2948 2456 2989 sensus
2482 2932 2537 2987 in
2554 2932 2756 2988 mentis
2787 2930 3141 3000 obsequium,
3166 2937 3223 2984 et
3246 2942 3357 2981 non
3383 2925 3484 2980 des

217 3041 339 3109 γίαν
365 3079 379 3104 ,
422 3039 529 3092 Kal.
567 3035 643 3106 μὴ
673 3034 782 3104 δῷς
811 3032 949 3102 αὐτῇ
981 3029 1173 3100 καιρὸν
1205 3024 1667 3096 ἀντιπερισπᾶσαι
1700 3019 1801 3073 αὑ-

1903 3027 2040 3098 ipsis
2062 3026 2415 3082 occasionem
2444 3040 2566 3080 eam
2594 3020 2960 3079 distrahendi.

212 3133 318 3185 τόν.

293 3220 395 3293 p.6'.
420 3221 609 3273 Ὀταν
654 3215 838 3287 συμϐῇ
864 3213 956 3267 τὸν
986 3211 1112 3266 νοῦν
1149 3206 1412 3279 σχολάσαι
1465 3206 1578 3265 τοῖς
1611 3199 1801 3270 αἰσθη-

216 3317 348 3379 τοῖς,
373 3311 754 3382 ἀντιπερίσπα
786 3308 889 3378 τὴν
933 3304 1209 3375 αἴσθησιν,
1236 3301 1374 3372 πρὸς
1412 3298 1537 3352 νοῦν
1585 3294 1803 3363 ἀνάγων

225 3406 291 3461 τὰ
315 3405 725 3477 παρακείμενα.

296 3476 407 3569 μεί.
430 3497 694 3566 Σημεῖον,
725 3493 807 3569 ᾆτι
833 3489 1094 3561 σχολάζει
1112 3488 1142 3541 6
1167 3484 1292 3546 νοῦς
1324 3483 1466 3557 περὶ
1512 3480 1583 3534 τὰ
1612 3476 1802 3548 νοητὰ,

225 3590 284 3642 τὸ
338 3593 564 3644 πάντων
624 3566 992 3655 καταφρονεῖν
1045 3578 1148 3633 τῶν
1205 3574 1306 3648 τὴν
1364 3572 1619 3643 αἴσθησιν
1683 3586 1805 3622 σαι-

227 3682 442 3736 νόντων.

296 3777 413 3840 μς’.
450 3766 870 3838 Διανοιγόμενος
912 3765 941 3817 6
967 3761 1094 3828 νοῦς
1123 3762 1256 3833 περὶ
1303 3758 1402 3830 τὴν
1448 3756 1557 3810 τῶν
1599 3752 1807 3825 νοητῶν

233 3864 471 3934 θεωρίαν
503 3902 520 3929 ,
582 3859 1036 3913 δυσαπόσταστον
1121 3854 1234 3924 ἔχει
1295 3851 1395 3923 τὴν
1459 3849 1591 3920 περὶ
1669 3846 1809 3901 αὐτά

231 3955 450 4026 ἡδονήν.
1564 3960 1571 3965 ’

304 4045 411 4116 μξν.
444 4043 616 4097 Ὅταν
668 4044 698 4095 6
761 4041 889 4104 νοῦς
940 4037 1226 4109 πλουτήσῃ
1277 4034 1377 4106 τὴν
1420 4033 1519 4104 τῆς
1580 4028 1811 4101 μονάδος

231 4135 452 4203 γνῶσιν,
490 4133 614 4185 τότε
643 4134 736 4185 καὶ
763 4131 862 4202 τὴν
893 4128 1151 4200 αἴσθησιν
1196 4126 1372 4195 πάντη
1401 4120 1811 4192 δεδουλωμένην

231 4226 364 4297 ἔχει.

308 4349 419 4413 μη’.
452 4340 645 4396 Κώλυε
682 4339 776 4392 τὸν
813 4334 941 4391 νοῦν
971 4350 1069 4387 σου
1099 4331 1388 4386 κυκλεύειν
1449 4327 1518 4382 τὰ
1554 4325 1811 4396 αἰσθητὰ,

236 4433 322 4485 ἶνα
356 4432 431 4504 μὴ
461 4430 658 4501 ἡδονὰς
688 4429 783 4481 καὶ
811 4425 993 4488 λύπας
1016 4426 1073 4477 ἐν
1103 4423 1286 4485 αὐτοῖς
1324 4416 1710 4491 καρπώσηται.

318 4635 425 4706 μθ’.
460 4630 563 4689 Ὧν
590 4637 618 4687 6
649 4632 773 4696 νοῦς
798 4633 857 4683 ὲν
878 4632 993 4693 τοῖς
1016 4629 1180 4692 Θείοις
1214 4626 1464 4698 σχολάζει
1504 4623 1817 4686 διαπαντὸς,

168 4798 193 4809 _
240 4727 443 4801 τούτων
511 4728 606 4780 καὶ
652 4725 715 4779 τὸ
771 4723 1073 4795 παθητικὸν
1135 4722 1302 4793 μέρος
1378 4719 1523 4773 θεῖον
1598 4719 1820 4787 γέγονεν

241 4820 423 4874 ὅπλον.
882 4812 892 4840 ³

312 4916 374 4965 ν’.
421 4907 707 4963 Ἀδύνατον
746 4905 850 4958 στὸν
895 4902 1023 4959 νοῦν
1061 4906 1128 4975 τῇ
1158 4901 1358 4973 γνώσει
1409 4902 1734 4973 ποιωθῆναι,
1772 4903 1822 4955 εἰ

248 5002 319 5071 μὴ
345 5002 608 5072 πρότερον
638 4998 700 5051 τὸ
744 4996 1045 5068 παθητικὸν
1073 4997 1192 5059 ταῖς
1242 4993 1469 5060 οἰκείαις
1501 4995 1725 5065 ἀρεταῖς
1764 4993 1824 5059 ἐξ

248 5091 411 5145 αὑτοῦ
445 5092 694 5145 πελάσει.

319 5201 418 5256 να¹.
449 5200 612 5266 Ξένος
663 5199 774 5252 τῶν
822 5198 920 5253 τοῦ
965 5200 1172 5270 κόσμου
1204 5198 1233 5249 6
1261 5195 1388 5260 νοῦς
1419 5197 1540 5250 τότε
1590 5196 1821 5263 γίνεται,

248 5298 374 5350 ὅταν
419 5295 518 5364 τὴν
572 5294 709 5364 πρὸς
756 5293 856 5362 τὴν
881 5291 1137 5361 αἴσθησιν
1163 5290 1348 5360 σχέσιν
1374 5288 1655 5351 παντελῶς
1685 5290 1825 5342 ἀπο-

252 5390 410 5460 κόψῃ.

322 5505 422 5576 νβ’.
459 5507 619 5562 Ἴδιον
664 5501 758 5556 τοῦ
798 5494 1113 5566 λογιστικοῦ
1159 5493 1260 5563 τῆς
1298 5492 1507 5563 ψυχῆς.
1542 5491 1824 5563 σχολάζειν

253 5594 451 5662 γνώσει
499 5593 634 5648 Θεοῦ
661 5609 676 5624 ·
708 5589 802 5645 τοῦ
842 5587 900 5640 δὲ
945 5581 1252 5653 παθητικοῦ
1291 5583 1483 5651 αὐτῆς,
1512 5581 1704 5652 ἀγάπη
1731 5584 1823 5636 καὶ

258 5684 560 5757 ἐγκράτεια.

1796 4992 1821 5029 ε
1848 5006 1851 5007 ,

1970 3200 2063 3253 44.
2113 3196 2346 3264 Quando
2394 3202 2639 3252 mentem
2694 3194 3059 3251 sensibilibus
3110 3206 3310 3247 vacare
3352 3206 3487 3246 con-

1903 3290 2093 3361 tingit,
2146 3289 2359 3344 obsisto
2423 3286 2718 3351 sensibus,
2755 3292 2813 3340 et
2870 3284 3090 3356 objecta
3134 3282 3190 3336 in
3242 3290 3486 3336 mentem

1903 3381 2138 3436 subduc.

1972 3474 2063 3528 45.
2096 3472 2326 3543 Signum
2373 3468 2577 3525 mentis
2604 3467 2753 3524 circa
2782 3450 3150 3537 intelligibilia
3193 3476 3487 3533 occupare,

1904 3571 1989 3619 est
2018 3562 2361 3618 ﬂoccifacere
2385 3557 2570 3615 omnia
2597 3572 2720 3627 quae
2740 3570 2937 3612 sensus
2975 3555 3271 3611 oblectant.

1976 3742 2071 3797 46:
2123 3741 2405 3811 Occupata
2444 3754 2603 3794 mens
2660 3738 2717 3793 in
2770 3735 3239 3806 contemplatione
3289 3749 3486 3790 eorum

1910 3848 2033 3903 quae
2065 3840 2216 3899 sunt,
2241 3830 2477 3887 solidam
2513 3830 2570 3885 in
2595 3828 2678 3884 eis
2702 3827 3044 3896 voluptatem
3064 3824 3377 3894 experitur.

1984 4027 2075 4082 47.
2119 4025 2351 4093 Quando
2391 4038 2549 4079 mens
2588 4020 2824 4078 unitatis
2877 4018 3112 4074 scientia
3158 4016 3493 4086 locupletata

1912 4118 2101 4183 fuerit,
2135 4127 2266 4173 tunc
2297 4132 2498 4173 sensus
2534 4115 2765 4172 omnino
2790 4113 2845 4167 in
2882 4111 3207 4166 servitutem
3240 4108 3496 4163 redactos

1914 4219 2085 4266 tenet.

1988 4326 2078 4381 48.
2121 4324 2364 4380 Prohibe
2395 4333 2637 4379 mentem
2691 4331 2842 4375 tuam
2883 4318 3093 4374 circum
3129 4314 3354 4371 sensilia
3394 4330 3492 4368 va-

1851 4415 1897 4470 D
1928 4419 2067 4490 gari,
2104 4434 2174 4472 ne
2208 4417 2555 4486 voluptatum
2587 4411 2829 4467 tristitiae
2873 4410 3085 4464 fructus
3103 4407 3270 4461 simul
3317 4421 3383 4460 ex
3408 4405 3492 4459 eis

1918 4510 2198 4578 decerpat.

1914 4638 1917 4639 '
1994 4623 2083 4677 49.
2128 4620 2376 4688 Quorum
2402 4633 2558 4673 mens
2581 4623 2849 4687 perpetuo
2882 4614 3090 4668 divinis
3122 4621 3303 4677 vacat,
3339 4612 3407 4669 iis
3433 4621 3491 4669 et

1922 4710 2189 4766 aﬂ‘ectivae
2212 4708 2410 4764 animae
2437 4708 2585 4762 vires
2641 4704 2829 4760 divina
2860 4702 3000 4757 ﬁunt
3030 4718 3204 4757 arma.

1991 4904 2079 4959 50.
2106 4903 2453 4974 lmpossibile
2471 4912 2557 4959 est
2586 4911 2831 4958 mentem
2860 4899 3094 4956 scientia
3142 4896 3353 4966 perﬁci,
3388 4895 3497 4949 nisi

1926 4999 2086 5065 prius
2114 4994 2370 5052 aﬁ‘ectiva
2421 4996 2617 5051 animae
2636 4995 2820 5065 portio
2845 4993 2961 5048 suis
2987 4992 3346 5046 admoveatur
3393 4990 3503 5043 vir-

1926 5088 2159 5142 tutibus.

1950 5224 1971 5237 λ
2001 5199 2090 5254 51.
2119 5199 2272 5254 Mens
2328 5213 2442 5253 non
2487 5206 2651 5253 antea
2677 5197 2786 5252 erit
2815 5196 3109 5267 peregrina
3160 5208 3351 5248 eorum
3379 5208 3503 5262 quae

1930 5300 2065 5346 sunt
2102 5290 2157 5343 in
2184 5288 2291 5343 hec
2317 5287 2544 5352 mundo,
2578 5287 2685 5341 nisi
2712 5287 2891 5341 modis
2910 5285 3172 5340 omnibus
3197 5283 3503 5339 amicitiam

1929 5396 2061 5451 erga
2086 5395 2282 5435 sensus
2300 5379 2629 5434 resccuerit.

2000 5494 2088 5548 52.
2116 5492 2412 5562 Proprium
2461 5500 2547 5547 est
2567 5489 2823 5544 rationali
2855 5488 3094 5559 portioni
3160 5486 3378 5549 animm,
3407 5500 3502 5537 van

1929 5599 2054 5639 care
2078 5584 2377 5653 cognitioni
2404 5580 2752 5647 Dei;activae
2802 5590 3010 5647 autem,
3071 5578 3399 5634 cbaritatem
3446 5583 3505 5630 et

1930 5676 2329 5731 continentiam
2362 5673 2684 5743 amplexari.
