4052 6362
596 229 736 294 1443

1853 239 2260 302 TIIALASSII
2300 243 2619 307 ABBATIS

2833 140 2866 150 ’ς

3732 265 3838 332 im

652 328 751 402 '55.
800 343 921 400 Non
954 351 1138 416 potest
1167 361 1327 403 mens
1357 349 1441 402 rei
1500 349 1692 404 sensili
1728 349 1822 406 diu
1871 353 2166 410 immorari

742 436 960 457 ,μηεμ
1009 435 1072 457 Α,
1111 435 1257 457 ..ιω

2279 369 2290 379 ·
2326 358 2453 457 Δνγκ
2495 359 2782 416 ’Λδύνατον
2803 363 2894 418 τὸν
2912 365 3034 420 νοῦν
3060 371 3352 442 πράγματι
3377 374 3656 446 χρονίζειν
3681 385 3837 457 cistis.

591 437 700 492 nisi
736 436 967 491 omnino
1005 435 1074 490 ad
1110 435 1262 492 illam
1286 437 1576 493 afﬁciatur.

661 527 752 582 54.
803 527 957 582 Mens
1001 525 1375 596 perfectaest
1427 545 1597 600 quam
1653 531 1888 588 scientia
1918 533 2176 602 perficit;

587 619 772 674 anima
808 633 944 674 vero
965 617 1274 675 virtutibus
1299 620 1582 676 roborata.

659 715 747 773 55.
777 699 979 768 Mentis
1003 727 1132 769 eum
1157 713 1417 770 sensibus
1439 715 1844 782 amicitia,eam
1872 717 2007 774 facit
2031 735 2181 775 man-

587 807 799 877 cipium
830 821 1232 876 corporearum
1263 807 1640 878 voluptatum.

659 895 749 950 56.
803 895 1041 962 Quando
1097 911 1130 952 a
1191 895 1504 952 virtutibus
1559 899 1680 954 suis
1727 898 2001 958 aﬂ'ectiva?
2026 899 2180 956 vires

585 988 908 1052 moventur,
973 995 1110 1043 tunc
1157 989 1328 1044 etiam
1371 1004 1532 1047 mens
1559 1006 1592 1047 a
1645 993 1891 1049 scientia:
1919 993 2178 1050 sumloco

583 1079 934 1152 deturbatur.

660 1171 748 1225 57.
771 1171 1102 1241 Accepimus
1127 1181 1464 1244 potestatem
1496 1175 1644 1232 filios
1684 1175 1784 1232 Dei
1821 1175 1946 1234 fieri
1981 1179 1996 1218 ί
2029 1195 2045 1244 ;
2078 1178 2176 1233 sed

584 1283 695 1321 non
725 1267 954 1332 erimus,
987 1267 1099 1322 nisi
1133 1267 1464 1324 affectiones
1493 1269 1834 1324 exuerimus.

649 1358 740 1414 58.
770 1359 973 1414 Nullus
996 1374 1056 1414 se
1077 1368 1240 1430 putet
1263 1360 1440 1415 filium
1466 1361 1565 1416 Dei
1595 1351 2176 1426 factum-efficaciter-

581 1467 690 1521 que
720 1451 896 1507 Deum
933 1451 992 1506 in
1025 1467 1086 1508 se
1112 1453 1362 1523 operari,
1401 1453 1450 1508 si
1485 1469 1602 1510 non
1623 1453 1847 1510 divinos
1889 1453 2176 1508 characte-

581 1557 672 1597 res
704 1541 847 1597 intra
873 1558 932 1598 se
955 1543 1294 1613 possederit.

648 1634 738 1689 59.
790 1633 1112 1690 Similitudo
1161 1652 1384 1691 morum
1434 1637 1523 1692 vel
1568 1637 1846 1693 bonorum
1872 1636 1958 1693 vel
1999 1636 2173 1692 malo-

580 1739 706 1778 rum
740 1724 882 1780 lilios
917 1724 1052 1781 facit
1080 1709 1174 1782 vel
1201 1724 1300 1782 Dei
1336 1727 1421 1782 vel
1444 1727 1683 1784 Satanae.

647 1897 734 1951 60.
791 1898 887 1953 Vir
933 1898 1251 1971 intelligens
1294 1905 1404 1966 est,
1441 1901 1539 1971 qui
1572 1915 1632 1956 se
1663 1899 1849 1972 ipsum
1911 1904 2170 1970 attendit,

575 1999 634 2044 et
679 1989 906 2045 festinat
960 1992 1259 2062 studetque
1311 1993 1382 2048 ab
1429 1992 1583 2047 omni
1632 1993 2058 2064 inquinamento
2082 2011 2173 2052 se-

579 2082 789 2150 parari.

644 2173 734 2226 6i.
771 2170 1059 2227 Obcaecata
1107 2176 1314 2240 anima,
1350 2177 1520 2230 etiam
1563 2175 1696 2229 dum
1744 2175 1996 2244 vapulat,
2057 2191 2172 2231 non

577 2265 770 2328 sentit,
807 2263 1334 2337 benefactoremque
1357 2282 1657 2340 agnoscere
1695 2269 1904 2325 renuit.

650 2443 740 2498 62.
775 2443 1012 2499 Sordida
1038 2443 1212 2500 vestis
1241 2459 1273 2500 e
1303 2445 1514 2502 divinis
1544 2445 1760 2516 nuptiis
1786 2445 1962 2518 ejicit,
2010 2455 2168 2504 exte-

575 2535 906 2604 riorumque
944 2535 1302 2590 tenebrarum
1344 2537 1675 2606 participem
1712 2535 1918 2591 faciti.

645 2627 735 2681 63.
769 2625 874 2692 Qui
905 2627 1064 2681 timet
1097 2627 1297 2692 Deum,
1330 2629 1416 2684 sui
1457 2629 1637 2700 ipsius
1665 2643 1862 2684 curam
1895 2629 2065 2701 gerit,
2111 2641 2170 2688 et

573 2735 603 2774 a
629 2736 801 2791 pravo
823 2721 1112 2778 consortio
1129 2738 1188 2779 se
1205 2723 1431 2779 alienat.

649 2900 738 2957 64.
771 2903 1119 2972 impossibile
1142 2913 1232 2960 est
1271 2903 1719 2960 misericordiam
1749 2922 1780 2961 a
1805 2906 1916 2961 Deo
1939 2907 2165 2976 assequi

571 3009 736 3059 eum,
809 2995 906 3065 qui
972 2996 1153 3070 ipsum
1204 2995 1606 3064 dereliquerit,
1669 3006 1726 3052 et
1785 2998 2168 3068 voluptatibus

572 3086 771 3140 servit.

644 3175 735 3230 65.
768 3175 1059 3232 Neminem
1103 3192 1269 3248 posse
1320 3177 1541 3234 duobus
1571 3177 1815 3233 dominis
1867 3179 2080 3235 servire
2117 3178 2164 3244 ιι,

571 3285 606 3324 a
638 3269 772 3324 Jesu
807 3269 1017 3325 dictum
1037 3278 1146 3335 est,
1175 3271 1394 3326 etiamsi
1422 3271 1651 3326 credere
1691 3271 1957 3326 nolimus.

645 3359 734 3413 66.
761 3359 958 3413 Anima
1006 3359 1414 3414 affectionibus
1447 3360 1670 3416 sordida
1710 3361 1851 3416 adeo
1889 3363 2165 3417 obctecata

571 3461 679 3518 est,
707 3460 767 3506 ut
793 3452 898 3507 nisi
928 3460 1150 3508 secetur
1171 3461 1228 3507 et
1260 3461 1477 3519 uratur,
1502 3453 1733 3509 credere
1774 3463 1994 3509 renuat.

641 3633 728 3688 67.
753 3631 1068 3688 Obduratos
1089 3631 1369 3688 horrenda
1391 3639 1667 3687 tormenta
1699 3631 2008 3702 excipient:
2032 3647 2160 3686 nam

569 3723 692 3780 sine
725 3725 940 3796 magnis
981 3723 1270 3780 laboribus
1291 3723 1587 3782 molieiieri
1607 3733 1910 3795 nequeunt.

643 3927 734 3983 68.
757 3926 852 3981 Vir
883 3925 1202 3996 intelligens
1255 3923 1555 3980 sollicitam
1611 3925 1698 3981 sui
1731 3939 1923 3981 curam
1973 3926 2154 3998 gerit;

2283 449 2383 521 τῷ,
2420 453 2472 505 εί
2532 453 2607 524 μὴ
2662 455 2884 521 πάντως
2911 458 3088 524 πάθος
3119 463 3388 535 κέκτηται
3415 466 3562 538 πρὸς
3582 470 3728 527 αὐτό.

2353 539 2448 630 νᾶ.
2479 539 2696 630 rem;
2749 543 2902 597 ἐστιν
2931 548 2960 600 ὁ
2991 550 3120 612 νοῦς
3155 552 3185 604 6
3228 553 3491 621 ποιωθεὶς
3531 562 3601 630 τῇ
3649 563 3845 630 γνώτω

2280 629 2430 700 ψυχὴ
2455 629 2512 684 δέ
2545 631 2664 685 ἐστι
2699 632 2905 704 τελεία,
2937 639 2970 708 ἡ
3031 643 3156 705 ταῖς
3201 644 3426 717 ἀρεταῖς
3475 629 3830 722 ἀνακραθεῖεα

2353 729 2447 779 νε’.
2494 723 2560 778 Ἦ
2607 725 2748 796 πρὸς
2777 727 2878 799 τὴν
2909 729 3165 806 αίσθησιν
3202 738 3388 808 σχέσις
3414 741 3516 796 τοῦ
3543 745 3666 813 νοῦ,
3691 747 3848 806 δοῦλοι

2280 813 2448 868 αὑτὸν
2474 814 2771 888 καθίστησι
2801 819 2915 875 τῶν
2937 823 3034 876 τοῦ
3061 825 3319 896 σώματος
3341 831 3578 902 ἡδονῶν.

2349 911 2471 1002 ν<;¹.⁵
2490 906 2789 1002 Σαλεύεται
2821 913 2852 966 6
2883 913 3010 978 νοῦς
3043 917 3110 978 ἐκ
3137 918 3232 972 τοῦ
3261 921 3432 976 τόπου
3463 927 3570 997 τῆς
3600 929 3847 1002 γνώσεως,

2276 995 2369 1099 ὅτε
2423 995 2486 1049 τὸ
2542 996 2849 1070 παθητικὸν
2877 1003 3046 1059 αὑτοῦ
3093 1009 3290 1082 κινηθῇ
3325 1013 3392 1066 ἐκ
3413 995 3533 1068 τῶν
3561 995 3708 1071 ίδίων
3740 995 3846 1093 aps:

2275 1102 2406 1143 conn
2522 1108 2530 1116 '
3633 1114 3641 1118 ”

2349 1177 2448 1244 νζ.
2501 1180 2807 1256 Ἐλάϐομεν
2858 1186 3112 1254 ἐξουσίαν
3165 1191 3338 1249 τέκνα
3371 1196 3644 1265 γενέσθαι
3693 1201 3847 1256 Θεοῦ·

2275 1271 2339 1324 οὐ
2371 1273 2640 1345 γινόμεθα
2657 1277 2714 1331 δὲ
2745 1279 2798 1331 εί
2831 1279 2908 1350 μὴ
2929 1279 3001 1336 τά
3033 1283 3181 1356 πάθη
3213 1286 3652 1362 ἀποδυσώμεθα.

2347 1371 2463 1458 νηκῗ
2487 1367 2697 1440 Μηδεὶς
2751 1371 2954 1428 οἰέσθω
3007 1375 3200 1434 τέκνον
3246 1379 3386 1435 Θεοῦ
3432 1387 3564 1438 κατ’
3593 1387 3852 1458 ἐνέργειαν

2274 1457 2581 1555 γεγονεναι,
2621 1461 2792 1530 μήπω
2823 1465 2954 1530 τοὺς
2981 1466 3163 1534 θείους
3199 1477 3574 1548 χαρακτῆρας
3603 1479 3666 1534 ἐν
3692 1481 3848 1555 ἐαυτῷ

2275 1549 2642 1622 κτησάμενος.
3317 1575 3322 1581 ·
3415 1598 3421 1602 .

2345 1639 2445 1738 νϐ’.
2490 1641 2557 1696 Ἡ
2601 1644 2748 1738 κατά
2775 1646 2868 1738 τὸν
2907 1649 3110 1722 τρόπον
3142 1654 3407 1726 ὁμοίωσις
3431 1657 3536 1714 τοῦ
3569 1661 3792 1732 ἀγαθοῦ,
3819 1666 3846 1738 ἢ

2199 1709 2248 1769 Β
2273 1729 2369 1785 τοῦ
2402 1735 2672 1807 πονηροῦ,
2715 1737 2750 1810 ἦ
2785 1737 2882 1794 τοῦ
2920 1709 3058 1796 Θεοῦ
3093 1709 3851 1822 uioi.,r;oé'i.1;2;"i;

2273 1822 2588 1892 εργάζεται.

2345 1913 2410 1979 ξ’.
2445 1917 2678 1985 Συνετὸς
2724 1921 2865 1995 ἀνὴρ
2895 1927 2924 1980 6
2955 1927 3242 2000 προσέχων
3299 1933 3510 2008 ἐαυτῷ,
3549 1939 3649 1994 καὶ
3702 1942 3852 1996 σπεύ-

2271 2007 2380 2062 δων
2406 2011 2746 2084 χωρισθῆναι
2765 2015 2878 2072 ἀπὸ
2903 2019 3106 2087 παντὸς
3133 2023 3438 2098 μολυσμοῦ.

2344 2185 2450 2251 ξαν.
2489 2188 2885 2264 Πεπωρωμένη
2925 2194 3096 2268 ψυχὴ,
3135 2203 3520 2278 μαστιζομένη
3545 2207 3650 2262 οὐκ
3679 2210 3854 2267 αίσθά-

2271 2295 2444 2372 νεται,
2493 2283 2590 2372 καὶ
2635 2285 2719 2347 είς
2779 2287 3138 2361 συναίσθησιν
3195 2291 3374 2349 ἐλθεῖν
3429 2297 3533 2352 τοῦ
3581 2301 3850 2372 εὐεργέτου

2273 2370 2376 2424 οὐκ
2409 2371 2689 2442 ἀνέχεται.
3445 2439 3454 2447 ,

2344 2462 2444 2534 gen
2490 2465 2744 2538 Ῥυπαρά
2771 2468 2939 2542 ἐσθὴς
2970 2471 3134 2528 θείων
3158 2475 3359 2548 γάμων
3387 2479 3743 2552 ἐκϐάλλεται,
3769 2487 3851 2541 καὶ

2271 2556 2531 2610 κοινωνὸν
2560 2558 2948 2628 ἀπεργάζεται
2981 2565 3211 2632 σκότους
3247 2569 3546 2644 ἐξωτέρου.

2343 2643 2459 2742 ξγ’.ᾲ
2493 2649 2552 2703 Ὀ
2606 2652 2950 2724 φοϐούμενος
3011 2657 3108 2713 τὸν
3161 2661 3316 2730 Θεὸν,
3348 2643 3709 2737 ἐπιμελεῖται
3764 2671 3850 2742 τῆς

2269 2740 2472 2886 ictu-:26
2525 2742 2730 2815 ψυχῆς,
2762 2749 2860 2802 καὶ
2903 2754 3152 2824 πονηρᾶς
3199 2758 3492 2825 κοινωνίας
3533 2740 3850 2821 ἀπαλλάττει

2301 2849 2402 2886 αυτ
2435 2851 2482 2886 ν.

2301 2849 2482 2888 αυτον.

2341 2925 2436 2992 ξδ’.
2486 2928 2794 3001 Ἀμήχανόν
2824 2933 2942 2988 ἐστι
2967 2938 3153 3008 τυχεῖν
3182 2937 3372 3006 ἐλέους
3391 2943 3538 3000 Θεοῦ
3572 2947 3670 3003 τὸν
3699 2965 3847 3004 κατα·

2193 3063 2240 3121 C
2270 3015 2527 3072 λείπ.ντα
2555 3022 2738 3090 αὑτὸν,
2769 3025 2865 3078 καὶ
2891 3027 3110 3098 ἡδοναῖς
3141 3031 3493 3092 δουλεύοντα.

2341 3198 2436 3267 ξε’.
2479 3201 2688 3274 Ἰησοῦς
2717 3205 2868 3261 ἐστιν
2893 3209 2922 3262 6
2945 3208 3147 3280 λέγων,
3211 3213 3316 3270 κᾶν
3344 3219 3642 3274 πιστεύειν
3671 3223 3732 3276 ού
3774 3222 3845 3277 θί-

2267 3289 2469 3361 λωμεν,
2499 3293 2584 3346 ὅτι
2611 3294 2788 3361 οὐδεὶς
2814 3296 3038 3354 δύναται
3066 3301 3190 3356 δυσὶ
3221 3305 3434 3376 κυρίοις
3467 3307 3748 3366 δουλεύειν
3768 3351 3784 3366 .
3847 3340 3850 3360 ι

2339 3382 2449 3476 ξςᾏ
2492 3385 2841 3443 Ῥυπωθεῖσα
2895 3392 3067 3464 ψυχὴ,
3099 3395 3209 3451 ἀπὸ
3251 3397 3446 3453 παθῶν
3494 3401 3838 3476 πεπώρωται,

2268 3475 2364 3528 καὶ
2411 3475 2544 3530 ἄνευ
2595 3477 2778 3548 τομῶν
2817 3482 2913 3535 καὶ
2947 3486 3239 3558 καυτήρων
3282 3490 3574 3548 πιστεύειν
3614 3475 3715 3548 ούκ
3758 3497 3839 3550 ἀν-

2265 3567 2474 3622 ἐγεται.

2331 3586 2474 3622 εται.

2295 3586 2435 3727 χξξ.
2481 3661 2744 3733 Ἐτασμοὶ
2787 3667 3015 3740 φοϐεροὶ
3047 3670 3180 3737 τοὺς
3210 3665 3429 3746 πηροὺς
3466 3679 3834 3753 διαδέχονται.

2264 3751 2388 3822 δίχα
2445 3753 2556 3824 γὰρ
2617 3757 2874 3834 μεγάλων
2937 3761 3119 3819 πόνων
3174 3765 3530 3842 μαλαχθῆναι
3583 3751 3655 3828 ού
3686 3791 3834 3830 κατα-

2262 3843 2526 3914 δέχονται.

2336 3934 2439 4008 ξην.
2477 3939 2707 4004 Συνετὸς
2759 3943 2902 4016 ἀνὴρ
2931 3947 3282 4018 ἐπιμελεῖται
3329 3955 3534 4015 ἐαυτοῦ
3561 3976 3578 3994 ο
3634 3960 3727 4015 καὶ
3775 3959 3832 4014 δι’

566 4019 830 4088 ultroque
877 4015 1156 4085 susceptis
1206 4015 1498 4072 laboribus
1527 4056 1542 4082 ,
1598 4033 1696 4087 eos
1749 4031 1892 4086 quos
1945 4019 2156 4074 invitus

2265 4028 2524 4084 ἑκουσίων
2553 4032 2734 4087 πόνων
2757 4015 2889 4101 τοῦς
2920 4015 3218 4107 ἀκουσίους
3251 4045 3542 4120 ἐκφεύγει.

567 4106 762 4170 ferret,
791 4102 1010 4174 effugit.

637 4197 728 4252 69.
756 4196 1003 4267 Diligens
1029 4196 1230 4251 animae
1255 4211 1390 4250 cura
1430 4195 1487 4250 in
1521 4198 1792 4252 malorum
1823 4199 2154 4254 sustinentia

567 4297 624 4342 et
654 4286 970 4342 humilitate
995 4287 1249 4342 consistit
1277 4303 1290 4340 :
1334 4296 1563 4358 propter
1579 4303 1675 4344 eas
1695 4289 1841 4344 enim
1864 4290 2013 4346 Deus
2027 4305 2154 4360 pec-

567 4389 690 4436 cata
709 4379 900 4435 omnia
927 4380 1223 4436 condonet.

639 4468 726 4523 70.
753 4469 911 4523 Sicut
963 4471 1429 4540 concupiscentiae
1457 4479 1514 4524 et
1542 4471 1640 4526 im
1679 4481 1905 4541 peccata
1961 4473 2148 4526 multi-

567 4560 775 4629 plicant
813 4557 859 4628 1;
886 4561 962 4615 ita
986 4561 1332 4616 continentia
1373 4571 1428 4616 et
1462 4562 1750 4616 humilitas
1793 4564 1987 4618 eadem
2034 4567 2151 4617 exi-

567 4651 822 4706 naniunt.

635 4743 726 4796 7i.
757 4743 1012 4798 Conterit
1047 4757 1146 4798 cor
1195 4743 1422 4798 tristitia
1449 4759 1570 4814 quae
1621 4745 1928 4800 secundum
1973 4745 2147 4802 Deum

561 4841 648 4887 est
680 4844 750 4896 m;
773 4847 894 4886 eam
926 4833 1074 4902 parit
1103 4834 1202 4888 tibi
1230 4833 1397 4888 timor
1421 4835 1844 4905 suppliciorum.

633 4925 723 4979 72.
749 4924 998 4978 Tristitia
1023 4939 1146 4995 qua:
1169 4924 1477 4980 secundum
1505 4926 1676 4980 Deum
1707 4934 1814 4990 est,
1847 4928 2014 4983 corda
2039 4945 2144 4999 pu-

560 5017 760 5083 rificat,
789 5024 844 5071 et
887 5016 958 5072 ab
981 5017 1065 5072 eis
1115 5017 1468 5086 voluptatum
1502 5017 1934 5088 inquinamenta
1986 5021 2146 5074 elon-

595 5119 672 5164 at.

595 5127 672 5164 at.

559 5127 592 5182 Β
630 5201 1008 5260 75.Patientia
1029 5209 1136 5264 est,
1168 5201 1391 5270 quando
1413 5201 1598 5256 anima
1626 5201 1849 5256 labores
1875 5203 2022 5256 ultro
2041 5204 2138 5258 de-

2329 4206 2428 4283 ξο’.
2471 4211 2792 4283 Ἐπιμέλεια
2818 4215 3021 4287 ψυχῆς,
3049 4222 3401 4279 κακοπάθεια
3435 4226 3537 4280 καὶ
3583 4224 3830 4281 ταπείνω-

2256 4316 2342 4364 σις
2371 4315 2384 4328 ⁸
2419 4301 2488 4354 δι’
2521 4297 2597 4356 ὧν
2623 4307 2651 4358 ό
2690 4305 2824 4372 Θεὸς
2857 4315 3136 4382 συγχωρεῖ
3178 4314 3360 4378 πάσας
3399 4319 3702 4390 ἁμαρτίας.

2180 4421 2227 4478 1)

2325 4480 2389 4536 0'.
2429 4485 2643 4555 Ὥσπερ
2664 4487 2952 4560 ἐπιθυμίαι
2986 4493 3086 4546 καὶ
3114 4495 3278 4566 ὀργαὶ⁸
3319 4499 3604 4570 ἁμαρτίας
3647 4499 3822 4571 πληθῦ-

2252 4592 2434 4628 νουσιν
2473 4594 2486 4607 ’
2521 4577 2754 4652 οὖτωςή
2787 4582 3105 4654 ἐγκράτεια·
3127 4587 3226 4640 καὶ
3265 4591 3602 4656 ταπείνωσις
3629 4591 3818 4657 ἐξαλεί-

2253 4682 2442 4734 φουσιν
2472 4667 2662 4731 αὑτάς.
2728 4663 2732 4668 ’

2321 4763 2423 4812 οα¹.
2472 4759 2756 4830 Συντρίϐει
2806 4763 3034 4835 καρδίαν
3076 4763 3224 4838 λύπη
3273 4768 3416 4822 κατά
3449 4769 3585 4824 Θεόν
3621 4788 3638 4802 ο
3667 4768 3818 4841 αὐτὴν

2247 4843 2306 4896 δέ
2337 4845 2516 4900 τίκτει
2541 4847 2707 4916 φόϐος
2737 4851 3032 4917 κολάσεως.

2321 4935 2420 5008 οβ’.
2459 4939 2617 5011 Λύπη
2649 4943 2790 4997 κατὰ
2819 4943 2956 4997 Θεὸν
2986 4945 3239 5018 καθαίρει
3273 4941 3505 5022 καρδίαν
3533 4969 3548 4982 ·
3583 4955 3677 5008 καὶ
3703 4951 3813 5013 τοὺς

2259 5029 2574 5102 μολυσμοὺς
2609 5033 2719 5087 τῶν
2750 5035 2956 5106 ἡδονῶν
2983 5039 3257 5108 μακρύνει
3280 5040 3377 5094 ἀπ’
3405 5041 3600 5114 αὐτῆς.
3690 5035 3696 5042 ’

2323 5217 2424 5278 στ’.
2469 5211 2748 5285 ’Υπομονή
2807 5214 2957 5268 ἐστιν
2997 5216 3288 5286 φιλοπονία
3333 5219 3514 5292 ψυχῆς
3543 5237 3557 5252 ο
3595 5219 3715 5274 ἔνθα
3761 5217 3806 5271 δδ

559 5292 783 5361 ditaque
805 5307 973 5361 opera
997 5291 1182 5348 subit:
1220 5293 1317 5347 ubi
1344 5308 1410 5348 ea
1433 5293 1625 5360 fuerit,
1655 5293 1786 5348 inde
1809 5294 1863 5347 in
1881 5295 2136 5349 exsilium

2265 5299 2562 5368 ρι).οπονία,
2596 5303 2878 5374 φιληδονία
2909 5305 3226 5379 ἐξώρισται.

558 5375 713 5436 abire
749 5382 1095 5452 voluptatum
1124 5399 1280 5440 amor
1309 5386 1544 5456 cogitur.

625 5475 717 5529 Ἧι.
751 5473 998 5540 Quodvis
1043 5485 1330 5544 peccatum
1387 5477 1674 5546 voluptate
1731 5477 2132 5544 committitur;

2317 5481 2408 5534 (ιδ’.
2480 5483 2636 5536 Πᾶσα
2698 5485 2949 5556 ἁμαρτία
3019 5487 3110 5542 διὰ
3147 5492 3245 5562 τὴν
3298 5492 3494 5565 ἡδονὴν
3570 5495 3795 5564 γίνεται⁶

627 5649 813 5706 ίςῐοιιι]
870 5668 907 5716 ι,
951 5652 1014 5707 [2
1117 5664 1130 5702 t
1184 5653 1378 5710 Matth.
1415 5671 1548 5723 xxn,
1587 5657 1670 5725 1‘2,
1719 5658 1799 5713 l5.
1879 5660 1902 5698 ¹ί
1936 5658 2129 5714 Matth.

2274 5661 2366 5715 24.
2449 5661 2463 5700 1
2495 5663 2668 5717 Eecli.
2705 5681 2834 5720 χχιιι
2859 5666 3086 5736 passim.
3164 5670 3392 5727 InEccle.
3431 5685 3530 5740 vn,
3559 5673 3610 5730 5.
