4052 6352
258 280 397 348 1445

1625 279 2013 340 CENTURIA
2054 278 2135 337 II.

3362 267 3498 332 1416

252 397 350 449 καὶ
384 394 533 447 πᾶσα
579 390 957 461 συγχώρησις,
989 391 1076 444 διὰ
1129 390 1228 461 τὴν
1277 390 1647 442 κακοπάθειαν
1681 428 1696 454 ,
1735 387 1828 440 καὶ

1949 385 2244 439 remittitur
2298 390 2479 436 autem
2532 393 2631 449 per
2684 380 2955 435 malorum
3011 377 3398 435 sustinenti-am
3440 392 3502 437 et

251 486 450 556 λύπην.
1584 544 1589 547 μ

332 577 426 629 οε’.
478 575 783 637 ’Δκουσίοις
815 575 1002 636 πόνοις
1028 573 1172 626 κατὰ
1204 573 1462 643 πρόνοιαν
1492 569 1828 641 περιπίπτει,

257 672 286 723 6
311 668 380 722 δι’
422 668 689 721 ἑκουσίων
716 667 894 720 πόνων
924 668 1206 737 μετανοεῖν
1244 665 1318 736 μὴ
1346 664 1688 732 ἀνεχόμενος.

328 853 439 911 οςν.
474 847 669 914 Σωτήρ
718 847 867 898 ἐστιν
904 846 932 898 ὁ
990 844 1226 915 Χριστὸς
1258 844 1355 897 τοῦ
1398 843 1713 911 σύμπαντος
1744 838 1835 891 κό-

268 926 410 1006 σμου
436 954 450 970 θ
488 937 582 990 καὶ
601 936 700 1007 τὴν
730 937 1020 1007 μετάνοιαν
1065 938 1145 1000 είς
1176 934 1452 1007 σωτηρίαν
1476 936 1588 997 τοῖς
1630 930 1838 1001 ἀνθρώ-

261 1046 384 1092 ποις
406 1029 717 1099 ἐχαρίσατο.

336 1117 434 1181 οζθ.
471 1117 717 1187 Τήρησιν
750 1115 983 1170 ἐντολῶν
1024 1115 1197 1169 τίκτει
1227 1113 1484 1185 μετάνοια
1517 1129 1531 1144 ο
1565 1115 1598 1183 ἡ
1625 1112 1682 1165 δὲ
1732 1112 1838 1164 τῶν

261 1209 495 1262 ἐντολῶν
519 1209 774 1280 τήρησις,
804 1208 982 1279 ψυχῆς
1012 1209 1158 1261 ποιεῖ
1184 1207 1281 1277 τὴν
1311 1205 1598 1286 κάθαρσιν.

337 1383 439 1453 οη’·
487 1382 551 1435 Ἦ
584 1383 681 1453 τῆς
711 1384 888 1454 ψυχῆς
922 1383 1210 1454 κάθαρσις,
1244 1382 1432 1437 παθῶν
1471 1384 1621 1435 ἐστιν
1666 1379 1843 1434 ἀπαλ-

269 1473 409 1542 λαγή
440 1487 456 1502 ³
498 1474 617 1544 ἠδὲ
671 1474 781 1526 τῶν
821 1474 1011 1527 παθῶν
1048 1473 1362 1544 ἀπαλλαγὴ,
1396 1473 1617 1542 ἀγάπην
1667 1472 1840 1523 τίκτει

257 1559 416 1611 Θεοῦ.

327 1651 442 1722 οϐ’.
480 1651 642 1723 Ψυχὴ
698 1651 913 1723 καθαρά
969 1653 1004 1722 ἡ
1060 1651 1152 1704 τὸν
1205 1651 1340 1706 Θεὸν
1394 1651 1688 1721 ἀγαπῶσα,
1747 1650 1846 1703 καὶ

264 1740 388 1805 νοῦς
419 1745 570 1795 ἐστιν
599 1743 842 1814 καθαρὸς
874 1744 900 1795 ὁ
920 1742 1148 1810 ἀγνοίας
1179 1742 1486 1812 χωρισθείς.

334 1839 410 1887 π’.
454 1833 630 1906 ’Υπὲρ
677 1836 786 1886 τῶν
838 1834 1068 1886 ἐντολῶν
1119 1832 1213 1886 τοῦ
1249 1832 1381 1887 Θεοῦ
1422 1834 1584 1904 μέχρι
1612 1831 1841 1886 θανάτου

261 1924 562 1994 ἀγώνισαι,
614 1927 697 1979 ὅτι
759 1925 828 1978 δι’
889 1925 1068 1978 αὐτῶν
1108 1924 1404 1994 καθαρθεὶς
1442 1924 1658 1993 εἰςτὴν
1700 1921 1844 1991 ζωὴν

265 2018 580 2089 εἰσελεύσῃ.
1468 2008 1473 2011 ’

342 2110 459 2157 πα’.
493 2105 713 2176 Χρῆσαι
749 2104 824 2173 τῷ
850 2104 1064 2173 σώματι
1093 2104 1169 2166 ὡς
1197 2103 1445 2174 ὑπηρέτῃ
1470 2102 1580 2155 τῶν
1596 2100 1843 2167 ἐντολῶν,

261 2192 537 2247 ἀνώδυνον
565 2194 696 2248 αὐτὸ
720 2193 903 2264 τηρῶν
935 2194 1030 2268 καὶ
1063 2193 1255 2247 ἄνοσον
1283 2195 1381 2263 ὅση
1416 2193 1670 2263 δύναμις.

339 2368 450 2438 πβ’.
494 2370 558 2423 Ἦ
586 2370 687 2439 τῆς
714 2370 917 2441 σαρκὸς
948 2369 1343 2435 ἐπανάστασις,
1377 2368 1436 2436 ἐξ
1480 2369 1738 2440 ἀμελείας
1768 2368 1853 2436 γί-

264 2476 413 2512 νεται
474 2460 572 2530 τῆς
631 2460 946 2529 προσευχῆς
1000 2476 1059 2513 τε
1114 2461 1209 2514 καὶ
1260 2460 1489 2530 διαίτης,
1538 2461 1633 2513 καὶ
1680 2459 1853 2528 καλῆς

265 2550 521 2620 ἡσυχίας.
1252 2581 1259 2587 ο

338 2648 449 2709 πγ’.
487 2640 642 2693 Καλά
666 2640 890 2709 οὲγγονα
919 2641 1092 2694 τίκτει
1129 2643 1162 2711 ἠ
1193 2640 1332 2713 καλὴ
1372 2641 1572 2711 ἡσυχία
1599 2656 1614 2671 ’
1653 2639 1852 2709 ἐγκρά-

270 2750 421 2785 τειαν
519 2734 616 2786 καὶ
666 2733 887 2802 ἀγάπην
963 2734 1057 2786 καὶ
1131 2734 1228 2802 τὴν
1306 2732 1614 2804 προσευχὴν
1685 2733 1855 2786 καθα-

279 2842 393 2894 ραν.

343 2916 448 2969 τπδ’.
506 2914 842 2984 Ἀνάγνωσις
896 2917 987 2969 καὶ
1052 2916 1331 2987 προσευχὴ
1383 2915 1507 2970 νοῦν
1562 2913 1853 2985 καθαίρου-

1935 477 2166 529 luctum.
2704 517 2709 523 .

1910 556 1925 569 ’
2006 568 2092 620 75.
2127 566 2389 636 Quisquis
2406 564 2791 635 paenitentiam
2814 579 2976 634 agere
2989 578 3090 633 per
3110 563 3330 618 labores
3359 561 3507 615 ultro

1935 668 2220 727 susceptos
2249 658 2528 720 renititur,
2560 657 2608 711 is
2637 664 2857 710 coactus
2881 692 2885 698 .
2907 655 2962 709 in
2997 655 3214 709 labores
3251 652 3347 723 qui
3393 655 3506 724 jam

1938 746 2265 815 przedetiniti
2299 754 2447 811 sunt,
2485 746 2713 810 incidet,
2747 762 2888 815 quos
2915 740 3207 799 et'invitus
3238 746 3399 801 feret.

2010 838 2103 892 76.
2131 838 2386 892 Christus
2411 837 2579 892 totius
2614 837 2802 891 mundi
2828 835 3098 900 Salvator,
3127 844 3213 889 est
3243 842 3301 890 et
3328 836 3508 905 poeni-

1940 931 2167 984 tentiam
2200 930 2267 984 iis
2299 930 2393 998 qui
2439 945 2560 984 eam
2597 928 2774 982 acturi
2811 936 2961 990 sunt,
3010 927 3064 980 in
3111 926 3342 981 salutem
3374 941 3510 980 con-

1939 1021 2106 1075 cessit
2132 1030 2180 1071 η.

2013 1114 2099 1166 77.
2122 1112 2528 1180 Praeceptorum
2561 1107 2967 1164 observantiam
2992 1107 3510 1180 paritptenitentia;

1940 1212 2343 1273 praeceptorum
2377 1216 2509 1255 vero
2537 1199 2887 1255 observantia
2928 1201 3126 1253 anima:
3152 1205 3375 1268 praestat
3404 1212 3510 1267 pu-

1941 1296 2324 1349 riﬁcationem.
3266 1336 3269 1339 γ

2014 1388 2100 1440 78.
2127 1382 2719 1453 Animampuriﬁcare,
2755 1390 2841 1437 est
2870 1397 2990 1436 eam
3023 1381 3094 1436 ab
3126 1380 3516 1437 affectionibus

1941 1478 2210 1543 liberare;
2246 1492 2311 1531 ea
2365 1484 2546 1541 autem
2580 1475 2809 1529 libertas
2837 1473 3163 1528 charitatem
3201 1472 3299 1527 Dei
3352 1470 3519 1525 nobis

1942 1571 2103 1643 parit.

2015 1661 2101 1714 79.
2124 1661 2319 1716 Anima
2359 1677 2495 1730 pura
2531 1672 2635 1725 est,
2658 1676 2781 1731 quae
2807 1661 2981 1714 Deum
3003 1658 3181 1728 diligit
3206 1674 3222 1723 ;
3254 1671 3411 1711 mens
3427 1668 3521 1709 vei

1948 1767 2009 1804 ro
2034 1768 2192 1821 pura.
2228 1769 2350 1822 quae
2379 1753 2447 1807 ab
2479 1752 2791 1823 ignorantia
2826 1749 3075 1805 secessit.

2018 1843 2105 1898 80.
2130 1846 2236 1899 Pro
2270 1845 2543 1901 mandatis
2564 1844 2771 1899 Christi
2810 1859 2986 1913 usque
3017 1831 3087 1897 ad
3140 1849 3374 1896 mortem
3396 1853 3520 1894 cer-

1949 1942 2000 1986 ta
2036 1951 2050 1987 :
2089 1951 2185 2004 per
2243 1951 2306 1989 ea
2366 1935 2516 1990 enim
2577 1933 2901 2004 purifieatus
2975 1933 3043 1988 ad
3094 1933 3263 1987 vitam
3336 1931 3522 1998 ingre-

1948 2025 2137 2080 dieris.
2624 2027 2626 2029 '
3226 2012 3230 2016 “
3449 2077 3465 2088 ,

2031 2117 2117 2171 81.
2147 2115 2388 2185 Corpore
2414 2115 2484 2170 ad
2515 2116 2880 2170 ministerium
2904 2116 3311 2171 .mandatorum
3343 2125 3523 2178 utere,

1952 2223 2179 2263 servans
2208 2206 2412 2276 ipsum,
2442 2215 2709 2275 quantum
2738 2206 2854 2260 ﬁeri
2883 2207 3207 2276 potest,sine
3242 2208 3529 2262 doloribus

1951 2310 2007 2354 et
2034 2299 2152 2352 sine
2183 2299 2396 2352 morbo.

2024 2390 2114 2444 82.
2163 2389 2360 2444 Carnis
2411 2388 2732 2453 seditiones,
2768 2403 2836 2443 ex
2884 2388 3215 2459 negligentia
3277 2405 3524 2460 precum,

1960 2480 2137 2535 diaetae
2163 2480 2518 2548 honestaeque
2551 2479 2755 2549 quietis
2777 2480 3055 2534 oriuntur.

1940 2669 1956 2673 “
2026 2657 2114 2711 85.
2136 2656 2444 2711 .Formosos
2478 2653 2685 2710 liberos
2718 2655 2958 2711 formosa
2985 2656 3129 2726 parit
3153 2657 3310 2727 quies
3331 2675 3343 2711 :
3368 2674 3529 2713 nem-

1961 2760 2027 2814 pe
2058 2746 2479 2810 continentiam,
2514 2729 2867 2812 charltatem,
2900 2761 3180 2817 purasque
3207 2764 3419 2818 preces.

2026 2922 2113 2975 8.1.
2144 2919 2332 2976 Lectio
2356 2928 2413 2975 et
2429 2936 2656 2990 precum
2690 2921 2907 2990 puritas
2934 2930 3177 2976 mentem
3212 2923 3531 2992 puriﬁcant;

277 3021 360 3057 σιν
392 3019 405 3032 ·
435 3004 630 3075 ἀγάπη
700 3003 756 3056 δὲ
801 3003 896 3057 καὶ
945 3005 1242 3076 ἐγκράτεια
1299 3007 1360 3056 τὸ
1412 3004 1716 3075 παθητικὸν
1756 3006 1853 3074 τῆς

1960 3012 2157 3065 anima:
2191 3017 2377 3064 autem
2416 3008 2728 3064 aﬂ‘ectivam
2760 3017 2971 3079 partem
3012 3010 3253 3064 charitas
3276 3015 3537 3065 etconti-

273 3095 469 3165 ψυχῆς·

347 3202 450 3239 πε.
492 3183 646 3253 Ἴσην
697 3182 989 3246 διαπαντὸς
1029 3184 1185 3252 τήρει
1243 3181 1342 3252 τὴν
1393 3181 1740 3251 ἐγκράτειαν,
1770 3181 1858 3234 ἵνα

282 3278 355 3345 μὴ
390 3278 452 3346 τῇ
480 3275 753 3345 ἀνομαλίᾳ
780 3277 859 3335 είς
882 3274 951 3327 τά
975 3274 1190 3327 ἐναντία
1223 3274 1418 3344 πέσῃς.

351 3370 469 3433 πς’.
529 3366 591 3419 '0
650 3365 958 3435 νομοθετῶν
989 3363 1169 3436 ἑαυτῷ
1201 3365 1279 3436 μὴ
1306 3365 1525 3435 παραϐῇ
1565 3364 1755 3417 ἑαυτὸν
1783 3382 1793 3393 ·
1828 3366 1858 3416 ὀ

279 3456 385 3526 γὰρ
434 3454 636 3508 ἑαυτὸν
701 3450 1227 3524 παραλογιζόμενος,
1260 3456 1453 3508 ἑαυτὸν
1475 3457 1680 3525 ἀπατᾷ.

350 3633 457 3698 πζα
493 3633 708 3704 Δυσμαί
756 3633 865 3685 εἱσι
932 3632 1140 3702 νοηταὶ,
1175 3632 1346 3702 ψυχαὶ
1390 3633 1658 3701 ἐμπαθεῖς
1689 3648 1701 3661 ·
1743 3634 1858 3696 ταῖς

280 3728 385 3798 γὰρ
416 3725 706 3789 τοιαύταις
737 3725 826 3779 ἔδυ
853 3726 951 3797 τῆς
971 3724 1322 3794 δικαιοσύνης
1351 3725 1379 3775 ὁ
1402 3723 1573 3793 ἥλιος.

345 3822 458 3886 πη¹.
504 3815 630 3878 Υἱός
689 3816 839 3867 ἐστιν
896 3814 1030 3867 Θεοῦ
1080 3816 1110 3866 6
1163 3813 1452 3885 ὀμοιωθεὶς
1500 3812 1580 3882 τῷ
1634 3812 1751 3884 Θεῷ
1794 3813 1860 3867 δι’

279 3909 635 3977 ἀγαθότητος,
672 3906 767 3959 καὶ
796 3905 897 3976 τῆς
925 3904 1137 3974 σοφίας,
1166 3907 1260 3959 καὶ
1298 3905 1601 3975 δυνάμεως,
1654 3906 1750 3958 καὶ
1786 3906 1863 3958 δι-

281 4018 346 4053 κα
356 4001 597 4069 ιοσύνης.

353 4089 460 4145 πθ’.
505 4090 680 4152 Νόσος
719 4088 838 4142 ἐστὶ
909 4086 1107 4157 ψυχῆς,
1138 4089 1171 4158 ὴ
1205 4089 1304 4158 τῆς
1347 4091 1545 4157 κακίας
1583 4093 1718 4161 ἕξις,
1765 4095 1863 4149 ea.

285 4196 439 4241 νατος
467 4180 530 4233 δὲ
564 4180 596 4249 ή
628 4181 749 4232 κατ’
775 4177 1051 4247 ἐνέργειαν
1082 4178 1347 4249 ἁμαρτία.
1464 4177 1474 4185 ’

356 4276 427 4338 ιιν.
472 4269 858 4341 Ἀκτημοσύνη
917 4271 1065 4324 ἐστὶν
1124 4272 1312 4343 νοητὴ,
1342 4274 1375 4342 ή
1405 4275 1672 4347 παντελὴς
1721 4277 1865 4331 ἀπά-

1959 3104 2169 3159 nentia.
2890 3149 2896 3155 .

2028 3194 2116 3248 85.
2153 3191 2437 3261 Equalem
2473 3190 2871 3246 continentiam
2925 3206 3143 3260 semper
3183 3190 3434 3254 observa,
3470 3207 3537 3245 ne

1959 3301 2058 3354 per
2095 3282 2526 3353 inmqualitatem
2549 3281 2605 3335 in
2634 3280 2916 3336 contraria
2949 3280 3180 3334 incidas.

2031 3377 2119 3430 86.
2172 3376 2252 3431 Ne
2292 3373 2670 3445 praevariceris
2699 3373 2956 3441 teipsum.
2990 3388 3116 3426 cum
3160 3373 3260 3427 tibi
3308 3374 3411 3443 ipsi
3458 3374 3539 3427 le-

1962 3483 2085 3537 gem
2113 3467 2412 3530 statueris;
2457 3465 2701 3534 seipsum
2731 3464 2877 3518 enim
2904 3462 3056 3518 falsis
3091 3464 3402 3519 rationibus
3420 3465 3539 3534 pal-

1963 3570 2120 3625 pans,
2152 3556 2396 3623 seipsum
2427 3552 2661 3607 seducit.

2032 3643 2119 3697 87.
2148 3641 2391 3697 OccaSus
2419 3640 2694 3710 Spiritales
2724 3647 2872 3700 sunt,
2911 3639 3111 3692 animae
3165 3639 3541 3707 perturbatio-

1962 3736 2129 3790 nibus
2154 3734 2413 3804 inquietae
2439 3750 2453 3798 ;
2483 3731 2561 3786 sol
2592 3731 2740 3785 enim
2760 3729 2990 3801 justitia:
3023 3730 3131 3783 illis
3169 3730 3393 3784 occidit.

2034 3825 2120 3879 88.
2155 3824 2332 3878 Filius
2360 3822 2457 3876 Dei
2483 3822 2609 3892 quis
2638 3830 2744 3885 est,
2773 3820 2844 3875 ob
2878 3820 3180 3874 bonitatem
3229 3831 3286 3874 et
3319 3822 3541 3890 sapien-

1967 3915 2121 3979 tiam,
2156 3922 2212 3968 et
2255 3911 2585 3983 potentiam,
2642 3918 2697 3965 et
2740 3910 3010 3981 justitiam
3030 3916 3079 3972 ο,
3103 3909 3301 3963 similis
3346 3912 3396 3966 ei
3457 3912 3540 3966 l‘a-

1964 4014 2109 4059 ctus.

2037 4093 2126 4148 89.
2161 4092 2379 4147 Malitize
2410 4091 2634 4145 habitus
2660 4089 2888 4144 morbus
2907 4095 2993 4143 est
3020 4088 3251 4154 animae;
3273 4103 3421 4142 mors
3441 4104 3543 4143 au-

1969 4194 2076 4239 tem
2102 4200 2204 4255 per
2232 4182 2609 4253 operationem
2637 4181 2847 4251 peccati
2878 4180 3251 4234 introducitur
3282 4191 3329 4234 P.

2033 4271 2122 4327 90.
2148 4272 2456 4340 Paupertas
2484 4269 2765 4339 spiritalis,
2789 4278 2874 4324 est
2892 4279 3270 4324 consummata
3296 4269 3546 4340 impassi-

288 4363 428 4425 θεια,
458 4363 582 4416 καθ’
623 4363 691 4431 ῆν
722 4361 1015 4429 γενόμενος
1046 4361 1074 4413 ὁ
1125 4361 1252 4424 νοῦς
1304 4362 1580 4435 ἀναχωρεῖ
1627 4366 1737 4418 τῶν
1777 4369 1853 4420 ὲν-

1974 4364 2201 4429 bilitas;
2235 4377 2357 4432 quae
2385 4363 2430 4416 si
2457 4361 2628 4416 menti
2659 4361 3006 4425 conceditur,
3034 4360 3104 4415 ab
3142 4360 3231 4415 his
3286 4376 3409 4431 qua:
3452 4361 3545 4415 hic

288 4454 483 4509 ταῦοα.

362 4546 472 4615 ιιαπ
514 4542 851 4615 Συμιρώνους
903 4543 1061 4614 τήρει
1098 4543 1198 4608 τὰς
1241 4544 1345 4614 τῆς
1384 4545 1565 4618 ψυχῆς
1628 4548 1862 4620 ἀρετάς.

291 4641 352 4691 ὲκ
408 4639 599 4692 τούτου
657 4638 765 4706 γὰρ
824 4635 1071 4689 τίκτεται
1124 4638 1152 4689 6
1210 4637 1308 4706 τῆς
1355 4636 1700 4710 δικαιοσύνης
1729 4658 1864 4705 καρ-

291 4731 411 4783 πός.

361 4768 468 4891 ἰιβκ
501 4819 611 4891 Τὴν
672 4819 780 4872 τῶν
842 4818 1047 4890 νοητῶν
1104 4817 1359 4890 θεωρίαν,
1389 4819 1678 4890 ἀσώματον
1725 4816 1865 4876 εἷναί

293 4927 475 4979 φασιν,
502 4910 578 4973 ὼς
611 4910 743 4980 ὕλης
771 4911 866 4963 καὶ
902 4911 1079 4973 εἴδους
1104 4910 1284 4979 πάντη
1309 4910 1758 4983 ἀπηλλαγμένην.

365 5097 473 5161 κγ’.
504 5092 719 5162 Ὥσπερ
756 5090 825 5145 τὰ
855 5091 1098 5157 τέσσαρα
1126 5094 1365 5162 στοιχεῖα
1392 5086 1457 5143 ὲκ
1479 5091 1579 5161 τῆς
1614 5090 1748 5160 ὕλης
1778 5093 1872 5145 καὶ

1972 4468 2120 4524 sunt,
2145 4458 2376 4514 secedit.

2041 4552 2129 4606 91.
2161 4548 2444 4604 Consonas
2496 4546 2695 4601 anima:
2726 4545 2962 4601 virtutes
2987 4545 3244 4601 custodi:
3297 4562 3363 4601 ex
3409 4547 3543 4617 ipsis

1972 4646 2120 4700 enim
2150 4642 2399 4698 nascitur
2420 4640 2634 4694 fructus
2664 4637 2911 4709 iustitiae.

2039 4822 2128 4877 92.
2161 4818 2695 4889 Contemplationem
2722 4832 2913 4872 eorum
2955 4831 3077 4886 quae
3094 4831 3250 4871 mens
3281 4815 3543 4886 concipit,

1978 4916 2134 4970 aiunt
2181 4912 2408 4967 omnino
2436 4910 2823 4980 incorpoream
2864 4924 3007 4973 esse,
3041 4916 3231 4976 utpote
3261 4923 3385 4976 quae
3413 4907 3484 4961 sit
3515 4923 3546 4960 a

1976 5004 2206 5060 materia
2238 5003 2523 5072 formaque
2558 5001 2884 5056 abalienata.

2047 5093 2137 5150 9'5.
2172 5093 2327 5148 Sicut
2352 5099 2588 5161 quatuor
2616 5090 2886 5144 elementa
2911 5104 2976 5143 ex
3008 5086 3237 5141 materia
3271 5094 3326 5139 et
3347 5084 3543 5145 forma,

241 5185 248 5191 ’
297 5184 390 5236 τοῦ
421 5184 594 5247 εἴδους
625 5202 638 5216 ο
673 5183 845 5246 οὕτως
876 5185 971 5237 καὶ
993 5184 1062 5236 τὰ
1088 5184 1148 5248 ἐξ
1177 5184 1358 5237 αὐτῶν
1390 5185 1619 5255 σώματα
1663 5188 1726 5240 ἐκ
1763 5186 1853 5239 τῶε

1973 5188 2053 5242 sic
2081 5194 2137 5241 et
2165 5199 2398 5254 corpora
2451 5198 2571 5251 qtue
2605 5196 2670 5235 ex
2704 5180 2838 5249 ipsis
2868 5187 3014 5240 sunt,
3084 5194 3151 5232 ex
3184 5178 3316 5247 ipsis
3382 5177 3546 5229 etiam

298 5275 477 5327 αὐτῶν
514 5275 864 5340 συνέστηκεν.

373 5368 472 5431 ιιδν.
531 5367 674 5437 Σάρξ
742 5366 1035 5436 γενόμενος
1084 5366 1173 5421 διὰ
1228 5367 1328 5439 τὴν
1376 5367 1786 5438 φιλανθρωπίαν
1844 5370 1873 5421 6

305 5467 497 5533 Λόγος,
521 5464 644 5517 οὔτε
672 5464 699 5517 ὃ
738 5461 804 5535 ἦν
834 5461 1284 5534 μετέϐαλεν,-οὺδ’
1317 5460 1344 5513 ὃ
1372 5462 1615 5529 γέγονεν,
1650 5459 1874 5527 ἠλλοίω-

312 5570 418 5612 σεν.

1976 5286 2107 5332 sunt
2135 5276 2454 5332 constituta.

2051 5369 2141 5422 94.
2164 5366 2406 5421 Verbum
2424 5372 2646 5433 propter
2664 5359 3100 5415 misericordiam
3124 5373 3254 5414 caro
3278 5357 3476 5411 factum
3496 5367 3546 5418 ει,

1981 5473 2158 5527 neque
2189 5455 2337 5526 quod
2368 5462 2485 5509 erat
2512 5450 2918 5515 transmutavit,
2943 5466 3121 5521 neque
3149 5449 3293 5520 quod
3322 5448 3547 5508 factum,

1980 5546 2251 5603 alteravit.

367 5681 394 5713 υ
420 5672 611 5731 Matth.
636 5690 708 5739 tv,
745 5668 830 5726 l7.
915 5673 940 5712 ιι
974 5671 1119 5727 Psal.
1155 5686 1275 5737 Lxx,
1310 5670 1397 5735 18,
1436 5668 1517 5723 19.
1600 5678 1624 5718 P
1657 5667 1853 5721 Rom.v

1949 5666 2008 5721 23.
2089 5674 2114 5712 οι
2143 5661 2299 5716 Joan.
2333 5674 2367 5723 ι,
2406 5657 2489 5709 14.
