4052 6372
360 423 427 489 14
443 423 499 487 ιε)

1704 408 2093 476 CENTURIA
2134 406 2248 470 III.

3499 402 3638 473 1450

431 536 498 590 θ’.
556 535 713 588 Κίνει
743 534 833 587 τὸν
881 533 1007 587 νοῦν
1053 531 1134 594 εὶς
1194 528 1501 602 προσευχὴν
1537 527 1799 597 συνεχῶς,
1852 525 1945 576 καὶ

2120 521 2173 574 9.
2201 520 2438 575 Mentem
2480 514 2701 575 assidue
2715 519 2791 593 ad
2818 518 3089 575 orandum
3122 517 3392 585 incita,ut
3421 520 3632 591 cegitaa

357 626 693 699 διαφθείρεις
738 628 864 689 τοὺς
906 625 1201 695 λογισμοὺς
1254 612 1567 692 ἐφεστῶτας
1622 622 1690 689 τῇ
1726 616 1939 687 καρδίᾳ.

433 727 487 774 ι’.
552 720 865 788 ’Υπομονῆς
919 719 1088 770 δεῖται
1118 716 1213 770 καὶ
1254 712 1636 783 μακροθυμίας
1674 710 1940 779 ἄσκησις·

358 809 549 882 χρονίᾳ
575 809 681 878 γὰρ
715 808 1001 877 φιλοπονίᾳ
1026 803 1305 876 φιληδονία
1334 802 1658 872 ὲξορίζεται.

433 997 522 1046 ια’.
552 989 610 1043 Ῥ
620 990 777 1060 ᾳδίως
794 986 1047 1059 γυμνάζῃ
1065 988 1144 1050 εἰς
1167 986 1292 1049 τοὺς
1309 986 1404 1056 τῆς
1420 984 1705 1052 ἀσκήσεως
1727 979 1944 1044 πόνους,

361 1083 460 1138 ἐὰν
483 1083 659 1137 πάντα
680 1081 757 1152 τῷ
785 1080 969 1151 μέτρῳ
1002 1079 1094 1132 καὶ
1127 1077 1312 1131 κανόνι
1340 1074 1633 1145 διαπράξῃ.

422 1256 526 1327 ἰβ’.
555 1256 699 1308 Ἴσον
725 1256 783 1307 τὸ
814 1254 1009 1325 μέτρον
1032 1253 1127 1323 τῆς
1156 1253 1444 1321 ἀσκήσεως
1462 1250 1720 1320 φύλαττε,
1745 1250 1841 1302 καὶ
1872 1248 1948 1320 μὴ

360 1346 534 1420 λύσῃς
566 1348 768 1402 κανόνα
799 1347 957 1410 ἐκτὸς
983 1346 1083 1416 τῆς
1114 1344 1380 1416 ἀνάγκης.

439 1533 528 1595 ιγ’.
564 1527 780 1595 ’Ὠσπερ
810 1525 1109 1595 λογισμοὺς
1134 1524 1387 1595 καθαίρει
1407 1523 1593 1594 ἀγάπη
1618 1523 1713 1576 καὶ
1743 1523 1949 1592 ἐγκρά-

362 1632 508 1682 τεια,
559 1618 731 1680 οὕτως
782 1620 892 1672 πᾶν
943 1619 1146 1688 ὕψωμα
1203 1617 1568 1686 ἐπαιρόμενον
1612 1614 1813 1684 θεωρία
1855 1613 1949 1665 καὶ

363 1708 664 1782 προσευχὴ.
969 1768 981 1776 ,
1044 1702 1057 1709 ”

440 1798 522 1853 ιδ’.
582 1798 897 1867 Συνείδησιν
954 1796 1204 1867 καθαρὰν
1265 1796 1419 1850 πόνοι
1468 1792 1716 1848 ποιοῦσιν
1775 1795 1948 1864 ἀσκή-

367 1904 531 1954 σεως,
589 1885 701 1944 οἷον
748 1866 992 1961 νηστεία,
1050 1866 1347 1959 ἀγρυπνία,
1417 1889 1690 1958 ὑπομονὴ,
1738 1905 1950 1959 μακρο-
1983 1866 2025 1924 Β

365 1980 562 2052 θυμία.

440 2068 524 2125 ιε’.
578 2072 637 2125 '0
676 2072 785 2126 τῶν
827 2073 1102 2128 ἀκουσίων
1141 2072 1466 2146 πειρασμῶν
1512 2072 1612 2134 τὰς
1657 2071 1951 2140 ἐπαγωγὰς

364 2162 677 2232 ὑπομένων,
725 2166 1130 2236 ταπεινόφρων,
1179 2167 1274 2218 καὶ
1302 2165 1545 2234 δόκιμος,
1595 2165 1690 2217 καὶ
1734 2162 1951 2227 εὔελπις

361 2257 599 2324 γίνεται.

447 2348 545 2414 ις’.
581 2349 858 2420 Ὑπομονή
889 2353 1036 2403 ἐστιν
1067 2348 1353 2419 φιλοπονία
1384 2348 1564 2421 ψυχῆς
1585 2366 1598 2379 ³
1638 2350 1952 2404 συνίσταται

361 2446 428 2501 δὲ
484 2444 626 2516 αὕτη
680 2444 739 2511 ἐξ
788 2446 1052 2499 ἑκουσίων
1120 2444 1299 2498 πόνων
1351 2444 1445 2497 καὶ
1500 2443 1774 2497 ἀκουσίων
1833 2460 1954 2495 πειο

367 2556 620 2610 ρασμων.

445 2721 532 2784 ιζ.
578 2717 765 2769 Τίκτει
806 2715 1043 2770 ἀκακίαν
1092 2716 1125 2785 ἡ
1168 2714 1276 2768 τῶν
1309 2714 1497 2767 δεινῶν
1529 2714 1819 2785 καρτερία,
1864 2703 1957 2768 καὶ

364 2809 672 2864 ἀπόλλυσιν
712 2809 912 2871 κακίας
943 2809 1024 2871 εἰς
1052 2808 1113 2860 τὸ
1150 2807 1302 2870 τέλος
1341 2808 1373 2877 ἡ
1417 2806 1579 2877 μέχρι
1605 2805 1794 2868 τέλους
1823 2806 1957 2859 ὐπο-

368 2904 537 2973 μονή.

446 2994 540 3067 ιη’.
587 2996 849 3067 Αἴσθησιν
901 2994 1063 3067 ὀδυνᾷ
1110 2993 1291 3047 πόνων
1317 2992 1604 3062 ἐπαγωγὴ,
1634 2992 1730 3045 καὶ
1765 2990 1959 3062 ἡδονὴν

368 3094 592 3163 ἀναιρεί
616 3091 793 3161 λύπης
813 3090 1072 3161 ἐπιφορά.

2052 613 2232 667 tiones
2273 613 2329 667 in
2368 622 2593 683 pectore
2622 613 2982 667 ob'versanles
3010 610 3331 681 disperdere
3362 625 3557 680 queas.

2119 704 2205 758 10.
2240 703 2579 759 Exercitatio
2608 703 2887 773 religiosa,
2916 701 3183 772 patientia
3215 716 3355 771 opus
3374 700 3541 757 habet
3568 709 3635 756 ae

2047 794 2496 865 longanimitate;
2527 796 2828 865 voluptatis
2867 794 3017 849 enim
3050 809 3225 857 amor,
3273 793 3443 849 multa
3474 793 3633 849 laboﬁ

2049 886 2128 940 ris
2158 886 2480 942 assiduitate
2513 887 2567 941 in
2589 886 2847 943 exsilium
2879 886 3137 940 mittitur.

2122 975 2208 1028 ll.
2256 975 2435 1030 Facile
2484 976 2653 1047 hujus
2685 976 3105 1031 exercitationis
3138 976 3354 1031 labores
3386 975 3635 1031 eXantltP

2050 1063 2159 1127 bis,
2198 1065 2242 1119 si
2270 1065 2337 1119 ad
2366 1081 2684 1120 mensuram
2709 1075 2765 1122 et
2794 1068 3037 1137 regulam
3067 1081 3237 1138 opera
3261 1075 3355 1121 tua
3385 1067 3634 1138 perfece-

2051 1156 2150 1209 ris.

2122 1247 2209 1300 12.
2258 1244 2545 1317 Equalem
2613 1247 2717 1318 pia:
2754 1248 3169 1304 exercitationis
3213 1264 3530 1305 mensuram
3577 1244 3636 1305 in

2051 1340 2311 1397 omnibus
2370 1356 2552 1407 serva,
2584 1342 2692 1396 nisi
2736 1342 2808 1396 ob
2852 1343 3281 1399 inexcusabilem
3330 1343 3631 1400 necessita-I

2054 1440 2162 1487 tem
2194 1434 2440 1504 regulam
2476 1434 2658 1489 solvas
2684 1435 2996 1491 minimum.

2124 1526 2213 1580 15.
2247 1526 2317 1581 Ut
2345 1525 2685 1581 continentia
2732 1534 2787 1581 et
2816 1526 3058 1581 Charitas
3093 1525 3392 1596 puriﬁcant
3420 1525 3633 1596 cogita:

2056 1616 2256 1680 tiones,
2286 1617 2356 1670 ita
2385 1632 2603 1671 onmem
2641 1618 2958 1686 superbiam
3016 1617 3217 1672 tollunt
3246 1618 3640 1687 contemplatio

2055 1722 2395 1775 prccumque
2422 1706 2652 1776 puritas.

2128 1798 2215 1851 14.
2253 1796 2659 1853 Conscientiam
2684 1814 2877 1868 puram
2903 1794 3115 1853 faciunt
3133 1797 3353 1854 labores
3375 1798 3630 1854 monastL

2053 1891 2125 1944 ci.
2161 1892 2352 1960 quales
2380 1900 2511 1946 sunt
2558 1892 2856 1962 jejunium,
2889 1892 3111 1963 vigiliae,
3135 1893 3401 1964 patientia
3433 1895 3639 1954 etlonl

2052 1982 2366 2052 ganimitas.

2130 2072 2214 2125 15.
2242 2070 2348 2136 Qui
2387 2070 2880 2126 involuntariarum
2916 2075 3284 2130 tentationum
3318 2077 3504 2148 plagas
3545 2089 3644 2150 pa-

2056 2164 2257 2220 tienter
2300 2166 2442 2229 lcrt,
2488 2165 2770 2220 modestus
2824 2176 2881 2221 et
2931 2168 3217 2238 probatus,
3260 2181 3432 2241 atque
3488 2171 3650 2231 bontB

2054 2258 2170 2326 spei
2206 2257 2291 2310 vir
2321 2258 2447 2311 erit.

2128 2347 2213 2402 16.
2251 2335 2521 2402 Patien'tia
2555 2347 2756 2419 gaudet
2803 2353 2860 2405 in
2916 2342 3162 2408 ferendis
3188 2353 3472 2413 laboribus
3524 2356 3646 2413 anis

2057 2453 2180 2501 man.
2228 2439 2593 2509 consistitque
2641 2440 2695 2493 in
2726 2441 3127 2498 tentationibus
3159 2454 3215 2499 et
3242 2445 3525 2503 laboribus
3548 2439 3646 2520 qui

2056 2537 2253 2596 sponte
2312 2529 2714 2599 suscipiuntur,
2758 2539 2812 2584 et
2848 2531 3249 2588 tentationibus
3293 2551 3417 2605 quae
3457 2538 3649 2594 invitis

2057 2619 2337 2674 accidunt.

2134 2711 2221 2764 17.
2244 2710 2562 2767 Tolerantia
2583 2728 2766 2768 rerum
2791 2713 3041 2785 gravium
3065 2712 3214 2785 parit
3242 2713 3644 2784 innocentiam;

2061 2803 2376 2857 constantia
2406 2812 2591 2858 autem
2619 2804 2675 2858 in
2730 2804 2839 2861 ﬁne
2864 2821 3041 2876 usque
3069 2820 3432 2877 perseverans
3462 2812 3646 2865 omni-

2059 2911 2133 2949 no
2166 2895 2430 2950 malitiam
2478 2897 2829 2952 exterminat.-

2135 2986 2223 3041 18.
2276 2988 2453 3058 Plagae
2513 2988 2774 3044 immissae
2819 3004 3016 3046 sensus
3067 2989 3339 3062 amigunt,
3399 2994 3492 3047 sed
3548 3007 3653 3049 vos

2062 3079 2246 3150 luptas
2299 3081 2519 3137 tristitia
2553 3066 2719 3136 illata
2747 3083 2980 3138 tollitur.

449 3181 536 3237 ιθ’.
593 3180 850 3250 Τέσσαρά
899 3180 1014 3231 ἐστι
1058 3176 1396 3245 γενικώτατα
1431 3174 1601 3246 πάθη,
1655 3173 1738 3239 οἷς
1781 3173 1959 3243 σοφῶς

2136 3173 2224 3228 l9.
2256 3172 2506 3240 Quatuor
2563 3185 2694 3229 sunt
2738 3176 3024 3246 generales
3077 3166 3400 3235 affectiones
3449 3178 3656 3249 quibus

373 3273 501 3329 κατῗ
533 3273 776 3343 ἀλλήλων
812 3272 1032 3324 ὑπόνοια
1064 3269 1347 3339 κέχρηται.

448 3372 521 3420 κ’.
562 3363 784 3434 Ἡδονὴν
837 3362 946 3433 γάρ
1007 3361 1288 3415 συστέλλει
1333 3359 1516 3428 λύπης
1545 3356 1830 3427 ἐπαγωγὴ,
1867 3355 1962 3410 καὶ

375 3454 677 3524 ἐπιθυμίαν
716 3454 973 3525 μαραίνει
1005 3453 1169 3524 φόϐος
1208 3452 1507 3507 κολάσεων.

449 3636 557 3691 κα’.
583 3634 728 3699 Νοῦς
766 3636 1031 3707 φρόνιμος
1048 3633 1314 3704 γυμνάζει
1342 3628 1529 3703 ψυχὴν
1543 3630 1730 3696 αὐτοῦ,
1760 3630 1854 3684 καὶ
1881 3631 1961 3693 είς

376 3729 568 3782 πᾶσαν
596 3728 830 3799 ἄσκησιν
862 3726 1030 3791 ἐθίζει
1060 3726 1121 3779 τὸ
1149 3725 1310 3796 σῶμα
1344 3724 1532 3778 αὑτοῦ.

451 3818 555 3888 κβ’.
589 3818 834 3871 Σπεῦσον
856 3815 1026 3881 δεῖξαι
1059 3817 1314 3887 μοναχὸν,
1362 3815 1436 3885 μὴ
1491 3815 1579 3868 τὸν
1605 3813 1709 3879 ἔξω
1747 3810 1960 3883 ἀνθρω-

376 3926 504 3975 πον,
532 3907 670 3962 ἀλλά
694 3910 787 3961 καὶ
821 3909 914 3961 τὸν
943 3907 1054 3960 ἔσω
1077 3907 1188 3960 τῶν
1218 3906 1407 3959 παθῶν
1436 3904 1815 3967 ἀπαλλάττων.

455 4096 561 4156 κγ’.
605 4068 901 4157 Ἀποταγὴν
944 4087 1137 4158 πρώτη
1173 4088 1203 4158 ἡ
1246 4086 1355 4140 τῶν
1407 4086 1751 4158 πραγμάτων
1785 4085 1962 4140 ἀπαλ-

377 4178 547 4247 λαγὴ,
593 4176 821 4249 δευτέρα
849 4176 907 4230 δὲ
947 4176 1041 4230 καὶ
1071 4176 1229 4249 τρίτη
1270 4179 1303 4237 ἠ
1351 4176 1460 4230 τῶν
1494 4174 1685 4229 παθῶν
1724 4176 1816 4229 καὶ
1861 4174 1962 4243 τῆς

378 4270 630 4338 ἀγνοίας.

457 4382 556 4435 κδ’.
601 4381 828 4451 Ῥᾳδίως
857 4398 939 4443 τις
969 4380 1253 4451 βουληθεὶς
1282 4382 1393 4434 τῶν
1416 4376 1758 4453 πραγμάτων
1790 4382 1963 4436 ἁπαλ-

380 4470 659 4535 ).άττεται,
720 4470 821 4522 οὐκ
870 4470 1037 4541 ὀλίγῳ
1083 4470 1140 4523 δὲ
1194 4471 1446 4539 καμάτῳ,
1494 4470 1603 4524 τῶν
1632 4470 1770 4541 πρὸς
1825 4472 1963 4525 αὐτὰ

382 4563 751 4635 παθημάτων.

457 4689 556 4736 κε’.
588 4648 821 4750 Κρατῶν
851 4681 1167 4751 ἐπιθυμίας,
1201 4682 1295 4734 καὶ
1325 4680 1498 4752 θυμοῦ
1529 4681 1790 4753 περιέσῃσ
1828 4682 1968 4753 αὓτη

382 4772 498 4843 γάρ
526 4773 672 4827 αἰτία
701 4772 799 4843 τῆς
823 4773 915 4825 τοῦ
952 4772 1124 4842 θυμοῦ
1164 4774 1431 4842 ταραχῆς.

462 4983 573 5041 κς·’.
607 4972 753 5040 ’Λρα
783 4975 1179 5043 ἀπηλλάγημεν
1218 4972 1326 5026 τῶν
1365 4972 1629 5041 ὲμπαθῶν
1657 4973 1967 5043 νοημάτων,

383 5074 486 5123 καὶ
512 5069 610 5137 τῆς
640 5067 887 5135 καθαρᾶς
919 5067 1011 5119 καὶ
1048 5066 1218 5120 ἀΰλου
1260 5064 1605 5135 ἀπολαύομεν
1637 5065 1969 5134 προσευχῆς,

391 5162 421 5231 ἡ
448 5159 601 5214 οὔπω
625 5176 640 5225 ;
1542 5234 1551 5241 ι

460 5270 566 5337 κζ’.
603 5271 793 5343 Μέγας
834 5272 977 5335 νοῦς,
1023 5273 1050 5324 ὁ
1092 5271 1200 5325 τῶν
1249 5272 1437 5325 παθῶν
1480 5271 1836 5340 ἀπαλλαγεὶς,
1879 5274 1973 5327 καὶ

386 5354 501 5417 τῶν
532 5364 705 5418 όντων
727 5364 1038 5435 κωρισθεὶς,
1085 5364 1177 5416 καὶ
1223 5366 1280 5417 ἐν
1308 5364 1386 5434 τῷ
1416 5363 1534 5434 Θεῷ
1564 5363 1789 5432 διάγων.

464 5546 572 5612 κη’.
628 5541 716 5593 Ἐν
751 5543 861 5603 τοῖς
897 5539 1044 5610 τρισὶ
1073 5538 1287 5597 τούτοις
1317 5544 1343 5594 ὁ
1394 5540 1721 5600 προκόπτων
1752 5540 1973 5609 φιλοσο-

388 5636 505 5705 φεῖ,
559 5634 619 5686 ὲν
650 5636 768 5698 ταῖς
798 5633 1061 5699 ἐντολαῖς,
1107 5635 1166 5687 ἐν
1207 5637 1321 5699 τοῖς
1361 5634 1618 5704 δόγμασι,
1657 5633 1750 5687 καὶ
1796 5636 1853 5687 ἐν
1902 5638 1971 5707 τῇ

389 5724 574 5780 πίστει
600 5726 700 5793 τῆς
723 5726 977 5795 Τριάδος.

464 5818 566 5874 κθ’.
602 5818 745 5880 Νοῦς
777 5817 965 5871 παθῶν
1001 5820 1309 5889 γυμνωθεὶς
1358 5823 1414 5875 ἐν
1464 5821 1677 5884 τούτοις
1720 5822 1969 5893 εὑρίσκε-

713 5911 983 5974 PATROL.
1013 5913 1127 5973 GR.
1181 5915 1333 5975 XCI.

2070 3264 2370 3332 prudentia
2406 3266 2686 3335 sapienter
2704 3267 2946 3322 vicissim
2975 3282 3074 3324 usa
3105 3280 3209 3325 est.

2142 3356 2230 3409 20.
2269 3356 2619 3427 Voluptatem
2648 3360 2798 3413 enim
2840 3360 3066 3414 tristitia
3086 3362 3489 3431 superveniens
3510 3361 3655 3417 fran-

2070 3448 2149 3519 git
2191 3456 2248 3502 et
2274 3450 2572 3518 contrahit;
2609 3451 3117 3522 concupiscentiam
3151 3467 3285 3507 vero
3322 3463 3503 3507 metus
3524 3454 3651 3509 vine

2071 3540 2232 3595 dictae
2262 3539 2466 3595 abolet.

2141 3629 2235 3683 21.
2257 3620 2411 3683 Mens
2433 3626 2725 3697 prudentis
2754 3630 2993 3685 animam
3019 3647 3175 3687 suam
3198 3644 3437 3697 exercet,
3460 3642 3658 3690 etcoro

2073 3734 2177 3793 pus
2205 3736 2366 3776 suum
2415 3720 2565 3774 omni
2588 3722 2692 3791 piae
2718 3724 3107 3778 exercitationi
3143 3724 3460 3778 assuefacit.

2141 3812 2232 3866 22.
2265 3812 2504 3882 Propera
2550 3823 2612 3867 ut
2648 3814 2980 3869 monachum
2996 3814 3075 3870 'te
3104 3815 3387 3883 ostendas,
3417 3830 3529 3870 non
3557 3828 3659 3889 exs

2076 3905 2333 3960 teriorcm
2360 3903 2663 3970 hominem,
2710 3906 2806 3960 sed
2842 3906 3167 3962 interiorem
3229 3907 3299 3963 ab
3341 3906 3656 3963 ati‘ectioni-l

2072 3997 2179 4051 bus
2208 3995 2520 4051 alienando.

2143 4093 2236 4149 25.
2272 4094 2562 4149 Abdicatio
2597 4096 2775 4165 prima
2804 4104 2889 4151 est
2918 4100 2976 4150 ut
2996 4093 3122 4164 quis
3141 4094 3211 4149 a‘b
3249 4094 3534 4165 operibus,
3566 4108 3658 4150 se:

2070 4187 2252 4243 cunda
2274 4188 2343 4243 ab
2365 4186 2772 4252 affectionibus,
2798 4187 2958 4241 tertia
2992 4195 3054 4241 ut
3086 4186 3156 4242 ab
3178 4187 3489 4258 ignorantia
3512 4185 3659 4241 liber

2074 4277 2184 4332 ﬁat.

2058 4408 2075 4413 -
2145 4385 2235 4441 24.
2270 4382 2327 4440 Si
2351 4386 2475 4455 quis
2499 4384 2667 4450 volet,
2703 4385 2863 4442 facile
2898 4403 2928 4441 a
2952 4388 3112 4443 malis
3138 4389 3401 4460 operibus
3436 4391 3657 4450 alienus

2071 4479 2207 4543 erit;
2236 4478 2333 4532 sed
2368 4492 2478 4532 non
2513 4477 2643 4531 item
2671 4492 2842 4546 parvo
2865 4480 3054 4535 labore
3075 4481 3145 4535 2b
3163 4483 3485 4539 eorumdem
3518 4470 3659 4542 υσε-

1998 4550 2049 4611 Ῑ)
2079 4571 2380 4627 ctionibus.

2142 4687 2232 4740 25.
2255 4686 2311 4741 Si
2335 4688 2576 4757 imperas
2598 4687 3081 4757 concupiscentiis,
3106 4688 3397 4745 eobibebis
3413 4699 3468 4746 et
3494 4692 3656 4760 iram;

1998 4776 2021 4793 ‘
2071 4793 2199 4830 nam
2264 4778 2458 4832 eadem
2533 4778 2603 4833 de
2670 4792 2836 4833 causa
2897 4778 3025 4847 quis
3084 4788 3137 4835 et
3213 4781 3294 4835 ira
3354 4784 3659 4840 conturba-

2073 4877 2184 4923 tur.

2141 4982 2230 5035 26.
2260 4982 2342 5037 An
2368 4998 2477 5037 non
2499 4983 2719 5038 liberati
2746 4999 2773 5037 a
2806 4983 3240 5054 cogitationibus
3267 4999 3391 5055 qua:
3416 4986 3657 5045 animam

2074 5074 2343 5139 afﬁciunt,
2384 5076 2638 5145 ,spiritali
2698 5077 2865 5131 etiam
2922 5090 2987 5130 ac
3034 5092 3170 5145 pura
3224 5078 3480 5133 oratione
3513 5079 3657 5133 frnia

2074 5165 2237 5218 mur?

2142 5277 2231 5331 27.
2262 5277 2451 5345 Magna
2474 5275 2705 5346 quidem
2725 5291 2882 5331 mens
2910 5292 3033 5347 qua-
3062 5277 3131 5332 ab
3158 5276 3550 5338 atl'ectionibus
3574 5282 3659 5338 est

2073 5367 2269 5433 libera,
2300 5378 2355 5423 et
2375 5378 2717 5439 sequestrata
2751 5378 2834 5424 est
2859 5369 2927 5423 ab
2958 5370 3046 5425 his
3072 5386 3197 5441 quae
3213 5380 3364 5437 sunt,
3388 5382 3445 5428 et
3468 5374 3524 5429 in
3545 5370 3661 5431 Deo

2078 5471 2139 5509 νο
2147 5466 2294 5510 1⁸33111
2305 5474 2350 5510 Γ.

2143 5547 2234 5602 28.
2284 5548 2578 5618 Sapientia:
2609 5559 2789 5616 vacat,
2824 5553 2918 5622 qui
2945 5553 3000 5607 in
3043 5554 3223 5609 tribus
3278 5554 3519 5624 prolicit,
3602 5558 3658 5611 in

2075 5639 2348 5695 mandatis
2371 5642 2600 5708 scilicet,
2628 5637 2914 5710 doctrinis,
2945 5652 3002 5699 et
3030 5644 3088 5700 in
3108 5643 3216 5701 fide
3245 5645 3553 5702 Trinitatis.

2155 5820 2246 5876 29.
2301 5821 2455 5901 Mens
2483 5820 2873 5879 aﬂ‘ectionibus
2903 5831 3066 5880 exuta
3089 5824 3145 5880 in
3180 5823 3302 5880 istis
3324 5824 3664 5891 invenietur,

2546 5938 2553 5941 ν
3142 5915 3222 5978 1ιὸ
