4052 6428
499 421 628 488 1251

1753 429 2150 488 'l‘llALASSII
2195 391 2511 492 ᾸΒΒΑἹῚΞ

3606 441 3626 502 l
3641 444 3718 504 l5}.

493 543 546 592 in
581 541 836 595 tenuibus
881 541 1327 610 cogitationibus,
1368 543 1827 611 contemplatione
1875 543 2071 594 borum

2176 561 2286 610 ται,
2316 549 2372 598 ὲν
2399 552 2507 610 τοῖς
2539 549 2710 618 ψιλοῖς
2739 555 2996 622 νοήμασι,
3023 553 3081 604 ὲν
3107 555 3173 623 τῇ
3203 553 3405 623 θεωρίᾳ
3437 554 3541 606 τῶν
3562 555 3723 620 ὅντων,

487 652 604 704 qua!
649 647 798 699 sunt,
832 646 889 690 et
944 639 1153 691 lumine
1206 640 1413 692 nullam
1482 641 1754 691 refert-nte
1809 637 2069 706 sper-itm.

561 727 650 782 5t).
679 729 921 784 Occulta:
951 739 1080 784 sunt
1111 731 1166 784 in
1189 731 1480 786 animabus
1506 731 1709 786 nostris
1748 731 2072 785 allectiones

490 823 768 892 pessima:
795 823 1284 892 deprehenduntur
1309 833 1492 878 autem
1519 823 1610 878 ubi
1625 839 1791 893 opera
1814 823 1870 876 in
1891 823 2068 876 lucem

491 915 819 984 prodierint.

556 1005 644 1058 51.
673 1005 1068 1074 imperturbata
1083 1012 1265 1059 manet
1292 1004 1586 1074 aliquando
1607 1019 1780 1069 mens,
1808 1004 2073 1072 tranquil-

487 1097 698 1150 litatem
735 1096 970 1164 aliquam
1021 1097 1412 1165 particularem
1445 1107 1616 1150 nacta
1647 1113 1658 1147 :
1689 1095 1934 1164 quandiu
1986 1104 2068 1150 ta-

489 1203 613 1241 men
645 1187 843 1242 absunt
876 1202 1062 1256 opera,
1097 1187 1327 1256 probata
1361 1203 1468 1240 non
1505 1196 1608 1242 est.

555 1279 644 1332 52.
663 1279 765 1332 Per
799 1278 921 1344 tria,
941 1279 1156 1332 scilicet
1177 1279 1520 1342 memoriam,
1551 1277 1930 1332 habitudinem
1949 1293 2070 1332 cor-

489 1369 638 1437 poris
663 1377 718 1423 et
746 1383 962 1432 sensus,
1001 1377 1059 1422 ut
1085 1368 1405 1438 praedictum
1441 1376 1544 1428 est,
1573 1368 1884 1422 excitantur
1923 1369 2058 1422 alre-

419 1520 437 1540 \
487 1463 716 1517 ctiotics.

556 1553 647 1606 55.
680 1552 851 1617 Mens,
877 1552 1168 1607 custoditis
1201 1551 1455 1606 sensibus
1487 1559 1542 1605 et
1570 1550 1819 1620 corporis
1844 1549 2068 1603 habitu-

488 1647 638 1710 dine,
671 1647 726 1700 in
783 1645 1156 1700 obedientiam
1190 1646 1395 1716 justam
1431 1643 1648 1698 ﬁrmata
1684 1641 1892 1696 bellum
1927 1642 2068 1713 gerit

485 1739 752 1793 adversus
783 1737 955 1792 solam
987 1737 1332 1792 memoriam.

556 1829 644 1883 54.
676 1829 723 1884 Α
752 1828 1010 1884 sensibus
1035 1829 1291 1883 oriuntur
1311 1828 1656 1895 aﬂ'ectiones,
1693 1831 1912 1902 quoties
1933 1844 2066 1883 con-

491 1921 721 1977 tinentia
750 1920 1123 1990 spiritalisque
1151 1920 1394 1976 Charitas
1426 1921 1729 1976 abt‘uerint.

557 2083 1017 2164 55.queratum
1049 2080 1344 2156 jejunium,
1391 2079 1594 2150 vigiliae
1643 2087 1699 2134 et
1749 2077 2067 2149 psalmodia:

486 2177 736 2250 parabile
769 2190 972 2244 corpus
1000 2174 1257 2228 reddunt.

556 2379 642 2433 56.
663 2376 922 2447 Corporis
936 2373 1319 2430 habitudinem
1335 2373 1438 2426 tria
1459 2371 1778 2426 indeterius
1809 2369 2064 2432 alterant,

482 2487 680 2542 nempe
709 2471 885 2524 diaetae
907 2465 1264 2532 inordinatio,
1294 2465 1421 2519 dein
1441 2463 1585 2518 aeris
1603 2461 1934 2528 immutatio,
1951 2470 2068 2514 tan-

484 2563 611 2618 dem
641 2571 696 2616 et
728 2559 1038 2614 daemonum
1073 2555 1379 2609 infestatio.

551 2652 642 2705 57.
673 2651 876 2704 Rerum
905 2645 1180 2702 memoria:
1206 2643 1411 2714 quibus
1444 2643 1764 2698 affectiones
1819 2643 2066 2698 excitan-

484 2756 594 2808 tur,
623 2742 902 2813 precibus,
928 2738 1186 2804 lectione,
1210 2737 1549 2792 continentia
1574 2751 1638 2791 ac
1665 2734 1933 2790 cbaritate
1963 2733 2066 2787 mi-

482 2851 554 2888 llll
565 2842 748 2888 untur.

553 2925 642 2980 58.
669 2925 876 2979 Sensus
902 2921 1142 2993 primum
1164 2921 1356 2978 claude
1380 2931 1438 2975 et
1463 2918 1773 2989 quietiores
1797 2913 1988 2978 facito,
2009 2919 2066 2967 et

481 3025 674 3087 postea
701 3015 870 3069 armis
893 3014 1164 3068 virtutum
1187 3011 1451 3066 adversus
1478 3025 1542 3065 ea
1565 3023 1688 3079 quae
1737 3005 2063 3061 memoriam

483 3103 768 3167 infestant,
799 3099 1073 3170 pr'aeliare.
1207 3092 1218 3098 ’

553 3193 645 3248 '59.-
667 3192 739 3247 Ut
768 3191 1160 3262 cogitationum
1195 3191 1423 3255 abusus,
1454 3188 1667 3243 malitia
1706 3195 1791 3241 est
1827 3200 2056 3252 earum;
2095 3220 2136 3277 ϐ

483 3287 558 3343 ita
585 3295 641 3342 et
664 3301 894 3356 operum
927 3285 1134 3340 abusus
1155 3283 1474 3340 eorumdem
1506 3289 1590 3337 est
1617 3279 1846 3335 malitia.

553 3481 643 3538 40.
669 3481 804 3536 Tam
833 3479 1227 3551 cogitationum
1256 3492 1424 3548 quam
1468 3489 1697 3548 operum
1723 3473 1949 3541 abusus,
1984 3481 2069 3530 est

483 3576 692 3634 eisdem
721 3591 832 3630 non
869 3573 1126 3645 religiose
1146 3581 1202 3628 et
1222 3573 1371 3644 juste
1401 3571 1502 3626 uti.

553 3761 643 3816 41.
675 3758 1012 3814 Atl'ectiones
1039 3764 1232 3822 turpes
1258 3754 1462 3810 mentis
1493 3751 1711 3808 vincula
1761 3731 1910 3816 sunt,
1936 3750 2064 3820 qui--

483 3855 588 3910 bus
617 3853 674 3907 in
706 3850 1024 3906 carnalibus
1051 3848 1314 3919 operibus
1345 3847 1650 3902 detinetur.

553 3945 641 3999 42.
681 3942 987 3998 Perfectum
1021 3940 1470 4010 tranquillitatem
1508 3946 1796 3992 assecutus
1826 3946 1930 4001 est,
1969 3936 2064 4006 qui

483 4051 662 4106 neque
711 4049 840 4103 erga
881 4047 1049 4102 opera
1105 4045 1286 4100 neque
1339 4044 1570 4099 operum
1608 4029 1900 4083 memorias
1947 4028 2065 4082 alli-

484 4131 652 4184 citur.
1437 4156 1440 4164 ·
1835 4173 1840 4182 .

553 4220 645 4274 45.
683 4215 877 4273 Anima
913 4215 1057 4269 bona
1095 4213 1406 4284 proximum
1433 4227 1594 4268 suum
1619 4211 1913 4270 beneﬂciis
1939 4226 2068 4282 pro-

485 4311 770 4382 sequitur:
799 4318 851 4363 et
879 4307 923 4362 si
957 4305 1232 4376 ingratum
1298 4305 1637 4374 experiatur,
1673 4304 2065 4384 longanimiter

484 4407 630 4469 fert;
676 4401 811 4472 quin
837 4400 1003 4454 etiam
1036 4398 1236 4452 tolerat
1271 4396 1632 4462 sustinenter,
1669 4397 1716 4452 si
1741 4397 1809 4451 ab
1834 4412 1902 4452 eo
1928 4397 2064 4470 quid

481 4494 740 4564 patiatur.

2173 639 2231 689 ἐν
2259 637 2338 708 τῷ
2365 640 2518 709 ἀϊδίῳ
2541 641 2700 708 φωτί.
3089 707 3094 710 _

2242 729 2306 783 λ’.
2347 732 2598 785 Κάκιστα
2640 733 2787 803 πάθη
2844 736 2902 786 ἐν
2950 737 3071 798 ταῖς
3123 735 3326 806 ψυχαῖς
3373 737 3726 810 ἠμῶνκέκρυ-

2174 840 2336 874 πται·
2381 824 2504 876 τότε
2543 824 2598 878 δὲ
2634 827 2912 894 φαίνεται,
2961 829 3090 882 ὅταν
3139 830 3208 882 τά
3257 830 3563 901 πράγματα
3601 833 3726 900 ἑλὲγ·

2173 933 2394 984 χωνται.
3383 937 3410 946 -

2243 1005 2352 1056 λα’·
2388 1006 2769 1076 ’Λνενὸχλητος
2815 1007 2964 1077 μένει
2996 1007 3110 1060 ἐσθ’
3138 1009 3229 1061 ὅτε
3257 1009 3286 1062 ὁ
3325 1009 3471 1070 νοῦς.
3523 1009 3729 1078 μερίκῆς

2171 1095 2347 1167 τυχὼν
2405 1097 2710 1160 ἀπαθείαςο
2766 1099 3025 1170 ἀδόκιμος
3077 1099 3132 1153 δέ
3179 1103 3329 1153 ἐστιν
3379 1101 3470 1152 διὰ
3501 1099 3596 1170 τὴν
3636 1099 3728 1154 τῶν

2173 1190 2516 1261 πραγμάτων
2551 1192 2845 1246 ἀπουσίαν.

2241 1279 2340 1348 λβ’.
2387 1279 2682 1340 Κένοῦνται
2722 1282 2792 1334 τά
2837 1280 2986 1352 πάθη
3031 1281 3120 1335 διὰ
3177 1283 3287 1336 τῶν
3312 1282 3484 1352 τρεῖν)
3528 1283 3729 1346 τούτων,

2170 1373 2263 1426 διά
2293 1389 2352 1426 τε
2385 1373 2487 1442 τῆς
2513 1375 2734 1443 μνήμης
2760 1375 2856 1426 καὶ
2888 1374 2984 1444 τῆς
3017 1375 3293 1445 κράσεως,
3323 1377 3418 1453 καὶ
3442 1374 3545 1444 τῆς
3565 1375 3731 1444 aiam;-

2172 1483 2331 1530 σεως,
2371 1467 2446 1528 ὡς
2486 1465 2836 1536 προείρηται.

2239 1556 2340 1624 λγ’.
2385 1559 2442 1608 ὐ
2469 1554 2593 1618 νοῦς
2627 1558 2726 1625 τήν
2754 1573 2812 1608 τε
2852 1556 3106 1626 αἴσθησιν
3135 1555 3496 1619 ἀποκλείσας,
3533 1556 3625 1610 καὶ
3648 1556 3732 1624 τὴν

2171 1648 2371 1716 κρᾶσιν
2409 1645 2698 1716 δμαλίσας,
2743 1647 2881 1717 πρδς
2914 1650 3084 1718 μόνην
3121 1646 3220 1720 τὴν
3253 1653 3484 1720 μνήμην
3518 1648 3626 1718 ἔχει
3656 1648 3736 1701 τὸν

2173 1739 2430 1808 πόλεμον.

2241 1830 2336 1883 λδ’.
2375 1829 2512 1883 Ὑπὸ
2534 1828 2644 1881 τῶν
2679 1827 2988 1899 αἰσθήσεων
3020 1831 3146 1883 τότε
3177 1829 3244 1882 τὰ
3272 1829 3421 1900 πάθη
3455 1826 3734 1891 κινοῦνται,

2169 1922 2406 1994 ὁπηνίκα
2450 1920 2748 1990 ἐγκράτεια
2795 1925 2871 1990 μὴ
2915 1925 3090 1993 παρῇ,
3145 1921 3238 1974 καὶ
3277 1921 3472 1991 ἀγάπη
3519 1934 3739 1989 πνευμα-

2168 2016 2314 2085 τική.

2238 2103 2334 2158 λε’.
2412 2103 2656 2174 Νηστεία
2718 2101 3052 2172 σύμμετρος,
3123 2103 3220 2157 καλ⁸
3289 2099 3595 2171 ἀγρυπνία,
3653 2097 3740 2150 καὶ

2166 2194 2454 2264 ψαλμῳδία
2531 2195 2773 2263 πέφυκεν
2854 2193 3137 2262 ὁμαλίζειν
3221 2192 3318 2262 τὴν
3386 2193 3587 2260 κρᾶσιν
3655 2187 3739 2240 τοῦ

2170 2285 2443 2356 σώματοςέ
3029 2284 3054 2292 ’

2237 2377 2346 2440 λς’.
2393 2375 2474 2429 Τὰ
2525 2375 2651 2445 τρία
2696 2374 2870 2429 ταῦτα
2911 2376 3008 2446 τὴν
3053 2376 3252 2446 κρᾶσιν
3302 2374 3450 2428 κατὰ
3488 2375 3550 2427 τὸ
3578 2375 3739 2444 χεῖρον

2166 2467 2326 2536 δῆλον
2359 2467 2440 2520 ὅτι
2480 2466 2806 2534 άλλοιοῦσιν,
2853 2469 2887 2538 ἡ
2927 2468 3025 2538 τῆς
3053 2467 3266 2536 διαίτης
3302 2465 3530 2531 ἀταξία,
3565 2467 3598 2535 ἡ
3642 2465 3763 2516 ’τῶν-

2167 2559 2348 2630 άέρων
2380 2559 2791 2630 μεταϐολὴ,καὶ
2821 2561 2853 2629 ἡ
2887 2558 2994 2612 τῶν
3025 2559 3298 2629 δαιμόνων
3327 2557 3543 2627 ὲπαφή.

2238 2651 2337 2714 λζ’.
2384 2651 2450 2704 Αἱ
2502 2650 2768 2721 ἐμπαθεῖς
2811 2651 3023 2720 μνῆμαι
3055 2649 3144 2703 διὰ
3182 2649 3392 2702 τούτων
3442 2647 3736 2718 ψιλοῦνται,

2165 2741 2254 2795 διὰ
2271 2741 2602 2812 προσευχῆς,
2624 2743 2719 2796 καὶ
2741 2741 3124 2810 ἀναγνώσεως,
3154 2741 3250 2794 καὶ
3273 2739 3630 2812 ἐγκρατείας,
3659 2736 3740 2790 καὶ

2167 2835 2412 2904 ἀγάπης.

2236 2929 2340 2998 λη’.
2381 2928 2492 2998 Τὴν
2521 2927 2776 2998 αἴσθησιν
2811 2927 3028 2998 πρῶτον
3062 2929 3129 2997 τῇ
3157 2925 3360 2998 ἡσυχίᾳ
3397 2923 3736 2988 ἀπόκλεισον,

2167 3021 2415 3083 mini-6:5
2439 3023 2548 3084 τοῖς
2587 3020 2774 3084 ὅπλοις
2813 3019 2920 3072 τῶν
2952 3019 3167 3090 ἀρετῶν
3205 3018 3344 3088 πρὸς
3382 3017 3491 3082 τὰς
3532 3015 3738 3086 μνήμας

2169 3112 2298 3165 πολέ
2309 3128 2501 3180 μησον.

2240 3202 2340 3256 λο’.
2377 3203 2438 3254 ’Π
2475 3202 2616 3255 κατὰ
2655 3203 2896 3257 διάνοιαν
2934 3203 3122 3269 κακία,
3158 3203 3192 3272 ή
3237 3195 3598 3270 παράχρησίς
3638 3195 3742 3247 ἔστι

2169 3295 2278 3348 τῶν
2330 3295 2655 3364 νοημάτων·
2715 3297 2748 3364 ἡ
2809 3295 2866 3353 δὲ
2920 3295 3040 3348 κατ’
3091 3295 3378 3365 ἐνέργειαν
3435 3283 3742 3361 ἀμαρτίαή

2169 3387 2517 3458 παράχρησίς
2546 3391 2660 3440 ἐστι
2692 3388 2800 3440 τῶν
2822 3387 3182 3458 πραγμάτων.

2242 3486 2315 3551 μ’.
2349 3480 2653 3550 Νοημάτων
2693 3479 2788 3534 καὶ
2824 3480 3166 3552 πραγμάτων
3196 3478 3344 3532 ἐστὶν
3378 3476 3739 3546 παράχρησιςι

2166 3572 2228 3625 τὸ
2261 3571 2336 3642 μὴ
2379 3571 2620 3635 εὐσεϐῶς
2672 3572 2766 3625 καὶ
2807 3571 3030 3634 δικαίως
3072 3572 3184 3634 τοῖς
3221 3569 3567 3640 ἀμφοτέροις
3615 3563 3740 3637 xpu-

2171 3661 2388 3716 σασοαι.
3073 3705 3080 3712 .

2241 3759 2350 3822 μα’.
2407 3751 2593 3822 Δεσμᾶι
2648 3751 2976 3821 ὑπάρχουσι,
3015 3748 3163 3819 πάθη
3207 3747 3410 3818 ψεκτά,
3455 3746 3743 3815 κατέχοντα

2165 3842 2405 3896 τὸν-νοῦν
2437 3843 2494 3893 ἐν
2521 3843 2633 3904 τοῖς
2659 3842 2942 3911 αἰσθητοῖς
2966 3839 3332 3911 πραγμάτων.
3371 3899 3382 3914 ι
3519 3843 3527 3850 ’

2241 3933 2351 4004 μβ’.
2400 3935 2638 3996 Ἐκεῖνος
2658 3933 2870 3986 τελείαν
2901 3933 3013 4003 ἔχει
3058 3932 3351 3998 ἀπάθειαν,
3384 3934 3414 3986 ὁ
3451 3931 3590 4003 μηδὲ
3619 3930 3740 4000 πρὸς

2167 4027 2234 4080 τὰ
2293 4026 2597 4097 πράγματα
2657 4025 2904 4096 πάσχων,
2976 4024 3110 4095 μηδὲ
3167 4023 3308 4095 πρὸς
3376 4023 3480 4086 τὰς
3536 4024 3739 4093 μνήμας

2167 4116 2368 4169 αὐτῶν.

2239 4205 2350 4276 μγ’.
2408 4205 2570 4275 Ψυχὴ
2627 4203 2804 4274 ἀγαθὴ
2851 4203 3131 4274 εὐεργετεῖ
3185 4201 3278 4254 τὸν
3340 4199 3592 4273 πλησίον,
3651 4198 3735 4252 καὶ

2166 4296 2626 4368 ἀγνωμονουμένη
2667 4295 3015 4366 μακροθυμεῖ
3036 4295 3124 4348 ἐπ’
3143 4294 3318 4366 αὐτῷ,
3339 4296 3437 4348 καὶ
3464 4295 3736 4363 πάσχουσα
3783 4331 3790 4342 .

2165 4391 2430 4460 ὑπομένει
2467 4388 2538 4442 τὰ
2566 4387 2696 4458 παρ’
2726 4387 2917 4443 αὑτοῦ.

551 4584 642 4638 ﬂ.
672 4581 805 4636 Tam
840 4579 1025 4650 gravia
1061 4578 1202 4633 mala
1240 4584 1390 4641 sunt,
1429 4592 1613 4646 pravae
1673 4577 2061 4647 cogitationes,

2245 4570 2346 4642 μδ¹.
2411 4567 2758 4639 Ὑπάρχοντά
2798 4567 2916 4622 ἐστι
2961 4568 3138 4632 κακὰ,
3198 4569 3457 4636 λογισμοὶ
3501 4569 3734 4639 πονηροὶ,

487 4683 549 4729 ut
589 4673 696 4728 nisi
736 4673 862 4741 quis
906 4671 988 4727 eis
1028 4669 1344 4736 renuntiet,
1378 4669 1668 4725 scientiam
1711 4685 1898 4724 veram
1952 4685 2065 4725 non

485 4765 754 4822 addiscat.

549 4857 649 4913 45.
672 4853 956 4910 Christum
983 4852 1079 4922 qui
1108 4851 1264 4906 audit
1288 4861 1335 4916 ³,
1365 4851 1609 4920 seipsum
1637 4851 1704 4905 ad
1735 4851 1912 4906 lucem
1969 4853 2065 4911 ad-

485 4949 639 5004 ducit
666 4965 679 5002 :
707 4945 802 5019 qui
827 4961 959 5000 vero
992 4945 1182 5014 ipsum"
1201 4943 1468 5005 imitatur,
1490 4943 1730 5012 seipsum
1784 4943 2062 4998 emendat.

475 5069 492 5096 .-
553 5041 644 5096 46.
672 5039 1003 5110 lnjuriarum
1037 5036 1378 5100 recordatio,
1405 5036 1555 5106 lepra
1585 5044 1669 5090 est
1693 5035 1916 5099 animae,
1944 5052 2066 5104 quae

487 5135 567 5189 vel
601 5150 669 5187 ex
701 5131 1030 5202 ignominia,
1057 5130 1141 5185 vel
1173 5130 1405 5194 damno,
1435 5129 1520 5184 vel
1557 5127 1881 5197 suspiciosis
1915 5115 2088 5199 cogi-3

493 5225 793 5282 lationibus
825 5224 1050 5279 accidit.

553 5319 644 5372 47.
695 5317 933 5371 Mentem
989 5314 1161 5370 invidi
1217 5323 1454 5368 excaecat
1504 5313 1803 5379 Dominus;
1866 5311 2066 5386 injuste

488 5410 634 5464 mini
664 5407 733 5462 de
763 5408 925 5462 bonis
952 5403 1188 5477 proximi
1219 5405 1602 5460 contristatur.

554 5522 644 5575 48.
683 5519 1104 5598 Obtrectatricis
1148 5519 1342 5571 animm
1387 5518 1602 5586 lingua,
1641 5490 1796 5572 basta
1837 5524 1922 5570 est
1966 5517 2078 5595 tri-_

488 5610 704 5678 cuspis;
739 5623 864 5662 nam
897 5616 953 5662 et
981 5607 1219 5676 seipsam
1249 5613 1306 5659 et
1333 5604 1680 5678 audientem,
1736 5604 2065 5675 quandoque

490 5675 654 5752 mia—ut
687 5714 811 5751 cum
842 5698 909 5752 de
937 5711 1046 5767 quo
1069 5675 1416 5764 obloquitur,
1445 5694 1610 5750 laedit.
1648 5675 1652 5685 ’

564 5865 586 5893 ³
614 5855 800 5907 Matth.
833 5871 926 5912 vu.
949 5851 1044 5912 9.4.

2169 4657 2250 4726 οἷς
2280 4664 2308 4716 ὁ
2339 4661 2414 4733 μὴ
2432 4660 2899 4731 ἁποτασσόμενος,
2928 4659 2990 4712 οὐ
3014 4659 3309 4730 μαθητεύει
3344 4663 3413 4730 τῇ
3455 4659 3676 4728 γνώσει.

2244 4853 2346 4918 με’.
2377 4844 2618 4918 Χριστοῦ
2642 4845 2670 4898 ὁ
2709 4842 2946 4907 ἀκούων,
2988 4841 3180 4896 ἐαυτδν
3213 4845 3566 4912 φωταγωγεί,
3602 4840 3736 4896 καὶὸ

2173 4937 2508 5008 μιμούμενος
2542 4934 2727 5000 αὐτὸν,
2760 4931 3092 5004 διορθοῦται.

2241 5027 2356 5097 μςῆ
2419 5027 2484 5078 Ἥ
2541 5026 2879 5096 μνησικακία
2921 5024 3100 5096 λέπρα
3161 5025 3282 5078 ἐστὶ
3327 5024 3547 5094 ψυχῆς.
3610 5039 3736 5090 συμ,

2166 5121 2342 5174 ϐαίνει
2370 5119 2427 5172 δὲ
2461 5118 2598 5188 αὐτὴ
2635 5118 2742 5171 ἀπὸ
2787 5117 3043 5187 ἀτιμιῶν,
3085 5117 3116 5188 ῆ
3147 5116 3371 5193 ζημίας,
3411 5117 3444 5188 ἢ
3476 5115 3736 5186 λογισμῶν

2165 5213 2442 5273 ὑπονοίας.

2241 5303 2348 5372 μζ’.
2384 5301 2584 5370 Κύριος
2613 5298 2738 5354 νοῦν
2779 5299 3039 5370 φθονερὸν
3080 5300 3358 5370 ὲκτυφλοῖ,
3389 5301 3471 5355 ὅτι
3498 5299 3733 5353 λυπεῖται

2173 5391 2376 5456 ἀδίκως
2405 5393 2496 5446 ἐπὶ
2528 5394 2641 5454 τοῖς
2669 5389 2894 5457 ἀγαθοῖς
2936 5390 3032 5443 τοῦ
3077 5391 3326 5462 πλησίον.

2249 5516 2358 5580 μη’.
2386 5507 2703 5569 Κατά).αλος
2731 5506 2786 5558 δὲ
2812 5505 2958 5578 ψυχὴ
2990 5507 3258 5578 τρίϐωλον
3293 5507 3432 5578 ἔχων
3465 5505 3731 5575 γλῶσσαν·

2173 5600 2365 5652 ἑαυτὸν
2408 5600 2517 5666 γὰρ
2559 5598 2652 5650 καὶ
2693 5596 2782 5648 τὸν
2818 5599 3107 5664 ἀκούοντα,
3143 5597 3258 5652 ἔσθ’
3285 5601 3376 5653 ὅτε
3426 5598 3483 5653 δὲ
3525 5597 3616 5652 καὶ
3655 5595 3730 5648 τὸν

2177 5689 2479 5746 καταλαλού
2491 5706 2648 5743 μενον
2675 5685 2930 5754 βλάπτει.
2985 5727 2992 5732 -
