4052 6396
289 414 437 478 1453

369 524 480 590 μθν.
547 515 952 590 Ἀμνησίκακός
1007 515 1157 566 ἐςτιν
1195 515 1222 565 6
1266 509 1701 582 προσευχόμενος
1749 509 1888 578 ὑπὲρ
1922 521 1959 573 Α

285 614 675 684 λυπήσαντος·
738 610 835 664 καὶ
871 607 1281 662 ἀπαλλάττεται
1335 602 1707 674 μνησικακίας
1741 602 1770 653 6
1818 601 1894 670 μὴ

291 707 624 778 φειδόμενος
655 703 868 774 δώρων.

371 892 438 940 ν’.
499 885 743 946 Θάνατος
802 881 983 952 ψυχῆς
1051 881 1206 950 μῖσος
1279 876 1416 946 πρὸς
1473 875 1567 927 τὸν
1629 873 1892 942 πλησίονο

288 977 488 1032 τοῦτον
527 976 640 1046 ἔχει
676 975 768 1026 καὶ
795 973 1026 1042 πράττει
1053 971 1085 1040 ἡ
1115 969 1212 1022 τοῦ
1237 967 1545 1022 καταλάλου
1573 963 1820 1030 γλῶσσα.

371 1074 476 1124 ναθ.
532 1067 758 1138 Ἀκηδία
788 1065 935 1117 ἐστὶν
965 1061 1229 1133 ὀλιγωρία
1278 1059 1486 1130 ψυχῆς·
1537 1057 1795 1127 ὀλιγωρεί
1836 1055 1895 1108 δὲ

291 1161 450 1234 ψυχὴ
481 1158 863 1230 φιληδονοῦσα.

375 1339 477 1411 νβ’.
523 1337 731 1410 Ἰησοῦν
757 1338 786 1390 6
820 1333 1058 1405 ἀγαπῶν
1085 1334 1422 1404 γυμνάζεται
1453 1333 1510 1384 ὲν
1535 1332 1737 1394 πόνοις,
1765 1338 1898 1400 καρ-

294 1436 461 1506 τερίᾳ
493 1435 548 1487 δὲ
573 1434 755 1488 πόνων
791 1431 1044 1484 ἐκδιώκει
1082 1428 1334 1499 άκηδίαν.

377 1534 480 1596 νγ’.
543 1525 841 1594 Ῥιὶξννυται
864 1522 1014 1593 ψυχὴ
1046 1521 1132 1574 διά
1161 1522 1342 1573 πόνων
1373 1519 1684 1588 ἀσκήσεως,
1716 1516 1811 1570 καὶ
1839 1518 1897 1569 ὲν

298 1618 386 1689 τῷ
416 1617 594 1670 πάντα
626 1615 812 1686 μέτρῳ
853 1616 1028 1666 ποιεῖν
1051 1611 1350 1665 ἀπελαύνει
1390 1609 1642 1678 ἀκηδίαν.

274 1775 283 1782 _
376 1708 472 1762 νδ’.
514 1709 572 1760 Ὀ
609 1706 832 1777 κρατῶν
863 1703 1124 1773 γαστρὸς,
1165 1702 1423 1773 μαραίνει
1452 1698 1772 1766 ἐπιθυμίαν,
1803 1695 1899 1748 καὶ

297 1799 588 1870 λογισμοῖς
622 1797 881 1868 πορνείας
910 1797 970 1849 ού
998 1793 1242 1848 δουλεύει
1275 1796 1302 1846 6
1335 1791 1461 1856 νοῦς
1493 1787 1680 1844 αὑτοῦ.

376 1981 469 2034 νε’.
512 1980 655 2044 Νοῦς
686 1976 994 2048 ἐγκρατοῦς
1049 1975 1175 2038 ναὸς
1217 1975 1372 2042 ἁγίου
1407 1972 1726 2041 Πνεύματος
1747 1987 1760 2002 ·
1789 1973 1817 2024 6
1839 1969 1896 2023 δὲ

297 2073 402 2128 τοῦ
441 2071 885 2142 γαστριμάργου,
916 2067 1338 2138 κατοικητήριον
1379 2065 1656 2136 κοράκων.

377 2172 488 2230 νς’.
539 2164 646 2234 Τῆς
673 2163 781 2215 τῶν
820 2163 1128 2232 βρωμάτων
1175 2157 1448 2220 ποικιλίας
1494 2160 1520 2208 6
1560 2155 1722 2224 κόρος
1756 2155 1900 2207 ποιεῖ

299 2260 630 2328 ἐπιθυμίαν,
680 2257 714 2326 ἡ
755 2255 812 2309 δὲ
857 2254 1037 2307 ἔνδεια
1068 2252 1252 2322 ἡδύνει
1286 2251 1380 2303 καὶ
1416 2248 1580 2302 αὑτὸν
1617 2247 1771 2316 ψιλὸν
1807 2246 1900 2298 τὸν

299 2351 497 2422 ἄρτον.
1729 2397 1736 2405 .

375 2443 478 2507 V2,".
528 2440 961 2495 Ἀπαλλάττεται
998 2424 1194 2506 φθόνου
1230 2436 1260 2488 6
1306 2433 1620 2504 συγχαίρων
1659 2430 1738 2501 τῷ
1767 2429 1900 2500 φθο-

297 2535 557 2605 νουμένῳ
585 2531 843 2604 κρυπτῶς
881 2529 976 2584 τοῦ
1017 2527 1366 2599 φθονοῦντος.

381 2723 491 2787 νη’.
525 2713 629 2768 Τοῦ
661 2713 878 2784 ἀμελῶς
923 2709 1168 2782 βιοῦντος
1205 2709 1482 2779 μάκρυνον
1517 2707 1762 2772 σεαυτὸν,
1797 2705 1900 2762 κᾶν

297 2809 486 2878 ὄνομα
525 2807 666 2875 μέγα
693 2807 844 2875 παρὰ
875 2803 1090 2866 πολλοῖς
1119 2801 1404 2872 κέκτηται.

385 2985 486 3041 νϐ’.
529 2987 734 3056 Ἀνδρα
762 2985 1050 3055 φιλόπονον
1087 2983 1287 3052 κτῆσαι
1325 2981 1500 3050 φίλον,
1532 2980 1628 3034 καὶ
1650 2980 1903 3050 εὑρήσεις

305 3083 530 3150 σκέπην
563 3079 674 3132 τῶν
713 3079 820 3132 σῶν
867 3076 1222 3148 σφαλμάτων.

386 3174 451 3241 ξ’.
488 3175 789 3236 Δεσπόταις
822 3170 1083 3232 πολλοῖςὸ
1121 3165 1329 3241 ἀμελὴς
1366 3165 1667 3237 πέπραται,
1705 3165 1802 3217 καὶ
1827 3163 1904 3226 ὡς

304 3264 544 3338 ἄγουσιν
577 3261 760 3328 αὑτὸν,
799 3259 974 3322 οὕτως
1003 3237 1328 3328 διαγίνεταιῖ

387 3355 491 3423 Ea}.
517 3355 708 3408 Εὐνοεῖ
737 3369 820 3404 σοι
843 3351 919 3415 ὡς
951 3349 1106 3419 φίλος
1143 3349 1201 3400 ἐν
1230 3345 1410 3417 καιρῷ
1440 3346 1686 3418 εἰρήνης,
1724 3346 1820 3400 καὶ
1849 3345 1908 3398 ὲν

307 3447 497 3522 καιρῷ
529 3443 843 3517 πειρασμοῦ
881 3443 958 3508 ὡς
991 3440 1184 3512 ἐχθρὸς
1229 3439 1489 3510 πολεμεῖ.

389 3627 494 3700 ςβκ
533 3629 647 3700 Τὴν
690 3629 869 3700 ψυχὴν
908 3627 1122 3698 τίθησιν
1151 3625 1294 3697 ὑπερ
1337 3623 1430 3676 σοῦ
1478 3623 1585 3694 πρὸ
1621 3623 1723 3692 ’τῆς
1753 3622 1910 3693 κινή-

315 3739 461 3786 σεως
503 3720 615 3775 τῶν
667 3721 880 3788 παθῶν,
923 3721 1019 3774 καὶ
1057 3719 1188 3773 ὅταν
1232 3715 1552 3788 κινηθῶσιν,
1592 3714 1694 3786 τὴν
1731 3713 1910 3784 ψυχήν

315 3834 416 3870 σου
453 3815 742 3885 λαμϐάνει.

389 3907 494 3976 ξγ’.
533 3907 602 3962 Ἢ
631 3905 972 3978 χερσωθεῖσα
994 3904 1090 3976 γῆ,
1123 3901 1376 3957 ἀκανθῶν
1406 3901 1786 3974 πεπλήρωται,
1815 3899 1911 3954 καὶ

315 3997 532 4070 ἀμελὴς
561 3997 708 4068 ψυχὴ
743 3996 932 4050 παθῶν
959 3992 1309 4064 ἀκαθάρτων.

391 4087 485 4152 ξδ’.
532 4087 677 4150 Νοῦς
729 4085 994 4158 φρόνιμος
1062 4081 1274 4153 χαλινοῖ
1325 4079 1510 4150 ψυχὴν
1566 4077 1756 4144 αὐτοῦ,
1815 4077 1912 4130 καὶ

316 4177 618 4242 ὑποπιάζει
644 4177 706 4228 τὸ
731 4174 911 4245 σῶμα,
941 4173 1035 4226 καὶ
1055 4170 1395 4238 δουλαγωγεῖ
1421 4169 1490 4222 τά
1521 4169 1692 4238 πάθη.

393 4271 486 4338 ξε’.
537 4271 748 4340 Σημεῖα
785 4267 895 4320 τῶν
925 4265 1072 4319 ἔνδον
1103 4265 1172 4317 τά
1208 4264 1462 4335 προφανῆ
1493 4259 1792 4333 κινήματα,
1835 4262 1911 4324 ὡς

317 4362 419 4420 καὶ
493 4361 606 4414 τῶν
689 4359 989 4428 ἀγνώστων
1075 4356 1308 4418 δένδρων
1375 4357 1427 4409 οἰ
1507 4355 1909 4426 προφερόμενοι

315 4453 545 4525 καρποί.

1678 402 2063 463 CENTURIA
2111 398 2222 464 III.

1931 3216 1979 3273 α

3444 377 3587 454 ίίῧί

2062 511 2150 564 49.
2180 512 2418 581 lnjurias
2453 511 2826 575 obliviscitur,
2861 507 2956 578 qui
2989 522 3090 578 pro
3127 505 3194 559 iis
3225 503 3319 574 qui
3359 517 3417 559 se
3451 518 3588 556 cmw

1999 610 2323 669 tristarunt,
2367 615 2489 659 orat
2539 624 2551 657 :
2602 612 2660 658 et
2704 603 2772 658 ab
2825 602 3151 672 injuriarum
3204 597 3586 652 recordatione

1995 701 2216 756 alienus
2265 699 2408 765 erit,
2451 699 2496 753 si
2547 697 2772 752 eosdem
2825 695 3136 750 liberaliter
3185 691 3348 745 donis
3393 703 3584 758 prose-

2001 801 2166 861 q‘uatu
2178 809 2222 844 r.
3061 777 3077 786 ’

2009 881 2155 954 \BO.
2202 880 2406 936 Odium
2450 895 2580 950 erga
2631 879 2949 950 proximum
3033 891 3182 930 mors
3227 881 3311 928 est
3355 869 3576 939 animae;

1995 989 2120 1028 eam
2163 975 2274 1028 fert
2312 984 2367 1026 ct
2407 973 2573 1027 infert
2615 969 3008 1026 obtrectatoris
3047 967 3254 1037 lingua.

2069 1067 2157 1120 5i.
2204 1065 2440 1130 Acedia,
2490 1063 2824 1133 negligentia
2879 1060 3105 1124 animae;
3166 1058 3348 1111 anima
3403 1032 3586 1110 autem

1999 1166 2132 1212 tunc
2165 1157 2452 1226 negligens
2486 1164 2603 1220 est,
2635 1153 2856 1225 quando
2891 1151 3077 1206 studio
3111 1151 3454 1220 voluptatum
3491 1148 3589 1202 de-

2003 1249 2154 1314 dita,
2187 1248 2444 1303 morbida
2479 1249 2666 1301 fuerit.
2698 1321 2702 1324 γ

2068 1341 2158 1394 52.
2194 1339 2298 1416 Qui
2331 1339 2520 1394 .lesum
2553 1337 2762 1408 diligit,
2799 1334 3088 1393 laboribus
3125 1345 3346 1391 exercet
3377 1341 3587 1389 semet‘

2002 1433 2186 1503 ipsum
2220 1452 2232 1485 :
2263 1447 2404 1501 quos
2433 1448 2560 1487 cum
2594 1431 2819 1494 tolerat,
2851 1430 3006 1500 fugat
3035 1427 3307 1482 acediam.

2070 1525 2158 1580 53.
2193 1523 2513 1578 Monastieis
2538 1515 2830 1576 laboribus
2857 1518 3109 1572 firmatur
3132 1517 3344 1582 anima;
3380 1524 3435 1570 et
3464 1521 3588 1570 cum‘

2000 1616 2184 1672 omnia
2215 1631 2340 1670 cum
2371 1629 2633 1668 mensura
2665 1613 2828 1676 facit,
2859 1611 3104 1682 abigitur
3127 1610 3339 1664 acedia.

2069 1707 2156 1761 54.
2182 1705 2288 1772 Qui
2316 1704 2499 1759 ventri
2526 1706 2784 1774 imperat,
2806 1689 3288 1771 concupiscEntias
3313 1699 3590 1762 tabcfacit,

2001 1811 2052 1855 et
2083 1785 2516 1871 cogitationibus
2540 1795 2973 1852 fornicationum
3009 1803 3252 1850 mentem
3285 1808 3442 1847 suam
3477 1807 3596 1846 sera

1933 1870 1974 1928 Β
2003 1893 2121 1948 vire
2149 1909 2261 1946 non
2292 1891 2445 1946 sinit.

2192 1985 2346 2038 Mens
2379 1979 2721 2037 continentis
2759 1981 3024 2050 templum
3061 1989 3147 2033 est
3185 1979 3425 2048 Spiritus
3463 1979 3593 2032 sati-

2001 2077 2103 2140 cti;
2137 2075 2315 2146 gulosi
2351 2081 2536 2128 autem
2571 2088 2758 2137 mens,
2787 2086 3084 2126 corvorum
3115 2077 3200 2123 est
3233 2068 3594 2123 domieiiium.

2073 2166 2159 2219 56.
2205 2164 2542 2219 Varietatem
2585 2161 2904 2216 eduliorum
2949 2169 3214 2228 appetere
3260 2158 3388 2216 facit
3429 2157 3598 2212 satie-

2007 2269 2114 2323 tas;
2153 2257 2458 2326 indigentia
2487 2270 2621 2310 vero
2658 2269 2882 2309 suavem
2912 2251 3049 2306 facit
3074 2250 3280 2306 siccum
3313 2257 3370 2305 et
3397 2249 3597 2304 deerit-

1999 2351 2206 2406 ‘statum
2243 2363 2461 2418 panem.
2569 2421 2572 2426 '

2075 2443 2164 2498 57.
2192 2441 2422 2495 Alienus
2461 2438 2522 2494 ﬁt
2559 2439 2628 2494 ab
2669 2438 2908 2504 invidia,
2935 2436 3032 2506 qui
3057 2436 3118 2518 'ei
3161 2435 3251 2490 cui
3295 2434 3594 2500 invidetur,

1954 2514 1963 2522 1
2005 2535 2060 2588 in
2107 2534 2480 2603 prosperitate
2525 2529 2867 2601 congaudet,
2903 2543 3025 2584 sese
3057 2514 3362 2582 'occnltans
3407 2527 3456 2581 ei
3501 2527 3594 2597 qui

2006 2623 2241 2680 invidet.
2437 2673 2451 2682 ,

2076 2717 2165 2771 58.
2196 2714 2280 2770 Ab
2314 2707 2542 2770 homine
2577 2711 2750 2766 vitam
2786 2709 3135 2780 negligenter
3165 2716 3364 2779 agente
3401 2705 3596 2778 procul

2005 2809 2302 2875 abscedas,
2331 2807 2552 2864 etiamsi
2591 2805 2737 2876 apud
2780 2804 3078 2874 plerosque
3120 2817 3380 2872 magnum
3424 2800 3601 2871 ipsius

2007 2901 2078 2956 sit
2115 2915 2340 2955 nomen.

2078 2995 2167 3051 59.
2201 2993 2462 3048 Amicum
2504 2991 2604 3047 tibi
2639 3005 2804 3062 para,
2834 2988 3017 3042 virum
3052 2987 3262 3042 laboris
3295 2985 3599 3056 palientem

2007 3096 2064 3144 et
2091 3087 2315 3142 avidum
2335 3127 2348 3152 ,
2375 3096 2432 3140 et
2460 3085 2518 3139 in
2551 3083 2805 3154 lapsibus
2836 3081 2945 3135 tuis
2975 3079 3293 3150 praasidium
3325 3077 3606 3161 inveniest

2077 3180 2166 3234 60.
2192 3179 2490 3249 Negligens
2523 3175 2716 3231 multis
2745 3173 2990 3228 dominis
3020 3171 3378 3226 venundatus
3403 3179 3518 3237 est,
3546 3179 3603 3225 et

2009 3281 2269 3327 versatur
2301 3279 2585 3339 utcunque
2614 3267 2899 3322 duxerint.

2081 3365 2171 3419 61.
2209 3362 2524 3418 Benevolus
2569 3361 2671 3414 tibi
2711 3359 2822 3414 erit
2863 3361 2920 3414 et
2957 3358 3120 3413 amici
3165 3342 3316 3420 loco,
3357 3364 3606 3426 tempore

2011 3455 2198 3526 pacis;
2247 3454 2348 3510 sed
2395 3463 2456 3510 ut
2501 3451 2714 3517 hostis,
2750 3460 3005 3522 tempore
3049 3449 3376 3506 tentationis
3421 3449 3603 3520 impne

2012 3547 2220 3619 gnabit.
3230 3539 3239 3546 ’

2081 3639 2170 3694 62.
2221 3639 2535 3708 Antequam
2587 3635 2983 3693 tribu-lationes
3031 3643 3388 3702 moveantur,
3442 3634 3604 3704 ponit

2011 3747 2118 3802 pro
2165 3739 2218 3786 te
2259 3731 2500 3786 animam
2547 3737 2736 3797 suam;
2789 3729 2888 3786 ubi
2931 3738 3120 3788 autem
3163 3739 3326 3784 motae
3363 3729 3605 3793 fuerint,-

2011 3830 2163 3878 tuam
2201 3822 2370 3878 etiam
2413 3821 2656 3876 animam
2700 3820 2864 3875 tollit.

2083 3913 2170 3968 65.
2205 3896 2378 3968 Terra
2421 3912 2630 3968 inculta
2675 3919 2732 3966 et
2777 3911 3032 3975 deserta,
3067 3910 3244 3980 spinis
3288 3909 3601 3976 densescit;

2012 4021 2172 4060 mens
2209 4015 2394 4060 autem
2441 4003 2687 4073 torpida,
2721 4002 3030 4056 immundis
3070 4001 3484 4058 affectionibus.

2084 4097 2173 4153 64.
2204 4098 2358 4152 Mens
2385 4102 2638 4168 prudens
2671 4097 2918 4153 refrenat
2943 4097 3185 4151 animam
3219 4113 3408 4164 suam,
3433 4097 3602 4153 castis
3681 4133 3688 4138 -

2011 4197 2104 4260 gat
2130 4205 2364 4261 corpus,
2391 4199 2449 4245 et
2479 4189 2804 4246 affectiones
2831 4189 2938 4244 sibi
2970 4189 3179 4245 servire
3204 4189 3336 4244 facit

2084 4283 2171 4338 65.
2205 4283 2405 4338 Gestus
2437 4283 2745 4338 exteriores
2777 4283 2934 4353 signa
2963 4294 3094 4338 sunt
3117 4291 3366 4338 motuum
3397 4282 3601 4338 intrin-

2013 4387 2176 4428 secus
2211 4375 2532 4439 latentium,
2562 4375 2709 4430 sicut
2745 4375 3057 4446 ignotarum
3091 4374 3353 4430 arborum
3388 4375 3602 4430 fructus

2013 4465 2293 4535 producti.

395 4545 502 4612 ξς’.
549 4543 888 4614 ’Υποκριτὴν
926 4543 1242 4614 ἐλέγχουσιν
1274 4545 1322 4596 oi
1353 4543 1502 4610 λόγοι
1527 4543 1623 4595 καὶ
1649 4541 1717 4594 τὰ
1748 4540 1903 4611 ἔργα,

2083 4558 2170 4612 66.
2202 4557 2560 4630 Hypoeritam
2597 4569 2840 4630 arguunt
2869 4560 3038 4615 verba
3071 4570 3128 4615 et
3159 4575 3360 4632 opera;
3402 4561 3601 4616 simili~
3683 4586 3694 4591 -

317 4641 418 4694 καὶ
449 4637 542 4690 τὸν
571 4635 956 4708 κεκρυμμένον
997 4635 1454 4706 ψευδοπροφήτην
1483 4637 1562 4698 εἰς
1595 4633 1910 4704 φανέρωσιν

317 4734 567 4800 ἄγουσιν.

394 4841 496 4906 EC’.
548 4839 694 4904 Νοῦς
742 4839 1082 4910 ἡλογημένος
1115 4840 1174 4892 οὐ
1218 4839 1464 4892 παιδεύει
1507 4839 1690 4910 ψυχὴν
1719 4837 1910 4900 αὑτοῦ,

317 4932 421 4987 καὶ
509 4933 733 5003 ἀγάπης
807 4931 905 4986 καὶ
965 4931 1068 5003 τῆς
1135 4931 1464 5002 ἐγκρατείας
1523 4931 1910 5003 ἁπομακρύνει

316 5025 517 5095 αὐτήν.

394 5141 498 5213 ξη’.
559 5141 810 5195 Ἐννοιῶν
873 5141 1094 5218 φαύλων
1145 5142 1295 5196 αἰτία
1341 5140 1455 5207 ἕξις
1512 5142 1749 5214 πονηρὰ,
1803 5142 1925 5196 άπὸ⁸

318 5235 634 5301 κενοδοξίας
653 5237 748 5290 καὶ
765 5236 1178 5310 ύπερηφανείας
1201 5238 1297 5292 καὶ
1318 5235 1638 5301 ἀλαζονείας
1665 5253 1912 5290 συνιστα-

321 5329 489 5403 μένη.

397 5440 498 5506 ξθν.
530 5440 670 5496 Ἰδια
688 5441 799 5495 τῶν
827 5442 1246 5513 προειρημένων
1273 5441 1584 5514 ὑπόκρισις,
1613 5441 1708 5495 καὶ
1736 5441 1909 5506 δόλος,

321 5531 635 5602 πανουργία
688 5548 749 5584 τε
809 5533 904 5585 καὶ
970 5531 1242 5602 εἰρωνεία,
1307 5533 1400 5586 καὶ
1457 5533 1519 5586 τὸ
1582 5533 1913 5603 πάμφαυλον

320 5621 541 5693 ψεῦδος.

397 5741 462 5790 o'.
515 5736 870 5792 Δουλεύουσιν
897 5741 1008 5802 τοῖς
1047 5738 1396 5810 προλεχθεῖσι
1421 5739 1615 5810 φθόνος
1639 5757 1736 5796 και
1773 5741 1908 5814 ἔρις,

328 5826 500 5897 θυμὸς
531 5829 627 5883 καὶ
663 5828 822 5898 ὀργὴ,
858 5831 1003 5900 λύπη
1031 5829 1128 5884 καὶ
1157 5832 1520 5904 μνησικακία.

2013 4657 2097 4703 ter
2129 4659 2184 4705 et
2219 4653 2762 4722 pseudoprophetam
2799 4654 3078 4708 occultum
3113 4653 3491 4708 manifestant.

2084 4855 2172 4910 67.
2202 4857 2356 4912 Mens
2391 4859 2560 4913 stulta‘
2589 4859 2827 4912 animam
2859 4874 3012 4914 suam
3042 4845 3158 4914 non
3192 4860 3409 4926 erudit,
3441 4862 3536 4916 sed
3571 4877 3604 4916 α

2013 4947 2284 5037 Cha/ritate
2311 4951 2736 5008 etcontinentia
2762 4954 2924 5022 longe
2955 4957 3194 5022 separat.

2085 5151 2172 5206 68.
2217 5129 2598 5222 Improbarum
2644 5155 3045 5225 cogitationum
3087 5171 3253 5211 causa
3296 5131 3382 5212 est
3427 5159 3609 5216 malus

2013 5243 2266 5309 habitus,
2293 5260 2358 5298 ex
2389 5245 2541 5300 inani
2570 5245 2743 5316 gloria
2761 5286 2776 5312 ,
2803 5255 2860 5302 et
2889 5247 3148 5316 superbia
3166 5287 3181 5312 ,
3208 5257 3265 5304 et
3291 5252 3613 5320 arrogantia

2013 5333 2299 5388 conﬂatus.

2085 5448 2173 5503 69.
2208 5448 2372 5503 Vitiis
2410 5450 2518 5518 iam
2563 5451 2888 5505 memoratis
2925 5453 3288 5520 peculiariter
3325 5423 3612 5506 adhatrem:

2015 5539 2354 5610 hypocrisis,
2384 5541 2576 5604 dolus,
2604 5542 2886 5606 versutia,
2923 5542 3108 5598 irrisio
3151 5559 3217 5598 ac
3253 5541 3610 5609 improbissi-

2016 5647 2164 5684 mum
2206 5630 2579 5685 mendacium.

2087 5745 2174 5797 70.
2197 5743 2481 5797 Praztlietis
2503 5742 2668 5797 etiam
2695 5745 2968 5806 serviunt,
2989 5743 3194 5796 invidia
3220 5746 3274 5792 et
3298 5728 3604 5788 contende,

2017 5834 2172 5891 furor
2197 5850 2261 5890 ac
2285 5834 2386 5903 ira,
2412 5836 2678 5891 maestitia
2703 5843 2759 5891 et
2780 5833 3038 5888 vindicta:
3063 5825 3364 5885 meditatio.
