4052 6384
571 397 671 466 255

1793 397 2196 460 THALASSII
2231 397 2552 456 ABBATLD‘

3651 399 3764 468 1455

598 513 691 567 7i.
721 509 848 565 llaec
889 515 973 565 est
1027 509 1112 564 via
1161 517 1508 581 negligenter
1553 511 1862 580 agentium,
1913 517 1970 561 et
2023 507 2112 560 hic

2285 503 2386 558 οα¹.
2427 505 2560 557 Ἥδε
2587 505 2706 567 ὁδὸς
2730 505 2838 558 τῶν
2865 508 2922 558 ἐν
2946 508 3180 581 ἀμελείις.
3213 510 3497 579 μοῦντων,
3529 515 3615 566 καὶ
3637 508 3766 582 οὗτος

535 607 828 662 thesaurus
854 605 948 674 qui
979 604 1124 658 intra
1149 619 1236 658 me
1266 604 1587 659 reconditus
1611 613 1715 659 est.

601 699 690 752 72.
721 697 969 751 Animam
997 697 1272 750 malorum
1299 697 1591 752 tolerantia
1616 705 1672 750 et
1695 693 1980 750 humilitas
2005 692 2110 748 sal~

535 799 692 856 vant,
713 801 766 848 et
799 803 830 843 a
856 789 1140 858 praedictis
1167 789 1558 845 affectionibus
1588 786 1831 843 reddunt
1852 787 2113 842 alienam.

599 976 688 1030 75.
717 974 912 1031 Sermo
939 975 1092 1030 utilis
1117 976 1376 1045 proprius
1402 981 1485 1030 est
1511 973 1681 1041 menti
1709 973 1992 1045 prudenti,
2019 973 2116 1028 sed

532 1068 754 1122 virtutis
782 1084 921 1137 opus
949 1067 1144 1122 anima:
1174 1068 1332 1122 bona:
1359 1067 1639 1137 peculiare
1665 1075 1772 1122 est.

599 1161 686 1213 74.
718 1160 872 1213 Mens
905 1158 1212 1213 illuminata
1244 1159 1524 1229 sapientes
1557 1159 1771 1228 profert
1799 1171 2113 1222 sermones;

528 1253 709 1306 anima
737 1261 920 1306 autem
952 1251 1160 1306 munda
1191 1251 1409 1306 divinas
1442 1252 1704 1322 producit
1731 1249 2112 1320 cogitationes.

599 1345 688 1400 75.
715 1345 1093 1414 Cogitationes
1128 1345 1360 1400 studiosi
1394 1345 1720 1416 sapientiam
1755 1343 2114 1416 meditantur,

528 1445 582 1491 et
612 1438 780 1492 verba
802 1412 983 1508 ipsius
1008 1437 1293 1494 auditores
1322 1412 1656 1493 illuminant.
1847 1412 1885 1448 ‘

599 1529 687 1583 76.
730 1528 787 1583 Si
840 1529 897 1583 in
947 1530 1130 1584 anima
1175 1530 1408 1586 virtutes
1450 1531 1692 1594 fuerint,
1733 1544 1890 1584 mens
1941 1528 2117 1584 bonas

529 1619 890 1690 cogitationes
927 1618 1214 1690 producit;
1267 1621 1353 1676 sin
1393 1620 1527 1676 vitia
1573 1619 1912 1684 insederint,
1947 1618 2118 1673 malas

528 1712 690 1782 parit.
1685 1772 1701 1786 .

595 1804 682 1858 77.
710 1804 906 1859 Anima
933 1804 1324 1860 affectionibus
1355 1803 1577 1868 referta,
1600 1805 1817 1860 oilicina
1841 1811 1924 1859 est
1947 1804 2114 1858 mala-

2220 599 2247 649 6
2271 595 2546 665 θησαυρός
2584 597 2692 650 τῶν
2716 599 2774 650 ἐν
2804 598 2930 667 ἐμοὶ
2963 603 3388 672 κεκρυμμένων.

2291 687 2388 758 οβ’.
2442 687 2684 753 Σώζουσι
2724 687 3288 762 ψυχὴνλκακοπάθεια
3323 698 3419 750 καὶ
3449 704 3770 770 ταπείνωσις,

2209 783 2316 835 καὶ
2369 785 2432 835 ἐκ
2476 783 2584 836 τῶν
2635 785 3052 855 προειρημένων
3120 786 3314 840 παθῶν
3368 789 3772 847 ἀπαλλάττουσιν

2219 872 2412 940 αὑτήν.

2289 963 2390 1025 ογ’.
2443 957 2600 1011 Ἵδιον
2635 959 2848 1024 ἐννοίας
2894 963 3123 1031 συνετῆς
3161 961 3324 1031 λόγος
3362 962 3658 1036 ὠφέλιμος,
3701 971 3777 1022 καὶ

2217 1047 2398 1118 ψυχῆς
2419 1047 2629 1119 ἀγαθῆς
2655 1050 2852 1120 πρᾶξις
2877 1053 3164 1106 σπουδαία.

2290 1137 2380 1192 06'.
2416 1137 2562 1200 Νοῦς
2591 1141 3010 1210 πεφωτισμένος
3046 1142 3238 1211 λόγους
3280 1147 3547 1218 προφέρει
3585 1153 3776 1218 σοφοὺς,

2219 1229 2482 1300 καὶψυχὴ
2513 1228 2733 1300 καθαρὰ
2758 1231 3056 1304 λογισμοὺς
3092 1239 3335 1307 γεωργεῖ
3367 1237 3566 1302 θείους.

2289 1319 2384 1374 σε’.
2439 1322 2712 1394 Λογισμοὶ
2747 1325 3042 1380 σπουδαίου
3079 1329 3270 1398 σοφίαν
3311 1330 3602 1401 μελετῶσι,
3629 1335 3714 1387 καὶ
3741 1337 3780 1388 ci

2216 1413 2368 1482 λόγοι
2393 1414 2564 1468 αὑτοῦ
2605 1416 2906 1484 φωτίζουσι
2933 1420 3062 1484 τοὺς
3088 1420 3413 1486 ἀκούοντας.

2289 1515 2398 1573 ος’.
2473 1509 2880 1582 Ὑποκειμένων
2929 1515 2996 1567 ἐν
3056 1513 3205 1586 ψυχῇ
3265 1506 3508 1588 ἀρετῶν,
3570 1518 3781 1588 ἀγαθοὺς

2218 1603 2460 1670 γεωργεῖ
2484 1601 2810 1674 λογισμούς·
2839 1605 3054 1660 κακιῶν
3080 1607 3136 1661 δὲ
3168 1608 3574 1680 ὑποκειμένων,
3601 1611 3785 1681 φαύλας

2216 1693 2394 1746 τίκτει
2437 1695 2672 1758 ἐννοίας.

2290 1782 2386 1848 οζ⁹.
2437 1783 2701 1854 Πονηρῶν
2742 1787 2966 1840 ἐννοιῶν
3001 1788 3392 1862 ἐργαστήριον,
3425 1790 3578 1863 ψυχὴ
3630 1794 3785 1864 ἐμπα-

527 1909 650 1948 rum
683 1894 1080 1964 cogitationum
1117 1911 1130 1948 :
1160 1912 1227 1950 ex
1257 1911 1358 1951 suo
1385 1895 1649 1952 thesauro
1677 1897 1886 1967 profert
1905 1897 2045 1950 mala
2071 1901 2110 1950 ί.

2220 1874 2353 1946 θὴς·
2428 1877 2523 1930 καὶ
2571 1879 2636 1931 ἐκ
2683 1877 2780 1932 τοῦ
2837 1880 3040 1950 ἐαυτῆς
3093 1881 3683 1955 θησαυροῦ-προφέρει
3727 1886 3784 1940 τὰ

595 2074 684 2128 78.
721 2073 907 2128 Bonus
947 2072 1242 2128 thesaurus
1281 2083 1368 2129 est
1406 2073 1630 2128 habitus
1665 2073 1915 2138 virtutis,
1953 2081 2008 2128 et
2047 2088 2114 2127 ex

525 2163 633 2218 hoc
660 2179 818 2218 mens
844 2163 987 2218 bona
1019 2164 1232 2234 profert
1258 2165 1400 2220 bona
1423 2173 1530 2218 ιισν.

599 2257 686 2311 79.
723 2257 876 2312 Mens
909 2257 1098 2311 divina
1133 2257 1404 2312 clxaritate
1439 2257 1646 2322 amata,
1681 2257 1856 2312 bonas
1893 2257 1962 2312 de
2003 2258 2116 2312 Deo

526 2349 894 2419 cogitationes
934 2350 1138 2404 excolit
1169 2368 1184 2403 :
1220 2366 1345 2420 quae
1376 2359 1559 2405 autem
1597 2365 1785 2406 amore
1850 2351 2117 2422 suiipsius

459 2490 469 2514 .‘
527 2452 770 2505 tenetur,
802 2442 1030 2496 omnino
1069 2442 1342 2497 diversas.

464 2519 470 2527 ’
597 2534 686 2590 80.
714 2533 868 2590 Mens
897 2549 1020 2604 quae
1051 2548 1080 2588 a
1109 2533 1379 2589 charitate
1408 2534 1463 2587 in
1495 2534 1804 2604 proximum
1836 2544 2113 2602 movetur,

526 2626 674 2680 bona
717 2625 785 2680 de
835 2625 956 2695 ipso
1003 2625 1348 2680 incessanter
1389 2626 1669 2696 cogitati;
1715 2635 1907 2682 contra
1947 2643 2112 2692 vero,

523 2731 648 2786 qua:
685 2730 848 2770 secus
887 2713 1084 2770 affecta
1123 2722 1228 2769 est.

596 2807 1004 2863 8L—Bonarum
1035 2805 1430 2877 cogitationum
1470 2821 1653 2862 causae
1685 2815 1815 2861 sunt
1847 2807 2114 2872 virtutes,

523 2899 793 2954 virtutum
853 2905 1071 2961 autem,
1133 2905 1409 2967 praecepta
1449 2915 1462 2949 :
1499 2905 1760 2952 caeterum
1797 2905 1857 2951 ut
1889 2897 1944 2952 in
1979 2897 2116 2952 eﬂ‘e—

523 3001 673 3047 ctum
701 2989 1000 3061 prodeant,
1031 2989 1086 3044 in
1117 3003 1285 3044 causa
1313 2999 1398 3044 est
1419 2989 1792 3059 propositum.

517 3127 535 3140 .
591 3083 682 3138 82.
715 3082 965 3138 Virtutes
995 3089 1050 3136 et
1079 3082 1214 3136 vitia
1255 3081 1372 3136 sive
1405 3079 1570 3146 ﬁant,
1603 3081 1720 3137 sive
1759 3082 2112 3149 omittantur,

521 3175 746 3245 quando
795 3174 1043 3229 vicissim
1101 3173 1471 3244 cogitationes
1519 3173 1792 3239 excitant,
1836 3175 1977 3230 bene
2029 3176 2114 3230 vel

522 3267 669 3322 male
709 3267 948 3320 animam
993 3264 1264 3320 afﬁciunt.

598 3360 686 3416 83.
709 3359 976 3414 Malarum
1002 3357 1401 3428 cogitationum
1427 3373 1610 3414 causae
1628 3368 1761 3414 sunt
1779 3359 1933 3424 vitia,
1956 3361 2116 3416 vitio-

525 3465 649 3505 rum
684 3445 1090 3510 inobedientia,
1122 3445 1517 3501 inobedientiae
1549 3463 1685 3503 vero
1716 3463 1980 3504 sensuum
2017 3450 2112 3504 de-

521 3541 740 3612 ceptio,
768 3522 1118 3609 deceptionis
1151 3547 1338 3592 autem
1373 3554 1662 3608 sensuum,
1702 3542 1906 3597 mentis
1939 3543 2118 3614 negli-

521 3633 705 3705 gentia
735 3631 883 3687 circa
914 3629 1002 3686 sui
1030 3631 1411 3686 securitatem.

595 3725 685 3779 84.
736 3722 1130 3788 Proﬂcientes,
1180 3737 1212 3776 a
1269 3723 1388 3778 suis
1443 3723 1903 3794 dispositionibus
1958 3725 2120 3781 facile

519 3812 782 3868 excidere
808 3821 1065 3882 possunt,
1093 3813 1211 3869 sive
1240 3813 1400 3872 bona».
1425 3814 1560 3882 sint,
1586 3816 1704 3872 sive
1733 3818 1910 3872 malae.
1939 3817 2121 3872 Perfe-

520 3912 738 3959 ctorum
778 3912 964 3960 autem
1005 3903 1230 3962 habitus
1265 3907 1413 3962 circa
1457 3917 1758 3980 utrumque
1796 3908 2120 3966 difﬁcillime

525 4002 846 4049 moventur.

593 4086 684 4142 85.
727 4087 926 4148 Robur
967 4089 1168 4143 animae
1216 4097 1304 4144 est
1351 4089 1577 4146 habitus
1619 4092 1842 4148 virtutis
1891 4094 2116 4150 diﬂicile

522 4176 747 4232 mobilis
777 4185 833 4232 et
861 4178 1193 4246 immobilis;
1226 4195 1392 4250 quem
1465 4194 1782 4251 assecutus,
1813 4185 1964 4242 dicat
1993 4203 2119 4244 cum

516 4268 740 4348 ‘invicto
770 4269 942 4324 Paulo
974 4287 990 4324 :
1025 4269 1153 4336 Qui:
1182 4289 1278 4327 nos
1310 4273 1578 4346 separabit
1607 4293 1640 4330 a
1672 4278 1932 4333 alacritate
1965 4279 2118 4336 Chri-

515 4363 593 4433 ,διε
613 4363 678 4416 γῖ
700 4369 757 4418 et
782 4377 905 4432 quae
931 4372 1266 4434 sequuntur.

516 4439 523 4449 “
597 4454 686 4510 86.
714 4455 1122 4526 Antesignanus
1156 4457 1406 4512 omnium
1442 4457 1802 4515 affectionum
1843 4469 1930 4518 est
1961 4478 2118 4518 amor

528 4544 816 4614 suiipsius,
843 4553 1124 4616 postrema
1152 4561 1288 4624 vero
1317 4547 1567 4602 omnium
1601 4550 1884 4620 superbia.

603 4636 692 4690 87.
724 4636 805 4691 Ex
835 4636 1224 4694 affectionibus
1251 4639 1461 4696 amoris
1496 4641 1762 4712 suiipsins
1807 4651 1922 4700 tres
1947 4660 2116 4714 gene-

531 4725 678 4782 rales
713 4725 1290 4796 concupiscentiarum
1331 4729 1693 4801 cogitationes
1732 4733 1963 4790 trahunt
2001 4737 2118 4792 ori-

528 4817 736 4888 ginem.

599 4909 688 4964 88.
737 4909 985 4981 Intellige
1031 4911 1259 4967 omnino
1309 4914 1672 4984 cogitationes
1721 4916 1892 4986 gulae,
1936 4919 2116 4978 inanis

525 5003 718 5074 gloria:
742 5011 798 5059 et
819 5001 1071 5058 avaritiae
1098 5021 1110 5056 :
1141 5019 1279 5074 quas
1309 5014 1620 5074 sequuntur
1646 5022 1840 5064 omnes
1866 5010 1987 5066 alite
2016 5029 2107 5068 co-

526 5095 824 5168 gitationes
847 5093 1227 5162 aﬂectionum,
1252 5096 1350 5152 sed
1373 5088 1484 5152 non
1506 5112 1700 5154 omnes
1721 5104 2110 5160 communiter.

595 5263 688 5322 89.
711 5265 866 5322 Gulae
898 5266 1285 5337 cogitationem
1320 5267 1572 5336 sequitur
1599 5266 1985 5327 fornicationis
2013 5290 2109 5329 co-

521 5357 744 5428 gitatio;
777 5357 960 5412 inanis
988 5365 1172 5412 autem
1204 5358 1394 5428 gloria:
1423 5358 1816 5428 cogitationem
1849 5363 2111 5434 cogitatio

522 5448 828 5520 superbiae;
858 5448 1084 5518 reliquae
1114 5458 1298 5504 autem
1331 5457 1444 5504 tres
1471 5451 1861 5506 communiter.

592 5541 680 5595 90.
707 5540 1088 5597 Communiter
1115 5549 1233 5596 tres
1255 5549 1584 5610 sequuntur,
1613 5542 1977 5612 cogitationes
2007 5549 2109 5603 tri-

523 5633 706 5699 stitiae,
734 5635 851 5699 irae,
877 5632 1324 5701 machinationis,
1352 5631 1572 5688 invidia:
1601 5643 1657 5688 et
1684 5635 1908 5701 acediw,
1935 5647 1992 5692 et
2019 5655 2108 5694 re-

523 5723 714 5796 liqme.

2143 3221 2190 3285 ϐ

2222 1969 2456 2039 πονηρά.
2917 1994 2933 2001 ο
3337 2033 3349 2046 ι

2293 2064 2394 2130 οη¹.
2458 2059 2516 2114 '0
2541 2059 2750 2128 ἀγαθὸς
2771 2061 3066 2134 θησαυρὸς,
3102 2065 3136 2134 ἡ
3171 2063 3287 2130 ἒξτς
3317 2065 3436 2118 ἐστὶ
3459 2051 3788 2137 τῆςάρετῆς,

2221 2152 2318 2206 καὶ
2356 2153 2384 2204 ὁ
2429 2152 2634 2220 ἀγαθὸς
2665 2153 2794 2216 νοῦς
2824 2155 2890 2208 ἐκ
2922 2155 3129 2226 ταύτης
3178 2159 3452 2229 προφέρει
3493 2157 3566 2211 τὰ
3607 2159 3786 2228 ἀγαθά.

2293 2244 2392 2300 σθ’.
2463 2245 2600 2301 ’Υπδ
2655 2245 2808 2309 Θείας
2871 2249 3096 2320 ἀγάπης
3145 2251 3548 2323 ἐνεργούμενος
3593 2253 3621 2305 ὁ
3662 2253 3790 2316 νοῦς,

2222 2335 2436 2404 ἀγαθὰς
2474 2335 2688 2399 ἐννοίας
2741 2339 2872 2408 περὶ
2935 2338 3070 2393 Θεοῦ
3119 2345 3393 2412 γεωργεϊο
3448 2344 3556 2398 ὑπὸ
3607 2344 3662 2398 δὲ
3707 2345 3793 2414 τῆς

2223 2424 2514 2494 φιλαυτίας
2544 2429 2608 2480 ἐκ
2635 2427 2727 2481 τοῦ
2763 2428 3032 2484 ἐναντίου.

2296 2518 2371 2574 π’.
2410 2520 2560 2584 Νοῦς
2609 2521 2713 2575 ὑπὸ
2751 2526 2851 2594 τῆς
2882 2526 2964 2588 είς
2990 2525 3082 2579 τὸν
3116 2525 3346 2597 πλησίον
3375 2530 3602 2600 ἀγάπης
3633 2529 3794 2586 κινοῦο

2226 2629 2409 2683 μενος,
2447 2613 2588 2666 καλὰ
2622 2615 2751 2685 περὶ
2797 2609 2964 2670 αὑτοῦ
3001 2618 3365 2684 ἀδιαλείπτως
3393 2621 3692 2691 λογίζεται,
3714 2624 3796 2678 καὶ

2223 2704 2388 2756 πάλιν
2422 2705 2486 2758 ἐκ
2513 2704 2608 2758 τοῦ
2636 2706 2883 2762 ἐναντίου
2917 2707 2984 2762 τά
3021 2711 3238 2782 πονηρὰ
3267 2712 3593 2768 ὑποτίθεται
3729 2718 3738 2724 ’

2204 2813 2210 2817 ·
2293 2801 2407 2849 πα’.
2457 2796 2580 2849 Τῶν
2609 2797 2838 2866 ἀγαθῶν
2876 2801 3098 2855 ἐννοιῶν
3131 2802 3189 2856 αί
3231 2804 3432 2874 ἀρεταὶ
3469 2806 3669 2871 αἰτίαι,
3703 2807 3798 2862 τῶν

2221 2887 2278 2940 δέ
2304 2888 2516 2957 ἀρετῶν
2545 2890 2600 2942 αί
2631 2889 2846 2944 ἐντολαί
2871 2907 2888 2922 ο
2933 2891 3033 2964 τῆς
3077 2892 3136 2948 δὲ
3183 2894 3393 2951 τούτων
3446 2899 3730 2970 ἐργασίας,
3767 2901 3796 2970 ἡ

2222 2979 2566 3052 προαίρεσις.
3401 3009 3426 3032 κ
3551 3034 3580 3050 ι

2292 3069 2404 3139 πβν.
2441 3070 2504 3124 At
2544 3072 2742 3142 ἀρεταὶ
2773 3072 2870 3126 καὶ
2915 3074 2972 3126 αί
3017 3075 3209 3130 κακίαι
3235 3076 3532 3148 γινόμεναι
3557 3081 3653 3134 καὶ
3679 3081 3798 3134 ἀπο-

2223 3165 2528 3236 γινόμεναι,
2591 3167 2656 3222 εὖ
2721 3167 2753 3238 ἢ
2818 3169 3006 3234 κακῶς
3071 3171 3171 3242 τὴν
3236 3172 3420 3244 ψυχὴν
3490 3175 3796 3242 διατιθέασι,

2221 3259 2474 3314 κινοῦσαι
2505 3261 2583 3323 είς
2611 3260 2818 3326 ἐννοίας
2851 3264 2973 3316 κατ’
3008 3262 3280 3336 ἀλλήλων.

2291 3356 2403 3420 πγ¹.
2443 3351 2563 3405 Τῶν
2596 3353 2852 3424 πονηρῶν
2893 3355 3114 3410 ἐννοιῶν
3140 3356 3329 3418 εαίτίαι
3373 3361 3434 3414 αἱ
3461 3361 3678 3427 κακίαι,
3705 3359 3798 3415 τῶν

2217 3440 2278 3495 δὲ
2329 3443 2537 3497 κακιῶν
2580 3444 2612 3516 ή
2675 3446 2954 3518 παρακοὴ,
3013 3447 3118 3518 τῆς
3168 3448 3226 3503 δὲ
3281 3453 3578 3523 παρακοῆς
3619 3455 3652 3524 ἡ
3713 3453 3798 3523 τῆς

2219 3534 2525 3606 αἰσθήσεως
2546 3537 2752 3608 ἀπάτη,
2785 3539 2886 3609 τῆς
2913 3539 2970 3592 δὲ
3002 3539 3220 3622 ἀπάτης
3245 3543 3278 3614 ἡ
3305 3543 3403 3598 τοῦ
3431 3544 3528 3601 νοῦ
3566 3547 3697 3618 περὶ
3715 3543 3800 3616 τὴν

2220 3627 2524 3696 ἀσφάλειαν
2567 3629 2738 3700 αὑτῆς
2777 3629 3031 3700 ἀμέλεια.
3283 3688 3290 3694 ,

2293 3718 2396 3774 πδ’.
2473 3721 2561 3772 Ἐν
2632 3721 2732 3792 μὲν
2781 3725 2896 3786 τοῖς
2935 3724 3340 3795 προκόπτουσιν
3400 3728 3799 3800 εὐμετάπτωτοι

2219 3813 2462 3880 γίνονται
2515 3815 2572 3866 αί
2629 3814 2899 3880 διαθέσεις
2955 3819 3065 3873 τῶν
3115 3821 3396 3876 ἐναντίων.
3468 3823 3563 3877 Ἐν
3605 3823 3662 3878 δὲ
3703 3827 3800 3886 τοῖς

2220 3903 2448 3969 τελείοις
2483 3905 2604 3959 κατ’
2639 3905 2807 3976 ἄμφω
2835 3907 2980 3976 ἐξεις
3009 3909 3348 3980 δυσκίνητοι.

2295 4094 2398 4141 πεν.
2441 4086 2630 4160 Ῥώμη
2656 4089 2842 4161 ψυχῆς
2885 4091 3037 4174 ἐστιν
3068 4077 3433 4168 ἕξις-ἀρετῆς
3468 4099 3797 4174 δυσκίνητος,

2220 4179 2300 4243 είς
2331 4179 2398 4263 ᾖν
2422 4182 2450 4234 ὁ
2472 4181 2686 4250 φθάσας
2713 4182 2898 4250 ἐλεγεν
2923 4201 2937 4216 ο
2965 4183 3066 4252 Τίς
3093 4186 3254 4256 ἡμᾶς
3273 4192 3529 4260 χωρίσει
3560 4194 3678 4251 ἀπὸ
3701 4195 3802 4263 τῆς·

2220 4249 2464 4341 ἀγάπης
2488 4249 2601 4328 τοῦ
2639 4249 2900 4343 Χριστοῦ
2915 4292 2934 4341 ;
2965 4249 3060 4331 καί
3086 4249 3155 4334 τά

2295 4454 2416 4512 πς’.
2449 4449 2786 4520 Προηγείται
2821 4451 2921 4522 μὲν
2950 4453 3172 4509 πάντων
3194 4455 3306 4512 τῶν
3337 4459 3534 4516 παθῶν
3553 4464 3588 4534 ἡ
3621 4463 3794 4533 φιλαυ-

2147 4569 2192 4624 D
2221 4536 2332 4602 τία,
2363 4538 2558 4594 ἕπεται
2587 4540 2645 4594 δὲ
2685 4543 2904 4598 πάντων
2952 4545 3183 4614 ἔσχατον
3217 4551 3250 4619 ἡ
3293 4549 3668 4620 ὑπερηφανία.

2295 4628 2402 4696 ut";
2435 4632 2498 4685 Οί
2526 4635 2674 4703 τρεῖς
2698 4633 3056 4702 γενικώτατοι
3082 4639 3182 4709 τῆς
3203 4641 3508 4712 ἐπιθυμίας
3536 4644 3792 4715 λογισμοὶ,

2223 4723 2289 4776 ἐκ
2374 4721 2470 4776 τοῦ
2559 4724 2768 4788 πάθους
2853 4726 2953 4798 τῆς
3030 4728 3322 4798 φιλαυτίας
3403 4731 3504 4806 τὴν
3555 4735 3794 4807 γέννησιν

2221 4812 2456 4884 ἔχουσιν.

2295 4906 2408 4980 πη’.
2444 4909 2575 4962 Νόει
2606 4909 2825 4976 πάντως
2853 4911 2982 4994 τούς
3013 4930 3072 4967 τε
3106 4914 3208 4986 τῆς
3235 4921 3681 4989 γαστριμαργίας
3710 4921 3792 4974 καὶ

2221 4997 2527 5064 κενοδοξίας
2563 5001 2660 5054 καὶ
2694 4999 3062 5072 φιλαργυρίας
3101 5003 3421 5074 λογισμοὺς,
3463 5003 3549 5072 οἷς
3586 5009 3790 5062 ἕπονται

2224 5093 2424 5156 πάντες
2475 5093 2526 5146 οἱ
2595 5094 2866 5164 ἐμπαθεῖς
2921 5094 3209 5168 λογισμοὶ,
3273 5097 3392 5152 ἀλλ’
3467 5101 3532 5154 οὐ
3607 5101 3790 5162 πάντες

2221 5184 2439 5248 κοινῶς.

2291 5275 2400 5330 πθ’.
2442 5273 2534 5346 Τῷ
2561 5277 2661 5346 τῆς
2685 5280 3131 5350 γαστριμαργίας
3159 5281 3407 5356 λογισμῷ
3429 5285 3625 5340 ἕπεται
3653 5287 3679 5338 ό
3703 5285 3787 5354 τῆς

2219 5366 2496 5438 πορνείας,
2531 5368 2608 5438 τῷ
2633 5369 2690 5423 δὲ
2719 5370 2818 5440 τῆς
2843 5372 3152 5438 κενοδοξίας
3184 5377 3212 5429 ό
3243 5377 3346 5448 τῆς
3378 5376 3782 5449 ὑπερηφανίας·

2217 5461 2268 5513 οἱ
2297 5459 2352 5513 δὲ
2385 5461 2566 5516 λοιποὶ
2585 5463 2782 5528 κοινῶς
2813 5466 2930 5528 τοῖς
2960 5467 3161 5536 τρισίν.

2288 5555 2357 5618 μ’.
2418 5554 2800 5610 Ἀκολουθοῦσι
2847 5559 3043 5624 κοινῶς
3075 5563 3191 5624 τοῖς
3244 5563 3444 5633 τρισὶν,
3498 5563 3646 5617 οἵτε
3695 5561 3780 5629 τῆς

2214 5641 2414 5712 λύπης,
2468 5645 2564 5699 καὶ
2605 5645 2706 5716 τῆς
2757 5647 2932 5718 ὀργῆς
2981 5650 3076 5704 καί
3141 5651 3240 5722 τῆς
3289 5655 3657 5726 μνησικακίας
3699 5650 3779 5706 καὶ

2217 5732 2414 5802 φθόνου
2441 5735 2537 5790 καὶ
2567 5737 2818 5810 ἀκηδίας,
2856 5741 2952 5794 καὶ
2991 5743 3042 5796 oi
3067 5742 3272 5800 λοιποί.

601 5839 621 5874 ι
657 5835 855 5893 Matth.
889 5839 1096 5900 111,35.
1172 5849 1262 5882 ιιι-ν
1285 5839 1428 5896 ibid.
1503 5851 1527 5880 ³
1563 5842 1737 5899 lCor.
1761 5861 1874 5912 xm,
1911 5845 1983 5900 5..
2043 5855 2071 5894 γ
2093 5847 2254 5902 Rom.
2291 5863 2408 5914 vm,
2439 5851 2526 5905 55.
