4052 6366
330 377 465 442 1157

1729 380 2117 442 CENTURIA
2149 383 2256 466 iv.

3471 384 3612 452 1458

394 501 507 563 ιβ’.
543 496 790 549 Δέσποτα
832 495 941 550 τῶν
991 497 1250 552 ἁπάντων
1297 497 1522 567 Χριστὲ,
1578 497 1644 550 ὲκ
1697 497 1916 551 πάντων

2097 497 2188 552 91.
2220 498 2450 553 Domine
2479 497 2728 552 omnium
2757 497 3000 563 Christe,
3025 498 3198 553 libera
3224 513 3324 555 nos
3351 515 3415 555 ex
3447 503 3624 554 omni-

321 587 532 641 τούτων
558 590 706 660 ἡμᾶς
731 588 1124 660 ὲλευθέρωσον,
1167 589 1280 644 τῶν
1318 609 1376 644 τε
1403 590 1663 662 ὀλεθρίων
1701 592 1912 660 παθῶν,

323 679 418 730 καὶ⁵
443 679 550 732 τῶν
579 679 638 744 ἐξ
667 681 847 734 αὐτῶν
877 683 1214 752 τικτομένων
1246 682 1546 754 λογισμῶν.

395 771 504 842 ι,β·.
553 771 758 826 Ἕνεκά
819 791 914 826 σου
968 775 1297 846 γεγόναμεν,
1336 776 1424 830 ἵνα
1483 775 1579 830 σοῦ
1633 795 1915 846 κατατρυ-

272 907 284 912 -
325 862 588 932 φήσωμεν
611 865 669 916 ὲν
703 865 1020 937 παραδείσῳ
1051 867 1316 934 τιθέντες,
1347 867 1424 940 τῷ
1451 869 1558 922 ὑπὸ
1585 870 1680 923 σοῠ
1719 888 1912 939 φυτευ-

325 950 496 1008 θέντι.

397 1050 506 1112 ιιι-γ’.
571 1047 683 1117 Τήν
716 1065 776 1100 τε
819 1049 914 1102 νῦν
967 1049 1194 1120 ἀτιμίαν
1234 1051 1448 1116 ἑαυτοῖς
1481 1055 1918 1124 ὲπεσπασάμεθα

323 1136 428 1206 τῆς
459 1141 737 1211 μακαρίας
761 1145 972 1214 τρυφῆς
1012 1143 1112 1214 τὴν
1146 1142 1401 1216 ὀλεθρίαν
1444 1149 1912 1219 προτιμήσαντες.

397 1314 498 1383 τπδ’.
555 1308 664 1378 Ἧς
715 1317 1066 1389 ἀντιμισθίαν
1131 1323 1190 1374 ἐν
1249 1323 1464 1388 ἑαυτοῖς
1523 1325 1913 1399 ἀπελάϐομεν,

323 1408 472 1477 ζωῆς
507 1409 678 1462 ἀϊδίου
713 1409 948 1464 θάνατον
975 1411 1464 1484 ἀνταλλαξάμενοι.
1665 1409 1670 1414 ’

397 1499 497 1567 με’.
540 1501 656 1554 Νῦν
705 1497 821 1563 οὖν,
873 1503 1144 1570 Δέσποτα,
1193 1505 1376 1570 καθὼς
1415 1509 1760 1580 ἐπέϐλεψας,
1823 1515 1918 1568 καὶ

321 1594 407 1656 είς
443 1593 596 1656 τέλος
627 1593 942 1665 ἑπίϐλεψον·
978 1597 1162 1662 καθὼς
1192 1599 1646 1673 ἐνανθρὼπησας,
1675 1606 1770 1658 καὶ
1807 1606 1916 1660 σῶ-

325 1703 418 1739 σον
443 1687 654 1750 πάντας
679 1689 852 1757 ἡμᾶς.

395 1781 510 1844 ιη.ςό
543 1778 724 1833 Σῶσαι
753 1780 862 1851 γάρ
890 1775 1056 1853 ἦλθες
1085 1784 1212 1848 τοὺς
1243 1785 1596 1852 ἀπολωλότας
1627 1791 1771 1860 ἡμᾶς
1795 1807 1808 1821 ο
1841 1791 1916 1861 μὴ

319 1869 566 1942 χωρίσῃς
605 1871 753 1942 ἡμᾶς
785 1872 886 1942 τῆς
909 1874 1016 1927 τῶν
1043 1875 1370 1946 σωζομένων
1403 1879 1643 1950 μερίδος,

396 2049 500 2114 ίτζν.
545 2047 878 2117 Ἀνάστησον
919 2049 1120 2120 ψυχὰς,
1174 2051 1269 2104 καὶ
1307 2051 1481 2104 σῶσον
1529 2052 1597 2106 τὰ
1649 2053 1914 2124 σώματα,

315 2138 608 2209 καθαίρων
635 2141 844 2204 πάντας
865 2142 1013 2211 ἡμᾶς
1048 2142 1158 2196 ἀπὸ
1191 2143 1393 2206 παντὸς
1433 2145 1734 2215 μολυσμοῦ.

401 2236 508 2300 ιιην.
555 2231 745 2302 Ῥἦξον
779 2234 847 2288 τὰ
878 2235 1056 2304 θεσμὰ
1099 2235 1212 2290 τῶν
1247 2237 1592 2308 κατεχόντων
1634 2241 1781 2310 ἡμᾶς
1814 2261 1918 2296 πα-

262 2393 286 2410 ,
313 2325 456 2387 θῶν,
486 2327 513 2378 ὀ
558 2326 731 2398 ῥήξας
770 2328 870 2392 τάς
903 2327 1195 2404 φάλαγγας
1234 2329 1344 2384 τῶν
1371 2330 1698 2403 ἀκαθάρτων
1726 2334 1917 2405 δαιμό-

310 2433 453 2470 νων.
1174 2454 1178 2458 .

397 2509 503 2577 ἥθ’.
541 2511 651 2564 Καὶ
683 2512 996 2580 ἀπάλλαξον
1029 2515 1180 2585 ἡμᾶς
1215 2515 1317 2586 τῆς
1347 2516 1408 2581 ἐξ
1435 2517 1617 2573 αὐτῶν
1657 2519 1915 2590 τυραννί-

311 2598 434 2663 δος,
473 2599 562 2654 ἵνα
593 2602 675 2654 σοὶ
707 2601 858 2673 μόνῳ
887 2603 1281 2677 λατρεύσωμεν
1309 2605 1388 2676 τῷ
1417 2609 1622 2680 αἰωνίῳ
1659 2611 1818 2678 φωτί.

398 2689 466 2759 ρ’.
511 2693 873 2767 Ἀναστάντες
907 2695 972 2750 ἐκ
1003 2697 1242 2767 νεκρῶν,
1269 2699 1368 2752 καὶ
1398 2701 1495 2754 σὺν
1529 2701 1784 2770 ἀγγέλοις
1819 2719 1914 2773 χο-

315 2783 578 2856 ρεύοντες
609 2787 1026 2859 τὴν“μακαρίαν
1062 2791 1158 2844 καὶ
1189 2791 1419 2845 αἰωνίαν
1449 2791 1546 2845 καὶ
1568 2792 1912 2846 ἁκατάλυτον

312 2875 565 2946 χορείαν.
609 2878 806 2952 Ἀμήν.

395 3043 420 3106 ξ
451 3033 824 3104 an.xix,10.
868 3047 888 3068 ³
914 3037 1121 3094 Ezech.
1171 3054 1355 3106 uxvr,
1411 3041 1502 3097 25.

1949 1867 2002 1926 Β
2025 1876 2228 1946 perditi
2274 1891 2500 1931 eramus

2031 590 2138 646 bus
2171 591 2498 665 perniciosis
2521 589 2842 657 aﬂ‘ectibus,
2869 601 2924 645 et
2946 607 3011 646 ex
3043 571 3625 662 cogitationibus‘qute

2029 699 2098 737 ex
2127 682 2263 752 ipsis
2290 683 2576 738 oriuntur.

2102 775 2192 830 92.
2240 776 2476 846 Propter
2527 785 2580 830 te
2621 774 2750 830 facti
2781 790 3006 841 sumus,
3048 783 3108 829 ut
3153 783 3206 830 te
3255 775 3622 840 delectemur,

2027 867 2196 938 positi
2240 866 2295 920 in
2336 866 2596 937 paradiso
2638 883 2670 921 a
2711 875 2764 923 te
2808 868 3078 938 plantato.

2097 1047 2187 1101 95.
2216 1046 2577 1117 Ignominiam
2613 1055 2797 1103 autem
2833 1047 2978 1102 hanc
3009 1055 3256 1102 nostram
3287 1047 3452 1102 nobis
3484 1061 3620 1102 con-
3702 1033 3706 1036 ’

2027 1137 2330 1204 traximus,
2362 1139 2493 1210 quia
2529 1139 2879 1210 praetulimus
2907 1139 3086 1194 beatis
3122 1139 3232 1195 illis
3266 1139 3486 1195 deliciis
3520 1139 3621 1196 has

2025 1230 2391 1301 perniciosas.
3359 1231 3368 1236 “

2099 1325 2188 1379 94.
2217 1324 2400 1390 Quare
2433 1323 2655 1394 dignam
2707 1323 2762 1378 in
2811 1323 2977 1380 nobis
3025 1323 3338 1379 mercedem
3401 1323 3623 1393 accepi—

2027 1431 2182 1480 l'llllS,
2207 1423 2415 1470 aeterna
2443 1413 2557 1470 vita
2587 1421 2922 1469 commutata
2950 1428 3054 1483 pro
3079 1422 3280 1470 morte.

2097 1507 2186 1561 95.
2224 1505 2384 1560 Nunc
2427 1519 2593 1576 ergo,
2617 1503 2882 1570 Domine,
2913 1503 3060 1559 sicut
3095 1504 3418 1576 respexisli,
3451 1506 3524 1560 ita
3566 1507 3623 1560 in

2028 1597 2194 1653 ﬁnem
2220 1613 2396 1667 usque
2424 1597 2691 1667 respicias
2725 1615 2738 1650 :
2766 1606 2823 1650 et
2851 1596 2996 1652 sicut
3021 1597 3190 1652 homo
3219 1597 3397 1654 factus
3424 1613 3517 1664 es,
3545 1599 3622 1653 ita

2031 1691 2177 1745 salva
2205 1706 2308 1744 nos
2335 1705 2549 1745 omnes.

2098 1784 2190 1839 96.
2231 1783 2444 1838 Venisti
2491 1783 2640 1838 enim
2690 1792 2752 1838 ut
2793 1784 2976 1839 salvos
3021 1797 3122 1839 nos
3167 1783 3381 1839 faceres
3406 1793 3452 1848 ³,
3493 1783 3622 1853 quia

2549 1894 2562 1928 ς
2606 1891 2676 1931 ne
2723 1891 2948 1946 separes
2991 1890 3093 1932 nos
3131 1891 3164 1930 a
3205 1883 3360 1944 parte
3403 1874 3622 1930 salvan-

2026 1967 2248 2021 dorum.
2997 1983 3007 1989 -

2097 2055 2186 2110 97.
2223 2055 2517 2111 Rcsuseita
2555 2057 2802 2120 animas,
2833 2063 2890 2112 et
2933 2056 3084 2111 salva
3122 2070 3386 2126 corpora,
3423 2055 3618 2126 purill-

2027 2166 2159 2206 cans
2199 2165 2304 2204 nos
2347 2151 2416 2205 ab
2459 2150 2610 2205 omni
2651 2149 3078 2220 inquinamento
3097 2165 3144 2206 υ.

2095 2241 2184 2297 98.
2213 2241 2431 2312 Rumpe
2461 2241 2683 2297 vincula
2715 2237 3069 2297 aﬂectionum
3099 2258 3202 2298 nos
3231 2242 3618 2308 detinentium,

2025 2333 2122 2404 qui
2151 2333 2347 2404 rupisli
2381 2333 2683 2404 phalanges
2705 2333 3124 2389 immundorum
3157 2334 3490 2389 daemonum.

2093 2513 2187 2570 99.
2223 2515 2292 2568 Et
2329 2514 2505 2568 libera
2540 2474 2642 2568 nos
2675 2529 2706 2568 a
2743 2512 3036 2584 tyrannide
3074 2511 3356 2582 ipsorum,
3384 2517 3447 2566 nt
3481 2511 3614 2576 tibi,

2024 2618 2234 2662 aeterno
2257 2604 2474 2669 lumini,
2513 2605 2827 2660 serviamus
2866 2603 2991 2660 soli.

2091 2699 2210 2754 100.
2241 2697 2309 2754 Ut
2332 2713 2460 2752 cum
2491 2713 2560 2752 ex
2576 2697 2812 2752 mortuis
2835 2695 3332 2759 resurrexerimus,
3364 2709 3491 2750 cum
3518 2708 3588 2748 an

2015 2792 2157 2863 gelis
2180 2792 2398 2846 beatam
2426 2805 2490 2845 ac
2519 2801 2783 2847 aeternam
2808 2798 2864 2848 et
2889 2788 3330 2846 indissolubilcm
3352 2787 3615 2843 ehoream

1986 2927 1994 2932 -
2015 2889 2314 2959 agitemus.

777 3185 3576 3214 mm

1559 3318 2222 3436 ΕΚΑΤΟΝΤΑΣ
2297 3333 2409 3444 Δ’.

1629 3481 1804 3593 Ἧξὴ
1845 3523 2164 3594 ἀκροστιχ”ις
2187 3523 2282 3593 ἥδε

306 3682 514 3754 Ὅμως
543 3675 659 3736 οὖν
689 3681 788 3736 καὶ
817 3680 885 3735 ἐκ
919 3681 1040 3737 τῶν
1071 3685 1290 3752 κυρίως
1319 3683 1541 3750 κακῶν,
1578 3685 1676 3738 καί
1709 3685 1827 3736 τῶν
1862 3684 1949 3752 μὴ
1978 3685 2220 3754 κυρίως,
2256 3684 2654 3755 νομπζομέιηων
2682 3681 2769 3746 δὲ,
2821 3679 2993 3748 εὖξαι
3025 3682 3282 3745 ἐκτενῶς
3305 3681 3460 3748 πρὸς
3501 3681 3612 3735 τὸν

1464 3781 1614 3837 Θεὸν
1654 3779 1842 3851 ἡμῶν,
1877 3774 2259 3852 λυτρωθῆναι
2296 3779 2473 3851 ἡμᾶς.

1541 4069 2144 4160 CENTURIA
2227 4069 2392 4190 1v,

1557 4261 1728 4335 Cujus
1753 4249 2088 4318 aerostiehis
2113 4259 2234 4315 hac
2259 4269 2344 4316 cst
2371 4280 2383 4318 :

441 4419 657 4498 Igitur
713 4434 973 4496 precare
1015 4417 1312 4478 continue
1347 4417 1429 4478 ad
1473 4417 1800 4477 Dominum
1854 4416 2049 4476 Deum
2086 4425 2400 4488 nostrum,
2441 4427 2512 4474 ιιι
2561 4411 2752 4474 simul
2792 4431 2906 4473 nos
2945 4409 3168 4472 liberet
3206 4429 3244 4468 a
3283 4407 3486 4484 malis,

543 4531 668 4583 tam
701 4521 776 4583 ab
816 4522 913 4584 his
946 4541 1080 4602 qua
1117 4523 1383 4601 proprie
1421 4522 1752 4596 dicuntur,
1799 4539 1984 4601 quam
2023 4519 2098 4581 ab
2145 4520 2225 4581 iis
2271 4537 2406 4600 qua:
2449 4519 2797 4597 improprie
2839 4517 3151 4578 habentur
3191 4515 3376 4576 mala.

391 4809 464 4856 α’.
506 4800 567 4853 '0
611 4799 711 4870 τῆς
736 4799 881 4870 ’πρὸς
909 4798 1004 4851 τὸν
1039 4797 1221 4868 σάρκα
1267 4795 1449 4866 φιλίας
1497 4797 1588 4850 καὶ
1621 4797 1913 4860 κολακείας
1942 4803 1984 4859 C

195 4889 220 4898 ”
305 4897 414 4952 τὸν
456 4893 581 4947 νοῦν
636 4892 1029 4962 ὶίιποχωρίσας⁹
1062 4883 1218 4954 οὗτος
1261 4891 1340 4962 τῷ
1373 4889 1592 4960 ζωτικῷ
1639 4890 1916 4960 πνεύματι

305 4991 419 5051 τὰς
453 4985 682 5058 πράξεις
712 4983 808 5037 τοῦ
839 4982 1092 5054 σώματος
1127 4981 1492 5037 ἐθανάτωσεν.

395 5075 462 5152 β’.
529 5074 848 5148 Μὴνόμιζε
895 5075 1232 5148 κεχωρίσθαι
1282 5078 1381 5148 τῆς
1424 5079 1561 5150 πρὸς
1600 5077 1698 5150 τὴν
1737 5077 1916 5146 σάρκα

313 5171 588 5244 σχέσεως,
616 5169 698 5224 ἔτι
749 5170 808 5222 ἐν
839 5170 953 5232 τοῖς
1013 5169 1112 5240 τῆς
1169 5169 1374 5240 σαρκὸς
1405 5170 1630 5233 οἰκείοις
1667 5168 1759 5222 τὸν
1789 5166 1915 5221 νοῦν

251 5326 262 5338 ,
309 5268 468 5335 ἔχων
495 5260 980 5332 ὲνασχολοῦμενον.

399 5351 468 5428 γ’.
504 5355 721 5423 ’Ὠσπερ
775 5353 878 5422 τῆς
923 5353 1124 5424 σαρκὸς
1190 5353 1296 5407 ίδία
1351 5357 1382 5425 ἡ
1420 5355 1696 5424 αἴσθησις,
1727 5355 1916 5410 καὶτὰ

313 5447 586 5518 αἰσθητά,
627 5443 770 5498 οὕτω
818 5447 912 5499 καὶ
962 5447 1062 5516 τῆς
1114 5444 1296 5517 ψυχῆς
1343 5445 1450 5500 ἴδια
1497 5447 1526 5498 ὁ
1565 5447 1690 5509 νοῦς
1721 5448 1917 5503 καὶτὰ

315 5543 597 5610 νοήματα.
636 5566 643 5573 ·

321 5693 332 5699 _
400 5634 462 5688 δ’.
495 5633 783 5688 Σύστειλον
814 5633 911 5705 τὴν
936 5633 1115 5702 ψυχὴν
1141 5633 1204 5684 ἐκ
1228 5631 1328 5700 τῆς
1353 5631 1663 5702 αἰσθήσεως
1687 5631 1782 5686 καὶ
1804 5631 1916 5685 τῶν

330 5726 632 5797 αἰσθητῶν,
666 5729 759 5780 καὶ
792 5728 1103 5798 εὑρίσκεται
1129 5727 1156 5778 ὁ
1187 5723 1311 5788 νοῦς
1347 5727 1404 5777 ἐν
1436 5724 1511 5794 τῷ
1546 5722 1664 5794 Θεῷ
1718 5727 1812 5778 καὶ
1857 5729 1914 5781 ἐν

321 5821 443 5881 τοῖς
472 5819 701 5889 νοητοῖς.

1951 4673 2022 4685 —

2092 4797 2142 4850 l.
2176 4795 2280 4862 Qui
2317 4802 2558 4848 mentem
2593 4793 2664 4848 ab
2696 4790 2940 4847 amicitia
2976 4806 3043 4847 ac
3075 4790 3393 4853 adulatione
3426 4793 3610 4848 carnis

2020 4885 2423 4956 sequestravit,
2469 4883 2626 4938 vitali
2673 4883 2874 4955 spiritu
2925 4898 3098 4954 opera
3147 4882 3334 4938 carnis
3375 4883 3610 4938 mortiﬁ-
3659 4955 3664 4961 _

2021 4980 2188 5035 cavit.

2090 5071 2144 5124 2.
2173 5070 2252 5126 Ne
2279 5078 2446 5140 putes
2467 5079 2711 5127 mentem
2741 5085 2772 5124 a
2804 5069 2988 5124 carnis
3012 5067 3254 5124 amicitia
3277 5067 3610 5134 descivisse,

2021 5179 2148 5219 eum
2185 5162 2371 5218 adhuc
2405 5161 2464 5216 in
2497 5161 2587 5218 his
2617 5176 2743 5234 quae
2777 5159 2966 5216 carnis
2997 5166 3127 5214 sunt
3158 5157 3381 5228 propria
3401 5197 3416 5223 ,
3440 5174 3610 5213 occu-

2021 5263 2204 5328 petur.

2090 5351 2143 5404 5.
2175 5349 2328 5406 Sicut
2361 5347 2514 5404 carni
2557 5346 2769 5420 proprii
2807 5355 2939 5402 sunt
2971 5361 3170 5402 sensus
3212 5357 3268 5402 et
3301 5346 3608 5410 sensibilia,

2025 5444 2098 5498 ita
2156 5443 2352 5498 animae
2401 5441 2754 5503 intellectus,
2799 5447 2859 5494 et
2907 5454 3029 5508 qua:
3085 5437 3371 5494 intellectu
3405 5441 3612 5508 .perci-
3703 5502 3711 5506 _

2063 5538 2274 5591 iunlur.

2063 5553 2274 5591 runtur.

2024 5553 2057 5607 ρ
2095 5631 2148 5684 4.
2177 5626 2454 5684 Abstrahe
2488 5627 2728 5681 animam
2769 5640 2800 5679 a
2837 5624 3094 5680 sensibus
3128 5634 3187 5680 et
3227 5625 3608 5690 sensibilibus,

2023 5733 2079 5777 ct
2110 5721 2424 5776 invenietur
2449 5736 2604 5776 mens
2638 5720 2694 5774 in
2729 5719 2876 5786 Deo,
2901 5726 2958 5775 et
2987 5717 3074 5774 his
3107 5734 3230 5790 quae
3260 5727 3446 5774 mente
3480 5734 3607 5790 per-

2025 5815 2322 5884 cipiuntur.
