  <div class='ocr_page' id='page_1' title='image "/cluster/home/n/w/nwhite01/storage/ocr_20150623/91:no.2/coo.31924054869957/752.png"; bbox 0 0 4052 6366; ppageno 0'>
   <div class='ocr_carea' id='block_1_1' title="bbox 393 345 520 410">
    <p class='ocr_par' dir='ltr' id='par_1_1' title="bbox 393 345 520 410">
     <span class='ocr_line' id='line_1_1' title="bbox 393 345 520 410; baseline 0.008 -1"><span class='ocrx_word' id='word_1_1' title='bbox 393 345 520 410; x_wconf 73' lang='grc' dir='ltr'><strong>Ῑξ61</strong></span> 
     </span>
    </p>
   </div>
   <div class='ocr_carea' id='block_1_2' title="bbox 1782 345 2402 407">
    <p class='ocr_par' dir='ltr' id='par_1_2' title="bbox 1782 345 2402 407">
     <span class='ocr_line' id='line_1_2' title="bbox 1782 345 2402 407; baseline -0.002 0"><span class='ocrx_word' id='word_1_2' title='bbox 1782 345 2170 407; x_wconf 71' lang='lat' dir='ltr'><strong>CENTURIA</strong></span> <span class='ocrx_word' id='word_1_3' title='bbox 2210 347 2308 406; x_wconf 85' lang='lat' dir='ltr'><strong>IV.</strong></span> <span class='ocrx_word' id='word_1_4' title='bbox 2377 350 2402 362; x_wconf 89' lang='lat'>&quot;</span> 
     </span>
    </p>
   </div>
   <div class='ocr_carea' id='block_1_3' title="bbox 3521 327 3655 392">
    <p class='ocr_par' dir='ltr' id='par_1_3' title="bbox 3521 327 3655 392">
     <span class='ocr_line' id='line_1_3' title="bbox 3521 327 3655 392; baseline -0.037 0"><span class='ocrx_word' id='word_1_5' title='bbox 3521 327 3655 392; x_wconf 69' lang='lat'><strong>“62</strong></span> 
     </span>
    </p>
   </div>
   <div class='ocr_carea' id='block_1_4' title="bbox 459 439 1960 532">
    <p class='ocr_par' dir='ltr' id='par_1_4' title="bbox 459 458 1960 532">
     <span class='ocr_line' id='line_1_4' title="bbox 459 458 1960 532; baseline -0.001 -20"><span class='ocrx_word' id='word_1_6' title='bbox 459 459 565 527; x_wconf 82' lang='grc' dir='ltr'>κγ’.</span> <span class='ocrx_word' id='word_1_7' title='bbox 609 459 864 530; x_wconf 75' lang='grc' dir='ltr'>’Λμέλεια</span> <span class='ocrx_word' id='word_1_8' title='bbox 891 460 980 513; x_wconf 79' lang='grc' dir='ltr'><strong>τὸν</strong></span> <span class='ocrx_word' id='word_1_9' title='bbox 1012 459 1336 532; x_wconf 73' lang='grc' dir='ltr'><strong>προπάτορα</strong></span> <span class='ocrx_word' id='word_1_10' title='bbox 1372 461 1451 524; x_wconf 76' lang='grc' dir='ltr'>εἰς</span> <span class='ocrx_word' id='word_1_11' title='bbox 1485 458 1801 532; x_wconf 82' lang='grc' dir='ltr'>παράϐασιν</span> <span class='ocrx_word' id='word_1_12' title='bbox 1833 459 1960 529; x_wconf 74' lang='grc' dir='ltr'>ἧγασ</span> 
     </span>
    </p>
   </div>
   <div class='ocr_carea' id='block_1_5' title="bbox 2067 439 3652 532">
    <p class='ocr_par' dir='ltr' id='par_1_5' title="bbox 2136 439 3652 532">
     <span class='ocr_line' id='line_1_5' title="bbox 2136 439 3652 532; baseline -0.013 -20"><span class='ocrx_word' id='word_1_13' title='bbox 2136 458 2226 512; x_wconf 74' lang='grc'><strong>25.</strong></span> <span class='ocrx_word' id='word_1_14' title='bbox 2259 452 2606 526; x_wconf 82' lang='lat' dir='ltr'><strong>Negligentia</strong></span> <span class='ocrx_word' id='word_1_15' title='bbox 2647 451 2885 522; x_wconf 88' lang='lat' dir='ltr'><strong>primum</strong></span> <span class='ocrx_word' id='word_1_16' title='bbox 2921 453 3203 519; x_wconf 85' lang='lat' dir='ltr'><strong>parentem</strong></span> <span class='ocrx_word' id='word_1_17' title='bbox 3237 451 3488 499; x_wconf 88' lang='lat' dir='ltr'><strong>nostrum</strong></span> <span class='ocrx_word' id='word_1_18' title='bbox 3522 439 3652 532; x_wconf 83' lang='lat' dir='ltr'><strong>fecit</strong></span> 
     </span>
    </p>
   </div>
   <div class='ocr_carea' id='block_1_6' title="bbox 388 549 1962 623">
    <p class='ocr_par' dir='ltr' id='par_1_6' title="bbox 388 549 1962 623">
     <span class='ocr_line' id='line_1_6' title="bbox 388 549 1962 623; baseline -0.001 -20"><span class='ocrx_word' id='word_1_19' title='bbox 388 569 506 618; x_wconf 83' lang='grc' dir='ltr'>γεν,</span> <span class='ocrx_word' id='word_1_20' title='bbox 563 553 654 604; x_wconf 72' lang='grc' dir='ltr'><strong>καὶ</strong></span> <span class='ocrx_word' id='word_1_21' title='bbox 701 553 825 604; x_wconf 68' lang='grc' dir='ltr'>ἀντὶ</span> <span class='ocrx_word' id='word_1_22' title='bbox 875 552 972 621; x_wconf 73' lang='grc' dir='ltr'>τῆς</span> <span class='ocrx_word' id='word_1_23' title='bbox 1011 553 1223 623; x_wconf 82' lang='grc' dir='ltr'>τρυφῆς</span> <span class='ocrx_word' id='word_1_24' title='bbox 1272 551 1610 622; x_wconf 70' lang='grc' dir='ltr'><strong>παραδείσου</strong></span> <span class='ocrx_word' id='word_1_25' title='bbox 1670 549 1962 619; x_wconf 80' lang='grc' dir='ltr'><strong>κατέκρινε</strong></span> 
     </span>
    </p>
   </div>
   <div class='ocr_carea' id='block_1_7' title="bbox 389 643 627 713">
    <p class='ocr_par' dir='ltr' id='par_1_7' title="bbox 389 643 627 713">
     <span class='ocr_line' id='line_1_7' title="bbox 389 643 627 713; baseline 0.004 -19"><span class='ocrx_word' id='word_1_26' title='bbox 389 643 627 713; x_wconf 72' lang='grc' dir='ltr'>θανάτῳ.</span> 
     </span>
    </p>
   </div>
   <div class='ocr_carea' id='block_1_8' title="bbox 458 729 1962 800">
    <p class='ocr_par' dir='ltr' id='par_1_8' title="bbox 458 729 1962 800">
     <span class='ocr_line' id='line_1_8' title="bbox 458 729 1962 800; baseline -0.001 -17"><span class='ocrx_word' id='word_1_27' title='bbox 458 729 555 784; x_wconf 76' lang='grc' dir='ltr'>κδ’.</span> <span class='ocrx_word' id='word_1_28' title='bbox 590 731 796 800; x_wconf 76' lang='grc' dir='ltr'>Κράτει</span> <span class='ocrx_word' id='word_1_29' title='bbox 846 730 940 784; x_wconf 73' lang='grc' dir='ltr'>καὶ</span> <span class='ocrx_word' id='word_1_30' title='bbox 981 731 1042 783; x_wconf 71' lang='grc' dir='ltr'><strong>σὺ</strong></span> <span class='ocrx_word' id='word_1_31' title='bbox 1090 731 1186 798; x_wconf 73' lang='grc' dir='ltr'>τῆς</span> <span class='ocrx_word' id='word_1_32' title='bbox 1211 731 1372 795; x_wconf 77' lang='grc' dir='ltr'>Εὔας,</span> <span class='ocrx_word' id='word_1_33' title='bbox 1409 732 1499 786; x_wconf 79' lang='grc' dir='ltr'><strong>τὸν</strong></span> <span class='ocrx_word' id='word_1_34' title='bbox 1548 731 1672 798; x_wconf 73' lang='grc' dir='ltr'>ὄφιν</span> <span class='ocrx_word' id='word_1_35' title='bbox 1705 730 1962 797; x_wconf 80' lang='grc' dir='ltr'>φύλαξαι,</span> 
     </span>
    </p>
   </div>
   <div class='ocr_carea' id='block_1_9' title="bbox 388 822 1677 893">
    <p class='ocr_par' dir='ltr' id='par_1_9' title="bbox 388 822 1677 893">
     <span class='ocr_line' id='line_1_9' title="bbox 388 822 1677 893; baseline 0.004 -20"><span class='ocrx_word' id='word_1_36' title='bbox 388 822 472 874; x_wconf 80' lang='grc' dir='ltr'><strong>ἵνα</strong></span> <span class='ocrx_word' id='word_1_37' title='bbox 504 823 577 892; x_wconf 84' lang='grc' dir='ltr'>μὴ</span> <span class='ocrx_word' id='word_1_38' title='bbox 613 823 957 890; x_wconf 72' lang='grc' dir='ltr'>ἀπατηθεῖσα</span> <span class='ocrx_word' id='word_1_39' title='bbox 989 823 1082 876; x_wconf 82' lang='grc' dir='ltr'><strong>τοὺ</strong></span> <span class='ocrx_word' id='word_1_40' title='bbox 1124 825 1284 890; x_wconf 82' lang='grc' dir='ltr'>ξύλου</span> <span class='ocrx_word' id='word_1_41' title='bbox 1322 841 1402 876; x_wconf 87' lang='grc' dir='ltr'><strong>σοι</strong></span> <span class='ocrx_word' id='word_1_42' title='bbox 1437 823 1677 893; x_wconf 80' lang='grc' dir='ltr'>μεταδῷ.</span> 
     </span>
    </p>
   </div>
   <div class='ocr_carea' id='block_1_10' title="bbox 458 915 2036 988">
    <p class='ocr_par' dir='ltr' id='par_1_10' title="bbox 458 915 2036 988">
     <span class='ocr_line' id='line_1_10' title="bbox 458 915 2036 988; baseline 0.002 -23"><span class='ocrx_word' id='word_1_43' title='bbox 458 922 553 966; x_wconf 72' lang='grc' dir='ltr'>κε’.</span> <span class='ocrx_word' id='word_1_44' title='bbox 582 918 792 986; x_wconf 82' lang='grc' dir='ltr'>Ὥσπερ</span> <span class='ocrx_word' id='word_1_45' title='bbox 824 917 884 968; x_wconf 80' lang='grc' dir='ltr'>τὸ</span> <span class='ocrx_word' id='word_1_46' title='bbox 907 916 1065 985; x_wconf 81' lang='grc' dir='ltr'>σῶμα</span> <span class='ocrx_word' id='word_1_47' title='bbox 1092 919 1232 971; x_wconf 73' lang='grc' dir='ltr'>κατὰ</span> <span class='ocrx_word' id='word_1_48' title='bbox 1262 917 1424 986; x_wconf 74' lang='grc' dir='ltr'>φύσιν</span> <span class='ocrx_word' id='word_1_49' title='bbox 1457 918 1490 988; x_wconf 84' lang='grc' dir='ltr'>ἡ</span> <span class='ocrx_word' id='word_1_50' title='bbox 1520 915 1665 988; x_wconf 72' lang='grc' dir='ltr'>ψυχὴ</span> <span class='ocrx_word' id='word_1_51' title='bbox 1687 917 1963 982; x_wconf 78' lang='grc' dir='ltr'>ζωοποιεῖ,</span> <span class='ocrx_word' id='word_1_52' title='bbox 2011 965 2036 982; x_wconf 52' lang='grc' dir='ltr'><em>ο</em></span> 
     </span>
    </p>
   </div>
   <div class='ocr_carea' id='block_1_11' title="bbox 385 1006 1694 1080">
    <p class='ocr_par' dir='ltr' id='par_1_11' title="bbox 385 1006 1694 1080">
     <span class='ocr_line' id='line_1_11' title="bbox 385 1006 1694 1080; baseline 0.002 -21"><span class='ocrx_word' id='word_1_53' title='bbox 385 1006 526 1059; x_wconf 64' lang='grc' dir='ltr'>οὓτω</span> <span class='ocrx_word' id='word_1_54' title='bbox 559 1009 651 1059; x_wconf 69' lang='grc' dir='ltr'><strong>καὶ</strong></span> <span class='ocrx_word' id='word_1_55' title='bbox 685 1008 783 1077; x_wconf 82' lang='grc' dir='ltr'><strong>τὴν</strong></span> <span class='ocrx_word' id='word_1_56' title='bbox 813 1008 991 1078; x_wconf 65' lang='grc' dir='ltr'>ψυχὴν</span> <span class='ocrx_word' id='word_1_57' title='bbox 1021 1012 1052 1078; x_wconf 80' lang='grc' dir='ltr'>ἡ</span> <span class='ocrx_word' id='word_1_58' title='bbox 1082 1009 1250 1078; x_wconf 80' lang='grc' dir='ltr'>ἀρετὴ</span> <span class='ocrx_word' id='word_1_59' title='bbox 1279 1009 1374 1062; x_wconf 73' lang='grc' dir='ltr'><strong>καὶ</strong></span> <span class='ocrx_word' id='word_1_60' title='bbox 1407 1011 1440 1080; x_wconf 80' lang='grc' dir='ltr'>ἡ</span> <span class='ocrx_word' id='word_1_61' title='bbox 1473 1008 1694 1077; x_wconf 79' lang='grc' dir='ltr'>γνῶσις.</span> 
     </span>
    </p>
   </div>
   <div class='ocr_carea' id='block_1_12' title="bbox 459 1099 1965 1170">
    <p class='ocr_par' dir='ltr' id='par_1_12' title="bbox 459 1099 1965 1170">
     <span class='ocr_line' id='line_1_12' title="bbox 459 1099 1965 1170; baseline 0.001 -21"><span class='ocrx_word' id='word_1_62' title='bbox 459 1105 568 1161; x_wconf 72' lang='grc' dir='ltr'>κς’.</span> <span class='ocrx_word' id='word_1_63' title='bbox 600 1099 816 1168; x_wconf 81' lang='grc' dir='ltr'>Νεφέλη</span> <span class='ocrx_word' id='word_1_64' title='bbox 867 1101 1015 1152; x_wconf 74' lang='grc' dir='ltr'>ἐστὶν</span> <span class='ocrx_word' id='word_1_65' title='bbox 1060 1100 1288 1169; x_wconf 83' lang='grc' dir='ltr'>ἄνυδρος</span> <span class='ocrx_word' id='word_1_66' title='bbox 1318 1099 1441 1162; x_wconf 71' lang='grc' dir='ltr'>νοῦς</span> <span class='ocrx_word' id='word_1_67' title='bbox 1483 1101 1820 1170; x_wconf 79' lang='grc' dir='ltr'>οἱησίσοφος,</span> <span class='ocrx_word' id='word_1_68' title='bbox 1859 1099 1965 1151; x_wconf 73' lang='grc' dir='ltr'>ὑπὸ</span> 
     </span>
    </p>
   </div>
   <div class='ocr_carea' id='block_1_13' title="bbox 382 1189 1962 1262">
    <p class='ocr_par' dir='ltr' id='par_1_13' title="bbox 382 1189 1962 1262">
     <span class='ocr_line' id='line_1_13' title="bbox 382 1189 1962 1262; baseline 0.001 -21"><span class='ocrx_word' id='word_1_69' title='bbox 382 1189 490 1241; x_wconf 75' lang='grc' dir='ltr'><strong>τῶν</strong></span> <span class='ocrx_word' id='word_1_70' title='bbox 543 1191 640 1259; x_wconf 74' lang='grc' dir='ltr'><strong>τῆς</strong></span> <span class='ocrx_word' id='word_1_71' title='bbox 697 1191 1151 1258; x_wconf 70' lang='grc' dir='ltr'>κενοδοξίας-καὶ</span> <span class='ocrx_word' id='word_1_72' title='bbox 1203 1193 1584 1262; x_wconf 79' lang='grc' dir='ltr'>ὑπερηφανίας</span> <span class='ocrx_word' id='word_1_73' title='bbox 1626 1191 1962 1260; x_wconf 79' lang='grc' dir='ltr'>πνευμάτων</span> 
     </span>
    </p>
   </div>
   <div class='ocr_carea' id='block_1_14' title="bbox 385 1283 862 1351">
    <p class='ocr_par' dir='ltr' id='par_1_14' title="bbox 385 1283 862 1351">
     <span class='ocr_line' id='line_1_14' title="bbox 385 1283 862 1351; baseline 0.002 -17"><span class='ocrx_word' id='word_1_74' title='bbox 385 1283 862 1351; x_wconf 68' lang='grc' dir='ltr'>παραφερόμενος.</span> 
     </span>
    </p>
   </div>
   <div class='ocr_carea' id='block_1_15' title="bbox 455 1369 1962 1443">
    <p class='ocr_par' dir='ltr' id='par_1_15' title="bbox 455 1369 1962 1443">
     <span class='ocr_line' id='line_1_15' title="bbox 455 1369 1962 1443; baseline 0.002 -22"><span class='ocrx_word' id='word_1_75' title='bbox 455 1369 558 1433; x_wconf 78' lang='grc' dir='ltr'>κζ’.</span> <span class='ocrx_word' id='word_1_76' title='bbox 604 1371 926 1436; x_wconf 81' lang='grc' dir='ltr'>Κενοδοξίας</span> <span class='ocrx_word' id='word_1_77' title='bbox 977 1371 1194 1442; x_wconf 83' lang='grc' dir='ltr'>κρατῶν</span> <span class='ocrx_word' id='word_1_78' title='bbox 1224 1372 1332 1425; x_wconf 81' lang='grc' dir='ltr'><strong>ἀπὸ</strong></span> <span class='ocrx_word' id='word_1_79' title='bbox 1373 1372 1472 1443; x_wconf 82' lang='grc' dir='ltr'>τῆς</span> <span class='ocrx_word' id='word_1_80' title='bbox 1506 1373 1764 1441; x_wconf 74' lang='grc' dir='ltr'>πορνείας</span> <span class='ocrx_word' id='word_1_81' title='bbox 1791 1372 1962 1442; x_wconf 71' lang='grc' dir='ltr'>πρόσ-</span> 
     </span>
    </p>
   </div>
   <div class='ocr_carea' id='block_1_16' title="bbox 381 1452 1970 1535">
    <p class='ocr_par' dir='ltr' id='par_1_16' title="bbox 381 1452 1970 1535">
     <span class='ocr_line' id='line_1_16' title="bbox 381 1452 1970 1535; baseline 0.003 -23"><span class='ocrx_word' id='word_1_82' title='bbox 381 1479 494 1530; x_wconf 83' lang='grc' dir='ltr'>εχε,</span> <span class='ocrx_word' id='word_1_83' title='bbox 531 1463 742 1532; x_wconf 83' lang='grc' dir='ltr'>μήποτε</span> <span class='ocrx_word' id='word_1_84' title='bbox 786 1465 888 1527; x_wconf 80' lang='grc' dir='ltr'>τᾶς</span> <span class='ocrx_word' id='word_1_85' title='bbox 943 1463 1109 1532; x_wconf 75' lang='grc' dir='ltr'>τιμὰς</span> <span class='ocrx_word' id='word_1_86' title='bbox 1159 1463 1376 1532; x_wconf 79' lang='grc' dir='ltr'>φεύγων</span> <span class='ocrx_word' id='word_1_87' title='bbox 1405 1465 1599 1535; x_wconf 70' lang='grc' dir='ltr'>ἀτιμία</span> <span class='ocrx_word' id='word_1_88' title='bbox 1637 1452 1970 1535; x_wconf 75' lang='grc' dir='ltr'>περιπέσηςῖ</span> 
     </span>
    </p>
   </div>
   <div class='ocr_carea' id='block_1_17' title="bbox 450 1637 1962 1708">
    <p class='ocr_par' dir='ltr' id='par_1_17' title="bbox 450 1637 1962 1708">
     <span class='ocr_line' id='line_1_17' title="bbox 450 1637 1962 1708; baseline 0.001 -18"><span class='ocrx_word' id='word_1_89' title='bbox 450 1645 556 1708; x_wconf 82' lang='grc' dir='ltr'>κη’.</span> <span class='ocrx_word' id='word_1_90' title='bbox 606 1637 932 1706; x_wconf 74' lang='grc' dir='ltr'>’Δποφυγὼν</span> <span class='ocrx_word' id='word_1_91' title='bbox 973 1638 1302 1703; x_wconf 77' lang='grc' dir='ltr'>κενοδοξίαν,</span> <span class='ocrx_word' id='word_1_92' title='bbox 1338 1638 1416 1703; x_wconf 86' lang='grc' dir='ltr'><strong>είς</strong></span> <span class='ocrx_word' id='word_1_93' title='bbox 1449 1639 1540 1692; x_wconf 75' lang='grc' dir='ltr'><strong>τὸν</strong></span> <span class='ocrx_word' id='word_1_94' title='bbox 1569 1639 1700 1692; x_wconf 82' lang='grc' dir='ltr'>Θεὸν</span> <span class='ocrx_word' id='word_1_95' title='bbox 1732 1640 1962 1694; x_wconf 73' lang='grc' dir='ltr'>ἀπόϐλε-</span> 
     </span>
    </p>
   </div>
   <div class='ocr_carea' id='block_1_18' title="bbox 377 1729 1814 1802">
    <p class='ocr_par' dir='ltr' id='par_1_18' title="bbox 377 1729 1814 1802">
     <span class='ocr_line' id='line_1_18' title="bbox 377 1729 1814 1802; baseline 0.002 -20"><span class='ocrx_word' id='word_1_96' title='bbox 377 1747 469 1782; x_wconf 90' lang='grc' dir='ltr'>πε·</span> <span class='ocrx_word' id='word_1_97' title='bbox 508 1732 552 1782; x_wconf 84' lang='grc' dir='ltr'><strong>εί</strong></span> <span class='ocrx_word' id='word_1_98' title='bbox 590 1729 646 1782; x_wconf 80' lang='grc' dir='ltr'><strong>δὲ</strong></span> <span class='ocrx_word' id='word_1_99' title='bbox 695 1731 857 1800; x_wconf 76' lang='grc' dir='ltr'>μήγε,</span> <span class='ocrx_word' id='word_1_100' title='bbox 891 1731 1130 1801; x_wconf 81' lang='grc' dir='ltr'>οἰήσειῆ</span> <span class='ocrx_word' id='word_1_101' title='bbox 1175 1730 1402 1802; x_wconf 83' lang='grc' dir='ltr'>πορνείᾳ</span> <span class='ocrx_word' id='word_1_102' title='bbox 1441 1730 1814 1800; x_wconf 87' lang='grc' dir='ltr'>περιπίπτεις.</span> 
     </span>
    </p>
   </div>
   <div class='ocr_carea' id='block_1_19' title="bbox 448 1901 1961 1972">
    <p class='ocr_par' dir='ltr' id='par_1_19' title="bbox 448 1901 1961 1972">
     <span class='ocr_line' id='line_1_19' title="bbox 448 1901 1961 1972; baseline -0.001 -16"><span class='ocrx_word' id='word_1_103' title='bbox 448 1903 547 1956; x_wconf 67' lang='grc' dir='ltr'>κον.</span> <span class='ocrx_word' id='word_1_104' title='bbox 589 1904 751 1956; x_wconf 79' lang='grc' dir='ltr'>Ἶδιον</span> <span class='ocrx_word' id='word_1_105' title='bbox 774 1903 874 1972; x_wconf 80' lang='grc' dir='ltr'>τῆς</span> <span class='ocrx_word' id='word_1_106' title='bbox 912 1901 1219 1967; x_wconf 80' lang='grc' dir='ltr'>κενοδοξίας</span> <span class='ocrx_word' id='word_1_107' title='bbox 1241 1904 1274 1972; x_wconf 86' lang='grc' dir='ltr'><strong>ἡ</strong></span> <span class='ocrx_word' id='word_1_108' title='bbox 1308 1903 1651 1972; x_wconf 70' lang='grc' dir='ltr'>ἐπιδεικτική</span> <span class='ocrx_word' id='word_1_109' title='bbox 1677 1904 1961 1972; x_wconf 71' lang='grc' dir='ltr'>ἐπιτῆὖευ-</span> 
     </span>
    </p>
   </div>
   <div class='ocr_carea' id='block_1_20' title="bbox 378 1995 1961 2067">
    <p class='ocr_par' dir='ltr' id='par_1_20' title="bbox 378 1995 1961 2067">
     <span class='ocr_line' id='line_1_20' title="bbox 378 1995 1961 2067; baseline -0.001 -19"><span class='ocrx_word' id='word_1_110' title='bbox 378 2013 484 2058; x_wconf 79' lang='grc' dir='ltr'>σις’</span> <span class='ocrx_word' id='word_1_111' title='bbox 519 1997 615 2066; x_wconf 78' lang='grc' dir='ltr'>τῆς</span> <span class='ocrx_word' id='word_1_112' title='bbox 662 1996 716 2048; x_wconf 80' lang='grc' dir='ltr'>δὲ</span> <span class='ocrx_word' id='word_1_113' title='bbox 754 1995 1134 2067; x_wconf 72' lang='grc' dir='ltr'>ὑπερηφανίας</span> <span class='ocrx_word' id='word_1_114' title='bbox 1165 1995 1226 2048; x_wconf 70' lang='grc' dir='ltr'>τὸ</span> <span class='ocrx_word' id='word_1_115' title='bbox 1263 1995 1566 2062; x_wconf 77' lang='grc' dir='ltr'>ὲξουϐενεῖν</span> <span class='ocrx_word' id='word_1_116' title='bbox 1617 1997 1710 2048; x_wconf 72' lang='grc' dir='ltr'><strong>καὶ</strong></span> <span class='ocrx_word' id='word_1_117' title='bbox 1755 1995 1961 2064; x_wconf 74' lang='grc' dir='ltr'>Ουμοῦ-</span> 
     </span>
    </p>
   </div>
   <div class='ocr_carea' id='block_1_21' title="bbox 381 2090 527 2140">
    <p class='ocr_par' dir='ltr' id='par_1_21' title="bbox 381 2090 527 2140">
     <span class='ocr_line' id='line_1_21' title="bbox 381 2090 527 2140; baseline 0.007 -1"><span class='ocrx_word' id='word_1_118' title='bbox 381 2090 527 2140; x_wconf 73' lang='grc' dir='ltr'>σθαι.</span> 
     </span>
    </p>
   </div>
   <div class='ocr_carea' id='block_1_22' title="bbox 383 2179 1962 2250">
    <p class='ocr_par' dir='ltr' id='par_1_22' title="bbox 383 2179 1962 2250">
     <span class='ocr_line' id='line_1_22' title="bbox 383 2179 1962 2250; baseline 0 -18"><span class='ocrx_word' id='word_1_119' title='bbox 383 2183 396 2190; x_wconf 83' lang='grc'><em>”</em></span> <span class='ocrx_word' id='word_1_120' title='bbox 449 2180 514 2235; x_wconf 91' lang='grc' dir='ltr'><strong>λ’.</strong></span> <span class='ocrx_word' id='word_1_121' title='bbox 545 2181 657 2250; x_wconf 75' lang='grc' dir='ltr'>Τὴν</span> <span class='ocrx_word' id='word_1_122' title='bbox 691 2180 1136 2250; x_wconf 79' lang='grc' dir='ltr'>γαστριμαργίαν</span> <span class='ocrx_word' id='word_1_123' title='bbox 1173 2179 1410 2249; x_wconf 82' lang='grc' dir='ltr'>φεύγων,</span> <span class='ocrx_word' id='word_1_124' title='bbox 1456 2180 1555 2249; x_wconf 84' lang='grc' dir='ltr'><strong>τὴν</strong></span> <span class='ocrx_word' id='word_1_125' title='bbox 1607 2181 1962 2250; x_wconf 74' lang='grc' dir='ltr'>ἀνθρωπαρέ-</span> 
     </span>
    </p>
   </div>
   <div class='ocr_carea' id='block_1_23' title="bbox 380 2270 1958 2342">
    <p class='ocr_par' dir='ltr' id='par_1_23' title="bbox 380 2270 1958 2342">
     <span class='ocr_line' id='line_1_23' title="bbox 380 2270 1958 2342; baseline -0.001 -18"><span class='ocrx_word' id='word_1_126' title='bbox 380 2289 568 2325; x_wconf 71' lang='grc' dir='ltr'>σκειαν</span> <span class='ocrx_word' id='word_1_127' title='bbox 601 2271 854 2339; x_wconf 77' lang='grc' dir='ltr'>φύλαξαι,</span> <span class='ocrx_word' id='word_1_128' title='bbox 887 2271 985 2341; x_wconf 76' lang='grc' dir='ltr'><strong>τὴν</strong></span> <span class='ocrx_word' id='word_1_129' title='bbox 1014 2271 1298 2342; x_wconf 71' lang='grc' dir='ltr'>ὠχρότητα</span> <span class='ocrx_word' id='word_1_130' title='bbox 1365 2270 1458 2324; x_wconf 79' lang='grc' dir='ltr'>τοῦ</span> <span class='ocrx_word' id='word_1_131' title='bbox 1512 2270 1809 2341; x_wconf 75' lang='grc' dir='ltr'>προσώπου</span> <span class='ocrx_word' id='word_1_132' title='bbox 1871 2289 1958 2324; x_wconf 85' lang='grc' dir='ltr'><strong>σου</strong></span> 
     </span>
    </p>
   </div>
   <div class='ocr_carea' id='block_1_24' title="bbox 379 2355 1909 2432">
    <p class='ocr_par' dir='ltr' id='par_1_24' title="bbox 379 2355 1909 2432">
     <span class='ocr_line' id='line_1_24' title="bbox 379 2355 1909 2432; baseline 0 -16"><span class='ocrx_word' id='word_1_133' title='bbox 379 2363 756 2429; x_wconf 70' lang='grc' dir='ltr'>ἔπιδεὲξασῦαι</span> <span class='ocrx_word' id='word_1_134' title='bbox 789 2363 1335 2432; x_wconf 79' lang='grc' dir='ltr'>προσφαντὰζουσαν.</span> <span class='ocrx_word' id='word_1_135' title='bbox 1897 2355 1909 2382; x_wconf 82' lang='grc'><strong>’</strong></span> 
     </span>
    </p>
   </div>
   <div class='ocr_carea' id='block_1_25' title="bbox 447 2452 1955 2525">
    <p class='ocr_par' dir='ltr' id='par_1_25' title="bbox 447 2452 1955 2525">
     <span class='ocr_line' id='line_1_25' title="bbox 447 2452 1955 2525; baseline 0.002 -21"><span class='ocrx_word' id='word_1_136' title='bbox 447 2453 548 2506; x_wconf 89' lang='grc' dir='ltr'>λα’.</span> <span class='ocrx_word' id='word_1_137' title='bbox 597 2453 790 2522; x_wconf 83' lang='grc' dir='ltr'>Ὠραία</span> <span class='ocrx_word' id='word_1_138' title='bbox 841 2453 1101 2520; x_wconf 82' lang='grc' dir='ltr'>νηστεία,</span> <span class='ocrx_word' id='word_1_139' title='bbox 1152 2455 1186 2522; x_wconf 83' lang='grc' dir='ltr'>ἡ</span> <span class='ocrx_word' id='word_1_140' title='bbox 1249 2452 1602 2524; x_wconf 65' lang='grc' dir='ltr'>βραχυτραγίᾳ</span> <span class='ocrx_word' id='word_1_141' title='bbox 1654 2454 1955 2525; x_wconf 84' lang='grc' dir='ltr'>χαίρουσα,</span> 
     </span>
    </p>
   </div>
   <div class='ocr_carea' id='block_1_26' title="bbox 374 2543 1949 2615">
    <p class='ocr_par' dir='ltr' id='par_1_26' title="bbox 374 2543 1949 2615">
     <span class='ocr_line' id='line_1_26' title="bbox 374 2543 1949 2615; baseline 0.003 -21"><span class='ocrx_word' id='word_1_142' title='bbox 374 2543 470 2595; x_wconf 64' lang='grc' dir='ltr'><strong>καλ⁵</strong></span> <span class='ocrx_word' id='word_1_143' title='bbox 509 2543 828 2611; x_wconf 76' lang='grc' dir='ltr'>λιτοφαγίαν</span> <span class='ocrx_word' id='word_1_144' title='bbox 864 2543 1081 2614; x_wconf 79' lang='grc' dir='ltr'>ἔχουσα.</span> <span class='ocrx_word' id='word_1_145' title='bbox 1118 2544 1212 2597; x_wconf 77' lang='grc' dir='ltr'><strong>καὶ</strong></span> <span class='ocrx_word' id='word_1_146' title='bbox 1259 2544 1784 2615; x_wconf 73' lang='grc' dir='ltr'>ὰνθρωπαρέσκειαν</span> <span class='ocrx_word' id='word_1_147' title='bbox 1831 2544 1949 2614; x_wconf 78' lang='grc' dir='ltr'>φεύ-</span> 
     </span>
    </p>
   </div>
   <div class='ocr_carea' id='block_1_27' title="bbox 373 2653 568 2704">
    <p class='ocr_par' dir='ltr' id='par_1_27' title="bbox 373 2653 568 2704">
     <span class='ocr_line' id='line_1_27' title="bbox 373 2653 568 2704; baseline 0 -16"><span class='ocrx_word' id='word_1_148' title='bbox 373 2653 472 2704; x_wconf 88' lang='grc' dir='ltr'><strong>γου</strong></span> <span class='ocrx_word' id='word_1_149' title='bbox 482 2653 568 2689; x_wconf 83' lang='grc' dir='ltr'><strong>σα.</strong></span> 
     </span>
    </p>
   </div>
   <div class='ocr_carea' id='block_1_28' title="bbox 447 2728 1955 2802">
    <p class='ocr_par' dir='ltr' id='par_1_28' title="bbox 447 2728 1955 2802">
     <span class='ocr_line' id='line_1_28' title="bbox 447 2728 1955 2802; baseline -0.001 -18"><span class='ocrx_word' id='word_1_150' title='bbox 447 2731 548 2800; x_wconf 70' lang='grc' dir='ltr'><strong>λβν.</strong></span> <span class='ocrx_word' id='word_1_151' title='bbox 583 2731 880 2799; x_wconf 80' lang='grc' dir='ltr'>Νηστεύων</span> <span class='ocrx_word' id='word_1_152' title='bbox 929 2729 1033 2792; x_wconf 81' lang='grc' dir='ltr'>ἓως</span> <span class='ocrx_word' id='word_1_153' title='bbox 1068 2728 1187 2797; x_wconf 65' lang='grc' dir='ltr'>ὀψὲ,</span> <span class='ocrx_word' id='word_1_154' title='bbox 1233 2729 1307 2798; x_wconf 79' lang='grc' dir='ltr'>μὴ</span> <span class='ocrx_word' id='word_1_155' title='bbox 1347 2730 1624 2802; x_wconf 72' lang='grc' dir='ltr'>χορτάσῃς</span> <span class='ocrx_word' id='word_1_156' title='bbox 1661 2731 1742 2793; x_wconf 76' lang='grc' dir='ltr'>εἰς</span> <span class='ocrx_word' id='word_1_157' title='bbox 1775 2731 1955 2798; x_wconf 69' lang='grc' dir='ltr'>κόρον,</span> 
     </span>
    </p>
   </div>
   <div class='ocr_carea' id='block_1_29' title="bbox 375 2819 1954 2894">
    <p class='ocr_par' dir='ltr' id='par_1_29' title="bbox 375 2819 1954 2894">
     <span class='ocr_line' id='line_1_29' title="bbox 375 2819 1954 2894; baseline 0 -18"><span class='ocrx_word' id='word_1_158' title='bbox 375 2823 466 2877; x_wconf 79' lang='grc' dir='ltr'><strong>ἵνα</strong></span> <span class='ocrx_word' id='word_1_159' title='bbox 495 2823 570 2894; x_wconf 82' lang='grc' dir='ltr'>μὴ</span> <span class='ocrx_word' id='word_1_160' title='bbox 591 2822 624 2876; x_wconf 73' lang='grc' dir='ltr'><strong>ἃ</strong></span> <span class='ocrx_word' id='word_1_161' title='bbox 657 2822 804 2888; x_wconf 73' lang='grc' dir='ltr'>ἅπαξ</span> <span class='ocrx_word' id='word_1_162' title='bbox 834 2820 1149 2884; x_wconf 78' lang='grc' dir='ltr'>καταλύεις,</span> <span class='ocrx_word' id='word_1_163' title='bbox 1179 2819 1350 2874; x_wconf 80' lang='grc' dir='ltr'>ταῦτα</span> <span class='ocrx_word' id='word_1_164' title='bbox 1383 2822 1542 2875; x_wconf 88' lang='grc' dir='ltr'>πάλιν</span> <span class='ocrx_word' id='word_1_165' title='bbox 1573 2823 1954 2894; x_wconf 80' lang='grc' dir='ltr'>οἰκοδομήσῃς.</span> 
     </span>
    </p>
   </div>
   <div class='ocr_carea' id='block_1_30' title="bbox 447 2995 1957 3071">
    <p class='ocr_par' dir='ltr' id='par_1_30' title="bbox 447 2995 1957 3071">
     <span class='ocr_line' id='line_1_30' title="bbox 447 2995 1957 3071; baseline -0.002 -18"><span class='ocrx_word' id='word_1_166' title='bbox 447 3001 548 3069; x_wconf 85' lang='grc' dir='ltr'>λγ’.</span> <span class='ocrx_word' id='word_1_167' title='bbox 584 2999 675 3069; x_wconf 80' lang='grc' dir='ltr'><strong>Μὴ</strong></span> <span class='ocrx_word' id='word_1_168' title='bbox 715 2999 885 3052; x_wconf 86' lang='grc' dir='ltr'>πίνων</span> <span class='ocrx_word' id='word_1_169' title='bbox 907 2995 1068 3062; x_wconf 79' lang='grc' dir='ltr'>οἶνον,</span> <span class='ocrx_word' id='word_1_170' title='bbox 1109 2999 1183 3071; x_wconf 79' lang='grc' dir='ltr'>μὴ</span> <span class='ocrx_word' id='word_1_171' title='bbox 1211 2999 1524 3070; x_wconf 81' lang='grc' dir='ltr'>χορτασοῇς</span> <span class='ocrx_word' id='word_1_172' title='bbox 1573 2999 1783 3061; x_wconf 62' lang='grc' dir='ltr'>ὕδατος</span> <span class='ocrx_word' id='word_1_173' title='bbox 1817 3001 1867 3053; x_wconf 83' lang='grc' dir='ltr'>εἱ</span> <span class='ocrx_word' id='word_1_174' title='bbox 1899 2998 1957 3052; x_wconf 87' lang='grc' dir='ltr'>δὲ</span> 
     </span>
    </p>
   </div>
   <div class='ocr_carea' id='block_1_31' title="bbox 372 3091 1806 3166">
    <p class='ocr_par' dir='ltr' id='par_1_31' title="bbox 372 3091 1806 3166">
     <span class='ocr_line' id='line_1_31' title="bbox 372 3091 1806 3166; baseline 0.001 -19"><span class='ocrx_word' id='word_1_175' title='bbox 372 3095 547 3166; x_wconf 82' lang='grc' dir='ltr'>μήγε,</span> <span class='ocrx_word' id='word_1_176' title='bbox 577 3095 676 3164; x_wconf 80' lang='grc' dir='ltr'><strong>τὴν</strong></span> <span class='ocrx_word' id='word_1_177' title='bbox 717 3093 884 3164; x_wconf 77' lang='grc' dir='ltr'>αὑτὴν</span> <span class='ocrx_word' id='word_1_178' title='bbox 917 3091 1051 3164; x_wconf 83' lang='grc' dir='ltr'>ὑλην</span> <span class='ocrx_word' id='word_1_179' title='bbox 1080 3095 1146 3164; x_wconf 81' lang='grc' dir='ltr'>τῇ</span> <span class='ocrx_word' id='word_1_180' title='bbox 1179 3094 1407 3165; x_wconf 79' lang='grc' dir='ltr'>πορνείᾳ</span> <span class='ocrx_word' id='word_1_181' title='bbox 1438 3093 1718 3164; x_wconf 85' lang='grc' dir='ltr'>παρέχεις.</span> <span class='ocrx_word' id='word_1_182' title='bbox 1801 3137 1806 3148; x_wconf 84' lang='grc'>,</span> 
     </span>
    </p>
   </div>
   <div class='ocr_carea' id='block_1_32' title="bbox 446 3271 1962 3346">
    <p class='ocr_par' dir='ltr' id='par_1_32' title="bbox 446 3271 1962 3346">
     <span class='ocr_line' id='line_1_32' title="bbox 446 3271 1962 3346; baseline -0.001 -17"><span class='ocrx_word' id='word_1_183' title='bbox 446 3275 542 3330; x_wconf 88' lang='grc' dir='ltr'>λδ’.</span> <span class='ocrx_word' id='word_1_184' title='bbox 583 3277 649 3329; x_wconf 86' lang='grc' dir='ltr'><strong><em>Ἥ</em></strong></span> <span class='ocrx_word' id='word_1_185' title='bbox 698 3275 1052 3346; x_wconf 78' lang='grc' dir='ltr'>ὑπερηφανία</span> <span class='ocrx_word' id='word_1_186' title='bbox 1103 3275 1204 3346; x_wconf 84' lang='grc' dir='ltr'>τῆς</span> <span class='ocrx_word' id='word_1_187' title='bbox 1257 3274 1406 3338; x_wconf 81' lang='grc' dir='ltr'>θείας</span> <span class='ocrx_word' id='word_1_188' title='bbox 1453 3271 1782 3344; x_wconf 75' lang='grc' dir='ltr'>ἀφίστασθαι</span> <span class='ocrx_word' id='word_1_189' title='bbox 1816 3277 1962 3329; x_wconf 84' lang='grc' dir='ltr'>ποιεῖ</span> 
     </span>
    </p>
   </div>
   <div class='ocr_carea' id='block_1_33' title="bbox 371 3366 1959 3440">
    <p class='ocr_par' dir='ltr' id='par_1_33' title="bbox 371 3366 1959 3440">
     <span class='ocr_line' id='line_1_33' title="bbox 371 3366 1959 3440; baseline -0.001 -18"><span class='ocrx_word' id='word_1_190' title='bbox 371 3369 654 3440; x_wconf 80' lang='grc' dir='ltr'>βοηθείας,</span> <span class='ocrx_word' id='word_1_191' title='bbox 686 3367 773 3438; x_wconf 79' lang='grc' dir='ltr'><strong>ἐφ’</strong></span> <span class='ocrx_word' id='word_1_192' title='bbox 805 3367 982 3438; x_wconf 74' lang='grc' dir='ltr'>ἑαυτῷ</span> <span class='ocrx_word' id='word_1_193' title='bbox 1010 3367 1352 3432; x_wconf 79' lang='grc' dir='ltr'>πεποιθέναι,</span> <span class='ocrx_word' id='word_1_194' title='bbox 1387 3367 1482 3422; x_wconf 55' lang='grc' dir='ltr'><strong>καὶ¹</strong></span> <span class='ocrx_word' id='word_1_195' title='bbox 1514 3366 1622 3421; x_wconf 88' lang='grc' dir='ltr'><strong>τῶν</strong></span> <span class='ocrx_word' id='word_1_196' title='bbox 1653 3367 1959 3438; x_wconf 82' lang='grc' dir='ltr'>ἀνθρώπων</span> 
     </span>
    </p>
   </div>
   <div class='ocr_carea' id='block_1_34' title="bbox 368 3455 832 3524">
    <p class='ocr_par' dir='ltr' id='par_1_34' title="bbox 368 3455 832 3524">
     <span class='ocr_line' id='line_1_34' title="bbox 368 3455 832 3524; baseline -0.002 -14"><span class='ocrx_word' id='word_1_197' title='bbox 368 3455 832 3524; x_wconf 86' lang='grc' dir='ltr'>κατεπαίρεσθαι.</span> 
     </span>
    </p>
   </div>
   <div class='ocr_carea' id='block_1_35' title="bbox 445 3544 1953 3620">
    <p class='ocr_par' dir='ltr' id='par_1_35' title="bbox 445 3544 1953 3620">
     <span class='ocr_line' id='line_1_35' title="bbox 445 3544 1953 3620; baseline 0.004 -24"><span class='ocrx_word' id='word_1_198' title='bbox 445 3544 535 3597; x_wconf 88' lang='grc' dir='ltr'>λε’.</span> <span class='ocrx_word' id='word_1_199' title='bbox 566 3546 838 3614; x_wconf 76' lang='grc' dir='ltr'>Φάρμακα</span> <span class='ocrx_word' id='word_1_200' title='bbox 868 3545 1007 3600; x_wconf 86' lang='grc' dir='ltr'><strong>κατά</strong></span> <span class='ocrx_word' id='word_1_201' title='bbox 1045 3546 1142 3617; x_wconf 84' lang='grc' dir='ltr'>τῆς</span> <span class='ocrx_word' id='word_1_202' title='bbox 1175 3547 1552 3617; x_wconf 82' lang='grc' dir='ltr'>ὑπερηφανίας</span> <span class='ocrx_word' id='word_1_203' title='bbox 1581 3546 1674 3600; x_wconf 87' lang='grc' dir='ltr'><strong>δύο</strong></span> <span class='ocrx_word' id='word_1_204' title='bbox 1705 3548 1953 3620; x_wconf 84' lang='grc' dir='ltr'>πρόκειν-</span> 
     </span>
    </p>
   </div>
   <div class='ocr_carea' id='block_1_36' title="bbox 366 3637 1956 3710">
    <p class='ocr_par' dir='ltr' id='par_1_36' title="bbox 366 3637 1956 3710">
     <span class='ocr_line' id='line_1_36' title="bbox 366 3637 1956 3710; baseline 0.004 -22"><span class='ocrx_word' id='word_1_205' title='bbox 366 3654 464 3688; x_wconf 84' lang='grc' dir='ltr'><strong>ται</strong></span> <span class='ocrx_word' id='word_1_206' title='bbox 498 3638 803 3705; x_wconf 84' lang='grc' dir='ltr'>πράγματα</span> <span class='ocrx_word' id='word_1_207' title='bbox 826 3655 839 3666; x_wconf 93' lang='grc'><strong>·</strong></span> <span class='ocrx_word' id='word_1_208' title='bbox 875 3637 1019 3707; x_wconf 75' lang='grc' dir='ltr'>ἅπερ</span> <span class='ocrx_word' id='word_1_209' title='bbox 1057 3638 1086 3689; x_wconf 97' lang='lat'><strong>6</strong></span> <span class='ocrx_word' id='word_1_210' title='bbox 1145 3637 1220 3709; x_wconf 84' lang='grc' dir='ltr'><strong>μὴ</strong></span> <span class='ocrx_word' id='word_1_211' title='bbox 1263 3639 1714 3708; x_wconf 84' lang='grc' dir='ltr'>καταδεχόμενος,</span> <span class='ocrx_word' id='word_1_212' title='bbox 1774 3641 1956 3710; x_wconf 89' lang='grc' dir='ltr'>τρίτον</span> 
     </span>
    </p>
   </div>
   <div class='ocr_carea' id='block_1_37' title="bbox 367 3727 1105 3797">
    <p class='ocr_par' dir='ltr' id='par_1_37' title="bbox 367 3727 1105 3797">
     <span class='ocr_line' id='line_1_37' title="bbox 367 3727 1105 3797; baseline 0.001 -18"><span class='ocrx_word' id='word_1_213' title='bbox 367 3727 486 3792; x_wconf 82' lang='grc' dir='ltr'>ἓξει</span> <span class='ocrx_word' id='word_1_214' title='bbox 518 3727 722 3797; x_wconf 77' lang='grc' dir='ltr'>σφόδρα</span> <span class='ocrx_word' id='word_1_215' title='bbox 750 3728 1105 3797; x_wconf 78' lang='grc' dir='ltr'>δριμύτατον.</span> 
     </span>
    </p>
   </div>
   <div class='ocr_carea' id='block_1_38' title="bbox 443 3837 1955 3912">
    <p class='ocr_par' dir='ltr' id='par_1_38' title="bbox 443 3837 1955 3912">
     <span class='ocr_line' id='line_1_38' title="bbox 443 3837 1955 3912; baseline 0.005 -23"><span class='ocrx_word' id='word_1_216' title='bbox 443 3838 553 3902; x_wconf 76' lang='grc' dir='ltr'>λς’.</span> <span class='ocrx_word' id='word_1_217' title='bbox 605 3837 1021 3908; x_wconf 80' lang='grc' dir='ltr'>’Υπερηφανίαν</span> <span class='ocrx_word' id='word_1_218' title='bbox 1067 3838 1284 3908; x_wconf 83' lang='grc' dir='ltr'>ἀναιρεῖ</span> <span class='ocrx_word' id='word_1_219' title='bbox 1336 3840 1612 3912; x_wconf 79' lang='grc' dir='ltr'>προσευχὴ</span> <span class='ocrx_word' id='word_1_220' title='bbox 1671 3841 1808 3912; x_wconf 74' lang='grc' dir='ltr'><strong>μετά</strong></span> <span class='ocrx_word' id='word_1_221' title='bbox 1862 3842 1955 3897; x_wconf 88' lang='grc' dir='ltr'>δα-</span> 
     </span>
    </p>
   </div>
   <div class='ocr_carea' id='block_1_39' title="bbox 368 3929 1955 4000">
    <p class='ocr_par' dir='ltr' id='par_1_39' title="bbox 368 3929 1955 4000">
     <span class='ocr_line' id='line_1_39' title="bbox 368 3929 1955 4000; baseline 0.004 -18"><span class='ocrx_word' id='word_1_222' title='bbox 368 3933 579 4000; x_wconf 86' lang='grc' dir='ltr'>κρύων,</span> <span class='ocrx_word' id='word_1_223' title='bbox 620 3931 715 3983; x_wconf 77' lang='grc' dir='ltr'>καὶ</span> <span class='ocrx_word' id='word_1_224' title='bbox 741 3930 800 3982; x_wconf 84' lang='grc' dir='ltr'>τὸ</span> <span class='ocrx_word' id='word_1_225' title='bbox 836 3929 1041 4000; x_wconf 80' lang='grc' dir='ltr'>μηδένα</span> <span class='ocrx_word' id='word_1_226' title='bbox 1072 3929 1396 3996; x_wconf 77' lang='grc' dir='ltr'>ἐξουθενεῖν,</span> <span class='ocrx_word' id='word_1_227' title='bbox 1427 3933 1522 3986; x_wconf 79' lang='grc' dir='ltr'>καὶ</span> <span class='ocrx_word' id='word_1_228' title='bbox 1553 3932 1800 3988; x_wconf 86' lang='grc' dir='ltr'>ἀκούσιοι</span> <span class='ocrx_word' id='word_1_229' title='bbox 1833 3935 1955 3988; x_wconf 77' lang='grc' dir='ltr'>ἐπι-</span> 
     </span>
    </p>
   </div>
   <div class='ocr_carea' id='block_1_40' title="bbox 371 4019 1984 4092">
    <p class='ocr_par' dir='ltr' id='par_1_40' title="bbox 371 4019 1984 4092">
     <span class='ocr_line' id='line_1_40' title="bbox 371 4019 1984 4092; baseline 0.001 -20"><span class='ocrx_word' id='word_1_230' title='bbox 371 4019 561 4092; x_wconf 82' lang='grc' dir='ltr'>φοραί.</span> <span class='ocrx_word' id='word_1_231' title='bbox 1959 4041 1984 4049; x_wconf 73' lang='grc'><strong>-</strong></span> 
     </span>
    </p>
   </div>
   <div class='ocr_carea' id='block_1_41' title="bbox 442 4109 1954 4187">
    <p class='ocr_par' dir='ltr' id='par_1_41' title="bbox 442 4109 1954 4187">
     <span class='ocr_line' id='line_1_41' title="bbox 442 4109 1954 4187; baseline 0.007 -26"><span class='ocrx_word' id='word_1_232' title='bbox 442 4109 541 4175; x_wconf 78' lang='grc' dir='ltr'>λζ’.</span> <span class='ocrx_word' id='word_1_233' title='bbox 589 4111 812 4173; x_wconf 70' lang='grc' dir='ltr'>Ῥἀῦδος</span> <span class='ocrx_word' id='word_1_234' title='bbox 851 4109 999 4164; x_wconf 76' lang='grc' dir='ltr'>ἐστὶν</span> <span class='ocrx_word' id='word_1_235' title='bbox 1035 4112 1280 4185; x_wconf 77' lang='grc' dir='ltr'>νοητὴ,ή</span> <span class='ocrx_word' id='word_1_236' title='bbox 1328 4113 1418 4167; x_wconf 79' lang='grc' dir='ltr'>διὰ</span> <span class='ocrx_word' id='word_1_237' title='bbox 1465 4117 1792 4187; x_wconf 85' lang='grc' dir='ltr'>πειρασμῶν</span> <span class='ocrx_word' id='word_1_238' title='bbox 1822 4118 1954 4172; x_wconf 90' lang='grc' dir='ltr'>παί-</span> 
     </span>
    </p>
   </div>
   <div class='ocr_carea' id='block_1_42' title="bbox 367 4197 1955 4280">
    <p class='ocr_par' dir='ltr' id='par_1_42' title="bbox 367 4197 1955 4280">
     <span class='ocr_line' id='line_1_42' title="bbox 367 4197 1955 4280; baseline 0.006 -27"><span class='ocrx_word' id='word_1_239' title='bbox 367 4201 571 4263; x_wconf 86' lang='grc' dir='ltr'>δευσις,</span> <span class='ocrx_word' id='word_1_240' title='bbox 612 4197 1060 4273; x_wconf 79' lang='grc' dir='ltr'>ταπεινοφρονεῖν</span> <span class='ocrx_word' id='word_1_241' title='bbox 1091 4203 1482 4260; x_wconf 77' lang='grc' dir='ltr'>ὲκδιδάσκουσα</span> <span class='ocrx_word' id='word_1_242' title='bbox 1543 4205 1634 4260; x_wconf 85' lang='grc' dir='ltr'><strong>τὸν</strong></span> <span class='ocrx_word' id='word_1_243' title='bbox 1681 4208 1739 4260; x_wconf 79' lang='grc' dir='ltr'>ἐν</span> <span class='ocrx_word' id='word_1_244' title='bbox 1783 4209 1955 4280; x_wconf 84' lang='grc' dir='ltr'>ἀφρο-</span> 
     </span>
    </p>
   </div>
   <div class='ocr_carea' id='block_1_43' title="bbox 369 4289 1297 4362">
    <p class='ocr_par' dir='ltr' id='par_1_43' title="bbox 369 4289 1297 4362">
     <span class='ocr_line' id='line_1_43' title="bbox 369 4289 1297 4362; baseline 0.001 -20"><span class='ocrx_word' id='word_1_245' title='bbox 369 4289 508 4362; x_wconf 85' lang='grc' dir='ltr'>σύνῃ</span> <span class='ocrx_word' id='word_1_246' title='bbox 543 4290 926 4360; x_wconf 71' lang='grc' dir='ltr'>ἐπαιρόμενον.</span> <span class='ocrx_word' id='word_1_247' title='bbox 1289 4295 1297 4298; x_wconf 77' lang='grc'><strong><em>“</em></strong></span> 
     </span>
    </p>
   </div>
   <div class='ocr_carea' id='block_1_44' title="bbox 440 4379 1949 4456">
    <p class='ocr_par' dir='ltr' id='par_1_44' title="bbox 440 4379 1949 4456">
     <span class='ocr_line' id='line_1_44' title="bbox 440 4379 1949 4456; baseline 0.007 -24"><span class='ocrx_word' id='word_1_248' title='bbox 440 4380 544 4448; x_wconf 89' lang='grc' dir='ltr'>λη’.</span> <span class='ocrx_word' id='word_1_249' title='bbox 596 4381 757 4433; x_wconf 87' lang='grc' dir='ltr'>Ἴδιον</span> <span class='ocrx_word' id='word_1_250' title='bbox 799 4379 960 4451; x_wconf 81' lang='grc' dir='ltr'>ἔργον</span> <span class='ocrx_word' id='word_1_251' title='bbox 988 4379 1084 4434; x_wconf 85' lang='grc' dir='ltr'>τοῦ</span> <span class='ocrx_word' id='word_1_252' title='bbox 1121 4382 1236 4448; x_wconf 78' lang='grc' dir='ltr'>νοῦ,</span> <span class='ocrx_word' id='word_1_253' title='bbox 1266 4382 1328 4436; x_wconf 84' lang='grc' dir='ltr'><strong>τδ</strong></span> <span class='ocrx_word' id='word_1_254' title='bbox 1367 4383 1444 4456; x_wconf 77' lang='grc' dir='ltr'>μὴ</span> <span class='ocrx_word' id='word_1_255' title='bbox 1477 4385 1769 4456; x_wconf 75' lang='grc' dir='ltr'>ἀνέχεσθαι</span> <span class='ocrx_word' id='word_1_256' title='bbox 1798 4387 1949 4456; x_wconf 86' lang='grc' dir='ltr'>λογι-</span> 
     </span>
    </p>
   </div>
   <div class='ocr_carea' id='block_1_45' title="bbox 369 4471 1762 4549">
    <p class='ocr_par' dir='ltr' id='par_1_45' title="bbox 369 4471 1762 4549">
     <span class='ocr_line' id='line_1_45' title="bbox 369 4471 1762 4549; baseline 0.006 -23"><span class='ocrx_word' id='word_1_257' title='bbox 369 4471 511 4542; x_wconf 80' lang='grc' dir='ltr'>σμοῦ</span> <span class='ocrx_word' id='word_1_258' title='bbox 535 4471 710 4542; x_wconf 79' lang='grc' dir='ltr'>λάϐρα</span> <span class='ocrx_word' id='word_1_259' title='bbox 740 4471 1170 4538; x_wconf 84' lang='grc' dir='ltr'>καταλαλοῦντος</span> <span class='ocrx_word' id='word_1_260' title='bbox 1201 4475 1344 4528; x_wconf 88' lang='grc' dir='ltr'><strong>κατά</strong></span> <span class='ocrx_word' id='word_1_261' title='bbox 1381 4475 1476 4530; x_wconf 81' lang='grc' dir='ltr'>τοῦ</span> <span class='ocrx_word' id='word_1_262' title='bbox 1512 4477 1762 4549; x_wconf 83' lang='grc' dir='ltr'>πλησίον.</span> 
     </span>
    </p>
   </div>
   <div class='ocr_carea' id='block_1_46' title="bbox 441 4562 1948 4640">
    <p class='ocr_par' dir='ltr' id='par_1_46' title="bbox 441 4562 1948 4640">
     <span class='ocr_line' id='line_1_46' title="bbox 441 4562 1948 4640; baseline 0.007 -26"><span class='ocrx_word' id='word_1_263' title='bbox 441 4562 539 4618; x_wconf 84' lang='grc' dir='ltr'>λο’.</span> <span class='ocrx_word' id='word_1_264' title='bbox 579 4563 789 4633; x_wconf 84' lang='grc' dir='ltr'>Ὥσπερ</span> <span class='ocrx_word' id='word_1_265' title='bbox 815 4564 843 4616; x_wconf 95' lang='lat'><strong>6</strong></span> <span class='ocrx_word' id='word_1_266' title='bbox 870 4564 1164 4634; x_wconf 76' lang='grc' dir='ltr'>κηπουρὸς,</span> <span class='ocrx_word' id='word_1_267' title='bbox 1195 4566 1268 4636; x_wconf 81' lang='grc' dir='ltr'><strong>μὴ</strong></span> <span class='ocrx_word' id='word_1_268' title='bbox 1293 4567 1548 4638; x_wconf 86' lang='grc' dir='ltr'>ἀπαίρων</span> <span class='ocrx_word' id='word_1_269' title='bbox 1574 4569 1674 4633; x_wconf 85' lang='grc' dir='ltr'>τὰς</span> <span class='ocrx_word' id='word_1_270' title='bbox 1699 4569 1948 4640; x_wconf 81' lang='grc' dir='ltr'>βοτάνας,</span> 
     </span>
    </p>
   </div>
   <div class='ocr_carea' id='block_1_47' title="bbox 365 4655 1953 4732">
    <p class='ocr_par' dir='ltr' id='par_1_47' title="bbox 365 4655 1953 4732">
     <span class='ocr_line' id='line_1_47' title="bbox 365 4655 1953 4732; baseline 0.006 -23"><span class='ocrx_word' id='word_1_271' title='bbox 365 4655 670 4722; x_wconf 87' lang='grc' dir='ltr'>ἀποπνίγει</span> <span class='ocrx_word' id='word_1_272' title='bbox 705 4655 776 4707; x_wconf 79' lang='grc' dir='ltr'>τὰ</span> <span class='ocrx_word' id='word_1_273' title='bbox 806 4655 1038 4726; x_wconf 67' lang='grc' dir='ltr'>λάχανα·</span> <span class='ocrx_word' id='word_1_274' title='bbox 1071 4656 1248 4720; x_wconf 78' lang='grc' dir='ltr'>οὕτως</span> <span class='ocrx_word' id='word_1_275' title='bbox 1282 4659 1377 4712; x_wconf 71' lang='grc' dir='ltr'><strong>καὶ</strong></span> <span class='ocrx_word' id='word_1_276' title='bbox 1424 4661 1452 4712; x_wconf 90' lang='lat'><strong>6</strong></span> <span class='ocrx_word' id='word_1_277' title='bbox 1484 4659 1614 4723; x_wconf 64' lang='grc' dir='ltr'>νοῦς</span> <span class='ocrx_word' id='word_1_278' title='bbox 1650 4661 1725 4732; x_wconf 80' lang='grc' dir='ltr'>μὴ</span> <span class='ocrx_word' id='word_1_279' title='bbox 1758 4663 1953 4718; x_wconf 82' lang='grc' dir='ltr'>καθαί-</span> 
     </span>
    </p>
   </div>
   <div class='ocr_carea' id='block_1_48' title="bbox 366 4747 1709 4821">
    <p class='ocr_par' dir='ltr' id='par_1_48' title="bbox 366 4747 1709 4821">
     <span class='ocr_line' id='line_1_48' title="bbox 366 4747 1709 4821; baseline 0.005 -21"><span class='ocrx_word' id='word_1_280' title='bbox 366 4765 486 4821; x_wconf 88' lang='grc' dir='ltr'><strong>ρων</strong></span> <span class='ocrx_word' id='word_1_281' title='bbox 517 4749 644 4811; x_wconf 70' lang='lat' dir='ltr'><strong>tab;</strong></span> <span class='ocrx_word' id='word_1_282' title='bbox 677 4747 994 4818; x_wconf 74' lang='grc' dir='ltr'>λογισμοὺς,</span> <span class='ocrx_word' id='word_1_283' title='bbox 1043 4749 1306 4804; x_wconf 86' lang='grc' dir='ltr'>ἀπόλλυσι</span> <span class='ocrx_word' id='word_1_284' title='bbox 1339 4753 1465 4816; x_wconf 83' lang='grc' dir='ltr'>τοὺς</span> <span class='ocrx_word' id='word_1_285' title='bbox 1494 4753 1709 4818; x_wconf 86' lang='grc' dir='ltr'>πόνους.</span> 
     </span>
    </p>
   </div>
   <div class='ocr_carea' id='block_1_49' title="bbox 441 4839 1952 4916">
    <p class='ocr_par' dir='ltr' id='par_1_49' title="bbox 441 4839 1952 4916">
     <span class='ocr_line' id='line_1_49' title="bbox 441 4839 1952 4916; baseline 0.005 -23"><span class='ocrx_word' id='word_1_286' title='bbox 441 4845 515 4910; x_wconf 87' lang='grc' dir='ltr'><strong>μ’.</strong></span> <span class='ocrx_word' id='word_1_287' title='bbox 553 4839 777 4902; x_wconf 77' lang='grc' dir='ltr'>Συνετὸς</span> <span class='ocrx_word' id='word_1_288' title='bbox 827 4839 988 4910; x_wconf 79' lang='grc' dir='ltr'>ἀνὴρ,</span> <span class='ocrx_word' id='word_1_289' title='bbox 1023 4843 1052 4894; x_wconf 89' lang='grc' dir='ltr'><strong>ὁ</strong></span> <span class='ocrx_word' id='word_1_290' title='bbox 1095 4841 1412 4912; x_wconf 73' lang='grc' dir='ltr'>συμϐουλῆς</span> <span class='ocrx_word' id='word_1_291' title='bbox 1449 4843 1810 4916; x_wconf 84' lang='grc' dir='ltr'>ἀνεχόμενος,</span> <span class='ocrx_word' id='word_1_292' title='bbox 1856 4849 1952 4902; x_wconf 68' lang='grc' dir='ltr'><strong>καὶ</strong></span> 
     </span>
    </p>
   </div>
   <div class='ocr_carea' id='block_1_50' title="bbox 367 4931 1952 5011">
    <p class='ocr_par' dir='ltr' id='par_1_50' title="bbox 367 4931 1952 5011">
     <span class='ocr_line' id='line_1_50' title="bbox 367 4931 1952 5011; baseline 0.006 -27"><span class='ocrx_word' id='word_1_293' title='bbox 367 4931 610 5004; x_wconf 85' lang='grc' dir='ltr'>μάλιστα</span> <span class='ocrx_word' id='word_1_294' title='bbox 655 4932 750 4985; x_wconf 84' lang='grc' dir='ltr'>τοῦ</span> <span class='ocrx_word' id='word_1_295' title='bbox 796 4932 1168 5004; x_wconf 77' lang='grc' dir='ltr'>πνευματικοῦ</span> <span class='ocrx_word' id='word_1_296' title='bbox 1213 4935 1420 5006; x_wconf 78' lang='grc' dir='ltr'>πατρὸς</span> <span class='ocrx_word' id='word_1_297' title='bbox 1454 4938 1598 4992; x_wconf 85' lang='grc' dir='ltr'><strong>κατά</strong></span> <span class='ocrx_word' id='word_1_298' title='bbox 1651 4939 1783 4992; x_wconf 82' lang='grc' dir='ltr'>Θεὸν</span> <span class='ocrx_word' id='word_1_299' title='bbox 1813 4957 1952 5011; x_wconf 82' lang='grc' dir='ltr'>συμ-</span> 
     </span>
    </p>
   </div>
   <div class='ocr_carea' id='block_1_51' title="bbox 366 5023 744 5095">
    <p class='ocr_par' dir='ltr' id='par_1_51' title="bbox 366 5023 744 5095">
     <span class='ocr_line' id='line_1_51' title="bbox 366 5023 744 5095; baseline -0.005 -17"><span class='ocrx_word' id='word_1_300' title='bbox 366 5025 528 5095; x_wconf 82' lang='grc' dir='ltr'>βουλε</span> <span class='ocrx_word' id='word_1_301' title='bbox 537 5023 744 5088; x_wconf 89' lang='grc' dir='ltr'>ύοντος.</span> 
     </span>
    </p>
   </div>
   <div class='ocr_carea' id='block_1_52' title="bbox 443 5117 1950 5200">
    <p class='ocr_par' dir='ltr' id='par_1_52' title="bbox 443 5117 1950 5200">
     <span class='ocr_line' id='line_1_52' title="bbox 443 5117 1950 5200; baseline 0.005 -29"><span class='ocrx_word' id='word_1_302' title='bbox 443 5123 555 5186; x_wconf 86' lang='grc' dir='ltr'>μα’.</span> <span class='ocrx_word' id='word_1_303' title='bbox 589 5117 1013 5190; x_wconf 84' lang='grc' dir='ltr'>Νενεκρωμένος</span> <span class='ocrx_word' id='word_1_304' title='bbox 1067 5117 1173 5172; x_wconf 78' lang='grc' dir='ltr'><strong>ὑπὸ</strong></span> <span class='ocrx_word' id='word_1_305' title='bbox 1233 5120 1456 5184; x_wconf 84' lang='grc' dir='ltr'>παθῶν,</span> <span class='ocrx_word' id='word_1_306' title='bbox 1493 5122 1802 5192; x_wconf 79' lang='grc' dir='ltr'>συμϐουλῆς</span> <span class='ocrx_word' id='word_1_307' title='bbox 1849 5127 1950 5200; x_wconf 64' lang='grc' dir='ltr'><strong>οὑκ</strong></span> 
     </span>
    </p>
   </div>
   <div class='ocr_carea' id='block_1_53' title="bbox 363 5208 1951 5286">
    <p class='ocr_par' dir='ltr' id='par_1_53' title="bbox 363 5208 1951 5286">
     <span class='ocr_line' id='line_1_53' title="bbox 363 5208 1951 5286; baseline 0.004 -23"><span class='ocrx_word' id='word_1_308' title='bbox 363 5208 708 5273; x_wconf 80' lang='grc' dir='ltr'>αἰσθάνεται,</span> <span class='ocrx_word' id='word_1_309' title='bbox 742 5208 958 5278; x_wconf 75' lang='grc' dir='ltr'>καὶτῆς</span> <span class='ocrx_word' id='word_1_310' title='bbox 989 5208 1325 5276; x_wconf 87' lang='grc' dir='ltr'>παιδεύσεως</span> <span class='ocrx_word' id='word_1_311' title='bbox 1348 5215 1726 5286; x_wconf 84' lang='grc' dir='ltr'>πνευματικῆς</span> <span class='ocrx_word' id='word_1_312' title='bbox 1743 5215 1804 5270; x_wconf 76' lang='grc' dir='ltr'><strong>τὸ</strong></span> <span class='ocrx_word' id='word_1_313' title='bbox 1829 5217 1951 5270; x_wconf 86' lang='grc' dir='ltr'>σύν-</span> 
     </span>
    </p>
   </div>
   <div class='ocr_carea' id='block_1_54' title="bbox 363 5301 933 5370">
    <p class='ocr_par' dir='ltr' id='par_1_54' title="bbox 363 5301 933 5370">
     <span class='ocr_line' id='line_1_54' title="bbox 363 5301 933 5370; baseline 0.004 -16"><span class='ocrx_word' id='word_1_314' title='bbox 363 5303 487 5354; x_wconf 78' lang='grc' dir='ltr'>ολον</span> <span class='ocrx_word' id='word_1_315' title='bbox 520 5301 620 5354; x_wconf 87' lang='grc' dir='ltr'><strong>οὑκ</strong></span> <span class='ocrx_word' id='word_1_316' title='bbox 660 5301 933 5370; x_wconf 83' lang='grc' dir='ltr'>ἀνέχεται.</span> 
     </span>
    </p>
   </div>
   <div class='ocr_carea' id='block_1_55' title="bbox 438 5392 1947 5471">
    <p class='ocr_par' dir='ltr' id='par_1_55' title="bbox 438 5392 1947 5471">
     <span class='ocr_line' id='line_1_55' title="bbox 438 5392 1947 5471; baseline 0.008 -28"><span class='ocrx_word' id='word_1_317' title='bbox 438 5392 547 5463; x_wconf 65' lang='grc' dir='ltr'><strong>νβ’.</strong></span> <span class='ocrx_word' id='word_1_318' title='bbox 587 5393 642 5446; x_wconf 87' lang='lat'><strong>&#39;0</strong></span> <span class='ocrx_word' id='word_1_319' title='bbox 676 5392 750 5463; x_wconf 78' lang='grc' dir='ltr'>μὴ</span> <span class='ocrx_word' id='word_1_320' title='bbox 773 5392 1061 5463; x_wconf 83' lang='grc' dir='ltr'>δεχόμενος</span> <span class='ocrx_word' id='word_1_321' title='bbox 1092 5396 1428 5469; x_wconf 79' lang='grc' dir='ltr'>συμϐουλὴν,</span> <span class='ocrx_word' id='word_1_322' title='bbox 1458 5399 1519 5452; x_wconf 89' lang='grc' dir='ltr'><strong>οὑ</strong></span> <span class='ocrx_word' id='word_1_323' title='bbox 1553 5401 1818 5471; x_wconf 79' lang='grc' dir='ltr'>κατορθοῖ</span> <span class='ocrx_word' id='word_1_324' title='bbox 1847 5401 1947 5465; x_wconf 80' lang='grc' dir='ltr'>τὰς</span> 
     </span>
    </p>
   </div>
   <div class='ocr_carea' id='block_1_56' title="bbox 363 5483 1952 5563">
    <p class='ocr_par' dir='ltr' id='par_1_56' title="bbox 363 5483 1952 5563">
     <span class='ocr_line' id='line_1_56' title="bbox 363 5483 1952 5563; baseline 0.01 -26"><span class='ocrx_word' id='word_1_325' title='bbox 363 5485 519 5546; x_wconf 68' lang='grc' dir='ltr'>ὀδοὺς</span> <span class='ocrx_word' id='word_1_326' title='bbox 554 5483 742 5548; x_wconf 76' lang='grc' dir='ltr'>αὑτοῦ,</span> <span class='ocrx_word' id='word_1_327' title='bbox 775 5483 911 5537; x_wconf 80' lang='grc' dir='ltr'>ἀλλὰ</span> <span class='ocrx_word' id='word_1_328' title='bbox 938 5486 1084 5540; x_wconf 81' lang='grc' dir='ltr'>κατὰ</span> <span class='ocrx_word' id='word_1_329' title='bbox 1119 5490 1384 5560; x_wconf 84' lang='grc' dir='ltr'>κρημνῶν</span> <span class='ocrx_word' id='word_1_330' title='bbox 1409 5490 1496 5545; x_wconf 75' lang='grc' dir='ltr'><strong>ἀεὶ</strong></span> <span class='ocrx_word' id='word_1_331' title='bbox 1525 5492 1620 5546; x_wconf 76' lang='grc' dir='ltr'><strong>καὶ</strong></span> <span class='ocrx_word' id='word_1_332' title='bbox 1650 5492 1952 5563; x_wconf 79' lang='grc' dir='ltr'>φαράγγων</span> 
     </span>
    </p>
   </div>
   <div class='ocr_carea' id='block_1_57' title="bbox 367 5577 623 5648">
    <p class='ocr_par' dir='ltr' id='par_1_57' title="bbox 367 5577 623 5648">
     <span class='ocr_line' id='line_1_57' title="bbox 367 5577 623 5648; baseline 0.008 -20"><span class='ocrx_word' id='word_1_333' title='bbox 367 5577 623 5648; x_wconf 63' lang='grc' dir='ltr'>φέρεται.</span> 
     </span>
    </p>
   </div>
   <div class='ocr_carea' id='block_1_58' title="bbox 439 5757 867 5825">
    <p class='ocr_par' dir='ltr' id='par_1_58' title="bbox 439 5757 867 5825">
     <span class='ocr_line' id='line_1_58' title="bbox 439 5757 867 5825; baseline -0.002 -13"><span class='ocrx_word' id='word_1_334' title='bbox 439 5767 462 5796; x_wconf 69' lang='grc' dir='ltr'><strong>ε</strong></span> <span class='ocrx_word' id='word_1_335' title='bbox 499 5757 638 5812; x_wconf 73' lang='lat' dir='ltr'><strong>Gen.</strong></span> <span class='ocrx_word' id='word_1_336' title='bbox 680 5775 759 5825; x_wconf 86' lang='grc' dir='ltr'>ιιι,</span> <span class='ocrx_word' id='word_1_337' title='bbox 789 5759 867 5814; x_wconf 84' lang='lat' dir='ltr'><strong>l9.</strong></span> 
     </span>
    </p>
   </div>
   <div class='ocr_carea' id='block_1_59' title="bbox 1982 4490 3352 4566">
    <p class='ocr_par' dir='ltr' id='par_1_59' title="bbox 1982 4490 3352 4566">
     <span class='ocr_line' id='line_1_59' title="bbox 1982 4490 3352 4566; baseline 0.003 -22"><span class='ocrx_word' id='word_1_338' title='bbox 1982 4490 2026 4544; x_wconf 92' lang='lat' dir='ltr'><strong>D</strong></span> <span class='ocrx_word' id='word_1_339' title='bbox 2054 4495 2275 4566; x_wconf 83' lang='lat' dir='ltr'><strong>quidem</strong></span> <span class='ocrx_word' id='word_1_340' title='bbox 2305 4496 2449 4550; x_wconf 88' lang='lat' dir='ltr'><strong>ferre</strong></span> <span class='ocrx_word' id='word_1_341' title='bbox 2482 4496 2734 4566; x_wconf 79' lang='lat' dir='ltr'><strong>proximo</strong></span> <span class='ocrx_word' id='word_1_342' title='bbox 2757 4496 2897 4551; x_wconf 89' lang='lat' dir='ltr'><strong>clam</strong></span> <span class='ocrx_word' id='word_1_343' title='bbox 2932 4495 3352 4550; x_wconf 86' lang='lat' dir='ltr'><strong>obtrectantem.</strong></span> 
     </span>
    </p>
   </div>
   <div class='ocr_carea' id='block_1_60' title="bbox 2071 531 3650 618">
    <p class='ocr_par' dir='ltr' id='par_1_60' title="bbox 2071 531 3650 618">
     <span class='ocr_line' id='line_1_60' title="bbox 2071 531 3650 618; baseline -0.012 -16"><span class='ocrx_word' id='word_1_344' title='bbox 2071 547 2416 618; x_wconf 85' lang='lat' dir='ltr'><strong>transgredi,</strong></span> <span class='ocrx_word' id='word_1_345' title='bbox 2451 555 2507 602; x_wconf 90' lang='lat' dir='ltr'><strong>et</strong></span> <span class='ocrx_word' id='word_1_346' title='bbox 2542 560 2643 616; x_wconf 89' lang='lat' dir='ltr'><strong>pro</strong></span> <span class='ocrx_word' id='word_1_347' title='bbox 2685 543 2902 599; x_wconf 86' lang='lat' dir='ltr'><strong>deliciis</strong></span> <span class='ocrx_word' id='word_1_348' title='bbox 2941 538 3182 610; x_wconf 84' lang='lat' dir='ltr'><strong>paradisi</strong></span> <span class='ocrx_word' id='word_1_349' title='bbox 3225 535 3389 591; x_wconf 87' lang='lat' dir='ltr'><strong>morti</strong></span> <span class='ocrx_word' id='word_1_350' title='bbox 3429 531 3650 604; x_wconf 73' lang='lat' dir='ltr'><strong>adiudi-</strong></span> 
     </span>
    </p>
   </div>
   <div class='ocr_carea' id='block_1_61' title="bbox 2067 647 2412 694">
    <p class='ocr_par' dir='ltr' id='par_1_61' title="bbox 2067 647 2412 694">
     <span class='ocr_line' id='line_1_61' title="bbox 2067 647 2412 694; baseline -0.006 0"><span class='ocrx_word' id='word_1_351' title='bbox 2067 647 2225 694; x_wconf 82' lang='lat' dir='ltr'><strong>catus</strong></span> <span class='ocrx_word' id='word_1_352' title='bbox 2263 647 2348 694; x_wconf 86' lang='lat' dir='ltr'><strong>est</strong></span> <span class='ocrx_word' id='word_1_353' title='bbox 2367 651 2412 692; x_wconf 76' lang='grc' dir='ltr'>ε.</span> 
     </span>
    </p>
   </div>
   <div class='ocr_carea' id='block_1_62' title="bbox 2135 712 3648 801">
    <p class='ocr_par' dir='ltr' id='par_1_62' title="bbox 2135 712 3648 801">
     <span class='ocr_line' id='line_1_62' title="bbox 2135 712 3648 801; baseline -0.013 -15"><span class='ocrx_word' id='word_1_354' title='bbox 2135 731 2224 785; x_wconf 67' lang='lat'><strong>‘24.</strong></span> <span class='ocrx_word' id='word_1_355' title='bbox 2249 732 2464 801; x_wconf 82' lang='lat' dir='ltr'><strong>Impera</strong></span> <span class='ocrx_word' id='word_1_356' title='bbox 2489 738 2545 784; x_wconf 88' lang='lat' dir='ltr'><strong>et</strong></span> <span class='ocrx_word' id='word_1_357' title='bbox 2589 736 2646 782; x_wconf 91' lang='lat' dir='ltr'><strong>tu</strong></span> <span class='ocrx_word' id='word_1_358' title='bbox 2669 727 2817 790; x_wconf 65' lang='lat' dir='ltr'><strong>Evaa,</strong></span> <span class='ocrx_word' id='word_1_359' title='bbox 2851 732 2907 779; x_wconf 90' lang='lat' dir='ltr'><strong>et</strong></span> <span class='ocrx_word' id='word_1_360' title='bbox 2931 739 2959 777; x_wconf 88' lang='lat' dir='ltr'><strong>a</strong></span> <span class='ocrx_word' id='word_1_361' title='bbox 2987 728 3238 790; x_wconf 88' lang='lat' dir='ltr'><strong>serpente</strong></span> <span class='ocrx_word' id='word_1_362' title='bbox 3264 731 3426 780; x_wconf 84' lang='lat' dir='ltr'><strong>cave,</strong></span> <span class='ocrx_word' id='word_1_363' title='bbox 3453 729 3524 769; x_wconf 91' lang='lat' dir='ltr'><strong>ne</strong></span> <span class='ocrx_word' id='word_1_364' title='bbox 3548 712 3648 767; x_wconf 89' lang='lat' dir='ltr'><strong>de-</strong></span> 
     </span>
    </p>
   </div>
   <div class='ocr_carea' id='block_1_63' title="bbox 2065 813 3137 890">
    <p class='ocr_par' dir='ltr' id='par_1_63' title="bbox 2065 813 3137 890">
     <span class='ocr_line' id='line_1_63' title="bbox 2065 813 3137 890; baseline -0.011 -14"><span class='ocrx_word' id='word_1_365' title='bbox 2065 823 2184 876; x_wconf 85' lang='lat' dir='ltr'><strong>lusa</strong></span> <span class='ocrx_word' id='word_1_366' title='bbox 2223 823 2322 876; x_wconf 91' lang='lat' dir='ltr'><strong>tibi</strong></span> <span class='ocrx_word' id='word_1_367' title='bbox 2351 835 2570 890; x_wconf 87' lang='lat' dir='ltr'><strong>quoque</strong></span> <span class='ocrx_word' id='word_1_368' title='bbox 2600 819 2669 873; x_wconf 89' lang='lat' dir='ltr'><strong>de</strong></span> <span class='ocrx_word' id='word_1_369' title='bbox 2699 818 2850 887; x_wconf 86' lang='lat' dir='ltr'><strong>ligno</strong></span> <span class='ocrx_word' id='word_1_370' title='bbox 2877 813 3137 884; x_wconf 69' lang='lat' dir='ltr'><strong>prtebeat.</strong></span> 
     </span>
    </p>
   </div>
   <div class='ocr_carea' id='block_1_64' title="bbox 2137 893 3645 978">
    <p class='ocr_par' dir='ltr' id='par_1_64' title="bbox 2137 893 3645 978">
     <span class='ocr_line' id='line_1_64' title="bbox 2137 893 3645 978; baseline -0.013 -11"><span class='ocrx_word' id='word_1_371' title='bbox 2137 915 2226 968; x_wconf 76' lang='grc'><strong>25.</strong></span> <span class='ocrx_word' id='word_1_372' title='bbox 2257 913 2413 970; x_wconf 89' lang='lat' dir='ltr'><strong>Sicut</strong></span> <span class='ocrx_word' id='word_1_373' title='bbox 2441 912 2622 966; x_wconf 90' lang='lat' dir='ltr'><strong>anima</strong></span> <span class='ocrx_word' id='word_1_374' title='bbox 2653 923 2858 978; x_wconf 78' lang='lat' dir='ltr'><strong>corpus</strong></span> <span class='ocrx_word' id='word_1_375' title='bbox 2887 903 3191 961; x_wconf 89' lang='lat' dir='ltr'><strong>secundum</strong></span> <span class='ocrx_word' id='word_1_376' title='bbox 3221 908 3474 954; x_wconf 87' lang='lat' dir='ltr'><strong>naturam</strong></span> <span class='ocrx_word' id='word_1_377' title='bbox 3502 893 3645 950; x_wconf 87' lang='lat' dir='ltr'><strong>vivi-</strong></span> 
     </span>
    </p>
   </div>
   <div class='ocr_carea' id='block_1_65' title="bbox 2069 993 3516 1070">
    <p class='ocr_par' dir='ltr' id='par_1_65' title="bbox 2069 993 3516 1070">
     <span class='ocr_line' id='line_1_65' title="bbox 2069 993 3516 1070; baseline -0.015 -8"><span class='ocrx_word' id='word_1_378' title='bbox 2069 1007 2216 1070; x_wconf 83' lang='lat' dir='ltr'><strong>ﬁcat,</strong></span> <span class='ocrx_word' id='word_1_379' title='bbox 2243 1006 2316 1060; x_wconf 90' lang='lat' dir='ltr'><strong>ita</strong></span> <span class='ocrx_word' id='word_1_380' title='bbox 2343 1014 2400 1060; x_wconf 90' lang='lat' dir='ltr'><strong>et</strong></span> <span class='ocrx_word' id='word_1_381' title='bbox 2425 1005 2661 1059; x_wconf 89' lang='lat' dir='ltr'><strong>animam</strong></span> <span class='ocrx_word' id='word_1_382' title='bbox 2687 1002 2863 1055; x_wconf 90' lang='lat' dir='ltr'><strong>virtus</strong></span> <span class='ocrx_word' id='word_1_383' title='bbox 2889 1006 2945 1051; x_wconf 92' lang='lat' dir='ltr'><strong>et</strong></span> <span class='ocrx_word' id='word_1_384' title='bbox 2969 993 3220 1051; x_wconf 86' lang='lat' dir='ltr'><strong>scientia.</strong></span> <span class='ocrx_word' id='word_1_385' title='bbox 3493 1004 3516 1020; x_wconf 85' lang='grc'><strong>·</strong></span> 
     </span>
    </p>
   </div>
   <div class='ocr_carea' id='block_1_66' title="bbox 2137 1076 3644 1165">
    <p class='ocr_par' dir='ltr' id='par_1_66' title="bbox 2137 1076 3644 1165">
     <span class='ocr_line' id='line_1_66' title="bbox 2137 1076 3644 1165; baseline -0.015 -12"><span class='ocrx_word' id='word_1_386' title='bbox 2137 1098 2227 1152; x_wconf 69' lang='grc'>26.</span> <span class='ocrx_word' id='word_1_387' title='bbox 2261 1097 2413 1152; x_wconf 86' lang='lat' dir='ltr'><strong>Mens</strong></span> <span class='ocrx_word' id='word_1_388' title='bbox 2444 1094 2705 1165; x_wconf 83' lang='lat' dir='ltr'><strong>opinione</strong></span> <span class='ocrx_word' id='word_1_389' title='bbox 2738 1107 2836 1146; x_wconf 90' lang='lat' dir='ltr'><strong>sua</strong></span> <span class='ocrx_word' id='word_1_390' title='bbox 2871 1087 2977 1143; x_wconf 86' lang='lat' dir='ltr'><strong>sibi</strong></span> <span class='ocrx_word' id='word_1_391' title='bbox 3011 1085 3234 1156; x_wconf 90' lang='lat' dir='ltr'><strong>sapiens</strong></span> <span class='ocrx_word' id='word_1_392' title='bbox 3263 1082 3410 1147; x_wconf 77' lang='lat' dir='ltr'><strong>visa,</strong></span> <span class='ocrx_word' id='word_1_393' title='bbox 3441 1076 3644 1132; x_wconf 89' lang='lat' dir='ltr'><strong>nebula</strong></span> 
     </span>
    </p>
   </div>
   <div class='ocr_carea' id='block_1_67' title="bbox 2066 1169 3646 1265">
    <p class='ocr_par' dir='ltr' id='par_1_67' title="bbox 2066 1169 3646 1265">
     <span class='ocr_line' id='line_1_67' title="bbox 2066 1169 3646 1265; baseline -0.016 -18"><span class='ocrx_word' id='word_1_394' title='bbox 2066 1200 2152 1247; x_wconf 90' lang='lat' dir='ltr'><strong>est</strong></span> <span class='ocrx_word' id='word_1_395' title='bbox 2189 1191 2310 1246; x_wconf 88' lang='lat' dir='ltr'><strong>sine</strong></span> <span class='ocrx_word' id='word_1_396' title='bbox 2348 1203 2486 1259; x_wconf 88' lang='lat' dir='ltr'><strong>aqua</strong></span> <span class='ocrx_word' id='word_1_397' title='bbox 2527 1203 2557 1240; x_wconf 88' lang='lat' dir='ltr'><strong>a</strong></span> <span class='ocrx_word' id='word_1_398' title='bbox 2597 1183 2797 1254; x_wconf 81' lang='lat' dir='ltr'><strong>Spiritu</strong></span> <span class='ocrx_word' id='word_1_399' title='bbox 2835 1180 3016 1238; x_wconf 90' lang='lat' dir='ltr'><strong>inanis</strong></span> <span class='ocrx_word' id='word_1_400' title='bbox 3057 1177 3244 1248; x_wconf 75' lang='lat' dir='ltr'><strong>gloria:</strong></span> <span class='ocrx_word' id='word_1_401' title='bbox 3280 1182 3337 1229; x_wconf 90' lang='lat' dir='ltr'><strong>et</strong></span> <span class='ocrx_word' id='word_1_402' title='bbox 3372 1169 3646 1265; x_wconf 72' lang='lat' dir='ltr'><strong>superbiae</strong></span> 
     </span>
    </p>
   </div>
   <div class='ocr_carea' id='block_1_68' title="bbox 2065 1284 2289 1338">
    <p class='ocr_par' dir='ltr' id='par_1_68' title="bbox 2065 1284 2289 1338">
     <span class='ocr_line' id='line_1_68' title="bbox 2065 1284 2289 1338; baseline -0.013 0"><span class='ocrx_word' id='word_1_403' title='bbox 2065 1284 2289 1338; x_wconf 68' lang='lat' dir='ltr'><strong>agitata.</strong></span> 
     </span>
    </p>
   </div>
   <div class='ocr_carea' id='block_1_69' title="bbox 2099 1301 3646 1440">
    <p class='ocr_par' dir='ltr' id='par_1_69' title="bbox 2099 1301 3646 1440">
     <span class='ocr_line' id='line_1_69' title="bbox 2138 1301 2289 1337; baseline -0.013 0"><span class='ocrx_word' id='word_1_404' title='bbox 2138 1301 2289 1337; x_wconf 80' lang='lat' dir='ltr'><strong>nata.</strong></span> 
     </span>
     <span class='ocr_line' id='line_1_70' title="bbox 2099 1301 3646 1440; baseline -0.016 -12"><span class='ocrx_word' id='word_1_405' title='bbox 2099 1301 2223 1429; x_wconf 69' lang='lat' dir='ltr'><strong>g27.</strong></span> <span class='ocrx_word' id='word_1_406' title='bbox 2251 1371 2354 1439; x_wconf 85' lang='lat' dir='ltr'><strong>Qui</strong></span> <span class='ocrx_word' id='word_1_407' title='bbox 2379 1386 2532 1426; x_wconf 73' lang='lat' dir='ltr'><strong>vana:</strong></span> <span class='ocrx_word' id='word_1_408' title='bbox 2559 1368 2744 1440; x_wconf 73' lang='lat' dir='ltr'><strong>gloria:</strong></span> <span class='ocrx_word' id='word_1_409' title='bbox 2773 1363 3100 1426; x_wconf 89' lang='lat' dir='ltr'><strong>dominaris,</strong></span> <span class='ocrx_word' id='word_1_410' title='bbox 3129 1371 3262 1415; x_wconf 86' lang='lat' dir='ltr'><strong>cave</strong></span> <span class='ocrx_word' id='word_1_411' title='bbox 3288 1355 3387 1412; x_wconf 83' lang='lat' dir='ltr'><strong>tibi</strong></span> <span class='ocrx_word' id='word_1_412' title='bbox 3416 1353 3582 1408; x_wconf 86' lang='lat' dir='ltr'><strong>etiam</strong></span> <span class='ocrx_word' id='word_1_413' title='bbox 3614 1366 3646 1404; x_wconf 89' lang='lat' dir='ltr'><strong>a</strong></span> 
     </span>
    </p>
   </div>
   <div class='ocr_carea' id='block_1_70' title="bbox 2064 1446 3648 1528">
    <p class='ocr_par' dir='ltr' id='par_1_70' title="bbox 2064 1446 3648 1528">
     <span class='ocr_line' id='line_1_71' title="bbox 2064 1446 3648 1528; baseline -0.015 -8"><span class='ocrx_word' id='word_1_414' title='bbox 2064 1466 2450 1528; x_wconf 83' lang='lat' dir='ltr'><strong>fornicatione,</strong></span> <span class='ocrx_word' id='word_1_415' title='bbox 2475 1477 2543 1516; x_wconf 87' lang='lat' dir='ltr'><strong>ne</strong></span> <span class='ocrx_word' id='word_1_416' title='bbox 2569 1460 2699 1516; x_wconf 90' lang='lat' dir='ltr'><strong>dum</strong></span> <span class='ocrx_word' id='word_1_417' title='bbox 2721 1460 2962 1514; x_wconf 90' lang='lat' dir='ltr'><strong>honores</strong></span> <span class='ocrx_word' id='word_1_418' title='bbox 2987 1454 3153 1526; x_wconf 83' lang='lat' dir='ltr'><strong>fugis,</strong></span> <span class='ocrx_word' id='word_1_419' title='bbox 3171 1450 3384 1506; x_wconf 84' lang='lat' dir='ltr'><strong>incidas</strong></span> <span class='ocrx_word' id='word_1_420' title='bbox 3409 1447 3465 1501; x_wconf 92' lang='lat' dir='ltr'><strong>in</strong></span> <span class='ocrx_word' id='word_1_421' title='bbox 3491 1446 3648 1516; x_wconf 82' lang='lat' dir='ltr'><strong>igno-</strong></span> 
     </span>
    </p>
   </div>
   <div class='ocr_carea' id='block_1_71' title="bbox 2065 1574 3642 1714">
    <p class='ocr_par' dir='ltr' id='par_1_71' title="bbox 2065 1574 3642 1714">
     <span class='ocr_line' id='line_1_72' title="bbox 2065 1574 3642 1714; baseline -0.016 -9"><span class='ocrx_word' id='word_1_422' title='bbox 2065 1574 2338 1704; x_wconf 41' lang='lat' dir='ltr'><strong>mglillimtlb</strong></span> <span class='ocrx_word' id='word_1_423' title='bbox 2383 1645 2530 1700; x_wconf 90' lang='lat' dir='ltr'><strong>inani</strong></span> <span class='ocrx_word' id='word_1_424' title='bbox 2578 1642 2749 1714; x_wconf 84' lang='lat' dir='ltr'><strong>gloria</strong></span> <span class='ocrx_word' id='word_1_425' title='bbox 2795 1639 3044 1711; x_wconf 83' lang='lat' dir='ltr'><strong>fugiens,</strong></span> <span class='ocrx_word' id='word_1_426' title='bbox 3077 1635 3147 1690; x_wconf 90' lang='lat' dir='ltr'><strong>ad</strong></span> <span class='ocrx_word' id='word_1_427' title='bbox 3188 1634 3364 1689; x_wconf 88' lang='lat' dir='ltr'><strong>Deum</strong></span> <span class='ocrx_word' id='word_1_428' title='bbox 3407 1627 3642 1698; x_wconf 79' lang='lat' dir='ltr'><strong>respice.</strong></span> 
     </span>
    </p>
   </div>
   <div class='ocr_carea' id='block_1_72' title="bbox 2064 1719 3643 1809">
    <p class='ocr_par' dir='ltr' id='par_1_72' title="bbox 2064 1719 3643 1809">
     <span class='ocr_line' id='line_1_73' title="bbox 2064 1719 3643 1809; baseline -0.015 -14"><span class='ocrx_word' id='word_1_429' title='bbox 2064 1742 2220 1809; x_wconf 78' lang='lat' dir='ltr'><strong>Quod</strong></span> <span class='ocrx_word' id='word_1_430' title='bbox 2253 1741 2294 1793; x_wconf 84' lang='lat' dir='ltr'><strong>si</strong></span> <span class='ocrx_word' id='word_1_431' title='bbox 2333 1740 2516 1793; x_wconf 87' lang='lat' dir='ltr'><strong>minus</strong></span> <span class='ocrx_word' id='word_1_432' title='bbox 2540 1735 2766 1796; x_wconf 87' lang='lat' dir='ltr'><strong>feceris,</strong></span> <span class='ocrx_word' id='word_1_433' title='bbox 2795 1740 3006 1787; x_wconf 91' lang='lat' dir='ltr'><strong>certum</strong></span> <span class='ocrx_word' id='word_1_434' title='bbox 3027 1771 3040 1796; x_wconf 94' lang='lat'><strong>,</strong></span> <span class='ocrx_word' id='word_1_435' title='bbox 3067 1728 3153 1784; x_wconf 85' lang='lat' dir='ltr'><strong>vel</strong></span> <span class='ocrx_word' id='word_1_436' title='bbox 3186 1727 3242 1780; x_wconf 92' lang='lat' dir='ltr'><strong>in</strong></span> <span class='ocrx_word' id='word_1_437' title='bbox 3273 1719 3643 1792; x_wconf 87' lang='lat' dir='ltr'><strong>arrogantiam</strong></span> 
     </span>
    </p>
   </div>
   <div class='ocr_carea' id='block_1_73' title="bbox 1993 1817 2940 1888">
    <p class='ocr_par' dir='ltr' id='par_1_73' title="bbox 1993 1817 2940 1888">
     <span class='ocr_line' id='line_1_74' title="bbox 1993 1817 2940 1888; baseline -0.012 0"><span class='ocrx_word' id='word_1_438' title='bbox 1993 1817 2033 1875; x_wconf 74' lang='grc' dir='ltr'><strong>Β</strong></span> <span class='ocrx_word' id='word_1_439' title='bbox 2063 1836 2143 1888; x_wconf 70' lang='lat' dir='ltr'><strong>vel</strong></span> <span class='ocrx_word' id='word_1_440' title='bbox 2177 1834 2230 1886; x_wconf 91' lang='lat' dir='ltr'><strong>in</strong></span> <span class='ocrx_word' id='word_1_441' title='bbox 2259 1830 2680 1886; x_wconf 81' lang='lat' dir='ltr'><strong>fornicationem</strong></span> <span class='ocrx_word' id='word_1_442' title='bbox 2713 1825 2940 1880; x_wconf 85' lang='lat' dir='ltr'><strong>incides.</strong></span> 
     </span>
    </p>
   </div>
   <div class='ocr_carea' id='block_1_74' title="bbox 2130 1905 3645 1989">
    <p class='ocr_par' dir='ltr' id='par_1_74' title="bbox 2130 1905 3645 1989">
     <span class='ocr_line' id='line_1_75' title="bbox 2130 1905 3645 1989; baseline -0.017 -11"><span class='ocrx_word' id='word_1_443' title='bbox 2130 1925 2217 1978; x_wconf 63' lang='grc' dir='ltr'>Εἲς).</span> <span class='ocrx_word' id='word_1_444' title='bbox 2249 1922 2429 1978; x_wconf 85' lang='lat' dir='ltr'><strong>Inanis</strong></span> <span class='ocrx_word' id='word_1_445' title='bbox 2458 1919 2643 1989; x_wconf 74' lang='lat' dir='ltr'><strong>gloria:</strong></span> <span class='ocrx_word' id='word_1_446' title='bbox 2673 1915 2958 1986; x_wconf 89' lang='lat' dir='ltr'><strong>proprium</strong></span> <span class='ocrx_word' id='word_1_447' title='bbox 2987 1921 3072 1966; x_wconf 90' lang='lat' dir='ltr'><strong>est</strong></span> <span class='ocrx_word' id='word_1_448' title='bbox 3096 1905 3423 1970; x_wconf 86' lang='lat' dir='ltr'><strong>ostentatio;</strong></span> <span class='ocrx_word' id='word_1_449' title='bbox 3453 1915 3645 1970; x_wconf 84' lang='lat' dir='ltr'><strong>super-</strong></span> 
     </span>
    </p>
   </div>
   <div class='ocr_carea' id='block_1_75' title="bbox 2059 1995 3644 2080">
    <p class='ocr_par' dir='ltr' id='par_1_75' title="bbox 2059 1995 3644 2080">
     <span class='ocr_line' id='line_1_76' title="bbox 2059 1995 3644 2080; baseline -0.015 -11"><span class='ocrx_word' id='word_1_450' title='bbox 2059 2016 2164 2071; x_wconf 83' lang='lat' dir='ltr'><strong>bi:e</strong></span> <span class='ocrx_word' id='word_1_451' title='bbox 2208 2031 2342 2068; x_wconf 71' lang='lat' dir='ltr'><strong>vero</strong></span> <span class='ocrx_word' id='word_1_452' title='bbox 2401 2017 2750 2080; x_wconf 84' lang='lat' dir='ltr'><strong>contemptus</strong></span> <span class='ocrx_word' id='word_1_453' title='bbox 2810 2007 3044 2061; x_wconf 88' lang='lat' dir='ltr'><strong>aliorum</strong></span> <span class='ocrx_word' id='word_1_454' title='bbox 3099 2011 3156 2057; x_wconf 92' lang='lat' dir='ltr'><strong>et</strong></span> <span class='ocrx_word' id='word_1_455' title='bbox 3209 1999 3439 2055; x_wconf 69' lang='lat' dir='ltr'><strong>efferata</strong></span> <span class='ocrx_word' id='word_1_456' title='bbox 3491 1995 3644 2048; x_wconf 82' lang='lat' dir='ltr'><strong>inso-</strong></span> 
     </span>
    </p>
   </div>
   <div class='ocr_carea' id='block_1_76' title="bbox 2061 2109 2249 2161">
    <p class='ocr_par' dir='ltr' id='par_1_76' title="bbox 2061 2109 2249 2161">
     <span class='ocr_line' id='line_1_77' title="bbox 2061 2109 2249 2161; baseline -0.005 0"><span class='ocrx_word' id='word_1_457' title='bbox 2061 2109 2249 2161; x_wconf 61' lang='lat' dir='ltr'><strong>lentia.</strong></span> 
     </span>
    </p>
   </div>
   <div class='ocr_carea' id='block_1_77' title="bbox 2133 2176 3646 2264">
    <p class='ocr_par' dir='ltr' id='par_1_77' title="bbox 2133 2176 3646 2264">
     <span class='ocr_line' id='line_1_78' title="bbox 2133 2176 3646 2264; baseline -0.015 -14"><span class='ocrx_word' id='word_1_458' title='bbox 2133 2200 2218 2252; x_wconf 66' lang='grc' dir='ltr'>δυ.</span> <span class='ocrx_word' id='word_1_459' title='bbox 2252 2195 2352 2262; x_wconf 87' lang='lat' dir='ltr'><strong>Qui</strong></span> <span class='ocrx_word' id='word_1_460' title='bbox 2395 2195 2577 2264; x_wconf 80' lang='lat' dir='ltr'><strong>gulam</strong></span> <span class='ocrx_word' id='word_1_461' title='bbox 2620 2190 2787 2261; x_wconf 83' lang='lat' dir='ltr'><strong>fugit.</strong></span> <span class='ocrx_word' id='word_1_462' title='bbox 2832 2194 3024 2244; x_wconf 86' lang='lat' dir='ltr'><strong>caveat</strong></span> <span class='ocrx_word' id='word_1_463' title='bbox 3069 2199 3140 2238; x_wconf 91' lang='lat' dir='ltr'><strong>ne</strong></span> <span class='ocrx_word' id='word_1_464' title='bbox 3181 2187 3396 2252; x_wconf 71' lang='lat' dir='ltr'><strong>quaerat</strong></span> <span class='ocrx_word' id='word_1_465' title='bbox 3427 2176 3646 2246; x_wconf 85' lang='lat' dir='ltr'><strong>placere</strong></span> 
     </span>
    </p>
   </div>
   <div class='ocr_carea' id='block_1_78' title="bbox 2062 2276 3648 2358">
    <p class='ocr_par' dir='ltr' id='par_1_78' title="bbox 2062 2276 3648 2358">
     <span class='ocr_line' id='line_1_79' title="bbox 2062 2276 3648 2358; baseline -0.017 -13"><span class='ocrx_word' id='word_1_466' title='bbox 2062 2291 2398 2348; x_wconf 73' lang='lat' dir='ltr'><strong>hominibus.</strong></span> <span class='ocrx_word' id='word_1_467' title='bbox 2431 2287 2694 2358; x_wconf 87' lang='lat' dir='ltr'><strong>pallorem</strong></span> <span class='ocrx_word' id='word_1_468' title='bbox 2733 2283 2918 2336; x_wconf 74' lang='lat' dir='ltr'><strong>vultus</strong></span> <span class='ocrx_word' id='word_1_469' title='bbox 2941 2281 3298 2348; x_wconf 88' lang='lat' dir='ltr'><strong>apparentem</strong></span> <span class='ocrx_word' id='word_1_470' title='bbox 3338 2276 3648 2337; x_wconf 77' lang='lat' dir='ltr'><strong>monstrare</strong></span> 
     </span>
    </p>
   </div>
   <div class='ocr_carea' id='block_1_79' title="bbox 2062 2383 2316 2452">
    <p class='ocr_par' dir='ltr' id='par_1_79' title="bbox 2062 2383 2316 2452">
     <span class='ocr_line' id='line_1_80' title="bbox 2062 2383 2316 2452; baseline -0.008 -14"><span class='ocrx_word' id='word_1_471' title='bbox 2062 2383 2316 2452; x_wconf 75' lang='lat' dir='ltr'><strong>cupiens.</strong></span> 
     </span>
    </p>
   </div>
   <div class='ocr_carea' id='block_1_80' title="bbox 2130 2453 3645 2539">
    <p class='ocr_par' dir='ltr' id='par_1_80' title="bbox 2130 2453 3645 2539">
     <span class='ocr_line' id='line_1_81' title="bbox 2130 2453 3645 2539; baseline -0.017 -11"><span class='ocrx_word' id='word_1_472' title='bbox 2130 2477 2220 2528; x_wconf 82' lang='grc'><strong>51.</strong></span> <span class='ocrx_word' id='word_1_473' title='bbox 2271 2473 2570 2528; x_wconf 84' lang='lat' dir='ltr'><strong>Pulchrum</strong></span> <span class='ocrx_word' id='word_1_474' title='bbox 2623 2479 2709 2524; x_wconf 83' lang='lat' dir='ltr'><strong>est</strong></span> <span class='ocrx_word' id='word_1_475' title='bbox 2747 2465 3020 2539; x_wconf 84' lang='lat' dir='ltr'><strong>jejunium</strong></span> <span class='ocrx_word' id='word_1_476' title='bbox 3073 2459 3291 2516; x_wconf 85' lang='lat' dir='ltr'><strong>modico</strong></span> <span class='ocrx_word' id='word_1_477' title='bbox 3335 2453 3645 2526; x_wconf 83' lang='lat' dir='ltr'><strong>frugalique</strong></span> 
     </span>
    </p>
   </div>
   <div class='ocr_carea' id='block_1_81' title="bbox 2060 2552 3384 2638">
    <p class='ocr_par' dir='ltr' id='par_1_81' title="bbox 2060 2552 3384 2638">
     <span class='ocr_line' id='line_1_82' title="bbox 2060 2552 3384 2638; baseline -0.016 -14"><span class='ocrx_word' id='word_1_478' title='bbox 2060 2569 2186 2624; x_wconf 86' lang='lat' dir='ltr'><strong>cibo</strong></span> <span class='ocrx_word' id='word_1_479' title='bbox 2221 2566 2494 2638; x_wconf 85' lang='lat' dir='ltr'><strong>gaudens,</strong></span> <span class='ocrx_word' id='word_1_480' title='bbox 2527 2561 2848 2618; x_wconf 88' lang='lat' dir='ltr'><strong>hominibus</strong></span> <span class='ocrx_word' id='word_1_481' title='bbox 2886 2559 3108 2628; x_wconf 88' lang='lat' dir='ltr'><strong>placere</strong></span> <span class='ocrx_word' id='word_1_482' title='bbox 3148 2552 3384 2623; x_wconf 86' lang='lat' dir='ltr'><strong>fugiens.</strong></span> 
     </span>
    </p>
   </div>
   <div class='ocr_carea' id='block_1_82' title="bbox 2131 2723 3646 2812">
    <p class='ocr_par' dir='ltr' id='par_1_82' title="bbox 2131 2723 3646 2812">
     <span class='ocr_line' id='line_1_83' title="bbox 2131 2723 3646 2812; baseline -0.013 -14"><span class='ocrx_word' id='word_1_483' title='bbox 2131 2745 2216 2798; x_wconf 72' lang='lat'><strong>59..</strong></span> <span class='ocrx_word' id='word_1_484' title='bbox 2249 2743 2480 2810; x_wconf 84' lang='lat' dir='ltr'><strong>Quando</strong></span> <span class='ocrx_word' id='word_1_485' title='bbox 2515 2757 2689 2812; x_wconf 89' lang='lat' dir='ltr'><strong>usque</strong></span> <span class='ocrx_word' id='word_1_486' title='bbox 2725 2739 2793 2794; x_wconf 89' lang='lat' dir='ltr'><strong>ad</strong></span> <span class='ocrx_word' id='word_1_487' title='bbox 2825 2751 3110 2807; x_wconf 85' lang='lat' dir='ltr'><strong>vesperam</strong></span> <span class='ocrx_word' id='word_1_488' title='bbox 3143 2734 3387 2804; x_wconf 73' lang='lat' dir='ltr'><strong>ieiunas,</strong></span> <span class='ocrx_word' id='word_1_489' title='bbox 3412 2742 3544 2783; x_wconf 80' lang='lat' dir='ltr'><strong>cave</strong></span> <span class='ocrx_word' id='word_1_490' title='bbox 3576 2723 3646 2779; x_wconf 87' lang='lat' dir='ltr'><strong>ad</strong></span> 
     </span>
    </p>
   </div>
   <div class='ocr_carea' id='block_1_83' title="bbox 2059 2821 3646 2905">
    <p class='ocr_par' dir='ltr' id='par_1_83' title="bbox 2059 2821 3646 2905">
     <span class='ocr_line' id='line_1_84' title="bbox 2059 2821 3646 2905; baseline -0.014 -13"><span class='ocrx_word' id='word_1_491' title='bbox 2059 2838 2368 2892; x_wconf 76' lang='lat' dir='ltr'><strong>satietatem</strong></span> <span class='ocrx_word' id='word_1_492' title='bbox 2423 2851 2600 2905; x_wconf 79' lang='lat' dir='ltr'><strong>usque</strong></span> <span class='ocrx_word' id='word_1_493' title='bbox 2655 2831 2965 2902; x_wconf 89' lang='lat' dir='ltr'><strong>implearis,</strong></span> <span class='ocrx_word' id='word_1_494' title='bbox 3011 2843 3082 2882; x_wconf 92' lang='lat' dir='ltr'><strong>ne</strong></span> <span class='ocrx_word' id='word_1_495' title='bbox 3129 2825 3388 2880; x_wconf 82' lang='lat' dir='ltr'><strong>videlicet</strong></span> <span class='ocrx_word' id='word_1_496' title='bbox 3445 2821 3646 2874; x_wconf 88' lang='lat' dir='ltr'><strong>iterum</strong></span> 
     </span>
    </p>
   </div>
   <div class='ocr_carea' id='block_1_84' title="bbox 2059 2921 3266 2996">
    <p class='ocr_par' dir='ltr' id='par_1_84' title="bbox 2059 2921 3266 2996">
     <span class='ocr_line' id='line_1_85' title="bbox 2059 2921 3266 2996; baseline -0.012 -13"><span class='ocrx_word' id='word_1_497' title='bbox 2059 2937 2317 2984; x_wconf 86' lang='lat' dir='ltr'><strong>exstruas</strong></span> <span class='ocrx_word' id='word_1_498' title='bbox 2354 2942 2475 2996; x_wconf 68' lang='lat' dir='ltr'><strong>qua:</strong></span> <span class='ocrx_word' id='word_1_499' title='bbox 2519 2925 2680 2996; x_wconf 91' lang='lat' dir='ltr'><strong>paulo</strong></span> <span class='ocrx_word' id='word_1_500' title='bbox 2725 2931 2852 2977; x_wconf 88' lang='lat' dir='ltr'><strong>ante</strong></span> <span class='ocrx_word' id='word_1_501' title='bbox 2891 2921 3266 2975; x_wconf 71' lang='lat' dir='ltr'><strong>destruxeras.</strong></span> 
     </span>
    </p>
   </div>
   <div class='ocr_carea' id='block_1_85' title="bbox 2132 3007 3647 3086">
    <p class='ocr_par' dir='ltr' id='par_1_85' title="bbox 2132 3007 3647 3086">
     <span class='ocr_line' id='line_1_86' title="bbox 2132 3007 3647 3086; baseline -0.013 -11"><span class='ocrx_word' id='word_1_502' title='bbox 2132 3021 2220 3076; x_wconf 89' lang='grc'><strong>55.</strong></span> <span class='ocrx_word' id='word_1_503' title='bbox 2252 3018 2484 3086; x_wconf 73' lang='lat' dir='ltr'><strong>QUando</strong></span> <span class='ocrx_word' id='word_1_504' title='bbox 2541 3032 2650 3070; x_wconf 90' lang='lat' dir='ltr'><strong>non</strong></span> <span class='ocrx_word' id='word_1_505' title='bbox 2707 3013 2853 3069; x_wconf 83' lang='lat' dir='ltr'><strong>bibis</strong></span> <span class='ocrx_word' id='word_1_506' title='bbox 2905 3011 3118 3075; x_wconf 87' lang='lat' dir='ltr'><strong>vinum,</strong></span> <span class='ocrx_word' id='word_1_507' title='bbox 3169 3007 3333 3062; x_wconf 90' lang='lat' dir='ltr'><strong>etiam</strong></span> <span class='ocrx_word' id='word_1_508' title='bbox 3397 3017 3538 3074; x_wconf 84' lang='lat' dir='ltr'><strong>aqua</strong></span> <span class='ocrx_word' id='word_1_509' title='bbox 3575 3017 3647 3056; x_wconf 87' lang='lat' dir='ltr'><strong>ne</strong></span> 
     </span>
    </p>
   </div>
   <div class='ocr_carea' id='block_1_86' title="bbox 2066 3093 3648 3181">
    <p class='ocr_par' dir='ltr' id='par_1_86' title="bbox 2066 3093 3648 3181">
     <span class='ocr_line' id='line_1_87' title="bbox 2066 3093 3648 3181; baseline -0.013 -14"><span class='ocrx_word' id='word_1_510' title='bbox 2066 3112 2377 3181; x_wconf 84' lang='lat' dir='ltr'><strong>implearis;</strong></span> <span class='ocrx_word' id='word_1_511' title='bbox 2447 3109 2530 3164; x_wconf 91' lang='lat' dir='ltr'><strong>sin</strong></span> <span class='ocrx_word' id='word_1_512' title='bbox 2579 3107 2764 3162; x_wconf 90' lang='lat' dir='ltr'><strong>minus</strong></span> <span class='ocrx_word' id='word_1_513' title='bbox 2810 3099 3244 3171; x_wconf 87' lang='lat' dir='ltr'><strong>obtemperaris,</strong></span> <span class='ocrx_word' id='word_1_514' title='bbox 3293 3093 3648 3153; x_wconf 86' lang='lat' dir='ltr'><strong>fornicationi</strong></span> 
     </span>
    </p>
   </div>
   <div class='ocr_carea' id='block_1_87' title="bbox 2065 3195 3075 3268">
    <p class='ocr_par' dir='ltr' id='par_1_87' title="bbox 2065 3195 3075 3268">
     <span class='ocr_line' id='line_1_88' title="bbox 2065 3195 3075 3268; baseline -0.013 -7"><span class='ocrx_word' id='word_1_515' title='bbox 2065 3203 2315 3261; x_wconf 89' lang='lat' dir='ltr'><strong>eamdem</strong></span> <span class='ocrx_word' id='word_1_516' title='bbox 2349 3201 2637 3256; x_wconf 88' lang='lat' dir='ltr'><strong>materiam</strong></span> <span class='ocrx_word' id='word_1_517' title='bbox 2676 3195 3075 3268; x_wconf 87' lang='lat' dir='ltr'><strong>suppeditabis.</strong></span> 
     </span>
    </p>
   </div>
   <div class='ocr_carea' id='block_1_88' title="bbox 2132 3279 3650 3362">
    <p class='ocr_par' dir='ltr' id='par_1_88' title="bbox 2132 3279 3650 3362">
     <span class='ocr_line' id='line_1_89' title="bbox 2132 3279 3650 3362; baseline -0.011 -14"><span class='ocrx_word' id='word_1_518' title='bbox 2132 3293 2223 3349; x_wconf 73' lang='grc'>54.</span> <span class='ocrx_word' id='word_1_519' title='bbox 2271 3291 2539 3362; x_wconf 86' lang='lat' dir='ltr'><strong>Superbia</strong></span> <span class='ocrx_word' id='word_1_520' title='bbox 2573 3289 2704 3344; x_wconf 87' lang='lat' dir='ltr'><strong>facit</strong></span> <span class='ocrx_word' id='word_1_521' title='bbox 2747 3282 2936 3343; x_wconf 86' lang='lat' dir='ltr'><strong>divino</strong></span> <span class='ocrx_word' id='word_1_522' title='bbox 2964 3283 3193 3343; x_wconf 87' lang='lat' dir='ltr'><strong>destitui</strong></span> <span class='ocrx_word' id='word_1_523' title='bbox 3225 3281 3450 3347; x_wconf 70' lang='lat' dir='ltr'><strong>auxilio,</strong></span> <span class='ocrx_word' id='word_1_524' title='bbox 3478 3279 3650 3336; x_wconf 78' lang='lat' dir='ltr'><strong>conti-</strong></span> 
     </span>
    </p>
   </div>
   <div class='ocr_carea' id='block_1_89' title="bbox 2061 3377 3508 3456">
    <p class='ocr_par' dir='ltr' id='par_1_89' title="bbox 2061 3377 3508 3456">
     <span class='ocr_line' id='line_1_90' title="bbox 2061 3377 3508 3456; baseline -0.01 -15"><span class='ocrx_word' id='word_1_525' title='bbox 2061 3384 2194 3442; x_wconf 91' lang='lat' dir='ltr'><strong>dere</strong></span> <span class='ocrx_word' id='word_1_526' title='bbox 2226 3385 2280 3440; x_wconf 94' lang='lat' dir='ltr'><strong>in</strong></span> <span class='ocrx_word' id='word_1_527' title='bbox 2307 3385 2510 3456; x_wconf 83' lang='lat' dir='ltr'><strong>seipse,</strong></span> <span class='ocrx_word' id='word_1_528' title='bbox 2547 3391 2604 3439; x_wconf 91' lang='lat' dir='ltr'><strong>et</strong></span> <span class='ocrx_word' id='word_1_529' title='bbox 2630 3381 2895 3438; x_wconf 84' lang='lat' dir='ltr'><strong>adversus</strong></span> <span class='ocrx_word' id='word_1_530' title='bbox 2923 3377 3177 3436; x_wconf 81' lang='lat' dir='ltr'><strong>homines</strong></span> <span class='ocrx_word' id='word_1_531' title='bbox 3203 3377 3508 3446; x_wconf 87' lang='lat' dir='ltr'><strong>insurgere.</strong></span> 
     </span>
    </p>
   </div>
   <div class='ocr_carea' id='block_1_90' title="bbox 2129 3555 3649 3628">
    <p class='ocr_par' dir='ltr' id='par_1_90' title="bbox 2129 3555 3649 3628">
     <span class='ocr_line' id='line_1_91' title="bbox 2129 3555 3649 3628; baseline -0.009 -11"><span class='ocrx_word' id='word_1_532' title='bbox 2129 3562 2218 3617; x_wconf 79' lang='lat'><strong>55.</strong></span> <span class='ocrx_word' id='word_1_533' title='bbox 2251 3562 2372 3616; x_wconf 90' lang='lat' dir='ltr'><strong>Duo</strong></span> <span class='ocrx_word' id='word_1_534' title='bbox 2405 3559 2648 3616; x_wconf 89' lang='lat' dir='ltr'><strong>remedia</strong></span> <span class='ocrx_word' id='word_1_535' title='bbox 2681 3559 2943 3615; x_wconf 88' lang='lat' dir='ltr'><strong>adversus</strong></span> <span class='ocrx_word' id='word_1_536' title='bbox 2970 3556 3244 3628; x_wconf 71' lang='lat' dir='ltr'><strong>superbia:</strong></span> <span class='ocrx_word' id='word_1_537' title='bbox 3273 3555 3412 3608; x_wconf 87' lang='lat' dir='ltr'><strong>mala</strong></span> <span class='ocrx_word' id='word_1_538' title='bbox 3447 3566 3649 3622; x_wconf 84' lang='lat' dir='ltr'><strong>propo-</strong></span> 
     </span>
    </p>
   </div>
   <div class='ocr_carea' id='block_1_91' title="bbox 2057 3646 3646 3722">
    <p class='ocr_par' dir='ltr' id='par_1_91' title="bbox 2057 3646 3646 3722">
     <span class='ocr_line' id='line_1_92' title="bbox 2057 3646 3646 3722; baseline -0.004 -15"><span class='ocrx_word' id='word_1_539' title='bbox 2057 3662 2301 3719; x_wconf 81' lang='lat' dir='ltr'><strong>nuntur;</strong></span> <span class='ocrx_word' id='word_1_540' title='bbox 2330 3667 2451 3722; x_wconf 77' lang='lat' dir='ltr'><strong>qua:</strong></span> <span class='ocrx_word' id='word_1_541' title='bbox 2479 3653 2524 3706; x_wconf 94' lang='lat' dir='ltr'><strong>si</strong></span> <span class='ocrx_word' id='word_1_542' title='bbox 2556 3652 2682 3721; x_wconf 88' lang='lat' dir='ltr'><strong>quis</strong></span> <span class='ocrx_word' id='word_1_543' title='bbox 2709 3651 2961 3720; x_wconf 88' lang='lat' dir='ltr'><strong>accipere</strong></span> <span class='ocrx_word' id='word_1_544' title='bbox 2993 3649 3198 3713; x_wconf 89' lang='lat' dir='ltr'><strong>renuit,</strong></span> <span class='ocrx_word' id='word_1_545' title='bbox 3231 3647 3454 3702; x_wconf 89' lang='lat' dir='ltr'><strong>tertium</strong></span> <span class='ocrx_word' id='word_1_546' title='bbox 3483 3646 3646 3714; x_wconf 80' lang='lat' dir='ltr'><strong>longe</strong></span> 
     </span>
    </p>
   </div>
   <div class='ocr_carea' id='block_1_92' title="bbox 2057 3743 2930 3801">
    <p class='ocr_par' dir='ltr' id='par_1_92' title="bbox 2057 3743 2930 3801">
     <span class='ocr_line' id='line_1_93' title="bbox 2057 3743 2930 3801; baseline -0.006 -1"><span class='ocrx_word' id='word_1_547' title='bbox 2057 3745 2474 3801; x_wconf 85' lang='lat' dir='ltr'><strong>acerbissimum</strong></span> <span class='ocrx_word' id='word_1_548' title='bbox 2510 3743 2804 3798; x_wconf 90' lang='lat' dir='ltr'><strong>habiturus</strong></span> <span class='ocrx_word' id='word_1_549' title='bbox 2826 3751 2930 3798; x_wconf 90' lang='lat' dir='ltr'><strong>est.</strong></span> 
     </span>
    </p>
   </div>
   <div class='ocr_carea' id='block_1_93' title="bbox 2126 3849 3640 3927">
    <p class='ocr_par' dir='ltr' id='par_1_93' title="bbox 2126 3849 3640 3927">
     <span class='ocr_line' id='line_1_94' title="bbox 2126 3849 3640 3927; baseline -0.004 -15"><span class='ocrx_word' id='word_1_550' title='bbox 2126 3857 2214 3914; x_wconf 86' lang='grc'><strong>56.</strong></span> <span class='ocrx_word' id='word_1_551' title='bbox 2265 3855 2590 3927; x_wconf 86' lang='lat' dir='ltr'><strong>Superbiam</strong></span> <span class='ocrx_word' id='word_1_552' title='bbox 2647 3854 2848 3909; x_wconf 88' lang='lat' dir='ltr'><strong>tollunt</strong></span> <span class='ocrx_word' id='word_1_553' title='bbox 2896 3851 3108 3923; x_wconf 89' lang='lat' dir='ltr'><strong>precari</strong></span> <span class='ocrx_word' id='word_1_554' title='bbox 3163 3867 3287 3907; x_wconf 91' lang='lat' dir='ltr'><strong>cum</strong></span> <span class='ocrx_word' id='word_1_555' title='bbox 3346 3849 3640 3915; x_wconf 82' lang='lat' dir='ltr'><strong>lacrymis.</strong></span> 
     </span>
    </p>
   </div>
   <div class='ocr_carea' id='block_1_94' title="bbox 2057 3943 3641 4016">
    <p class='ocr_par' dir='ltr' id='par_1_94' title="bbox 2057 3943 3641 4016">
     <span class='ocr_line' id='line_1_95' title="bbox 2057 3943 3641 4016; baseline -0.007 -11"><span class='ocrx_word' id='word_1_556' title='bbox 2057 3959 2411 4005; x_wconf 89' lang='lat' dir='ltr'><strong>contemnere</strong></span> <span class='ocrx_word' id='word_1_557' title='bbox 2445 3947 2744 4012; x_wconf 91' lang='lat' dir='ltr'><strong>neminem,</strong></span> <span class='ocrx_word' id='word_1_558' title='bbox 2783 3945 3020 4016; x_wconf 88' lang='lat' dir='ltr'><strong>denique</strong></span> <span class='ocrx_word' id='word_1_559' title='bbox 3053 3943 3253 3998; x_wconf 88' lang='lat' dir='ltr'><strong>damna</strong></span> <span class='ocrx_word' id='word_1_560' title='bbox 3298 3951 3496 4013; x_wconf 63' lang='lat' dir='ltr'><strong>praeter</strong></span> <span class='ocrx_word' id='word_1_561' title='bbox 3542 3957 3641 3995; x_wconf 82' lang='lat' dir='ltr'><strong>vo-</strong></span> 
     </span>
    </p>
   </div>
   <div class='ocr_carea' id='block_1_95' title="bbox 2055 4039 2689 4096">
    <p class='ocr_par' dir='ltr' id='par_1_95' title="bbox 2055 4039 2689 4096">
     <span class='ocr_line' id='line_1_96' title="bbox 2055 4039 2689 4096; baseline 0 -2"><span class='ocrx_word' id='word_1_562' title='bbox 2055 4041 2326 4096; x_wconf 88' lang='lat' dir='ltr'><strong>luntatem</strong></span> <span class='ocrx_word' id='word_1_563' title='bbox 2361 4039 2689 4094; x_wconf 88' lang='lat' dir='ltr'><strong>accidentia.</strong></span> 
     </span>
    </p>
   </div>
   <div class='ocr_carea' id='block_1_96' title="bbox 2124 4127 3638 4201">
    <p class='ocr_par' dir='ltr' id='par_1_96' title="bbox 2124 4127 3638 4201">
     <span class='ocr_line' id='line_1_97' title="bbox 2124 4127 3638 4201; baseline -0.005 -15"><span class='ocrx_word' id='word_1_564' title='bbox 2124 4132 2214 4187; x_wconf 86' lang='grc'><strong>57.</strong></span> <span class='ocrx_word' id='word_1_565' title='bbox 2243 4131 2498 4187; x_wconf 84' lang='lat' dir='ltr'><strong>Eruditio</strong></span> <span class='ocrx_word' id='word_1_566' title='bbox 2523 4146 2621 4201; x_wconf 86' lang='lat' dir='ltr'><strong>per</strong></span> <span class='ocrx_word' id='word_1_567' title='bbox 2657 4131 3010 4196; x_wconf 85' lang='lat' dir='ltr'><strong>tentationes,</strong></span> <span class='ocrx_word' id='word_1_568' title='bbox 3039 4129 3189 4199; x_wconf 80' lang='lat' dir='ltr'><strong>virga</strong></span> <span class='ocrx_word' id='word_1_569' title='bbox 3225 4127 3488 4198; x_wconf 87' lang='lat' dir='ltr'><strong>spiritalis</strong></span> <span class='ocrx_word' id='word_1_570' title='bbox 3511 4136 3596 4179; x_wconf 81' lang='lat' dir='ltr'><strong>est</strong></span> <span class='ocrx_word' id='word_1_571' title='bbox 3625 4143 3638 4178; x_wconf 92' lang='lat'><strong>:</strong></span> 
     </span>
    </p>
   </div>
   <div class='ocr_carea' id='block_1_97' title="bbox 2055 4218 3646 4293">
    <p class='ocr_par' dir='ltr' id='par_1_97' title="bbox 2055 4218 3646 4293">
     <span class='ocr_line' id='line_1_98' title="bbox 2055 4218 3646 4293; baseline -0.004 -15"><span class='ocrx_word' id='word_1_572' title='bbox 2055 4238 2180 4278; x_wconf 90' lang='lat' dir='ltr'><strong>eum</strong></span> <span class='ocrx_word' id='word_1_573' title='bbox 2225 4224 2372 4278; x_wconf 90' lang='lat' dir='ltr'><strong>enim</strong></span> <span class='ocrx_word' id='word_1_574' title='bbox 2406 4222 2502 4293; x_wconf 88' lang='lat' dir='ltr'><strong>qui</strong></span> <span class='ocrx_word' id='word_1_575' title='bbox 2546 4222 2603 4276; x_wconf 90' lang='lat' dir='ltr'><strong>in</strong></span> <span class='ocrx_word' id='word_1_576' title='bbox 2649 4222 2910 4290; x_wconf 90' lang='lat' dir='ltr'><strong>superbia</strong></span> <span class='ocrx_word' id='word_1_577' title='bbox 2943 4221 3333 4285; x_wconf 74' lang='lat' dir='ltr'><strong>extollebatur,</strong></span> <span class='ocrx_word' id='word_1_578' title='bbox 3360 4218 3646 4273; x_wconf 79' lang='lat' dir='ltr'><strong>humiliter</strong></span> 
     </span>
    </p>
   </div>
   <div class='ocr_carea' id='block_1_98' title="bbox 2054 4313 2482 4370">
    <p class='ocr_par' dir='ltr' id='par_1_98' title="bbox 2054 4313 2482 4370">
     <span class='ocr_line' id='line_1_99' title="bbox 2054 4313 2482 4370; baseline -0.005 0"><span class='ocrx_word' id='word_1_579' title='bbox 2054 4313 2262 4370; x_wconf 90' lang='lat' dir='ltr'><strong>sentire</strong></span> <span class='ocrx_word' id='word_1_580' title='bbox 2302 4314 2482 4368; x_wconf 86' lang='lat' dir='ltr'><strong>docet.</strong></span> 
     </span>
    </p>
   </div>
   <div class='ocr_carea' id='block_1_99' title="bbox 2123 4401 3640 4474">
    <p class='ocr_par' dir='ltr' id='par_1_99' title="bbox 2123 4401 3640 4474">
     <span class='ocr_line' id='line_1_100' title="bbox 2123 4401 3640 4474; baseline -0.003 -14"><span class='ocrx_word' id='word_1_581' title='bbox 2123 4406 2211 4460; x_wconf 81' lang='lat'><strong>58.</strong></span> <span class='ocrx_word' id='word_1_582' title='bbox 2247 4404 2540 4474; x_wconf 90' lang='lat' dir='ltr'><strong>Proprium</strong></span> <span class='ocrx_word' id='word_1_583' title='bbox 2584 4404 2787 4458; x_wconf 90' lang='lat' dir='ltr'><strong>mentis</strong></span> <span class='ocrx_word' id='word_1_584' title='bbox 2819 4419 2958 4472; x_wconf 89' lang='lat' dir='ltr'><strong>opus</strong></span> <span class='ocrx_word' id='word_1_585' title='bbox 3002 4411 3106 4464; x_wconf 87' lang='lat' dir='ltr'><strong>est,</strong></span> <span class='ocrx_word' id='word_1_586' title='bbox 3139 4417 3208 4456; x_wconf 90' lang='lat' dir='ltr'><strong>ne</strong></span> <span class='ocrx_word' id='word_1_587' title='bbox 3253 4401 3640 4472; x_wconf 82' lang='lat' dir='ltr'><strong>cogitationem</strong></span> 
     </span>
    </p>
   </div>
   <div class='ocr_carea' id='block_1_100' title="bbox 2132 4583 3643 4648">
    <p class='ocr_par' dir='ltr' id='par_1_100' title="bbox 2132 4583 3643 4648">
     <span class='ocr_line' id='line_1_101' title="bbox 2132 4583 3643 4648; baseline -0.001 -8"><span class='ocrx_word' id='word_1_588' title='bbox 2132 4587 2220 4640; x_wconf 89' lang='grc'>59.</span> <span class='ocrx_word' id='word_1_589' title='bbox 2257 4585 2409 4640; x_wconf 89' lang='lat' dir='ltr'><strong>Sicut</strong></span> <span class='ocrx_word' id='word_1_590' title='bbox 2440 4585 2768 4640; x_wconf 88' lang='lat' dir='ltr'><strong>hortulanus</strong></span> <span class='ocrx_word' id='word_1_591' title='bbox 2801 4603 2910 4641; x_wconf 90' lang='lat' dir='ltr'><strong>non</strong></span> <span class='ocrx_word' id='word_1_592' title='bbox 2950 4585 3237 4640; x_wconf 89' lang='lat' dir='ltr'><strong>eradicans</strong></span> <span class='ocrx_word' id='word_1_593' title='bbox 3267 4583 3494 4648; x_wconf 83' lang='lat' dir='ltr'><strong>zizania,</strong></span> <span class='ocrx_word' id='word_1_594' title='bbox 3529 4585 3643 4638; x_wconf 83' lang='lat' dir='ltr'><strong>suf-</strong></span> 
     </span>
    </p>
   </div>
   <div class='ocr_carea' id='block_1_101' title="bbox 2059 4673 3636 4748">
    <p class='ocr_par' dir='ltr' id='par_1_101' title="bbox 2059 4673 3636 4748">
     <span class='ocr_line' id='line_1_102' title="bbox 2059 4673 3636 4748; baseline 0.001 -20"><span class='ocrx_word' id='word_1_595' title='bbox 2059 4674 2206 4729; x_wconf 87' lang='lat' dir='ltr'><strong>focat</strong></span> <span class='ocrx_word' id='word_1_596' title='bbox 2249 4675 2430 4740; x_wconf 89' lang='lat' dir='ltr'><strong>olera;</strong></span> <span class='ocrx_word' id='word_1_597' title='bbox 2489 4673 2563 4729; x_wconf 91' lang='lat' dir='ltr'><strong>ita</strong></span> <span class='ocrx_word' id='word_1_598' title='bbox 2606 4683 2661 4728; x_wconf 91' lang='lat' dir='ltr'><strong>et</strong></span> <span class='ocrx_word' id='word_1_599' title='bbox 2695 4691 2850 4748; x_wconf 84' lang='lat' dir='ltr'><strong>mens</strong></span> <span class='ocrx_word' id='word_1_600' title='bbox 2897 4675 3254 4744; x_wconf 83' lang='lat' dir='ltr'><strong>cogitationes</strong></span> <span class='ocrx_word' id='word_1_601' title='bbox 3287 4692 3396 4730; x_wconf 88' lang='lat' dir='ltr'><strong>non</strong></span> <span class='ocrx_word' id='word_1_602' title='bbox 3446 4676 3636 4746; x_wconf 80' lang='lat' dir='ltr'><strong>purifi-</strong></span> 
     </span>
    </p>
   </div>
   <div class='ocr_carea' id='block_1_102' title="bbox 2059 4766 2764 4836">
    <p class='ocr_par' dir='ltr' id='par_1_102' title="bbox 2059 4766 2764 4836">
     <span class='ocr_line' id='line_1_103' title="bbox 2059 4766 2764 4836; baseline 0.001 -15"><span class='ocrx_word' id='word_1_603' title='bbox 2059 4783 2212 4832; x_wconf 84' lang='lat' dir='ltr'><strong>eans,</strong></span> <span class='ocrx_word' id='word_1_604' title='bbox 2236 4766 2506 4836; x_wconf 86' lang='lat' dir='ltr'><strong>disperdit</strong></span> <span class='ocrx_word' id='word_1_605' title='bbox 2526 4767 2764 4822; x_wconf 87' lang='lat' dir='ltr'><strong>labores.</strong></span> 
     </span>
    </p>
   </div>
   <div class='ocr_carea' id='block_1_103' title="bbox 2130 4857 3631 4930">
    <p class='ocr_par' dir='ltr' id='par_1_103' title="bbox 2130 4857 3631 4930">
     <span class='ocr_line' id='line_1_104' title="bbox 2130 4857 3631 4930; baseline -0.001 -18"><span class='ocrx_word' id='word_1_606' title='bbox 2130 4857 2221 4913; x_wconf 79' lang='grc'><strong>40.</strong></span> <span class='ocrx_word' id='word_1_607' title='bbox 2273 4857 2370 4913; x_wconf 83' lang='lat' dir='ltr'><strong>Vir</strong></span> <span class='ocrx_word' id='word_1_608' title='bbox 2417 4857 2782 4930; x_wconf 83' lang='lat' dir='ltr'><strong>intelligentia</strong></span> <span class='ocrx_word' id='word_1_609' title='bbox 2824 4859 3108 4930; x_wconf 82' lang='lat' dir='ltr'><strong>praeditus,</strong></span> <span class='ocrx_word' id='word_1_610' title='bbox 3163 4859 3408 4914; x_wconf 87' lang='lat' dir='ltr'><strong>consiliis</strong></span> <span class='ocrx_word' id='word_1_611' title='bbox 3452 4871 3631 4929; x_wconf 79' lang='lat' dir='ltr'><strong>paret,</strong></span> 
     </span>
    </p>
   </div>
   <div class='ocr_carea' id='block_1_104' title="bbox 2060 4948 3641 5020">
    <p class='ocr_par' dir='ltr' id='par_1_104' title="bbox 2060 4948 3641 5020">
     <span class='ocr_line' id='line_1_105' title="bbox 2060 4948 3641 5020; baseline -0.001 -18"><span class='ocrx_word' id='word_1_612' title='bbox 2060 4949 2295 5004; x_wconf 69' lang='lat' dir='ltr'><strong>maxime</strong></span> <span class='ocrx_word' id='word_1_613' title='bbox 2328 4948 2501 5019; x_wconf 85' lang='lat' dir='ltr'><strong>patris</strong></span> <span class='ocrx_word' id='word_1_614' title='bbox 2531 4949 2836 5019; x_wconf 88' lang='lat' dir='ltr'><strong>spiritualis</strong></span> <span class='ocrx_word' id='word_1_615' title='bbox 2865 4966 2928 5006; x_wconf 91' lang='lat' dir='ltr'><strong>ea</strong></span> <span class='ocrx_word' id='word_1_616' title='bbox 2966 4966 3088 5020; x_wconf 71' lang='lat' dir='ltr'><strong>quae</strong></span> <span class='ocrx_word' id='word_1_617' title='bbox 3122 4949 3216 5004; x_wconf 90' lang='lat' dir='ltr'><strong>Dei</strong></span> <span class='ocrx_word' id='word_1_618' title='bbox 3263 4959 3411 5014; x_wconf 88' lang='lat' dir='ltr'><strong>sunt,</strong></span> <span class='ocrx_word' id='word_1_619' title='bbox 3445 4964 3641 5003; x_wconf 85' lang='lat' dir='ltr'><strong>consu-</strong></span> 
     </span>
    </p>
   </div>
   <div class='ocr_carea' id='block_1_105' title="bbox 2057 5041 2243 5096">
    <p class='ocr_par' dir='ltr' id='par_1_105' title="bbox 2057 5041 2243 5096">
     <span class='ocr_line' id='line_1_106' title="bbox 2057 5041 2243 5096; baseline 0 -2"><span class='ocrx_word' id='word_1_620' title='bbox 2057 5041 2243 5096; x_wconf 85' lang='lat' dir='ltr'><strong>lentis.</strong></span> 
     </span>
    </p>
   </div>
   <div class='ocr_carea' id='block_1_106' title="bbox 2127 5130 3640 5202">
    <p class='ocr_par' dir='ltr' id='par_1_106' title="bbox 2127 5130 3640 5202">
     <span class='ocr_line' id='line_1_107' title="bbox 2127 5130 3640 5202; baseline -0.004 -13"><span class='ocrx_word' id='word_1_621' title='bbox 2127 5134 2216 5188; x_wconf 76' lang='grc'><strong>41.</strong></span> <span class='ocrx_word' id='word_1_622' title='bbox 2270 5133 2443 5202; x_wconf 86' lang='lat' dir='ltr'><strong>Quem</strong></span> <span class='ocrx_word' id='word_1_623' title='bbox 2493 5132 2816 5188; x_wconf 71' lang='lat' dir='ltr'><strong>affectiones</strong></span> <span class='ocrx_word' id='word_1_624' title='bbox 2851 5147 2962 5186; x_wconf 75' lang='lat' dir='ltr'><strong>suae</strong></span> <span class='ocrx_word' id='word_1_625' title='bbox 3012 5130 3404 5202; x_wconf 89' lang='lat' dir='ltr'><strong>perdiderunt,</strong></span> <span class='ocrx_word' id='word_1_626' title='bbox 3455 5131 3640 5200; x_wconf 77' lang='lat' dir='ltr'><strong>consi-</strong></span> 
     </span>
    </p>
   </div>
   <div class='ocr_carea' id='block_1_107' title="bbox 2056 5221 3640 5292">
    <p class='ocr_par' dir='ltr' id='par_1_107' title="bbox 2056 5221 3640 5292">
     <span class='ocr_line' id='line_1_108' title="bbox 2056 5221 3640 5292; baseline -0.003 -14"><span class='ocrx_word' id='word_1_627' title='bbox 2056 5224 2190 5278; x_wconf 90' lang='lat' dir='ltr'><strong>lium</strong></span> <span class='ocrx_word' id='word_1_628' title='bbox 2235 5239 2345 5277; x_wconf 90' lang='lat' dir='ltr'><strong>non</strong></span> <span class='ocrx_word' id='word_1_629' title='bbox 2377 5223 2554 5288; x_wconf 83' lang='lat' dir='ltr'><strong>audit,</strong></span> <span class='ocrx_word' id='word_1_630' title='bbox 2586 5222 2682 5278; x_wconf 90' lang='lat' dir='ltr'><strong>sed</strong></span> <span class='ocrx_word' id='word_1_631' title='bbox 2716 5232 2772 5278; x_wconf 91' lang='lat' dir='ltr'><strong>et</strong></span> <span class='ocrx_word' id='word_1_632' title='bbox 2810 5221 3114 5292; x_wconf 87' lang='lat' dir='ltr'><strong>spiritualis</strong></span> <span class='ocrx_word' id='word_1_633' title='bbox 3141 5221 3470 5276; x_wconf 90' lang='lat' dir='ltr'><strong>eruditionis</strong></span> <span class='ocrx_word' id='word_1_634' title='bbox 3506 5237 3640 5274; x_wconf 84' lang='lat' dir='ltr'><strong>con-</strong></span> 
     </span>
    </p>
   </div>
   <div class='ocr_carea' id='block_1_108' title="bbox 2057 5314 2497 5384">
    <p class='ocr_par' dir='ltr' id='par_1_108' title="bbox 2057 5314 2497 5384">
     <span class='ocr_line' id='line_1_109' title="bbox 2057 5314 2497 5384; baseline -0.002 -16"><span class='ocrx_word' id='word_1_635' title='bbox 2057 5314 2240 5368; x_wconf 89' lang='lat' dir='ltr'><strong>silium</strong></span> <span class='ocrx_word' id='word_1_636' title='bbox 2273 5315 2497 5384; x_wconf 89' lang='lat' dir='ltr'><strong>respuit.</strong></span> 
     </span>
    </p>
   </div>
   <div class='ocr_carea' id='block_1_109' title="bbox 2130 5405 3640 5476">
    <p class='ocr_par' dir='ltr' id='par_1_109' title="bbox 2130 5405 3640 5476">
     <span class='ocr_line' id='line_1_110' title="bbox 2130 5405 3640 5476; baseline 0 -18"><span class='ocrx_word' id='word_1_637' title='bbox 2130 5405 2216 5460; x_wconf 72' lang='grc'><strong>42.</strong></span> <span class='ocrx_word' id='word_1_638' title='bbox 2255 5405 2358 5472; x_wconf 92' lang='lat' dir='ltr'><strong>Qui</strong></span> <span class='ocrx_word' id='word_1_639' title='bbox 2385 5405 2674 5460; x_wconf 87' lang='lat' dir='ltr'><strong>consilium</strong></span> <span class='ocrx_word' id='word_1_640' title='bbox 2709 5406 2936 5476; x_wconf 86' lang='lat' dir='ltr'><strong>respuit,</strong></span> <span class='ocrx_word' id='word_1_641' title='bbox 2960 5405 3076 5460; x_wconf 88' lang='lat' dir='ltr'><strong>vias</strong></span> <span class='ocrx_word' id='word_1_642' title='bbox 3105 5421 3232 5460; x_wconf 90' lang='lat' dir='ltr'><strong>suas</strong></span> <span class='ocrx_word' id='word_1_643' title='bbox 3255 5421 3362 5460; x_wconf 91' lang='lat' dir='ltr'><strong>non</strong></span> <span class='ocrx_word' id='word_1_644' title='bbox 3389 5405 3640 5476; x_wconf 76' lang='lat' dir='ltr'><strong>corrigit,</strong></span> 
     </span>
    </p>
   </div>
   <div class='ocr_carea' id='block_1_110' title="bbox 2060 5496 3217 5568">
    <p class='ocr_par' dir='ltr' id='par_1_110' title="bbox 2060 5496 3217 5568">
     <span class='ocr_line' id='line_1_111' title="bbox 2060 5496 3217 5568; baseline 0 -16"><span class='ocrx_word' id='word_1_645' title='bbox 2060 5496 2154 5552; x_wconf 89' lang='lat' dir='ltr'><strong>sed</strong></span> <span class='ocrx_word' id='word_1_646' title='bbox 2184 5513 2281 5567; x_wconf 90' lang='lat' dir='ltr'><strong>per</strong></span> <span class='ocrx_word' id='word_1_647' title='bbox 2307 5505 2580 5568; x_wconf 67' lang='lat' dir='ltr'><strong>prterupta</strong></span> <span class='ocrx_word' id='word_1_648' title='bbox 2612 5507 2668 5553; x_wconf 87' lang='lat' dir='ltr'><strong>et</strong></span> <span class='ocrx_word' id='word_1_649' title='bbox 2697 5497 2996 5568; x_wconf 75' lang='lat' dir='ltr'><strong>przecipitia</strong></span> <span class='ocrx_word' id='word_1_650' title='bbox 3024 5497 3217 5552; x_wconf 82' lang='lat' dir='ltr'><strong>fertur.</strong></span> 
     </span>
    </p>
   </div>
  </div>
