4052 6370
313 391 460 460 1465

1703 378 2096 444 (ΞΕΝΤΠΙΠΑ
2131 385 2232 445 ιν.

3452 367 3594 432 11ίῖ6

306 507 524 579 κρατεῖ,
579 501 854 560 πιστεύων
896 501 974 572 τῷ
1012 498 1153 570 Θεῷ,
1204 497 1333 570 περὶ
1373 489 1448 550 ὧν
1479 495 1766 568 ἠπείλησε,
1803 496 1896 547 καὶ

2044 511 2113 549 Im
2145 505 2198 550 et
2229 495 2480 558 timorem
2519 503 2624 556 est,
2659 492 2945 562 creditque
2973 492 3086 544 Deo
3116 499 3224 544 tam
3259 489 3328 543 de
3353 487 3440 541 his
3471 503 3593 556 quae

309 619 379 655 πε
390 603 443 673 pl.
468 593 545 652 ὧν
571 595 960 667 ἐπηγγείλατο.

387 691 480 757 ξδ’.
516 685 589 760 ᾯ
637 687 795 757 ἐδόθη
845 687 1048 747 πίστις,
1073 685 1388 736 ἀπαιτεῖται
1422 681 1735 751 ἐγκράτεια·
1777 678 1900 747 ἥτις

310 783 648 858 χρονίζουσα
694 779 870 832 τίκτει
914 780 1016 848 τὴν
1060 775 1362 846 ὑπομονὴν,
1393 775 1508 839 ἓξιν
1539 769 1705 827 οὖσαν
1751 770 1901 838 φιλό-

313 895 416 932 πον
422 892 482 929 ον
491 917 503 928 .

389 967 478 1032 Es}.
539 965 776 1034 Σημεῖον
815 953 1159 1030 ὑπομονῆέὴ
1203 959 1312 1013 τῶν
1365 959 1548 1012 πόνων
1601 956 1772 1026 φιλία,
1821 957 1902 1018 είς

311 1061 410 1124 οὓς
453 1058 672 1132 θαρρῶν
703 1057 730 1108 6
773 1054 900 1117 νοῦς
948 1053 1159 1116 ἐλπίζει
1201 1055 1386 1122 τυχεῖν
1417 1052 1525 1106 τῶν
1555 1049 1902 1121 ἐπηγγελμέ-

311 1170 446 1214 νων,
479 1152 578 1204 καὶ
601 1147 868 1216 ἐκφεύγει
899 1145 970 1199 τὰ
999 1147 1366 1216 ἡπειλημένα.

391 1244 498 1309 ξς’.
535 1239 841 1313 Προσδοκία
871 1237 980 1290 τῶν
1015 1237 1318 1308 μελλόντων
1349 1235 1596 1306 ἀγαθῶν,
1641 1235 1900 1289 συνάπτει

311 1338 408 1391 τὸν
444 1337 571 1390 νοῦν
619 1336 733 1396 τοῖς
763 1321 1240 1403 προσδοκωμένοις
1263 1346 1278 1362 ο
1327 1332 1384 1382 ὲν
1417 1330 1598 1392 αὐτοῖς
1631 1328 1688 1379 δὲ
1718 1328 1902 1396 χρονί-

313 1427 428 1492 ζων
453 1423 875 1480 ἐπιλανθάνεται
904 1421 1014 1474 τῶν
1041 1422 1343 1493 παρόντων.

391 1517 488 1584 ξζσ.
537 1518 750 1571 Ῥίπτει
792 1513 862 1567 τὰ
892 1512 1140 1584 παρόντα
1173 1515 1200 1566 6
1229 1513 1340 1566 τῶν
1371 1511 1742 1581 ἐλπιζομένων
1772 1527 1900 1579 γευ-

312 1611 576 1680 σάμενος
601 1607 721 1662 ὅλον
751 1605 860 1677 γὰρ
880 1603 972 1656 τὸν
1003 1605 1166 1658 πόθον
1207 1607 1264 1658 ὲν
1295 1605 1524 1668 ἐκείνοις
1543 1605 1828 1658 ἐκένωσεν.

387 1704 489 1773 ξην.
527 1703 586 1754 '0
615 1699 748 1761 Θεός
797 1698 944 1754 ἐστιν
974 1695 1002 1746 ὁ
1033 1695 1102 1748 τὰ
1133 1697 1402 1767 μέλλοντα
1431 1697 1902 1765 ἐπαγγειλάμενος

308 1793 500 1863 ἀγαθά
527 1809 542 1823 ·
573 1785 617 1860 ᾦ
646 1793 674 1844 6
703 1786 976 1842 πιστεύων
1006 1785 1082 1848 ὡς
1137 1789 1380 1856 παρόντα
1438 1787 1596 1841 ποθεῖ
1653 1788 1718 1841 τὰ
1769 1786 1901 1856 μὲλ-

309 1886 496 1942 λοντα.

388 1978 487 2044 ξθ’.
519 1979 753 2050 Σημεϊον
777 1981 873 2035 τοῦ
905 1985 962 2036 ἐν
991 1987 1102 2046 τοῖς
1132 1977 1508 2049 ἑλπιζομένοις
1537 1973 1762 2042 ἀγαυοῖς
1790 1972 1905 2024 δια-

309 2070 525 2142 τρίϐειν
560 2072 652 2124 τὸν
699 2073 846 2137 νοῦν.
887 2074 948 2127 τὸ
997 2075 1167 2144 λήθην
1202 2073 1298 2142 μὲν
1343 2069 1613 2122 ποιεῖσθαι
1663 2063 1903 2128 παντελῆ

310 2161 429 2214 τῶν
475 2163 714 2216 ἐνταῦθα
737 2205 751 2226 ,
809 2164 1178 2218 πλατύνεσθαι
1208 2163 1262 2216 δὲ
1311 2160 1470 2214 αὐτὸν
1522 2161 1578 2211 ὲν
1608 2159 1673 2226 τῇ
1705 2153 1906 2222 γνώσει

314 2252 426 2306 τῶν
462 2253 786 2323 μελλόντων.

387 2354 451 2399 ο’.
485 2345 638 2418 Καλὴ
668 2351 700 2418 ἡ
733 2349 984 2420 ἀλήθεια,
1016 2351 1084 2421 ἣν
1130 2352 1158 2402 6
1186 2347 1320 2437 ’9qu
1349 2343 1588 2400 διδάσκει
1641 2339 1743 2408 τῆς
1783 2337 1910 2406 ἀλη-

319 2437 492 2507 θείας,
527 2441 858 2495 ἁπεντεῦθεν
904 2431 1271 2514 πληροφορῶν
1307 2441 1408 2510 τὴν
1454 2433 1674 2504 θεοφιλῆ
1703 2431 1904 2502 ψυχήν.

391 2634 493 2680 οα’,
543 2627 912 2698 ’Υπεραιώνια
947 2624 1088 2681 εἶναι
1135 2627 1227 2680 καὶ
1282 2625 1389 2696 πρὸ
1437 2622 1638 2684 παντὸς
1689 2619 1904 2682 αἰῶνος,

317 2719 416 2772 καὶ
448 2720 587 2790 ὑπὲρ
623 2720 747 2774 νοῦν
779 2720 874 2774 καὶ
903 2721 1082 2787 λόγον,
1114 2720 1180 2772 τὰ
1219 2717 1559 2786 ἀποκείμενα
1590 2713 1764 2780 ἀγαθὰ
1795 2712 1908 2772 τοῖς

313 2813 686 2884 κληρονόμοις
715 2814 813 2881 τῆς
845 2812 1199 2880 ἐπαγγελίας.

390 2903 488 2974 οβ’.
533 2904 916 2976 Ῥυθμίσωμεν
951 2906 1178 2967 ἑαυτοὺς
1230 2903 1340 2966 τοῖς
1373 2901 1563 2955 κανόσι
1607 2899 1706 2969 τῆς
1752 2898 1908 2948 εὐσε-

312 2994 497 3058 6είας,
539 2995 627 3049 ἵνα
661 2997 735 3066 μὴ
766 2998 846 3060 είς
894 2996 1044 3067 πάθη
1097 2991 1551 3065 παρατραπέντες
1585 2988 1908 3056 ἐκπέσωμεν

312 3087 421 3156 τῆς
451 3086 693 3151 ἐλπίδος.

393 3186 493 3248 ογ’.
539 3179 747 3248 Ἰησοῦς
768 3180 917 3231 ἐστιν
952 3179 981 3232 6
1009 3177 1244 3249 Χριστὸς
1275 3180 1302 3231 6
1323 3171 1402 3240 εἷς
1430 3175 1529 3246 τῆς
1562 3173 1720 3242 ἁγίας
1744 3170 1910 3242 Τριά-
1937 3193 1981 3250 c

310 3273 432 3336 δος,
463 3263 524 3323 οῦ
557 3273 652 3324 καὶ
683 3270 1126 3341 συγκληρονόμος
1161 3269 1378 3340 μέλλεις
1410 3266 1654 3321 ἔσεσθαι.

403 3365 500 3431 96'.
545 3365 604 3418 '0
652 3365 750 3429 τὴν
783 3364 987 3432 γνῶσιν
1029 3363 1140 3416 τῶν
1193 3362 1361 3416 ὄντων
1414 3359 1568 3430 παρά
1595 3357 1730 3411 Θεοῦ
1759 3355 1905 3408 διδα-

312 3457 471 3528 χθεὶς
498 3457 560 3511 οὐ
591 3457 876 3512 δυσπιστεῖ
903 3460 972 3528 τῇ
1017 3456 1209 3528 Γραφῇ
1245 3454 1376 3524 περὶ
1413 3453 1526 3506 τῶν
1569 3447 1909 3523 προειρημέ-

321 3568 438 3604 νων
443 3589 459 3603 ο

398 3641 491 3695 σε’.
525 3640 671 3694 Νοῦν
701 3639 892 3694 παθῶν
921 3639 1281 3711 γυμνωθέντα
1309 3637 1564 3708 εὑρίσκον
1593 3635 1653 3686 τὸ
1683 3629 1913 3700 Πνεῦμα

314 3733 385 3786 τὸ
415 3733 593 3801 ἅγιον,
635 3735 988 3802 μυσταγωγεῖ
1015 3733 1179 3786 αὑτὸν
1207 3730 1488 3799 ἀναλόγως
1520 3728 1650 3798 περὶ
1689 3727 1911 3778 πάντων

317 3827 436 3881 τῶν
465 3825 856 3896 ἐλπιζομένων.
1460 3823 1466 3829 ’

396 3923 508 3984 ος’.
543 3918 622 3988 Τῇ
655 3915 922 3988 ἀναλογίᾳ
959 3915 1060 3985 τῆς
1093 3913 1187 3968 τοῦ
1219 3913 1310 3968 νοῦ
1338 3911 1661 3982 καθάρσεως
1693 3909 1785 3962 καὶ
1815 3905 1938 3976 τὴνί

320 4011 438 4064 τῶν
469 4009 632 4062 θείων
661 4009 864 4078 γνῶσιν
895 4011 928 4078 ὴ
959 4007 1105 4079 ψυχὴ
1159 4007 1497 4077 χορηγεῖται.

397 4103 496 4168 (λζ’.
538 4103 597 4156 '0
622 4101 683 4154 τὸ
714 4102 876 4172 σῶμα
906 4101 1222 4163 κανονίσας,
1255 4098 1353 4152 καὶ
1381 4097 1439 4149 ὲν
1463 4097 1528 4166 τῇ
1561 4093 1765 4162 γνώσει
1793 4091 1915 4144 δια-

322 4195 556 4268 τρίϐων,
589 4195 680 4250 ὑπ’
712 4194 885 4263 αὐτῆς
916 4193 1014 4263 τῆς
1045 4192 1302 4262 γνώσεως
1331 4189 1614 4242 ὲπιπλεῖον
1654 4184 1917 4255 καθαίρε-

327 4305 443 4344 ται.
854 4329 864 4343 ι
1654 4331 1662 4340 .

399 4379 502 4454 οη’.
534 4381 680 4444 Νοῦς
711 4379 1014 4451 ἀρχόμενος
1041 4377 1110 4432 τὰ
1155 4377 1274 4431 θεῖα
1305 4373 1637 4444 φιλοσοφεῖν,
1673 4371 1784 4427 ἀπὸ
1824 4369 1919 4423 πί-

329 4491 505 4536 στεως
534 4473 782 4544 ἄρχεται,
815 4471 912 4524 καὶ
957 4473 1026 4524 δι’
1064 4469 1242 4525 αὐτῶν
1291 4471 1348 4521 ὲν
1383 4467 1534 4536 μέσῳ
1582 4463 1804 4530 ὁδεύων,
1837 4464 1918 4527 εἰς

281 4633 299 4644 .
328 4565 432 4637 τὴν
462 4565 645 4619 πίστιν
668 4563 832 4619 πάλιν
861 4563 1162 4634 καταλήγει
1191 4563 1290 4630 τὴν
1319 4559 1625 4630 ἀνωτάτην.

402 4737 502 4798 οβ’.
533 4735 832 4807 Θεωρεῖται
861 4735 930 4802 τῇ
964 4734 1060 4804 μὲν
1093 4731 1235 4802 ἀρχῇ
1269 4728 1371 4796 τῆς
1404 4725 1722 4795 φιλοσοφίας
1754 4723 1918 4794 φόϐος

328 4831 631 4902 ἑπόμενος,
656 4825 736 4898 τῷ
766 4825 824 4878 δὲ
853 4825 999 4878 τέλει
1028 4821 1220 4892 ἀγάπη
1255 4818 1669 4891 προηγουμένη.

407 4928 486 4976 π’.
552 4921 650 4974 Ἐκ
699 4919 940 4980 πίστεως
971 4916 1071 4984 τῆς
1116 4909 1423 4984 προσεχοῦς
1459 4912 1488 4964 ὀ
1531 4909 1656 4973 νοῦς
1688 4908 1923 4979 ἀρχόμε-

328 5033 426 5079 νος
455 5011 776 5082 φιλοσοφίαν
822 5013 902 5073 εἰς
948 5008 1046 5078 τὴν
1091 5004 1292 5068 παντὸς
1322 5003 1581 5057 ἐπέκεινα
1627 5001 1718 5055 νοῦ
1755 5019 1922 5056 κατα-

333 5107 498 5175 λήγει
529 5101 836 5170 θεολογίαν,
869 5099 938 5168 ἥν
968 5097 1202 5169 ᾶληστον
1231 5094 1421 5148 πίστιν
1449 5093 1548 5146 καὶ
1589 5091 1922 5163 πράγματος

331 5196 582 5268 ἀφανοῦς
609 5193 848 5263 θεωρίαν
877 5192 1150 5262 ὁρίζουσι..

409 5295 528 5344 παπ
574 5289 638 5342 Οἱ
678 5286 810 5356 ’περὶ¹
848 5282 984 5338 Θεοῦ
1009 5283 1158 5352 λόγοι
1189 5281 1290 5334 οὐκ
1334 5281 1398 5333 ἐκ
1429 5277 1541 5332 τῶν
1586 5277 1706 5330 κατ’
1734 5277 1924 5342 αὐτὸν,

331 5382 456 5439 ἀλλ’
485 5384 550 5436 ὲκ
592 5379 702 5434 τῶν
749 5378 879 5450 περὶ
927 5375 1092 5432 αὐτὸν
1120 5377 1233 5437 τοῖς
1283 5372 1462 5442 ἁγίοις
1505 5372 1598 5425 καὶ
1633 5371 1924 5441 μακαρίοις

335 5475 500 5548 ἡμῶν
523 5472 772 5544 Πατράσι.
795 5468 1143 5540 θεωροῦνται.

413 5565 528 5636 πβθ.
564 5561 936 5618 Νοοῦνται’δὲ
993 5561 1040 5614 οί
1103 5547 1242 5630 περῖ
1287 5559 1476 5622 αὐτὸν,
1527 5559 1686 5630 δῆλον
1713 5559 1794 5612 ὅτι
1837 5559 1928 5610 τὸν

341 5659 500 5720 Θεὸν,
555 5657 756 5720 πάντες
799 5655 950 5722 λόγοι
981 5695 995 5719 ,
1029 5654 1076 5707 οί
1112 5653 1211 5724 μὲν
1246 5653 1388 5706 κατὰ
1417 5653 1588 5718 θέσιν,
1621 5653 1668 5704 οἱ
1699 5651 1754 5704 δὲ
1785 5651 1930 5706 κατὰ

349 5748 668 5818 ἀφαίρεσιν,
697 5741 804 5798 οἷον
819 5781 832 5796 .

423 5837 536 5903 πγ’.
578 5839 644 5892 Ἠ
673 5839 852 5902 οὐσία,
889 5839 921 5908 ἡ
953 5836 1165 5906 θεότης,
1194 5837 1225 5905 ἡ
1259 5835 1550 5905 ἀγαθότηῖ,
1585 5834 1676 5887 καὶ
1707 5833 1807 5887 ὅσα
1839 5834 1930 5887 ἄλ-

2005 589 2394 644 interminatus
2429 597 2532 652 est,
2563 603 2728 658 quam
2758 601 2880 654 quae
2907 583 3179 657 prpmisit.

2073 679 2159 732 66.
2193 678 2291 733 Cui
2335 679 2470 733 lich
2515 679 2640 733 data
2675 687 2780 740 est,
2818 677 2890 730 ab
2932 690 3000 730 eo
3031 673 3373 729 continentia
3415 672 3588 742 exigi-

2004 782 2128 838 tur;
2178 789 2302 842 qua:
2344 772 2666 842 aliquandiu:
2701 761 2976 825 custodita
3027 768 3199 838 gignit
3246 766 3588 837 patientiam,

2002 861 2254 917 habitum
2283 862 2350 916 ad
2386 863 2629 916 laborem
2668 862 2985 931 impigrum.
3161 889 3185 902 κ
3439 909 3442 912 .

2065 955 2164 1008 65.
2197 954 2426 1026 Signum
2469 955 2748 1026 patientia:
2775 963 2860 1009 est
2893 969 3049 1008 amor
3083 951 3360 1014 laborum,
3389 949 3592 1018 quibus

2003 1049 2144 1104 freta
2188 1064 2344 1103 mens
2381 1057 2587 1117 sperat,
2633 1063 2690 1101 se
2732 1053 3112 1100 assecuturam
3158 1056 3282 1111 quat
3321 1039 3592 1110 promissa

2005 1150 2157 1204 sunt,
2187 1152 2244 1196 et
2273 1141 2508 1195 evadere
2536 1154 2658 1208 quae
2685 1137 3038 1192 comminata.

2075 1234 2164 1288 66.
2215 1231 2568 1301 Exspectatio
2615 1229 2932 1284 futurorum
2983 1226 3297 1285 bonorum,
3347 1226 3588 1274 mentem

2004 1330 2168 1383 bonis
2231 1326 2564 1396 exspectatis
2625 1321 2966 1391 conjungitr
2995 1318 3198 1388 quibus
3246 1311 3592 1369 immorando

2005 1421 2358 1492 przesentium
2391 1417 2762 1474 obliviscitur.

2075 1515 2162 1569 67.
2193 1513 2491 1568 Praesentia
2523 1511 2699 1580 rejicit
2726 1508 2819 1578 qui
2851 1505 3092 1576 gustavit
3117 1519 3178 1558 ea
3216 1516 3338 1570 qua:
3366 1513 3594 1568 speran-

2007 1616 2098 1663 tur
2129 1627 2142 1662 :
2170 1623 2335 1662 omne
2351 1605 2520 1660 ~enim
2551 1603 2887 1661 desiderium
2919 1600 2974 1653 in
3010 1599 3128 1652 haec
3157 1592 3447 1663 impendit.

2076 1701 2164 1756 68.
2198 1701 2344 1754 Deus
2373 1698 2490 1766 ipse
2517 1705 2602 1750 est
2626 1695 2721 1765 qui
2754 1693 2938 1746 futura
2971 1691 3114 1745 bona
3150 1687 3476 1757 pollicetur;
3503 1684 3592 1738 cui

2005 1794 2051 1848 si
2096 1792 2390 1848 continens
2433 1788 2643 1854 credat,
2695 1787 2882 1840 futura
2925 1781 3080 1853 quasi
3122 1779 3412 1852 praesentia
3446 1777 3594 1830 desi-

2007 1886 2186 1942 derat.
2877 1947 2889 1958 ⁸

2076 1980 2165 2033 69.
2201 1978 2427 2047 Signum
2461 1983 2568 2038 est,
2603 1981 2843 2026 mentem
2877 1947 2947 2023 .in
2998 1944 3162 2021 bimis
3202 1981 3324 2034 qum
3367 1977 3598 2031 speran-

2009 2081 2122 2136 tur,
2148 2071 2380 2133 versari,
2404 2069 2448 2123 si
2477 2083 2696 2120 omnem
2732 2063 3084 2134 praesentium
3117 2059 3435 2112 memoriam
3463 2055 3598 2108 abo-

2010 2169 2106 2231 let,
2143 2174 2198 2218 et
2235 2165 2286 2218 in
2323 2163 2638 2233 cognitione
2685 2159 3002 2213 futurorum
3033 2153 3315 2208 dilatatur.

2081 2341 2166 2396 70.
2211 2341 2361 2394 Bona
2395 2348 2478 2394 est
2509 2337 2718 2390 veritas
2743 2350 2906 2405 quam
2934 2333 3101 2387 docet
3143 2332 3292 2385 Dens
3317 2327 3598 2388 veritatis;

2011 2433 2308 2504 persuadet
2338 2431 2486 2486 enim
2531 2428 2786 2499 pluribus
2815 2423 3154 2495 argumentis
3183 2422 3328 2492 piam
3360 2419 3602 2474 animam

2012 2533 2073 2579 ut.
2103 2523 2314 2578 credat.

2083 2620 2170 2672 7l.
2203 2618 2347 2670 Bona
2390 2609 2840 2682 repromissionis
2879 2605 3259 2662 hiereditatem
3293 2596 3604 2667 acceptoris

2010 2711 2272 2779 reposita,
2299 2724 2464 2778 super
2489 2705 2686 2760 sazc-ula
2714 2717 2861 2767 esse,
2889 2709 2944 2756 et
2969 2707 3094 2754 ante
3119 2711 3284 2752 omne
3319 2692 3600 2752 saeculum,

2012 2815 2288 2870 supraque
2317 2809 2555 2852 mentem
2585 2804 2640 2849 et
2672 2793 2966 2847 rationem.

2085 2893 2170 2948 7:2.
2209 2891 2548 2960 Adaptemus
2577 2903 2679 2941 nos
2712 2885 2918 2954 regulis
2959 2895 3106 2936 vene
3147 2875 3390 2948 pietatis,
3425 2889 3495 2928 ne
3533 2873 3604 2926 ab

2012 2983 2306 3040 affectibus
2342 2979 2594 3035 subversi
2631 2993 2728 3048 spe
2767 2973 3107 3032 excidamus.

2084 3168 2172 3221 75.
2201 3169 2360 3222 Jesus
2396 3175 2479 3220 est
2507 3163 2762 3218 Christus
2806 3175 2950 3215 unus
2985 3161 3270 3232 exlsaneta
3309 3147 3603 3212 Trinitate,

2013 3263 2172 3330 cujus
2197 3263 2361 3314 etiam
2395 3259 2570 3313 haeres
2599 3257 2821 3311 futurus
2848 3269 2928 3308 es.

2093 3355 2178 3410 7.l'.
2210 3355 2311 3420 Qui
2339 3351 2627 3407 scientiam
2665 3348 2732 3402 de
2759 3347 2827 3400 iis
2852 3360 2974 3414 qua:
3003 3351 3132 3396 sunt
3157 3357 3188 3394 a
3226 3333 3607 3400 Deopdidicit,

2014 3451 2310 3520 Scriptura:
2337 3446 2404 3500 de
2429 3441 2708 3515 praedictis
2731 3437 2879 3492 haud
2909 3434 3132 3490 diﬂicile
3162 3429 3358 3486 credit.

2085 3625 2172 3677 76.
2214 3623 2450 3676 Mentem
2483 3619 2559 3676 ab,
2600 3613 2991 3669 affectionibus
3021 3618 3264 3666 exutam,
3303 3600 3610 3671 comperies

2013 3733 2044 3771 a
2089 3715 2297 3784 Spiritu
2348 3719 2542 3764 sancto
2587 3705 2987 3761 convenienter
3015 3700 3081 3755 ad
3113 3697 3299 3754 omnia
3330 3711 3452 3764 qua:
3480 3708 3616 3762 spe-.

1917 3819 1926 3828 '
2014 3817 2228 3868 rantur,
2271 3803 2477 3858 doceri.

2085 3901 2172 3954 76.
2222 3897 2302 3952 Ad
2350 3891 2766 3964 proportionem
2820 3885 3021 3940 mentis
3061 3881 3384 3954 puriﬁcalae,
3427 3877 3609 3932 anima

2015 3993 2332 4048 divinorum
2358 3984 2730 4054 cognitionem
2761 3979 2980 4048 recipit.

2089 4087 2177 4139 77.
2213 4083 2318 4148 Qui
2361 4079 2428 4134 ad
2471 4078 2676 4147 justam
2707 4070 2953 4140 regulam
2986 4079 3188 4135 corpus
3228 4057 3608 4120 assuefecerit,

2017 4177 2072 4232 in
2105 4172 2334 4230 scientia
2376 4163 2714 4228 versabitur,
2744 4175 2846 4231 per
2889 4171 3054 4228 quam
3093 4161 3149 4208 et
3183 4149 3422 4219 amplius
3453 4143 3612 4215 purir

2019 4271 2236 4324 ﬁcalnr.

2087 4360 2176 4412 78.
2210 4358 2362 4410 Mens
2400 4365 2524 4421 qua-3
2563 4349 2618 4402 in
2652 4345 2839 4400 divina
2879 4334 3228 4410 philosophia
3262 4343 3524 4386 exercere
3553 4341 3613 4380 se

2021 4451 2235 4520 incipit,
2276 4463 2304 4501 a
2342 4445 2447 4498 lide
2492 4439 2848 4509 auspicatur;
2890 4441 2946 4486 et
2975 4428 3271 4506 transiens
3308 4439 3371 4477 ea
3402 4436 3523 4488 quae
3556 4417 3610 4470 in

1947 4565 1990 4619 ι)
2027 4545 2209 4600 medio
2268 4539 2632 4610 interjacent,
2701 4532 2756 4585 in
2824 4539 3094 4584 summam
3159 4534 3353 4576 rursus
3411 4513 3615 4570 desinit

2023 4637 2210 4693 ﬁdem.

2010 4761 2015 4767 ι
2093 4728 2180 4780 79.
2223 4724 2399 4792 llnjus
2445 4711 2810 4788 philosophiae
2857 4704 3191 4778 principium
3239 4699 3404 4754 timor
3434 4695 3614 4765 sequi,

2023 4821 2186 4872 linem
2220 4827 2354 4868 vero
2402 4807 2646 4866 charitas
2679 4799 2990 4872 przeeederc
3023 4793 3297 4849 cernitur.

2092 4911 2178 4967 80.
2216 4909 2368 4962 Mens
2400 4919 2522 4974 qua:
2567 4917 2596 4956 a
2628 4896 2809 4954 stabili
2847 4881 2951 4947 iide.
2981 4889 3287 4948 exorditur,
3318 4885 3460 4938 ultra
3495 4895 3618 4934 om-

2024 5021 2148 5060 nem
2197 5011 2282 5058 est
2327 4993 2757 5070 philomphiam,
2809 4985 3126 5052 desinitque
3179 4981 3233 5035 in
3286 4975 3617 5042 theologiam

2026 5096 2250 5157 mentis,
2297 5107 2461 5161 quam
2507 5062 2780 5142 definiunt
2823 5078 2962 5134 nulli
3009 5072 3304 5128 obnoxiam
3351 5062 3617 5121 oblivioni

2027 5190 2213 5247 ﬁdem,
2246 5193 2302 5240 et
2334 5179 2629 5250 incognita:
2655 5175 2732 5230 rei
2763 5165 3310 5237 contemplationem.

2098 5282 2188 5334 Si.
2233 5277 2417 5332 Verba
2465 5249 2847 5342 quibus‘beati
2879 5259 3168 5328 sanctique
3205 5253 3399 5310 Patres
3442 5249 3616 5306 nostri

2029 5375 2096 5428 de
2123 5373 2236 5427 Deo
2262 5365 2617 5424 consider‘ant
2645 5368 2702 5415 et
2743 5359 3070 5426 loquuntur,
3097 5365 3210 5405 non
3254 5363 3322 5404 ex
3367 5345 3456 5399 his
3499 5359 3620 5414 quae

2031 5480 2129 5536 per
2163 5465 2364 5534 ipsum,
2388 5457 2493 5512 ’δεδι
2527 5470 2650 5525 qua:
2689 5453 2838 5508 circa
2869 5448 3070 5518 ipsum,
3100 5442 3402 5511 accipiunt.

2101 5530 2196 5612 89-.
2221 5553 2418 5610 Omnia
2458 5558 2642 5604 autem
2671 5545 2836 5600 verba
2867 5554 2988 5610 qua:
3019 5540 3164 5594 circa
3191 5535 3387 5592 Deum,
3419 5530 3628 5584 intem-.-

2032 5657 2235 5718 gnatur
2293 5646 2382 5701 vel
2444 5657 2540 5712 per
2599 5624 3631 5698 allirmationcm,velpernegationem‘

2034 5743 2201 5798 dicta.

2109 5837 2196 5890 83.
2228 5831 2498 5896 Essentia,
2537 5826 2734 5892 dcitas,
2768 5820 3005 5886 bonitas,
3033 5825 3089 5873 et
3130 5807 3476 5885 quaecunque
3506 5807 3632 5878 alia,
