4052 6356
321 392 458 456 Μ’ἱ3
1352 394 1728 454 LIBELLUS
1765 394 1864 452 AD
1904 395 1913 416 '

2018 395 2408 456 EODOSIUM
2451 398 2608 456 IMP.
2651 453 2672 466 ,
3361 409 3372 418 ‘
3472 391 3611 458 1474

319 509 566 578 δι’ὴμᾶς
599 507 818 575 ἐγένετο
870 506 1178 578 ἄνθρωπος,
1228 507 1420 577 μείνας
1461 506 1490 557 ὃ
1537 501 1605 576 ἦν
1637 507 1790 568 Θεὸς,
1837 506 1913 568 ὡς

2019 515 2164 560 stum
2191 508 2288 562 Dei
2317 492 2706 578 Filium,quo'd
2737 523 2902 563 verus
2931 509 3003 563 sit
3032 507 3200 562 Deus.
3218 506 3410 576 Neque
3433 507 3608 574 enim,

320 601 416 653 καὶ
445 601 478 668 ἡ
521 599 768 669 ὑμετέρα
798 598 1050 652 εὐσέϐεια
1083 597 1362 668 διέμαθεν,
1413 597 1513 668 ἤδη
1560 597 1654 649 καὶ
1701 597 1784 659 τὸ,
1817 591 1906 666 ἦν,

2018 607 2378 669 posteaquam
2409 601 2589 656 nostri
2609 615 2775 655 causa
2808 601 2978 654 homo
3012 599 3188 654 factus
3234 605 3338 661 est,
3370 595 3424 652 id
3455 599 3609 666 quod

318 693 697 766 ἀρνησόμεθα.
744 691 906 744 Ἀλλὰ
956 694 1121 762 ἡμεῖς
1169 691 1524 760 πιστεύομεν,
1575 690 1672 742 καὶ
1712 689 1907 759 ὁμολο-

2018 700 2155 756 erat,
2184 692 2292 746 hoc
2317 703 2401 747 est
2449 695 2618 757 Deus,
2673 707 2796 746 esse
2840 707 2955 746 non
2995 691 3258 746 desinens
3309 687 3608 760 (quemad-

319 785 550 856 γοῦμεν,
591 788 687 838 καὶ
737 785 1107 856 κηρύττομεν,
1161 785 1244 837 ὅτι
1298 787 1327 837 ό
1381 784 1490 853 πρὸ
1538 782 1650 834 τῶν
1697 782 1908 834 αἰώνων

2018 782 2240 836 modum
2281 791 2336 837 et
2360 793 2543 838 vestra
2587 798 2811 854 quoque
2847 784 3026 852 pietas
3073 796 3176 836 nos
3221 778 3488 852 ignorat),
3526 777 3612 832 id-

319 879 452 942 Θεδς
485 880 680 947 Λόγος,
717 881 744 932 ὁ
797 877 1093 949 μονογενὴς
1144 877 1274 938 Υἱὸς
1306 875 1401 928 τοῦ
1435 875 1572 928 Θεοῦ
1622 873 1906 944 ὑπάρχων,

2018 875 2168 928 circo
2197 875 2522 945 negabimus
2549 875 2698 946 quod
2735 883 2874 930 crat.
2929 873 3037 930 Sed
3088 889 3189 928 nos
3220 872 3520 934 credimus,
3553 880 3628 926 et‘

318 971 408 1025 διὰ
432 971 532 1043 τὴν
566 971 768 1042 πολλὴν
812 970 978 1024 αὑτοῦ
1021 969 1437 1039 φιλανθρωπίαν
1467 967 1565 1036 τὴν
1597 967 1732 1036 πρὸς
1761 967 1910 1036 ἡμᾶς

2018 966 2366 1036 proﬁtemur,
2397 976 2451 1021 et
2478 969 2848 1036 praedicamus
2902 966 3076 1020 Deum
3109 964 3376 1026 Verbum,
3419 963 3610 1031 unige-

317 1059 502 1125 οὖσαν,
564 1061 789 1130 γέγονεν
825 1057 1114 1131 ἄνθρωπος
1149 1061 1377 1127 τέλειος,
1411 1059 1492 1122 ,ὡς
1530 1054 1610 1122 εἷς
1643 1059 1702 1122 ἐξ
1753 1057 1911 1128 ἡμῶν

2018 1058 2304 1126 nitumque
2337 1057 2435 1110 Dei
2473 1057 2696 1122 Filium,
2735 1056 2832 1126 qui
2890 1054 3089 1110 saecula
3147 1052 3334 1106 omnia
3387 1057 3611 1104 antece-

321 1157 464 1210 κατὰ
501 1156 679 1210 πάντα
709 1158 878 1226 χωρὶς
904 1153 1206 1224 ἁμαρτίας,
1239 1153 1430 1222 μείνας
1459 1151 1488 1205 ὃ
1513 1147 1604 1222 ἦν,
1637 1151 1790 1214 Θεὸς,
1826 1149 1913 1203 διὰ

2018 1147 2202 1213 debat,
2239 1157 2468 1219 propter
2520 1164 2677 1203 suam
2729 1164 2857 1218 erga
2897 1161 2998 1200 nos
3048 1145 3477 1214 benignitatem,
3507 1141 3611 1194 im-

319 1245 420 1315 τὴν
445 1245 540 1298 τού
574 1247 768 1314 γένους
812 1245 969 1314 ἡμῶν
1027 1244 1308 1315 σωτηρίαν
1354 1243 1642 1314 γεννηθεὶς
1697 1244 1761 1294 ὲκ
1813 1240 1913 1310 τῆς

2018 1256 2373 1311 mensamque
2396 1241 2725 1305 bonitatem,
2743 1239 3026 1294 hominem
3053 1237 3384 1306 perfectum,
3416 1234 3611 1289 nobis-

319 1338 484 1406 ἁγίας
516 1339 796 1408 Παρθένου
825 1337 1064 1406 Μαρίας,
1091 1337 1166 1400 ὡς
1197 1335 1359 1399 αὐτὸς
1391 1331 1522 1389 οἶδε.

2018 1348 2122 1402 que
2157 1349 2254 1403 per
2279 1333 2469 1387 omnia
2498 1331 2737 1386 similem
2787 1330 3040 1402 (peccato
3088 1336 3302 1384 tantum
3345 1332 3606 1404 excepto)

315 1432 581 1487 eﬂectum
627 1446 790 1513 esse;
828 1429 883 1484 id
917 1430 1099 1500 ipsum
1129 1428 1276 1499 quod
1308 1438 1430 1482 erat
1479 1443 1589 1482 non
1662 1427 1944 1491 amittens,
1984 1425 2148 1480 modo
2197 1439 2361 1495 quem
2415 1425 2566 1479 solus
2625 1423 2746 1492 ipse
2814 1421 2993 1486 novit,
3047 1435 3117 1475 ex
3151 1426 3340 1474 sancta
3381 1419 3611 1489 Virgine

318 1525 493 1580 Maria
515 1539 618 1594 pro
650 1525 830 1578 salute
866 1523 1097 1578 humani
1133 1521 1355 1592 generis
1377 1529 1570 1575 natum
1608 1535 1752 1574 esse.

388 1621 464 1674 B'.
521 1619 726 1672 Τούτου
765 1619 931 1672 ἕνεκα
975 1616 1069 1671 τοῦ
1110 1616 1391 1686 ἀληθοῦςο
1443 1615 1752 1696 δόγματος,
1813 1613 1909 1667 τοῦ

317 1716 378 1768 ὲν
411 1717 477 1785 τῇ
522 1713 800 1784 ἁγιωτάτῃ
830 1710 1132 1780 Ἐκκλησία
1159 1707 1444 1778 άκριϐὦςά
1476 1707 1908 1778 κηρυττομένου,

2090 1613 2156 1668 ll.
2203 1613 2282 1666 Ob
2345 1611 2454 1665 hoc
2486 1625 2682 1664 verum
2735 1607 2935 1678 dogma
2992 1606 3047 1660 in
3109 1580 3459 1666 sanctissima
3511 1603 3608 1670 Dei

2017 1702 2268 1758 Ecclesia
2288 1703 2504 1756 sincere
2524 1699 2908 1769 praedicatum,
2923 1697 3265 1766 Paulumque
3287 1693 3608 1749 hzereticum

316 1809 415 1860 καὶ
453 1807 546 1860 τοῦ
576 1805 854 1876 αἱρετικοῦ
883 1803 1094 1858 Παύλου
1123 1802 1346 1863 δικαίως
1370 1799 1699 1865 ἐξωσθέντος
1720 1837 1736 1862 ,
1787 1799 1912 1868 ἐγέ-

2018 1798 2139 1866 iure
2162 1795 2374 1865 optimo
2400 1795 2664 1864 ejectum,
2695 1791 2836 1845 facta
2867 1797 2999 1845 sunt
3039 1789 3340 1844 schismata
3365 1787 3604 1857 populo-

317 1916 473 1954 νοντο
501 1900 781 1968 σχίσματα
809 1895 978 1958 λαῶν,
1013 1893 1419 1948 ἀκαταστασίαι
1451 1893 1664 1961 ἱερέων,
1697 1893 1912 1963 ταραχὴ

317 1992 617 2062 ποιμένων.
653 1989 817 2044 Ὅθεν
849 1989 944 2042 καὶ
971 1987 1064 2042 νῦν
1101 1987 1243 2040 κατὰ
1275 1988 1570 2058 πρόσωπον
1603 1983 1698 2038 τοῦ
1731 1987 1912 2056 ἐγχει-

320 2083 606 2156 ρισθέντος
663 2083 756 2135 τὸν
809 2081 908 2150 τῆς
962 2079 1273 2148 ἐπισκοπῆς
1331 2078 1523 2150 θρόνον
1573 2077 1911 2146 Νεστορίου’

314 2179 370 2230 εἰ
399 2176 480 2229 δεῖ
511 2175 688 2226 εἰπεῖν
718 2172 1020 2226 ἐπίσκοπον
1045 2185 1056 2198 ⁸
1117 2169 1176 2222 ὲν
1209 2168 1287 2238 τῷ
1315 2168 1606 2238 συνεδρίῳ,
1657 2167 1916 2230 πολλάκις

313 2266 466 2326 τινὲς
497 2265 605 2318 τῶν
633 2261 1050 2316 εὐλαϐεστάτων
1075 2259 1464 2332 πρεσϐυτέρων
1494 2259 1730 2329 ἤλεγξαν
1753 2259 1916 2312 αὑτὸν

315 2359 420 2412 καὶ
451 2357 541 2412 διὰ
569 2357 675 2426 τὴν
697 2354 980 2409 ἀπείθειαν
1007 2353 1176 2407 αὑτοῦ
1195 2393 1210 2415 ,
1244 2352 1306 2404 τὸ
1341 2353 1418 2422 μὴ
1447 2352 1630 2420 λέγειν
1655 2351 1916 2404 Θεοτόκον

316 2449 424 2520 τὴν
456 2447 920 2518 ἀγίανἮαρθένον
943 2485 958 2509 ,
1018 2447 1114 2500 καὶ
1153 2444 1285 2498 Θεὸν
1313 2444 1444 2497 ὄντα
1472 2443 1632 2512 φύσει
1663 2441 1916 2512 ἀληθινὸν

311 2531 415 2595 τὸν
442 2541 703 2611 Χριστὸν,
735 2539 837 2608 τῆς
867 2536 1033 2592 αὑτοῦ
1065 2537 1354 2600 κοινωνίας
1385 2535 1612 2597 ἑαυτοὺς
1637 2533 1912 2601 ἐξέϐαλον,

315 2636 421 2690 καὶ
469 2619 799 2702 κατέχουσιν
849 2629 958 2692 ’έως
1004 2628 1168 2698 ἄρτι·
1227 2627 1374 2689 τινὲς
1411 2625 1468 2678 δὲ
1508 2625 1685 2696 λάθρα
1716 2626 1916 2694 ὁμοίως

312 2727 422 2795 τῆς
443 2724 610 2778 αὐτοῦ
638 2723 926 2784 κοινωνίας
958 2719 1289 2773 στέλλονται.
1329 2717 1515 2770 Ἀλλοι
1543 2717 1599 2770 δὲ
1629 2717 1737 2769 τῶν
1765 2717 1926 2774 εύλαπ

315 2816 603 2871 ὕεστάτων
653 2813 1041 2886 πρεσϐυτέρων
1067 2855 1081 2877 ,
1135 2811 1225 2866 διὰ
1266 2797 1556 2878 τὸλέγειν
1600 2812 1657 2864 ἐν
1685 2813 1750 2882 τῇ
1783 2812 1916 2882 ἁγία

312 2909 500 2982 ταύτῃ
551 2907 852 2978 ἐκκλησία,
907 2907 1117 2978 Εἰρήνῃ
1165 2906 1233 2974 τῇ
1284 2903 1732 2975 παραθαλασσίᾳ,
1777 2905 1916 2958 κατὰ

315 2999 420 3054 τοῦ
444 3000 845 3061 ἀνανεωθέντος
868 2997 1060 3060 κακῶς
1081 2997 1376 3066 δόγματος,
1397 2995 1493 3048 τοῦ
1516 2995 1696 3064 λέγειν
1719 2995 1916 3049 ἐκωλύ-

321 3092 520 3164 θησαν.
553 3092 722 3146 Ὅθεν
756 3091 963 3144 ἐπεϐὁα
993 3090 1022 3142 ὁ
1050 3089 1212 3154 λαὸς,
1268 3089 1449 3159 ζητῶν
1480 3090 1579 3158 τῆς
1603 3089 1916 3156 όρθοδοξίας

2019 1905 2162 1953 rum,
2205 1887 2554 1958 perturbatio
2592 1883 2972 1948 sacerdotum,
3005 1889 3062 1936 et
3085 1889 3368 1951 pastorum
3405 1878 3611 1934 tumul—

2019 1981 2215 2035 tuatio.
2263 1979 2407 2045 Quin
2442 1988 2497 2034 et
2530 1979 2638 2032 hoc
2672 1977 2792 2046 ipso
2821 1990 3046 2046 quoque
3081 1983 3330 2042 tempore
3375 1971 3606 2043 quidam

2017 2073 2672 2130 ereverendissimorum
2727 2069 3082 2124 sacerdotum
3124 2080 3358 2120 numero
3411 2064 3612 2119 Nesto-

2019 2169 2186 2231 rium,
2218 2167 2315 2236 qui
2345 2166 2564 2221 obtinet
2595 2163 2954 2234 episcopatus
2994 2161 3165 2231 hujus
3211 2157 3398 2213 sedem
3436 2157 3502 2228 (si
3529 2165 3614 2211 ta-

2021 2274 2146 2314 men
2181 2259 2507 2327 epise0pum
2541 2271 2740 2311 vocare
2769 2254 2853 2309 fas
2881 2255 3013 2326 est),
3049 2268 3115 2307 eo
3137 2249 3288 2320 quod
3323 2248 3611 2305 Christum

2020 2361 2217 2406 natura
2252 2365 2449 2405 verum
2475 2349 2672 2413 Deum,
2707 2352 2955 2401 sanctam
2999 2359 3135 2398 vero
3165 2341 3448 2412 Virginem
3479 2341 3611 2394 Dei-

2019 2456 2209 2510 param
2264 2455 2386 2494 esse
2419 2439 2699 2494 obstinata
2756 2435 2930 2492 animi
2991 2433 3351 2490 contentione
3405 2445 3609 2502 negare

2017 2544 2228 2602 pergat,
2257 2532 2312 2586 in
2343 2531 2567 2602 publico
2612 2545 2877 2586 consessu
2905 2543 3094 2584 coram
3129 2542 3241 2582 non
3287 2521 3610 2592 infrequen-

2019 2634 2104 2679 ter
2143 2625 2562 2696 corripuerunt,
2596 2633 2652 2678 et
2695 2623 2766 2678 ab
2793 2622 3042 2694 ejusdem
3077 2616 3470 2676 communione
3512 2613 3614 2670 de-

2018 2717 2324 2781 sciverunt,
2350 2726 2405 2785 et
2427 2716 2480 2770 in
2503 2716 2841 2770 hodiernum
2865 2727 3039 2782 usque
3069 2711 3219 2765 diem
3249 2707 3607 2772 desciscunt;

2018 2810 2273 2864 nonnulli
2297 2810 2615 2865 clanculum
2647 2809 2720 2863 ab
2752 2808 2902 2862 illius
2933 2804 3221 2861 consortio
3246 2818 3305 2858 se
3333 2801 3614 2857 subduxe-

2021 2910 2153 2958 runt
2177 2921 2189 2956 :
2217 2886 2314 2958 alii
2353 2919 2420 2958 ex
2477 2898 2921 2973 religiosissimis
2942 2895 3306 2969 presbyteris,
3342 2891 3606 2963 quoniam

2019 2996 2074 3050 in
2133 2996 2237 3050 hae
2283 3003 2469 3052 sancta
2517 2993 2749 3050 ecclesia
2803 2993 2964 3046 Irene
3009 2987 3086 3058 (Ι)
3137 2985 3417 3040 maritima
3472 2997 3611 3037 con-

2022 3097 2106 3142 tra
2175 3088 2520 3158 repullulans
2588 3101 2824 3156 pravum
2895 3083 3095 3152 dogma
3165 3075 3608 3138 invehebantur,

322 3183 536 3252 συνήθη
579 3181 953 3245 διδασκαλίαν,
1003 3180 1178 3248 λέγων
1201 3198 1214 3209 ·
1277 3179 1512 3232 Βασιλέα
1537 3180 1759 3250 ἔχομεν,
1790 3181 1912 3232 ἐπί-

2020 3178 2245 3233 dicendi
2302 3178 2564 3232 facultate
2611 3173 2816 3246 privati
2851 3180 3000 3228 sunt.
3064 3168 3225 3224 Unde
3269 3165 3494 3232 accidit,
3549 3172 3613 3219 ut

323 3291 529 3328 σκοπον
581 3275 680 3326 οὐκ
725 3273 945 3343 ἔχομεν.
1011 3273 1122 3326 Καὶ
1167 3271 1304 3336 τέως
1354 3272 1454 3342 μὲν
1494 3273 1847 3343 ἀνεκδίκητον
1889 3285 1912 3312 θ

240 3385 244 3388 ·
319 3368 510 3440 ἔμεινε
547 3367 608 3420 τὸ
635 3365 731 3420 τοῦ
759 3366 889 3419 λαοῦ
923 3365 1282 3435 πειρατήριον
1306 3403 1320 3430 ,
1381 3362 1475 3416 τοῦ
1521 3363 1913 3434 συλληφθέντος

317 3463 388 3514 ὲκ
422 3461 625 3532 μέρους
655 3460 808 3532 παρὰ
837 3459 949 3512 τῶν
977 3457 1283 3528 ὑπηρετῶν,
1338 3457 1435 3510 καὶ
1467 3457 1523 3507 ἐν
1552 3455 1627 3525 τῷ
1649 3455 1914 3526 δικανικῷ

317 3554 694 3626 τυπτηθέντος
723 3552 1003 3622 διαφόρως
1031 3553 1090 3604 έν
1116 3548 1273 3602 πόλει
1305 3547 1686 3619 βασιλευούσῃ·
1723 3546 1760 3601 ἃ.
1787 3547 1914 3599 οὕτε

320 3651 384 3702 ὲν
441 3647 556 3709 τοῖς
611 3644 790 3698 ἔθνεσι
851 3645 966 3707 τοῖς
1029 3643 1389 3712 βαρϐαρικοῖς
1450 3639 1688 3706 ἐγένετο.
1755 3639 1915 3702 Τινὲς

319 3739 468 3794 κατὰ
498 3739 792 3809 πρόσωπον
838 3737 898 3790 έν
939 3739 1007 3807 τῇ
1039 3733 1322 3804 ἁγιωτάτῃ
1352 3731 1624 3803 ἐκκλησίᾳ
1659 3731 1751 3784 ἐπὶ
1780 3731 1912 3784 λαοῦ

316 3829 560 3904 ἤλεγξαν
581 3873 596 3896 ,
655 3829 752 3882 καὶ
797 3826 981 3897 θλίψιν
1011 3826 1072 3878 οὐ
1105 3825 1312 3895 μικρὰν
1341 3821 1666 3893 ὑπέμειναν.
1709 3821 1828 3873 Τῶν
1859 3821 1913 3874 δὲ

321 3923 706 3994 ἀφελεστέρων
729 3940 812 3985 τις
840 3919 1184 3992 μοναζόντων
1207 3915 1534 3988 ἠναγκάσθη
1560 3913 1705 3968 κατὰ
1730 3912 1911 3985 ζῆλον,

319 4017 429 4070 ἀνά
473 4017 636 4087 μέσον
667 4015 766 4084 τῆς
792 4011 1090 4083 ἐκκλησίας
1109 4050 1124 4075 ,
1179 4009 1271 4062 τὸν
1301 4007 1522 4076 κήρυκα
1553 4007 1653 4075 τῆς
1680 4005 1914 4074 ἀνομίας

252 4101 259 4106 ’
319 4110 572 4178 ἐπισχεῖν
606 4106 701 4160 τοῦ
740 4107 814 4176 μὴ
845 4103 1147 4164 εἰσελθεῖν,
1201 4098 1474 4166 συνάξεως
1504 4095 1670 4166 οὔσης
1692 4136 1708 4161 ,
1761 4097 1914 4168 αἰρε-

319 4201 480 4254 τικοῦ
509 4199 676 4253 αὐτοῦ
701 4198 874 4260 ὄντος.
899 4195 1101 4248 Τοῦτον
1124 4193 1181 4247 δὲ
1206 4192 1511 4261 τυπτήσας,
1538 4191 1653 4253 τοῖς
1681 4189 1914 4258 μεγαλο-

319 4292 725 4363 πρεπεστάτοις
757 4289 1018 4357 ἐπάρχοις
1047 4285 1388 4356 παρέδωκεν·
1421 4280 1502 4334 ἔτι
1523 4280 1580 4333 δὲ
1609 4279 1914 4349 τυπτηθέν-

315 4404 414 4445 τα,
445 4385 542 4439 καὶ
572 4381 962 4452 πομπευθέντα
990 4378 1251 4448 δημοσία,
1282 4374 1378 4429 τοῦ
1410 4375 1652 4446 κήρυκος
1681 4372 1913 4443 βοῶντος

2018 3269 2260 3338 populus
2289 3269 2552 3325 usitatam
2606 3266 2737 3322 ﬁdei
2790 3261 3244 3335 praedicationem
3293 3255 3608 3326 requirens,

2016 3337 2238 3430 publice
2264 3361 2589 3441 inclamaret
2615 3377 2629 3414 :
2657 3359 3056 3429 Imperatorem
3081 3352 3373 3412 habemus,
3398 3337 3614 3418 episco-

2017 3469 2150 3523 pum
2175 3471 2286 3509 non
2313 3454 2606 3508 habemus.
2630 3453 2836 3507 Verum
2869 3449 2962 3504 hic
2997 3445 3188 3516 p0puli
3233 3451 3467 3497 conatus
3499 3453 3614 3494 non

2017 3549 2224 3603 mansit
2249 3545 2514 3616 impunis.
2546 3545 2680 3599 Pars
2711 3556 2952 3610 namque
2991 3555 3020 3594 a
3042 3535 3314 3592 ministris
3355 3547 3613 3602 compre-

2017 3641 2215 3702 hensa,
2246 3645 2413 3707 atque
2439 3635 2510 3689 ad
2533 3633 2781 3690 tribunal
2797 3632 3104 3689 abstracta,
3129 3627 3221 3680 tali
3252 3623 3604 3678 immanitate

2015 3729 2370 3786 diverberata
2403 3736 2746 3796 exeeptaque
2765 3731 2852 3778 est
2887 3722 2945 3776 in
2969 3719 3122 3789 regia
3152 3717 3402 3779 civitate,
3427 3713 3612 3784 qualis

2015 3840 2086 3880 ne
2145 3823 2296 3894 apud
2355 3820 2622 3877 barbaras
2675 3815 2901 3888 quidem
2956 3812 3218 3867 nationes
3261 3805 3600 3878 quandoque

2016 3916 2223 3972 usitata
2269 3913 2393 3970 fuit.
2450 3913 2573 3966 Non
2601 3909 2903 3966 defuerunt
2963 3904 3060 3974 qui
3091 3900 3296 3972 populo
3327 3905 3600 3968 praesente

2017 4019 2076 4064 et
2120 4008 2384 4064 audiente
2439 4005 2497 4060 in
2559 4001 2910 4060 sanctissima
2978 3994 3228 4052 Ecclesia
3282 4005 3471 4046 coram
3523 3988 3604 4042 illi

2018 4102 2424 4166 reclamarent;
2454 4097 2548 4154 sed
2569 4112 2683 4151 non
2708 4094 2846 4150 citra
2880 4089 3204 4163 gravissima
3233 4079 3605 4147 incommoda,

2015 4207 2140 4262 quae
2189 4207 2256 4246 ea
2305 4191 2373 4245 de
2421 4203 2588 4244 causa
2643 4184 3020 4258 pertulerunt.
3066 4177 3315 4247 Denique
3373 4172 3611 4243 simplex

2015 4281 2244 4352 quidam
2281 4281 2612 4345 monachus,
2639 4277 2759 4332 zelo
2798 4270 3121 4328 vehementi
3170 4265 3488 4336 instigatus,
3549 4261 3607 4316 in

2015 4376 2262 4431 medium
2299 4373 2548 4430 ecclesiae
2599 4382 2948 4440 progressus,
3009 4377 3134 4418 cum
3187 4357 3410 4430 synaxis
3463 4353 3610 4408 cele—

319 4445 873 4547 ἐμπροσθεναύτοῦ,
926 4475 992 4540 τῇ
1039 4445 1227 4540 έξορίᾳ
1259 4466 1644 4547 παρέπεμψεν.
1699 4464 1774 4517 Ub
1809 4464 1910 4532 μό-

2020 4468 2300 4530 braretur,
2353 4461 2654 4533 impietatis
2715 4471 3062 4530 praeconem,
3111 4450 3259 4522 quod
3311 4445 3610 4503 haereticus

2251 4557 2264 4562 “
2323 4555 2334 4562 ·
2713 4551 2726 4562 ⁵
2754 4551 2786 4562 *ι
3050 4553 3160 4562 ειη-
3197 4549 3268 4562 -.-ι
3325 4537 3430 4562 Ω...]
3458 4537 3608 4562 1....υ.

321 4589 416 4627 νον
455 4571 512 4624 δὲ
558 4568 757 4626 τοῦτο,
811 4563 950 4620 ἀλλὰ
1002 4565 1096 4617 καὶ
1137 4564 1196 4614 ἐν
1235 4562 1372 4630 αὐτῇ
1411 4563 1477 4630 τῇ
1508 4561 1792 4628 ἁγιωτάτῃ
1816 4560 1910 4610 ὲκ-

323 4663 552 4734 κλησίᾳ,
613 4657 753 4730 μετὰ
801 4656 901 4727 τὴν
953 4655 1212 4724 ἀθέμιτον
1242 4653 1407 4706 αὑτοῦ
1437 4651 1677 4720 ὁμιλίαν,
1726 4651 1776 4702 οἱ
1813 4649 1909 4716 τῆς

319 4757 557 4830 φατρίας
587 4751 754 4807 αὑτοῦ
779 4751 875 4804 τοῦ
901 4747 1245 4818 κατέχοντος,
1276 4746 1436 4814 φόνον
1463 4743 1692 4813 ἔμελλον
1717 4745 1909 4808 ποιεῖν,

318 4855 372 4906 εἰ
407 4851 482 4922 μὴ
513 4851 548 4920 ὴ
573 4846 666 4902 τοῦ
691 4845 830 4900 Θεοῦ
855 4844 1080 4916 βοήθεια
1105 4838 1393 4895 κατέλαϐε.

2019 4567 2190 4622 esset,
2215 4557 2285 4611 ab
2321 4555 2574 4626 ingressu
2607 4551 2904 4622 prohibere
2934 4553 3165 4602 conatus
3191 4549 3296 4596 est.
3325 4537 3431 4594 Sed
3457 4537 3608 4592 hunc

2021 4652 2116 4706 ille
2141 4665 2340 4705 cazsum
2356 4644 2664 4717 magniﬁcis
2680 4639 3015 4714 praesidibus
3041 4635 3289 4700 tradidit;
3308 4631 3608 4702 ﬂagrisque

2021 4743 2208 4797 denuo
2241 4740 2568 4802 dissectum,
2597 4744 2655 4791 et
2679 4734 2901 4806 publice
2941 4745 3167 4794 caesum,
3209 4739 3462 4798 praecone
3493 4737 3614 4776 non

2020 4835 2232 4904 absque
2257 4834 2503 4888 clamore
2545 4836 2850 4900 praeeunte,
2877 4825 2935 4879 in
2955 4822 3212 4879 exsilium
3241 4817 3470 4888 expulit.
3501 4813 3610 4869 Ne-

318 4910 432 5015 que
470 4910 758 5012 'tr'agazdia
801 4910 1106 4994 hazchisce
1151 4932 1360 4987 ﬁnibus
1388 4927 1660 4984 constitit.
1686 4927 1904 4981 Etenim
1945 4927 2040 4996 qui
2114 4935 2300 4996 partes
2369 4933 2682 4992 sequuntur
2719 4920 2906 4976 omnia
2939 4933 3039 4988 per
3070 4915 3179 4969 vim
3201 4910 3434 4982 agentis,
3480 4915 3605 4978 post

319 4997 550 5106 ijmpiam
579 5027 1117 5090 illius-concionem,
1173 5021 1282 5078 nisi
1313 5021 1460 5076 Deus
1503 5016 1904 5088 prohibuisset,
1948 5017 2003 5070 in
2055 5019 2292 5087 ipsamet
2349 5019 2706 5086 sacrosancta
2761 5009 2863 5064 Dei
2889 5004 3136 5062 Ecclesia
3166 5000 3370 5057 caedem
3395 4997 3609 5052 edituri

315 5141 611 5276 “ng8¢
659 5217 790 5284 περὶ
835 5213 998 5287 ήμῶν
1037 5209 1312 5282 δύσπιστά
1351 5211 1468 5262 ἐστι
1516 5205 1658 5274 τάχα
1693 5203 1910 5266 πολλοῖς

317 5319 438 5378 τοῖς
481 5313 761 5368 ἀκούουσι.
819 5309 978 5362 Κατὰ
1005 5305 1116 5376 γὰρ
1159 5303 1412 5357 κέλευσιν
1441 5297 1604 5352 αὐτοῦ
1640 5295 1746 5352 ,καὶ
1774 5311 1909 5364 προ-

315 5407 532 5480 τροπὴν
563 5403 888 5478 ἀνήλθομεν,
913 5401 971 5452 ὲν
1006 5396 1084 5467 τῷ
1110 5393 1448 5461 ὲπισκοπείῳ
1487 5385 1912 5460 πληροφορηθῆ-

2093 5197 2182 5250 Ill.
2209 5196 2385 5250 Porro
2425 5190 2697 5248 autemiis
2721 5204 2843 5259 qua:
2867 5186 2936 5242 ab
2971 5185 3068 5240 illo
3103 5181 3348 5253 perpessi
3389 5195 3601 5242 sumus,

2019 5287 2179 5340 multi
2231 5284 2463 5339 fortasse
2511 5281 2678 5336 fidem
2730 5293 2841 5332 non
2883 5275 3190 5330 habebunt.
3226 5269 3444 5326 Etenim
3493 5284 3609 5339 quo

2019 5379 2267 5451 perfecte
2314 5377 2700 5438 edoceremur,
2736 5385 2941 5426 verane
2976 5383 3040 5455 ea
3075 5373 3284 5430 essent,
3327 5379 3398 5417 an
3442 5361 3604 5426 falsa,

1605 5519 1842 5576 VARI/FS
1889 5515 2290 5571 LEC'I‘IONES.

395 5649 421 5680 ά
461 5634 744 5708 ἀκριϐοῦς.
821 5631 848 5671 ιι
875 5629 1114 5699 ἀληθῶς.
1195 5636 1216 5665 ε
1277 5623 1363 5677 la’.
1391 5622 1492 5674 οὐκ
1523 5615 1900 5686 ἀνεκδίκητον.

399 5761 478 5833 (1)
508 5749 1010 5833 μοωςξι.ςςοιςείε
1050 5752 1301 5833 suae?
1349 5739 1484 5833 sit}:
1530 5734 1713 5833 £23235}

317 5803 484 5904 c0536
506 5803 1162 5886 aediﬁciis—Iustiniani
1185 5813 1318 5868 edit.
1349 5807 1594 5873 Rom.,in
1622 5803 1896 5861 emendat.

1719 5748 1806 5786 ma
1843 5731 1988 5786 dicta
2029 5737 2132 5793 est,
2184 5741 2307 5782 cum
2359 5723 2478 5778 alia:
2528 5727 2715 5777 essent
2747 5705 2993 5788 ejusdem
3043 5707 3302 5767 nominis.
3340 5707 3416 5764 Ex
3465 5707 3608 5762 Prov
