4052 6362
523 640 676 695 illius
739 637 900 708 jussu
972 633 1314 698 hortatuque
1402 621 1847 680 conscendimus.

525 740 712 786 autem
741 737 909 798 atque
959 726 1163 780 iterum
1208 722 1262 776 in
1298 718 1446 774 aliud
1491 727 1708 785 tempus
1748 708 1938 782 rejecti
1965 747 1981 772 ,
2025 705 2116 759 vix

527 823 749 880 tandem
799 796 1098 890 prodiens:
1132 815 1285 882 Quae,
1333 809 1534 880 inquit,
1571 806 1758 869 vultis,
1813 817 1878 856 ea
1925 796 2120 869 paucis

527 913 810 985 exponite.
842 911 1208 977 Posteaquam
1247 918 1377 957 vero
1408 916 1477 955 ex
1524 897 1686 953 nobis
1735 891 1970 956 audivit,
1997 902 2122 958 qua:

530 981 833 1068 docuerat;
894 1001 1108 1056 scilicet
1154 995 1380 1051 Mariam
1427 991 1566 1046 nihil
1629 987 1784 1043 aliud
1837 981 2122 1054 peperisse

535 1117 704 1174 quam
737 1096 1023 1154 hominem
1069 1089 1176 1170 sibi
1212 1083 1666 1146 coessentialem;
1709 1078 1847 1134 nihil
1903 1088 2123 1129 rursum

532 1211 602 1250 ex
627 1202 790 1248 carne
812 1185 964 1243 nasci
995 1165 1176 1254 posse,
1220 1179 1326 1234 nisi
1351 1189 1606 1236 carnem;
1655 1186 1719 1226 ea
1784 1177 1947 1224 rectm
1996 1162 2122 1219 ﬁdei

533 1291 907 1340 consentanea
934 1293 1048 1332 non
1072 1288 1220 1340 esse,
1251 1270 1438 1326 statim
1471 1281 1574 1320 nos
1595 1261 1716 1332 capi
1749 1259 1949 1331 jussit:
1997 1255 2126 1310 inde

535 1375 787 1432 cadente
823 1384 928 1425 nos
966 1367 1128 1422 turba
1179 1361 1506 1423 satellitum,
1551 1355 1616 1410 ad
1655 1350 1897 1425 tribupal
1950 1346 2130 1402 abdu-

537 1468 735 1529 cimur,
769 1460 1086 1526 ibidemque
1104 1451 1277 1508 Veluti
1305 1460 1545 1518 nequam
1581 1439 1856 1502 scelerati,
1880 1433 2132 1490 denuda-

536 1574 686 1620 mur,
705 1527 1082 1618 denudatique
1103 1555 1162 1601 et
1175 1541 1348 1598 vincti
1369 1538 1610 1608 indignis
1635 1532 1817 1588 modis
1831 1530 1896 1584 ad
1916 1527 2128 1598 palum,

538 1659 595 1706 et
631 1619 787 1705 strati
821 1643 1172 1714 vapulamus,
1199 1635 1556 1701 calcibusque
1591 1625 1937 1697 impetimur.
1966 1619 2132 1674 Deni-

538 1757 646 1810 que
679 1709 958 1808 ejusmodi
986 1745 1088 1786 nos
1123 1728 1178 1782 in
1209 1723 1448 1781 ecclesia
1478 1720 1682 1789 injuste
1701 1715 1770 1770 ab
1795 1714 2003 1782 injuste
2036 1709 2134 1762 illo

538 1830 790 1905 perpessi
810 1839 1025 1890 sumus,
1062 1835 1186 1891 qua:
1210 1832 1281 1872 ne
1313 1815 1515 1869 intimae
1566 1809 1792 1880 quidem
1827 1803 1995 1859 sortis
2035 1801 2136 1854 ho-

541 1880 872 1905 ιη’-ινν---ην
1013 1880 1024 1890 1
1081 1880 1097 1891 .

541 1923 722 1978 mines
759 1917 1128 1998 experiuntur
1161 1911 1217 1965 in
1245 1908 1369 1963 foro
1391 1903 1579 1965 civili,
1609 1916 1716 1954 non
1763 1898 1892 1952 dico
1915 1891 2130 1954 clerici,
2167 1880 2206 1938 Β

541 2023 596 2070 et
641 1984 922 2072 monachi,
961 2017 1018 2062 et
1041 1995 1809 2060 archimandritaﬁmterum
1865 1988 1960 2042 diu
1993 1984 2133 2039 mul-

541 2115 768 2172 tumque
797 2099 874 2154 ibi
907 2094 1172 2159 divexati,
1205 2092 1460 2158 fameque
1485 2085 1856 2145 tabescentes,
1892 2078 1997 2132 sub
2024 2090 2130 2129 cu—

543 2193 726 2248 stodia
791 2204 902 2243 non
959 2185 1183 2240 modico
1262 2188 1510 2248 tempore
1580 2175 1789 2230 fuimus
1847 2165 2132 2224 asservati.

541 2284 736 2351 Neque
797 2277 948 2332 illius
977 2274 1138 2328 furiae
1176 2271 1264 2325 his
1323 2273 1602 2335 contentae
1649 2261 2132 2330 conquieverunt;

541 2384 735 2427 verum
761 2363 1168 2437 perquamdam
1203 2360 1563 2428 imposturam
1591 2346 2137 2421 magniﬁcentissimo

543 2461 922 2520 celeberrima}
957 2454 1202 2512 civitatis
1232 2452 1400 2522 hujus
1417 2447 1678 2518 prazfecto
1714 2441 1903 2498 traditi
1923 2454 2133 2495 sumus.

545 2557 832 2623 Fer-reque
891 2547 1080 2604 onusti
1123 2545 1190 2600 ad
1223 2555 1505 2598 carcerem
1552 2535 1958 2592 abstrahimur:
2007 2531 2140 2584 hinc

543 2651 746 2702 iterum
777 2640 1036 2704 extracti,
1073 2637 1400 2705 catenisque
1430 2641 1490 2686 ut
1530 2639 1662 2684 ante
1702 2625 1977 2696 impediti,
2002 2637 2140 2692 prae-

545 2739 688 2795 torio
717 2737 990 2792 sistimur.
1039 2731 1291 2798 Cumque
1337 2725 1545 2780 ibidem
1589 2723 1777 2776 nullus
1822 2719 1984 2788 plane
2043 2712 2140 2784 qui

544 2847 650 2888 nos
695 2833 986 2884 accusaret
1038 2831 1240 2895 priesto
1288 2821 1731 2882 foret,,rursum
1785 2810 1855 2865 ad
1912 2819 2138 2864 reorum

544 2926 732 2980 locum
761 2936 790 2974 a
827 2917 1168 2974 satellitibus
1214 2910 1566 2974 reducimur;
1617 2907 1842 2974 hucque
1897 2899 2136 2963 reducti,

545 3019 732 3074 denuo
753 3013 824 3069 ab
859 3012 954 3066 illo
979 3009 1251 3065 infaciem
1311 3003 1596 3058 czedimur.
1634 2997 1882 3066 Denique
1914 3005 2141 3061 compo-

547 3107 655 3164 sita
679 3103 934 3160 oratione
969 3113 1068 3170 per
1115 3095 1366 3151 fraudem
1414 3104 1676 3146 assensus
1703 3095 1811 3151 est,
1861 3092 1922 3137 ut
1951 3091 2141 3152 postea

552 3197 755 3272 patuit,
795 3195 863 3249 de
890 3188 1135 3248 naturali
1186 3187 1281 3242 Dei
1309 3185 1472 3247 Filio,
1529 3180 1682 3251 quod
1723 3187 1888 3232 natus
1943 3176 2017 3229 sit
2070 3172 2140 3227 de

549 3266 743 3348 sancta
763 3285 936 3343 Maria
974 3282 1206 3351 Deipara
1241 3297 1256 3333 :
1285 3276 1498 3332 addens
1531 3272 1796 3343 quoniam
1835 3276 1922 3324 est
1973 3266 2142 3322 etiam

553 3385 698 3439 alius
749 3379 930 3434 ﬁlius:
961 3383 1125 3446 atque
1166 3373 1223 3427 in
1287 3370 1440 3425 hunc
1480 3365 1710 3435 modum
1771 3361 1992 3418 tandem
2027 3373 2144 3431 nos

552 3473 788 3529 dimisit.

625 3565 716 3622 ιν.
737 3562 1111 3632 Quamobrem
1134 3559 1336 3614 iterum
1357 3563 1522 3626 atque
1545 3553 1749 3609 iterum
1772 3546 2142 3605 immortalem

553 3659 974 3734 piissimamque
1009 3653 1174 3708 ﬁdem
1233 3633 1475 3706 vestram
1527 3647 1896 3708 obtestamur,
1931 3657 2003 3696 ne
2056 3656 2147 3694 or-

556 3745 1190 3808 thodoxamEcclesiam
1245 3739 1541 3798 orthodoxi
1587 3735 1935 3808 piissimique
1987 3730 2146 3800 regni

555 3844 726 3901 vestri
777 3840 1124 3910 temporibus
1165 3836 1236 3890 ab
1289 3832 1570 3888 haareticis
1643 3825 1945 3883 adulterari
1999 3823 2146 3877 ultra

552 3935 909 4008 permittatis.
965 3932 1086 3986 Non
1125 3927 1442 3999 expetimus
1497 3919 1866 3976 contumelias
1909 3917 2146 3985 indigne

553 4029 718 4085 nobis
749 4027 927 4080 illatas
973 4020 1280 4084 vindicari;
1313 4017 1462 4072 Deus
1509 4013 1668 4068 novit
1716 4030 1728 4066 :
1762 4010 2146 4066 desideramus

555 4107 742 4178 autem
771 4115 1102 4173 Christiana
1138 4111 1268 4166 ﬁdei
1293 4109 1717 4163 fundamentum
1753 4106 2143 4160 inconcussum

534 4211 963 4278 ’immotumque
1009 4203 1326 4275 persistere.
1358 4201 1562 4256 Vestra
1611 4197 1844 4268 proinde
1887 4197 2145 4266 majestas

553 4302 755 4358 eﬁicict
777 4308 839 4352 ut
867 4312 1023 4352 sacra
1055 4291 1403 4350 (ecumenica
1435 4287 1680 4360 synodus
1723 4285 1900 4356 primo
1923 4297 2144 4352 quoque

557 4401 805 4462 tempore
827 4391 938 4449 huc
967 4397 1145 4451 coeat,
1173 4400 1284 4454 quo
1319 4384 1421 4437 hac
1443 4387 1713 4451 praesente
1735 4377 1991 4433 Christus
2021 4390 2148 4430 san-

555 4485 875 4545 ctissimam
906 4478 1211 4534 Ecclesiam
1253 4476 1430 4539 uuiat,
1466 4471 1844 4546 populumque
1881 4467 1938 4521 in
1971 4482 2152 4522 unum

1805 410 2214 480 THALASSII
2255 406 2575 470 ABBATIS

520 564 646 621 quae
693 543 762 599 de
797 557 864 598 eo
912 551 1327 610 acceperamus,
1370 533 1426 588 in
1475 527 1790 600 episcopale
1847 522 2116 595 palatium
2152 529 2188 582 Α

3685 385 3802 451 ΙίἸδ

2221 535 2332 582 ναι,
2385 519 2434 569 εί
2464 511 2652 575 καθὼς
2685 509 3014 578 ὲνοήσαμεν,
3050 505 3088 560 ἃ
3121 503 3254 576 περὶ
3283 500 3450 556 αὐτοῦ
3479 499 3804 571 ἠκούσαμεν,

2219 609 2389 670 ἐστιν,
2427 606 2461 676 ἢ
2496 603 2581 656 οῦ.
2638 602 2752 656 Καὶ
2789 602 2869 662 είς
2903 596 3201 668 ὑπέρθεσιν
3228 593 3486 663 δεύτερον
3519 592 3620 644 καὶ
3643 591 3808 661 τρίτον

2221 701 2371 772 ἡμᾶς
2402 697 2584 751 ἔϐαλε.
2644 694 2756 748 Καὶ
2799 693 2920 746 τότε
2961 691 3116 762 μόλις
3143 677 3602 756 ἐκέλευσενήμῖν
3630 685 3808 747 εἰπεῖν,

2219 793 2272 846 τί
2322 791 2470 843 ἐστιν
2525 789 2554 841 ὃ
2610 785 2941 857 βουλόμεθα.
2989 782 3080 844 Ὧς
3121 780 3180 833 δὲ
3231 780 3434 850 ἤκουσε
3485 778 3621 846 παρ’
3645 775 3808 845 ἡμῶν,

2223 885 2304 938 ὅτι
2354 879 2527 934 ταῦτα
2574 877 2644 931 τὰ
2681 877 2813 948 παρ’
2840 873 3008 928 αὑτοῦ
3039 871 3342 942 λεχθέντα,
3377 870 3460 932 τὸ,
3502 868 3624 922 Οὐκ
3651 867 3810 932 ἔτεκε,

2226 975 2365 1048 φησὶ
2387 1015 2402 1039 ,
2460 972 2652 1042 Μαρία
2677 1008 2692 1034 ,
2712 956 2796 1022 ἐί
2835 967 2910 1038 μὴ
2942 965 3233 1036 ἄνθρωπον
3267 962 3565 1033 ὁμοούσιον
3591 959 3810 1028 ἑαυτῆς.

2227 1068 2322 1121 καὶ
2369 1065 2434 1117 τὸ
2482 1061 2888 1131 γεγεννημένον
2937 1061 3003 1111 ὲκ
3050 1057 3148 1126 τῆς
3191 1048 3430 1126 σαρκὸς.
3485 1048 3632 1121 σάρξ
3663 1052 3812 1112 ἐστιν,

2226 1159 2327 1210 οὐκ
2395 1155 2543 1208 ἔστιν
2592 1149 2889 1222 ὀρθοδόξων
2915 1166 2929 1180 ’
2995 1146 3342 1218 παραχρῆμα
3396 1141 3658 1197 ἐκέλευσε
3707 1140 3816 1193 συλ-

2227 1249 2501 1320 ληφθῆναι
2525 1248 2696 1317 auat;-
2732 1242 2988 1298 κάκεῖθεν
3018 1240 3352 1309 τυπτόμενοι
3380 1237 3538 1306 παρά
3561 1233 3658 1287 τοῦ
3679 1233 3820 1303 ὗχ).ον

2228 1341 2338 1396 τῶν
2381 1339 2620 1395 δικανῶν
2644 1377 2659 1402 ,
2719 1334 3054 1404 ἀπηγόμεθα
3100 1335 3158 1384 ὲν
3193 1331 3274 1402 τῷ
3299 1327 3578 1398 δικανικῷ
3601 1343 3616 1356 ’
3677 1326 3821 1378 κάκεῖ

2231 1437 2476 1508 γυμνοὺς
2508 1433 2655 1503 ἡμᾶς
2679 1433 2697 1470 τ
2733 1431 3016 1501 δεσμίους,
3055 1429 3130 1490 ὡς
3159 1428 3254 1481 καὶ
3282 1423 3635 1483 ὑπευθύνους
3664 1423 3729 1490 τῇ
3755 1437 3825 1471 τι-

2237 1527 2468 1600 μωρίσιες
2515 1524 2842 1587 ὲστύλισαν,
2903 1519 3306 1591 ὲκρεϐἀτισαν,
3357 1516 3452 1569 καὶ
3487 1515 3820 1584 ἑπτέρνισειν.

2235 1623 2415 1691 Ὅπερ
2443 1619 2504 1672 ού
2537 1617 2842 1686 πάσχουσιν
2875 1616 2932 1666 ὲν
2955 1615 3067 1676 τοῖς
3095 1611 3202 1675 ἔξω
3229 1608 3642 1679 δικαστηρίοις,
3671 1605 3732 1658 οὐ
3753 1603 3827 1655 λέ-

2212 1717 2408 1783 ·γομεν
2462 1711 2546 1763 ὅτι
2597 1709 2853 1778 κληρικοὶ
2910 1706 3003 1757 καὶ
3052 1702 3530 1774 ἀρχιμανδρίται,
3590 1697 3623 1768 ἢ
3674 1697 3821 1766 μονάο

2238 1805 2444 1872 ζοντες,
2481 1801 2592 1856 ἀλλ’
2616 1799 2740 1855 οὔτε
2771 1801 2820 1852 οἱ
2843 1798 3104 1867 τυχόντες
3131 1793 3414 1864 κοσμικοὶ,
3447 1792 3476 1844 ὃ
3499 1792 3670 1861 ἡμεῖς
3693 1791 3746 1840 ἐν
3770 1790 3824 1857 τῇ

2236 1898 2508 1969 ἐκκλησίᾳ
2556 1893 2708 1964 παρά
2746 1891 2842 1945 τοῦ
2878 1891 3203 1961 παρανόμου
3257 1884 3605 1956 παρανόμως
3636 1881 3827 1935 πεπόν·

2237 1992 2436 2062 θαμεν.
2497 1988 2823 2058 Θ).ιϐόμενοι
2875 1985 2933 2036 ὲν
2979 1981 3058 2052 τῷ
3100 1978 3394 2050 δικανικῷ,
3449 1975 3827 2048 λιμώττοντες,

2237 2087 2295 2138 ὲν
2323 2080 2534 2152 οίκετίᾳ
2553 2081 2580 2118 ιι
2613 2077 3014 2148 φυλαττόμενοι
3046 2073 3138 2126 ἐπὶ
3167 2073 3363 2142 χρόνον
3397 2069 3575 2123 πολὺν
3606 2064 3828 2120 διετελέιι

2240 2195 2434 2246 σαμεν.
2497 2173 2606 2228 Καὶ
2654 2171 2756 2224 οὑκ
2805 2167 3053 2239 ἠρκέσθη
3096 2165 3312 2228 τούτοις
3358 2165 3392 2233 ἡ
3435 2159 3612 2216 αὑτοῦ
3646 2158 3826 2229 μανία·

2237 2268 2375 2324 ἀλλὰ
2403 2266 2500 2320 καὶ
2531 2264 2672 2336 μετὰ
2697 2261 2873 2316 ταῦτα
2901 2260 2980 2330 τῷ
3010 2255 3598 2330 μεγαλοπρεπεστάτῳ
3619 2252 3828 2320 ἐπάρχῳ

2237 2365 2402 2434 τῆσδε
2454 2363 2556 2432 τῆς
2599 2357 2996 2431 μεγαλωνύμου
3043 2354 3254 2416 πόλεως
3302 2349 3425 2404 κατ’
3457 2347 3681 2414 ἀπάτην
3723 2342 3830 2394 τινὰ

2239 2424 2658 2528 παρεδόθη-μεν,
2682 2424 2692 2428 ﬂ
2717 2453 2811 2506 καὶ
2855 2424 3250 2519 σίδηρωθέντες
3278 2424 3640 2514 ’ἀπήχθημεν
3681 2439 3736 2490 ὲν
3772 2436 3828 2504 τῇ

2241 2548 2500 2619 φυλακῇ,
2561 2545 2662 2598 καὶ
2713 2543 2852 2614 μετὰ
2893 2541 3069 2595 ταῦτα
3120 2535 3447 2608 ἀνήχθημεν
3485 2535 3547 2586 ὲν
3575 2529 3654 2600 τῷ
3682 2543 3830 2596 πραιε

2239 2617 2426 2711 τωρίῳ
2451 2617 2536 2709 τῷ
2559 2635 2711 2708 αὐτῷ
2731 2635 2922 2708 τρόπῳ
2953 2632 3093 2703 μετά
3115 2631 3223 2684 τῶν
3247 2623 3493 2698 δεσμῶν.
3521 2623 3636 2678 Καὶ
3658 2617 3830 2688 ἐπειδὴ

2241 2709 2418 2792 οὐδεὶς
2460 2725 2530 2800 ἦν
2579 2729 2609 2781 ὁ
2659 2723 2986 2796 κατηγορῶν
3008 2763 3024 2788 ,
3075 2723 3135 2776 ὲν
3159 2719 3239 2792 τῷ
3263 2716 3536 2786 δικανικῷ
3565 2714 3730 2768 πάλιν
3756 2709 3832 2762 διὰ

2243 2824 2344 2892 τῆς
2393 2818 2604 2884 τάξεως
2653 2815 2943 2888 ἦχθημενο
3003 2813 3100 2867 καὶ
3145 2810 3292 2865 οὕτω
3331 2809 3500 2862 πάλιν
3540 2805 3824 2858 ὲιοόλασενι

2233 2913 2394 2987 ,ἡμᾶς
2445 2908 2588 2962 κατὰ
2642 2907 2936 2978 πρόσωπον
2985 2900 3294 2972 τυπττῖσας.
3353 2898 3469 2952 Καὶ
3515 2891 3828 2964 διαλεχθεὶς,

2243 3003 2340 3057 καὶ
2389 2996 2726 3067 συνθέμενος
2779 2995 2902 3048 κατ’
2924 2994 3180 3062 ἀπάτην,
3239 2990 3316 3053 ὥς
3359 2987 3432 3042 τά
3485 2985 3628 3058 μετά
3673 2981 3829 3036 ταῦτα

2244 3091 2415 3157 ἔδειξε
2441 3129 2456 3154 ,
2514 3105 2582 3140 πε
2594 3087 2650 3158 ρ).
2693 3085 2788 3139 τοῦ
2818 3084 2980 3154 φύσει
3003 3082 3134 3136 Υίοῦ
3164 3081 3258 3136 τοῦ
3281 3079 3420 3132 θεοῦ
3447 3119 3462 3143 ,
3516 3078 3606 3130 ὅτι
3651 3073 3829 3142 ἐτέχθη

2251 3183 2360 3238 ἀπὸ
2403 3183 2502 3252 τῆς
2546 3179 2710 3246 ἁγίας
2747 3176 2970 3247 Μαρίας
3011 3175 3110 3245 τῆς
3149 3172 3418 3226 Θεοτόκου
3453 3169 3672 3239 λέγων·
3721 3163 3831 3219 ἐπεὶ

2249 3275 2330 3330 ενι
2360 3273 2520 3337 ἄλλος
2549 3271 2664 3334 υἱός
2683 3285 2696 3296 ·
2729 3268 2903 3332 οὕτως
2934 3254 3208 3322 ἁπὲλῖισεν
3238 3265 3408 3337 ἡμᾶς.

2318 3559 2396 3611 δ’.
2451 3551 2888 3626 Παρακαλοῦμεν
2931 3546 3026 3606 οὖν
3079 3547 3180 3622 τὴν
3229 3547 3506 3604 ἀθάνατον
3555 3544 3711 3618 ὑμῶν
3749 3541 3828 3597 καὶ

2249 3649 2654 3718 εὐσεϐεστάτην
2679 3647 2884 3709 πίστιν,
2906 3644 3050 3698 ὥστε
3078 3643 3154 3713 μὴ
3178 3641 3434 3713 παριδεῖν
3453 3641 3524 3694 ὲκ
3545 3639 3642 3694 τοῦ
3659 3635 3826 3691 λοιποῦ

2249 3743 2351 3812 τὴν
2393 3741 2676 3811 ὀρθόδοξον
2707 3737 3040 3808 Ἐκκλησίαν
3078 3734 3480 3807 μοιχευομένην
3515 3731 3672 3804 παρὰ
3699 3733 3830 3802 αιρε-

2249 3836 2419 3890 τικῶν
2448 3836 2506 3887 ὲν
2536 3836 2649 3896 τοῖς
2679 3835 2894 3902 καιροῖς
2925 3831 3083 3903 ὑμῶν
3107 3829 3216 3882 τῶν
3241 3825 3549 3898 ὁρθοδόξων
3575 3829 3670 3880 καὶ
3692 3816 3829 3878 εὗσε-

2250 3927 2534 3994 ϐεσῖάτων
2566 3923 2862 4008 βασιλέωνσ
2930 3923 3029 3992 οὐχ
3077 3923 3153 3985 ὡς
3197 3921 3286 3976 διὰ
3315 3920 3478 3974 τοῦτο
3504 3920 3609 3983 τὰς
3652 3913 3830 3988 ἡμετέ-

2251 4037 2351 4090 ρας
2399 4017 2588 4089 ὕϐρεις
2641 4015 2957 4087 βουλόμενοι
2989 4015 3226 4068 ἐκδικεῖν
3247 4030 3259 4043 ·
3295 4015 3325 4066 ό
3358 4012 3492 4078 Θεὸς
3521 4007 3694 4066 οἶδεν·
3728 4007 3828 4062 ἀλλ’

2251 4108 2327 4170 ὠς
2349 4141 2352 4143 λ
2375 4106 2623 4168 θέλοντες
2670 4105 2732 4158 τὸ
2778 4105 3068 4175 στερέωμα
3101 4105 3200 4174 τῆς
3235 4107 3316 4166 εἰς
3342 4105 3582 4174 Χριστὸν
3614 4100 3830 4158 πίστεως

2251 4198 2551 4252 ἀσάλευτον
2587 4198 2800 4266 μένεινο
2837 4197 2932 4249 καὶ
2962 4196 3211 4249 κελεύσει
3239 4197 3306 4250 τὸ
3329 4195 3601 4266 ὑμέτερον
3625 4193 3824 4266 κράτος,

2249 4289 2348 4360 τὴν
2369 4290 2534 4358 ἁγίαν
2585 4290 2680 4342 καὶ
2727 4289 3116 4358 οίκουμενικὴν
3166 4287 3386 4341 σύνοδον
3429 4283 3826 4358 παραγενέσθαι

2250 4383 2490 4435 ἐνταῦθα
2519 4381 2652 4452 ἥδη,
2710 4381 2797 4432 ἵνα
2843 4382 2944 4450 τῆς
2979 4380 3196 4432 συνόδου
3228 4380 3708 4450 παραγενομένης,
3741 4375 3824 4442 τὴν

2255 4475 2572 4544 ἀγιωτάτην
2607 4473 2938 4542 Ἐκκλησίαν
2967 4474 2994 4526 ὁ
3020 4469 3402 4543 Θεδςὶενὼσῃ
3425 4515 3440 4533 ,
3476 4473 3574 4525 καὶ
3602 4457 3690 4522 τὸν
3715 4465 3826 4519 λαὸν

555 4577 806 4639 reducat,
843 4589 905 4628 ac
939 4571 1258 4627 sacerdotes
1283 4568 1516 4624 sincera:
1562 4563 1690 4619 ﬁdei
1729 4561 2140 4634 praedicatores,

2255 4565 2458 4636 συνάξῃ
2487 4609 2500 4631 ,
2555 4565 2648 4618 καὶ
2673 4565 2806 4627 τοὺς
2840 4563 3022 4635 ίερὲας
3049 4563 3348 4616 ἀπολαϐεῖν
3389 4565 3448 4616 ὲν
3473 4563 3556 4630 τῷ
3583 4562 3682 4630 τῆς
3707 4556 3822 4625 ἀλη-

554 4670 882 4740 priusquam
917 4665 1084 4734 impia
1134 4663 1227 4716 illa
1257 4659 1512 4714 doctrina
1561 4656 1729 4728 latius
1766 4661 1972 4723 serpat,
2022 4652 2144 4706 loco

557 4776 660 4815 suo
690 4760 967 4813 restituat.
1003 4755 1159 4809 Illud'
1191 4754 1357 4807 etiam
1389 4749 1592 4805 obnixe
1623 4762 1914 4817 precamur
1951 4759 2016 4799 ac
2051 4760 2148 4813 pe-

561 4852 756 4916 timus,
791 4843 1242 4919 quandoquidem
1272 4841 1567 4898 Nestorius
1597 4836 2144 4900 comminationibus,

561 4939 1047 5001 insectationibus,
1078 4936 1311 5000 exsiliis,
1337 4933 1557 4988 callidis
1607 4931 1900 5000 pravisque
1938 4930 2149 4983 machi-

561 5034 880 5092 nationibus
923 5028 1364 5102 perterrefacere
1413 5024 1674 5086 molitur;
1728 5031 1786 5076 et
1822 5037 1934 5090 quo
1989 5035 2145 5075 suam

561 5131 831 5186 insaniam
893 5137 1162 5194 suamque
1253 5118 1597 5190 impietatem
1682 5115 2147 5170 conﬁrmatio'em

562 5221 780 5289 reddat,
871 5228 1216 5288 quacunque
1297 5207 1601 5280 excogitari
1689 5216 1943 5278 possunt,
2028 5207 2150 5260 sine

561 5311 886 5368 discrimine
928 5307 1280 5380 aggreditur;
1334 5317 1445 5357 non
1493 5301 1669 5356 Deum
1723 5301 1902 5363 timet,
1935 5299 2149 5354 nullum

562 5405 847 5461 hominem
913 5410 1174 5462 veretur,
1233 5395 1446 5450 nullum
1520 5393 1845 5464 episcOpum
1928 5407 2154 5446 venera-

568 5508 684 5566 tur,
729 5499 946 5554 nullum
971 5493 1317 5551 sacerdotem
1344 5489 1740 5553 autelericum,
1767 5499 1862 5544 aut
1897 5496 2151 5542 sanctum

2254 4658 2408 4728 θινῆς
2440 4659 2677 4720 πίστεως
2705 4656 3028 4728 κηρύγματι
3061 4656 3298 4728 ποιήσῃ,
3336 4655 3444 4727 πρὸ
3468 4653 3568 4708 τοῦ
3601 4655 3678 4716 είς
3703 4650 3824 4702 πλά-

2252 4767 2346 4812 τος
2375 4751 2472 4821 τὴν
2499 4750 2685 4803 ἄδικον
2713 4749 3063 4803 διδασκαλίαν
3093 4747 3293 4803 ὲλθεῐν.
3326 4747 3567 4800 Κάκεῖνο
3585 4745 3648 4816 δὴ
3667 4756 3824 4811 περα-

2255 4841 2572 4910 καλοῦμεν,
2651 4839 2970 4904 ἁξιοῦντες,
3044 4839 3236 4909 ἐπειδὴ
3305 4839 3568 4909 πειρᾶται
3624 4835 3821 4894 πτοεῖν,

2254 4929 2518 4993 ἀπειλῶν,
2550 4931 2813 4995 ἐλαύνων,
2837 4929 3080 4997 ὲξωθῶν,
3105 4930 3456 4999 κακουργῶν,
3479 4924 3819 5000 ρᾳδιουργῶν,

2254 5025 2350 5078 καὶ
2385 5023 2604 5085 κακῶν,
2647 5025 2741 5076 καὶ
2785 5023 2873 5078 ἵνα
2902 5024 3003 5094 τὴν
3032 5021 3200 5077 αὑτοῦ
3230 5021 3430 5092 μανίαν
3469 5023 3564 5076 καὶ
3590 5019 3821 5074 ἀσέϐειαν

2255 5117 2532 5188 κρατύνῃ,
2600 5117 2782 5174 πάντα
2838 5117 3010 5171 ποιῶν
3059 5115 3322 5186 ἀφειδῶς,
3380 5117 3442 5170 οὐ
3478 5117 3612 5170 Θεὸν
3644 5108 3817 5182 φοϐού-

2259 5224 2443 5282 μενος,
2469 5211 2572 5263 οὐκ
2598 5209 2924 5282 ἀνθρώπους
2947 5211 3362 5280 αἰσχυνόμενος,
3389 5209 3491 5262 οὐκ
3511 5205 3818 5261 ἐπισκόπους

2259 5299 2684 5370 εὐλαϐούμενος,
2739 5300 2865 5354 οὔτε
2919 5301 3070 5370 ίερὲα
3141 5301 3284 5367 τινὰ,
3336 5301 3399 5354 οὺ
3447 5295 3650 5370 κλῆρόν
3696 5308 3814 5354 τιναι

2259 5396 2360 5463 οὐχ
2402 5393 2592 5462 ἁγίους
2629 5395 2920 5464 μοναχοὺς,
2957 5393 3058 5446 οὐκ
3089 5391 3380 5447 εὐλάϐειαν
3407 5391 3632 5458 λαῐκῶν,
3662 5387 3718 5442 οὐ
3743 5381 3817 5436 τὸν

2261 5487 2403 5539 κατὰ
2434 5483 2544 5538 τῶν
2569 5484 2902 5540 ἀδικούντων
2930 5485 3316 5556 ἐπηρτημένον
3344 5484 3533 5556 φόϐον,
3561 5483 3621 5537 οὐ
3647 5480 3728 5534 τὸν
3748 5473 3814 5528 νό-

1785 5596 2020 5654 V'ARUE
2071 5596 2480 5654 LECTlONES.

571 5773 599 5814 ⁸
641 5699 670 5788 ,ί
703 5701 765 5756 In
815 5716 917 5788 rus.
961 5700 1090 5770 Seg.
1123 5699 1316 5784 ,ἡμᾶς’
1353 5695 1505 5767 παρὰ
1559 5693 1653 5746 τοῦ
1706 5693 1862 5763 ὄχλου
1899 5690 2008 5742 τῶν
2057 5691 2304 5743 δεκανῶν
2335 5669 2588 5741 κάκεῖθεν
2627 5687 2920 5756 πατόμενοι
2951 5685 3278 5758 ἀπηγόμεθα
3335 5687 3392 5738 ἐν
3424 5685 3500 5756 τῷ
3559 5676 3814 5751 δεκανικῷ-

625 5787 702 5814 ως
733 5771 959 5814 δηιιιηυε
991 5769 1085 5814 καὶ
1115 5768 1466 5814 υπευῦυνους-
1507 5766 1750 5814 τιιιωοίχ
1781 5762 2082 5814 ἐστόλισαν.
2105 5757 2528 5814 ἐκοαϐϐάτισαν.
2606 5759 2634 5798 h
2670 5758 2896 5813 ἱκετεία.
2979 5761 2995 5799 ί
3028 5758 3277 5814 ἐκάλεσε.
3357 5768 3372 5808 ι
3415 5755 3666 5814 Χριστός.

625 5769 702 5834 ὡς
733 5771 959 5842 δημίους
991 5755 1085 5822 κᾶἷὶ
1115 5755 1467 5832 ὑπευθύνουέ,
1507 5755 2082 5836 τιμωρίξέστόλισαν,
2105 5757 2528 5831 ἐκραϐϐάτισαν.
2606 5759 2634 5798 ιι
2670 5755 2896 5828 ἱκετείᾳ.
2979 5761 2995 5799 ί
3028 5755 3277 5814 ἐκάλεσε.
3357 5768 3372 5808 t
3415 5755 3666 5829 Χριστός.

2798 6025 2825 6037 ρ
