4052 6354
273 427 398 492 M77
962 470 984 497 ι

1300 424 1670 483 LIBELLUS
1710 422 1810 478 AD
1847 419 2348 526 THE‘ODOSIUM
2389 422 2548 480 IMP.

3399 421 3548 488 1478·

267 560 368 600 μον
412 540 520 592 τῶν
567 538 931 592 ἐκτελούντων
963 538 1242 590 διακονίαν
1272 540 1394 592 τινὰ
1422 539 1540 608 Θεῷ
1573 541 1650 602 εἰς
1681 538 1839 608 ὀργὴν

1956 538 2310 603 monachum,
2357 550 2452 594 aut
2491 539 2808 607 religiosum
2853 539 3053 594 laicum
3084 539 3350 608 honorat;
3409 545 3536 596 nul-

261 636 405 688 κατά
456 632 566 684 τῶν
615 632 781 696 ἀξίων
807 671 820 692 ,
887 631 1000 682 ἀλλ’
1035 630 1395 699 ἐνδυσάμενος
1423 633 1520 701 τὴν
1549 632 1849 704 ὑπεροψίαν

260 726 407 777 κατά
436 726 654 776 πάντων
679 761 694 786 ,
750 720 971 792 θαρρῶν
1003 723 1116 783 τοῖς
1147 725 1412 791 χρήμασι,
1455 724 1544 776 καί
1575 741 1736 778 τινων
1768 724 1850 777 δι-

257 815 628 886 εφθαρμένων
660 816 723 884 τῇ
761 813 940 882 ἰσχύϊ,
997 814 1028 883 ἢ
1085 814 1170 866 ἵνα
1204 815 1420 881 ἀφόϐως
1449 810 1710 884 εἴπωμεν,
1753 816 1849 869 καὶ

256 905 337 974 τῷ
392 897 644 975 ὑμετέρῴ
689 907 912 976 κράτει,
954 904 1129 956 ταῦτα
1161 908 1341 956 ποιεῖ·
1386 905 1645 976 ἀξιοῦμεν
1679 907 1848 976 μηδὲν

259 997 414 1066 αύτῷ
463 999 606 1050 κατά
651 1013 813 1050 τινων
863 997 1062 1060 ἐξεῖναι
1107 998 1318 1061 ποιεῖν,
1371 998 1466 1050 ἐὰν
1511 999 1586 1068 μὴ
1633 998 1848 1066 πρῶτον

257 1087 550 1158 διόρθωσιν
599 1088 742 1160 λάϐῃ
790 1088 860 1142 τὰ
907 1089 1049 1142 κατά
1076 1091 1176 1160 τὴν
1203 1090 1480 1160 όρθόδοξον
1510 1091 1712 1156 πίστιν,
1761 1091 1848 1144 ἵνα

261 1181 340 1249 μὴ
371 1179 576 1248 ταύτην
605 1179 958 1252 διασκεδάσῃ,
1007 1181 1101 1234 καὶ
1129 1181 1227 1251 τὴν
1257 1181 1422 1234 αὑτοῦ
1458 1185 1847 1256 παρεισαγάγῃ

256 1265 436 1320 ταῦτα
465 1267 654 1322 ποιῶν.
689 1263 812 1321 Οἵδε
839 1269 968 1340 γὰρ,
1005 1269 1080 1332 ὡς
1109 1269 1300 1336 οἴεται,
1337 1272 1420 1323 ὅτι
1455 1271 1558 1324 κᾶν
1594 1272 1670 1342 τῷ
1697 1274 1846 1342 φόϐῳ

259 1359 492 1422 πολλοὺς
517 1360 798 1429 ἀμὸλυνας
824 1361 1110 1432 ἀποστήσῃ
1139 1361 1238 1431 τῆς
1261 1363 1517 1426 πίστεως·
1547 1367 1640 1417 καὶ
1663 1364 1848 1418 λοιπὸν

258 1449 438 1521 εὑρὼν
467 1451 862 1521 ὁμογνώμονας
885 1453 1054 1506 αὑτοῦ
1071 1494 1086 1518 ,
1125 1453 1384 1527 παράσχῃ
1409 1456 1594 1519 αὐτοῖς
1621 1457 1844 1524 Θάρσος,

256 1537 400 1593 ὥστε
452 1542 548 1594 καὶ
591 1541 695 1603 ἕως
730 1542 955 1612 πληγῶν
982 1543 1220 1614 δημοσίᾳ
1252 1546 1576 1613 ἐπιχειρεῖν,
1634 1547 1726 1600 καὶ
1769 1547 1846 1600 δι-

255 1628 450 1701 ωγμὸν
499 1635 696 1686 ποιεῖν.
751 1624 826 1687 Οὐ
867 1635 1028 1704 μόνον
1067 1635 1126 1688 δὲ
1173 1637 1298 1698 τοὺς
1327 1636 1489 1688 αὐτοῦ
1517 1638 1679 1706 δῆθεν
1709 1639 1844 1708 κλη-

256 1726 470 1796 ρικοὺς,
495 1727 528 1797 ἢ
553 1729 1053 1797 συγκέλλους,ἀλλά
1085 1733 1176 1783 καὶ
1199 1734 1264 1786 ἐκ
1283 1733 1388 1786 τῶν
1419 1734 1616 1798 ἔξωθεν
1649 1751 1845 1805 παροι-

255 1815 393 1867 κιῶν
445 1818 818 1888 προσελάϐετό
866 1837 1054 1887 τινας,
1109 1816 1188 1884 οἷς
1236 1822 1474 1891 μάλιστα
1504 1823 1608 1876 -ούκ
1635 1825 1842 1890 ἔξεστιν

229 1895 400 1954 ἐἶναι
433 1892 588 1958 κατά
608 1907 736 1970 τοὺς
761 1906 1252 1977 ἐκκλησιαστικοὺς
1279 1912 1509 1974 κανόνας
1551 1915 1629 1976 εἰς
1655 1914 1840 1984 ἕτερον

253 1985 647 2060 ἐπισκοπείον,
699 1998 733 2068 ἢ
786 2000 866 2062 εἰς
896 1998 1064 2070 ἀλλην
1096 2000 1392 2071 ἐκκλησίαν
1417 2041 1431 2067 ,
1484 2003 1600 2058 ἀλλ’
1626 2006 1838 2077 ἀνάγκη

249 2085 454 2150 αὐτοὺς
479 2089 562 2150 είς
587 2090 686 2151 τὰς
718 2089 852 2153 ιδίας
882 2091 1195 2161 παροικίας,
1233 2093 1264 2164 ἢ
1301 2093 1502 2161 πόλεις,
1535 2094 1666 2148 ὅπου
1696 2097 1841 2166 ἐχει-

172 2173 178 2182 ’
253 2179 520 2250 ροτονήθη
531 2197 650 2245 σαν,
675 2182 837 2234 κάκεῖ
856 2185 1068 2254 ἡσυσχῆ
1092 2184 1320 2252 διάγειν·
1344 2186 1432 2238 ἵνα
1457 2187 1531 2256 μὴ
1550 2188 1624 2258 τῷ
1645 2189 1842 2260 μακρῷ

250 2271 429 2340 χρόνῳ
463 2272 552 2326 διὰ
579 2273 681 2339 τῆς
710 2275 1047 2346 προσκαίρου
1078 2276 1427 2340 δυναστείας,
1475 2278 1615 2350 ἒρψη
1645 2296 1842 2348 περισ-

251 2362 495 2432 σοτέρως
547 2366 580 2435 ἡ
631 2366 983 2436 παρανομία,
1037 2367 1131 2419 καὶ
1179 2368 1458 2438 ἐπιγραφῇ
1503 2371 1569 2439 τῇ
1597 2369 1841 2440 ὑμετέρᾳ

248 2453 528 2525 εὐσεϐείᾳ·
565 2458 643 2518 είς
669 2456 830 2509 τοῦτο
855 2457 964 2526 γὰρ
996 2458 1142 2528 ὑμᾶς
1163 2459 1314 2511 ἔθετο
1335 2459 1364 2510 ό
1387 2459 1518 2522 Θεὸς
1539 2460 1838 2528 διακόνους,

249 2541 388 2613 ὑπὲρ
419 2543 529 2614 τῆς
555 2543 714 2616 δόξης
741 2545 908 2598 αὐτοῦ
931 2547 1026 2600 τοῦ
1047 2547 1372 2612 δοξάσαντος
1398 2551 1562 2620 ὑμᾶς,
1583 2552 1677 2604 καὶ
1693 2551 1842 2616 δοξά-

247 2633 440 2698 ζοντος
461 2677 476 2702 ,
529 2638 624 2690 καὶ
671 2638 1014 2702 ἀποδιδόντος
1042 2639 1170 2709 ὑμῖν
1195 2639 1286 2692 τὸν
1313 2641 1506 2710 μισθὸν
1539 2643 1678 2712 μετά
1705 2644 1839 2696 πάν-

242 2743 351 2780 των
389 2728 512 2783 τῶν
556 2731 748 2798 ἁγίων,
787 2733 896 2784 τῶν
929 2731 1110 2798 καλῶς
1143 2731 1497 2801 φυλαξάντων
1530 2735 1630 2798 τάς
1660 2737 1840 2806 ἐγχει-

247 2822 421 2893 ρισθεί
437 2841 540 2888 σας
586 2825 774 2888 αὐτοῖς
817 2825 1114 2890 διακονίας.
1178 2825 1322 2894 Πρὸς
1351 2825 1444 2890 οὓς
1477 2823 1667 2881 εἶπεν·
1725 2824 1836 2892 Εὖ,

247 2919 426 2975 δοῦλε
469 2921 672 2992 ,ἀγαθὲ
718 2922 819 2975 καὶ
857 2921 1070 2988 πιστὲ,
1125 2923 1224 2976 ἐπὶ
1252 2923 1424 2990 ὀλίγα
1461 2919 1534 2994 ἦς
1596 2922 1837 2992 πιστὸς,

249 3012 346 3066 ἐπὶ
371 3013 626 3067 πολλῶν
647 3029 722 3067 σε
751 3013 1134 3082 καταστήσω·
1153 3013 1392 3068 εἴσελθε
1412 3017 1493 3078 εὶς
1515 3016 1629 3082 τὴν
1645 3016 1841 3085 χαρὰν

249 3103 356 3158 τοῦ
395 3100 624 3172 Kvp'lov
653 3119 794 3162 σου.
845 3106 909 3158 Ol
943 3105 1112 3170 ὄντως
1139 3107 1458 3176 Χριστιανοὶ
1486 3105 1694 3171 τούτοις
1723 3111 1840 3172 τοῖς

1955 629 2064 683 lam
2099 647 2317 698 poenam
2351 632 2557 700 iniquis
2591 631 2870 686 decretam
2903 631 3188 698 formidat,
3214 636 3423 690 nullam
3445 635 3539 689 de-

1951 720 2122 788 nique
2147 721 2324 790 legem
2349 721 2734 776 ministrorum
2763 723 2856 776 ira}
2891 722 3091 778 divina:
3130 725 3184 778 in
3229 727 3352 796 ejus
3407 743 3538 797 pro-

1950 823 2270 868 vocatores:
2327 815 2424 869 sed
2460 816 2722 886 superbia
2753 831 2860 885 qua
2914 832 3108 872 omnes
3153 821 3531 889 parvipendit,

1950 903 2152 967 elatus,
2213 905 2579 973 pecuniisque
2618 913 2678 959 et.
2729 914 3122 976 corruptorum
3163 910 3533 977 quorumdam

1951 991 2237 1047 hominum
2265 997 2510 1063 potentia
2552 995 2760 1060 frctus;
2801 1008 2876 1059 et,
2922 1004 2983 1049 ut
3035 997 3209 1052 libere
3251 999 3400 1067 quod
3447 1017 3536 1054 res

1949 1091 2054 1148 est,
2085 1083 2356 1146 dicamus,
2419 1094 2606 1138 vestra
2667 1100 2888 1154 quoque
2928 1086 3536 1144 dominatione-fretus

1950 1175 2066 1230 lucc
2097 1175 2250 1230 facit.
2317 1176 2584 1242 Petimus,
2631 1177 2879 1246 inquam,
2919 1193 2990 1232 ne
3020 1179 3325 1248 quidquam
3376 1181 3536 1236 dein-

1949 1276 2080 1336 ceps
2112 1267 2165 1320 in
2192 1269 2506 1337 quempiam
2563 1269 2646 1322 illi
2693 1270 2878 1334 liceat,
2913 1271 3019 1326 nisi
3061 1273 3298 1341 primum
3335 1275 3532 1329 ortho-

1950 1359 2107 1412 doxae
2159 1360 2288 1413 ﬁdei
2327 1361 2532 1414 veritas
2564 1361 2927 1416 enucleetur:
2987 1378 3080 1426 ne,
3129 1363 3275 1434 quod
3328 1366 3530 1420 obnixe

1947 1453 2153 1517 studet,
2181 1453 2284 1507 hac
2311 1453 2537 1522 penitus
2565 1453 2832 1522 dissipata
2855 1469 3182 1522 eversaque,
3221 1471 3374 1510 suam
3399 1473 3532 1526 pau-

1947 1544 2101 1598 latim
2159 1545 2504 1599 introducat.
2561 1545 2973 1598 Animadvertit
3007 1547 3181 1610 enim,
3229 1563 3370 1616 quos
3421 1549 3528 1603 alia

1947 1637 2164 1692 ratione
2196 1654 2305 1692 non
2341 1645 2546 1708 potest,
2581 1653 2678 1692 eos
2710 1638 2909 1694 timore
2941 1653 2973 1692 a
3029 1639 3138 1693 ﬁde
3187 1650 3439 1697 avertere
3469 1657 3528 1696 se

1945 1744 2136 1798 posse:
2169 1739 2229 1784 ut
2289 1747 2403 1785 suae
2437 1731 2732 1785 sententia:
2763 1731 2934 1785 semel
2989 1732 3280 1802 adjunctos
3326 1734 3403 1788 ita
3439 1733 3527 1788 in-

1946 1819 2212 1888 ﬂammet,
2245 1832 2304 1876 ut
2327 1823 2565 1877 verbera
2594 1839 2820 1893 quoque
2851 1825 3058 1894 quibus
3083 1824 3306 1878 libitum
3357 1827 3529 1881 fuerit

1945 1914 2168 1983 publice
2217 1915 2425 1968 inferre
2457 1915 2720 1980 audeant,
2773 1923 2829 1970 et
2881 1915 3327 1985 persecutionem
3376 1917 3524 1972 exci—

1946 2015 2062 2060 tare
2091 2021 2203 2058 non
2225 2004 2503 2060 dubitent.
2533 2006 2728 2076 Neque
2758 2020 2892 2060 vero
2919 2021 3147 2060 suorum
3181 2017 3530 2072 tantum,aut

1945 2097 2385 2151 domesticorum
2419 2111 2590 2166 Opera
2625 2097 2962 2152 clericorum
3001 2112 3123 2150 eam
3171 2097 3240 2151 ad
3275 2112 3390 2151 rem
3422 2099 3531 2152 uti-

1944 2197 2060 2252 tur,
2093 2205 2290 2243 verum
2327 2189 2698 2260 quorumdam
2734 2203 2956 2258 quoque
2998 2188 3068 2242 ab
3109 2189 3317 2244 exteris
3353 2205 3532 2259 parte-

1943 2279 2047 2332 ciis
2102 2289 2158 2334 et
2189 2279 2530 2335 dioecesibus
2569 2279 2907 2345 ascitorum;
2965 2279 3169 2347 quibus
3201 2289 3386 2334 tamen
3441 2296 3523 2336 se-

1944 2371 2189 2425 cundum
2213 2371 2626 2426 ecclesiasticos
2657 2384 2900 2424 canones
2921 2370 2976 2424 in
2992 2371 3174 2424 alieno
3205 2371 3525 2440 episcOpatu

1941 2463 2030 2516 vel
2061 2463 2299 2517 ecclesia
2331 2463 2536 2532 degere
2575 2478 2689 2516 non
2722 2463 2878 2527 licet,
2935 2462 3032 2516 sed
3095 2464 3412 2518 necessario
3471 2465 3524 2519 in

1941 2555 2010 2610 iis
2059 2557 2199 2611 locis
2229 2565 2284 2610 et
2337 2555 2678 2621 civitatibus,
2737 2555 2905 2625 idque
2958 2556 3172 2624 quiete,
3226 2556 3525 2626 inquibus

1943 2644 2186 2700 ordinati
2205 2656 2373 2699 sunt:
2401 2661 2470 2700 ne
2502 2660 2673 2722 mora:
2703 2644 3094 2709 diuturnitate,
3129 2653 3524 2716 temporanea-

1943 2751 2051 2806 que
2116 2736 2364 2806 potentia
2418 2737 2724 2805 nequitiam
2791 2751 2947 2791 suam
3009 2737 3178 2792 latius
3235 2748 3523 2808 propaget,

1940 2824 2212 2894 vobisque
2260 2825 2316 2878 id
2365 2825 2702 2888 ascribatur,
2751 2840 2892 2896 quos
2935 2825 3008 2880 ob
3064 2825 3120 2880 id
3153 2825 3209 2879 in
3240 2826 3528 2882 ministros

1942 2915 2086 2977 Deus
2117 2918 2440 2988 assumpsit,
2473 2926 2535 2973 ut
2596 2919 2748 2974 illius
2780 2919 3012 2990 gloriam
3044 2927 3270 2974 strenue
3313 2937 3524 2991 propu-

1939 3008 2142 3079 gnetis,
2171 3009 2266 3078 qui
2294 3009 2496 3064 illustri
2516 3009 2730 3064 honore
2756 3025 2856 3064 vos
2882 3010 3212 3075 cumulavit,
3245 3023 3301 3065 et
3323 3027 3524 3066 cumu-

1940 3101 2052 3167 lat;
2109 3101 2380 3170 vobisque
2415 3117 2542 3156 cum
2585 3101 2847 3156 omnibus
2891 3102 3120 3168 sanctis,
3173 3101 3268 3172 qui
3319 3117 3526 3158 munus

249 3191 426 3262 λόγοις
480 3195 570 3248 διὰ
617 3195 724 3249 τῶν
765 3195 946 3267 ἔργων
993 3195 1378 3251 πιστεύουσιν·
1441 3198 1490 3250 οἱ
1523 3197 1580 3252 δέ
1621 3199 1839 3253 ἄπιστοι

1943 3205 2107 3244 suum
2150 3190 2408 3260 praeclare
2448 3190 2732 3253 obierunt,
2776 3191 3092 3244 mercedem
3123 3198 3372 3260 tempore
3420 3207 3522 3248 suo

249 3285 340 3339 καὶ
367 3287 917 3357 ἀπεῤῥιμμένοι,καὶ
945 3290 1011 3358 τῇ
1042 3288 1252 3342 ἑαυτῶν
1282 3287 1463 3359 κοιλία
1489 3287 1714 3356 ζῶντες,
1745 3290 1841 3345 καὶ

247 3379 328 3440 εἰς
379 3378 516 3432 αὐτὸ
568 3379 727 3432 τοῦτο
762 3379 1344 3451 προσκαρτεροῦντες,
1406 3380 1502 3434 ἐὰν
1535 3382 1839 3436 ἀκούσωσιν

247 3466 618 3536 ὁμολογοῦντά
654 3485 777 3522 τινα
797 3509 812 3532 ,
839 3470 931 3523 τὸν
957 3469 1192 3540 Χριστὸν
1220 3466 1360 3522 εἶναι
1387 3470 1537 3535 Θεὸν,
1558 3471 1838 3543 διαπρίον-

247 3577 370 3626 ται,
407 3561 486 3624 th;
521 3561 572 3614 οἱ
602 3560 726 3614 τότε
790 3561 1034 3615 Ἰουδαῖοι
1062 3563 1318 3632 συνέσχον
1359 3562 1430 3616 τὰ
1487 3556 1603 3616 ὦτα
1633 3563 1834 3629 αὐτῶν,

245 3653 338 3706 τοῦ
369 3653 533 3723 ἁγίου
565 3654 842 3721 Στεφάνου
893 3653 988 3707 τοῦ
1031 3655 1502 3726 πρωτομάρτυρος
1542 3655 1834 3726 διηγουμέ-

245 3762 369 3811 νου,
431 3746 521 3800 ὅτι
571 3745 795 3814 Θεωρῶ,
840 3745 996 3816 φησὶ,
1050 3747 1193 3812 τοὺς
1217 3746 1514 3814 οὐρανοὺς
1546 3746 1836 3816 ἀνεῳγμέ-

245 3853 420 3903 νους,
491 3837 586 3891 καὶ
640 3838 748 3890 τὸν
795 3836 932 3890 Υἱόν
984 3837 1092 3890 τοῦ
1141 3837 1455 3903 ἀνθρώπου
1506 3838 1574 3891 ἐκ
1623 3838 1836 3899 δεξιῶν

244 3927 476 3984 ἑστῶτα
495 3927 879 3996 τοῦ-ἀοράτου
907 3927 1239 3982 Θεοῦ.οῦτω
1260 3930 1352 3983 καὶ
1377 3924 1524 3982 οὗτοι
1550 3930 1829 4000 διαπρίον-

244 4036 332 4072 ται
391 4021 540 4077 κατά
619 4019 730 4073 τῶν
808 4008 1351 4090 Χριστιανῶν,’καὶ
1409 4020 1590 4076 πάντα
1664 4023 1835 4092 Θυμὺν

249 4113 647 4184 σπουδάζουσιν
676 4110 936 4166 ἐκτελεῖν.
1521 4121 1528 4126 “

1943 3282 2162 3339 reddet.
2191 3281 2404 3348 Quibus
2425 3281 2634 3336 etillud
2657 3295 2879 3351 quoque
2909 3280 3164 3336 dicturus
3186 3289 3308 3336 est:
3349 3281 3521 3354 Euge,

1941 3391 2089 3430 serve
2116 3375 2246 3429 bone
2278 3383 2326 3429 et
2357 3373 2742 3446 ﬁdeiis;super
2780 3390 2954 3444 pauca
2983 3373 3127 3443 fuisti
3155 3373 3348 3442 ﬁdelis,
3366 3391 3527 3446 super

1930 3468 2115 3542 multa
2148 3479 2196 3522 te
2256 3469 2576 3522 constituam
2612 3482 2631 3520 :
2693 3467 2839 3520 intra
2895 3467 2953 3519 in
3005 3465 3260 3538 gaudium
3309 3467 3527 3522 Domini

1941 3563 2077 3614 tui’.
2149 3559 2252 3626 Qui
2316 3559 2432 3614 veri
2485 3557 2792 3613 Christiani
2865 3565 3016 3620 sunt,
3071 3557 3108 3610 ii
3168 3573 3268 3626 per
3327 3575 3517 3628 opera,

1939 3661 2208 3724 quantum
2241 3650 2571 3706 Christiana:
2597 3649 2866 3704 doctrinae
2893 3649 3167 3711 tribuant,
3190 3651 3516 3704 ostendunt.

1939 3747 2008 3800 At
2031 3762 2164 3800 vero
2204 3743 2460 3798 inﬁdeles
2487 3749 2542 3796 et
2572 3741 2795 3812 abiecti,
2833 3742 2926 3811 qui
2967 3743 3147 3795 ventri
3169 3757 3269 3796 suo
3297 3743 3516 3803 vivunt,

1939 3846 1996 3892 et
2021 3837 2089 3891 ad
2115 3837 2266 3892 hunc
2285 3848 2516 3904 scopum
2545 3831 2732 3888 omnia
2771 3847 2870 3886 sua
2915 3831 3099 3885 studia
3140 3831 3410 3896 referunt,
3438 3832 3518 3886 illi

1940 3929 1984 3984 si
2009 3943 2173 3998 quem
2211 3925 2499 3980 Christum
2552 3923 2725 3976 Deum
2779 3936 2900 3976 esse
2929 3920 3180 3991 proﬁteri
3212 3920 3517 3982 audierint,

1941 4021 2090 4074 illico
2116 4019 2488 4073 dissecantur.
2519 4013 3073 4084 thuemadmodum
3105 4011 3302 4075 Judrei,
3327 4021 3520 4066 sancto

1943 4111 2225 4180 Stephano
2253 4116 2659 4179 protomartyre
2685 4113 2980 4160 narrante:
3019 4104 3153 4158 Ecce
3201 4105 3347 4157 video
3367 4104 3519 4158 caelos

249 4212 478 4275 apertos,
512 4186 781 4257 et'FiIium
814 4201 1040 4256 hominis
1067 4207 1294 4256 stantem
1329 4219 1361 4256 a
1405 4203 1604 4256 dextris
1644 4203 1918 4257 invisibilis
1960 4203 2055 4255 Dei
2083 4202 2124 4267 ³,
2173 4215 2340 4254 aures
2391 4213 2520 4252 suas
2573 4195 2970 4252 continebant:
3020 4193 3096 4248 ita
3141 4202 3198 4248 et
3249 4193 3339 4248 isti
3377 4210 3518 4264 quo-

249 4317 355 4370 que
394 4301 449 4354 in
482 4298 832 4355 Christianos
888 4297 1152 4352 dentibus
1199 4296 1478 4361 frendent,
1504 4313 1837 4368 omnemque
1867 4298 2114 4352 furorem
2141 4309 2304 4365 suum
2334 4293 2390 4346 in
2413 4291 2538 4345 illos
2567 4289 2794 4360 explere
2830 4288 3107 4342 laborant.

310 4389 392 4446 ΙΨ.
435 4392 617 4459 Ἀξιοῦ
628 4409 725 4462 μεν
747 4389 842 4446 οὗν
868 4393 1098 4464 προνοίᾳ
1123 4391 1218 4444 τοῦ
1245 4392 1834 4463 μεγαλοπρεπεστάτου

248 4483 490 4554 ἐπάρχου
525 4484 626 4554 τῆς
654 4484 781 4548 νέας
813 4483 1038 4554 Ῥώμης
1072 4482 1380 4537 κωλύεσθαι
1408 4484 1537 4548 τοὺς
1565 4483 1706 4538 κατὰ
1727 4483 1834 4536 τῶν

2007 4391 2072 4446 ν.
2111 4390 2392 4457 Rogamus
2429 4383 2685 4454 proinde,
2717 4391 2779 4436 ut
2807 4375 3341 4450 magniﬁcentissimi
3373 4373 3514 4444 prae-

1936 4483 2066 4538 fecti
2092 4495 2249 4536 nova:
2269 4479 2457 4534 Romae
2497 4472 2868 4546 providentia,
2895 4478 3322 4540 compescantur
3351 4468 3388 4522 ii
3421 4470 3512 4539 qui

246 4575 546 4644 ὀρθοδόξων
597 4576 1104 4645 ἐπανισταμένους,
1164 4576 1261 4628 καὶ
1308 4575 1582 4644 προφάσει
1627 4575 1836 4630 δικαιο-

1941 4573 2204 4628 adversus
2243 4567 2585 4624 orthodoxos
2636 4565 2953 4634 insurgunt,
3001 4567 3054 4615 et
3085 4559 3190 4613 sub
3243 4566 3516 4628 praetextu

249 4665 479 4734 λογιῶν,
525 4667 601 4731 ὣς
644 4685 844 4737 φασιν,
895 4666 1310 4738 ἐπιχειροῦντας
1354 4667 1496 4720 κατά
1531 4685 1696 4732 τινος,
1729 4667 1834 4732 ἕως

247 4759 336 4813 ὅτε
369 4760 436 4814 τὰ
467 4761 566 4831 τῆς
599 4761 836 4822 πίστεως
863 4760 1146 4829 διόρθωσιν
1173 4759 1356 4812 λάϐοι·
1398 4761 1447 4812 εἰ
1473 4760 1530 4812 δὲ
1561 4759 1836 4831 παρακού-

251 4870 414 4919 σετε,
476 4853 664 4931 ἡμῶν,
692 4854 1103 4924 ἀμελήσαντες,
1161 4853 1654 4923 διαμαρτυρόμεθα
1707 4854 1836 4922 ὑμῖν

248 4943 482 4998 ἐνώπιον
513 4945 608 4998 τοῦ
642 4944 908 5014 βασιλέως
938 4943 1044 4998 τῶν
1067 4943 1300 5006 αἰώνων,
1333 4944 1639 5014 ἀφθάρτου,
1671 4945 1837 5014 ἀορά-

246 5051 342 5087 του
365 5075 380 5100 ,
423 5037 586 5106 μόνου
615 5035 782 5104 σοφοῦ
809 5036 944 5090 Θεοῦ
967 5076 982 5100 ,
1017 5035 1114 5088 τοῦ
1142 5034 1391 5096 ἐλθόντος
1424 5035 1518 5088 καλ⁸
1543 5035 1834 5104 ἐπιφανὲν·

249 5141 360 5190 τος,
391 5129 468 5192 ὡς
495 5129 752 5197 ἠθέλησε,
785 5127 876 5182 διὰ
902 5128 1002 5198 τὴν
1029 5129 1305 5198 σωτηρίαν
1332 5127 1510 5198 ἡμῶν,
1548 5127 1644 5181 καὶ
1673 5127 1836 5180 πάλιν

251 5217 551 5288 ἐρχομένου
597 5222 782 5290 κρῖναι
812 5217 1024 5284 ζῶντας
1057 5221 1154 5273 καὶ
1179 5219 1443 5290 νεκροὺς,
1503 5213 1547 5287 ᾧ
1589 5219 1836 5288 κάμπτει

252 5311 360 5362 πᾶν
411 5313 541 5379 γόνυ
599 5313 970 5382 ἐπουρανίων,
1031 5314 1124 5366 καὶ
1173 5312 1462 5379 ἐπιγείων,
1519 5313 1616 5365 καὶ
1665 5329 1835 5366 κατα-

252 5397 479 5470 χθονίων
508 5447 523 5468 ,
581 5407 676 5460 καὶ
722 5408 872 5461 πᾶσα
907 5405 1129 5474 γλῶσσα
1171 5404 1628 5474 ἐξομολογήσεται
1659 5403 1833 5473 αὐτῷ,

253 5493 333 5546 ὅτι
373 5496 548 5550 ’ὀιθῶοί
593 5501 780 5562 ἐσμεν.
832 5498 1026 5568 Ἡμεῖς
1054 5497 1166 5568 γὰρ
1197 5497 1342 5568 ὑμᾶς
1373 5497 1830 5568 παρεκαλέσαμεν

254 5586 380 5654 περὶ
409 5589 628 5642 συνόδου
660 5588 1077 5658 οἰκούμενικῆς,
1129 5587 1228 5658 τῆς
1255 5587 1562 5658 δυναμένης
1589 5589 1832 5659 ἀκριϐῶς

255 5677 520 5738 κρατῦναι
577 5683 672 5734 καὶ
721 5680 1029 5753 ἀνορθῶσαι
1093 5679 1164 5732 τά
1213 5679 1591 5752 σαλευόμενα,
1654 5679 1832 5734 εἴτουν

1935 4663 2084 4733 quod
2109 4678 2168 4717 se
2202 4659 2530 4724 defendunt,
2563 4666 2626 4712 ut
2653 4657 2830 4716 aiunt.
2855 4669 2966 4708 non
3003 4653 3196 4724 paucis
3223 4652 3516 4717 insultant;

1935 4755 2116 4810 donec
2139 4770 2204 4808 ea
2253 4752 2442 4807 omnia
2481 4767 2605 4820 quae
2635 4749 2704 4804 ad
2735 4748 2899 4802 ﬁdem
2933 4747 3237 4816 pertinent,
3295 4761 3521 4816 compo-

1933 4856 2158 4901 nantur.
2183 4844 2338 4912 Quod
2376 4844 2419 4898 si
2438 4853 2687 4898 nostram
2711 4840 3176 4911 supplicationem
3211 4855 3314 4908 pro
3339 4840 3520 4894 nihilo

1934 4937 2266 5008 habueritis,
2307 4951 2404 4990 vos
2440 4950 2626 4989 coram
2653 4931 2954 4986 immortali
2994 4931 3322 4985 saeculorum
3348 4930 3514 5000 Rege,

1937 5029 2225 5093 invisibili,
2255 5029 2374 5082 solo
2413 5027 2664 5097 sapiente
2707 5027 2821 5080 Deo
2849 5023 2892 5090 ’⁵,
2933 5023 3028 5094 qui
3071 5030 3272 5076 nostrae
3327 5021 3520 5076 salutis

1933 5138 2100 5177 causa
2130 5120 2440 5184 descendit,
2467 5127 2542 5186 et,
2567 5125 2628 5172 ut
2652 5115 2847 5181 voluit,
2875 5117 3021 5170 inter
3045 5113 3302 5168 homines
3352 5127 3519 5182 appa-

1935 5218 2073 5281 ruit,
2111 5228 2168 5273 et
2205 5215 2662 5288 adjudicandum
2689 5215 2845 5268 vivos
2898 5219 2955 5268 et
2981 5218 3234 5266 mortuos
3261 5210 3280 5240 ⁵
3315 5209 3518 5263 iterum

1935 5318 2212 5364 venturus
2274 5317 2396 5374 est;
2453 5307 2542 5362 cui
2574 5321 2739 5360 omne
2791 5320 2932 5376 genu
2983 5303 3522 5367 incurvatur,cmle-

1935 5403 2126 5465 stium,
2151 5401 2500 5456 terrestrium
2551 5407 2607 5454 et
2632 5399 3018 5464 infernorum;
3045 5404 3102 5451 et
3134 5395 3518 5465 omnislingua

1939 5496 2235 5551 conﬁtetur
2259 5495 2316 5561 ⁶;
2348 5493 2680 5549 innocentiae
2719 5500 2922 5546 nostrae
2955 5498 3122 5545 testes
3155 5488 3516 5558 appellamus.

1938 5589 2050 5644 Nos
2074 5589 2223 5643 enim
2247 5603 2348 5642 vos
2379 5587 2446 5642 de
2474 5584 2819 5642 (ecumenica
2846 5583 3057 5653 synodo
3084 5581 3328 5652 cogenda
3357 5595 3518 5649 roga-

1915 5679 2144 5746 ‘vimus,
2175 5696 2298 5750 quae
2331 5679 2614 5749 aptissime
2641 5684 2829 5748 posset
2854 5672 3210 5729 constabilire
3229 5679 3284 5726 et
3303 5671 3520 5742 erigere

327 5829 346 5859 ¹
375 5830 565 5889 Matth.
621 5851 743 5891 xxv.
777 5834 866 5890 23.
943 5835 964 5867 ³
1007 5834 1347 5902 Act.vn,55.
1422 5834 1490 5889 ’⁵1
1528 5834 1666 5888 Tim.
1701 5851 1738 5901 ι,
1789 5837 1839 5888 Η

1949 5838 1968 5867 δ
2002 5835 2123 5889 Act.
2165 5851 2216 5898 κ,
2262 5834 2349 5887 ιο.
2433 5836 2452 5865 θ
2489 5833 2727 5906 Philipp.
2776 5849 2835 5900 ιι,
2891 5834 2976 5889 ιο.

2319 5919 2348 5936 δ
