4052 6358
417 288 547 361 14⁷81
1886 310 2017 376 ΝΟΊ

2072 316 2219 378 ΤῙΑ-
2462 326 2469 333 ’
3446 367 3457 376 -
3534 334 3672 405 1482

408 409 628 479 (scribit
659 412 846 467 nescio
904 413 1031 484 quis
1063 426 1127 469 ex
1157 416 1451 489 sectariis)
1486 419 1965 494 Constantinopoli
2006 429 2231 483 allatum
2266 429 2322 483 in
2362 432 2743 489 vetustissimo
2781 438 3158 511 manuscripto
3205 447 3506 518 exemplari
3543 462 3671 509 ante

405 513 613 552 annum
659 501 796 555 i586
844 503 1098 558 ediderat
1140 523 1265 561 cum
1297 523 1393 563 sua
1441 511 1696 568 versione
1728 513 1924 570 Latina
1964 517 2294 573 Theodorus
2327 519 2487 588 Beza,
2524 524 2920 597 continereque
2950 501 3203 601 Opposita
3251 533 3321 591 iis
3352 501 3445 607 qui
3476 553 3668 597 nostro

409 595 659 654 tempore
712 588 956 675 haereses
1013 593 1255 650 Nestorii
1291 605 1348 651 et
1390 598 1715 671 Eutychetis
1744 616 2110 671 renovarunt,
2154 623 2293 678 quas
2335 619 2533 667 auctor
2577 612 2669 668 ille
2714 625 2897 681 vetus,
2929 588 3185 688 quamvis
3210 588 3413 696 exigtio
3436 632 3669 700 scripto,

409 675 579 700 ...|:.l-
625 680 825 700 _-r-II:.
906 682 922 700 ι
1089 687 1144 700 Α.
1205 687 1217 700 ο
1259 689 1291 700 Α.
1348 690 1471 700 ...ΛΑ
1511 693 1544 700 ..
1597 693 1608 700 .
1826 696 1857 700 _
1905 696 1946 700 μ-
2157 699 2160 700 ,

404 675 580 730 solide
625 680 851 763 refellit.
890 682 1054 740 Anno
1085 687 1295 743 Christi
1340 690 1475 745 1599
1509 693 1789 750 Robertus
1826 696 2110 754 Balforeus
2142 675 2362 767 Sbotus,
2393 703 2712 774 Aquitanici
2745 675 2961 780 collegii
2994 675 3669 790 Burdigalieog—yvmntiasiar

402 771 526 837 cha,
553 776 811 832 eumdem
838 787 1132 838 tractatum
1160 784 1348 840 emisit
1376 788 1520 858 typis
1544 788 1778 856 Morelli,
1807 808 1916 849 una
1942 810 2069 849 cum
2103 796 2308 853 Gelasii
2334 771 2588 873 Cyziceni
2622 803 2856 858 historia
2889 771 3110 862 concilii
3406 815 3668 887 adjuncta

305 861 313 868 ’
398 868 566 921 etiam
611 883 710 923 sua
751 873 1009 955 versione
1054 875 1272 940 Latina,
1321 878 1645 951 addiditque
1693 894 1853 940 notas
1893 895 1951 941 et
2010 890 2391 946 corrcctiones
2420 908 2486 948 ex
2521 896 2900 966 manuscripto
2933 901 3233 970 exemplari
3256 902 3409 964 Petri
3442 861 3665 973 Siellaa;

398 979 617 1018 necnon
641 949 900 1021 eumdem
938 967 1189 1024 libellum
1216 980 1377 1026 antea
1410 971 1465 1026 in
1492 949 1739 1045 linguam
1772 976 2026 1032 Latinam
2068 981 2427 1037 transtulerat
2455 984 2790 1043 Godel‘ridus
2805 949 3146 1046 ‘Tilmanuurs
3177 991 3483 1052 Carthusite
3511 952 3665 1053 Pari:

400 1058 601 1113 siensis
642 1062 951 1116 monachus
989 1065 1148 1134 cujus
1176 1066 1488 1121 versionem
1534 1080 1670 1125 tom.
1700 1072 1815 1128 VIII
1854 1073 2206 1131 bibliotheca:
2242 1086 2444 1133 sanctae
2478 1079 2821 1151 Margarinus
2865 1082 3121 1154 Bignseus
3171 1094 3432 1159 tanquam
3468 1093 3663 1159 praefa-

400 1150 605 1203 tionem
634 1151 789 1207 libris
817 1153 1093 1208 Anastasii
1123 1154 1350 1213 Sinaitze
1391 1160 1719 1229 patriarcha
1750 1162 2082 1223 Antiocheni
2115 1167 2367 1237 praefixit.
2408 1170 2488 1226 Ex
2524 1150 2630 1226 hoc
2673 1173 2815 1228 libro
2853 1150 3115 1231 nonnulla
3149 1150 3437 1235 mutuatur
3466 1150 3665 1237 Suidas

396 1241 452 1294 in
482 1240 721 1308 Maneto,
754 1244 1042 1315 multoque
1065 1247 1224 1317 plura
1261 1248 1331 1304 de
1358 1251 1528 1307 Paulo
1563 1252 1946 1323 Samosateno,
1979 1259 2307 1329 Apollinari,
2345 1261 2641 1317 Theodoro
2673 1263 3087 1332 Mopsuesteno,
3116 1276 3173 1323 et
3209 1269 3354 1337 aliis,
3390 1270 3666 1343 Georgius

393 1332 681 1390 Cedrenus
708 1338 761 1391 in
796 1337 1115 1396 Aureliano.

462 1434 654 1490 Eidem
701 1435 871 1491 etiam
911 1436 1237 1493 attribuitur
1276 1440 1606 1509 opusculum
1652 1441 1751 1507 Tt;
1798 1442 1959 1514 φύσις
1995 1465 2062 1502 κα

2058 1448 2089 1500 tt
2120 1447 2315 1515 ,oboia,
2360 1447 2490 1515 Qua:
2526 1452 2593 1505 sit
2631 1463 2828 1508 natura
2862 1463 2912 1508 et
2947 1457 3190 1512 essentia.
3225 1456 3286 1513 P.
3320 1458 3394 1514 Τὸ
3436 1460 3536 1532 μὲν
3562 1465 3658 1536 τῆς

389 1526 576 1588 οὐσίας
624 1525 816 1596 ὄνομα,
873 1527 1044 1598 αὐτὴν
1092 1528 1191 1601 τὴν
1232 1529 1425 1600 κλῆσίν
1470 1550 1616 1604 φημι
1655 1536 1751 1588 καὶ
1787 1536 1887 1607 τὴν
1933 1555 1989 1610 πε

2056 1541 2326 1610 ςηγορὶαν.
2377 1542 2603 1598 Necnon
2638 1552 2694 1599 et
2755 1546 2906 1600 aliud
2967 1549 3057 1605 cui
3101 1550 3348 1606 titulus:
3383 1553 3656 1626 Σύντομος

389 1619 652 1688 ἐξήγησις
692 1619 785 1672 καὶ
828 1619 1082 1690 διήγησις
1122 1622 1250 1693 περὶ
1294 1622 1387 1676 τοῦ
1432 1625 1732 1697 τριμεροῦς
1776 1628 1875 1698 τῆς
1927 1629 1989 1700 ψι

2056 1633 2126 1702 ἧς.
2170 1632 2554 1704 Compendiosa
2603 1639 2876 1706 expositio,
2932 1640 3016 1694 vel
3053 1645 3325 1697 enarratio
3365 1634 3430 1698 de
3461 1619 3656 1718 triplici

387 1708 645 1783 facul‘ate
689 1713 904 1765 animat.
961 1712 1022 1765 P.
1078 1712 1203 1765 Ὅτι
1248 1714 1401 1784 τρισί
1434 1715 1573 1785 μέρη
1624 1717 1724 1787 τῆς
1775 1718 1953 1789 ψυχῆς

2104 1723 2280 1790 ισμὸς,
2340 1723 2531 1794 θυμὸς,
2585 1726 2873 1796 ἐπιθυμία.
2914 1729 3029 1784 Hoc
3067 1747 3200 1786 vero
3230 1708 3570 1803 postremum
3598 1739 3652 1793 in
3701 1803 3704 1806 γ

383 1800 665 1870 aliquibus
700 1800 990 1855 codicibus
1032 1802 1423 1871 manuscriptis
1453 1803 1770 1859 vindicatur
1805 1806 2088 1877 Stephano
2115 1810 2548 1876 Nicomediensi,
2586 1812 2641 1866 in
2680 1815 2802 1870 aliis
2836 1817 3035 1873 Joanni
3062 1800 3421 1880 Damasccno.
3457 1819 3654 1886 Posse-

383 1895 546 1946 vinus
579 1892 858 1946 existimat
893 1891 959 1945 ad
994 1891 1142 1946 hunc
1169 1920 1174 1926 ο
1198 1892 1554 1948 Theodorum
1607 1895 1897 1950 referenda
1927 1913 2072 1961 esse,
2127 1915 2252 1968 quae
2296 1898 2619 1957 Gennadius
2662 1903 2717 1957 in
2753 1907 3001 1977 catalogo
3022 1908 3091 1965 de
3124 1910 3421 1970 Theodoro
3452 1916 3681 1973 Antio..
3754 1938 3761 1943 -

380 1986 560 2039 (heno
592 1983 808 2037 scribit.
842 1982 948 2038 Sed
974 1984 1135 2050 plane
1163 1983 1605 2054 Mopsuestenum
1630 2002 1754 2041 cum
1782 1988 2057 2043 Raitheno
2084 1989 2410 2057 confundit;
2445 2000 2504 2046 ut
2534 1994 2682 2048 enim
2704 2010 2871 2065 supra
2893 1998 3158 2063 vidimus,
3192 2018 3316 2073 quae
3347 2006 3417 2062 de
3450 2009 3651 2065 Antio-

379 2077 561 2130 cheno
610 2075 778 2129 tradit
823 2075 1159 2142 Gennadius,
1209 2076 1277 2131 ad
1324 2078 1777 2148 Mopsuestenum
1812 2080 2155 2137 referuntur.
2202 2082 2393 2153 Neque
2432 2084 2663 2141 meliore
2701 2086 2858 2144 lance
2889 2089 3215 2150 Gesneriani
3252 2099 3651 2167 epitomatores

378 2167 526 2221 hunc
576 2164 928 2219 Theodorum
980 2180 1010 2219 a
1060 2164 1353 2220 Theodoro
1397 2168 1722 2239 presbytero
1779 2168 2052 2224 Raitheno
2104 2170 2381 2226 dividunt.
2427 2171 2707 2229 Theodori
2761 2178 3070 2249 presbyteri
3118 2164 3375 2240 Raitheni
3425 2188 3652 2249 libellus

375 2257 647 2312 adversus
703 2257 961 2321 ha-reses,
1019 2257 1113 2326 qui
1173 2260 1432 2314 unionem
1484 2260 1886 2332 hypostaticam
1929 2263 2163 2318 duarum
2223 2266 2278 2319 in
2321 2265 2544 2321 Christo
2589 2278 2911 2327 naturarum
2957 2289 3368 2348 oppugnarunt,
3407 2284 3649 2354 primum

374 2351 561 2407 Graece
592 2350 796 2412 editus,
828 2359 883 2404 et
913 2349 1140 2407 Latinus
1170 2350 1348 2406 iactus
1387 2368 1415 2406 a
1455 2352 1748 2408 Theodoro
1774 2353 1912 2409 Beza
1945 2354 2062 2410 in-4
2092 2355 2326 2412 Genevaa
2366 2359 2522 2414 1576.
3099 2366 3111 2378 ⁸

445 2443 679 2513 Scripsit
717 2452 987 2512 praeterea
1031 2443 1294 2514 pleraque
1332 2443 1459 2512 alia,
1504 2445 1708 2515 quibus
1755 2445 2092 2501 catholicum
2137 2447 2336 2520 dogma
2385 2450 2755 2507 confirmavit.
2798 2452 3081 2543 Laudatur
3113 2458 3262 2516 illius
3305 2463 3645 2534 Δογματικδς

370 2534 552 2603 ὶόγος,
611 2535 927 2606 Dogmatica
988 2537 1182 2601 oratio,
1231 2544 1288 2591 et
1329 2552 1396 2592 ex
1433 2553 1498 2592 ea
1532 2537 1714 2608 aliqua
1738 2537 2105 2596 aﬂ'eruntura
2132 2541 2342 2598 Joanne
2377 2543 2556 2599 Vccco
2592 2546 2905 2614 patriarcha
2950 2538 3559 2627 constantinopolitano
3589 2562 3643 2616 in

369 2631 710 2703 epigraphis.
758 2630 1032 2701 Θεόδωρος
1063 2633 1092 2684 6
1121 2632 1224 2701 τῆς
1262 2633 1478 2687 Ῥαῖοοὖ
1514 2634 1887 2705 πρεσϐύτερος
1936 2637 1995 2689 ἐν
2042 2636 2121 2709 τῷ
2166 2637 2484 2711 δογματικῷ
2534 2641 2678 2713 λόγῳ
2728 2644 2917 2711 αὐτοῦ,
2965 2641 3027 2701 οὗ
3075 2650 3108 2719 ή
3165 2652 3328 2723 ἀρχὴ,
3380 2655 3646 2712 ’Ἄτοπον

367 2721 529 2793 οἶμαι
560 2721 658 2776 καὶ
682 2722 878 2789 καλῶς
901 2741 969 2791 γε
1003 2723 1178 2777 τοῦτο
1198 2727 1505 2794 νενόμικα.
1545 2725 1841 2781 Theodorus
1877 2725 1967 2782 Ra:

2042 2743 2178 2783 enus
2211 2730 2479 2802 presbyter
2506 2733 2561 2784 in
2585 2734 2885 2802 dogmatica
2908 2753 3005 2792 sua
3033 2721 3469 2816 oratione,ﬁcujus
3492 2750 3642 2818 prin-

366 2820 584 2889 cipium,
620 2829 729 2875 etc.
760 2821 839 2875 Ex
864 2821 1058 2876 eadem
1086 2820 1403 2877 referuntur
1430 2821 1635 2893 aliqua,
1663 2838 1784 2892 cap.
1814 2823 1869 2885 2,
1902 2824 1956 2889 4,
1990 2824 2045 2889 5,
2070 2823 2103 2879 6
2124 2833 2180 2879 et
2207 2826 2257 2879 7.
2280 2825 2591 2882 Adnotatur
2616 2835 2796 2883 tamen
2828 2831 2884 2885 in
2906 2834 3152 2905 margine
3180 2838 3372 2894 nescio
3406 2856 3438 2896 a
3473 2858 3586 2913 quo
3625 2863 3637 2898 :
3686 2916 3689 2919 _

367 2916 494 2969 Ὅτι
524 2917 582 2970 τὸ
615 2916 791 2987 στόμα
811 2915 905 2970 τοῦ
943 2917 1156 2990 Πατρὸς
1182 2919 1211 2971 6
1248 2917 1374 2980 Υἱός
1398 2956 1413 2970 .
1449 2918 1612 2988 Ζήτει
1640 2919 1698 2971 ἐν
1722 2917 1804 2988 τῷ
1833 2917 2150 2990 δογματικῷ
2178 2919 2322 2991 λόγῳ
2364 2920 2643 2993 Θεοδώρου
2684 2925 3060 3000 πρεσϐυτέρου
3095 2931 3196 3000 τῆς
3235 2933 3476 3002 Ῥαῖϐοῦ,
3513 2934 3574 2993 οὗ
3606 2943 3638 3012 ἡ

362 3012 531 3083 ἀρχὴ,
564 3014 820 3065 Ἄτοπον
846 3007 1007 3082 οἶμαι
1030 3029 1045 3042 ⁸
1104 3012 1211 3066 ἴσθι
1253 3012 1309 3065 δὲ
1357 3012 1439 3066 ὅτι
1479 3013 1573 3066 καὶ
1605 3016 1633 3067 6
1664 3013 1760 3083 τὴν
1795 3015 2080 3086 παροῦσαν
2109 3016 2307 3087 χρῆσιν
2350 3018 2624 3089 περιέχων
2651 3019 2829 3089 λόγος,
2861 3023 2920 3075 ἕν
2957 3041 3066 3079 τισι
3094 3019 3325 3097 βιϐλίοις
3352 3035 3445 3086 τοῦ
3480 3007 3638 3105 ἁγίου

375 3104 737 3169 ’Δνᾳστασίου
766 3103 1194 3174 ἐπιγέγραπται.
1239 3101 1306 3157 Os
1336 3104 1505 3173 patris
1539 3118 1647 3157 esse
1671 3101 1889 3170 Filium,
1918 3121 1975 3175 qs

2040 3106 2139 3159 rito
2181 3107 2238 3159 in
2279 3108 2518 3162 oratione
2553 3110 2851 3181 dogmatica
2895 3112 3150 3171 Theodori
3184 3121 3471 3193 presbyteri
3511 3101 3640 3182 liui-

360 3198 524 3262 theni,
551 3199 703 3266 cuius
728 3204 805 3251 est
826 3198 1141 3268 principium
1173 3213 1190 3251 :
1228 3199 1463 3251 ’Ἄτοπον
1491 3192 1666 3267 οἶμαι.
1711 3198 2078 3254 Verumtamen
2114 3203 2264 3266 scito,
2306 3218 2537 3272 prwsens
2561 3207 2656 3259 hoc
2681 3206 2879 3262 dictum
2917 3213 3270 3270 continentem
3315 3220 3629 3304 orationem,

356 3289 414 3345 in
439 3290 698 3362 aliquibus
732 3290 988 3344 codicibus
1009 3297 1192 3343 sancto
1225 3291 1506 3344 Anastasio
1543 3292 1752 3345 ascribi.
2997 3318 3003 3324 η

431 3384 623 3437 Eidem
672 3399 896 3453 quoque
942 3383 1210 3437 asseritur
1264 3397 1404 3453 opus
1457 3384 1594 3454 Περὶ
1639 3384 1747 3436 τῶν
1784 3384 1908 3438 καθ’
1957 3385 2031 3456 ήμ

2032 3386 2104 3449 γᾶς
2150 3385 2327 3458 ὀρθῶν
2369 3387 2465 3458 τῆς
2486 3387 2749 3459 ¹ἀληθείας
2783 3390 3091 3464 δογμάτων.
3123 3395 3197 3451 De
3223 3402 3375 3456 rectis
3400 3405 3632 3463 veritatis

354 3477 645 3531 secundum
684 3493 777 3531 nos
819 3479 1168 3548 dogmatibus.
1208 3478 1449 3533 Joannes
1494 3480 1706 3534 Veccus
1743 3479 1798 3533 in
1840 3481 1954 3551 epig

2033 3482 2156 3551 phis
2196 3497 2317 3552 cap.
2362 3483 2389 3536 1
2429 3501 2445 3545 τ,
2474 3484 2749 3557 Θεόδωρος
2793 3491 2820 3541 6
2858 3490 2957 3559 τῆς
3009 3492 3633 3570 Ῥαῖθοῦίπρεσῦύτερος

356 3570 488 3637 περὶ
522 3568 628 3620 τῶν
657 3568 777 3621 καθ’
816 3571 962 3639 ἡμᾶς
998 3563 1175 3638 ὸρῡῶν
1197 3572 1297 3640 τῆς
1321 3570 1579 3639 ἀληθείας
1599 3571 1889 3642 δογμάτων
1921 3572 2211 3639 θεολογῶν,
2248 3575 2383 3645 φησζ
2417 3591 2431 3605 ⁸
2466 3576 2576 3630 Τοῦ
2603 3577 2671 3629 δὲ
2700 3580 2995 3649 σώματος,
3032 3586 3125 3637 καὶ
3163 3587 3231 3641 τὰ
3275 3563 3423 3658 ἑξῆς.
3472 3563 3633 3649 Theo.

351 3660 516 3713 dorus
545 3659 832 3715 Raithenus
861 3661 1131 3732 presbyter
1163 3662 1227 3715 de
1257 3664 1408 3716 rectis
1443 3665 1681 3717 veritatis
1709 3664 2041 3734 dogmatibus
2070 3665 2356 3722 edisserens
2380 3670 2665 3723 secundum
2700 3688 2811 3731 nos.
2854 3677 2930 3728 ait
2964 3692 2982 3729 :
3010 3676 3267 3749 Corporis
3318 3698 3470 3745 vero,
3519 3694 3627 3746 etc.

353 3757 472 3811 Hoc
530 3741 752 3827 quoque
798 3757 853 3811 in
894 3758 1127 3811 dubium
1175 3759 1413 3813 vertitur
1450 3775 1518 3813 an
1566 3759 1843 3814 Theodori
1877 3759 1949 3814 sit
1978 3777 1991 3813 :
2020 3776 2260 3832 namque
2293 3773 2593 3819 annotatur
2620 3764 2674 3818 in
2728 3758 2974 3838 margine
3007 3787 3020 3822 :
3051 3772 3150 3824 Ἕν
3184 3790 3293 3825 τισι
3333 3773 3563 3844 poliat;
3593 3783 3625 3851 ἡ

353 3852 637 3920 ἐπιγραφὴ
683 3849 775 3903 τὸν
831 3848 1185 3904 Ἀναστάσιον
1227 3851 1338 3922 ἔχει
1363 3867 1377 3880 ·
1409 3851 1474 3906 In
1504 3851 1816 3922 quibusdam
1837 3850 1953 3905 libri

2022 3853 2282 3922 inscriptio
2315 3853 2598 3909 Anastasio
2629 3858 2831 3912 tribuit.
2876 3856 3117 3915 Adverte
3163 3869 3373 3930 tamen,
3427 3848 3622 3934 lector,

354 3950 471 3996 tum
524 3944 628 3999 hoc
676 3944 745 3998 de
798 3943 1170 4014 dogmatibus,
1222 3946 1337 3997 tum
1382 3943 1661 4013 superius,
1701 3942 2009 3996 orationem
2050 3958 2252 4013 nempe
2298 3944 2685 4015 dogmaticam,
2727 3963 2901 4015 unum
2954 3949 3214 4021 idemque
3249 3968 3390 4023 Opus
3429 3956 3622 4017 fuisse,

233 4043 245 4053 '
350 4053 532 4107 neque
561 4037 841 4092 diversum
879 4038 949 4093 ab
977 4054 1065 4101 eo,
1098 4038 1245 4108 quod
1292 4054 1323 4092 a
1348 4037 1600 4093 Bali'oreo
1624 4037 1810 4093 Graece
1840 4049 1897 4093 et
1920 4038 2115 4093 Latine
2149 4041 2359 4095 editum
2387 4050 2493 4108 est,
2517 4043 2669 4112 quod
2696 4060 2762 4098 ex
2796 4044 3069 4116 principio
3092 4049 3281 4118 operis
3306 4051 3527 4123 colligo.
3555 4051 3624 4110 Et

346 4130 560 4188 Vcccus
591 4134 707 4203 ipse
735 4131 787 4186 in
828 4132 1163 4204 epigraphis,
1202 4146 1322 4201 cap.
1362 4134 1393 4186 7
1422 4147 1491 4187 ex
1524 4126 1757 4187 tractatu
1787 4132 1862 4187 De
1885 4133 1944 4186 In

2017 4133 2270 4189 rnatione
2309 4136 2637 4190 sententiam
2677 4138 2859 4192 aﬂ‘ert.
2901 4136 3176 4213 Θεόδωροξ
3202 4144 3231 4195 6
3257 4143 3357 4212 τῆς
3398 4146 3617 4229 Ῥαῖθοῦ

346 4230 718 4300 πρεσϐύτερος
743 4232 798 4280 ὲν
829 4225 910 4290 οἷς
938 4229 1137 4300 γράφει
1172 4229 1637 4299 προπαρασκευήν
1660 4246 1720 4282 τε
1756 4231 1850 4282 καὶ
1880 4230 2190 4299 γυμνασίαν
2228 4231 2305 4302 τῷ
2345 4232 2654 4305 βουλομένῳ
2703 4235 2894 4304 μαθεῖν
2923 4237 3007 4301 τίς
3053 4238 3082 4289 6
3114 4239 3313 4308 τρόπος
3348 4242 3446 4312 τῆς
3468 4225 3618 4304 Oeta;

347 4322 843 4393 ἑνανθρωπήσεωςζ
868 4312 986 4401 abi)
1016 4320 1179 4391 ἀρχὴ,
1214 4322 1477 4374 Ἄτοπον
1511 4314 1671 4388 οἶμαι
1699 4318 1797 4372 καὶ
1825 4323 1947 4372 καλε

2016 4340 2023 4353 -
2059 4338 2125 4390 γε
2163 4321 2338 4375 τοῦτο
2370 4323 2678 4391 νενόμικα.
2718 4322 3011 4379 Theodorus
3038 4325 3327 4383 Raithenus
3348 4333 3616 4403 presbyter

343 4415 575 4469 scribens
594 4396 1038 4483 prwparationem
1067 4421 1112 4465 et
1155 4412 1602 4474 exercitationem,
1638 4414 1869 4483 cupienti
1897 4413 2168 4468 addiscere
2203 4414 2416 4467 modum
2445 4415 2850 4481 incarnationis,
2882 4418 3032 4487 cujus
3068 4421 3384 4491 principium
3411 4438 3429 4475 .·
3459 4425 3615 4479 "Aro-

345 4524 448 4560 πον
477 4502 649 4573 οἶμαι.
683 4503 751 4556 Et
787 4502 954 4556 verba
980 4517 1047 4556 ex
1071 4502 1366 4572 hoc-opere
1389 4502 1625 4557 adducta
1653 4503 1845 4557 eadem
1876 4514 2006 4558 sunt
2035 4519 2157 4573 quae
2195 4520 2363 4574 supra
2397 4503 2705 4589 adduxerat
2732 4521 2800 4560 ex
2822 4508 3071 4566 oratione
3102 4511 3250 4567 illius
3280 4512 3609 4587 dogmatica.

345 4601 485 4654 Ilinc
516 4597 757 4668 primum
790 4595 987 4659 infero,
1013 4594 1161 4650 edita
1196 4611 1225 4649 a
1258 4594 1528 4657 Balforco,
1567 4611 1596 4649 a
1630 4596 1916 4651 nonnullis
1945 4597 2234 4651 Anastasro
2267 4613 2488 4667 quoque
2524 4597 2722 4665 tribui;
2757 4600 3083 4666 secundum,
3121 4611 3414 4661 tractatum
3457 4608 3610 4662 mum

317 4664 411 4746 ‘de
449 4664 797 4759 dogmatibus
844 4695 900 4741 et
952 4687 1257 4741 orationem
1291 4687 1462 4756 ipsam
1511 4687 1875 4757 dogmaticam
1910 4703 2078 4742 unum
2124 4703 2265 4758 opus
2310 4688 2519 4755 luisse;
2572 4690 2820 4755 tertium,
2873 4700 3163 4747 tractatum
3215 4695 3368 4751 illum
3410 4694 3619 4789 multas:

341 4791 529 4854 partes
560 4782 613 4834 in
638 4796 694 4834 se
732 4779 1011 4843 habuisse,
1041 4786 1097 4833 et
1119 4795 1183 4833 ex
1212 4779 1279 4832 iis
1312 4793 1475 4832 unam
1515 4787 1725 4833 tantum
1769 4780 2142 4850 promulgasse
2176 4779 2510 4835 Balforeum.

417 4895 698 4951 Laudatur
722 4893 852 4947 item
880 4893 1127 4964 ejusdem
1161 4894 1340 4947 oratio
1370 4895 1615 4949 secunda
1637 4894 1716 4949 De
1753 4896 2092 4968 indescripto,
2150 4899 2287 4970 Περὶ
2314 4899 2622 4971 ἀγράπτου.
2671 4901 2886 4959 Veccus
2925 4904 2981 4960 in
3007 4908 3347 4980 epigraphis,
3379 4928 3503 4985 cap.
3534 4912 3565 4972 7
3591 4935 3602 4971 :

337 4988 687 5059 Θεόδωροςο
734 4990 831 5057 τῆς
886 4987 1098 5040 Ῥαῖϐοὖ
1157 4986 1527 5058 πρεσϐύτερος
1570 4991 1627 5041 ἐν
1672 4988 1750 5059 τῷ
1796 4990 1922 5060 περὶ
1964 4991 2253 5061 ἀγράπτου
2293 4992 2534 5064 δευτέρῳ
2577 4992 2743 5066 λόγῳ,
2784 4989 2844 5049 οὗ
2884 4999 2918 5067 ἡ
2948 4999 3110 5071 ἀρχὴ.
3144 5002 3348 5057 Πάντα
3411 5007 3605 5076 τολμᾷ
3673 5026 3681 5033 '

306 5084 591 5155 ’γλῶσσα
638 5083 834 5137 δολία.
876 5083 1172 5138 Theodorus
1204 5082 1494 5138 Railltenus
1534 5086 1805 5156 presbyter
1848 5081 1906 5140 in
1947 5087 2179 5141 secunda
2222 5090 2463 5143 oratione
2507 5088 2585 5143 De
2602 5090 2931 5163 “indescripto
2964 5094 3040 5163 (3)
3079 5095 3231 5164 cujus
3255 5099 3599 5170 principium,

334 5176 486 5230 Nihil
513 5191 624 5230 non
649 5175 817 5229 audet
851 5174 1043 5249 dolosa
1067 5174 1272 5245 lingua.
1299 5175 1368 5229 Et
1398 5175 1494 5229 lib.
1527 5194 1544 5232 ι
1584 5176 1651 5231 ad
1686 5177 1928 5248 Sugdaem

1995 5177 2316 5232 'heodorum
2346 5179 2668 5250 episcopum
2704 5198 2718 5234 :
2765 5180 2822 5235 Ὀ
2844 5182 2944 5251 τῆς
2982 5183 3200 5239 Ῥαῐθοῦ
3225 5188 3595 5262 πρεσϐύτερος

336 5273 637 5342 θεόδωρος,
657 5274 685 5325 ὁ
712 5246 1214 5340 δογματικώτατος,
1251 5273 1309 5324 ἐν
1334 5273 1409 5341 τῷ
1434 5274 1564 5344 περὶ
1595 5246 1882 5344 ἀγράπτου
1911 5272 2056 5343 λόγῳ
2084 5274 2251 5328 αὐτοῦ
2289 5246 2698 5345 δευτέρῳ-οὔτω
2736 5246 2909 5345 φησίν.
2926 5292 2940 5306 ο
2979 5278 3237 5349 Οῑδαμεν
3255 5246 3351 5337 οἵα
3372 5246 3617 5367 λέγέινζν,

334 5367 432 5421 καὶ
459 5369 527 5420 τὰ
555 5366 702 5437 ἑξῆς.
758 5365 1047 5421 Raithenus
1087 5365 1356 5437 presbyter
1398 5366 1695 5422 Theodorus
1740 5368 1796 5421 in
1837 5367 2066 5423 secunda
2100 5384 2199 5422 sua
2236 5368 2476 5435 oratione
2497 5366 2575 5421 De
2618 5367 2935 5441 indescripto
2971 5371 3139 5427 dicit:
3161 5373 3377 5430 Scimus
3412 5378 3595 5445 qualia

411 5546 779 5639 (3)1nscr'ipto
818 5545 908 5600 hic
931 5555 988 5639 Et
1029 5562 1165 5631 mox.
1189 5548 1383 5639 schibit
1416 5549 1679 5639 A‘llantius;
1725 5550 1820 5639 sed
1858 5547 2741 5639 tamen“.dicelndum’esseypotius
2756 5550 3081 5639 indescripto
3116 5557 3505 5639 cognoscitur,
3534 5568 3597 5613 ut

331 5617 492 5691 puto,
515 5633 583 5671 ex
613 5617 764 5694 edito
793 5632 823 5670 a
854 5617 1017 5694 nobis
1053 5619 1418 5694 antirrhetico
1451 5620 1616 5694 1,-25ξἶ
1650 5621 1978 5688 patriarchae
2015 5620 2307 5690 Nicephori
2336 5617 2603 5676 adversus
2634 5617 3041 5692 Copronymuin
3068 5641 3083 5688 ;
3113 5617 3224 5694 quit
3262 5627 3385 5683 loco
3421 5617 3591 5685 ctiam

331 5687 689 5744 nominantur
714 5687 956 5742 haaretici
983 5688 1429 5759 Agraptodocetze
1460 5690 1542 5745 .A.
1574 5691 1643 5745 Μ.

624 5781 892 5840 ruam.
937 5752 1062 5841 an:
1095 5752 1241 5842 XCI.
2546 5752 2549 5753 ί
3051 5787 3130 5848 t7
