4052 6364
489 273 634 340 1483

1627 261 2020 349 THEODOBI
2068 261 2592 326 RAITHUENSIS

3633 269 3754 333 1&8!

487 387 693 449 dicere,
731 391 839 442 etc.
864 381 1056 454 Neque
1081 379 1313 437 alterius
1339 393 1463 435 esse
1484 387 1641 448 puto,
1676 392 1801 448 qua:
1835 375 1964 446 περὶ
2001 373 2095 443 τῆς

2195 374 2291 438 ’ίας
2326 376 2577 446 Τριάδος,
2605 376 2668 430 de
2691 385 2878 432 sancta
2922 377 3202 445 Trinitate,
3248 379 3514 450 leguntur
3544 381 3604 434 in
3643 382 3762 436 cod.

487 481 610 536 Vat.
647 477 771 533 620.
806 477 867 532 P.
898 475 1046 530 Μίαν
1074 470 1216 528 εἶναι
1243 473 1352 526 τῶν
1381 473 1521 526 ὅλων
1548 469 1747 541 ἀρχὴν,
1776 466 1871 522 καὶ
1893 467 1927 538 ἡ
1948 463 2161 517 Παλαιὰ
2191 466 2282 518 καὶ
2313 467 2347 537 ἠ
2374 466 2549 538 Καινὴ
2578 467 2818 522 διδάσκει
2853 467 3044 540 Γραφή
3070 467 3172 540 (4).

510 616 529 635 ‘
560 617 637 686 (4)
677 616 799 671 Non
833 615 887 669 in
924 614 1118 686 codice
1146 613 1270 686 Vat.
1296 609 1682 686 tantummodo
1709 606 1844 686 _6_20,
1869 603 2096 686 AfLAiASE’),
2254 607 2420 686 etiam
2435 609 2522 686 __i_n
2551 605 2894 686 Ot_tob._4M,
2917 608 2955 662 f.
2994 609 3117 674 152,
3151 608 3402 686 occurrit
3429 607 3526 662 hic
3563 614 3764 686 tractus

366 706 373 730 τ
488 672 594 742 sub
619 672 911 742 'Theodori
948 685 1196 740 nomine.
1239 683 1346 738 Sed
1377 684 1564 738 verius
1615 682 1672 735 in
1709 681 1832 736 Vat.
1867 674 2032 750 2026,
2071 672 2111 726 f.
2138 674 2242 750 _l85
2264 677 2406 746 gerit
2435 677 2770 750 Theodoreti
2796 694 3024 750 nomen.
3049 672 3304 750 estcuius
3335 693 3537 748 reapse
3568 676 3714 732 libro
3735 695 3762 732 ν

489 756 693 814 Haeret.
723 757 837 812 fab.
862 765 1183 832 excerptum
1221 767 1364 821 esse,
1399 753 1649 823 adeoque
1675 751 1817 806 nihil
1850 743 1982 802 novi
2003 743 2313 813 continere,
2353 762 2457 819 ego
2483 749 2669 819 legens
2691 749 2960 818 comperi.
2992 751 3056 806 A.
3087 749 3158 804 M.

503 946 3742 988 Μ

1649 1111 2616 1230 ΘΕΟΔΩΡΟΥ

1535 1329 2157 1386 ΠΡΕΣΒΥΤΕΡΟΥ
2213 1330 2380 1384 ΤΗΣ
2431 1327 2742 1384 ΡΔῙΘΟΥ

495 1496 978 1567 Προπαρασκευῆ
1011 1514 1098 1561 τις
1140 1496 1237 1550 καὶ
1268 1497 1595 1567 γυμνασία,
1626 1495 1707 1562 τῷ
1731 1473 2093 1562 βουλομένῳ
2137 1491 2353 1562 μαθεῖν
2396 1494 2490 1558 τίς
2541 1495 2574 1546 ό
2618 1491 2840 1561 τρόπος
2871 1488 2984 1559 τῆς
3033 1486 3198 1553 θείας
3232 1481 3770 1554 ἐνανθρωπήσεως.

887 1589 984 1642 καὶ
1017 1589 1384 1656 οἰκονομίας,
1416 1588 1545 1643 καθ’
1579 1589 1654 1643 ὃν
1681 1588 2041 1657 πέπρακται,
2068 1586 2168 1659 καὶ
2191 1585 2328 1638 τίνα
2352 1587 2426 1639 τὰ
2455 1585 2607 1653 πρὸς
2632 1583 2776 1650 τοὺς
2809 1577 3146 1650 ταύτηνμὴ
3169 1573 3361 1648 ὀρθῶς

1199 1682 1494 1747 νοοῦντας
1517 1681 1813 1750 λεγόμενα
1840 1679 1998 1748 παρὰ
2026 1675 2145 1731 τῶν
2181 1674 2293 1744 τῆς
2329 1675 2693 1744 Ἐκκλησίας
2729 1675 3050 1745 τροφίμων.

1653 1983 2638 2121 THEODORI

1453 2234 2018 2296 PRESBYTERI
2087 2228 2828 2296 RHAITHUENSIS

502 2391 898 2472 Prwparatio
937 2386 1216 2469 quadam
1255 2394 1309 2447 et
1361 2385 1736 2446 exercitatio
1787 2384 1856 2444 in
1900 2385 2034 2463 ejus
2078 2383 2350 2461 gratiam
2401 2381 2511 2460 qui
2574 2377 2813 2440 discere
2861 2376 3071 2456 cupit.
3129 2375 3439 2457 quomodo
3486 2378 3665 2460 facta
3702 2377 3782 2441 sit

1109 2487 1476 2550 incarnatio
1515 2484 1756 2556 divina,
1797 2492 1854 2544 et
1887 2501 2022 2562 qua:
2053 2482 2127 2544 ab
2167 2482 2465 2544 Ecclesiae
2501 2479 2774 2540 alumnis
2812 2485 3036 2539 contra
3072 2495 3174 2538 eos

1376 2590 1488 2670 qui
1517 2607 1645 2650 non
1684 2599 1850 2650 recte
1896 2586 1970 2648 de
2013 2607 2081 2648 ea
2117 2597 2470 2661 senserunt,
2515 2585 2688 2647 dicta
2719 2592 2892 2646 sunt.

1599 2759 1908 2820 .Interprete
1932 2755 2198 2806 Frauclsco
2233 2753 2476 2805 Turriano
2498 2752 2557 2803 S.
2603 2753 2648 2802 εἰ.

1412 2887 1702 2958 (ῦΑιιΑΝο.
1736 2885 1847 2942 Vet.
1875 2885 2103 2940 Patrum
2134 2881 2383 2938 Biblioth.
2420 2888 2460 2936 t.
2502 2879 2643 2945 XIII,
2675 2894 2730 2949 p.
2758 2877 2870 2942 21).

565 3181 886 3242 Absurdum
953 3180 1220 3246 arbitror,
1282 3189 1339 3235 et
1387 3186 1540 3234 recte
1591 3177 1818 3248 quidem
1869 3192 1958 3234 me
1999 3193 2088 3232 ar-

2267 3177 2501 3230 Ἀτοπον
2543 3168 2720 3245 οἶμαι,
2757 3172 2852 3227 καὶ
2895 3171 3076 3236 καλῶς
3137 3172 3237 3244 μὲν
3280 3172 3444 3226 τοῦτο
3475 3175 3774 3246 νενόμικα·

494 3275 694 3334 bitrari
729 3271 922 3344 judico
982 3287 996 3323 :
1064 3278 1152 3324 est
1205 3268 1356 3323 enim
1411 3281 1608 3321 revera
1661 3264 1991 3329 absurdum,
2043 3264 2088 3320 si

497 3372 536 3426 ii
593 3366 820 3439 quidem
865 3363 960 3433 qui
1014 3361 1083 3416 ad
1115 3359 1381 3416 tuendum
1421 3357 1777 3414 mendacium
1810 3357 2090 3429 Eutyche-

495 3464 571 3518 tis
617 3469 675 3516 et
723 3455 973 3512 Dioscori
1020 3453 1442 3523 conspirarunt,
1482 3458 1540 3505 et
1573 3457 1769 3505 contra
1796 3449 2089 3524 veritatem

422 3570 428 3576 '
498 3550 854 3616 militant,ita
900 3547 1123 3604 fortiter
1146 3555 1204 3601 et
1231 3545 1528 3616 vigilanter
1557 3543 1731 3598 solam
1780 3543 2086 3598 Ecclesiam

497 3649 594 3720 Dei
653 3645 988 3703 catholicam
1047 3649 1104 3696 et
1164 3638 1530 3710 apostolicam
1601 3645 1966 3708 oppugnant,
2029 3641 2091 3690 ut

479 3754 704 3813 .pueros
734 3753 887 3802 suos,
925 3750 1053 3789 cum
1093 3732 1339 3786 nondum
1373 3727 1690 3798 expeditam
1725 3727 1935 3782 habent
1982 3727 2091 3782 lin-

493 3847 686 3906 gnam,
711 3839 1010 3898 antequam
1047 3832 1180 3880 eant
1208 3821 1278 3876 ad
1308 3819 1606 3891 magistros
1647 3829 1703 3873 et
1744 3819 1926 3890 prima
1970 3817 2090 3871 cle-

492 3933 686 3982 menta
740 3919 1069 3983 didicerint,
1127 3927 1401 3970 exacuere
1429 3920 1487 3967 et
1531 3912 1811 3966 instruere
1863 3918 2086 3972 curent,

496 4027 562 4074 ut
591 4017 781 4072 dicere
808 4021 869 4068 et
887 4010 1087 4066 audire
1115 4006 1335 4078 possint
1358 4001 1460 4075 p'ro
1495 4002 1822 4058 defensione
1863 4001 2091 4072 dogma-

498 4112 574 4168 tis
610 4107 765 4180 quod
818 4105 927 4175 ipsi
958 4099 1356 4172 profitentur:
1400 4111 1503 4149 nos
1548 4109 1688 4177 vero
1743 4094 1818 4147 ita
1867 4092 2090 4148 desides

497 4213 694 4258 sumus
719 4207 777 4254 et
807 4196 1158 4265 languentes,
1186 4199 1248 4245 ut
1281 4204 1385 4244 nec
1417 4187 1523 4242 hoc
1557 4187 1738 4256 ipsum
1764 4185 2090 4240 Studeamus

499 4291 665 4354 scire,
709 4302 834 4359 quae
857 4286 1093 4340 istorum
1141 4282 1214 4338 sit
1257 4287 1453 4334 contra
1487 4276 1801 4333 Ecclesiam
1854 4285 2088 4332 contro-

495 4383 681 4441 versia
709 4399 725 4449 ;
757 4389 813 4436 et
838 4395 908 4434 ex
945 4375 1151 4448 quibus
1182 4371 1358 4428 initiis
1385 4371 1637 4442 ipsorum
1675 4368 1946 4423 adversus
1986 4383 2090 4423 nos

2193 3268 2290 3322 καὶ
2336 3269 2446 3339 γάρ
2489 3268 2638 3322 ἐστιν
2676 3267 2848 3329 ὅντως
2893 3265 3118 3328 ἄτοπον,
3175 3265 3223 3318 εἰ
3270 3259 3418 3319 οὗτοι
3467 3265 3600 3334 μὲν,
3633 3269 3681 3321 οἱ
3725 3265 3778 3332 ἐξ

2194 3360 2462 3430 Εὐτυχέος
2530 3361 2624 3413 καὶ
2667 3359 2962 3430 Διοσκόρου
2997 3357 3075 3428 τῷ
3118 3355 3306 3426 ψεύδει
3362 3358 3774 3428 συνιστάμενοι,
3855 3422 3858 3424 ,

2192 3453 2288 3504 καὶ
2327 3451 2748 3522 στρατευόμενοι
2795 3449 2940 3503 κατὰ
2983 3447 3246 3519 ἀληθείας
3271 3489 3286 3512 ,
3311 3448 3457 3502 οὕτω
3499 3449 3779 3521 καρτερῶς

2181 3543 2289 3596 ικαὶ
2319 3541 2618 3611 ἁγρύπνως
2663 3539 2966 3611 πολεμοῦσι
3015 3539 3117 3612 τὴν
3153 3540 3323 3612 μόνην
3352 3539 3662 3612 καθολικὴν
3691 3541 3777 3593 καὶ

2190 3634 2557 3703 ὰποστολικὴν
2581 3632 2676 3686 τοῦ
2709 3633 2846 3687 Θεοῦ
2884 3632 3212 3704 Ἐκκλησίαν
3232 3648 3246 3662 ·
3270 3631 3414 3686 ὥστε
3436 3634 3538 3686 καὶ
3561 3632 3632 3686 τὰ
3659 3631 3778 3700 παρ’

2191 3729 2379 3791 αὐτοῖς
2411 3728 2602 3781 παιδία
2639 3728 2808 3799 μήπω
2833 3726 3212 3799 τρανωθείσης
3243 3724 3429 3788 αὐτοῖς
3472 3725 3577 3794 τῆς
3612 3722 3779 3784 γλώσ-

2193 3837 2315 3890 σης,
2347 3821 2476 3890 πρὶν
2510 3820 2590 3882 είς
2617 3819 2971 3883 διδασκάλους
3019 3817 3298 3887 φοιτῆσαι,
3340 3815 3436 3867 καὶ
3488 3815 3562 3868 τὰ
3593 3813 3776 3885 πρῶτα

2195 3911 2438 3978 στοιχεῖα
2485 3908 2699 3978 μαθεῖν,
2733 3907 2936 3978 ἁκονᾷν
2993 3922 3054 3958 τε
3099 3905 3196 3958 καὶ
3240 3900 3774 3974 ἐμϐιϐάζειν,ὃπως

2190 4001 2375 4068 λέγειν
2411 4000 2506 4053 καὶ
2558 3998 2782 4052 ἀκούειν
2829 3997 3079 4050 δύναιντο
3119 3995 3260 4065 ὑπὲρ
3297 3991 3390 4045 τοῦ
3430 3979 3566 4062 παρ’
3597 3989 3774 4052 αὐτοῖς

2193 4091 2635 4164 πρεσϐευομένου
2663 4092 2953 4161 δόγματος,
2984 4088 3133 4159 ἡμᾶς
3164 4086 3222 4140 δὲ
3249 4083 3394 4138 οὕτω
3430 4080 3775 4154 καταρρᾳθυ-

2195 4185 2317 4255 μεὶν
2344 4183 2441 4236 καὶ⁵
2472 4181 2953 4242 ἀναπεπτωκέναι,
2987 4179 3062 4243 ὡς
3097 4176 3235 4249 μηδὲ
3269 4174 3403 4228 αὐτὸ
3427 4173 3592 4227 τοῦτο
3621 4189 3776 4225 σπουο

2189 4274 2373 4340 δάζειν
2422 4275 2644 4339 εἰδέναι,
2686 4274 2771 4337 τίς
2828 4275 2862 4344 ἡ
2929 4270 3163 4341 διαφορά
3220 4269 3428 4322 τούτων
3487 4266 3627 4336 πρὸς
3683 4263 3774 4333 τὴν

2203 4367 2553 4439 Ἐκκλησίαν,
2577 4361 2672 4419 καὶ
2701 4366 2765 4418 ὲκ
2787 4364 2954 4417 ποίων
2982 4362 3168 4432 ἀρχῶν
3200 4362 3227 4414 ὁ
3257 4359 3391 4429 πρὸς
3419 4358 3572 4428 ἡμᾶς
3600 4355 3771 4414 αὐτοῖς

500 4447 718 4532 exstitit
740 4447 992 4534 bellum;
1015 4476 1080 4522 et
1107 4463 1204 4536 qui
1237 4463 1349 4519 sint
1375 4477 1570 4517 eorum
1601 4459 1796 4526 duces,
1829 4475 1859 4513 a
1884 4459 2090 4530 quibus

2195 4459 2496 4530 συνέστηκε
2523 4458 2780 4528 πόλεμος,
2817 4457 2966 4520 τίνες
2993 4473 3053 4508 τε
3079 4455 3174 4507 καὶ
3212 4455 3260 4507 οἱ
3299 4451 3576 4524 ἡγεμόνες
3602 4447 3772 4503 αὐτῶν

498 4565 989 4641 cognominantur.
1010 4533 1234 4615 Idcirco
1266 4571 1378 4612 non
1406 4562 1492 4609 est
1527 4551 1912 4607 arbitrantium
1945 4551 2090 4605 otio-

2195 4543 2365 4613 οὗτοι,
2395 4548 2489 4617 ἀφ’
2523 4540 2598 4599 ὧν
2631 4546 2816 4617 ἔχουσι
2850 4543 2950 4615 τὴν
2985 4539 3401 4612 προσωνυμίαν.
3461 4538 3562 4590 Διά
3611 4533 3774 4589 ταῦτα

500 4676 627 4718 sum
656 4673 777 4713 esse
797 4669 1008 4726 ponere
1056 4651 1111 4706 in
1136 4651 1226 4704 his
1260 4647 1530 4708 studium,
1569 4659 1772 4714 neque,
1812 4643 1944 4713 quia
1991 4641 2091 4696 Dei

502 4747 682 4823 gratia
703 4753 762 4802 et
789 4740 1202 4805 benevolentia,
1253 4736 1310 4791 in
1337 4751 1474 4806 pace
1522 4741 1655 4789 sunt
1679 4747 1770 4787 res
1821 4731 2092 4787 ecclesia-

502 4821 678 4904 sticae,
709 4845 767 4893 et
822 4832 1230 4904 tranquillitate
1284 4844 1350 4883 ac
1379 4825 1569 4898 quiete
1626 4824 1901 4888 fruimur,
1939 4821 2093 4878 omni

502 4931 706 4990 haeresi
730 4929 799 4985 de
827 4925 1012 4982 medio
1041 4923 1262 4979 sublata
1311 4928 1366 4974 et
1391 4920 1448 4974 in
1494 4932 1625 4973 suas
1668 4915 1909 4971 latebras
1956 4915 2097 4970 rele-

504 5034 652 5097 gata,
685 5021 957 5079 continuo
983 5032 1084 5072 nos
1128 5016 1374 5070 inermes
1410 5011 1622 5065 erimus
1645 5015 1705 5063 et
1752 5007 1966 5062 militiae
1995 5023 2093 5061 ru-

505 5094 636 5183 des;
665 5133 734 5170 ne
765 5113 913 5170 bello
943 5110 1248 5180 derepente
1278 5105 1453 5167 illato,
1484 5100 1532 5157 si
1560 5101 1697 5156 nudi
1728 5108 1788 5155 et
1833 5094 2092 5170 imparati

506 5208 877 5279 reperiemur.
905 5203 974 5258 ab
1003 5200 1291 5271 impietate
1321 5194 1665 5251 occidamur.
1721 5193 1864 5246 Dum
1889 5207 2093 5246 secun-

501 5303 596 5358 dis
621 5300 807 5356 ventis
832 5296 1079 5366 navigas,
1119 5300 1326 5356 metue,
1361 5290 1542 5360 inquit
1579 5286 1882 5357 Gregorius
1915 5285 2096 5339 Theo-

503 5397 688 5465 Jogus,
731 5387 1124 5458 naufragium,
1161 5392 1220 5439 et
1271 5382 1457 5437 minus
1500 5377 1852 5448 naufragium
1900 5375 2092 5439 facies,

511 5484 763 5553 adiutore
802 5493 938 5534 usus
984 5485 1132 5530 metu
1206 5472 1389 5540 Quare
1442 5479 1506 5525 ut
1561 5468 1823 5540 princeps
1857 5475 2096 5537 aposto—

513 5574 690 5631 lorum
752 5571 954 5625 Petrus
1003 5563 1284 5637 przeclpit.
1331 5563 1505 5616 simus
1555 5574 1765 5629 semper
1798 5558 1980 5628 parati
2024 5558 2095 5610 ad

2194 4639 2270 4711 μὴ
2318 4641 2599 4711 πάρεργον
2651 4635 2906 4709 ἡγεῖσθαι
2955 4635 3250 4704 ὀφείλομεν
3291 4633 3388 4702 τὴν
3434 4631 3568 4700 περὶ
3609 4625 3772 4682 ταῦτα

2194 4731 2419 4804 σχολὴν,
2446 4731 2605 4803 μηδὲ,
2635 4731 2718 4783 ὅτι
2757 4727 2896 4782 Θεοῦ
2953 4727 3138 4798 χάριτι
3187 4727 3281 4780 καὶ
3322 4723 3584 4795 εὐμενείᾳ
3628 4723 3771 4788 εἰρη-

2191 4826 2339 4878 νεύει
2361 4825 2430 4877 τὰ
2457 4824 2558 4894 τῆς
2593 4820 2944 4892 Ἐκκλησίας,
2975 4822 3032 4872 ὲν
3058 4819 3269 4889 γαλήνῃ
3299 4833 3358 4869 τε
3391 4815 3486 4868 καὶ
3514 4811 3772 4882 ἀταραξίᾳ

2193 4915 2384 4986 ὲσμὲν,
2423 4916 2604 4986 πάσης
2658 4913 2927 4985 αἱρέσεως
2983 4907 3232 4964 ἐκποδὼν
3283 4909 3363 4972 είς
3416 4905 3547 4968 τοὺς
3577 4902 3769 4968 ἑαυτῆς

2202 5006 2446 5076 φωλεοὺς
2490 5002 3054 5074 κατακεκρυμμένης,
3083 5000 3186 5072 ἤδη
3235 5000 3329 5052 καὶ
3377 4998 3542 5068 ἡμεῖς
3590 4988 3770 5050 ἄοπλοι

2199 5116 2346 5163 τινες
2391 5091 2541 5169 ὦμεν
2575 5094 3004 5168 ἀπειροπόλεμοι
3037 5109 3051 5124 ⁶
3089 5095 3287 5164 μήπως
3335 5091 3430 5145 καὶ
3493 5091 3646 5161 ἄφνω
3690 5089 3768 5141 ἐν-

2203 5193 2427 5255 στάντος
2457 5190 2720 5261 πολέμου,
2752 5188 2952 5260 γυμνοὶ
2994 5187 3090 5240 καὶ
3121 5186 3500 5257 ἀπαράσκευοι
3531 5181 3768 5253 εὑρεθέν-

2200 5300 2295 5348 τες
2335 5283 2442 5338 ὑπὸ
2480 5283 2578 5355 τῆς
2606 5281 2928 5345 δυσσεϐείας
2958 5277 3357 5351 ἀναιρεθῶμεν.
3411 5277 3556 5343 Ἕως
3602 5272 3658 5339 ἐξ
3687 5270 3768 5324 οὐ·

2206 5375 2327 5447 ρίας
2364 5377 2539 5440 πλεῖς,
2573 5374 2844 5446 φοϐήθητε
2876 5372 2938 5426 τὸ
2964 5371 3246 5439 ναυάγιον,
3276 5368 3442 5438 φησὶν
3471 5369 3502 5420 ὁ
3522 5363 3765 5427 Θεολὸγο.Ρ

2202 5469 2663 5542 Γρηγὸριος(5),
2703 5467 2797 5521 καὶ
2847 5460 3011 5537 ἦττον
3079 5461 3440 5531 ναυαγήσεις,
3495 5459 3560 5528 τῇ
3610 5451 3763 5520 δειλίᾳ

2202 5561 2383 5633 βω,θῷ
2407 5561 2714 5634 χρώμενος.
2735 5558 2929 5614 Τοίνυν
2959 5554 3104 5611 κατὰ
3119 5553 3218 5625 τὴν
3248 5549 3471 5621 ἐντολὴν
3499 5546 3590 5602 τοῦ
3620 5560 3762 5616 κορυ-

583 5693 663 5766 (5)
702 5694 862 5763 (ἔτος.
901 5692 1059 5757 Nan,
1098 5689 1250 5744 Orat.
1319 5703 1405 5741 xv:
1461 5685 1538 5740 De
1598 5701 1782 5740 amore
1841 5685 2196 5755 paupertatis.

1025 5965 1064 5972 ν-
