4052 6406
400 396 420 458 1
434 394 538 459 485

1676 383 1775 450 DE
1814 384 2408 450 INCARNATIONE.

3402 414 3405 415 '
3511 389 3650 455 1486

394 511 553 578 φαίου
574 506 681 561 τῶν
702 503 1309 571 ἀποστόλων,ῗΕτοιμοι
1334 499 1629 571 γενώμεθα
1648 499 1799 567 πρὸς
1824 499 1974 553 ἁπο-

2080 502 2494 571 satisfactionem
2521 502 2663 555 omni
2684 504 2911 571 poscenti
2949 518 3042 556 nos
3076 503 3335 557 rationem
3355 503 3419 556 de
3439 519 3504 557 ea
3534 519 3654 574 qua:

393 601 609 670 λογίαν
647 597 739 653 ἀεὶ
771 637 787 659 ,
816 597 998 651 παντὶ
1029 595 1112 660 τῷ
1141 594 1406 649 αἰτοῦντι
1439 592 1599 663 ἡμᾶς
1614 595 1804 663 λόγον
1836 595 1972 661 περὶ

392 691 502 759 τῆς
527 689 758 758 ὲνήμῖν
780 687 1054 754 ἐλπίδος,
1077 686 1229 756 μετὰ
1258 688 1599 768 ,πραΰτητος
1625 686 1724 740 καὶ
1754 686 1968 754 φόϐου,

392 783 757 851 συνείδησιν
779 781 1027 849 ἔχοντες
1051 779 1303 847 ἀγαθήν·
1325 779 1414 831 ἵνα
1450 776 1510 831 ἒν
1541 776 1653 831 τῶν
1695 776 1973 846 ὁποτέρων

393 876 614 937 πάντως
636 874 771 944 ἡμῖν
807 870 1029 942 ὑπάρξῃ
1058 870 1153 924 διὰ
1192 869 1294 940 τῆς
1343 869 1604 939 τοιαύτης
1656 867 1970 933 ἀξιεπαίνου

395 966 656 1036 σπουδῆς,
686 966 721 1036 ἢ
750 964 812 1017 τὸ
842 961 1038 1026 σώζειν
1074 961 1201 1025 τοὺς
1234 959 1680 1030 ἀποδιορίζοντας
1719 959 1970 1021 ἑαυτοὺς,

393 1057 490 1110 καὶ
517 1057 583 1109 ἐκ
614 1056 714 1126 τῆς
745 1056 990 1125 πονηρᾶς
1020 1052 1349 1124 διακρίσεως
1369 1051 1573 1122 ταύτης
1590 1052 1789 1113 αὐτοὺς
1817 1050 1974 1122 ἐξαρ-

394 1147 609 1211 πάζειν,
649 1145 796 1197 καθά
838 1143 1098 1214 παραινεῖ
1124 1144 1153 1195 ό
1189 1141 1308 1194 κατ’
1335 1140 1569 1210 ἐπίκλην
1608 1138 1835 1207 ἀδελφὸς
1877 1137 1972 1191 τοῦ

394 1236 602 1304 Κυρίου
635 1251 650 1266 ο
675 1233 710 1304 ἢ
754 1235 804 1286 εί
845 1231 921 1303 μὴ
981 1229 1177 1293 τοῦτο,
1214 1231 1320 1284 κᾶν
1362 1229 1745 1301 ἀπορράπτειν
1792 1227 1973 1281 αὐτῶν

396 1331 572 1397 στόμα
605 1328 719 1389 τοῖς
746 1326 977 1389 δικαίοις
1003 1324 1268 1393 ἐλέγχοις,
1305 1323 1381 1386 ὡς
1427 1321 1563 1393 μηδὲ
1593 1320 1787 1392 καιρὸν
1828 1319 1974 1391 ἔχειν

290 1418 295 1421 ’
393 1421 593 1484 αὐτοὺς
640 1416 1071 1490 ἀθυρογλωττεῖν
1120 1415 1265 1469 κατά
1326 1415 1425 1484 τῆς
1479 1414 1763 1485 ἀληθείας.
1809 1415 1875 1467 Ὃ
1915 1413 1973 1467 δὲ

392 1511 600 1565 τούτων
652 1508 980 1579 τιμιώτερόν
1026 1523 1085 1560 τε
1123 1506 1221 1559 καὶ
1261 1505 1467 1576 μεῖζον,
1505 1505 1595 1559 ἵνα
1629 1506 1793 1575 ἡμεῖς
1819 1504 1975 1558 αὐτοὶ

392 1603 755 1671 γινώσκωμεν
806 1601 902 1653 καὶ
950 1596 1499 1669 πεπληροφορὴμεθα
1531 1597 1617 1665 ἐφ’
1647 1596 1736 1667 οἵᾳ
1789 1597 1976 1651 πίστει

390 1695 705 1765 ἑστήκαμεν
737 1692 831 1746 καὶ
858 1682 1212 1761 καυχώμεθα,
1250 1689 1759 1762 παρρησιαζόμενοι
1787 1705 1847 1743 τε
1880 1689 1976 1743 καὶ

392 1784 986 1856 ἐλευθεροστομοῦντες
1039 1782 1328 1855 τῇάύτῆς
1380 1781 1662 1854 ὁμολογίᾳ,
1693 1776 1755 1836 οὗ
1811 1786 1975 1853 χάριν

2073 595 2128 647 in
2151 593 2296 647 nobis
2322 603 2398 647 est
2423 609 2533 663 spe,
2560 609 2678 647 cum
2694 595 2949 648 modestia
2973 603 3022 649 et
3049 597 3256 659 timore,
3280 597 3654 650 conscientiam

2073 684 2319 743 habentes
2350 682 2546 739 bonam
2581 684 2606 722 ⁸
2643 699 2657 735 :
2690 689 2752 737 ut
2779 682 2887 738 hoc
2908 683 3175 739 laudabili
3204 683 3391 739 studio
3416 685 3653 739 alterum

2073 776 2311 830 duorum
2335 775 2564 829 omnino
2588 789 2968 845 assequamur,
2985 784 3047 830 ut
3076 776 3162 831 vel
3195 790 3294 831 eos
3314 777 3494 831 salvos
3528 776 3654 831 red-

2073 864 2725 936 damus'quisemetipsos
2764 874 3051 937 segregant
3071 875 3180 922 eta
3205 866 3349 921 mala
3395 880 3649 937 segrega-

2077 961 2225 1015 tione
2249 973 2367 1026 eos,
2396 969 2656 1029 tanquam
2672 975 2741 1014 ex
2754 959 2881 1030 igne
2903 966 3125 1030 ereptos
3156 958 3454 1029 rapiamus,
3480 966 3543 1013 ut
3562 958 3654 1012 ille

2074 1049 2170 1120 qui
2209 1032 2406 1105 frater.
2424 1050 2643 1105 Domini
2669 1061 2917 1115 vocatur,
2948 1052 3252 1107 admoneth
3288 1068 3302 1106 :
3333 1062 3429 1108 aut
3468 1053 3514 1108 si
3543 1068 3655 1109 non

2074 1140 2200 1204 hoc,
2227 1155 2289 1195 os
2309 1155 2502 1196 eorum
2518 1141 2711 1197 saltem
2736 1143 2900 1212 justis
2916 1143 3255 1214 argumentis
3280 1144 3654 1209 obstruamus,

2076 1240 2274 1287 utnon
2303 1232 2545 1287 habeant
2595 1244 2816 1304 tempus
2861 1235 3082 1290 laxandi
3119 1250 3182 1290 os
3220 1245 3416 1290 contra
3461 1236 3656 1292 Eccle-

2077 1325 2252 1390 siam;
2288 1333 2346 1379 et
2372 1324 2520 1394 quod
2554 1325 2754 1379 melius
2785 1339 2851 1379 ac
2900 1326 3256 1395 praestantius
3281 1332 3398 1390 est,
3436 1327 3518 1381 uti
3555 1342 3658 1381 nos

2078 1417 2185 1487 ipsi
2245 1433 2646 1489 cognoscamus
2678 1427 2736 1473 et
2775 1427 2933 1473 certo
2981 1419 3245 1486 sciamus,
3297 1419 3352 1473 in
3392 1436 3502 1490 qua
3550 1419 3657 1474 ﬁde

2077 1519 2310 1574 stemus,
2344 1519 2400 1565 et
2422 1510 2725 1581 gloriemur
2747 1526 2868 1566 eam
2901 1510 3256 1567 conﬁtentes.
3284 1511 3364 1566 Ex
3389 1528 3501 1581 quo
3538 1512 3655 1576 ﬁat,

2077 1610 2139 1655 ut
2160 1614 2258 1656 eos
2290 1600 2387 1671 qui
2411 1601 2822 1665 contradicunt,
2855 1601 3222 1656 declinemus.
3264 1600 3658 1673 Conjecturam

2076 1707 2215 1746 vero
2261 1691 2429 1758 facio,
2472 1693 2826 1748 cum'aderit
2882 1703 3100 1764 tempus
3146 1695 3654 1759 remunerationis,

2077 1782 2377 1854 copiosius'
2412 1799 2534 1840 esse
2582 1784 3023 1840 remunerandos
3055 1801 3172 1849 eos,
3226 1786 3323 1856 qui
3393 1788 3655 1854 scienter,

393 1879 521 1939 τοὺς
569 1844 768 1948 ταύτῃ.
794 1844 1206 1943 ἀντικειμένους
1252 1844 1735 1943 ἀποστρεφόμεθα.
1767 1844 1971 1940 Στοχά-

2080 1876 2236 1932 ﬁrme
2271 1892 2338 1933 ac
2367 1884 2694 1933 constanter
2716 1876 2979 1948 pietatem
3019 1879 3077 1933 in
3125 1879 3296 1934 Deum
3337 1880 3657 1947 coluerunt,

394 1969 563 2040 ζομαι
593 1968 650 2022 δὲ
694 1970 775 2021 ὃτι
824 1968 919 2021 καὶ
968 1966 1109 2020 κατὰ
1153 1966 1246 2019 τὸν
1301 1965 1495 2035 καιρὸν
1539 1963 1639 2034 τῆς
1672 1962 1974 2017 ἀνταποδό-

396 2077 558 2122 σεως,
590 2058 840 2129 μείξωνό
873 2056 1061 2127 μισθὸς
1085 2056 1237 2111 ἐσται
1267 2056 1361 2109 καὶ
1406 2055 1440 2126 ἡ
1483 2050 1725 2124 ἀποδοχὴ
1772 2051 1975 2106 πλείων

393 2153 508 2214 τοῖς
555 2150 694 2220 μετά
743 2148 1000 2217 γνώσεως
1033 2146 1333 2219 ἐμμελοῦς,
1375 2146 1662 2217 ἀραρότως
1684 2145 1778 2198 καὶ
1812 2145 1976 2217 ἐδρα-

397 2242 612 2312 σμένως
645 2242 924 2312 ἐχομένοις
948 2240 1049 2309 τῆς
1079 2241 1385 2305 εὐσεϐείας,
1418 2239 1528 2294 τῶν
1559 2239 1746 2302 ἁπλῶς
1775 2240 1869 2293 καὶ
1899 2238 1978 2303 ὡς

395 2337 588 2406 ἔτυχεν
632 2337 697 2388 ἐκ
740 2333 1229 2404 πατροπαραδότου
1291 2332 1586 2405 συνηθείας
1627 2334 1688 2387 ἐν
1732 2335 1800 2403 τῇ
1836 2333 1975 2403 αὐτῇ

396 2428 579 2482 πίστει
606 2425 1047 2497 γνωριζομένων.
1081 2427 1146 2480 Oi
1179 2425 1279 2497 μὲν
1304 2425 1414 2497 γὰρ
1443 2424 1585 2479 κατά
1620 2424 1975 2495 συμϐεϐηκὸς

399 2523 585 2593 μόνον,
617 2522 666 2574 οἱ
689 2521 746 2575 δὲ
774 2519 869 2573 καὶ
896 2518 1004 2573 ἀπὸ
1023 2519 1260 2582 διανοίας
1286 2518 1381 2572 καὶ
1408 2517 1637 2588 γνώμης
1668 2515 1853 2570 πιστοὶ
1878 2532 1975 2585 γε-

395 2615 621 2683 γονότες
684 2611 1037 2679 εὑρίσκονται
1068 2626 1086 2642 ο
1120 2610 1232 2675 ὡς,
1267 2609 1428 2681 εῐπερ
1486 2609 1680 2683 ἔτυχεν
1728 2608 1974 2673 ἐκείνους

394 2707 524 2768 τοὺς
556 2703 838 2776 ῥᾳθύμους
873 2703 969 2756 καὶ
996 2703 1099 2756 οὐκ
1128 2700 1512 2768 ἐξεταστικοὺς
1538 2700 1646 2754 ὑπὸ
1677 2699 1975 2772 αίρετικῶν

393 2798 602 2869 γονέων
653 2795 915 2867 ὑπάρξαι,
941 2795 1050 2849 οὐδ’
1075 2795 1141 2848 ἂν
1179 2794 1505 2865 ἐφρόντισαν
1562 2793 1664 2863 τὴν
1710 2791 1975 2863 πατρῴαν

393 2888 719 2943 δυσσέϐειαν
800 2886 1180 2941 ἀποδύσασθαι
1218 2902 1233 2916 '
1295 2884 1441 2939 οὕτω
1521 2885 1910 2953 κατάγνωστον
1940 2886 1975 2956 ἡ

393 2980 629 3053 ἀμαθία,
665 2980 762 3034 καὶ
814 2979 876 3033 τὸ
915 2979 992 3051 μὴ
1040 2979 1215 3032 θέλειν
1253 2977 1608 3033 διδάσκεσθαι
1639 2994 1654 3009 ·
1684 2976 1775 3032 διὰ
1813 2976 1977 3031 τοῦτο

394 3074 491 3126 καὶ⁵
515 3070 732 3143 είρηται
760 3087 775 3102 ο
806 3071 1035 3138 Σοφίαν
1079 3068 1181 3124 καί
1220 3069 1500 3123 παιδείαν
1536 3071 1570 3124 ὁ
1613 3067 1974 3134 ἐξουθενῶν,

2075 1987 2241 2042 quam
2265 1971 2360 2041 qui
2397 1972 2823 2042 simpliciter,et
2855 1987 3087 2043 propter
3121 1990 3334 2030 morem
3363 1991 3394 2030 a
3431 1976 3661 2047 majori-

2074 2059 2182 2115 bus
2212 2060 2329 2115 suis
2365 2061 2627 2115 traditum
2681 2060 2738 2116 in
2793 2062 2989 2117 eadem
3046 2062 3153 2119 ﬁde
3200 2074 3349 2120 sunt.
3391 2065 3476 2121 Illi
3508 2066 3661 2121 enim

2079 2149 2275 2205 ﬁdeles
2316 2159 2702 2215 numerantur,
2739 2154 2870 2222 quia
2908 2168 3040 2208 casu
3082 2155 3264 2210 solum
3302 2156 3494 2213 ﬁdeles
3537 2173 3661 2214 esse

2078 2248 2527 2313 cOgnoscuntur;
2560 2241 2785 2310 hivero,
2823 2259 2948 2299 cum
3001 2244 3368 2318 intelligentia
3409 2258 3467 2304 et
3506 2249 3662 2321 judi-

2079 2333 2208 2388 cio:
2244 2341 2305 2388 ut
2341 2333 2453 2405 jam
2487 2334 2535 2389 si
2564 2335 2637 2390 ita
2660 2337 2961 2400 evenisset,
2989 2347 3051 2392 ut
3078 2338 3158 2393 illi
3194 2340 3437 2407 desides,
3485 2350 3543 2397 et
3566 2345 3662 2415 qui

2078 2427 2218 2482 nihil
2239 2426 2550 2497 inquirunt,
2577 2442 2645 2483 ex
2666 2428 2942 2485 haereticis
2968 2432 3293 2500 parentibus
3315 2434 3429 2488 nati
3450 2445 3660 2499 essent,

2076 2521 2218 2576 nihil
2247 2528 2537 2577 curassent
2590 2529 2878 2591 paternam
2922 2522 3264 2593 impietatem
3291 2542 3537 2595 exuere;
3572 2546 3664 2585 us-

2077 2628 2186 2684 que
2236 2613 2375 2669 adeo
2420 2622 2479 2669 et
2522 2614 2894 2684 vituperabile
2944 2624 3031 2671 est
3085 2616 3364 2688 ignorare,
3415 2629 3474 2674 et
3515 2621 3662 2676 nolle

2077 2705 2318 2770 discere,
2354 2706 2566 2762 idcirco
2618 2706 2755 2761 dicit
2790 2706 3080 2778 Scriptura
3118 2727 3131 2762 :
3180 2708 3282 2775 Qui
3339 2713 3663 2784 sapientiam

2077 2806 2129 2852 et
2148 2796 2485 2869 disciplinam
2511 2800 2733 2869 spernit,
2768 2800 2958 2864 miser;
3014 2801 3106 2871 qui
3135 2817 3257 2855 vero
3306 2812 3454 2857 amat
3499 2804 3661 2859 disci-

2078 2888 2306 2959 plinam,
2369 2889 2598 2943 inveniet
2656 2891 3006 2961 cognitionem
3055 2908 3174 2945 cum
3224 2893 3440 2963 justitia
3474 2894 3516 2948 ί.
3588 2893 3663 2952 Ut

2077 2987 2262 3035 autem
2291 2979 2631 3038 facilia;ﬁant
2660 2981 2859 3037 lectori
2881 2982 3046 3053 hujus
3076 2982 3203 3037 libri
3227 2999 3290 3038 ea
3318 3000 3440 3054 quae
3465 2992 3663 3041 contra

2078 3070 2427 3126 adversarios
2452 3070 2735 3136 dicuntur,
2766 3073 2948 3128 visum
2968 3082 3054 3128 est
3082 3075 3460 3130 necessarium
3486 3091 3663 3146 pauca

392 3162 775 3228 ταλαίπωρος
798 3176 816 3195 ο
860 3164 894 3214 ό
948 3159 1018 3213 δὲ
1063 3158 1313 3229 ἀγαπῶν
1363 3159 1663 3223 παιδείαν,
1728 3157 1975 3227 εὑρήσει

2080 3162 2329 3233 quaedam
2390 3162 2459 3217 ad
2514 3163 2879 3234 aperiendum
2927 3165 3141 3221 aditum
3195 3167 3478 3233 scribere,
3531 3168 3663 3224 inde

394 3252 625 3323 γνῶσιν
657 3252 810 3321 μετὰ
855 3251 1269 3316 δικαιοσύνης.
1320 3250 1440 3303 Ἵνα
1485 3249 1544 3304 δέ
1591 3248 1840 3320 εὔληπτα
1876 3249 1975 3320 γέ-

2085 3254 2362 3325 principio
2396 3263 2615 3327 sumpto
2654 3273 2668 3309 :

394 3361 557 3416 νηται
588 3344 755 3398 παντὶ
782 3342 861 3414 τῷ
881 3343 1264 3413 ἐντυγχάνοντι
1309 3341 1387 3411 τῷ
1427 3342 1775 3413 προκειμένῳ
1832 3344 2109 3420 πονήματι
2149 3345 2220 3398 τὰ
2266 3346 2404 3417 πρὸς
2445 3347 2573 3410 τοὺς
2600 3345 2952 3428 δι”ἐναντίας
3013 3347 3303 3421 λεγόμενα,
3337 3347 3510 3420 μικρά
3542 3364 3666 3402 τινα

394 3435 535 3510 πρὸς
578 3433 892 3505 εἰσαγωγὴν
944 3432 1201 3497 συντάξαι
1258 3433 1557 3502 ἀναγκαῖον
1602 3432 1832 3503 ἐνόμισα
1859 3474 1875 3500 ,
1901 3428 1970 3506 ἦς
2009 3436 2105 3490 καὶ
2131 3436 2460 3509 ἀρχόμενος,
2487 3435 2632 3492 οὕτω
2658 3437 2804 3509 φημί
2835 3455 2850 3468 ·

922 3552 1080 3617 Δόξα
1118 3534 1467 3617 Μάνεντοςξ

463 3672 659 3742 Μάνης
689 3672 719 3724 ό
749 3668 843 3723 τοῦ
879 3669 1160 3723 ἀντιθέτου
1193 3670 1420 3731 σκότους
1465 3668 1766 3741 ἐφευρετὴς
1790 3708 1806 3735 ,
1840 3668 1978 3740 μᾶλ-

391 3764 575 3819 λονδὲ
604 3766 704 3835 τῆς
733 3761 987 3829 ἐξουσίας
1035 3760 1132 3814 τοῦ
1181 3761 1408 3824 σκότους
1451 3760 1805 3831 ἀνάπλασμα,
1840 3777 1976 3841 (pavr

391 3854 560 3926 τασίᾳ
585 3853 718 3924 ψιλῇ
752 3853 845 3904 καὶ
875 3851 1116 3921 σχήματι
1149 3851 1382 3921 διακένῳ
1415 3849 1668 3921 σώματος
1695 3849 1793 3904 ἀνθ
1805 3848 1980 3921 ρωπί-

393 3965 487 4001 νου
506 3987 522 4015 ,
551 3941 973 4014 πεφανερῶσθαι
1020 3941 1110 3994 τὸν
1139 3941 1348 4013 Κύριον
1382 3940 1695 4011 ἐφαντάσθη
1722 3940 1799 4003 ὡς
1847 3940 1982 4011 ἀλητ-

393 4038 507 4102 θῶς
545 4037 639 4092 καὶ
690 4033 1028 4107 ὠνείρωξεν,
1068 4031 1232 4098 ὥστε,
1272 4034 1425 4102 φησὶ,
1462 4033 1557 4086 καὶ⁵
1611 4033 1842 4104 πάσχειν
1892 4034 1981 4086 δο-

395 4131 516 4186 κεῖν
559 4130 723 4183 αὑτὸν
773 4127 868 4181 καὶ
916 4125 1179 4197 πράττειν
1200 4166 1215 4191 ,
1260 4124 1403 4195 ἅπερ
1439 4123 1569 4193 ἔδρα
1618 4124 1980 4179 καὶεπέπονθε

396 4221 708 4293 καθ’ήμᾶς,
731 4219 896 4291 μηδὲν
933 4218 991 4272 δὲ
1043 4216 1247 4271 τούτων
1291 4217 1579 4288 πράγματι
1614 4216 1711 4271 καὶ
1753 4216 1981 4288 ἀληθείᾳ

2620 3555 2808 3627 Opinio
2824 3556 3137 3612 Maaicluei.

2154 3667 2487 3723 Manichacus
2536 3666 2797 3722 inventor
2835 3666 3192 3723 tenebrarum
3232 3667 3660 3737 contrariarum,

2086 3761 2198 3815 imo
2228 3767 2549 3831 apotestate
2593 3759 2952 3815 tenebrarum
2985 3760 3316 3825 instructus,
3368 3762 3528 3818 ﬁnxit
3567 3773 3666 3819 aut

2086 3851 2407 3916 somniavit,
2433 3849 2754 3922 apparuisse
2783 3850 3078 3907 Dominum
3107 3852 3452 3923 phantastice
3482 3855 3664 3910 solum

2086 3953 2144 4000 et
2173 3943 2324 3999 inani
2367 3942 2540 4014 ﬁgura
2571 3943 2824 4012 corporis
2854 3943 3083 3998 humani
3111 3961 3126 4007 ;
3159 3946 3233 3999 ita
3266 3953 3328 3999 ut
3357 3945 3662 4012 videretur,

2088 4035 2294 4106 inquit,
2328 4035 2464 4105 pati,
2493 4043 2550 4090 et
2577 4049 2741 4106 agere
2766 4049 2890 4105 qua:
2921 4034 3139 4105 agebat,
3189 4041 3246 4089 et
3278 4049 3475 4105 passus
3515 4051 3663 4102 esse,

2085 4130 2232 4184 sicut
2258 4144 2393 4196 nos;
2415 4128 2558 4184 nihil
2579 4135 2765 4183 tamen
2801 4127 2984 4197 reipsa
3005 4136 3064 4182 et
3087 4129 3325 4183 veritate
3354 4128 3660 4195 exstitisse,

2093 4221 2191 4278 sed
2224 4222 2406 4277 visum
2437 4237 2562 4277 esse
2592 4228 2828 4284 tantum,
2855 4229 2914 4276 et
2934 4221 3017 4276 sic
3043 4220 3178 4276 falsa
3211 4223 3396 4292 specie
3425 4223 3665 4280 illusisse

393 4317 656 4389 ὑπάρξαι,
683 4313 817 4369 ἀλλὰ
832 4312 1048 4381 δοκήσει
1076 4309 1236 4382 μόνον
1264 4310 1356 4363 καὶ
1377 4309 1562 4383 ἀπάτῃ
1598 4308 1976 4363 ἀποϐουκολετν

2090 4313 2431 4379 hominibus,
2456 4329 2583 4369 cum
2613 4314 2817 4384 quibus
2851 4312 3063 4368 versari
3098 4313 3417 4383 putabatur.
3455 4314 3668 4371 Idcirco

391 4411 524 4474 τοὺς
575 4405 930 4479 ἀνθρώπους,
966 4399 1048 4470 οἷς
1102 4404 1196 4458 καὶ
1245 4401 1716 4473 συνανεστράφθαι
1771 4402 1976 4472 νενόμι-

2090 4414 2202 4460 non
2226 4406 2344 4459 vult
2366 4403 2551 4460 dicere
2574 4402 2630 4457 in
2664 4396 2898 4458 Domino
2913 4402 3051 4459 duas
3073 4410 3321 4466 naturas,
3343 4403 3438 4459 sed
3476 4419 3664 4470 unam,

396 4519 543 4555 σται.
575 4501 671 4553 Διά
687 4498 843 4553 τοῦτο
866 4496 1069 4551 καὶδύο
1097 4495 1286 4564 φύσεις
1312 4496 1654 4566 παραιτεῖται
1680 4492 1858 4562 λέγειν
1891 4492 1976 4546 ἐπὶ

2093 4496 2307 4552 scilicet
2328 4496 2669 4562 divinitatis;
2693 4495 2822 4566 quia
2845 4494 3017 4565 ﬁgura
3045 4494 3139 4550 illa
3172 4495 3240 4551 ad
3259 4495 3558 4551 fallendum
3588 4496 3664 4552 si-

391 4593 491 4647 τοῦ
552 4592 779 4663 Κυρίου,
843 4590 979 4644 ἀλλὰ
1032 4589 1162 4659 μίαν
1193 4588 1291 4660 τὴν
1334 4588 1433 4658 τῆς
1487 4586 1757 4657 θεότητος,
1787 4584 1862 4649 ὠς
1894 4584 1976 4640 ἀτε

2094 4589 2320 4652 mulata,
2345 4587 2571 4658 indigna
2597 4587 2880 4643 videretur
2901 4586 3128 4650 nomine
3151 4594 3363 4643 natura:
3385 4587 3663 4643 humanae.

304 4680 309 4685 ’
392 4685 492 4738 τοῦ
520 4682 990 4753 πεφενακισμένου
1022 4680 1254 4753 [ἐκείνου
1287 4680 1584 4751 σχήματος,
1618 4678 1693 4748 μὴ
1725 4675 1981 4745 ἀξιουμέ-

392 4773 514 4847 νου]
549 4775 678 4845 παρ’
705 4771 870 4835 αὑτοῦ
928 4771 1239 4843 ἀνθρωπίνη
1293 4768 1455 4839 φύσις
1494 4766 1980 4839 κατονομάζεσθαι.

743 4888 900 4955 Δόξα
928 4889 1174 4942 Παύλου
1215 4882 1631 4955 Σαμοσατέως.
1778 4856 1781 4859 ¹

467 5003 680 5067 Παῦλος
726 5003 784 5058 δέ
819 5020 904 5066 τις
937 5000 1117 5072 τούτῳ
1151 4999 1229 5070 τῷ
1263 4998 1505 5054 Μάνεντι
1537 4998 1837 5070 σύγχρονος
1887 5012 1980 5064 γε-

2428 4872 2623 4945 Opinio
2643 4869 2805 4928 Pauli
2824 4869 3238 4928 Samosatensis.

2159 4988 2365 5044 Paulus
2393 4987 2644 5059 quidam,
2679 4985 2775 5057 qui
2807 4985 2915 5041 fuit
2937 4994 3097 5042 aetate
3123 4983 3430 5050 Manichaei,
3464 4998 3668 5055 genere
3727 4961 3735 4969 ’

387 5094 608 5165 γονὼς,
644 5092 999 5164 Σαμοσατεὺς
1055 5092 1155 5161 μὲν
1199 5089 1260 5143 τὸ
1305 5089 1484 5158 γένος,
1533 5088 1867 5158 ’Δντιοχείας
1923 5086 1976 5139 δέ

2085 5081 2514 5146 Samosatensis,
2538 5080 2835 5151 episcopus
2861 5088 3046 5133 autem
3069 5077 3381 5134 Antiochiae
3402 5076 3457 5131 in
3484 5075 3665 5148 Syria.
3738 5116 3764 5141 ,

388 5189 497 5259 τῆς
530 5187 734 5259 Συρίας
763 5185 1047 5256 πρόεδρος,
1074 5182 1229 5253 qia-RV
1255 5181 1542 5253 ἄνθρωπον
1567 5177 1705 5234 εἶναι
1743 5180 1837 5234 τὸν
1868 5177 1976 5232 Κύ-

2080 5174 2403 5244 blaspheme
2447 5172 2771 5243 prmdicavit
2836 5185 2956 5226 esse
3011 5169 3306 5224 Dominum
3382 5167 3667 5222 hominem

392 5297 517 5352 ριον
548 5279 938 5347 ἐδυσφήμησεν
971 5290 987 5308 ο
1036 5273 1227 5344 ὥσπερ
1247 5274 1305 5327 δὲ
1345 5275 1424 5336 εἰς
1453 5272 1684 5325 ἕκαστον
1713 5270 1824 5324 τῶν
1852 5286 1976 5340 προ-

2082 5275 2322 5332 tantum,
2350 5274 2409 5321 et
2435 5265 2717 5320 habitasse
2739 5262 2984 5319 Verbum
3017 5263 3073 5317 in
3093 5277 3161 5316 eo
3184 5261 3393 5317 sicutin
3415 5259 3668 5330 quolibet

392 5374 608 5445 φητῶν,
638 5369 782 5425 οὕτω
808 5370 903 5423 καὶ
929 5369 987 5422 ἐν
1017 5367 1166 5437 αὐτῷ
1190 5365 1447 5435 γενέσθαι
1492 5364 1586 5418 τοῦ
1630 5361 1769 5417 Θεοῦ
1800 5362 1976 5430 Λόγου

2080 5374 2146 5414 ex
2165 5372 2401 5415 numero
2437 5357 2875 5427 pr0phetarum:
2913 5354 3062 5411 unde
3091 5353 3278 5408 aiebat
3325 5352 3464 5407 duas
3504 5360 3668 5405 natu-

390 5442 498 5535 τὴν
523 5461 741 5534 οἴκησιν
758 5478 771 5491 ο
807 5459 963 5514 ἐνθεν
981 5460 1077 5512 καὶ
1107 5459 1204 5511 δύο
1231 5457 1424 5527 φύσεις
1457 5454 1804 5527 διῃρημένως
1820 5451 1976 5523 ἐχού-

2084 5465 2175 5505 ras
2198 5463 2320 5504 esse
2348 5448 2407 5502 in
2436 5445 2661 5509 Christo
2693 5446 2923 5511 divisas,
2973 5445 3060 5499 vel
3115 5444 3235 5499 sine
3285 5444 3394 5498 ulla
3441 5442 3667 5512 penitus

395 5529 502 5620 σας
545 5529 648 5609 καὶ⁷
684 5553 1081 5623 ἀκοινωνήτους
1137 5549 1275 5623 πρὸς
1328 5548 1532 5611 ἐαυτάς
1588 5543 1729 5599 εἶναι
1776 5545 1976 5598 παντά-

2086 5540 2234 5595 inter
2253 5554 2311 5593 se
2345 5536 2736 5593 communione
2761 5552 2777 5602 ;
2838 5544 3097 5605 tanquam
3127 5535 3271 5588 alius
3294 5541 3443 5588 esset
3492 5529 3662 5586 Clll‘l-

396 5666 569 5704 πασιν
604 5649 662 5701 ἐν
702 5645 779 5719 τῷ
804 5621 1047 5716 Χριστῷ,
1083 5621 1244 5698 ἄλλου
1293 5641 1446 5703 ὄντος
1493 5638 1664 5692 αὐτοῦ
1715 5636 1810 5689 τοῦ
1848 5638 1976 5706 Χρι-

2089 5640 2229 5696 stus,
2261 5638 2318 5685 et
2347 5628 2488 5684 alius
2518 5626 2615 5698 qui
2665 5626 2721 5682 in
2764 5627 2885 5698 ipso
2909 5626 3193 5684 habitabat
3231 5626 3375 5680 Deus
3403 5621 3671 5678 Verbum.

472 5796 860 5871 ‘1Pctr.fn,
912 5803 1000 5871 ιδ,
1044 5799 1130 5856 ιθ.
1208 5782 1391 5854 bona.
1427 5796 1513 5853 ιι).
1567 5799 1611 5892 ’ί
1646 5794 1775 5864 Sap.
1815 5791 2012 5857 1",“,
