4052 6390
481 366 611 432 1487

1618 364 2010 428 THEUDOHl
2026 414 2029 417 ν
2050 365 2574 430 RHAITUENSIS

3590 374 3723 444 μοι

476 488 570 543 liae
598 486 789 559 prima;
818 483 1063 556 origines
1095 496 1284 548 unam,
1307 493 1367 539 et
1396 482 1536 539 duas
1569 492 1796 539 naturas
1843 484 1899 538 in
1936 484 2054 539 Sal-

2164 484 2314 549 στοῦ,
2353 488 2450 539 καὶ
2501 484 2667 540 ἄλλου
2716 485 2810 541 τοῦ
2859 487 2919 540 ὲν
2968 485 3120 558 αὐτῷ
3172 486 3557 555 κατοικοῦντος
3601 491 3723 550 Θεοῦ

475 587 667 633 vatore
685 576 911 633 Christo
935 590 1107 647 prave
1142 582 1200 630 et
1240 574 1562 646 blaspheme
1588 573 1910 645 prolitendi.
1960 575 2059 632 llla

475 670 881 726 humanitatem
908 668 1162 734 tollebat,
1191 667 1313 732 haec
1339 667 1710 723 divinitatem.

981 957 1173 1028 Opinio
1203 955 1548 1028 Apollinarii.

539 1079 662 1146 Non
682 1039 883 1147 exiguo
904 1079 1030 1144 post
1055 1078 1304 1140 tempore
1330 1069 1533 1140 praesul
1568 1068 1858 1125 Laodicea:
1884 1067 2057 1141 Syriae

470 1171 767 1227 maritima:
816 1163 1195 1237 Apollinarius
1254 1162 1331 1237 (6)
1383 1162 1615 1218 alterius
1673 1161 1900 1217 insania:
1946 1161 2055 1216 fuit

472 1273 688 1318 auctor.
724 1260 864 1316 Cum
908 1257 1057 1313 enim
1094 1256 1286 1311 Ariani
1315 1270 1538 1310 carnem
1573 1253 1780 1311 Christi
1827 1254 2057 1309 omnino

471 1357 829 1412 inanimatam
860 1367 984 1407 esse
1008 1350 1280 1414 dicerent,
1326 1347 1511 1403 aiebat
1545 1348 1922 1418 Apollinarius
1966 1361 2057 1401 as-

470 1448 773 1519 sumpsisse
827 1443 1054 1515 quidem
1104 1441 1401 1497 Dominum
1453 1454 1676 1493 carnem
1730 1438 2053 1501 animatam,

470 1548 715 1595 mentem
740 1550 876 1592 vero
905 1542 1151 1589 nostram
1176 1546 1292 1585 non
1318 1529 1680 1599 assumpsisse
1718 1545 1731 1582 :
1768 1544 1872 1583 nec
1904 1528 2056 1583 enim

469 1654 693 1693 carnem
717 1636 870 1690 illam
890 1640 1074 1689 mente
1098 1630 1338 1685 humana
1363 1628 1690 1698 indiguisse,
1707 1626 1856 1697 quod
1902 1625 2052 1680 illam

463 1730 614 1787 Deus
636 1729 879 1786 Verbum
910 1727 1007 1796 qui
1049 1740 1173 1805 eam
1205 1722 1487 1783 induerat,
1538 1720 1914 1791 gubernaret;
1957 1733 2055 1772 ne-

2161 575 2362 644 Λόγου.
2398 572 2569 631 Αἶιται
2600 578 2700 648 μὲν
2728 573 2822 632 οῦν
2846 579 2907 634 αί
2939 579 3161 651 πρῶται
3189 581 3451 648 φυαὶ-τοῦ
3474 584 3574 655 τὴν
3609 587 3725 656 μίαν

2161 667 2326 734 φύσιν
2352 707 2367 732 ,
2393 669 2489 722 καὶ
2517 669 2619 733 τάς
2662 669 2758 723 δύο
2787 669 2976 734 κακῶς
3010 671 3107 725 καὶ
3132 671 3437 744 δυσφήμως
3482 674 3726 743 λέγεσθαι

2160 762 2257 815 ἐπὶ
2310 761 2405 815 τοῦ
2451 761 2708 834 Σωτῆρος
2750 761 2991 834 Χριστοῦ
3030 778 3046 793 ο
3088 762 3151 818 τὸ
3190 763 3293 834 μὲν
3337 766 3427 819 ἐπ’
3455 767 3725 839 ἀναιρέσει

2160 853 2259 925 τῆς
2289 853 2734 925 ἀνθρωπότητος,
2756 852 2820 906 τὸ
2841 852 2898 907 δὲ
2917 853 3018 924 τῆς
3041 853 3317 926 θεότητος.

2632 964 2790 1030 Δόξα
2841 965 3278 1035 Ἆπολιναρίου.

2230 1078 2442 1150 Χρόνου
2485 1078 2544 1132 δὲ
2573 1078 2634 1133 οὐ
2681 1066 2882 1151 μικροῦ
2914 1080 3199 1151 προϊόντος
3242 1081 3622 1152 Ἀπολινάριός
3657 1101 3731 1149 τις

2160 1169 2427 1241 πρόεδρος
2485 1169 2779 1240 γενόμενος
2841 1168 3166 1233 Λαοδικείας
3208 1170 3310 1240 τῆς
3361 1171 3585 1243 Συρίας,
3646 1173 3736 1243 τῆς

2169 1263 2438 1334 παράλου,
2464 1263 2658 1334 ἑτέρας
2687 1261 3164 1335 ματαιοςρροσύνης
3200 1264 3469 1336 ἡγήσατο.
3497 1265 3620 1318 Τῶν
3637 1268 3737 1338 γὰρ

2170 1354 2467 1424 Ἀρειανῶν
2524 1354 2875 1409 παντάπασιν
2927 1354 3138 1425 ἄψυχον
3193 1353 3466 1422 λεγόντων
3509 1357 3610 1426 τὴν
3650 1355 3736 1409 τοῦ

2158 1446 2370 1517 Κυρίου
2403 1446 2605 1516 σάρκα,
2632 1445 2796 1511 αὐτὸς
2824 1448 2853 1498 ὁ
2885 1445 3266 1517 Ἀπολινάριος
3299 1445 3429 1518 ἔφη,
3454 1448 3538 1501 ὅτι
3566 1447 3738 1520 σάρκα

2162 1540 2262 1610 μὲν
2333 1538 2696 1610 ἐψυχωμένην
2730 1537 2878 1611 ψυχῇ
2907 1537 3113 1609 ζωτικῇ
3161 1539 3428 1593 ἀνέλαϐεν
3453 1540 3482 1592 ό
3515 1539 3735 1611 Κύριος,

2156 1630 2282 1684 νοῦν
2306 1630 2364 1685 δὲ
2395 1631 2487 1684 τὸν
2522 1630 2788 1701 ἡμέτερον
2825 1632 2887 1684 οὐ
2920 1631 3239 1702 προσήκατο
3262 1645 3279 1661 ο
3314 1631 3454 1703 μηδὲ
3474 1630 3588 1703 γὰρ
3616 1632 3736 1701 δεη-

2166 1722 2329 1794 θῆναι
2382 1722 2503 1787 νοὸς
2544 1722 2892 1791 ἀνθρωπίνου
2917 1723 3135 1795 ἐκείνην
3166 1723 3267 1794 τὴν
3297 1724 3504 1795 σάρκα,
3541 1726 3737 1794 ἡγεμο·

465 1838 573 1895 que
599 1836 799 1892 capere
816 1834 939 1875 eam
964 1818 1128 1872 aliam
1158 1814 1271 1869 vim
1302 1813 1705 1884 intelligentem
1739 1816 1943 1881 praeter
1967 1809 2054 1863 di-

2156 1816 2455 1887 νευομένην
2482 1815 2587 1869 ὑπὸ
2627 1814 2723 1869 τοῦ
2755 1815 2926 1886 αὐτὴν
2956 1815 3304 1880 ἐνδεδυκότος
3346 1816 3496 1876 Θεοῦ,
3516 1816 3690 1885 Λόγου
3720 1835 3735 1850 ο

464 1915 649 1968 vinam
685 1930 698 1965 :
733 1926 846 1966 non
880 1908 1032 1964 enim
1079 1906 1253 1978 ipsam
1280 1904 1581 1981 humanam
1614 1908 1855 1955 mentem
1889 1914 2054 1971 posse

2157 1908 2293 1963 ἀλλά
2328 1908 2463 1979 μηδὲ
2493 1910 2694 1979 χωρεῖν
2714 1907 2885 1978 αὐτὴν
2914 1908 3083 1979 ἀλλην
3105 1908 3302 1979 νοεράν
3328 1907 3566 1981 δύναμιν
3593 1910 3737 1981 παρά

464 2004 762 2068 sustinere,
797 2010 857 2057 ut
887 2016 1016 2056 cum
1048 1976 1362 2070 potentiore
1397 2004 1452 2051 et
1492 1976 1728 2049 Domino
1756 1993 2053 2047 habitaret.

465 2098 564 2154 His
581 2091 1081 2168 positis,-aﬁirmat
1117 2104 1284 2144 unam
1323 2095 1580 2141 naturam
1625 2098 1748 2139 esse
1792 2082 1959 2140 Verbi
2001 2091 2058 2139 et

464 2193 671 2257 carnis,
696 2189 900 2260 quippe
937 2200 1064 2240 cum
1087 2197 1216 2239 caro
1251 2177 1578 2251 imperfecta
1601 2178 1675 2233 sit
1709 2185 1768 2231 ut
1804 2178 1878 2233 sit
1909 2184 2058 2231 totus
2092 2238 2095 2241 λ

468 2285 659 2347 homo,
698 2290 755 2335 et
786 2280 858 2334 ob
913 2278 1060 2332 hanc
1110 2290 1357 2341 causam,
1384 2271 1609 2339 indigna
1660 2284 1784 2335 quia:
1820 2278 2057 2324 vocetur

465 2384 597 2430 natu
606 2390 684 2428 ra.

843 2656 1035 2727 Opinio
1054 2644 1323 2709 Theodori
1353 2648 1708 2722 Mopsuestia

545 2770 668 2834 Post
696 2774 848 2831 hunc
877 2770 1281 2845 Apollinarium
1330 2767 1520 2824 statim
1553 2766 1767 2823 exstitit
1799 2763 2058 2820 Theodo-

462 2886 562 2928 rus
600 2868 823 2940 quidam
874 2862 1228 2935 Mopsuestia:
1270 2859 1514 2915 civitatis
1539 2859 1621 2914 sic
1652 2857 1952 2912 nominatae
1996 2855 2054 2909 in

460 2959 657 3015 Cilicia
686 2957 1004 3029 episcOpus,
1038 2953 1135 3023 qui
1172 2967 1241 3006 ex
1285 2958 1400 3006 toto
1440 2947 1833 3004 contradicens
1881 2946 2052 3018 Apol—

461 3051 684 3115 linario,
737 3044 1105 3104 contumelias
1159 3058 1271 3097 non
1316 3041 1467 3096 leves
1510 3038 1706 3095 audaci
1752 3038 1939 3093 animo
1997 3044 2056 3092 et

462 3142 632 3201 corde
662 3137 1042 3210 imperterrito
1074 3134 1300 3191 Christo
1328 3132 1532 3194 infert,
1563 3132 1696 3185 dum
1720 3146 1848 3186 eum
1879 3144 2053 3184 unum

2157 3137 2219 3192 οὐ
2252 3137 2351 3201 τάς
2380 3136 2654 3207 τυχούσας
2705 3135 2959 3208 τολμηρᾷ
2998 3137 3149 3209 ψυχῇ
3175 3137 3269 3191 καὶ
3301 3137 3497 3208 ἀφόϐῳ
3552 3137 3742 3208 καρδίᾳ
3854 3126 3861 3132 ’

2154 2000 2256 2072 τὴν
2307 1999 2462 2053 θείαν
2492 2016 2507 2030 ο
2546 1999 2683 2070 μηδὲ
2722 2000 2831 2073 γὰρ
2882 2000 3045 2055 αὑτὸν
3093 2001 3185 2054 τὸν
3225 1999 3574 2073 ἀνθρώπινον
3620 2000 3736 2055 νοῦν

2158 2090 2461 2160 ὑποστῆναι
2517 2089 2781 2144 δύνασθαι
2820 2091 2921 2162 τὴν
2959 2090 3102 2161 μετά
3146 2089 3243 2143 τοῦ
3293 2090 3613 2163 κρείττονος
3648 2093 3739 2145 καὶ

2159 2180 2438 2235 Δεσπότου
2460 2180 2758 2253 ἐνοίκησιν.
2791 2180 2978 2236 Ταῦτα
3019 2180 3359 2252 ὑποθέμενος
3406 2182 3739 2236 διατείνεται

2162 2256 2292 2343 μίαν
2317 2268 2458 2328 εἶναι
2481 2273 2653 2343 φύσιν
2674 2273 2769 2327 τοῦ
2792 2275 2993 2343 Λόγου,
3015 2275 3110 2328 καὶ
3145 2277 3245 2343 τῆς
3280 2274 3511 2346 σαρκὸς,
3539 2275 3616 2339 ὡς
3646 2275 3739 2329 ita

2155 2366 2255 2436 τῆς
2288 2366 2494 2436 σαρκδς
2530 2365 2757 2430 ἀτελοῦς
2802 2364 2970 2437 οὔσης
3023 2367 3105 2429 είς
3155 2366 3217 2419 τὸ
3266 2362 3404 2420 εἶναι
3456 2367 3741 2439 ἄνθρωπον

2155 2459 2299 2523 ὅλον,
2350 2460 2444 2512 καὶ
2488 2458 2575 2513 διὰ
2628 2458 2789 2514 τοῦτο
2839 2459 2977 2531 μηδὲ
3025 2458 3204 2525 ἀξίαν,
3253 2463 3414 2528 φύσιν
3474 2476 3742 2531 προσαγο-

2158 2551 2438 2623 ρεύεσθαι.

2461 2663 2619 2729 Δόξα
2649 2661 2954 2732 Θεοδώρου
2984 2661 3434 2730 Μοψουεστίας.

2229 2771 2390 2828 Μετὰ
2430 2772 2624 2827 τοῦτον
2672 2772 2732 2826 δὲ
2786 2772 2882 2826 τὸν
2921 2772 3331 2843 Ἀπολινάριον,
3363 2771 3582 2836 εὐθέως
3625 2773 3745 2827 ἀνα-

2157 2863 2414 2932 φαίνεται
2445 2881 2530 2929 τις
2559 2864 2838 2935 Θεόδωρος
2876 2866 2977 2936 τῆς
3002 2864 3384 2935 Μοψουεστίας
3409 2866 3565 2921 οὕτω
3596 2867 3745 2936 λεγοι-

2160 2955 2334 3024 μένης
2369 2958 2428 3009 ὲν
2453 2958 2518 3026 τῇ
2536 2958 2622 3025 ,γῇ
2650 2956 2762 3010 τῶν
2796 2955 3041 3010 Κιλίκων
3063 2955 3163 3029 τὴν
3190 2957 3492 3028 ἡγεμονίαν
3518 2957 3703 3028 λαχών
3725 2974 3739 2988 ·

2153 3045 2216 3109 ,ὃς
2254 3047 2320 3099 ὲκ
2351 3045 2651 3117 διαμέτρου
2675 3043 2755 3114 τῷ
2792 3045 3161 3114 ’Δπολιναρίῳ
3187 3045 3495 3118 φερόμενος
3515 3085 3532 3110 ,
3562 3046 3744 3118 ὕϐρεις

464 3233 748 3289 hominem
779 3246 810 3285 e
838 3237 1028 3284 nostro
1076 3242 1311 3282 numero
1336 3233 1392 3281 et
1439 3225 1605 3295 vulgo
1645 3222 1933 3278 hominum
1962 3239 2051 3277 vo-

2159 3197 2424 3299 καταίέει
2451 3197 2548 3282 τοῦ
2577 3197 2849 3281 Δεσπότου
3191 3197 3487 3300 ἄνθρωπον
3518 3197 3743 3283 ἕνα

464 3333 574 3389 cat,
611 3322 706 3392 qui
736 3337 837 3392 per
869 3334 1225 3390 progressum
1268 3324 1496 3387 accepta
1527 3315 1624 3370 Dei
1647 3317 1846 3386 gratia,
1876 3315 2057 3370 nomi-

463 3427 631 3473 natus
653 3413 821 3469 fuerit
854 3414 1001 3488 Deus
1026 3451 1042 3475 ,
1070 3419 1126 3465 et
1152 3426 1220 3466 ex
1260 3409 1536 3480 baptismo
1566 3408 1621 3462 in
1646 3407 1908 3472 Jordane,
1954 3408 2055 3463 ba-

463 3510 708 3580 ptizatus
748 3506 804 3560 in
847 3493 1075 3559 nomine
1135 3501 1344 3565 Patris,
1392 3510 1451 3556 et
1492 3500 1656 3566 Filii,
1709 3508 1765 3555 et
1813 3499 2055 3570 Spiritus

464 3599 643 3657 sancti
672 3638 686 3662 ,
714 3607 824 3654 etc.
849 3636 864 3661 ,
892 3594 1119 3649 habitus
1148 3593 1222 3648 sit
1250 3590 1452 3664 dignus
1491 3591 1639 3646 inter
1670 3592 1882 3662 primos
1907 3591 2055 3653 dono

465 3689 711 3761 Spiritus
727 3686 935 3743 sancti.
949 3685 1122 3741 Deum
1148 3692 1335 3740 autem
1354 3683 1601 3739 Verbum
1626 3692 1855 3754 propter
1873 3684 2056 3739 excel-

464 3782 677 3862 lentem
702 3778 969 3834 virtutem
1004 3778 1144 3848 ejus,
1198 3776 1254 3830 in
1285 3791 1353 3830 eo
1386 3774 1728 3831 habitantem
1760 3817 1775 3843 ,
1819 3791 1921 3847 pro
1950 3776 2054 3831 bo-

464 3889 536 3931 na
575 3888 677 3929 sna
701 3873 986 3928 voluntate
1020 3870 1435 3926 communicare
1469 3886 1596 3925 cum
1627 3870 1825 3926 eodem
1863 3881 2054 3941 postea

464 3966 537 4023 ad
565 3963 1106 4021 consummationem
1129 4001 1144 4026 ,
1181 3961 1431 4016 divinam
1476 3960 1800 4032 dignitatem
1828 3970 1885 4016 et
1925 3962 2056 4017 ado-

466 4059 764 4116 rationem.
811 4054 941 4110 llaec
973 4067 1030 4110 et
1072 4054 1177 4108 alia
1214 4052 1490 4122 ejusmodi
1534 4052 1856 4123 blaspheme
1890 4068 2054 4109 com-

465 4159 690 4208 mentus
726 4148 867 4204 duas
892 4156 1121 4202 naturas
1145 4145 1427 4215 sigillatim
1463 4144 1708 4215 signatas
1742 4144 1881 4200 dicit
1907 4159 1965 4201 se
1988 4146 2054 4201 in

462 4244 690 4303 Christo
720 4254 1023 4313 agnoscere
1045 4280 1060 4305 ,
1094 4238 1275 4293 solum
1308 4236 1641 4292 habitudine
1682 4236 1827 4293 inter
1857 4254 1916 4294 se
1942 4239 2057 4294 col-

463 4338 625 4393 latas.
656 4333 784 4389 Haec
811 4341 900 4389 est
925 4330 1169 4387 secunda
1196 4327 1445 4393 haeresis,
1484 4344 1608 4400 quae
1649 4337 1774 4399 post
1822 4330 2053 4386 Paulum

466 4432 914 4485 Samosatensem
943 4438 1108 4480 unam
1141 4431 1419 4486 naturam,
1445 4429 1503 4476 οι
1544 4421 1683 4477 duas
1729 4404 1957 4478 naturas
1983 4422 2055 4477 δῖ-

466 4521 698 4595 gillatim
721 4522 965 4591 signatas
993 4517 1068 4590 (7)
1096 4531 1264 4587 prave
1290 4515 1345 4571 in
1375 4514 1601 4571 Christo
1622 4516 1944 4572 comitetur.

1040 4716 1229 4789 Opinio
1261 4715 1511 4770 Nestorii.

540 4817 676 4874 Post
700 4814 804 4869 hos
826 4811 933 4868 l‘uit
957 4810 1185 4881 quidam
1212 4807 1436 4861 nomine
1459 4806 1751 4864 Nestorius
1779 4809 2055 4866 oriundus

468 4927 539 4968 ex
566 4904 920 4965 Germanicia
948 4902 1006 4958 in
1039 4902 1217 4974 Syria.
1256 4902 1459 4959 Factus
1477 4911 1564 4959 est
1595 4901 1838 4957 clericus
1860 4901 2056 4958 Antio-

464 5005 625 5069 chiae,
644 5016 769 5073 qua:
783 5000 889 5057 sita
906 4999 1154 5070 estjuxta
1169 4998 1434 5053 Orontem
1455 4994 1705 5061 ﬂuvium,
1722 5003 1780 5050 et
1796 4986 2056 5052 Ecclesue

465 5090 1096 5162 ConstantinOpolitanae
1118 5087 1361 5159 praefuit.
1396 5085 1500 5140 llic
1531 5099 1730 5145 rursus
1757 5098 1895 5140 voce
1915 5085 2055 5140 dua-

467 5203 591 5243 rum
629 5194 951 5239 naturarum
978 5182 1034 5236 in
1067 5180 1293 5237 Christo
1332 5192 1504 5248 prave
1538 5176 1749 5231 abusus
1773 5184 1880 5241 est,
1913 5177 2058 5233 sicut

467 5282 710 5351 majores
725 5277 847 5348 ejus
872 5274 1078 5331 Paulus
1091 5283 1149 5331 et
1167 5270 1497 5327 Theodorus
1524 5287 1538 5323 :
1554 5283 1666 5324 non
1683 5269 1833 5325 enim
1861 5285 2055 5326 nume-

434 5358 441 5365 ’
468 5388 589 5427 rum
614 5373 849 5429 duarum
872 5376 1199 5424 naturarum
1223 5362 1479 5429 aﬁirmat,
1509 5372 1573 5417 ut
1603 5363 1897 5419 veritatem
1912 5363 2055 5420 divi-

469 5465 659 5523 uitatis
704 5473 761 5520 et
815 5459 1180 5517 humanitatis
1218 5458 1277 5513 in
1324 5456 1548 5513 Christo
1583 5456 1702 5512 sine
1743 5461 2052 5516 mutatione

2159 3319 2284 3374 καθ’
2316 3321 2465 3391 ἡμᾶς
2491 3320 2675 3386 κοινὸν
2694 3319 3008 3379 ἀποκαλῶν.
3036 3321 3131 3374 καὶ
3155 3322 3219 3374 ὲκ
3241 3321 3534 3392 προκοπῆς
3561 3320 3744 3376 λαϐόν-

2159 3430 2227 3468 τα
2277 3413 2379 3482 τὴν
2435 3413 2599 3485 χάριν
2635 3412 2731 3466 τοῦ
2756 3412 2916 3479 Θεοῦ,
2948 3412 3081 3466 Θεὸν
3104 3413 3473 3484 ὀνομάζεσθαι
3508 3431 3523 3446 ·
3563 3416 3660 3471 καὶ
3684 3416 3743 3468 ὲκ

2155 3502 2250 3558 τοῦ
2283 3507 2342 3558 ὲν
2374 3502 2452 3574 τῷ
2494 3502 2737 3576 Ἰορδάνῃ
2761 3504 3140 3575 βαπτίσματος
3170 3503 3474 3574 ἀξιωθῆναι
3500 3506 3563 3559 ὲν
3593 3504 3740 3578 πρώ-

2154 3613 2271 3659 τοις
2300 3596 2402 3667 τῆς
2457 3595 2552 3649 τοῦ
2605 3597 2762 3666 ἁγίου
2798 3595 3119 3668 Πνεύματος
3163 3597 3409 3668 δωρεᾶς,
3442 3600 3530 3661 εἰς
3569 3598 3741 3669 ὄνομα

2155 3690 2301 3744 Πατέ
2311 3706 2401 3760 ρος
2426 3689 2519 3743 καὶ
2545 3689 2676 3743 Υἱοῦ
2696 3691 2792 3743 καὶ
2815 3690 2972 3759 ἁγίου
3000 3690 3316 3762 Πνεῦματος
3347 3691 3735 3761 βαπτισθέντα.

2158 3781 2264 3836 Τὸν
2307 3782 2363 3836 δὲ
2410 3782 2543 3836 Θεὸν
2572 3783 2746 3851 Λόγον
2797 3782 2885 3836 διὰ
2924 3784 3025 3854 τὴν
3066 3782 3522 3856 ὑπερϐάλλουσαν
3571 3784 3737 3839 αὐτοῦ

2158 3874 2362 3946 ἀρετὴν
2394 3875 2518 3928 κατ’
2542 3874 2795 3928 εὐδοκίαν
2837 3876 2894 3927 ὲν
2923 3874 3074 3944 αὑτῷ
3102 3876 3538 3946 κατοικήσαντα,
3582 3894 3740 3947 μετα-

2157 3966 2345 4021 δοῦναι
2377 3966 2531 4038 αὑτῷ
2560 3969 2659 4037 τῆς
2686 3965 2876 4036 θεῖκῆς
2903 3964 3063 4032 ἀξίας
3087 3965 3180 4019 καὶ
3207 3969 3647 4039 προσκυνήσεως
3668 3970 3743 4028 εἰς

2157 4058 2387 4130 ὕστερον
2449 4058 2592 4132 μετά
2633 4056 2732 4130 τὴν
2780 4057 3059 4111 τελείωσιν
3086 4073 3099 4088 ο
3135 4057 3311 4113 ταῦτά
3353 4076 3413 4113 τε
3450 4060 3550 4113 καὶ
3584 4060 3742 4130 ἕτερα

2157 4152 2332 4206 πολλά
2362 4152 2729 4222 δυσφημήσας
2759 4151 3009 4215 τοιαῦτα,
3037 4150 3133 4205 δύο
3166 4150 3357 4221 φύσεις
3388 4151 3745 4224 ίδιοπεριορί-

2158 4263 2319 4311 στους
2364 4246 2530 4316 φησὶν
2578 4244 2776 4299 εἰδέναι
2818 4243 2911 4299 ἐπὶ
2962 4242 3227 4317 Χριστοῦ,
3259 4244 3451 4315 σχέσει
3492 4246 3610 4299 τινὶ
3647 4245 3739 4298 καὶ

2160 4336 2322 4408 μόνον
2353 4335 2616 4407 ἀλλήλαις
2650 4335 3028 4409 ᾡκειωμένας.
3053 4336 3291 4408 Δευτέρα
3312 4336 3408 4390 καὶ
3432 4335 3578 4408 αῦτη
3608 4336 3743 4391 πλά-

2157 4445 2222 4499 νη
2254 4426 2349 4481 τοῦ
2388 4428 2520 4498 μίαν
2538 4425 2702 4496 φύσιν
2725 4427 2820 4482 καὶ
2846 4426 2941 4481 δύο
2972 4425 3163 4496 φύσεις
3182 4426 3743 4497 ίδιοπεριορίστους,

2080 4530 2126 4586 ι)
2160 4519 2237 4592 μὴ
2271 4520 2416 4575 κατά
2453 4519 2547 4574 τὸν
2582 4518 2745 4592 ὀρθὸν
2788 4519 2949 4589 λόγον
2996 4519 3383 4593 ὁμολογεῖσθαι
3421 4523 3481 4574 ἐν
3505 4521 3588 4592 τῷ
3616 4523 3744 4593 Χριο

2158 4611 2287 4685 στῷ.

2678 4726 2834 4793 Δόξα
2896 4727 3248 4795 Νεστορίου.

2226 4820 2382 4875 Μετά
2416 4818 2643 4884 τούτους
2689 4819 2748 4874 δὲ
2808 4819 3018 4886 γίνεταί
3048 4837 3132 4883 τις
3172 4819 3465 4891 Νεστόριος
3493 4820 3742 4891 ὀνόματι,

2154 4913 2216 4977 ὃς
2242 4913 2472 4983 ὡρμᾶτο
2516 4911 2620 4983 μὲν
2674 4912 2786 4969 ἀπὸ
2831 4910 3236 4982 Γερμανικείας
3289 4911 3389 4982 τῆς
3429 4914 3486 4965 ὲν
3515 4913 3695 4984 Συρίᾳ
3727 4932 3740 4944 ·

2158 5005 2461 5076 κληροῦται
2488 5006 2545 5059 δὲ
2570 5007 2629 5059 ἒν
2666 5004 2939 5076 ’Δντιοχία
2963 5007 3031 5074 τῇ
3068 5004 3225 5077 παρά
3262 5005 3525 5076 Ὀρόντην
3572 5022 3740 5059 ποτα-

2162 5096 2286 5167 μὸν,
2308 5095 2937 5159 Κωνσταντινουπόλεως
2974 5095 3032 5149 δὲ
3073 5095 3169 5149 τὸν
3221 5095 3413 5167 θρόνον
3448 5095 3741 5166 λαμϐάνει.

2161 5185 2330 5255 Οὗτος
2372 5189 2536 5244 πάλιν
2555 5193 2623 5262 τῇ
2656 5191 2811 5260 φωνῇ
2847 5188 2960 5243 τῶν
2989 5188 3084 5243 δύο
3116 5188 3333 5259 φύσεων
3363 5190 3475 5244 τῶν
3512 5191 3570 5242 ὲν
3604 5190 3739 5259 Χριι

2163 5282 2295 5351 στῷ.
2348 5282 2645 5353 κακοφυῶς
2695 5280 3075 5353 ἀποκέχρηται
3127 5281 3334 5352 ὁμοίως
3391 5280 3593 5349 Παύλῳ
3650 5280 3742 5334 καὶ

2157 5375 2420 5447 Θεοδώρῳ
2438 5378 2551 5439 τοῖς
2584 5374 2777 5429 ἑαυτοῦ
2807 5375 3113 5447 προγόνοις.
3139 5374 3215 5428 Οὔ
3240 5369 3348 5444 γὰρ
3370 5373 3459 5426 ἵνα
3487 5376 3586 5441 τὴν
3611 5373 3743 5443 ἀληο

2159 5469 2362 5539 θότητα
2403 5468 2503 5539 τῆς
2549 5468 2694 5522 κατά
2736 5468 2975 5538 Χριστὸν
3014 5466 3270 5538 θεότητός
3296 5482 3356 5519 τε
3396 5467 3492 5520 καὶ
3532 5466 3740 5538 ἀνθρω-

1967 5580 2201 5639 NOTAE.

538 5681 614 5751 (6)
642 5677 769 5751 llaec
804 5686 862 5732 et
921 5690 1044 5747 qua:
1096 5682 1408 5751 sequuntur
1443 5668 1971 5751 descripsitﬁuidas
1996 5694 2049 5733 ν.

481 5744 907 5819 Ἀπολλινάριος,
941 5744 1015 5801 ἰιι
1063 5745 1304 5819 advertit
1331 5745 1599 5800 Kusterus
1633 5744 1699 5799 ad
1735 5745 1919 5803 Suida:
1948 5748 2051 5804 Le-

469 5822 651 5885 ricon,
699 5816 834 5872 tom.
867 5818 908 5884 Ι,
948 5832 1073 5889 pag.
1118 5816 1224 5871 280

2232 5679 2310 5748 (7)
2372 5678 2894 5750 Ἰδιοπεριορίστους,
2937 5687 3091 5750 verte
3117 5678 3226 5732 suis
3255 5694 3523 5750 quamque
3546 5674 3737 5744 ﬁnibtu

2161 5750 2530 5814 terminatum,
2571 5748 2685 5805 ‘hoc
2734 5759 2841 5817 est,
2880 5764 2989 5812 non
3037 5749 3380 5823 bypostatice
3430 5748 3641 5803 (initas.
