4052 6448
361 604 496 668 1489

1603 600 1703 661 DE
1719 624 1725 630 ·
1742 600 2337 665 INCARNATIONE.

3488 603 3623 669 1430

354 721 611 789 πότητος,
643 718 739 772 καὶ
771 718 871 789 τὴν
898 716 1103 771 τούτων
1130 714 1398 787 ἀτρεψίαν
1421 715 1517 769 καὶ
1543 715 1635 766 ὲπι
1645 714 1814 784 μονὴν
1836 701 1928 767 καὶ

2051 727 2090 774 ιι
2118 719 2444 774 confusione
2465 718 2766 789 signiﬁcet;
2795 720 2892 774 sed
2924 729 2985 774 ut
3010 735 3110 790 per
3126 720 3307 790 ipsum
3329 734 3623 775 numerum

351 812 691 883 ἁσυγχυσίαν
719 812 963 883 σημάνῃ,
988 809 1082 862 τὸν
1110 807 1347 880 ἀριθμὸν
1368 806 1478 861 τῶν
1514 806 1608 861 δύο
1639 809 1931 878 καταφρά-

352 904 433 970 ζει
466 905 702 974 φύσεων,
733 904 846 964 ἀλλ’
877 904 968 957 ἵνα
987 902 1081 956 δύο
1108 902 1379 974 πρόσωπα
1421 900 1488 954 δι’
1517 899 1688 956 αὑτοῦ
1717 900 1811 953 τοῦ
1835 899 1931 953 δύο

353 994 589 1067 ἀριθμοῦ
612 995 844 1066 δολερῶς
866 993 1243 1064 ὑπαινίξηται,
1273 993 1374 1064 τὴν
1404 994 1517 1046 τῶν
1546 992 1932 1065 φύσεων-κλῆ-

355 1074 437 1139 σιν
478 1086 600 1139 ἀντὶ
649 1085 758 1139 τῶν
792 1083 1102 1155 προσώπων
1143 1083 1441 1155 λαμϐάνων
1476 1082 1823 1152 κακούργως.
1857 1082 1931 1144 ὡς

352 1176 569 1249 ἀληθῶς
597 1179 694 1232 καὶ
712 1177 1021 1247 κακοήθως,
1055 1176 1599 1251 πεπαρῤησιασμένῃ
1640 1193 1932 1248 προσωνυ-

356 1270 456 1339 μία
494 1269 601 1322 τῶν
633 1269 851 1337 φύσεων
878 1269 941 1322 τὸ
972 1269 1426 1341 ἀπηγορευμένον
1468 1268 1580 1322 τῶν
1622 1266 1934 1339 προσώπων

352 1362 612 1430 εἰσάγων,
637 1362 778 1416 ὥστε
809 1362 967 1417 ἄλλον
1011 1350 1154 1416 εἶναι
1186 1362 1315 1433 παρ’
1342 1360 1494 1437 αύτῷ
1536 1359 1628 1413 τὸν
1670 1359 1933 1432 Χριστὸν,

354 1455 449 1506 καὶ
475 1453 636 1507 ἄλλον
664 1454 754 1507 τὸν
785 1453 919 1507 Θεὸν
946 1453 1139 1521 Λόγον,
1173 1452 1314 1506 κατά
1334 1453 1432 1522 τὴν
1467 1449 1730 1521 πατρῴαν
1768 1449 1933 1503 αὑτοῦ

354 1543 562 1614 πλάνην
594 1559 607 1573 ·
657 1544 772 1607 υἱὸς
810 1544 919 1615 γὰρ
950 1539 1018 1614 ἦν
1061 1542 1154 1596 τοῦ
1194 1542 1450 1612 Κίλικος,
1492 1542 1587 1594 τοῦ
1636 1541 1695 1593 δὲ
1734 1540 1936 1609 ’Σαμο-

355 1636 566 1699 σατὲως
597 1636 886 1705 ἀπόγονος.
918 1636 1027 1690 Καὶ
1065 1635 1156 1689 διὰ
1206 1635 1364 1689 τοῦτο
1407 1634 1545 1705 πρὸς
1593 1634 1693 1705 τὴν
1732 1633 1936 1703 σεμνὴν

356 1728 634 1799 Παρθένον
667 1727 935 1782 ἄσπονδον
981 1727 1153 1799 ἤρατο
1190 1726 1450 1798 πόλεμον,
1479 1726 1555 1797 μὴ
1589 1724 1936 1796 δυσωπηθεὶς

354 1816 452 1888 τὴν
481 1815 790 1888 θεομήτορα
812 1819 908 1871 καὶ
937 1817 1108 1889 ἁγνὴν
1131 1818 1370 1889 Μαρίαν,
1391 1817 1466 1879 ὼς
1505 1815 1778 1870 Asc-7:610»
1822 1815 1940 1887 Μη-

354 1909 491 1981 τέρα
516 1924 530 1939 ⁸
560 1909 676 1962 ἀλλ’
707 1909 783 1974 ὡς
835 1909 1021 1974 δοῦλος
1069 1911 1477 1984 τραχηλιαστὴς
1519 1910 1615 1963 καὶ
1651 1909 1941 1979 ἀναίσχυν-

354 2017 469 2064 τος,
503 2000 840 2071 ἀρνούμενος
879 2002 972 2055 τὸν
1017 2001 1215 2056 ἑαυτοῦ
1256 2003 1481 2073 Κύριον,
1511 2001 1608 2055 καὶ
1653 1999 1938 2071 ἀτιμάζων

2038 812 2275 868 duarum
2300 820 2628 867 naturarum
2644 812 2785 868 duas
2807 809 3070 882 personas
3098 812 3369 884 designet,
3398 823 3626 869 naturas

2039 922 2142 978 pro
2170 907 2423 977 personis
2456 907 2775 977 appellans;
2818 914 2875 961 et
2897 906 3268 976 appellatione
3297 918 3624 961 naturarum

2040 997 2315 1052 malitiose
2340 1005 2397 1052 et
2418 1012 2516 1067 per
2547 997 2736 1051 dolum
2763 996 2940 1052 fretus
2985 1004 3043 1051 et
3062 995 3325 1059 conﬁsus,
3364 1011 3628 1066 personas

2041 1094 2235 1141 contra
2278 1085 2513 1141 vetitum
2552 1086 2942 1152 introducens;
2997 1093 3058 1141 ut
3109 1085 3255 1156 apud
3309 1102 3436 1140 eum
3487 1086 3629 1141 alius

2040 1188 2188 1236 esset
2213 1174 2490 1244 Christus,
2530 1187 2589 1234 et
2640 1178 2782 1235 alius
2838 1179 2987 1234 Deus
3012 1178 3280 1243 Verbum,
3319 1177 3624 1234 secundum

2040 1285 2288 1326 errorem
2323 1277 2541 1340 patrum
2576 1286 2641 1326 ac
2672 1271 2942 1343 majorum
2988 1287 3214 1327 suorum
3256 1290 3272 1327 :
3325 1272 3431 1327 fuit
3475 1272 3626 1327 enim

2040 1364 2189 1420 ﬁlius
2222 1363 2432 1428 Cilicis,
2481 1360 2540 1419 et
2588 1380 2657 1420 ex
2689 1365 2929 1434 posteris
2983 1365 3139 1420 Pauli
3196 1365 3622 1421 Samosatensis.

2040 1458 2257 1515 Idcirco
2299 1458 2508 1514 bellum
2551 1458 2800 1527 suscepit
2850 1472 2976 1512 cum
3024 1457 3250 1527 Virgine
3295 1457 3626 1520 venerabili.

2042 1550 2250 1605 nullam
2276 1549 2649 1606 reverentiam
2688 1549 2960 1605 adhibens
2987 1550 3149 1605 matri
3184 1550 3280 1604 Dei
3304 1558 3360 1605 et
3392 1550 3629 1620 purissi-

2042 1657 2146 1704 mae
2181 1642 2364 1698 Mariae
2396 1684 2412 1711 ,
2462 1650 2654 1712 utpote
2693 1641 2854 1698 Matri
2903 1642 3143 1708 Domini,
3189 1641 3286 1698 sed
3328 1643 3518 1712 potius
3566 1651 3630 1697 ut

2043 1747 2239 1789 servus
2293 1732 2569 1802 superbus
2609 1739 2667 1787 et
2716 1733 3031 1803 impudens,
3080 1748 3289 1803 negans
3330 1732 3628 1786 Dominum

2043 1820 2229 1889 suum,
2251 1829 2310 1878 et
2332 1822 2623 1877 Dominam
2671 1838 2826 1876 suam
2864 1821 3213 1891 vituperans,
3260 1834 3373 1874 non
3409 1828 3520 1873 tam
3545 1818 3631 1872 in-

2042 1913 2239 1969 videns
2263 1913 2314 1968 ei
2348 1913 2776 1983 appellationem
2810 1913 3005 1967 matris
3030 1912 3149 1976 Dei,
3184 1926 3348 1981 quam
3375 1909 3631 1964 invidens

2025 2003 2141 2058 Dei
2174 2003 2597 2073 appellationem
2623 2018 2688 2057 ex
2723 2003 2840 2073 ipsa
2871 1996 3094 2073 Virgine
3126 2010 3303 2056 matre
3340 2010 3492 2054 nato.
3530 1998 3631 2053 Hic

354 2092 454 2160 τὴν
482 2091 782 2144 Δέσποιναν
801 2088 1026 2154 ἑαυτοῦ,
1062 2093 1370 2163 βασκαίνων
1400 2094 1460 2145 οὐ
1493 2091 1751 2146 τοσοῦτον
1800 2091 1938 2161 αὐτῇ

2051 2094 2212 2165 igitur
2257 2094 2547 2149 Nestorius
2580 2093 2778 2148 tertius
2805 2094 2972 2164 hujus
3002 2094 3230 2147 haeresis
3260 2092 3502 2148 Iudaicae
3534 2089 3633 2145 de.

355 2183 476 2251 τῆς,
503 2182 787 2250 Θεοτόκος,
825 2186 1197 2255 προσηγορίας
1222 2225 1237 2248 ,
1265 2186 1392 2237 ὅσον
1431 2184 1554 2253 τῆς,
1584 2183 1738 2246 Θεὸς,
1769 2181 1850 2253 τῷ
1883 2183 1944 2246 ἐξ

2048 2183 2241 2238 fensor
2266 2191 2323 2238 et
2348 2192 2636 2253 patronus,
2673 2199 2796 2239 eam
2827 2183 2932 2239 sibi
2965 2180 3299 2239 vindicavit.
3382 2228 3385 2231 ς

354 2276 531 2347 αὐτῆς
550 2276 884 2348 γεννηθέντι.
925 2272 1094 2341 Οὗτος
1127 2278 1225 2348 μὲν
1255 2274 1348 2332 οὖν
1377 2279 1406 2330 ὁ
1438 2277 1734 2352 Νεστὸριος
1789 2274 1972 2348 τρίτος
2010 2277 2327 2348 προστάτης
2384 2276 2485 2348 τῆς
2509 2276 2812 2348 Ἰουδαϊκῆς
2829 2276 3033 2349 ταύτης
3054 2276 3325 2349 αἱρέσεως
3353 2272 3628 2346 γεγονὼς·

355 2374 438 2435 εὶς
465 2369 658 2424 ἑαυτὸν
685 2370 858 2441 αὐτὴν
884 2372 1267 2442 περιέστησεν.

874 2485 1033 2550 Δόξα
1086 2487 1417 2558 Εῠωχοῦς.

429 2603 542 2675 Τῆς
592 2602 649 2656 δὲ
701 2603 980 2658 ἀντιθέτου
1030 2605 1243 2676 μοίρας,
1274 2608 1376 2677 τῆς
1413 2604 1557 2660 κατά
1608 2605 1804 2675 Μάνην
1844 2604 1941 2659 καὶ

369 2696 772 2768 ’Δποὶινάριον.
802 2696 986 2764 τρίτος
1041 2697 1199 2751 πάλιν
1227 2698 1596 2770 προασπιστὴς
1625 2701 1653 2753 ὀ
1694 2698 1942 2771 Εὑτυχὴς

359 2787 742 2857 ἀναφαίνεται,
773 2787 831 2851 ὃς
858 2784 927 2859 ἦν
951 2788 1258 2860 ἡγούμενος
1287 2789 1650 2861 μοναστηρίου
1686 2788 1809 2855 ἐνὸς
1830 2790 1941 2851 τῶν

362 2877 497 2947 περὶ
527 2878 588 2930 τδ
617 2876 933 2940 Βυζάντιον.
964 2872 1131 2941 Οὗτος
1155 2878 1262 2951 γὰρ
1288 2879 1364 2950 μὴ
1388 2879 1718 2951 ἀνεχόμενος
1746 2880 1941 2952 ὁμοούε.

364 2988 480 3025 σιον
508 2973 640 3043 ἡμῖν
667 2972 764 3024 καὶ
792 2971 1009 3041 ὁμοφυῆ
1042 2972 1140 3043 τὴν
1174 2973 1350 3043 σάρκα
1377 2971 1472 3024 τοῦ
1506 2972 1710 3043 Κυρίου
1741 2974 1940 3044 ὁμολοο

360 3064 504 3133 γεῖν,
535 3062 635 3125 τὰς
679 3060 776 3115 δύο
815 3061 1008 3131 φύσεις
1047 3063 1344 3132 ἀπηρνεῖτο
1376 3060 1647 3124 σώζεσθαι
1677 3062 1857 3131 λέγειν
1883 3065 1943 3116 ὲν

360 3151 443 3223 τῷ
466 3149 688 3223 Χριστῷ
720 3150 860 3222 μετά
888 3151 988 3220 τῆς
1016 3150 1222 3204 τούτων
1270 3150 1519 3215 ὲνώσεώς
1563 3169 1624 3205 τε
1667 3154 1762 3205 καὶ
1808 3169 1948 3224 συμ-
1993 3162 1996 3169 ‘

363 3243 566 3312 φυῖας’
601 3242 664 3295 ού
727 3243 888 3311 μόνον
937 3241 1016 3307 δὲ,
1044 3240 1179 3294 ἀλλὰ
1210 3241 1305 3293 καὶ
1357 3241 1638 3312 τερατώδη
1683 3242 1807 3296 τινὰ
1851 3244 1947 3297 καὶ

358 3334 627 3391 ἀλλόκοτα
652 3333 936 3399 ἔπλαττεν,
958 3331 1017 3397 ἐξ
1043 3331 1274 3402 ούρανοῦ
1295 3331 1469 3399 λέγων
1491 3332 1820 3404 κατηνέχθαι
1849 3332 1944 3386 τοῦ

360 3424 575 3496 Κυρίου
607 3425 669 3478 τὸ
701 3424 882 3494 σῶμα,
911 3425 1009 3476 καὶ
1040 3423 1115 3487 ὡς
1139 3422 1229 3477 διὰ
1264 3423 1501 3494 oculive;
1530 3423 1628 3494 τῆς
1665 3425 1943 3496 Παρθένου

360 3518 751 3590 παραδραμεῖν
778 3517 870 3571 τὸν
896 3516 1029 3570 Θεὸν
1047 3516 1242 3584 Λόγον,
1283 3516 1574 3586 οὐρανόθεν
1605 3518 1763 3571 τοῦτο
1802 3519 1950 3572 ἑνδε-

357 3610 732 3682 δυμένον,ῐνα
779 3609 905 3680 δόξῃ
957 3608 1120 3679 δῆθεν
1157 3607 1520 3679 γεγεννῆσθαι
1565 3612 1628 3663 ἐκ
1663 3610 1947 3679 γυναικὸς,

358 3703 569 3774 καίπερ
599 3703 737 3773 μήτε
758 3718 988 3772 γεγεννη
1000 3702 1179 3770 μένον.
1212 3702 1512 3772 Μανιχαῖος
1527 3701 1556 3754 ὁ
1577 3702 1749 3771 Λόγος
1770 3696 1946 3766 οὗτος,

358 3797 463 3852 καὶ
509 3796 1061 3865 πεφαντασιασμένος
1111 3795 1289 3866 πολλῷ
1332 3795 1533 3866 μᾶλλον
1574 3796 1808 3850 ἐκείνου.
1841 3798 1951 3852 Καὶ

358 3888 541 3952 οὓτως
590 3881 682 3942 οῦν
735 3888 865 3957 μίαν
915 3888 1079 3955 φύσιν
1134 3887 1225 3941 τὸν
1265 3887 1503 3960 Χριστὸν
1540 3888 1949 3960 διεστραμμένη

360 3981 568 4051 καρδίᾳ
619 3978 981 4051 ἐπρέσϐευσε.
1036 3978 1159 4030 Τῶν
1200 3978 1294 4033 οὖν
1351 3978 1446 4033 δύο
1494 3980 1675 4051 μερῶν
1720 3980 1947 4043 τούτων,

359 4073 464 4125 τοῦ
492 4089 552 4124 τε
586 4071 724 4124 κατὰ
760 4054 954 4139 Μένην
990 4073 1081 4124 καὶ
1126 4070 1501 4142 ’Λπολινὰριον
1532 4072 1626 4125 καὶ
1677 4071 1948 4142 Εὖτυχέα,

364 4165 466 4220 καὶ
515 4163 610 4216 τοῦ
641 4163 783 4217 κατά
826 4161 1035 4217 Παῦλον
1070 4164 1166 4216 καὶ
1198 4162 1472 4231 Θεόδωρον
1506 4164 1603 4216 καὶ
1631 4164 1950 4234 Νεστόριον,

362 4255 480 4309 τῶν
521 4255 620 4326 μὲν
654 4253 782 4325 μίαν
831 4255 1015 4323 φύσιν,
1045 4252 1156 4305 τῶν
1185 4253 1240 4329 δὲ
1275 4252 1368 4306 δύο
1395 4253 1592 4329 φύσεις,
1619 4253 1677 4319 ἐξ
1701 4256 1951 4318 ἐναντίας

365 4338 617 4417 ἀλλήλων
647 4345 738 4398 τὸν
760 4344 1039 4412 Δεσπότην
1070 4344 1306 4414 Χριστὸν
1337 4345 1569 4416 ἀμαθῶς
1622 4346 1949 4419 εἰρηκότων,

366 4439 470 4501 τάς
492 4436 577 4506 ἐφ’
611 4422 848 4507 ἑκάτερα
875 4434 1141 4499 κακίστας
1164 4435 1515 4506 μετατροπέις
1540 4438 1632 4489 καὶ
1662 4435 1952 4499 δυσσεϐεῖς

370 4527 762 4599 παρεγκλίσεις
802 4524 1213 4595 ἀπαναινομένη
1252 4527 1285 4595 ἡ
1322 4524 1584 4596 καθολικὴ
1626 4524 1950 4593 Ἐκκλησία,

374 4623 552 4695 μέσην
586 4621 912 4692 ἀμφοτέρων
941 4618 1169 4689 βαδίζει,
1206 4618 1310 4689 ὁδῷ
1350 4619 1606 4691 βασιλικῇ
1649 4620 1955 4690 πορευομέ-

2549 2488 2744 2559 Opinio
2786 2488 3111 2559 Eutychetis.

2122 2608 2299 2665 Secta:
2333 2606 2622 2663 contrariae
2659 2603 2941 2660 Manichaei
2997 2613 3052 2659 et
3085 2601 3411 2674 Apollinarii
3437 2599 3636 2655 tertius

2017 2676 2025 2686 ’
2052 2716 2245 2757 rursus
2276 2709 2545 2771 patronus
2567 2706 2725 2753 ortus
2753 2706 2838 2753 est
2857 2697 3157 2768 Eutyches,
3182 2693 3478 2765 praefectus
3511 2694 3633 2747 cui-

2053 2792 2177 2850 dam
2199 2791 2533 2847 monasterio
2561 2790 2775 2846 circum
2797 2785 3354 2856 Constantinopolim.
3377 2782 3479 2838 llic
3507 2799 3634 2838 cum

2050 2888 2224 2943 nollet
2239 2884 2491 2942 conﬁteri
2509 2898 2630 2938 esse
2652 2897 2874 2938 carnem
2889 2880 3105 2936 Domini
3121 2879 3365 2950 ejusdem
3380 2878 3639 2932 substan-

2051 2982 2142 3035 tia:
2170 2987 2227 3032 et
2258 2987 2470 3032 naturae
2520 2992 2628 3046 qua
2680 2983 2871 3029 nostra
2911 2981 3018 3038 est,
3055 2972 3291 3043 negabat
3335 2969 3543 3024 servari
3576 2969 3634 3022 in

2050 3070 2273 3127 Christo
2307 3069 2449 3124 duas
2473 3077 2702 3123 naturas
2736 3083 2848 3121 una
2875 3081 3001 3121 cum
3024 3081 3215 3120 earum
3240 3064 3444 3119 unione
3476 3081 3489 3116 :
3530 3059 3635 3117 nec

2051 3158 2160 3217 hoc
2185 3161 2363 3215 solum
2384 3202 2399 3227 ,
2451 3159 2546 3215 sed
2588 3157 2838 3229 quaedam
2866 3156 3042 3210 instar
3080 3154 3311 3209 monstri
3344 3162 3398 3208 et
3426 3151 3636 3206 absona

2052 3235 2313 3324 ﬁngebat.
2359 3251 2571 3323 Aiebat
2595 3252 2743 3305 enim
2772 3248 3015 3303 delatum
3045 3262 3166 3302 esse
3192 3259 3395 3314 corpus
3425 3242 3635 3299 Chrisri

2050 3362 2081 3402 e
2105 3345 2267 3411 etelo,
2304 3355 2361 3400 et
2408 3345 2579 3401 Deum
2625 3342 2890 3407 Verbum,
2919 3356 3044 3396 cum
3089 3354 3289 3409 corpus
3313 3353 3344 3393 e
3379 3338 3519 3392 cmlo
3555 3336 3639 3389 in-

2051 3437 2283 3501 duisset,
2319 3451 2420 3507 per
2451 3435 2732 3506 Virginem
2764 3424 3022 3503 tanquam
3056 3447 3157 3502 per
3182 3429 3425 3487 canalem
3460 3436 3637 3481 trans-

2051 3544 2296 3595 meassc;
2331 3535 2391 3582 ut
2414 3527 2667 3582 videatur
2694 3533 2856 3579 natus
2882 3540 2951 3578 ex
2989 3522 3244 3586 muliere,
3283 3528 3409 3576 cum
3444 3528 3630 3573 tamen

2050 3628 2216 3673 natus
2254 3633 2363 3671 non
2420 3615 2512 3671 sit.
2571 3615 2686 3669 Hoc
2731 3613 2912 3667 aiebat
2953 3610 3310 3672 Manichacus,
3368 3609 3481 3661 imo
3521 3621 3637 3660 ma-

2051 3710 2135 3781 gis
2157 3709 2284 3772 hoc,
2327 3722 2491 3777 quam
2537 3704 2672 3759 illud
2713 3701 3153 3759 commentitium
3194 3707 3299 3755 est.
3347 3698 3439 3753 Sic
3468 3698 3636 3766 igitur

2055 3815 2217 3855 unam
2251 3809 2502 3852 naturam
2538 3795 2592 3851 in
2632 3794 2855 3850 Christo
2885 3806 3147 3863 perverse
3204 3789 3490 3861 professus
3529 3796 3635 3842 est.

2051 3889 2188 3947 Cum
2222 3888 2388 3960 igitur
2422 3887 2544 3942 dua:
2574 3886 2685 3940 sint
2719 3896 2927 3956 partes,
2980 3899 3087 3937 una
3123 3879 3436 3944 Manichaei,
3468 3877 3637 3949 Apol-

2053 3984 2236 4039 linarii
2298 3991 2355 4038 et
2391 3979 2748 4053 Eutychetis;
2803 3980 2974 4033 altera
3021 3976 3199 4040 Pauli,
3245 3974 3526 4029 Theodori
3581 3980 3638 4027 et

2052 4073 2324 4138 Nestorii;
2376 4072 2452 4126 illi
2495 4086 2658 4124 unam
2710 4080 2987 4126 naturam.
3039 4067 3091 4120 hi
3138 4066 3277 4121 duas
3313 4066 3368 4118 in
3410 4063 3634 4119 Christo

2056 4164 2379 4230 inscienter,
2412 4180 2475 4220 ac
2505 4165 2650 4219 inter
2677 4180 2735 4219 se
2765 4173 3078 4234 pugnantes
3114 4170 3320 4232 ponant
3350 4177 3362 4212 :
3402 4159 3636 4211 istorum

2057 4257 2112 4311 in
2163 4258 2486 4311 alterutram
2558 4264 2772 4325 partem
2821 4248 3087 4324 pessimus
3141 4249 3539 4307 declinationes
3585 4257 3641 4303 et

2056 4349 2255 4418 impias
2301 4348 2682 4403 aberrationes
2727 4360 2993 4415 respuens
3056 4342 3299 4399 Ecclesia
3347 4340 3637 4400 catholica,

2059 4441 2239 4496 inedia
2263 4441 2407 4495 inter
2432 4448 2721 4509 utramque
2739 4438 2826 4491 via
2859 4437 3005 4508 regia
3034 4437 3260 4499 incedit,
3289 4449 3391 4488 nec
3415 4432 3481 4486 ad
3516 4445 3639 4485 eam

2058 4531 2341 4586 declinans
2373 4546 2494 4599 qum
2531 4529 2751 4582 videtur
2792 4527 2860 4581 ad
2909 4527 3188 4581 dexteram
3229 4523 3491 4587 tendere,
3537 4536 3642 4576 nec

2057 4621 2125 4675 ad
2156 4636 2277 4675 eam
2299 4636 2419 4689 quae
2470 4619 2630 4688 plane
2665 4617 2845 4671 tendit
2886 4615 2955 4670 ad
2997 4614 3300 4670 sinistram.
3339 4612 3458 4666 Non
3494 4610 3641 4665 enim

370 4732 462 4784 νη,
481 4713 555 4785 μὴ
581 4712 906 4782 ἐγκλίνουσι
925 4714 1004 4775 εἰς
1025 4712 1093 4764 τὰ
1126 4711 1389 4764 δοκοῦντα
1412 4711 1582 4779 δεξιὰ,
1614 4712 1748 4783 μηδὲ
1781 4714 1861 4772 εἰς
1886 4710 1947 4764 τὰ

2059 4707 2386 4780 simpliciter
2405 4709 2696 4780 proﬁtetur
2713 4723 2874 4762 unam
2897 4717 3149 4761 naturam
3173 4706 3228 4760 in
3244 4705 3485 4773 Christo,
3499 4701 3644 4757 sicut

372 4804 625 4877 προφανῆ
653 4802 937 4874 ἀριστερά.
968 4802 1128 4856 Κατὰ
1156 4802 1264 4873 γὰρ
1292 4803 1521 4874 Μάνητα
1544 4804 1637 4856 καὶ
1678 4802 1959 4857 ’Λποὶινά-

378 4916 493 4970 ριον
515 4897 610 4951 καὶ
645 4895 889 4965 Εύτυχέα
922 4894 1051 4965 μίαν
1085 4894 1245 4962 φύσιν
1270 4894 1457 4957 ἁπλῶς
1479 4896 1574 4947 ὲπί
1602 4895 1839 4963 Χριστοῦ
1866 4893 1954 4948 λέ-

372 5006 494 5059 γειν
522 4989 583 5041 οὐ
612 4987 998 5058 παραδέχεται,
1024 4984 1161 5039 ἀλλά
1193 4986 1321 5056 μίαν
1338 4984 1500 5055 φύσιν
1522 4985 1610 5039 τοῦ
1631 4985 1765 5040 Θεοῦ
1784 4988 1957 5055 Λόγου

377 5079 810 5148 σεσαρκωμένην
846 5093 859 5106 ·
889 5075 979 5129 διὰ
1018 5076 1117 5144 τῆς
1142 5075 1466 5146 προσθήκης
1505 5074 1600 5127 τοῦ
1626 5116 1640 5139 ,
1668 5093 1957 5149 σεσαρκω-

380 5172 578 5242 μένην,
629 5167 883 5239 δηλοῦσιν
916 5167 1014 5239 τὴν
1059 5167 1222 5237 φύσιν
1263 5167 1364 5236 τῆς
1410 5168 1854 5239 ἀνθρωπότητοςν
1892 5171 1960 5240 ἢν

376 5266 409 5336 ή
448 5262 612 5331 φύσις
642 5260 738 5314 τοῦ
769 5260 906 5313 Θεοῦ
934 5262 1111 5328 Λόγου
1141 5259 1705 5331 προσ-λαμϐανομένη,
1742 5261 1856 5331 ἅμα
1897 5280 1959 5315 τε

379 5352 476 5406 καὶ
500 5352 597 5404 σὺν
622 5349 794 5421 ταύτῃ
824 5343 905 5411 εἷς
940 5347 1144 5419 Κύριος
1186 5345 1394 5417 Ἰησοῦς
1418 5347 1653 5417 Χριστὸς
1687 5347 1912 5415 γέγονεν
1941 5365 1957 5380 ·

378 5442 500 5498 οὐδὲ
542 5442 680 5512 αὑτὴ
703 5445 737 5513 ἡ
769 5441 863 5494 τοῦ
892 5441 1067 5509 Λόγου
1092 5437 1253 5507 φύσις
1288 5439 1449 5510 ἑτέρα
1482 5441 1610 5510 παρ’
1643 5440 1842 5509 ἑαυτὴν
1866 5438 1962 5493 καὶ

377 5534 490 5588 τῶν
537 5532 660 5586 κατ’
695 5533 865 5604 αὐτὴν
895 5530 1218 5599 θεοπρεπῶς
1272 5531 1609 5602 αὐχημάτων
1658 5530 1958 5601 γενομένη,

381 5628 428 5680 εί
458 5627 551 5680 καὶ
578 5628 637 5680 ὲν
667 5624 991 5698 προσλήψει,
1029 5624 1231 5696 σαρκὸς
1280 5624 1497 5694 γέγονε,
1528 5625 1730 5695 σαρκὸς
1780 5624 1837 5677 δὲ
1865 5624 1963 5694 οὐχ

381 5717 572 5782 ἁπλῶς
603 5733 619 5748 ο
652 5717 814 5771 τοῦτο
860 5716 969 5787 γὰρ
1014 5715 1397 5788 ’Δρειανικόνο
1434 5713 1576 5768 ἀλλά
1608 5714 1816 5784 σαρκὸς
1903 5716 1960 5767 ι-

379 5808 715 5879 ψυχωμένης
748 5824 762 5838 ο
800 5809 896 5862 καὶ
927 5808 1052 5878 ούχὶ
1143 5806 1509 5878 ὲψυχωμένης
1547 5805 1708 5876 μόνον
1731 5821 1746 5836 ⁸
1798 5805 1963 5860 πάλιν

381 5899 494 5969 γὰρ
535 5898 916 5969 Ἀπολιναρίου
965 5899 1061 5952 καὶ
1106 5896 1266 5950 τοῦτο
1294 5913 1309 5926 ο
1380 5896 1496 5949 ἀλλ’
1597 5896 1964 5969 ἐψυχωμένης

386 5990 530 6064 Ψυχῇ
562 5994 728 6064 νοερᾷ
757 5993 853 6047 καὶ
884 5991 1079 6063 λογικῇ
1102 6009 1115 6021 ·
1142 5992 1262 6046 οὐδὲ
1293 5994 1400 6063 μὴν
1427 5991 1524 6062 τὴν
1546 5990 1837 6063 ἀνθρώπου
1864 5989 1964 6061 φύ-

2063 4803 2417 4868 Manichaeus,
2458 4799 2834 4871 Apollinarius
2856 4806 2913 4853 et
2957 4796 3235 4869 Eutyches
3259 4837 3273 4862 ,
3316 4793 3423 4849 sed.
3459 4792 3644 4863 potius

2064 4910 2229 4969 unam
2264 4903 2518 4948 naturam
2550 4892 2719 4948 Verbi
2750 4892 2849 4946 Dei
2883 4892 3224 4947 incarnatam
3255 4906 3267 4942 :
3295 4885 3644 4957 adengendo

2061 4988 2234 5051 enim,
2267 4973 2631 5051 inearnatam,
2679 4984 2929 5040 declarat
2966 4990 3221 5038 naturam
3259 4977 3641 5042 humanitatis,

2062 5093 2224 5147 quam
2258 5086 2454 5131 natura
2501 5075 2667 5131 Verbi
2708 5076 2802 5130 Dei
2848 5072 3166 5142 assumpsit,
3231 5079 3288 5125 et
3316 5069 3480 5124 simul
3512 5083 3639 5123 cum

2054 5168 2168 5223 hac
2201 5167 2379 5223 factus
2404 5175 2489 5222 est
2524 5183 2668 5222 unus
2700 5167 2969 5221 Dominus
2991 5165 3153 5221 Iesus
3183 5163 3441 5218 Christus
3483 5178 3496 5213 :
3539 5174 3643 5213 nec

2064 5262 2180 5331 ipsa
2212 5268 2407 5315 natura
2428 5260 2593 5315 Verbi
2614 5259 2710 5314 Dei
2725 5259 2869 5314 facta
2899 5267 2986 5313 est
3014 5257 3119 5312 alia
3139 5266 3342 5327 praeter
3379 5254 3639 5324 seipsam,

2063 5360 2119 5407 et
2152 5367 2215 5406 ea
2251 5368 2372 5422 quae
2407 5351 2511 5422 ipsi
2554 5359 2617 5405 ut
2648 5367 2768 5405 eam
2816 5352 3039 5416 decent,
3088 5349 3450 5411 conveniunt,
3500 5354 3644 5400 tamd-

2063 5441 2167 5496 etsi
2192 5457 2412 5496 carnem
2431 5441 2729 5512 assumpsit
2750 5458 2764 5507 ;
2785 5457 3008 5496 carnem
3026 5457 3160 5496 vero
3179 5457 3290 5495 non
3315 5436 3644 5507 simpliciter

2062 5534 2383 5604 assumpsit,
2412 5533 2517 5589 hoc
2535 5534 2684 5588 enim
2699 5533 2894 5588 dicunt
2913 5532 3126 5599 Ariani,
3156 5533 3252 5588 sed
3282 5547 3505 5588 carnem
3519 5534 3649 5587 ani-

2063 5630 2296 5688 matam,
2348 5638 2453 5678 nec
2489 5614 2786 5677 animatam
2850 5629 3086 5688 tantum,
3143 5622 3252 5678 hoc
3283 5621 3430 5675 enim
3474 5621 3646 5675 tradit

2064 5708 2461 5784 Apollinarius,
2518 5714 2617 5769 sed
2673 5713 2857 5768 anima
2906 5713 3167 5769 rationali
3214 5724 3273 5769 et
3299 5713 3645 5793 intelligente

2065 5808 2351 5879 praeditam
2372 5825 2386 5861 :
2404 5823 2584 5878 neque
2600 5814 2857 5862 naturam
2877 5805 3121 5861 hominis
3140 5820 3303 5876 quam
3321 5803 3640 5873 assumpsit,
3706 5795 3711 5800 ’

2068 5902 2122 5956 in
2197 5901 2434 5971 seipsam
2467 5899 2705 5964 refudit,
2746 5915 2852 5956 nec
2882 5900 3031 5954 illam
3067 5899 3243 5970 ipsam
3291 5896 3548 5962 mutavit,
3582 5904 3643 5951 ut

2066 6001 2225 6048 extra
2244 5991 2624 6050 deﬁnitionem
2651 5992 2771 6066 ejus
2799 5992 3109 6047 naturalem
3138 5985 3194 6047 et
3221 5987 3638 6048 substantialem
