4052 6384
356 504 492 576 1493

1586 505 1684 568 ne
1724 478 2319 569 INCARNATIONE.

3384 574 3388 579 .
3474 506 3609 572 1494

351 623 509 678 ελαὸε
541 620 771 691 δύναμιν
798 618 879 683 είς
908 617 969 673 τὸ
990 615 1283 680 τεκνῶσαι,
1316 614 1504 689 μὴδιά
1540 616 1638 686 τῆς
1669 614 1927 686 ἑνδημίας

2041 615 2203 672 Verbi
2235 615 2306 671 ad
2338 615 2449 671 hoc
2475 616 2715 687 impulsa
2743 626 2915 674 esset.
2957 618 3250 686 Quomodo
3273 620 3441 692 igitur
3487 623 3611 683 hac

350 714 446 770 τοῦ
494 713 674 782 Λόγου
708 714 790 776 είς
815 710 979 766 τοῦτο
1026 710 1487 782 παρορμηθεῖσα;
1517 708 1642 773 Πῶς
1666 701 1760 763 οὖν
1788 706 1925 779 αὕτη

350 807 383 874 ἡ
416 807 473 857 ὲν
503 801 726 873 Χριστῷ
780 801 1141 871 ὰνθρωπότης
1195 802 1254 853 ὲν
1303 798 1579 872 ίδιαζούσῃ
1634 799 1931 853 ὑποστάσει

352 896 478 950 καθ’
505 894 705 964 ἑαυτὴν
744 893 945 946 οὔποτε
994 892 1283 963 γενομένη,
1314 891 1432 947 ἀλλ’
1471 895 1530 946 ἐν
1576 891 1656 962 τῷ
1688 890 1931 962 προσλα-

352 989 567 1057 ϐομένῳ
591 986 763 1057 αὐτὴν
789 985 909 1055 Θεῷ
933 984 1115 1055 Λόγῳ,
1142 984 1205 1037 τὸ
1233 981 1375 1038 εἶναι
1400 1000 1461 1037 τε
1509 982 1601 1037 καὶ
1632 982 1934 1051 ὑποστῆναι

351 1076 612 1145 λαχοῦσα,
650 1075 952 1137 ὑπόστασις
985 1073 1053 1127 ἂν
1086 1072 1308 1144 λεχθείη
1355 1072 1507 1137 ποτὲ,
1554 1071 1588 1143 ἢ
1639 1072 1933 1148 πρόσωπον

356 1167 726 1222 ίδιοσύστατον
757 1165 881 1221 καθ’
907 1166 1090 1229 ἑαυτὸ,
1119 1166 1216 1219 καὶ
1261 1165 1367 1219 ἃ.νά
1403 1165 1570 1236 μέρος
1597 1160 1938 1234 γνωριζόμε-

353 1274 444 1311 νον
478 1257 624 1327 ἔχοις
667 1253 905 1308 Ἦλίθιον
925 1255 1098 1318 ὅντως
1136 1254 1229 1307 καὶ
1265 1255 1493 1324 μάταιον
1518 1253 1582 1306 τὸ
1609 1252 1782 1306 ταῦτα
1812 1268 1938 1307 συν-

352 1350 661 1419 ομολογεῖν,
695 1347 791 1402 καὶ
824 1347 921 1400 δύο
971 1346 1303 1411 ὑποστάσεις
1359 1347 1393 1418 ἢ
1436 1346 1706 1418 πρόσωπα
1753 1347 1937 1418 ζητεῖν

354 1440 450 1497 ἐπὶ
480 1438 574 1493 τοῦ
611 1438 857 1492 τοιούτου
904 1436 1373 1508 ἀποτελέσματος,
1428 1438 1493 1490 Εἰ
1524 1437 1657 1509 μήτι
1712 1437 1822 1508 ἄρα
1855 1454 1939 1500 τις

338 1533 467 1592 τοῖς
511 1529 719 1600 χείλεσι
759 1529 861 1599 μὲν
900 1531 1039 1600 τιμᾷ
1069 1529 1165 1582 καὶ
1213 1528 1521 1593 ἀσπάζεται
1555 1528 1747 1591 ταῦτα,
1801 1530 1835 1600 ἡ
1882 1529 1939 1581 δὲ

353 1621 550 1692 καρδία
616 1619 782 1676 αὐτοῦ
831 1620 1022 1691 πόρρω
1077 1620 1273 1688 ἀπέχει
1319 1621 1415 1674 ἀπ’
1455 1618 1657 1674 αὐτῶν.
1693 1619 1855 1673 Ὥστε
1891 1622 1945 1673 εῐ

351 1730 434 1776 τις
460 1713 700 1783 γνησίως
725 1715 819 1766 καὶ
839 1712 1305 1783 ἐκκλησιαστικῶς
1330 1712 1614 1781 ὁμολογεῖν
1644 1711 1816 1765 ἐθέλοι
1843 1712 1941 1777 τὰς

352 1807 410 1858 ἐν
438 1805 661 1876 Χριστῷ
692 1804 787 1858 δύο
839 1804 1054 1874 φύσεις,
1090 1805 1185 1857 καὶ
1238 1804 1320 1868 τὸ,
1357 1804 1457 1872 μία
1485 1803 1649 1872 φύσις
1681 1802 1776 1856 τοῦ
1803 1802 1940 1857 Θεοῦ

354 1896 532 1963 Λόγου
586 1896 1010 1968 σεσαρκωμένη,
1050 1895 1273 1957 ὑπτίαις
1306 1895 1464 1965 χερσὶ
1513 1895 1608 1948 καὶ
1657 1895 1942 1966 ὁλοκλήρῳ

2036 707 2094 762 in
2139 706 2364 763 Christo
2397 708 2740 774 humanitas,
2785 725 2914 764 cum
2963 725 3250 780 nunquam
3299 729 3399 783 per
3445 730 3504 770 se
3556 717 3614 771 in

2033 801 2262 869 propria
2290 815 2527 870 persona
2553 799 2741 861 fuerit.
2771 800 2867 856 sed
2896 802 2951 856 in
2975 802 3161 858 Verbo
3191 803 3289 858 Dei
3315 806 3466 875 quod
3491 823 3616 863 cam

2034 887 2357 957 assumpsit,
2382 902 2508 943 esse
2527 896 2585 943 et
2611 888 2921 945 subsistere
2947 891 3144 947 sortita
3167 901 3273 958 est,
3295 893 3614 964 hypostasis

2035 974 2146 1030 dici
2180 992 2427 1047 unquam
2469 979 2685 1047 queat?
2728 986 2825 1034 aut
2873 995 3166 1049 personam
3198 982 3435 1051 habeat,
3491 1001 3616 1056 quae

2033 1082 2136 1138 pro
2164 1076 2322 1137 parte
2351 1083 2451 1122 sua
2497 1084 2598 1138 per
2619 1084 2677 1124 se
2704 1070 3064 1134 subsistat.'et
3087 1072 3348 1141 privatim
3380 1083 3570 1150 notam
3594 1077 3619 1130 ἲ
3674 1116 3680 1126 .

2036 1157 2272 1213 Fatuum
2302 1159 2555 1229 profecto
2587 1169 2644 1215 et
2683 1177 2888 1216 vanum
2925 1170 3012 1217 est
3060 1163 3177 1219 haec
3212 1162 3469 1220 conﬁteri
3500 1207 3514 1231 ,
3560 1177 3621 1222 et

2036 1247 2176 1303 duas
2202 1247 2530 1320 hypostases
2560 1248 2678 1303 sive
2712 1264 2980 1319 personas
3011 1249 3065 1304 in
3117 1250 3224 1306 hoc
3250 1266 3420 1320 opere
3468 1267 3617 1321 quae

2036 1356 2163 1395 rere
2193 1357 2208 1406 ;
2248 1341 2353 1396 nisi
2394 1341 2523 1412 quis
2552 1340 2694 1397 forte
2718 1342 2884 1396 labiis
2911 1341 3135 1412 quidem
3164 1342 3408 1397 honorat
3442 1353 3498 1397 et
3530 1357 3618 1397 os~

2037 1431 2257 1488 culatur
2291 1433 2429 1499 haec,
2480 1449 2580 1489 cor
2637 1442 2823 1488 autem
2849 1435 2971 1505 ejus
3008 1434 3172 1505 longe
3203 1433 3273 1488 ab
3321 1434 3407 1490 eis
3439 1435 3617 1493 abest.

2036 1523 2218 1590 Quare
2243 1525 2288 1578 si
2329 1527 2457 1595 quis
2493 1525 2739 1597 legitime
2767 1533 2825 1581 et
2861 1527 3246 1583 ecclesiastice
3277 1529 3418 1588 duas
3455 1538 3621 1584 natu~

2038 1631 2129 1670 ras
2153 1616 2208 1671 in
2253 1616 2481 1673 Christo
2504 1618 2759 1673 conﬁteri
2782 1604 2922 1681 stult,
2953 1635 3118 1673 unam
3149 1622 3316 1679 etiam
3364 1629 3620 1675 naturam

2038 1707 2206 1763 Verbi
2240 1708 2608 1774 incarnatam,
2648 1709 2830 1764 obviis
2880 1710 3140 1766 manibus
3174 1721 3232 1768 et
3286 1721 3402 1768 toto
3449 1713 3621 1769 corde

2040 1800 2430 1869 amplectatur,
2470 1808 2529 1856 ut
2565 1809 2728 1856 antea
2758 1801 3001 1855 diximus
3037 1820 3052 1856 :
3082 1802 3127 1856 si
3169 1804 3296 1873 Quis
3332 1820 3472 1860 vero
3504 1804 3624 1862 exi-

2040 1888 2228 1943 stimat
2249 1890 2593 1946 confundere
2620 1907 2722 1946 nos
2768 1891 2875 1948 hoc
2909 1891 3076 1961 modo
3111 1893 3359 1949 divinam
3389 1909 3620 1951 mcono-

352 1989 553 2059 καρδίᾳ
600 1989 1009 2054 καταδεξάσθω,
1048 1988 1127 2052 ὡς
1153 1987 1225 2042 τὰ
1257 1986 1638 2058 προειρημένα
1668 1986 1841 2056 δηλοῖ.
1872 1987 1934 2041 Εί

2043 1981 2248 2047 miam,
2282 1984 2442 2052 quasi
2500 1984 2787 2054 adiunctio
2844 1985 3119 2040 incarnati
3170 1989 3332 2043 aliter
3385 1988 3622 2061 intelligi

349 2080 409 2133 δὲ
444 2083 666 2150 συγχεῖν
714 2082 863 2152 ἡμᾶς
900 2080 991 2135 διὰ
1017 2080 1179 2135 τοῦτο
1224 2080 1440 2149 νομίζει
1474 2080 1576 2151 τὴν
1605 2078 1757 2132 θείαν
1788 2082 1937 2133 οίκο-

248 2210 263 2219 .
351 2172 572 2242 νομίαν,
617 2173 694 2237 ὡς
741 2173 839 2227 τοῦ
894 2172 1325 2245 σεσαρκωμένου
1355 2172 1449 2225 καὶ
1483 2171 1661 2235 ἄλλως
1694 2170 1937 2225 νοεῖσθαι

350 2262 689 2333 δυναμένου·
732 2263 885 2336 παρὰ
938 2263 1033 2317 τδν
1080 2263 1185 2332 τῆς
1237 2262 1522 2325 εὐσεϐείας
1550 2261 1709 2331 λόγον
1758 2262 1939 2317 λαϐὼν

349 2354 452 2426 τὴν
470 2354 766 2427 ἐπαγωγὴν
791 2357 892 2426 τὴν
923 2344 1083 2428 σαρκὶ
1103 2354 1450 2425 ὲψυχωμένη,
1470 2352 1615 2424 ψυχῇ
1651 2357 1813 2426 νοερᾷ
1843 2354 1941 2409 καλ⁸

351 2445 576 2516 λογικῇ,
614 2446 919 2501 παυσάσθω
947 2446 1140 2500 λοιπὸν
1190 2444 1286 2500 τοῦ
1334 2444 1771 2517 προφασίζεσθαι
1802 2462 1938 2518 προ-

352 2538 551 2607 φάσεις
583 2539 642 2591 ὲν
670 2539 990 2609 ἁμαρτίαις.

425 2622 553 2683 οἷον
575 2630 633 2683 δέ
665 2647 720 2684 τι
739 2630 914 2697 λέγω·
951 2630 1036 2694 τὸ,
1074 2629 1489 2700 σεσαρκωμένη,
1520 2630 1686 2700 φημὶ,
1713 2630 1939 2685 δύναται

353 2719 454 2773 καὶ
495 2723 562 2792 τῇ
607 2721 708 2792 μιᾷ
751 2720 910 2791 φύσει
962 2720 1344 2793 προσκεῖσθαι,
1391 2720 1486 2774 καὶ
1528 2720 1723 2790 ἑτέραν
1775 2722 1940 2789 φύσιν

350 2808 528 2882 ταύτῃ
578 2811 653 2881 μὴ
687 2812 1023 2879 ἐπεισάγειν,
1054 2809 1266 2881 τροπὴν
1305 2810 1361 2862 δέ
1404 2826 1528 2863 τινα
1555 2810 1675 2881 ἦτοι
1710 2810 1943 2880 μετασοη

350 2901 456 2973 λὴν
482 2903 688 2974 ταύτης
712 2903 1029 2973 σημαίνειν·
1059 2902 1249 2974 ὥσπερ
1280 2902 1517 2974 λέγομεν
1545 2903 1636 2959 τὸν
1661 2903 1938 2976 κρύσταλ-

351 2994 469 3059 λον,
507 2994 674 3063 φύσιν
719 2994 916 3060 ὓδατος
971 2992 1113 3049 εῖναι
1176 2994 1760 3066 κεκρυσταλλωμένην.
1806 2995 1938 3050 Ἰδοὺ

349 3086 468 3157 γὰρ
503 3085 604 3157 τὴν
632 3086 796 3156 φύσιν
838 3085 933 3141 τοῦ
963 3085 1157 3148 ὓδατος
1193 3086 1323 3154 μίαν
1344 3085 1572 3151 ειδότες,
1601 3085 1697 3138 καὶ
1725 3085 1808 3149 τὸ,
1844 3101 1938 3138 κε-

351 3177 874 3249 κρυσταλλωμὲνην,
903 3177 1074 3247 ταύτῃ
1102 3179 1419 3245 ἐπάγοντες,
1440 3176 1636 3248 ἑτέραν
1669 3176 1834 3246 φύσιν
1851 3175 1941 3229 διὰ

352 3265 458 3335 τῆς
488 3264 747 3336 τοιαύτης
788 3265 1066 3335 σημασίας
1105 3265 1168 3318 οὐ
1198 3265 1649 3335 προσηγάγομεν,
1681 3264 1844 3334 μόνον
1878 3264 1936 3318 δὲ

353 3353 522 3426 πῆξιν
559 3373 682 3410 τινα
726 3356 858 3428 περὶ
895 3355 1065 3428 αὐτὴν
1108 3356 1408 3425 γενομένην
1451 3358 1812 3428 νενοήκαμεν,
1848 3355 1938 3412 διὰ

351 3444 458 3515 τῆς
507 3444 1075 3516 κεκρυσταλλωμένης
1118 3446 1322 3513 φωνῆς.
1366 3444 1513 3515 Πρὸς
1547 3443 1709 3498 τοῦτό
1733 3460 1934 3516 φαμεν,

352 3535 440 3589 ὅτι
489 3535 585 3589 ἐπὶ
638 3534 750 3589 τῶν
783 3535 1044 3590 τοιούτων
1101 3534 1561 3606 ἀποτελεσμάτων
1600 3537 1702 3590 οὐκ
1751 3536 1938 3590 ἀναδι-

355 3626 750 3691 πλασιάζονται
802 3629 862 3682 αἱ
905 3626 1154 3682 τοιαῦται
1193 3627 1404 3697 φωναί·
1435 3629 1463 3680 ὁ
1497 3626 1608 3698 γὰρ
1636 3626 1938 3680 ἀναδιπλα-

359 3721 595 3791 σιασμὸς
626 3722 866 3776 ἐνταῦθα
893 3723 1170 3793 σημασίαν
1198 3720 1414 3789 φύσεως
1445 3720 1640 3790 ἑτέρας
1676 3722 1938 3775 ποιεῖται.

358 3807 508 3878 Οἷον,
554 3814 617 3867 ού
665 3812 946 3884 δυνάμεθα
973 3813 1153 3882 λέγειν
1182 3813 1374 3875 ὓδατος
1404 3811 1568 3882 φύσιν
1599 3812 1940 3882 κεκρυσταλ-

358 3904 617 3976 λωμένην
662 3903 1021 3976 κρυστάλλῳ·
1053 3902 1180 3957 ἐπεὶ
1236 3903 1367 3974 παρ’
1397 3902 1537 3956 αὑτά
1582 3903 1940 3974 ὲοημήναμεν

357 3997 549 4066 ἓτερον
602 3992 742 4050 εἶναι
770 3995 872 4067 τὴν
916 3994 1011 4049 τοῦ
1058 3994 1251 4059 ὕδατος
1283 3995 1468 4063 φύσιν,
1505 3995 1599 4047 καὶ
1625 3994 1812 4065 ἕτερον
1828 3995 1941 4077 ⁸τὴν

357 4088 456 4144 τοῦ
491 4066 868 4160 κρυστάλλου·
913 4087 989 4153 ὡς
1015 4086 1183 4159 ἡνίκα
1205 4087 1440 4157 λέγομεν
1469 4086 1627 4153 ξύλον
1657 4066 1942 4157 κεχρυσωῖ

363 4181 527 4252 μένον
559 4178 776 4252 χρυσῷ·
804 4177 894 4233 διὰ
923 4177 1034 4249 γὰρ
1059 4178 1159 4234 τοῦ
1187 4178 1699 4249 ἀναδιπλασιασμοῦ
1742 4180 1938 4234 τούτου

360 4275 665 4344 ὲνοήσαμεν
695 4270 826 4326 ἄλλο
848 4287 900 4325 τι
935 4265 1077 4324 εἶναι
1101 4270 1165 4324 τδ
1196 4270 1372 4335 ξύλον,
1407 4270 1502 4323 καὶ
1533 4270 1665 4325 ἄλλο
1688 4271 1781 4325 τὸν
1806 4288 1943 4343 χρυ-

362 4365 480 4423 σόν.
513 4364 703 4428 Οὕτως
744 4359 840 4417 οὖν
888 4362 1147 4425 ἐνταῦθα,
1173 4365 1302 4418 ὅταν
1337 4364 1583 4435 εἴπωμεν
1619 4364 1749 4435 μίαν
1780 4364 1943 4433 φύσιν

358 4457 456 4511 τοῦ
503 4456 642 4511 Θεοῦ
692 4455 870 4524 Λόγου
933 4457 1388 4527 σεσαρκωμένην,
1452 4456 1617 4527 φύσιν
1688 4457 1940 4529 ἐναργῶς

359 4547 867 4621 ὑπεσημηνάμεθα,
926 4547 1023 4602 καὶ
1075 4550 1159 4603 ὅτι
1216 4550 1290 4620 μὴ
1348 4550 1487 4620 αὐτὴ
1543 4550 1576 4620 ἡ
1634 4548 1830 4620 θεότης
1863 4551 1943 4612 είς

301 4671 313 4677 -
360 4642 543 4712 σάρκα
589 4641 1050 4721 μεταπεποίηται,
1089 4640 1228 4696 ἀλλά
1265 4642 1500 4712 μείνασα
1530 4643 1689 4712 ὅπερ,
1714 4637 1803 4711 ἦν,
1854 4641 1942 4695 διὰ
1976 4642 2021 4699 D

358 4735 457 4789 τοῦ
483 4736 1004 4805 καταπετάσματος,
1039 4734 1185 4789 τοῦτ’
1216 4733 1334 4789 ἐστι
1370 4737 1472 4801 τῆς
1496 4734 1944 4807 προσληφθείσης

357 4828 455 4882 ὑπ’
515 4829 689 4899 αὐτῆς
737 4827 963 4899 σαρκὸς,
1021 4828 1154 4898 ἡμῖν
1201 4827 1610 4899 πεφανέρωται.
1681 4827 1946 4892 Ἐντελῶς

355 4922 471 4993 ἄρα
505 4922 601 4975 καὶ
625 4923 659 4992 ἡ
684 4920 912 4990 τοιαύτη
942 4919 1141 4986 ἔννοια,
1174 4919 1262 4976 διὰ
1308 4919 1401 4974 τοῦ
1437 4919 1945 4991 ἀναδιπλασιασμοῦ

356 5014 677 5070 ἀποδέδοται
704 5011 916 5068 τούτου.
1515 5046 1521 5051 -

433 5108 500 5161 Et
523 5106 580 5160 δέ
609 5123 694 5169 τις
719 5107 882 5161 πάλιν
908 5105 1238 5176 ἀναχυτικδς
1263 5105 1359 5159 καὶ⁵
1388 5104 1736 5177 συμφύρτης,
1771 5120 1947 5176 προσ·

362 5202 506 5254 ίεται
542 5198 643 5269 μὲν
668 5199 762 5255 τὸν
793 5197 1040 5263 τοιοῦτον
1082 5198 1231 5269 ὅρον,
1260 5197 1337 5261 ὡς
1367 5196 1726 5268 συντρέχοντα
1767 5196 1826 5250 δὲ
1866 5194 1947 5268 τῷ

359 5289 531 5346 αὑτοῦ
558 5288 938 5360 δυσσεσήματι
957 5303 972 5318 ·
1018 5287 1255 5359 μάλιστα
1285 5287 1385 5357 μὲν
1408 5288 1504 5342 καὶ
1522 5290 1596 5349 ¹αἱ
1638 5286 1950 5359 προλεχθεῖ-

365 5399 458 5435 σαι
501 5380 791 5448 ὲπαγωγαὶ
834 5379 912 5443 ὡς
958 5378 1302 5451 πορρωτάτω
1325 5379 1427 5450 τὴν
1456 5378 1624 5433 αὐτοῦ
1645 5378 1948 5434 κακόνοιαν

361 5471 756 5526 ἀποσείονται·
791 5469 975 5542 πολλῷ
1000 5470 1059 5524 δὲ
1092 5469 1297 5541 μᾶλλον
1325 5471 1356 5523 ὁ
1385 5469 1576 5539 ἕτερος
1611 5471 1762 5541 ὄρος,
1783 5469 1813 5522 ὁ
1854 5470 1949 5524 τὸν

362 5565 607 5634 Χριστὸν
652 5564 711 5617 ὲν
747 5563 843 5617 δύο
890 5562 1090 5634 φύσεσι
1122 5562 1530 5635 γνωριζόμενον
1557 5561 1943 5631 ἀπαγγέλλων,

367 5656 466 5711 καὶ
520 5653 1107 5728 λαθροκακουργοῦντα
1156 5653 1319 5708 αὐτὸν
1389 5653 1704 5724 ἀπελέγχει.
1774 5646 1948 5717 Οὗτος

367 5746 480 5816 γὰρ
511 5747 541 5798 ὀ
579 5746 704 5817 ὅρος
758 5745 1061 5818 διαρρήδην
1093 5744 1192 5816 βοᾷ
1220 5743 1281 5797 τὸ
1311 5742 1538 5815 ἑδραίαν
1564 5743 1659 5797 καὶ
1683 5743 1948 5812 ἀνεκφοί-

366 5855 532 5908 τητον
566 5839 664 5908 τὴν
701 5838 936 5906 θατέρας
984 5837 1202 5907 φύσεως
1241 5836 1480 5905 ἰδιότητα
1509 5836 1613 5890 κάν
1656 5837 1724 5905 τῇ
1755 5835 1949 5889 ὲνώσει

376 5933 769 6004 μεμενηκέναι,
809 5930 952 5985 ὥστε
1001 5930 1200 6003 ῥᾳδίως
1246 5925 1626 5999 διαγινώσκειν
1661 5925 1946 5996 δύνασθαι,

2038 2073 2233 2141 possit,
2257 2084 2315 2128 ει
2337 2072 2442 2129 iste
2484 2090 2595 2128 non
2634 2075 2727 2146 pie
2779 2074 3019 2145 accipiat
3056 2078 3502 2148 adiunctionem,
3536 2080 3622 2134 in-

2038 2171 2324 2218 carnatum
2361 2178 2527 2221 carne
2557 2166 2798 2221 animata
2839 2168 3022 2222 anima
3055 2169 3398 2240 intelligente
3439 2179 3498 2227 et
3529 2185 3625 2227 tau

1996 2332 2003 2337 ι
2041 2253 2256 2321 tionali,
2291 2255 2514 2313 desinat
2561 2258 2665 2314 iste
2688 2272 2957 2315 excusare
2977 2259 3367 2318 excusationes
3405 2261 3460 2319 in
3486 2275 3624 2333 pec-

2039 2345 2199 2402 catis.

2110 2637 2295 2693 Dicam
2331 2638 2537 2695 clarius
2585 2658 2598 2695 :
2633 2639 2770 2696 Cum
2816 2639 3023 2697 dicitur
3059 2658 3167 2698 una
3210 2650 3411 2701 natura
3448 2642 3620 2703 Verbi

2040 2729 2347 2809 incarnata,
2385 2731 2689 2799 incarnata,
2736 2732 2986 2803 inquam,
3026 2742 3213 2804 potest
3266 2735 3491 2808 adiungi
3526 2719 3621 2794 uni

2041 2829 2284 2888 naturae;
2331 2831 2389 2878 et
2430 2824 2660 2878 alteram
2715 2825 2940 2894 quidem
2986 2835 3242 2881 naturam
3293 2842 3405 2883 non
3456 2826 3623 2884 indu-

2040 2925 2192 2976 cere,
2251 2913 2610 2968 mutatione'm
2683 2930 2814 2970 vero
2872 2915 3169 2985 quamdam
3222 2916 3341 2972 sive
3392 2931 3626 2973 conver-

2041 3004 2252 3060 sionem
2306 3006 2425 3076 ejus
2464 3006 2814 3077 signiﬁcare,
2871 3007 3018 3062 sicut
3069 3008 3308 3064 dicimus
3390 3009 3625 3080 glaciem

2040 3108 2162 3150 esse
2208 3104 2459 3150 naturam
2500 3111 2657 3167 aquae
2710 3097 3075 3169 congelatam.
3121 3098 3626 3157 Etenimscientes

2040 3201 2207 3241 unam
2260 3196 2515 3242 naturam
2571 3204 2725 3258 aquae
2770 3205 2916 3253 esse,
2954 3200 3011 3246 ει
3062 3192 3429 3263 adiungentes
3469 3193 3629 3262 huic,

2042 3279 2409 3349 congelatam,
2444 3278 2671 3334 alteram
2711 3291 2966 3353 naturam
3018 3300 3116 3353 per
3163 3283 3628 3356 hancsigniﬁca-

2042 3369 2251 3424 tionem
2289 3386 2399 3425 non
2445 3373 2807 3441 apponimus;
2838 3375 3010 3429 solam
3064 3377 3625 3448 autemcongclatio-
3723 3429 3727 3433 .

2040 3478 2168 3518 nem
2204 3463 2259 3517 in
2287 3480 2352 3519 ea
2386 3473 2584 3518 natura
2615 3465 2811 3522 factam
2842 3467 3221 3525 intelleximus.
3242 3485 3310 3525 ex
3339 3471 3443 3527 hac
3466 3486 3629 3545 voce,

2041 3557 2404 3626 congelatam.
2454 3555 2535 3609 Ad
2572 3555 2690 3611 htec
2717 3557 2980 3624 dicimus,
3025 3559 3173 3628 quod
3206 3561 3262 3616 in
3306 3560 3625 3634 huiusmodi

2040 3647 2272 3716 effectis,
2310 3648 2624 3721 huiusmodi
2646 3665 2809 3705 voces
2826 3665 2937 3703 non
2963 3649 3316 3729 duplicantur
3330 3670 3354 3718 ;-
3373 3652 3627 3723 duplica-

2042 3738 2120 3793 tio
2157 3741 2303 3807 enim
2349 3742 2441 3799 hic
2480 3744 2944 3812 signiﬁcationem
3002 3743 3245 3825 alterius
3277 3755 3488 3802 naturae
3511 3746 3629 3802 em-

2043 3833 2119 3887 cit
2157 3852 2170 3887 :
2204 3835 2363 3890 verbi
2405 3838 2603 3908 gratia,
2658 3855 2767 3893 non
2813 3853 3110 3906 possumus
3145 3840 3335 3896 dicere
3364 3849 3626 3896 naturam

2042 3941 2198 3995 aquae
2221 3929 2565 3999 congelatam
2597 3931 2793 4001 glacie,
2816 3933 2949 4002 quia
2977 3933 3163 3987 statim
3187 3933 3629 4005 signiﬁcaremua

2043 4017 2192 4071 aliud
2236 4035 2360 4073 esse
2408 4028 2660 4076 naturam
2698 4039 2873 4093 aquae,
2917 4033 2975 4079 et
3015 4024 3167 4079 aliud
3220 4033 3473 4080 naturam
3504 4026 3626 4096 gla-

2044 4109 2187 4175 ciei;
2224 4112 2398 4166 'sicut
2430 4098 2557 4167 cum
2618 4113 2860 4169 dicimus
2904 4114 3116 4186 lignum
3162 4124 3415 4172 auratum
3460 4131 3623 4182 auro,

2044 4197 2420 4268 duplicatione
2458 4201 2599 4258 facta
2644 4203 3002 4275 intelligimus
3053 4205 3204 4261 aliud
3255 4221 3378 4261 esse
3411 4206 3627 4277 lignum

2045 4298 2102 4345 et
2129 4292 2275 4345 aliud
2302 4310 2521 4348 aurum.
2545 4293 2638 4351 Sic
2666 4296 2834 4366 igitur
2857 4297 2971 4363 hic,
3026 4312 3151 4352 cum
3186 4297 3428 4352 dicimus
3459 4314 3626 4354 unam

2046 4389 2299 4436 naturam
2331 4383 2429 4438 Dei
2450 4385 2616 4440 Verbi
2648 4387 3012 4451 incarnatam,
3040 4396 3100 4442 et
3127 4388 3402 4455 addimus,
3423 4405 3625 4458 carne;

2046 4481 2303 4526 naturam
2339 4475 2523 4529 carnis
2576 4475 3033 4546 signiﬁcavimus,
3068 4486 3124 4533 et
3161 4478 3312 4550 quod
3357 4479 3627 4539 divinitas

2048 4579 2159 4618 non
2186 4575 2271 4621 est
2302 4576 2513 4623 mutata
2542 4569 2610 4622 in~
2630 4586 2877 4636 carnem,
2910 4572 3006 4627 sed
3033 4573 3181 4643 quod
3215 4589 3452 4630 manens
3475 4576 3628 4645 quod

2049 4664 2191 4719 erat,
2232 4673 2331 4726 per
2357 4659 2629 4723 velamen,
2667 4661 2720 4715 id
2770 4672 2878 4728 est,
2906 4679 3005 4733 per
3033 4680 3258 4720 carnem
3288 4677 3630 4738 assumptam

2049 4738 2211 4802 nobis
2244 4750 2521 4819 apparuit.
2568 4751 2819 4808 Perfecte
2868 4769 3002 4826 ergo
3048 4754 3364 4826 huiusmodi
3399 4766 3630 4815 senten-

2049 4839 2123 4893 tia
2173 4854 2272 4910 per
2326 4841 2468 4898 hanc
2527 4840 2961 4914 duplicationem
3008 4847 3285 4905 redditur.

2120 5104 2177 5160 Si
2217 5105 2342 5175 quis
2363 5122 2497 5161 vero
2535 5123 2731 5163 rursus
2761 5118 2986 5165 naturas
3016 5111 3362 5168 confundens
3390 5122 3447 5169 et
3472 5130 3629 5171 com-

2049 5195 2305 5256 miscens,
2337 5197 2605 5267 approbat
2624 5199 2844 5268 quidem
2874 5198 3015 5254 hanc
3039 5199 3442 5268 deﬁnitionem,
3471 5207 3629 5275 quasi

2050 5303 2174 5341 cum
2217 5287 2499 5357 impietate
2551 5288 2675 5358 eius
2714 5289 2880 5344 faciat
2926 5306 2990 5346 ac
3045 5294 3398 5362 consentiat,-
3432 5296 3629 5367 adiun-

2048 5378 2262 5432 ctiones
2286 5394 2423 5449 quas
2450 5379 2606 5448 prius
2631 5379 2895 5447 diximus,
2915 5383 3151 5439 maxime
3181 5387 3403 5456 quidem
3428 5390 3629 5446 malam

2049 5477 2290 5523 mentem
2329 5471 2451 5539 eius
2499 5470 2823 5536 retundunt,
2874 5473 2970 5528 sed
3017 5477 3190 5531 multo
3248 5479 3420 5549 magis
3449 5482 3629 5538 adhuc

2049 5561 2222 5615 altera
2269 5561 2543 5641 deﬁnitio,
2591 5577 2713 5631 quae
2738 5561 3024 5620 Christum
3071 5566 3128 5622 in
3162 5568 3381 5624 duabus
3411 5572 3631 5628 naturis

2050 5651 2299 5721 agnoscit
2331 5659 2389 5707 et
2430 5653 2745 5722 proﬁtetur,
2782 5670 3022 5725 eumque
3053 5658 3294 5716 latenter
3329 5671 3385 5718 et
3416 5678 3514 5732 per
3547 5661 3632 5719 in—

2051 5743 2222 5799 sidias
2249 5736 2441 5799 fallere
2469 5744 2772 5801 convincit.
2819 5747 2948 5803 Haac
2981 5751 3132 5805 enim
3162 5750 3412 5810 deﬁnitio
3438 5762 3630 5825 aperte

2051 5833 2251 5888 clamat
2281 5833 2677 5904 proprietatem
2718 5835 3008 5906 utriusque
3054 5847 3268 5903 natura:
3311 5839 3519 5898 ﬁrmam
3574 5855 3633 5897 et

2053 5925 2451 5982 immutabilem
2481 5927 2537 5981 in
2565 5924 2769 5984 unione
2792 5929 3093 6000 mansisse;
3125 5940 3185 5987 ut
3206 5932 3365 5989 facile
3390 5932 3629 5989 discerni
