2026 3182
236 218 302 252 1495

798 226 994 256 THEODORI
1014 227 1275 259 RIIAITUENSIS

1797 232 1863 264 1496

233 276 332 312 possit,
344 276 408 311 quid
422 277 563 312 proprium
577 278 679 306 haheat
691 282 906 315 unumquodque
923 289 1025 308 coeun-

1095 282 1101 307 ί
1120 283 1185 309 ἴδιον
1207 284 1323 311 ἑκάστου
1345 285 1399 311 τῶν
1426 286 1620 319 συνελθόντων,
1635 287 1683 313 καὶ
1708 287 1736 313 τί
1751 287 1807 313 τῶν
1828 287 1864 313 οι-

234 324 313 355 tium,
341 328 368 351 et
390 324 455 358 quid
475 325 619 359 proprium
641 328 828 354 communicet
858 329 1024 355 alterutrum

233 378 296 397 cum
323 378 357 397 eo
381 371 453 405 quod
476 379 570 398 secum
584 374 773 407 compositum
797 378 825 400 et
846 374 955 401 unitum
971 379 1024 407 est,

233 420 261 442 et
276 416 343 450 quid
356 416 474 444 vicissim
493 417 527 444 ab
542 426 575 445 eo
588 419 713 453 recipiat.
733 420 789 447 Hoc
805 424 897 447 autem
910 425 952 447 est
964 428 1027 455 pro-

235 462 325 495 prium
348 462 460 489 unionis
481 471 576 490 revera
603 464 755 492 ineonfusa:
771 470 798 492 et
814 466 980 499 purissimae,
998 470 1027 493 ut

235 507 263 534 in
280 515 311 534 ea
325 512 475 535 cernantur
488 517 548 544 quae
561 515 625 537 sunt
646 512 803 539 communia
822 512 964 540 ambarutn
979 521 1028 540 na-

237 559 379 587 turarum;
409 559 437 581 et
471 555 545 590 quod
577 556 719 590 proprium
757 558 894 593 cujusque
920 566 1027 586 earum.

236 599 294 627 Nisi
321 599 395 626 enim
421 601 540 635 primum
565 602 720 636 proprietas
744 608 939 639 cognoscatur,
955 613 1026 632 nun-

237 654 319 680 quam
344 647 529 674 communitas
554 655 728 683 agnoscetur.
751 649 895 683 Quomodo
910 651 984 678 enim
1001 652 1029 678 in

238 699 267 718 re
282 691 374 726 aliqua
386 692 432 719 [iet
449 694 617 726 communio,
633 695 685 721 nisi
703 696 920 731 unumquodque
933 704 1029 724 eorum

238 745 298 771 qtae
312 739 536 766 communionem
552 740 664 773 habent,
679 742 821 776 proprium
836 743 902 778 quid
916 743 1032 770 habeat?

239 782 286 809 Sic
296 791 361 817 ergo
379 783 446 810 mihi
459 784 603 812 considera
620 794 626 812 :
641 785 788 821 Proprium
811 792 854 814 est
866 792 971 815 natura)
984 788 1032 815 Dei

239 828 321 856 Verbi
339 836 400 863 qum
417 831 567 864 assumpsit
586 835 712 859 naturam
741 833 900 865 humanam,
915 841 975 861 esse
986 834 1032 861 Fi-

239 872 308 899 lium
334 873 403 901 Dei:
425 876 569 909 proprium
589 880 696 903 naturae
720 877 848 905 humana:
875 885 1032 913 assumpta,

239 926 300 945 esse
317 918 403 946 ﬁlium
427 920 557 948 hominis.
583 920 630 948 llis
653 922 737 957 igitur
761 924 870 951 naturis
895 924 923 951 in
948 932 1033 951 unum

240 966 404 1000 compositis
421 972 448 994 et
466 968 571 996 ratione
600 970 767 1005 cognitionis
787 977 815 999 et
835 973 945 1001 unionis
963 974 1034 1001 inter

240 1019 271 1040 se
300 1013 466 1041 coeuntibus
482 1034 489 1046 ,
525 1015 656 1044 similiter
675 1018 879 1046 nominationes
908 1020 981 1047 inter
1005 1028 1034 1048 se

242 1062 353 1089 coeunt,
376 1062 403 1085 et
426 1059 548 1086 vicissim
565 1062 817 1096 communicantur,
846 1070 874 1092 et
894 1064 964 1092 fiunt
976 1073 1036 1092 am-

242 1103 285 1131 bae
308 1112 381 1131 unus
404 1105 490 1133 Filius
514 1107 562 1134 Dei
588 1108 669 1136 simul
688 1113 716 1136 et
741 1110 871 1144 hominis,
888 1111 915 1138 id
932 1116 973 1138 est
988 1112 1036 1140 Dei

243 1151 333 1178 Patris
350 1156 377 1178 et
402 1152 524 1187 Virginis
544 1155 651 1187 matris,
677 1161 707 1183 ut
721 1156 819 1184 beatus
836 1158 934 1185 Petrus
947 1159 1035 1186 dixit:

243 1197 282 1224 Tu
299 1206 325 1224 es
341 1197 460 1225 Christus
482 1199 565 1227 Filius
583 1201 629 1227 Dei
643 1203 695 1228 vivi
712 1202 718 1226 i
732 1211 739 1235 ;
755 1208 783 1230 et
800 1203 896 1231 beatus
912 1205 1028 1232 Paulus:

232 1243 325 1276 .Misit,
351 1244 451 1280 inquit,
482 1245 579 1274 Filium
608 1255 685 1274 suum
709 1248 808 1283 factum
831 1258 864 1276 ex
881 1250 992 1278 muliere
1013 1249 1038 1279 ι,

245 1290 375 1317 Doctrina
390 1290 474 1326 igitur
483 1292 672 1320 ecclesiastica
683 1294 849 1328 reprehendi
864 1303 919 1322 non
934 1301 1038 1331 potest,

244 1343 306 1369 qua:
328 1343 391 1363 cum
415 1344 498 1363 unum
519 1337 666 1365 Dominum
682 1339 775 1366 Jcsum
794 1340 934 1368 Christum
957 1342 1039 1370 simul

245 1381 333 1409 Deum
369 1387 397 1410 et
423 1382 565 1410 hominem
592 1384 671 1415 dicit.
697 1385 767 1413 duas
790 1391 905 1414 naturas
931 1387 959 1414 in
985 1394 1041 1415 uno

247 1428 364 1456 Domino
377 1429 441 1456 Jcsu
456 1429 568 1458 Christo
579 1431 726 1465 proﬁtetur
739 1441 745 1458 :
763 1432 836 1459 Deus
845 1432 924 1461 enim
941 1442 1041 1464 nomen

246 1478 354 1502 paterae
372 1480 425 1508 est;
450 1482 477 1503 et
506 1477 589 1504 homo
611 1486 713 1505 nomen
739 1478 806 1505 item
834 1483 954 1512 naturae;
976 1479 1042 1514 quia

247 1527 314 1555 ergo
331 1519 404 1548 idem
419 1525 461 1548 est
476 1522 549 1549 Deus
563 1526 590 1549 et
607 1522 700 1556 homo,
721 1523 825 1551 idcirco
848 1524 916 1552 duas
930 1529 1043 1553 naturas

248 1574 335 1593 unum
358 1571 387 1594 et
407 1568 534 1595 eumdem
559 1568 725 1596 conﬁtemur
745 1569 905 1597 Dominum.
925 1571 1042 1604 Rursus,

248 1611 315 1645 quia
333 1612 392 1646 ipse
414 1617 458 1639 est
480 1620 552 1640 unus
574 1613 662 1642 Filius
687 1614 734 1641 Dei
762 1614 853 1641 Patris
876 1618 902 1641 et
924 1615 1044 1650 Virginis

249 1656 365 1688 matris,
385 1658 458 1685 illius
481 1663 573 1685 autem
606 1666 707 1686 nomen
729 1665 772 1687 est
797 1660 964 1696 hypostasim
989 1663 1046 1690 sive

250 1710 398 1738 personam
416 1703 583 1738 signiﬁcans,
600 1708 629 1731 et
642 1712 698 1732 non
709 1710 837 1732 naturam
851 1715 858 1740 ;
876 1707 979 1734 ideirco
993 1716 1046 1735 una

252 1749 407 1784 hypostasis
430 1754 537 1777 natura
555 1749 662 1794 divinat]
680 1755 709 1780 ct
734 1751 862 1779 humana:
882 1752 1009 1781 Christus
1032 1763 1047 1782 a

251 1795 304 1830 piis
327 1795 494 1822 celebratur.

288 1840 411 1869 Ecclesia
432 1841 515 1875 igitur
531 1847 612 1868 unam
632 1850 778 1875 personam
795 1849 822 1870 et
846 1845 914 1872 duas
932 1851 1046 1873 naturas

253 1886 409 1922 profiterith
439 1887 529 1914 media
554 1888 598 1914 via
619 1889 795 1924 ingreditur:
822 1899 912 1926 neque
936 1898 1048 1926 propter

254 1932 384 1959 unionem
413 1932 593 1960 Manichzeutn
621 1935 747 1969 sequitur
780 1936 848 1963 duas
883 1942 996 1965 naturas
1021 1940 1046 1965 in

254 1985 336 2005 unam
366 1978 515 2013 reﬁngens,
540 1988 631 2015 neque
658 1987 771 2016 propter
799 1982 962 2011 divisionem
981 1985 1048 2012 dua—

255 2031 315 2050 rum
337 2029 496 2051 naturarum
533 2026 685 2053 secundum
712 2028 906 2062 cogitationem
932 2030 1047 2058 Paulum

255 2070 477 2097 Samosatensem
506 2076 648 2104 sectatur,
673 2080 706 2099 ex
734 2082 788 2100 una
814 2074 953 2109 hypostasi
980 2078 1047 2105 duas

254 2116 378 2148 faciens;
397 2117 460 2150 quia
474 2125 528 2143 non
543 2117 609 2144 facit
624 2126 845 2154 unamquamque
857 2127 982 2150 naturam
1000 2132 1048 2158 per

255 2171 285 2191 se
321 2163 483 2195 subsistere,
502 2164 545 2190 vel
576 2164 740 2192 divisionem
773 2166 833 2194 sine
860 2168 974 2201 unione,
1004 2171 1048 2196 vel

256 2209 387 2236 unionem
410 2209 470 2236 sine
492 2209 640 2237 divisione.
658 2210 711 2238 Sed
736 2212 817 2239 simul
838 2213 910 2240 inter
928 2223 956 2241 se
981 2216 1050 2242 alte-

256 2263 317 2283 rum
332 2263 393 2282 cum
410 2255 516 2288 altero;
533 2256 611 2283 unite
627 2257 700 2284 enim
715 2258 822 2289 dividit.
840 2268 922 2286 unum
938 2261 1048 2295 quidem

257 2301 416 2336 hypostasin
438 2301 543 2332 dicens,
571 2306 683 2329 naturas
702 2311 768 2330 vero
793 2304 885 2331 duas:
910 2311 938 2332 et
961 2306 1049 2333 divise

257 2347 416 2380 ltuit;duas
432 2347 544 2381 quidem
557 2354 669 2375 naturas
686 2349 792 2379 dicens.
804 2350 963 2384 hypostasin
981 2360 1048 2379 vero

256 2400 357 2425 unam;
379 2397 475 2419 contra
489 2397 572 2427 atque
587 2393 617 2420 in
633 2393 771 2429 theologia
787 2394 932 2422 Trinitatis
947 2404 1049 2423 secun-

257 2439 323 2465 dum
334 2438 496 2473 Gregorium
510 2439 647 2474 Magnum.
659 2439 718 2467 Illic
732 2440 807 2467 enim
818 2440 864 2475 qui
883 2441 909 2467 in
924 2442 1050 2475 personis

258 2485 368 2517 dividit,
387 2485 415 2511 in
433 2489 532 2511 natura
559 2485 619 2511 unit
640 2493 647 2511 :
670 2485 713 2512 hic
737 2489 841 2516 autem.
863 2487 910 2520 qui
943 2487 969 2513 in
1000 2488 1050 2523 hy-

258 2531 362 2568 postasi
388 2531 460 2563 uuit,
485 2531 513 2558 in
538 2531 646 2558 naturis
667 2531 776 2561 dividit,
807 2532 866 2559 lllic
890 2533 963 2559 enim
987 2540 1051 2561 sunt

258 2576 418 2608 diﬂ'erentes
443 2576 556 2612 quidem
583 2576 756 2612 hypostases,
773 2581 871 2604 natura
898 2586 963 2606 vero
979 2587 1049 2607 una;

259 2622 305 2650 hic
321 2627 426 2648 natura)
447 2621 558 2656 quidem
578 2621 706 2655 diversm,
726 2622 882 2657 hypostasis
902 2632 968 2651 vero
986 2633 1050 2652 una.

260 2668 288 2696 Si
310 2667 373 2703 quis
387 2667 471 2703 igitur
484 2668 636 2695 secundum
651 2672 771 2696 mentem
790 2669 920 2700 Ecclesia:
939 2671 1050 2705 accipit,

259 2714 334 2751 quod
359 2714 478 2742 dicimus
504 2722 586 2741 unam
611 2714 695 2742 Verbi
718 2719 845 2744 naturam
870 2716 1051 2749 incarnatam,

260 2759 378 2795 accipiat
402 2759 468 2788 item
484 2760 613 2791 libenter,
627 2759 699 2794 quod
719 2760 838 2787 dicimus
857 2761 925 2788 duas
941 2767 1053 2789 naturas

260 2806 480 2835 aubstantialiter
491 2806 518 2833 in
534 2805 645 2832 Christo
662 2806 761 2833 unitas.
774 2806 801 2833 Si
816 2807 888 2834 enim
907 2807 940 2834 ad
959 2812 1052 2834 osten-

262 2852 383 2885 dendum
403 2856 432 2880 et
447 2851 655 2889 signiﬁcandum
667 2852 814 2881 humanam
826 2858 964 2886 naturam,
978 2858 1054 2889 post-

300 2942 309 2973 ι
331 2928 427 2974 Matth.
445 2951 499 2977 xvi,
518 2944 557 2971 ιο.
598 2945 609 2963 ἰ
628 2944 716 2971 Galat.
744 2953 779 2978 γι,
798 2945 824 2971 4.

1077 328 1158 354 κείων
1175 328 1292 355 ἕκαστον
1309 329 1434 365 ἀλλήλοις
1448 331 1579 366 παρέχον,
1593 331 1627 357 τὰ
1643 332 1719 366 παρὰ
1741 332 1791 358 τοῦ
1811 340 1866 358 συν-

1077 373 1231 408 υφεστῶτος
1246 376 1293 402 καὶ
1310 377 1491 411 συγκειμένου
1507 378 1722 413 ἀντικομίζεται.
1739 379 1826 405 Τοῦτο
1840 379 1867 405 δι

1076 420 1289 456 διηρθρωμένης
1315 422 1401 454 ὅντως
1431 424 1477 450 καὶ
1505 424 1706 460 καθαρωτάτης
1733 423 1867 457 ὲνὼσεως,

1078 467 1126 494 καὶ
1152 467 1186 494 τὰ
1210 468 1290 495 κοινὰ
1314 469 1363 495 τοῦ
1380 469 1600 506 συναμφοτέρου,
1619 471 1667 497 καὶ
1684 471 1718 498 τὰ
1739 471 1794 497 ἴδια
1810 472 1870 497 ὲκά‹

1079 521 1144 540 στου
1160 513 1216 540 τῶν
1232 515 1415 549 συνημμένων
1428 516 1583 550 ἐμφαίνειν.
1602 517 1633 543 Εἰ
1647 517 1701 552 γὰρ
1718 517 1754 552 μὴ
1772 517 1871 552 ἰδιότης

1080 559 1190 595 πρῶτον
1204 561 1352 596 γνωσθείη,
1366 561 1422 588 οὐδ’
1436 561 1469 588 ἂν
1484 563 1501 598 ἡ
1524 563 1649 598 κοινότης
1666 563 1872 598 ἐπιγνωσθήσε-

1079 615 1135 633 ται.
1156 606 1218 639 Πῶς
1247 607 1302 643 γὰρ
1332 609 1347 643 ἡ
1375 608 1403 634 ἐν
1427 617 1481 635 τινι
1514 610 1642 635 κοινωνία
1658 610 1821 644 γενήσεται,
1838 610 1874 644 μὴ

1081 652 1186 686 ἔχοντος
1203 654 1320 680 ἑκάστου
1337 654 1392 680 τῶν
1409 654 1609 681 κοινωνούντων
1629 655 1695 682 ἴδιόν
1710 664 1751 687 τι;
1776 655 1876 681 Σκόπει

1081 699 1109 725 δὲ
1130 698 1234 731 οὕτως·
1253 699 1335 726 Ἰδιον
1355 702 1405 735 τῆς
1433 701 1659 737 προσλαϐομένης
1689 701 1758 727 Θεοῦ
1788 701 1876 733 Λόγου

1082 744 1200 778 φύσεως,
1226 745 1256 771 τὸ
1279 744 1348 772 εἶναι
1373 746 1437 773 Υἱδν
1464 746 1542 774 Θεοῦ.
1571 748 1651 774 Ἴδιον
1674 748 1725 781 τῆς
1753 746 1877 781 προσλη·

1083 789 1197 824 φοεῐσης
1212 789 1357 825 ἀνθρώπου
1373 790 1492 824 φύσεως,
1508 791 1538 817 τὸ
1553 789 1623 818 εἶναι
1641 791 1705 818 Υἱδν
1717 791 1875 826 ἀνθρώπου.

1083 835 1263 871 Κιρναμένων
1276 834 1321 862 οὖν
1336 836 1391 864 τῶν
1406 837 1535 864 τοιούτων
1552 837 1670 871 φύσεων,
1687 839 1735 865 καὶ
1759 846 1878 872 περιχω-

1085 882 1190 918 ρουσῶν
1205 883 1245 914 εἰς
1260 883 1378 918 ἀλλήλας
1402 883 1441 918 τῷ
1467 883 1539 919 λόγῳ
1553 885 1603 918 τῆς
1618 884 1757 919 συμςρυῖας
1770 884 1819 909 καὶ
1832 884 1879 917 τῆς

1086 929 1218 960 ὲνὼσεως,
1236 930 1384 964 κιρνῶνται
1410 932 1457 957 καὶ
1480 930 1683 966 περιχιυροῦσιν
1699 931 1741 961 εἰς
1756 929 1878 964 ἀλλήλας

1089 976 1219 1007 ὡσαύτως
1241 977 1289 1003 καὶ
1305 977 1428 1012 κλήσεις,
1456 978 1503 1004 καὶ
1526 977 1631 1010 γίνεται
1655 977 1813 1011 ἀμφότερα,
1842 973 1881 1005 εἷς

1088 1024 1150 1055 Υἱὸς
1163 1023 1230 1050 Θεοῦ
1239 1032 1269 1049 τε
1281 1023 1350 1058 ὁμοῦ
1361 1024 1408 1050 καὶ
1422 1023 1578 1059 ἀνθρώπου,
1595 1023 1667 1050 τοῦτ’
1681 1023 1738 1049 ἐστι
1752 1022 1802 1049 τοῦ
1814 1021 1881 1047 8εοὺ

1087 1068 1195 1102 Πατρδς
1217 1068 1265 1094 καὶ
1292 1069 1341 1102 τῆς
1368 1069 1508 1103 Παρθένου
1534 1069 1653 1102 μητρός·
1671 1066 1727 1094 οἷον
1741 1076 1750 1084 ·
1766 1068 1810 1094 Σὺ
1827 1065 1882 1094 ιεἷό

1087 1114 1215 1148 Χριστὸς
1228 1116 1244 1141 ὁ
1264 1114 1328 1147 Υἱὸς
1341 1115 1393 1142 τοῦ
1408 1116 1481 1142 Θεοῦ
1494 1115 1547 1142 τοῦ
1562 1114 1685 1147 ζῶντος·
1697 1114 1761 1140 καί*
1790 1113 1883 1145 ἑξαπ-

1088 1162 1226 1189 έστειλεν
1236 1164 1252 1188 ὁ
1264 1162 1336 1194 Θεὸς
1351 1162 1404 1188 τὸν
1415 1162 1485 1188 Υιὸν
1497 1161 1591 1190 αὑτοῦ
1611 1161 1779 1195 γενόμενον
1789 1159 1824 1185 ἐκ
1835 1167 1885 1193 γυ-

1090 1209 1204 1239 ναικός.
1221 1208 1292 1242 "Aput
1311 1205 1358 1234 οὖν
1373 1207 1505 1242 ἀμεμφὴς
1519 1208 1533 1234 ὁ
1544 1206 1775 1241 ὲκκλησιαστικὸς
1788 1206 1883 1238 λόγος·

1090 1252 1132 1278 διὰ
1148 1253 1197 1287 μὲν
1210 1252 1257 1279 τοῦ
1273 1250 1343 1279 ετναι
1370 1253 1418 1280 ἕνα
1433 1252 1534 1286 Κύριον
1559 1251 1664 1286 Ἰησοῦν
1686 1250 1807 1285 Χριστὸν
1821 1248 1884 1276 Θεόν

1090 1307 1120 1324 τε
1133 1299 1201 1333 ὁμοῦ
1225 1299 1271 1325 καὶ
1289 1299 1444 1333 ἄνθρωπον.
1470 1299 1517 1327 δύο
1540 1298 1636 1333 φύσεις
1662 1298 1709 1324 τὸν
1731 1297 1817 1324 αὑτὸν
1839 1296 1885 1323 ἕνα

1091 1343 1194 1379 Κύριον
1217 1344 1320 1378 Ἰησοῦν
1337 1344 1455 1378 Χριστὸν
1474 1343 1655 1377 ἀπαγγέλλων
1667 1351 1674 1358 ·
1686 1342 1717 1369 τὸ
1725 1343 1794 1377 γὰρ,
1809 1341 1885 1372 Θεὸς,

1093 1390 1199 1424 φύσεως
1214 1390 1310 1425 ὖνομα,
1325 1392 1371 1417 καὶ
1392 1391 1433 1419 τὸ.
1450 1391 1604 1426 ἄνθρωπος,
1622 1389 1755 1421 ὡσαύτως
1780 1388 1887 1423 φύσεως

1092 1437 1189 1470 ὄνομα.
1208 1437 1316 1471 Ἐπειδὴ
1332 1435 1379 1464 οὖν
1393 1438 1407 1463 ὁ
1422 1438 1503 1468 αὑτὸς
1513 1437 1579 1467 Θεός
1596 1437 1655 1462 ἐστι
1670 1435 1718 1462 καὶ
1731 1435 1886 1470 ἄνθρωπος·

1093 1483 1137 1509 διὰ
1149 1484 1227 1509 τοῦτο
1240 1483 1287 1510 δύο
1303 1484 1399 1518 φύσεις
1415 1481 1455 1515 εἷς
1467 1484 1480 1510 ὁ
1494 1484 1576 1514 αὑτὸς
1590 1483 1761 1518 ὁμολογεῖται
1777 1482 1888 1516 Κύριος.

1094 1530 1180 1558 Πάλιν
1202 1531 1230 1558 δὲ
1254 1530 1298 1557 διὰ
1315 1531 1345 1557 τὺ
1367 1529 1438 1558 εἶναι
1464 1530 1545 1557 αὑτὸν
1565 1530 1612 1557 ἕνα
1634 1529 1700 1556 Υἰὺν
1713 1528 1761 1555 τοῦ
1775 1536 1805 1554 τε
1823 1526 1888 1553 Θεοῦ

1095 1579 1211 1613 Πατρδς,
1232 1579 1278 1604 καὶ
1292 1579 1341 1612 τῆς
1363 1577 1503 1613 Παρθένου
1521 1576 1624 1612 μητρός
1637 1581 1644 1589 ³
1661 1575 1692 1601 τὸ
1706 1575 1736 1601 δὲ
1750 1574 1812 1606 υἱὸς
1832 1573 1889 1599 δνο-

1059 1629 1079 1656 C
1098 1634 1136 1659 μα
1151 1624 1325 1656 ὑποστάσεως
1342 1624 1461 1658 ὑπάρχει
1477 1622 1656 1657 σημαντικὸν,
1670 1621 1717 1648 καὶ
1727 1620 1758 1647 οὐ
1771 1619 1889 1654 φύσεως.

1097 1672 1146 1698 Διὰ
1160 1671 1239 1698 τοῦτο
1256 1671 1304 1697 καὶ
1326 1671 1374 1706 μία
1388 1670 1547 1701 ὑπόστασις,
1565 1669 1597 1696 τό
1621 1677 1652 1695 τε
1668 1668 1741 1694 θεῖον
1757 1666 1829 1701 ὁμοῦ
1845 1665 1890 1691 καὶ

1097 1718 1268 1753 ἀνθρώπινον
1283 1719 1297 1744 ὁ
1310 1716 1433 1752 ,Χριστὸς
1454 1715 1531 1754 παρὰ
1555 1712 1823 1748 τῶνΙεὺσεὸούντων
1849 1711 1890 1737 δο-

1098 1764 1221 1800 ξὰζεται.

1135 1844 1207 1871 Μίαν
1225 1842 1271 1870 οὖν
1290 1843 1440 1870 ὑπόστασιν
1456 1842 1503 1869 καὶ
1516 1842 1564 1869 δύο
1577 1840 1673 1876 φύσεις
1696 1838 1860 1875 πρεσϐεύων
1879 1838 1891 1863 ὁ

1098 1891 1177 1924 λόγος
1188 1890 1237 1924 τῆς
1258 1889 1435 1924 Ἐκκλησίας,
1456 1888 1543 1923 μέσην
1555 1887 1618 1913 τινὰ
1634 1886 1694 1913 ὁδὸν
1709 1884 1888 1920 πεπόρευται·

1099 1936 1161 1962 οὔτε
1177 1935 1221 1962 διὰ
1235 1936 1285 1969 τὴν
1309 1935 1408 1961 ἕνωσιν
1423 1935 1584 1968 Μανιχαῐος,
1600 1932 1648 1958 καὶ
1663 1932 1712 1962 τὰς
1727 1931 1826 1965 φύσεις
1843 1930 1891 1964 φύ-

1101 1990 1143 2008 σιν
1164 1980 1355 2011 ἀναπλάττων,
1368 1979 1430 2007 οὑτε
1452 1979 1496 2005 διὰ
1520 1979 1571 2012 τὴν
1595 1977 1738 2012 διαίρεσιν,
1760 1977 1813 2011 τὴν
1834 1975 1891 2002 κατ’

1100 2027 1222 2054 ἐπίνοιαν
1243 2027 1297 2052 τῶν
1325 2020 1475 2060 ἡνωμένῳν
1496 2024 1604 2059 φύσεων
1627 2021 1830 2053 Παυλιανίζων,
1847 2020 1892 2047 καὶ

1100 2073 1149 2108 τὴν
1161 2073 1310 2099 ὑπόστασιν
1325 2071 1490 2102 ὑποστάσεις
1506 2070 1590 2096 ποιῶν
1604 2077 1610 2084 ·
1629 2070 1670 2096 ὅτι
1688 2068 1726 2104 μὴ
1740 2068 1792 2094 ἀνὰ
1813 2067 1892 2102 μέρος

1100 2120 1129 2147 ἓν
1143 2119 1196 2146 τῶν
1211 2118 1350 2154 ὁποτέρων
1371 2119 1454 2147 ποιεί,
1470 2117 1487 2152 ἢ
1506 2116 1556 2151 τὴν
1577 2115 1710 2150 διαίρεσιν
1736 2114 1824 2150 χωρὶς
1845 2114 1892 2146 τῆς

1101 2166 1235 2198 ὲνώσεως,
1252 2165 1268 2201 ἢ
1288 2164 1336 2200 τὴν
1354 2164 1452 2190 ἕνωσιν
1469 2163 1555 2198 χωρὶς
1578 2162 1629 2196 τῆς
1650 2161 1823 2196 διαιρέσεως,
1838 2160 1891 2186 ἀλλ’

1101 2212 1158 2246 ἅμα
1174 2212 1221 2237 καὶ
1232 2211 1291 2237 κατ’
1308 2209 1443 2244 ἀλλήλων.
1463 2208 1625 2242 Ἠνωμένως
1636 2207 1671 2240 γᾶ
1676 2216 1692 2242 ρ
1703 2207 1815 2240 διαιρεῖ,
1831 2205 1892 2240 μίαν

1104 2258 1152 2293 μὲν
1169 2258 1319 2284 ὑπόστασιν
1332 2257 1431 2290 λέγων,
1451 2255 1548 2287 φύσεις
1563 2254 1590 2280 δὲ
1604 2253 1650 2279 δύο
1660 2262 1666 2268 ·
1683 2253 1731 2279 καὶ
1753 2253 1893 2286 διακεκρι-

1069 2300 1088 2326 υ
1104 2305 1192 2339 μένως
1211 2303 1352 2334 συνάπτει,
1370 2303 1416 2329 δύο
1435 2302 1484 2337 μὲν
1508 2301 1605 2335 φύσεις
1628 2301 1726 2334 λέγων,
1743 2299 1892 2326 ὑπόστασιν

1101 2351 1129 2378 δὲ
1143 2351 1208 2386 μίαν
1218 2358 1225 2365 ·
1242 2349 1361 2385 ἔμπαλιν
1376 2349 1423 2375 ἐπὶ
1437 2349 1488 2384 τῆς
1500 2348 1641 2383 θεολογίας
1656 2347 1729 2374 κατὰ
1745 2346 1791 2395 τὸν
1810 2344 1893 2395 μέγαν

1102 2396 1265 2432 Γρηγόριον.
1288 2395 1363 2422 Ἐκεῖ
1378 2395 1429 2430 μὲν
1441 2395 1494 2431 γὰρ
1508 2396 1567 2426 ταῖς
1587 2394 1756 2420 ὑποστάσεσι
1771 2392 1891 2425 διαιρῶν,

1103 2442 1158 2470 ἑνοῖ
1174 2444 1206 2476 τῇ
1232 2441 1329 2476 φύσει·
1354 2441 1479 2467 ἐντεῦθεν
1497 2441 1525 2467 δὲ
1551 2442 1584 2475 τῇ
1615 2438 1765 2466 ὑποστάσει
1788 2437 1891 2467 ὲνίζων,

1103 2489 1235 2523 διακρίνει
1253 2490 1312 2519 ταῖς
1331 2488 1455 2522 φύσεσιν.
1477 2488 1552 2514 Ἐκεῖ
1581 2487 1630 2522 μὲν
1654 2485 1710 2520 γὰρ
1734 2483 1892 2512 ὑποστάσεις

1104 2534 1238 2569 διάφοροι,
1263 2534 1344 2569 φύσις
1368 2534 1397 2561 δὲ
1417 2535 1434 2569 ἠ
1458 2534 1528 2569 αὐτή
1542 2542 1548 2548 ·
1565 2533 1682 2560 ἐνταῦθα
1694 2533 1722 2559 δὲ
1738 2531 1833 2566 φύσεις
1847 2529 1893 2564 μὲν

1102 2581 1237 2615 διάφοροι,
1252 2581 1402 2612 ὑπόστασις
1418 2581 1445 2607 δὲ
1462 2581 1478 2615 ἡ
1494 2581 1575 2615 αὐτή.
1593 2580 1626 2606 Ei
1640 2588 1681 2611 τις
1700 2576 1748 2605 οὖν
1764 2578 1834 2604 κατὰ
1850 2575 1892 2601 τδν

1103 2626 1166 2653 νοῦν
1184 2628 1233 2662 τῆς
1256 2627 1420 2662 Ἐκκλησίας
1431 2627 1601 2663 ἐκλαμσάνει
1621 2628 1662 2659 τὸ,
1681 2627 1746 2662 μίαν
1765 2625 1811 2652 τοῦ
1828 2622 1891 2650 Θεοῦ

1103 2674 1193 2707 Λόγου
1209 2674 1289 2707 φύσιν
1304 2674 1532 2709 σεσαρσιωμένην,
1547 2674 1690 2704 ἀσπασίως
1705 2669 1891 2703 καταδεξάσοω

1104 2718 1152 2745 καὶ
1168 2718 1197 2743 τὺ
1210 2718 1256 2744 δύο
1274 2718 1370 2752 φύσεις
1385 2719 1523 2750 οὺσιωδῶς
1537 2718 1682 2753 ήνωμένας
1699 2717 1790 2751 λέγειν
1807 2717 1836 2742 ὲν
1854 2713 1890 2748 τῷ

1104 2764 1226 2799 Χριστῷ.
1246 2765 1276 2790 Ei
1298 2765 1353 2799 γὰρ
1370 2765 1417 2790 ἐπὶ
1437 2765 1610 2799 παραστάσει
1630 2764 1677 2790 καὶ
1699 2762 1824 2809 σημασίᾳ
1844 2761 1890 2809 τῆξ

1104 2809 1280 2844 ἀνθρωπίνης
1296 2810 1416 2844 φύσεως,
1439 2810 1509 2845 μετὰ
1522 2809 1553 2836 τδ
1567 2810 1654 2835 εἰπεῖν
1674 2809 1740 2843 μίαν
1754 2807 1834 2837 φύσιν
1845 2807 1888 2831 τοῦ

1104 2855 1172 2884 Θεοῦ
1199 2856 1297 2890 Λόγου,
1323 2856 1421 2893 ἐπάγει
1444 2857 1485 2891 τὸ,
1502 2856 1717 2893 σεσαρκωμένην
1734 2863 1742 2871 ’
1755 2854 1806 2881 τίνι
1823 2853 1888 2886 λόγῳ
