4052 6424
354 497 526 562 149¹Γ

1580 502 1680 561 DE
1716 501 2308 565 INCARNATIONE.

3486 496 3620 564 1498

348 613 532 667 λοιπὸν
565 611 858 667 ἀναδύεται
886 610 948 665 τδ
976 610 1070 665 δύο
1098 612 1290 680 φύσεις
1330 613 1643 684 ὁμολογεῖν,
1672 614 1803 685 μίαν
1832 615 1930 684 μὲν

2034 630 2198 681 quam
2248 615 2392 670 dixit
2448 630 2616 670 unam
2675 622 2929 669 naturam
2982 615 3078 670 Dei
3123 613 3315 679 Verbi,
3374 614 3621 685 adjungit

344 707 448 775 τὴν
475 705 572 759 τοῦ
610 705 746 759 Θεοῦ
776 705 973 773 Λόγου,
1021 706 1218 776 ἑτέραν
1248 705 1304 760 δὲ
1332 706 1431 774 τὴν
1459 707 1833 777 ἀνθρωπίνην,
1864 707 1929 779 ἢν

345 798 509 861 αὐτὸς
538 797 629 851 διά
672 798 771 867 τῆς
821 796 1257 868 σεσαρκωμένης
1306 796 1507 864 λέξεως
1560 798 1931 866 ἀπαγγέλλειν

345 886 775 959 διισχυρίζεταις
807 888 844 942 ἀ
870 889 981 959 γὰρ
1007 889 1262 959 ὁμολογεί
1290 890 1386 944 καλ⁵
1432 889 1758 960 ἁριθμείτω,
1790 889 1930 943 κιτά

342 981 438 1033 τὸν
481 981 659 1051 μέγαν
703 980 1003 1036 Βασίλειον.
1038 981 1099 1034 Ei
1147 979 1205 1034 δὲ
1247 982 1490 1035 αἰτιᾶται
1524 982 1615 1035 τὸν
1646 980 1740 1035 δύο
1771 982 1827 1052 ἀι
1847 978 1931 1035 ιθ-

349 1072 474 1141 μὸν,
508 1071 586 1135 ὡς
615 1071 928 1142 διχαστικόν
957 1088 1078 1126 τινα
1109 1073 1204 1125 καὶ
1228 1072 1581 1144 διαιρετικὸν,
1615 1074 1932 1141 γινωσκέτω

266 1240 273 1245 Ι
350 1163 429 1235 μὴ
457 1162 681 1234 εὔλογον
726 1160 868 1219 εἶναι
914 1167 1017 1235 τὴν
1060 1163 1318 1235 τοιαύτην
1354 1164 1708 1235 παραίτησιν.
1737 1163 1801 1215 Εἰ
1833 1162 1927 1230 μὲι

347 1256 478 1328 γὰρ.
502 1257 578 1320 ώς
601 1256 697 1311 καὶ
722 1256 982 1326 ἀνωτέρω
1001 1254 1421 1327 εἴρηται,εἰπὼν
1437 1257 1465 1307 ὁ
1481 1257 1606 1326 ὅρος
1631 1252 1723 1322 δύρ
1742 1253 1957 1322 φύσεις

344 1348 534 1411 ἁπλῶς
558 1350 617 1401 ὲν
648 1346 729 1418 τῷ
779 1347 1002 1418 Χριστῷ
1056 1347 1374 1415 γινώσκειν,
1406 1347 1503 1400 καὶ⁵
1545 1346 1711 1418 μηδὲν
1743 1344 1932 1417 ἓτερον

347 1439 791 1510 προσεπιφέρων,
843 1440 1155 1503 ἀπεσιώπα,
1195 1439 1383 1510 χώραν
1425 1440 1554 1503 ῐσως
1605 1438 1778 1492 ἐδίδου
1812 1439 1933 1498 ταῖς

342 1532 628 1596 τοιαύταις
664 1531 948 1600 ὑποψίαις,
978 1530 1054 1594 ώς
1106 1531 1290 1601 μήπου
1347 1528 1445 1601 τὴν
1491 1527 1691 1583 ἑαυτοῦ
1725 1528 1933 1581 ἔννοιαν

343 1626 560 1696 τρανῶς
578 1625 966 1697 παραστήσας,
997 1624 1145 1686 ὅπως
1168 1619 1280 1676 οἵδε.
1311 1622 1412 1686 τὰς
1430 1620 1689 1685 τοιαύτας
1712 1621 1806 1674 δύο
1828 1619 1932 1688 φύ-

347 1732 463 1779 σεις
501 1714 647 1785 ἔχειν
678 1715 816 1785 πρός
855 1712 1075 1778 ἑαυτάς.
1112 1712 1249 1766 Είδὲ
1275 1712 1471 1780 ἐπάγει
1506 1711 1590 1774 τὸ,
1621 1707 1931 1780 ὴνωμένας,

345 1809 443 1862 καὶ
476 1806 618 1878 πρὸς
650 1804 865 1869 τούτοις
896 1805 996 1876 τὴν
1035 1805 1165 1874 μίαν
1196 1802 1459 1874 κηρύττει
1489 1800 1811 1863 ὑπόστασιν,
1840 1798 1933 1850 οὐ·

341 1901 402 1954 δὲ
420 1898 673 1958 ,ὲθέλοντί
712 1915 820 1951 τινι
877 1896 1246 1965 συκοφαντίας
1284 1893 1451 1948 τόπον
1481 1891 1802 1963 παρέχεται.
1837 1890 1936 1942 ΔΞ-

342 1995 558 2047 δεικται
590 1987 686 2045 οὖν
734 1992 799 2045 ὲκ
834 1990 1057 2054 παντὸς,
1101 1990 1183 2042 ὅτι
1214 1988 1409 2042 ταυτὸν
1452 1984 1784 2057 ἀμφοτέροις
1815 1984 1929 2044 τοῖς
1957 1979 2002 2032 Β

341 2088 593 2157 ὁρισμοῖς
636 2083 848 2146 τούτοις
889 2082 951 2135 τὸ
980 2080 1248 2150 βούλημα,
1282 2078 1375 2132 καὶ
1403 2079 1431 2132 ὁ
1454 2078 1643 2147 ἕτερος
1687 2073 1782 2128 τοῦ
1816 2072 1930 2126 ἑτέ·

346 2193 443 2245 ρου
479 2171 876 2245 έρμηνευτικδς
908 2172 1110 2241 μᾶλλον
1137 2170 1232 2223 καὶ
1259 2167 1360 2221 οὐκ
1387 2166 1633 2229 ὲναντίος
1666 2164 1926 2233 ὑπάρχει.

344 2269 456 2320 Καὶ
487 2267 661 2321 ταῦτα
694 2265 794 2337 μὲν
823 2264 898 2328 ὡς
930 2264 989 2317 ὲν
1018 2258 1445 2334 προεισαγωγῆς
1488 2257 1618 2312 είδει
1665 2254 1932 2326 λελέχθω-

341 2375 445 2417 σαν
471 2377 584 2415 νυν.
1085 2370 1090 2375 ”

420 2542 483 2595 Ὃ
515 2540 559 2593 δ’
608 2534 702 2593 οὖν
730 2539 758 2592 ὁ
789 2538 949 2606 λόγος
989 2536 1221 2609 ὥρμητο
1260 2530 1653 2603 διηγήσασθαι,
1701 2530 1784 2584 ὃτι
1826 2531 1929 2600 τῆς

350 2629 688 2703 Ἐκκλησίας
716 2628 1132 2700 παρωσαμένης
1156 2626 1255 2689 τὰς
1285 2625 1371 2694 ἐφ’
1422 2623 1662 2694 ἑκάτερα
1694 2621 1927 2693 τροπὰς,

338 2729 516 2798 μέσην
544 2744 604 2780 τε
637 2726 731 2780 καὶ
748 2723 1126 2796 ἀληθεστάτην
1153 2719 1463 2791 τεμνούσης
1491 2719 1609 2773 ὀδόν
1634 2735 1647 2747 ·
1689 2717 1931 2788 Σευῆρός

338 2838 426 2884 τις
456 2822 521 2890 τῇ
543 2819 651 2871 τῶν
673 2821 732 2871 ὲν
764 2814 1067 2886 ’Δντιοχείᾳ
1089 2812 1357 2885 προεδρίᾳ
1374 2811 1568 2865 ἑαυτὸν
1592 2808 1928 2880 εἰσωθήσας,

332 2911 440 2981 τὴν
470 2910 666 2979 ἑτέραν
713 2908 824 2961 τῶν
865 2904 1184 2977 ὁμομοίρων
1213 2906 1443 2970 τούτων,
1479 2905 1630 2959 τοῦτ’
1681 2903 1798 2958 ἔστι
1830 2904 1929 2976 τὴν

336 3004 486 3059 κατά
516 3003 731 3073 Μάνην,
773 2999 1155 3070 Ἀπολινάριόν
1201 3016 1262 3053 τε
1298 3000 1393 3054 καὶ
1424 2999 1696 3069 Εὐτυχέα,
1730 2998 1931 3052 διεκδι-

332 3099 459 3149 κεῖν
496 3096 782 3165 ἐπειρᾶτο,
830 3092 1017 3147 κυκῶν
1068 3094 1169 3160 ὅση
1214 3091 1444 3162 δύναμις
1481 3090 1631 3161 αὐτῷ
1682 3090 1784 3161 τὴν
1829 3091 1945 3160 τῆς

350 3187 683 3257 Ἐκκλησίας
704 3187 952 3257 εἰρήνην.
999 3184 1244 3246 Ἐλαθεὶς
1274 3183 1331 3237 δὲ
1367 3184 1466 3251 τῆς
1501 3180 1820 3252 ’Δντιοχέων
1851 3180 1928 3244 ὡς

2035 698 2417 774 ἰιιεενιιειιιηιέ
2462 724 2636 778 quare
2685 717 2876 777 postea
2918 716 3137 763 recusat
3183 706 3434 762 confiteri
3482 706 3622 765 duas

2034 806 2286 865 naturas,
2333 816 2501 855 unam
2540 801 2767 871 quidem
2809 801 2906 856 Dei
2939 801 3132 865 Verbi,
3167 810 3226 855 et
3251 800 3482 854 alteram
3510 798 3618 853 hu-

2034 908 2275 957 manam,
2310 908 2475 962 quam
2507 893 2624 963 ipse
2666 892 2939 947 vocabulo
2975 889 3248 945 incarnati
3294 888 3524 944 affirmat
3559 904 3619 945 se

2037 981 2330 1054 proﬁteri?
2373 999 2496 1052 qua:
2537 984 2687 1038 enim
2731 982 3049 1047 conﬁtetur,
3104 989 3386 1043 numeret,
3444 988 3502 1032 ut
3542 978 3620 1033 ait

2034 1088 2267 1143 magnus
2306 1073 2562 1127 Basilius.
2602 1073 2658 1127 Si
2694 1082 2878 1127 autem
2920 1080 3145 1127 accusat
3189 1070 3470 1124 binarium
3511 1085 3620 1123 nu-

2035 1180 2251 1219 merum
2299 1174 2559 1233 tanquam
2621 1164 2961 1219 dividentem
3005 1171 3062 1219 et
3089 1162 3444 1233 partientem,
3484 1161 3621 1216 sciat

2034 1271 2149 1311 non
2186 1272 2311 1312 esse
2344 1256 2543 1311 rationi
2575 1264 3006 1312 consentaneam
3050 1254 3369 1328 hujusmodi
3404 1268 3622 1308 recusa-

2036 1348 2266 1403 tionem.
2302 1347 2359 1402 Si
2396 1348 2568 1411 enim,
2605 1358 2667 1402 ut
2706 1348 2966 1417 superius
2987 1345 3197 1400 dictum
3228 1353 3334 1411 est,
3364 1342 3620 1399 definitio

2035 1454 2157 1509 qum
2206 1439 2343 1494 di'cit
2386 1440 2712 1510 simpliciter
2751 1437 2976 1510 agnosci
3011 1437 3067 1492 in
3097 1426 3490 1493 Chrislo'duas
3521 1430 3621 1489 na-

2037 1540 2212 1598 turas,
2253 1541 2311 1587 et
2345 1531 2487 1586 nihil
2536 1532 2692 1587 aliud
2719 1531 3046 1602 adjungens,
3089 1529 3355 1592 reticeat;
3386 1527 3619 1582 fortasse

2035 1624 2217 1679 locum
2260 1623 2479 1680 dederit
2528 1623 2847 1694 huiusmodi
2919 1620 3353 1692 suspicionibus,
3405 1628 3468 1673 ut
3521 1617 3617 1688 qui

2034 1731 2144 1769 non
2183 1715 2347 1784 plane
2382 1717 2718 1771 sententiam
2767 1731 2923 1771 suam
2977 1713 3297 1786 protulerit,
3338 1708 3619 1781 quomodo

2036 1805 2372 1878 intelligeret
2401 1806 2471 1860 ad
2512 1822 2571 1861 se
2599 1806 2837 1861 invicem
2868 1804 3096 1860 alfcctas
3125 1800 3446 1875 liujusmodi
3482 1800 3621 1854 duas

2035 1906 2282 1953 naluras.
2308 1898 2365 1954 Si
2388 1914 2522 1954 vero
2560 1899 2844 1970 adjungat,
2874 1898 3079 1961 unitas,
3098 1905 3155 1951 et
3193 1910 3357 1949 unam
3390 1899 3618 1962 praeter-

2031 2007 2094 2045 ea
2128 1992 2450 2062 hypostasin
2522 1990 2806 2062 praedicet,
2841 2006 2912 2045 ne
2938 1988 3146 2044 volenti
3193 1986 3417 2057 quidem
3445 1984 3616 2038 ullum

2030 2084 2213 2139 locum
2245 2085 2337 2140 dat
2369 2084 2681 2140 calumniae.
2714 2084 3162 2138 Demonstratum
3194 2080 3360 2150 igitur
3393 2085 3476 2131 est
3503 2090 3622 2131 om-

2032 2176 2167 2230 nino
2221 2175 2482 2231 eumdcni
2511 2189 2734 2243 sensum
2772 2188 2894 2228 esse
2935 2173 3228 2241 utriusque
3257 2167 3619 2232 deﬁnitionis,

2032 2276 2090 2323 et
2127 2267 2358 2321 alteram
2398 2248 2536 2321 esse.
2566 2266 2799 2320 alterius
2827 2261 3375 2333 interpretationem,
3415 2267 3472 2314 et
3516 2258 3624 2312 mi-

2033 2359 2182 2414 nime
2256 2359 2617 2415 contrariam.
2698 2357 2767 2411 Et
2826 2356 2944 2411 haec
3014 2354 3284 2410 hactenus
3360 2360 3623 2421 tanquam

2036 2453 2090 2507 in
2138 2451 2382 2522 speciem
2436 2449 2855 2521 praeparationis
2891 2448 3039 2503 dicta
3089 2448 3201 2504 sint
3252 2461 3422 2499 nunc.

2102 2540 2257 2609 Quod
2283 2552 2471 2597 autem
2500 2555 2778 2612 cmperam
2806 2542 3106 2608 exponere,
3146 2536 3618 2607 quemadmodum

2032 2636 2277 2691 Ecclesia
2315 2635 2560 2705 explosis
2589 2631 3041 2689 aberrationibus
3068 2631 3123 2685 in
3166 2639 3461 2699 utramque
3495 2644 3621 2698 par-

2032 2737 2143 2784 tem
2190 2728 2337 2784 inter
2387 2743 2447 2783 se
2508 2726 3005 2791 dissentientium,
3063 2723 3246 2779 media
3295 2722 3383 2776 via
3442 2736 3622 2791 eaque

2031 2818 2344 2875 rectissima
2385 2818 2769 2891 ingrediatur;
2824 2817 3067 2873 Severus
3109 2814 3360 2886 quidam,
3407 2814 3501 2884 qui
3558 2829 3620 2869 se

2031 2913 2088 2967 in
2106 2911 2488 2982 episcopatum
2514 2909 2774 2965 Ecclesiae
2799 2908 3194 2964 Antiochensis
3215 2907 3424 2971 intulit,
3454 2905 3620 2960 aliam

2029 3022 2197 3077 quam
2243 3004 2491 3075 ipsorum
2520 3004 2796 3067 sodalium
2836 3010 3064 3069 sectam,
3107 3002 3162 3056 id
3195 3010 3301 3068 est,
3336 2999 3622 3055 Manielnei

2029 3110 2087 3157 et
2131 3099 2463 3170 Apollinarii
2504 3107 2563 3155 et
2612 3096 2954 3169 Eutychetis,
2995 3095 3296 3150 defendere
3333 3106 3623 3162 aggressus

2030 3202 2135 3258 est,
2163 3193 2411 3258 turbans,
2441 3186 2620 3263 quoad
2644 3190 2847 3262 potuit,
2872 3204 3064 3261 pacem
3091 3186 3371 3242 Ecclesize.
3398 3184 3624 3254 Ejectus

336 3278 651 3347 στασιώδης
697 3276 793 3331 καὶ
832 3274 1124 3347 ταραξίας,
1171 3278 1239 3347 τῇ
1295 3273 1689 3345 ’Δλεξινδρέων
1729 3272 1929 3342 κουφό-

2034 3301 2170 3340 vero
2213 3285 2285 3346 ab
2329 3283 2809 3339 Antiochensibus
2836 3290 3099 3351 tanquam
3138 3278 3403 3333 factiosus
3429 3285 3485 3333 et
3513 3285 3627 3330 tur-

343 3387 468 3441 τητι
509 3367 772 3431 λαίλαπος
804 3367 900 3420 καὶ
942 3365 1176 3436 θυέλλης
1215 3366 1373 3437 δίκην
1405 3364 1731 3435 ἐνέσκηψεν.
1761 3364 1933 3419 Ἔνθα

340 3463 436 3516 καὶ
460 3461 656 3531 ἑτέρας
689 3458 1005 3527 καταιγίδος
1029 3458 1473 3529 ἀντιπνευσάσης
1500 3457 1671 3529 αὑτῷ,
1706 3457 1931 3528 ἡμερώ-

346 3568 498 3622 τερος
539 3549 640 3620 μὲν
663 3550 758 3602 καὶ
780 3543 945 3622 ἦττον
968 3548 1214 3621 ζαλώδης
1250 3548 1327 3619 (Si
1359 3549 1524 3612 αὐτὸς
1552 3549 1750 3603 ἑαυτοῦ
1779 3549 1929 3618 γίνεο

340 3663 435 3703 ται
456 3661 471 3676 ο
517 3646 566 3699 oi
595 3643 653 3699 δὲ
686 3644 783 3697 ὑπ’
815 3642 986 3698 αὐτοῦ
1019 3643 1474 3714 κλυδωνιζόμενοι
1508 3644 1603 3698 καὶ
1633 3643 1933 3715 respice-.96-

342 3753 520 3809 μενοι,
567 3732 949 3805 διεσπάρησαν
992 3736 1089 3788 ἀπ’
1129 3735 1398 3806 ἀλλήλων,
1453 3736 1551 3789 καὶ
1596 3734 1934 3807 διῃρέθησαν

338 3832 604 3904 χειρόνως
641 3831 674 3902 ἢ
719 3831 1009 3902 πρότερον.
1055 3831 1383 3885 Διεσκέδασε
1412 3831 1522 3902 γὰρ
1562 3815 1933 3894 αὑτοὺς”1ου-

338 3923 548 3989 λιανδς,
584 3923 874 3993 ὲπίχαρμα
903 3921 1015 3974 τῶν
1046 3922 1261 3994 ἐχθρῶν
1290 3921 1482 3987 αὑτοῦ,
1516 3921 1702 3986 καθὼς
1728 3922 1934 3992 γέγρα-

338 4034 497 4070 πται.
552 4015 844 4079 Ἰουλιανὸς
883 4015 940 4069 δὲ
983 4007 1138 4078 οὗτος
1205 4014 1644 4083 Ἀλικαρνασσοῦ
1699 4016 1798 4086 μὲν
1833 4015 1933 4085 τῆς

352 4103 544 4168 Ἀσίας
571 4101 874 4166 ἐπίσκοπος
902 4100 991 4175 ἦν,
1021 4105 1124 4173 τῆς
1160 4103 1217 4157 δὲ
1242 4105 1587 4177 Εὑτυχιανῆς
1619 4105 1934 4176 συμμορίας

338 4197 765 4268 προαγωνιστὴς
789 4196 1186 4267 ὲκθυμότατος,
1229 4197 1473 4269 Σευήρου
1521 4215 1581 4251 τε
1620 4198 1692 4251 τά
1738 4198 1934 4267 πρῶτα

339 4289 586 4361 συνήθης
619 4290 713 4344 καὶ
744 4289 921 4359 φίλος.
960 4291 1467 4362 συγκεκροτημένοι
1498 4308 1557 4344 τε
1589 4292 1761 4362 ἄμφω
1786 4292 1929 4345 κατά

336 4381 444 4452 τῆς
475 4380 774 4452 ἀληθείαςο
838 4380 1069 4453 ὕστερον
1112 4382 1171 4435 δὲ
1230 4382 1569 4452 ἐμπεσόντος
1613 4383 1800 4446 αὑτοῖς
1834 4383 1931 4438 τοῦ

338 4474 592 4530 τοιούτου
621 4474 964 4544 ζητήματος,
997 4474 1232 4546 πότερον
1275 4474 1519 4544 φθαρτὸν
1556 4474 1720 4544 φύσει
1750 4474 1935 4544 λέγειν

337 4568 407 4623 τὸ
454 4566 614 4638 σῶμα
656 4566 752 4620 τοῦ
801 4568 1010 4637 Κυρίου
1056 4567 1209 4634 ποτὲ,
1258 4567 1292 4639 ῆ
1339 4569 1460 4622 οὐδέ
1511 4586 1678 4634 ποτε,
1718 4568 1834 4623 ἀλλ’
1874 4568 1934 4634 ἐξ

346 4659 514 4729 αὐτῆς
575 4661 675 4731 τῆς
745 4657 995 4723 ἑνώσεως
1052 4659 1441 4730 ἀπαρνηθῆναι
1512 4661 1614 4732 τῆς

340 4749 562 4819 φύσεως
590 4750 653 4803 τὸ
681 4748 878 4821 ίδίωμα
902 4791 918 4815 ,
975 4750 1054 4814 ώς
1081 4753 1211 4821 μιᾶς
1240 4752 1462 4820 φύσεως
1483 4754 1787 4824 γινομένων
1818 4755 1929 4808 τῶν

339 4844 459 4908 δύο,
525 4844 620 4898 καὶ
674 4846 776 4915 τῆς
831 4843 1126 4908 οὐσιὼδους
1166 4845 1436 4916 διαφορᾶς
1482 4846 1686 4917 ἀμφοῖν
1729 4847 1931 4920 μηκέτι

340 4936 779 5009 γινωσκομένης.
827 4934 926 4991 τοῦ
963 4937 1022 4990 δὲ
1058 4937 1373 5008 κρείττονός
1402 4955 1463 4992 τε
1490 4939 1586 4993 καὶ
1613 4939 1759 4995 θείου
1797 4941 1934 5011 μᾶλ-

339 5031 434 5083 λόν
474 5046 593 5091 πως
624 5018 1015 5098 ἑκνικήσαντος
1041 5029 1160 5100 ἀμα
1187 5032 1256 5101 τῇ
1291 5029 1484 5102 πρώτῃ
1513 5032 1801 5100 συναφεία.
1841 5018 1939 5086 καὶ⁴

340 5120 484 5191 πρὸς
524 5120 586 5174 τὸ
631 5121 829 5173 ἑαυτοῦ
878 5121 1077 5191 ἰδίωμα
1116 5120 1179 5175 τὸ
1203 5117 1369 5193 ἧττον
1408 5124 1467 5175 ὲν
1502 5125 1701 5196 ἀκαρεῖ
1723 5123 1932 5194 μεθαρ-

347 5212 619 5285 μόσαντος
640 5215 739 5283 τῆς
755 5213 877 5265 κατ’
905 5212 1040 5266 αὐτὸ
1063 5214 1306 5285 φυσικῆς
1333 5211 1617 5286 ἰδιότητος.
1650 5216 1844 5269 Κοινὸν
1877 5216 1933 5270 δὲ

343 5306 677 5379 ἀμφοτέροις
713 5306 987 5376 Ἰουλιανῷ
1009 5309 1105 5362 καὶ
1127 5308 1267 5380 Σευή
1276 5326 1354 5380 ρῳ
1372 5310 1524 5363 τουτὶ
1548 5308 1609 5362 τὸ
1628 5308 1896 5381 ἀπόρημα
1914 5325 1930 5339 ο

343 5398 518 5470 ἄμφω
572 5398 683 5470 γὰρ
733 5400 833 5471 τῆς
873 5399 1212 5470 συγχυτικῆς
1263 5401 1613 5470 προεμάχουν
1654 5398 1931 5463 ένώσεως.

858 5509 1015 5576 Δόξα
1068 5510 1415 5565 Ἰουλίαν-οῦ.
1816 5485 1825 5494 ’

428 5622 719 5687 Ἰουλιανὸς
756 5623 891 5691 γοῦν
917 5622 1097 5688 καλῶς
1120 5626 1372 5694 ποιῄτειν
1400 5621 1618 5695 διέγνω,
1646 5627 1694 5680 εί
1726 5606 1923 5682 παντάς

343 5731 511 5772 πασιν
537 5714 596 5779 es
623 5715 869 5769 ἀπόπτου
912 5716 1141 5787 χωρήσῃ
1178 5717 1321 5770 κατά
1351 5717 1449 5788 τῆς
1491 5716 1771 5789 ἀληθείας,
1834 5720 1930 5773 καὶ

346 5805 427 5881 μὴ
453 5806 633 5878 ἑαυτῷ
661 5825 718 5864 τε
741 5808 837 5863 καὶ
863 5807 1038 5893 ταύτῃ
1071 5807 1328 5880 πολέμιος
1423 5811 1518 5864 καὶ
1546 5810 1888 5883 ἀνάρμοστος
1913 5829 1926 5844 ·

2035 3376 2322 3441 bulentus,
2362 3376 2532 3430 irruit
2567 3375 2743 3430 instar
2772 3373 3029 3444 procella:
3066 3379 3125 3426 et
3170 3368 3408 3424 turbinis
3452 3367 3507 3421 in
3547 3367 3626 3421 le-

2037 3471 2263 3524 vitatem
2301 3466 2802 3522 Alexandrinorum
2830 3506 2844 3531 ,
2891 3464 2987 3519 ubi
3028 3462 3134 3517 alia
3163 3451 3507 3531 tempestate'
3535 3473 3624 3514 re—

2037 3560 2205 3617 ﬂante
2246 3561 2592 3615 mansuetior
2630 3568 2689 3614 et
2723 3558 2910 3612 minus
2968 3554 3232 3609 turbidus
3275 3552 3456 3607 factus
3499 3558 3622 3612 est;

2036 3652 2133 3723 qui
2177 3660 2363 3707 autem
2398 3652 2468 3705 ab
2515 3666 2583 3705 eo
2627 3650 2854 3704 fuerant
2881 3638 3147 3701 ﬂuctibus
3189 3644 3382 3715 jactati
3422 3651 3480 3697 et
3513 3642 3625 3695 cir-

2035 3743 2295 3807 cumacti,
2328 3759 2359 3797 a
2390 3759 2450 3798 se
2475 3741 2609 3812 ipsis
2635 3741 2862 3796 fuerunt
2898 3737 3151 3801 dissecti,
3183 3746 3240 3789 et
3268 3734 3433 3789 divisi
3468 3734 3626 3804 pejus
3660 3770 3661 3773 η

2035 3853 2199 3908 quam
2254 3845 2440 3891 antea.
2495 3833 2769 3904 Dispersit
2815 3831 2966 3887 enim
3017 3845 3115 3886 eos
3163 3828 3440 3892 Julianus,
3480 3826 3627 3881 risus

2038 3927 2391 3984 inimicorum
2443 3940 2697 3990 suorum,
2746 3931 2807 3979 ut
2851 3923 3122 3993 scriptum
3178 3928 3283 3975 est.
3340 3919 3474 3973 Erat
3535 3918 3628 3974 hic
3734 3916 3735 3919 “

2034 4021 2290 4078 Julianus
2317 4019 2611 4089 episcopus
2658 4013 3032 4071 Halicarnassi
3079 4014 3136 4068 in
3166 4011 3316 4075 Asia,
3362 4008 3626 4065 defensor

2036 4112 2471 4179 ardentissimus.
2506 4119 2669 4165 secta:
2717 4104 3066 4179 Eutychetis,
3133 4102 3294 4158 initio
3338 4100 3628 4156 familiaris

2034 4216 2093 4263 et
2138 4207 2356 4269 amicus
2409 4205 2601 4262 Severi
2644 4222 2660 4267 7:
2699 4203 2865 4259 ambo
2893 4201 3045 4256 enim
3091 4198 3285 4255 contra
3335 4197 3628 4254 veritatem

2035 4299 2523 4370 conspiraverant,
2574 4276 2768 4367 postea
2817 4311 2952 4351 vero
3014 4293 3287 4349 dissidere
3338 4299 3629 4360 ceperunt

2035 4402 2157 4449 orta
2183 4394 2330 4449 inter
2355 4407 2452 4447 eos
2483 4390 2913 4460 disceptatione,
2942 4396 3130 4442 utrum
3155 4384 3454 4440 dicendum
3481 4391 3630 4438 esset

2034 4502 2239 4558 corpus
2279 4485 2490 4541 Christi
2537 4493 2739 4539 natura
2795 4481 3096 4552 aliquando
3144 4476 3507 4548 corruptibile
3557 4491 3628 4529 an

2034 4594 2341 4649 nunquam,
2393 4577 2488 4633 sed
2552 4578 2740 4648 potius
2795 4575 2865 4630 ab
2914 4574 3034 4643 ipsa
3091 4571 3298 4627 unione
3353 4570 3626 4625 sublatam

1680 4661 1930 4732 φθαρτῆς
1963 4676 2006 4730 D
2034 4685 2157 4726 esse
2206 4668 2604 4739 proprietatem
2656 4674 2875 4721 natura:
2922 4661 3325 4734 corruptibilis,
3366 4670 3628 4729 tanquam
3728 4708 3734 4715 .

2035 4758 2160 4814 dua:
2196 4765 2411 4813 natura;
2453 4756 2613 4811 facta:
2639 4763 2829 4811 essent
2871 4769 3002 4818 una,
3047 4762 3106 4809 et
3150 4751 3462 4806 dili‘erentia
3494 4749 3629 4805 sub~

2038 4851 2313 4907 stantialis
2363 4857 2580 4905 naturae
2625 4864 2736 4903 non
2787 4847 3028 4918 amplius
3070 4852 3424 4908 nosceretur,
3470 4842 3630 4914 quasi

2038 4940 2237 4996 melior
2265 4954 2415 5010 pars,
2446 4937 2504 4994 id
2557 4946 2643 4994 est
2671 4938 2882 5002 divina,
2917 4937 3081 4993 simul
3117 4951 3243 4992 eum
3279 4935 3399 5006 ipsa
3425 4934 3630 5009 unione

2038 5033 2287 5097 vicisset,
2326 5040 2387 5088 et
2418 5031 2487 5087 ad
2518 5046 2675 5087 suam
2719 5030 3121 5102 proprietatem
3157 5028 3213 5083 in
3252 5037 3460 5099 puncto
3492 5037 3630 5082 tem-

2040 5123 2196 5194 poris
2228 5122 2500 5177 minorem
2527 5119 2743 5192 partem
2771 5138 2804 5177 a
2848 5122 3091 5178 naturali
3123 5122 3246 5193 ejus
3289 5121 3632 5192 proprietate

2042 5214 2438 5271 transtulisset.
2479 5213 2805 5272 Communis
2842 5224 3028 5271 autem
3077 5215 3393 5280 amborum,
3423 5214 3628 5270 Juliani

2038 5305 2257 5367 scilicet
2300 5316 2360 5363 et
2408 5306 2638 5372 Severi,
2705 5307 2826 5364 hac
2886 5308 3163 5365 dubitatio
3221 5318 3281 5365 et
3344 5307 3626 5379 questio:

2038 5399 2204 5456 ambo
2246 5400 2398 5457 enim
2439 5400 2707 5456 unionem
2747 5400 3183 5457 eonfundentem
3231 5399 3626 5456 defendebant.

2373 5513 2565 5587 Opinio
2592 5514 2803 5573 Iuliani
2849 5516 3258 5573 Halicarnassei

2108 5629 2362 5686 Julianus
2392 5628 2562 5702 igitur
2586 5630 2820 5702 pulchre
2852 5646 2911 5687 se
2946 5632 3224 5687 facturum
3257 5630 3541 5702 cogitavit,
3579 5629 3625 5688 si

2014 5707 2256 5787 occulte
2293 5727 2352 5775 et
2382 5719 2649 5775 insidiose
2701 5729 2893 5776 contra
2923 5722 3216 5778 veritatem
3247 5722 3470 5792 penitus
3498 5736 3621 5792 pro-

2036 5812 2278 5880 cederet,
2326 5820 2384 5867 et
2408 5827 2521 5867 non
2551 5811 2838 5868 videretur
2884 5813 2991 5869 sibi
3035 5812 3350 5869 contrarius
3375 5825 3433 5869 et
3475 5828 3506 5868 a
3538 5827 3626 5868 ve-

417 5934 497 6010 (9)
537 5937 670 5997 Fed.
717 5938 857 5997 ﬂor.
913 5939 1021 6013 leg.
1058 5956 1127 5997 ex
1174 5942 1297 5998 cod.
1348 5960 1451 6001 ms.
1514 5946 1579 6031 P.
1634 5946 1714 6003 St.
1762 5942 1923 6019 ἦττον

2034 5948 2164 6016 ’.ώδ.,
2192 5947 2381 6004 mitior
2410 5956 2464 6004 et
2500 5948 2682 6007 minus
2718 5951 3070 6009 turbulentus
3093 5969 3257 6024 quam
3282 5963 3464 6011 antea.
