4052 6366
613 452 748 518 1439

1749 472 2145 534 THEODORI
2185 473 2712 537 RHAITUENSIS

3735 474 3844 542 1500

611 565 771 617 ritate
795 561 1129 638 discrepare.
1156 571 1504 631 Existimavit
1530 592 1661 649 ergo
1682 595 2028 651 consequens
2047 597 2169 636 esse

2294 581 2590 636 ἀκόλουθον
2634 579 2775 638 εἶναι
2828 585 3063 655 νομίσας
3134 585 3214 658 τῷ
3263 587 3480 655 λέγοντι
3533 585 3659 656 μίαν
3692 591 3846 658 φύσιν,

608 661 671 707 ιιι
716 655 812 725 qui
868 673 1037 714 unam
1088 673 1346 721 naturam
1382 666 1615 735 diceret,
1657 686 1770 727 non
1814 673 2024 729 faceret
2069 690 2190 730 eam

604 750 941 805 contrariam
976 753 1082 809 sibi
1109 765 1167 811 et
1203 773 1235 813 a
1270 774 1329 814 se
1367 760 1807 833 discrepantem;
1843 768 2063 824 sublata
2089 785 2191 824 au-

608 843 716 891 tem
740 839 1112 912 discrepantia
1136 888 1151 911 ,
1171 851 1510 919 sequebatur
1529 856 1701 927 magis
1729 858 1960 928 impium
1980 875 2124 923 esse,
2142 864 2188 917 si

495 969 500 974 .
608 926 909 996 diceretur,
923 935 1070 1002 quod
1092 937 1340 997 deterius
1359 951 1465 1008 est,
1480 947 1700 1016 aggredi
1728 949 1797 1003 ad
1812 926 2189 1024 praestantius,

610 1018 662 1073 id
679 1030 785 1084 est,
802 1026 1164 1095 corruptibile
1179 1030 1247 1084 ad
1267 1032 1703 1105 incorruptibile.
1718 1018 1845 1097 Haec
1859 1058 1985 1098 cum
2005 1047 2085 1101 sic
2103 1018 2191 1103 se;

607 1123 731 1163 cum
751 1114 1113 1173 ratiocinatus
1127 1131 1297 1189 esset,
1314 1133 1372 1179 et
1388 1126 1527 1182 nihil
1549 1128 1699 1184 aliud
1718 1131 1825 1187 sibi
1843 1137 2187 1193 contrarium

603 1202 980 1272 praevidisset,
1038 1208 1520 1284 inc‘orruptibilem
1579 1235 1800 1291 semper
1849 1233 1908 1280 et
1961 1230 2189 1287 omnino

601 1289 819 1348 Domini
865 1311 1093 1354 carnem
1144 1302 1438 1375 imperiose
1492 1289 1892 1381 pronuntiavit.
1946 1318 2188 1377 Severus

596 1394 782 1442 autem
817 1405 931 1446 non
970 1396 1243 1464 probabat
1289 1402 1413 1468 ista,
1462 1416 1525 1460 ut
1552 1423 1675 1477 quae
1712 1411 2095 1469 confusionem
2130 1425 2189 1472 et

596 1473 1044 1542 com‘mistionem
1069 1500 1391 1549 naturarum
1421 1498 1583 1566 plane
1612 1500 1972 1573 inducerent;
2003 1522 2185 1578 neque

596 1576 780 1627 tamen
827 1591 1020 1645 pacem
1068 1580 1250 1640 facere
1302 1586 1523 1644 volebat
1567 1606 1694 1647 cum
1743 1594 2014 1665 Ecclesia,
2063 1576 2187 1670 qua:

595 1667 995 1726 convenienter
1028 1671 1362 1735 diﬂerentia:
1410 1690 1468 1737 et
1500 1685 1936 1755 proprietatibus
1958 1667 2186 1751 naturas

595 1768 869 1827 numerat,
905 1763 960 1817 in
1000 1767 1205 1835 quibus
1238 1770 1552 1831 differentia
1599 1775 2004 1850 pr'oprietatum
2058 1803 2183 1844 cer-

594 1847 769 1913 nitur,
811 1861 869 1908 et
909 1870 1145 1924 quarum
1178 1872 1308 1917 sunt
1334 1847 2026 1941 proprietates—naturales,
2059 1893 2181 1948 quae

593 1937 647 1993 in
674 1939 808 2011 ipsis
834 1947 1050 2003 naturis
1085 1949 1312 2022 insunt;
1339 1964 1394 2010 ct
1411 1960 1672 2015 assentiri
1697 1963 1946 2022 audaciis
1974 1967 2180 2025 Iuliani

592 2032 889 2102 impudens
932 2048 989 2094 et
1041 2046 1303 2110 petulans
1352 2063 1475 2104 esse
1503 2051 1911 2125 arbitrabatur;
1951 2068 2011 2115 et
2066 2078 2179 2117 non

590 2121 776 2178 minus
808 2141 932 2181 esse
964 2144 1128 2199 quam
1168 2134 1321 2190 nudo
1353 2139 1535 2208 capite
1567 2150 1624 2197 et
1654 2152 1846 2215 aperto
1873 2121 1972 2203 ore
2005 2149 2181 2220 pieta-

590 2223 699 2269 tem
747 2234 1084 2292 oppugnare.

1164 2358 1356 2433 Opim'o
1407 2363 1607 2423 Severi.

655 2483 737 2538 Ex
767 2500 835 2542 eo
881 2497 1129 2561 tempore
1170 2494 1349 2552 factus
1378 2507 1465 2554 est
1507 2500 1748 2559 Severus
1776 2504 1881 2560 sibi
1932 2515 1991 2563 et
2018 2524 2173 2565 men-

581 2573 743 2630 dacio
784 2593 886 2636 suo
941 2587 1274 2654 contrarius,
1318 2598 1375 2645 et
1412 2608 1517 2647 nec
1562 2609 1633 2649 ex
1680 2602 1797 2652 toto
1847 2616 2037 2666 verax,
2072 2619 2176 2660 nec

579 2681 648 2720 ex
695 2675 813 2725 toto
865 2675 1123 2745 mendax,
1160 2679 1278 2745 sed,
1330 2690 1391 2737 ut
1419 2686 1493 2738 ita
1534 2685 1737 2753 dicam,
1782 2691 2173 2759 pseudalethes

581 2757 659 2829 (id
684 2768 781 2828 est,
814 2763 1138 2841 falsivem),
1169 2771 1366 2830 similis
1397 2786 1609 2833 natura:
1642 2757 1981 2851 compositae,
2007 2790 2172 2855 quar‘n

580 2853 917 2925 excogitavit
953 2878 967 2913 :
1007 2860 1219 2919 idcirco
1252 2881 1441 2923 secum
1490 2882 1716 2943 pugnat,
1750 2884 1807 2931 et
1851 2853 2174 2936 inconstans

580 3037 733 3092 inter
805 3043 1154 3101 mendacium
1226 3058 1285 3104 et
1369 3053 1660 3110 veritatem
1721 3062 1948 3128 quaerit;
2020 3037 2170 3132 quod

573 3132 791 3188 nullum
839 3146 945 3194 est.
980 3139 1099 3195 Non
1151 3143 1300 3197 enim
1331 3145 1568 3203 inveniri
1606 3165 1709 3205 nec
1741 3153 2042 3224 excogitari
2072 3171 2170 3226 po-

576 3228 686 3276 test
702 3224 909 3294 aliquid
932 3230 1155 3287 veritati
1175 3240 1232 3287 et
1250 3236 1542 3293 mendacio
1562 3239 1933 3312 interjectum.
1949 3224 2168 3303 Veri—tas
2195 3263 2239 3333 α

574 3314 725 3391 enim
751 3330 972 3388 semper
1004 3322 1184 3377 media
1215 3333 1321 3388 est,
1350 3342 1457 3382 non
1487 3337 1822 3399 transversa,
1847 3345 2012 3405 atque
2042 3339 2168 3395 ideo

576 3403 735 3460 ﬁrma
777 3416 835 3462 et
880 3412 1127 3483 undique
1174 3418 1406 3487 aequalis
1454 3428 1512 3475 et
1558 3430 1708 3478 recta
1757 3442 1770 3479 :
1817 3403 1956 3483 nihil
2001 3429 2169 3501 igitur

576 3497 798 3567 recipit,
831 3503 980 3572 quod
1008 3520 1130 3560 eam
1180 3509 1374 3565 reddat
1405 3512 1711 3583 obliquam,
1738 3525 1796 3572 et
1817 3532 1849 3573 e
1881 3533 1984 3574 suo
2012 3497 2175 3577 statu.

572 3596 630 3642 et
682 3588 946 3648 ﬁrmitate
1004 3597 1265 3667 expellat.
1324 3599 1591 3674 Coarguit
1648 3612 1833 3661 autem
1888 3608 2162 3680 quidquid

572 3682 839 3740 insidiose
871 3685 940 3741 ad
982 3704 1105 3743 eam
1137 3692 1371 3757 accedit,
1404 3703 1461 3750 et
1510 3696 1757 3752 medium
1782 3699 1902 3770 ejus
1932 3711 2164 3772 quatere

570 3776 772 3831 nititur
809 3797 821 3832 :
851 3779 905 3834 id
929 3782 1079 3850 quod
1115 3782 1333 3851 Severo.
1361 3787 1615 3844 evenisse
1658 3792 1990 3861 reperimus.
2021 3794 2165 3861 Quia

567 3867 739 3933 enim,
780 3876 842 3923 ut
867 3869 1130 3939 diximus,
1150 3876 1415 3932 ‘medium
1453 3878 1661 3950 aliquid
1714 3898 1920 3939 novum
1957 3895 2164 3956 praeter

568 3959 858 4017 veritatem
897 3974 1130 4023 conatus
1160 3977 1246 4024 est
1276 3969 1547 4038 invenire,
1576 3975 1726 4044 quod
1764 3977 2018 4033 invenire
2050 3996 2163 4038 non

567 4051 767 4121 potuit,
809 4053 942 4109 fecit
971 4056 1110 4140 ipse.
1158 4059 1296 4115 Cum
1331 4064 1481 4119 enim
1514 4064 1754 4123 Severus
1786 4069 1901 4140 ipse
1946 4072 2162 4131 diceret

563 4156 685 4197 esse
721 4134 1006 4200 Christuni
1051 4164 1214 4205 unam
1252 4160 1532 4235 naturam,
1584 4165 1643 4212 et
1681 4134 2056 4220 diﬂ‘erentiam
2102 4166 2160 4222 in

562 4233 788 4291 Christo
835 4240 1141 4310 reciperet;
1187 4233 1441 4304 Julianus
1490 4266 1624 4307 vero
1671 4270 1837 4311 unam
1880 4268 2157 4328 naturam,

564 4326 711 4383 sicut
760 4329 1020 4399 Severus,
1053 4348 1307 4405 poneret,
1351 4341 1449 4397 sed
1492 4334 1864 4404 dilferentiam
1890 4350 2112 4408 tolleret

564 4419 798 4485 veritas,
828 4422 880 4477 id
897 4432 999 4489 est,
1025 4429 1402 4487 ecclesiastica
1426 4432 1703 4501 doctrina,
1726 4453 1888 4495 suum
1912 4441 2158 4499 medium

563 4512 773 4583 ubique
795 4517 1137 4585 custodiens,
1165 4523 1363 4593 recipit
1382 4526 1604 4595 quidem
1630 4529 2026 4598 differentiam,
2054 4535 2152 4591 sed

2280 673 2373 745 ’μὴ
2418 674 2557 745 πρὸς
2602 675 2804 748 ἑαυτὴν
2848 679 3100 732 ἐναντίαν
3147 681 3245 733 καὶ
3304 678 3705 751 διαφερομένην
3740 685 3852 739 ποιί

2293 765 2500 838 ταύτην
2551 772 2748 823 ποιεῖν.
2797 770 3078 841 Διαφορᾶς
3110 771 3168 824 δὲ
3201 772 3278 842 μὴ
3317 770 3489 842 οὖσης
3521 770 3851 843 ἀσεϐέστερον

2293 858 2482 925 φάναι,
2528 859 2593 913 τδ
2628 863 2812 932 χεῖρον
2843 861 3127 932 μετελθεῖν
3154 863 3295 934 πρὸς
3322 863 3384 916 τὺ
3424 865 3693 934 κρεῖττον,
3729 862 3849 917 τοῦτ’

2291 945 2409 1006 ἔστι
2445 948 2506 1001 τὸ
2546 949 2791 1023 φθαρτὸν
2835 950 2976 1022 πρὸς
3031 950 3096 1004 τὸ
3141 949 3445 1022 ἄφθαρτον.
3480 949 3668 1003 Ταῦτα
3696 949 3851 1003 συλλο-

2292 1039 2611 1110 γισάμενος,
2638 1041 2735 1095 καὶ
2776 1043 2901 1113 μηδ’
2940 1042 3016 1105 ὡς
3042 1042 3236 1113 ἕτερον
3262 1042 3683 1112 ἐναντιούμενον
3701 1043 3850 1114 tau-tt}

2290 1131 2551 1202 προϊδὼν,
2608 1133 2892 1203 ἄφθαρτον
2927 1134 3017 1188 άεί
3045 1150 3106 1188 τε
3136 1133 3233 1188 καὶ
3267 1133 3413 1187 κατὰ
3441 1134 3627 1188 πάντα
3664 1133 3757 1206 τὴν
3776 1135 3852 1189 τοῦ

2289 1222 2509 1293 Κυρίου
2554 1224 2736 1296 σάρκα
2767 1224 3198 1292 ὲξουσιαστικῶς
3234 1225 3593 1295 ἀπεφήνατο.
3644 1223 3855 1294 Σευῆρος

2288 1314 2347 1367 δὲ
2372 1315 2584 1381 τούτοις
2616 1317 2690 1388 μὴ
2715 1317 2971 1390 ἀρεσθεὶς
3001 1318 3078 1383 ὡς
3101 1317 3405 1389 διαρρήδην
3428 1316 3855 1389 κηρύττουσιτὴν

2288 1407 2553 1479 άνάχυσίν
2590 1427 2649 1464 τε
2697 1410 2793 1465 καὶ
2842 1410 3145 1479 σύμφυσιν,
3189 1410 3318 1464 οὔτε
3369 1409 3704 1463 σπείσασθαι
3740 1408 3856 1477 πρὸς

2286 1497 2386 1568 τὴν
2427 1500 2762 1572 Ἐκκλησίαν
2788 1501 3067 1570 ἐϐούλετο,
3091 1503 3170 1567 ὡς
3200 1501 3521 1565 ἀκολούθως
3550 1503 3620 1573 τῇ
3646 1500 3858 1572 διαφορᾷ

2286 1589 2382 1642 καὶ
2431 1592 2553 1655 ταῖς
2606 1592 2834 1664 ἰδιότησι
2882 1594 2977 1648 καί
3018 1594 3120 1658 τὰς
3169 1594 3365 1666 φύσεις
3422 1591 3854 1663 ἀπαριθμοῦσαν.

2286 1682 2416 1753 περί
2447 1681 2514 1747 ἃς
2549 1684 2583 1755 ἡ
2620 1684 2855 1756 διαφορὰ
2898 1686 3208 1757 θεωρεῖται,
3236 1687 3334 1743 καὶ
3361 1679 3440 1740 ὧν
3482 1686 3629 1740 εἰσιν
3659 1687 3714 1740 αἱ
3746 1685 3856 1739 ἰδιό-

2283 1790 2447 1844 τητες
2474 1777 2720 1844 φυσικῶς
2760 1779 2955 1843 αὐταῖς
2989 1780 3396 1851 ἐνυπάρχουσαι
3427 1798 3445 1816 ο
3470 1778 3575 1833 καὶ
3600 1778 3662 1831 τὸ
3685 1777 3855 1831 συνθέο

2286 1864 2412 1920 σθαι
2450 1870 2572 1932 ταῖς
2631 1868 2923 1924 Ἰουλιανοῦ
2961 1871 3308 1942 τολμηρίαις,
3350 1872 3577 1935 ἀναιδὲς
3629 1873 3740 1942 ἅμα
3772 1872 3858 1925 καὶ

2212 1926 2254 1981 Β
2283 1926 2951 2032 προπετιςίπελάμεανε,
2994 1926 3095 2017 κσὶι
3123 1926 3509 2035 ἶιδιᾷἰτερον
3538 1926 3575 2033 ἦ
3607 1926 3855 2035 γιξμνῇτῃ

2283 2051 2516 2122 κεφαλῇ,
2546 2053 2642 2107 καὶ
2665 2054 3099 2129 ἀπερικαλύπτῳ
3122 2056 3200 2129 τῷ
3224 2058 3459 2128 στόματι
3491 2056 3750 2129 πολεμεῖν
3773 2056 3855 2129 τὴν

2281 2139 2587 2198 εὐσὲσειαν.

2831 2370 2986 2436 Δόξα
3028 2374 3320 2440 Σευῆρον.

2361 2498 2457 2551 Ἐκ
2506 2497 2698 2554 τούτου
2751 2502 2988 2574 Σευῆρος
3049 2504 3261 2572 γίνεται
3312 2506 3406 2559 καὶ
3471 2505 3658 2577 ἐαυτῷ
3681 2505 3773 2560 καὶ
3796 2509 3852 2577 τῇ

2276 2588 2509 2660 ἀληθείᾳ
2535 2592 2630 2645 καὶ
2665 2590 2744 2662 τῷ
2769 2593 2973 2661 γείτονι
3012 2594 3181 2649 αὐτοῦ
3208 2595 3395 2665 ψεύδει
3430 2596 3735 2662 ἁντίθετος,
3773 2599 3855 2652 καὶ

2275 2680 2400 2735 οὕτε
2427 2682 2566 2748 ὅλως
2586 2684 2795 2756 ἀληθὴς
2819 2684 2946 2740 οὗτε
2973 2686 3113 2751 ὅλως
3133 2687 3359 2759 ψευδὴς,
3392 2689 3512 2743 ἀλλ’
3550 2684 3666 2744 οἷον
3693 2691 3853 2743 εἰπεῖν

2274 2770 2639 2844 ψευδαληθὴς,
2679 2775 2865 2845 ὅμοιος
2888 2778 2958 2847 τῇ
2989 2776 3083 2830 ὑπ’
3127 2777 3297 2831 αὐτοῦ
3331 2778 3734 2855 έπινενοημὲνῃ
3764 2780 3854 2849 μιᾷ

2276 2862 2515 2933 συνθέτῳ
2539 2864 2721 2932 φύσει.
2750 2867 2851 2922 Διὰ
2885 2866 3047 2923 τοῦτο
3072 2869 3166 2923 καὶ
3206 2870 3342 2943 πρὸς
3382 2871 3589 2925 ἑαυτὸν
3622 2872 3851 2941 μάχιμος

2274 2954 2371 3009 καὶ
2405 2956 2796 3028 ἁπαλίμὼλος,
2823 2959 3051 3031 ἠλιθίως
3085 2962 3260 3027 ὅντως
3297 2963 3393 3017 καὶ
3432 2961 3675 3033 ἀμαθῶς
3704 2963 3851 3034 μέσον

2272 3064 2327 3101 τι
2372 3048 2562 3118 χρῆμα
2605 3049 2836 3120 ψεύδους
2866 3052 2973 3106 ’καὶ
3026 3051 3290 3152 μληθείας
3337 3053 3727 3152 ζητιῖιν,ηὸπερ
3764 3054 3852 3152 οὐκ

2273 3137 2410 3193 εστι.
2461 3139 2759 3212 Μεσότητα
2817 3143 2930 3214 γὰρ
2975 3137 3235 3214 ἀληθείας
3295 3146 3394 3199 καὶ
3452 3144 3695 3216 ψεύδους
3739 3146 3850 3200 οὔτε

2271 3230 2475 3300 εὑρεῖν,
2513 3230 2639 3284 οὔτε
2664 3233 2952 3303 ἐπινοῆσαι
2985 3236 3213 3290 δυνατόν
3236 3252 3252 3266 ο
3297 3237 3332 3306 ἡ
3362 3237 3464 3306 μὲν
3495 3238 3615 3308 γὰρ
3642 3237 3849 3308 ἀλήθεια

2280 3323 2421 3395 μέση
2469 3324 2559 3379 ἀεὶ
2595 3324 2691 3380 καὶ
2721 3327 3155 3398 ἁπαρέγκλιτος,
3206 3329 3302 3383 καὶ
3331 3328 3423 3383 διὰ
3461 3329 3631 3384 τοῦτο
3677 3329 3849 3402 έδραία

2272 3413 2369 3467 καὶ
2406 3413 2673 3468 πάντοθεν
2725 3415 2814 3487 ι’ση
2863 3416 2960 3470 καὶ
3002 3416 3292 3481 εὐθύτονος
3313 3436 3329 3451 ο
3380 3418 3444 3472 οὐ
3492 3420 3848 3491 παραδέχεται

2269 3501 2367 3560 οὖν
2406 3506 2597 3578 ἕτερόν
2635 3525 2691 3562 τι
2737 3507 2798 3562 τὺ
2847 3509 3143 3582 ἰγκάρσιον
3176 3509 3346 3581 αὐτὴν
3385 3510 3715 3577 ἀποτελοῦν,
3765 3511 3849 3564 καὶ

2269 3597 2505 3665 έξωθοῢν
2559 3602 2658 3671 τῆς
2694 3614 2699 3619 ·
2731 3601 2943 3665 οἰκείας
3005 3602 3254 3667 στάσεως
3323 3603 3422 3657 καὶ
3475 3604 3844 3674 μονιμότητος,

2269 3681 2545 3758 έκτοξέύει
2588 3692 2647 3747 δὲ
2703 3694 2814 3748 πᾶν
2857 3694 2920 3746 τὸ
2948 3693 3254 3758 ἐπιϐούλως
3277 3694 3418 3765 αὐτῇ
3450 3693 3845 3766 προσπελάζον,

2268 3784 2366 3839 καὶ
2402 3784 2464 3839 τὸ
2499 3784 2666 3855 μέσον
2694 3785 2868 3857 αὐτῆς
2895 3771 3650 3857 διασαλεύειν’πειρώμενον.
3684 3785 3845 3857 Ὅπερ

2266 3877 2365 3931 καὶ
2420 3878 2659 3949 Σευῆρον
2719 3879 2812 3932 ὑπ’
2868 3880 3040 3950 αὐτῆς
3108 3879 3425 3934 πεπονθότα
3503 3881 3842 3952 εὑρίσκομεν.

2280 3969 2498 4041 Ἐπειδὴ
2532 3970 2664 4042 γὰρ,
2694 3970 2771 4036 ὡς
2816 3971 3046 4043 ἔφαμεν,
3077 3972 3267 4027 καινόν
3295 3989 3350 4027 τι
3376 3972 3550 4043 μέσον
3582 3972 3735 4045 παρὰ
3760 3970 3844 4041 τὴν

2266 4060 2528 4135 ἀλήθειαν
2574 4062 2756 4133 εὑρεῖν
2805 4063 3156 4135 ἐπεχείρησε,
3222 4063 3593 4132 πλαγιασθὲν,
3636 4065 3712 4128 ὡς
3758 4063 3843 4116 οὐκ

2266 4151 2412 4221 ἔγνω
2445 4152 2620 4223 μέσην
2651 4152 2847 4207 ἑαυτοῦ
2876 4154 2970 4209 καὶ
2993 4153 3089 4209 τοῦ
3109 4155 3392 4226 ὁμοφύλου
3420 4158 3577 4228 αὐτῷ
3606 4157 3842 4229 ψεύδους,

2264 4245 2535 4316 πεποίηκε
2586 4245 2821 4316 ταύτην.·
2859 4247 3037 4301 Αὐτοῦ
3076 4247 3189 4318 γὰρ
3231 4249 3475 4322 Σευήρου
3518 4251 3654 4321 μίαν
3696 4249 3842 4321 φύσιν

2262 4336 2516 4405 λέγοντος
2548 4332 2692 4393 εἰναι
2731 4340 2824 4393 τὸν
2852 4339 3118 4412 Χριστὸν,
3164 4342 3260 4395 καὶ
3306 4341 3407 4413 τὴν
3438 4342 3718 4414 διαφορὰν
3752 4343 3840 4409 τὴν

2262 4429 2321 4482 ὲν
2358 4427 2437 4501 τῷ
2490 4429 2717 4502 Χριστῷ
2763 4431 3091 4503 δεχομένουσ
3150 4433 3441 4488 Ἰουλιανοῦ
3471 4433 3534 4487 δὲ
3578 4436 3710 4507 μίαν
3754 4434 3840 4504 μὲν

2263 4521 2409 4575 κατὰ
2446 4524 2689 4595 Σευῆρον
2729 4525 2982 4593 λέγοντος
3018 4525 3205 4595 φύσιν,
3242 4526 3606 4596 ἀναιροῦντος
3653 4528 3711 4583 δὲ
3753 4526 3839 4597 τὴν

563 4616 676 4656 non
724 4603 869 4659 sicut
901 4607 1175 4677 Severus;
1206 4628 1317 4666 non
1353 4615 1502 4669 enim
1536 4619 1691 4673 novit
1716 4636 1960 4692 unquam
1988 4639 2157 4680 unam

563 4705 818 4733 naturam
878 4698 982 4733 αςιιι
1036 4705 1405 4733 nn..a......:.\m.
1443 4707 1579 4733 An..-
1623 4711 1763 4733 ---:__
1818 4722 2043 4733 _-._--,__
2100 4717 2113 4730 -

2271 4611 2560 4684 διαφοράν
2599 4614 2637 4684 ἡ
2678 4613 2928 4685 ἀλήθεια,
2966 4614 3113 4669 τοῦτ’
3151 4615 3302 4671 ἔστιν
3334 4618 3364 4670 ὀ
3394 4616 3837 4688 ἐκκλησιαστικδς

2271 4703 2419 4733 ἰέναι-
2469 4703 2570 4733 ἰη
2602 4706 2879 4733 ..--.l...._..
2928 4709 3091 4733 1....--3
3140 4708 3422 4733 _..-....-_-.‘:
3487 4710 3815 4733 β---,ι.ν--.-..

563 4705 819 4750 naturam
878 4698 983 4754 sibi
1036 4705 1406 4772 contrariam;
1440 4707 1581 4764 duas
1618 4711 1769 4765 enim
1818 4722 2048 4771 naturas
2099 4717 2155 4771 in

563 4783 785 4813 Ριι-ἶι-ιιι
827 4801 948 4813 ,ιη-...ε
994 4803 1251 4813 -.._---_.
1344 4793 1529 4813 unus).
1577 4806 1588 4813 .
1781 4799 1836 4813 u.
1919 4809 1928 4813 -
2053 4804 2068 4813 .

2271 4703 2437 4772 λόγος,
2469 4703 2570 4776 τὴν
2602 4706 2882 4778 μεσότητα
2926 4709 3093 4779 ἑαυτῇ
3140 4708 3424 4781 παντακοῦ
3482 4710 3832 4775 διασῴζουσα,

2271 4794 2472 4813 μ,
2580 4794 2596 4813 ι
2723 4795 2736 4813 ε
2822 4797 2848 4813 μ
3030 4797 3043 4813 .
3195 4798 3208 4813 .
3396 4800 3499 4813 ..η
3573 4802 3601 4813 ..
3752 4797 3825 4813 ...ν

562 4783 787 4840 Christo
825 4801 951 4841 cum
992 4803 1276 4860 agnoscat,
1335 4793 1684 4852 divinitatem
1716 4799 1935 4856 scilicet
1965 4812 2022 4858 et
2052 4804 2157 4859 hu-

564 4876 883 4906 ηηιι-ιῖιιιιιηυι
933 4879 1129 4906 ιιη-...η
1164 4885 1323 4906 Α.Ξ.-...
1358 4886 1503 4906 ε--.,μ
1541 4903 1588 4906 -_
1631 4888 1727 4906 .u-m
1801 4904 1808 4906 Α
1867 4892 1901 4906 --

2271 4794 2479 4864 ςέχεται
2536 4794 2637 4865 μὲν
2685 4795 2786 4868 τὴν
2817 4797 3109 4868 διαφορὰν,
3154 4798 3217 4850 οὐ
3277 4800 3422 4852 κατὰ
3461 4800 3704 4906 Σευῆρον
3747 4797 3830 4906 ·

564 4876 906 4943 manitatem,
933 4879 1131 4935 harum
1160 4885 1328 4939 etiam
1358 4886 1506 4942 inter
1536 4903 1596 4943 se
1621 4888 1993 4947 diﬂ‘erentiatn
2030 4911 2157 4964 per-

2271 4887 2395 4940 οὐδὲ
2421 4886 2530 4957 γὰρ
2560 4882 2669 4941 οἶδέ
2708 4903 2841 4941 ποτε
2891 4888 3021 4959 μίαν
3053 4887 3216 4957 φύσιν
3242 4890 3412 4961 ἑαυτῇ
3442 4890 3710 4995 ἐναντίαν.
3740 4888 3832 4995 Δύο

562 4968 755 5037 spicue
782 4975 1199 5043 contemplatur
1228 4994 1241 5029 :
1269 4992 1375 5032 nec
1407 4978 1557 5034 enim
1585 4988 1672 5035 est
1715 4980 1862 5036 idem
1890 4984 2155 5043 divinitas

2271 4976 2369 5046 γὰρ
2402 4976 2595 5046 φύσεις
2619 4979 2678 5030 ὲν
2705 4974 2787 5047 τῷ
2828 4976 3051 5048 Χριστῷ
3084 4976 3456 5046 γινώσκουσα,
3493 4979 3725 5049 θεότητα
3751 4978 3833 5032 καὶ

561 5070 618 5114 et
646 5059 965 5121 humanitas
1001 5081 1015 5119 :
1052 5070 1274 5124 tametsi
1306 5084 1455 5124 unus
1479 5078 1563 5126 est
1589 5071 1848 5128 Christus
1872 5075 1927 5128 in
1957 5078 2150 5133 amba-

560 5151 667 5208 bus
689 5156 931 5222 naturis;
953 5164 1012 5212 et
1037 5157 1185 5214 idem
1212 5160 1496 5216 estambaa
1524 5170 1740 5218 naturae
1761 5180 1924 5220 :nam
1959 5183 2154 5237 quam-

502 5226 505 5229 ’
562 5241 645 5295 vis
667 5241 845 5299 ambae
865 5253 1079 5302 natura
1100 5252 1233 5304 sunt
1254 5264 1448 5317 unum,
1475 5266 1586 5306 non
1613 5261 1792 5309 tamen
1822 5264 1953 5310 sunt
1980 5273 2151 5314 unum

561 5341 783 5397 natura,
834 5336 933 5392 sed
964 5353 1136 5394 unum
1186 5355 1486 5396 concursu.
1531 5342 1621 5399 Sic
1660 5344 1906 5401 Ecclesia
1945 5351 2151 5418 praedi-

560 5435 672 5491 cat,
715 5443 840 5497 qum
886 5445 999 5485 non
1041 5433 1240 5503 recipit
1274 5433 1651 5490 differentiam
1683 5452 1751 5494 eo
1806 5441 1992 5505 modo,
2039 5460 2151 5513 quo

562 5516 804 5573 Severus
853 5536 866 5572 :
916 5521 1015 5576 sed
1060 5523 1365 5577 secundum
1418 5526 1691 5582 rationein
1741 5538 1799 5584 et
1838 5529 2149 5589 doctrinam

562 5621 716 5662 suam
767 5609 917 5664 illam
968 5629 1079 5667 non
1124 5613 1326 5684 reiicit,
1378 5623 1438 5669 ut
1481 5615 1660 5686 rejicit
1706 5618 1962 5676 Julianus
1995 5622 2147 5678 Hali-

563 5712 924 5767 carnasseus;
957 5703 1062 5758 scit
1085 5704 1232 5758 enim
1257 5708 1621 5777 assumpsisse
1643 5709 1887 5764 Verblun
1924 5714 2146 5769 carnem

569 5801 752 5841 veram
782 5799 838 5844 et
862 5793 1102 5848 animam
1139 5794 1561 5867 intelligentem,
1597 5816 1721 5855 cum
1753 5796 1870 5856 suis
1903 5805 2150 5873 proprie-

568 5882 823 5938 tatibus:
871 5888 976 5942 scit
1023 5889 1153 5944 item
1209 5890 1424 5947 unitum
1474 5906 1597 5946 esse
1651 5894 2001 5963 corruptibili
2048 5898 2151 5952 im-

2255 5067 2675 5139 ὰνθρωπότητα,
2701 5067 2912 5124 τούτων
2945 5069 3041 5123 καὶ
3068 5069 3335 5141 διαφορὰν
3355 5073 3454 5143 τὴν
3477 5073 3615 5144 πρὸς
3643 5071 3829 5142 ἄλληλα

2252 5161 2705 5232 τηλαυγεστάτην
2752 5160 2968 5231 θεωρεῖ.
3020 5163 3098 5217 Οὐ
3144 5163 3255 5234 γάρ
3292 5164 3490 5218 ταυτὸν
3525 5165 3715 5237 θεότης
3747 5164 3830 5216 καὶ

2253 5251 2631 5322 ἀνθρωπότης,
2660 5254 2710 5306 εἰ
2740 5252 2836 5306 καὶ
2867 5247 2948 5317 εἷς
2984 5255 3014 5306 ὁ
3052 5255 3289 5325 Χριστὸς
3325 5257 3356 5309 ὁ
3400 5257 3460 5309 ὲν
3502 5254 3828 5327 ἀμφοτέραις

2255 5344 2544 5415 ὑπάρχων,
2583 5346 2678 5398 καὶ
2708 5345 3057 5418 ἀμφότερονο
3107 5348 3159 5401 εἰ
3189 5349 3298 5419 γὰρ
3338 5349 3436 5403 καὶ
3464 5350 3528 5402 τὸ
3561 5346 3826 5417 συναμφό-

2252 5453 2411 5507 τερον
2444 5435 2523 5503 ἒν,
2555 5435 2669 5490 ἀλλ’
2707 5437 2771 5490 ού
2808 5440 2875 5509 τῇ
2913 5438 3096 5507 φύσει,
3149 5442 3217 5512 τῇ
3246 5440 3305 5494 δὲ
3335 5441 3558 5512 συνόδῳ,
3592 5444 3620 5495 ὁ
3648 5438 3828 5507 ὲκκλη-

2254 5529 2537 5594 σιαστικὸς
2580 5529 2760 5602 κῆρυξ
2789 5531 3060 5602 ἁριδήλως
3089 5532 3208 5603 βοᾷ.
3260 5532 3354 5605 Μὴ
3390 5532 3659 5604 δεχομένη
3705 5531 3759 5585 δὲ
3793 5531 3822 5600 ἡ

2266 5619 2568 5691 Ἐκκλησία
2596 5623 2740 5675 κατὰ
2770 5622 3013 5693 Σευῆρον
3053 5621 3152 5693 τὴν
3183 5622 3483 5694 διαφοράνο
3532 5624 3665 5677 άλλά
3696 5620 3824 5675 κατὰ

2252 5712 2346 5765 τὸν
2415 5714 2616 5783 ἑαυτῆς
2667 5714 2827 5782 λόγον
2888 5714 2989 5767 οὐκ
3046 5713 3418 5768 ἀποϐάλλεται
3459 5714 3662 5784 ταύτην
3713 5708 3821 5765 καθ’

2252 5805 2550 5873 ὁμοιότητα
2584 5805 2680 5857 τοῦ
2741 5805 3238 5876 Ἀλικαρνασσέως.
3286 5808 3477 5878 Σάρκα
3519 5806 3625 5877 γὰρ
3663 5806 3818 5875 ἀληθῆ

2256 5898 2351 5951 καὶ
2379 5898 2558 5969 ψυχὴν
2590 5900 2783 5970 νοερὰν
2822 5898 2962 5970 μετὰ
2998 5899 3108 5953 τῶν
3134 5899 3351 5954 οἰκείων
3376 5900 3683 5971 ἰδιωμάτων
3706 5898 3813 5953 dva-
