  <div class='ocr_page' id='page_1' title='image "/cluster/home/n/w/nwhite01/storage/ocr_20150623/91:no.2/coo.31924054869957/772.png"; bbox 0 0 4052 6426; ppageno 0'>
   <div class='ocr_carea' id='block_1_1' title="bbox 306 523 438 588">
    <p class='ocr_par' dir='ltr' id='par_1_1' title="bbox 306 523 438 588">
     <span class='ocr_line' id='line_1_1' title="bbox 306 523 438 588; baseline 0.015 -2"><span class='ocrx_word' id='word_1_1' title='bbox 306 523 438 588; x_wconf 82' lang='grc' dir='ltr'><strong>15θ1</strong></span> 
     </span>
    </p>
   </div>
   <div class='ocr_carea' id='block_1_2' title="bbox 1575 524 2310 599">
    <p class='ocr_par' dir='ltr' id='par_1_2' title="bbox 1575 524 2310 599">
     <span class='ocr_line' id='line_1_2' title="bbox 1575 524 2310 599; baseline 0.003 -12"><span class='ocrx_word' id='word_1_2' title='bbox 1575 527 1674 587; x_wconf 86' lang='lat' dir='ltr'><strong>DE</strong></span> <span class='ocrx_word' id='word_1_3' title='bbox 1717 529 1737 586; x_wconf 91' lang='lat' dir='ltr'><strong>l</strong></span> <span class='ocrx_word' id='word_1_4' title='bbox 1749 524 2310 599; x_wconf 75' lang='lat' dir='ltr'><strong>NCARNATIONE.</strong></span> 
     </span>
    </p>
   </div>
   <div class='ocr_carea' id='block_1_3' title="bbox 3435 530 3572 599">
    <p class='ocr_par' dir='ltr' id='par_1_3' title="bbox 3435 530 3572 599">
     <span class='ocr_line' id='line_1_3' title="bbox 3435 530 3572 599; baseline 0.036 -4"><span class='ocrx_word' id='word_1_5' title='bbox 3435 530 3572 599; x_wconf 72' lang='lat'><strong>1502</strong></span> 
     </span>
    </p>
   </div>
   <div class='ocr_carea' id='block_1_4' title="bbox 299 630 1887 724">
    <p class='ocr_par' dir='ltr' id='par_1_4' title="bbox 299 630 1885 715">
     <span class='ocr_line' id='line_1_4' title="bbox 299 630 1885 715; baseline 0.001 -20"><span class='ocrx_word' id='word_1_6' title='bbox 299 643 531 697; x_wconf 81' lang='grc' dir='ltr'>λασόντα</span> <span class='ocrx_word' id='word_1_7' title='bbox 579 642 672 696; x_wconf 74' lang='grc' dir='ltr'><strong>τὸν</strong></span> <span class='ocrx_word' id='word_1_8' title='bbox 705 642 876 710; x_wconf 82' lang='grc' dir='ltr'><strong>Λόγον</strong></span> <span class='ocrx_word' id='word_1_9' title='bbox 912 643 1201 698; x_wconf 71' lang='grc' dir='ltr'>ἐπίσταται</span> <span class='ocrx_word' id='word_1_10' title='bbox 1222 660 1234 672; x_wconf 78' lang='grc'><strong><em>⁸</em></strong></span> <span class='ocrx_word' id='word_1_11' title='bbox 1289 646 1384 698; x_wconf 74' lang='grc' dir='ltr'>καὶ</span> <span class='ocrx_word' id='word_1_12' title='bbox 1417 646 1619 700; x_wconf 72' lang='grc' dir='ltr'>ἑνωθὲν</span> <span class='ocrx_word' id='word_1_13' title='bbox 1650 630 1777 698; x_wconf 46' lang='grc' dir='ltr'>οἶδε’</span> <span class='ocrx_word' id='word_1_14' title='bbox 1807 643 1885 715; x_wconf 80' lang='grc' dir='ltr'>τῷ</span> 
     </span>
    </p>
   </div>
   <div class='ocr_carea' id='block_1_5' title="bbox 1989 630 3571 724">
    <p class='ocr_par' dir='ltr' id='par_1_5' title="bbox 1989 642 3571 724">
     <span class='ocr_line' id='line_1_5' title="bbox 1989 642 3571 724; baseline 0.006 -24"><span class='ocrx_word' id='word_1_15' title='bbox 1989 648 2241 712; x_wconf 83' lang='lat' dir='ltr'><strong>mortale.</strong></span> <span class='ocrx_word' id='word_1_16' title='bbox 2289 657 2349 702; x_wconf 90' lang='lat' dir='ltr'><strong>ut</strong></span> <span class='ocrx_word' id='word_1_17' title='bbox 2393 656 2524 703; x_wconf 97' lang='lat' dir='ltr'><strong>ante</strong></span> <span class='ocrx_word' id='word_1_18' title='bbox 2567 657 2905 706; x_wconf 88' lang='lat' dir='ltr'><strong>memoratus</strong></span> <span class='ocrx_word' id='word_1_19' title='bbox 2945 642 3242 722; x_wconf 81' lang='lat' dir='ltr'><strong>Gregorius</strong></span> <span class='ocrx_word' id='word_1_20' title='bbox 3259 649 3571 724; x_wconf 83' lang='lat' dir='ltr'><strong>Theologus</strong></span> 
     </span>
    </p>
   </div>
   <div class='ocr_carea' id='block_1_6' title="bbox 299 734 1883 809">
    <p class='ocr_par' dir='ltr' id='par_1_6' title="bbox 299 734 1883 809">
     <span class='ocr_line' id='line_1_6' title="bbox 299 734 1883 809; baseline 0.003 -22"><span class='ocrx_word' id='word_1_21' title='bbox 299 734 529 805; x_wconf 81' lang='grc' dir='ltr'><strong>φθαρτῷ</strong></span> <span class='ocrx_word' id='word_1_22' title='bbox 585 734 646 787; x_wconf 76' lang='grc' dir='ltr'>τὸ</span> <span class='ocrx_word' id='word_1_23' title='bbox 686 735 982 792; x_wconf 83' lang='grc' dir='ltr'>ἀθάνατον.</span> <span class='ocrx_word' id='word_1_24' title='bbox 1037 734 1114 800; x_wconf 84' lang='grc' dir='ltr'>ὡς</span> <span class='ocrx_word' id='word_1_25' title='bbox 1165 738 1195 789; x_wconf 92' lang='grc' dir='ltr'><strong>ὁ</strong></span> <span class='ocrx_word' id='word_1_26' title='bbox 1248 736 1568 809; x_wconf 79' lang='grc' dir='ltr'>προλεχθεὶς</span> <span class='ocrx_word' id='word_1_27' title='bbox 1619 737 1883 807; x_wconf 87' lang='grc' dir='ltr'>Θεολὸγος</span> 
     </span>
    </p>
   </div>
   <div class='ocr_carea' id='block_1_7' title="bbox 298 825 773 895">
    <p class='ocr_par' dir='ltr' id='par_1_7' title="bbox 298 825 773 895">
     <span class='ocr_line' id='line_1_7' title="bbox 298 825 773 895; baseline 0.006 -17"><span class='ocrx_word' id='word_1_28' title='bbox 298 825 601 895; x_wconf 80' lang='grc' dir='ltr'>Γρηγὸριος</span> <span class='ocrx_word' id='word_1_29' title='bbox 647 825 773 894; x_wconf 79' lang='grc' dir='ltr'>ἔφη.</span> 
     </span>
    </p>
   </div>
   <div class='ocr_carea' id='block_1_8' title="bbox 373 907 1883 990">
    <p class='ocr_par' dir='ltr' id='par_1_8' title="bbox 373 907 1883 990">
     <span class='ocr_line' id='line_1_8' title="bbox 373 907 1883 990; baseline 0.004 -22"><span class='ocrx_word' id='word_1_30' title='bbox 373 916 498 986; x_wconf 68' lang='grc' dir='ltr'><strong>’Ἆρ’</strong></span> <span class='ocrx_word' id='word_1_31' title='bbox 533 913 648 983; x_wconf 72' lang='grc' dir='ltr'>οὖν,</span> <span class='ocrx_word' id='word_1_32' title='bbox 686 918 826 988; x_wconf 87' lang='grc' dir='ltr'>ὅπερ</span> <span class='ocrx_word' id='word_1_33' title='bbox 863 907 1146 990; x_wconf 59' lang='grc' dir='ltr'>ἐλέγομεν,</span> <span class='ocrx_word' id='word_1_34' title='bbox 1175 919 1315 990; x_wconf 83' lang='grc' dir='ltr'>μέση</span> <span class='ocrx_word' id='word_1_35' title='bbox 1347 919 1663 989; x_wconf 79' lang='grc' dir='ltr'>μεμένηκεν</span> <span class='ocrx_word' id='word_1_36' title='bbox 1700 920 1883 989; x_wconf 44' lang='lat' dir='ltr'><strong>anno;</strong></span> 
     </span>
    </p>
   </div>
   <div class='ocr_carea' id='block_1_9' title="bbox 296 1008 1884 1083">
    <p class='ocr_par' dir='ltr' id='par_1_9' title="bbox 296 1008 1884 1083">
     <span class='ocr_line' id='line_1_9' title="bbox 296 1008 1884 1083; baseline 0.003 -22"><span class='ocrx_word' id='word_1_37' title='bbox 296 1008 475 1079; x_wconf 83' lang='grc' dir='ltr'><strong>τέρων</strong></span> <span class='ocrx_word' id='word_1_38' title='bbox 501 1009 596 1061; x_wconf 61' lang='grc' dir='ltr'><strong>καὶ⁵</strong></span> <span class='ocrx_word' id='word_1_39' title='bbox 626 1010 882 1080; x_wconf 84' lang='grc' dir='ltr'>ἀκίνητος</span> <span class='ocrx_word' id='word_1_40' title='bbox 907 1011 942 1083; x_wconf 81' lang='grc' dir='ltr'><strong>ἠ</strong></span> <span class='ocrx_word' id='word_1_41' title='bbox 971 1012 1222 1083; x_wconf 80' lang='grc' dir='ltr'>ἀλήθεια,</span> <span class='ocrx_word' id='word_1_42' title='bbox 1254 1011 1670 1083; x_wconf 77' lang='grc' dir='ltr'>ἀποϐαλλομὲνη</span> <span class='ocrx_word' id='word_1_43' title='bbox 1706 1012 1806 1083; x_wconf 84' lang='grc' dir='ltr'><strong>μὲν</strong></span> <span class='ocrx_word' id='word_1_44' title='bbox 1823 1013 1884 1065; x_wconf 84' lang='grc' dir='ltr'><strong>τὸ</strong></span> 
     </span>
    </p>
   </div>
   <div class='ocr_carea' id='block_1_10' title="bbox 293 1100 1881 1176">
    <p class='ocr_par' dir='ltr' id='par_1_10' title="bbox 293 1100 1881 1176">
     <span class='ocr_line' id='line_1_10' title="bbox 293 1100 1881 1176; baseline 0.004 -23"><span class='ocrx_word' id='word_1_45' title='bbox 293 1100 478 1169; x_wconf 74' lang='grc' dir='ltr'>λέγειν</span> <span class='ocrx_word' id='word_1_46' title='bbox 524 1103 665 1157; x_wconf 83' lang='grc' dir='ltr'><strong>κατά</strong></span> <span class='ocrx_word' id='word_1_47' title='bbox 726 1103 966 1176; x_wconf 82' lang='grc' dir='ltr'>Σευῆρον</span> <span class='ocrx_word' id='word_1_48' title='bbox 1026 1105 1159 1176; x_wconf 81' lang='grc' dir='ltr'>μίαν</span> <span class='ocrx_word' id='word_1_49' title='bbox 1214 1105 1379 1173; x_wconf 88' lang='grc' dir='ltr'>φύσιν</span> <span class='ocrx_word' id='word_1_50' title='bbox 1435 1106 1529 1159; x_wconf 72' lang='grc' dir='ltr'>καὶ</span> <span class='ocrx_word' id='word_1_51' title='bbox 1583 1106 1881 1176; x_wconf 60' lang='grc' dir='ltr'>διαφοράνο</span> 
     </span>
    </p>
   </div>
   <div class='ocr_carea' id='block_1_11' title="bbox 298 1194 1884 1272">
    <p class='ocr_par' dir='ltr' id='par_1_11' title="bbox 298 1194 1884 1272">
     <span class='ocr_line' id='line_1_11' title="bbox 298 1194 1884 1272; baseline 0.004 -27"><span class='ocrx_word' id='word_1_52' title='bbox 298 1195 626 1264; x_wconf 75' lang='grc' dir='ltr'><strong>αἰνίγματος</strong></span> <span class='ocrx_word' id='word_1_53' title='bbox 653 1195 763 1267; x_wconf 84' lang='grc' dir='ltr'><strong>γὰρ</strong></span> <span class='ocrx_word' id='word_1_54' title='bbox 788 1199 883 1250; x_wconf 76' lang='grc' dir='ltr'><strong>καὶ</strong></span> <span class='ocrx_word' id='word_1_55' title='bbox 913 1199 1315 1268; x_wconf 85' lang='grc' dir='ltr'>τερατομυθίας</span> <span class='ocrx_word' id='word_1_56' title='bbox 1340 1198 1494 1251; x_wconf 82' lang='grc' dir='ltr'>οὐδὲν</span> <span class='ocrx_word' id='word_1_57' title='bbox 1518 1194 1683 1272; x_wconf 84' lang='grc' dir='ltr'>ἦττον</span> <span class='ocrx_word' id='word_1_58' title='bbox 1705 1200 1884 1269; x_wconf 80' lang='grc' dir='ltr'>διενή-</span> 
     </span>
    </p>
   </div>
   <div class='ocr_carea' id='block_1_12' title="bbox 297 1278 1885 1362">
    <p class='ocr_par' dir='ltr' id='par_1_12' title="bbox 297 1278 1885 1362">
     <span class='ocr_line' id='line_1_12' title="bbox 297 1278 1885 1362; baseline 0.005 -26"><span class='ocrx_word' id='word_1_59' title='bbox 297 1303 423 1355; x_wconf 85' lang='grc' dir='ltr'>νοχε</span> <span class='ocrx_word' id='word_1_60' title='bbox 474 1285 657 1341; x_wconf 81' lang='grc' dir='ltr'>τοῦτο.</span> <span class='ocrx_word' id='word_1_61' title='bbox 716 1288 841 1352; x_wconf 79' lang='grc' dir='ltr'><strong>Πῶς</strong></span> <span class='ocrx_word' id='word_1_62' title='bbox 900 1290 1013 1360; x_wconf 86' lang='grc' dir='ltr'><strong>γάρ</strong></span> <span class='ocrx_word' id='word_1_63' title='bbox 1046 1291 1079 1360; x_wconf 84' lang='grc' dir='ltr'><strong>ἠ</strong></span> <span class='ocrx_word' id='word_1_64' title='bbox 1119 1290 1258 1362; x_wconf 82' lang='grc' dir='ltr'>αὐτὴ</span> <span class='ocrx_word' id='word_1_65' title='bbox 1293 1278 1456 1361; x_wconf 74' lang='grc' dir='ltr'>φύσις</span> <span class='ocrx_word' id='word_1_66' title='bbox 1498 1291 1592 1345; x_wconf 79' lang='grc' dir='ltr'><strong>δύο</strong></span> <span class='ocrx_word' id='word_1_67' title='bbox 1628 1290 1784 1344; x_wconf 80' lang='grc' dir='ltr'>ἐσται</span> <span class='ocrx_word' id='word_1_68' title='bbox 1815 1291 1885 1344; x_wconf 88' lang='grc' dir='ltr'><strong>τά</strong></span> 
     </span>
    </p>
   </div>
   <div class='ocr_carea' id='block_1_13' title="bbox 298 1378 1884 1454">
    <p class='ocr_par' dir='ltr' id='par_1_13' title="bbox 298 1378 1884 1454">
     <span class='ocr_line' id='line_1_13' title="bbox 298 1378 1884 1454; baseline 0.002 -23"><span class='ocrx_word' id='word_1_69' title='bbox 298 1379 556 1445; x_wconf 75' lang='grc' dir='ltr'>ἐναντίας</span> <span class='ocrx_word' id='word_1_70' title='bbox 614 1378 733 1443; x_wconf 85' lang='grc' dir='ltr'><strong>πῶς</strong></span> <span class='ocrx_word' id='word_1_71' title='bbox 791 1380 850 1433; x_wconf 83' lang='grc' dir='ltr'>δὲ</span> <span class='ocrx_word' id='word_1_72' title='bbox 899 1383 995 1435; x_wconf 78' lang='grc' dir='ltr'><strong>καὶ</strong></span> <span class='ocrx_word' id='word_1_73' title='bbox 1053 1383 1421 1454; x_wconf 85' lang='grc' dir='ltr'>ὑποστήσεται</span> <span class='ocrx_word' id='word_1_74' title='bbox 1466 1382 1590 1437; x_wconf 79' lang='grc' dir='ltr'>κατ’</span> <span class='ocrx_word' id='word_1_75' title='bbox 1641 1382 1776 1435; x_wconf 75' lang='grc' dir='ltr'>αὐτὸ</span> <span class='ocrx_word' id='word_1_76' title='bbox 1823 1381 1884 1434; x_wconf 74' lang='grc' dir='ltr'>τὸ</span> 
     </span>
    </p>
   </div>
   <div class='ocr_carea' id='block_1_14' title="bbox 297 1472 1884 1545">
    <p class='ocr_par' dir='ltr' id='par_1_14' title="bbox 297 1472 1884 1545">
     <span class='ocr_line' id='line_1_14' title="bbox 297 1472 1884 1545; baseline 0 -21"><span class='ocrx_word' id='word_1_77' title='bbox 297 1472 603 1540; x_wconf 78' lang='grc' dir='ltr'><strong>πεφυκέναι</strong></span> <span class='ocrx_word' id='word_1_78' title='bbox 663 1473 1047 1545; x_wconf 69' lang='grc' dir='ltr'>πολεμουμένῃ</span> <span class='ocrx_word' id='word_1_79' title='bbox 1123 1474 1215 1543; x_wconf 81' lang='grc' dir='ltr'><strong>ὑφ’</strong></span> <span class='ocrx_word' id='word_1_80' title='bbox 1269 1472 1495 1543; x_wconf 79' lang='grc' dir='ltr'>ἑαυτῆς,</span> <span class='ocrx_word' id='word_1_81' title='bbox 1557 1474 1653 1526; x_wconf 77' lang='grc' dir='ltr'><strong>καὶ</strong></span> <span class='ocrx_word' id='word_1_82' title='bbox 1712 1473 1884 1542; x_wconf 78' lang='grc' dir='ltr'>αὐτὴν</span> 
     </span>
    </p>
   </div>
   <div class='ocr_carea' id='block_1_15' title="bbox 300 1550 1885 1636">
    <p class='ocr_par' dir='ltr' id='par_1_15' title="bbox 300 1550 1885 1636">
     <span class='ocr_line' id='line_1_15' title="bbox 300 1550 1885 1636; baseline 0.001 -19"><span class='ocrx_word' id='word_1_83' title='bbox 300 1550 655 1633; x_wconf 78' lang='grc' dir='ltr'>πολεμοῦσας</span> <span class='ocrx_word' id='word_1_84' title='bbox 691 1566 803 1619; x_wconf 76' lang='grc' dir='ltr'>Καὶ</span> <span class='ocrx_word' id='word_1_85' title='bbox 855 1568 913 1619; x_wconf 86' lang='grc' dir='ltr'>ἐν</span> <span class='ocrx_word' id='word_1_86' title='bbox 961 1566 1139 1636; x_wconf 85' lang='grc' dir='ltr'>τούτῳ</span> <span class='ocrx_word' id='word_1_87' title='bbox 1173 1567 1230 1620; x_wconf 83' lang='grc' dir='ltr'>δὲ</span> <span class='ocrx_word' id='word_1_88' title='bbox 1280 1567 1422 1621; x_wconf 83' lang='grc' dir='ltr'><strong>κατά</strong></span> <span class='ocrx_word' id='word_1_89' title='bbox 1450 1566 1643 1636; x_wconf 85' lang='grc' dir='ltr'>καιρὸν</span> <span class='ocrx_word' id='word_1_90' title='bbox 1673 1581 1885 1635; x_wconf 82' lang='grc' dir='ltr'>μνημο-</span> 
     </span>
    </p>
   </div>
   <div class='ocr_carea' id='block_1_16' title="bbox 294 1656 1885 1729">
    <p class='ocr_par' dir='ltr' id='par_1_16' title="bbox 294 1656 1885 1729">
     <span class='ocr_line' id='line_1_16' title="bbox 294 1656 1885 1729; baseline 0.001 -20"><span class='ocrx_word' id='word_1_91' title='bbox 294 1658 513 1712; x_wconf 79' lang='grc' dir='ltr'>νευτέον</span> <span class='ocrx_word' id='word_1_92' title='bbox 542 1656 638 1711; x_wconf 90' lang='grc' dir='ltr'><strong>τοῦ</strong></span> <span class='ocrx_word' id='word_1_93' title='bbox 664 1658 873 1729; x_wconf 81' lang='grc' dir='ltr'>Κυρίου</span> <span class='ocrx_word' id='word_1_94' title='bbox 905 1657 1160 1729; x_wconf 83' lang='grc' dir='ltr'>βοῶντος,</span> <span class='ocrx_word' id='word_1_95' title='bbox 1208 1660 1290 1713; x_wconf 83' lang='grc' dir='ltr'>ὅτι</span> <span class='ocrx_word' id='word_1_96' title='bbox 1316 1660 1469 1713; x_wconf 80' lang='grc' dir='ltr'>πᾶσα</span> <span class='ocrx_word' id='word_1_97' title='bbox 1493 1658 1640 1712; x_wconf 80' lang='grc' dir='ltr'>οίκία</span> <span class='ocrx_word' id='word_1_98' title='bbox 1663 1656 1694 1727; x_wconf 85' lang='grc' dir='ltr'><strong>ἦ</strong></span> <span class='ocrx_word' id='word_1_99' title='bbox 1727 1656 1885 1726; x_wconf 81' lang='grc' dir='ltr'>βασι-</span> 
     </span>
    </p>
   </div>
   <div class='ocr_carea' id='block_1_17' title="bbox 294 1745 1882 1822">
    <p class='ocr_par' dir='ltr' id='par_1_17' title="bbox 294 1745 1882 1822">
     <span class='ocr_line' id='line_1_17' title="bbox 294 1745 1882 1822; baseline 0.001 -22"><span class='ocrx_word' id='word_1_100' title='bbox 294 1748 415 1802; x_wconf 84' lang='grc' dir='ltr'>λεία</span> <span class='ocrx_word' id='word_1_101' title='bbox 439 1749 563 1802; x_wconf 87' lang='grc' dir='ltr'>καθ’</span> <span class='ocrx_word' id='word_1_102' title='bbox 594 1750 795 1821; x_wconf 76' lang='grc' dir='ltr'>ἑαυτὴν</span> <span class='ocrx_word' id='word_1_103' title='bbox 823 1751 1168 1820; x_wconf 78' lang='grc' dir='ltr'><strong>μερισθεῖσα,</strong></span> <span class='ocrx_word' id='word_1_104' title='bbox 1207 1752 1268 1804; x_wconf 74' lang='grc' dir='ltr'><strong>οὐ</strong></span> <span class='ocrx_word' id='word_1_105' title='bbox 1297 1751 1649 1822; x_wconf 81' lang='grc' dir='ltr'><strong>σταθήσεται.</strong></span> <span class='ocrx_word' id='word_1_106' title='bbox 1693 1748 1757 1803; x_wconf 81' lang='lat' dir='ltr'><strong>Ei</strong></span> <span class='ocrx_word' id='word_1_107' title='bbox 1788 1745 1882 1802; x_wconf 82' lang='grc' dir='ltr'><strong>οὖν</strong></span> 
     </span>
    </p>
   </div>
   <div class='ocr_carea' id='block_1_18' title="bbox 295 1841 1883 1915">
    <p class='ocr_par' dir='ltr' id='par_1_18' title="bbox 295 1841 1883 1915">
     <span class='ocr_line' id='line_1_18' title="bbox 295 1841 1883 1915; baseline 0.001 -22"><span class='ocrx_word' id='word_1_108' title='bbox 295 1841 419 1894; x_wconf 86' lang='grc' dir='ltr'>κατ’</span> <span class='ocrx_word' id='word_1_109' title='bbox 466 1842 630 1895; x_wconf 79' lang='grc' dir='ltr'>αὑτὸν</span> <span class='ocrx_word' id='word_1_110' title='bbox 663 1843 697 1913; x_wconf 82' lang='grc' dir='ltr'>ἠ</span> <span class='ocrx_word' id='word_1_111' title='bbox 736 1842 838 1912; x_wconf 87' lang='grc' dir='ltr'><strong>μία</strong></span> <span class='ocrx_word' id='word_1_112' title='bbox 888 1841 1051 1911; x_wconf 83' lang='grc' dir='ltr'>φύσις</span> <span class='ocrx_word' id='word_1_113' title='bbox 1084 1844 1352 1915; x_wconf 76' lang='grc' dir='ltr'><strong>ἐμερίσθη</strong></span> <span class='ocrx_word' id='word_1_114' title='bbox 1385 1846 1470 1913; x_wconf 75' lang='grc' dir='ltr'><strong>ἐφ’</strong></span> <span class='ocrx_word' id='word_1_115' title='bbox 1512 1843 1732 1914; x_wconf 77' lang='grc' dir='ltr'>ἑαυτὴν,</span> <span class='ocrx_word' id='word_1_116' title='bbox 1764 1842 1883 1905; x_wconf 84' lang='grc' dir='ltr'>πῶς</span> 
     </span>
    </p>
   </div>
   <div class='ocr_carea' id='block_1_19' title="bbox 297 1929 1883 2005">
    <p class='ocr_par' dir='ltr' id='par_1_19' title="bbox 297 1929 1883 2005">
     <span class='ocr_line' id='line_1_19' title="bbox 297 1929 1883 2005; baseline -0.001 -18"><span class='ocrx_word' id='word_1_117' title='bbox 297 1933 628 2004; x_wconf 83' lang='grc' dir='ltr'>σταθήσεται</span> <span class='ocrx_word' id='word_1_118' title='bbox 668 1934 702 2003; x_wconf 75' lang='grc' dir='ltr'>ἡ</span> <span class='ocrx_word' id='word_1_119' title='bbox 739 1932 949 2004; x_wconf 79' lang='grc' dir='ltr'>ταύτης</span> <span class='ocrx_word' id='word_1_120' title='bbox 982 1932 1214 2004; x_wconf 79' lang='grc' dir='ltr'>ὖπαρξις</span> <span class='ocrx_word' id='word_1_121' title='bbox 1242 1951 1257 2000; x_wconf 90' lang='grc'><strong>;</strong></span> <span class='ocrx_word' id='word_1_122' title='bbox 1282 1935 1406 2005; x_wconf 69' lang='grc' dir='ltr'><strong>Ἆρ’</strong></span> <span class='ocrx_word' id='word_1_123' title='bbox 1450 1929 1544 1988; x_wconf 82' lang='grc' dir='ltr'><strong>οὖν</strong></span> <span class='ocrx_word' id='word_1_124' title='bbox 1589 1933 1734 1987; x_wconf 85' lang='grc' dir='ltr'><strong>κατά</strong></span> <span class='ocrx_word' id='word_1_125' title='bbox 1783 1932 1883 1995; x_wconf 81' lang='grc' dir='ltr'>τὰς</span> 
     </span>
    </p>
   </div>
   <div class='ocr_carea' id='block_1_20' title="bbox 291 2024 1880 2096">
    <p class='ocr_par' dir='ltr' id='par_1_20' title="bbox 291 2024 1880 2096">
     <span class='ocr_line' id='line_1_20' title="bbox 291 2024 1880 2096; baseline -0.002 -18"><span class='ocrx_word' id='word_1_126' title='bbox 291 2025 486 2089; x_wconf 71' lang='grc' dir='ltr'>κοινὰς</span> <span class='ocrx_word' id='word_1_127' title='bbox 513 2024 723 2088; x_wconf 71' lang='grc' dir='ltr'>ἑννοίας</span> <span class='ocrx_word' id='word_1_128' title='bbox 743 2024 887 2078; x_wconf 87' lang='grc' dir='ltr'><strong>κατά</strong></span> <span class='ocrx_word' id='word_1_129' title='bbox 913 2042 975 2077; x_wconf 88' lang='grc' dir='ltr'><strong>τε</strong></span> <span class='ocrx_word' id='word_1_130' title='bbox 1005 2026 1169 2080; x_wconf 79' lang='grc' dir='ltr'>αὑτὸν</span> <span class='ocrx_word' id='word_1_131' title='bbox 1200 2027 1294 2079; x_wconf 80' lang='grc' dir='ltr'><strong>τδν</strong></span> <span class='ocrx_word' id='word_1_132' title='bbox 1325 2025 1420 2080; x_wconf 89' lang='grc' dir='ltr'><strong>τοῦ</strong></span> <span class='ocrx_word' id='word_1_133' title='bbox 1462 2026 1669 2096; x_wconf 87' lang='grc' dir='ltr'>Κυρίου</span> <span class='ocrx_word' id='word_1_134' title='bbox 1702 2026 1880 2093; x_wconf 82' lang='grc' dir='ltr'>λόγον,</span> 
     </span>
    </p>
   </div>
   <div class='ocr_carea' id='block_1_21' title="bbox 293 2114 1884 2189">
    <p class='ocr_par' dir='ltr' id='par_1_21' title="bbox 293 2114 1884 2189">
     <span class='ocr_line' id='line_1_21' title="bbox 293 2114 1884 2189; baseline -0.001 -18"><span class='ocrx_word' id='word_1_135' title='bbox 293 2114 357 2171; x_wconf 81' lang='grc' dir='ltr'><strong>εὖ</strong></span> <span class='ocrx_word' id='word_1_136' title='bbox 385 2133 448 2185; x_wconf 90' lang='grc' dir='ltr'><strong>γε</strong></span> <span class='ocrx_word' id='word_1_137' title='bbox 480 2114 652 2169; x_wconf 86' lang='grc' dir='ltr'>ποιῶν</span> <span class='ocrx_word' id='word_1_138' title='bbox 681 2118 711 2169; x_wconf 93' lang='grc' dir='ltr'><strong>ὁ</strong></span> <span class='ocrx_word' id='word_1_139' title='bbox 739 2116 837 2186; x_wconf 80' lang='grc' dir='ltr'>τῆς</span> <span class='ocrx_word' id='word_1_140' title='bbox 863 2117 1191 2189; x_wconf 81' lang='grc' dir='ltr'>Ἑκκλησίας</span> <span class='ocrx_word' id='word_1_141' title='bbox 1221 2118 1399 2186; x_wconf 85' lang='grc' dir='ltr'><strong>λόγος,</strong></span> <span class='ocrx_word' id='word_1_142' title='bbox 1430 2119 1491 2171; x_wconf 80' lang='grc' dir='ltr'>οὗ</span> <span class='ocrx_word' id='word_1_143' title='bbox 1513 2116 1884 2188; x_wconf 82' lang='grc' dir='ltr'>παραδέχεται</span> 
     </span>
    </p>
   </div>
   <div class='ocr_carea' id='block_1_22' title="bbox 295 2198 1882 2281">
    <p class='ocr_par' dir='ltr' id='par_1_22' title="bbox 295 2198 1882 2281">
     <span class='ocr_line' id='line_1_22' title="bbox 295 2198 1882 2281; baseline 0 -21"><span class='ocrx_word' id='word_1_144' title='bbox 295 2209 429 2279; x_wconf 89' lang='grc' dir='ltr'>μίαν</span> <span class='ocrx_word' id='word_1_145' title='bbox 489 2206 652 2276; x_wconf 82' lang='grc' dir='ltr'>φύσιν</span> <span class='ocrx_word' id='word_1_146' title='bbox 688 2207 825 2280; x_wconf 77' lang='grc' dir='ltr'>πρὸς</span> <span class='ocrx_word' id='word_1_147' title='bbox 870 2198 1070 2281; x_wconf 80' lang='grc' dir='ltr'>ἑαυτὴν</span> <span class='ocrx_word' id='word_1_148' title='bbox 1116 2209 1540 2281; x_wconf 80' lang='grc' dir='ltr'>διαφερομένην,</span> <span class='ocrx_word' id='word_1_149' title='bbox 1600 2209 1696 2263; x_wconf 75' lang='grc' dir='ltr'><strong>καὶ</strong></span> <span class='ocrx_word' id='word_1_150' title='bbox 1744 2209 1882 2280; x_wconf 72' lang='grc' dir='ltr'>αὐτῇ</span> 
     </span>
    </p>
   </div>
   <div class='ocr_carea' id='block_1_23' title="bbox 291 2299 1885 2374">
    <p class='ocr_par' dir='ltr' id='par_1_23' title="bbox 291 2299 1885 2374">
     <span class='ocr_line' id='line_1_23' title="bbox 291 2299 1885 2374; baseline -0.002 -19"><span class='ocrx_word' id='word_1_151' title='bbox 291 2302 570 2369; x_wconf 69' lang='grc' dir='ltr'>ἐναντίαν,</span> <span class='ocrx_word' id='word_1_152' title='bbox 614 2303 756 2355; x_wconf 87' lang='grc' dir='ltr'><strong>κατά</strong></span> <span class='ocrx_word' id='word_1_153' title='bbox 782 2301 886 2374; x_wconf 81' lang='grc' dir='ltr'>τὴν</span> <span class='ocrx_word' id='word_1_154' title='bbox 916 2301 1011 2355; x_wconf 88' lang='grc' dir='ltr'><strong>τοῦ</strong></span> <span class='ocrx_word' id='word_1_155' title='bbox 1046 2303 1290 2372; x_wconf 81' lang='grc' dir='ltr'>Σευήρου</span> <span class='ocrx_word' id='word_1_156' title='bbox 1321 2302 1555 2356; x_wconf 79' lang='grc' dir='ltr'>ἄστατον</span> <span class='ocrx_word' id='word_1_157' title='bbox 1585 2299 1680 2354; x_wconf 68' lang='grc' dir='ltr'><strong>καὶ</strong></span> <span class='ocrx_word' id='word_1_158' title='bbox 1718 2317 1885 2370; x_wconf 87' lang='grc' dir='ltr'>μαχι-</span> 
     </span>
    </p>
   </div>
   <div class='ocr_carea' id='block_1_24' title="bbox 294 2387 1886 2466">
    <p class='ocr_par' dir='ltr' id='par_1_24' title="bbox 294 2387 1886 2466">
     <span class='ocr_line' id='line_1_24' title="bbox 294 2387 1886 2466; baseline -0.003 -18"><span class='ocrx_word' id='word_1_159' title='bbox 294 2395 554 2466; x_wconf 83' lang='grc' dir='ltr'>μωτάτην</span> <span class='ocrx_word' id='word_1_160' title='bbox 589 2395 855 2449; x_wconf 76' lang='grc' dir='ltr'>ἐπίνοιαν.</span> <span class='ocrx_word' id='word_1_161' title='bbox 912 2393 1073 2447; x_wconf 79' lang='grc' dir='ltr'>Ἀ).λά</span> <span class='ocrx_word' id='word_1_162' title='bbox 1107 2394 1214 2466; x_wconf 79' lang='grc' dir='ltr'>μὴν</span> <span class='ocrx_word' id='word_1_163' title='bbox 1257 2387 1378 2448; x_wconf 75' lang='grc' dir='ltr'>οὐδὲ</span> <span class='ocrx_word' id='word_1_164' title='bbox 1412 2393 1556 2448; x_wconf 84' lang='grc' dir='ltr'><strong>κατά</strong></span> <span class='ocrx_word' id='word_1_165' title='bbox 1601 2391 1886 2447; x_wconf 83' lang='grc' dir='ltr'>Ἰουλιανδν</span> 
     </span>
    </p>
   </div>
   <div class='ocr_carea' id='block_1_25' title="bbox 292 2481 1884 2557">
    <p class='ocr_par' dir='ltr' id='par_1_25' title="bbox 292 2481 1884 2557">
     <span class='ocr_line' id='line_1_25' title="bbox 292 2481 1884 2557; baseline -0.002 -18"><span class='ocrx_word' id='word_1_166' title='bbox 292 2487 613 2540; x_wconf 84' lang='grc' dir='ltr'>παντάπασι</span> <span class='ocrx_word' id='word_1_167' title='bbox 665 2485 764 2557; x_wconf 82' lang='grc' dir='ltr'><strong>τὴν</strong></span> <span class='ocrx_word' id='word_1_168' title='bbox 815 2486 1080 2557; x_wconf 79' lang='grc' dir='ltr'>διαφορὰν</span> <span class='ocrx_word' id='word_1_169' title='bbox 1128 2485 1498 2541; x_wconf 72' lang='grc' dir='ltr'>ἀποϐάλλεται</span> <span class='ocrx_word' id='word_1_170' title='bbox 1539 2487 1572 2557; x_wconf 81' lang='grc' dir='ltr'><strong>ἠ</strong></span> <span class='ocrx_word' id='word_1_171' title='bbox 1620 2484 1717 2538; x_wconf 84' lang='grc' dir='ltr'><strong>τοῦ</strong></span> <span class='ocrx_word' id='word_1_172' title='bbox 1746 2481 1884 2537; x_wconf 90' lang='grc' dir='ltr'>Θεοῦ</span> 
     </span>
    </p>
   </div>
   <div class='ocr_carea' id='block_1_26' title="bbox 303 2576 1886 2647">
    <p class='ocr_par' dir='ltr' id='par_1_26' title="bbox 303 2576 1886 2647">
     <span class='ocr_line' id='line_1_26' title="bbox 303 2576 1886 2647; baseline -0.001 -17"><span class='ocrx_word' id='word_1_173' title='bbox 303 2576 630 2646; x_wconf 83' lang='grc' dir='ltr'>Ἐκκλησία.</span> <span class='ocrx_word' id='word_1_174' title='bbox 695 2578 758 2630; x_wconf 77' lang='lat' dir='ltr'><strong>Ei</strong></span> <span class='ocrx_word' id='word_1_175' title='bbox 808 2578 917 2647; x_wconf 85' lang='grc' dir='ltr'>γὰρ</span> <span class='ocrx_word' id='word_1_176' title='bbox 968 2578 1068 2647; x_wconf 87' lang='grc' dir='ltr'><strong>μία</strong></span> <span class='ocrx_word' id='word_1_177' title='bbox 1104 2578 1205 2647; x_wconf 77' lang='grc' dir='ltr'>μὲν</span> <span class='ocrx_word' id='word_1_178' title='bbox 1248 2577 1413 2646; x_wconf 82' lang='grc' dir='ltr'>φύσις</span> <span class='ocrx_word' id='word_1_179' title='bbox 1446 2577 1569 2631; x_wconf 83' lang='grc' dir='ltr'>κατ’</span> <span class='ocrx_word' id='word_1_180' title='bbox 1611 2578 1820 2630; x_wconf 75' lang='grc' dir='ltr'>ἐκεῖνον</span> <span class='ocrx_word' id='word_1_181' title='bbox 1856 2578 1886 2629; x_wconf 90' lang='grc' dir='ltr'><strong>ὁ</strong></span> 
     </span>
    </p>
   </div>
   <div class='ocr_carea' id='block_1_27' title="bbox 290 2666 1888 2740">
    <p class='ocr_par' dir='ltr' id='par_1_27' title="bbox 290 2666 1888 2740">
     <span class='ocr_line' id='line_1_27' title="bbox 290 2666 1888 2740; baseline -0.002 -17"><span class='ocrx_word' id='word_1_182' title='bbox 290 2668 554 2740; x_wconf 77' lang='grc' dir='ltr'>Χριστὸς,</span> <span class='ocrx_word' id='word_1_183' title='bbox 572 2668 668 2722; x_wconf 73' lang='grc' dir='ltr'><strong>καὶ</strong></span> <span class='ocrx_word' id='word_1_184' title='bbox 684 2667 950 2739; x_wconf 79' lang='grc' dir='ltr'>διαφορὰν</span> <span class='ocrx_word' id='word_1_185' title='bbox 970 2666 1202 2739; x_wconf 83' lang='grc' dir='ltr'>οὐσιὼδη</span> <span class='ocrx_word' id='word_1_186' title='bbox 1236 2667 1311 2739; x_wconf 81' lang='grc' dir='ltr'>μὴ</span> <span class='ocrx_word' id='word_1_187' title='bbox 1343 2667 1468 2721; x_wconf 85' lang='grc' dir='ltr'>καθ’</span> <span class='ocrx_word' id='word_1_188' title='bbox 1497 2667 1676 2722; x_wconf 83' lang='grc' dir='ltr'>ὁτιοῦν</span> <span class='ocrx_word' id='word_1_189' title='bbox 1706 2684 1888 2738; x_wconf 79' lang='grc' dir='ltr'>παρα-</span> 
     </span>
    </p>
   </div>
   <div class='ocr_carea' id='block_1_28' title="bbox 288 2752 1885 2829">
    <p class='ocr_par' dir='ltr' id='par_1_28' title="bbox 288 2752 1885 2829">
     <span class='ocr_line' id='line_1_28' title="bbox 288 2752 1885 2829; baseline -0.001 -17"><span class='ocrx_word' id='word_1_190' title='bbox 288 2758 566 2821; x_wconf 71' lang='grc' dir='ltr'>δέδεκται,</span> <span class='ocrx_word' id='word_1_191' title='bbox 602 2757 661 2812; x_wconf 81' lang='grc' dir='ltr'>ἓν</span> <span class='ocrx_word' id='word_1_192' title='bbox 709 2757 817 2811; x_wconf 85' lang='grc' dir='ltr'>τῶν</span> <span class='ocrx_word' id='word_1_193' title='bbox 849 2758 1127 2829; x_wconf 80' lang='grc' dir='ltr'>ὁποτέρων</span> <span class='ocrx_word' id='word_1_194' title='bbox 1162 2758 1378 2828; x_wconf 79' lang='grc' dir='ltr'>ἀνάγκη</span> <span class='ocrx_word' id='word_1_195' title='bbox 1437 2758 1655 2822; x_wconf 85' lang='grc' dir='ltr'>πάντως</span> <span class='ocrx_word' id='word_1_196' title='bbox 1690 2752 1885 2827; x_wconf 75' lang='grc' dir='ltr'>ὁμολο-</span> 
     </span>
    </p>
   </div>
   <div class='ocr_carea' id='block_1_29' title="bbox 256 2835 1885 2923">
    <p class='ocr_par' dir='ltr' id='par_1_29' title="bbox 256 2835 1885 2923">
     <span class='ocr_line' id='line_1_29' title="bbox 256 2835 1885 2923; baseline 0 -20"><span class='ocrx_word' id='word_1_197' title='bbox 256 2910 261 2915; x_wconf 89' lang='lat'>_</span> <span class='ocrx_word' id='word_1_198' title='bbox 291 2853 418 2920; x_wconf 83' lang='grc' dir='ltr'>γεῖν</span> <span class='ocrx_word' id='word_1_199' title='bbox 445 2850 538 2904; x_wconf 81' lang='grc' dir='ltr'><strong>τὸν</strong></span> <span class='ocrx_word' id='word_1_200' title='bbox 568 2853 742 2905; x_wconf 85' lang='grc' dir='ltr'>ταῦτα</span> <span class='ocrx_word' id='word_1_201' title='bbox 773 2835 1264 2923; x_wconf 75' lang='grc' dir='ltr'>διισχυριζόμενον,</span> <span class='ocrx_word' id='word_1_202' title='bbox 1317 2852 1350 2923; x_wconf 77' lang='grc' dir='ltr'>ἢ</span> <span class='ocrx_word' id='word_1_203' title='bbox 1394 2853 1684 2923; x_wconf 75' lang='grc' dir='ltr'>ἄνθρωπον</span> <span class='ocrx_word' id='word_1_204' title='bbox 1731 2850 1885 2921; x_wconf 80' lang='grc' dir='ltr'>ψιλὸν</span> 
     </span>
    </p>
   </div>
   <div class='ocr_carea' id='block_1_30' title="bbox 292 2938 1886 3013">
    <p class='ocr_par' dir='ltr' id='par_1_30' title="bbox 292 2938 1886 3013">
     <span class='ocr_line' id='line_1_30' title="bbox 292 2938 1886 3013; baseline 0.001 -18"><span class='ocrx_word' id='word_1_205' title='bbox 292 2938 441 2996; x_wconf 81' lang='grc' dir='ltr'>εῖναι</span> <span class='ocrx_word' id='word_1_206' title='bbox 471 2942 564 2996; x_wconf 82' lang='grc' dir='ltr'><strong>τὸν</strong></span> <span class='ocrx_word' id='word_1_207' title='bbox 598 2941 827 3013; x_wconf 85' lang='grc' dir='ltr'>Κύριον,</span> <span class='ocrx_word' id='word_1_208' title='bbox 854 2943 950 2996; x_wconf 73' lang='grc' dir='ltr'>καὶ</span> <span class='ocrx_word' id='word_1_209' title='bbox 974 2942 1043 2996; x_wconf 89' lang='grc' dir='ltr'><strong>τά</strong></span> <span class='ocrx_word' id='word_1_210' title='bbox 1086 2941 1359 3013; x_wconf 84' lang='grc' dir='ltr'>λεγόμενα</span> <span class='ocrx_word' id='word_1_211' title='bbox 1399 2946 1487 2997; x_wconf 82' lang='grc' dir='ltr'><strong>ἐπ’</strong></span> <span class='ocrx_word' id='word_1_212' title='bbox 1516 2942 1707 3009; x_wconf 77' lang='grc' dir='ltr'>αὑτοῦ,</span> <span class='ocrx_word' id='word_1_213' title='bbox 1735 2943 1886 2997; x_wconf 86' lang='grc' dir='ltr'>θείαν</span> 
     </span>
    </p>
   </div>
   <div class='ocr_carea' id='block_1_31' title="bbox 290 3031 1887 3105">
    <p class='ocr_par' dir='ltr' id='par_1_31' title="bbox 290 3031 1887 3105">
     <span class='ocr_line' id='line_1_31' title="bbox 290 3031 1887 3105; baseline -0.001 -17"><span class='ocrx_word' id='word_1_214' title='bbox 290 3034 526 3104; x_wconf 86' lang='grc' dir='ltr'>δύναμιν</span> <span class='ocrx_word' id='word_1_215' title='bbox 582 3034 776 3104; x_wconf 76' lang='grc' dir='ltr'>ἑτέραν</span> <span class='ocrx_word' id='word_1_216' title='bbox 826 3036 955 3104; x_wconf 84' lang='grc' dir='ltr'>παρ’</span> <span class='ocrx_word' id='word_1_217' title='bbox 994 3035 1158 3088; x_wconf 82' lang='grc' dir='ltr'>αὑτὸν</span> <span class='ocrx_word' id='word_1_218' title='bbox 1214 3031 1421 3099; x_wconf 72' lang='grc' dir='ltr'>οὖσαν,</span> <span class='ocrx_word' id='word_1_219' title='bbox 1479 3037 1573 3088; x_wconf 75' lang='grc' dir='ltr'><strong>καὶ</strong></span> <span class='ocrx_word' id='word_1_220' title='bbox 1629 3036 1688 3087; x_wconf 81' lang='grc' dir='ltr'>ὲν</span> <span class='ocrx_word' id='word_1_221' title='bbox 1736 3034 1887 3105; x_wconf 81' lang='grc' dir='ltr'>αὐτῷ</span> 
     </span>
    </p>
   </div>
   <div class='ocr_carea' id='block_1_32' title="bbox 291 3122 1888 3199">
    <p class='ocr_par' dir='ltr' id='par_1_32' title="bbox 291 3122 1888 3199">
     <span class='ocr_line' id='line_1_32' title="bbox 291 3122 1888 3199; baseline 0 -18"><span class='ocrx_word' id='word_1_222' title='bbox 291 3122 484 3192; x_wconf 78' lang='grc' dir='ltr'>οὖσαν,</span> <span class='ocrx_word' id='word_1_223' title='bbox 517 3126 611 3180; x_wconf 75' lang='grc' dir='ltr'><strong>καὶ</strong></span> <span class='ocrx_word' id='word_1_224' title='bbox 659 3126 991 3198; x_wconf 77' lang='grc' dir='ltr'>ἐνεργοῦσαν</span> <span class='ocrx_word' id='word_1_225' title='bbox 1024 3127 1373 3197; x_wconf 82' lang='grc' dir='ltr'>πεπρᾶχθαι·</span> <span class='ocrx_word' id='word_1_226' title='bbox 1421 3127 1454 3199; x_wconf 85' lang='grc' dir='ltr'>ἢ</span> <span class='ocrx_word' id='word_1_227' title='bbox 1500 3128 1635 3180; x_wconf 81' lang='grc' dir='ltr'>Θεὸν</span> <span class='ocrx_word' id='word_1_228' title='bbox 1680 3126 1888 3197; x_wconf 72' lang='grc' dir='ltr'>γυμνὸν</span> 
     </span>
    </p>
   </div>
   <div class='ocr_carea' id='block_1_33' title="bbox 293 3215 1887 3289">
    <p class='ocr_par' dir='ltr' id='par_1_33' title="bbox 293 3215 1887 3289">
     <span class='ocr_line' id='line_1_33' title="bbox 293 3215 1887 3289; baseline 0.001 -16"><span class='ocrx_word' id='word_1_229' title='bbox 293 3218 395 3273; x_wconf 74' lang='grc' dir='ltr'><strong>καὶ</strong></span> <span class='ocrx_word' id='word_1_230' title='bbox 424 3217 501 3289; x_wconf 82' lang='grc' dir='ltr'>μὴ</span> <span class='ocrx_word' id='word_1_231' title='bbox 539 3217 1004 3289; x_wconf 76' lang='grc' dir='ltr'>ἐνηνθρωπηκότα</span> <span class='ocrx_word' id='word_1_232' title='bbox 1043 3215 1186 3272; x_wconf 75' lang='grc' dir='ltr'>εἶναι</span> <span class='ocrx_word' id='word_1_233' title='bbox 1231 3219 1325 3271; x_wconf 86' lang='grc' dir='ltr'><strong>τὸν</strong></span> <span class='ocrx_word' id='word_1_234' title='bbox 1364 3220 1625 3289; x_wconf 83' lang='grc' dir='ltr'>Χριστὸν,</span> <span class='ocrx_word' id='word_1_235' title='bbox 1678 3221 1775 3274; x_wconf 72' lang='grc' dir='ltr'>καὶ</span> <span class='ocrx_word' id='word_1_236' title='bbox 1817 3219 1887 3274; x_wconf 86' lang='grc' dir='ltr'><strong>τά</strong></span> 
     </span>
    </p>
   </div>
   <div class='ocr_carea' id='block_1_34' title="bbox 293 3307 1956 3397">
    <p class='ocr_par' dir='ltr' id='par_1_34' title="bbox 293 3307 1956 3397">
     <span class='ocr_line' id='line_1_34' title="bbox 293 3307 1956 3397; baseline 0.001 -35"><span class='ocrx_word' id='word_1_237' title='bbox 293 3310 567 3380; x_wconf 78' lang='grc' dir='ltr'>λεγόμενα</span> <span class='ocrx_word' id='word_1_238' title='bbox 601 3308 688 3361; x_wconf 73' lang='grc' dir='ltr'><strong>ἐπ’</strong></span> <span class='ocrx_word' id='word_1_239' title='bbox 732 3307 898 3361; x_wconf 79' lang='grc' dir='ltr'>αὑτοῦ</span> <span class='ocrx_word' id='word_1_240' title='bbox 939 3307 1279 3378; x_wconf 86' lang='grc' dir='ltr'>ἀνθρώπινα.</span> <span class='ocrx_word' id='word_1_241' title='bbox 1326 3308 1402 3380; x_wconf 85' lang='grc' dir='ltr'>μὴ</span> <span class='ocrx_word' id='word_1_242' title='bbox 1445 3309 1520 3373; x_wconf 84' lang='grc' dir='ltr'>ὡς</span> <span class='ocrx_word' id='word_1_243' title='bbox 1570 3309 1881 3383; x_wconf 83' lang='grc' dir='ltr'>ἄνθρωπον,</span> <span class='ocrx_word' id='word_1_244' title='bbox 1912 3340 1956 3397; x_wconf 75' lang='lat' dir='ltr'><strong>c</strong></span> 
     </span>
    </p>
   </div>
   <div class='ocr_carea' id='block_1_35' title="bbox 293 3398 1884 3470">
    <p class='ocr_par' dir='ltr' id='par_1_35' title="bbox 293 3398 1884 3470">
     <span class='ocr_line' id='line_1_35' title="bbox 293 3398 1884 3470; baseline 0 -15"><span class='ocrx_word' id='word_1_245' title='bbox 293 3401 412 3456; x_wconf 81' lang='grc' dir='ltr'>ἀλλ’</span> <span class='ocrx_word' id='word_1_246' title='bbox 466 3400 543 3463; x_wconf 84' lang='grc' dir='ltr'>ὡς</span> <span class='ocrx_word' id='word_1_247' title='bbox 605 3398 739 3453; x_wconf 74' lang='grc' dir='ltr'>Θεὸν</span> <span class='ocrx_word' id='word_1_248' title='bbox 780 3398 953 3453; x_wconf 88' lang='grc' dir='ltr'>ταῦτα</span> <span class='ocrx_word' id='word_1_249' title='bbox 1004 3399 1224 3465; x_wconf 84' lang='grc' dir='ltr'>παθεῖν,</span> <span class='ocrx_word' id='word_1_250' title='bbox 1270 3402 1350 3463; x_wconf 89' lang='grc' dir='ltr'><strong>είς</strong></span> <span class='ocrx_word' id='word_1_251' title='bbox 1395 3400 1495 3470; x_wconf 79' lang='grc' dir='ltr'><strong>τὴν</strong></span> <span class='ocrx_word' id='word_1_252' title='bbox 1532 3401 1663 3469; x_wconf 89' lang='grc' dir='ltr'>μίαν</span> <span class='ocrx_word' id='word_1_253' title='bbox 1718 3402 1884 3455; x_wconf 82' lang='grc' dir='ltr'>αὑτοῦ</span> 
     </span>
    </p>
   </div>
   <div class='ocr_carea' id='block_1_36' title="bbox 297 3490 1885 3563">
    <p class='ocr_par' dir='ltr' id='par_1_36' title="bbox 297 3490 1885 3563">
     <span class='ocr_line' id='line_1_36' title="bbox 297 3490 1885 3563; baseline 0 -16"><span class='ocrx_word' id='word_1_254' title='bbox 297 3492 463 3563; x_wconf 84' lang='grc' dir='ltr'>φύσιν</span> <span class='ocrx_word' id='word_1_255' title='bbox 508 3491 680 3546; x_wconf 87' lang='grc' dir='ltr'>ταῦτα</span> <span class='ocrx_word' id='word_1_256' title='bbox 712 3491 1112 3562; x_wconf 79' lang='grc' dir='ltr'>ἀναδεχόμενον</span> <span class='ocrx_word' id='word_1_257' title='bbox 1135 3507 1148 3522; x_wconf 82' lang='grc'><em>’</em></span> <span class='ocrx_word' id='word_1_258' title='bbox 1207 3491 1241 3563; x_wconf 75' lang='grc' dir='ltr'>ἢ</span> <span class='ocrx_word' id='word_1_259' title='bbox 1274 3493 1324 3545; x_wconf 85' lang='grc' dir='ltr'>εἰ</span> <span class='ocrx_word' id='word_1_260' title='bbox 1384 3491 1520 3563; x_wconf 84' lang='grc' dir='ltr'>μηδὲ</span> <span class='ocrx_word' id='word_1_261' title='bbox 1558 3490 1618 3546; x_wconf 77' lang='grc' dir='ltr'>ἓν</span> <span class='ocrx_word' id='word_1_262' title='bbox 1657 3492 1885 3557; x_wconf 87' lang='grc' dir='ltr'>τούτων,</span> 
     </span>
    </p>
   </div>
   <div class='ocr_carea' id='block_1_37' title="bbox 297 3581 1886 3655">
    <p class='ocr_par' dir='ltr' id='par_1_37' title="bbox 297 3581 1886 3655">
     <span class='ocr_line' id='line_1_37' title="bbox 297 3581 1886 3655; baseline -0.001 -16"><span class='ocrx_word' id='word_1_263' title='bbox 297 3582 575 3655; x_wconf 73' lang='grc' dir='ltr'>φαντασίᾳ</span> <span class='ocrx_word' id='word_1_264' title='bbox 616 3583 724 3637; x_wconf 73' lang='grc' dir='ltr'>τινὶ</span> <span class='ocrx_word' id='word_1_265' title='bbox 756 3582 854 3636; x_wconf 70' lang='grc' dir='ltr'><strong>καὶ</strong></span> <span class='ocrx_word' id='word_1_266' title='bbox 891 3583 1076 3653; x_wconf 80' lang='grc' dir='ltr'>ἀπάτῃ</span> <span class='ocrx_word' id='word_1_267' title='bbox 1111 3582 1293 3650; x_wconf 86' lang='grc' dir='ltr'>λέγειν</span> <span class='ocrx_word' id='word_1_268' title='bbox 1337 3583 1469 3653; x_wconf 79' lang='grc' dir='ltr'>περὶ</span> <span class='ocrx_word' id='word_1_269' title='bbox 1501 3581 1668 3636; x_wconf 83' lang='grc' dir='ltr'>αὐτοῦ</span> <span class='ocrx_word' id='word_1_270' title='bbox 1696 3583 1886 3653; x_wconf 83' lang='grc' dir='ltr'>δεδρα-</span> 
     </span>
    </p>
   </div>
   <div class='ocr_carea' id='block_1_38' title="bbox 296 3672 1886 3746">
    <p class='ocr_par' dir='ltr' id='par_1_38' title="bbox 296 3672 1886 3746">
     <span class='ocr_line' id='line_1_38' title="bbox 296 3672 1886 3746; baseline 0 -18"><span class='ocrx_word' id='word_1_271' title='bbox 296 3677 455 3730; x_wconf 83' lang='grc' dir='ltr'>κέναι</span> <span class='ocrx_word' id='word_1_272' title='bbox 484 3674 631 3746; x_wconf 74' lang='grc' dir='ltr'>ἅπερ</span> <span class='ocrx_word' id='word_1_273' title='bbox 661 3674 812 3745; x_wconf 80' lang='grc' dir='ltr'>ἔδρα,</span> <span class='ocrx_word' id='word_1_274' title='bbox 838 3674 959 3745; x_wconf 75' lang='grc' dir='ltr'>ἦτοι</span> <span class='ocrx_word' id='word_1_275' title='bbox 983 3674 1052 3727; x_wconf 83' lang='grc' dir='ltr'><strong>τά</strong></span> <span class='ocrx_word' id='word_1_276' title='bbox 1074 3673 1216 3738; x_wconf 90' lang='grc' dir='ltr'>θεῖα,</span> <span class='ocrx_word' id='word_1_277' title='bbox 1236 3675 1358 3745; x_wconf 73' lang='grc' dir='ltr'>ἦτοι</span> <span class='ocrx_word' id='word_1_278' title='bbox 1387 3675 1456 3727; x_wconf 83' lang='grc' dir='ltr'><strong>τά</strong></span> <span class='ocrx_word' id='word_1_279' title='bbox 1480 3672 1823 3744; x_wconf 84' lang='grc' dir='ltr'>ἀνθρώπινα,</span> <span class='ocrx_word' id='word_1_280' title='bbox 1853 3673 1886 3746; x_wconf 73' lang='grc' dir='ltr'><strong>ἢ</strong></span> 
     </span>
    </p>
   </div>
   <div class='ocr_carea' id='block_1_39' title="bbox 294 3760 1887 3839">
    <p class='ocr_par' dir='ltr' id='par_1_39' title="bbox 294 3760 1887 3839">
     <span class='ocr_line' id='line_1_39' title="bbox 294 3760 1887 3839; baseline -0.002 -17"><span class='ocrx_word' id='word_1_281' title='bbox 294 3769 362 3822; x_wconf 81' lang='grc' dir='ltr'><strong>τὸ</strong></span> <span class='ocrx_word' id='word_1_282' title='bbox 407 3766 669 3839; x_wconf 68' lang='grc' dir='ltr'>παράπαν</span> <span class='ocrx_word' id='word_1_283' title='bbox 717 3765 888 3836; x_wconf 83' lang='grc' dir='ltr'>ψευδῆ</span> <span class='ocrx_word' id='word_1_284' title='bbox 945 3760 1087 3820; x_wconf 74' lang='grc' dir='ltr'>εἶναι</span> <span class='ocrx_word' id='word_1_285' title='bbox 1132 3765 1235 3837; x_wconf 79' lang='grc' dir='ltr'>τὴν</span> <span class='ocrx_word' id='word_1_286' title='bbox 1295 3766 1423 3837; x_wconf 74' lang='grc' dir='ltr'>περὶ</span> <span class='ocrx_word' id='word_1_287' title='bbox 1489 3766 1657 3820; x_wconf 82' lang='grc' dir='ltr'>αὐτοῦ</span> <span class='ocrx_word' id='word_1_288' title='bbox 1705 3769 1887 3821; x_wconf 79' lang='grc' dir='ltr'>πᾶσαν</span> 
     </span>
    </p>
   </div>
   <div class='ocr_carea' id='block_1_40' title="bbox 295 3857 1887 3930">
    <p class='ocr_par' dir='ltr' id='par_1_40' title="bbox 295 3857 1887 3930">
     <span class='ocr_line' id='line_1_40' title="bbox 295 3857 1887 3930; baseline -0.001 -17"><span class='ocrx_word' id='word_1_289' title='bbox 295 3858 665 3930; x_wconf 80' lang='grc' dir='ltr'>εὐαγγελικὴν</span> <span class='ocrx_word' id='word_1_290' title='bbox 713 3858 980 3929; x_wconf 78' lang='grc' dir='ltr'>ἱστορίαν,</span> <span class='ocrx_word' id='word_1_291' title='bbox 1036 3859 1132 3911; x_wconf 79' lang='grc' dir='ltr'><strong>καὶ</strong></span> <span class='ocrx_word' id='word_1_292' title='bbox 1179 3859 1358 3930; x_wconf 86' lang='grc' dir='ltr'>μάτην</span> <span class='ocrx_word' id='word_1_293' title='bbox 1395 3857 1714 3913; x_wconf 81' lang='grc' dir='ltr'>ἀπατᾶσθαι</span> <span class='ocrx_word' id='word_1_294' title='bbox 1757 3860 1887 3923; x_wconf 80' lang='grc' dir='ltr'>τοὺς</span> 
     </span>
    </p>
   </div>
   <div class='ocr_carea' id='block_1_41' title="bbox 294 3947 1888 4024">
    <p class='ocr_par' dir='ltr' id='par_1_41' title="bbox 294 3947 1888 4024">
     <span class='ocr_line' id='line_1_41' title="bbox 294 3947 1888 4024; baseline -0.001 -18"><span class='ocrx_word' id='word_1_295' title='bbox 294 3952 689 4024; x_wconf 78' lang='grc' dir='ltr'>Χριστιανοὺς.</span> <span class='ocrx_word' id='word_1_296' title='bbox 717 3951 811 4004; x_wconf 72' lang='grc' dir='ltr'>καὶ</span> <span class='ocrx_word' id='word_1_297' title='bbox 845 3949 1012 4021; x_wconf 82' lang='grc' dir='ltr'>κενὴν</span> <span class='ocrx_word' id='word_1_298' title='bbox 1047 3951 1330 4022; x_wconf 86' lang='grc' dir='ltr'>μακαρίαν</span> <span class='ocrx_word' id='word_1_299' title='bbox 1357 3947 1518 4015; x_wconf 79' lang='grc' dir='ltr'>εἶναι,</span> <span class='ocrx_word' id='word_1_300' title='bbox 1552 3951 1700 4021; x_wconf 80' lang='grc' dir='ltr'>τὺδὴ</span> <span class='ocrx_word' id='word_1_301' title='bbox 1731 3951 1888 4020; x_wconf 83' lang='grc' dir='ltr'>λεγό-</span> 
     </span>
    </p>
   </div>
   <div class='ocr_carea' id='block_1_42' title="bbox 299 4038 1888 4113">
    <p class='ocr_par' dir='ltr' id='par_1_42' title="bbox 299 4038 1888 4113">
     <span class='ocr_line' id='line_1_42' title="bbox 299 4038 1888 4113; baseline -0.001 -17"><span class='ocrx_word' id='word_1_302' title='bbox 299 4059 487 4113; x_wconf 77' lang='grc' dir='ltr'>μενον,</span> <span class='ocrx_word' id='word_1_303' title='bbox 517 4042 617 4111; x_wconf 82' lang='grc' dir='ltr'><strong>τὴν</strong></span> <span class='ocrx_word' id='word_1_304' title='bbox 634 4042 714 4104; x_wconf 89' lang='grc' dir='ltr'><strong>είς</strong></span> <span class='ocrx_word' id='word_1_305' title='bbox 730 4039 967 4111; x_wconf 83' lang='grc' dir='ltr'>Χριστὸν</span> <span class='ocrx_word' id='word_1_306' title='bbox 1000 4038 1216 4093; x_wconf 72' lang='grc' dir='ltr'>ἐλπίδα.</span> <span class='ocrx_word' id='word_1_307' title='bbox 1245 4040 1453 4109; x_wconf 82' lang='grc' dir='ltr'>Καιρὸς</span> <span class='ocrx_word' id='word_1_308' title='bbox 1489 4038 1548 4091; x_wconf 80' lang='grc' dir='ltr'>δὲ</span> <span class='ocrx_word' id='word_1_309' title='bbox 1577 4038 1765 4092; x_wconf 82' lang='grc' dir='ltr'>λοιπὸν</span> <span class='ocrx_word' id='word_1_310' title='bbox 1795 4041 1888 4094; x_wconf 78' lang='grc' dir='ltr'><strong>καὶ</strong></span> 
     </span>
    </p>
   </div>
   <div class='ocr_carea' id='block_1_43' title="bbox 292 4129 1891 4200">
    <p class='ocr_par' dir='ltr' id='par_1_43' title="bbox 292 4129 1891 4200">
     <span class='ocr_line' id='line_1_43' title="bbox 292 4129 1891 4200; baseline -0.003 -12"><span class='ocrx_word' id='word_1_311' title='bbox 292 4135 362 4189; x_wconf 81' lang='grc' dir='ltr'>τὺ</span> <span class='ocrx_word' id='word_1_312' title='bbox 389 4132 485 4187; x_wconf 88' lang='grc' dir='ltr'><strong>τοῦ</strong></span> <span class='ocrx_word' id='word_1_313' title='bbox 522 4131 850 4185; x_wconf 81' lang='grc' dir='ltr'>Ἀποστόλου</span> <span class='ocrx_word' id='word_1_314' title='bbox 892 4129 1094 4198; x_wconf 82' lang='grc' dir='ltr'>λέγειν,</span> <span class='ocrx_word' id='word_1_315' title='bbox 1139 4130 1333 4184; x_wconf 77' lang='grc' dir='ltr'>Κενόν</span> <span class='ocrx_word' id='word_1_316' title='bbox 1358 4129 1468 4200; x_wconf 85' lang='grc' dir='ltr'><strong>ἄρα</strong></span> <span class='ocrx_word' id='word_1_317' title='bbox 1508 4129 1575 4182; x_wconf 87' lang='grc' dir='ltr'>τὸ</span> <span class='ocrx_word' id='word_1_318' title='bbox 1613 4129 1891 4200; x_wconf 74' lang='grc' dir='ltr'>κήρυγμα</span> 
     </span>
    </p>
   </div>
   <div class='ocr_carea' id='block_1_44' title="bbox 294 4219 1891 4294">
    <p class='ocr_par' dir='ltr' id='par_1_44' title="bbox 294 4219 1891 4294">
     <span class='ocr_line' id='line_1_44' title="bbox 294 4219 1891 4294; baseline -0.002 -14"><span class='ocrx_word' id='word_1_319' title='bbox 294 4223 491 4294; x_wconf 75' lang='grc' dir='ltr'>ἡμῶν.</span> <span class='ocrx_word' id='word_1_320' title='bbox 542 4224 965 4293; x_wconf 83' lang='grc' dir='ltr'>Εὑρισκόμεθα</span> <span class='ocrx_word' id='word_1_321' title='bbox 997 4220 1068 4275; x_wconf 75' lang='grc' dir='ltr'>δὲ</span> <span class='ocrx_word' id='word_1_322' title='bbox 1115 4221 1217 4276; x_wconf 73' lang='grc' dir='ltr'>καὶ</span> <span class='ocrx_word' id='word_1_323' title='bbox 1248 4219 1741 4291; x_wconf 68' lang='grc' dir='ltr'>ψευδομάρτυρες</span> <span class='ocrx_word' id='word_1_324' title='bbox 1783 4222 1891 4277; x_wconf 82' lang='grc' dir='ltr'><strong>τοῦ</strong></span> 
     </span>
    </p>
   </div>
   <div class='ocr_carea' id='block_1_45' title="bbox 297 4311 1887 4384">
    <p class='ocr_par' dir='ltr' id='par_1_45' title="bbox 297 4311 1887 4384">
     <span class='ocr_line' id='line_1_45' title="bbox 297 4311 1887 4384; baseline -0.003 -11"><span class='ocrx_word' id='word_1_325' title='bbox 297 4317 475 4380; x_wconf 85' lang='grc' dir='ltr'>Θεοῦ,</span> <span class='ocrx_word' id='word_1_326' title='bbox 517 4315 610 4370; x_wconf 83' lang='grc' dir='ltr'>ὅτι</span> <span class='ocrx_word' id='word_1_327' title='bbox 644 4313 1343 4384; x_wconf 67' lang='grc' dir='ltr'>ψευδοεμαρτυρήσαμεν</span> <span class='ocrx_word' id='word_1_328' title='bbox 1382 4311 1535 4367; x_wconf 83' lang='grc' dir='ltr'>κατὰ</span> <span class='ocrx_word' id='word_1_329' title='bbox 1568 4313 1675 4368; x_wconf 87' lang='grc' dir='ltr'><strong>τοῦ</strong></span> <span class='ocrx_word' id='word_1_330' title='bbox 1713 4313 1887 4381; x_wconf 82' lang='grc' dir='ltr'>Θεοῦ,</span> 
     </span>
    </p>
   </div>
   <div class='ocr_carea' id='block_1_46' title="bbox 292 4405 1536 4487">
    <p class='ocr_par' dir='ltr' id='par_1_46' title="bbox 292 4405 1536 4487">
     <span class='ocr_line' id='line_1_46' title="bbox 292 4405 1536 4487; baseline -0.002 -22"><span class='ocrx_word' id='word_1_331' title='bbox 292 4410 391 4477; x_wconf 69' lang='grc' dir='ltr'>ὅτι</span> <span class='ocrx_word' id='word_1_332' title='bbox 419 4408 618 4487; x_wconf 78' lang='grc' dir='ltr'>ἤγειρε</span> <span class='ocrx_word' id='word_1_333' title='bbox 643 4409 750 4462; x_wconf 82' lang='grc' dir='ltr'><strong>τὸν</strong></span> <span class='ocrx_word' id='word_1_334' title='bbox 776 4407 1055 4477; x_wconf 77' lang='grc' dir='ltr'>Χριστὸν,</span> <span class='ocrx_word' id='word_1_335' title='bbox 1074 4405 1148 4460; x_wconf 78' lang='grc' dir='ltr'><strong>ὃν</strong></span> <span class='ocrx_word' id='word_1_336' title='bbox 1178 4409 1290 4461; x_wconf 80' lang='grc' dir='ltr'>οὐκ</span> <span class='ocrx_word' id='word_1_337' title='bbox 1316 4405 1536 4476; x_wconf 78' lang='grc' dir='ltr'>ἤγειρε.</span> 
     </span>
    </p>
   </div>
   <div class='ocr_carea' id='block_1_47' title="bbox 372 4496 1892 4570">
    <p class='ocr_par' dir='ltr' id='par_1_47' title="bbox 372 4496 1892 4570">
     <span class='ocr_line' id='line_1_47' title="bbox 372 4496 1892 4570; baseline -0.003 -15"><span class='ocrx_word' id='word_1_338' title='bbox 372 4498 693 4569; x_wconf 78' lang='grc' dir='ltr'>Ματαιὸτης</span> <span class='ocrx_word' id='word_1_339' title='bbox 721 4497 891 4561; x_wconf 84' lang='grc' dir='ltr'>ὁντως</span> <span class='ocrx_word' id='word_1_340' title='bbox 922 4497 973 4549; x_wconf 95' lang='grc' dir='ltr'><strong>οί</strong></span> <span class='ocrx_word' id='word_1_341' title='bbox 997 4497 1229 4550; x_wconf 78' lang='grc' dir='ltr'>τοιοῦτοι</span> <span class='ocrx_word' id='word_1_342' title='bbox 1257 4496 1632 4568; x_wconf 64' lang='grc' dir='ltr'>συλλογισμοὶ,</span> <span class='ocrx_word' id='word_1_343' title='bbox 1664 4497 1762 4552; x_wconf 75' lang='grc' dir='ltr'><strong>καὶ</strong></span> <span class='ocrx_word' id='word_1_344' title='bbox 1791 4497 1892 4570; x_wconf 82' lang='grc' dir='ltr'>τῆς</span> 
     </span>
    </p>
   </div>
   <div class='ocr_carea' id='block_1_48' title="bbox 296 4587 1879 4662">
    <p class='ocr_par' dir='ltr' id='par_1_48' title="bbox 296 4587 1879 4662">
     <span class='ocr_line' id='line_1_48' title="bbox 296 4587 1879 4662; baseline -0.002 -16"><span class='ocrx_word' id='word_1_345' title='bbox 296 4592 539 4655; x_wconf 85' lang='grc' dir='ltr'>πίστεως</span> <span class='ocrx_word' id='word_1_346' title='bbox 594 4588 877 4660; x_wconf 76' lang='grc' dir='ltr'>ἀνατροπὴ</span> <span class='ocrx_word' id='word_1_347' title='bbox 923 4587 1066 4642; x_wconf 87' lang='grc' dir='ltr'><strong>κατά</strong></span> <span class='ocrx_word' id='word_1_348' title='bbox 1096 4587 1189 4641; x_wconf 80' lang='grc' dir='ltr'>τὸν</span> <span class='ocrx_word' id='word_1_349' title='bbox 1225 4588 1493 4657; x_wconf 86' lang='grc' dir='ltr'>Θεολὸγον</span> <span class='ocrx_word' id='word_1_350' title='bbox 1549 4589 1879 4662; x_wconf 72' lang='grc' dir='ltr'>Γρηγόριον,</span> 
     </span>
    </p>
   </div>
   <div class='ocr_carea' id='block_1_49' title="bbox 1983 739 2141 793">
    <p class='ocr_par' dir='ltr' id='par_1_49' title="bbox 1983 739 2141 793">
     <span class='ocr_line' id='line_1_49' title="bbox 1983 739 2141 793; baseline 0 0"><span class='ocrx_word' id='word_1_351' title='bbox 1983 739 2141 793; x_wconf 79' lang='lat' dir='ltr'><strong>dixit.</strong></span> 
     </span>
    </p>
   </div>
   <div class='ocr_carea' id='block_1_50' title="bbox 2054 922 3568 994">
    <p class='ocr_par' dir='ltr' id='par_1_50' title="bbox 2054 922 3568 994">
     <span class='ocr_line' id='line_1_50' title="bbox 2054 922 3568 994; baseline 0.003 -17"><span class='ocrx_word' id='word_1_352' title='bbox 2054 922 2232 978; x_wconf 80' lang='lat' dir='ltr'><strong>Media</strong></span> <span class='ocrx_word' id='word_1_353' title='bbox 2266 924 2435 994; x_wconf 81' lang='lat' dir='ltr'><strong>igitur</strong></span> <span class='ocrx_word' id='word_1_354' title='bbox 2462 926 2665 981; x_wconf 82' lang='lat' dir='ltr'><strong>mansit</strong></span> <span class='ocrx_word' id='word_1_355' title='bbox 2697 926 2843 980; x_wconf 88' lang='lat' dir='ltr'><strong>inter</strong></span> <span class='ocrx_word' id='word_1_356' title='bbox 2872 924 3195 993; x_wconf 86' lang='lat' dir='ltr'><strong>utrumque,</strong></span> <span class='ocrx_word' id='word_1_357' title='bbox 3248 934 3309 978; x_wconf 91' lang='lat' dir='ltr'><strong>ut</strong></span> <span class='ocrx_word' id='word_1_358' title='bbox 3339 925 3568 981; x_wconf 83' lang='lat' dir='ltr'><strong>diceba-</strong></span> 
     </span>
    </p>
   </div>
   <div class='ocr_carea' id='block_1_51' title="bbox 1985 1013 3569 1087">
    <p class='ocr_par' dir='ltr' id='par_1_51' title="bbox 1985 1013 3569 1087">
     <span class='ocr_line' id='line_1_51' title="bbox 1985 1013 3569 1087; baseline 0.004 -21"><span class='ocrx_word' id='word_1_359' title='bbox 1985 1028 2128 1077; x_wconf 90' lang='lat' dir='ltr'><strong>mus,</strong></span> <span class='ocrx_word' id='word_1_360' title='bbox 2169 1013 2397 1069; x_wconf 89' lang='lat' dir='ltr'><strong>immota</strong></span> <span class='ocrx_word' id='word_1_361' title='bbox 2437 1017 2670 1084; x_wconf 85' lang='lat' dir='ltr'><strong>veritas,</strong></span> <span class='ocrx_word' id='word_1_362' title='bbox 2720 1031 2843 1087; x_wconf 67' lang='lat' dir='ltr'><strong>quae</strong></span> <span class='ocrx_word' id='word_1_363' title='bbox 2880 1017 3096 1086; x_wconf 81' lang='lat' dir='ltr'><strong>respuit</strong></span> <span class='ocrx_word' id='word_1_364' title='bbox 3145 1016 3295 1086; x_wconf 90' lang='lat' dir='ltr'><strong>quod</strong></span> <span class='ocrx_word' id='word_1_365' title='bbox 3329 1016 3569 1072; x_wconf 86' lang='lat' dir='ltr'><strong>Severus</strong></span> 
     </span>
    </p>
   </div>
   <div class='ocr_carea' id='block_1_52' title="bbox 1983 1106 3568 1164">
    <p class='ocr_par' dir='ltr' id='par_1_52' title="bbox 1983 1106 3568 1164">
     <span class='ocr_line' id='line_1_52' title="bbox 1983 1106 3568 1164; baseline 0.001 -4"><span class='ocrx_word' id='word_1_366' title='bbox 1983 1106 2061 1161; x_wconf 89' lang='lat' dir='ltr'><strong>ait</strong></span> <span class='ocrx_word' id='word_1_367' title='bbox 2092 1122 2217 1162; x_wconf 89' lang='lat' dir='ltr'><strong>esse</strong></span> <span class='ocrx_word' id='word_1_368' title='bbox 2256 1110 2421 1163; x_wconf 83' lang='lat' dir='ltr'><strong>unam</strong></span> <span class='ocrx_word' id='word_1_369' title='bbox 2457 1117 2713 1163; x_wconf 87' lang='lat' dir='ltr'><strong>naturam</strong></span> <span class='ocrx_word' id='word_1_370' title='bbox 2752 1120 2808 1162; x_wconf 80' lang='lat' dir='ltr'><strong>et</strong></span> <span class='ocrx_word' id='word_1_371' title='bbox 2830 1108 3202 1164; x_wconf 61' lang='lat' dir='ltr'><strong>differentiam</strong></span> <span class='ocrx_word' id='word_1_372' title='bbox 3232 1125 3246 1161; x_wconf 90' lang='lat'><strong>:</strong></span> <span class='ocrx_word' id='word_1_373' title='bbox 3282 1123 3393 1161; x_wconf 88' lang='lat' dir='ltr'><strong>non</strong></span> <span class='ocrx_word' id='word_1_374' title='bbox 3418 1108 3568 1162; x_wconf 90' lang='lat' dir='ltr'><strong>enim</strong></span> 
     </span>
    </p>
   </div>
   <div class='ocr_carea' id='block_1_53' title="bbox 1983 1198 3570 1271">
    <p class='ocr_par' dir='ltr' id='par_1_53' title="bbox 1983 1198 3570 1271">
     <span class='ocr_line' id='line_1_53' title="bbox 1983 1198 3570 1271; baseline -0.001 -17"><span class='ocrx_word' id='word_1_375' title='bbox 1983 1200 2174 1254; x_wconf 78' lang='lat' dir='ltr'><strong>differt</strong></span> <span class='ocrx_word' id='word_1_376' title='bbox 2233 1200 2340 1255; x_wconf 88' lang='lat' dir='ltr'><strong>hoc</strong></span> <span class='ocrx_word' id='word_1_377' title='bbox 2397 1200 2467 1254; x_wconf 91' lang='lat' dir='ltr'><strong>ab</strong></span> <span class='ocrx_word' id='word_1_378' title='bbox 2517 1200 2808 1271; x_wconf 68' lang='lat' dir='ltr'><strong>aenigmate</strong></span> <span class='ocrx_word' id='word_1_379' title='bbox 2854 1209 2913 1255; x_wconf 88' lang='lat' dir='ltr'><strong>et</strong></span> <span class='ocrx_word' id='word_1_380' title='bbox 2958 1209 3230 1255; x_wconf 87' lang='lat' dir='ltr'><strong>monstro.</strong></span> <span class='ocrx_word' id='word_1_381' title='bbox 3279 1198 3570 1266; x_wconf 85' lang='lat' dir='ltr'><strong>Quomodo</strong></span> 
     </span>
    </p>
   </div>
   <div class='ocr_carea' id='block_1_54' title="bbox 1982 1290 3571 1361">
    <p class='ocr_par' dir='ltr' id='par_1_54' title="bbox 1982 1290 3571 1361">
     <span class='ocr_line' id='line_1_54' title="bbox 1982 1290 3571 1361; baseline 0 -17"><span class='ocrx_word' id='word_1_382' title='bbox 1982 1291 2132 1345; x_wconf 90' lang='lat' dir='ltr'><strong>enim</strong></span> <span class='ocrx_word' id='word_1_383' title='bbox 2175 1291 2368 1345; x_wconf 88' lang='lat' dir='ltr'><strong>eadem</strong></span> <span class='ocrx_word' id='word_1_384' title='bbox 2408 1301 2607 1345; x_wconf 89' lang='lat' dir='ltr'><strong>natura</strong></span> <span class='ocrx_word' id='word_1_385' title='bbox 2653 1290 2766 1345; x_wconf 89' lang='lat' dir='ltr'><strong>erit</strong></span> <span class='ocrx_word' id='word_1_386' title='bbox 2794 1291 2906 1346; x_wconf 90' lang='lat' dir='ltr'><strong>duo</strong></span> <span class='ocrx_word' id='word_1_387' title='bbox 2936 1291 3261 1346; x_wconf 83' lang='lat' dir='ltr'><strong>contraria?</strong></span> <span class='ocrx_word' id='word_1_388' title='bbox 3290 1291 3571 1361; x_wconf 86' lang='lat' dir='ltr'><strong>quomodo</strong></span> 
     </span>
    </p>
   </div>
   <div class='ocr_carea' id='block_1_55' title="bbox 1984 1382 3570 1447">
    <p class='ocr_par' dir='ltr' id='par_1_55' title="bbox 1984 1382 3570 1447">
     <span class='ocr_line' id='line_1_55' title="bbox 1984 1382 3570 1447; baseline -0.001 -10"><span class='ocrx_word' id='word_1_389' title='bbox 1984 1382 2271 1446; x_wconf 83' lang='lat' dir='ltr'><strong>subsistet,</strong></span> <span class='ocrx_word' id='word_1_390' title='bbox 2320 1382 2366 1437; x_wconf 89' lang='lat' dir='ltr'><strong>si</strong></span> <span class='ocrx_word' id='word_1_391' title='bbox 2419 1382 2472 1437; x_wconf 91' lang='lat' dir='ltr'><strong>ei</strong></span> <span class='ocrx_word' id='word_1_392' title='bbox 2531 1382 2760 1438; x_wconf 84' lang='lat' dir='ltr'><strong>insitum</strong></span> <span class='ocrx_word' id='word_1_393' title='bbox 2805 1389 2909 1447; x_wconf 85' lang='lat' dir='ltr'><strong>est,</strong></span> <span class='ocrx_word' id='word_1_394' title='bbox 2968 1391 3031 1438; x_wconf 93' lang='lat' dir='ltr'><strong>ut</strong></span> <span class='ocrx_word' id='word_1_395' title='bbox 3078 1383 3187 1437; x_wconf 84' lang='lat' dir='ltr'><strong>sibi</strong></span> <span class='ocrx_word' id='word_1_396' title='bbox 3239 1399 3270 1437; x_wconf 88' lang='lat' dir='ltr'><strong>a</strong></span> <span class='ocrx_word' id='word_1_397' title='bbox 3312 1398 3370 1438; x_wconf 89' lang='lat' dir='ltr'><strong>se</strong></span> <span class='ocrx_word' id='word_1_398' title='bbox 3421 1383 3570 1437; x_wconf 89' lang='lat' dir='ltr'><strong>circa</strong></span> 
     </span>
    </p>
   </div>
   <div class='ocr_carea' id='block_1_56' title="bbox 1984 1470 3571 1542">
    <p class='ocr_par' dir='ltr' id='par_1_56' title="bbox 1984 1470 3571 1542">
     <span class='ocr_line' id='line_1_56' title="bbox 1984 1470 3571 1542; baseline 0 -16"><span class='ocrx_word' id='word_1_399' title='bbox 1984 1470 2131 1526; x_wconf 89' lang='lat' dir='ltr'><strong>idem</strong></span> <span class='ocrx_word' id='word_1_400' title='bbox 2175 1472 2382 1527; x_wconf 90' lang='lat' dir='ltr'><strong>bellum</strong></span> <span class='ocrx_word' id='word_1_401' title='bbox 2413 1470 2720 1527; x_wconf 81' lang='lat' dir='ltr'><strong>inferatur?</strong></span> <span class='ocrx_word' id='word_1_402' title='bbox 2764 1472 2943 1527; x_wconf 84' lang='lat' dir='ltr'><strong>Etiam</strong></span> <span class='ocrx_word' id='word_1_403' title='bbox 2990 1473 3083 1527; x_wconf 93' lang='lat' dir='ltr'><strong>hic</strong></span> <span class='ocrx_word' id='word_1_404' title='bbox 3123 1480 3435 1542; x_wconf 84' lang='lat' dir='ltr'><strong>opportune</strong></span> <span class='ocrx_word' id='word_1_405' title='bbox 3479 1487 3571 1526; x_wconf 86' lang='lat' dir='ltr'><strong>re-</strong></span> 
     </span>
    </p>
   </div>
   <div class='ocr_carea' id='block_1_57' title="bbox 1983 1563 3567 1636">
    <p class='ocr_par' dir='ltr' id='par_1_57' title="bbox 1983 1563 3567 1636">
     <span class='ocr_line' id='line_1_57' title="bbox 1983 1563 3567 1636; baseline -0.001 -17"><span class='ocrx_word' id='word_1_406' title='bbox 1983 1565 2278 1619; x_wconf 89' lang='lat' dir='ltr'><strong>colendum</strong></span> <span class='ocrx_word' id='word_1_407' title='bbox 2325 1567 2590 1621; x_wconf 87' lang='lat' dir='ltr'><strong>memoria</strong></span> <span class='ocrx_word' id='word_1_408' title='bbox 2635 1573 2723 1622; x_wconf 89' lang='lat' dir='ltr'><strong>est</strong></span> <span class='ocrx_word' id='word_1_409' title='bbox 2762 1567 2910 1636; x_wconf 86' lang='lat' dir='ltr'><strong>quod</strong></span> <span class='ocrx_word' id='word_1_410' title='bbox 2958 1566 3225 1622; x_wconf 90' lang='lat' dir='ltr'><strong>Dominus</strong></span> <span class='ocrx_word' id='word_1_411' title='bbox 3269 1565 3368 1630; x_wconf 87' lang='lat' dir='ltr'><strong>ait,</strong></span> <span class='ocrx_word' id='word_1_412' title='bbox 3420 1563 3567 1634; x_wconf 79' lang='lat' dir='ltr'><strong>quod</strong></span> 
     </span>
    </p>
   </div>
   <div class='ocr_carea' id='block_1_58' title="bbox 1983 1655 3569 1728">
    <p class='ocr_par' dir='ltr' id='par_1_58' title="bbox 1983 1655 3569 1728">
     <span class='ocr_line' id='line_1_58' title="bbox 1983 1655 3569 1728; baseline -0.001 -19"><span class='ocrx_word' id='word_1_413' title='bbox 1983 1656 2165 1710; x_wconf 87' lang='lat' dir='ltr'><strong>omnis</strong></span> <span class='ocrx_word' id='word_1_414' title='bbox 2200 1656 2399 1711; x_wconf 91' lang='lat' dir='ltr'><strong>domus</strong></span> <span class='ocrx_word' id='word_1_415' title='bbox 2425 1657 2513 1712; x_wconf 88' lang='lat' dir='ltr'><strong>vel</strong></span> <span class='ocrx_word' id='word_1_416' title='bbox 2544 1672 2773 1728; x_wconf 78' lang='lat' dir='ltr'><strong>regnum</strong></span> <span class='ocrx_word' id='word_1_417' title='bbox 2804 1658 2863 1712; x_wconf 91' lang='lat' dir='ltr'><strong>in</strong></span> <span class='ocrx_word' id='word_1_418' title='bbox 2913 1657 3159 1727; x_wconf 87' lang='lat' dir='ltr'><strong>seipsum</strong></span> <span class='ocrx_word' id='word_1_419' title='bbox 3195 1655 3432 1711; x_wconf 86' lang='lat' dir='ltr'><strong>divisum</strong></span> <span class='ocrx_word' id='word_1_420' title='bbox 3459 1670 3569 1710; x_wconf 91' lang='lat' dir='ltr'><strong>non</strong></span> 
     </span>
    </p>
   </div>
   <div class='ocr_carea' id='block_1_59' title="bbox 1984 1746 3569 1820">
    <p class='ocr_par' dir='ltr' id='par_1_59' title="bbox 1984 1746 3569 1820">
     <span class='ocr_line' id='line_1_59' title="bbox 1984 1746 3569 1820; baseline -0.002 -17"><span class='ocrx_word' id='word_1_421' title='bbox 1984 1748 2155 1803; x_wconf 83' lang='lat' dir='ltr'><strong>stabit</strong></span> <span class='ocrx_word' id='word_1_422' title='bbox 2194 1746 2237 1802; x_wconf 83' lang='grc' dir='ltr'>ι.</span> <span class='ocrx_word' id='word_1_423' title='bbox 2278 1747 2335 1803; x_wconf 91' lang='lat' dir='ltr'><strong>Si</strong></span> <span class='ocrx_word' id='word_1_424' title='bbox 2377 1764 2532 1819; x_wconf 84' lang='lat' dir='ltr'><strong>ergo,</strong></span> <span class='ocrx_word' id='word_1_425' title='bbox 2563 1758 2622 1803; x_wconf 79' lang='grc' dir='ltr'>ιη</span> <span class='ocrx_word' id='word_1_426' title='bbox 2656 1749 2761 1804; x_wconf 89' lang='lat' dir='ltr'><strong>iste</strong></span> <span class='ocrx_word' id='word_1_427' title='bbox 2795 1757 2973 1820; x_wconf 90' lang='lat' dir='ltr'><strong>putat,</strong></span> <span class='ocrx_word' id='word_1_428' title='bbox 3005 1764 3114 1804; x_wconf 90' lang='lat' dir='ltr'><strong>una</strong></span> <span class='ocrx_word' id='word_1_429' title='bbox 3141 1756 3339 1802; x_wconf 87' lang='lat' dir='ltr'><strong>natura</strong></span> <span class='ocrx_word' id='word_1_430' title='bbox 3369 1746 3569 1817; x_wconf 86' lang='lat' dir='ltr'><strong>partita</strong></span> 
     </span>
    </p>
   </div>
   <div class='ocr_carea' id='block_1_60' title="bbox 1983 1837 3572 1913">
    <p class='ocr_par' dir='ltr' id='par_1_60' title="bbox 1983 1837 3572 1913">
     <span class='ocr_line' id='line_1_60' title="bbox 1983 1837 3572 1913; baseline -0.001 -19"><span class='ocrx_word' id='word_1_431' title='bbox 1983 1847 2069 1894; x_wconf 89' lang='lat' dir='ltr'><strong>est</strong></span> <span class='ocrx_word' id='word_1_432' title='bbox 2091 1841 2147 1895; x_wconf 94' lang='lat' dir='ltr'><strong>in</strong></span> <span class='ocrx_word' id='word_1_433' title='bbox 2178 1855 2238 1895; x_wconf 90' lang='lat' dir='ltr'><strong>se</strong></span> <span class='ocrx_word' id='word_1_434' title='bbox 2274 1841 2470 1911; x_wconf 88' lang='lat' dir='ltr'><strong>ipsam,</strong></span> <span class='ocrx_word' id='word_1_435' title='bbox 2508 1842 2788 1913; x_wconf 87' lang='lat' dir='ltr'><strong>quomodo</strong></span> <span class='ocrx_word' id='word_1_436' title='bbox 2821 1841 3133 1897; x_wconf 86' lang='lat' dir='ltr'><strong>substantia</strong></span> <span class='ocrx_word' id='word_1_437' title='bbox 3159 1841 3277 1911; x_wconf 88' lang='lat' dir='ltr'><strong>ejus</strong></span> <span class='ocrx_word' id='word_1_438' title='bbox 3310 1837 3572 1895; x_wconf 77' lang='lat' dir='ltr'><strong>exsistet?</strong></span> 
     </span>
    </p>
   </div>
   <div class='ocr_carea' id='block_1_61' title="bbox 1987 1930 3571 2001">
    <p class='ocr_par' dir='ltr' id='par_1_61' title="bbox 1987 1930 3571 2001">
     <span class='ocr_line' id='line_1_61' title="bbox 1987 1930 3571 2001; baseline -0.001 -16"><span class='ocrx_word' id='word_1_439' title='bbox 1987 1931 2131 2001; x_wconf 87' lang='lat' dir='ltr'><strong>Ergo</strong></span> <span class='ocrx_word' id='word_1_440' title='bbox 2162 1933 2467 1987; x_wconf 87' lang='lat' dir='ltr'><strong>secundum</strong></span> <span class='ocrx_word' id='word_1_441' title='bbox 2494 1948 2844 1988; x_wconf 85' lang='lat' dir='ltr'><strong>communem</strong></span> <span class='ocrx_word' id='word_1_442' title='bbox 2869 1948 3114 1998; x_wconf 82' lang='lat' dir='ltr'><strong>sensum,</strong></span> <span class='ocrx_word' id='word_1_443' title='bbox 3159 1939 3217 1987; x_wconf 86' lang='lat' dir='ltr'><strong>et</strong></span> <span class='ocrx_word' id='word_1_444' title='bbox 3265 1930 3571 1987; x_wconf 89' lang='lat' dir='ltr'><strong>secundum</strong></span> 
     </span>
    </p>
   </div>
   <div class='ocr_carea' id='block_1_62' title="bbox 1988 2023 3573 2093">
    <p class='ocr_par' dir='ltr' id='par_1_62' title="bbox 1988 2023 3573 2093">
     <span class='ocr_line' id='line_1_62' title="bbox 1988 2023 3573 2093; baseline -0.001 -16"><span class='ocrx_word' id='word_1_445' title='bbox 1988 2023 2169 2093; x_wconf 91' lang='lat' dir='ltr'><strong>ipsum</strong></span> <span class='ocrx_word' id='word_1_446' title='bbox 2217 2024 2448 2079; x_wconf 84' lang='lat' dir='ltr'><strong>verbum</strong></span> <span class='ocrx_word' id='word_1_447' title='bbox 2500 2025 2741 2090; x_wconf 86' lang='lat' dir='ltr'><strong>Domini,</strong></span> <span class='ocrx_word' id='word_1_448' title='bbox 2775 2032 2923 2080; x_wconf 87' lang='lat' dir='ltr'><strong>recte</strong></span> <span class='ocrx_word' id='word_1_449' title='bbox 2968 2024 3100 2079; x_wconf 82' lang='lat' dir='ltr'><strong>facit</strong></span> <span class='ocrx_word' id='word_1_450' title='bbox 3146 2024 3413 2088; x_wconf 87' lang='lat' dir='ltr'><strong>Ecclesia,</strong></span> <span class='ocrx_word' id='word_1_451' title='bbox 3449 2036 3573 2092; x_wconf 71' lang='lat' dir='ltr'><strong>qua:</strong></span> 
     </span>
    </p>
   </div>
   <div class='ocr_carea' id='block_1_63' title="bbox 1984 2115 3573 2185">
    <p class='ocr_par' dir='ltr' id='par_1_63' title="bbox 1984 2115 3573 2185">
     <span class='ocr_line' id='line_1_63' title="bbox 1984 2115 3573 2185; baseline 0 -17"><span class='ocrx_word' id='word_1_452' title='bbox 1984 2128 2096 2168; x_wconf 91' lang='lat' dir='ltr'><strong>non</strong></span> <span class='ocrx_word' id='word_1_453' title='bbox 2149 2115 2348 2185; x_wconf 88' lang='lat' dir='ltr'><strong>recipit</strong></span> <span class='ocrx_word' id='word_1_454' title='bbox 2398 2130 2562 2170; x_wconf 92' lang='lat' dir='ltr'><strong>unam</strong></span> <span class='ocrx_word' id='word_1_455' title='bbox 2618 2122 2874 2170; x_wconf 84' lang='lat' dir='ltr'><strong>naturam</strong></span> <span class='ocrx_word' id='word_1_456' title='bbox 2923 2130 3113 2170; x_wconf 83' lang='lat' dir='ltr'><strong>secum</strong></span> <span class='ocrx_word' id='word_1_457' title='bbox 3146 2118 3477 2185; x_wconf 78' lang='lat' dir='ltr'><strong>pugnantem</strong></span> <span class='ocrx_word' id='word_1_458' title='bbox 3508 2128 3573 2168; x_wconf 88' lang='lat' dir='ltr'><strong>ac</strong></span> 
     </span>
    </p>
   </div>
   <div class='ocr_carea' id='block_1_64' title="bbox 1985 2205 3570 2277">
    <p class='ocr_par' dir='ltr' id='par_1_64' title="bbox 1985 2205 3570 2277">
     <span class='ocr_line' id='line_1_64' title="bbox 1985 2205 3570 2277; baseline -0.003 -15"><span class='ocrx_word' id='word_1_459' title='bbox 1985 2206 2090 2262; x_wconf 89' lang='lat' dir='ltr'><strong>sibi</strong></span> <span class='ocrx_word' id='word_1_460' title='bbox 2149 2207 2505 2270; x_wconf 83' lang='lat' dir='ltr'><strong>contrariam,</strong></span> <span class='ocrx_word' id='word_1_461' title='bbox 2552 2207 2861 2263; x_wconf 88' lang='lat' dir='ltr'><strong>secundum</strong></span> <span class='ocrx_word' id='word_1_462' title='bbox 2907 2205 3303 2277; x_wconf 81' lang='lat' dir='ltr'><strong>cogitationem</strong></span> <span class='ocrx_word' id='word_1_463' title='bbox 3358 2205 3570 2270; x_wconf 88' lang='lat' dir='ltr'><strong>Severi,</strong></span> 
     </span>
    </p>
   </div>
   <div class='ocr_carea' id='block_1_65' title="bbox 1984 2294 3572 2369">
    <p class='ocr_par' dir='ltr' id='par_1_65' title="bbox 1984 2294 3572 2369">
     <span class='ocr_line' id='line_1_65' title="bbox 1984 2294 3572 2369; baseline -0.003 -16"><span class='ocrx_word' id='word_1_464' title='bbox 1984 2299 2369 2355; x_wconf 64' lang='lat' dir='ltr'><strong>inconstantiae</strong></span> <span class='ocrx_word' id='word_1_465' title='bbox 2417 2314 2483 2353; x_wconf 89' lang='lat' dir='ltr'><strong>ac</strong></span> <span class='ocrx_word' id='word_1_466' title='bbox 2520 2299 2899 2369; x_wconf 61' lang='lat' dir='ltr'><strong>repugnantia:</strong></span> <span class='ocrx_word' id='word_1_467' title='bbox 2929 2298 3171 2368; x_wconf 88' lang='lat' dir='ltr'><strong>plenam,</strong></span> <span class='ocrx_word' id='word_1_468' title='bbox 3197 2311 3378 2366; x_wconf 91' lang='lat' dir='ltr'><strong>neque</strong></span> <span class='ocrx_word' id='word_1_469' title='bbox 3417 2294 3572 2351; x_wconf 69' lang='grc' dir='ltr'>αισθ-</span> 
     </span>
    </p>
   </div>
   <div class='ocr_carea' id='block_1_66' title="bbox 1987 2386 3573 2461">
    <p class='ocr_par' dir='ltr' id='par_1_66' title="bbox 1987 2386 3573 2461">
     <span class='ocr_line' id='line_1_66' title="bbox 1987 2386 3573 2461; baseline -0.003 -15"><span class='ocrx_word' id='word_1_470' title='bbox 1987 2392 2219 2446; x_wconf 88' lang='lat' dir='ltr'><strong>rentiam</strong></span> <span class='ocrx_word' id='word_1_471' title='bbox 2245 2391 2468 2461; x_wconf 88' lang='lat' dir='ltr'><strong>penitus</strong></span> <span class='ocrx_word' id='word_1_472' title='bbox 2493 2390 2644 2461; x_wconf 80' lang='lat' dir='ltr'><strong>ejicit</strong></span> <span class='ocrx_word' id='word_1_473' title='bbox 2668 2389 2978 2445; x_wconf 80' lang='lat' dir='ltr'><strong>secundum</strong></span> <span class='ocrx_word' id='word_1_474' title='bbox 3002 2388 3305 2443; x_wconf 75' lang='lat' dir='ltr'><strong>lulianum.</strong></span> <span class='ocrx_word' id='word_1_475' title='bbox 3338 2386 3395 2442; x_wconf 89' lang='lat' dir='ltr'><strong>Si</strong></span> <span class='ocrx_word' id='word_1_476' title='bbox 3424 2386 3573 2441; x_wconf 89' lang='lat' dir='ltr'><strong>enim</strong></span> 
     </span>
    </p>
   </div>
   <div class='ocr_carea' id='block_1_67' title="bbox 1982 2474 3574 2546">
    <p class='ocr_par' dir='ltr' id='par_1_67' title="bbox 1982 2474 3574 2546">
     <span class='ocr_line' id='line_1_67' title="bbox 1982 2474 3574 2546; baseline -0.003 -8"><span class='ocrx_word' id='word_1_477' title='bbox 1982 2483 2237 2539; x_wconf 83' lang='lat' dir='ltr'><strong>Christus</strong></span> <span class='ocrx_word' id='word_1_478' title='bbox 2269 2474 2357 2538; x_wconf 79' lang='lat' dir='ltr'><strong>est</strong></span> <span class='ocrx_word' id='word_1_479' title='bbox 2381 2484 2685 2538; x_wconf 88' lang='lat' dir='ltr'><strong>secundum</strong></span> <span class='ocrx_word' id='word_1_480' title='bbox 2727 2484 2878 2536; x_wconf 90' lang='lat' dir='ltr'><strong>illum</strong></span> <span class='ocrx_word' id='word_1_481' title='bbox 2915 2498 3021 2535; x_wconf 89' lang='lat' dir='ltr'><strong>una</strong></span> <span class='ocrx_word' id='word_1_482' title='bbox 3058 2489 3282 2546; x_wconf 85' lang='lat' dir='ltr'><strong>natura,</strong></span> <span class='ocrx_word' id='word_1_483' title='bbox 3316 2489 3373 2535; x_wconf 91' lang='lat' dir='ltr'><strong>et</strong></span> <span class='ocrx_word' id='word_1_484' title='bbox 3411 2479 3574 2535; x_wconf 81' lang='lat' dir='ltr'><strong>diffe-</strong></span> 
     </span>
    </p>
   </div>
   <div class='ocr_carea' id='block_1_68' title="bbox 1986 2572 3576 2644">
    <p class='ocr_par' dir='ltr' id='par_1_68' title="bbox 1986 2572 3576 2644">
     <span class='ocr_line' id='line_1_68' title="bbox 1986 2572 3576 2644; baseline -0.001 -15"><span class='ocrx_word' id='word_1_485' title='bbox 1986 2575 2219 2631; x_wconf 90' lang='lat' dir='ltr'><strong>rentiam</strong></span> <span class='ocrx_word' id='word_1_486' title='bbox 2275 2574 2695 2630; x_wconf 88' lang='lat' dir='ltr'><strong>substantialem</strong></span> <span class='ocrx_word' id='word_1_487' title='bbox 2746 2591 2856 2628; x_wconf 91' lang='lat' dir='ltr'><strong>non</strong></span> <span class='ocrx_word' id='word_1_488' title='bbox 2888 2575 2970 2628; x_wconf 78' lang='lat' dir='ltr'><strong>‘in</strong></span> <span class='ocrx_word' id='word_1_489' title='bbox 3021 2574 3275 2644; x_wconf 84' lang='lat' dir='ltr'><strong>quolibet</strong></span> <span class='ocrx_word' id='word_1_490' title='bbox 3336 2572 3576 2642; x_wconf 90' lang='lat' dir='ltr'><strong>recipit;</strong></span> 
     </span>
    </p>
   </div>
   <div class='ocr_carea' id='block_1_69' title="bbox 1985 2660 3575 2733">
    <p class='ocr_par' dir='ltr' id='par_1_69' title="bbox 1985 2660 3575 2733">
     <span class='ocr_line' id='line_1_69' title="bbox 1985 2660 3575 2733; baseline -0.004 -11"><span class='ocrx_word' id='word_1_491' title='bbox 1985 2668 2314 2723; x_wconf 87' lang='lat' dir='ltr'><strong>alterutrum</strong></span> <span class='ocrx_word' id='word_1_492' title='bbox 2342 2681 2570 2721; x_wconf 86' lang='lat' dir='ltr'><strong>necesse</strong></span> <span class='ocrx_word' id='word_1_493' title='bbox 2588 2673 2674 2720; x_wconf 86' lang='lat' dir='ltr'><strong>est</strong></span> <span class='ocrx_word' id='word_1_494' title='bbox 2698 2664 3050 2728; x_wconf 86' lang='lat' dir='ltr'><strong>conﬁteatur,</strong></span> <span class='ocrx_word' id='word_1_495' title='bbox 3073 2665 3167 2733; x_wconf 92' lang='lat' dir='ltr'><strong>qui</strong></span> <span class='ocrx_word' id='word_1_496' title='bbox 3194 2660 3301 2718; x_wconf 84' lang='lat' dir='ltr'><strong>hoc</strong></span> <span class='ocrx_word' id='word_1_497' title='bbox 3319 2664 3575 2727; x_wconf 76' lang='lat' dir='ltr'><strong>afﬁrmat,</strong></span> 
     </span>
    </p>
   </div>
   <div class='ocr_carea' id='block_1_70' title="bbox 1984 2744 3575 2822">
    <p class='ocr_par' dir='ltr' id='par_1_70' title="bbox 1984 2744 3575 2822">
     <span class='ocr_line' id='line_1_70' title="bbox 1984 2744 3575 2822; baseline -0.004 -7"><span class='ocrx_word' id='word_1_498' title='bbox 1984 2769 2082 2815; x_wconf 90' lang='lat' dir='ltr'><strong>aut</strong></span> <span class='ocrx_word' id='word_1_499' title='bbox 2117 2760 2410 2814; x_wconf 89' lang='lat' dir='ltr'><strong>Dominum</strong></span> <span class='ocrx_word' id='word_1_500' title='bbox 2454 2774 2577 2813; x_wconf 90' lang='lat' dir='ltr'><strong>esse</strong></span> <span class='ocrx_word' id='word_1_501' title='bbox 2622 2757 2905 2811; x_wconf 86' lang='lat' dir='ltr'><strong>hominem</strong></span> <span class='ocrx_word' id='word_1_502' title='bbox 2957 2765 3205 2822; x_wconf 87' lang='lat' dir='ltr'><strong>tantum;</strong></span> <span class='ocrx_word' id='word_1_503' title='bbox 3252 2765 3309 2810; x_wconf 91' lang='lat' dir='ltr'><strong>et</strong></span> <span class='ocrx_word' id='word_1_504' title='bbox 3365 2744 3575 2821; x_wconf 87' lang='lat' dir='ltr'><strong>divina,</strong></span> 
     </span>
    </p>
   </div>
   <div class='ocr_carea' id='block_1_71' title="bbox 1985 2849 3580 2926">
    <p class='ocr_par' dir='ltr' id='par_1_71' title="bbox 1985 2849 3580 2926">
     <span class='ocr_line' id='line_1_71' title="bbox 1985 2849 3580 2926; baseline -0.004 -16"><span class='ocrx_word' id='word_1_505' title='bbox 1985 2855 2119 2926; x_wconf 50' lang='lat' dir='ltr'><strong>qua!</strong></span> <span class='ocrx_word' id='word_1_506' title='bbox 2154 2855 2224 2909; x_wconf 88' lang='lat' dir='ltr'><strong>de</strong></span> <span class='ocrx_word' id='word_1_507' title='bbox 2262 2870 2329 2908; x_wconf 90' lang='lat' dir='ltr'><strong>eo</strong></span> <span class='ocrx_word' id='word_1_508' title='bbox 2371 2853 2658 2918; x_wconf 90' lang='lat' dir='ltr'><strong>dicuntur,</strong></span> <span class='ocrx_word' id='word_1_509' title='bbox 2703 2866 2813 2904; x_wconf 91' lang='lat' dir='ltr'><strong>non</strong></span> <span class='ocrx_word' id='word_1_510' title='bbox 2851 2860 3110 2920; x_wconf 86' lang='lat' dir='ltr'><strong>tanquam</strong></span> <span class='ocrx_word' id='word_1_511' title='bbox 3147 2850 3269 2919; x_wconf 83' lang='lat' dir='ltr'><strong>ejus</strong></span> <span class='ocrx_word' id='word_1_512' title='bbox 3305 2849 3400 2918; x_wconf 88' lang='lat' dir='ltr'><strong>qui</strong></span> <span class='ocrx_word' id='word_1_513' title='bbox 3431 2858 3580 2903; x_wconf 89' lang='lat' dir='ltr'><strong>esset</strong></span> 
     </span>
    </p>
   </div>
   <div class='ocr_carea' id='block_1_72' title="bbox 1986 2941 3578 3012">
    <p class='ocr_par' dir='ltr' id='par_1_72' title="bbox 1986 2941 3578 3012">
     <span class='ocr_line' id='line_1_72' title="bbox 1986 2941 3578 3012; baseline -0.005 -10"><span class='ocrx_word' id='word_1_514' title='bbox 1986 2949 2155 3012; x_wconf 88' lang='lat' dir='ltr'><strong>Deus,</strong></span> <span class='ocrx_word' id='word_1_515' title='bbox 2200 2945 2435 3001; x_wconf 84' lang='lat' dir='ltr'><strong>dicenda</strong></span> <span class='ocrx_word' id='word_1_516' title='bbox 2502 2960 2651 3011; x_wconf 88' lang='lat' dir='ltr'><strong>esse,</strong></span> <span class='ocrx_word' id='word_1_517' title='bbox 2723 2941 2819 2997; x_wconf 84' lang='lat' dir='ltr'><strong>sed</strong></span> <span class='ocrx_word' id='word_1_518' title='bbox 2876 2942 3186 2997; x_wconf 88' lang='lat' dir='ltr'><strong>secundum</strong></span> <span class='ocrx_word' id='word_1_519' title='bbox 3244 2950 3578 3012; x_wconf 82' lang='lat' dir='ltr'><strong>potestatem</strong></span> 
     </span>
    </p>
   </div>
   <div class='ocr_carea' id='block_1_73' title="bbox 1987 3034 3659 3109">
    <p class='ocr_par' dir='ltr' id='par_1_73' title="bbox 1987 3034 3659 3109">
     <span class='ocr_line' id='line_1_73' title="bbox 1987 3034 3659 3109; baseline -0.004 -15"><span class='ocrx_word' id='word_1_520' title='bbox 1987 3039 2230 3095; x_wconf 84' lang='lat' dir='ltr'><strong>divinam</strong></span> <span class='ocrx_word' id='word_1_521' title='bbox 2289 3044 2609 3107; x_wconf 70' lang='lat' dir='ltr'><strong>quae-esset</strong></span> <span class='ocrx_word' id='word_1_522' title='bbox 2661 3035 2768 3089; x_wconf 88' lang='lat' dir='ltr'><strong>alia</strong></span> <span class='ocrx_word' id='word_1_523' title='bbox 2820 3044 3022 3104; x_wconf 66' lang='lat' dir='ltr'><strong>praeter</strong></span> <span class='ocrx_word' id='word_1_524' title='bbox 3072 3050 3224 3096; x_wconf 90' lang='lat' dir='ltr'><strong>eum,</strong></span> <span class='ocrx_word' id='word_1_525' title='bbox 3272 3041 3329 3089; x_wconf 90' lang='lat' dir='ltr'><strong>et</strong></span> <span class='ocrx_word' id='word_1_526' title='bbox 3390 3034 3446 3088; x_wconf 90' lang='lat' dir='ltr'><strong>in</strong></span> <span class='ocrx_word' id='word_1_527' title='bbox 3509 3048 3578 3088; x_wconf 88' lang='lat' dir='ltr'><strong>eo</strong></span> <span class='ocrx_word' id='word_1_528' title='bbox 3654 3106 3659 3109; x_wconf 14' lang='grc' dir='ltr'><strong>μ</strong></span> 
     </span>
    </p>
   </div>
   <div class='ocr_carea' id='block_1_74' title="bbox 1986 3122 3576 3196">
    <p class='ocr_par' dir='ltr' id='par_1_74' title="bbox 1986 3122 3576 3196">
     <span class='ocr_line' id='line_1_74' title="bbox 1986 3122 3576 3196; baseline -0.001 -16"><span class='ocrx_word' id='word_1_529' title='bbox 1986 3131 2332 3196; x_wconf 83' lang='lat' dir='ltr'><strong>operaretur,</strong></span> <span class='ocrx_word' id='word_1_530' title='bbox 2364 3122 2509 3178; x_wconf 83' lang='lat' dir='ltr'><strong>facta</strong></span> <span class='ocrx_word' id='word_1_531' title='bbox 2553 3138 2678 3177; x_wconf 89' lang='lat' dir='ltr'><strong>esse</strong></span> <span class='ocrx_word' id='word_1_532' title='bbox 2711 3140 2724 3175; x_wconf 91' lang='lat'>:</span> <span class='ocrx_word' id='word_1_533' title='bbox 2752 3131 2849 3177; x_wconf 87' lang='lat' dir='ltr'><strong>aut</strong></span> <span class='ocrx_word' id='word_1_534' title='bbox 2884 3123 3056 3177; x_wconf 86' lang='lat' dir='ltr'><strong>Deum</strong></span> <span class='ocrx_word' id='word_1_535' title='bbox 3110 3132 3345 3188; x_wconf 88' lang='lat' dir='ltr'><strong>tantum,</strong></span> <span class='ocrx_word' id='word_1_536' title='bbox 3379 3133 3437 3178; x_wconf 88' lang='lat' dir='ltr'><strong>et</strong></span> <span class='ocrx_word' id='word_1_537' title='bbox 3463 3139 3576 3178; x_wconf 91' lang='lat' dir='ltr'><strong>non</strong></span> 
     </span>
    </p>
   </div>
   <div class='ocr_carea' id='block_1_75' title="bbox 1986 3212 3580 3300">
    <p class='ocr_par' dir='ltr' id='par_1_75' title="bbox 1986 3212 3580 3300">
     <span class='ocr_line' id='line_1_75' title="bbox 1986 3212 3580 3300; baseline -0.002 -28"><span class='ocrx_word' id='word_1_538' title='bbox 1986 3231 2111 3272; x_wconf 90' lang='lat' dir='ltr'><strong>esse</strong></span> <span class='ocrx_word' id='word_1_539' title='bbox 2149 3214 2435 3270; x_wconf 87' lang='lat' dir='ltr'><strong>Christum</strong></span> <span class='ocrx_word' id='word_1_540' title='bbox 2473 3212 2678 3268; x_wconf 90' lang='lat' dir='ltr'><strong>factum</strong></span> <span class='ocrx_word' id='word_1_541' title='bbox 2713 3212 3033 3300; x_wconf 77' lang='lat' dir='ltr'><strong>hominem;</strong></span> <span class='ocrx_word' id='word_1_542' title='bbox 3085 3222 3143 3268; x_wconf 90' lang='lat' dir='ltr'><strong>et</strong></span> <span class='ocrx_word' id='word_1_543' title='bbox 3180 3214 3421 3268; x_wconf 88' lang='lat' dir='ltr'><strong>humana</strong></span> <span class='ocrx_word' id='word_1_544' title='bbox 3455 3230 3580 3284; x_wconf 68' lang='lat' dir='ltr'><strong>quae</strong></span> 
     </span>
    </p>
   </div>
   <div class='ocr_carea' id='block_1_76' title="bbox 1988 3309 3578 3375">
    <p class='ocr_par' dir='ltr' id='par_1_76' title="bbox 1988 3309 3578 3375">
     <span class='ocr_line' id='line_1_76' title="bbox 1988 3309 3578 3375; baseline -0.001 -10"><span class='ocrx_word' id='word_1_545' title='bbox 1988 3310 2058 3366; x_wconf 89' lang='lat' dir='ltr'><strong>de</strong></span> <span class='ocrx_word' id='word_1_546' title='bbox 2107 3326 2175 3366; x_wconf 90' lang='lat' dir='ltr'><strong>eo</strong></span> <span class='ocrx_word' id='word_1_547' title='bbox 2226 3310 2512 3373; x_wconf 90' lang='lat' dir='ltr'><strong>dicuntur,</strong></span> <span class='ocrx_word' id='word_1_548' title='bbox 2547 3309 2658 3365; x_wconf 85' lang='lat' dir='ltr'><strong>n&#39;on</strong></span> <span class='ocrx_word' id='word_1_549' title='bbox 2711 3320 2773 3365; x_wconf 88' lang='lat' dir='ltr'><strong>ut</strong></span> <span class='ocrx_word' id='word_1_550' title='bbox 2801 3310 3108 3375; x_wconf 87' lang='lat' dir='ltr'><strong>hominem,</strong></span> <span class='ocrx_word' id='word_1_551' title='bbox 3160 3309 3257 3364; x_wconf 81' lang='lat' dir='ltr'><strong>sed</strong></span> <span class='ocrx_word' id='word_1_552' title='bbox 3307 3320 3368 3365; x_wconf 92' lang='lat' dir='ltr'><strong>ut</strong></span> <span class='ocrx_word' id='word_1_553' title='bbox 3404 3310 3578 3364; x_wconf 90' lang='lat' dir='ltr'><strong>Deum</strong></span> 
     </span>
    </p>
   </div>
   <div class='ocr_carea' id='block_1_77' title="bbox 1989 3402 3584 3473">
    <p class='ocr_par' dir='ltr' id='par_1_77' title="bbox 1989 3402 3584 3473">
     <span class='ocr_line' id='line_1_77' title="bbox 1989 3402 3584 3473; baseline 0.001 -17"><span class='ocrx_word' id='word_1_554' title='bbox 1989 3402 2081 3458; x_wconf 89' lang='lat' dir='ltr'><strong>illa</strong></span> <span class='ocrx_word' id='word_1_555' title='bbox 2132 3419 2357 3473; x_wconf 88' lang='lat' dir='ltr'><strong>passum</strong></span> <span class='ocrx_word' id='word_1_556' title='bbox 2395 3418 2520 3459; x_wconf 89' lang='lat' dir='ltr'><strong>esse</strong></span> <span class='ocrx_word' id='word_1_557' title='bbox 2568 3404 2623 3457; x_wconf 90' lang='lat' dir='ltr'><strong>in</strong></span> <span class='ocrx_word' id='word_1_558' title='bbox 2674 3419 2781 3457; x_wconf 83' lang='lat' dir='ltr'><strong>una</strong></span> <span class='ocrx_word' id='word_1_559' title='bbox 2819 3419 2918 3457; x_wconf 88' lang='lat' dir='ltr'><strong>sua</strong></span> <span class='ocrx_word' id='word_1_560' title='bbox 2962 3413 3159 3458; x_wconf 89' lang='lat' dir='ltr'><strong>natura</strong></span> <span class='ocrx_word' id='word_1_561' title='bbox 3196 3421 3210 3457; x_wconf 88' lang='lat'><strong>:</strong></span> <span class='ocrx_word' id='word_1_562' title='bbox 3245 3410 3341 3456; x_wconf 87' lang='lat' dir='ltr'><strong>aut</strong></span> <span class='ocrx_word' id='word_1_563' title='bbox 3368 3404 3413 3458; x_wconf 92' lang='lat' dir='ltr'><strong>si</strong></span> <span class='ocrx_word' id='word_1_564' title='bbox 3445 3419 3584 3457; x_wconf 90' lang='lat' dir='ltr'><strong>neu-</strong></span> 
     </span>
    </p>
   </div>
   <div class='ocr_carea' id='block_1_78' title="bbox 1988 3493 3584 3564">
    <p class='ocr_par' dir='ltr' id='par_1_78' title="bbox 1988 3493 3584 3564">
     <span class='ocr_line' id='line_1_78' title="bbox 1988 3493 3584 3564; baseline -0.001 -15"><span class='ocrx_word' id='word_1_565' title='bbox 1988 3503 2134 3549; x_wconf 92' lang='lat' dir='ltr'><strong>trum</strong></span> <span class='ocrx_word' id='word_1_566' title='bbox 2179 3494 2413 3557; x_wconf 90' lang='lat' dir='ltr'><strong>horum,</strong></span> <span class='ocrx_word' id='word_1_567' title='bbox 2454 3509 2685 3549; x_wconf 73' lang='lat' dir='ltr'><strong>necesse</strong></span> <span class='ocrx_word' id='word_1_568' title='bbox 2728 3494 2838 3550; x_wconf 88' lang='lat' dir='ltr'><strong>erit</strong></span> <span class='ocrx_word' id='word_1_569' title='bbox 2886 3493 3075 3549; x_wconf 89' lang='lat' dir='ltr'><strong>dicere</strong></span> <span class='ocrx_word' id='word_1_570' title='bbox 3129 3493 3200 3549; x_wconf 91' lang='lat' dir='ltr'><strong>de</strong></span> <span class='ocrx_word' id='word_1_571' title='bbox 3252 3494 3394 3564; x_wconf 88' lang='lat' dir='ltr'><strong>ipso,</strong></span> <span class='ocrx_word' id='word_1_572' title='bbox 3445 3493 3584 3549; x_wconf 83' lang='lat' dir='ltr'><strong>falsa</strong></span> 
     </span>
    </p>
   </div>
   <div class='ocr_carea' id='block_1_79' title="bbox 1988 3586 3586 3657">
    <p class='ocr_par' dir='ltr' id='par_1_79' title="bbox 1988 3586 3586 3657">
     <span class='ocr_line' id='line_1_79' title="bbox 1988 3586 3586 3657; baseline -0.001 -15"><span class='ocrx_word' id='word_1_573' title='bbox 1988 3588 2194 3657; x_wconf 89' lang='lat' dir='ltr'><strong>specie,</strong></span> <span class='ocrx_word' id='word_1_574' title='bbox 2246 3599 2304 3643; x_wconf 91' lang='lat' dir='ltr'><strong>et</strong></span> <span class='ocrx_word' id='word_1_575' title='bbox 2350 3596 2410 3642; x_wconf 87' lang='lat' dir='ltr'><strong>ut</strong></span> <span class='ocrx_word' id='word_1_576' title='bbox 2447 3588 2689 3657; x_wconf 84' lang='lat' dir='ltr'><strong>‘apparet</strong></span> <span class='ocrx_word' id='word_1_577' title='bbox 2738 3595 2974 3652; x_wconf 89' lang='lat' dir='ltr'><strong>tantum,</strong></span> <span class='ocrx_word' id='word_1_578' title='bbox 3040 3586 3239 3642; x_wconf 87' lang='lat' dir='ltr'><strong>fecisse</strong></span> <span class='ocrx_word' id='word_1_579' title='bbox 3280 3602 3404 3656; x_wconf 71' lang='lat' dir='ltr'><strong>quae</strong></span> <span class='ocrx_word' id='word_1_580' title='bbox 3451 3586 3586 3641; x_wconf 89' lang='lat' dir='ltr'><strong>fecit</strong></span> 
     </span>
    </p>
   </div>
   <div class='ocr_carea' id='block_1_80' title="bbox 1987 3677 3586 3747">
    <p class='ocr_par' dir='ltr' id='par_1_80' title="bbox 1987 3677 3586 3747">
     <span class='ocr_line' id='line_1_80' title="bbox 1987 3677 3586 3747; baseline -0.003 -14"><span class='ocrx_word' id='word_1_581' title='bbox 1987 3677 2195 3745; x_wconf 89' lang='lat' dir='ltr'><strong>divina,</strong></span> <span class='ocrx_word' id='word_1_582' title='bbox 2232 3678 2349 3733; x_wconf 88' lang='lat' dir='ltr'><strong>sive</strong></span> <span class='ocrx_word' id='word_1_583' title='bbox 2381 3679 2625 3732; x_wconf 86' lang='lat' dir='ltr'><strong>humana</strong></span> <span class='ocrx_word' id='word_1_584' title='bbox 2660 3696 2673 3731; x_wconf 88' lang='lat'><strong>:</strong></span> <span class='ocrx_word' id='word_1_585' title='bbox 2704 3687 2799 3731; x_wconf 89' lang='lat' dir='ltr'><strong>aut</strong></span> <span class='ocrx_word' id='word_1_586' title='bbox 2826 3691 3057 3747; x_wconf 89' lang='lat' dir='ltr'><strong>prorsus</strong></span> <span class='ocrx_word' id='word_1_587' title='bbox 3083 3677 3276 3731; x_wconf 83' lang='lat' dir='ltr'><strong>falsam</strong></span> <span class='ocrx_word' id='word_1_588' title='bbox 3313 3691 3435 3731; x_wconf 86' lang='lat' dir='ltr'><strong>esse</strong></span> <span class='ocrx_word' id='word_1_589' title='bbox 3467 3692 3586 3731; x_wconf 91' lang='lat' dir='ltr'><strong>om-</strong></span> 
     </span>
    </p>
   </div>
   <div class='ocr_carea' id='block_1_81' title="bbox 1988 3768 3584 3840">
    <p class='ocr_par' dir='ltr' id='par_1_81' title="bbox 1988 3768 3584 3840">
     <span class='ocr_line' id='line_1_81' title="bbox 1988 3768 3584 3840; baseline -0.001 -14"><span class='ocrx_word' id='word_1_590' title='bbox 1988 3787 2115 3826; x_wconf 90' lang='lat' dir='ltr'><strong>nem</strong></span> <span class='ocrx_word' id='word_1_591' title='bbox 2146 3770 2437 3825; x_wconf 89' lang='lat' dir='ltr'><strong>historiam</strong></span> <span class='ocrx_word' id='word_1_592' title='bbox 2470 3768 2879 3840; x_wconf 78' lang='lat' dir='ltr'><strong>evangelicam,</strong></span> <span class='ocrx_word' id='word_1_593' title='bbox 2913 3778 2971 3823; x_wconf 93' lang='lat' dir='ltr'><strong>et</strong></span> <span class='ocrx_word' id='word_1_594' title='bbox 2997 3769 3205 3823; x_wconf 89' lang='lat' dir='ltr'><strong>frustra</strong></span> <span class='ocrx_word' id='word_1_595' title='bbox 3236 3768 3584 3824; x_wconf 86' lang='lat' dir='ltr'><strong>Christianos</strong></span> 
     </span>
    </p>
   </div>
   <div class='ocr_carea' id='block_1_82' title="bbox 1990 3860 3585 3933">
    <p class='ocr_par' dir='ltr' id='par_1_82' title="bbox 1990 3860 3585 3933">
     <span class='ocr_line' id='line_1_82' title="bbox 1990 3860 3585 3933; baseline -0.003 -15"><span class='ocrx_word' id='word_1_596' title='bbox 1990 3863 2125 3930; x_wconf 86' lang='lat' dir='ltr'><strong>falli,</strong></span> <span class='ocrx_word' id='word_1_597' title='bbox 2173 3877 2483 3933; x_wconf 89' lang='lat' dir='ltr'><strong>vanamque</strong></span> <span class='ocrx_word' id='word_1_598' title='bbox 2546 3876 2690 3928; x_wconf 82' lang='lat' dir='ltr'><strong>esse,</strong></span> <span class='ocrx_word' id='word_1_599' title='bbox 2736 3870 2799 3916; x_wconf 89' lang='lat' dir='ltr'><strong>ut</strong></span> <span class='ocrx_word' id='word_1_600' title='bbox 2849 3860 2987 3916; x_wconf 89' lang='lat' dir='ltr'><strong>alias</strong></span> <span class='ocrx_word' id='word_1_601' title='bbox 3026 3860 3252 3925; x_wconf 88' lang='lat' dir='ltr'><strong>dicitur,</strong></span> <span class='ocrx_word' id='word_1_602' title='bbox 3309 3875 3465 3930; x_wconf 87' lang='lat' dir='ltr'><strong>spem</strong></span> <span class='ocrx_word' id='word_1_603' title='bbox 3525 3860 3585 3914; x_wconf 90' lang='lat' dir='ltr'><strong>in</strong></span> 
     </span>
    </p>
   </div>
   <div class='ocr_carea' id='block_1_83' title="bbox 1988 3951 3586 4025">
    <p class='ocr_par' dir='ltr' id='par_1_83' title="bbox 1988 3951 3586 4025">
     <span class='ocr_line' id='line_1_83' title="bbox 1988 3951 3586 4025; baseline -0.004 -12"><span class='ocrx_word' id='word_1_604' title='bbox 1988 3957 2294 4013; x_wconf 86' lang='lat' dir='ltr'><strong>Christum.</strong></span> <span class='ocrx_word' id='word_1_605' title='bbox 2327 3953 2398 4010; x_wconf 92' lang='lat' dir='ltr'><strong>Ut</strong></span> <span class='ocrx_word' id='word_1_606' title='bbox 2421 3956 2531 4025; x_wconf 89' lang='lat' dir='ltr'><strong>jam</strong></span> <span class='ocrx_word' id='word_1_607' title='bbox 2564 3954 2890 4025; x_wconf 82' lang='lat' dir='ltr'><strong>tempestive</strong></span> <span class='ocrx_word' id='word_1_608' title='bbox 2931 3954 3042 4009; x_wconf 88' lang='lat' dir='ltr'><strong>dici</strong></span> <span class='ocrx_word' id='word_1_609' title='bbox 3075 3955 3271 4024; x_wconf 80' lang='lat' dir='ltr'><strong>possit,</strong></span> <span class='ocrx_word' id='word_1_610' title='bbox 3325 3951 3473 4024; x_wconf 91' lang='lat' dir='ltr'><strong>quod</strong></span> <span class='ocrx_word' id='word_1_611' title='bbox 3506 3953 3586 4007; x_wconf 91' lang='lat' dir='ltr'><strong>ait</strong></span> 
     </span>
    </p>
   </div>
   <div class='ocr_carea' id='block_1_84' title="bbox 1990 4046 3584 4117">
    <p class='ocr_par' dir='ltr' id='par_1_84' title="bbox 1990 4046 3584 4117">
     <span class='ocr_line' id='line_1_84' title="bbox 1990 4046 3584 4117; baseline -0.004 -14"><span class='ocrx_word' id='word_1_612' title='bbox 1990 4047 2239 4103; x_wconf 85' lang='lat' dir='ltr'><strong>Paulus:</strong></span> <span class='ocrx_word' id='word_1_613' title='bbox 2274 4047 2460 4102; x_wconf 81' lang='lat' dir='ltr'><strong>Inanis</strong></span> <span class='ocrx_word' id='word_1_614' title='bbox 2511 4062 2646 4117; x_wconf 82' lang='lat' dir='ltr'><strong>ergo</strong></span> <span class='ocrx_word' id='word_1_615' title='bbox 2702 4054 2777 4101; x_wconf 80' lang='lat' dir='ltr'><strong>est</strong></span> <span class='ocrx_word' id='word_1_616' title='bbox 2823 4054 3007 4100; x_wconf 82' lang='lat' dir='ltr'><strong>nostra</strong></span> <span class='ocrx_word' id='word_1_617' title='bbox 3045 4046 3393 4116; x_wconf 77' lang='lat' dir='ltr'><strong>prwdicatio;</strong></span> <span class='ocrx_word' id='word_1_618' title='bbox 3433 4062 3584 4113; x_wconf 87' lang='lat' dir='ltr'><strong>repe-</strong></span> 
     </span>
    </p>
   </div>
   <div class='ocr_carea' id='block_1_85' title="bbox 1990 4137 3585 4209">
    <p class='ocr_par' dir='ltr' id='par_1_85' title="bbox 1990 4137 3585 4209">
     <span class='ocr_line' id='line_1_85' title="bbox 1990 4137 3585 4209; baseline -0.001 -17"><span class='ocrx_word' id='word_1_619' title='bbox 1990 4140 2164 4193; x_wconf 87' lang='lat' dir='ltr'><strong>rimur</strong></span> <span class='ocrx_word' id='word_1_620' title='bbox 2205 4148 2384 4193; x_wconf 86' lang='lat' dir='ltr'><strong>autem</strong></span> <span class='ocrx_word' id='word_1_621' title='bbox 2433 4137 2560 4209; x_wconf 80' lang='lat' dir='ltr'><strong>falsi</strong></span> <span class='ocrx_word' id='word_1_622' title='bbox 2623 4146 2780 4194; x_wconf 77' lang='lat' dir='ltr'><strong>testes</strong></span> <span class='ocrx_word' id='word_1_623' title='bbox 2836 4137 2957 4201; x_wconf 89' lang='lat' dir='ltr'><strong>Dei,</strong></span> <span class='ocrx_word' id='word_1_624' title='bbox 2996 4139 3121 4208; x_wconf 86' lang='lat' dir='ltr'><strong>quia</strong></span> <span class='ocrx_word' id='word_1_625' title='bbox 3172 4137 3372 4207; x_wconf 78' lang='lat' dir='ltr'><strong>falsum</strong></span> <span class='ocrx_word' id='word_1_626' title='bbox 3437 4138 3585 4190; x_wconf 81' lang='lat' dir='ltr'><strong>testi-</strong></span> 
     </span>
    </p>
   </div>
   <div class='ocr_carea' id='block_1_86' title="bbox 1991 4228 3615 4301">
    <p class='ocr_par' dir='ltr' id='par_1_86' title="bbox 1991 4228 3615 4301">
     <span class='ocr_line' id='line_1_86' title="bbox 1991 4228 3615 4301; baseline -0.002 -16"><span class='ocrx_word' id='word_1_627' title='bbox 1991 4231 2229 4285; x_wconf 85' lang='lat' dir='ltr'><strong>monium</strong></span> <span class='ocrx_word' id='word_1_628' title='bbox 2264 4238 2451 4284; x_wconf 84' lang='lat' dir='ltr'><strong>contra</strong></span> <span class='ocrx_word' id='word_1_629' title='bbox 2476 4229 2644 4284; x_wconf 87' lang='lat' dir='ltr'><strong>Deum</strong></span> <span class='ocrx_word' id='word_1_630' title='bbox 2678 4230 2932 4301; x_wconf 73' lang='lat' dir='ltr'><strong>diximus,</strong></span> <span class='ocrx_word' id='word_1_631' title='bbox 2959 4230 3099 4301; x_wconf 86' lang='lat' dir='ltr'><strong>quod</strong></span> <span class='ocrx_word' id='word_1_632' title='bbox 3132 4229 3405 4284; x_wconf 74' lang='lat' dir='ltr'><strong>suscitavit</strong></span> <span class='ocrx_word' id='word_1_633' title='bbox 3430 4228 3557 4282; x_wconf 84' lang='lat' dir='ltr'><strong>Chri</strong></span> <span class='ocrx_word' id='word_1_634' title='bbox 3612 4236 3615 4239; x_wconf 73' lang='grc'><em>’</em></span> 
     </span>
    </p>
   </div>
   <div class='ocr_carea' id='block_1_87' title="bbox 1990 4325 2915 4395">
    <p class='ocr_par' dir='ltr' id='par_1_87' title="bbox 1990 4325 2915 4395">
     <span class='ocr_line' id='line_1_87' title="bbox 1990 4325 2915 4395; baseline 0.001 -18"><span class='ocrx_word' id='word_1_635' title='bbox 1990 4331 2155 4389; x_wconf 79' lang='lat' dir='ltr'><strong>stum,</strong></span> <span class='ocrx_word' id='word_1_636' title='bbox 2204 4339 2362 4395; x_wconf 83' lang='lat' dir='ltr'><strong>quem</strong></span> <span class='ocrx_word' id='word_1_637' title='bbox 2406 4339 2513 4377; x_wconf 82' lang='lat' dir='ltr'><strong>non</strong></span> <span class='ocrx_word' id='word_1_638' title='bbox 2540 4325 2817 4378; x_wconf 75' lang='lat' dir='ltr'><strong>suscitavit</strong></span> <span class='ocrx_word' id='word_1_639' title='bbox 2849 4335 2915 4378; x_wconf 77' lang='grc' dir='ltr'>ω.</span> 
     </span>
    </p>
   </div>
   <div class='ocr_carea' id='block_1_88' title="bbox 2061 4500 3582 4573">
    <p class='ocr_par' dir='ltr' id='par_1_88' title="bbox 2061 4500 3582 4573">
     <span class='ocr_line' id='line_1_88' title="bbox 2061 4500 3582 4573; baseline 0.001 -18"><span class='ocrx_word' id='word_1_640' title='bbox 2061 4500 2227 4556; x_wconf 61' lang='lat' dir='ltr'><strong>Vatiae</strong></span> <span class='ocrx_word' id='word_1_641' title='bbox 2258 4516 2452 4556; x_wconf 87' lang='lat' dir='ltr'><strong>revera</strong></span> <span class='ocrx_word' id='word_1_642' title='bbox 2500 4511 2631 4558; x_wconf 89' lang='lat' dir='ltr'><strong>sunt</strong></span> <span class='ocrx_word' id='word_1_643' title='bbox 2674 4502 2993 4573; x_wconf 86' lang='lat' dir='ltr'><strong>hujusmodi</strong></span> <span class='ocrx_word' id='word_1_644' title='bbox 3041 4502 3582 4573; x_wconf 79' lang='lat' dir='ltr'><strong>argumentationes,</strong></span> 
     </span>
    </p>
   </div>
   <div class='ocr_carea' id='block_1_89' title="bbox 1991 4592 3583 4666">
    <p class='ocr_par' dir='ltr' id='par_1_89' title="bbox 1991 4592 3583 4666">
     <span class='ocr_line' id='line_1_89' title="bbox 1991 4592 3583 4666; baseline 0.001 -18"><span class='ocrx_word' id='word_1_645' title='bbox 1991 4600 2049 4648; x_wconf 88' lang='lat' dir='ltr'><strong>et</strong></span> <span class='ocrx_word' id='word_1_646' title='bbox 2076 4592 2296 4647; x_wconf 88' lang='lat' dir='ltr'><strong>eversio</strong></span> <span class='ocrx_word' id='word_1_647' title='bbox 2344 4592 2497 4655; x_wconf 85' lang='lat' dir='ltr'><strong>ﬁdei,</strong></span> <span class='ocrx_word' id='word_1_648' title='bbox 2530 4602 2593 4649; x_wconf 86' lang='lat' dir='ltr'><strong>ut</strong></span> <span class='ocrx_word' id='word_1_649' title='bbox 2632 4594 2710 4649; x_wconf 88' lang='lat' dir='ltr'><strong>ait</strong></span> <span class='ocrx_word' id='word_1_650' title='bbox 2739 4594 3043 4665; x_wconf 75' lang='lat' dir='ltr'><strong>Gregorius</strong></span> <span class='ocrx_word' id='word_1_651' title='bbox 3073 4594 3408 4666; x_wconf 86' lang='lat' dir='ltr'><strong>Theologus.</strong></span> <span class='ocrx_word' id='word_1_652' title='bbox 3450 4594 3583 4650; x_wconf 83' lang='lat' dir='ltr'><strong>0m-</strong></span> 
     </span>
    </p>
   </div>
   <div class='ocr_carea' id='block_1_90' title="bbox 309 4666 1887 4754">
    <p class='ocr_par' dir='ltr' id='par_1_90' title="bbox 309 4666 1887 4754">
     <span class='ocr_line' id='line_1_90' title="bbox 309 4666 1887 4754; baseline -0.003 -15"><span class='ocrx_word' id='word_1_653' title='bbox 309 4682 621 4746; x_wconf 80' lang='grc' dir='ltr'>Ἐκπαντὸς</span> <span class='ocrx_word' id='word_1_654' title='bbox 647 4681 740 4735; x_wconf 83' lang='grc' dir='ltr'><strong>οὖν</strong></span> <span class='ocrx_word' id='word_1_655' title='bbox 769 4680 1145 4736; x_wconf 81' lang='grc' dir='ltr'>ἀποδέδεικται</span> <span class='ocrx_word' id='word_1_656' title='bbox 1177 4679 1600 4752; x_wconf 79' lang='grc' dir='ltr'>κεκαθαρμένην</span> <span class='ocrx_word' id='word_1_657' title='bbox 1630 4666 1887 4754; x_wconf 74' lang='grc' dir='ltr'>ἀντιρρή-</span> 
     </span>
    </p>
   </div>
   <div class='ocr_carea' id='block_1_91' title="bbox 1989 4666 3583 4754">
    <p class='ocr_par' dir='ltr' id='par_1_91' title="bbox 1992 4681 3583 4753">
     <span class='ocr_line' id='line_1_91' title="bbox 1992 4681 3583 4753; baseline 0.002 -18"><span class='ocrx_word' id='word_1_658' title='bbox 1992 4682 2126 4736; x_wconf 91' lang='lat' dir='ltr'><strong>nino</strong></span> <span class='ocrx_word' id='word_1_659' title='bbox 2180 4681 2351 4753; x_wconf 80' lang='lat' dir='ltr'><strong>igitur</strong></span> <span class='ocrx_word' id='word_1_660' title='bbox 2401 4682 2843 4738; x_wconf 88' lang='lat' dir='ltr'><strong>demonstratum</strong></span> <span class='ocrx_word' id='word_1_661' title='bbox 2892 4693 2977 4738; x_wconf 86' lang='lat' dir='ltr'><strong>est</strong></span> <span class='ocrx_word' id='word_1_662' title='bbox 3029 4684 3200 4739; x_wconf 88' lang='lat' dir='ltr'><strong>solam</strong></span> <span class='ocrx_word' id='word_1_663' title='bbox 3252 4685 3583 4740; x_wconf 85' lang='lat' dir='ltr'><strong>sententiam</strong></span> 
     </span>
    </p>
   </div>
   <div class='ocr_carea' id='block_1_92' title="bbox 302 4769 1888 4848">
    <p class='ocr_par' dir='ltr' id='par_1_92' title="bbox 302 4769 1888 4848">
     <span class='ocr_line' id='line_1_92' title="bbox 302 4769 1888 4848; baseline -0.003 -16"><span class='ocrx_word' id='word_1_664' title='bbox 302 4794 445 4841; x_wconf 87' lang='grc' dir='ltr'>σεως</span> <span class='ocrx_word' id='word_1_665' title='bbox 465 4776 709 4848; x_wconf 79' lang='grc' dir='ltr'>ἀπᾴσης,</span> <span class='ocrx_word' id='word_1_666' title='bbox 741 4774 838 4829; x_wconf 76' lang='grc' dir='ltr'><strong>καὶ</strong></span> <span class='ocrx_word' id='word_1_667' title='bbox 861 4774 1250 4843; x_wconf 73' lang='grc' dir='ltr'>ἀνεξέλεγκτον</span> <span class='ocrx_word' id='word_1_668' title='bbox 1280 4769 1443 4840; x_wconf 73' lang='grc' dir='ltr'>εἶναι,</span> <span class='ocrx_word' id='word_1_669' title='bbox 1470 4773 1565 4828; x_wconf 72' lang='grc' dir='ltr'><strong>καὶ</strong></span> <span class='ocrx_word' id='word_1_670' title='bbox 1595 4774 1766 4846; x_wconf 89' lang='grc' dir='ltr'>μὸνην</span> <span class='ocrx_word' id='word_1_671' title='bbox 1793 4775 1888 4828; x_wconf 75' lang='grc' dir='ltr'>ἐπὶ</span> 
     </span>
    </p>
   </div>
   <div class='ocr_carea' id='block_1_93' title="bbox 297 4863 1887 4938">
    <p class='ocr_par' dir='ltr' id='par_1_93' title="bbox 297 4863 1887 4938">
     <span class='ocr_line' id='line_1_93' title="bbox 297 4863 1887 4938; baseline -0.003 -16"><span class='ocrx_word' id='word_1_672' title='bbox 297 4869 402 4938; x_wconf 83' lang='grc' dir='ltr'><strong>τῆς</strong></span> <span class='ocrx_word' id='word_1_673' title='bbox 418 4865 678 4933; x_wconf 88' lang='grc' dir='ltr'>ἀληθείας</span> <span class='ocrx_word' id='word_1_674' title='bbox 705 4865 932 4920; x_wconf 79' lang='grc' dir='ltr'>ἑστάναι</span> <span class='ocrx_word' id='word_1_675' title='bbox 981 4864 1081 4935; x_wconf 83' lang='grc' dir='ltr'>τὴν</span> <span class='ocrx_word' id='word_1_676' title='bbox 1111 4863 1269 4929; x_wconf 80' lang='grc' dir='ltr'>δόξαν</span> <span class='ocrx_word' id='word_1_677' title='bbox 1303 4864 1415 4935; x_wconf 71' lang='grc' dir='ltr'>τῆς</span> <span class='ocrx_word' id='word_1_678' title='bbox 1433 4864 1599 4933; x_wconf 86' lang='grc' dir='ltr'>ἁγίας</span> <span class='ocrx_word' id='word_1_679' title='bbox 1627 4866 1720 4921; x_wconf 85' lang='grc' dir='ltr'><strong>τοῦ</strong></span> <span class='ocrx_word' id='word_1_680' title='bbox 1751 4864 1887 4919; x_wconf 88' lang='grc' dir='ltr'>Θεοῦ</span> 
     </span>
    </p>
   </div>
   <div class='ocr_carea' id='block_1_94' title="bbox 300 4955 1889 5028">
    <p class='ocr_par' dir='ltr' id='par_1_94' title="bbox 300 4955 1889 5028">
     <span class='ocr_line' id='line_1_94' title="bbox 300 4955 1889 5028; baseline -0.001 -16"><span class='ocrx_word' id='word_1_681' title='bbox 300 4960 401 5013; x_wconf 72' lang='grc' dir='ltr'><strong>καὶ</strong></span> <span class='ocrx_word' id='word_1_682' title='bbox 420 4956 721 5026; x_wconf 84' lang='grc' dir='ltr'>καθολικῆς</span> <span class='ocrx_word' id='word_1_683' title='bbox 769 4955 1121 5026; x_wconf 82' lang='grc' dir='ltr'>Ἐκκλησίας.</span> <span class='ocrx_word' id='word_1_684' title='bbox 1166 4955 1337 5010; x_wconf 86' lang='grc' dir='ltr'>Ὅταν</span> <span class='ocrx_word' id='word_1_685' title='bbox 1373 4957 1471 5027; x_wconf 78' lang='grc' dir='ltr'>μὲν</span> <span class='ocrx_word' id='word_1_686' title='bbox 1511 4956 1619 5027; x_wconf 86' lang='grc' dir='ltr'><strong>γὰρ</strong></span> <span class='ocrx_word' id='word_1_687' title='bbox 1640 4956 1732 5011; x_wconf 83' lang='grc' dir='ltr'>τὸν</span> <span class='ocrx_word' id='word_1_688' title='bbox 1758 4956 1889 5028; x_wconf 88' lang='grc' dir='ltr'><strong>τρό-</strong></span> 
     </span>
    </p>
   </div>
   <div class='ocr_carea' id='block_1_95' title="bbox 302 5048 1888 5121">
    <p class='ocr_par' dir='ltr' id='par_1_95' title="bbox 302 5048 1888 5121">
     <span class='ocr_line' id='line_1_95' title="bbox 302 5048 1888 5121; baseline -0.003 -14"><span class='ocrx_word' id='word_1_689' title='bbox 302 5069 408 5108; x_wconf 87' lang='grc' dir='ltr'><strong>πον</strong></span> <span class='ocrx_word' id='word_1_690' title='bbox 438 5050 563 5106; x_wconf 79' lang='grc' dir='ltr'>καθ’</span> <span class='ocrx_word' id='word_1_691' title='bbox 597 5049 656 5104; x_wconf 83' lang='grc' dir='ltr'>ὃν</span> <span class='ocrx_word' id='word_1_692' title='bbox 683 5049 908 5120; x_wconf 83' lang='grc' dir='ltr'>γέγονεν</span> <span class='ocrx_word' id='word_1_693' title='bbox 942 5051 975 5120; x_wconf 85' lang='grc' dir='ltr'><strong>ή</strong></span> <span class='ocrx_word' id='word_1_694' title='bbox 1002 5050 1069 5102; x_wconf 84' lang='grc' dir='ltr'>ὲκ</span> <span class='ocrx_word' id='word_1_695' title='bbox 1099 5048 1258 5113; x_wconf 85' lang='grc' dir='ltr'>θείας</span> <span class='ocrx_word' id='word_1_696' title='bbox 1305 5048 1721 5120; x_wconf 79' lang='grc' dir='ltr'>φιλανθρωπίας</span> <span class='ocrx_word' id='word_1_697' title='bbox 1753 5050 1888 5121; x_wconf 78' lang='grc' dir='ltr'>πρὸς</span> 
     </span>
    </p>
   </div>
   <div class='ocr_carea' id='block_1_96' title="bbox 303 5140 1888 5215">
    <p class='ocr_par' dir='ltr' id='par_1_96' title="bbox 303 5140 1888 5215">
     <span class='ocr_line' id='line_1_96' title="bbox 303 5140 1888 5215; baseline -0.001 -18"><span class='ocrx_word' id='word_1_698' title='bbox 303 5145 456 5215; x_wconf 72' lang='grc' dir='ltr'>ἡμᾶς</span> <span class='ocrx_word' id='word_1_699' title='bbox 493 5141 903 5212; x_wconf 72' lang='grc' dir='ltr'>ωγκατάόασις</span> <span class='ocrx_word' id='word_1_700' title='bbox 952 5140 1213 5212; x_wconf 75' lang='grc' dir='ltr'>ϐούληται</span> <span class='ocrx_word' id='word_1_701' title='bbox 1257 5143 1554 5212; x_wconf 79' lang='grc' dir='ltr'>παριστᾷν,</span> <span class='ocrx_word' id='word_1_702' title='bbox 1604 5142 1705 5212; x_wconf 84' lang='grc' dir='ltr'><strong>τὴν</strong></span> <span class='ocrx_word' id='word_1_703' title='bbox 1758 5142 1888 5213; x_wconf 90' lang='grc' dir='ltr'>μίαν</span> 
     </span>
    </p>
   </div>
   <div class='ocr_carea' id='block_1_97' title="bbox 301 5231 1887 5304">
    <p class='ocr_par' dir='ltr' id='par_1_97' title="bbox 301 5231 1887 5304">
     <span class='ocr_line' id='line_1_97' title="bbox 301 5231 1887 5304; baseline 0 -17"><span class='ocrx_word' id='word_1_704' title='bbox 301 5231 400 5288; x_wconf 89' lang='grc' dir='ltr'><strong>τοῦ</strong></span> <span class='ocrx_word' id='word_1_705' title='bbox 426 5232 563 5286; x_wconf 90' lang='grc' dir='ltr'>Θεοῦ</span> <span class='ocrx_word' id='word_1_706' title='bbox 596 5232 772 5301; x_wconf 82' lang='grc' dir='ltr'>Λόγου</span> <span class='ocrx_word' id='word_1_707' title='bbox 809 5231 973 5301; x_wconf 81' lang='grc' dir='ltr'>φύσιν</span> <span class='ocrx_word' id='word_1_708' title='bbox 1020 5233 1454 5304; x_wconf 84' lang='grc' dir='ltr'>σεσαρκωμὲνην</span> <span class='ocrx_word' id='word_1_709' title='bbox 1491 5232 1848 5302; x_wconf 87' lang='grc' dir='ltr'>ὁμολογοῦσιν</span> <span class='ocrx_word' id='word_1_710' title='bbox 1871 5247 1887 5263; x_wconf 84' lang='grc'>⁶</span> 
     </span>
    </p>
   </div>
   <div class='ocr_carea' id='block_1_98' title="bbox 300 5321 1890 5394">
    <p class='ocr_par' dir='ltr' id='par_1_98' title="bbox 300 5321 1890 5394">
     <span class='ocr_line' id='line_1_98' title="bbox 300 5321 1890 5394; baseline 0 -18"><span class='ocrx_word' id='word_1_711' title='bbox 300 5322 382 5386; x_wconf 81' lang='grc' dir='ltr'>ὡς</span> <span class='ocrx_word' id='word_1_712' title='bbox 404 5323 503 5378; x_wconf 80' lang='grc' dir='ltr'>ἆτε</span> <span class='ocrx_word' id='word_1_713' title='bbox 529 5322 626 5375; x_wconf 87' lang='grc' dir='ltr'><strong>τοῦ</strong></span> <span class='ocrx_word' id='word_1_714' title='bbox 640 5322 817 5390; x_wconf 76' lang='grc' dir='ltr'>Λόγου</span> <span class='ocrx_word' id='word_1_715' title='bbox 841 5321 1081 5393; x_wconf 84' lang='grc' dir='ltr'>ἀνάρχου</span> <span class='ocrx_word' id='word_1_716' title='bbox 1101 5339 1160 5376; x_wconf 86' lang='grc' dir='ltr'><strong>τε</strong></span> <span class='ocrx_word' id='word_1_717' title='bbox 1192 5323 1347 5387; x_wconf 77' lang='grc' dir='ltr'>ὄντος</span> <span class='ocrx_word' id='word_1_718' title='bbox 1383 5324 1480 5377; x_wconf 76' lang='grc' dir='ltr'><strong>καὶ</strong></span> <span class='ocrx_word' id='word_1_719' title='bbox 1510 5323 1697 5387; x_wconf 86' lang='grc' dir='ltr'>ἀῖδίως</span> <span class='ocrx_word' id='word_1_720' title='bbox 1726 5325 1784 5375; x_wconf 83' lang='grc' dir='ltr'>ἐν</span> <span class='ocrx_word' id='word_1_721' title='bbox 1811 5323 1890 5394; x_wconf 81' lang='grc' dir='ltr'>τῷ</span> 
     </span>
    </p>
   </div>
   <div class='ocr_carea' id='block_1_99' title="bbox 304 5412 1890 5486">
    <p class='ocr_par' dir='ltr' id='par_1_99' title="bbox 304 5412 1890 5486">
     <span class='ocr_line' id='line_1_99' title="bbox 304 5412 1890 5486; baseline 0 -18"><span class='ocrx_word' id='word_1_722' title='bbox 304 5412 515 5484; x_wconf 68' lang='grc' dir='ltr'>Πατρί,</span> <span class='ocrx_word' id='word_1_723' title='bbox 537 5415 596 5469; x_wconf 82' lang='grc' dir='ltr'>ὲν</span> <span class='ocrx_word' id='word_1_724' title='bbox 626 5413 839 5486; x_wconf 83' lang='grc' dir='ltr'>ὑστέρῳ</span> <span class='ocrx_word' id='word_1_725' title='bbox 859 5414 917 5468; x_wconf 84' lang='grc' dir='ltr'>δὲ</span> <span class='ocrx_word' id='word_1_726' title='bbox 945 5414 1015 5468; x_wconf 89' lang='grc' dir='ltr'>δι’</span> <span class='ocrx_word' id='word_1_727' title='bbox 1047 5416 1195 5486; x_wconf 78' lang='grc' dir='ltr'>ἡμᾶς</span> <span class='ocrx_word' id='word_1_728' title='bbox 1222 5416 1318 5470; x_wconf 78' lang='grc' dir='ltr'><strong>καὶ</strong></span> <span class='ocrx_word' id='word_1_729' title='bbox 1349 5415 1451 5486; x_wconf 76' lang='grc' dir='ltr'>τὴν</span> <span class='ocrx_word' id='word_1_730' title='bbox 1471 5416 1746 5485; x_wconf 78' lang='grc' dir='ltr'>ἡμετέραν</span> <span class='ocrx_word' id='word_1_731' title='bbox 1783 5432 1890 5468; x_wconf 88' lang='grc' dir='ltr'><strong>σω-</strong></span> 
     </span>
    </p>
   </div>
   <div class='ocr_carea' id='block_1_100' title="bbox 301 5505 1893 5578">
    <p class='ocr_par' dir='ltr' id='par_1_100' title="bbox 301 5505 1893 5578">
     <span class='ocr_line' id='line_1_100' title="bbox 301 5505 1893 5578; baseline 0.003 -20"><span class='ocrx_word' id='word_1_732' title='bbox 301 5505 502 5578; x_wconf 83' lang='grc' dir='ltr'>τηρίαν</span> <span class='ocrx_word' id='word_1_733' title='bbox 530 5507 1072 5578; x_wconf 78' lang='grc' dir='ltr'>ὲνανθρωπήσαντος,</span> <span class='ocrx_word' id='word_1_734' title='bbox 1130 5509 1225 5561; x_wconf 84' lang='grc' dir='ltr'><strong>καὶ</strong></span> <span class='ocrx_word' id='word_1_735' title='bbox 1252 5509 1599 5578; x_wconf 82' lang='grc' dir='ltr'>σπέρματος</span> <span class='ocrx_word' id='word_1_736' title='bbox 1635 5507 1893 5578; x_wconf 77' lang='grc' dir='ltr'>Ἀϐραὰμ</span> 
     </span>
    </p>
   </div>
   <div class='ocr_carea' id='block_1_101' title="bbox 301 5586 1892 5671">
    <p class='ocr_par' dir='ltr' id='par_1_101' title="bbox 301 5586 1892 5671">
     <span class='ocr_line' id='line_1_101' title="bbox 301 5586 1892 5671; baseline -0.001 -17"><span class='ocrx_word' id='word_1_737' title='bbox 301 5598 767 5668; x_wconf 59' lang='grc' dir='ltr'>ἐπιλαϐομένου,</span> <span class='ocrx_word' id='word_1_738' title='bbox 829 5601 927 5654; x_wconf 75' lang='grc' dir='ltr'><strong>καὶ</strong></span> <span class='ocrx_word' id='word_1_739' title='bbox 961 5599 1103 5657; x_wconf 73' lang='grc' dir='ltr'>κατὰ</span> <span class='ocrx_word' id='word_1_740' title='bbox 1153 5586 1334 5654; x_wconf 64' lang='grc' dir='ltr'>πάντα</span> <span class='ocrx_word' id='word_1_741' title='bbox 1371 5603 1504 5671; x_wconf 80' lang='grc' dir='ltr'>ἡμῖν</span> <span class='ocrx_word' id='word_1_742' title='bbox 1530 5600 1892 5669; x_wconf 77' lang='grc' dir='ltr'>ὁμοιωθέντος</span> 
     </span>
    </p>
   </div>
   <div class='ocr_carea' id='block_1_102' title="bbox 304 5687 1889 5764">
    <p class='ocr_par' dir='ltr' id='par_1_102' title="bbox 304 5687 1889 5764">
     <span class='ocr_line' id='line_1_102' title="bbox 304 5687 1889 5764; baseline 0.001 -21"><span class='ocrx_word' id='word_1_743' title='bbox 304 5691 626 5762; x_wconf 61' lang='grc' dir='ltr'>δίκανμόνης</span> <span class='ocrx_word' id='word_1_744' title='bbox 650 5691 946 5764; x_wconf 75' lang='grc' dir='ltr'>ἁμαρτίας.</span> <span class='ocrx_word' id='word_1_745' title='bbox 986 5692 1158 5745; x_wconf 87' lang='grc' dir='ltr'>Ὅταν</span> <span class='ocrx_word' id='word_1_746' title='bbox 1201 5691 1260 5745; x_wconf 88' lang='grc' dir='ltr'>δὲ</span> <span class='ocrx_word' id='word_1_747' title='bbox 1290 5693 1358 5745; x_wconf 79' lang='grc' dir='ltr'>τὰ</span> <span class='ocrx_word' id='word_1_748' title='bbox 1384 5694 1442 5745; x_wconf 82' lang='grc' dir='ltr'>ὲν</span> <span class='ocrx_word' id='word_1_749' title='bbox 1473 5687 1555 5756; x_wconf 81' lang='grc' dir='ltr'><strong>οἷς</strong></span> <span class='ocrx_word' id='word_1_750' title='bbox 1581 5687 1609 5745; x_wconf 87' lang='lat'><strong>6</strong></span> <span class='ocrx_word' id='word_1_751' title='bbox 1634 5691 1889 5763; x_wconf 79' lang='grc' dir='ltr'>Χριστὸς,</span> 
     </span>
    </p>
   </div>
   <div class='ocr_carea' id='block_1_103' title="bbox 310 5781 1892 5863">
    <p class='ocr_par' dir='ltr' id='par_1_103' title="bbox 310 5781 1892 5863">
     <span class='ocr_line' id='line_1_103' title="bbox 310 5781 1892 5863; baseline -0.002 -26"><span class='ocrx_word' id='word_1_752' title='bbox 310 5781 345 5863; x_wconf 56' lang='grc' dir='ltr'>ἢ</span> <span class='ocrx_word' id='word_1_753' title='bbox 372 5782 465 5837; x_wconf 73' lang='grc' dir='ltr'><strong>καὶ</strong></span> <span class='ocrx_word' id='word_1_754' title='bbox 491 5782 592 5836; x_wconf 84' lang='grc' dir='ltr'><strong>ὅσα</strong></span> <span class='ocrx_word' id='word_1_755' title='bbox 633 5784 662 5836; x_wconf 86' lang='grc' dir='ltr'><strong>ὁ</strong></span> <span class='ocrx_word' id='word_1_756' title='bbox 696 5783 952 5854; x_wconf 77' lang='grc' dir='ltr'>Χριστὸς,</span> <span class='ocrx_word' id='word_1_757' title='bbox 986 5781 1244 5854; x_wconf 83' lang='grc' dir='ltr'>βούληται</span> <span class='ocrx_word' id='word_1_758' title='bbox 1275 5782 1525 5854; x_wconf 81' lang='grc' dir='ltr'>θεωρεῖν,</span> <span class='ocrx_word' id='word_1_759' title='bbox 1573 5781 1666 5835; x_wconf 75' lang='grc' dir='ltr'><strong>δύο</strong></span> <span class='ocrx_word' id='word_1_760' title='bbox 1698 5781 1892 5851; x_wconf 75' lang='grc' dir='ltr'>φύσεις</span> 
     </span>
    </p>
   </div>
   <div class='ocr_carea' id='block_1_104' title="bbox 386 5933 1724 6009">
    <p class='ocr_par' dir='ltr' id='par_1_104' title="bbox 386 5933 1724 6009">
     <span class='ocr_line' id='line_1_104' title="bbox 386 5933 1724 6009; baseline 0.001 -20"><span class='ocrx_word' id='word_1_761' title='bbox 386 5933 633 6009; x_wconf 55' lang='lat' dir='ltr'><strong>iﬁatth.</strong></span> <span class='ocrx_word' id='word_1_762' title='bbox 690 5952 789 6002; x_wconf 80' lang='lat' dir='ltr'><strong>xu,</strong></span> <span class='ocrx_word' id='word_1_763' title='bbox 831 5936 920 5991; x_wconf 72' lang='lat'><strong>9.5.</strong></span> <span class='ocrx_word' id='word_1_764' title='bbox 994 5947 1035 5976; x_wconf 74' lang='grc' dir='ltr'>ιη</span> <span class='ocrx_word' id='word_1_765' title='bbox 1079 5935 1098 5990; x_wconf 93' lang='lat' dir='ltr'><strong>l</strong></span> <span class='ocrx_word' id='word_1_766' title='bbox 1146 5934 1272 5991; x_wconf 89' lang='lat' dir='ltr'><strong>Cor.</strong></span> <span class='ocrx_word' id='word_1_767' title='bbox 1328 5952 1415 6002; x_wconf 76' lang='lat' dir='ltr'><strong>xv,</strong></span> <span class='ocrx_word' id='word_1_768' title='bbox 1480 5936 1568 6003; x_wconf 66' lang='lat' dir='ltr'><strong>ii,</strong></span> <span class='ocrx_word' id='word_1_769' title='bbox 1644 5938 1724 5992; x_wconf 79' lang='lat' dir='ltr'><strong>l5.</strong></span> 
     </span>
    </p>
   </div>
   <div class='ocr_carea' id='block_1_105' title="bbox 1992 4774 3587 4840">
    <p class='ocr_par' dir='ltr' id='par_1_105' title="bbox 1992 4774 3587 4840">
     <span class='ocr_line' id='line_1_105' title="bbox 1992 4774 3587 4840; baseline 0.003 -12"><span class='ocrx_word' id='word_1_770' title='bbox 1992 4781 2196 4829; x_wconf 82' lang='lat' dir='ltr'><strong>sanctae</strong></span> <span class='ocrx_word' id='word_1_771' title='bbox 2224 4783 2282 4829; x_wconf 87' lang='lat' dir='ltr'><strong>et</strong></span> <span class='ocrx_word' id='word_1_772' title='bbox 2333 4774 2626 4830; x_wconf 66' lang='lat' dir='ltr'><strong>catholica:</strong></span> <span class='ocrx_word' id='word_1_773' title='bbox 2669 4776 2771 4831; x_wconf 91' lang='lat' dir='ltr'><strong>Dei</strong></span> <span class='ocrx_word' id='word_1_774' title='bbox 2809 4777 3077 4832; x_wconf 70' lang='lat' dir='ltr'><strong>Ecclesiae</strong></span> <span class='ocrx_word' id='word_1_775' title='bbox 3131 4792 3320 4832; x_wconf 90' lang='lat' dir='ltr'><strong>veram</strong></span> <span class='ocrx_word' id='word_1_776' title='bbox 3363 4789 3587 4840; x_wconf 88' lang='lat' dir='ltr'><strong>esse,et</strong></span> 
     </span>
    </p>
   </div>
   <div class='ocr_carea' id='block_1_106' title="bbox 1992 4863 3583 4941">
    <p class='ocr_par' dir='ltr' id='par_1_106' title="bbox 1992 4863 3583 4941">
     <span class='ocr_line' id='line_1_106' title="bbox 1992 4863 3583 4941; baseline 0.003 -23"><span class='ocrx_word' id='word_1_777' title='bbox 1992 4863 2133 4919; x_wconf 87' lang='lat' dir='ltr'><strong>nihil</strong></span> <span class='ocrx_word' id='word_1_778' title='bbox 2163 4865 2475 4921; x_wconf 89' lang='lat' dir='ltr'><strong>contradici</strong></span> <span class='ocrx_word' id='word_1_779' title='bbox 2520 4881 2720 4936; x_wconf 86' lang='lat' dir='ltr'><strong>posse,</strong></span> <span class='ocrx_word' id='word_1_780' title='bbox 2773 4882 2956 4938; x_wconf 87' lang='lat' dir='ltr'><strong>neque</strong></span> <span class='ocrx_word' id='word_1_781' title='bbox 2988 4883 3154 4938; x_wconf 88' lang='lat' dir='ltr'><strong>posse</strong></span> <span class='ocrx_word' id='word_1_782' title='bbox 3186 4883 3307 4923; x_wconf 88' lang='lat' dir='ltr'><strong>eam</strong></span> <span class='ocrx_word' id='word_1_783' title='bbox 3338 4868 3583 4941; x_wconf 79' lang='lat' dir='ltr'><strong>coargui.</strong></span> 
     </span>
    </p>
   </div>
   <div class='ocr_carea' id='block_1_107' title="bbox 1991 4958 3584 5030">
    <p class='ocr_par' dir='ltr' id='par_1_107' title="bbox 1991 4958 3584 5030">
     <span class='ocr_line' id='line_1_107' title="bbox 1991 4958 3584 5030; baseline -0.001 -15"><span class='ocrx_word' id='word_1_784' title='bbox 1991 4958 2131 5015; x_wconf 93' lang='lat' dir='ltr'><strong>Cum</strong></span> <span class='ocrx_word' id='word_1_785' title='bbox 2164 4959 2315 5014; x_wconf 88' lang='lat' dir='ltr'><strong>enim</strong></span> <span class='ocrx_word' id='word_1_786' title='bbox 2343 4959 2642 5014; x_wconf 89' lang='lat' dir='ltr'><strong>ostendere</strong></span> <span class='ocrx_word' id='word_1_787' title='bbox 2666 4959 2807 5025; x_wconf 90' lang='lat' dir='ltr'><strong>vult,</strong></span> <span class='ocrx_word' id='word_1_788' title='bbox 2840 4959 3123 5030; x_wconf 86' lang='lat' dir='ltr'><strong>quomodo</strong></span> <span class='ocrx_word' id='word_1_789' title='bbox 3149 4975 3217 5015; x_wconf 82' lang='lat' dir='ltr'><strong>ex</strong></span> <span class='ocrx_word' id='word_1_790' title='bbox 3246 4959 3433 5014; x_wconf 85' lang='lat' dir='ltr'><strong>divina</strong></span> <span class='ocrx_word' id='word_1_791' title='bbox 3455 4976 3584 5030; x_wconf 88' lang='lat' dir='ltr'><strong>erga</strong></span> 
     </span>
    </p>
   </div>
   <div class='ocr_carea' id='block_1_108' title="bbox 1993 5049 3586 5106">
    <p class='ocr_par' dir='ltr' id='par_1_108' title="bbox 1993 5049 3586 5106">
     <span class='ocr_line' id='line_1_108' title="bbox 1993 5049 3586 5106; baseline 0.001 -1"><span class='ocrx_word' id='word_1_792' title='bbox 1993 5049 2251 5105; x_wconf 91' lang='lat' dir='ltr'><strong>homines</strong></span> <span class='ocrx_word' id='word_1_793' title='bbox 2300 5050 2573 5105; x_wconf 87' lang='lat' dir='ltr'><strong>charitate</strong></span> <span class='ocrx_word' id='word_1_794' title='bbox 2621 5049 2867 5106; x_wconf 80' lang='lat' dir='ltr'><strong>Verbum</strong></span> <span class='ocrx_word' id='word_1_795' title='bbox 2916 5050 3015 5105; x_wconf 91' lang='lat' dir='ltr'><strong>Dei</strong></span> <span class='ocrx_word' id='word_1_796' title='bbox 3070 5049 3140 5105; x_wconf 89' lang='lat' dir='ltr'><strong>ad</strong></span> <span class='ocrx_word' id='word_1_797' title='bbox 3196 5051 3586 5106; x_wconf 89' lang='lat' dir='ltr'><strong>assumendam</strong></span> 
     </span>
    </p>
   </div>
   <div class='ocr_carea' id='block_1_109' title="bbox 1994 5141 3588 5207">
    <p class='ocr_par' dir='ltr' id='par_1_109' title="bbox 1994 5141 3588 5207">
     <span class='ocr_line' id='line_1_109' title="bbox 1994 5141 3588 5207; baseline 0 -9"><span class='ocrx_word' id='word_1_798' title='bbox 1994 5158 2218 5198; x_wconf 90' lang='lat' dir='ltr'><strong>carnem</strong></span> <span class='ocrx_word' id='word_1_799' title='bbox 2241 5141 2403 5197; x_wconf 87' lang='lat' dir='ltr'><strong>nobis</strong></span> <span class='ocrx_word' id='word_1_800' title='bbox 2432 5142 2914 5207; x_wconf 87' lang='lat' dir='ltr'><strong>eondescenderit,</strong></span> <span class='ocrx_word' id='word_1_801' title='bbox 2944 5156 3112 5196; x_wconf 90' lang='lat' dir='ltr'><strong>unam</strong></span> <span class='ocrx_word' id='word_1_802' title='bbox 3137 5150 3396 5196; x_wconf 88' lang='lat' dir='ltr'><strong>naturam</strong></span> <span class='ocrx_word' id='word_1_803' title='bbox 3420 5142 3588 5198; x_wconf 81' lang='lat' dir='ltr'><strong>Verbi</strong></span> 
     </span>
    </p>
   </div>
   <div class='ocr_carea' id='block_1_110' title="bbox 1991 5232 3590 5302">
    <p class='ocr_par' dir='ltr' id='par_1_110' title="bbox 1991 5232 3590 5302">
     <span class='ocr_line' id='line_1_110' title="bbox 1991 5232 3590 5302; baseline 0.001 -14"><span class='ocrx_word' id='word_1_804' title='bbox 1991 5233 2089 5289; x_wconf 90' lang='lat' dir='ltr'><strong>Dei</strong></span> <span class='ocrx_word' id='word_1_805' title='bbox 2118 5235 2418 5289; x_wconf 90' lang='lat' dir='ltr'><strong>conlitetur</strong></span> <span class='ocrx_word' id='word_1_806' title='bbox 2466 5234 2848 5299; x_wconf 86' lang='lat' dir='ltr'><strong>incarnatam;</strong></span> <span class='ocrx_word' id='word_1_807' title='bbox 2905 5232 3056 5302; x_wconf 91' lang='lat' dir='ltr'><strong>quod</strong></span> <span class='ocrx_word' id='word_1_808' title='bbox 3090 5248 3158 5288; x_wconf 83' lang='lat' dir='ltr'><strong>ex</strong></span> <span class='ocrx_word' id='word_1_809' title='bbox 3188 5234 3498 5289; x_wconf 65' lang='lat' dir='ltr'><strong>aeternitate</strong></span> <span class='ocrx_word' id='word_1_810' title='bbox 3532 5246 3590 5290; x_wconf 87' lang='lat' dir='ltr'><strong>et</strong></span> 
     </span>
    </p>
   </div>
   <div class='ocr_carea' id='block_1_111' title="bbox 1990 5325 3591 5396">
    <p class='ocr_par' dir='ltr' id='par_1_111' title="bbox 1990 5325 3591 5396">
     <span class='ocr_line' id='line_1_111' title="bbox 1990 5325 3591 5396; baseline -0.001 -16"><span class='ocrx_word' id='word_1_811' title='bbox 1990 5326 2111 5381; x_wconf 89' lang='lat' dir='ltr'><strong>sine</strong></span> <span class='ocrx_word' id='word_1_812' title='bbox 2143 5325 2420 5396; x_wconf 88' lang='lat' dir='ltr'><strong>principio</strong></span> <span class='ocrx_word' id='word_1_813' title='bbox 2448 5337 2569 5381; x_wconf 87' lang='lat' dir='ltr'><strong>erat</strong></span> <span class='ocrx_word' id='word_1_814' title='bbox 2600 5327 2657 5381; x_wconf 89' lang='lat' dir='ltr'><strong>in</strong></span> <span class='ocrx_word' id='word_1_815' title='bbox 2684 5327 2799 5381; x_wconf 87' lang='lat' dir='ltr'><strong>Deo</strong></span> <span class='ocrx_word' id='word_1_816' title='bbox 2816 5326 2983 5381; x_wconf 87' lang='lat' dir='ltr'><strong>Patre</strong></span> <span class='ocrx_word' id='word_1_817' title='bbox 3016 5341 3031 5390; x_wconf 91' lang='lat'><strong>;</strong></span> <span class='ocrx_word' id='word_1_818' title='bbox 3062 5332 3120 5380; x_wconf 89' lang='lat' dir='ltr'><strong>et</strong></span> <span class='ocrx_word' id='word_1_819' title='bbox 3143 5334 3338 5394; x_wconf 81' lang='lat' dir='ltr'><strong>postea</strong></span> <span class='ocrx_word' id='word_1_820' title='bbox 3361 5333 3591 5396; x_wconf 86' lang='lat' dir='ltr'><strong>propter</strong></span> 
     </span>
    </p>
   </div>
   <div class='ocr_carea' id='block_1_112' title="bbox 1991 5416 3586 5509">
    <p class='ocr_par' dir='ltr' id='par_1_112' title="bbox 1991 5416 3586 5509">
     <span class='ocr_line' id='line_1_112' title="bbox 1991 5416 3586 5509; baseline 0 -39"><span class='ocrx_word' id='word_1_821' title='bbox 1991 5432 2097 5471; x_wconf 91' lang='lat' dir='ltr'><strong>nos</strong></span> <span class='ocrx_word' id='word_1_822' title='bbox 2127 5424 2184 5470; x_wconf 87' lang='lat' dir='ltr'><strong>et</strong></span> <span class='ocrx_word' id='word_1_823' title='bbox 2205 5424 2432 5509; x_wconf 53' lang='lat' dir='ltr'><strong>propter</strong></span> <span class='ocrx_word' id='word_1_824' title='bbox 2459 5417 2695 5472; x_wconf 88' lang='lat' dir='ltr'><strong>salutem</strong></span> <span class='ocrx_word' id='word_1_825' title='bbox 2727 5422 2999 5480; x_wconf 88' lang='lat' dir='ltr'><strong>nostram,</strong></span> <span class='ocrx_word' id='word_1_826' title='bbox 3023 5418 3231 5471; x_wconf 86' lang='lat' dir='ltr'><strong>factum</strong></span> <span class='ocrx_word' id='word_1_827' title='bbox 3261 5416 3368 5471; x_wconf 85' lang='lat' dir='ltr'><strong>fuit</strong></span> <span class='ocrx_word' id='word_1_828' title='bbox 3397 5416 3586 5482; x_wconf 87' lang='lat' dir='ltr'><strong>homo,</strong></span> 
     </span>
    </p>
   </div>
   <div class='ocr_carea' id='block_1_113' title="bbox 1992 5506 3589 5577">
    <p class='ocr_par' dir='ltr' id='par_1_113' title="bbox 1992 5506 3589 5577">
     <span class='ocr_line' id='line_1_113' title="bbox 1992 5506 3589 5577; baseline -0.001 -15"><span class='ocrx_word' id='word_1_829' title='bbox 1992 5516 2052 5562; x_wconf 89' lang='lat' dir='ltr'><strong>et</strong></span> <span class='ocrx_word' id='word_1_830' title='bbox 2093 5506 2273 5560; x_wconf 71' lang='lat' dir='ltr'><strong>semen</strong></span> <span class='ocrx_word' id='word_1_831' title='bbox 2312 5506 2587 5561; x_wconf 79' lang='lat' dir='ltr'><strong>Abraham</strong></span> <span class='ocrx_word' id='word_1_832' title='bbox 2618 5506 2971 5577; x_wconf 81' lang='lat' dir='ltr'><strong>apprehendit</strong></span> <span class='ocrx_word' id='word_1_833' title='bbox 2995 5515 3048 5574; x_wconf 72' lang='grc' dir='ltr'>ι’,</span> <span class='ocrx_word' id='word_1_834' title='bbox 3077 5515 3136 5562; x_wconf 91' lang='lat' dir='ltr'><strong>et</strong></span> <span class='ocrx_word' id='word_1_835' title='bbox 3160 5522 3262 5577; x_wconf 85' lang='lat' dir='ltr'><strong>per</strong></span> <span class='ocrx_word' id='word_1_836' title='bbox 3295 5506 3480 5562; x_wconf 87' lang='lat' dir='ltr'><strong>omnia</strong></span> <span class='ocrx_word' id='word_1_837' title='bbox 3505 5507 3589 5561; x_wconf 84' lang='lat' dir='ltr'><strong>fa—</strong></span> 
     </span>
    </p>
   </div>
   <div class='ocr_carea' id='block_1_114' title="bbox 1996 5596 3588 5668">
    <p class='ocr_par' dir='ltr' id='par_1_114' title="bbox 1996 5596 3588 5668">
     <span class='ocr_line' id='line_1_114' title="bbox 1996 5596 3588 5668; baseline 0.003 -18"><span class='ocrx_word' id='word_1_838' title='bbox 1996 5606 2122 5650; x_wconf 87' lang='lat' dir='ltr'><strong>ctus</strong></span> <span class='ocrx_word' id='word_1_839' title='bbox 2183 5604 2269 5651; x_wconf 90' lang='lat' dir='ltr'><strong>est</strong></span> <span class='ocrx_word' id='word_1_840' title='bbox 2325 5596 2528 5653; x_wconf 81' lang='lat' dir='ltr'><strong>similis</strong></span> <span class='ocrx_word' id='word_1_841' title='bbox 2579 5597 2743 5653; x_wconf 87' lang='lat' dir='ltr'><strong>nobis</strong></span> <span class='ocrx_word' id='word_1_842' title='bbox 2800 5606 3035 5667; x_wconf 77' lang='lat' dir='ltr'><strong>excepto</strong></span> <span class='ocrx_word' id='word_1_843' title='bbox 3107 5599 3228 5653; x_wconf 88' lang='lat' dir='ltr'><strong>solo</strong></span> <span class='ocrx_word' id='word_1_844' title='bbox 3287 5609 3516 5668; x_wconf 84' lang='lat' dir='ltr'><strong>peccato</strong></span> <span class='ocrx_word' id='word_1_845' title='bbox 3537 5606 3588 5653; x_wconf 81' lang='grc' dir='ltr'>ο.</span> 
     </span>
    </p>
   </div>
   <div class='ocr_carea' id='block_1_115' title="bbox 1997 5686 3588 5759">
    <p class='ocr_par' dir='ltr' id='par_1_115' title="bbox 1997 5686 3588 5759">
     <span class='ocr_line' id='line_1_115' title="bbox 1997 5686 3588 5759; baseline 0.006 -19"><span class='ocrx_word' id='word_1_846' title='bbox 1997 5686 2230 5753; x_wconf 83' lang='lat' dir='ltr'><strong>Quando</strong></span> <span class='ocrx_word' id='word_1_847' title='bbox 2265 5697 2449 5743; x_wconf 88' lang='lat' dir='ltr'><strong>autem</strong></span> <span class='ocrx_word' id='word_1_848' title='bbox 2479 5688 2682 5745; x_wconf 92' lang='lat' dir='ltr'><strong>docere</strong></span> <span class='ocrx_word' id='word_1_849' title='bbox 2725 5689 2845 5743; x_wconf 92' lang='lat' dir='ltr'><strong>vult</strong></span> <span class='ocrx_word' id='word_1_850' title='bbox 2874 5690 2966 5744; x_wconf 89' lang='lat' dir='ltr'><strong>illa</strong></span> <span class='ocrx_word' id='word_1_851' title='bbox 2998 5689 3054 5744; x_wconf 93' lang='lat' dir='ltr'><strong>in</strong></span> <span class='ocrx_word' id='word_1_852' title='bbox 3088 5691 3294 5759; x_wconf 90' lang='lat' dir='ltr'><strong>quibus</strong></span> <span class='ocrx_word' id='word_1_853' title='bbox 3333 5690 3588 5749; x_wconf 80' lang='lat' dir='ltr'><strong>Christus</strong></span> 
     </span>
    </p>
   </div>
   <div class='ocr_carea' id='block_1_116' title="bbox 2002 5778 3584 5855">
    <p class='ocr_par' dir='ltr' id='par_1_116' title="bbox 2002 5778 3584 5855">
     <span class='ocr_line' id='line_1_116' title="bbox 2002 5778 3584 5855; baseline 0.005 -24"><span class='ocrx_word' id='word_1_854' title='bbox 2002 5778 2290 5842; x_wconf 81' lang='lat' dir='ltr'><strong>consistit,</strong></span> <span class='ocrx_word' id='word_1_855' title='bbox 2323 5788 2381 5835; x_wconf 85' lang='lat' dir='ltr'><strong>et</strong></span> <span class='ocrx_word' id='word_1_856' title='bbox 2410 5797 2534 5851; x_wconf 77' lang='lat' dir='ltr'><strong>qua:</strong></span> <span class='ocrx_word' id='word_1_857' title='bbox 2584 5780 2838 5837; x_wconf 87' lang='lat' dir='ltr'><strong>Christus</strong></span> <span class='ocrx_word' id='word_1_858' title='bbox 2885 5780 3004 5836; x_wconf 85' lang='lat' dir='ltr'><strong>vult</strong></span> <span class='ocrx_word' id='word_1_859' title='bbox 3059 5797 3161 5836; x_wconf 90' lang='lat' dir='ltr'><strong>nos</strong></span> <span class='ocrx_word' id='word_1_860' title='bbox 3198 5783 3584 5855; x_wconf 76' lang='lat' dir='ltr'><strong>contemplari,</strong></span> 
     </span>
    </p>
   </div>
   <div class='ocr_carea' id='block_1_117' title="bbox 1805 5935 2867 6004">
    <p class='ocr_par' dir='ltr' id='par_1_117' title="bbox 1805 5935 2867 6004">
     <span class='ocr_line' id='line_1_117' title="bbox 1805 5935 2867 6004; baseline 0 -14"><span class='ocrx_word' id='word_1_861' title='bbox 1805 5944 1830 5971; x_wconf 78' lang='grc' dir='ltr'><strong><em>η</em></strong></span> <span class='ocrx_word' id='word_1_862' title='bbox 1891 5935 2057 5990; x_wconf 76' lang='lat' dir='ltr'><strong>Hebr.</strong></span> <span class='ocrx_word' id='word_1_863' title='bbox 2110 5951 2169 6001; x_wconf 88' lang='grc' dir='ltr'><strong>ιι,</strong></span> <span class='ocrx_word' id='word_1_864' title='bbox 2218 5935 2299 5989; x_wconf 81' lang='lat' dir='ltr'><strong>lli.</strong></span> <span class='ocrx_word' id='word_1_865' title='bbox 2384 5942 2408 5971; x_wconf 90' lang='lat'><strong><em>°</em></strong></span> <span class='ocrx_word' id='word_1_866' title='bbox 2446 5935 2614 5993; x_wconf 86' lang='lat' dir='ltr'><strong>Ilebr.</strong></span> <span class='ocrx_word' id='word_1_867' title='bbox 2651 5952 2726 6004; x_wconf 82' lang='grc' dir='ltr'><strong>ιν,</strong></span> <span class='ocrx_word' id='word_1_868' title='bbox 2782 5936 2867 5993; x_wconf 83' lang='lat' dir='ltr'><strong>l5.</strong></span> 
     </span>
    </p>
   </div>
  </div>
