4036 6278
217 294 330 359 69¹Ζ

1490 322 1501 330 ’
1571 321 2047 387 MYSTAGOGIA
2059 377 2071 390 .

3378 347 3493 412 698‘

216 404 492 480 ἀφθάρτῳ
539 410 649 467 τῶν
696 414 902 485 νοητῶν
950 416 1129 472 αίῶνι·
1175 420 1297 473 καθ’
1323 422 1381 476 ὃν
1424 425 1521 496 τῆς
1556 427 1780 499 ἀφανοῦί

216 500 312 524 -.-ι
347 500 717 524 .¹.---..ιι.ε-μ
760 504 871 524 ,ω
964 508 979 524 ι
1056 509 1083 520 -
1149 512 1161 524 .
1354 514 1368 524 .
1611 519 1631 524 -

1900 433 2043 501 licat,
2089 438 2495 496 intellectilium
2524 458 2643 498 arvo
2688 444 2784 500 illo
2827 447 2898 501 ab
2923 450 3074 504 omni
3120 457 3482 524 corruptione

216 500 318 551 καὶ
347 500 739 575 ὑπεραρῤήτου
754 504 914 576 δόξης
930 508 990 561 τὸ
1006 509 1123 578 φῶς
1145 512 1549 583 ὲνοπτεύοντες,
1574 519 1674 589 τῆς
1695 500 1798 590 μαέ

215 593 445 661 καρίας,
476 593 617 664 μετὰ
636 595 744 648 τῶν
770 599 883 651 ἄνω
908 600 1214 671 δυνάμεων,
1248 606 1343 659 καὶ
1369 609 1525 662 αὐτοὶ
1555 610 1801 668 δεκτικοὶ

216 686 468 779 γίνονται
496 688 894 762 καθαρότητος·
918 694 1036 765 μεθ’
1065 696 1155 767 ἢν,
1186 698 1263 762 ὼς
1301 700 1455 766 τέλος
1489 707 1727 773 πάντων,
1763 711 1797 779 ὴ

213 776 314 871 τοῦ
348 780 650 871 μυστηρίου
680 784 967 852 μετάδοσις
994 788 1226 855 γίνεται’
1265 796 1637 861 μεταποιοῦσα
1662 776 1802 871 πρὸς

213 867 443 936 ἑαυτὴν,
478 869 818 961 καὶὸμοίους
842 874 921 945 τῷ
945 878 1067 929 κατ’
1100 879 1281 935 αἰτίαν
1306 883 1497 957 ἁγαθῷ
1526 890 1669 942 κατὰ
1696 867 1796 961 γά-

216 974 303 1037 ριν
321 961 414 1012 καὶ
444 960 661 1030 μέθεξιν
691 964 1069 1045 άποτραίνουσα
1096 972 1224 1036 τοὺς
1246 973 1415 1041 ἀξίως
1437 960 1798 1051 μεταλαμϐά-

211 1068 430 1144 νοντας,
462 1052 521 1104 ὲν
544 1054 733 1141 μηδενὶ
752 1058 917 1112 αὑτοῦ
939 1059 1316 1133 λειπομένους,
1340 1071 1481 1125 κατὰ
1496 1073 1557 1127 τὸ
1577 1075 1798 1144 ἐφικτὸν

210 1139 527 1212 ἀνθρώποις
548 1139 639 1199 καὶ
649 1146 1017 1219 ἐνδεχόμενον.
1030 1152 1186 1207 Ὥστε
1205 1157 1298 1211 καὶ
1315 1160 1513 1226 αὐτοὺς
1537 1139 1796 1224 δύνασθαι

210 1227 355 1285 εἷναί
374 1251 437 1287 τε
463 1235 559 1288 καί
581 1235 863 1293 καλεῖσθαι
884 1240 1031 1295 θέσει
1050 1246 1189 1298 κατὰ
1209 1249 1309 1319 τὴν
1329 1251 1680 1324 χάρινθεοὺς,
1707 1258 1798 1314 διὰ

207 1323 303 1420 seu
327 1324 531 1420 αὐτους
552 1327 692 1391 ὅλως
715 1329 762 1420 ξ⁶
785 1331 1148 1403 πληρώσαντα
1177 1339 1297 1395 ὅλον
1332 1344 1488 1409 Θεὸν,
1509 1348 1605 1401 καὶ
1622 1351 1790 1420 μηδὲν

208 1413 397 1470 αὐτῶν
437 1416 538 1488 τῆς
572 1419 738 1473 αὑτοῦ
772 1424 1075 1495 παρουσίας
1097 1430 1253 1486 κενὸν
1285 1436 1707 1507 καταλείψαντα.

780 1554 1034 1613 ΚΕΦΑΛ.
1085 1562 1214 1616 KB’.

209 1655 363 1723 Πῶς,
410 1659 512 1713 καί
554 1662 671 1716 τίνι
708 1667 908 1733 τρόπῳ
954 1672 1052 1723 καὶ
1100 1674 1138 1739 ἡ
1186 1674 1298 1741 τῆς
1342 1679 1552 1746 ψυχῆς
1592 1687 1721 1737 καθ’
1755 1687 1800 1719 ⁸⁷

276 1727 510 1796 ἑαυτὴν
537 1736 871 1796 νοουμένης
899 1739 996 1792 ἐπὶ
1020 1743 1127 1796 τοῦ
1150 1746 1281 1796 καθ’
1304 1745 1569 1796 ἕκαστον
1596 1754 1797 1796 mimi".

276 1736 510 1796 ἑαυτὴν
537 1736 871 1803 νοουμένης
899 1739 996 1792 ἐπὶ
1020 1736 1134 1797 τοῦ
1150 1736 1287 1798 erat)"
1304 1736 1569 1803 ἒὶαὰτον
1596 1736 1797 1823 ιδικῶς

623 1806 728 1892 καί
751 1811 1138 1892 ’τελειοποιὸς
1176 1813 1275 1870 διὰ
1321 1817 1438 1872 τῶν
1472 1824 1799 1892 εἰρημένων

278 1870 579 1936 θεωρεῖται
615 1874 1006 1945 κατάστασις.

274 1977 452 2051 Δεῦρο
584 1980 697 2051 οὖν,
735 1988 822 2044 διὰ
861 1993 970 2046 τῶν
1010 1995 1191 2051 αὐτῶν
1219 1999 1324 2070 ὀδῷ
1363 2002 1459 2055 καὶ
1487 2005 1636 2069 τάξει
1665 2008 1786 2078 βαί-

210 2088 414 2171 νοντες,
451 2076 615 2132 πάλιν
659 2080 728 2135 τὰ
773 2084 912 2138 αὐτὰ
950 2090 1045 2141 καὶ
1081 2090 1212 2160 περὶ
1257 2092 1437 2165 ψυχῆς
1477 2076 1787 2171 γνωστικῆς

208 2162 724 2263 θεωρησωμενξκαὶ
746 2180 1115 2250 συναναὸῆναι
1143 2185 1340 2254 μικρὸν
1360 2162 1520 2242 κατὰ
1550 2162 1785 2263 δύναμίν

204 2254 278 2324 τῷ
306 2254 618 2353 λὸγῳῃμεΐ
648 2264 936 2332 εὐλαϐείας
971 2271 1109 2344 πρὸς
1139 2273 1479 2348 ὑψηλοτέραν
1525 2254 1779 2353 θεωρίαν,

205 2344 482 2441 σκοπῇσαί
509 2365 569 2401 τε
606 2353 701 2404 καὶ
749 2359 1083 2424 κατανοῆσαι
1110 2362 1227 2426 πῶς
1264 2367 1314 2417 oi
1341 2344 1474 2421 θεῖοι
1499 2370 1597 2441 τῆς
1626 2344 1788 2441 άγίας

214 2434 551 2532 ξΕκκλησίας
579 2441 771 2532 θεσμοὶ
824 2447 922 2518 τὴν
967 2450 1146 2524 ψυχὴν
1196 2456 1291 2511 ἐπὶ
1337 2458 1438 2529 τὴν
1470 2434 1790 2532 ίιαυτῆςτεζ

200 2521 458 2622 list-61:11::
482 2528 552 2581 δι’
580 2530 816 2603 ἀληθοῦς
866 2539 959 2592 καὶ
996 2521 1253 2613 ἐνεργοῦς
1285 2521 1538 2617 γνιίίσεως
1568 2521 1783 2622 ἄγουσι,

200 2618 477 2717 ποθοῦντα
512 2624 603 2717 τδν
637 2626 759 2681 νοῦν
813 2632 908 2684 καὶ
940 2632 1293 2708 βουλόμενον,
1328 2640 1462 2695 Θεοῦ
1511 2618 1784 2717 χειραγωέ

200 2709 427 2777 γοῦντος
452 2712 526 2783 (εί
558 2715 728 2788 δοκεῖ)
766 2722 842 2792 μὴ
878 2724 1235 2799 κωλύσωμεν.

781 3058 1033 3117 ΚΕΦΑΛ.
1079 3064 1209 3120 Kl".

200 3161 327 3215 Ὀτι
386 3165 857 3248 σύμϐολον-τῶν
902 3172 1057 3248 κατ-ὰ
1095 3176 1311 3248 ψυχὴν
1339 3179 1568 3248 ἀρετῶν
1611 3182 1782 3240 ἐστιν

374 3235 415 3302 ἡ
456 3234 653 3304 πρώτη
678 3239 917 3306 εἴσοδος
955 3242 1066 3312 τῆς
1092 3234 1265 3315 (virtut:-
1284 3234 1618 3319 συνάξεως.

264 3345 466 3439 ’ᾼθρει
500 3350 807 3421 τοιγαροῦν,
843 3352 991 3419 ὅστις
1026 3356 1131 3428 τῆς
1177 3364 1456 3435 μακαρίας
1501 3366 1596 3420 τοῦ
1651 3370 1780 3439 Χρι-

200 3438 322 3491 στοῦ
390 3441 587 3508 σοφίας
635 3446 856 3514 γνήσιος
908 3449 1253 3522 καθέστηκας
1312 3457 1595 3530 ἐραστὴς,
1659 3438 1778 3526 νοὸς

194 3530 517 3601 ὀφθαλμοῖς,
548 3536 690 3589 κατὰ
720 3537 818 3609 τὴν
848 3540 1075 3614 πρώτην
1106 3545 1311 3601 είσοδον
1332 3548 1433 3618 τῆς
1452 3552 1613 3619 ἁγίας
1648 3570 1776 3606 συν-

194 3624 370 3716 άξεως
405 3626 514 3679 ἀπὸ
565 3629 665 3699 τῆς
697 3631 895 3696 ἔξωθεν
940 3637 1046 3691 τῶν
1082 3639 1284 3694 ὑλικῶν
1316 3645 1527 3716 πλάνης
1556 3648 1650 3701 καὶ
1677 3666 1776 3702 τα-

193 3715 391 3809 ραχῆς,
422 3718 567 3809 κατά
614 3720 676 3773 τὸ
713 3730 1133 3797 γεγραμμένον,
1195 3734 1491 3802 Γυναῖκες
1533 3738 1776 3809 ἐρχόμεθα

191 3822 288 3858 ναι
314 3807 452 3901 ,ἀπὸ
486 3807 660 3901 θέας,
698 3814 897 3872 δεῦτε·
943 3820 1043 3889 τῆς
1094 3824 1154 3876 ὲν
1200 3824 1331 3880 εῖδει
1379 3829 1476 3881 καὶ
1505 3807 1769 3901 σχήματι,

191 3900 337 3969 φημὶ
361 3900 508 3954 κατὰ
546 3904 645 3974 τὴν
677 3907 942 3979 πρόσοψιν
974 3912 1084 3966 τῶν
1119 3914 1393 3986 αίσθητῶν
1424 3900 1770 3994 περιπλανή-

193 4008 362 4056 σεως·
398 3996 460 4046 οὐ
505 3995 613 4067 γὰρ
660 3997 894 4071 Θεωρίαν
952 4004 1129 4059 εἰπεῖν
1193 4007 1415 4080 ἀληθὲς,
1456 4012 1600 4067 κατὰ
1642 4015 1770 4080 τοὺς

192 4083 431 4153 ἀσόφους
462 4085 571 4141 τῶν
613 4091 743 4161 παρ’
771 4091 998 4166 Ἕλλησι
1030 4096 1344 4169 λεγομένων
1398 4104 1579 4173 σοφῶν
1608 4106 1770 4176 (μηδὲ

192 4176 296 4243 γὰρ
330 4180 489 4248 σοφοὶ
533 4180 787 4253 κληθεῖὲν
825 4202 958 4240 ποτε
1009 4190 1147 4261 πρὸς
1184 4192 1369 4264 ἡμῶν,
1409 4196 1459 4247 οί
1507 4196 1599 4249 τὸν
1636 4197 1769 4251 Θεὸν

189 4269 395 4335 γνῶναι
424 4271 515 4324 διὰ
546 4272 657 4325 τῶν
696 4275 865 4330 αὑτοῦ
896 4280 1222 4350 ποιημάτων
1256 4283 1334 4354 μὴ
1366 4283 1705 4355 δυνηθέντες,
1734 4288 1768 4359 ἢ

192 4359 264 4429 μὴ
292 4361 673 4433 βουληθέντες)
710 4367 819 4421 τῶν
853 4369 898 4400 ⁸⁸
927 4370 1201 4442 αἰσθητῶν
1242 4373 1387 4443 λέγω
1424 4376 1522 4446 τὴν
1564 4380 1767 4449 ὲπιφά-

189 4467 360 4514 νειαν,
390 4455 515 4508 καθ’
538 4457 607 4527 ἣν
627 4461 655 4511 ὅ
677 4458 930 4533 διηνεκὴς
958 4462 1070 4517 τῶν
1097 4465 1371 4535 αίσθητῶν
1402 4469 1538 4539 πρὸς
1562 4470 1766 4541 ἄλληλα

188 4542 491 4613 συνέστηκε
533 4547 806 4617 πόλεμος,
857 4552 991 4605 πᾶσι
1028 4552 1127 4623 τὴν
1168 4554 1235 4607 δι’
1274 4556 1519 4627 ἀλλήλων
1560 4560 1765 4630 φθορὰν

186 4633 448 4705 ἐνεργῶν,
484 4635 703 4691 πάντων
728 4640 1059 4711 φθειρόντων
1086 4643 1292 4715 ἄλληλα
1320 4650 1414 4702 καὶ
1436 4651 1493 4703 ὲν
1516 4652 1770 4723 ἀλλήλοις

189 4726 587 4798 φθειρομένων
624 4731 719 4784 καὶ
763 4732 918 4786 τοῦτο
972 4734 1131 4805 μόνον
1189 4738 1388 4806 πάγιον
1443 4740 1654 4811 ἔχοντα,
1705 4746 1768 4799 τὸ

187 4820 439 4873 ἀπαιτεῖν
482 4821 578 4873 καὶ
621 4822 958 4895 φθείρεσθαι,
996 4828 1089 4879 καὶ
1134 4829 1405 4899 μηδέποτε
1446 4836 1768 4905 συμϐαίνειν

186 4908 434 4979 ἀλλήλοις
463 4911 607 4965 κατὰ
642 4910 903 4985 διαμονὴν
937 4913 1148 4986 ἄμαχον
1176 4918 1437 4974 δύνασθαι
1468 4926 1559 4976 καὶ
1600 4926 1768 4980 ἀστα-

190 5001 423 5055 σίαστον·
456 5004 764 5075 ἐρχομένην
795 5022 855 5057 τε
892 5007 993 5076 τὴν
1021 5007 1219 5081 ψυχὴν,
1252 5013 1345 5066 καὶ
1380 5018 1767 5090 προτροπάδην

188 5094 520 5163 φεύγουσαν,
563 5097 658 5149 καὶ
705 5096 894 5170 ὥσπερ
920 5100 1003 5163 είς
1037 5100 1367 5173 Ἐκκλησίαν
1418 5111 1511 5161 καὶ
1561 5111 1763 5167 ἄσυλον

188 5189 408 5258 εἰρήνης
459 5189 784 5260 ἀνάκτορον,
813 5191 913 5262 τὴν
957 5193 1015 5245 ὲν
1053 5194 1325 5265 πνεύματι
1357 5202 1600 5272 φυσικὴν
1630 5202 1765 5256 θεω-

190 5278 328 5346 ρίαν,
360 5279 461 5349 τὴν
505 5280 723 5350 ἄμαχον
770 5283 865 5334 καὶ
918 5283 1101 5355 πάσης
1153 5285 1446 5359 ἐλευθέραν
1494 5296 1761 5365 ταραχῆς,

194 5371 325 5438 μετὰ
356 5372 530 5439 Λόγου
568 5389 627 5425 τε
661 5373 754 5427 κα)⁸
781 5374 888 5428 ὑπὸ
925 5375 1018 5430 τοῦ
1056 5377 1231 5446 Λόγου
1277 5380 1372 5433 τοῦ
1405 5382 1641 5453 μεγάλου
1672 5388 1768 5438 καὶ

264 5541 282 5568 ε
308 5532 409 5587 lsa.
434 5550 601 5598 nm,
630 5536 712 5589 il.

1898 529 2169 594 immuni;
2214 531 2271 585 in
2304 548 2417 601 quo
2447 533 2761 602 inaspectae,
2790 551 2855 590 ac
2904 553 3068 607 supra
3132 543 3357 599 modum
3396 562 3486 603 ar-

1897 636 2048 677 canae
2084 623 2270 693 gloriae
2308 624 2487 680 lucem
2532 624 2924 695 inspectantes,
2966 629 3069 699 ipsi
3100 616 3324 704 quoque
3354 654 3481 693 cum

1898 713 2156 781 supernis
2231 712 2641 781 Potestatibus,
2694 715 2869 772 beata:
2926 734 3156 788 capaces
3222 728 3482 793 puritatis

1899 802 2233 869 efﬁciuntur;
2266 815 2555 875 postquam
2621 815 2682 862 ut
2739 809 2986 864 omnium
3019 810 3162 878 linis,
3192 813 3253 869 lit
3279 828 3482 887 myste-

1896 897 1963 952 rii
1993 900 2444 967 communicatio,
2493 916 2617 971 quae
2652 902 2708 956 in
2751 904 2987 973 seipsam
3021 916 3372 976 transmutet,
3403 914 3481 968 si-

1895 991 2165 1061 milesque
2219 992 2348 1048 boni
2390 1009 2489 1063 per
2541 996 2838 1051 essentiam
2881 998 3074 1066 gratiae
3128 1016 3355 1058 munere
3414 1021 3481 1060 ac

1892 1083 2313 1153 participatione
2339 1085 2503 1156 digne
2538 1095 2821 1142 sumentes
2851 1088 3084 1146 elﬁciat:
3114 1093 3318 1161 quibus
3340 1095 3479 1151 nihil

1891 1173 2055 1239 desit,
2084 1174 2266 1244 quoad
2292 1190 2615 1230 concessum
2640 1175 2960 1232 hominibus
2982 1179 3245 1250 licetque,
3272 1184 3407 1252 quin
3423 1194 3481 1240 et

1894 1263 2000 1335 ipsi
2030 1263 2330 1335 adoptione
2362 1280 2459 1335 per
2481 1265 2714 1335 gratiam
2742 1265 2820 1319 dii
2844 1282 2965 1322 esse
2992 1283 3056 1323 ac
3082 1271 3349 1340 appellari
3380 1289 3477 1330 va-

1895 1355 2307 1426 leant,propter
2327 1357 2585 1426 eum,qui
2611 1366 2761 1412 totus
2784 1358 2928 1413 Deus
2955 1367 3206 1417 totoseos
3232 1365 3479 1434 comple-

1892 1447 2102 1516 vit,nec
2126 1463 2318 1502 eorum
2335 1447 2543 1518 aliquid
2562 1464 2661 1504 sua
2672 1464 2906 1504 vacuum
2925 1453 3214 1519 praesentia
3230 1455 3475 1527 reliquit.

2463 1578 2690 1636 CAPUT
2738 1580 2903 1637 XXII.

1899 1690 2190 1759 Quomodo,
2232 1711 2293 1768 oc
2341 1710 2444 1764 qua
2487 1695 2716 1768 ratione,
2771 1696 2965 1750 anima:
2988 1714 3192 1768 quoque
3232 1698 3505 1755 seorsum'

1969 1781 2031 1817 ac
2058 1765 2341 1817 secundum
2385 1780 2441 1841 se
2482 1765 2859 1841 consideratio,
2889 1768 2945 1819 in
2978 1765 3199 1841 singulis
3238 1773 3471 1841 praprie,

1965 1851 2163 1911 per_ea
2193 1850 2311 1903 qua:
2365 1836 2691 1911 dictu-sunt,
2739 1836 2951 1911 dei/icit:
2998 1836 3308 1909 donatisque
3338 1836 3472 1911 ’ρετ-

1960 1905 2184 1972 Ῑεσεὶοηε
2206 1914 2375 1959 status
2408 1905 2728 1975 spiritaliter
2760 1905 3115 1978 intelligatur.

1959 2020 2241 2076 Adesdum
2267 2021 2458 2092 igitur,
2517 2021 2711 2076 iisdem
2756 2023 2915 2092 ipsis,
2974 2023 3063 2077 via
3122 2024 3356 2093 quadam
3410 2041 3477 2081 ac

1890 2113 2102 2167 ratione
2132 2112 2464 2183 gradientes,
2494 2112 2610 2167 haec
2633 2113 2751 2183 ipsa
2782 2113 2979 2168 iterum
3029 2114 3194 2168 etiam
3240 2112 3307 2170 de
3358 2116 3474 2169 ani-

1887 2219 1997 2270 ma,
2027 2220 2150 2274 qua:
2180 2204 2429 2261 scientia:
2456 2204 2642 2260 studet
2680 2216 2951 2275 auctaque
2974 2205 3337 2276 intelligentia
3363 2214 3470 2270 est,

1886 2296 2121 2367 Spiritali
2159 2312 2329 2352 sensu
2357 2296 2815 2362 consideremus;
2849 2310 2954 2352 nec
2992 2313 3100 2352 una
3153 2298 3470 2367 cupientem

1886 2389 2134 2443 animum
2181 2404 2246 2444 ac
2296 2389 2589 2454 valentem,
2652 2398 2856 2459 quanta
2906 2390 3141 2445 facultas
3188 2390 3377 2455 fuerit,
3401 2390 3471 2445 ad

1886 2478 2265 2535 sublimiorem
2306 2479 2609 2549 spiritalem
2634 2479 3053 2551 intelligentiam
3078 2481 3344 2536 modestia
3373 2496 3471 2551 pa-

1887 2586 2113 2639 rumper
2147 2585 2461 2640 assurgere,
2502 2569 2937 2641 diligentiusque
2972 2571 3087 2626 Deo
3118 2571 3343 2640 auspice
3365 2571 3473 2626 du-

1885 2675 2058 2729 ceque
2076 2660 2430 2715 considerare
2448 2676 2512 2715 ac
2537 2662 2876 2731 perspicere,
2900 2661 3177 2731 quomodo
3202 2660 3363 2731 515
3390 2660 3473 2716 di-

1888 2751 2003 2806 vini
2047 2760 2249 2805 sanctae
2281 2751 2544 2806 Ecclesia:
2573 2751 2712 2807 ritus
2739 2768 2805 2807 ac
2830 2754 3195 2815 caeremoniae,
3226 2752 3467 2807 animam

1889 2841 1956 2896 ad
1989 2841 2073 2897 sui
2102 2841 2279 2910 ipsius
2315 2841 2713 2910 perfectionem
2751 2858 2850 2911 per
2887 2859 3073 2899 veram
3097 2859 3161 2899 ac
3192 2843 3469 2899 efﬁcacem

1884 2932 2177 2989 scientiam
2201 2932 2408 2988 ducant
2442 2933 2460 2988 l
2480 2933 2526 2987 si
2573 2932 2855 2989 videbitur
2894 2934 2913 3005 )
2947 2935 3359 3004 prohibeamus.

2458 3070 2688 3129 CAPUT
2730 3073 2924 3127 XXIII.

1885 3188 2032 3256 Quas
2059 3190 2263 3259 primas
2287 3190 2482 3243 animae
2511 3194 2740 3261 virtutes!
2759 3192 3193 3261 prirnusgsanctm
3208 3206 3468 3261 synaxeos

2248 3261 2497 3313 introitus
2535 3259 2772 3330 symbolo
2810 3259 3092 3331 signiﬁcet.

1950 3372 2086 3427 Vide
2136 3370 2325 3443 igitur,
2388 3372 2643 3442 quisquis
2692 3373 2868 3428 beata:
2922 3372 3127 3428 Christi
3180 3374 3467 3444 sapientiae

1879 3478 2047 3519 verus
2077 3478 2139 3518 es
2181 3471 2417 3528 amator,
2464 3464 2780 3534 mentisque
2829 3464 3007 3519 oculis
3064 3464 3356 3519 considera
3408 3465 3463 3519 in

1878 3558 2059 3626 primo
2097 3572 2271 3612 sacrm
2299 3572 2570 3628 synaxeos
2607 3557 2882 3629 ingressu,
2918 3558 2988 3613 ab
3022 3566 3254 3613 externo
3281 3568 3461 3613 terre-

1876 3662 2080 3703 norum
2110 3663 2303 3703 errore
2331 3664 2396 3703 ac
2439 3648 2781 3714 turbatione,
2818 3650 2975 3720 juxta
3010 3650 3159 3719 quod
3192 3649 3461 3719 scriptqu

1874 3749 1960 3795 est
1997 3758 2010 3793 :
2035 3739 2283 3795 Mulieres
2310 3743 2571 3797 uenientes
2600 3760 2632 3795 a
2650 3742 2971 3813 spectaculo,
2997 3744 3164 3796 videte
3189 3754 3209 3781 ε
3234 3760 3249 3808 ;
3298 3744 3368 3797 ab
3397 3760 3462 3799 ca

1874 3832 2107 3899 scilicet,
2130 3849 2255 3903 qua:
2284 3834 2341 3888 in
2375 3834 2551 3889 forma
2592 3850 2657 3889 ac
2692 3834 2865 3905 ﬁgura
2894 3851 2994 3904 per
3026 3850 3219 3890 earum
3252 3851 3461 3901 rerum,

1874 3940 1998 3994 quae
2035 3924 2091 3978 in
2137 3940 2362 3979 sensum
2412 3926 2639 3990 cadunt,
2692 3926 3119 4001 contuitionem,
3176 3927 3464 3981 uberratio

1873 4027 2096 4072 creatur
2136 4016 2338 4089 (neque
2362 4020 2513 4074 enim
2539 4033 2669 4073 vere
2699 4019 3115 4088 contemplatio,
3144 4035 3239 4073 seu
3268 4034 3465 4087 specu-

1871 4110 2006 4164 latio
2042 4110 2262 4165 dicatur
2299 4094 2769 4179 quemadmodum
2802 4108 3207 4180 insipientibus
3237 4109 3461 4164 Graeco—

1872 4216 1996 4257 rum
2028 4200 2379 4269 sapientibus
2396 4199 2594 4269 placet.
2626 4199 2783 4254 Absit
2806 4200 2953 4255 enim
2990 4218 3018 4254 a
3055 4199 3238 4263 nobis,
3274 4206 3336 4253 ut
3363 4214 3463 4254 eos

1871 4292 2152 4361 sapientes
2178 4290 2447 4353 dicamus,
2472 4291 2567 4360 qui
2595 4306 2661 4345 ex
2686 4290 2753 4345 iis
2777 4306 2899 4360 qua:
2930 4291 3071 4345 facta
3101 4307 3132 4344 a
3171 4290 3285 4344 Deo
3308 4299 3460 4356 sunt,

1872 4384 2052 4453 ipsum
2081 4399 2242 4439 nosse
2274 4399 2384 4438 non
2412 4392 2717 4454 potuerunt
2748 4393 2845 4439 aut
2867 4384 3189 4455 noluerunt)
3221 4400 3251 4438 a
3284 4385 3459 4439 sensi-

1872 4476 2031 4541 lium,
2068 4476 2315 4545 inquam,
2346 4491 2412 4530 ea
2438 4492 2561 4546 quae
2594 4478 2788 4532 oculos
2831 4477 2980 4543 ferit,
3026 4476 3352 4547 superﬁcie,
3392 4494 3458 4531 ex

1873 4568 2032 4639 cujus
2070 4567 2285 4622 ratione
2308 4568 2533 4622 sensilia
2558 4569 2688 4640 juge
2714 4569 2859 4624 inter
2895 4585 2956 4624 se
2981 4570 3189 4625 bellum
3224 4571 3455 4641 agitant,

1873 4659 2109 4714 aliorum
2135 4660 2260 4713 nisu
2296 4659 2420 4715 aliis
2440 4660 2647 4716 vicaria
2683 4661 2841 4716 clade
2875 4661 3157 4717 interitum
3187 4664 3455 4728 creantia,

1874 4749 2091 4804 cunctis
2119 4750 2244 4805 aliis
2300 4750 2410 4804 alia
2449 4755 2961 4822 corrumpentibus,
3001 4770 3065 4810 ac
3106 4772 3227 4825 qua:
3256 4756 3366 4810 alia
3400 4756 3455 4810 in

1875 4836 2000 4892 aliis
2025 4847 2474 4909 corrumpantur,
2509 4839 2724 4909 hocque
2746 4857 2917 4895 unum
2944 4840 3161 4896 ﬁrmum
3191 4842 3455 4905 habeant,

1874 4942 1938 4982 ac
1960 4935 2219 4982 constans
2246 4929 2393 4998 quod
2426 4930 2794 4984 inconstantia
2817 4940 3050 5002 agantur
3064 4946 3129 4985 ac
3160 4931 3455 4996 intereant,

1874 5032 1977 5071 nec
2006 5033 2250 5087 unquam
2291 5018 2434 5073 inter
2468 5035 2527 5074 se
2569 5022 2865 5077 convenire
2916 5029 2975 5075 ut
3012 5021 3308 5091 tranquilla
3355 5037 3455 5093 pe-

1873 5110 2149 5165 rcnnitatc
2186 5110 2461 5176 fruantur,
2495 5128 2599 5167 nec
2626 5113 2679 5166 in
2709 5122 2955 5168 mutuam
2988 5113 3292 5169 incitentur
3329 5130 3457 5186 per-

1872 5202 2097 5267 niciem,
2152 5204 2407 5269 valeant;
2444 5205 2759 5261 venientem
2804 5205 3066 5271 animam,
3118 5222 3181 5261 ac
3214 5222 3453 5278 propere

1872 5293 2198 5365 fugientem,
2234 5297 2498 5366 velutquc
2534 5297 2591 5350 in
2642 5297 2945 5352 Ecclesiam
2983 5314 3048 5352 ac
3087 5300 3240 5369 pacis
3274 5301 3453 5355 invio-

1873 5387 2040 5442 labile
2063 5390 2350 5459 templum,
2383 5389 2438 5443 in
2462 5390 2771 5444 naturalem
2800 5389 2854 5444 in
2883 5392 3083 5462 spiritu
3112 5396 3454 5465 contempla-

1467 5616 1697 5673 VARIAS
1748 5618 2154 5675 LICCTIONES.

258 5738 306 5773 ι·
336 5741 461 5813 ὅλης
484 5758 533 5797 c.
569 5743 632 5797 Α.
706 5743 751 5776 ³⁷
780 5744 924 5817 ψυχὴ
956 5748 987 5818 ἡ
1024 5748 1120 5819 τῆς
1158 5767 1210 5803 κ.
1246 5750 1366 5805 cod.
1412 5752 1576 5824 Marg.
1655 5756 1699 5787 ⁸⁸
1758 5756 1780 5828 β

1887 5755 2110 5829 τιθέντες
2175 5757 2291 5829 μὲν,
2329 5759 2436 5814 τῶν
2460 5777 2508 5816 c.
2540 5763 2602 5816 A.
