4036 6278
542 313 650 379 699

1713 321 1774 382 S.
1816 321 2104 385 MAXIMI
2145 322 2654 387 CONFESSORIS

3705 333 3827 398 700

541 432 751 487 tionem
765 428 1141 502 (tranquillam
1167 431 1314 487 illam
1337 447 1401 489 ac
1426 432 1498 490 ab
1525 431 1676 492 omni
1712 433 2030 491 turbatione
2059 437 2107 491 li

2233 436 2471 509 ἀληθοῦς
2521 439 2680 509 ήμῶν
2719 436 2858 492 Θεοῦ
2894 439 2992 494 καὶ
3015 441 3338 514 ῗάρχιερέως
3377 443 3826 520 εἰσερχομένηνο

538 522 756 592 heram)
782 539 893 578 una
927 539 1055 579 cum
1092 525 1306 589 Verbo,
1335 525 1626 596 Verbaque
1653 526 1776 598 ipso
1818 543 2020 599 magno
2057 543 2124 584 ac

538 633 671 673 vero
691 617 806 672 Deo
820 627 1014 674 nostro
1036 634 1102 674 ac
1133 619 1394 689 pontiﬁce
1417 620 1670 683 ductore,
1689 621 2119 692 ingredientem;

537 726 773 782 quaeque
806 723 870 769 ut
889 729 991 783 per
1013 713 1259 784 symbola
1286 730 1475 769 rerum
1505 731 1786 772 sacrarum
1810 715 2121 786 aenigmata,

535 815 638 870 per
671 817 766 858 eas
789 818 910 873 quae
940 803 1217 858 habentur
1247 804 1463 860 divinas
1494 805 1783 872 lectiones,
1819 822 2008 862 rerum
2041 822 2125 861 ra-

539 891 719 950 tiones
741 895 1038 961 doceatur,
1069 896 1516 968 stupendumque
1555 914 1620 954 ac
1647 913 1927 966 magnum,
1974 899 2116 969 ejus,

535 1000 658 1054 quae
701 987 758 1042 in
788 987 907 1059 lege
942 997 1000 1043 et
1041 990 1330 1060 prophetis
1379 991 1716 1057 declaratur,
1749 992 2121 1062 providentiae

535 1077 740 1135 divinae
769 1080 1124 1152 mysterium;
1161 1082 1329 1153 inque
1362 1084 1629 1154 singulis,
1664 1085 1916 1154 pulchrae
1947 1086 2004 1140 in
2032 1085 2123 1140 his

533 1169 845 1240 disciplina:
870 1187 935 1228 ac
965 1173 1268 1244 diligentiae
1301 1175 1554 1245 praemio,
1587 1176 1862 1232 divinitus
1899 1186 2121 1233 sancta-

532 1276 658 1316 rum
691 1261 1033 1319 Potestatum
1079 1280 1268 1335 opera,
1306 1266 1738 1339 intelligentium
1781 1284 1936 1324 more
1970 1268 2124 1324 intus

532 1353 725 1408 animo
763 1355 1204 1426 alloquentium,
1258 1359 1411 1428 pacis
1473 1375 1708 1415 munera
1766 1360 2123 1432 designantes

530 1445 734 1502 laudes
765 1446 1054 1518 faustaque
1087 1458 1215 1504 vota
1239 1450 1499 1520 accipiat,
1534 1467 1644 1506 una
1667 1467 1794 1506 cum
1824 1451 2000 1506 divini
2027 1466 2121 1506 ac-

2219 529 2317 582 καί
2349 530 2424 592 ὼς
2459 529 2548 583 διὰ
2580 529 2867 601 συμϐόλων
2894 531 3003 586 τῶν
3028 534 3333 604 γινομένων
3371 535 3535 589 θείων
3560 538 3826 606 ἀναγνω-

2221 621 2467 692 σμάτων,
2497 623 2627 686 τοὺς
2666 621 2777 677 τῶν
2811 622 2982 677 ὅντων
3026 623 3429 697 διδασκομένην
3465 627 3684 694 λόγους,
3717 629 3828 682 καὶ

2219 712 2279 767 τὸ
2309 713 2622 785 θαυμαστὸν
2659 715 2757 769 καὶ
2797 715 2943 786 μέγα
2972 717 3073 786 τῆς
3107 717 3167 769 ἐν
3187 717 3342 788 νόμῳ
3368 717 3467 770 καὶ
3493 719 3825 788 προφήταις

2217 805 2555 878 δηλουμένης
2598 806 2750 871 θείας
2784 807 3043 878 προνοίας
3081 807 3399 879 μυστήριονυ
3427 808 3552 862 καθ’
3574 808 3827 862 ἕκαστόν

2224 917 2284 954 τε
2311 900 2638 975 δεξαμένην,
2671 902 2812 973 ὑπὲρ
2841 903 2940 973 τῆς
2968 904 3028 956 ἐν
3053 902 3269 967 τούτοις
3296 901 3470 973 καλῆς
3495 903 3824 974 μαθητείας

2227 991 2412 1048 θεόθεν
2437 992 2524 1047 διά
2560 993 2671 1048 τῶν
2720 995 2893 1064 ἁγίων
2943 994 3251 1065 δυνάμεων,
3287 993 3492 1067 νοερῶς
3524 995 3673 1049 κατὰ
3701 995 3826 1049 διά-

2220 1101 2373 1139 νοιαν
2401 1085 2540 1158 αὐτῇ
2563 1085 2982 1158 διαλεγομένων,
3011 1087 3115 1150 τὰς
3139 1085 3537 1158 εἰρηνοδώρους
3563 1083 3823 1156 σημειώ-

2221 1193 2358 1242 σεις,
2386 1178 2524 1248 μετὰ
2544 1181 2645 1250 τῆς
2674 1178 2949 1250 ρωστικῆς
2974 1179 3071 1232 καὶ
3106 1177 3514 1250 συντηρητικῆς
3544 1176 3819 1241 θέλξεως,

2217 1269 2318 1339 τῆς
2352 1269 2504 1334 θείας
2535 1271 2630 1323 καὶ
2652 1269 2921 1343 διαπύρου
2953 1270 3098 1326 κατὰ
3125 1270 3260 1325 Θεὸν
3287 1270 3549 1341 ἐφέσεως,
3585 1269 3679 1322 διὰ
3711 1267 3820 1336 τῆς

2225 1361 2507 1432 μυστικῶς
2529 1362 2874 1435 ὐπᾳδομένης
2900 1363 3039 1435 αὐτῇ
3070 1363 3278 1436 νοητῶς
3295 1363 3405 1418 τῶν
3425 1363 3591 1418 θείων
3620 1359 3820 1433 ᾀσμά-

2222 1469 2332 1505 των
2359 1453 2576 1525 ἡδονῆς.

530 1540 796 1611 censique
835 1539 998 1612 516
1023 1542 1200 1597 divini
1231 1541 1498 1598 desiderii
1535 1543 1835 1599 roborante
1881 1558 1948 1599 ac
2010 1553 2377 1601 conservante
2436 1545 2720 1612 illecebra,
2750 1559 2852 1616 per
2875 1560 3020 1613 eam,
3047 1549 3172 1618 qua:
3233 1545 3465 1618 mystice
3496 1545 3578 1601 illi
3615 1545 3818 1600 animo

527 1632 859 1702 succinitur,
882 1635 1200 1691 divinorum
1232 1638 1578 1693 canticorum
1610 1639 1887 1709 voluptas.

596 1727 851 1798 Tumque
880 1729 1084 1784 iterum
1125 1745 1194 1785 ex
1224 1730 1314 1786 his
1349 1738 1755 1797 transeuntem,
1793 1730 1963 1800 inque
2002 1742 2107 1784 uno

2288 1724 2461 1780 Πάλιν
2510 1726 2576 1780 ἐκ
2628 1725 2838 1782 τούτων
2878 1727 3332 1798 μεταϐαίνουσαν,
3366 1728 3463 1784 καὶ
3495 1732 3817 1802 συναγομέ⁶

525 1835 592 1876 ac
620 1821 759 1884 solo,
795 1821 1010 1891 hosque
1047 1821 1202 1877 unite
1246 1837 1310 1877 ac
1347 1823 1708 1893 singulariter
1743 1821 2113 1891 comprehen-

523 1913 690 1969 dente
724 1929 1033 1980 sermones,
1062 1930 1127 1969 ac
1153 1913 1401 1970 rationes
1431 1914 1660 1979 vertice,
1692 1929 1814 1969 sese
1845 1913 2112 1984 colligen-

523 2013 666 2071 tem;
719 2021 923 2077 nempe
973 2015 1166 2062 sancto
1197 2007 1494 2078 Evangelio
1525 2007 1582 2061 in
1606 2022 1716 2077 quo
1748 2021 1941 2061 omnes
1984 2020 2109 2060 cum

521 2097 908 2168 providentiae,
939 2108 1054 2154 tum
1097 2115 1304 2164 rerum,
1340 2099 1505 2154 unius
1528 2099 1850 2168 complexus
1872 2098 1951 2162 vi,
1980 2097 2111 2152 uni-

521 2191 780 2248 formiter
811 2191 1201 2262 prmexsistunt
1225 2192 1491 2246 rationes.
1515 2191 1636 2258 Quo
1666 2191 1934 2261 perlecto,
1971 2189 2114 2245 divi-

439 2279 442 2282 ’
519 2295 596 2336 no
637 2295 834 2336 rursus
866 2296 1031 2336 sensu
1055 2280 1246 2335 videre
1281 2281 1470 2345 liceat,
1509 2279 2110 2350 religiosisinturbatis

521 2375 728 2428 mentis
759 2373 956 2436 oculis,
987 2373 1167 2442 ipsum
1202 2372 1445 2428 Verbum
1487 2388 1552 2428 ac
1595 2373 1772 2427 Deum
1804 2372 2030 2428 coalitus
2053 2373 2107 2427 ei

523 2464 949 2529 advenientem,
982 2464 1062 2520 uti
1103 2465 1317 2520 scilicet
1345 2465 1627 2536 pontiﬁcis
1687 2481 1720 2521 e
1774 2464 2109 2521 sacerdotali

521 2555 656 2611 sede
676 2555 1216 2620 descensusindicat,
1235 2571 1300 2611 ac
1315 2556 1558 2627 perfecte
1577 2557 1698 2628 ejus
1717 2557 2106 2628 cogitationes,

520 2661 646 2717 quae
668 2645 851 2702 adhuc
875 2663 1121 2713 sensum,
1146 2663 1209 2704 ac
1241 2664 1363 2719 quae
1399 2664 1498 2718 pro
1535 2649 1657 2719 ejus
1699 2649 1916 2704 ratione
1969 2648 2112 2704 divi-

520 2738 631 2793 dua
663 2746 831 2804 sunt,
887 2739 1170 2811 conceptis
1202 2739 1536 2811 imaginibus
1588 2739 1776 2795 animo
1815 2739 2106 2811 efﬁngunt,

520 2830 1046 2887 catechumenorum
1095 2831 1204 2886 ritu
1255 2840 1668 2903 segregantem;
1710 2831 1951 2903 indeque
1981 2849 2138 2886 rur-~

519 2938 678 2991 sum,
724 2925 894 2980 rebus
947 2925 1004 2979 in
1070 2941 1294 2981 sensum
1333 2925 1664 2982 cadentibus
1722 2926 2104 2995 excedentem,

517 3031 628 3088 qua
675 3018 887 3073 ratione
923 3027 1128 3074 sanctae
1187 3018 1285 3073 Dei
1339 3017 1604 3074 Ecclesiae
1656 3017 1807 3074 fores
1847 3019 2102 3084 occlusae,

516 3109 938 3180 intelligendum
965 3110 1287 3176 admonent,
1317 3111 1387 3166 ad
1411 3126 1554 3177 eam,
1597 3126 1718 3180 quae
1741 3126 1842 3180 per
1869 3125 2105 3165 arcano-

515 3213 640 3254 rum
672 3200 1065 3272 mysteriorum
1113 3199 1403 3256 introitum
1453 3199 1824 3271 signiﬁcatur,
1872 3199 2105 3255 materia

514 3301 820 3357 carentem,
869 3291 1214 3362 simplicem,
1273 3292 1692 3358 invariabilem,
1748 3291 2102 3358 deiformem,

512 3381 780 3453 omnique
810 3381 1120 3438 absolutam
1153 3380 1328 3436 forma
1355 3396 1421 3436 ac
1469 3379 1674 3453 ﬁgura,
1709 3395 1904 3436 eorum
1927 3420 1942 3444 ,
1980 3393 2105 3449 quae

513 3471 632 3528 sola
661 3481 847 3528 mente
881 3471 1290 3542 percipiuntur,
1314 3471 1604 3526 scientiam
1623 3470 1920 3526 ducentem
1947 3473 2102 3540 (qua,

515 3562 571 3617 in
616 3563 798 3634 seipsa
855 3579 984 3619 suas
1023 3564 1140 3634 ipsa
1169 3563 1339 3629 vires,
1395 3579 1564 3635 seque
1615 3564 1789 3635 ipsam
1821 3563 1881 3620 in
1919 3563 2104 3621 Verbo

503 3655 800 3729 colligens,
860 3656 1175 3726 mentisque
1225 3655 1436 3723 osculo,
1467 3655 1663 3722 unitis,
1713 3671 1838 3728 quae
1874 3655 1942 3711 ad
1982 3657 2103 3727 ejus

515 3753 770 3815 spectant
814 3745 1053 3799 salutem
1089 3743 1401 3799 rationibus
1440 3744 1656 3814 pariter
1690 3761 1756 3802 ac
1788 3745 1994 3817 modis)
2031 3744 2100 3801 ad

514 3835 696 3905 ipsum
730 3835 939 3902 evadit,
986 3852 1088 3907 per
1129 3836 1259 3892 ﬁdei
1305 3835 1630 3909 Symbolum
1665 3845 1822 3910 grato
1853 3847 1911 3894 et
1949 3836 2101 3894 ﬁdeli

513 3930 704 3986 animo
731 3930 984 3987 conﬁteri
1009 3930 1322 3988 docentem.

582 4019 716 4074 Post
748 4020 865 4075 haec
887 4031 1074 4077 autem
1098 4037 1296 4078 rursus
1323 4032 1387 4079 ut
1415 4039 1538 4094 qua:
1565 4024 1677 4096 jam
1711 4023 1975 4094 deinceps
2001 4039 2104 4096 per

511 4112 823 4182 potentiam
866 4113 1202 4184 simplicem,
1236 4115 1694 4187 individuamque
1745 4115 2014 4172 doctrina:
2045 4117 2101 4173 vi

511 4213 886 4275 comparatam
920 4206 1228 4274 scientiam,
1263 4217 1380 4264 tum
1417 4223 1602 4263 rerum
1639 4223 1763 4280 quae
1787 4208 1844 4264 in
1874 4224 2099 4265 sensum

511 4297 763 4360 cadunt,
812 4307 932 4355 tum
969 4315 1092 4370 qua:
1142 4309 1328 4356 mente
1375 4300 1790 4374 intelliguntur,
1852 4301 2100 4358 rationes

2215 1836 2314 1892 νην
2334 1822 2427 1875 ἐπὶ
2450 1821 2550 1894 τὴν
2581 1821 2713 1892 μίαν
2733 1823 2827 1877 καὶ
2860 1823 3029 1896 μόνην
3055 1823 3153 1878 καὶ
3177 1824 3391 1888 ἐνιαίως
3419 1824 3648 1890 τούτους
3684 1827 3814 1880 συὶ.-

2214 1911 2604 1983 λαμϐάνουσαν
2647 1915 2774 1978 τοὺς
2819 1915 3014 1984 λόγους
3061 1917 3311 1988 κορυφήν
3338 1934 3352 1947 ο
3399 1916 3546 1985 λέγω
3606 1917 3695 1984 δὲ,
3750 1919 3814 1972 τὸ

2215 2005 2375 2074 ἅγιον
2408 2005 2763 2075 Εὐαγγέλιον,
2805 2007 2864 2061 ἐν
2891 2000 2934 2076 ᾧ
2961 2007 3161 2073 πάντες
3201 2009 3301 2079 τῆς
3326 2026 3386 2062 τε
3414 2010 3688 2082 προνοίας
3716 2012 3811 2064 καί

2210 2098 2322 2151 τῶν
2377 2098 2548 2152 ὄντων
2599 2099 2649 2152 οἰ
2695 2098 2846 2168 λόγοι
2874 2100 3018 2154 κατὰ
3066 2101 3197 2171 μίαν
3249 2101 3515 2172 περιοχῆς
3561 2101 3809 2174 δύναμιν

2213 2191 2462 2255 ἐνοειδῶς
2491 2192 2966 2263 προῦφεστήκασι.
2997 2193 3134 2247 Μεθ’
3154 2193 3182 2247 ὃ
3211 2195 3333 2249 κατ’
3355 2194 3620 2264 αἴσθησιν
3649 2195 3810 2249 θείαν

2211 2281 2376 2335 αὐτὸν
2432 2282 2567 2353 ὁρᾷν
2617 2281 2796 2336 ἔνεστι
2840 2282 3006 2336 πάλιν
3061 2282 3282 2354 θεμιτὸν
3331 2286 3445 2348 τοῖς
3498 2285 3805 2354 φιλοθέοις,

2211 2371 2547 2444 ἁταρϐήτοις
2595 2373 2716 2438 νοὸς
2765 2373 2979 2445 δμμασι
3017 2375 3456 2446 παραγινόμενον
3497 2377 3808 2447 οὐρανόθεν

2210 2464 2351 2536 αὐτῇ
2388 2463 2480 2519 τὸν
2523 2463 2700 2533 Λόγον
2733 2465 2828 2520 καὶ
2865 2465 3017 2531 Θεὸν,
3045 2465 3123 2530 ὠς
3167 2467 3201 2538 ἡ
3233 2464 3328 2520 τοῦ
3351 2467 3668 2538 ἀρχιερέως
3698 2470 3806 2522 ἀπὸ

2211 2553 2303 2608 τοῦ
2336 2553 2530 2626 θρόνου
2579 2554 2676 2609 τοῦ
2726 2555 3004 2627 ἱερατικοῦ
3041 2556 3300 2627 σημαίνει
3331 2557 3672 2622 κατάϐασιςο
3709 2561 3805 2612 καὶ

2209 2646 2416 2701 τέλειον
2444 2648 2614 2720 αὐτῆς
2636 2647 2979 2721 διακρίνοντα
3007 2649 3434 2720 κατηχουμένων
3464 2650 3632 2723 δίκην
3675 2652 3804 2716 τοὺς

2210 2739 2292 2794 ἐτι
2332 2740 2433 2812 τὴν
2457 2739 2736 2813 αἴσθησιν,
2769 2741 2868 2795 καὶ
2913 2737 2976 2795 τὸ
3010 2741 3134 2796 κατ’
3162 2741 3334 2814 αὐτὴν
3373 2744 3639 2815 μεριστὸν
3667 2761 3803 2813 φαν-

2209 2831 2604 2903 τασιουμένους
2653 2831 2972 2903 λογισμούς.
3018 2835 3332 2889 Κάντεῦθεν
3361 2836 3531 2891 πάλιν
3557 2835 3672 2903 ἔξω
3706 2853 3803 2906 γε-

2210 2925 2444 2996 νομένην
2486 2924 2597 2978 τῶν
2632 2924 2931 2995 αἰσθητῶν,
2970 2924 3048 2990 ὼς
3075 2927 3110 2998 ἠ
3137 2925 3248 2980 τῶν
3293 2926 3474 2996 θυρῶν
3503 2927 3610 2998 τῆς
3633 2928 3799 2996 άγίας

2210 3015 2304 3069 τοῦ
2341 3015 2478 3070 Θεοῦ
2529 3016 2830 3088 ἐκκλησίας
2878 3019 3019 3072 νοεῖν
3065 3017 3381 3073 ὑποτίθεται
3423 3019 3662 3084 κλεῐσις
3705 3021 3797 3074 ἐπὶ

2131 3075 2175 3133 c
2205 3107 2306 3177 τὴν
2332 3075 2700 3179 δηλουμένην.
2718 3075 2824 3163 διὰ⁷
2853 3112 2956 3182 τῆς
3007 3109 3216 3164 εἰσόδου
3267 3110 3375 3166 τῶν
3412 3075 3678 3184 ἀρρήτων
3705 3132 3800 3184 μυ.

2207 3198 2469 3271 στηρίων,
2522 3199 2686 3254 άῡλον
2744 3199 2842 3255 καί
2898 3201 3078 3273 ἁπλῆν
3120 3200 3218 3256 καὶ
3278 3202 3648 3260 ἀναλλοίωτον
3701 3203 3797 3258 καὶ

2206 3291 2436 3363 θεοειδῆ,
2467 3291 2567 3347 καὶ
2610 3292 2810 3356 παντὸς
2845 3292 3138 3366 ἐλευθέραν
3166 3291 3343 3358 εἴδους
3371 3293 3466 3348 καὶ
3497 3295 3788 3366 σχήματος

2204 3383 2520 3454 ἐπιστήμην
2560 3382 2671 3437 τῶν
2699 3383 2916 3454 νοητῶν
2933 3383 3164 3454 άγοντω
3199 3383 3321 3438 καθ’
3350 3385 3418 3456 ἢν
3447 3393 3798 3452 συναγαγουο

2206 3484 2306 3522 σαν
2329 3469 2470 3540 πρὸς
2505 3468 2604 3540 μὲν
2651 3470 2851 3540 ἑαυτῆς
2881 3469 2981 3535 τὰς
3013 3470 3222 3536 οἰκείας
3247 3471 3532 3543 δυνάμεις·
3562 3471 3707 3542 πρὸς
3739 3471 3796 3524 δὲ

2202 3559 2297 3615 τὸν
2369 3561 2568 3630 Λόγον,
2653 3561 2854 3634 ἑαυτὴν
2911 3564 3154 3636 καταντᾷ
3177 3603 3195 3630 ,
3265 3562 3355 3618 διά
3431 3562 3532 3618 τοῦ
3599 3561 3796 3635 νοεροῦ

2202 3652 2501 3723 ἀσπασμοῦ
2535 3652 2821 3712 ἐνὼσασαν
2839 3656 2968 3721 τοὺς
2998 3657 3130 3728 περί
3157 3654 3360 3727 ἑαυτὴν
3387 3655 3674 3727 ἀρρήτους
3697 3657 3798 3725 τῆς

2205 3744 2482 3817 σωτηρίας
2507 3746 2602 3799 καὶ
2627 3744 2823 3816 λόγους
2849 3746 2946 3802 καὶ
2972 3748 3232 3820 τρόπους,
3267 3746 3358 3802 διὰ
3384 3745 3480 3800 τοῦ
3514 3763 3582 3799 συ
3591 3746 3796 3817 μϐόλον

2201 3834 2302 3908 τῆς
2333 3837 2575 3902 πίστεως
2615 3837 2960 3910 εὐχαρίστως
2987 3838 3273 3912 ὁμολογεῖν
3307 3837 3726 3895 ἐκδιδάσκοντα.

2285 4013 2411 4069 Ἐπὶ
2444 4013 2661 4079 τούτοις
2698 4013 2756 4068 δέ
2796 4015 2984 4084 πάλιν,
3032 4015 3110 4082 ὡς
3163 4016 3266 4089 ἤδη
3303 4016 3493 4072 λοιπὸν
3524 4018 3677 4072 κατὰ
3705 4017 3796 4071 δύ⁹

2199 4123 2366 4180 ναμιν
2403 4105 2450 4140 ⁸³
2484 4107 2664 4178 ἁπλῆν
2697 4105 2794 4162 καὶ
2826 4107 3136 4179 ἀδιαίρετον
3163 4109 3254 4163 διὰ
3281 4107 3608 4179 μαθητείας,
3641 4109 3793 4178 γνὼ-

2203 4216 2307 4264 σει,
2339 4197 2743 4270 περιλαϐοῦσαν
2773 4200 2902 4264 τούς
2942 4218 3004 4255 τε
3047 4201 3159 4256 τῶν
3210 4200 3489 4272 αἰσθητῶν
3533 4201 3632 4254 καὶ
3679 4202 3793 4254 τῶν

2199 4291 2407 4362 νοητῶν
2439 4290 2657 4362 λόγους,
2692 4292 2788 4347 ἐπὶ
2828 4293 2930 4365 τὴν
2956 4294 3161 4362 γνῶσιν
3185 4294 3287 4365 τῆς
3316 4293 3590 4364 ἐκφανοῦς
3615 4294 3795 4364 αὐτὴν

511 4388 798 4460 complexa
831 4388 934 4456 sit,
959 4389 1028 4445 ad
1048 4390 1212 4447 clara:
1239 4406 1304 4447 ac
1330 4391 1636 4448 manifestae
1654 4407 1776 4447 eam
1809 4391 2098 4466 theologia}

2206 4385 2404 4454 ἄγοντα
2436 4383 2734 4454 θεολογίας,
2770 4385 2909 4456 μετά
2956 4385 3056 4458 τὴν
3097 4386 3318 4440 πάντων
3369 4385 3647 4453 διάϐασιν,
3694 4387 3793 4440 καί

513 4481 827 4544 scientiam,
854 4489 984 4551 post
1004 4481 1188 4537 omnia
1215 4492 1471 4554 superata
1488 4484 1907 4556 provehentem,
1932 4493 2100 4556 atque

2206 4477 2304 4549 τὴν
2342 4477 2466 4548 ῐσην
2491 4479 2608 4541 τοῖς
2643 4477 2897 4548 ἀγγέλοις
2930 4479 3073 4532 κατὰ
3107 4477 3169 4532 τὸ
3213 4478 3433 4548 ἐφικτὸν
3463 4478 3604 4550 αὐτῇ
3637 4496 3790 4548 παρ-

512 4587 702 4643 parem
736 4573 968 4644 angelis,
999 4573 1181 4644 quoad
1215 4575 1433 4646 assequi
1462 4576 1626 4642 licet,
1674 4577 2098 4649 intelligentiam

511 4664 881 4736 praebentem',
929 4682 1105 4737 eaque
1151 4667 1300 4723 illam
1346 4669 1640 4740 sagacitate
1673 4669 1996 4737 docentem,
2036 4679 2100 4727 ut

511 4770 685 4810 unum
717 4755 890 4812 Deum
913 4756 1075 4822 sciat,
1105 4772 1272 4812 unam
1309 4758 1631 4824 essentiam,
1664 4768 1778 4815 tres
1806 4775 2095 4830 personas,

509 4849 767 4905 essentia:
807 4849 1076 4906 unitatem
1104 4850 1252 4906 trine
1289 4849 1705 4917 subsistentem,
1757 4867 1822 4908 ac
1849 4853 2094 4910 consub-

509 4939 825 4997 stantialem
871 4955 1237 5012 personarum
1294 4940 1602 4997 trinitatem
1656 4959 1670 4996 :
1717 4944 1987 5000 unitatem
2040 4944 2097 5001 in

512 5030 782 5098 trinitate,
821 5042 878 5088 et
913 5035 1216 5090 trinitatem
1250 5034 1306 5089 in
1343 5035 1584 5101 unitate;
1620 5051 1731 5090 non
1761 5037 1926 5092 aliam
1949 5078 1965 5105 ,
2011 5047 2098 5092 at-

510 5135 621 5190 que
643 5123 849 5190 aliam;
890 5140 1073 5196 neque
1119 5125 1285 5181 aliam
1329 5135 1534 5196 praeter
1571 5126 1758 5188 aliam,
1797 5136 1894 5182 aut
1929 5128 2095 5185 aliam

508 5227 611 5281 per
633 5211 819 5278 aliam,
866 5215 981 5270 sive
1001 5232 1103 5286 per
1136 5217 1297 5272 aliam
1337 5217 1526 5283 aliam,
1557 5224 1652 5273 aut
1683 5218 1848 5274 aliam
1881 5219 1936 5274 in
1963 5221 2092 5288 alia,

505 5298 596 5352 vel
648 5313 716 5354 ex
761 5299 871 5354 alia
903 5302 1101 5370 aliam;
1132 5304 1229 5360 sed
1278 5306 1530 5361 eamdem
1570 5306 1626 5362 in
1671 5307 1873 5379 seipsa,
1901 5317 1957 5365 et
1993 5326 2093 5380 per

508 5389 768 5460 seipsam,
810 5407 979 5462 penes
1023 5397 1372 5466 semetipsam
1397 5397 1501 5452 sibi
1528 5398 1631 5469 ipsi
1669 5398 1917 5454 eamdem
1962 5417 2089 5456 cum

509 5479 823 5550 unitatem,
879 5493 994 5540 tum
1055 5487 1380 5554 trinitatem,
1431 5490 1582 5546 omni
1631 5501 1747 5548 tum
1801 5501 2089 5550 vacantem

2204 4567 2468 4638 εχόμενον
2498 4567 2708 4640 νόησιν
2735 4568 2830 4622 καί
2856 4568 3110 4623 τοσοῦτον
3133 4569 3456 4624 διδάσκοντα
3486 4571 3789 4640 σωφρόνως

2201 4657 2394 4730 αὐτὴν,
2428 4657 2554 4712 ὅσον
2598 4657 2798 4712 εἰδέναι
2828 4657 2961 4712 Θεὸν
2990 4658 3106 4726 ἕνα,
3147 4659 3278 4730 μίαν
3299 4659 3508 4724 οὐσίαν,
3542 4658 3790 4715 ὑποστάο

2203 4767 2319 4814 σεις
2343 4751 2514 4821 τρεῖς·
2545 4748 2751 4821 μονάδα
2786 4749 2974 4815 οὐσίας
3018 4749 3471 4822 τρισυπόστατον,
3504 4751 3599 4804 καὶ
3623 4751 3792 4825 Τριά-

2199 4842 2268 4898 δα
2311 4841 2664 4897 ὑποστάσεων
2719 4841 3028 4911 όμοούσιον·
3087 4842 3291 4913 μονάδα
3338 4841 3402 4895 ἐν
3441 4843 3642 4915 τριάδι,
3691 4845 3790 4898 καὶ

2194 4935 2391 5006 τριάδα
2433 4934 2492 4989 ἐν
2529 4933 2717 5005 μονάδι
2747 4933 2817 4967 ⁸⁸·
2844 4935 2948 4990 οὐκ
2987 4935 3158 5006 άλλην
3191 4937 3286 4990 καί
3325 4935 3516 5008 άλλην,
3555 4937 3672 4990 οὐδ’
3699 4938 3789 4992 άλ·

2193 5026 2294 5097 λην
2329 5025 2462 5099 παρ’
2490 5025 2678 5097 άλλην,
2709 5026 2830 5081 οὐδὲ
2858 5027 2926 5081 δι’
2955 5027 3124 5098 ἄλλης
3144 5027 3313 5098 ἄλλην
3331 5067 3346 5091 ,
3382 5028 3490 5082 οὐδ’
3523 5027 3700 5098 ἄλλην
3727 5029 3786 5081 ἐν

2191 5118 2350 5192 άλλη.
2369 5118 2492 5174 οὐδὲ
2531 5119 2591 5187 ἐξ
2612 5119 2781 5190 άλλης
2804 5119 2992 5190 ἄλλην
3025 5119 3165 5173 ἀλλὰ
3181 5119 3281 5190 τὴν
3305 5118 3477 5189 αὐτὴν
3503 5119 3563 5172 ἐν
3586 5119 3781 5190 ἑαυτῇ,

2191 5214 2290 5267 καὶ
2306 5213 2431 5269 καθ’
2457 5213 2659 5285 ἑαυτὴν
2688 5212 2775 5284 ἐφ’
2797 5211 3017 5284 ἑαυτὴν.
3046 5213 3212 5283 ἑαυτῇ
3241 5212 3448 5282 ταύτὴν
3479 5213 3522 5244 ⁸⁸
3559 5214 3659 5265 καὶ
3687 5230 3784 5283 μου

2194 5303 2328 5359 νάδα
2361 5305 2460 5359 καὶ
2485 5304 2684 5376 τριάδα
2728 5303 3036 5375 ἁσύγχυτόν
3063 5320 3124 5357 τε
3165 5303 3262 5358 καὶ
3310 5303 3640 5374 άσυγχύτως
3684 5304 3783 5375 τὴν

2195 5394 2389 5449 ἕνωσιν
2402 5395 2447 5428 δ’
2470 5394 2722 5466 ἔχουσαν,
2743 5395 2838 5449 καὶ
2856 5394 2954 5466 τὴν
2973 5394 3246 5467 διάκρισιν
3272 5394 3579 5466 ἀδιαίρετόν
3598 5411 3658 5448 τε
3687 5395 3782 5447 καὶ

2193 5490 2496 5561 ἀμέριστον
2519 5506 2534 5521 ο
2567 5489 2775 5560 μονάδα
2813 5488 2912 5560 μὲν
2953 5486 3096 5542 κατὰ
3131 5487 3226 5543 τὸν
3263 5487 3362 5558 τῆς
3400 5487 3612 5552 οὐσίας,
3661 5487 3780 5556 ἤτοι

1815 5605 2053 5663 VARUE
2083 5603 2495 5664 LECTIONES.

584 5697 632 5795 "-
661 5712 804 5795 κατά
829 5712 954 5795 γοῦν
973 5727 1038 5795 Ac.
1213 5715 1481 5795 “Eadem
1509 5719 1562 5775 in
1586 5719 1737 5777 Orat.
1757 5723 2132 5795 Dominicam,
2165 5721 2259 5795 ubi
2293 5723 2458 5795 etiam
2486 5722 2828 5795 singulorum
2869 5720 3118 5777 rationes
3144 5717 3408 5790 assignat.
3487 5718 3531 5750 "
3562 5714 3771 5770 Ταυτὸν

518 5793 570 5834 c.
604 5783 668 5836 A.
747 5783 792 5816 ⁸²
828 5783 1126 5839 ἀσύνθετόν
1166 5802 1224 5840 τε
1257 5787 1349 5841 καί
1381 5789 1688 5861 άσύγχυτον
1720 5792 1821 5861 τὴν
1850 5793 2045 5849 ἕνωσιν
2085 5783 2132 5850 οξ
2174 5794 2238 5850 Λ.
2273 5803 2328 5848 ct
2359 5793 2446 5849 Fr.
2573 5783 2602 5795 ν
3219 5794 3222 5797 ’
