4036 6278
206 335 306 415 τοι

1564 343 2065 406 MYSTAGOGIA.

3347 344 3458 410 702

202 450 297 504 τδν
317 447 419 503 τοῦ
454 442 591 503 εἶναι
641 446 820 519 λόγον’
861 449 976 505 ἀλλ’
1022 450 1083 504 οὑ
1124 451 1266 507 κατά
1304 452 1554 510 σύνθεσιν
1582 456 1617 526 ἢ
1656 472 1783 509 συν-

1891 456 2327 528 compositione,
2386 462 2502 510 tum
2535 453 2882 510 inconfusam
2949 455 3110 526 517
3158 456 3459 513 habentem

204 544 444 614 αἰρεσιν,
468 542 503 613 ἢ
542 542 642 613 τὴν
686 540 900 597 οίανοῦν
940 541 1223 613 σύγχυσιν
1272 546 1467 618 τριάδα
1520 547 1601 611 δὲ,
1642 547 1784 601 κατά

204 635 297 686 τὸν
318 633 417 687 τοῦ
450 634 567 698 πῶς
594 634 862 705 ὑπάρχειν
890 636 987 689 καὶ
1032 636 1332 706 ὑφεστάναι
1364 638 1542 708 λόγον·
1576 639 1689 693 ἀλλ’
1719 638 1783 692 οὑ

205 725 347 778 κατά
391 724 657 796 διαίρεσιν
693 726 726 796 ἢ
760 726 1135 798 ἀλλοτρίωσιν,
1174 729 1208 800 ἢ
1250 730 1343 783 τὸν
1374 728 1582 783 οῖονοῦν
1630 747 1787 801 μερι-

206 818 366 886 σμόν.
404 820 479 871 Οὑ
511 820 618 889 γὰρ
650 819 983 891 μεμέρισται
1032 823 1154 885 ταῖς
1199 822 1563 877 ὑποστάσεσιν
1601 826 1633 894 ἠ
1686 840 1785 894 μο-

201 907 323 971 νὰς,
363 908 490 962 οὑδὲ
524 909 787 979 ηετικῶς
821 910 996 965 ἔνεστι
1019 911 1116 964 καὶ
1147 912 1535 983 ὲπιθεωρείται
1569 914 1781 978 αὑταῖς⁸

201 999 326 1053 οὑδὲ
356 1000 733 1053 συντέθεινται
766 1002 845 1063 είς
869 1000 1090 1055 Μονάδα
1131 1003 1185 1056 αἱ
1209 1002 1565 1068 ὑποστάσεις,
1604 1003 1638 1073 ἢ
1662 1019 1784 1055 συν-

201 1092 422 1163 αιρέσει
458 1091 627 1163 αὑτὴν
667 1091 1053 1163 ἐκπληροῦσιν·
1097 1093 1235 1147 ἀλλά
1275 1094 1373 1165 τὴν
1402 1096 1575 1166 αὑτὴν
1618 1096 1784 1166 ἑαυτῇ

198 1182 426 1246 ταύτὸν,
460 1181 638 1246 ἄλλως
694 1182 881 1252 μέντοι
915 1183 1012 1235 καὶ
1065 1182 1263 1247 ἄλλως.
1299 1186 1484 1249 Μονὰς
1531 1185 1640 1257 γάρ
1669 1186 1788 1238 ἑστι

200 1270 518 1341 ἀσύγχυτος
550 1274 614 1342 τῇ
647 1271 827 1343 οὐσίᾳ,
853 1272 950 1326 καὶ
985 1270 1062 1342 τῷ
1088 1274 1212 1326 κατ’
1243 1275 1414 1347 αὑτὴν
1446 1276 1603 1346 ἀπλῷ
1642 1275 1789 1345 λόγῳ

200 1364 236 1433 ἡ
272 1363 414 1433 ἀγία
435 1364 595 1434 τριὰς
618 1364 727 1419 τῶν
771 1366 1156 1420 ὑποστάσεωνο
1196 1367 1291 1420 καὶ
1322 1367 1481 1439 τριάς
1512 1369 1630 1421 ἐστι
1668 1370 1789 1430 ταῖς

199 1453 545 1508 ὑποστάσεσι
577 1454 674 1507 καὶ⁵
717 1452 795 1524 τῷ
826 1454 1017 1525 τρόπῳ
1073 1455 1170 1525 τῆς
1219 1453 1512 1526 ὑπάρξεως
1562 1455 1596 1525 ἡ
1652 1454 1788 1523 ἁγία

201 1547 400 1617 μονάς.
455 1545 567 1617 Τὴν
604 1546 775 1617 αὑτὴν
812 1546 942 1617 ὅλην
991 1546 1155 1600 τοῦτο
1204 1548 1427 1602 κάκεῖνο
1470 1547 1787 1619 διαφόρως,

198 1638 330 1693 κατ’
364 1638 525 1693 ἄλλον
565 1639 659 1692 καὶ
684 1639 864 1705 ἄλλον,
898 1639 974 1704 ὡς
1003 1641 1239 1711 εἴρηται,
1273 1641 1433 1709 λόγον
1464 1641 1787 1712 νοουμένηνο

202 1733 338 1801 μίαν
371 1733 469 1786 καὶ
518 1733 707 1803 μόνην,
757 1733 1066 1805 ἀδιαίρετόν
1091 1750 1151 1786 τε
1199 1734 1296 1788 καὶ
1328 1732 1661 1805 ἀσύγχυτον,
1694 1732 1790 1785 καὶ

1883 550 2164 617 unionem,
2194 547 2599 616 indivisamque
2646 560 2711 600 ac
2742 546 2911 601 nullis
2934 546 3158 600 scissam
3186 548 3457 617 partibus,

1884 640 2313 697 discretionem:
2343 638 2610 694 unitatem
2641 636 2864 707 quidem
2912 637 3216 692 secundum
3266 652 3462 693 essen-

1886 735 1978 789 tia:
2005 731 2244 805 (essendi
2295 730 2529 801 scilicet)
2577 730 2847 784 rationem
2869 769 2883 794 ,
2920 738 2975 783 at
3007 743 3119 783 non
3154 729 3459 790 secundum

1885 824 2343 894 compositionem
2376 830 2471 876 aut
2494 820 2951 885 contractionem,
2982 820 3097 875 sive
3126 820 3293 874 ullam
3322 835 3460 874 con-

1886 917 2193 981 fusionem;
2235 915 2544 969 trinitatem
2580 928 2715 968 vero
2753 912 3061 968 secundum
3106 914 3272 967 talem
3319 913 3465 967 exsi-

1886 1008 2066 1062 stendi
2109 1022 2174 1061 ac
2210 1005 2563 1061 subsistendi
2599 1005 2903 1069 rationem;
2935 1020 3047 1058 non
3079 1018 3214 1058 vero
3262 1018 3464 1057 secun-

1886 1099 2018 1153 dum
2046 1097 2376 1153 divisionem
2416 1107 2513 1151 aut
2559 1096 2961 1161 diversitatem,
3007 1095 3243 1149 ullamve
3298 1093 3468 1163 parti-

1888 1191 2114 1245 tionem.
2168 1190 2291 1246 Non
2348 1190 2498 1244 enim
2547 1187 2732 1243 unitas
2783 1188 3041 1257 personis
3109 1186 3286 1241 divisa
3347 1193 3463 1251 est,

1888 1296 2068 1353 neque
2099 1282 2154 1335 in
2194 1281 2277 1336 eis
2324 1280 2629 1336 secundum
2678 1280 3060 1335 habitudinem
3104 1280 3269 1343 inest,
3298 1278 3466 1348 inque

1889 1374 2000 1429 illis
2023 1372 2405 1429 consideratur
2431 1390 2443 1426 :
2468 1387 2648 1442 neque
2677 1386 2928 1441 persona:
2960 1370 3016 1424 in
3044 1370 3315 1424 unitatem
3336 1384 3466 1423 coa-

1888 1464 2104 1520 lescunt
2149 1462 2578 1533 compositione,
2627 1468 2724 1515 aut
2788 1475 2909 1514 eam
2961 1459 3187 1529 explent
3240 1465 3469 1513 contra-

1889 1556 2107 1622 ctione,
2170 1554 2266 1610 sed
2322 1554 2571 1609 eamdem
2623 1553 2727 1607 sibi
2758 1551 2874 1621 ipsi
2927 1550 3092 1616 idem,
3129 1549 3237 1604 alia
3285 1556 3468 1602 tamen

1889 1658 2054 1719 atque
2090 1648 2197 1702 alia
2251 1646 2489 1701 ratione.
2527 1645 2625 1700 Est
2666 1644 2815 1699 enim
2869 1650 3057 1697 sancta
3106 1654 3466 1711 personarum

1891 1737 2111 1791 trinitas
2147 1734 2451 1790 secundum
2494 1734 2810 1796 essentiam,
2849 1742 2906 1787 et
2948 1730 3185 1799 simplici
3230 1744 3329 1784 sua
3384 1744 3471 1781 ra-

200 1826 386 1897 ἁπλῆν
434 1828 528 1879 καὶ
572 1825 845 1897 ἀμείωτον
895 1804 989 1881 καὶ
1047 1804 1483 1898 ἀπαράλλακτον
1530 1826 1785 1897 θεότητα·

1893 1830 2064 1894 tione,
2092 1830 2276 1883 unitas
2300 1826 2588 1880 inconfusa
2611 1842 2627 1891 ;
2660 1831 2959 1892 sanctaque
2984 1822 3172 1876 unitas
3193 1819 3469 1889 personis,

204 1920 417 1991 μονάδα
476 1920 621 1974 κατά
671 1920 775 1991 τὴν
841 1920 1031 1974 οὑσίαν
1074 1921 1203 1991 ὅλην
1260 1920 1647 1991 ὑπάρχουσαν,
1694 1917 1791 1970 καὶ

199 2016 332 2085 ὅλην
359 2014 558 2085 τριάδα
602 2015 702 2087 τὴν
747 2015 918 2085 αὑτὴν
954 2017 1073 2079 ταῖς
1109 2014 1485 2078 ὑποστάσεσι,
1527 2012 1624 2066 καὶ
1659 2010 1790 2082 μίαν

200 2106 323 2170 ἑνὸς
347 2105 721 2178 τρισσοφαοῦς
763 2108 963 2160 ἀκτῖνα
1006 2107 1183 2177 φωτὸς
1213 2105 1504 2177 μονοειδῶς
1539 2104 1783 2174 ἐπιλάμ-

200 2214 438 2250 πουσαν·
476 2199 562 2267 ἐφ’
587 2191 632 2266 ᾧ
674 2198 769 2251 καὶ
806 2197 906 2268 τὴν
929 2197 1129 2268 ψυχὴν,
1165 2197 1444 2268 όμοτίμως
1466 2198 1581 2260 τοῖς
1611 2195 1791 2263 ἁγίοις

200 2290 462 2357 ἀγγέλοις
493 2291 620 2353 τοὺς
656 2290 913 2359 ἐκφανεῖς
942 2289 1039 2341 xui.
1076 2290 1333 2359 έφικτοὺς
1365 2292 1431 2361 τῇ
1458 2289 1633 2343 κτίσει
1662 2286 1790 2357 περὶ

201 2382 461 2453 θεότητος
512 2382 815 2453 δεξαμένην
863 2381 1076 2449 λόγους,
1126 2382 1223 2435 καὶ
1260 2379 1570 2451 συμφώνως
1602 2379 1790 2441 αὑτοῖς

202 2475 488 2543 ἀσιγήτως
535 2475 797 2545 ἀνυμνεῖν
845 2472 1127 2544 μαθοῦσαν
1179 2472 1474 2545 τριαδικῶς
1525 2472 1624 2542 τὴν
1659 2468 1789 2540 μίαν

203 2564 460 2634 θεάτητα,
501 2564 597 2616 ἐπὶ
632 2564 732 2636 τὴν
761 2564 900 2616 κατά
929 2562 1092 2633 χάριν
1136 2561 1203 2615 δι’
1227 2561 1553 2631 ὁμοιότητος
1610 2563 1793 2628 ἐμφε-

204 2652 331 2723 ροῦς
398 2652 674 2706 υἱοθεσίαν
731 2651 987 2723 ἀχθῆναι·
1027 2650 1095 2704 δι’
1130 2646 1199 2723 ἧς
1248 2650 1366 2721 μετ’
1404 2650 1450 2681 ⁵³
1489 2650 1655 2721 εὑχάς
1700 2651 1791 2705 τὸν

201 2744 335 2796 Θεὸν
376 2742 623 2816 Πατέρα,
655 2742 914 2814 μυστικόν
942 2759 1002 2796 τε
1036 2743 1219 2815 χάριτι
1249 2743 1342 2796 καὶ
1376 2742 1537 2812 μόνον
1567 2742 1788 2812 ἔχουσα,

205 2834 343 2905 πρὸς
384 2834 449 2887 τὺ
486 2834 549 2887 ῑν
602 2834 702 2903 τῆς
746 2832 914 2888 αὑτοῦ
959 2833 1325 2905 κρυφιότητος
1377 2831 1499 2885 κατ’
1535 2830 1793 2885 ἔκστασιν

210 2926 434 2979 πάντων
476 2924 897 2996 συναχθήσεταιο
940 2925 1035 2979 καὶ
1076 2923 1330 2978 τοσοῦτον
1370 2922 1617 2976 πείσεται
1656 2922 1793 2991 μᾶλ-

210 3018 319 3082 λον,
346 3018 384 3089 ἢ
428 3016 701 3085 γνώσεται
727 3017 797 3071 τὰ
827 3018 967 3071 θεῖαο
998 3018 1121 3071 ὅσον
1166 3017 1241 3088 μὴ
1275 3017 1475 3087 ἑαυτῆς
1504 3009 1647 3070 εἶναι
1679 3012 1796 3085 βού-

1891 1937 1956 1976 ac
1989 1918 2158 1974 modo
2188 1916 2513 1981 exsistendi,
2543 1916 2785 1971 trinitas.
2826 1914 2957 1980 Quae
2983 1913 3177 1968 eadem
3213 1920 3323 1965 tota
3364 1910 3473 1963 hoc

1890 2022 1948 2067 et
1984 2011 2123 2066 illud
2146 2010 2437 2075 distincte,
2459 2007 2567 2063 alia
2594 2016 2758 2077 atque
2788 2006 2892 2059 alia
2917 2006 3152 2069 ratione,
3177 2010 3237 2056 ut
3261 2002 3470 2056 dictum

1890 2112 1993 2168 est,
2028 2103 2399 2173 intelligatur,
2432 2116 2540 2154 una
2574 2107 2632 2153 et
2657 2096 2947 2168 singularis
2984 2095 3376 2163 individuaque
3415 2100 3473 2146 et

1891 2196 2200 2259 inconfusa,
2228 2193 2482 2262 simplex.
2516 2191 2730 2259 integra
2754 2196 2813 2243 et
2844 2185 3316 2241 incommutabilis
3343 2184 3472 2239 Dei-

1891 2300 1975 2345 tas
1999 2308 2012 2343 :
2044 2305 2167 2359 qua:
2194 2287 2499 2343 secundum
2538 2283 2838 2339 essentiam
2866 2290 2978 2336 tota
3016 2280 3198 2335 unitas
3217 2280 3469 2341 exsistat,

1892 2391 2118 2453 totaque
2165 2381 2357 2436 eadem
2391 2376 2642 2449 personis
2687 2377 2759 2429 sit
2816 2375 3066 2439 trinitas,
3109 2382 3273 2442 atque
3302 2386 3472 2426 unum

1892 2475 2058 2531 unius
2079 2475 2223 2530 trine
2258 2472 2495 2527 lucentis
2532 2468 2758 2525 luminis
2794 2468 3008 2522 radium
3037 2466 3327 2535 eﬂulgeat,
3364 2478 3475 2533 quo

1891 2576 1948 2623 et
1982 2567 2186 2632 anima,
2217 2565 2336 2636 pari
2365 2579 2489 2620 cum
2529 2561 2733 2617 sanctis
2768 2560 2978 2631 angelis
3025 2558 3311 2629 dignitate,
3364 2556 3477 2610 cla-

1892 2673 2002 2722 ras,
2028 2673 2092 2712 ac
2121 2672 2262 2727 quas
2287 2663 2543 2711 creatura
2577 2651 2795 2721 assequi
2827 2657 3027 2720 potest,
3054 2648 3277 2703 deitatis
3309 2645 3476 2700 ratio-

1892 2765 1992 2804 nes
2026 2748 2360 2818 suscipiens,
2384 2746 2614 2816 parique
2644 2745 2753 2799 illis
2783 2755 3055 2798 consensu
3091 2740 3241 2794 nullo
3267 2737 3477 2793 indicto

1893 2840 2114 2894 silentio
2164 2846 2259 2892 aut
2307 2835 2499 2905 requie
2563 2850 2729 2889 unam
2778 2832 2922 2887 trine
2978 2830 3245 2887 deitatem
3312 2827 3474 2882 docta

1892 2931 2141 2995 laudare,
2190 2928 2259 2984 ad
2292 2927 2671 2998 adoptionem,
2705 2940 2830 2994 quae
2858 2933 2945 2979 cst
2983 2922 3178 2992 gratia,
3204 2934 3477 2989 expressa:

1892 3024 1947 3079 vi
1994 3021 2378 3079 similitudinis
2438 3024 2793 3090 promoveat;
2853 3014 3011 3085 cujus
3059 3012 3274 3067 ratione
3331 3010 3478 3063 inter

206 3106 423 3171 λεσθαι,
479 3108 616 3179 μηδὲ
669 3108 730 3173 ἐξ
759 3108 963 3174 ἑαυτῆς
1010 3108 1103 3177 ὑφ’
1133 3108 1333 3179 ἑαυτῆς
1383 3106 1416 3178 ἦ
1452 3106 1615 3160 ἄλλου
1647 3105 1791 3170 τινὸς

1894 3115 2236 3189 precandum
2265 3115 2441 3170 Deum
2478 3113 2698 3168 Patrem
2725 3107 3016 3179 mysticum
3052 3113 3218 3174 atque
3250 3101 3476 3157 unicum

205 3199 521 3270 γνωσθῆναι
564 3199 857 3265 δύνασθαι,
896 3201 930 3271 ἢ
984 3200 1146 3270 μόνου
1184 3199 1283 3253 τοῦ
1324 3200 1455 3269 ὅλην
1490 3198 1794 3268 όιγιιθοπρε⁹

208 3288 329 3351 πῶς
365 3288 543 3357 αὑτὴν
579 3290 933 3359 ἀνειληφότος
976 3289 1099 3344 ὅλου
1155 3289 1317 3354 Θεοῦ,
1360 3291 1455 3343 καὶ
1488 3290 1609 3344 ὅλον
1653 3291 1790 3361 αὐτῇ

209 3381 539 3452 θεοπρεπῶς
594 3382 691 3456 ὅλῃ
735 3381 879 3454 [ὅλον
937 3384 1074 3455 αὑτῇ
1126 3382 1447 3454 θεοπρεπῶς
1497 3381 1658 3455 ὅλως]
1699 3384 1795 3435 καὶ

210 3474 444 3538 ἀπαθῶς
496 3475 687 3530 ἑαυτὸν
737 3476 995 3541 ὲνιέντος,
1038 3476 1132 3531 καὶ
1170 3476 1299 3547 ὅλην
1352 3475 1791 3545 θεοποιήσαντος⁸

206 3566 285 3630 ὡς
333 3562 503 3632 εἶναι,
550 3567 737 3632 καθώς
784 3585 951 3639 φησιν
997 3570 1027 3623 ό
1076 3570 1342 3638 πανάγιος
1393 3562 1797 3639 Ἀρεοπαγίτης

208 3657 493 3720 Διονύσιος
515 3697 531 3721 ,
576 3656 759 3713 εἰκόνα
793 3660 890 3712 καὶ
923 3660 1233 3731 φανέρωσιν
1269 3658 1366 3713 τοῦ
1400 3658 1642 3729 ἀφανοῦς
1680 3676 1792 3727 φω-

205 3751 300 3813 τὸς
320 3791 335 3816 ,
366 3748 634 3819 ἔσοπτρον
675 3749 1003 3822 ἀκραιφνὲς,
1030 3750 1428 3815 διειδέστατον,
1487 3748 1789 3819 ἀλὼὁητον,

206 3840 885 3913 ἀχραντον,ἀκηλίδωτον,
930 3842 1304 3913 είσδεχόμενον
1343 3841 1495 3913 ὅλην,
1538 3842 1588 3895 εἰ
1633 3840 1793 3913 θέμις

206 3936 425 3997 εἰπεῖν,
473 3933 575 4004 τὴν
630 3932 941 4005 ὡραιότητα
999 3932 1095 3987 τοῦ
1168 3933 1555 4003 ἀγαθοτύπου,
1622 3931 1796 3985 θεοει-

1897 3225 1997 3281 per
2016 3208 2249 3280 gratiam
2298 3206 2548 3269 habens,
2581 3203 2637 3257 in
2670 3201 2900 3257 occulta:
2933 3199 3055 3269 ejus
3088 3194 3310 3251 deitatis
3343 3207 3475 3256 uno,

1897 3300 2148 3355 omnium
2209 3313 2397 3353 rerum
2448 3308 2682 3351 excessu
2710 3333 2725 3358 ,
2772 3290 3063 3361 colligetur
3103 3294 3476 3353 :tantumque

1899 3392 2085 3447 divina
2109 3390 2283 3461 magis
2310 3389 2576 3460 patietur,
2596 3401 2762 3457 quam
2793 3400 2857 3440 ea
2887 3383 3124 3445 sciet,ut
3155 3394 3225 3433 ne
3253 3376 3477 3447 quidem

1899 3483 1985 3538 sui
2029 3483 2148 3553 ipsa
2175 3496 2298 3538 esse
2334 3480 2488 3547 velit,
2530 3493 2712 3548 neque
2748 3492 2817 3532 ex
2845 3490 2905 3531 se
2946 3490 2977 3528 a
3019 3472 3223 3542 seipsa,
3250 3468 3337 3524 vel
3363 3466 3479 3521 ullo

1899 3576 2007 3630 alio
2038 3574 2291 3645 cognosci
2323 3573 2519 3644 possit,
2548 3581 2916 3643 praeterquam
2940 3584 3009 3624 ex
3040 3567 3159 3637 ipso
3188 3563 3475 3626 duntaxat,

1895 3667 1990 3739 qui
2049 3675 2217 3722 totam
2244 3667 2418 3737 ipsam
2466 3665 2703 3734 benigne
2730 3675 2907 3731 exque
2958 3658 3089 3713 boni
3135 3652 3468 3716 rationibus,

1894 3760 2041 3816 Deus
2068 3768 2217 3815 totus
2254 3758 2521 3828 suscepit,
2547 3765 2836 3824 totumque
2860 3770 2921 3809 se
2952 3752 3031 3806 illi
3064 3751 3187 3815 toti,
3216 3758 3277 3803 ut
3306 3747 3477 3802 Deum

1898 3851 2084 3917 decet,
2114 3852 2254 3906 citra
2285 3852 2454 3906 ullam
2488 3850 2823 3920 passionem,
2856 3845 3080 3909 indidit,
3102 3859 3167 3898 ac
3190 3851 3357 3897 totam
3390 3838 3479 3903 di;-

1893 3944 2126 3999 vinitate
2175 3944 2409 4008 imbuit,
2467 3942 2606 3996 adeo
2647 3950 2726 4005 ut,
2771 3942 2917 3995 sicut
2963 3938 3049 3991 vir
3098 3932 3480 3991 sanctissimus

208 4029 317 4092 ὅῶς
348 4027 448 4083 καὶ
499 4026 785 4097 ἀμειώτως
816 4027 1129 4098 ἑπιλάμπον
1183 4029 1244 4082 έν
1304 4026 1505 4099 ἑαυτῷ,
1541 4025 1791 4095 καθάπερ

1896 4036 2188 4107 Dionysius
2213 4034 2543 4105 AreOpagita
2573 4034 2671 4097 ait,
2706 4032 2888 4101 imago
2910 4030 2985 4084 sit
3016 4043 3079 4083 ac
3109 4024 3480 4081 manifestatio

211 4114 322 4171 οἷόν
377 4117 439 4172 τέ
485 4120 624 4183 ἐστι,
673 4119 772 4191 τὴν
814 4119 1129 4190 ἀγαθότητα
1176 4119 1280 4191 τῆς
1328 4120 1388 4173 ὲν
1431 4118 1649 4183 ἀδύτοις
1714 4133 1791 4170 σι-

1896 4129 2314 4200 inaspectabilis
2380 4127 2648 4192 luminis;
2717 4124 3070 4181 verissimum
3146 4118 3477 4190 speculum,

211 4211 334 4281 γῆς·
1903 4220 2420 4290 pellucidissimum,
2454 4219 2726 4289 integrum
2748 4257 2763 4281 ,
2797 4215 3144 4285 impollutum
3164 4252 3178 4273 .
3211 4209 3359 4263 nulla
3390 4207 3480 4261 fu-

210 4313 425 4358 scatum
449 4305 688 4370 macula,
720 4303 867 4375 quod
901 4312 1072 4359 totam
1113 4302 1169 4358 in
1208 4317 1290 4368 se,
1356 4311 1419 4358 ut
1482 4304 1561 4360 ita
1588 4305 1755 4363 liceat
1784 4308 1960 4380 loqui,
1991 4310 2326 4381 exemplaris
2383 4310 2515 4364 boni
2568 4307 3043 4380 pulchritudinem
3090 4301 3291 4371 capiat,
3357 4296 3481 4352 dei-

207 4394 492 4464 l’ormiter,
516 4406 611 4543 ffet
662 4408 723 4453 ut
768 4397 908 4452 nihil
932 4396 1097 4463 desit,
1148 4396 1207 4451 in
1247 4395 1462 4467 seipso,
1496 4414 1600 4469 pro
1634 4415 1703 4456 eo
1734 4417 1800 4457 ac
1835 4418 2162 4460 concessum
2192 4412 2299 4468 est,
2328 4405 2448 4475 ejus
2470 4402 2683 4458 silentii
2716 4400 2862 4472 quod
2923 4398 2978 4452 in
3034 4395 3216 4467 adytis
3248 4400 3351 4456 est,
3380 4390 3480 4445 bo-

212 4486 448 4543 nitatem
476 4504 511 4543 e
558 4488 773 4543 ulzens.

212 4486 448 4543 nitatem
476 4487 773 4560 effulgens.

782 4603 1033 4657 ΚΕΦΑΛ.
1064 4604 1195 4658 KA'.

221 4720 406 4775 Τίνων
432 4718 611 4797 ἐστίν
637 4717 1001 4797 ἐκερζητική
1024 4734 1087 4771 τε
1117 4716 1217 4797 τεαὶ
1241 4717 1673 4797 ἀποτεελισιτικῂ
1688 4736 1802 4797 μυ-

281 4789 577 4856 στηρίων,
626 4787 724 4841 διὰ
754 4786 870 4856 τῶν
900 4786 1277 4852 τελουμένων
1302 4788 1452 4841 κατὰ
1485 4786 1601 4855 τὴν
1625 4786 1805 4856 ἁγίαν

281 4855 554 4920 σύναξιν
587 4855 823 4924 θεσμῶν
874 4857 946 4910 ἐν
993 4856 1114 4920 τοῖς
1161 4856 1399 4922 πιστοῖς
1446 4858 1545 4910 καί
1575 4855 1805 4923 πιστῶς

281 4926 749 4996 συναγομένοις,
774 4927 813 4995 ή
839 4924 1269 4996 παραμένουσα
1292 4926 1398 4981 τοῦ
1423 4926 1598 4996 ἁγίου
1619 4928 1804 4981 Uret)-

275 4995 475 5067 ματος
506 4995 692 5065 χάρις·

284 5110 599 5182 Τοιγαροῦν
626 5110 764 5180 ᾤετο
788 5110 899 5163 δεῖν
928 5110 956 5160 ὁ
985 5108 1255 5179 μακάριος
1275 5105 1477 5179 γέρων,
1502 5106 1596 5160 καὶ
1622 5123 1801 5177 παρα-

220 5203 409 5257 καλεῖν
442 5204 546 5257 οὑκ
572 5201 811 5256 ἐπαύετο
839 5202 1019 5262 πάντα
1044 5199 1375 5271 Χριστιανὸν
1397 5240 1411 5265 ,
1445 5201 1512 5270 τῇ
1538 5198 1672 5269 ἁγίᾳ
1702 5198 1799 5251 τοῦ

220 5294 357 5349 Θεοῦ
393 5294 698 5365 Ἐκκλησία
726 5292 1039 5363 σχολάζειν,
1090 5290 1186 5345 καὶ
1218 5290 1292 5361 μὴ
1321 5288 1800 5359 ἀπολιμπάνεσθαι

225 5396 353 5433 ποτε
383 5379 486 5449 τῆς
513 5381 575 5433 έν
597 5380 735 5450 αὑτῇ
761 5379 1089 5450 τελουμένης
1122 5377 1281 5446 ἀγίας
1312 5374 1606 5441 συνάξεως,
1631 5376 1720 5430 διά
1739 5394 1799 5430 τε

226 5472 350 5537 τοὺς
380 5472 800 5560 παραμένοντας
828 5472 965 5543 αὑτῇ
996 5472 1185 5540 ἁγίους
1213 5468 1505 5539 ἀγγέλους,
1536 5469 1630 5522 καὶ
1659 5469 1797 5522 ἀπο-

2357 4606 2521 4677 513
2554 4605 2784 4662 CAPUT
2828 4603 3018 4658 xxw.

1900 4722 2140 4792 Quorum
2173 4722 2451 4792 operatria:
2494 4728 2654 4789 atque
2705 4717 2935 4792 eﬁ'ectria:
2966 4715 3354 4792 mysteriorum,
3386 4727 3481 4780 per

1968 4808 2054 4845 eos
2092 4783 2223 4845 rimi
2257 4808 2319 4845 ac
2337 4783 2677 4845 caeremonias
2710 4783 2889 4858 ᾀὶιανὶη
2910 4783 3097 4858 sancta
3122 4783 3314 4854 synaxi
3332 4796 3480 4858 pem.

1972 4871 2193 4932 guntur,
2234 4862 2291 4914 in
2336 4860 2602 4932 ﬁdelibus,
2634 4876 2696 4912 ac
2722 4856 2793 4932 iis
2826 4860 2916 4925 qui
2933 4856 3477 4932 [idepangregantun

1971 4926 2087 5003 quae
2121 4926 2344 4996 assistit,
2359 4930 2587 5002 Spiritus
2612 4930 2783 4983 sancti
2806 4927 2984 4998 gratia
3017 4926 3105 4979 sit.

1968 5106 2328 5163 Existimabat
2352 5106 2522 5178 igitur
2537 5104 2737 5160 beatus
2766 5102 2855 5156 ille
2884 5114 3074 5163 senex,
3099 5111 3203 5151 nec
3232 5094 3481 5166 singulos

1896 5212 2146 5267 quosque
2175 5195 2522 5252 Christianos
2546 5193 2757 5249 hortari
2783 5188 3039 5247 cessabat
3062 5194 3124 5241 ut
3157 5184 3482 5255 frequentes

1895 5296 2082 5344 essent
2131 5287 2189 5342 in
2232 5294 2422 5343 sancta
2452 5286 2548 5342 Dei
2590 5282 2849 5346 ecclesia,
2909 5296 3013 5335 nec
3046 5294 3293 5348 unquam
3333 5294 3365 5332 a
3420 5292 3481 5332 re

1898 5394 2094 5444 sacra,
2152 5394 2276 5450 quae
2309 5379 2367 5433 in
2416 5365 2498 5433 ea.
2543 5375 2865 5447 peragitur,
2926 5369 3300 5432 decederent,
3362 5376 3479 5421 tum

1898 5478 2124 5539 propter
2153 5471 2479 5526 assistentes
2511 5466 2758 5538 angelos,
2788 5480 2853 5520 ac
2876 5461 3126 5535 quotidie
3152 5475 3248 5516 eos
3273 5459 3373 5531 qui
3396 5457 3481 5513 in-

1550 5622 1778 5680 VARIAE
1812 5624 2214 5683 LECTIONES.

303 5738 352 5771 "
377 5736 494 5793 κατ’
528 5752 578 5794 c.
606 5737 672 5793 Λ.
696 5745 752 5793 ct
784 5736 874 5792 Fr.
