4036 6278
603 314 734 378 103'

1809 315 1870 375 S.
1910 313 2200 376 MAXIMI
2235 313 2744 376 CONFESSORIS

3721 323 3802 389 ’ίθί

601 429 750 478 trant
792 421 847 476 in
894 420 1082 483 album
1119 419 1448 486 referentes,
1477 419 1697 490 Deoque
1727 420 2146 478 manifestantes

2290 421 2673 492 γραφομένους
2722 422 2984 477 ἑκάστοτε
3035 423 3164 490 τοὺς
3207 424 3475 490 εἰσιόντας
3503 428 3591 482 καὶ
3615 431 3799 504 ἐμφανί.

600 525 666 566 ac
690 525 796 580 pro
823 511 906 567 eis
953 526 1146 581 preces
1171 519 1407 580 votaque
1449 510 1752 576 facientes;
1799 520 1917 566 tum
1956 521 2185 582 propter

597 601 842 670 Spiritus
892 602 1072 657 sancti
1118 617 1338 670 semper
1369 602 1597 672 quidem
1653 602 2037 673 inaspectabili
2092 619 2183 658 τεο

597 692 746 747 tione
775 701 1102 762 praesentem
1130 693 1385 763 gratiam,
1420 693 1775 762 peculiariter
1803 707 1988 750 autem
2004 695 2183 750 maxi-

595 799 684 838 me
741 798 854 854 quo
903 793 1155 854 tempore
1211 800 1302 840 res
1343 800 1501 840 sacra
1560 786 1878 856 peragitur,
1932 786 2182 856 singulos

593 889 848 943 quosque
881 873 978 944 qui
1023 874 1390 930 inveniuntur
1425 884 1886 932 transmutantem
1917 878 2182 947 velutque

596 965 1110 1031 transformantem,
1161 981 1226 1020 ac
1254 981 1384 1021 vere
1433 965 1488 1020 in
1526 967 1578 1020 id
1609 967 1756 1036 quod
1786 967 2029 1024 divinius
2071 979 2179 1033 est,

594 1071 697 1124 pro
733 1055 981 1125 ipsorum
1007 1064 1172 1126 captu
1205 1071 1270 1111 ac
1292 1057 1453 1112 modo
1493 1058 1874 1114 traducentem
1924 1069 2087 1130 atque
2110 1062 2180 1116 ad

594 1149 676 1213 id,
704 1148 853 1218 quod
885 1147 1145 1220 mysteria
1190 1165 1314 1219 quae
1342 1159 1681 1220 peraguntur
1716 1152 2056 1222 signiﬁcant,
2082 1153 2181 1209 de-

591 1241 889 1297 ducentem
939 1242 1068 1314 (etsi
1125 1242 1171 1298 is
1195 1242 1286 1298 cui
1328 1243 1458 1297 talia
1505 1244 1768 1299 accidunt
1811 1245 1960 1300 haud
2011 1261 2176 1302 sensu

590 1333 884 1403 percipiat,
921 1334 966 1388 si
1000 1333 1167 1388 modo
1200 1349 1269 1388 ex
1300 1333 1408 1389 illis
1434 1342 1542 1397 est,
1581 1334 1676 1403 qui
1705 1335 1763 1388 in
1795 1333 2019 1390 Christo
2055 1351 2180 1405 paro

590 1424 708 1478 vuli
739 1432 890 1489 sunt,
925 1440 1027 1480 nec
1062 1425 1118 1480 in
1146 1439 1341 1480 eorum
1383 1441 1507 1494 qua;
1539 1424 1678 1479 ﬁunt
1727 1426 2064 1495 profundum
2093 1427 2180 1481 in-

591 1515 739 1570 tueri
764 1515 970 1586 valent)
990 1531 1154 1586 quam
1178 1515 1419 1585 denique
1441 1516 1656 1587 singula
1682 1516 1752 1572 iis
1783 1517 1983 1572 ritibus
2012 1517 2178 1571 insti-

589 1613 728 1670 tuta,
748 1607 938 1662 divina
955 1607 1154 1664 salutis
1169 1607 1438 1679 symbola,
1459 1617 1519 1662 ut.
1534 1608 1739 1672 ferunt,
1758 1608 2014 1678 gratiam,
2031 1609 2178 1664 serie

584 1698 824 1768 quadam
857 1713 921 1756 ac
951 1699 1169 1765 ordine,
1197 1699 1266 1755 ab
1294 1701 1362 1756 iis
1387 1715 1509 1770 quae
1540 1701 1789 1770 proxima
1823 1700 2025 1755 suntad
2051 1716 2173 1756 om-

587 1787 739 1843 nium
760 1806 933 1860 usque
957 1791 1142 1857 ﬁnem,
1172 1791 1226 1846 in
1245 1792 1328 1847 eis
1348 1769 1700 1862 praestantem
1731 1807 1796 1849 ac
1813 1792 2166 1850 efﬁcientem.
2207 1769 2248 1825 Β

655 1880 836 1950 Atque
876 1883 934 1937 in
982 1883 1162 1953 primo
1225 1883 1452 1954 quidem
1521 1884 1756 1940 introitu
1821 1885 2171 1942 inﬁdelitatis

583 1970 939 2040 eiectionem,
988 1975 1120 2031 ﬁdei
1144 1983 1521 2047 augmentum,
1552 1977 1670 2031 vitii
1698 1979 2166 2044 extenuationem,

583 2060 806 2116 virtutis
825 2063 1221 2126 accretionem,
1248 2064 1573 2134 ignorantia:
1589 2064 1968 2129 abolitionem,
1992 2067 2171 2121 scien-

584 2147 675 2203 tia:
699 2149 1096 2205 accessionem.
1123 2152 1227 2207 Per
1260 2152 1578 2206 divinorum
1602 2163 1788 2208 autem
1821 2154 2169 2223 eloquiorum

580 2240 947 2306 auditionem,
997 2243 1198 2298 horum
1253 2260 1375 2314 qua:
1405 2244 1554 2300 dicta
1591 2255 1721 2300 sunt
1752 2245 1902 2318 (ﬁdei
1933 2247 2166 2313 scilicet,

579 2332 806 2386 virtutis
841 2348 907 2387 ac
935 2334 1208 2405 scientiae)
1261 2335 1451 2391 ﬁrmos
1477 2344 1812 2406 tenacesque
1849 2337 2073 2393 habitus
2106 2355 2172 2395 ac

581 2421 996 2492 dispositiones.
1020 2425 1124 2479 Per
1145 2440 1211 2479 ea
1230 2434 1416 2481 autem
1439 2442 1561 2496 qua
1588 2426 1705 2481 haec
1721 2437 2166 2497 consequuntur,

578 2511 768 2566 divina
794 2515 1031 2579 cantica,
1060 2525 1426 2584 spontaneum
1453 2517 1652 2572 anima:
1685 2517 1740 2572 in
1763 2517 1998 2573 virtutes
2033 2534 2168 2574 con-

578 2618 826 2672 sensum,
869 2621 933 2661 ac
961 2622 1130 2677 quam
1182 2623 1247 2662 ea
1281 2624 1349 2663 ex
1373 2608 1482 2664 illis
1515 2609 1824 2680 spiritalem
1871 2619 2169 2682 menteque

579 2702 742 2751 tenus
768 2697 1104 2767 voluptatem
1147 2699 1319 2753 sumit
1353 2708 1410 2754 et
1437 2701 1869 2771 iucunditatem.
1917 2704 2022 2760 Per
2075 2720 2168 2760 sa-

574 2803 728 2844 cram
741 2805 874 2846 vero
891 2791 1064 2846 sancti
1085 2791 1366 2863 Evangelii
1382 2793 1700 2862 lectionem,
1725 2797 1931 2852 terreni
1949 2812 2166 2864 sensus,

578 2888 839 2952 tanquam
873 2882 994 2954 ejus
1021 2884 1210 2939 mundi
1238 2885 1332 2956 qui
1361 2901 1527 2943 sensu
1549 2889 1878 2958 percipitur,
1904 2905 2169 2944 consum-

575 2974 898 3030 mationem.
929 2976 1032 3032 Per
1062 2987 1349 3046 portarum
1374 2988 1560 3034 autem
1594 2980 1859 3050 deinceps
1891 2982 2168 3038 occlusio-

2287 513 2481 579 ζοντας
2499 514 2578 584 τῷ
2597 514 2737 584 Θεῷ,
2767 515 2864 569 καὶ
2885 516 2988 579 τὰς
3012 516 3154 589 ὑπὲρ
3179 519 3364 572 αὐτῶν
3381 521 3583 592 δεήσεις
3602 531 3804 596 ποιουμέ.

2285 617 2409 666 νους
2432 619 2446 634 ·
2510 605 2606 658 καὶ
2651 603 2740 658 διὰ
2783 604 2888 676 τήν
2923 607 3175 677 ἀοράτως
3205 609 3297 662 ἀεὶ
3329 610 3428 679 μὲν
3456 607 3707 682 παροῦσαν
3730 619 3798 672 rei

2285 694 2446 762 ἁγίου
2503 693 2824 764 Πνεύματος
2879 697 3044 766 χάριν
3067 735 3089 762 ,
3151 697 3475 768 ἰδιοτρόπως
3516 701 3570 754 δὲ
3615 704 3801 771 μάλιστα

2283 786 2430 842 κατὰ
2467 786 2562 840 τὸν
2598 787 2793 858 καιρὸν
2824 787 2927 858 τῆς
2951 788 3114 857 ἁγίας
3139 789 3423 856 συνάξεως
3447 831 3461 854 ,
3511 793 3597 846 καὶ
3619 795 3803 850 Euam

2281 879 2392 934 τῶν
2420 879 2834 951 εὑρισκομένων
2867 881 3278 949 μεταποιοῦσάν
3307 900 3367 937 τε
3405 885 3497 938 καὶ
3525 889 3804 955 μετασκευὰς

2283 974 2482 1040 ζουσαν
2507 1015 2522 1038 ,
2571 975 2666 1028 καὶ
2698 975 2898 1044 ἀληθὲς
2913 974 2962 1007 ⁸⁸
2997 975 3484 1045 μεταπλάττουσαν
3514 979 3600 1031 ἐπὶ
3623 979 3676 1032 τὸ
3695 980 3803 1034 θειόο

2279 1077 2439 1133 τερον
2491 1063 2775 1131 ἀναλόγως
2822 1061 3002 1133 ἑαυτῷ
3027 1103 3043 1129 ,
3108 1065 3206 1118 καὶ
3253 1063 3392 1135 πρὸς
3437 1065 3497 1118 τὸ
3531 1066 3803 1137 δηλούμενον

2280 1153 2371 1208 διά
2397 1154 2507 1209 τῶν
2534 1154 2877 1226 τελουμένων
2909 1155 3229 1224 μυστηρίων
3251 1156 3495 1223 ἄγουσαν
3515 1172 3530 1188 ο
3565 1157 3656 1211 κᾶν
3678 1159 3805 1223 αὐτὸς

2282 1245 2360 1316 μὴ
2388 1245 2734 1316 αἰσθάνηται,
2787 1246 2948 1318 εἰπερ
2975 1244 3088 1300 τῶν
3115 1246 3197 1299 ἐτι
3229 1247 3377 1302 κατά
3398 1248 3618 1319 Χριστὸν
3639 1251 3805 1320 νηπίων

2280 1337 2417 1390 ἐστί’
2453 1339 2550 1392 καὶ
2578 1339 2659 1401 εἰς
2687 1338 2749 1391 τὸ
2780 1337 2944 1408 βάθος
2971 1337 3082 1391 τῶν
3103 1338 3413 1408 γινομένων
3436 1341 3562 1410 όρᾷν
3582 1341 3802 1406 ἀδυνατεῖ,

2279 1427 2376 1481 καὶ
2425 1428 2525 1498 τὴν
2569 1427 2906 1499 δηλουμένην
2973 1428 3040 1482 δι’
3077 1428 3319 1483 ἑκάστου
3374 1428 3481 1483 τῶν
3523 1430 3804 1502 τελουμένων

2280 1520 2442 1574 θείων
2492 1521 2780 1591 συμϐόλων
2831 1521 2932 1592 τῆς
2975 1521 3258 1593 σωτηρίας
3306 1523 3366 1574 ὲν
3405 1521 3550 1592 αὑτῷ
3581 1522 3802 1593 χάμνίν-

2278 1627 2303 1662 ε
2313 1610 2552 1681 ργοῦσαν
2569 1650 2584 1674 ,
2621 1611 2746 1666 καθ’
2765 1612 2959 1683 εἱρμὸν
3002 1613 3098 1666 καὶ
3128 1613 3285 1678 τάξιν
3313 1612 3424 1668 ἀπὸ
3447 1613 3551 1667 τῶν
3574 1614 3801 1685 προσεχῶν

2281 1702 2444 1774 μέχρι
2475 1702 2570 1756 τοῦ
2603 1702 2823 1758 πάντων
2851 1703 3042 1769 τέλους
3071 1703 3389 1760 όδεύουσαν.

2340 1876 2502 1931 Κατὰ
2533 1877 2638 1949 μὲν
2666 1876 2892 1950 πρώτην
2921 1878 3126 1934 εἴσοδον
3155 1879 3420 1944 ἀπιστίας
3446 1879 3706 1950 ἀποϐολὴν,
3729 1878 3797 1930 πί-

2273 1985 2442 2032 στεως
2486 1967 2748 2041 αὔξησιν,
2805 1969 3006 2033 κακίας
3051 1969 3313 2040 μείωσιν,
3369 1969 3565 2041 ἀρετῆς
3589 1970 3794 2031 ἐπίδοσιν,

2269 2061 2494 2130 ἀγνοίας
2538 2060 2885 2132 ἀφανισμὸν,
2957 2062 3218 2130 γνώσεως
3261 2061 3590 2135 προσθήκην.
3640 2061 3718 2114 Διά
3751 2060 3794 2114 δί

2268 2155 2368 2224 τῆς
2400 2153 2723 2225 ἀκροάσεως
2750 2153 2858 2207 τῶν
2885 2153 3048 2206 θείων
3073 2153 3279 2223 λογίων
3301 2195 3317 2218 ,
3374 2153 3473 2216 τὰς
3497 2154 3598 2207 τῶν
3619 2153 3792 2222 εἰρημέ-

2271 2261 2378 2297 νων
2406 2243 2631 2308 τούτων,
2668 2243 2906 2308 πίστεώς
2934 2261 3082 2314 φημι
3112 2244 3210 2298 καί
3235 2245 3442 2316 ἀρετῆς
3465 2245 3554 2298 καὶ
3574 2247 3788 2311 γνώσεως.

2273 2335 2480 2404 παγίας
2512 2335 2607 2389 καὶ
2632 2335 3006 2406 ἀμεταθέτους
3030 2335 3174 2402 ἕξεις
3195 2353 3258 2390 τε
3285 2339 3382 2391 καὶ
3400 2335 3640 2398 διαθίσις.
3661 2333 3790 2387 me

2269 2427 2377 2480 τῶν
2405 2428 2499 2480 ἐπὶ
2523 2426 2735 2491 τούτοις
2765 2426 3246 2498 θείωνᾲσμάτων,
3266 2427 3366 2500 τὴν
3391 2427 3522 2499 πρὸς
3540 2425 3626 2488 τὰς
3639 2423 3788 2494 ἀρετ-ἰς

2269 2520 2366 2587 τῆς
2392 2518 2574 2590 ψυχῆς
2599 2518 2848 2573 ἑκούσιον
2877 2518 3306 2587 συγκατάθεσιν,
3327 2518 3423 2573 καὶ
3444 2517 3540 2588 τὴν
3557 2515 3787 2574 ὲπάὐτσίς

2271 2610 2630 2681 ὲγγινομένην
2682 2610 2821 2682 αὐτῇ
2874 2609 3067 2681 νοεράν
3117 2609 3320 2680 ἡδονὴν
3370 2610 3464 2663 καὶ
3492 2607 3783 2678 τερπνότητα.

2269 2701 2370 2754 Διὰ
2397 2700 2454 2754 δὲ
2498 2700 2595 2770 τῆς
2625 2701 2777 2770 ἱερᾶς
2804 2699 3168 2768 ἀναγνώσεως
3197 2700 3294 2755 τοῦ
3320 2699 3474 2768 ἁγίου
3497 2694 3784 2765 Εὑαγγιλίον,

2268 2793 2370 2864 τὴν
2397 2793 2490 2848 τοῦ
2519 2791 2706 2863 χοῖκοῦ
2731 2793 3100 2864 φρονήματος,
3131 2792 3331 2865 ὥσπερ
3347 2790 3594 2861 αἰσθητοῦ
3609 2789 3783 2858 κόσμον,

2272 2885 2604 2940 συντέλειαν.
2655 2885 2757 2939 Διά
2784 2884 2844 2939 δὲ
2880 2885 2980 2955 τῆς
3009 2885 3146 2956 μετὰ
3171 2884 3352 2940 ταῦτα
3377 2885 3484 2938 τῶν
3507 2880 3661 2954 θυρῶν
3677 2877 3784 2932 κλιί-

2272 2995 2410 3043 σεως
2436 3020 2452 3046 ,
2509 2977 2608 3050 τὴν
2657 2978 2799 3032 κατά
2839 2977 3081 3032 διάθεσιν
3130 2979 3246 3034 ἀπὸ
3270 2978 3459 3032 τούτου
3488 2974 3574 3030 τοῦ
3601 2968 3780 3042 φθαρτοῦ

575 3078 893 3130 nem,eum,
913 3067 1009 3136 qui
1031 3067 1338 3122 secundum
1364 3068 1624 3125 affectum
1649 3081 1754 3138 est,
1780 3087 1810 3126 a
1837 3072 2044 3128 mundo
2060 3073 2168 3129 hoc

2269 3072 2476 3144 κόσμου
2505 3071 2644 3143 πρὸς
2667 3069 2760 3126 τὸν
2781 3071 2971 3165 νοητὸν
2997 3071 3207 3142 κόσμον
3241 3070 3531 3165 μετάϐασιν
3550 3069 3636 3165 τῇς
3649 3061 3783 3165 alexim

569 3157 1032 3227 corruptibili,ad
1047 3160 1315 3215 mundum
1337 3161 1760 3234 intelligibilem,
1774 3163 1971 3220 anima!
1991 3172 2169 3220 trans-

2271 3161 2366 3214 καί⁸
2415 3159 2741 3230 μετάθεσιν·
2797 3152 2955 3229 δι’ἦς
2994 3159 3096 3222 τὰς
3125 3160 3433 3231 αἰσθήσεις,
3469 3155 3630 3226 θυρῶν
3647 3151 3780 3218 δίκην.

577 3249 721 3304 itum
766 3265 831 3305 ac
878 3249 1044 3320 519
1103 3251 1545 3320 traductionem;
1595 3254 1650 3309 vi
1695 3257 1854 3326 cujus
1903 3267 2165 3326 tanquam

573 3339 726 3396 fores
749 3355 946 3396 sensus
973 3342 1294 3408 occludens,
1343 3361 1374 3399 a
1405 3347 1617 3416 peccati
1649 3347 1963 3402 simulacris
2003 3363 2166 3403 mun-

575 3433 677 3488 dos
709 3449 808 3490 eos
840 3433 1040 3488 reddit.
1071 3435 1177 3492 Per
1211 3447 1528 3493 sanctorum
1551 3447 1734 3494 autem
1767 3440 2162 3511 mysteriorum

574 3522 917 3594 ingressum,
963 3524 1350 3594 perfectiorem
1389 3528 1909 3599 abstrusioremque
1950 3545 2016 3585 ac
2061 3545 2166 3584 no-

573 3631 699 3692 vam
739 3617 834 3671 Dei
888 3613 961 3672 in
986 3625 1238 3674 nostrum
1273 3636 1435 3676 usum
1474 3620 1909 3691 dispensationis
1953 3621 2165 3677 doctri-

575 3724 702 3763 nam
733 3725 798 3764 ac
818 3709 1129 3765 scientiam.
1156 3712 1262 3768 Per
1297 3713 1548 3768 divinum
1578 3715 1830 3769 osculum
1866 3731 1931 3772 ac
1955 3716 2164 3771 saluta-

573 3800 808 3868 tionem,
838 3802 1084 3859 omnium
1131 3819 1257 3859 cum
1287 3804 1569 3870 omnibus,
1600 3821 1665 3862 ac
1706 3807 1862 3876 prius
1895 3808 2165 3878 cujusque

573 3905 768 3946 secum
798 3907 862 3946 ac
888 3907 1014 3948 cum
1052 3895 1166 3948 Deo
1189 3893 1502 3949 concordia:
1522 3935 1538 3959 ,
1583 3910 2001 3967 consensusque
2044 3897 2166 3951 ani-

573 3997 795 4038 morqu
842 3998 908 4038 ac
961 3983 1280 4039 dilectionis
1317 3985 1569 4040 eamdem
1608 3987 1719 4041 vim
1763 4003 1827 4044 ac
1868 3991 2161 4047 rationem.

575 4073 682 4128 Per
710 4073 957 4144 Symboli
994 4073 1121 4130 ﬁdei
1152 4075 1582 4143 confessionem,
1621 4093 1916 4149 congruam
1959 4081 2165 4152 gratia-

577 4181 700 4220 rum
731 4165 1007 4220 actionem
1050 4165 1122 4220 ob
1151 4165 1432 4222 inauditos
1465 4182 1530 4222 ac
1574 4168 1857 4226 mirabiles
1898 4172 2162 4240 parandae

576 4265 779 4311 nostrae
830 4255 1026 4312 salutis
1069 4256 1282 4312 modos.
1331 4256 1435 4313 Per
1491 4257 1799 4330 'l‘risagium
1859 4262 2159 4334 hymnum,

579 4347 840 4401 unionem
887 4362 1013 4402 cum
1048 4347 1256 4403 sanctis
1288 4348 1517 4418 angelis,
1555 4365 1855 4421 paremque
1889 4367 2014 4408 cum
2055 4351 2163 4408 illis

2272 3250 2509 3323 μύσασα,
2530 3250 2638 3305 τῶν
2659 3250 2972 3322 καθ’άμαρτ
2983 3251 3065 3306 ίαν
3089 3250 3332 3306 εἰδώλων
3355 3247 3582 3318 καθαρὰς
3597 3238 3784 3310 ἀπεργά-

2269 3343 2442 3408 ζεται.
2505 3343 2606 3398 Διά
2649 3343 2708 3398 δὲ
2755 3343 2858 3414 τῆς
2900 3343 3110 3398 εἰσόδου
3157 3343 3276 3397 τῶν
3320 3341 3486 3412 ἀγίων
3514 3333 3780 3409 μυστηρίων

2266 3435 2366 3508 τὴν
2392 3435 2755 3506 τελειωτέραν
2791 3434 2888 3488 καὶ
2917 3434 3341 3506 μυστικωτέραν
3376 3432 3467 3486 καὶ
3487 3425 3655 3492 καινὴν
3687 3420 3784 3490 περὶ

2266 3528 2366 3598 τὴν
2419 3529 2500 3592 εἰς
2545 3527 2694 3598 ἡμᾶς
2742 3527 3054 3597 οἰκονομίαν
3083 3525 3178 3580 τοῦ
3210 3524 3349 3580 Θεοῦ
3378 3517 3686 3578 διδασκαλίαν
3715 3511 3783 3566 καὶ

2266 3619 2487 3688 γνῶσιν.
2546 3620 2647 3675 Διὰ
2687 3619 2745 3672 δὲ
2793 3617 2888 3672 τοῦ
2936 3617 3083 3672 θείου
3118 3615 3452 3688 ἀσπασμοῦ,
3503 3612 3591 3681 τὴν
3613 3607 3782 3660 πάντων

2267 3711 2406 3783 πρὸς
2455 3711 2666 3774 πάντας
2722 3711 2820 3766 καὶ
2874 3710 3010 3782 πρὸς
3060 3709 3260 3766 ἑαυτὸν
3313 3708 3534 3762 ἑκάστου
3575 3698 3782 3770 πρότερον

2267 3804 2362 3858 καὶ
2388 3803 2482 3857 τὸν
2510 3803 2666 3868 Θεὸν,
2699 3803 2954 3875 ὁμονοίας
2987 3801 3084 3858 καὶ
3109 3797 3562 3870 όμογνωμοσύνης
3583 3790 3664 3844 καὶ
3678 3783 3782 3852 ἀγά·

2267 3912 2379 3964 πης
2401 3895 2728 3967 ταυτότητα.
2762 3894 2860 3949 Διὰ
2876 3893 2933 3950 δὲ
2957 3893 3060 3962 τῆς
3083 3891 3178 3946 τοῦ
3205 3890 3476 3962 συμϐόλου
3497 3886 3584 3955 τῆς
3601 3880 3783 3936 πίστεως

2264 3987 2575 4058 ὁμολογίας,
2624 3985 2724 4056 τὴν
2751 3985 2846 4040 ἐπὶ
2873 3987 2989 4048 τοῖς
3013 3983 3348 4056 παραδόξοις
3369 3979 3578 4053 τρόποις
3599 3974 3680 4066 της
3701 3984 3782 4066 6w:

2263 4081 2460 4149 τηρίας
2504 4079 2661 4149 ἡμῶν
2706 4079 3020 4149 πρόσφορον
3067 4075 3442 4148 εὐχαριστίαν.
3497 4069 3585 4123 Διὰ
3621 4063 3671 4117 δὲ
3711 4063 3782 4111 τοῦ

2265 4171 2582 4240 Τρισαγιου,
2614 4169 2714 4237 τὴν
2748 4167 2884 4239 πρὸς
2915 4167 3044 4231 τοὺς
3068 4167 3261 4236 ἁγίους
3287 4164 3539 4234 ἀγγέλους
3561 4151 3720 4210 ἕνωσίν
3734 4161 3780 4249 τε

2265 4259 2361 4314 καί⁸
2409 4258 2719 4329 ἰσοτιμίαν.
2775 4259 2874 4320 καὶ
2921 4259 3022 4329 τὴν
3067 4259 3351 4314 ἄπαυστον
3392 4254 3485 4324 τῆς
3517 4251 3783 4338 ἀγιαεξικρς

2263 4350 2576 4420 δοξολογίας
2607 4349 2702 4404 τοῦ
2731 4349 2864 4404 Θεοῦ
2901 4348 3194 4420 σῦμφωνον
3223 4346 3485 4402 εὐτονίαν.
3532 4337 3620 4395 Διὰ
3643 4333 3688 4388 δὲ
3707 4333 3782 4420 τῆς

576 4437 932 4510 dignitatem,
975 4453 1078 4493 nec
1117 4437 1279 4493 ﬁnem
1312 4417 1901 4510 unquaurhabituram
1955 4442 2158 4498 divina:

2269 4417 2596 4512 προσευχῆς,
2617 4439 2684 4492 δι’
2701 4433 2769 4511 ἦς
2797 4417 3230 4508 Πατέρανκαλείν
3257 4438 3353 4492 τὸν
3375 4435 3500 4490 Θεὸν
3522 4417 3796 4512 ditavit-$94,.

573 4529 999 4600 gloriﬁcationis
1045 4529 1384 4586 modulatam
1411 4534 1850 4589 consonantiam.
1887 4534 1995 4591 Per
2029 4549 2158 4589 ora-

575 4621 807 4686 tionem,
839 4638 947 4691 qua
978 4623 1153 4676 Deum
1181 4621 1397 4678 Patrem
1432 4639 1633 4680 vocare
1660 4625 2006 4690 conceditur,
2033 4641 2157 4695 quae

574 4715 634 4771 in
661 4715 860 4787 spiritu
890 4724 1005 4783 est,
1037 4716 1384 4773 verissimam
1413 4717 1799 4789 adoptionem.
1846 4717 1952 4773 Per
1984 4713 2152 4783 illud,

575 4807 724 4865 Unus
777 4807 1003 4864 Sanctus
1030 4849 1045 4874 ,
1082 4817 1140 4864 et
1171 4825 1294 4878 quae
1347 4819 1677 4880 sequuntur,
1725 4808 1985 4865 uniﬁcam
2031 4825 2156 4864 cum

572 4901 688 4956 Deo
725 4901 985 4956 unionem
1009 4916 1076 4956 ac
1107 4899 1600 4956 necessitudinem.
1643 4900 1749 4954 Per
1779 4914 2015 4962 sacram,
2047 4914 2157 4967 qua

569 4987 879 5064 impollutis
902 5009 967 5048 ac
997 4991 1236 5047 viviﬁcis
1267 4991 1548 5062 mysteriis
1585 4990 1956 5060 impartimur,
2003 5006 2154 5045 com-

571 5088 916 5150 munionem,
951 5087 1100 5140 illam
1119 5101 1247 5140 cum
1272 5085 1414 5155 ipso,
1433 5093 1642 5154 quanta
1664 5082 1994 5138 mortalibus
2017 5098 2154 5138 con-

568 5194 728 5234 cessa
744 5187 850 5243 est,
870 5193 939 5232 ex
964 5177 1327 5233 similitudine
1347 5177 1665 5232 societatem
1691 5191 1756 5231 ac
1774 5175 2154 5242 identitatem;

574 5284 680 5340 per
711 5281 874 5338 quam
906 5267 1074 5323 homo
1109 5268 1216 5323 hoc
1239 5267 1618 5338 consequitur,
1655 5276 1715 5322 ut
1739 5281 1810 5323 ex
1846 5267 2070 5322 homine
2097 5268 2154 5321 in

576 5357 750 5411 Deum
794 5355 1177 5412 transferatur.
1230 5356 1364 5423 Quae
1403 5359 1553 5414 enim
1602 5345 1713 5423 llic,
1759 5372 1823 5412 ac
1867 5356 2156 5412 mortalem

577 5455 806 5518 agentes
826 5446 1020 5509 vitam,
1050 5463 1152 5516 per
1187 5449 1418 5518 gratiam
1451 5463 1575 5517 qua:
1620 5448 1675 5502 in
1704 5447 1811 5503 ﬁde
1839 5454 1946 5511 est,
1975 5445 2158 5516 perci-

582 5551 713 5606 pere
749 5551 850 5592 nos
889 5535 1066 5590 sancti
1097 5535 1338 5606 Spiritus
1370 5535 1514 5591 dona
1538 5536 1851 5600 credimus;
1880 5534 1999 5590 haec
2029 5549 2183 5602 vere

581 5630 642 5685 in
670 5627 861 5684 futuro
906 5628 1132 5695 saeculo,
1180 5637 1237 5684 et
1272 5635 1331 5682 ut
1381 5628 1560 5699 reipsa
1598 5628 1673 5683 ita
1714 5628 1814 5693 sit,
1855 5626 2158 5684 secundum

658 5743 708 5776 “
741 5744 954 5816 άληθῶς
978 5762 1030 5802 c.
1060 5745 1126 5802 Α.
1151 5744 1219 5800 R.
1256 5743 1472 5815 άληθῶς
1501 5747 1694 5798 εἰπεῖν.

2258 4510 2358 4602 την
2409 4532 2468 4583 ἐν
2499 4510 2846 4602 νχάριτιγτοῦ
2895 4530 3055 4598 ἁγίου
3100 4528 3420 4600 Πνεύματος
3468 4510 3780 4608 ἀληθεστξην

2261 4599 2559 4679 υἱοθεσίαν,
2595 4599 2716 4676 Att).
2754 4621 2811 4675 δὲ
2857 4619 2974 4686 τοῦ,
3022 4615 3127 4686 Εΐς
3159 4599 3383 4689 Ἀγιος,
3429 4612 3516 4668 καὶ
3549 4608 3642 4660 τῶν
3668 4599 3781 4689 siis.

2259 4713 2361 4784 τὴν
2409 4711 2544 4782 πρὸς
2585 4711 2748 4765 αὐτὸν
2785 4711 2876 4764 τὸν
2906 4711 3040 4765 Θεὸν
3073 4686 3321 4764 ἑνοποιὸν
3343 4706 3498 4780 χάριν
3527 4686 3781 4755 καίοίκειό-

2258 4822 2420 4876 τητα.
2472 4803 2573 4860 Διά
2609 4806 2667 4859 δὲ
2709 4805 2810 4876 τῆς
2845 4803 3010 4873 ἁγίας
3041 4802 3400 4876 μεταλήψεως
3427 4796 3530 4852 τῶν
3555 4786 3784 4876 ἀκράνωῗ

2260 4867 2356 4950 καὶ
2413 4894 2694 4961 ζωοποιῶν
2748 4867 3103 4966 μυστηρίων,
3167 4867 3278 4964 τὴν⁷
3321 4890 3456 4964 πρὸς
3491 4882 3636 4938 αὐτὸν
3673 4867 3782 4928 κατά

2265 4987 2480 5058 μέθεξιν
2546 4986 2902 5057 ἐνδεχομένην
2977 4985 3044 5038 δι’
3093 4985 3407 5056 ὁμοιότητος
3460 4967 3780 5068 xciv-revicti:

2264 5057 2360 5132 καὶ
2408 5075 2716 5146 ταυτότητα
2741 5091 2759 5110 °
2812 5075 2881 5129 δι’
2917 5068 2987 5146 ἦς
3035 5073 3291 5142 γενέσθαι
3320 5069 3439 5132 θεὸς
3468 5063 3523 5129 ἐξ
3549 5057 3778 5146 “GM

2263 5139 2685 5234 καταξιοῦταίό
2710 5139 3021 5238 ἄνθρωπος.
3048 5139 3157 5219 δον
3182 5165 3291 5236 γὰρ
3319 5157 3542 5218 ἐνταῦθα
3568 5145 3688 5206 κατὰ
3705 5139 3781 5246 ξῆν

2263 5259 2544 5330 παροῦσαν
2569 5257 2738 5330 ζωὴν,
2773 5257 2866 5311 διὰ
2892 5257 2996 5328 τῆς
3029 5258 3088 5311 ὲν
3115 5256 3300 5311 πίστει
3328 5254 3555 5325 χάριτος.
3578 5245 3781 5296 mimi”

2265 5367 2365 5422 μεν
2437 5349 2823 5420 μετειληφέναι
2872 5348 3095 5420 δωρεῶν
3159 5347 3255 5403 τοῦ
3301 5345 3449 5415 ἁγίου
3491 5333 3780 5422 Πνεύματνςο

2263 5412 2467 5494 τούτων
2519 5440 2577 5493 ὲν
2753 5412 3004 5508 μέλλοντι
3054 5439 3215 5494 αἰῶνι
3269 5412 3420 5493 κατὰ·
3449 5426 3678 5498 ἀλήθειαν
3713 5412 3782 5464 ιν·

2265 5529 2583 5594 υποστάτως
2631 5529 2781 5601 αὑτῷ
2809 5529 2888 5602 τῷ
2917 5530 3212 5603 πράγματι
3239 5569 3257 5596 ,
3309 5524 3443 5584 κατὰ
3469 5519 3558 5590 τὴν
3580 5514 3780 5603 two."

2267 5623 2458 5677 ἐλπίδα
2489 5591 2592 5692 τῆς
2619 5591 3189 5695 πίστεωςΠήμίὒνϊκαὶ
3217 5591 3315 5694 τὴν
3343 5616 3430 5674 τοῦ
3453 5591 3766 5668 inundat“
