4036 6278
218 292 332 359 705

1571 288 2001 350 MYSTAGOGI
2011 290 2049 347 A
2063 336 2076 349 .

3391 290 3500 356 706

226 424 311 459 mu
343 404 577 475 βεϐαίαν
620 403 717 459 καὶ
744 405 1097 477 ἀπαράϐατον
1126 405 1443 476 ὑπόσχεσιν,
1478 402 1804 473 φυλάξαντες

1915 416 2070 472 spem
2098 401 2312 455 ﬁrmam
2345 410 2549 456 nostra:
2580 402 2730 466 ﬁdei,
2758 417 2823 457 ac
2845 404 2967 473 ejus
3001 404 3094 473 qui
3121 402 3401 474 pollicitus
3415 419 3504 462 est

213 499 362 551 κατὰ
417 497 656 568 δύναμιν
708 498 812 561 τὰς
856 499 1075 562 ἐντολάς
1103 538 1118 563 ,
1193 498 1522 567 πιστεύομεν
1570 495 1810 565 καταλή-

208 590 422 659 ψεσθαι
448 593 516 656 ⁸⁵,
567 592 987 661 μεταϐαίνοντες
1014 593 1123 646 ἀπὸ
1148 592 1246 663 τῆς
1273 592 1331 643 ὲν
1358 590 1537 643 πίστει
1566 590 1809 659 χάριτος,

212 684 296 744 εἰς
325 682 431 751 τὴν
479 683 601 735 κατ’
623 679 761 746 εῐδος
789 684 949 754 χάριν
976 698 989 714 ο
1050 681 1472 754 μεταποιοῦντος
1496 682 1527 749 ἡ
1538 681 1642 749 μᾶς
1672 679 1810 748 πρὸς

210 772 416 825 ἑαυτὸν
466 772 670 843 δηλαδὴ
719 774 813 826 τοῦ
846 772 983 827 Θεοῦ
1031 776 1125 827 zeal
1165 774 1417 843 Σωτῆρος
1448 772 1607 843 ἡμῶν
1634 768 1808 839 Ἰησοῦ

208 864 463 934 Χριστοῦ
486 881 499 895 ο
560 868 625 936 τῇ
674 866 1013 937 περιαιρέσει
1068 867 1177 919 τῶν
1218 868 1276 919 ἐν
1311 868 1444 937 ἡμῖν
1478 866 1577 935 τῆς
1604 864 1810 935 φθορᾶς

208 954 646 1025 γνωρισμάτων,
670 955 765 1009 zeal
789 955 855 1008 τά
877 955 1311 1026 παραδειχθέντα
1333 956 1423 1008 διά
1444 954 1552 1007 τῶν
1576 952 1808 1007 ἐνταῦθα

206 1047 499 1117 αἰσθητῶν
564 1048 849 1118 ωμσὸλων
906 1050 1041 1118 ἡμῖν
1099 1048 1385 1117 ἀρχέτυπα
1443 1047 1806 1119 χαριζομένου

210 1140 524 1210 μυστήρια.

275 1390 381 1443 Διὰ
434 1390 491 1443 δὲ
517 1390 581 1443 τὸ
631 1390 1096 1461 εὐμνημόνευτον,
1149 1392 1197 1445 εἰ
1239 1391 1408 1455 δοκεῖ,
1460 1392 1563 1464 τὴν
1594 1392 1705 1445 τῶν
1729 1393 1808 1447 εἰσ

205 1482 475 1551 ρημένων
506 1483 739 1552 δύναμιν
766 1483 888 1537 κατ’
910 1483 1179 1554 ἐπιτομὴν
1205 1483 1631 1553 ἐπιδραμόντες,
1662 1481 1808 1537 οὕτω

200 1579 705 1648 κεφαλαιώσωμεν.
734 1579 890 1632 Ἔστι
922 1581 1025 1650 μὲν
1049 1575 1145 1633 οῦν
1169 1582 1201 1651 ή
1230 1579 1364 1648 ἁγία
1387 1578 1687 1649 Ἐκκλησία
1710 1578 1805 1632 τύ-

200 1690 309 1735 πος
334 1712 352 1736 ,
409 1672 488 1734 ὡς
537 1672 787 1743 εἴρηται,
834 1673 930 1726 καὶ
957 1669 1144 1735 εἰκὼν,
1179 1671 1273 1725 τοῦ
1309 1672 1408 1741 μὲν
1432 1670 1569 1724 Θεοῦ
1593 1687 1608 1700 ·
1666 1671 1803 1724 διότι

1916 492 2427 549 incommutabilem
2446 501 2768 564 certamque
2793 496 3021 550 omnino
3048 498 3499 565 promissionem,

1913 586 2008 641 ubi
2044 602 2145 656 pro
2169 587 2319 641 virili
2357 595 2549 642 nostra
2587 588 2849 643 facultate
2893 590 3151 644 mandata
3194 592 3507 645 servaveri-

1913 694 2058 742 mus,
2098 688 2463 750 percepturos
2506 695 2608 735 nos
2637 682 2938 745 credimus,
2966 682 3061 751 qui
3090 698 3119 736 a
3169 682 3345 751 gratia
3376 698 3502 752 quas

1911 770 1969 825 in
2011 770 2120 825 ﬁde
2147 779 2255 835 est,
2280 772 2349 825 ad
2382 768 2621 843 'gratiam
2645 787 2768 842 quae
2798 781 2882 827 est
2906 774 3215 827 secundum
3255 774 3502 843 speciem

1913 863 2199 918 transituri
2221 866 2431 930 simus;
2478 866 2591 919 Deo
2624 865 2839 919 scilicet
2885 880 2952 919 ac
2981 865 3277 919 Servatore
3306 873 3504 919 nostro

1908 954 2039 1009 Jesu
2071 953 2298 1010 Christo
2325 972 2428 1010 nos
2452 956 2507 1009 in
2531 972 2589 1010 se
2618 964 3046 1019 transmutante,
3090 970 3309 1009 necnon
3372 971 3501 1010 cor-

1910 1046 2189 1115 ruptionis
2226 1048 2588 1116 mortalisque
2626 1048 2681 1101 in
2714 1048 2877 1102 nobis
2905 1049 3033 1103 vitae
3072 1057 3234 1101 notas
3265 1047 3500 1102 abolen-

1909 1138 2005 1201 do,
2056 1153 2157 1206 per
2191 1153 2255 1191 ea
2282 1138 2529 1209 symbola
2580 1154 2704 1208 qua:
2739 1140 2797 1193 in
2842 1154 3067 1193 sensum
3130 1139 3359 1201 cadunt,
3408 1137 3502 1193 hic

1908 1228 2075 1283 nobis
2108 1230 2380 1299 tantisper
2423 1237 2751 1295 monstrata,
2791 1231 3075 1301 primitiva
3112 1230 3373 1301 mysteria
3401 1228 3500 1283 lar.

1905 1321 2112 1391 giente.

1980 1410 2205 1467 Summa
2258 1413 2517 1467 dictorum
2557 1431 2619 1468 ac
2670 1415 3067 1483 recapitulatio.
3094 1444 3168 1456 —
3205 1415 3277 1471 Ut
3310 1424 3497 1470 autem

1909 1506 2191 1559 memoria:
2250 1507 2617 1570 consulatur,
2675 1507 2721 1561 si
2750 1508 2916 1571 libet,
2955 1522 3148 1561 eorum
3200 1524 3322 1577 qua:
3369 1509 3498 1564 data

1907 1605 2037 1650 sunt
2090 1596 2199 1648 vim
2232 1596 2479 1650 breviter
2528 1607 2946 1666 percurrentes,
2994 1600 3068 1652 ita
3117 1599 3172 1652 in
3224 1614 3499 1654 summam

1908 1684 2245 1754 redigamus.
2281 1686 2378 1739 Est
2418 1686 2589 1755 igitur
2635 1695 2824 1740 sancta
2870 1687 3136 1751 Ecclesia,
3179 1689 3257 1741 uti
3282 1688 3496 1742 dictum

200 1766 273 1837 ἦν
302 1765 605 1836 ἐργάζεται
655 1752 811 1820 κατὰ⁸
843 1765 944 1837 τὴν
984 1766 1212 1836 ἄπειρον
1242 1764 1413 1818 αὐτοῦ
1438 1764 1672 1835 δύναμιν
1710 1764 1804 1817 καὶ

1910 1786 2012 1841 est,
2040 1752 2136 1831 bei
2172 1777 2397 1847 quidem
2444 1752 2628 1849 ﬁgura
2685 1795 2751 1834 ac
2790 1780 3001 1850 imago;
3047 1781 3196 1850 quod
3228 1782 3499 1836 nimirum

202 1858 433 1928 σοφίαν,
470 1858 601 1927 περὶ
630 1858 729 1922 τὰς
753 1859 1047 1929 διαφόρους
1077 1858 1189 1912 τῶν
1214 1859 1384 1911 ὄντων
1408 1856 1601 1920 οὐσίας
1628 1855 1801 1924 ἀσύγ-

206 1967 373 2022 χντον
433 1951 667 2017 ἕνωσιν,
732 1951 809 2014 ὡς
861 1950 1196 2022 δημιουργὸς
1249 1951 1372 2005 κατ’
1400 1949 1577 2020 ἄκρον
1628 1947 1806 2019 ἑαυτῷ

207 2044 459 2114 συνέχων
481 2060 497 2073 ·
535 2044 631 2097 καὶ
659 2043 804 2098 κατὰ
832 2044 961 2115 μίαν
990 2044 1091 2114 τῆς
1120 2043 1360 2106 πίστεως
1391 2043 1489 2097 καὶ
1518 2041 1679 2113 χάριν
1709 2042 1806 2095 καὶ

208 2137 413 2205 κλῆσιν
446 2138 575 2200 τοὺς
608 2137 838 2201 πιστοὺς
863 2137 1119 2208 ἀλλήλοις
1142 2137 1391 2201 ἑνοειδῶς
1414 2137 1765 2190 συνάπτουσα
1787 2152 1801 2165 ·

204 2231 336 2293 τοὺς
376 2229 438 2282 δὲ
482 2231 826 2300 πρακτικοὺς
868 2231 966 2283 καὶ
994 2231 1305 2303 ἐναρέτους,
1338 2231 1481 2285 κατὰ
1511 2232 1643 2300 μίαν
1668 2229 1807 2297 γνὼ-

210 2340 320 2394 μης
346 2323 679 2393 ταυτότητα’
709 2324 839 2387 τούς
862 2324 919 2378 δὲ
949 2324 1321 2395 θεωρητικοὺς
1350 2327 1444 2378 καὶ
1469 2325 1806 2392 γνωστικοὺς

206 2418 348 2490 πρὸς
396 2419 614 2480 τούτοις
669 2418 768 2474 καὶ
818 2419 944 2475 καθ’
966 2421 1222 2492 ὁμόνοιαν
1251 2420 1477 2492 ἀρραγῆ
1510 2422 1606 2474 καί
1634 2419 1807 2474 ἀδιαί-

210 2528 391 2582 ρετον.

209 2620 309 2676 per
340 2619 517 2660 unam
554 2605 857 2660 voluntatis
912 2604 1336 2674 animorumque
1397 2604 1859 2668 consensionem;

1910 1883 2075 1938 quam
2130 1870 2223 1924 ille
2254 1870 2471 1926 inﬁnita
2522 1872 2769 1941 potentia
2817 1887 2917 1926 sua
2960 1888 3024 1927 ac
3053 1874 3325 1943 sapientia
3364 1890 3499 1944 erga

1908 1959 2206 2015 distinctas
2242 1976 2432 2015 rerum
2467 1962 2743 2016 essentias
2784 1963 3134 2018 inconfusam
3181 1964 3499 2018 unitionem

1907 2052 2061 2111 facit.
2100 2060 2360 2123 tanquam
2410 2055 2597 2125 opifex
2630 2071 2695 2110 ac
2743 2056 3055 2109 conditoris
3097 2056 3225 2126 jure
3281 2071 3498 2112 summa

1908 2144 2072 2215 520
2118 2146 2357 2215 quadam
2414 2148 2836 2202 necessitudine
2896 2148 3081 2216 seipso
3114 2157 3496 2213 eonnectens;

1905 2250 2026 2289 eam
2054 2252 2277 2306 quoque
2309 2238 2399 2291 illa
2429 2254 2528 2307 per
2572 2239 2697 2294 ﬁdei
2729 2239 2957 2309 gratiam
3002 2240 3058 2292 in
3090 2238 3347 2294 ﬁdelibus
3361 2255 3499 2310 ope-

1907 2337 2084 2391 retur,
2111 2343 2307 2382 omnes
2337 2329 2566 2398 quidem
2595 2329 2788 2383 ﬁdeles
2812 2344 2999 2383 secum
3032 2330 3182 2399 ipsos
3204 2330 3500 2385 uniformi-

1906 2427 1993 2473 ter
2032 2435 2132 2489 per
2158 2420 2285 2475 ﬁdei
2318 2436 2482 2474 unam
2508 2421 2741 2491 gratiam
2791 2437 2856 2476 ac
2878 2421 3232 2477 vocationem
3262 2425 3499 2495 conjun-

1905 2525 2071 2581 gens;
2108 2525 2207 2566 eos
2239 2522 2425 2567 autem
2448 2512 2544 2582 qui
2575 2512 2850 2567 actionem
2886 2527 2951 2567 ac
2984 2513 3250 2568 virtutem
3279 2514 3497 2579 colunt,

1904 2602 1973 2656 ad
2021 2603 2138 2657 haec
2170 2619 2304 2658 vero
2354 2605 2524 2660 etiam
2572 2620 2670 2661 eos
2708 2604 2802 2675 qui
2845 2603 3373 2675 contemplationem
3429 2621 3497 2662 ac

207 2697 528 2761 scientiam,
562 2712 661 2767 per
710 2696 1113 2763 ﬁrmissimam,
1161 2711 1494 2767 omnemque
1530 2695 1825 2751 divisionis
1860 2709 1925 2749 ae
1946 2693 2102 2749 rima:
2138 2710 2339 2749 noxam
2372 2705 2749 2765 respuentem,
2777 2695 3136 2751 concordiam

279 2790 394 2844 Τοῦ
433 2791 493 2843 δὲ
537 2790 747 2860 κόσμου
772 2828 789 2853 ,
845 2790 940 2844 τοῦ
970 2808 1030 2845 τε
1062 2789 1257 2863 νοητοῦ
1287 2791 1383 2845 zeal.
1410 2789 1505 2843 τοῦ
1532 2788 1796 2860 αίσθητοῦ

211 2880 385 2945 τύπος
412 2882 581 2936 ἐστίν’
608 2881 683 2945 ὡς
706 2881 802 2936 τοῦ
828 2882 1024 2953 νοητοῦ
1050 2884 1257 2955 κόσμου
1282 2883 1345 2938 τὸ
1372 2884 1636 2955 ἰερατεῖον
1658 2882 1798 2951 σύμ-

214 2974 369 3030 ϐολον
399 2976 621 3046 ἔχουσα·
655 2973 753 3027 τοῦ
782 2974 1044 3045 αἰσθητοῦ
1071 2975 1151 3040 δὲ,
1184 2975 1279 3029 τὸν
1301 2974 1447 3029 ναόν.

294 3150 614 3222 ⁹Δνθριῐνιτοιι
650 3151 711 3205 δὲ
762 3152 928 3207 πάλιν
960 3152 1125 3207 εἰκών
1152 3154 1330 3218 ἐστιν,
1382 3152 1458 3217 ὡς
1490 3151 1590 3223 τὴν
1617 3150 1799 3222 ψυχὴν

210 3243 302 3298 διὰ
341 3243 442 3299 τοῦ
489 3244 757 3315 ἰερατείου
788 3247 1103 3316 μιμουμένη
1123 3262 1139 3276 ·
1196 3245 1257 3299 τὸ
1282 3246 1339 3299 δὲ
1373 3246 1554 3316 σῶμα,
1586 3244 1674 3298 διὰ
1702 3243 1799 3297 τοῦ

211 3336 347 3392 ναοῦ
378 3336 818 3409 προϐαλλομένη.
851 3338 1034 3409 Αὐτῆς
1051 3338 1110 3391 δὲ
1132 3339 1233 3409 τῆς
1254 3338 1435 3410 ψυχῆς
1459 3338 1583 3391 καθ’
1598 3339 1800 3409 ἑαυτὴν

210 3428 520 3499 νοουμένης
544 3428 715 3494 τύπος
744 3430 861 3485 ἐστὶ
894 3432 988 3485 καὶ
1012 3431 1198 3495 εἰκὼν,
1235 3431 1311 3494 ὡς
1338 3430 1433 3486 τοῦ
1458 3429 1798 3502 θεωρητικοῦ

211 3520 305 3575 διὰ
334 3519 431 3573 τοῦ
464 3522 736 3591 ἰερατείου
766 3522 1008 3595 φέρουσα
1036 3522 1098 3576 τὸ
1121 3522 1368 3588 ἐπίδοξον
1390 3540 1405 3555 ·
1441 3522 1539 3577 τοῦ
1564 3522 1623 3578 δὲ
1654 3540 1798 3595 πρα-

213 3611 414 3668 κτικοῦ
443 3613 535 3667 διὰ
557 3613 650 3667 τοῦ
676 3614 806 3668 ναοῦ
838 3614 899 3669 τὸ
928 3615 1159 3687 κόσμιον
1189 3615 1407 3687 ἔχουσα.

284 3873 404 3945 Τῆς
432 3872 492 3927 δὲ
519 3872 851 3947 τελουμένης
882 3877 942 3928 ὲν
972 3876 1110 3948 αὐτῇ
1139 3877 1297 3946 ἁγίας
1323 3878 1616 3944 συνάξεως,
1640 3880 1674 3950 η
1702 3878 1801 3949 μὲν

215 3964 415 4035 πρώτη
460 3962 666 4027 εἴσοδος
715 3964 950 4032 γενικῶς
993 3966 1091 4035 μὲν
1137 3965 1288 4036 δηλοί
1318 3967 1418 4037 τὴν
1448 3966 1674 4037 πρώτην
1703 3966 1799 4020 τοῦ

215 4048 355 4103 Θεοῦ
388 4049 548 4120 ἡμῶν
576 4052 878 4122 παρουσίαν
898 4069 914 4085 ·
977 4053 1158 4117 ἰδικῶς
1180 4053 1259 4119 δὲ,
1292 4056 1394 4127 τὴν
1419 4055 1484 4108 δι’
1510 4056 1676 4110 αὐτοῦ
1706 4058 1803 4110 καὶ

218 4143 318 4197 σὺν
342 4142 499 4213 αὐτῷ
526 4142 636 4197 τῶν
662 4141 722 4209 ἐξ
741 4146 1004 4209 ἀπιστίας
1029 4147 1109 4209 εἰς
1132 4147 1338 4211 πίστιν,
1356 4147 1452 4201 καὶ
1470 4149 1579 4203 άπὸ
1600 4150 1802 4212 κακίας

114 4226 119 4227 7
214 4234 299 4298 εἰς
327 4234 555 4305 ἀρετὴν,
591 4235 687 4289 καὶ
715 4237 826 4290 άπὸ
853 4236 1131 4306 ἀγνωσίας
1161 4238 1245 4301 εἰς
1272 4237 1474 4305 γνῶσιν
1504 4240 1802 4310 εἰσαγομέ-

214 4342 323 4382 νων
348 4328 710 4399 ἐπιστροφήν.

283 4506 372 4561 Τὰ
396 4507 456 4561 δὲ
487 4507 748 4578 γινόμενα
783 4508 904 4579 μετ’
919 4508 1090 4581 αὐτὴν
1115 4509 1542 4581 ἀναγνώσματα,
1565 4509 1800 4578 γενικῶς

215 4600 341 4671 μιν,
398 4599 475 4653 τὰ
520 4599 643 4655 θεῖα
686 4599 971 4671 θελήματά
1008 4617 1071 4655 τε
1126 4602 1221 4655 καὶ
1254 4601 1593 4673 βουλήματα,
1624 4600 1804 4655 καθ’ἂ

210 4692 321 4764 χρὴ
377 4693 513 4755 τοὺς
551 4692 759 4756 πάντας
790 4692 1145 4747 παιδεύεώαί
1179 4711 1240 4748 τε
1281 4694 1377 4749 καὶ
1400 4693 1800 4758 πολιτεύεσθαι,

214 4783 444 4855 μηνύει·
488 4782 673 4848 ίδικῶς
694 4782 775 4852 δὲ,
806 4784 906 4856 τὴν
934 4784 1081 4839 κατὰ
1108 4786 1209 4856 τὴν
1235 4785 1420 4839 πίστιν
1446 4786 1802 4841 διδασκαλίαν

213 4877 312 4931 καὶ
366 4874 658 4948 προκοπὴν
706 4877 818 4933 τῶν
871 4878 1277 4931 πιστευσάντων
1300 4892 1316 4909 ο
1372 4877 1471 4932 καὶ
1519 4877 1631 4931 τῶν
1658 4894 1802 4949 πρα-

213 4969 428 5026 κτικῶν
480 4970 581 5039 τὴν
624 4970 747 5025 κατ’
773 4971 978 5042 ἀρετὴν
1003 4970 1209 5040 παγίαν
1245 4969 1487 5027 διάθεσιν
1508 4986 1525 5003 ·
1580 4969 1706 5025 καθ’
1735 4973 1807 5044 ἢν

210 5062 293 5134 τῷ
319 5063 457 5133 θείῳ
481 5063 633 5133 νόμῳ
660 5062 1001 5134 στοιχοῦντες
1048 5062 1158 5116 τῶν
1190 5062 1420 5116 ἐντολῶν
1448 5063 1718 5134 ἀνδρικῶς
1742 5082 1807 5121 τε

216 5154 314 5211 καὶ
344 5153 680 5226 άκλονήτως
721 5154 967 5209 ἵστανται
1030 5155 1169 5227 πρὸς
1219 5155 1319 5219 τὰς
1373 5154 1653 5226 μεθοδείας
1703 5156 1800 5210 τοῦ

213 5246 469 5301 διαϐόλου
488 5285 506 5313 ,
556 5247 651 5302 καὶ
677 5248 779 5313 τὰς
805 5249 1189 5319 ἀντικειμένας
1216 5249 1501 5318 ἐνεργείας
1526 5248 1802 5318 διαδιδρά-

217 5352 437 5393 σκουσν
493 5338 589 5393 καὶ
612 5339 722 5395 τῶν
744 5340 1063 5408 γνωστικῶν
1089 5341 1189 5413 τὴν
1217 5340 1363 5397 κατὰ
1385 5340 1623 5413 θεωρίαν
1650 5340 1763 5406 ἕξιν
1779 5358 1792 5373 ·

214 5428 341 5485 ⁴καθ’
362 5429 434 5502 ην
460 5429 606 5494 ,τούς
650 5430 760 5484 τῶν
799 5430 1074 5487 αἰσθητῶν
1114 5433 1206 5487 καὶ
1233 5432 1333 5503 τῆς
1357 5432 1443 5485 ἐπ’
1460 5433 1641 5497 αὐτοῖς
1664 5449 1799 5503 προε

291 5698 340 5732 ⁸⁵
375 5695 646 5769 μεταλήψ.
679 5713 730 5753 c.
764 5698 829 5754 Α.
861 5706 916 5754 ει
941 5697 1031 5754 Fr.

1978 2788 2168 2842 Mundi
2203 2798 2412 2853 autem,
2447 2799 2562 2843 tum
2594 2791 2715 2861 ejus
2742 2789 2836 2859 qui
2874 2798 3060 2843 mente
3090 2788 3227 2853 sola,
3257 2796 3373 2842 tum
3397 2787 3495 2857 qui

1902 2893 2068 2933 sensu
2094 2878 2423 2948 percipitur,
2463 2878 2638 2949 ﬁgura
2666 2888 2785 2945 est;
2824 2888 2885 2932 ut
2910 2893 3033 2947 qua:
3063 2878 3255 2931 mundi
3285 2878 3495 2932 intelli-

1901 2970 2087 3040 gibilis
2117 2970 2425 3025 sacrarium
2464 2970 2776 3040 symbolum
2817 2968 3055 3035 habeat;
3102 2969 3267 3040 hujus
3300 2978 3490 3024 autem

1900 3064 1996 3134 qui
2024 3063 2080 3118 in
2113 3078 2337 3118 sensum
2368 3062 2537 3129 cadit,
2565 3062 2851 3133 templum.

1972 3157 2192 3211 Rursus
2218 3170 2352 3211 vero
2396 3156 2578 3225 imago
2621 3163 2707 3209 est
2752 3152 3017 3217 hominis,
3042 3162 3105 3207 ut
3135 3168 3259 3223 qua
3292 3153 3491 3210 animm

1902 3262 2001 3319 per
2041 3249 2346 3304 sacrarium
2387 3249 2630 3318 speciem
2658 3248 2901 3313 referat;
2954 3263 3055 3317 per
3080 3247 3345 3317 templum
3392 3262 3490 3301 au-

1901 3345 2013 3391 tem
2050 3353 2257 3409 corpus
2282 3338 2559 3408 praeferat.
2606 3337 2787 3407 ipsius
2818 3346 3002 3392 autem
3030 3336 3229 3392 anima:
3264 3344 3327 3392 ut
3368 3338 3487 3407 ipsa

1900 3430 2211 3485 secundum
2241 3446 2300 3486 se
2328 3446 2394 3484 ac
2440 3444 2692 3485 seorsum
2741 3429 3157 3493 consideratur,
3199 3427 3373 3499 ﬁgura
3401 3438 3489 3484 est

1900 3537 1967 3578 ac
2006 3522 2218 3593 imago,
2265 3530 2475 3592 utquee
2508 3537 2607 3591 per
2656 3521 2965 3576 sacrarium
2996 3522 3118 3591 ejus
3155 3522 3333 3590 partis
3362 3535 3489 3590 qua:

1899 3610 2359 3681 contemplationi
2409 3610 2599 3666 studet
2637 3610 2951 3666 claritatem
2992 3610 3163 3675 ferat;
3213 3626 3316 3681 per
3347 3619 3487 3666 tem-

1899 3703 2053 3773 plum
2101 3711 2290 3758 autem
2330 3704 2454 3775 ejus
2475 3719 2600 3773 quae
2633 3703 2876 3769 actioni,
2910 3711 3169 3758 ornatum
3200 3703 3487 3759 decorem-

1899 3808 2007 3864 que
2041 3794 2313 3849 obtineat.

1973 3886 2111 3955 Ejus
2131 3894 2315 3941 autem
2337 3899 2461 3955 qua
2476 3884 2531 3939 in
2560 3900 2626 3940 ea
2655 3888 2943 3955 peragitur
2974 3899 3145 3940 sacrm
3174 3898 3481 3956 synaxeos;

1898 3977 2112 4047 primus
2144 3978 2369 4048 quidem
2410 3977 2674 4032 introitus
2717 3976 3057 4048 generaliter
3081 3976 3308 4046 quidem
3362 3978 3482 4046 pri-

1901 4083 2053 4122 mum
2083 4067 2299 4123 Christi
2322 4068 2420 4123 Dei
2446 4069 2648 4123 'nostri
2694 4068 2995 4123 adventum
3021 4068 3323 4139 signiﬁcat;
3356 4082 3487 4138 pro-

1900 4160 2020 4230 prie
2048 4174 2202 4223 vero,
2247 4174 2389 4225 eam,
2414 4175 2537 4230 qua
2583 4175 2682 4229 per
2715 4160 2897 4230 ipsum
2926 4200 2942 4225 ,
2976 4159 3210 4230 ipsoque
3257 4160 3487 4229 auspice

1901 4259 2007 4316 est,
2042 4264 2237 4305 eorum
2281 4250 2379 4320 qui
2426 4250 2497 4304 ab
2533 4249 2866 4305 inﬁdelitate
2896 4249 2966 4304 ad
2999 4249 3260 4313 ﬁdem,et
3282 4264 3314 4304 a
3347 4249 3489 4304 vitio

1902 4341 1972 4396 ad
2014 4343 2305 4408 virtutem,
2340 4350 2507 4412 atque
2529 4342 2599 4397 ab
2622 4342 2933 4413 ignorantia
2954 4340 3024 4395 ad
3057 4341 3347 4397 scientiam
3398 4341 3486 4395 in-

1832 4463 1876 4518 D
1904 4431 2192 4488 ducuntur
2217 4433 2671 4487 conversionem.

1973 4522 2108 4590 Qum
2134 4532 2319 4579 autem
2347 4524 2417 4579 ab
2455 4538 2527 4579 eo
2553 4531 2866 4594 sequuntur
2900 4521 3191 4588 lectiones,
3213 4522 3490 4603 generali.-

1901 4621 1989 4671 ter
2016 4612 2241 4683 quidem
2258 4612 2479 4668 divinas
2492 4614 2808 4669 voluntates
2836 4622 2894 4669 et
2918 4612 3149 4668 conslia
3170 4611 3486 4683 designant,

1897 4720 1968 4760 ex
2000 4720 2241 4775 quorum
2269 4705 2488 4761 ratione
2508 4721 2737 4762 necesse
2770 4714 2880 4771 est,
2908 4716 2973 4763 ut
3003 4719 3199 4761 omnes
3219 4705 3485 4760 erudian-

1899 4806 1992 4851 tur
2020 4796 2301 4866 vitamque
2323 4795 2657 4862 instituant;
2687 4797 2911 4869 proprie
2938 4804 3147 4861 autem,
3172 4809 3364 4850 eorum
3385 4794 3485 4863 qui

1900 4888 2261 4945 crediderunt
2285 4888 2417 4945 ﬁdei
2442 4888 2753 4945 doctrinam
2782 4896 2953 4958 atque
2993 4885 3340 4957 profectum;
3366 4892 3486 4937 tum

1900 4980 2115 5036 scilicet
2137 4996 2354 5048 eorum,
2384 4981 2481 5052 qui
2508 4982 2787 5037 actionem
2817 4980 3028 5043 colunt,
3072 4976 3288 5031 ﬁrmam
3307 4976 3487 5030 virtu-

1902 5068 1972 5125 tis
1994 5068 2442 5140 dispositionem;
2474 5071 2865 5141 qua,divinam
2894 5069 3278 5123 mandatorum
3307 5067 3486 5136 legem

1897 5166 2191 5225 sectantes,
2214 5161 2365 5216 virili
2387 5160 2734 5230 infractaque
2751 5157 3060 5213 constantia
3075 5155 3341 5212 adversus
3361 5156 3485 5212 dia-

1900 5248 2011 5304 boli
2047 5250 2277 5307 insidias
2306 5252 2638 5314 consistunt,
2667 5264 2975 5320 eorumque
2997 5248 3270 5305 occultam
3290 5248 3403 5303 vim
3420 5264 3487 5304 ac

1904 5343 2431 5400 molitionescavent
2444 5350 2610 5413 atque
2628 5341 2880 5413 fugiunt;
2897 5349 3013 5396 tum
3030 5355 3164 5397 vero
3180 5339 3276 5411 qui
3300 5340 3487 5396 scien-

1906 5433 2041 5488 tiam
2076 5434 2271 5492 colunt
2306 5432 2642 5503 studentque
2698 5430 3025 5503 sapientia),
3066 5428 3489 5502 contemplatio-

1455 5584 1539 5639 VA
1548 5580 1686 5639 “UE
1724 5582 2125 5643 LECTIONES.
