4036 6278
598 318 731 382 ’ζθ3’

595 529 661 570 ac
685 529 790 584 pro
818 515 902 570 eis
949 530 1142 584 preces
1166 522 1402 583 votaque
1445 514 1747 580 facientes;
1794 524 1913 570 tum
1951 525 2180 586 propter

593 605 836 674 Spiritus
887 606 1068 661 sancti
1113 621 1333 675 semper
1365 605 1592 676 quidem
1647 605 2032 676 inaspectabili
2087 623 2179 663 ra-

593 697 741 751 tione
769 705 1098 766 praesentem
1125 696 1380 767 gratiam,
1416 697 1770 766 peculiariter
1799 711 1984 754 autem
1999 699 2178 753 maxi-

590 803 680 842 me
735 803 850 858 quo
899 797 1150 858 tempore
1207 804 1298 844 res
1339 803 1496 844 sacra
1555 789 1873 859 peragitur,
1928 790 2178 860 singulos

588 893 842 948 quosque
875 877 974 948 qui
1018 878 1386 934 inveniuntur
1421 887 1881 936 transmutantem
1913 882 2177 951 velutque

591 969 1105 1034 transformantem,
1157 985 1221 1024 ac
1249 985 1378 1025 vere
1427 970 1483 1024 in
1522 971 1573 1023 id
1605 971 1752 1040 quod
1782 971 2025 1027 divinius
2067 982 2174 1037 est,

589 1075 693 1128 pro
729 1059 975 1129 ipsorum
1002 1069 1166 1130 captu
1200 1075 1265 1115 ac
1287 1061 1448 1116 modo
1488 1062 1870 1118 traducentem
1919 1072 2083 1134 atque
2105 1066 2176 1120 ad

588 1152 671 1216 id,
699 1152 848 1222 quod
879 1151 1140 1224 mysteria
1185 1169 1309 1223 quae
1337 1162 1676 1224 peraguntur
1711 1156 2052 1225 signiﬁcant,
2078 1157 2177 1213 de-

586 1245 884 1301 ducentem
936 1246 1064 1318 (etsi
1120 1247 1166 1302 is
1191 1246 1280 1302 cui
1324 1246 1453 1301 talia
1500 1247 1764 1303 accidunt
1806 1249 1956 1304 haud
2007 1265 2171 1306 sensu

586 1336 880 1406 percipiat,
917 1338 961 1392 si
996 1337 1162 1392 modo
1195 1353 1264 1393 ex
1295 1337 1403 1393 illis
1429 1346 1537 1402 est,
1577 1338 1671 1407 qui
1700 1339 1758 1392 in
1790 1337 2014 1394 Christo
2051 1355 2175 1409 par-

585 1428 704 1482 vuli
735 1436 886 1493 sunt,
921 1443 1023 1483 nec
1058 1429 1114 1484 in
1141 1443 1336 1484 eorum
1377 1445 1502 1498 qua;
1533 1428 1674 1483 ﬁunt
1722 1430 2059 1499 profundum
2089 1431 2175 1485 in-

586 1519 734 1574 tueri
759 1519 966 1589 valent)
985 1535 1149 1590 quam
1174 1519 1414 1589 denique
1437 1519 1651 1590 singula
1677 1520 1747 1575 iis
1778 1521 1978 1576 ritibus
2007 1521 2174 1575 insti-

585 1617 724 1674 tuta,
743 1610 933 1666 divina
951 1611 1149 1668 salutis
1164 1610 1433 1683 symbola,
1455 1621 1511 1665 ul
1529 1612 1734 1676 ferunt,
1753 1612 2009 1681 gratiam,
2027 1613 2173 1668 serie

579 1702 820 1772 quadam
853 1718 916 1760 ac
946 1703 1165 1769 ordine,
1192 1703 1262 1758 ab
1290 1705 1357 1759 iis
1382 1719 1504 1774 qua:
1535 1705 1784 1774 proxima
1819 1704 2020 1759 suntad
2047 1720 2169 1760 om-

582 1791 735 1847 nium
756 1810 928 1865 usque
953 1795 1138 1861 finem,
1167 1795 1222 1850 in
1241 1796 1324 1851 eis
1343 1773 1696 1866 praestantem
1726 1811 1792 1853 ac
1808 1795 2162 1853 efﬁcientem.
2202 1773 2244 1829 Β

651 1884 832 1953 Atque
871 1887 929 1941 in
977 1887 1157 1956 primo
1220 1887 1448 1958 quidem
1517 1888 1751 1944 introitu
1817 1888 2166 1945 infidelitatis

578 1975 934 2045 ejectionem,
985 1979 1115 2035 fidei
1139 1988 1516 2051 augmentum,
1547 1981 1665 2036 vitii
1693 1983 2162 2047 extenuationem,

578 2064 802 2120 virtutis
821 2067 1216 2131 accretionem,
1244 2068 1568 2138 ignorantiae
1583 2067 1964 2133 abolitionem,
1987 2071 2167 2126 scien-

579 2151 670 2206 tia:
695 2153 1092 2209 accessionem.
1119 2156 1222 2210 P-er
1255 2156 1572 2211 divinorum
1597 2166 1784 2212 autem
1817 2157 2164 2227 eloquiorum

575 2245 942 2310 auditionem,
992 2247 1194 2302 horum
1248 2265 1371 2318 qua:
1401 2248 1550 2304 dicta
1585 2259 1716 2304 sunt
1747 2249 1898 2321 (fidei
1929 2250 2162 2317 scilicet,

575 2336 802 2390 virtutis
837 2352 903 2392 ac
930 2339 1203 2410 scientiae)
1256 2339 1446 2395 firmos
1473 2347 1806 2410 tenacesque
1844 2341 2069 2397 habitus
2101 2358 2168 2399 ac

576 2425 992 2496 dispositiones.
1016 2428 1120 2483 Per
1141 2444 1206 2484 ea
1225 2438 1412 2485 autem
1435 2445 1557 2500 quae
1583 2430 1700 2485 haec
1716 2441 2161 2500 consequuntur,

573 2514 763 2570 divina
789 2519 1026 2584 cantica,
1056 2529 1422 2588 spontaneum
1449 2521 1647 2576 animae
1681 2521 1736 2576 in
1759 2521 1994 2577 virtutes
2028 2537 2164 2578 con-

573 2622 822 2675 sensum,
865 2625 928 2665 ac
956 2626 1125 2681 quam
1177 2627 1243 2667 ea
1277 2628 1344 2667 ex
1369 2613 1478 2668 illis
1511 2613 1820 2684 spiritalem
1867 2623 2164 2685 menteque

575 2706 738 2755 tenus
764 2701 1099 2771 voluptatem
1143 2703 1315 2757 sumit
1349 2712 1406 2758 et
1433 2705 1866 2775 iucunditatem.
1913 2708 2018 2763 Per
2070 2724 2163 2763 sa-

569 2807 724 2848 cram
736 2809 869 2850 vcro
886 2796 1060 2850 sancti
1081 2795 1362 2867 Evangelii
1378 2797 1695 2866 lectionem,
1720 2801 1926 2855 terreni
1945 2815 2162 2866 sensus,

573 2892 835 2956 tanquam
868 2887 990 2958 ejus
1016 2887 1206 2942 mundi
1233 2889 1327 2960 qui
1356 2905 1522 2947 sensu
1543 2893 1874 2962 percipitur,
1900 2908 2164 2948 consum-

571 2978 894 3034 mationem.
924 2980 1028 3036 Per
1058 2991 1345 3050 portarum
1370 2992 1556 3038 autem
1590 2983 1855 3054 deinceps
1887 2985 2164 3042 occlusio-

571 3083 723 3134 nem,
739 3083 889 3135 eum,
909 3070 1004 3140 qui
1027 3070 1333 3126 secundum
1360 3073 1619 3129 affectum
1644 3084 1750 3142 est,
1775 3091 1806 3130 a
1831 3076 2038 3132 mundo
2056 3077 2163 3133 hoc
2189 3107 2236 3168 ο

565 3160 944 3231 corruptibili,
959 3161 1027 3216 ad
1043 3164 1310 3219 mundum
1332 3165 1756 3238 intelligibilem,
1769 3167 1967 3224 animae
1986 3176 2164 3224 trans-

573 3253 717 3308 itum
762 3269 827 3309 ac
873 3253 1040 3324 519
1099 3255 1540 3324 traductionem;
1591 3258 1646 3313 vi
1691 3260 1849 3330 cujus
1899 3271 2161 3330 tanquam

569 3343 722 3400 fores
744 3359 942 3400 sensus
969 3345 1290 3411 occludens.
1339 3365 1369 3403 a
1399 3351 1612 3420 peccati
1646 3350 1958 3406 simulacris
1999 3367 2162 3407 mun-

571 3437 673 3494 dos
705 3453 803 3494 eos
837 3437 1036 3492 reddit.
1067 3438 1173 3496 Per
1207 3451 1524 3497 sanctorum
1547 3451 1730 3498 autem
1762 3445 2158 3515 mysteriorum

569 3526 913 3598 ingressum,
958 3527 1346 3599 perfectiorem
1385 3533 1904 3603 abstrusioremque
1945 3549 2012 3589 ac
2056 3549 2162 3588 no-

569 3636 694 3698 vam
734 3621 829 3676 Dei
883 3621 941 3676 in
981 3630 1234 3678 nostrum
1269 3640 1432 3680 usum
1469 3625 1905 3696 dispensationis
1948 3625 2160 3681 doctri-

571 3728 698 3768 nam
729 3729 794 3768 ac
813 3713 1125 3770 scientiam.
1153 3716 1258 3772 Per
1293 3717 1544 3772 divinum
1574 3719 1826 3773 osculum
1861 3735 1927 3776 ac
1950 3720 2160 3776 saluta-

569 3805 804 3870 tionem,
833 3807 1080 3864 omnium
1126 3823 1253 3864 cum
1283 3809 1565 3874 omnibus,
1596 3824 1661 3866 ac
1702 3811 1858 3880 prius
1891 3812 2161 3882 cujusque

568 3909 764 3950 secum
793 3911 857 3951 ac
883 3912 1010 3952 cum
1047 3898 1162 3952 Deo
1185 3897 1534 3963 concordiae,
1579 3914 1997 3971 consensusque
2039 3901 2162 3955 ani-

569 4000 791 4042 morum
838 4002 904 4042 ac
957 3987 1276 4043 dilectionis
1313 3989 1565 4044 eamdem
1603 3991 1715 4045 vim
1759 4008 1824 4047 ac
1864 3994 2156 4050 rationem.

571 4077 678 4132 Per
706 4077 953 4148 Symboli
989 4077 1117 4134 ﬁdei
1147 4079 1578 4147 confessionem,
1616 4097 1912 4152 congruam
1955 4085 2160 4155 gratia-

573 4184 698 4222 rum
727 4168 1003 4223 actionem
1045 4169 1118 4224 ob
1145 4169 1428 4226 inauditos
1461 4187 1526 4226 ac
1570 4171 1854 4229 mirabiles
1893 4175 2158 4242 paranda:

573 4268 775 4314 nostra:
826 4259 1022 4316 salutis
1064 4259 1278 4316 modos.
1327 4260 1431 4316 Per
1486 4261 1796 4334 Trisagium
1855 4265 2155 4337 hymnum,

575 4349 837 4404 unionem
883 4365 1008 4405 cum
1043 4351 1252 4406 sanctis
1284 4352 1513 4421 angelis,
1552 4368 1852 4424 paremque
1885 4370 2010 4412 cum
2051 4355 2158 4412 illis

1804 319 1865 379 S.
1905 317 2196 380 MAXIMI
2231 317 2740 380 CONFESSORIS
3327 376 3342 388 .

596 433 746 480 trant
786 424 842 480 in
889 424 1076 486 album
1113 423 1444 490 referentes,
1472 423 1692 494 Deoque
1723 424 2166 481 manifestantes.

2286 425 2669 496 γραφομένους
2717 425 2979 480 ἱκάστοτε
3031 427 3157 493 τοὺς
3199 427 3473 493 εἰσιόντας
3502 432 3591 485 καὶ
3616 433 3803 506 ἐμφανί.

3723 327 3806 392 ’1οί

2282 517 2476 582 ζοντας
2495 517 2574 588 τῷ
2593 517 2732 588 Θεῷ,
2763 519 2859 572 καὶ
2880 519 2983 582 τὰς
3007 519 3148 592 ὑπὲρ
3171 522 3360 576 αὐτῶν
3377 523 3584 595 δεήσεις
3602 533 3808 599 uomunt.

2281 621 2405 670 νους
2428 622 2442 637 ·
2506 609 2602 662 καί⁸
2647 607 2736 662 διά
2779 607 2882 679 τὴν
2919 610 3168 682 ἀοράτως
3197 612 3292 666 ἀεὶ
3324 613 3425 683 μὲν
3454 609 3709 685 παροῦσαν
3733 622 3803 674 τοί

2281 698 2441 766 ἁγίου
2499 697 2820 769 Πνεύματος
2874 701 3039 770 χάριν
3064 739 3084 766 ,
3147 701 3473 772 ίδιοτρόπως
3515 703 3570 758 δὲ
3616 707 3804 774 μάλιστα

2279 790 2426 846 κατὰ
2461 790 2558 844 τὸν
2594 790 2788 862 καιρὸν
2819 791 2922 861 τῆς
2947 792 3110 860 ἁγίας
3135 793 3420 859 συνάξεως
3444 834 3459 858 ,
3510 797 3598 849 καὶ
3620 797 3806 852 ἕκαστον

2277 883 2388 938 τῶν
2415 883 2830 955 εὑρισκομένων
2862 885 3272 953 μεταποιοῦσάν
3301 903 3364 941 τε
3402 889 3496 942 καὶ
3523 891 3807 958 μετασκευά-

2279 978 2478 1043 ζουσαν
2502 1019 2517 1042 ,
2567 979 2662 1032 καὶ
2693 978 2894 1048 ἀληθὲς
2909 977 2957 1010 ⁸⁸
2993 978 3482 1049 μεταπλάττουσαν
3513 982 3601 1034 ἐπὶ
3624 982 3677 1035 τὸ
3697 983 3807 1036 θειό-

2275 1081 2435 1137 τερον
2487 1067 2770 1134 ἀναλόγως
2817 1065 2997 1136 ἑαυτῷ
3022 1107 3038 1132 ,
3103 1069 3200 1122 καὶ
3247 1066 3389 1138 πρὸς
3435 1068 3496 1122 τὸ
3530 1069 3807 1140 δηλούμενον

2275 1157 2367 1212 διὰ
2393 1157 2502 1213 τῶν
2530 1158 2872 1230 τελουμένων
2903 1158 3223 1228 μυστηρίων
3245 1159 3494 1227 ἄγουσαν
3515 1175 3530 1191 ⁸
3565 1160 3657 1214 κάν
3679 1162 3809 1225 αὐτὸς

2278 1249 2355 1320 μὴ
2383 1249 2729 1320 αἰσθάνηται,
2782 1249 2943 1321 εἰπερ
2970 1247 3083 1304 τῶν
3110 1249 3191 1303 ἐτι
3223 1251 3374 1305 κατά
3395 1251 3618 1322 Χριστὸν
3640 1254 3808 1324 νηπίων

2276 1341 2413 1394 ὲστί·
2449 1343 2546 1396 καὶ
2573 1343 2654 1405 εἰς
2682 1342 2744 1395 τὸ
2775 1340 2939 1411 βάθος
2967 1341 3077 1395 τῶν
3099 1342 3410 1412 γινομένων
3433 1345 3562 1413 όρᾷν
3582 1344 3804 1409 ἀδυνατεῖ,

2275 1431 2372 1484 καὶ
2421 1432 2520 1502 τὴν
2564 1431 2902 1502 δηλουμένην
2968 1432 3036 1486 δι’
3073 1432 3314 1486 ἑκάστου
3370 1432 3479 1486 τῶν
3523 1433 3806 1505 τελουμένων

2275 1523 2437 1578 θείων
2487 1525 2775 1595 συμϐόλων
2827 1525 2927 1596 τῆς
2971 1525 3252 1597 σωτηρίας
3301 1526 3362 1578 ὲν
3402 1524 3549 1595 αὐτῷ
3581 1526 3718 1596 χάριν
3738 1527 3804 1578 iv-

2274 1613 2580 1685 εργοῦσαν,
2617 1615 2741 1670 καθ’
2761 1615 2954 1687 είρμὸν
2997 1616 3093 1670 καὶ
3122 1616 3280 1681 τάξιν
3309 1615 3421 1671 ἀπὸ
3445 1617 3550 1672 τῶν
3573 1617 3803 1688 πρωεχιὶν

2277 1706 2439 1778 μέχρι
2469 1706 2565 1760 τοῦ
2598 1705 2818 1762 πάντων
2847 1707 3037 1773 τέλους
3066 1707 3385 1764 όδεύουσαν.

2336 1880 2498 1936 Κατά
2529 1881 2633 1952 μὲν
2661 1879 2887 1954 πρώτην
2916 1882 3121 1938 είσοδον
3151 1883 3418 1948 ἀπιστίας
3443 1881 3706 1953 ἀποϐολὴν,
3730 1882 3798 1934 πί-

2268 1989 2437 2036 στεως
2482 1971 2743 2045 αὔξησιν,
2801 1973 3001 2037 κακίας
3046 1973 3308 2044 μείωσιν,
3365 1973 3564 2045 ἀρετῆς
3588 1973 3795 2035 ἐπίδοσιν,

2265 2065 2489 2134 ἀγνοίας
2533 2064 2880 2136 ἀφανισμὸν,
2952 2066 3212 2133 γνώσεως
3256 2065 3590 2138 προσθήκην.
3638 2065 3718 2117 Διὶ
3752 2063 3794 2117 δί

2263 2159 2364 2228 τῆς
2395 2157 2719 2228 ἀκροάσεως
2746 2157 2854 2210 τῶν
2881 2156 3043 2210 θείων
3069 2157 3273 2226 λογίων
3296 2199 3312 2221 ,
3369 2157 3470 2220 τὰς
3495 2157 3597 2210 τῶν
3619 2156 3793 2226 εἰρημέ-

2266 2265 2374 2301 νων
2401 2246 2627 2312 τούτων,
2663 2246 2902 2311 πίστεώς
2930 2264 3076 2317 φημι
3107 2247 3205 2302 καὶ
3228 2249 3439 2320 ἀρετῆς
3463 2248 3552 2302 καὶ
3572 2251 3789 2315 γνώσεως,

2268 2339 2476 2407 παγίας
2507 2340 2602 2393 καὶ
2628 2339 3002 2410 ἀμεταθέτους
3025 2339 3170 2405 ἕξεις
3190 2357 3253 2393 τε
3281 2343 3379 2395 καὶ
3397 2339 3640 2402 διαθέσις.
3662 2336 3792 2390 Διὰᾶ

2265 2430 2373 2484 τῶν
2401 2431 2494 2484 ἐπὶ
2518 2429 2731 2495 τούτοις
2759 2429 3242 2502 θείωνᾲσμάτων,
3262 2430 3363 2503 τὴν
3389 2429 3521 2503 πρὸς
3539 2429 3626 2492 τάς
3639 2427 3789 2498 ἀρετάς

2265 2523 2361 2590 τῆς
2388 2521 2570 2594 ψυχῆς
2595 2522 2844 2576 ἑκούσιον
2873 2522 3303 2591 συγκατάθεσιν,
3324 2522 3421 2577 καὶ
3443 2520 3539 2592 τὴν
3557 2519 3788 2578 επάὺταῐς

2266 2613 2626 2684 ὲγγινομένην
2678 2614 2816 2685 αὐτῇ
2870 2613 3062 2684 νοεράν
3113 2613 3318 2684 ἡδονὴν
3368 2614 3462 2667 καὶ
3491 2610 3784 2682 τερπνότητι.

2264 2704 2365 2758 Διά
2392 2703 2449 2758 δὲ
2494 2703 2591 2774 τῆς
2621 2704 2773 2774 ίερᾶς
2799 2702 3163 2771 ἀναγνώσεως
3190 2703 3291 2758 τοῦ
3317 2703 3473 2772 άγίου
3497 2699 3785 2769 nomnen,

2263 2797 2365 2868 τὴν
2393 2797 2486 2852 τοῦ
2515 2795 2702 2867 χοϊκοῦ
2727 2797 3096 2868 φρονήματος,
3126 2795 3328 2868 ῶσπερ
3347 2793 3594 2866 αἰσθητοῦ
3610 2793 3784 2862 κόσμου,

2267 2889 2600 2944 συντέλειαν.
2651 2888 2753 2942 Διά
2780 2888 2839 2943 δὲ
2876 2889 2975 2958 τῆς
3004 2888 3142 2959 μετά
3166 2888 3351 2944 ταῦτα
3375 2888 3483 2942 τῶν
3507 2885 3662 2958 θυρῶν
3678 2880 3785 2936 κλεί-

2267 2999 2406 3047 σεως
2431 3024 2448 3050 ,
2504 2981 2604 3054 τὴν
2653 2982 2795 3036 κατά
2835 2981 3077 3036 διάθεσιν
3126 2982 3235 3037 ἀπὸ
3268 2982 3458 3036 τούτου
3489 2979 3574 3034 τοῦ
3601 2972 3781 3046 φθαρτοῦ

2265 3075 2472 3147 κόσμου
2501 3074 2640 3146 πρὸς
2663 3073 2756 3129 τὸν
2777 3074 2967 3146 νοητὸν
2992 3074 3199 3146 κόσμον
3231 3074 3531 3144 μετάϐασιν
3550 3072 3636 3141 τῆς
3650 3065 3784 3137 ψυχῆς

2266 3164 2361 3218 καὶ
2411 3163 2737 3234 μετάθεσιν·
2793 3161 2862 3216 δι’
2881 3156 2951 3232 ἦς
2990 3162 3092 3226 τὰς
3121 3163 3432 3235 αἰσθήσεις,
3469 3159 3630 3228 θυρῶν
3648 3155 3782 3222 δίκηνν

2267 3254 2505 3326 μύσασα,
2525 3254 2634 3310 τῶν
2655 3253 2968 3325 καθ’άμαρτ
2978 3255 3061 3309 ίαν
3085 3253 3331 3309 εἰδώλων
3353 3251 3583 3322 καθαρὰς
3598 3241 3786 3314 ἀπεργά-

2264 3347 2438 3412 ζεται.
2500 3346 2602 3402 Διά
2645 3346 2704 3401 δὲ
2750 3347 2854 3418 τῆς
2896 3347 3105 3401 εἰσόδου
3153 3346 3275 3400 τῶν
3319 3345 3486 3415 ἁγίων
3515 3336 3781 3414 μυστηρίων,

2261 3439 2361 3512 τὴν
2387 3439 2751 3509 τελειωτέραν
2786 3438 2884 3492 καὶ
2913 3437 3340 3509 μυστικωτέραν
3376 3436 3467 3490 καὶ
3487 3428 3656 3496 καινὴν
3689 3423 3785 3493 περὶ

2261 3532 2362 3602 τὴν
2415 3533 2496 3595 εἰς
2541 3531 2690 3602 ἡμᾶς
2738 3529 3049 3601 οἰκονομίαν
3079 3528 3174 3584 τοῦ
3203 3528 3348 3583 Θεοῦ
3377 3520 3688 3582 διδασκαλίαν
3716 3515 3785 3570 καὶ

2261 3623 2482 3692 γνῶσιν.
2541 3623 2642 3678 Διά
2683 3623 2740 3676 δὲ
2788 3621 2884 3675 τοῦ
2931 3621 3079 3675 θείου
3114 3618 3453 3691 ἀσπασμοῦ,
3503 3616 3593 3684 τὴν
3615 3611 3785 3665 πάντων

2263 3715 2402 3787 πρὸς
2450 3715 2661 3778 πάντας
2717 3714 2816 3768 καὶ
2869 3713 3005 3785 πρὸς
3056 3712 3249 3768 ἑαυτὸν
3313 3711 3535 3766 ἑκάστου
3576 3702 3785 3774 πρότερον

2262 3808 2358 3861 καὶ
2383 3807 2477 3860 τὸν
2505 3807 2662 3872 Θεὸν,
2695 3806 2950 3878 ὁμονοίας
2983 3804 3080 3861 καὶ
3105 3801 3564 3874 όμογνωμοσύνης
3584 3795 3666 3848 καὶ
3681 3788 3785 3857 ἀγά·

2263 3917 2374 3968 πης
2397 3899 2724 3971 ταυτότητα.
2757 3897 2855 3952 Διά
2871 3897 2928 3953 δὸ
2953 3896 3056 3966 τῆς
3078 3894 3175 3949 τοῦ
3200 3894 3476 3966 συμϐόλου
3498 3890 3586 3959 τῆς
3603 3885 3786 3942 πίστεως

2260 3991 2570 4062 ὁμολογίας,
2619 3989 2720 4060 τὴν
2747 3989 2841 4042 ἐπὶ
2868 3990 2984 4052 τοῖς
3009 3986 3348 4060 παραδόξοις
3369 3983 3578 4057 τρόποις
3600 3979 3682 4072 τῆς
3703 3989 3784 4072 σωξ

2259 4085 2456 4154 τηρίας
2499 4083 2656 4153 ἡμῶν
2701 4081 3015 4152 πρόσφορον
3061 4079 3440 4152 εὐχαριστίαν.
3495 4073 3584 4128 Διὰ
3620 4068 3670 4122 δὲ
3711 4068 3782 4116 τοῦ

2261 4175 2577 4244 Τρισαγίου,
2609 4173 2710 4241 τὴν
2743 4171 2880 4243 πρὸς
2910 4171 3039 4235 τοὺς
3064 4170 3256 4239 ἁγίους
3283 4168 3538 4239 ἀγγέλους
3560 4156 3780 4255 Evandva

2260 4264 2357 4318 xui.
2404 4262 2676 4334 ἰσοτιμίαν
2694 4301 2714 4325 ,,
2771 4263 2869 4324 καὶ
2916 4263 3017 4333 τὴν
3063 4263 3347 4317 ἄπαυστον
3389 4259 3483 4328 τῆς
3515 4255 3784 4344 άγιατξικῖίς

2259 4355 2572 4424 δοξολογίας
2602 4353 2697 4408 τοῦ
2725 4353 2860 4408 Θεοῦ
2896 4352 3190 4424 σῠμφωνον
3218 4351 3483 4406 εὐτονίαν.
3531 4342 3620 4400 Διά
3642 4338 3688 4393 δὲ
3707 4338 3782 4424 τῆς

573 4441 928 4512 dignitatem,
970 4456 1074 4496 nec
1113 4441 1276 4496 finem
1307 4423 1897 4513 unquamhabituram
1951 4446 2153 4501 divinze

2259 4423 2591 4517 προσευχῆς,
2612 4443 2679 4496 δι’
2695 4437 2764 4515 ἧς
2793 4423 3014 4512 Πατέρα
3039 4443 3226 4496 καλεῖν
3253 4441 3349 4496 τὸν
3371 4439 3498 4494 Θεὸν
3520 4423 3782 4517 agnomen.

569 4533 994 4603 glorificationis
1041 4533 1380 4590 modulatam
1407 4537 1845 4592 consonantiam.
1883 4537 1990 4594 Per
2025 4554 2155 4593 ora-

571 4624 804 4690 tionem,
835 4641 943 4694 qua
975 4626 1148 4680 Deum
1177 4625 1393 4680 Patrem
1429 4643 1629 4682 vocare
1656 4628 2002 4692 conceditur,
2029 4645 2153 4698 quae

570 4718 630 4774 in
657 4719 856 4790 spiritu
886 4728 1001 4786 est,
1033 4719 1380 4776 verissimam
1409 4721 1795 4792 adoptionem.
1841 4721 1948 4776 Per
1981 4716 2148 4787 illud,

572 4811 720 4868 Unus
773 4811 1041 4877 Sanctus,
1077 4821 1134 4867 et
1167 4829 1290 4881 qua:
1342 4822 1674 4883 sequuntur,
1721 4812 1982 4868 uniﬁcam
2027 4828 2152 4868 cum

568 4905 684 4960 Deo
721 4904 981 4959 unionem
1005 4919 1071 4959 ac
1102 4903 1596 4959 necessitudinem.
1640 4903 1745 4958 Per
1775 4917 2010 4966 sacram,
2043 4918 2153 4971 qua

565 4989 875 5067 impollu'tis
898 5013 962 5052 ac
993 4995 1232 5050 vivificis
1263 4995 1544 5066 mysteriis
1581 4994 1952 5064 impartimur,
1999 5010 2150 5049 com-

567 5091 912 5152 munionem,
946 5090 1094 5144 illam
1115 5104 1242 5144 cum
1268 5089 1410 5158 ipso,
1429 5096 1639 5158 quanta
1659 5085 1991 5142 mortalibus
2013 5102 2150 5142 con-

564 5197 724 5237 cessa
741 5190 846 5246 est,
866 5196 936 5235 ex
959 5181 1323 5237 similitudine
1343 5181 1662 5236 societatem
1687 5194 1752 5234 ac
1770 5179 2150 5245 identitatem;

570 5287 677 5343 per
707 5285 872 5341 quam
903 5271 1070 5326 homo
1105 5271 1211 5327 hoc
1235 5271 1614 5342 consequitur,
1650 5279 1711 5326 ut
1736 5284 1806 5326 ex
1842 5270 2066 5326 homine
2093 5271 2150 5324 in

572 5359 746 5414 Deum
789 5358 1173 5415 transferatur.
1226 5360 1360 5426 Qua:
1399 5363 1548 5417 enim
1597 5349 1709 5426 hic,
1755 5375 1819 5415 ac
1863 5359 2152 5415 mortalem

574 5458 802 5521 agentes
822 5449 1016 5512 vitam,
1047 5465 1148 5518 per
1183 5451 1415 5521 gratiam
1447 5466 1571 5520 quae
1616 5451 1671 5506 in
1700 5450 1807 5506 fide
1835 5457 1942 5514 est,
1972 5449 2154 5520 perci-

578 5554 709 5609 pere
744 5554 847 5595 nos
885 5537 1062 5593 sancti
1093 5537 1334 5608 Spiritus
1367 5539 1510 5594 dona
1534 5539 1847 5604 credimus;
1876 5537 1995 5593 haec
2025 5553 2179 5605 vere

577 5633 638 5688 in
667 5630 857 5687 futuro
903 5630 1128 5698 saeculo,
1176 5640 1233 5687 et
1269 5638 1328 5685 ut
1377 5631 1556 5701 reipsa
1594 5631 1669 5686 ita
1710 5631 1810 5696 sit,
1851 5629 2154 5687 secundum

655 5746 703 5779 “
737 5747 951 5819 ἀληθῶς
974 5765 1027 5804 c.
1056 5748 1122 5804 Α.
1148 5747 1216 5803 R.
1253 5745 1468 5818 ἀληθῶς
1497 5749 1690 5801 εἰπεῖν.

2254 4515 2354 4606 την
2403 4536 2463 4587 ὲν
2511 4535 2698 4605 χάριτι
2750 4533 2841 4586 τοῦ
2890 4534 3050 4602 άγίου
3095 4532 3417 4604 Πνεῦματος
3466 4515 3781 4612 ἀληθεστάὶην

2257 4604 2554 4682 υἱοθεσίανς
2611 4625 2710 4680 Διά
2749 4625 2806 4678 δὲ
2851 4623 2969 4689 τοῦ,
3017 4618 3122 4689 Εἷς
3154 4624 3379 4692 Ἀτιος,
3425 4617 3514 4672 και
3547 4613 3642 4665 τῶν
3668 4604 3782 4670 ιξῆςο

2255 4717 2356 4787 τὴν
2404 4715 2539 4786 πρὸς
2581 4715 2743 4769 αὐτὸν
2780 4715 2870 4767 τὸν
2900 4714 3035 4768 Θεὸν
3068 4712 3317 4767 ἑνοποιὸν
3339 4711 3496 4783 χάριν
3526 4702 3610 4760 καὶ
3628 4692 3783 4753 οἰκειό-

2253 4826 2415 4880 τητα.
2467 4806 2568 4864 Διά
2605 4809 2662 4862 δὲ
2704 4808 2806 4878 τῆς
2840 4807 3004 4876 ἁγίας
3035 4805 3396 4879 μεταλήψεως
3424 4801 3529 4856 τῶν
3554 4791 3784 4880 άχίθάνπνῖί

2255 4873 2351 4953 καὶ
2408 4897 2688 4964 ζωοποιῶν
2743 4873 3098 4970 μυστηρίων,
3162 4873 3273 4967 τὴν.
3316 4894 3453 4968 πρὸς
3488 4887 3635 4942 αὐτὸν
3673 4873 3783 4934 κατὰ

2260 4991 2476 5062 μέθεξιν
2541 4989 2930 5073 ἐνδεχομένην
2972 4989 3038 5042 δι’
3087 4988 3404 5060 ὁμοιότητος
3458 4973 3781 5073 κοινωνίαγῗ

2259 5080 2356 5134 καὶ
2403 5079 2710 5150 ταυτότητά
2735 5095 2753 5112 ·
2807 5078 2876 5132 δι’
2912 5072 2982 5150 ἦς
3029 5077 3286 5146 γενέσθαι
3315 5073 3436 5136 θεὸς
3465 5069 3521 5134 ἐξ
3547 5062 3780 5150 “om

2259 5145 2680 5237 καταξιοῦταινδ
2705 5145 3016 5241 ἄνθρωπος.
3046 5145 3153 5223 *ον
3177 5168 3286 5240 γάρ
3315 5161 3541 5222 ἐνταῦθα
3567 5151 3688 5210 κατὰ
3706 5145 3782 5252 ξῆν

2259 5262 2538 5334 παροῦσαν
2565 5260 2734 5333 ζωὴν,
2768 5260 2861 5314 διὰ
2887 5261 2991 5331 τῆς
3023 5261 3083 5315 ὲν
3110 5259 3295 5314 πίστει
3324 5258 3554 5328 χάριτος,
3577 5251 3783 5300 πιστευοο

2261 5371 2360 5426 μεν
2431 5351 2817 5424 μετειληφέναι
2867 5352 3090 5423 δωρεῶν
3154 5350 3251 5406 τοῦ
3296 5349 3446 5418 ἁγίου
3489 5337 3782 5426 Πνεύματξςν

2258 5417 2462 5497 ⁸τούτων
2514 5443 2572 5496 έν
2748 5417 2999 5512 μέλλοντι
3049 5442 3210 5497 αἰῶνι
3265 5417 3418 5496 κατὰ
3446 5431 3678 5502 ἀλήθειαν
3714 5417 3784 5468 ὲν-

2261 5532 2578 5597 υποστάτως
2626 5532 2776 5604 αὐτῷ
2804 5531 2884 5605 τῷ
2912 5533 3208 5606 πράγματι
3234 5573 3252 5600 ,
3305 5528 3441 5587 κατὰ
3467 5524 3557 5594 τὴν
3579 5519 3782 5606 ansam."

2262 5625 2454 5680 ἐλπίδα
2485 5625 2587 5695 τῆς
2613 5596 3184 5697 πίστεως-ήμῶνϊκαί
3212 5596 3311 5697 τὴν
3338 5620 3428 5677 τοῦ
3450 5596 3767 5672 ὲπαγγειλυμί
