4036 6278
213 293 328 360 705

1566 288 1997 351 MYSTAGOGI
2006 290 2045 347 A
2058 337 2071 349 .

3386 291 3495 357 706

221 425 307 460 aeu
339 405 572 476 βεϐαίαν
616 404 712 459 καὶ
739 406 1091 477 ἀπαράϐατον
1121 406 1439 477 ὑπόσχεσιν,
1474 402 1800 473 φυλάξαντες

1911 416 2065 472 spem
2094 402 2307 455 ﬁrmam
2340 410 2545 457 nostra:
2575 402 2725 466 ﬁdei,
2754 417 2819 457 ac
2840 404 2963 473 ejus
2996 404 3089 474 qui
3116 403 3396 475 pollicitus
3411 419 3499 462 ess

208 499 357 552 κατά
412 497 652 568 δύναμιν
704 499 807 561 τὰς
851 499 1070 563 ἐντολὰς
1098 538 1113 563 ,
1188 498 1517 568 πιστεύομεν
1566 496 1806 565 καταλή-

203 591 417 659 ψεσθαι
444 593 512 656 ⁸⁸,
564 592 982 661 μεταϐαίνοντες
1010 593 1119 646 ἀπὸ
1144 593 1241 663 τῆς
1268 592 1326 643 ὲν
1353 590 1532 643 πίστει
1562 590 1805 659 χάριτος,

206 684 291 745 είς
320 682 427 751 τὴν
475 683 597 735 κατ’
619 679 757 746 είδος
784 684 945 754 χάριν
971 699 984 714 ·
1045 682 1468 755 μεταποιοῦντος
1492 681 1637 750 ἡμᾶς
1667 679 1805 749 πρὸς

204 772 412 826 ἑαυτὸν
462 772 666 844 δηλαδὴ
714 775 808 826 τοῦ
842 772 979 827 Θεοῦ
1026 776 1120 827 καὶ
1160 774 1413 844 Σωτῆρος
1443 772 1602 843 ἡμῶν
1630 769 1803 839 Ἰησοῦ

203 864 459 935 Χριστοῦ
482 881 495 895 ⁸
556 869 621 937 τῇ
670 867 1009 937 περιαιρέσει
1063 868 1173 920 τῶν
1213 868 1271 920 ὲν
1307 869 1439 938 ἡμῖν
1474 866 1572 936 τῆς
1600 865 1806 935 φθορᾶς

203 955 642 1025 γνωρισμάτων,
665 956 760 1009 καὶ
784 956 850 1009 τὰ
873 956 1307 1027 παραδειχθέντα
1329 956 1418 1008 διὰ
1439 954 1548 1008 τῶν
1571 953 1804 1008 ἐνταῦθα

201 1048 496 1118 αἰσθητῶν
561 1048 845 1119 συμϐόλων
902 1050 1037 1119 ημῖν
1094 1049 1381 1118 ἀρχέτυπα
1438 1048 1802 1119 χαριζομένου

205 1140 520 1211 μυστήρια.

270 1391 377 1444 Διά
430 1391 488 1443 δὲ
513 1390 577 1443 τὸ
627 1390 1091 1462 εὐμνημόνευτον,
1145 1393 1193 1445 εί
1235 1391 1403 1455 δοκεῖ,
1456 1392 1559 1464 τὴν
1589 1392 1701 1446 τῶν
1724 1393 1804 1447 εί-

200 1483 472 1552 ρημένων
502 1483 735 1553 δύναμιν
762 1483 883 1537 κατ’
906 1483 1173 1554 ἐπιτομὴν
1201 1484 1626 1553 ἐπιδραμόντες,
1658 1482 1803 1537 οὕτω

195 1579 701 1649 κεφαλαιώσωμεν.
730 1579 886 1633 Ἔστι
918 1582 1020 1650 μὲν
1045 1576 1140 1634 οὖν
1164 1582 1197 1651 ὴ
1226 1579 1359 1647 ἁγία
1383 1579 1683 1649 Ἐκκλησία
1706 1578 1801 1632 τύ-

196 1691 305 1736 πος
330 1712 348 1736 ,
405 1672 484 1735 ὡς
534 1672 783 1743 εἴρηται,
830 1673 926 1726 καὶ
953 1670 1140 1735 είκὼν,
1175 1671 1268 1725 τοῦ
1304 1672 1404 1741 μὲν
1428 1670 1565 1724 Θεοῦ
1589 1687 1603 1701 ·
1662 1672 1799 1724 διότι

1911 493 2423 549 incommutabilem
2442 502 2764 565 certamque
2788 496 3016 550 omnino
3044 498 3495 566 promissionem,

1908 586 2003 641 ubi
2038 602 2141 657 pro
2165 587 2315 641 virili
2353 595 2545 643 nostra
2583 588 2845 643 facultate
2889 591 3146 645 mandata
3190 592 3502 646 servaveri-

1908 694 2054 743 mus,
2094 688 2459 750 percepturos
2502 695 2604 735 nos
2632 682 2934 745 credimus,
2961 682 3056 751 qui
3086 698 3115 736 a
3164 682 3341 752 gratia
3371 698 3498 753 qua:

1907 771 1964 825 in
2006 770 2116 826 ﬁde
2143 780 2251 835 est,
2275 772 2343 826 ad
2378 768 2616 843 'gratiam
2641 788 2763 842 qua:
2793 781 2877 827 est
2901 774 3210 827 secundum
3250 774 3497 843 speciem

1908 864 2195 918 transituri
2217 866 2427 930 simus;
2472 866 2586 919 Deo
2620 865 2835 920 scilicet
2880 881 2947 919 ac
2976 865 3273 919 Servatore
3301 872 3499 919 nostro

1904 955 2035 1009 Jesu
2067 953 2294 1011 Christo
2321 973 2423 1011 nos
2448 957 2503 1009 in
2526 972 2585 1010 se
2614 964 3042 1019 transmutante,
3085 971 3304 1009 necnon
3367 971 3496 1011 cor-

1906 1046 2185 1115 ruptionis
2222 1048 2584 1117 mortalisque
2620 1048 2676 1101 in
2710 1048 2873 1102 nobis
2900 1049 3029 1103 vitm
3068 1057 3229 1101 notas
3260 1047 3495 1103 abolen-

1905 1138 2001 1201 do,
2052 1154 2154 1206 per
2187 1154 2251 1191 ea
2278 1138 2524 1209 symbola
2576 1154 2699 1208 qua:
2734 1140 2791 1193 in
2838 1155 3062 1193 sensum
3125 1139 3355 1201 cadunt,
3404 1137 3497 1193 hic

1904 1229 2070 1284 nobis
2103 1231 2376 1299 tantisper
2419 1237 2747 1295 monstrata,
2786 1230 3070 1301 primitiva
3108 1230 3369 1302 mysteria
3396 1228 3495 1283 lar-

1900 1321 2108 1391 giente.

1977 1410 2200 1467 Summa
2254 1413 2512 1467 dictorum
2552 1431 2615 1468 ac
2666 1415 3063 1483 recapitulatio.
3089 1444 3163 1456 —
3201 1415 3273 1471 Ut
3305 1424 3493 1470 autem

1905 1506 2187 1559 memoriae
2246 1507 2613 1570 consulatur,
2670 1507 2716 1561 si
2746 1508 2911 1571 libet,
2950 1522 3144 1562 eorum
3196 1524 3318 1577 qua:
3364 1509 3494 1564 data

1902 1605 2033 1650 sunt
2085 1596 2195 1649 vim
2228 1596 2475 1651 breviter
2523 1607 2942 1666 percurrentes,
2990 1601 3063 1653 ita
3113 1599 3168 1652 in
3219 1614 3495 1653 summam

1904 1685 2241 1754 redigamus.
2277 1686 2374 1739 Est
2413 1686 2585 1755 igitur
2631 1695 2820 1741 sancta
2865 1687 3132 1751 Ecclesia,
3174 1689 3253 1741 uti
3278 1688 3491 1742 dictum

196 1767 268 1838 ἢν
297 1765 601 1836 ἐργάζεται
651 1752 806 1820 κατᾶί
839 1765 939 1837 τὴν
980 1766 1208 1836 ἄπειρον
1238 1764 1409 1819 αὐτοῦ
1433 1764 1668 1835 δύναμιν
1706 1764 1800 1817 καὶ

1906 1786 2008 1841 est,
2034 1752 2131 1831 ὑεῖ
2168 1777 2393 1847 quidem
2439 1752 2624 1849 ﬁgura
2680 1795 2746 1834 ac
2785 1780 2997 1850 imago;
3043 1781 3191 1850 quod
3224 1782 3495 1836 nimirum

198 1858 428 1929 σοφίαν,
467 1859 597 1928 περὶ
626 1859 725 1922 τὰς
749 1860 1043 1930 διαφόρους
1072 1858 1184 1912 τῶν
1209 1859 1379 1912 δντων
1404 1857 1597 1920 οὐσίας
1624 1856 1797 1924 ἀσύγ-

200 1967 369 2023 χυτον
428 1952 663 2017 ἕνωσιν,
728 1951 805 2014 ὡς
857 1951 1192 2023 δημιουργὸς
1244 1952 1367 2006 κατ’
1396 1950 1573 2021 ἀκρον
1624 1948 1802 2019 ἑαυτῷ

202 2044 454 2114 συνέχων
476 2060 493 2074 ·
531 2045 627 2097 καὶ
655 2043 800 2098 κατὰ
827 2044 957 2115 μίαν
986 2044 1087 2115 τῆς
1116 2043 1355 2106 πίστεως
1387 2043 1485 2097 καῖ¹
1514 2041 1675 2113 χάριν
1705 2042 1802 2095 καὶ

203 2138 407 2206 κλῆσιν
441 2138 572 2200 τούς
603 2138 833 2201 πιστοὺς
859 2138 1115 2208 ἀλλήλοις
1137 2136 1386 2201 ένοειδῶς
1410 2137 1761 2191 συνάπτουσα
1782 2152 1797 2165 ο

200 2232 330 2293 τοὺς
371 2229 434 2283 δὲ
478 2231 822 2301 πρακτικοὺς
864 2231 962 2283 καὶ⁵
990 2232 1301 2303 ἐναρέτους,
1333 2230 1477 2285 κατὰ
1507 2232 1639 2300 μίαν
1664 2229 1803 2297 γνὼ-

204 2340 315 2395 μης
340 2323 674 2393 ταυτότητα·
705 2324 835 2387 τοὺς
857 2324 915 2377 δὲ
945 2323 1316 2395 θεωρητικοὺς
1346 2327 1440 2378 καί
1465 2325 1801 2393 γνωστικοὺς

202 2419 341 2491 πρὸς
390 2419 610 2480 τούτοις
665 2418 763 2474 καὶ
813 2419 940 2475 καθ’
962 2422 1217 2492 ὁμόνοιαν
1247 2420 1473 2492 ἀρραγῆ
1506 2422 1603 2474 καὶ
1630 2419 1802 2474 ἀδιαί-

205 2528 385 2582 ρστον.

204 2619 303 2677 per
334 2619 513 2659 unam
550 2604 853 2660 voluntatis
908 2605 1332 2674 animorumque
1392 2605 1855 2668 consensionem;

1906 1883 2072 1938 quam
2126 1870 2218 1924 ille
2250 1870 2466 1926 inﬁnita
2518 1872 2765 1941 potentia
2813 1887 2912 1926 sua
2956 1888 3019 1927 ac
3049 1874 3321 1943 sapientia
3359 1890 3495 1944 erga

1904 1959 2202 2015 distinctas
2238 1976 2427 2015 rerum
2462 1962 2740 2016 essentias
2778 1963 3130 2018 inconfusam
3176 1963 3495 2019 unitionem

1903 2052 2057 2112 facit,
2095 2061 2356 2123 tanquam
2406 2056 2592 2125 opifex
2626 2071 2691 2110 ac
2738 2056 3051 2109 conditoris
3093 2056 3221 2126 jure
3277 2071 3494 2111 summa

1903 2144 2067 2215 520
2114 2146 2352 2215 quadam
2410 2147 2832 2202 necessitudine
2891 2148 3076 2216 seipso
3110 2157 3492 2214 connectens;

1901 2250 2022 2290 eam
2049 2252 2273 2307 quoque
2305 2238 2395 2291 illa
2425 2254 2523 2307 per
2566 2239 2693 2294 ﬁdei
2725 2239 2953 2309 gratiam
2998 2240 3053 2293 in
3085 2238 3342 2293 ﬁdelibus
3357 2255 3494 2310 ope-

1903 2336 2080 2391 retur,
2107 2343 2302 2382 omnes
2333 2329 2561 2398 quidem
2591 2329 2784 2383 ﬁdeles
2808 2344 2995 2383 secum
3026 2330 3178 2399 ipsos
3200 2330 3496 2385 uniformi-

1902 2428 1988 2474 ter
2028 2435 2128 2489 per
2154 2420 2280 2475 ﬁdei
2314 2436 2478 2475 unam
2504 2421 2737 2491 gratiam
2787 2436 2852 2476 ac
2874 2421 3228 2477 vocationem
3257 2425 3495 2495 conjun-

1901 2525 2067 2581 gens;
2104 2526 2203 2566 eos
2235 2522 2421 2567 autem
2444 2512 2540 2582 qui
2571 2512 2846 2567 actionem
2883 2527 2947 2567 ac
2980 2513 3246 2568 virtutem
3275 2514 3492 2579 colunt,

1900 2602 1969 2656 ad
2018 2603 2134 2657 haec
2166 2619 2300 2658 vero
2349 2606 2520 2660 etiam
2568 2620 2666 2661 eos
2704 2604 2798 2675 qui
2841 2604 3369 2675 contemplationem
3425 2621 3493 2662 ac

202 2697 523 2761 scientiam,
557 2713 657 2767 per
706 2696 1108 2764 ﬁrmissimam,
1157 2711 1490 2767 omnemque
1525 2695 1821 2751 divisionis
1856 2709 1921 2749 ae
1943 2694 2098 2749 rima:
2134 2710 2335 2750 noxam
2368 2705 2745 2766 respuentem,
2773 2695 3131 2751 concordiam

273 2790 388 2844 Τοῦ
428 2791 489 2843 δὲ
533 2789 742 2860 κόσμου
768 2828 785 2854 ,
841 2789 936 2844 τοῦ
966 2808 1026 2845 τε
1058 2790 1253 2862 νοητοῦ
1283 2791 1380 2845 καὶ
1406 2789 1501 2843 τοῦ
1528 2788 1792 2861 αίσθητοῦ

207 2881 381 2945 τύπος
408 2882 577 2936 ἐστίν·
604 2881 679 2945 ὡς
702 2882 798 2936 τοῦ
824 2882 1020 2953 νοητοῦ
1046 2883 1253 2955 κόσμου
1278 2883 1340 2938 τὸ
1368 2884 1631 2955 ίερατεζον
1654 2882 1794 2951 σύμ-

209 2975 365 3030 ϐολον
394 2976 618 3045 ἐχουσαυ
651 2973 749 3028 τοῦ
778 2974 1040 3045 αἰσθητοῦ
1067 2976 1147 3041 δὲ,
1180 2976 1274 3029 τὸν
1297 2975 1443 3029 ναόν.

289 3150 610 3222 Ἀνθρώπου
646 3152 707 3206 δὲ
758 3152 924 3207 πάλιν
955 3152 1121 3207 εικὼν
1148 3154 1326 3219 ἐστιν,
1378 3152 1453 3217 ὡς
1486 3151 1586 3223 τὴν
1613 3150 1795 3222 ψυχὴν

204 3243 296 3298 διά
336 3244 438 3299 τοῦ
484 3245 752 3315 ἱερατείου
784 3246 1135 3317 μιμουμένη·
1192 3245 1253 3300 τὸ
1278 3246 1335 3299 δὲ
1369 3246 1549 3316 σῶμα,
1582 3244 1670 3298 διὰ
1698 3243 1794 3297 τοῦ

205 3337 343 3393 ναοῦ
374 3336 814 3409 προϐαλλομένη.
848 3338 1030 3410 Αὐτῆς
1047 3338 1106 3391 δὲ
1128 3339 1228 3409 τῆς
1249 3338 1431 3410 ψυχῆς
1455 3338 1579 3392 καθ’
1594 3338 1796 3409 ἑαυτὴν

206 3428 516 3499 νοουμένης
540 3428 711 3494 τύπος
740 3430 857 3485 ἐστὶ
890 3432 984 3485 καὶ
1008 3431 1195 3496 είκὼν,
1231 3431 1307 3494 ὡς
1334 3430 1429 3486 τοῦ
1454 3429 1795 3502 θεωρητικοῦ

206 3520 301 3575 διά
331 3519 428 3574 τοῦ
460 3522 732 3592 ίερατείου
762 3522 1005 3595 φέρουσα
1033 3522 1093 3577 τὸ
1117 3522 1364 3588 ἐπίδοξον
1386 3540 1401 3555 ·
1438 3523 1534 3578 τοῦ
1559 3523 1619 3578 δὲ
1650 3540 1795 3595 πρα-

207 3612 410 3668 κτικοῦ
439 3614 530 3668 διά
552 3613 646 3667 τοῦ
672 3614 802 3669 ναοῦ
834 3615 895 3669 τὸ
924 3615 1155 3687 κόσμιον
1184 3616 1403 3687 ἔχουσα.

280 3874 400 3945 Τῆς
428 3874 487 3928 δὲ
514 3873 846 3947 τελουμένης
878 3878 937 3929 ὲν
967 3877 1106 3949 αὐτῇ
1135 3878 1293 3946 ἁγίας
1320 3878 1612 3944 συνάξεως,
1636 3880 1670 3950 ἠ
1698 3879 1797 3949 μὲν

211 3966 412 4036 πρώτη
457 3963 662 4029 εἴσοδος
711 3964 946 4033 γενικῶς
989 3966 1087 4035 μὲν
1133 3966 1284 4037 δηλοῖ
1314 3967 1414 4037 τὴν
1444 3966 1670 4037 πρώτην
1699 3967 1796 4020 τοῦ

211 4049 351 4105 Θεοῦ
384 4049 543 4121 ἡμῶν
572 4052 874 4123 παρουσίαν
894 4069 909 4085 ο
973 4053 1154 4117 ίδικῶς
1175 4054 1255 4119 δὲ,
1288 4056 1390 4127 τὴν
1415 4055 1480 4109 δι’
1506 4056 1672 4110 αὐτοῦ
1702 4058 1799 4111 καὶ

214 4144 313 4198 σύν
338 4143 495 4214 αὐτῷ
521 4144 632 4197 τῶν
657 4142 717 4211 ἐξ
737 4146 999 4210 ἀπιστίας
1024 4148 1105 4210 είς
1128 4147 1335 4212 πίστιν,
1352 4148 1448 4202 καὶ
1466 4149 1576 4204 ἀπὸ
1596 4150 1797 4213 κακίας

112 4226 117 4229 “
210 4234 295 4299 είς
322 4234 550 4306 ἀρετὴν,
586 4236 682 4289 καὶ
711 4237 821 4291 ἀπὸ
849 4237 1127 4307 ἀγνωσίας
1157 4239 1241 4301 είς
1268 4238 1470 4305 γνῶσιν
1500 4240 1798 4310 εἰσαγομέ-

210 4343 320 4383 νων
345 4329 705 4400 ἑπιστροφήν.

279 4508 369 4563 Τά
392 4507 451 4563 δὲ
482 4508 743 4579 γινόμενα
778 4509 900 4580 μετ’
914 4509 1086 4582 αὐτὴν
1111 4510 1537 4582 ἀναγνώσματα,
1561 4509 1796 4579 γενικῶς

211 4600 337 4672 μὲν,
394 4600 471 4654 τὰ
516 4600 638 4655 θετα
681 4600 967 4672 θελήματά
1003 4618 1066 4656 τε
1121 4603 1217 4656 καὶ
1251 4601 1589 4673 βουλήματα,
1621 4600 1741 4655 καθ’
1763 4601 1800 4655 ἀ

207 4694 318 4765 χρὴ
372 4694 509 4756 τοὺς
546 4693 755 4757 πάντας
786 4693 1141 4748 παιδεύεσθαί
1174 4712 1236 4749 τε
1277 4694 1372 4749 καὶ
1396 4693 1796 4759 πολιτεύεσθαι,

211 4784 439 4856 μηνύει·
483 4783 668 4849 ίδικῶς
690 4783 770 4853 δὲ,
802 4784 902 4857 τὴν
930 4785 1076 4840 κατά
1104 4786 1205 4857 τὴν
1231 4786 1416 4840 πίστιν
1442 4786 1798 4842 διδασκαλίαν

209 4877 308 4931 καὶ
362 4875 654 4949 προκοπὴν
702 4878 814 4933 τῶν
866 4879 1273 4932 πιστευσάντων
1296 4894 1312 4909 ·
1369 4878 1467 4933 καὶ
1516 4877 1627 4932 τῶν
1655 4894 1798 4950 πρα-

210 4970 424 5027 κτικῶν
476 4970 577 5039 τὴν
620 4971 742 5026 κατ’
769 4972 973 5043 ἀρετὴν
999 4971 1205 5040 παγίαν
1241 4970 1483 5027 διάθεσιν
1504 4986 1521 5004 ⁸
1576 4970 1703 5025 καθ’
1731 4974 1803 5044 ἢν

206 5063 288 5135 τῷ
314 5063 452 5134 θείῳ
476 5064 629 5134 νόμῳ
656 5063 997 5134 στοιχοῦντες
1044 5062 1155 5117 τῶν
1186 5063 1416 5117 ἐντολῶν
1444 5063 1713 5134 ἀνδρικῶς
1737 5082 1805 5131 τε

211 5154 310 5209 καὶ
338 5154 676 5226 Δἀκλιονήτως
716 5155 963 5210 ἵστανται
1025 5156 1165 5227 πρὸς
1215 5156 1315 5220 τάς
1369 5154 1649 5227 μεθοδείας
1699 5156 1797 5210 τοῦ

209 5247 465 5302 διαϐόλου
484 5286 501 5313 ,
552 5248 647 5303 καὶ
672 5248 774 5313 τὰς
801 5250 1185 5319 ἀντικειμένας
1212 5249 1497 5319 ἐνεργείας
1522 5248 1797 5318 διαδιδρά-

213 5353 433 5393 mar
488 5339 585 5394 καὶ
608 5340 719 5395 τῶν
740 5340 1059 5409 γνωστικῶν
1085 5342 1185 5413 τὴν
1213 5340 1360 5397 κατά
1382 5340 1620 5414 θεωρίαν
1647 5341 1788 5407 ἕξιν·

210 5429 336 5487 καθ’
358 5429 429 5503 ην
456 5430 601 5495 ,τοὺς
646 5430 756 5485 τῶν
795 5431 1071 5489 αἰσθητῶν
1110 5433 1203 5487 καὶ
1229 5433 1329 5503 τῆς
1353 5433 1440 5486 ἐπ’
1456 5433 1637 5498 αὐτοῖς
1660 5449 1795 5503 προ⁹

288 5698 336 5732 ιι
372 5696 642 5770 μεταλήψ.
675 5713 726 5754 c.
760 5698 825 5755 Α.
857 5707 913 5755 et
937 5698 1027 5755 Fr.

1974 2788 2164 2843 Mundi
2199 2798 2408 2853 autem,
2443 2799 2558 2844 tum
2589 2791 2711 2861 ejus
2738 2790 2832 2859 qui
2870 2798 3056 2843 mente
3086 2789 3223 2853 sola,
3252 2797 3368 2842 tum
3393 2787 3491 2857 qui

1898 2893 2065 2933 sensu
2090 2879 2419 2948 percipitur,
2459 2878 2633 2949 ﬁgura
2662 2888 2781 2945 est;
2819 2888 2881 2932 ut
2906 2893 3029 2947 qum
3059 2878 3251 2932 mundi
3281 2878 3490 2933 intelli-

1897 2970 2083 3040 gibilis
2113 2970 2421 3025 sacrarium
2460 2970 2772 3041 symbolum
2812 2968 3050 3035 habeat;
3098 2968 3263 3040 hujus
3296 2978 3486 3024 autem

1822 3110 1864 3167 C
1896 3064 1993 3135 qui
2020 3064 2077 3119 in
2109 3078 2332 3119 sensum
2364 3062 2534 3129 cadit,
2560 3062 2847 3167 templum.

1968 3157 2188 3211 Rursus
2214 3170 2347 3210 vero
2392 3155 2574 3225 imago
2617 3163 2703 3209 est
2748 3153 3012 3217 hominis,
3038 3162 3101 3208 ut
3131 3167 3254 3223 quae
3288 3153 3487 3209 anima:

1898 3262 1997 3319 per
2037 3249 2342 3304 sacrarium
2383 3249 2626 3318 speciem
2654 3248 2897 3313 referat;
2950 3263 3051 3317 per
3076 3247 3341 3316 templum
3387 3261 3486 3301 au-

1897 3345 2009 3391 tem
2046 3353 2253 3409 corpus
2278 3338 2555 3408 praeferat.
2602 3337 2783 3407 Ipsius
2815 3346 2999 3391 autem
3026 3336 3224 3392 animae
3260 3344 3323 3392 ut
3365 3338 3483 3407 ipsa

1896 3430 2207 3485 secundum
2237 3446 2296 3486 se
2324 3446 2389 3485 ac
2436 3444 2688 3485 seorsum
2737 3428 3153 3493 consideratur,
3194 3427 3369 3499 ﬁgura
3396 3438 3485 3484 est

1896 3538 1962 3579 ac
2002 3522 2214 3593 imago,
2260 3530 2471 3592 utquze
2503 3537 2603 3591 per
2652 3521 2961 3576 sacrarium
2992 3522 3114 3591 ejus
3151 3523 3328 3590 partis
3358 3535 3484 3590 quae

1895 3611 2355 3681 contemplationi
2405 3610 2595 3666 studet
2634 3610 2947 3666 claritatem
2988 3610 3159 3675 ferat;
3209 3626 3312 3681 per
3342 3619 3483 3666 tem-

1896 3704 2049 3773 plum
2097 3711 2287 3758 autem
2326 3704 2450 3775 ejus
2471 3719 2596 3774 quae
2629 3704 2872 3769 actioni,
2906 3712 3165 3759 ornatum
3196 3703 3482 3759 decorem-

1895 3809 2003 3865 que
2037 3794 2309 3849 obtineat.

1969 3886 2107 3956 Ejus
2127 3895 2311 3941 autem
2333 3900 2456 3956 qua
2472 3885 2527 3939 in
2556 3900 2622 3941 ea
2651 3888 2939 3955 peragitur
2970 3899 3141 3940 sacrae
3170 3898 3477 3956 synaxeos;

1895 3977 2108 4047 primus
2140 3978 2365 4048 quidem
2405 3978 2670 4032 introitus
2713 3977 3054 4048 generaliter
3077 3976 3303 4046 quidem
3357 3978 3478 4047 pri-

1897 4084 2048 4123 mum
2080 4067 2293 4124 Christi
2316 4068 2416 4123 Dei
2442 4069 2643 4123 'nostri
2690 4068 2991 4123 adventum
3017 4067 3319 4139 signiﬁcat;
3352 4081 3483 4138 pro-

1896 4160 2015 4231 prie
2044 4175 2198 4223 vero,
2243 4175 2385 4225 eam,
2409 4175 2533 4230 qua:
2578 4176 2678 4230 per
2711 4160 2893 4231 ipsum
2922 4200 2938 4225 ,
2972 4159 3205 4230 ipsoque
3254 4160 3483 4229 auspice

1897 4259 2003 4316 est,
2038 4265 2233 4305 eorum
2277 4250 2375 4321 qui
2422 4250 2492 4304 ab
2529 4249 2862 4305 inﬁdelitate
2892 4249 2962 4305 ad
2995 4249 3256 4313 ﬁdem,et
3278 4264 3310 4304 a
3344 4249 3484 4304 vitio

1898 4342 1969 4397 ad
2010 4343 2301 4408 virtutem,
2336 4351 2503 4412 atque
2525 4342 2595 4397 ab
2618 4342 2929 4414 ignorantia
2950 4340 3020 4396 ad
3053 4342 3343 4397 scientiam
3394 4342 3483 4396 in-

1828 4463 1872 4519 υ
1900 4431 2188 4489 ducuntur
2213 4433 2666 4488 conversionem.

1968 4523 2104 4590 Quae
2130 4533 2315 4579 autem
2343 4524 2412 4579 ab
2451 4539 2525 4579 eo
2549 4532 2863 4595 sequuntur
2896 4522 3187 4589 lectiones,
3209 4523 3486 4603 generali:

1897 4621 1985 4671 ter
2012 4613 2237 4683 quidem
2254 4612 2475 4668 divinas
2488 4614 2804 4669 voluntates
2832 4623 2890 4669 et
2914 4613 3144 4669 conslia
3167 4612 3481 4683 designant,

1893 4720 1964 4761 ex
1995 4721 2236 4776 quorum
2264 4706 2484 4762 ratione
2504 4721 2733 4762 necesse
2766 4714 2876 4771 est,
2904 4717 2969 4764 ut
2999 4720 3195 4761 omnes
3215 4706 3481 4760 erudian-

1895 4806 1988 4851 tur
2015 4796 2298 4867 vitamque
2318 4796 2652 4863 instituant;
2683 4797 2907 4869 proprie
2934 4805 3143 4861 autem,
3167 4809 3361 4850 eorum
3382 4795 3481 4863 qui

1896 4888 2257 4945 crediderunt
2281 4889 2413 4945 ﬁdei
2438 4888 2749 4945 doctrinam
2778 4896 2949 4959 atque
2989 4885 3336 4957 profectum;
3362 4892 3482 4937 tum

1896 4980 2110 5037 scilicet
2132 4996 2349 5048 eorum,
2380 4981 2477 5052 qui
2504 4982 2783 5038 actionem
2813 4981 3024 5043 colunt,
3069 4977 3284 5031 ﬁrmam
3304 4976 3484 5030 virtu-

1898 5069 1968 5125 tis
1990 5069 2438 5141 dispositionem;
2470 5087 2604 5141 qua,
2622 5071 2862 5126 divinam
2890 5069 3275 5123 mandatorum
3302 5067 3482 5137 legem

1893 5167 2187 5227 sectantes,
2210 5162 2361 5217 virili
2383 5160 2730 5231 infractaque
2747 5157 3056 5213 constantia
3071 5155 3337 5212 adversus
3357 5156 3481 5212 dia-

1896 5249 2007 5305 boli
2043 5251 2273 5308 insidias
2301 5252 2633 5314 consistunt,
2663 5264 2971 5320 eorumque
2993 5248 3267 5305 occultam
3286 5249 3400 5304 vim
3416 5264 3483 5305 ac

1900 5343 2428 5400 molitionescavent
2440 5351 2606 5413 atque
2624 5341 2877 5413 fugiunt;
2893 5348 3009 5396 tum
3027 5355 3160 5398 vero
3176 5339 3273 5412 qui
3297 5341 3483 5397 scien-

1902 5434 2037 5489 tiam
2071 5434 2267 5492 colunt
2302 5433 2638 5504 studentque
2694 5430 3021 5503 sapientia),
3062 5428 3485 5502 contemplatio-

1450 5584 1536 5639 VA
1544 5581 1683 5643 ιιιιΕ
1720 5582 2120 5644 LECTIONES.
