4036 6278
517 251 620 315 707
1713 242 1773 301 S.
1816 239 2104 301 MAXIMI
2143 238 2651 302 CONFESSORIS
3705 238 3827 306 ’ωε

514 361 603 417 nis
630 356 918 422 habitum;
945 355 1106 426 cujus
1144 368 1401 418 munere,
1433 367 1618 408 rerum
1666 351 1722 406 in
1749 366 1974 407 sensum
2005 366 2100 404 ca-

2217 353 2353 414 νοίας
2394 353 2801 420 πνευματικοὺς
2849 352 2992 408 κατά
3030 353 3262 425 δύναμιν
3299 352 3711 426 συλλεγόμενοι
3735 353 3828 406 λό-

515 449 770 505 dentium
802 446 1182 518 spiritalisque
1217 445 1274 498 in
1316 443 1400 499 eis
1443 441 1808 513 providentiae
1855 441 2101 495 rationes

2217 463 2354 514 γους,
2390 446 2647 512 ἀπλανῶς
2679 447 2820 519 πρὸς
2848 446 2947 520 τὴν
2972 446 3232 518 ἀλήθειαν
3259 447 3534 518 φέρονται.

516 542 864 612 colligentes,
894 540 1106 610 absque
1141 553 1336 594 errore
1370 535 1440 592 ad
1467 535 1760 591 veritatem
1785 540 2040 589 currunt.

586 634 799 688 Divina;
813 640 1000 687 autem
1027 630 1372 687 canticorum
1401 628 1832 691 modulationes,
1854 626 2100 680 divinam

2275 624 2358 679 Τά
2405 625 2462 679 δὲ
2519 625 2642 680 θεῖα
2692 625 2804 680 τῶν
2842 625 3105 697 ᾀσμάτων
3134 623 3467 696 μελίσματα,
3508 623 3626 696 τὴν
3655 623 3830 692 ἐγγι-

514 725 919 799 jueunditatem
949 738 1016 778 ac
1052 723 1395 792 voluptatem
1430 721 1674 776 omnium
1705 718 1906 774 animis
1942 717 2103 771 inna-

2217 715 2446 786 νομένην
2494 719 2618 780 ταῖς
2660 716 2920 771 ἁπάντων
2936 716 2984 749 ⁸⁸
3033 715 3235 786 ψυχαῖς
3282 715 3435 769 θείαν
3466 715 3685 786 ἡδονὴν
3729 713 3833 766 καὶ

518 827 764 873 scentem
780 834 796 882 ;
815 832 924 886 qua
940 815 1166 887 mystice
1189 813 1455 876 roborati,
1475 811 1823 882 superiorum
1852 807 2104 863 omnium

2217 809 2574 880 τερπνότητα·
2611 808 2733 862 καθ’
2757 809 2825 880 ἢν
2855 808 3138 880 μυστικῶς
3169 807 3534 880 ῥωννύμεναι,
3555 805 3691 859 τῶν
3723 804 3831 875 μὲν

2208 899 2602 971 παρελθόντων
2651 901 2751 970 τῆς
2811 899 3015 973 ἀρετῆς
3063 899 3516 955 ἐπιλανθάνονται
3569 900 3782 951 ¹πεπόνων
3811 913 3829 928 ⁸

2209 996 2347 1066 πρὸς
2392 993 2452 1048 δὲ
2501 994 2600 1065 τὴν
2647 993 2759 1048 τῶν
2798 993 3137 1064 λειπομένων
3171 995 3332 1050 θείων
3376 996 3472 1050 καὶ
3501 996 3832 1067 ἀκηράτων

2209 1086 2454 1157 ἀγαθῶν,
2492 1087 2746 1152 νεάζουσι
2776 1086 2993 1140 εὔτονον
3024 1087 3230 1156 ἔφεσιν.

521 907 680 979 521
713 907 938 962 virtutis
965 907 1120 962 cultu
1146 905 1396 960 laborum
1420 903 1757 958 oblivionem
1793 909 2102 963 sumentes,

520 1001 591 1055 ad
622 1015 817 1056 eorum
843 1014 965 1068 qua:
994 999 1207 1068 reliqua
1237 1006 1389 1061 sunt,
1418 995 1735 1050 divinorum
1767 990 2105 1060 incorrupti-

520 1092 830 1161 biliumque
865 1076 1136 1146 bonorum
1187 1090 1488 1144 vehemens
1545 1094 1985 1154 contentumque
2013 1097 2108 1138 ve-

521 1184 632 1256 geti
667 1198 732 1238 ac
751 1184 964 1237 alacres
991 1181 1376 1237 accenduntur
1408 1178 1771 1234 desiderium.

593 1275 856 1331 Sanctum
895 1285 1080 1328 autem
1111 1273 1490 1342 Evangelium,
1521 1269 1853 1341 generaliter
1883 1267 2108 1338 quidem

2279 1266 2356 1320 Τὸ
2409 1265 2468 1320 δὲ
2524 1266 2679 1337 ἁγιον
2731 1267 3088 1336 Εὑαγγέλιον,
3128 1267 3362 1337 γενικῶς
3389 1271 3490 1340 μὲν
3527 1270 3831 1340 σύμϐολόν

521 1369 687 1438 hujus
729 1367 916 1422 saeculi
963 1365 1457 1421 consummationis
1484 1373 1570 1419 est
1598 1363 1939 1434 symbolum;
1978 1375 2108 1431 pro-

2217 1356 2325 1409 ἐστι
2370 1355 2470 1426 τῆς
2522 1355 2834 1420 συντελείας
2880 1357 2975 1410 τοῦ
3001 1355 3200 1419 αἰῶνος
3230 1358 3422 1412 τούτου
3451 1375 3467 1390 ο
3505 1359 3715 1423 ίδικῶς
3739 1360 3828 1432 δὲ,

518 1459 639 1529 prie
666 1473 820 1523 vero,
849 1472 1045 1512 eorum
1067 1458 1162 1527 qui
1186 1456 1564 1519 crediderunt,
1587 1454 1827 1524 perfecte
1849 1452 2109 1521 omnique

2217 1447 2319 1502 τῶν
2372 1447 2472 1518 μὲν
2532 1448 2947 1503 πιστευσάντων
2993 1450 3148 1521 δηλοῖ
3172 1450 3265 1504 τδν
3292 1452 3539 1522 παντελῆ
3569 1453 3688 1524 τῆς
3726 1456 3828 1524 ἀρ-

517 1568 586 1608 ex
613 1559 768 1622 parte
794 1550 1006 1619 antiqui
1032 1549 1239 1604 erroris
1269 1547 1624 1603 abolitionem
1655 1545 1934 1616 designat;
1969 1553 2112 1598 tum-

2217 1537 2373 1607 χαίας
2409 1537 2618 1608 πλάνης
2645 1539 2952 1611 ἀφανισμόν
2983 1556 3000 1574 ο
3033 1541 3144 1595 τῶν
3182 1541 3240 1595 δὲ
3299 1544 3663 1612 πρακτικῶν,
3724 1544 3829 1614 τὴν

517 1659 626 1714 que
673 1657 869 1698 eorum
908 1641 1005 1711 qui
1049 1641 1324 1696 actionem
1361 1639 1573 1702 colunt,
1608 1636 2108 1700 mortiﬁcationem,

2217 1630 2480 1700 νέκρωσιν
2530 1632 2626 1685 καὶ
2676 1633 2992 1687 συντέλειαν
3019 1634 3116 1688 τοῦ
3163 1635 3307 1716 κατά
3331 1635 3514 1707 σάρκα
3544 1635 3730 1706 νόμου
3763 1654 3826 1690 τε

517 1733 764 1804 legisque
795 1749 860 1789 ac
889 1748 1085 1789 sensus
1115 1732 1323 1798 carnis,
1355 1747 1453 1787 seu
1494 1731 1612 1801 ejus
1638 1728 1948 1800 prudentiae
1971 1743 2108 1782 con-

2217 1723 2306 1777 καὶ
2338 1724 2687 1795 φρονήματος
2719 1741 2735 1757 ⁶
2769 1726 2880 1779 τῶν
2900 1725 2960 1779 δὲ
2988 1727 3330 1795 γνωστικῶν,
3357 1729 3461 1799 τὴν
3519 1729 3675 1800 πρὸς
3732 1730 3827 1782 τδν

518 1827 974 1891 summationem;
1007 1834 1124 1880 tum
1161 1840 1356 1880 eorum
1389 1823 1486 1893 qui
1523 1821 1848 1893 sapientiam
1878 1836 1944 1876 ac
1975 1834 2111 1875 con-

2217 1815 2682 1869 συνεκτικώτατον
2731 1816 2892 1886 λόγον
2945 1817 3056 1872 τῶν
3113 1817 3328 1873 πολλῶν
3378 1819 3475 1873 καὶ
3526 1818 3825 1890 διαφόρων

520 1918 959 1988 ιοιηρίειὶοηοω,
989 1917 1232 1988 plurium
1264 1931 1328 1971 ac
1368 1915 1713 1971 diversarum
1743 1912 2018 1968 rationum
2057 1911 2113 1966 in

2217 1904 2386 1974 λόγων
2439 1907 2767 1977 συναγωγήν
2797 1924 2858 1962 τε
2885 1909 2981 1964 καὶ
3005 1909 3309 1981 ἀναφορὰν,
3352 1909 3825 1980 συντελεσθείσης

519 2008 916 2078 amplissimam
949 2022 1112 2061 unam
1161 2004 1493 2074 maximique
1527 2003 1768 2058 ambitus
1813 2000 2110 2066 rationem,

2217 2002 2395 2065 αὐτοῖς
2450 2001 2547 2056 καὶ
2597 2002 3014 2076 περατωθείσης
3065 2004 3168 2075 ’τῆς
3217 2000 3680 2075 διεξοδικωτέρας
3727 2004 3821 2057 καὶ

519 2099 916 2155 coercitionem
966 2112 1032 2152 ac
1078 2097 1439 2162 relationem;
1490 2110 1689 2164 nempe
1732 2101 2113 2149 consummata

2217 2094 2608 2166 ποικιλωτέρας
2639 2099 2876 2168 φυσικῆς
2897 2096 3153 2169 θεωρίας.

2142 1697 2182 1750 Β

522 2191 634 2248 illis
662 2201 930 2262 naclaque
965 2193 1284 2257 terminum,
1310 2205 1433 2261 quae
1475 2189 1650 2245 fusior
1676 2187 2010 2259 expatiatur,
2040 2202 2107 2243 ac
2141 2189 2314 2262 magis
2377 2192 2530 2247 varia
2589 2200 2696 2259 est,
2733 2193 2972 2248 naturali
3003 2192 3465 2264 contemplatione
3495 2207 3570 2249 ac
3615 2208 3818 2264 specu-

522 2288 749 2343 latione.

591 2378 875 2435 Pontiﬁcis
919 2386 1104 2434 autem
1133 2393 1165 2433 e
1197 2377 1330 2433 sede
1377 2377 1709 2441 descensus,
1749 2392 1814 2432 ac
1853 2376 2116 2432 catechu-

522 2485 814 2526 menorum
837 2470 1054 2542 ejectio,
1085 2470 1419 2540 generaliter
1445 2469 1669 2538 quidem
1701 2467 1995 2540 signiﬁcat,
2024 2482 2116 2522 se-

521 2563 768 2619 cundum
797 2561 978 2632 magni
1012 2562 1108 2617 Dei
1141 2577 1205 2616 ac
1229 2561 1527 2617 Salvatoris
1549 2561 1726 2618 nostri
1751 2560 1879 2615 Jesu
1903 2559 2115 2616 Christi

520 2669 553 2709 e
578 2653 736 2708 uelis
760 2652 1082 2717 adventum,
1113 2667 1178 2707 ac
1201 2660 1555 2722 peccatorum
1584 2667 1615 2705 a
1639 2650 1844 2706 sanctis
1869 2665 2117 2722 segrega-

523 2745 756 2809 tionem,
804 2745 1120 2816 justamque
1167 2758 1269 2813 pro
1313 2745 1581 2814 cujusque
1627 2742 1840 2798 meritis
1871 2743 2116 2798 retribu-

524 2836 763 2901 tionem;
797 2834 1015 2904 proprie
1050 2841 1255 2899 autem,
1290 2833 1591 2904 perfectam
1638 2848 1835 2888 eorum
1864 2833 1960 2903 qui
1989 2848 2114 2888 cre-

523 2926 784 2982 diderunt
805 2925 862 2981 in
898 2925 1005 2982 ﬁde
1031 2925 1442 2990 certitudinem,
1471 2941 1638 2996 quam
1682 2925 1814 2980 facit
1861 2925 2008 2979 Deus
2051 2939 2117 2980 ac

522 3018 766 3073 Verbum
811 3017 1078 3072 invisibili
1124 3017 1337 3072 ratione
1383 3016 1714 3083 adveniens;
1764 3031 1866 3086 per
1907 3029 2109 3085 quam,
2141 2998 2182 3058 ο

522 3110 703 3164 omnis
738 3109 849 3164 ullo
892 3107 1058 3164 modo
1107 3107 1425 3163 claudicans
1458 3108 1516 3162 in
1561 3107 1669 3162 ﬁde
1722 3108 1922 3179 (instar
1958 3115 2112 3162 cate-

523 3200 805 3270 chumeni)
833 3201 1093 3271 cogitatio
1136 3212 1302 3271 atque
1347 3199 1488 3256 ratio
1531 3199 1602 3255 ab
1631 3199 1715 3255 eis
1759 3199 2055 3269 expellitur
2094 3213 2112 3253 :

523 3309 716 3350 eorum
755 3302 939 3349 autem
987 3295 1082 3364 qui
1116 3294 1305 3349 colunt
1337 3293 1634 3358 actionem,
1665 3291 1964 3362 perlectam
2008 3291 2114 3345 im-

525 3385 836 3456 perturbati
868 3385 1037 3442 animi
1084 3385 1559 3455 tranquillitatem,
1588 3400 1688 3455 per
1716 3399 1879 3454 quam
1924 3381 2114 3438 libidi-

525 3494 662 3533 nosa
709 3479 912 3544 omnis,
967 3494 1072 3534 nec
1127 3478 1533 3534 illuminatione
1571 3477 1771 3533 donata
1830 3476 2111 3547 cogitatio,

525 3572 596 3626 ab
637 3571 817 3626 anima
859 3571 1114 3638 decedit;
1148 3585 1344 3626 eorum
1384 3585 1516 3627 vero
1545 3570 1640 3640 qui
1686 3568 2016 3639 sapientiam
2050 3582 2118 3623 ac

527 3663 1069 3734 contemplationem,
1099 3664 1354 3719 altiorem
1403 3662 1622 3734 cognita
1653 3661 1940 3730 complexu
1985 3674 2116 3714 con-

529 3753 797 3807 tinentem
833 3752 1143 3816 scientiam,
1179 3753 1338 3823 cujus
1362 3767 1593 3807 munere
1622 3766 1687 3806 ac
1712 3752 1834 3806 luce
1869 3757 2119 3804 terreno-

528 3857 651 3896 rum
684 3842 980 3898 simulacra
1003 3843 1190 3899 omnia
1211 3844 1280 3898 ab
1310 3844 1491 3898 anima
1518 3842 1828 3914 diﬁ‘ugiant.

597 3932 756 3998 Quod
816 3942 1000 3988 autem
1063 3934 1396 3989 clauduntur
1458 3933 1628 3998 fores,
1691 3941 2116 4000 sanctorumque

526 4024 916 4094 mysteriorum
955 4025 1253 4095 ingressus,
1289 4039 1507 4079 necnon
1561 4022 1809 4077 divinum
1841 4022 2113 4088 osculum,

526 4129 592 4171 ac
635 4113 879 4185 Symboli
927 4114 1056 4172 ﬁdei
1104 4115 1427 4170 exclamatio
1451 4155 1466 4180 ,
1520 4113 1850 4185 generaliter
1891 4111 2114 4182 quidem

525 4203 857 4276 signiﬁcant,
880 4205 1162 4276 praeterire
1195 4221 1318 4276 quae
1346 4207 1403 4261 in
1434 4220 1658 4262 sensum
1684 4203 1909 4271 eadunt,
1939 4219 2117 4274 eaque

2298 2375 2364 2428 Ἠ
2390 2375 2450 2430 δὲ
2475 2376 2569 2432 τοῦ
2599 2377 2904 2449 ἀρχιερέως
2932 2377 3040 2432 ἀπὸ
3095 2378 3190 2433 τοῦ
3238 2378 3430 2451 θρόνου
3470 2381 3812 2446 κατάϐασις,

2215 2467 2313 2521 καὶ
2359 2469 2393 2536 ἡ
2443 2469 2552 2522 τῶν
2577 2470 3008 2541 κατηχουμένων
3051 2470 3272 2542 ἐκϐολὴ,
3298 2471 3537 2540 γενικῶς
3571 2473 3683 2542 μὲν
3717 2490 3815 2543 ση-

2219 2559 2403 2629 μαίνει
2436 2560 2535 2630 τὴν
2562 2560 2656 2614 ἀπ’
2687 2560 2920 2633 οὐρανοῦ
2955 2561 3216 2634 δευτέραν
3251 2562 3345 2616 τοῦ
3380 2563 3634 2634 μεγάλου
3680 2563 3813 2620 Θεοῦ

2215 2653 2311 2706 καὶ
2338 2653 2591 2724 Σωτῆρος
2615 2653 2776 2724 ήμῶν
2835 2653 3012 2724 Ἰησοῦ
3051 2654 3288 2726 Χριστοῦ
3334 2656 3676 2726 παρουσίαν.
3724 2658 3814 2709 καὶ

2215 2742 2306 2797 τὸν
2348 2742 2456 2796 ἀπὸ
2484 2743 2593 2797 τῶν
2623 2744 2796 2813 ἁγίων
2822 2744 3130 2816 άφορισμδν
3153 2745 3261 2800 τῶν
3291 2746 3652 2817 ἁμαρτωλῶν
3678 2763 3694 2777 ·
3722 2748 3812 2800 καὶ

2214 2833 2315 2903 τὴν
2344 2833 2565 2890 δικαίαν
2595 2835 2735 2907 πρὸς
2780 2835 2880 2906 τὴν
2909 2836 3145 2890 ἑκάστου
3180 2835 3336 2900 ἀξίαν
3364 2837 3612 2909 ἀμοιὸήν
3647 2854 3664 2868 ο
3719 2838 3809 2890 ίδι-

2215 2921 2326 2984 κῶς
2349 2921 2428 2984 δὲ,
2455 2920 2554 2993 τὴν
2583 2922 2800 2976 τελείαν
2835 2925 2894 2976 ὲν
2938 2923 3121 2977 πίστει
3150 2923 3262 2978 τῶν
3298 2926 3724 2980 πιστευσάντων
3762 2925 3808 2958 ’τ

2215 3011 2612 3084 πληροφορίαν,
2675 3015 2740 3085 ἣν
2799 3018 2948 3068 ποιεῖ
2991 3017 3427 3088 παραγινόμενος
3476 3017 3734 3088 ἀοράτως
3776 3018 3806 3070 ό

2215 3104 2348 3168 Θεὸς
2391 3105 2487 3158 καὶ
2523 3105 2698 3174 Λόγος
2728 3121 2744 3137 ·
2777 3105 2847 3160 δι’
2879 3101 2947 3178 ἦς
2979 3109 3086 3170 πᾶς
3118 3107 3201 3161 ἔτι
3223 3107 3345 3162 καθ’
3373 3107 3558 3161 ὁτιοῦν
3588 3109 3807 3173 σκάζων

2216 3197 2360 3251 κατά
2385 3196 2483 3266 τὴν
2504 3197 2690 3252 πίστιν
2722 3197 2983 3269 λογισμὸς
3012 3199 3426 3272 κατηχουμένου
3451 3201 3688 3272 τρόπον,
3712 3201 3808 3254 αῦ-

2214 3290 2326 3344 τῶν
2363 3291 2732 3346 ἀπελαύνεται
2763 3308 2779 3324 ’
2811 3293 2921 3346 τῶν
2945 3292 3002 3346 δὲ
3047 3294 3389 3366 πρακτικῶν,
3441 3294 3545 3364 τὴν
3591 3293 3817 3347 τελείαν

2215 3381 2506 3444 ἀπάθειαν,
2540 3383 2608 3436 δι’
2643 3378 2711 3455 ἧς
2737 3385 2848 3447 πᾶς
2883 3383 3136 3454 ἐμπαθὴς
3182 3385 3278 3438 καὶ
3308 3382 3623 3453 ἀφώτιστος
3673 3383 3806 3450 λογι-

2217 3475 2353 3545 σμὸς
2377 3475 2478 3543 τῆς
2517 3475 2697 3548 ψυχῆς
2728 3476 3048 3546 ἀπογίνεται
3076 3495 3091 3508 ο
3115 3477 3224 3530 τῶν
3249 3477 3306 3530 δὲ
3333 3477 3687 3546 γνωστικῶν,
3710 3476 3808 3546 τὴν

2218 3568 2541 3638 συνεκτικὴν
2597 3570 2912 3640 ἐπιστήμην
2958 3568 3067 3622 τῶν
3106 3568 3540 3638 ἐπεγνωσμένων
3594 3567 3648 3600 ⁸⁸
3679 3585 3696 3601 ο
3740 3567 3810 3620 δι⁸

2214 3652 2282 3730 ἦς
2332 3661 2506 3713 πᾶσαι
2549 3659 2657 3714 τῶν
2708 3660 2908 3715 ὑλικῶν
2937 3663 2994 3716 αί
3039 3661 3249 3727 είκόνες
3271 3661 3370 3733 τῆς
3392 3661 3578 3733 ψυχῆς
3613 3659 3807 3716 ἐκδιῶ-

2213 3769 2421 3808 κονται.

2299 3927 2364 3979 Ἦ
2395 3925 2454 3980 δὲ
2485 3925 2692 3990 κλείοις
2719 3927 2828 3981 τῶν
2866 3926 3070 4000 θυρῶν,
3109 3929 3206 3984 καὶ
3252 3931 3286 4000 ἢ
3325 3929 3434 3983 τῶν
3472 3930 3654 3998 ἁγίων
3701 3949 3802 4003 μυ·

2217 4018 2458 4089 στηρίων
2477 4018 2702 4086 εἴσοδος,
2731 4019 2826 4072 καὶ
2855 4021 2884 4073 ό
2911 4019 3055 4084 θεῖος
3102 4021 3413 4093 ἀσπασμὸς,
3470 4023 3568 4076 καὶ
3617 4025 3656 4095 ἡ
3711 4022 3802 4076 τοῦ

2218 4113 2492 4184 συμϐόλου
2534 4113 2635 4184 τῆς
2681 4114 2918 4177 πίστεως
2947 4115 3277 4186 ἑκφώνησις,
3311 4116 3549 4186 γενικῶς
3581 4119 3688 4188 μὲν
3715 4118 3804 4190 δη·

2215 4205 2302 4258 λοϊ
2337 4205 2436 4277 τὴν
2464 4205 2572 4259 τῶν
2599 4205 2877 4278 αίσθητῶν
2903 4207 3155 4278 πάροδον,
3198 4209 3292 4262 καὶ
3321 4209 3422 4280 τὴν
3449 4209 3560 4263 τῶν
3594 4209 3803 4282 νοητῶν

525 4297 926 4354 manifestanda
948 4313 1072 4370 quae
1093 4306 1279 4354 mente
1313 4298 1731 4370 intelliguntur;
1757 4312 1958 4353 novam
1979 4297 2110 4353 item

2219 4295 2544 4367 φανέρωσιν,
2583 4294 2680 4349 καὶ
2729 4297 2830 4368 τὴν
2882 4297 3076 4368 καινὴν
3125 4299 3220 4352 τοῦ
3276 4300 3405 4371 περὶ
3454 4301 3607 4372 ἡμᾶς
3658 4302 3802 4357 θείου

525 4387 701 4443 divini
749 4404 877 4460 erga
924 4405 1029 4445 nos
1070 4390 1315 4462 mysterii
1362 4389 1704 4457 doctrinam;
1753 4389 2113 4460 omniumque

2220 4386 2524 4459 μυστηρίου
2556 4386 2803 4458 διδαχὴν,
2858 4389 2954 4442 καὶ
2999 4387 3097 4460 τὴν
3147 4390 3303 4460 πρὸς,
3324 4390 3535 4456 πάντας
3579 4394 3802 4448 πάντων

525 4494 653 4535 eum
678 4481 957 4548 omnibus,
985 4481 1184 4552 s'eips'is
1216 4482 1424 4552 pariter
1445 4497 1512 4537 ac
1538 4483 1674 4547 Deo,
1709 4481 1950 4538 futuram
1981 4498 2117 4538 con-

525 4573 730 4629 cordiae
756 4588 822 4628 ac
863 4573 1246 4630 consensionis
1291 4589 1356 4629 ac
1400 4573 1716 4630 dilectionis
1752 4575 1863 4629 vim
1913 4589 2112 4642 unam;

525 4665 755 4736 ejusque
783 4663 976 4720 salutis
1006 4673 1164 4736 ergo,”
1187 4680 1354 4735 quam
1396 4664 1466 4720 iis
1499 4665 1680 4720 modis
1707 4665 1990 4720 consecuti
2023 4681 2119 4720 su-

527 4771 672 4819 mus,
701 4754 1007 4826 gratiarum
1037 4755 1334 4811 actionem.
1370 4756 1599 4826 Proprie
1628 4765 1836 4820 autem,
1870 4755 2116 4811 ﬁdelium

524 4847 748 4918 quidem
796 4863 828 4902 a
881 4848 1116 4919 simplici
1170 4848 1276 4904 ﬁde
1321 4847 1390 4904 ad
1437 4847 1754 4920 dogmatum
1805 4849 2132 4904 doctrinam-

522 4948 580 4994 et
610 4939 994 4995 -initiati0nem
1035 4944 1478 5010 consensumque
1506 4940 1668 5011 522
1709 4955 1774 4995 ac
1814 4939 2116 5011 gratiarum

523 5031 820 5096 actionem,
853 5031 1164 5102 profectum
1195 5031 1345 5104 (nam
1375 5033 1614 5103 primum
1663 5031 1938 5102 signiﬁcat
1967 5030 2130 5102 quod.

2213 4477 2440 4543 ἑαυτούς
2489 4495 2550 4533 τε
2593 4479 2690 4533 καὶ
2717 4480 2812 4534 τὸν
2843 4481 2978 4534 Θεὸν
3013 4483 3389 4554 γενησομένην
3417 4484 3682 4554 ὁμονοίας
3713 4486 3800 4539 καὶ

2211 4563 2674 4644 ὁμογνωμοσύνης
2711 4575 2806 4628 καὶ
2847 4576 3071 4647 ἀγάπης
3097 4576 3424 4646 ταυτότητα,
3454 4577 3553 4632 καὶ
3585 4578 3694 4647 τὴν
3717 4575 3796 4647 ἐφ’

2211 4656 2294 4726 οἷς
2322 4661 2612 4735 ἐσώθημεν
2637 4665 2861 4738 τρόποις
2893 4666 3248 4737 εὐχαριστίαν
3274 4683 3290 4698 ·
3323 4668 3510 4736 ίδικῶς
3553 4669 3634 4732 δὲ,
3695 4671 3799 4724 τῶν

2217 4753 2318 4824 μὲν
2351 4753 2562 4807 πιστῶν
2588 4754 2690 4826 τὴν
2723 4755 2834 4810 ἀπὸ
2858 4760 2958 4828 τῆς
2991 4759 3169 4830 ἁπλῆς
3211 4759 3449 4824 πίστεως
3483 4761 3566 4824 είς
3602 4760 3709 4834 τὴν
3743 4763 3798 4817 ιν

2213 4843 2449 4916 δόγμασι
2493 4839 2715 4917 διδαχὴν
2762 4847 2859 4902 καὶ
2916 4850 3143 4920 μύησιν,
3191 4853 3288 4906 καὶ
3346 4851 3662 4922 ὁμοφωνίαν
3708 4848 3806 4908 καὶ

2215 4935 2522 5012 εὐσέϐειαν,
2554 4938 2842 5010 προκοπήν
2869 4954 2887 4973 ο
2908 4942 2970 4993 τὸ
2998 4942 3108 5013 γὰρ
3133 4942 3372 5015 πρῶτον,
3403 4946 3438 5014 ἡ
3466 4944 3579 4998 τῶν
3616 4943 3796 5015 θυρῶν

2214 5025 2364 5098 δηλοῖ
2399 5027 2626 5092 κλείοις.
2657 5029 2731 5082 Τὸ
2758 5029 3012 5103 δεύτερον
3033 5033 3108 5096 δὲ,
3141 5035 3176 5104 ἡ
3209 5033 3318 5087 τῶν
3361 5034 3536 5103 ἁγίων
3560 5035 3793 5097 είσοδοςο
3830 5047 3837 5088 ε

522 5118 860 5174 clauduntur
892 5118 1069 5188 fores;
1097 5120 1358 5185 alterum,
1384 5130 1698 5188 sanctorum
1726 5120 2114 5190 mysteriorum

2217 5118 2277 5173 τὸ
2307 5119 2363 5172 δὲ
2388 5120 2594 5191 τρίτον,
2617 5121 2647 5174 δ
2668 5121 2959 5191 ἀσπασμός
2989 5137 3006 5153 ⁵
3031 5125 3128 5177 καὶ
3159 5123 3220 5178 τὸ
3246 5124 3527 5197 τέταρτον,
3559 5127 3595 5194 ἡ
3615 5127 3794 5193 ὲκφὼ-

523 5211 820 5277 introitus;
851 5211 1096 5276 tertium,
1123 5213 1376 5268 osculum
1415 5213 1532 5268 sive
1561 5211 1846 5282 amplexus
1876 5220 1933 5268 et
1961 5212 2110 5267 salu-

524 5302 694 5367 tatio;
721 5309 1002 5371 quartum,
1034 5304 1266 5375 symboli
1291 5303 1634 5376 exclamatio)
1663 5321 1677 5358 :
1703 5318 1895 5358 eorum
1926 5310 2110 5358 autem

523 5388 620 5459 qui
641 5390 833 5446 colunt
851 5391 1147 5460 actionem,
1171 5394 1241 5449 ab
1260 5394 1475 5450 actione
1495 5395 1563 5450 ad
1586 5394 2110 5466 contemplationem

2217 5227 2371 5282 νησις
2397 5209 2492 5265 τοῦ
2524 5211 2748 5265 σοσόλου
2774 5228 2788 5242 ο
2817 5212 2926 5266 τῶν
2949 5213 3008 5266 δὲ
3031 5215 3370 5286 πρακτικῶν,
3399 5217 3499 5285 τὴν
3522 5216 3634 5270 ἀπὺ
3657 5216 3790 5284 πράο

2218 5304 2354 5370 ξεως
2391 5305 2472 5368 είς
2517 5302 2753 5375 θεωρίαν
2801 5304 3088 5375 μυσάντων
3120 5305 3219 5369 τὰς
3254 5305 3538 5375 αίσθήσεις
3567 5306 3663 5360 καὶ
3693 5307 3792 5371 ἔξω

2218 5394 2421 5465 σαρκὸς
2447 5393 2543 5450 καὶ
2573 5395 2780 5466 κόσμου
2799 5396 3117 5468 γενομένων
3134 5397 3222 5453 διὰ
3259 5397 3355 5470 τῆς
3381 5397 3661 5469 ἀποϐολῆς
3690 5395 3790 5451 τῶν

1807 5551 2037 5609 νΑΙιΙᾸῧ
2076 5549 2484 5608 LECTIONES.

602 5665 652 5699 ⁸⁸
675 5663 764 5722 Fr.
807 5663 1046 5721 πάντων.
1121 5665 1165 5699 ⁸⁷
1203 5667 1568 5721 πιστευόντων
1598 5666 1660 5724 C.
1709 5666 1772 5723 Λ.
1805 5676 1861 5723 et
1890 5667 1978 5722 l-‘r.
2078 5665 2123 5698 "'
2154 5665 2513 5738 ἐγνωσμένων
2542 5664 2604 5722 C.
2634 5665 2698 5722 Α.
2737 5675 2792 5722 ct
2815 5666 2904 5722 Fr.
