4036 6278
210 264 321 330 709

1596 251 1995 314 MYSTAGOG
2002 251 2077 311 IA
2088 298 2098 309 .

3377 243 3485 309 710

208 376 334 432 κατ’
356 371 532 436 αὐτὰς
549 368 861 443 ἐνεργειῶν,
906 366 1219 440 μετάθεσιν,
1276 366 1371 419 καὶ
1412 366 1512 436 τὴν
1558 365 1668 418 ἀπὸ
1706 363 1802 417 τοῦ

1932 361 2026 415 ubi
2054 376 2247 416 sensus
2294 359 2650 425 occluserint,
2685 374 2897 414 necnon
2951 374 3136 426 carne,
3170 361 3487 430 mundoque

206 468 418 536 τρόπου
447 463 558 516 τῶν
588 460 822 516 ἐντολῶν
860 461 939 523 εἰς
973 459 1064 513 τὺν
1092 457 1252 525 λόγον
1280 454 1460 509 αὐτῶν
1492 454 1759 509 ἀνάϐασιν
1791 469 1806 485 ο

210 558 307 610 καὶ
355 556 460 625 τὴν
505 550 685 607 αὐτῶν
726 552 836 604 τῶν
863 547 1095 604 ἐντολῶν
1118 546 1262 600 κατὰ
1283 544 1413 609 τοὺς
1446 543 1681 607 οἰκείους
1716 542 1810 595 λό-

208 663 346 715 γους
407 642 647 713 συγγενῆ
698 639 835 711 πρὸς
862 638 961 702 τὰς
990 636 1248 707 δυνάμεις
1272 636 1371 705 τῆς
1402 634 1582 705 ψυχῆς
1612 633 1811 697 οἰκειό-

210 735 355 806 τητά
380 750 442 786 τε
479 732 577 787 καὶ
607 731 825 791 ἕνωσιν,
856 728 952 781 καὶ
993 727 1094 797 τὴν
1130 724 1269 795 πρὸς
1301 723 1617 794 θεολογικὴν
1644 722 1810 793 εὐχα-

214 827 436 900 ριστίαν
467 823 771 895 ἐπιτήδειον
791 821 908 886 ἕξιν
941 836 955 851 ·
977 818 1088 873 τῶν
1108 818 1165 871 δὲ
1199 816 1538 887 γνωστικῶν,
1574 814 1672 887 τὴν
1698 814 1807 868 ἀπὸ

211 919 315 989 τῆς
345 919 588 988 φυσικῆς
613 914 847 986 θεωρίας
894 914 977 975 εἰς
1006 913 1106 983 τὴν
1132 910 1240 964 τῶν
1268 908 1474 979 νοητῶν
1499 907 1677 978 ἁπλῆν
1703 923 1807 960 κα-

211 1010 478 1081 τανόησιν
512 1025 528 1040 ο
562 1007 685 1061 καθ’
716 1008 782 1077 ἢν
813 1003 1063 1074 οὐδαμῶς
1092 1002 1159 1056 δι’
1208 1001 1513 1071 αἰσθήσεως
1567 998 1603 1068 ἡ
1662 1014 1807 1061 τινος

211 1101 327 1153 τῶν
360 1099 710 1170 φαινομένων
734 1096 815 1150 ἔτι
839 1096 930 1149 τὸν
961 1095 1103 1148 θεῖον
1135 1093 1230 1147 καὶ
1265 1092 1505 1163 ἄρρητον
1549 1087 1811 1159 μεταδιώ-

213 1211 379 1247 κουσι
439 1192 599 1261 λόγον
629 1207 642 1220 ·
696 1190 790 1242 καὶ
837 1187 939 1259 τὴν
995 1187 1131 1257 πρὸς
1171 1186 1271 1257 τὴν
1299 1183 1477 1255 ψυχὴν
1500 1182 1610 1237 τῶν
1639 1183 1812 1253 αὐτῆς

212 1284 508 1353 δυνάμεων
551 1284 767 1344 ἕνωσιν,
823 1280 919 1334 καὶ
968 1277 1069 1349 τὴν
1095 1276 1237 1331 κατὰ
1260 1276 1384 1329 νοῦν
1411 1274 1658 1337 ὲνοειδῶς
1687 1273 1813 1326 συλ-

214 1376 615 1447 λαμϐάνουσαν
647 1373 739 1426 τὸν
766 1371 864 1441 τῆς
904 1368 1163 1441 προνοίας
1189 1368 1346 1437 λόγον
1378 1365 1681 1437 ἁπλότητα.

1907 469 2102 508 eorum
2145 452 2374 523 abjectis
2404 451 2819 522 operationibus
2856 454 3213 521 excesserint)
3248 455 3489 509 transla-

1908 545 2150 610 tionem;
2182 558 2583 613 ascensumque
2612 558 2642 597 a
2668 543 3050 599 mandatorum
3081 546 3267 611 modo,
3298 546 3365 601 ad
3395 561 3491 601 eo—

1908 651 2032 690 rum
2059 638 2365 701 rationem;
2390 650 2608 690 necnon
2656 636 2900 706 ipsorum
2930 637 3313 691 mandatorum
3332 638 3487 708 juxta

1906 727 2163 797 proprias
2207 721 2451 782 rationes
2500 726 2716 781 aﬂinem
2761 742 2887 782 cum
2919 729 3114 783 animaa
3147 728 3361 783 viribus
3390 745 3489 783 ne-

1912 817 2308 873 cessitudinem
2342 833 2407 872 ac
2451 818 2788 883 unitionem;
2820 827 3117 888 aptumque
3144 818 3389 872 habitum
3422 817 3491 873 ad

1913 925 2056 974 eam,
2101 926 2223 981 qua:
2266 926 2334 966 ex
2369 911 2656 983 theologia:
2687 911 2900 966 ratione
2929 922 3033 977 est,
3062 913 3357 982 gratiarum
3398 927 3493 967 ac-

1915 1000 2123 1056 tionem
2150 1018 2163 1054 :
2188 1016 2381 1056 eorum
2406 1018 2537 1057 vero
2573 1002 2667 1072 qui
2703 1004 3024 1073 sapientiam
3064 1020 3128 1058 ac
3155 1004 3495 1073 contempla-

1920 1092 2147 1154 tionem,
2183 1108 2214 1147 a
2249 1094 2486 1148 naturali
2532 1095 2908 1163 speculatione
2952 1095 3022 1149 ad
3068 1096 3496 1165 intelliginilium

1919 1182 2224 1252 simplicem
2259 1184 2461 1239 mentis
2503 1184 3034 1251 considerationem;
3081 1201 3190 1256 qua
3234 1202 3343 1240 non
3379 1201 3499 1240 am-

1919 1274 2066 1344 plius
2099 1289 2361 1329 sensuum
2409 1291 2611 1345 opera,
2666 1276 2898 1331 ulliusve
2947 1291 3139 1330 eorum
3189 1291 3325 1345 ope,
3378 1292 3499 1345 quae

1923 1374 2052 1421 sunt
2080 1367 2259 1422 oculis
2288 1367 2606 1436 conspicua,
2643 1368 2885 1423 divinam
2934 1383 3298 1438 arcanamque
3327 1367 3500 1420 ratio-

214 1484 349 1524 nem
402 1472 849 1536 persequuntur;
898 1460 1092 1515 anima:
1136 1459 1268 1514 item
1314 1458 1639 1513 facultatum
1687 1470 1813 1511 cum
1849 1454 1967 1526 ipsa
1997 1456 2333 1525 unitionem;
2398 1474 2521 1513 eam
2584 1458 2822 1530 denique
2851 1474 2974 1529 qua:
3006 1459 3189 1513 animo
3214 1457 3503 1514 uniformi-

216 1571 306 1618 ter
332 1557 703 1631 providentiae
748 1554 1021 1609 rationem
1048 1549 1451 1621 complectitur,
1492 1547 1924 1619 simplicitatem.

304 1650 375 1704 Ἦ
407 1650 467 1704 δὲ
492 1648 590 1702 τοῦ
617 1643 915 1716 Τρισαγίου
938 1644 1214 1706 ἄπαυστος
1234 1642 1345 1694 τῶν
1369 1639 1539 1710 ἁγίων
1569 1638 1819 1708 ἀγγέλων

1992 1640 2217 1711 Trisagii
2259 1639 3005 1711 exclamatio.—Irrequieta
3038 1650 3239 1697 autem
3288 1651 3505 1698 sancto-

220 1739 535 1811 άγιαστικὴ
564 1736 867 1806 δοξο).ογία,
900 1733 1137 1803 γενικῶς
1166 1733 1266 1803 μὲν
1295 1730 1551 1803 σημαίνει
1576 1728 1674 1800 τὴν
1696 1728 1813 1799 ἃμα

216 1852 281 1889 τε
313 1833 415 1888 καὶ
444 1834 502 1886 ὲν
517 1829 701 1901 ταύτῷ
717 1826 1095 1900 γενησομένην
1114 1825 1256 1880 κατά
1273 1824 1363 1878 τὸν
1382 1824 1555 1878 αἰῶνα
1571 1822 1664 1876 τὸν
1687 1822 1817 1892 μέλ-

218 1929 388 1981 λοντα
413 1924 526 1978 τῶν
549 1920 821 1992 οὐρανίων
842 1918 937 1972 καὶ
961 1915 1220 1985 έπιγείων
1248 1914 1532 1985 δυνάμεων
1559 1911 1682 1981 ίσην
1723 1911 1817 1965 καὶ

224 2016 512 2073 πολιτείαν
566 2014 661 2068 καὶ
720 2008 945 2082 ἀγωγὴν
992 2006 1089 2061 καί
1137 2004 1459 2077 συμφωνίαν
1511 2003 1613 2074 τῆς
1668 2000 1817 2065 θείας

223 2108 557 2176 δοξολογίας,
596 2100 1047 2163 ἀθανατισθέντος
1089 2100 1204 2162 τοῖς
1238 2094 1547 2167 ἀνθρώποις
1576 2092 1670 2146 τοῦ
1707 2091 1816 2146 σῶ-

228 2218 403 2272 ματος
440 2198 535 2251 διά
574 2196 677 2265 τῆς
729 2191 1100 2255 ἀναστάσεως,
1155 2190 1250 2242 καὶ
1295 2186 1493 2258 μηκέτι
1528 2182 1818 2255 βαροῦντος

224 2295 326 2365 τὴν
354 2291 538 2361 ψυχὴν
556 2292 626 2358 τῇ
652 2286 850 2356 φθορᾷ,
886 2284 982 2337 καλ⁵
1028 2281 1359 2354 βαρουμένου
1386 2297 1402 2311 ³
1433 2278 1568 2333 ἀλλά
1605 2277 1692 2331 διὰ
1720 2276 1820 2347 τῆς

228 2387 312 2448 εἰς
341 2377 653 2451 ἀφθαρσίαν
708 2374 947 2444 ἀλλαγῆς
1008 2372 1145 2444 πρὸς
1190 2370 1456 2442 ὑποδοχὴν
1516 2367 1821 2440 παρουσίας

226 2473 368 2529 Θεοῦ
420 2469 677 2533 λαδόντος
709 2467 804 2521 καί⁸
834 2466 1064 2535 δύναμιν
1090 2463 1186 2517 καὶ
1218 2463 1632 2534 ἐπιτηδειότητα
1665 2476 1679 2491 ·
1721 2459 1822 2512 ἰδι-

228 2566 346 2628 κῶς
390 2564 469 2625 δὲ,
528 2560 637 2614 τῶν
694 2558 793 2631 μὲν
825 2556 1033 2611 πιστῶν
1060 2556 1161 2626 τὴν
1208 2554 1347 2626 πρὸς
1389 2553 1653 2623 ἀγγέλους
1679 2550 1825 2605 κατὰ

228 2655 331 2725 τ’ὴν
379 2652 565 2707 πίστιν
596 2648 911 2719 θεολογικὴν
933 2646 1167 2718 ἅμιλλαν
1198 2663 1213 2677 ·
1248 2645 1356 2700 τῶν
1388 2644 1444 2698 δὲ
1479 2641 1822 2714 πρακτικῶν,

230 2749 333 2819 τὴν
369 2743 680 2813 ίσάγγελον,
705 2742 781 2807 ὡς
809 2739 1029 2811 ἐφικτὸν
1058 2739 1389 2812 ἀνθρώποις,
1424 2737 1567 2793 κατὰ
1589 2737 1680 2792 τὸν
1713 2736 1826 2807 βίον

232 2838 624 2909 λαμπρότητα,
659 2833 754 2887 καὶ
788 2832 887 2904 τὴν
914 2830 1158 2886 εὐτονίαν
1184 2830 1284 2901 τῆς
1314 2829 1634 2899 θεολογικῆς
1663 2828 1829 2898 ὑμνο-

234 2930 425 2999 λογίας
462 2946 476 2959 ·

1920 1747 2045 1787 rum
2106 1732 2429 1803 angelorum
2488 1732 2837 1789 sanctiﬁcans
2874 1734 3105 1806 Trisagii
3157 1735 3501 1806 gloriﬁcatio,

1921 1822 2253 1894 generaliter
2285 1823 2509 1893 quidem
2558 1822 2849 1894 signiﬁcat,
2888 1824 3049 1878 simul
3078 1825 3393 1896 pariterque
3420 1824 3507 1881 fu-

1925 1924 2107 1971 turam
2132 1916 2189 1970 in
2221 1916 2422 1971 seculo
2442 1922 2697 1980 venturo,
2722 1917 3032 1972 caelestium
3063 1932 3127 1973 ac
3162 1919 3504 1973 terrestrium

1922 2007 2213 2073 virtutum,
2243 2023 2432 2076 parem
2457 2008 2584 2063 vitae
2613 2008 2880 2064 rationem
2905 2023 2969 2063 ac
2998 2009 3398 2065 institutionem
3422 2009 3508 2065 di-

1922 2099 2175 2168 vinteque
2198 2098 2610 2169 glorilieationis
2630 2114 2926 2154 consonam
2948 2116 3161 2167 vocem,
3190 2102 3508 2158 hominibus

1924 2206 2026 2261 per
2058 2189 2521 2245 resurrectionem
2556 2192 2851 2246 immortali
2883 2207 3113 2262 corpore
3135 2194 3382 2261 donatis;
3415 2195 3507 2250 tali

1927 2281 2159 2343 scilicet,
2195 2288 2256 2335 ut
2282 2297 2389 2335 non
2422 2281 2677 2350 amplius,
2710 2298 2817 2352 qua
2849 2283 3029 2353 ipsum
3059 2284 3325 2355 gravitate
3356 2285 3510 2340 labo-

1930 2382 2034 2438 rat,
2084 2383 2273 2445 gravet
2325 2374 2561 2429 animam
2605 2377 2982 2445 corruptione,
3039 2376 3135 2432 sed
3177 2385 3511 2433 commutata

1930 2466 2366 2536 incorruptione,
2398 2467 2464 2521 ad
2493 2466 2588 2522 Dei
2619 2468 3029 2539 suscipiendum
3071 2469 3365 2525 adventum
3399 2471 3512 2525 vim

1930 2556 2408 2628 aptitudinemque
2443 2558 2691 2614 obtineat
2719 2578 2732 2614 :
2763 2562 2985 2631 proprie
3027 2570 3234 2627 autem,
3268 2561 3514 2617 ﬁdelium

1932 2648 2155 2717 quidem
2189 2664 2315 2703 cum
2361 2652 2570 2722 angelis
2604 2652 2970 2723 tbeologicum
3024 2654 3151 2710 ﬁdei
3201 2663 3514 2720 certamen;

1932 2754 2125 2793 eorum
2155 2748 2339 2795 autem
2370 2742 2463 2811 qui
2495 2743 2684 2798 colunt
2728 2744 3023 2811 actionem,
3069 2761 3381 2817 comparem
3423 2761 3521 2800 an-

1934 2831 2090 2900 gelis,
2118 2831 2300 2901 quoad
2334 2832 2543 2887 homini
2589 2849 2913 2891 concessum
2957 2846 3060 2901 est,
3098 2838 3220 2893 vita:
3263 2837 3519 2907 splendo—

540 2927 649 2982 τῶν
694 2927 753 2981 δὲ
807 2923 1148 2995 γνωστικῶν,
1183 2922 1282 2986 τὰς
1338 2921 1657 2990 ἰσαγγέλους
1685 2920 1820 2972 κατά

1937 2937 2052 2977 rem
2079 2930 2513 2993 contentumque
2534 2924 2755 2981 deitatis
2779 2927 3065 2983 laudandae
3087 2929 3330 2983 studium
3354 2939 3520 2999 atque

236 3021 301 3077 τὸ
336 3021 567 3077 δυνατὸν
618 3018 929 3090 ἀνθρώποις
965 3017 1096 3088 περὶ
1128 3014 1382 3087 θεότητος
1402 3014 1615 3084 νοήσεις
1639 3028 1700 3066 τε
1735 3011 1820 3066 καὶ

1932 3013 2216 3079 ardorem;
2252 3030 2445 3070 eorum
2492 3032 2623 3071 vero
2667 3020 2760 3087 qui
2798 3020 3122 3090 sapientiam
3169 3037 3234 3077 ac
3276 3032 3521 3076 contem-

239 3112 510 3184 ὑμνήσεις
543 3110 637 3164 καὶ
677 3106 1044 3180 άεικινησίας.

320 3394 394 3448 Ἥ
422 3393 481 3448 δὲ
507 3392 755 3465 μακαρία
783 3390 877 3445 τοῦ
907 3388 1145 3461 μεγάλου
1164 3386 1302 3443 Θεοῦ
1331 3386 1426 3442 καὶ
1457 3385 1672 3457 Πατρδς
1705 3384 1830 3438 επί-

240 3486 458 3557 κλησις,
501 3484 599 3538 καὶ
623 3485 657 3554 ἡ
688 3481 806 3546 τοῦ,
835 3477 939 3548 Εἷς
976 3480 1165 3551 ἅγιος,
1205 3479 1297 3533 καὶ
1331 3479 1440 3531 τῶν
1481 3477 1610 3547 ἑξῆς
1646 3476 1829 3547 ὲκφώ-

242 3592 401 3648 νησις
431 3591 448 3607 ο
501 3575 599 3626 καὶ
639 3575 672 3643 ἡ
721 3573 829 3626 τῶν
872 3571 1046 3640 ἁγίων
1074 3571 1170 3624 καὶ
1210 3568 1489 3634 ζωοποιῶν
1519 3567 1834 3640 μυστηρίων

244 3666 578 3739 μετάληψις,
604 3666 705 3737 τὴν
735 3665 829 3717 ἐπὶ
857 3666 991 3717 πᾶσι
1024 3664 1121 3718 καί
1147 3662 1242 3716 ἐπὶ
1270 3661 1489 3715 πάντων
1516 3660 1625 3714 τῶν
1667 3658 1835 3725 ἀξίων

243 3758 520 3827 ἐσομένην
563 3756 652 3809 διὰ
690 3756 787 3826 τὴν
832 3754 1149 3825 ἀγαθότητα
1180 3753 1276 3806 τοῦ
1308 3752 1443 3806 Θεοῦ
1471 3752 1631 3823 ἡμῶν
1657 3751 1834 3805 υἰοθεο

245 3850 407 3911 σίαν,
470 3846 665 3900 ἕνωσίν
731 3862 792 3899 τε
847 3847 942 3899 καὶ
993 3844 1335 3915 οἰκειότητα,
1394 3843 1489 3897 καὶ
1545 3842 1837 3913 ὁμοιότητα

246 3940 399 3992 θείαν
427 3938 526 3993 καὶ
563 3936 756 3991 θέωσιν
782 3937 967 4007 δηλοῖ·
997 3937 1066 3991 δι’
1090 3931 1158 4008 ἦς
1196 3936 1377 3991 πάντα
1413 3937 1472 3990 ὲν
1499 3936 1664 3989 πᾶσιν
1686 3935 1837 3989 ἔσται

245 4035 360 4094 τοῖς
407 4026 743 4099 σωζομένοις
783 4027 944 4091 αὐτὸς
978 4029 1007 4081 ὀ
1060 4027 1214 4093 Θεὸς,
1248 4026 1451 4097 ὁμοίως
1475 4043 1490 4058 ο
1531 4026 1607 4089 ὼς
1643 4026 1840 4090 κάλλος

247 4121 567 4192 ἀρχέτυπον
601 4117 722 4173 κατ’
758 4120 936 4173 αἰτίαν
975 4118 1276 4189 ξμπρέπων
1300 4119 1413 4178 τοῖς
1440 4116 1590 4188 αὐτῷ
1616 4118 1682 4171 δι’
1706 4120 1840 4190 ἀρε⁴

245 4213 347 4285 τῆς
372 4213 474 4266 καὶ
501 4212 757 4280 γνώσεως
790 4210 931 4265 κατά
947 4210 1107 4282 χάριν
1134 4208 1333 4281 ὁμοίως
1364 4208 1779 4281 συμπρέπουσι.“

320 4389 367 4421 ⁵³
397 4387 638 4451 Πιστοὺς
657 4386 716 4441 δὲ
735 4386 832 4441 καί
855 4386 1146 4459 ἐναρέτους
1166 4387 1262 4441 καὶ
1279 4385 1614 4455 γνωπικούς
1638 4386 1841 4450 ἐκάλει,

1932 3104 2253 3174 plationem,
2306 3121 2464 3176 pares
2522 3107 2752 3178 angelis,
2794 3119 3060 3179 quantum
3120 3110 3228 3165 fert
3282 3111 3521 3167 humana

1933 3193 2201 3259 conditio,
2226 3194 2294 3250 de
2324 3195 2530 3251 deitate
2564 3197 2926 3268 cogitationes
2950 3215 3013 3255 ac
3032 3200 3267 3267 cantica,
3291 3215 3355 3255 ac
3375 3200 3522 3271 jugis

1932 3292 2117 3339 motus
2145 3285 2492 3355 agitationes.

2004 3376 2168 3432 Beata
2198 3386 2381 3433 autem
2404 3380 2585 3450 magni
2608 3381 2706 3435 Dei
2725 3396 2789 3437 ac
2809 3382 2988 3437 Patris
3013 3382 3322 3451 invocatio;
3349 3383 3524 3439 illius-

1934 3481 2063 3536 que,
2100 3467 2244 3523 Unus
2282 3480 2519 3535 sanctus,
2552 3476 2609 3525 et
2643 3487 2767 3541 qua:
2806 3482 3135 3542 sequuntur,
3168 3474 3522 3541 exclamatio;

1936 3568 2367 3631 sanctorumque
2401 3577 2466 3617 ac
2514 3562 2859 3618 vivilicorum
2904 3564 3289 3635 mysteriorum
3336 3579 3527 3634 perce-

1936 3651 2073 3720 ptio,
2100 3660 2223 3721 post
2248 3653 2453 3717 omnia,
2492 3652 2658 3724 inque
2693 3654 2952 3710 omnibus
2984 3656 3184 3726 dignis,
3217 3656 3313 3710 Dei
3348 3655 3523 3711 nostri

1937 3743 2276 3815 benignitate
2326 3744 2567 3800 futuram
2609 3746 2980 3817 adoptionem,
3014 3748 3431 3818 unitionemque
3463 3764 3527 3804 ac

1938 3835 2405 3905 conjunctionem,
2440 3835 2794 3907 divinamque
2822 3838 3238 3895 similitudinem
3274 3856 3337 3896 ac
3364 3839 3525 3896 delﬁ-

1939 3929 2213 3983 cationem
2252 3928 2412 3999 523
2443 3929 2753 3998 declarant;
2779 3932 2832 3987 vi
2868 3934 3025 4005 cujus
3074 3934 3191 4003 ipse
3226 3934 3372 3989 Deus
3411 3950 3531 3988 om-

1939 4020 2033 4074 nia
2061 4018 2117 4073 in
2143 4019 2403 4074 omnibus
2432 4021 2708 4077 similibus
2742 4024 2918 4078 salute
2949 4024 3220 4079 donandis
3260 4026 3387 4092 erit,
3425 4041 3527 4081 ceu

1941 4110 2283 4181 primitivum
2313 4110 2482 4167 decus
2512 4112 2818 4167 secundum
2849 4130 3029 4169 causa:
3070 4116 3337 4171 rationem
3366 4116 3421 4171 in
3449 4117 3530 4174 eis

1942 4218 2043 4273 per
2088 4203 2347 4258 virtutem
2391 4220 2457 4259 ac
2504 4206 2789 4261 scientiam
2823 4216 3111 4277 praestans,
3142 4208 3235 4279 qui
3276 4208 3532 4265 similiter

1872 4336 1918 4392 Β
1946 4308 2072 4349 cum
2105 4309 2173 4350 eo
2198 4302 2523 4364 praestantes
2552 4305 2717 4351 erunt
2743 4312 2845 4367 per
2872 4300 3124 4368 gratiam.

2018 4384 2192 4439 Porro
2223 4384 2435 4451 ﬁdeles,
2461 4386 2654 4441 virtuti
2691 4387 2908 4444 deditos
2938 4404 3002 4444 ac
3030 4391 3316 4446 scientiam
3350 4393 3533 4448 colen-

243 4480 378 4543 τοῦς
437 4478 832 4549 εἰσαγομένους
889 4478 986 4531 καὶ
1011 4476 1140 4541 τοὺς
1160 4476 1571 4549 προκόπτοντας
1597 4476 1693 4529 καὶ
1724 4476 1817 4528 τοῦ

1948 4485 2052 4541 tes,
2083 4477 2338 4542 vocabat,
2386 4479 2483 4548 qui
2527 4478 2867 4536 inducuntur
2901 4482 3161 4552 velutque
3197 4484 3535 4541 rudimenta-

244 4566 536 4632 τελείους,
560 4567 731 4637 ἧγουν
767 4565 985 4630 δούλους
1022 4566 1118 4620 καὶ
1150 4565 1399 4637 μισθίους
1427 4565 1523 4619 καὶ
1546 4565 1719 4628 υίούςο
1750 4564 1820 4618 τὰ

1947 4568 2082 4634 rios,
2127 4569 2481 4639 proﬁcientes
2528 4578 2692 4640 atque
2740 4572 3049 4642 perfectos;
3096 4575 3150 4629 id
3189 4585 3291 4641 est,
3324 4592 3532 4644 servos,

245 4663 404 4732 τρεῖς
427 4658 616 4722 τάξεις
635 4658 743 4712 τῶν
768 4658 1114 4728 σωζομένων.
1145 4654 1331 4711 Δοῦλοι
1352 4657 1461 4727 γάρ
1489 4657 1618 4722 είσι,
1646 4656 1820 4709 πιστοί

1948 4659 2354 4726 mercenarios,
2408 4658 2582 4728 ﬁlios;
2640 4669 2754 4718 tres
2800 4678 2999 4734 nempe
3042 4664 3267 4720 ordines
3308 4681 3532 4732 eorum,

248 4754 296 4805 οἱ
335 4749 500 4821 φόϐῳ
527 4749 635 4804 τῶν
658 4749 1041 4821 ἡπειλημένων
1077 4748 1481 4821 ἐκπληροῦντες
1520 4746 1613 4802 τοῦ
1656 4747 1820 4802 δεσπό

1951 4751 2047 4820 qui
2076 4751 2255 4806 salute
2301 4749 2598 4807 donantur.
2646 4752 2802 4809 Servi
2843 4754 2990 4809 enim
3035 4766 3164 4811 sunt
3197 4755 3406 4822 ﬁdeles,
3438 4757 3533 4827 qui

249 4860 347 4897 του
374 4842 476 4905 τὰς
496 4840 735 4904 ἐντολὰς,
759 4842 985 4905 καὶτοῖς
1004 4841 1372 4895 πιστευθείσιν
1395 4839 1655 4898 εὐνοϊκῶς
1676 4841 1820 4909 ἐπερι

1954 4839 2228 4893 minarum
2259 4850 2431 4905 metu,
2461 4840 2678 4896 Domini
2717 4844 2974 4899 mandata
3007 4846 3255 4915 implent,
3285 4854 3340 4901 et
3368 4847 3537 4903 bene-

249 4936 560 5006 γαζόμενοι
582 4950 598 4967 ο
642 4934 846 5007 μίσθιοι
898 4935 977 5002 δὲ,
1024 4936 1074 4988 οἰ
1107 4934 1259 5006 πόθῳ
1285 4934 1395 4988 τῶν
1423 4932 1820 5005 έπηγγελμένω

1954 4934 2077 4990 vole
2118 4950 2182 4990 ac
2222 4932 2463 4989 candore
2492 4936 2662 4991 animi
2710 4937 2765 4993 in
2812 4939 2879 4993 iis
2919 4956 3041 5009 quae
3076 4940 3301 4994 fuerunt
3326 4939 3536 4996 credita

251 5027 487 5097 ἀγαθῶν
524 5024 884 5097 βαστάζοντες
930 5026 1050 5097 μεθ’
1104 5025 1386 5097 ὑπομονῆς
1429 5024 1492 5079 τὸ
1548 5024 1713 5096 βάρος
1749 5025 1818 5095 τῆ

1954 5032 2269 5081 versantur.
2300 5026 2625 5081 Mercenarii
2653 5036 2858 5094 autem,
2884 5028 2979 5099 qui
3007 5029 3276 5083 bonorum
3305 5031 3540 5099 promis-

254 5121 481 5193 ἡμέρας
524 5120 619 5174 καὶ
662 5119 753 5175 τδν
806 5119 1102 5174 καύσωναο
1134 5118 1405 5184 τουτέστι,
1452 5118 1555 5191 τὴν
1607 5117 1819 5189 ἐμφυτο

1946 5129 2145 5173 sorum
2170 5114 2475 5186 cupiditate
2514 5116 2703 5181 illecti,
2733 5132 2857 5171 cum
2890 5116 3153 5187 patientia
3177 5118 3392 5188 pondus
3428 5120 3539 5176 diei

256 5194 358 5266 καὶ
384 5209 826 5282 συνεζευγμένην
853 5214 919 5283 τῇ
950 5208 1203 5283 παρούσῃ
1225 5211 1338 5281 ζωῇ
1386 5210 1454 5265 ὲκ
1499 5212 1599 5281 τῆς
1634 5227 1820 5283 προπα

1953 5214 2011 5262 et
2033 5216 2229 5263 aestum
2265 5215 2515 5277 portant;
2548 5222 2670 5263 eam
2698 5208 2909 5264 scilicet
2934 5224 3055 5279 qua:
3085 5220 3343 5267 concreta
3371 5220 3454 5267 est
3479 5229 3543 5269 ac

255 5301 495 5374 τορικῆς
532 5301 831 5372 καταδίκης
863 5301 1064 5370 θλίψιν,
1113 5303 1209 5355 καὶ
1252 5303 1382 5363 τοὺς
1422 5300 1510 5355 ἐπ’
1536 5301 1674 5372 αὐτῇ
1706 5299 1820 5370 ὑπ’ὲ,

1957 5299 2188 5355 inolevit
2232 5300 2307 5366 ei,
2360 5315 2525 5370 quam
2570 5300 2784 5370 agimus
2823 5300 2972 5367 vitae,
3016 5302 3249 5373 exprimi
3296 5304 3546 5376 parentis

1553 5434 1789 5493 VARUS
1828 5432 2233 5491 LECTIONES.

344 5536 393 5567 δ’
426 5532 519 5587 Fr.
557 5531 754 5584 Πιστοί
778 5531 1031 5602 ένάρετοι
1056 5548 1070 5564 ⁸
1098 5530 1419 5602 γνωστικοί.
1448 5530 1817 5602 Εἰσαγόμενοι
1850 5545 1865 5561 ο
1899 5529 2317 5602 προκόπτοντες
2349 5545 2364 5561 ·
2394 5529 2622 5602 τέλειοι,
2683 5529 2869 5584 Δοῦλοι
2897 5547 2912 5563 ·
2962 5529 3167 5602 μίσθιοι
3200 5547 3215 5564 ·
3277 5531 3402 5585 υἰοί.
3452 5529 3546 5586 Fi-

269 5603 675 5743 deles,’;:;'rtutis
698 5600 986 5672 studentes,
1025 5600 1292 5660 saoientia
1326 5612 1575 5658 vacantes
1610 5600 2006 5673 “spiritales;
2049 5600 2446 5666 rudimemarii,
2485 5600 2838 5672 proﬁcientes,
2873 5600 3108 5673 perfecti,
3145 5602 3299 5669 servi,
3348 5616 3546 5657 merce-

273 5690 416 5732 nJm
510 5690 570 5727 ιι.

273 5690 416 5732 nam
447 5690 570 5732 nm.
