4036 6278
245 302 360 371 713

1613 306 2115 372 MYSTAGOGIA.

3403 334 3514 399 716

327 408 519 493 Xath
540 421 599 476 δὲ
627 422 725 494 τῆς
763 421 987 493 χάριτος
1032 420 1234 493 ταύτης
1279 420 1426 475 ἐστὶν
1461 420 1756 487 ἀπόδειξις,
1797 425 1831 493 η

2003 425 2225 509 A/j‘ectus
2262 445 2415 499 opere
2437 434 2755 503 probandus.
2788 438 3154 509 Bene/iceram:
3175 445 3275 509 vis,
3298 456 3357 499 ut
3387 449 3511 503 deos

250 514 393 588 πρὸς
424 514 486 567 τὸ
513 514 772 583 συγγενὲς
799 514 867 568 δι’
894 513 1106 578 εὐνοίας
1153 514 1399 578 ἑκούσιος
1443 513 1778 577 συνδιάθεσις
1814 530 1827 545 ·

250 604 325 679 ἧς
345 607 514 677 ἔργον
544 607 716 671 ἐστὶν,
744 606 819 669 ὡς
849 605 1005 669 Θεὸν,
1048 605 1377 659 οἰκειοῦσθαι
1428 605 1569 659 κατά
1607 604 1834 675 δύναμιν

249 700 346 753 τὸν
376 698 502 751 καθ’
549 698 726 753 ὁτιοῦν
763 698 861 767 τῆς
894 696 1049 768 ἡμῶν
1088 698 1409 767 ἐπικουρίας
1439 697 1693 769 δεόμενον
1741 697 1835 751 ἇν-

248 792 500 863 θρωπον·
519 790 615 846 καὶ
636 794 714 862 μὴ
738 791 835 862 ὲᾷν
857 790 1196 860 ἀτημέλητον
1222 789 1316 841 καὶ
1335 788 1687 859 ἀπρονόητον·
1702 787 1835 841 ἀλλὰ

254 884 469 955 σπουδῇ
520 884 587 953 τῇ
641 880 924 953 πρεπούσῃ
972 880 1093 934 κατ’
1146 877 1425 947 ἐνέργειαν
1465 878 1834 934 ἐνδείκνυσθαι

250 974 443 1037 ζῶσαν
464 972 565 1045 τὴν
586 974 644 1025 ὲν
670 974 801 1043 ἡμῖν
824 971 957 1040 πρός
993 989 1055 1025 τε
1074 972 1163 1025 τὸν
1187 972 1321 1025 Θεὸν
1351 973 1446 1026 καὶ
1474 972 1562 1024 τὸν
1609 970 1833 1042 πλησίον

246 1065 525 1119 διάθεσιν.
573 1065 772 1133 Ἔργον
815 1064 925 1134 γὰρ
964 1063 1241 1131 ἀπόδειξις
1298 1063 1613 1126 διαθέσεως.
1666 1062 1832 1117 Οὐδὲν

254 1157 369 1229 γὰρ
432 1154 555 1211 οὔτε
618 1154 754 1226 πρὸς
813 1154 1160 1225 δικαιοσύνην
1205 1154 1354 1208 οὕτω
1422 1154 1599 1225 ῥᾴδιόν
1662 1156 1829 1220 ἐστιν,

250 1247 384 1301 οὔτε
427 1246 565 1315 πρὸς
612 1245 807 1298 θέωσιν
854 1245 947 1315 (ἵν’
999 1245 1173 1309 οὓτως
1205 1244 1369 1312 εἴπω)
1416 1246 1511 1299 καὶ
1550 1244 1648 1315 τὴν
1697 1246 1832 1316 1:96.;

252 1338 397 1392 Θεὸν
421 1338 701 1408 ἐγγύτητα
727 1339 1060 1411 καθέστηκεν
1095 1341 1416 1411 ἐπιτήδειον,
1448 1339 1523 1403 ὡς
1578 1339 1726 1405 έλεος
1768 1342 1832 1394 ἐκ

251 1428 438 1499 ψυχῆς
453 1431 534 1492 είς
552 1430 676 1492 τοὺς
699 1430 981 1499 δεομένους
1011 1430 1127 1501 μεθ’
1149 1431 1338 1501 ἡδονῆς
1365 1431 1455 1483 καὶ
1475 1433 1646 1503 χαρᾶς
1670 1448 1832 1502 προσ-

256 1520 588 1591 φερόμενος.
648 1521 710 1575 Εἰ
742 1522 849 1592 γάρ
879 1523 1011 1575 Θεὸν
1038 1524 1068 1575 6
1092 1523 1262 1591 Λόγος
1304 1522 1395 1575 τὸν
1423 1518 1482 1577 εὖ
1509 1522 1697 1578 παθεῖν
1726 1524 1832 1577 δεό-

254 1629 431 1682 μενον
476 1612 697 1677 ἔδειξεν.
764 1615 889 1684 Ἐφ’
932 1614 1085 1668 ὅσον
1114 1613 1223 1685 γὰρ
1270 1614 1609 1681 ἐποιήσατε,
1644 1616 1828 1686 φησιν,

250 1704 353 1757 ἐνὶ
410 1704 637 1759 τούτων
692 1722 812 1760 των
871 1706 1251 1776 ἐλαχίστων,
1299 1708 1422 1778 ἐμοὶ
1464 1709 1789 1781 ἐποιήσατε
1813 1728 1827 1742 ο

249 1794 396 1860 Θεὸς
416 1795 476 1850 δὲ
506 1797 536 1850 6
565 1795 756 1863 είπὼν,
784 1796 964 1868 πολλῷ
997 1797 1195 1869 μᾶλλον
1220 1798 1312 1853 τὸν
1357 1793 1411 1853 εὖ
1456 1802 1631 1855 ποιεῖν
1682 1802 1834 1859 δυνά·
1863 1780 1905 1836 Β

254 1906 431 1960 μενον
458 1890 554 1944 καὶ
577 1889 851 1956 ποιοῦντα,
892 1890 1055 1956 δείξει
1101 1891 1318 1962 ἀληθῶς
1362 1893 1499 1946 κατὰ
1540 1894 1699 1965 χάριν
1741 1898 1834 1949 καὶ

254 1980 490 2051 μέθεξιν
511 1981 642 2036 ὄντα
670 1982 823 2046 Θεὸν,
860 1981 937 2045 ὡς
964 1982 1063 2053 τὴν
1084 1982 1248 2038 αὐτοῦ
1271 1983 1369 2054 τῆς
1390 1984 1712 2056 εὐεργεσίας
1736 1988 1831 2040 εύ-

258 2070 527 2143 μιμήτως
569 2071 967 2143 ἀνειλημμένον
1012 2074 1293 2145 ἐνέργειαν
1333 2090 1386 2125 τε
1424 2076 1522 2129 καὶ
1572 2076 1828 2148 ίδιότητα.

255 2162 372 2218 Καὶ
398 2163 451 2217 εί
481 2163 613 2228 Θεὸς
639 2166 669 2218 6
692 2164 923 2235 πτωχὸς,
958 2163 1046 2219 διὰ
1070 2166 1169 2238 τὴν
1192 2166 1287 2220 τοῦ
1319 2166 1380 2219 δι’
1410 2168 1555 2239 ἡμᾶς
1584 2170 1831 2240 πτωχεύ-

252 2274 458 2323 σαντος
480 2257 616 2311 Θεοῦ
648 2258 1079 2327 ωγκατάϐασιν,
1108 2257 1206 2312 καὶ
1227 2259 1307 2321 είς
1346 2258 1541 2313 ἑαυτὸν
1592 2261 1827 2317 ἑκάστου

252 2346 568 2417 συμπαθῶς
598 2347 999 2419 ἀναδεχομένου
1033 2347 1204 2420 πάθη,
1236 2346 1325 2401 καὶ
1360 2348 1522 2419 μέχρι
1563 2351 1664 2421 τῆς
1708 2369 1831 2408 συν-

251 2438 476 2503 τελείας
503 2438 597 2493 τοῦ
620 2439 836 2503 αἰῶνος,
869 2439 1010 2494 κατά
1030 2440 1128 2512 τὴν
1161 2440 1447 2509 ἀναλογίαν
1474 2439 1570 2496 τοῦ
1605 2444 1665 2499 έν
1703 2446 1830 2501 ὲκά·

253 2544 373 2601 ατῳ
402 2527 631 2593 πάθους,
662 2530 749 2583 ἀεὶ
770 2529 839 2582 δι’
857 2529 1173 2601 ἀγαθότητα
1195 2527 1488 2600 πάσχοντος
1512 2536 1791 2603 μυστικῶς
1813 2553 1827 2568 ο

253 2617 427 2673 πλέον
453 2618 701 2690 δηλονότι
737 2617 784 2652 ⁸⁸
820 2619 962 2673 κατά
996 2619 1087 2673 τὸν
1112 2620 1292 2674 εἰκότα
1315 2619 1470 2687 λόγον
1496 2619 1647 2675 ἔσται
1677 2624 1829 2691 Θεὸς,

246 2713 283 2766 6
320 2712 467 2766 κατά
504 2710 740 2784 μίμησιν
764 2709 860 2765 τοῦ
894 2710 1032 2765 Θεοῦ
1064 2711 1154 2766 διὰ
1189 2711 1598 2783 φιλανθρωπίαν
1624 2716 1693 2769 τὰ
1722 2717 1833 2770 τῶν

250 2803 545 2857 παθόντων
576 2803 726 2873 πάθη
752 2804 823 2858 δι’
871 2804 1066 2858 ἑαυτοῦ
1112 2788 1428 2874 θεοπρεπῶς
1481 2804 1775 2877 ἐξιώμενος
1817 2825 1831 2840 ο

250 2898 351 2951 καὶ
381 2896 483 2967 τὴν
512 2896 676 2968 αὐτὴν
701 2896 779 2967 τῷ
801 2897 938 2969 Θεῷ,
968 2896 1109 2950 κατὰ
1128 2896 1419 2965 ἀναλογίαν
1439 2900 1539 2969 τῆς
1561 2904 1833 2973 σωστικῆς

250 2993 540 3064 προνοίας,
585 2991 729 3046 κατά
759 2990 1003 3046 διάθεσιν
1040 2990 1178 3061 ἔχων
1206 2990 1551 3061 δεικνύμενος
1578 2990 1828 3065 δύναμιν.

1938 512 2400 588 faciat—Hujus
2440 534 2627 579 autem
2674 527 2863 597 gratia:
2912 530 3058 585 clara
3101 534 3353 601 probatio
3392 549 3511 605 est,

1938 614 2239 675 spontanea
2271 611 2456 668 animo
2486 614 2627 672 bene
2664 619 2870 674 volenti
2911 635 3039 691 erga
3071 627 3289 693 generis
3319 641 3508 683 neces.

1937 698 2180 756 situdine
2210 701 2367 759 nobis
2389 707 2733 776 conjunctae,
2753 710 3004 779 aﬂectio;
3031 716 3192 785 cujus
3214 716 3319 772 hoc
3347 733 3509 788 opus,

1939 791 2047 849 hoc
2072 792 2305 863 facinus,
2336 808 2397 853 ut
2424 799 2675 870 quisquis
2698 802 2981 859 hominum
3018 806 3129 861 ulla
3156 808 3211 861 in
3238 822 3298 861 re
3322 816 3512 864 nostra

1937 898 2042 952 ope
2074 895 2250 957 egeat,
2286 886 2430 943 haud
2478 905 2642 946 secus
2681 906 2749 946 ac
2779 892 2951 948 Deum
2985 909 3085 962 pro
3112 894 3255 949 virili
3297 906 3507 960 nostra,

1938 974 2212 1031 demereri
2242 977 2592 1045 studeamus,
2622 996 2725 1036 nec
2759 984 3069 1054 neglectum
3115 1001 3180 1039 ac
3226 986 3346 1041 sine
3378 1001 3509 1043 cura

1938 1068 2221 1137 praeterire
2245 1085 2347 1127 nos
2376 1085 2501 1128 eum
2540 1074 2785 1129 sinamus
2808 1114 2823 1138 ,
2850 1076 2970 1142 sed,
2996 1092 3108 1146 qua
3144 1093 3242 1146 par
3265 1087 3351 1133 est
3378 1078 3506 1133 dili-

1937 1160 2138 1230 gentia,
2177 1162 2357 1232 reipsa
2390 1162 2447 1220 in
2479 1164 2638 1221 nobis
2671 1165 2853 1221 vivere
2875 1182 2942 1222 ac
2969 1168 3173 1237 vigere,
3196 1183 3308 1237 quo
3336 1168 3507 1223 Deum

1936 1252 2358 1324 proximumque
2395 1256 2797 1326 prosequimur,
2827 1257 3087 1313 affectum
3127 1258 3504 1314 ostendamus.

1936 1343 2179 1399 Affectus
2209 1345 2357 1399 enim
2387 1346 2640 1415 probatio
2693 1357 2779 1401 est
2814 1349 2997 1418 operis
3032 1349 3320 1404 exhibitio.
3361 1350 3509 1405 Nihil

1938 1434 2139 1503 quippe
2171 1433 2235 1488 ad
2269 1434 2534 1504 justitiam
2572 1436 2710 1491 adeo
2740 1436 2919 1501 facile,
2948 1436 3136 1507 sicque
3161 1454 3507 1507 consequen-

1936 1522 2064 1577 dam
2090 1522 2347 1577 deitatem
2378 1524 2461 1593 (ut
2491 1525 2572 1579 sic
2593 1525 2805 1596 loquar)
2836 1526 3179 1595 expeditum,
3209 1536 3267 1584 et
3293 1536 3354 1582 ut
3380 1543 3508 1583 cum

1937 1613 2049 1668 Deo
2069 1614 2467 1670 necessitudine
2485 1616 2799 1687 jungamur,
2823 1631 2887 1671 ae
2922 1616 3320 1683 misericordia,
3341 1634 3509 1688 quam

1935 1720 2003 1762 ex
2029 1705 2214 1761 animo
2243 1720 2367 1761 cum
2401 1707 2678 1777 voluptate
2718 1714 2777 1762 et
2818 1707 3019 1778 gaudio
3059 1707 3413 1765 conferamus
3451 1710 3507 1766 in

1933 1813 2052 1864 eos,
2083 1799 2176 1869 qui
2209 1798 2473 1870 indigent.
2519 1799 2801 1870 Siquidem
2844 1800 2992 1856 enim
3034 1799 3339 1870 Scriptura,
3378 1816 3507 1856 eum

1933 1891 2031 1961 qui
2076 1891 2198 1961 opis
2240 1899 2365 1961 eget
2408 1900 2465 1946 et
2511 1901 2573 1947 ut
2620 1890 2889 1947 beneﬁcio
2938 1890 3313 1961 impartiatur,
3343 1890 3507 1945 deum

1933 1982 2197 2038 ostendit.
2227 1981 2473 2048 Quandiu
2490 1984 2662 2049 enim,
2684 1984 2882 2053 inquit,
2913 1984 3008 2037 uni
3036 1999 3099 2037 ex
3125 1983 3356 2037 animatis
3379 1984 3508 2037 meis

1934 2071 2046 2127 istis
2072 2073 2286 2143 fecistis,
2312 2074 2438 2127 mihi
2466 2073 2654 2143 fecistis
2682 2082 2711 2111 ι
2744 2092 2758 2129 :
2792 2074 2963 2129 Porro
2991 2074 3137 2129 Deus
3178 2080 3263 2127 est
3292 2072 3388 2143 qui
3430 2073 3512 2127 lo—

1934 2167 2165 2239 quitur;
2196 2167 2401 2239 potiori
2449 2167 2610 2237 longe
2652 2167 2887 2233 ratione,
2930 2181 3096 2232 eum,
3147 2165 3239 2221 cui
3287 2165 3511 2221 benefa-

1932 2260 2115 2316 ciendi
2158 2260 2388 2316 facultas
2411 2267 2519 2324 est,
2565 2272 2742 2328 exque
2792 2258 2884 2312 illa
2935 2256 3229 2322 benefacit,
3256 2256 3514 2313 ostendet

1930 2367 2121 2408 revera
2144 2367 2245 2421 per
2264 2350 2492 2422 gratiam
2513 2349 2718 2420 Deique
2739 2349 3157 2421 participatione
3178 2348 3344 2405 deum
3365 2362 3509 2413 esse,

1927 2444 2024 2514 qui
2051 2445 2172 2516 ejus
2211 2440 2608 2507 beneficentiae,
2657 2441 2915 2510 praeclare
2953 2439 3242 2507 imitando,
3288 2439 3401 2495 vim
3447 2455 3513 2495 ac

1929 2534 2323 2604 proprietatem
2364 2532 2569 2587 inierit.
2594 2530 2672 2586 Ac
2699 2530 2971 2602 siquidem
3001 2546 3210 2602 pauper
3239 2529 3378 2587 deus
3402 2538 3510 2593 est,

1932 2626 2141 2682 ideirco
2170 2625 2300 2699 quia
2328 2625 2474 2681 Deus
2496 2623 2657 2696 535
2685 2639 2794 2696 qua
2823 2639 2882 2679 se
2911 2623 3074 2681 nobis
3099 2623 3323 2680 demisit
3346 2639 3411 2679 ac
3430 2622 3514 2678 in-

1932 2716 2177 2784 clinavit,
2224 2731 2431 2788 egenus
2479 2715 2657 2770 factus
2698 2722 2785 2770 est
2816 2724 2867 2781 ο,
2916 2715 3081 2787 inque
3131 2716 3373 2786 seipsum
3415 2729 3516 2784 per

1932 2823 2202 2863 summam
2246 2806 2655 2862 miserationem
2692 2807 2959 2879 cujusque
3000 2807 3212 2878 recepit
3242 2805 3407 2871 mala,
3449 2820 3515 2860 ac

1935 2914 2108 2973 usque
2138 2899 2207 2953 ad
2252 2897 2437 2954 saeculi
2474 2896 3002 2954 consummationem
3038 2912 3137 2967 pro
3175 2912 3242 2951 eo
3275 2912 3340 2951 ac
3363 2896 3517 2968 quis-

1934 3008 2042 3064 que
2070 2990 2229 3047 malis
2260 2986 2515 3053 afﬁcitur,
2568 3004 2787 3058 semper
2816 2988 3043 3061 mystice
3076 2988 3341 3044 bonitatis
3374 2996 3514 3042 nutu

247 3068 497 3155 patitur;
538 3085 710 3155 magis
751 3084 943 3156 utique
998 3084 1194 3139 merito
1237 3082 1374 3139 deus
1410 3081 1540 3147 erit,
1588 3083 1684 3155 qui
1733 3086 1829 3143 Dei
1870 3085 2173 3144 imitatione
2202 3079 2561 3137 humanitatis
2591 3078 2777 3135 studio
2838 3095 2903 3136 ac
2966 3078 3325 3151 benignitate,
3359 3076 3514 3133 labo-

247 3181 494 3235 rantium
542 3180 682 3234 maia
725 3195 791 3236 ac
828 3180 1204 3252 aegritudines,
1272 3193 1371 3251 per
1408 3193 1469 3235 se
1512 3174 1630 3251 ipse
1676 3181 1861 3241 divine
1898 3183 2233 3248 medicatur;
2296 3176 2660 3246 eamdemque
2699 3190 2827 3231 cum
2856 3175 2968 3232 Deo
3005 3190 3106 3247 pro
3140 3183 3257 3231 rata
3298 3188 3398 3229 sua
3428 3189 3515 3235 ra-

246 3276 406 3331 tione
434 3275 670 3331 salubris
693 3275 1055 3346 providentia:
1082 3275 1192 3331 vim
1216 3274 1519 3331 secundum
1546 3275 1826 3346 affectum,
1866 3280 2072 3338 habere
2098 3284 2453 3333 monstratur.

318 3364 421 3429 Τίς
442 3363 537 3419 οὖν
568 3366 678 3437 ἄρα
717 3366 855 3437 πρὸς
900 3367 1104 3437 ἀρετὴν
1150 3365 1295 3421 οὕτω
1340 3364 1538 3439 βραδύς
1575 3368 1691 3421 ἐστι
1730 3370 1824 3423 καὶ
1848 3379 1897 3439 c

243 3456 591 3529 δυσκίνητος,
621 3456 762 3510 ὥστε
796 3458 871 3530 μὴ
907 3459 1156 3528 ἐφίεσθαι
1189 3458 1463 3531 θεότητος,
1520 3458 1695 3525 οὕτως
1734 3461 1826 3515 εύ-

240 3548 398 3604 ώνου
418 3566 480 3601 τε
507 3549 601 3604 καὶ
639 3549 965 3620 εὐπορίστου
1001 3548 1093 3604 καὶ
1126 3549 1316 3623 ῥᾳδίας
1343 3548 1511 3622 οὔσης
1540 3553 1641 3623 τῆς
1677 3552 1819 3624 ut)-

246 3656 430 3706 σεως;
476 3640 751 3710 ’Δσφαλὴς
777 3640 835 3694 δὲ
863 3640 1069 3695 τούτων
1094 3643 1211 3696 ἐστὶ
1245 3641 1337 3697 καὶ
1364 3641 1561 3707 ἄσυλος
1585 3642 1823 3717 φυλακὴ,

245 3732 345 3785 καὶ
370 3729 623 3801 εὐμαρὴς
666 3732 803 3803 πρὸς
845 3733 1119 3806 σωτηρίαν
1139 3733 1256 3799 ὁδός
1275 3730 1303 3766 ”
1324 3728 1416 3807 ἧς,
1449 3730 1627 3806 οἶμαι,
1658 3738 1827 3809 χωρὶς

245 3821 370 3875 κατ’
394 3819 657 3892 ἀλήθειαν
691 3822 844 3876 οὐδὲν
870 3822 1027 3877 ἔσται
1061 3824 1170 3877 τῶν
1211 3823 1432 3893 ἀγαθῶν
1474 3824 1725 3891 ἀϐλαϐῶς
1748 3826 1827 3899 τῷ

241 3914 427 3986 ἔχοντι
481 3912 951 3986 συντηρούμενον·
1002 3918 1036 3986 ἡ
1072 3916 1439 3989 αύτοπραγία,
1486 3918 1662 3971 είτουν
1702 3917 1826 3972 lato-

244 4006 487 4078 πραγία,
511 4005 579 4059 δι’
602 4000 670 4078 ἧς
710 4006 781 4059 τὰ
811 4006 932 4061 καθ’
961 4007 1189 4072 ἑαυτοὺς
1231 4011 1454 4063 σκοπεῖν
1483 4025 1544 4062 τε
1579 4009 1674 4064 καὶ
1713 4010 1827 4064 δια-

246 4097 591 4151 σκέπτεσθαι
637 4098 834 4167 μόνους
900 4099 1287 4169 μανθάνοντες,
1320 4101 1416 4155 τοῦ
1480 4104 1609 4174 παρ’
1652 4102 1827 4159 ἄλλων

240 4186 507 4259 διακενῆς
550 4188 759 4261 βλάϐην
794 4189 940 4262 ἔχειν
987 4191 1441 4264 έλευθερούμεθα.
1476 4195 1539 4247 Ei
1570 4194 1677 4264 γὰρ
1705 4195 1826 4248 tau-

241 4280 373 4343 τοὺς
411 4280 625 4351 ζμόνους
683 4283 818 4353 δρᾷν
853 4300 913 4336 τε
958 4284 1053 4338 καὶ
1094 4282 1310 4348 ὲτάζειν
1359 4282 1648 4355 μάθοιμεν,
1680 4284 1827 4338 οὐδέο

242 4384 377 4426 ποτε
402 4374 519 4437 τοῖς
544 4373 655 4429 τῶν
669 4374 865 4439 ἄλλων,
898 4376 975 4439 ὼς
1010 4374 1058 4429 δ’
1081 4376 1149 4431 ἂν
1183 4373 1377 4446 ἔχοντα
1400 4374 1666 4446 τύχωσιν,
1701 4377 1828 4429 επι-

242 4460 562 4534 θησόμεθα·
596 4464 959 4534 γινώσκοντες
990 4465 1087 4519 ἕνα
1130 4466 1293 4537 μόνον
1334 4466 1529 4539 κριτὴν
1578 4467 1740 4534 σοφόν
1766 4484 1827 4522 τε

240 4556 342 4609 καὶ
394 4555 608 4610 δίκαιον
649 4556 742 4609 τὸν
794 4556 948 4623 Θεὸν,
995 4557 1089 4611 τὸν
1136 4557 1318 4627 σοφῶς
1342 4575 1415 4630 ,τε
1458 4558 1554 4613 καὶ
1605 4558 1829 4625 δικαίως

239 4646 427 4702 πάντα
468 4648 539 4701 τὰ
586 4648 849 4719 γινόμενα
907 4648 1203 4721 κρίνονταο
1256 4648 1383 4704 καθ’
1426 4648 1486 4702 δν
1532 4648 1828 4721 γεγένηται

2010 3366 2369 3438 ἰδιοπραγία,
2398 3380 2482 3429 ac,
2516 3364 2652 3434 quod
2702 3380 2819 3433 quis
2855 3378 2955 3418 sua
2988 3369 3134 3417 curet
3167 3368 3394 3431 agatque
3421 3356 3514 3411 do'

1924 3481 2117 3520 norum
2154 3462 2251 3516 Dei
2284 3468 2401 3516 tuta
2441 3461 2500 3513 in
2534 3458 2679 3513 nobis
2705 3458 3054 3512 custodia.-—
3074 3454 3210 3524 Quis
3229 3454 3309 3510 sic
3344 3455 3513 3524 igitur

1922 3556 1994 3610 ad
2019 3556 2279 3609 virtutem
2312 3552 2522 3616 tardus,
2552 3550 2743 3619 sicque
2769 3559 2921 3605 motu
2948 3548 3133 3619 segnis
3160 3562 3225 3605 ae
3249 3545 3509 3611 difﬁcilis,

1925 3657 1986 3704 ut
2018 3646 2240 3703 deitatis
2282 3643 2560 3701 desiderio
2590 3657 2701 3697 non
2729 3649 2946 3712 agatur,
2977 3655 3141 3710 quam
3183 3638 3330 3693 facili
3372 3636 3511 3692 adeo

1925 3740 2103 3811 pretio
2128 3752 2381 3794 coemere
2405 3751 2473 3792 ac
2496 3749 2816 3805 comparare
2846 3733 3044 3805 queat?
3073 3732 3214 3788 Tuta
3254 3745 3409 3795 vero,
3442 3745 3510 3786 ac

1926 3830 2262 3889 inviolabilis
2301 3830 2501 3887 horum
2529 3826 2781 3884 custodia
2812 3833 2922 3893 est,
2949 3824 3234 3894 facilisque
3258 3822 3329 3878 ad
3358 3821 3507 3877 salu-

1928 3929 2037 3979 tem
2055 3922 2165 3987 via,
2183 3922 2301 3977 sine
2320 3934 2427 3989 qua
2446 3919 2529 3989 (ut
2548 3933 2650 3989 ego
2667 3915 2888 3988 quidem
2907 3913 3184 3985 existimo)
3203 3927 3365 3968 nemo
3380 3926 3510 3966 vere

1924 4030 1989 4071 ea
2011 4030 2134 4085 qua
2156 4012 2371 4069 obtinet
2393 4012 2559 4077 bona,
2586 4010 2753 4066 illaesa
2786 4006 3108 4073 servaverit,
3136 4013 3193 4062 et
3237 4012 3297 4060 ut
3323 4004 3510 4059 damni

1924 4106 2063 4163 nihil
2096 4104 2351 4175 accipiat,
2382 4102 2469 4159 sui
2500 4102 2590 4158 illa
2617 4100 2832 4172 privata
2858 4105 2964 4167 est,
2991 4113 3056 4153 ac
3079 4111 3263 4154 rerum
3286 4109 3509 4151 suarum

1926 4196 2262 4270 agendarum
2304 4210 2473 4262 cura;
2518 4207 2648 4263 qua,
2696 4199 2885 4246 nostra
2929 4189 3196 4245 duntaxat
3235 4186 3510 4257 dispicere

1925 4288 2074 4344 docti
2123 4304 2188 4343 ac
2231 4286 2607 4351 considerare,
2639 4284 2694 4339 id
2741 4282 3155 4353 consequimur,
3189 4288 3250 4337 ut
3290 4279 3360 4336 ab
3386 4278 3511 4335 aliis

1926 4380 2066 4436 nihil
2108 4378 2315 4435 frustra
2357 4376 2545 4433 damni
2579 4375 2935 4446 accipiamus.
2966 4374 3025 4429 Si
3055 4373 3205 4429 enim
3236 4387 3338 4428 nos
3366 4372 3511 4443 ipsos

1927 4472 2106 4528 solum
2148 4470 2349 4527 intueri
2381 4484 2449 4525 ac
2492 4468 2809 4526 examinare
2841 4466 3183 4530 noverimus,
3227 4480 3511 4535 nunquam

1928 4561 1987 4619 in
2031 4559 2123 4616 illa
2164 4575 2287 4631 quae
2327 4567 2458 4615 sunt
2487 4558 2746 4623 aliorum,
2775 4558 3157 4629 cujuscunque
3198 4554 3345 4610 modi
3378 4555 3509 4618 sint,

1926 4652 2163 4724 grassari
2208 4651 2367 4707 nobis
2400 4649 2839 4721 indulgebimus;
2871 4648 2965 4720 qui
2996 4646 3257 4702 nimirum
3286 4645 3512 4700 unicum

238 4734 424 4808 λόγον,
476 4738 625 4807 an}
666 4738 729 4792 ού
778 4739 900 4794 καθ’
942 4739 1003 4793 6v
1068 4741 1453 4812 πεφανέρωται
1489 4742 1725 4812 τρόπον’
1766 4741 1827 4797 δν

1931 4743 2168 4816 iudicem
2212 4758 2339 4798 eum
2371 4742 2676 4811 sapientem
2719 4749 2835 4794 tum
2877 4740 3109 4810 justum,
3152 4747 3350 4793 cuncta
3391 4751 3515 4806 qua:

239 4828 380 4893 ίσως
408 4828 479 4884 ἂν
505 4828 755 4885 δύναιντο
783 4831 877 4885 καὶ
914 4828 1193 4903 ἄνθρωποι
1213 4831 1440 4902 κρίνειν,
1463 4832 1721 4904 ἀμυδρῶς
1742 4835 1824 4899 είς

236 4919 299 4975 τὸ
323 4923 662 4991 φαινόμενον
709 4923 1025 4993 βλέποντες·
1060 4925 1190 4996 περὶ
1216 4924 1245 4977 6
1277 4926 1338 4978 ού
1370 4925 1586 4991 πάντως
1614 4927 1763 4981 ἐστὶν
1790 4927 1823 4998 η

236 5016 502 5088 ἀλήθεια,
523 5016 649 5071 οὐδὲ
680 5016 790 5071 τῶν
822 5017 1126 5087 γινομένων
1146 5016 1175 5069 6
1201 5016 1381 5086 λόγος.
1420 5016 1480 5071 '0
1506 5017 1562 5072 δὲ
1585 5017 1740 5085 Θεὸς,
1763 5019 1827 5073 τὸ

237 5108 449 5175 ἀφανές
476 5125 538 5162 τε
560 5107 769 5178 κίνημα
794 5107 891 5180 τῆς
910 5107 1112 5179 ψυχῆς,
1131 5108 1229 5163 καὶ
1251 5110 1352 5181 τὴν
1378 5110 1606 5182 ἀόρατον
1626 5110 1823 5183 ὁρμὴν,

240 5200 335 5253 καὶ
369 5201 464 5252 τὸν
503 5200 660 5270 λόγον
692 5202 878 5265 αὐτὸν,
928 5201 1052 5255 καθ’
1078 5199 1140 5256 δν
1164 5201 1420 5275 ὥρμηται
1455 5204 1489 5275 ἠ
1523 5202 1692 5274 ψυχὴ,
1729 5203 1826 5259 καὶ

240 5290 328 5343 τὸν
367 5287 465 5342 τοῦ
511 5289 697 5359 λόγου,
732 5292 936 5349 σκοπόν
958 5307 972 5322 °
1000 5292 1274 5360 τουτέστι,
1305 5294 1365 5346 τὸ
1411 5294 1613 5359 παντὸς
1646 5295 1827 5367 πράγ-

244 5399 416 5452 ματος
460 5383 961 5457 προεπινοούμενον
978 5385 1023 5417 ⁸⁸
1054 5384 1209 5450 τέλος
1245 5385 1481 5457 βλέπων,
1522 5387 1699 5459 κρίνει
1748 5387 1825 5440 δι-

312 5526 342 5555 “
370 5516 562 5574 Matth.
593 5535 719 5583 xxv,
747 5519 839 5574 Η.
921 5527 945 5555 ο
981 5520 1026 5574 ll
1053 5518 1184 5575 Cor.
1213 5536 1334 5586 vui,
1362 5521 1417 5577 9.

1931 4836 2071 4892 fiunt
2124 4834 2402 4906 sapienter
2443 4833 2700 4906 justeque
2742 4831 3079 4904 judicantem
3148 4830 3355 4891 Deum,
3402 4842 3513 4881 non

1930 4927 2275 5000 ignoremus;
2303 4939 2523 4997 nempe,
2552 4939 2661 4995 qua
2691 4923 2906 4977 ratione
2932 4922 3023 4977 illa
3052 4920 3192 4975 facta
3226 4924 3378 4980 sunt,
3402 4932 3512 4970 non

1929 5036 1997 5075 eo
2030 5020 2194 5076 modo
2224 5035 2335 5091 quo
2370 5018 2623 5091 prodita;
2655 5032 2767 5087 quo
2791 5016 2956 5071 etiam
2991 5014 3132 5069 forte
3157 5010 3409 5066 homines
3427 5008 3517 5079 ju-

1932 5112 2121 5169 dicare
2166 5112 2401 5184 possint,
2446 5112 2715 5180 tantisper
2757 5108 2993 5163 obscure
3040 5105 3145 5159 hoc
3187 5108 3517 5158 contuentes

1933 5205 2082 5275 quod
2114 5215 2200 5261 est
2241 5204 2621 5275 conspicuum,
2652 5217 2717 5258 ac
2751 5200 2929 5256 oculis
2962 5205 3151 5269 paret;
3184 5196 3240 5253 in
3266 5209 3376 5265 quo
3405 5208 3515 5248 non

1932 5297 2157 5353 omnino
2198 5297 2301 5353 sita
2326 5296 2550 5361 veritas,
2583 5302 2678 5349 aut
2699 5307 2892 5348 eorum
2919 5306 3041 5362 quae
3074 5289 3214 5345 fiunt
3241 5286 3383 5344 ratio
3413 5301 3516 5357 po-

1932 5396 2037 5446 sita
2078 5398 2182 5446 est.
2212 5391 2357 5446 Deus
2398 5396 2606 5456 autem,
2636 5386 2933 5444 obscurum
2983 5385 3165 5455 ipsum
3193 5380 3366 5438 animi
3400 5393 3519 5433 mo—

1548 5632 1785 5690 VARUE
1826 5634 2230 5695 LECTIONES.

315 5723 361 5755 “
398 5722 453 5777 δὲ
483 5722 641 5794 δῆλον
660 5723 742 5776 δτι
772 5722 834 5777 C.
876 5723 931 5777 Δ.
1018 5724 1062 5755 ⁸⁵⁸
1094 5723 1601 5796 προεπηνοουμένου
1634 5724 1694 5781 C.
1737 5726 1802 5781 A.

650 5816 918 5881 Ρετιιοι..
963 5818 1080 5881 Gs.
1120 5818 1273 5881 XCI.

3079 5816 3156 5876 23
