4036 6278
598 311 708 380 715
1751 297 1813 359 s.
1854 295 2144 358 MAXIMI
2178 295 2692 358 'CONFESSORIS
3714 307 3796 373 ἠδ

599 431 754 488 tum,
798 414 1357 488 inaspectabilemque
1419 407 1810 482 appetitionem
1832 447 1847 472 ,
1897 421 1962 462 ac
2005 406 2180 477 ipsam

2210 411 2254 467 Α
2283 411 2476 476 καίως,
2516 410 2594 472 ὡς
2639 409 2797 479 ἔφην,
2837 408 3015 464 πάντα
3061 409 3130 464 τὰ
3180 409 3338 482 παρὰ
3400 411 3505 465 τῶν
3552 413 3798 487 ἀνθρώπων

601 512 871 568 rationem
923 524 1031 580 qua
1082 507 1350 578 impulsus
1396 511 1482 559 est
1527 500 1772 566 animus,
1838 499 2178 570 rationisque

2285 501 2672 574 πραττόμενα·
2705 502 2842 574 ὅπερ
2867 504 2918 556 εί
2959 503 3314 575 κατορθῶσαι
3340 503 3705 577 σπουδάσομεν,
3729 512 3800 564 καὶ

601 617 832 674 scopum
863 615 928 656 ac
971 599 1286 655 institutum
1313 595 1527 660 videns,
1562 593 1618 658 id
1644 600 1750 659 est,
1771 590 1975 662 negetii
2012 590 2181 645 totius

2285 597 2494 660 ἑαυτοῖς
2534 597 2760 661 ἑαυτοὺς
2810 597 3199 670 περιορίσομεν
3242 601 3358 661 τοῖς
3410 598 3560 663 ἐκτὸς
3601 601 3686 654 οὐκ
3709 603 3802 656 ἐπι-

600 693 1014 768 praoogitatum
1061 690 1247 754 ﬁnem,
1292 689 1440 760 iuste
1474 686 1576 756 (uti
1621 683 1893 753 dicebam)
1923 697 2046 752 quae
2079 681 2182 735 ho-

2286 693 2570 763 φυόμενοι,
2603 691 2730 746 οὔτε
2771 694 2928 766 ὀρᾷν,
2953 693 3079 747 οὔτε
3104 694 3352 761 ἀκούειν,
3385 693 3507 748 οὔτε
3535 695 3710 762 λαλεῖν,
3735 699 3801 752 τίν

604 789 818 843 minum
862 783 1062 840 studiis
1107 787 1377 852 aguntur,
1429 777 1614 833 omnia
1656 774 1883 846 iudicat.
1933 773 2090 840 Quod
2137 772 2184 827 si

2285 783 2583 855 ὀφθαλμὸν,
2623 786 2657 856 ἢ
2697 784 2760 838 τὸ
2797 782 2910 850 οὖς,
2956 788 2990 857 ἢ
3043 787 3142 857 τὴν
3183 787 3439 856 γλῶσσαν
3463 787 3530 842 τὰ
3551 789 3647 843 τῶν
3670 790 3805 845 ἄλλων

603 885 868 950 praestare
910 873 1308 936 studuerimus,
1353 884 1566 940 nosque
1606 867 1767 923 nobis
1799 866 1935 937 ipsis
1959 866 2188 922 deﬁnie-

2289 871 2594 942 ἀφήσομεν,
2649 872 2699 925 εί
2744 872 2842 943 μὲν
2897 866 3008 927 οἷον
3058 874 3116 927 τέ
3159 877 3306 939 ἐστι,
3357 876 3651 942 παντελῶς·
3691 883 3732 934 εί
3765 881 3807 935 δὲ

603 971 802 1036 rimus,
837 968 925 1024 his
955 982 1078 1038 quae
1119 973 1248 1021 sunt
1281 971 1434 1019 extra
1463 977 1574 1017 non
1616 959 1941 1024 iusilientes,
1971 975 2074 1014 nec
2101 959 2186 1014 vi-

2294 964 2457 1034 μήτε,
2498 964 2805 1035 συμπαθῶς
2839 965 3063 1036 μᾶλλον,
3115 967 3236 1022 ἀλλ’
3286 969 3347 1022 οὐ
3397 970 3470 1040 μὴ
3540 971 3808 1041 ἐμπαθῶςιι

605 1063 762 1128 dere,
796 1075 900 1117 nec
938 1059 1152 1124 audire,
1190 1071 1292 1112 nec
1323 1054 1498 1126 loqui,
1535 1053 1778 1118 oculum,
1825 1067 2037 1117 aurem,
2085 1051 2192 1106 lin—

2287 1053 2501 1118 τούτοις
2540 1055 2804 1126 ἐνεργεῖν,
2847 1056 2942 1110 καὶ
2977 1058 3057 1120 είς
3107 1058 3306 1128 κέρδος
3336 1060 3594 1131 ἡμέτερον
3613 1063 3807 1132 ὁρᾷντε,

605 1173 792 1230 guam,
831 1171 955 1226 quae
996 1161 1128 1210 sunt
1173 1151 1431 1214 aliorum,
1473 1148 1754 1214 sinamus;
1807 1154 1868 1200 ut
1918 1144 2188 1215 siquidem

2291 1147 2386 1201 καὶ
2401 1147 2646 1212 ἀκούειν,
2689 1148 2786 1200 καὶ
2822 1147 3005 1202 λαλεῖν
3042 1151 3472 1221 ἐπιτρέποντες*
3498 1154 3585 1206 καὶ
3607 1154 3810 1209 τοσοῦτον

607 1249 730 1306 ﬁeri
757 1248 950 1320 possit,
977 1246 1066 1300 his
1100 1243 1324 1315 penitus
1365 1254 1686 1305 arceamus;
1715 1239 1802 1294 sin
1843 1245 2048 1302 autem,
2085 1236 2191 1291 mi-

2295 1237 2479 1307 μόνον,
2516 1237 2642 1291 ὅσον
2677 1237 2756 1308 τῷ
2792 1239 3104 1311 ήνιοχοῦντι
3133 1242 3316 1298 ταῦτα
3349 1243 3479 1314 Θείῳ
3515 1244 3645 1316 λόγῳ
3673 1247 3804 1301 δοκεῖ.

608 1341 848 1397 serantis
892 1338 1076 1411 potius
1132 1335 1332 1391 aﬂ‘ectu
1377 1349 1541 1404 quam
1590 1331 1853 1398 libidine,
1909 1329 1962 1383 in
1991 1338 2192 1384 actum

2293 1328 2460 1384 Οὐδὲν
2483 1328 2596 1400 γὰρ
2615 1329 2819 1384 τούτων
2839 1331 2950 1385 τῶν
2981 1333 3234 1405 ὀργάνων
3255 1335 3396 1407 πρὸς
3422 1337 3676 1407 ἁμαρτίαν
3699 1340 3811 1391 ἐστὶν

607 1430 814 1496 exseri,
845 1443 909 1484 ac
933 1426 1081 1498 quod
1115 1441 1146 1480 e
1175 1423 1380 1479 nostris
1414 1423 1725 1478 rationibus
1748 1421 1820 1476 sit
1843 1418 2050 1485 videre,
2092 1435 2193 1474 au-

2295 1418 2724 1489 εὑολισθότερον,
2761 1420 2835 1492 μὴ
2874 1421 3021 1493 λόγῳ
3059 1424 3625 1496 παιδαγωγουμένων’
3651 1428 3724 1480 καὶ
3741 1429 3810 1481 οὐ·

608 1519 751 1584 dire,
799 1517 953 1588 loqui
1002 1516 1324 1588 iubeamus;
1365 1512 1539 1584 idque
1591 1511 1880 1575 hactenus,
1915 1509 2044 1563 dum
2078 1524 2195 1562 mo-

2294 1510 2384 1564 δέν
2414 1509 2578 1565 πάλιν
2615 1509 2748 1582 πρὸς
2777 1515 3054 1585 σωτηρίαν
3091 1516 3282 1570 αὐτῶν
3335 1518 3680 1589 ἑτοιμότερον,
3709 1520 3809 1574 τάσ·

607 1609 851 1666 deratrix
897 1608 1038 1664 ratio
1088 1605 1428 1678 probaverit.
1474 1603 1642 1674 526
1678 1601 1826 1658 Nihil
1869 1599 2013 1655 enim
2042 1599 2196 1655 hisce

2298 1620 2484 1667 σοντος
2512 1602 2654 1656 αὐτὰ
2683 1601 2775 1656 τοῦ
2813 1603 2996 1673 λόγου,
3044 1607 3140 1662 καὶ
3178 1607 3537 1680 ρυθμίζοντος
3561 1610 3665 1667 ,καὶ
3697 1611 3810 1682 ἐφ’ἃ

606 1701 826 1772 organis
855 1699 923 1754 ad
955 1707 1244 1770 peccatum
1289 1695 1569 1752 lubricum
1603 1695 1796 1766 magis,
1840 1693 1946 1748 nisi
1980 1693 2195 1766 ratione

1450 1712 1569 1752 cum
1603 1695 1796 1766 magis,
1840 1693 1946 1748 nisi
1980 1693 2195 1766 ratione
2296 1693 2379 1747 δεῖ
2405 1693 2501 1746 καὶ
2523 1691 2772 1763 βούλεται
2797 1694 3044 1764 ἄγοντος.

605 1812 800 1854 eorum
829 1795 1294 1866 castigeturusus
1313 1810 1331 1860 ;
1352 1791 1602 1862 nihilque
1633 1805 1827 1846 rursus
1851 1789 1920 1845 ad
1952 1789 2186 1846 salutem
2226 1787 2295 1844 iis
2314 1788 2651 1860 expeditius,
2702 1788 2987 1847 ordinante
3029 1805 3095 1848 ea
3135 1793 3378 1861 ratione,
3400 1810 3465 1852 ac
3487 1804 3808 1867 componente,

604 1901 784 1958 eoque
829 1885 1070 1940 ducente
1129 1898 1245 1953 quo
1313 1896 1494 1952 operae
1539 1881 1776 1951 pretium
1817 1879 1890 1935 sit
1949 1894 2014 1934 ac
2061 1886 2200 1934 nutu
2235 1869 2384 1934 velit.

674 1977 756 2034 Ne
803 1991 934 2048 ergo
961 1991 1063 2047 pro
1097 1975 1242 2031 virili
1288 1980 1476 2030 nostra
1523 1974 1635 2030 Deo
1676 1973 1907 2043 obsequi
1955 1974 2194 2044 negliga—
2227 1991 2268 2046 Β

2227 1991 2268 2046 Β
2364 1973 2458 2046 Μὴ
2490 1973 2677 2028 τοίνυν
2713 1975 3080 2049 ἀμελήσωμεν
3108 1978 3256 2034 κατὰ
3292 1979 3522 2051 δύναμιν
3558 1980 3641 2035 τοῦ
3672 1981 3808 2036 πείθε-

604 2087 750 2137 mtts,
783 2070 881 2142 qui
911 2068 984 2123 ad
1019 2079 1283 2124 aeternam
1318 2083 1419 2124 nos
1447 2067 1615 2122 vitam
1659 2081 1723 2122 ac
1752 2066 1976 2122 beatum
2004 2065 2191 2134 tinem,

2302 2065 2426 2120 σθαι
2461 2066 2540 2137 τῷ
2583 2066 2724 2139 Θεῷ,
2764 2068 3018 2124 καλοῦντι
3054 2071 3208 2142 ἡμᾶς
3245 2073 3326 2136 είς
3357 2072 3502 2146 ζωὴν
3529 2071 3715 2126 αἰώνιον
3740 2075 3808 2127 καὶ

605 2162 924 2219 divinorum
951 2176 1032 2216 ac
1062 2161 1386 2216 salutarium
1421 2159 1802 2214 mandatorum
1834 2174 2063 2214 suorum
2101 2174 2196 2215 ex-

2303 2159 2576 2230 μακάριον
2622 2158 2793 2224 τέλος,
2822 2161 2909 2216 διὰ
2939 2163 3037 2234 τῆς
3077 2164 3349 2234 ἐργασίας
3387 2165 3496 2219 τῶν
3519 2164 3666 2220 αὑτοῦ
3689 2165 3807 2219 θείων

606 2254 891 2312 secutioue
926 2261 1110 2319 vocet,
1147 2267 1259 2323 quo
1293 2252 1559 2307 nimirum
1589 2251 2028 2307 misericordiam
2055 2251 2197 2307 acci-

2300 2265 2360 2302 τε
2392 2249 2486 2303 καὶ
2522 2249 2806 2321 σωτηρίων
2834 2251 3097 2307 ἐντολῶνο
3145 2252 3236 2306 ἵνα
3277 2253 3533 2324 λάϐωμεν
3574 2253 3716 2316 ἔλεος,
3739 2253 3806 2305 καὶ

608 2346 846 2418 piamus,
878 2359 944 2400 ac
973 2343 1205 2416 gratiam
1257 2343 1602 2399 inveniamus
1645 2342 1702 2397 in
1743 2343 1950 2398 auxilio
1989 2359 2192 2414 oppor-

2299 2339 2462 2411 χάριν
2491 2339 2746 2412 εὕρωμεν
2783 2344 2858 2407 είς
2900 2342 3158 2415 εὔκαιρον
3200 2345 3478 2418 βοήθειαν·
3521 2345 3577 2400 Ἠ
3612 2343 3703 2414 γὰρ
3727 2342 3805 2412 χά-

608 2447 763 2492 ῐιιηο.
805 2435 992 2492 Gratia
1038 2434 1210 2501 enim,
1246 2434 1423 2504 inquit
1465 2432 1686 2488 divinus
1716 2432 2034 2503 Apostolus,
2076 2449 2196 2488 cum

2292 2448 2410 2500 ρις,
2446 2433 2613 2504 φησιν
2651 2435 2680 2487 ὁ
2727 2432 2865 2497 Θεῖος
2898 2437 3258 2504 ’Λπόστολος,
3282 2438 3437 2508 μετὰ
3481 2436 3698 2490 πάντων
3718 2432 3805 2487 τῶν

606 2528 847 2584 omnibus
883 2529 974 2599 qui
1007 2527 1236 2599 diligunt
1259 2526 1547 2582 Dominum
1574 2535 1812 2582 nostrum
1844 2526 2025 2582 Jesum
2048 2525 2198 2583 Chri-

2298 2522 2664 2590 ἀγαπώντων
2712 2526 2818 2580 τὸν
2862 2529 3078 2598 Κύριον
3123 2527 3302 2600 ἡμῶν
3347 2528 3575 2597 Ἰησοῦν
3606 2522 3806 2595 Χριστὸν

606 2633 748 2679 stum
780 2623 837 2676 in
867 2622 1260 2692 incorruptione
1293 2631 1350 2687 P;
1381 2620 1486 2676 hoc
1525 2629 1630 2686 est,
1675 2619 1767 2690 qui
1809 2631 1934 2674 enm
1975 2617 2199 2676 virtutis

2298 2615 2370 2669 ἐν
2405 2615 2740 2686 ἀφθαρσίᾳο
2766 2621 3030 2689 τουτέστι,
3072 2622 3183 2677 τῶν
3221 2621 3363 2695 μετὰ
3390 2622 3486 2692 τῆς
3511 2621 3620 2673 κατ’
3650 2616 3802 2688 ἀρετὴν

607 2713 1044 2784 incorruptione,
1089 2711 1326 2781 vitaeque
1371 2727 1542 2780 purae,
1588 2726 1690 2766 nec
1723 2709 1990 2765 simulata:
2029 2709 2192 2780 quid-

2300 2707 2633 2778 ἀφθαρσίας.
2661 2709 2756 2763 καὶ
2785 2710 2884 2781 τῆς
2929 2713 3068 2768 κατὰ
3110 2713 3207 2768 τὸν
3259 2713 3376 2785 βίον
3411 2711 3639 2782 καθαρᾶς
3663 2725 3710 2760 τε
3738 2707 3803 2758 καὶ

606 2822 774 2879 quam
819 2805 1024 2877 speciei
1074 2804 1350 2868 habentis,
1387 2804 1696 2870 honestate,
1729 2802 2022 2857 Dominum
2070 2801 2194 2857 dili-

2298 2799 2664 2872 ἀνυποκρίτου
2695 2803 3021 2876 σεμνότητος
3055 2804 3400 2875 ἀγαπώντων
3425 2803 3512 2857 τὸν
3543 2801 3732 2871 Κύριον.
3761 2797 3802 2846 ἐν

607 2908 766 2968 gunt,
798 2894 1054 2952 faciendo
1080 2895 1203 2967 eius
1247 2894 1579 2959 voluntates,
1614 2893 1874 2965 nihilque
1919 2907 1950 2948 e
1996 2891 2196 2948 divinis

2299 2889 2378 2962 τῷ
2419 2895 2596 2946 ποιεῖν
2639 2893 2801 2948 αὐτοῦ
2838 2895 2908 2950 τὰ
2948 2895 3238 2969 θελήματα
3262 2912 3276 2928 ο
3305 2897 3402 2951 καὶ
3451 2896 3524 2967 μὴ
3562 2888 3802 2962 παραφθει-

609 2989 762 3046 illius
793 2987 1068 3043 mandatis
1096 2996 1482 3056 corrumpunt.

2301 2981 2506 3054 ρὸντων
2537 3001 2590 3038 τι
2627 2986 2733 3040 τῶν
2764 2985 2922 3042 Θείων
2941 2989 3105 3044 αὑτοῦ
3132 2990 3582 3063 προσταγμάτων.

679 3080 920 3152 Dionysii
960 3077 1294 3149 Areopagitae
1334 3077 1530 3148 elogia.
1567 3076 1768 3143 Viduw,
1801 3077 2016 3148 ejusque
2061 3076 2194 3129 duo-

2371 3075 2558 3130 Ταῦτα
2588 3077 2687 3149 μὲν
2717 3077 2830 3147 ἐγὼ
2861 3080 2990 3152 περὶ
3014 3081 3226 3136 τούτων
3255 3082 3345 3138 διὰ
3368 3081 3458 3136 τὸν
3493 3079 3582 3148 τῆς
3610 3069 3803 3137 ὕπακοῆς

609 3191 729 3229 rum
752 3175 1078 3228 minutorum
1098 3169 1380 3241 multiplex
1424 3169 1706 3242 allegoria.
1729 3201 1799 3210 —
1819 3170 1945 3226 llaec
1971 3168 2192 3240 quidem

2305 3168 2518 3238 μισθὸν,
2548 3169 2692 3224 κατὰ
2718 3171 2965 3244 δύναμιν,
2996 3174 3074 3238 ὡς
3112 3174 3421 3248 ἐδιδάχθην,
3449 3172 3698 3241 ἐξεοέμην,
3721 3162 3802 3216 τῶν

609 3281 714 3340 ego
759 3266 866 3322 hoc
902 3270 1228 3336 argumento
1271 3271 1489 3332 sperata
1538 3261 1868 3318 obedientiae
1943 3261 2195 3318 mercede

2307 3267 2726 3339 μυστικωτέρων
2768 3285 2829 3322 τε
2865 3270 2962 3323 καὶ
2997 3269 3354 3344 ὑψηλοτέρων
3385 3268 3608 3340 ἅψασθαι
3635 3264 3696 3334 μὴ
3715 3257 3802 3312 τολ-

612 3358 895 3424 inductus,
928 3371 1032 3427 pro
1057 3353 1204 3410 virili
1228 3368 1370 3418 mea,
1405 3353 1480 3409 ita
1512 3363 1574 3409 ut
1605 3353 1802 3409 doctus
1838 3368 2011 3418 eram,
2037 3367 2204 3424 expo-

2228 3356 2272 3416 (Ξ
2309 3359 2522 3432 plicat,”
2557 3361 2704 3431 ἅπερ
2733 3365 2777 3417 εί
2823 3364 2982 3418 ποθεῖ
3018 3382 3103 3429 τις
3133 3366 3344 3435 γνῶναι
3386 3364 3490 3418 τῶν
3531 3355 3799 3430 φιλομαθῶν.

612 3451 722 3517 sui,
746 3465 858 3506 non
880 3466 1048 3506 ausus
1085 3449 1144 3506 in
1169 3465 1235 3506 ea
1264 3465 1488 3505 omnum
1533 3448 1773 3512 mittere,
1817 3461 1940 3517 quae
1979 3445 2200 3500 abstru-

2299 3453 2415 3515 τοίς
2455 3454 2585 3524 περὶ
2612 3453 2812 3512 τούτων
2858 3457 2936 3528 τῷ
2986 3458 3128 3530 ἁγίῳ
3174 3458 3438 3528 Διονυσίῳ
3478 3455 3549 3525 τῷ
3598 3453 3803 3519 ’Δρεοπσ-

612 3541 758 3599 siora
793 3550 924 3597 sunt
963 3557 1030 3598 ac
1054 3542 1398 3598 sublimiora.
1431 3540 1556 3596 Haec
1585 3540 1630 3594 si
1680 3539 1807 3609 quis
1845 3537 2034 3594 studio
2071 3537 2198 3592 dili-

2301 3543 2427 3614 γίτη
2461 3541 2662 3608 ἐνθέως
2699 3546 3009 3618 πονηθεῖσιν
3055 3547 3299 3620 ἐντύχοι,
3341 3547 3433 3600 καὶ
3478 3542 3676 3613 εὑρήσει
3713 3531 3801 3587 κατ’

613 3635 831 3707 gentior
871 3649 1035 3692 nosse
1076 3635 1245 3700 velit,
1291 3635 1436 3706 legat
1476 3649 1598 3703 quae
1641 3640 1867 3688 sanctus
1909 3631 2200 3704 Dionysius

2299 3634 2558 3706 ἀλήθειαν
2592 3638 2907 3709 μυστηρίων
2944 3640 3201 3712 ἀρρήτων
3251 3635 3596 3704 ἀποκάλυψιν,
3625 3628 3699 3684 διὰ
3718 3623 3803 3693 τῆξ

614 3726 939 3799 Areopagita
968 3727 1057 3783 his
1080 3727 1149 3784 de
1172 3727 1342 3784 rebus
1365 3726 1550 3782 divine
1574 3725 1900 3790 elaboravit,
1929 3739 1994 3779 ac
2019 3724 2200 3794 reipsa

2301 3724 2456 3788 Θείας
2484 3724 2652 3778 αὐτοῦ
2697 3727 2793 3780 καὶ
2829 3727 3068 3793 διανοίας
3100 3731 3197 3782 καὶ⁵
3235 3728 3480 3800 γλώττης
3521 3716 3804 3793 χειρωθεῖσαν

614 3819 886 3890 patefacta
927 3833 1127 3874 arcana
1185 3818 1449 3890 mysteria
1491 3817 1756 3882 oll‘endet,
1804 3823 2100 3888 praestante
2144 3815 2198 3870 id

2299 3816 2378 3887 τῷ
2399 3815 2509 3869 τῶν
2543 3816 2846 3888 ἀνθρώπων
2865 3821 3035 3890 γένει,
3072 3821 3162 3875 διὰ
3180 3823 3314 3885 τοὺς
3349 3817 3617 3890 μέλλοντας
3650 3807 3803 3874 κληρο·

615 3911 752 3966 tanti
780 3910 1033 3965 muneris
1060 3910 1305 3966 humano
1343 3910 1554 3981 generi,
1584 3908 1775 3964 divino
1818 3909 2020 3964 mentis
2056 3909 2197 3980 eius,

2300 3909 2488 3978 νομεῖν
2527 3909 2824 3980 σωτηρίαν.
2851 3911 2962 3965 Καὶ
2992 3912 3040 3964 εί
3066 3912 3166 3982 μὲν
3211 3911 3352 3966 πολὺ
3376 3908 3472 3978 τῆς
3501 3902 3637 3974 ὑμῶν
3661 3893 3803 3982 istos-

614 4015 681 4056 ac
706 4001 906 4072 lingua:
930 4000 1320 4066 instrumento,
1349 3978 1563 4072 propter
1590 4015 1697 4064 eos,
1721 4001 1813 4070 qui
1839 3978 2200 4072 hagrcditalem

2304 4004 2434 4074 μίας
2459 4005 2558 4058 οὒκ
2591 3978 2984 4068 ἀποπέπτωκε,
3019 3978 3096 4075 τῷ
3118 4001 3348 4076 Χριστῷ
3375 4001 3527 4072 χάρις
3548 3992 3615 4064 τῷ
3636 3978 3804 4076 χορητῷ

614 4092 823 4163 capient
851 4089 1042 4145 salutis
1079 4102 1129 4147 (ι.
1154 4092 1235 4148 Ac
1276 4092 1552 4162 siquidem
1596 4091 1744 4146 haud
1773 4091 1968 4162 procul
1995 4106 2027 4146 a
2059 4092 2201 4148 desi-

2299 4095 2410 4150 τῶν
2451 4096 2651 4164 καλῶν,
2684 4097 2781 4151 καὶ
2821 4097 2950 4167 ὑμῖν
2979 4074 3091 4162 τοῖς
3118 4074 3380 4168 λεχθῆναι
3407 4091 3567 4146 ταῦτα
3597 4074 3804 4154 βιασαμέ⁶

615 4183 773 4240 derio
798 4193 982 4240 vestro
1009 4183 1157 4240 dicta
1173 4183 1559 4250 desciverunt,
1591 4183 1816 4240 Christo
1862 4184 2066 4256 gratias
2103 4184 2200 4241 bo-

2301 4203 2435 4251 νοις.
2471 4188 2538 4242 Ei
2566 4188 2624 4242 δὲ
2667 4187 2886 4258 μακράν
2928 4203 3031 4241 που
3061 4187 3158 4241 καὶ
3194 4187 3335 4241 πολὺ
3365 4184 3463 4255 τῆς
3494 4177 3680 4237 ἐλπίδος
3705 4171 3804 4223 ἀπο·

615 4290 814 4331 norum
848 4275 1116 4346 largitori,
1145 4275 1435 4348 vobisque,
1461 4275 1557 4346 qui
1605 4283 1665 4331 ut
1693 4275 1954 4344 dicerem,
1979 4277 2090 4331 vim
2124 4277 2203 4333 fe-

2300 4279 2578 4334 λείπεται’
2639 4282 2694 4334 τί
2748 4280 2928 4346 πάθω,
2981 4281 3016 4352 ἢ
3065 4280 3118 4334 τί
3181 4279 3390 4352 δράσω,
3427 4273 3546 4347 περὶ
3591 4269 3641 4322 τδ
3669 4263 3804 4352 λέγῗῗν

617 4365 791 4424 cistis.
821 4363 919 4421 Sin
937 4375 1122 4422 autem
1147 4365 1307 4438 longe
1325 4346 1674 4438 multumque
1699 4367 1769 4423 ab
1791 4383 1888 4438 spe
1911 4366 2197 4435 deficiunt,

2300 4370 2646 4442 ἁσθενήσας;
2680 4346 3036 4441 Συγγνωστδν
3067 4372 3196 4444 γὰρ,
3214 4346 3290 4426 -ού
3319 4346 3668 4441 τιμωρήτδνυή
3691 4346 3806 4444 ac“:

616 4457 896 4530 quomodo
922 4457 1129 4514 alliciar
1153 4437 1354 4529 quidve
1383 4473 1559 4530 agam,
1585 4437 1691 4530 qui
1736 4437 2039 4516 humanum
2066 4461 2199 4531 quid

2300 4477 2449 4517 νεια’
2491 4437 2591 4515 καὶ
2633 4437 2935 4516 άποδεκτὸν
2996 4437 3218 4534 μᾶλλον,
3265 4437 3387 4517 ἀλλ’.
3413 4437 3474 4512 οὗ
3515 4445 3728 4526 μεμπτὸν
3763 4437 3804 4534 ib

615 4550 852 4606 dicendo
887 4564 1102 4622 passus,
1147 4549 1591 4621 imbecilliorque
1635 4550 1981 4608 exstiterim?
2022 4530 2200 4608 nabe-

2302 4550 2583 4624 ἐγχωροῦν
2625 4553 2723 4606 καὶ
2759 4530 3140 4624 ἐνδεχόμενον
3185 4553 3282 4608 καὶ
3333 4545 3539 4622 μάλισθ’
3569 4541 3696 4611 ὑμῖν,
3724 4530 3805 4624 τοῖς

615 4641 819 4698 cillitas
864 4641 1014 4698 enim
1065 4655 1179 4697 non
1221 4655 1464 4714 poenam,
1509 4642 1605 4697 sed
1653 4642 1869 4698 veniam
1903 4652 2195 4714 provocat;

2301 4617 2525 4713 ἀγαπᾷν
2544 4640 2634 4695 διὰ
2665 4641 2757 4696 τὸν
2782 4617 2918 4695 θεῶ
2942 4617 3461 4712 προθεμένοις-Καὶ
3494 4629 3602 4701 Θεῷ
3625 4627 3674 4680 δὲ
3695 4617 3807 4714 φίλον

618 4735 898 4807 magisque
921 4733 1200 4800 laudetur,
1222 4705 1391 4805 quam
1427 4705 1655 4806 dignum
1679 4705 1957 4806 vituperio
1998 4705 2200 4792 habea;

2231 4727 2274 4782 Ῑ)
2302 4705 2364 4788 τό
2401 4705 2545 4787 κατὰ
2589 4731 2820 4802 δύναμιν
2851 4705 2998 4786 ἅπαν
3024 4705 3265 4803 γνησίως
3293 4733 3357 4784 ἐκ
3383 4724 3554 4799 ψυχῆς
3588 4705 3805 4787 προσαγό-

616 4835 726 4893 tur,
759 4826 907 4899 quod
948 4835 1035 4882 est
1061 4841 1166 4897 pro
1193 4825 1473 4893 facultate,
1501 4842 1570 4882 ac
1599 4837 1861 4898 praestare
1890 4835 2072 4899 potest
2102 4827 2196 4898 qui

2309 4841 2490 4896 μενον,
2517 4823 2623 4877 κᾶν
2651 4823 2850 4894 μικρὸν
2881 4824 3170 4895 συγκρίσει
3197 4821 3450 4894 μεγάλων
3489 4812 3712 4877 ὑπάρχον
3733 4811 3807 4865 φα·

614 4934 728 4974 rem
759 4917 1025 4989 suscipit;
1055 4933 1179 4975 cum
1207 4917 1404 4989 primis
1425 4926 1610 4973 autem
1629 4918 1808 4986 vobis,
1837 4919 2041 4989 quibus
2064 4932 2199 4974 conc

2311 4918 2541 4986 νησεται
2561 4931 2577 4946 °
2603 4915 2663 4980 ὃς
2694 4916 2815 4969 οὐδὲ
2847 4915 2946 4987 τὴν
2979 4917 3180 4987 χήραν,
3213 4916 3281 4970 τὰ
3308 4914 3400 4968 δύο
3424 4905 3582 4963 λεπτά
3622 4904 3805 4989 προσκοξ

613 5012 870 5067 stitutum
899 4973 972 5067 sit
1002 4973 1065 5066 ut
1092 4973 1319 5081 propter
1351 5011 1524 5065 Deum
1553 4973 1813 5081 diligatis:
1841 4973 1977 5066 fiam
1999 5021 2059 5065 et
2083 5009 2199 5065 Deo

2311 4973 2568 5077 μί’σασαν,
2603 4973 2930 5060 atramento:
3126 4973 3259 5060 ποτέ
3289 5001 3356 5076 ἦν
3377 5004 3409 5074 ἡ
3434 4999 3567 5071 χήρα
3586 4989 3720 5054 αὕτη,
3741 4973 3809 5081 ﬂ}

1307 5109 1412 5168 est,
1438 5064 1707 5172 quidquin
1747 5064 1965 5158 sincere
1996 5116 2097 5172 pro
2120 5064 2200 5156 la-

2304 5064 2375 5152 ita:
2409 5099 2506 5153 δύο
2541 5064 2738 5154 λεπτά.
2778 5099 2906 5152 Εἴτε
2945 5064 3095 5171 ιβυχῖὴ
3155 5064 3354 5160 κακίας
3396 5064 3710 5174 ’έῆβεύουσσξ
3740 5064 3805 5121 καὶ

615 5195 818 5250 eultate
841 5209 911 5249 ex
931 5195 1116 5250 animo
1156 5195 1410 5259 oll‘ertur,
1444 5193 1663 5250 tametsi
1696 5193 1883 5249 habita
1928 5195 2196 5265 maiorum

2305 5194 2499 5264 ὥσπερ
2549 5195 2718 5266 ἄνδρα
2759 5194 2852 5248 τὸν
2896 5168 3126 5250 παλαιδν
3154 5195 3254 5264 μὲν
3283 5182 3638 5253 ἀποσαλομένη
3664 5168 3805 5234 νόμονν

616 5285 829 5340 ratione
867 5285 1008 5340 exile
1049 5286 1184 5342 illud
1234 5287 1534 5343 videbitur.
1582 5288 1630 5343 ls
1683 5297 1920 5358 namque
1952 5287 2196 5350 viduam,

2307 5287 2465 5342 οὔπω
2501 5289 2560 5341 δὲ
2592 5289 2692 5358 τῆς
2728 5287 2866 5358 πρὸς
2919 5287 3010 5341 τὸν
3033 5288 3209 5355 Λόγον
3250 5284 3340 5338 καὶ
3367 5278 3490 5333 Θεὸν
3523 5269 3804 5358 ἄκρᾳςρξυξῖ

617 5391 739 5448 qua
767 5377 878 5432 duo
907 5377 1116 5432 minuta
1148 5379 1444 5446 obtulerat,
1471 5381 1699 5437 minime
1735 5347 1940 5452 rep-ulit
1974 5390 2020 5446 ι’,
2053 5395 2201 5450 quae-

2307 5380 2504 5449 αφείας
2539 5378 2665 5446 ἀξία
2685 5393 2698 5406 ’
2738 5378 3092 5449 προσάγοντα
3134 5377 3192 5431 δὲ
3215 5375 3358 5446 ὅμως
3383 5361 3522 5433 αὐτῷ
3549 5347 3805 5427 “iam”;

589 5579 596 5600 ’
689 5524 719 5567 ι)
753 5515 952 5588 Ephes.
983 5515 1172 5584 ",24.
1246 5529 1274 5570 (ι
1315 5519 1479 5576 Hebr.
1508 5539 1546 5587 ι,
1601 5523 1688 5579 li.
1772 5534 1792 5560 τ
1837 5524 1982 5578 Marc
2011 5539 2104 5588 xu,
2134 5522 2340 5592 iscqq.
2369 5539 2383 5588 ;
2415 5522 2548 5576 Luc.
2584 5537 2694 5584 xxi,
2732 5521 2782 5573 1.

1933 5635 2171 5691 νεκιιιίΕ
2213 5633 2617 5691 LEC'I'IONES.
2814 5621 2817 5624 ’

686 5727 734 5761 ⁸⁸
786 5728 1126 5802 ἅσυμπαϐὦς
1189 5728 1250 5784 C.
1289 5729 1351 5783 Α.
