4036 6278
202 357 316 421 71⁸1

1589 354 2088 416 MYS’I‘AGOGIA.

3357 365 3485 430 718'

193 475 355 546 λόγῳ
380 475 575 545 ὥσπερ
620 471 813 537 λεπτὰ,
846 470 939 524 τὸν
975 469 1115 531 τέως
1154 469 1464 540 σύμμετρον
1493 468 1653 538 λόγον
1693 471 1791 523 καὶ

1894 488 2109 541 cunque
2159 481 2367 527 tantum
2414 472 2576 527 vidua
2607 437 2759 538 .luec,
2808 474 3037 545 ejusque
3096 476 3207 531 duo
3253 477 3462 535 minuta

199 564 361 635 βίονο
386 564 422 634 ἧ
458 562 637 615 πίστιν
683 560 781 614 καὶ
823 558 1033 630 ἀγαθὴν
1072 557 1406 627 συνείδησιν·
1447 558 1480 629 ἢ
1521 558 1617 629 τὴν
1657 562 1783 629 περὶ

192 658 319 709 τῶν
379 654 621 708 καλῶν⁶⁷
678 654 793 719 ἕξιν
837 652 933 706 καὶ
983 651 1297 723 ἐνέργειαν·
1352 652 1385 722 ἢ
1435 652 1533 723 τὴν
1576 653 1784 716 τούτοις

195 748 529 818 πρόσφορον
558 745 795 816 θεωρίαν
838 744 933 797 καὶ
976 743 1213 814 πρᾶξιν⁶
1272 744 1306 813 ἢ
1365 744 1469 815 τὴν
1518 745 1785 813 ἀνάλογον

191 840 417 906 γνῶσιν
457 840 555 891 καὶ
590 838 824 907 ἀρετήν·
875 835 908 906 ἦ
950 836 1080 897 τοῦς
1129 836 1327 906 μικρὸν
1394 835 1536 905 ὑπὲρ
1589 835 1783 898 ταῦτα,

196 930 357 1000 φημὶ
401 929 461 983 δὲ
505 931 633 992 τοὺς
668 930 726 981 ὲν
766 928 843 998 τῷ
878 926 1100 996 φυσικῷ
1145 925 1347 996 καὶτῷ
1378 928 1611 998 γραπτῷ
1639 928 1787 999 νόμῳ

194 1023 428 1089 λόγους,
459 1021 552 1084 οὓς
592 1023 625 1092 ἡ
665 1020 810 1090 ψυχὴ
838 1018 1173 1089 κεκτημένη,
1204 1017 1325 1071 κατ’
1371 1017 1629 1073 ἔκστασιν
1661 1019 1785 1072 τού-

194 1132 319 1165 των
360 1115 459 1168 καὶ
486 1114 678 1182 άφεσιν
715 1114 791 1177 ὡς
817 1114 940 1167 ὅλου
984 1112 1102 1182 βίου
1145 1112 1236 1165 καὶ
1273 1111 1443 1181 ζωῆς,
1489 1111 1635 1182 μόνῳ
1666 1130 1788 1167 συν-

195 1208 452 1277 αφθῆναι
473 1208 551 1276 τῷ
570 1207 728 1276 Λόγῳ
755 1206 851 1259 καὶ
869 1204 989 1275 Θεῷ
1012 1206 1334 1277 βουλομένη,
1370 1204 1636 1275 προσάγει
1651 1220 1665 1235 ·
1695 1206 1789 1259 καὶ

195 1298 322 1351 τῶν
358 1299 504 1352 κατὰ
551 1296 708 1367 φύσιν
756 1297 853 1350 καὶ
887 1296 1052 1367 νόμον
1101 1295 1294 1366 βιαίων
1346 1293 1561 1364 τρόπων
1587 1311 1647 1347 τε
1694 1298 1788 1349 καὶ

196 1388 436 1458 Θεσμῶν
466 1389 562 1442 καὶ
589 1386 747 1450 ἐθῶν,
775 1386 966 1458 ὥσπερ
1000 1384 1209 1457 ἀνδρῶν
1243 1383 1497 1456 χηρεύειν
1539 1384 1781 1455 δέχεται·

197 1480 327 1532 εἴτε
366 1498 424 1533 τι
470 1480 598 1534 ἄλλο
641 1479 848 1534 τούτων
887 1477 1426 1548 πνευματικώτερον,
1467 1478 1560 1531 καὶ
1605 1478 1787 1549 μόνοις

197 1573 493 1644 θεωρητδν
542 1575 654 1636 τοῖς
706 1572 962 1644 καθαροῖς
995 1572 1094 1643 τὴν
1128 1571 1387 1633 διάνοιαν,
1415 1568 1500 1624 διὰ
1540 1570 1635 1624 τοῦ
1665 1571 1786 1625 καθ’
1820 1646 1821 1649 η

202 1664 465 1736 ἱστορίαν
499 1664 883 1736 πληρωθέντος
918 1664 1245 1736 γράμματος
1294 1664 1322 1715 ὁ
1360 1661 1513 1729 λόγος
1545 1662 1785 1716 αἰνίττε-

198 1772 324 1810 ται.
359 1755 549 1810 Πάντα
588 1755 700 1827 γάρ
734 1755 815 1823 τῷ
858 1756 1002 1810 κατὰ
1038 1754 1318 1822 θεολογίαν
1346 1753 1624 1825 ἐποπτικῷ
1654 1770 1786 1823 συγ-

199 1847 521 1917 κρινόμενα
579 1821 743 1917 λόγῳ,
789 1821 862 1901 τὰ
898 1847 957 1900 ὲν
1007 1845 1317 1917 ἀνθρώποις
1354 1821 1610 1899 δοκοῦντα
1664 1821 1789 1899 κατ’
1818 1821 1864 1883 Β

201 1940 425 2009 ἀρετὴν
454 1935 596 1993 εἶναι
628 1938 865 2009 μεγάλα,
894 1938 1070 2009 μικρά
1110 1936 1389 2007 τυγχάνει.
1432 1936 1582 2006 Πλήν
1609 1952 1676 2005 γε
1704 1937 1788 1991 ὅτι

204 2030 320 2084 κᾶν
368 2031 567 2101 μικρὰ,
607 2031 702 2085 καὶ
744 2032 802 2098 ἐξ
832 2030 985 2102 ιῦλης
1030 2028 1283 2091 εὐτελοῦς
1316 2028 1406 2083 καὶ
1436 2028 1498 2082 οὐ
1540 2028 1675 2084 πολὺ
1704 2046 1789 2083 τι-

206 2124 383 2193 μὶας’
438 2123 554 2177 ἀλλ’
596 2119 691 2177 οὖν
730 2126 843 2187 τοῖς
889 2125 954 2176 ὲκ
1001 2120 1205 2194 χρυσοῦ
1260 2118 1553 2191 νομίσμασι
1599 2120 1701 2191 τῆς
1730 2122 1789 2175 ὲν

206 2215 374 2279 ὕλαις
412 2214 766 2287 τιμιωτέρας,
810 2213 847 2269 ἃ.
892 2213 1299 2285 προσφέρουσιν
1326 2210 1370 2263 οἱ
1400 2209 1792 2284 εὐπορώτεροι,

206 2310 359 2362 κατὰ
390 2308 454 2360 τὸ
482 2309 593 2361 ίσον
619 2308 709 2362 τὸν
744 2306 1019 2379 βασιλικὸν
1042 2304 1359 2378 χαρακτῆρα
1382 2302 1636 2373 φέροντα,
1653 2304 1796 2357 κατὰ

1888 562 2130 629 fuerint;
2159 562 2274 617 sive
2316 563 2496 616 anima
2526 563 2665 617 vitio
2692 562 2857 617 vidua
2902 578 2965 618 ac
2992 580 3113 634 qua:
3156 566 3261 620 viri
3293 567 3467 621 instar

1889 656 2061 711 veteri
2095 656 2295 709 amissa
2325 656 2465 726 lege,
2495 656 2741 710 nondum
2766 671 2979 711 summa
3013 658 3102 711 illa
3138 674 3201 712 ac
3225 660 3464 727 perfecta

1888 764 2009 803 rum
2042 746 2222 803 Verbo
2262 761 2325 802 ac
2365 748 2478 802 Deo
2511 747 2900 817 conjunctione
2947 747 3110 818 digna
3152 756 3333 815 esset;
3375 750 3464 802 cui

1890 850 2073 895 tamen
2114 839 2441 893 arrhabonis
2489 840 2612 894 loco
2666 840 2819 895 velut
2859 839 2969 894 duo
3013 839 3174 910 527
3223 840 3468 904 minuta,

1887 938 2352 1000 contemperatam
2395 930 2666 984 rationem
2708 946 2772 985 ac
2822 930 2990 984 vitam
3038 929 3299 1009 oﬂerret;
3351 931 3468 986 sive

1888 1020 2050 1075 (idem
2072 1036 2137 1075 ac
2180 1022 2378 1076 bonam
2402 1024 2816 1087 conscientiam,
2851 1023 2967 1077 sive
3007 1022 3153 1077 circa
3174 1023 3467 1077 honestum

1887 1120 2197 1168 versantem
2224 1113 2473 1169 habitum
2523 1123 2581 1170 et
2628 1126 2833 1180 actum,
2877 1116 2993 1169 sive
3037 1114 3125 1169 his
3166 1130 3467 1186 congruam

1887 1205 2401 1275 contemplationem
2432 1216 2491 1262 et
2517 1208 2820 1272 actionem,
2850 1206 2965 1261 sive
3018 1222 3139 1277 qua:
3169 1206 3278 1262 illis
3317 1215 3467 1263 certa

1887 1297 2122 1366 quadam
2147 1297 2359 1353 ratione
2393 1298 2749 1368 respondent,
2776 1299 3063 1353 scientiam
3107 1306 3274 1367 atque
3297 1297 3469 1353 virtu-

1889 1397 2037 1455 tem;
2073 1388 2187 1443 sive
2231 1403 2353 1458 quaa
2386 1389 2549 1459 paulo
2580 1389 2686 1443 hoc
2724 1397 3008 1459 superant,
3036 1390 3092 1442 in
3133 1389 3371 1443 naturali
3405 1404 3471 1444 ac

1884 1478 2093 1548 ‘seripta
2130 1479 2248 1550 lege
2286 1481 2496 1550 positas
2536 1481 2811 1546 rationes,
2857 1497 3013 1552 quas,
3063 1497 3185 1551 quae
3227 1480 3471 1550 possidet

1888 1570 2090 1635 anima,
2133 1570 2200 1627 iis
2236 1573 2571 1638 excedendo,
2598 1574 2859 1643 velutque
2902 1572 3268 1628 substantiam
3297 1579 3467 1625 totam

1888 1679 1951 1717 ac
1992 1662 2199 1718 vietum
2252 1664 2646 1734 relinquendo,
2703 1665 2803 1719 soli
2842 1664 3024 1719 Verbo
3064 1679 3126 1718 ac
3150 1664 3262 1718 Deo
3302 1678 3471 1732 copu-

1888 1754 1991 1808 lari
2034 1755 2304 1819 ambiens,
2342 1756 2539 1821 oﬂ'ert,
2573 1757 2861 1827 libensque
2905 1756 3093 1821 habet,
3124 1755 3271 1825 quod
3310 1761 3473 1808 natu-

1892 1846 2100 1901 ralibus
2133 1862 2197 1902 ac
2233 1846 2499 1917 legalibus
2541 1847 2801 1903 violentis
2846 1846 3047 1911 modis,
3075 1846 3254 1910 scitis,
3298 1844 3470 1900 mori-

1892 1940 2015 2005 bus,
2044 1947 2307 2010 tanquam
2328 1939 2480 2003 viris,
2506 1939 2673 1994 vidua
2686 1947 2817 2003 'est;
2852 1939 2968 1994 sive
2996 1937 3147 1993 aliud
3170 1936 3471 2006 quidquam

1894 2032 1981 2087 his
2024 2033 2348 2103 spiritalius,
2383 2046 2448 2086 ac
2472 2032 2629 2102 cujus
2659 2031 2762 2087 soli
2807 2032 3013 2087 mundo
3053 2032 3223 2087 corde
3266 2028 3471 2085 intelli-

1892 2122 2133 2192 gentiam
2171 2129 2553 2191 assequantur,
2584 2136 2683 2191 per
2716 2122 2959 2176 litteram
2990 2121 3169 2192 reipsa
3208 2119 3473 2174 historice

1895 2213 2199 2283 impletam,
2228 2212 2515 2283 Scriptura
2552 2214 2823 2270 occultius
2864 2214 3085 2269 indicat.
3121 2213 3474 2283 Quaacunque

1894 2304 2043 2359 enim
2069 2304 2331 2371 humana,
2360 2306 2465 2361 etsi
2492 2307 2696 2363 virtute
2718 2322 2912 2379 magna
2941 2307 3253 2373 videantur,
3277 2305 3479 2376 exigua

208 2400 337 2470 [καὶ
375 2397 462 2470 τὸ]
504 2398 667 2452 πλέον
717 2399 849 2463 ἴσως
904 2398 1098 2469 ἔχοντα
1134 2397 1233 2468 τῆς
1270 2393 1650 2466 προσαγούσης
1697 2394 1794 2465 τὴν

1896 2404 2047 2461 sunt,
2091 2397 2137 2451 si
2182 2412 2308 2452 cum
2357 2397 2545 2453 divina
2569 2399 2680 2469 jam
2726 2398 3053 2469 inspectrice
3086 2396 3298 2452 ratione
3342 2408 3474 2449 con-

211 2491 280 2556 ὲξ
306 2490 439 2560 ὅλης
474 2489 766 2555 διαθέσεως
791 2489 1072 2560 πρόθεσιν.

1897 2487 2164 2544 ferantur.
2201 2490 2406 2544 Verum
2454 2490 2584 2545 licet
2615 2488 2833 2562 exigua,
2875 2506 3051 2561 exque
3090 2489 3183 2543 vili
3219 2502 3321 2542 nec
3354 2499 3477 2555 pre-

211 2583 361 2637 tiosa
426 2583 723 2639 admodum
753 2583 1003 2650 materia,
1066 2599 1221 2654 aeque
1261 2590 1440 2637 tamen
1504 2595 1569 2635 ac
1602 2595 1765 2636 aurea
1800 2585 2131 2640 numismata
2193 2584 2325 2657 (qua
2386 2586 2682 2656 pretiosior
2744 2586 2895 2640 nulla
2954 2583 3200 2654 materia)
3250 2597 3312 2637 ac
3357 2596 3478 2650 quae

210 2676 601 2747 opulentiores
628 2676 891 2742 oﬂ'erunt,
915 2692 1040 2732 cum
1066 2675 1403 2747 obsignatam
1426 2671 1630 2743 regiam
1658 2672 1889 2743 ﬁgurant
1921 2676 2146 2742 habent,
2193 2686 2308 2733 tum
2358 2677 2499 2733 forte
2533 2679 2697 2733 etiam
2765 2678 3051 2734 oﬂ‘crentis
3109 2694 3177 2734 ex
3242 2686 3358 2734 toto
3395 2677 3478 2732 af-

212 2768 369 2824 fectu
398 2767 682 2837 proposito
709 2776 990 2839 praestant.

288 2864 516 2934 Ταύτην
544 2862 701 2931 κάγὼ
740 2861 1077 2934 μιμούμενος
1101 2863 1201 2935 τὴν
1237 2862 1431 2934 χήραν,
1454 2860 1574 2932 Θεῷ
1605 2876 1665 2915 τε
1695 2859 1790 2914 καὶ

1966 2862 2187 2917 Maximi
2238 2862 2495 2916 modestia
2554 2861 2779 2916 scribere
2824 2862 3189 2915 detrectantis.
3226 2891 3290 2900 —
3328 2860 3482 2915 Hanc

217 2958 374 3025 ὑμῖν,
403 2952 775 3024 ἠγαπημένοι,
812 2953 883 3007 τὰ
914 2954 1086 3024 μικρά
1122 2952 1295 3006 ταῦτα
1340 2951 1431 3005 καὶ
1454 2951 1666 3022 εὐτελῆ,
1700 2952 1794 3004 καὶ

1897 2969 2117 3025 quoque
2143 2953 2363 3009 viduam
2389 2971 2492 3025 ego
2520 2954 2790 3018 imitatus,
2809 2969 2976 3024 parva
2999 2954 3116 3008 haec
3142 2961 3307 3022 atque
3328 2953 3479 3017 vilia,

216 3048 279 3113 ἐξ
334 3045 592 3110 εὐτελοῦς
648 3046 745 3099 καὶ
794 3045 1019 3116 πτωχῆς
1089 3044 1332 3108 διανοίας
1384 3042 1478 3098 καὶ
1536 3042 1793 3113 γλώσσης

1897 3062 2075 3117 exque
2112 3046 2209 3102 vili
2233 3061 2516 3117 egenaque
2546 3056 2732 3101 mente
2761 3061 2827 3099 ac
2855 3044 3043 3115 lingua
3074 3044 3317 3113 profecta
3348 3058 3481 3112 pro-

217 3139 673 3211 προενηνεγμένα
702 3139 953 3211 νοήματά
980 3155 1039 3191 τε
1076 3139 1173 3191 καὶ
1233 3139 1449 3209 ῥήματα
1478 3135 1667 3207 ὥσπερ
1697 3135 1790 3188 λε-

1898 3140 2119 3211 lataque
2148 3156 2309 3197 sensa
2338 3156 2403 3196 ac
2425 3148 2615 3202 verba.
2650 3139 2805 3194 velut
2838 3138 3074 3203 minuta,
3109 3136 3177 3191 iis
3222 3135 3290 3190 de
3316 3135 3485 3189 rebus

218 3232 354 3299 πτὰ,
392 3231 524 3302 περὶ
547 3224 624 3286 ὧν
647 3231 995 3297 ἐκελεύσατε,
1034 3228 1791 3302 προσενήνοχαθπαρακαλῶν

1898 3232 1967 3287 de
1995 3204 2199 3302 quibus
2248 3231 2558 3303 jusseratis,
2613 3232 2727 3286 Deo
2771 3246 2836 3286 ac
2878 3229 3055 3293 vobis,
3111 3225 3482 3290 dilectissimi,

215 3322 319 3394 τὴν
361 3321 752 3393 εὐλογημένην
790 3323 944 3393 ὐμῶν
980 3322 1076 3376 καὶ
1122 3321 1283 3391 ἁγίαν
1332 3321 1542 3392 ψυχήν
1578 3321 1794 3391 πρῶτον

220 3414 344 3483 μὲν,
387 3412 617 3484 μηδενὸς
654 3412 736 3466 ἔτι
766 3412 876 3466 τῶν
905 3413 1036 3483 παρ’
1084 3410 1219 3483 ἐμοῦ
1267 3412 1572 3482 λεγομένων
1602 3413 1799 3485 ἔγγρα-

218 3520 320 3570 φον
348 3502 587 3571 ζητῆσαι
620 3502 939 3573 σημείωσιν,
963 3502 1110 3555 δυοῖν
1146 3501 1361 3555 ἓνεκεψ
1399 3502 1516 3566 ἐνὸς
1559 3502 1679 3572 μὲν,
1714 3503 1796 3555 ὅτι

220 3593 457 3664 μηδέπω
501 3593 593 3647 τδν
637 3594 801 3663 φόϐον
840 3595 1162 3666 ἐκτησάμην
1186 3596 1279 3648 τοῦ
1327 3594 1461 3648 Θεοῦ
1500 3594 1592 3647 τὸν
1632 3594 1797 3663 ’ἁγνὸν

220 3687 317 3738 καὶ
346 3685 695 3755 διαμένοντα,
724 3686 833 3740 οὐδ’
861 3687 1062 3758 ἀρετῆς
1085 3685 1199 3751 ἕξιν
1241 3687 1555 3758 στερέμνιον
1600 3686 1694 3740 καὶ
1726 3686 1799 3739 δι-

221 3776 525 3847 καιοσύνης
566 3776 811 3848 ἀληθοῦς
850 3779 1016 3849 πῆξιν
1056 3778 1325 3849 σταθερὰν
1354 3778 1448 3831 καὶ
1470 3776 1795 3845 ἀσάλευτον,

218 3868 287 3923 τὰ
334 3871 726 3942 μαρτυροῦντα
768 3872 1005 3943 μάλιστα
1048 3875 1164 3937 τοῖς
1202 3872 1383 3941 λόγοις
1431 3869 1493 3923 τὸ
1542 3869 1795 3939 βέϐαιον·

219 3964 416 4035 ἑτέρου
457 3964 539 4030 δὲ,
581 3968 665 4021 ὅτι
696 3968 878 4039 πολλῷ
912 3967 1142 4023 κλύδωνι
1170 3969 1360 4024 παθῶν
1391 3966 1473 4021 ἔτι
1501 3967 1660 4038 δίκην
1692 3967 1793 4022 θα-

218 4056 433 4125 λάσσης
465 4059 664 4131 ἀγρίας
706 4062 1181 4133 περιδονούμενος,
1226 4062 1321 4116 καὶ
1363 4062 1498 4115 πολὺ
1534 4061 1627 4115 τοῦ
1656 4060 1799 4115 θείου

218 4150 499 4214 ἀπαθείας
514 4152 736 4223 ἀπέχων
758 4154 999 4225 λιμένος,
1034 4155 1128 4208 καὶ
1152 4153 1344 4225 ἄδηλον
1378 4153 1519 4224 ἔχων
1556 4150 1653 4206 τοῦ
1684 4152 1799 4223 βίου

218 4242 277 4294 τὸ
310 4241 515 4313 πέρας,
546 4245 608 4325 οὐ
644 4244 907 4318 βούλομαι
946 4246 1085 4315 πρὸς
1108 4249 1222 4310 τοῖς
1264 4244 1447 4317 ἔργοις
1474 4244 1571 4299 καὶ
1614 4244 1706 4297 τὸν
1746 4246 1803 4297 ὲν

218 4335 520 4405 γράμμασι
567 4337 726 4406 λόγον
776 4328 923 4409 ἔχειν
979 4340 1308 4411 κατήγορον.
1343 4339 1574 4392 Ἔπειτα
1616 4337 1673 4391 δὲ
1704 4336 1803 4407 τῆς

219 4427 540 4493 εὐπειθείας
567 4431 749 4501 χάριν,
785 4434 834 4485 εί
860 4431 978 4485 δέον
1007 4432 1177 4498 ἐστὶν,
1213 4429 1631 4500 ἀποδεξάμενοι,
1667 4429 1804 4499 Χρι-

1898 3324 2115 3390 obtuli;
2173 3324 2477 3381 obsecrans
2522 3322 2855 3392 enixiusque
2898 3335 3100 3391 rogans
3132 3317 3486 3373 benedictam

1898 3424 2139 3471 vestram
2173 3431 2237 3470 ac
2267 3426 2511 3471 sanctam
2544 3416 2826 3481 animam;
2866 3414 3107 3483 primum
3142 3411 3388 3481 quidem,
3414 3425 3487 3465 ne

1898 3507 2135 3577 amplius
2165 3523 2287 3577 quae
2321 3524 2350 3561 a
2381 3523 2466 3562 me
2495 3506 2754 3561 dicentur
2796 3506 3009 3573 scripto
3037 3518 3124 3557 me
3156 3503 3487 3572 consignare

1899 3599 2180 3669 quaeratis,
2217 3599 2426 3669 duplici
2465 3615 2531 3654 ex
2577 3614 2744 3653 causa
2788 3612 2803 3651 :
2851 3598 3024 3652 altera
3060 3594 3309 3666 quidem,
3337 3591 3488 3662 quod

1899 3692 2139 3747 necdum
2197 3692 2296 3745 Dei
2364 3692 2621 3745 timorem
2675 3700 2888 3745 castum
2949 3704 3013 3743 ac
3070 3694 3487 3758 permanentem

1901 3784 2134 3852 adeptus
2185 3783 2290 3836 sim
2318 3794 2365 3847 ε,
2430 3799 2535 3837 nec
2594 3782 2821 3837 virtutis
2879 3781 3171 3836 robustum
3212 3776 3497 3845 habitum,’

1900 3890 2155 3945 veraeque
2179 3875 2410 3947 justitia:
2434 3876 2674 3929 ﬁrmitati
2700 3891 2753 3928 m
2791 3890 2856 3930 ac
2880 3874 3266 3929 inconcussam
3315 3870 3491 3926 stabi-

1902 3965 2136 4031 litatem,
2193 3980 2317 4035 quae
2364 3964 2602 4019 maxime
2649 3964 2736 4019 bis
2776 3979 2899 4033 qua:
2949 3962 3270 4018 scribuntur
3304 3975 3368 4014 ac
3389 3959 3488 4013 do-

1903 4060 2115 4126 ctrinm,
2149 4058 2534 4115 auctoritatem
2567 4059 2903 4124 conciliant;
2940 4056 3116 4112 altera
3146 4069 3304 4120 vero,
3339 4051 3489 4123 quod

1904 4169 2031 4209 cum
2056 4153 2240 4208 adhuc
2264 4152 2528 4207 vitiorum
2553 4168 2617 4206 ae
2636 4150 3146 4222 perturbationum,
3168 4149 3342 4202 instar
3361 4145 3490 4199 εαξνί

1905 4245 2092 4312 maris,
2130 4223 2331 4301 'multis
2377 4244 2638 4299 ﬂuctibus
2693 4243 2896 4314 agiter,
2946 4255 3011 4295 ac
3043 4253 3208 4310 quam
3236 4236 3490 4308 procula

1907 4336 2100 4391 divino
2144 4335 2569 4406 tranquillitatis
2612 4335 2803 4400 animi,
2857 4348 2921 4387 ac
2978 4326 3494 4402 impcrturbationis

1906 4438 2073 4497 portu
2133 4437 2381 4483 remotus
2427 4428 2553 4490 sint,
2606 4427 2993 4494 incertumque
3027 4424 3155 4478 vitae
3195 4421 3359 4474 ﬁnem
3390 4419 3491 4471 ha-

221 4519 334 4587 στῷ
372 4536 440 4588 με
467 4521 537 4573 δι’
566 4520 742 4591 εὐχῶν
770 4522 1110 4593 παράθεσθε,
1148 4521 1227 4592 τῷ
1267 4520 1490 4592 μεγάλῳ
1522 4518 1618 4573 καὶ
1660 4517 1794 4588 μόνᾳ

1908 4520 2091 4585 beam,
2118 4520 2289 4573 nolim
2314 4527 2374 4571 ut
2404 4518 2469 4572 ad
2500 4534 2689 4587 opera,
2723 4518 2890 4571 etiam
2936 4515 3142 4585 scripto
3171 4512 3494 4580 consignata

216 4610 343 4683 Θεῷ
373 4614 472 4666 καὶ
497 4614 711 4687 Σωτῆρι
738 4614 847 4669 τῶν
868 4614 1157 4686 ἡμετέρων
1174 4613 1363 4684 ψυχῶν
1382 4630 1397 4645 ’
1425 4606 1471 4681 ᾧ
1498 4613 1531 4682 ἡ
1561 4608 1687 4674 δόξα
1708 4609 1794 4663 καΊ

1912 4612 2169 4667 doctrina
2194 4611 2251 4664 in
2281 4611 2486 4665 actoris
2512 4619 2726 4681 partem
2785 4609 3031 4663 accedat.
3072 4605 3283 4660 Deinde
3306 4617 3373 4656 eo
3398 4614 3498 4653 no-

218 4704 279 4756 τὸ
314 4706 544 4775 κράτος,
591 4706 689 4761 σὺν
723 4706 803 4778 τῷ
850 4708 1029 4778 Πατρὶ
1058 4707 1152 4763 καὶ
1188 4706 1268 4777 τῷ
1318 4705 1458 4775 άγίῳ
1497 4701 1794 4773 Πνεύματιι

1913 4702 2063 4757 mine
2113 4701 2436 4771 probantes,
2500 4699 2774 4769 siquidem
2812 4698 2869 4753 id
2918 4711 3136 4766 aequum
3191 4702 3296 4756 est,
3346 4687 3534 4773 quod

221 4797 301 4859 εἰς
340 4797 475 4860 τοὺς
506 4796 732 4862 αίῶνας.
769 4799 966 4870 Ἀμήν.

1913 4792 2445 4862 obtemperaverim,
2494 4791 2718 4846 Christo
2757 4805 2842 4845 me
2895 4788 3160 4860 precibus
3211 4795 3495 4840 commen-

221 4889 379 4958 date,
412 4907 615 4963 magno
645 4908 710 4949 ac
736 4894 842 4949 soli
868 4894 1004 4960 Deo,
1040 4902 1475 4963 nostrarumque
1507 4890 1821 4945 animarum
1854 4886 2151 4953 Salvatori,
2181 4887 2272 4942 cui
2300 4886 2472 4959 gloria
2537 4898 2591 4942 et
2652 4896 2919 4957 potestas,
2945 4898 3071 4940 cum
3114 4884 3277 4937 Patre
3301 4875 3497 4945 ctSpi-

223 4985 336 5039 ritu
365 4994 587 5051 sancto,
616 4984 674 5039 in
697 4985 919 5041 saecula.
949 4984 1147 5040 Amen.
1234 4998 1250 5015 ο

298 5145 321 5172 ⁸
362 5145 510 5199 Psal.
570 5160 720 5207 xvm,
764 5145 852 5199 10.

1518 5233 1757 5289 VARle
1802 5230 2212 5290 LECTIONES.

302 5329 347 5357 °"
406 5327 469 5379 τὸ
529 5328 694 5383 καλὸν
741 5326 801 5382 C.
862 5328 927 5382 A.
980 5336 1037 5382 et
1084 5327 1175 5380 Fr.
