4036 6278
590 346 699 418 719
1740 335 1819 395 .s.
1858 330 2149 396 MAXIMI
2185 328 2702 395 conrassorus
2838 283 2843 289 ’
3744 334 3828 401 m

592 522 3832 571 Μ
3952 534 3953 541 ‘

1850 738 1864 749 ’
1962 736 2225 834 MON
2243 738 2548 833 [TUM

1379 984 1488 1048 AD
1526 980 1801 1047 SANCTI
1838 977 2124 1047 ΜΑΧΙΜΙ
2158 975 2565 1041 SEBMONES
2599 975 2755 1040 PER
2796 975 3085 1042 ELECTA

1471 1144 1816 1212 Exrsacris
1836 1143 2263 1227 profanisque
2305 1140 2664 1205 amtoribus
2714 1139 2993 1207 collecta.

678 1508 979 1577 Produxit
1024 1508 1342 1570 Gesnerus
1390 1498 1675 1565 medicus
1705 1497 1898 1563 semel
1934 1503 1997 1561 et
2030 1495 2263 1560 iterum
2308 1512 2453 1560 cum
2503 1494 2772 1560 Antonio
2814 1496 3093 1575 Melissa;
3143 1504 3570 1587 secundaque
3612 1508 3841 1573 editione

605 1613 792 1677 etiam
814 1627 978 1675 "cum
1025 1604 1268 1673 Joanne
1313 1600 1590 1675 Stobaeo.
1624 1599 1736 1683 qui
1777 1597 2003 1665 eodem
2041 1597 2184 1680 ipso
2218 1592 2577 1678 scriptionis
2611 1613 2863 1676 genere,
2900 1600 2969 1663 in
3010 1618 3088 1665 eo
3133 1600 3692 1686 locupletissimus.
3726 1630 3839 1676 usus
3952 1604 3953 1683 Ϊ

600 1722 791 1779 esset.
829 1716 912 1776 .In
942 1710 1151 1793 priori
1180 1705 1481 1780 editione,
1521 1718 1745 1783 parum
1772 1705 1962 1765 certe
2005 1698 2273 1773 medice,
2311 1699 2493 1778 quasi
2524 1696 2772 1761 lectoris
2820 1700 3495 1784 laboremlevaturus,
3552 1714 3841 1776 sententias

593 1815 878 1891 Maximi,
910 1828 1055 1895 quas
1086 1809 1329 1876 easdem
1377 1809 1587 1870 essent
1630 1808 1823 1884 atque
1863 1799 2194 1867 sententiae
2240 1794 2503 1862 Melissae
2533 1797 2650 1861 sub
2688 1798 2912 1863 iisdem
2941 1802 3159 1880 titulis,
3199 1820 3437 1871 omnes
3465 1808 3725 1874 obelisco
3746 1829 3838 1875 no-

601 1919 765 1980 tasse
791 1914 901 1990 ait,
934 1928 1051 1977 seu
1096 1905 1511 1991 expunxisse;
1556 1902 1727 1985 quod
1760 1906 1932 1967 certe
1963 1899 2171 1982 plagio
2199 1898 2355 1962 mihi
2390 1899 2631 1974 simile;
2661 1916 2800 1963 cum
2848 1904 3205 1982 praesertim
3255 1908 3571 1972 Maximus
3617 1913 3840 1974 Antonio

601 2018 837 2092 senior,
872 2023 935 2079 et
966 2013 1078 2095 qui
1104 2012 1199 2076 illi
1224 2007 1541 2093 prmiverit
1567 2023 1584 2067 :
1614 2020 1690 2069 ac
1715 2003 1925 2085 palam
1952 2008 2071 2073 est,
2101 2000 2273 2083 quod
2298 2000 2353 2064 is
2374 2001 2562 2065 Joan.
2594 2000 3067 2080 Damascenum,
3100 2006 3413 2072 Photium
3448 2010 3834 2092 patriarcbam,
3952 2024 3953 2039 π

601 2112 1173 2199 Theophylactum,
1211 2108 1508 2175 homines
1550 2105 1644 2172 sic
1695 2112 2003 2180 recentes,
2058 2101 2295 2179 affatim
2348 2100 2532 2176 citat;
2590 2116 2857 2183 quorum
2894 2105 3048 2168 nihil
3081 2108 3427 2173 Maximus.
3480 2111 3692 2176 Debuit
3722 2129 3836 2192 ergo

601 2222 875 2295 Maximo
911 2220 1011 2284 sui
1044 2216 1279 2284 laboris
1304 2215 1440 2280 laus
1467 2210 1658 2294 plena
1693 2210 2004 2284 constare,
2036 2218 2169 2271 non
2197 2208 2333 2288 ejus
2361 2220 2589 2285 magna
2617 2218 2779 2287 pars,
2817 2223 2934 2289 per
2962 2224 3282 2275 summam
3316 2213 3609 2295 injuriam
3640 2215 3697 2278 in
3723 2233 3833 2279 eum

604 2308 953 2401 transferri,
991 2321 1103 2405 qui
1129 2316 1298 2385 illius
1329 2314 1511 2383 furtis
1539 2313 1936 2398 profecisset.
1969 2311 2103 2374 Alia
2124 2316 2293 2374 certe
2327 2308 2609 2374 ineunda
2640 2308 2741 2373 via
2770 2311 2900 2393 ejus
2944 2308 3202 2378 levandi
3245 2314 3513 2393 laboris,
3552 2326 3618 2381 ut
3643 2314 3835 2382 scilicel

602 2425 937 2489 amborum
972 2436 1343 2488 communes
1385 2413 1731 2481 sententias
1755 2424 1894 2476 esse
1921 2416 2069 2475 nota
2097 2408 2308 2491 aliqua
2334 2408 2720 2473 indicaretur
2756 2427 2772 2472 :
2803 2409 2896 2474 vel
2923 2411 2977 2475 si
3005 2413 3191 2495 cujus
3224 2418 3680 2497 expungendae,
3706 2417 3834 2499 illia,

603 2525 822 2609 potius
844 2520 1322 2605 expungendm,
1359 2517 1471 2599 qui
1515 2512 1689 2579 nulla
1731 2511 1848 2577 alia
1897 2531 2013 2576 sua
2056 2509 2360 2576 industria
2405 2516 2710 2595 parasset,
2762 2514 2871 2578 sed
2913 2531 2993 2579 ex
3023 2518 3358 2599 superiori
3404 2520 3659 2599 digesta,
3702 2520 3833 2583 nulla

603 2628 775 2692 illius
811 2625 1021 2699 laude,
1059 2618 1527 2705 exscripsisset;
1563 2615 1739 2698 quod
1778 2610 2011 2678 Graecis
2048 2610 2235 2678 nimis
2284 2612 2615 2677 familiare.
2656 2614 2893 2688 Quanta
2940 2634 3092 2683 vero
3135 2618 3297 2684 hinc
3347 2622 3611 2685 Maximo
3652 2621 3830 2688 ablata,

605 2729 747 2811 ipse
778 2727 1055 2809 primum
1090 2740 1299 2788 nonus
1334 2737 1544 2786 sermo
1573 2721 1900 2789 monstrat,
1932 2732 1969 2778 a
1998 2731 2125 2796 quo
2173 2714 2403 2795 incipit
2442 2731 2561 2778 ms.
2599 2714 2854 2777 Maximi
2900 2719 3126 2794 codex,
3169 2718 3338 2784 mihi
3383 2720 3831 2784 humanissima

604 2829 689 2893 cl.
721 2829 793 2891 V.
822 2827 1099 2909 ipsoque
1128 2821 1380 2893 erudito
1419 2821 1492 2881 ι).
1523 2818 1604 2882 de
1634 2813 2000 2880 Ballesdens
2034 2814 2366 2877 sacerdote
2402 2812 2859 2895 suppeditante,
2903 2818 2958 2882 si
2989 2819 3148 2900 quid
3182 2819 3343 2884 inde
3390 2820 3458 2884 in
3486 2838 3611 2885 rem
3641 2821 3829 2883 littera-

605 2931 765 2996 riam
810 2947 847 2993 a
883 2944 987 2991 me
1018 2930 1234 3008 posset
1276 2919 1569 3005 produci,
1618 2934 1760 2982 cum
1809 2914 2184 2981 oblitteratis
2230 2914 2411 2979 initio
2466 2915 2719 2996 ﬁneque
2759 2915 2927 2993 libri,
2968 2925 3201 2985 neuter
3253 2930 3469 2985 certus
3518 2929 3684 2997 esset,
3725 2937 3829 2983 eam

603 3031 856 3096 Maximi
886 3025 1392 3094 lucubrationem
1418 3022 1533 3087 illo
1560 3018 1899 3085 contineri.
1924 3019 2181 3081 Factum
2210 3015 2321 3080 illo
2348 3016 2575 3098 partim
2605 3016 2749 3081 satis
2777 3018 2935 3083 meis
2960 3020 3140 3097 votis,
3179 3036 3268 3086 ne
3299 3035 3425 3085 una
3445 3012 3687 3085 Gesner!
3714 3019 3828 3111 ﬁde,

606 3132 698 3195 sic
748 3128 1051 3204 sublesta,
1097 3122 1351 3189 Maximi
1405 3136 1568 3201 opus
1612 3117 1737 3182 hoc
1788 3114 2135 3195 vulgarem,
2192 3113 2273 3177 ad
2311 3114 2483 3195 quod
2519 3114 2689 3179 aliud
2736 3117 2893 3181 nihil
2930 3121 3208 3184 Subsidii
3269 3130 3459 3197 esset,
3505 3140 3573 3186 ac
3615 3136 3721 3203 quo
3744 3134 3828 3181 sua

606 3233 875 3297 Maximo
911 3240 1316 3313 repenerem.
1351 3227 1505 3289 Nam
1537 3225 1856 3286 Gesneres
1891 3218 2091 3282 altera
2126 3232 2242 3280 sua
2273 3216 2574 3294 editione,
2608 3226 2671 3283 et
2705 3234 2827 3303 qua
2859 3234 2894 3287 e
2926 3222 3193 3304 regione
3223 3224 3444 3290 Graeca
3484 3222 3690 3288 Latinis
3709 3234 3829 3285 οοη.

600 3340 823 3433 juncta
850 3334 919 3433 in
954 3330 1684 3433 ‘Stobaao‘repraasentat,
1713 3322 1807 3386 sic
1835 3320 2059 3433 miscet
2086 3318 2332 3433 omnia,
2354 3322 2443 3433 ut.
2470 3314 2653 3433 quid“
2678 3323 3015 3433 cujusque
3040 3325 3143 3405 sit,
3196 3326 3454 3392 Maximi
3497 3341 3573 3390 an
3599 3320 3825 3433 Antonii.

607 3416 800 3498 nemo
830 3430 1019 3514 plane
1042 3424 1374 3508 intelligat.
1407 3418 1651 3499 Ribitti,
1684 3437 1878 3503 quam
1913 3416 2147 3493 laudat,
2173 3420 2403 3496 versio,
2426 3420 2562 3505 ipsa
2593 3421 2885 3489 distincte
2915 3422 3179 3504 habens,
3208 3446 3356 3511 qua;
3382 3435 3583 3494 essent
3606 3420 3827 3494 Maximi,

607 3552 720 3601 sua
755 3531 1137 3597 obscuritate
1169 3526 1260 3591 sic
1309 3540 1474 3608 pene
1504 3522 1777 3597 evanuit,
1808 3527 1878 3585 ut
1914 3536 2033 3585 nec
2072 3519 2351 3584 nancisci
2383 3516 2655 3588 licuerit.
2692 3525 2841 3591 Mihi
2884 3536 3056 3593 certe
3088 3546 3163 3593 ea
3207 3536 3390 3613 parte
3423 3526 3677 3594 Theseus
3707 3522 3824 3601 (non

609 3654 736 3718 qua
764 3630 885 3699 sibi
916 3630 1193 3697 venditat
1220 3626 1561 3721 Gesnerus)
1592 3632 1664 3689 ut
1690 3625 1769 3690 ab
1800 3624 1935 3706 ejus
1968 3624 2174 3706 ipsius
2219 3626 2613 3695 confusionis
2641 3628 3002 3713 labyrintho
3036 3650 3139 3699 me
3164 3635 3316 3721 ipse
3344 3633 3703 3717 expedirem,
3729 3640 3826 3688 που

607 3745 680 3802 ut
705 3751 1004 3816 magnum
1033 3720 1277 3815 aliquid
1305 3748 1386 3795 ex
1419 3731 1556 3812 ejus
1582 3731 1876 3796 versione
1912 3729 2257 3796 reddendis
2281 3731 2535 3798 Maximi
2579 3739 2912 3802 sententiis
2925 3740 3209 3821 juvarer.
3253 3744 3543 3806 Censetur
3566 3737 3822 3806 Gestit?!”

610 3858 728 3906 nec
763 3855 943 3904 suam
984 3854 1103 3903 nec
1140 3835 1360 3901 Ribitti
1394 3836 1753 3901 versionem
1790 3835 2136 3902 admodum
2161 3834 2483 3916 elegantes
2515 3850 2675 3913 esse,
2712 3842 2880 3922 quod
2920 3843 3057 3908 fere
3100 3842 3426 3927 pendente
3455 3839 3618 3925 prelo
3651 3828 3823 3898 reddi-

608 3946 795 4021 derit,
822 3944 1129 4026 quodque
1144 3941 1268 4025 ipsi
1286 3949 1577 4007 ancteras
1603 3940 1769 4005 haud
1792 3958 1934 4005 raro
1964 3958 2093 4004 non
2111 3941 2379 4006 multum
2405 3943 2723 4024 elegantes
2748 3944 2895 4011 sint.
2927 3948 3102 4026 Mihi,
3135 3948 3451 4032 quidquid
3469 3946 3544 4009 sit
3558 3943 3627 4006 de
3651 3940 3821 4001 aucto-

614 4066 756 4116 rum
781 4048 1092 4130 elegantia
1116 4044 1330 4131 (quam
1356 4044 1448 4111 sie
1465 4046 1743 4130 antiquis
1769 4046 2110 4128 theologis,
2140 4045 2967 4131 philosOphis,|oratoribus,
2993 4053 3445 4129 litteratorum,
3472 4058 3531 4114 et
3545 4046 3824 4125 λογιιιπὰτων

608 4159 821 4235 ἀνδρῶν
849 4150 1027 4215 omni
1052 4150 1295 4227 censui,
1326 4149 1543 4215 nescio
1581 4160 1711 4231 quo
1755 4152 1942 4230 gustu
1970 4147 2267 4227 .abdlcet,
2308 4152 2371 4214 et
2407 4162 2489 4214 an
2528 4162 2687 4216 sano
2724 4153 2875 4217 satis
2906 4148 3136 4238 capite,
3186 4154 3349 4219 nihil
3393 4153 3527 4236 ipse
3554 4140 3820 4215 theolosus

609 4266 1063 4335 summumque
1090 4250 1538 4333 grammaticus
1556 4250 1905 4314 Germanus
1930 4257 2241 4333 ὲτερόδοξος
2268 4249 2575 4336 medicus)
2599 4255 2800 4335 magis
2830 4254 3204 4321 arcessenda
3239 4258 3418 4331 ﬁdes,
3442 4266 3573 4335 qua
3590 4253 3694 4311 una
3712 4249 3822 4318 PTO'

609 4354 766 4418 bum
804 4355 1216 4437 interpretem
1240 4353 1565 4434 insigniat,
1589 4349 1687 4415 vel
1718 4350 1770 4416 si
1795 4348 2026 4418 minori
2056 4350 2423 4435 eloquentia
2444 4371 2564 4419 nec
2579 4356 2771 4430 tantis
2790 4354 3132 4439 luminibus
3169 4358 3318 4423 aliis
3344 4356 3507 4420 dicta
3526 4344 3817 4440 scriptaqlle

614 4450 878 4519 reddere
906 4450 1128 4518 valeat.
1157 4450 1347 4519 Tituli
1375 4458 1834 4532 auctorumque
1865 4451 2146 4527 nomina,
2176 4450 2350 4533 quod
2398 4448 2595 4517 minio
2643 4448 2877 4536 scripta
2905 4465 3112 4533 erant,
3138 4455 3471 4538 complura
3498 4443 3615 4524 legi
3640 4446 3817 4538 neqm'

611 4562 860 4629 verunt,
892 4572 1043 4621 cum
1073 4554 1401 4619 sententiae
1428 4552 1585 4635 ipsae
1610 4560 1958 4619 atramento
1989 4553 2263 4634 scriptae,
2310 4570 2534 4634 parum
2576 4563 2688 4619 aut
2731 4532 2890 4619 nihil
2928 4532 3315 4631 laborarent,
3342 4554 3408 4617 in
3434 4532 3815 4641 ιωάαιοχίρῇο

612 4657 872 4738 antiquo
899 4656 1272 4737 creditaque
1295 4632 1489 4719 manu
1513 4664 1767 4721 exarato
1794 4655 2055 4731 codice;
2090 4632 2169 4718 ex
2198 4632 2377 4735 cujus
2402 4672 2569 4736 pene
2602 4674 2850 4734 norma,
2881 4660 2947 4723 in
2980 4658 3206 4740 primis
3234 4668 3487 4741 quoque
3514 4652 3643 4711 octo
3666 4632 3817 4742 titulit

611 4775 686 4823 ac
716 4756 1059 4839 capitibus,
1092 4773 1296 4838 pauca
1321 4756 1614 4839 quaedam
1643 4774 1722 4821 ex
1759 4756 2005 4820 Melissa
2039 4755 2223 4820 libuit
2269 4762 2583 4837 repetere,
2616 4768 2678 4823 et
2722 4777 2865 4840 quae
2903 4760 3102 4839 magis
3147 4761 3284 4822 visa
3310 4760 3457 4820 sunt
3502 4764 3573 4811 ex
3618 4742 3812 4804 Maximi

611 4872 795 4938 vena,
824 4876 908 4924 ne
936 4860 1081 4941 ipse
1104 4859 1174 4922 in
1197 4858 1347 4935 illis,
1379 4860 1698 4941 explicato
1725 4859 1860 4941 jam
1886 4858 2055 4923 furto
2085 4868 2203 4922 seu
2237 4857 2477 4940 plagio,
2508 4861 2793 4943 jejunior
2836 4862 3063 4927 abiret.
3100 4862 3215 4938 Qui
3248 4861 3446 4930 locos,
3494 4849 3585 4912 sin
3625 4841 3811 4944 οιξῖἒξεν

614 4966 679 5022 at
710 4934 871 5022 bene
900 4934 1156 5034 multos,
1194 4957 1263 5021 in
1306 4934 1516 5022 fentes
1545 4934 1895 5042 reduceret,
1926 4958 1983 5020 is
2011 4975 2164 5022 vero
2194 4934 2470 5040 magnus
2489 4934 2678 5039 esset,
2712 4934 3143 5044 magnumque
3172 4957 3410 5043 aliquid
3447 4953 3508 5015 in
3543 4934 3809 5044 remlilfi‘

614 5059 841 5123 rariam
878 5061 1216 5125 conferret.
1252 5061 1407 5125 Eam
1454 5070 1665 5125 tamen
1694 5061 1833 5142 ipse
1869 5060 2265 5142 provinciam
2294 5064 2450 5128 mihi
2480 5082 2613 5129 non
2638 5027 2933 5147 impono;
2967 5027 3072 5129 cui
3102 5027 3316 5127 nescio
3361 5073 3438 5121 an
3466 5053 3535 5114 Β.
3565 5046 3624 5148 Ρ..

614 5161 854 5223 Nicolai
899 5165 1099 5227 nostri
1143 5163 1394 5227 humeri
1438 5137 1819 5237 sufﬁcerent,
1853 5137 1966 5243 qui
1996 5169 2209 5228 tantus
2257 5180 2334 5228 eo
2371 5183 2606 5246 genere
2644 5137 2967 5232 insancto
3002 5166 3244 5230 Thoma
3293 5154 3481 5224 videri
3531 5137 3807 5246 voluit;

614 5275 745 5338 quo
777 5260 989 5324 tamen
1024 5280 1124 5351 res
1157 5262 1512 5344 expeditior
1544 5260 1682 5335 fuit,
1718 5236 1834 5323 nec
1867 5236 2008 5340 ipsa
2037 5276 2295 5343 prorsus
2327 5236 2408 5326 Et:
2418 5275 2725 5344 ἀδυνάτοις,
2765 5282 2911 5330 cum
2954 5265 3091 5330 fere
3130 5267 3374 5330 exstent
3419 5261 3477 5319 et
3513 5244 3583 5311 ad

614 5356 763 5433 sint,
794 5374 958 5438 quos
997 5337 1287 5425 auctores
1320 5362 1529 5425 citavit
1556 5367 1811 5425 sanctus
1836 5337 2134 5438 Thomas,
2166 5371 2229 5426 et
2257 5382 2531 5445 quorum
2563 5337 2722 5434 usus
2747 5368 3103 5444 laboribus;
3133 5375 3418 5447 magnam
3450 5363 3584 5417 vero
3615 5337 3803 5424 ρεπίθω

618 5455 1079 5540 desiderentur,
1110 5481 1379 5544 quorum
1409 5465 1752 5528 sententias
1780 5467 2093 5548 excerpsit
2119 5468 2445 5534 Maximus.
