4036 6278
633 344 736 408 723

1776 349 1836 412 S.
1880 349 2166 410 MAXIMI
2206 349 2715 419 CONFESSURIS
3771 365 3852 428 ιιι

702 458 861 512 Prov.
890 471 928 521 r,
957 454 1044 520 l0,
1077 452 1468 522 15,lﬂ.—Ne
1497 426 1560 512 te.
1584 457 1853 514 scducant
1899 459 2005 514 viri
2034 460 2212 530 impii,

2398 468 2510 522 Τοῦ
2529 471 2736 524 αὐτοῦ.
2757 502 2824 512 -
2840 470 2931 541 Μή
2972 486 3030 524 σε
3069 471 3422 542 πλανήσωσιν
3445 471 3638 544 ἄνδρες
3661 471 3852 540 ἀσεόεξ,

631 565 814 620 neque
864 549 1118 604 ambules
1170 549 1226 603 in
1276 549 1363 603 via
1420 564 1547 604 cum
1600 551 1724 618 eis;
1783 552 1997 609 declina
2028 563 2214 610 autem

630 643 832 712 pedem
858 650 1012 698 tuum
1042 657 1071 696 a
1102 641 1317 698 semitis
1341 658 1536 698 eorum
1569 663 1581 698 :
1613 646 1783 714 pedes
1815 648 1964 702 enim
1993 648 2215 702 illorum

633 733 689 787 in
717 733 924 788 malum
954 740 1215 787 currunt.

703 823 863 878 Prov.
903 840 1019 890 xm,
1059 823 1360 893 l5.—Qui
1385 828 1697 884 contemnit
1732 829 2040 901 negotium,
2075 846 2214 888 con-

633 923 914 970 temnetur
937 917 1008 971 ab
1041 931 1130 978 eo.

704 1006 865 1064 Prov.
897 1025 951 1074 χ,
987 1009 1078 1064 26.
1114 1040 1182 1049 -
1220 1009 1505 1066 Sicutuva
1527 1011 1726 1067 acerba
1760 1013 2023 1070 dentibus
2051 1016 2214 1072 noxia

634 1111 742 1168 est,
771 1112 828 1158 et
857 1102 1044 1160 fumus
1085 1103 1293 1172 oculis;
1359 1105 1440 1160 sic
1491 1105 1837 1178 improbitas,
1875 1109 1984 1175 his,
2027 1104 2122 1180 qui
2148 1125 2213 1166 ea

634 1201 889 1250 utuntur.

705 1289 908 1344 Eccles.
935 1305 1104 1356 xxvu,
1127 1289 1219 1346 50.
1254 1321 1323 1331 —
1348 1289 1451 1358 Qui
1505 1291 1640 1347 facit
1695 1293 1859 1360 mala,
1886 1309 2057 1363 super
2081 1310 2210 1350 eum

632 1382 965 1448 volventur;
1038 1392 1095 1440 et
1158 1399 1271 1439 non
1335 1393 1634 1456 cognoscet
1698 1385 1846 1441 unde
1915 1387 2211 1443 adveniant

631 1476 764 1532 sibi.

701 1567 910 1624 Basilii.
929 1600 1000 1609 —
1018 1569 1171 1625 Inter
1201 1585 1267 1626 ea
1297 1586 1421 1641 quae
1450 1569 1752 1636 habentur,
1776 1569 1891 1626 sola
1913 1572 2095 1626 virtus
2121 1581 2207 1628 est

632 1663 792 1733 cujus
817 1661 1026 1718 auferri
1057 1663 1338 1734 possessio
1364 1679 1476 1719 non
1513 1663 1710 1733 possit.

699 1754 938 1810 Virtutis
963 1755 1167 1821 cultus,
1224 1755 1489 1827 praaclara
1537 1755 1762 1827 quidem
1807 1754 2035 1812 habenti
2071 1772 2202 1827 pos-

632 1847 840 1913 sessio;
864 1846 962 1903 sed
991 1863 1114 1918 qua:
1145 1848 1286 1919 ipsa,
1325 1849 1381 1904 in
1410 1863 1539 1903 eum
1587 1847 1984 1915 incidentibus,
2003 1850 2209 1923 jucun-

633 1936 925 1992 dissimum
960 1940 1339 2009 spectaculum
1372 1939 1640 2010 praabeat.

702 2029 1180 2095 Quemadmodum
1241 2030 1389 2085 enim
1457 2029 1573 2101 igni.
1624 2031 1773 2085 ultro
1823 2045 2011 2086 comes
2047 2039 2214 2086 estut

633 2121 936 2188 illuminet,
969 2130 1028 2178 et
1053 2130 1341 2194 unguento
1367 2133 1429 2179 ut
1449 2121 1637 2177 odoris
1664 2122 2023 2194 fragrantiam
2055 2139 2211 2194 spar-

632 2224 762 2286 gat;
788 2215 869 2271 sic
899 2215 1064 2272 bonis
1093 2217 1313 2273 actibus
1337 2217 1655 2273 necessario
1683 2218 1860 2273 haeret
1890 2227 1951 2272 ut
1969 2233 2214 2273 commo-

634 2309 768 2364 dum
799 2308 1056 2364 aﬂ‘erant.

705 2400 784 2454 Ea
813 2415 934 2471 qua:
965 2399 1130 2455 ofﬁcii
1167 2410 1298 2456 sunt
1331 2401 1657 2472 capessendi
1691 2401 1911 2458 initium
1960 2411 2068 2470 est,
2097 2411 2155 2458 ut
2185 2417 2217 2456 a

635 2491 798 2547 malis
847 2491 1098 2548 recedas.
1147 2492 1240 2548 Ait
1286 2495 1478 2550 enim:
1521 2493 1748 2549 Declina
1797 2502 1830 2548 ο
1859 2494 2025 2561 malo,
2059 2505 2106 2548 et
2133 2495 2214 2565 [ac

637 2583 831 2638 bonum
855 2583 1024 2656 (Psal.
1052 2601 1236 2650 xxxvr,
1271 2585 1386 2657 27).

709 2677 892 2734 Theol.
919 2689 1061 2734 orat.
1093 2695 1132 2746 ι,
1157 2697 1210 2750 p.
1240 2679 1294 2742 6,
1321 2687 1371 2732 et
1399 2695 1506 2745 xw,
1548 2697 1602 2751 p.
1637 2679 1766 2734 217.
1788 2711 1859 2720 -
1886 2681 1994 2735 Res
2019 2687 2216 2735 natura

638 2771 904 2842 proclivis
933 2772 1154 2839 vitium,
1200 2772 1596 2844 incitatiorque
1641 2774 1699 2827 in
1731 2773 1976 2829 deterius
2000 2789 2212 2838 cursus,

638 2881 806 2936 quam
836 2866 882 2921 si
919 2875 1139 2921 torrens
1159 2881 1261 2936 per
1283 2882 1454 2937 prona
1479 2875 1626 2932 ruat,
1651 2867 1738 2922 vel
1769 2867 1973 2937 stipula
1998 2866 2216 2922 admota

637 2958 898 3014 scintilla:
937 2959 1200 3030 ventique
1256 2959 1388 3015 ﬂatu
1437 2959 1599 3015 facile
1644 2961 1983 3016 accendatur
2049 2961 2217 3032 inque

637 3050 917 3106 ﬂammam
968 3061 1245 3123 erumpat,
1317 3067 1539 3123 unaque
1589 3069 1716 3109 eum
1779 3069 1877 3109 sua
1901 3054 2058 3124 prole
2088 3069 2221 3110 eon-

636 3153 858 3215 sumpta
882 3145 1138 3201 intereat.

708 3239 866 3296 Haud
894 3240 1056 3296 facile
1082 3241 1424 3308 inveniatur,
1456 3257 1580 3312 qua:
1623 3243 1801 3299 virtus
1836 3241 2064 3313 reliquis
2098 3255 2215 3296 om-

637 3331 804 3387 nibus
825 3339 1073 3402 praastet,
1109 3341 1168 3388 et
1203 3333 1292 3388 cui
1332 3333 1540 3405 primas
1591 3349 1656 3388 ac
1690 3334 1940 3390 victoriae
1989 3333 2214 3404 praemia

632 3424 759 3496 jure
789 3423 1078 3491 ascribas;
1107 3424 1576 3495 quemadmodum
1609 3441 1716 3482 nec
1747 3425 1803 3482 in
1841 3434 2021 3496 prato,
2059 3425 2214 3480 vario

637 3513 838 3570 ﬂcrum
859 3522 1060 3570 ornatu
1076 3517 1407 3582 convestito,
1437 3531 1615 3586 eoque
1650 3517 1876 3572 suavius
1911 3516 2210 3588 fragrante,

638 3608 1084 3679 pulcherrimum
1129 3609 1696 3682 odoratissimumque
1723 3611 1917 3667 ﬂorem
1948 3611 2214 3682 reperias,

639 3701 772 3755 dum
803 3701 946 3756 alius
965 3701 1078 3757 alio
1104 3701 1173 3756 ad
1219 3717 1280 3756 se
1300 3701 1563 3757 olfactum
1595 3712 1993 3774 aspectumque
2024 3702 2214 3766 trahit,

639 3792 947 3864 suadetque
975 3803 1037 3848 ut
1061 3794 1310 3850 omnium
1346 3795 1558 3865 primus
1587 3795 1704 3866 ipse
1733 3796 1969 3866 legatur.

710 3885 979 3958 Chrysost.
1011 3918 1080 3928 —
1127 3888 1271 3942 Rara
1322 3889 1612 3960 arduaque
1641 3899 1730 3944 est
1776 3891 1908 3946 boni
1972 3893 2217 3963 adeptio,

639 3977 744 4034 etsi
772 3977 934 4049 530
983 3995 1097 4034 non
1120 3979 1278 4035 deest
1316 3981 1463 4051 quod
1503 3981 1558 4035 in
1608 3982 1745 4037 illud
1789 3985 1938 4053 gravi
1975 3985 2219 4054 pondere

643 4069 829 4124 trahat
855 4085 921 4125 ac
953 4081 1238 4140 provocet.

713 4161 905 4218 Virtus
953 4163 1211 4220 mercede
1251 4181 1364 4221 non
1413 4167 1618 4238 agitur,
1665 4176 1726 4221 ut
1767 4177 1824 4222 et
1873 4169 2052 4224 virtus
2097 4185 2220 4226 esse

642 4262 856 4324 pergat,
879 4269 1003 4325 quae
1028 4256 1204 4310 solam
1237 4256 1582 4314 honestatem
1619 4261 1902 4330 respiciat.

711 4345 964 4402 Nominis
981 4347 1289 4404 claritatem
1309 4351 1455 4420 parit
1471 4352 1675 4407 nedum
1697 4353 1975 4423 egregium
2001 4355 2222 4411 virtutis

643 4437 887 4505 facinus,
919 4455 1114 4495 verum
1141 4440 1310 4497 etiam
1338 4444 1620 4500 excellens
1655 4445 1866 4500 malitia
1912 4446 2220 4516 improbam

643 4531 754 4588 sibi
789 4530 994 4586 famam
1020 4533 1262 4589 celebris
1291 4533 1421 4589 fuco
1451 4536 1632 4591 laudis
1654 4538 1954 4593 contrahit.

713 4621 860 4679 Fieri
885 4639 995 4680 non
1028 4634 1212 4696 potest
1236 4634 1297 4681 ut
1320 4628 1416 4698 qui
1448 4630 1640 4684 virtuti
1673 4630 2014 4700 diligentiam
2036 4633 2224 4698 habet,

642 4729 755 4768 non
787 4716 995 4772 multos
1018 4716 1378 4774 adversantes
1405 4719 1625 4776 habeat.
1672 4721 1818 4776 Nihil
1854 4731 2034 4777 tamen
2067 4723 2120 4777 id
2154 4724 2223 4778 ad

2323 561 2458 633 μηδὲ
2483 562 2755 635 πορευθῇς
2778 563 2836 618 ὲν
2872 563 2978 635 ὁδῷ
3015 565 3134 634 μετ’
3168 563 3348 618 αὐτῶν
3369 583 3384 599 ο
3427 564 3670 619 ἔκκλινον
3703 566 3754 620 δὲ
3786 569 3855 621 τὸν

2319 654 2456 709 πόδα
2512 673 2608 709 σου
2661 657 2769 710 ἀπὸ
2815 657 2924 710 τῶν
2985 657 3188 727 τρίϐων
3221 657 3440 712 αὐτῶν·
3513 658 3566 712 oi
3599 658 3701 730 γὰρ
3734 661 3857 724 πόδες

2319 746 2498 803 αὐτῶν
2522 746 2598 818 (b)
2617 749 2699 812 εἰς
2723 748 2919 802 κακίαν
2949 749 3256 821 τρέχουσιν.

2390 839 2502 895 Τοῦ
2534 839 2744 895 αὐτοῦ.
2771 871 2841 880 -
2873 843 2970 905 Ὃς
3000 844 3336 914 καταφρονεί
3357 844 3707 916 πράγματος,
3727 861 3859 898 κατα-

2318 932 2717 1005 φρονηθήσεται
2742 934 2812 1006 (c)
2850 933 2942 988 ὑπ’
2971 934 3158 990 αὑτοῦ.

2387 1026 2505 1083 Τοῦ
2522 1025 2728 1081 αὑτοῦ.
2769 1056 2838 1067 -—
2863 1026 3072 1099 Ὥσπερ
3094 1027 3275 1098 δμιραξ
3295 1026 3484 1082 ὀδοῦσι
3517 1027 3764 1098 βλαϐερὸν
3787 1029 3860 1080 καὶ

2315 1115 2518 1181 καπνὸς
2565 1115 2832 1186 ὄμμασιν,
2898 1116 3039 1172 οὕτω
3070 1118 3387 1191 παρανομία
3439 1121 3558 1182 τοῖς
3598 1118 3859 1188 χρωμένοις

2313 1213 2471 1284 αὐτῇ.
3121 1221 3124 1224 ⁴

2367 1304 2658 1373 ,Σιράχρ-
2673 1303 2734 1356 ’0
2762 1303 2934 1358 ποιῶν
2957 1303 3195 1375 πονηρὰ,
3215 1305 3293 1367 είς
3312 1303 3494 1358 αύτδν
3516 1301 3861 1373 κυλισθήσεται

2313 1397 2413 1468 (d),
2443 1396 2538 1450 καὶ
2574 1395 2636 1449 ού
2665 1395 2739 1466 μὴ
2770 1397 2976 1467 ἐπιγνῷ
3006 1396 3167 1451 πόθεν
3194 1397 3321 1468 ἣκει
3355 1396 3540 1467 αὐτῷ.

2378 1577 2718 1634 Βασιλείου.
2743 1607 2812 1619 -
2837 1577 2988 1648 Μόνη
3019 1577 3319 1648 κτημάτων
3357 1579 3400 1649 ἡ
3438 1577 3614 1648 ἀρετὴ
3667 1576 3862 1647 avoca;-

2311 1692 2482 1746 ρετον.

2391 1766 2622 1836 Ἀρετῆς
2667 1764 2914 1835 ἄσκησις,
2956 1762 3139 1835 τίμιον
3186 1762 3284 1834 μὲν
3329 1762 3528 1832 κτῆμα
3567 1761 3644 1832 τῷ
3674 1761 3857 1832 Exom-

2312 1854 2533 1928 ἥδιστον
2561 1855 2617 1910 δὲ
2644 1855 2815 1927 θέαμα
2837 1858 2948 1920 τοῖς
2971 1855 3417 1926 ἐντυγχάνουσιν.

2389 2041 2601 2110 Ὠσπερ
2649 2039 2752 2110 γὰρ
2775 2039 2853 2111 τῷ
2877 2039 3010 2111 πυρὶ
3036 2040 3360 2109 αὐτομάτως
3385 2039 3587 2092 ἕπεται
3618 2036 3676 2090 τὸ
3717 2036 3855 2104 9mi-

2319 2133 2453 2198 ζειν,
2492 2132 2586 2186 καὶ
2613 2129 2690 2202 τῷ
2717 2130 2868 2202 μύρῳ
2902 2130 2964 2184 τὸ
2995 2130 3213 2184 εύωδεῖν
3236 2146 3250 2160 ⁸
3285 2129 3433 2182 οὕτω
3463 2128 3563 2182 καὶ
3616 2129 3729 2188 ταῖς
3749 2127 3856 2191 ἀγε-

2319 2225 2438 2290 θαῐς
2461 2223 2724 2296 πράξεσιν
2747 2222 3057 2294 ἀναγκαίως
3078 2221 3365 2277 ἀκολουθεῖ
3403 2221 3470 2275 τὸ
3497 2218 3776 2290 ὠφέλιμον.

2401 2431 2569 2504 Ἀρχὴ
2598 2429 2733 2499 πρὸς
2760 2428 2854 2499 τὴν
2890 2424 3155 2496 ἀνάληψιν
3180 2423 3288 2478 τῶν
3325 2420 3572 2491 καλῶνή
3610 2416 3853 2487 ἀναχώρη-

2321 2544 2405 2589 σις
2424 2525 2532 2580 τῶν
2563 2522 2770 2578 κακῶν.
2809 2522 3124 2574 Ἔκκλινον
3151 2515 3281 2589 γὰρ,
3316 2514 3510 2586 φησιν,
3537 2509 3654 2568 ἀπὸ
3680 2505 3854 2566 κακοῦ,

2320 2616 2421 2673 καὶ
2443 2616 2706 2684 ποίησον
2725 2613 2966 2682 ἀγαθόν.

2394 2707 2706 2776 Θεολόγου.
2735 2733 2805 2744 --
2830 2703 2991 2756 Φύσει
3015 2700 3302 2772 πρόχειρον
3325 2697 3360 2768 ἡ
3393 2694 3584 2759 κακία,
3611 2689 3698 2744 καὶ
3719 2686 3854 2746 πολὺς

2322 2802 2416 2856 ἐπὶ
2451 2791 2512 2854 τὸ
2575 2800 2752 2870 χεῖρον
2807 2798 2835 2850 ὁ
2879 2795 3097 2868 δρόμος,
3141 2792 3175 2862 ἢ
3209 2788 3336 2861 ροὖς
3377 2788 3454 2858 (ε)
3489 2784 3624 2840 κατὰ
3653 2776 3850 2851 πρανοῦς

2326 2890 2482 2960 ῥέων,
2532 2869 2812 2960 ἢίκαλάμη
2839 2902 2922 2949 τις
2958 2884 3093 2955 πρὸς
3124 2878 3399 2949 σπινθῆρα
3442 2876 3539 2930 καὶ
3565 2873 3745 2941 ἄνεμον
3771 2869 3849 2936 ρᾳ-

2323 2985 2451 3048 δίως
2484 2960 2824 3051 ὲξαπτομένη
2848 2978 2942 3032 καὶ
2971 2973 3228 3046 γινομένη
3265 2970 3421 3042 φλὸξ,
3490 2967 3581 3022 καὶ
3624 2961 3850 3018 συνδαιτα-

2324 3077 2542 3148 νωμένη
2564 3074 2644 3145 τῷ
2672 3073 2853 3144 οἰκείῳ
2887 3069 3204 3142 γεννήματι.

2386 3260 2464 3312 Οὐ
2489 3257 2630 3312 πάνυ
2655 3273 2702 3309 τι
2745 3253 2924 3328 ῥᾴδιόν
2944 3254 3063 3306 ἐστι
3096 3250 3206 3305 τῶν
3260 3247 3478 3320 ἀρετῶν
3523 3243 3618 3313 τὴν
3651 3235 3848 3291 νικῶσαν

2315 3353 2517 3424 εὑρεῖν.
2555 3348 2840 3420 καὶταύτῃ
2864 3346 3047 3402 δοῦναι
3090 3344 3159 3398 τὰ
3192 3340 3497 3444 πρεσϐεῖαᾌ
3511 3336 3604 3444 καὶ
3640 3330 3701 3444 τὰ

2313 3450 2380 3519 τή
2391 3464 2480 3519 FW
2512 3463 2527 3478 '
2561 3445 2748 3514 ὥσπερ
2773 3442 2894 3497 οὐδὲ
2918 3444 2978 3498 ὲν
2999 3437 3225 3511 λειμῶνι
3256 3433 3556 3490 πολυανθεῖ
3595 3426 3680 3482 καὶ

2315 3510 2422 3596 «ei
2465 3538 2670 3594 ἀνθέων
2716 3510 2776 3591 τὸ
2825 3510 3112 3589 κάλλιστον
3164 3528 3260 3584 καὶ
3288 3525 3669 3582 εὐωδέστατον,

2317 3634 2476 3688 ἄλλου
2507 3631 2604 3702 τὴν
2630 3630 2893 3700 ὄσφρησιν
2910 3627 3006 3680 καὶ¹
3025 3623 3124 3695 τὴν
3149 3620 3274 3691 δψιν
3309 3617 3450 3690 πρὸς
3483 3609 3636 3668 ἑαυτὸ
3693 3598 3843 3676 μεθέλ-

2318 3743 2526 3790 κοντος,
2553 3723 2646 3777 καὶ
2666 3721 2887 3792 πρῶτον
2913 3714 3210 3790 δρέπεσθαι
3236 3710 3541 3772 πείθοντος.

2388 3911 2687 3977 Χρυσοστ.
2711 3936 2782 3945 —-
2825 3903 3057 3958 Σπάνιον
3104 3901 3140 3971 ἡ
3185 3896 3280 3952 τοῦ
3330 3889 3545 3964 ἀγαθοῦ
3581 3885 3754 3954 κτῆσις
3775 3873 3848 3926 κιῖ

2321 3999 2640 4072 πρόσαντες,
2685 3997 2788 4053 κᾶν
2819 3998 2868 4049 εἰ
2897 3993 3032 4048 πολῦ
3057 3992 3118 4046 τὸ
3143 3989 3402 4063 μεθέλκον
3434 3986 3528 4056 εἴη
3557 3980 3642 4036 καὶ
3679 3984 3845 4040 προκα-

2320 4093 2413 4146 λού
2423 4108 2601 4162 μενον.

2391 4144 2656 4256 ’λμισθος
2698 4183 2732 4252 ἡ
2773 4180 2964 4253 ἀρετὴ,
3009 4177 3098 4232 ἵνα
3137 4173 3233 4229 καὶ
3274 4168 3448 4244 ἀρετὴ
3477 4144 3847 4240 μείνῃνπρδςτδ

2323 4277 2488 4331 καλὸν
2519 4276 2676 4346 μόνον
2704 4273 2998 4344 βλέπουσα.

2391 4331 2544 4421 Ποιεὶ
2565 4331 2922 4436 περιόοήτους
2949 4363 3012 4416 ού
3038 4359 3189 4426 δεξιά
3215 4357 3415 4430 πρᾶξις
3436 4355 3621 4427 μόνον,
3647 4339 3759 4401 ἀλλά
3777 4331 3846 4387 καὶ

2323 4457 2494 4513 κακία
2514 4455 2718 4510 νικῶσα
2743 4453 2984 4526 πονηρὰν
3011 4452 3381 4522 εὐδοκίμησιν.

2395 4638 2509 4690 Ούκ
2550 4635 2665 4688 ἔστι
2708 4633 2798 4687 τὸν
2824 4631 3028 4703 ἀρετῆς
3060 4626 3512 4700 ἐπιμελούμενον,
3568 4618 3637 4691 μὴ
3670 4602 3845 4664 non-05$

2325 4730 2469 4800 ἔχειν
2491 4726 2716 4798 ἐχθρούς
2739 4741 2753 4755 ·
2784 4723 2913 4778 ἀλλ’
2946 4721 3100 4776 οὐδὲν
3141 4719 3301 4773 τοῦτο
3335 4715 3477 4788 πρὸς
3507 4715 3595 4767 τὸν
3614 4706 3843 4800 ἐνάρετῡψ

641 4806 868 4865 virtutis
891 4809 1189 4877 cultorem,
1233 4812 1328 4882 qui
1357 4812 1446 4867 his
1481 4813 1644 4884 longe
1694 4814 1896 4869 clarior
1953 4830 2215 4871 evasurus

2441 4790 2551 4888 γάξὲ
2577 4790 2685 4870 τῶν
2733 4813 2989 4868 τοιούτων
3017 4809 3397 4882 λαμπρότερος
3434 4805 3588 4858 ἔσται
3621 4790 3845 4871 μειζόνωὲ·

642 4900 736 4955 sit.

711 4990 868 5048 Multi
920 4993 1070 5050 haud
1129 5009 1253 5049 raro
1307 4994 1559 5052 laborum
1596 4997 1757 5051 taedio
1787 4998 1934 5067 ipsas
1968 5015 2094 5053 cum
2129 5017 2214 5057 re-

2395 4999 2588 5054 Ιῐολλοὶ
2658 4997 2919 5060 πολλάκις
2981 4993 3156 5056 αὑτὰς
3211 4992 3310 5055 τὰς
3369 4988 3576 5061 ἀρετὰς
3633 4978 3710 5035 διὰ
3754 4968 3849 5023 τοὺς

2138 5139 2345 5196 NOTAE
2357 5182 2370 5194 .

687 5225 785 5306 ,(ίι)
819 5228 883 5306 οι
913 5229 1034 5306 ’πὰρ
1080 5231 1262 5306 πόδες
1295 5231 1512 5306 αὐτῶν.
1550 5231 1648 5306 _Sie
1689 5242 1746 5287 et
1789 5232 1945 5304 Vulg.
1995 5235 2220 5306 aliique,

643 5293 781 5348 Sixt.
812 5293 1126 5354 deside—rant
1161 5293 1307 5356 hunc
1331 5301 1682 5356 versiculum.

715 5365 784 5434 (ε)
816 5370 1462 5445 Καταφρονηρῄσε-ταιτ-
1489 5371 1674 5426 Schol.
1711 5372 2216 5445 καταφθαρήσεται·

643 5447 1026 5509 corrumpetur,
1063 5441 1250 5509 peribit
1286 5442 1354 5495 ab
1389 5441 1516 5496 illis.

715 5504 791 5575 ((1)
823 5504 944 5579 Εἰς
983 5504 1172 5562 αὑτὸν
1211 5513 1669 5579 κυλισθήσεται.
1713 5514 1804 5570 Sic
1850 5516 2030 5569 omnia
2081 5515 2220 5572 Bibl.

644 5591 746 5656 nec
781 5578 949 5656 _alit_e_r
976 5579 1171 5648 legerit
1205 5580 1367 5646 Max.,
1403 5578 1507 5636 ιιἰεὶ
1540 5584 1726 5647 etiam,
1761 5586 1907 5654 quod
1939 5595 1995 5644 et
2020 5587 2220 5656 aptius,

645 5646 1116 5726 ξτκυλισθήσεται,
1147 5666 1246 5726 pro
1272 5667 1600 5726 quo_errore
1641 5646 2107 5726 ἐγκλεισθήσετοίι,
2135 5646 2222 5712 ni;

643 5715 721 5794 hil
753 5729 876 5796 apta
913 5715 1069 5796 v_oce_
1214 5715 1746 5796 metapligraip,etsi
1796 5715 1958 5781 Gesn.
2003 5715 2217 5796 glutiit;

649 5788 761 5843 sive
785 5791 904 5860 ejus
935 5788 1150 5845 Maximi
1179 5788 1406 5862 interpr.
1435 5793 1718 5867 Ribittius,
1752 5796 1908 5868 cujus
1934 5788 2218 5870 religione,

2325 5235 2462 5289 nihil
2499 5235 2553 5288 in
2587 5250 2652 5288 ea
2696 5232 2870 5303 ipsius
2913 5231 3167 5285 versione
3212 5234 3476 5284 mutasse,
3522 5209 3769 5291 prmfando
3797 5198 3847 5255 ad

2326 5305 2591 5325 uersu“;
2633 5313 2787 5325 -.___-
2823 5302 3114 5325 Il--.:-.........
3161 5298 3232 5325 ..ξι
3303 5292 3614 5325 ιιηιιηιιιιιι-σι
3643 5290 3713 5325 ρει
3741 5273 3847 5325 niﬂ’

2324 5305 2594 5360 Melissam
2629 5289 2791 5372 atq'ue
2823 5302 3114 5357 Maximum
3161 5298 3255 5352 ait.
3302 5289 3615 5418 Metaphora
3643 5290 3765 5361 esta
3788 5289 3845 5376 In:

2324 5375 2467 5418 nido,
2501 5375 2593 5418 mli
2634 5374 2764 5418 dum
2803 5379 3079 5418 mmmlnr-
3105 5370 3162 5418 in
3189 5383 3316 5418 eum
3346 5381 3448 5418 evo
3476 5374 3625 5417 vatur
3649 5367 3730 5418 (Ιυι
3753 5358 3822 5398 Π¹⁰

2322 5358 2471 5444 pit—le,
2501 5375 2594 5444 qui
2634 5358 2766 5428 du'm
2803 5379 3079 5444 movetur,
3105 5370 3164 5424 in
3189 5383 3316 5423 eum
3346 5358 3625 5421 evolvatur
3649 5358 3730 5424 qui
3753 5358 3822 5398 ωθ

2324 5443 2415 5535 imi
2433 5487 2461 5535 λ
2480 5443 3082 5535 ἰΡὲιξηῖἐικυὲερῃέὓξζκ-
3131 5502 3568 5535 ρηηςηηηιιῖηηῖε
3596 5497 3693 5535 uim
3717 5482 3844 5535 habet

2395 5490 2464 5585 ie.)
3131 5502 3571 5585 Comparationis

2322 5569 2425 5640 vos
2447 5569 2665 5650 ’πολύς,
2699 5569 2849 5637 vellit
2892 5569 3565 5650 etiarll'nobis'excellcns,
3594 5569 3837 5650 ριἀξξξίξξξξηξ

2323 5658 2570 5726 nihilque
2595 5625 2718 5725 a’p’ta
2743 5654 2907 5727 Gesn.
2937 5653 3275 5727 conjectura.
3293 5656 3364 5727 ,ιιι
3382 5661 3497 5727 ,1)Γο
3526 5643 3580 5712 ἦν

2944 5706 3425 5801 Ιιίιειῖιῼτρείιορίὲ
3460 5706 3675 5782 margini
3704 5706 3816 5755 asc"

2320 5799 2451 5868 ptis,
2490 5798 2590 5854 etsi
2620 5793 2782 5867 paulo
2814 5793 2935 5850 aliis
2968 5793 3171 5849 verbis.
