4036 6278
195 359 324 420 725

1508 366 1675 425 LOCI
1719 368 2154 429 COMMUNES.

3363 382 3483 446 726

192 467 415 529 πόνους
434 466 746 535 φεύγοντες,
768 466 857 520 δια
886 466 984 537 τὴν
1009 466 1067 533 ἐξ
1088 466 1273 521 αὐτῶν
1292 468 1565 539 εὐφημίαν
1577 471 1791 545 αἱροῦν-

1920 486 2099 551 ηρυοηι
2123 476 2387 541 virtutes,
2408 477 2650 534 nominis
2680 479 2957 547 claritate,
2996 499 3161 556 quam
3185 498 3468 557 praslant,

191 575 268 609 τα
280 576 302 609 ι
329 561 526 611 ποιεῖν.

282 650 503 719 Ὠσπερ
529 648 590 702 τὸ
630 648 731 718 τῆς
760 648 906 719 ζωῆς
933 648 1082 713 τέλος
1124 650 1267 722 ἀρχὴ
1325 649 1555 707 θανάτου
1606 654 1753 708 ἐστὶν
1778 696 1793 718 ,

193 740 389 804 οὕτως
438 743 534 793 καὶ
576 738 669 793 τοῦ
699 740 819 794 κατ’
848 740 1049 811 ἀρετὴν
1089 742 1291 812 δρόμου
1334 744 1368 813 ἡ
1403 744 1610 812 στάσις.
1653 746 1795 818 ἀρχὴ

190 831 307 882 τοῦ
336 832 482 885 κατὰ
510 831 708 885 κακίαν
728 831 938 899 γίνεται
968 832 1192 903 δρόμου.

280 924 718 977 Δυσεπίτευκτον
778 923 879 993 μὲν
944 919 1083 977 εἶναι
1132 924 1233 994 τὴν
1280 925 1519 997 ἀρετὴν.
1587 926 1797 996 μυρίοις

200 1014 413 1085 ἱδρῶσι
467 1018 562 1069 καὶ
589 1015 768 1079 πόνοις
802 1016 1004 1086 σπουδῇ
1053 1016 1149 1070 καὶ
1184 1016 1418 1088 καμάτῳ
1462 1019 1625 1087 μόγις
1664 1034 1796 1073 κατ-

198 1105 594 1177 ορθουμένην,
642 1106 793 1177 παρά
821 1108 921 1177 τῆς
976 1107 1126 1171 θείας
1162 1108 1382 1179 Γραφῆς
1424 1109 1798 1180 ἐδιδάχθημεν.

282 1288 595 1354 Χρυσοστ.
638 1287 797 1340 -Εί
850 1286 949 1357 γάρ
994 1287 1103 1340 τῶν
1144 1287 1240 1341 ἐπὶ
1284 1287 1388 1357 γῆς
1434 1288 1735 1359 ἀνθρώπων
1773 1289 1802 1341 ὁ

204 1393 294 1429 πα
305 1376 582 1448 ραϐαἰνων
596 1378 719 1441 τοὺς
738 1378 956 1447 νόμους,
987 1379 1360 1457 ἀπαραίτητον
1383 1378 1671 1446 ὑφίσταται
1700 1380 1801 1450 τὴν

207 1471 450 1525 κόλασιν
474 1487 488 1501 ·
525 1471 677 1543 πόσῳ
738 1472 939 1543 μᾶλλον
984 1473 1277 1544 άφορήτοις
1318 1472 1663 1544 ἐκδοθήσεται
1710 1473 1803 1544 βα-

208 1564 439 1628 σάνοις,
509 1567 538 1618 ὁ
595 1564 689 1618 τοῦ
745 1564 1073 1637 ἐπουρανίου
1126 1563 1397 1618 Δεσπότου
1471 1565 1678 1619 ἀθετῶν
1734 1566 1804 1619 τά

210 1657 627 1728 προστάγματα
643 1675 659 1724 ς

287 1749 514 1819 Ὠσπερ
580 1748 672 1802 ἐπὶ
720 1749 818 1819 τῆς
857 1748 1090 1820 κιθάρας
1141 1748 1241 1801 ούκ
1293 1750 1450 1819 ἀρκεῖ
1499 1747 1660 1815 μόνον
1710 1747 1803 1800 ἐπὶ

1898 568 1965 623 ad
1996 584 2091 622 eas
2134 566 2395 622 colendas
2419 568 2662 623 animum
2687 574 3125 629 accommodant.

1934 660 2439 727 Quemadmodum
2483 664 2612 717 vitae
2644 662 2790 729 finis,
2840 666 3037 722 mortis
3099 668 3317 724 initium
3345 681 3469 737 est;

1898 754 1979 809 sic
2014 763 2071 809 et
2101 754 2327 808 virtutis
2356 769 2521 810 cursu
2552 756 2777 814 inducta
2824 759 3004 828 quies,
3032 761 3154 816 vitii
3184 777 3385 819 cursus
3409 779 3475 821 ac

1898 846 2195 917 pravitatis
2230 846 2517 901 inchoatio
2548 857 2653 903 est.

1972 939 2242 992 Virtutem
2281 954 2397 994 rem
2451 949 2647 1010 paratu
2714 941 2992 999 dimci‘lem
3042 960 3111 1000 cx
3170 945 3477 1016 Scripturis

1900 1030 2070 1086 sacris
2092 1029 2427 1098 didicimus,
2481 1048 2644 1101 quam
2700 1034 3013 1091 innumeris
3074 1037 3379 1093 sudoribus
3412 1052 3477 1093 ac

1899 1122 2185 1177 laboribus
2212 1163 2228 1187 ,
2281 1122 2679 1194 diligentiaque
2727 1140 2792 1181 ac
2846 1126 3243 1198 defatigatione
3269 1168 3285 1195 ,
3324 1129 3477 1185 omni

1901 1213 2139 1284 denique
2164 1224 2363 1269 conatu
2400 1215 2701 1271 obnitendo
2733 1232 2877 1287 aegre
2910 1220 3160 1289 impleas.

1971 1304 2328 1377 Chrysost.—
2351 1306 2409 1362 Si
2440 1308 2566 1377 quis
2603 1318 2953 1365 terrenorum
3004 1311 3294 1366 hominum
3328 1312 3485 1383 leges

1903 1397 2325 1469 transgreditur,
2352 1415 2464 1454 non
2497 1400 2726 1472 eﬂ'ugiet
2750 1403 2885 1472 quin
2928 1417 3145 1472 poenam
3181 1403 3473 1469 sustineat;

1902 1496 2111 1557 quanto
2148 1490 2320 1560 magis
2343 1490 2792 1548 intolerabilibus
2843 1492 3147 1547 tradendus
3186 1491 3476 1562 suppliciis

1902 1591 2008 1647 est,
2037 1582 2131 1651 qui
2162 1582 2428 1637 calorum
2458 1583 2679 1639 Domini
2711 1594 2984 1656 praecepta
3020 1584 3347 1639 violaverit?

1975 1762 2135 1816 Velut
2164 1762 2220 1815 in
2250 1761 2480 1829 cithara,
2504 1762 2653 1818 haud
2692 1764 2827 1818 satis
2854 1772 2941 1819 est
2969 1770 3029 1817 ut
3055 1763 3112 1817 in
3152 1776 3262 1815 una
3295 1758 3475 1816 solum

214 1841 357 1908 μιᾶς
392 1841 591 1911 νευρᾶς
622 1842 724 1911 τὴν
755 1840 1020 1911 μελῳδίαν
1047 1838 1393 1912 ἐργάζεσθαι,
1445 1839 1580 1893 ἀλλά
1624 1839 1802 1903 πάσας

1920 1854 2116 1910 :horda
2145 1862 2478 1911 concentum
2506 1855 2656 1918 edas,
2693 1856 2789 1911 sed
2839 1870 3032 1911 omnes
3078 1866 3373 1908 numerose
3394 1857 3477 1904 at-

212 1932 443 1986 ἐπιέναι
467 1932 549 1985 δεῖ
582 1932 718 2002 μετὰ
754 1931 963 2002 ῥυθμοῦ
977 1931 1072 1985 τοῦ
1108 1932 1493 2002 προσήκοντος,
1534 1931 1677 1986 οὕτω
1709 1932 1802 1985 καὶ

206 2025 314 2077 ,ἐπὶ
376 2024 479 2093 τῆς
539 2024 679 2077 κατὰ
732 2025 830 2094 τὴν
876 2024 1051 2095 ψυχὴν
1081 2025 1302 2095 ἀρετῆς,
1354 2024 1447 2077 ούκ
1480 2025 1639 2094 ἀρκεῖ
1671 2026 1801 2095 ἡμῖν

215 2114 401 2185 νόμος
430 2116 509 2179 είς
532 2115 805 2185 σωτηρίαν
831 2111 932 2180 εἷς,
963 2114 1098 2170 ἀλλὰ
1126 2115 1204 2169 δεῖ
1226 2115 1425 2178 πάντας
1454 2114 1651 2178 αὐτοὺς
1665 2116 1803 2185 μετά

215 2206 517 2275 ἀκριϐείας
547 2206 859 2274 φυλάττειν.

291 2298 395 2368 Μὴ
427 2298 607 2351 τοίνυν
664 2298 935 2369 λέγωμεν,
962 2300 1044 2353 ὅτι
1067 2300 1097 2353 ὁ
1124 2300 1275 2354 δεῖνα
1303 2297 1462 2368 φύσει
1491 2298 1682 2363 κακὸς,
1711 2298 1805 2352 καὶ

218 2393 249 2444 ὁ
268 2391 424 2445 δεῖνα
446 2390 605 2459 φύσει
632 2392 814 2455 καλός.
859 2392 922 2445 Et
952 2392 1062 2462 γὰρ
1101 2391 1261 2462 φύσει
1286 2390 1509 2458 ἀγαθὸς,
1544 2389 1803 2445 οὐδέποτε

221 2482 519 2553 δυνήσεται
572 2483 825 2550 γενέσθαι
874 2484 1044 2546 κακός
1087 2499 1101 2513 ⁸
1158 2484 1253 2537 καλ⁵
1306 2482 1354 2534 εί
1403 2482 1560 2550 φύσει
1612 2483 1801 2549 κακὸς,

222 2573 486 2627 οὐδέποτε
514 2575 800 2643 γενήσεται
828 2574 1048 2642 ἀγαθός.

260 2732 269 2739 ε
295 2667 417 2735 Οὐχ
444 2666 704 2735 ὑπομένει
735 2666 796 2719 τὸ
819 2666 1009 2731 σκότος
1035 2665 1135 2737 τὴν
1152 2664 1243 2718 τοῦ
1272 2666 1448 2735 φωτὸς
1467 2665 1770 2735 παρουσίαν
1787 2682 1800 2696 ο

224 2758 284 2811 ού
313 2759 473 2821 νόσος
499 2758 684 2827 ὑγείας
714 2758 1081 2829 ἐπιλαϐούσης
1110 2760 1322 2813 ἵσταται
1347 2772 1359 2786 ·
1385 2756 1483 2811 οὐκ
1506 2758 1719 2828 ἐνεργεῖ
1737 2756 1803 2809 τὰ

228 2850 381 2921 πάθη
414 2851 513 2920 τῆς
539 2850 809 2915 ἀπαθείας
832 2850 1136 2923 παρούσης.

305 3031 633 3102 Ἐλευθέραν
689 3027 828 3085 εἶναι
887 3032 1155 3103 προσήκει
1210 3032 1408 3094 παντὸς
1489 3030 1655 3100 φόϐου
1705 3031 1802 3101 τὴν

226 3123 450 3194 ἀρετήν.
497 3124 812 3178 ’Δδέσποτον
835 3123 944 3195 γὰρ
974 3124 1146 3196 ἁρετὴ
1174 3124 1267 3178 καὶ
1308 3122 1567 3188 ἑκούσιον,
1598 3123 1801 3187 παντὸς

227 3217 398 3286 φόὸου
431 3218 526 3271 καὶ
557 3217 806 3287 ἀνάγκης
836 3216 1142 3288 ἐλεύθερον.

292 3312 415 3364 υύκ
439 3311 587 3365 ἔστιν
609 3311 775 3381 ἄλλην
807 3309 1007 3374 κακίας
1036 3310 1291 3383 γέννησιν
1322 3310 1590 3381 ἐννοῆσαι,
1608 3308 1643 3379 ἢ
1674 3308 1802 3378 άρε-

224 3403 322 3472 τῆς
348 3403 643 3457 ἀπουσίαν.

289 3492 673 3558 Φιλωγυᾳ-
710 3492 816 3548 Τοῦ
846 3493 1052 3562 φαύλου
1099 3492 1263 3564 ἕτερα
1302 3492 1401 3563 μὲν
1438 3490 1510 3545 τά
1550 3489 1799 3561 ὲνθύμια,

225 3585 389 3656 ἔτερα
417 3588 479 3641 δὲ
518 3587 586 3641 τά
612 3588 853 3661 ῥήματα,
885 3587 1043 3641 ἄλλαι
1071 3586 1128 3641 δὲ
1173 3587 1231 3640 αι
1275 3585 1501 3657 πράξεις
1525 3601 1539 3617 ο
1569 3584 1803 3655 διάφορα

226 3678 281 3731 δὲ
302 3681 487 3733 πάντα
515 3681 610 3734 καὶ
641 3682 946 3751 μαχόμενα.

294 3770 513 3835 Κακίας
546 3771 725 3838 ἔξοδος
768 3772 972 3844 άρετῆς
1005 3772 1213 3826 είσοδον
1242 3772 1534 3843 ἐργάζεται
1566 3787 1580 3802 ο
1602 3771 1677 3835 ὡς
1707 3770 1803 3824 καὶ

227 3864 560 3928 τούναντίον,
591 3866 962 3929 ὑπεκστάντος
987 3863 1195 3933 άγαθοῦ
1221 3864 1281 3919 τὸ
1316 3864 1606 3935 ἐφεδρεῦον
1636 3863 1803 3917 κακὸν

229 3955 627 4027 ἐπεισέρχεται.

290 4048 657 4116 Κλήμεντος.
702 4079 769 4091 -
810 4049 875 4102 Ἦ
919 4048 1033 4103 τῶν
1064 4047 1254 4101 κακῶν
1286 4048 1576 4119 ἀπαλλαγὴ
1626 4064 1802 4118 σωτη-

230 4137 347 4207 ρίας
380 4140 530 4192 ἐστὶν
554 4140 720 4212 ἀρχή.

300 4234 394 4296 ὀς
444 4218 647 4299 ἐοικενξ
701 4236 734 4305 ή
785 4235 1101 4308 δικαιοσύνη
1129 4236 1475 4308 τετράγωνός
1503 4238 1671 4300 ἐστιν,
1712 4234 1801 4305 ἴση

227 4324 316 4376 καὶ
362 4324 527 4395 ὁμοία
561 4327 620 4378 ὲν
672 4326 836 4398 λόγῳ,
878 4329 937 4381 ὲν
992 4330 1163 4403 ἔργῳ,
1202 4333 1263 4384 ἐν
1286 4331 1464 4400 ἀποχῇ
1498 4328 1705 4389 κακῶν,
1745 4328 1802 4378 ὲν

225 4413 465 4485 εὐποιία,
510 4417 570 4469 ὲν
593 4415 889 4492 τελειότητι
933 4423 1209 4492 γνωστικῇ
1241 4436 1257 4452 ο
1304 4417 1517 4488 οὐδαμῆ
1552 4415 1802 4486 οὐδαμῶς

226 4505 564 4574 χωλεύουσα.
589 4509 678 4562 ἵνα
696 4491 785 4580 ’μὴ
808 4510 992 4575 ἄδικος
1022 4513 1119 4567 καὶ
1146 4513 1327 4575 άνισος
1368 4513 1529 4582 φανῇ.

281 4686 568 4757 Διδύμου.
604 4720 671 4730 -
698 4690 1044 4762 Σχηματίζου
1094 4691 1193 4761 τὴν
1251 4689 1476 4761 ἀρετὴν,
1516 4690 1615 4758 οὐχ
1659 4703 1807 4751 οπως

227 4776 536 4850 άπατήσῃς,
566 4779 683 4833 ἀλλ’
711 4781 861 4845 ὅπως
882 4781 1195 4852 ὠφελήσῃς.

287 4872 584 4942 quorum
605 4871 740 4926 Θεοῦ
770 4873 992 4927 λεκτέον
1019 4873 1119 4944 τὴν
1145 4873 1481 4927 κατάστασιν
1523 4871 1634 4925 τῶν
1669 4872 1810 4927 κατὰ

226 4966 342 5030 τοὺς
382 4964 561 5029 θείους
581 4966 781 5037 νόμους
801 4965 1151 5037 τεταγμένως
1187 4964 1463 5036 βιούντων.

283 5149 449 5202 Πᾶσα
486 5146 772 5219 πρακτικὴ
800 5147 972 5218 ἁρετὴ
993 5149 1052 5200 ὲν
1086 5146 1168 5217 τῷ
1194 5144 1465 5215 γίνεσθαι,
1500 5145 1594 5198 καὶ
1630 5144 1729 5197 οὐκ
1752 5145 1810 5196 ἐν

229 5240 298 5311 τῷ
314 5242 623 5311 γεγονέναι,
662 5242 724 5297 τὸ
751 5237 890 5297 εῖναι
912 5241 1046 5313 ἔχει.

293 5335 536 5391 Νείλου.
567 5365 637 5375 -
672 5335 846 5406 Χαῖρε
903 5335 1002 5405 τὴν
1040 5334 1243 5407 ἀρετὴν
1285 5334 1445 5406 ἡνίκα
1509 5333 1769 5404 πράττεις
1795 5350 1807 5362 ·

233 5426 361 5483 ἀλλὰ
389 5429 466 5501 μὴ
489 5427 743 5499 ἐπαίρου,
779 5427 852 5498 μή
882 5444 1013 5481 ποτε
1042 5428 1104 5482 τὸ
1134 5428 1395 5497 ναυάγιον
1426 5429 1483 5481 ὲν
1525 5425 1604 5496 τῷ
1631 5424 1811 5493 λιμένι

235 5519 472 5592 γένηται.

297 5614 619 5682 Κυρίυιισυ.
652 5644 721 5654 ——
748 5615 869 5686 Χρὴ
900 5614 999 5686 τὴν
1056 5614 1260 5684 ἀρετὴν
1296 5613 1370 5683 μὴ
1408 5610 1664 5681 χωλεύειν
1687 5610 1810 5661 καθ’

238 5703 508 5777 ἑκάτερον,
544 5707 659 5760 ἀλλ’
682 5708 829 5777 ἔργῳ
858 5707 954 5761 καὶ
981 5707 1123 5778 λόγῳ
1144 5704 1310 5778 ὀρθὴν
1339 5706 1430 5759 καὶ
1466 5701 1812 5776 ἀπηρτισμέ-

241 5810 327 5866 νην
355 5800 476 5853 κατ’
512 5800 799 5871 ἀμφότερα
841 5795 1000 5856 εἶναι.

1901 1960 2009 2014 que
2045 1944 2313 2001 decenter
2342 1947 2736 2015 percurrendae
2766 1955 2932 2000 sunt:
2986 1946 3066 2001 sic
3099 1954 3156 2000 et
3208 1942 3277 1998 ad
3306 1941 3477 1996 animi

1897 2037 2181 2103 virtutem,
2219 2049 2279 2095 ut
2331 2039 2565 2094 salutem
2624 2055 3051 2109 consequamur,
3078 2053 3190 2093 non
3225 2050 3334 2091 una
3389 2035 3489 2089 lex.

1900 2128 2125 2194 sulIicit,
2144 2130 2241 2185 sed
2280 2145 2509 2186 necesse
2556 2138 2643 2185 est
2692 2138 2753 2185 ut
2803 2146 2898 2187 eas
2929 2145 3124 2186 omnes
3156 2134 3347 2184 exacte
3374 2122 3478 2178 ob-

1900 2237 2203 2278 servemus.

1970 2316 2049 2371 Ne
2076 2316 2246 2387 igitur
2272 2316 2554 2372 dicamus:
2587 2317 2747 2372 Hunc
2789 2324 2988 2371 natura
3024 2317 3255 2382 bonum,
3297 2319 3484 2374 illum-

1900 2424 2009 2478 que
2034 2418 2233 2463 natura
2263 2410 2488 2464 malum.
2510 2410 2567 2464 Si
2596 2410 2747 2464 enim
2772 2416 2969 2463 natura
2996 2409 3179 2463 bonus
3209 2417 3317 2476 est,
3336 2425 3483 2463 nun-

1901 2516 2064 2571 quam
2121 2503 2299 2557 malus
2336 2502 2453 2557 fieri
2497 2501 2750 2572 poterit;
2800 2507 2876 2565 et,
2915 2499 2964 2554 si
3025 2508 3225 2555 natura
3278 2501 3485 2565 malus,

1901 2606 2184 2659 nunquam
2213 2591 2308 2645 fiet
2336 2591 2535 2646 bonus.

1970 2682 2091 2736 Non
2121 2682 2399 2737 sustinent
2443 2683 2689 2737 tenebrae
2725 2684 2867 2737 lucis
2918 2682 3314 2752 praesentiam;
3370 2694 3485 2735 non

1903 2774 2133 2829 morbus
2159 2774 2434 2839 consistit,
2463 2774 2559 2827 ubi
2590 2774 2799 2828 sanitas
2828 2774 3054 2828 advenit
3094 2791 3108 2827 :
3154 2788 3265 2827 non
3292 2772 3485 2843 vigent

1902 2865 2134 2920 allectus
2155 2880 2222 2918 ac
2247 2865 2721 2935 perturbationes,
2753 2878 2879 2920 cum
2916 2865 3029 2919 illis
3069 2864 3300 2928 sedatis,
3334 2872 3484 2918 tran-

1903 2957 2059 3029 quilli
2084 2958 2208 3026 quis
2237 2957 2409 3012 animi
2437 2957 2689 3013 habitum
2716 2963 2917 3011 nactus
2948 2964 3058 3010 cst.

1972 3050 2244 3105 Virtutem
2274 3049 2344 3104 ab
2379 3049 2529 3104 omni
2561 3056 2713 3102 metu
2734 3048 2971 3101 liberam
3021 3061 3144 3101 esse
3197 3045 3479 3103 convenit.

1904 3142 2002 3197 Est
2023 3143 2172 3197 enim
2204 3141 2382 3196 virtus
2405 3142 2522 3212 ipsa
2558 3139 2884 3195 servitutem
2921 3153 3191 3209 respuens
3217 3153 3282 3194 ac
3313 3153 3482 3209 spon-

1906 3245 2090 3294 tanea.
2116 3235 2187 3289 ab
2214 3235 2477 3303 omnique
2509 3240 2658 3287 metu
2692 3240 2750 3287 et
2783 3231 3112 3287 necessitate
3139 3231 3340 3286 soluta.

1971 3327 2131 3381 Nulla
2192 3327 2298 3381 alia
2327 3326 2450 3380 vitii
2501 3326 2659 3396 origo
2705 3324 3008 3395 excogitari
3046 3330 3252 3393 potest,
3315 3338 3482 3393 quam

1904 3418 2127 3473 virtutis
2150 3418 2424 3473 absentia.

1972 3508 2233 3563 Philonis.
2260 3539 2329 3548 —
2352 3508 2591 3578 lmprobi
2648 3507 2894 3562 hominis
2930 3521 2995 3561 ac
3024 3506 3155 3561 mali
3200 3506 3323 3562 aliae
3354 3515 3487 3562 sunt

1903 3601 2289 3671 cogitationes,
2336 3601 2556 3670 aliaque
2599 3600 2793 3664 verba,
2824 3606 2989 3670 atque
3038 3599 3163 3655 aliae
3195 3598 3481 3655 actiones:

1903 3690 2122 3746 diversa
2146 3690 2330 3746 omnia
2360 3686 2427 3745 ac
2451 3690 2775 3762 pugnantia.

1973 3782 2304 3839 Facessente
2340 3782 2499 3846 vitio,
2526 3781 2722 3836 virtuti
2769 3782 3055 3854 ingressus
3082 3780 3237 3853 531
3257 3788 3487 3851 praesta-

1905 3884 2026 3941 tur;
2063 3874 2422 3945 vicissimque
2452 3874 2599 3929 bono
2635 3873 2966 3938 excedente,
3013 3872 3300 3928 insidianti
3336 3872 3484 3927 malo

1904 3966 2155 4037 pervium
2186 3965 2247 4019 [it
2276 3971 2340 4020 ut
2362 3965 2731 4036 ingrediatur.

1976 4058 2356 4115 Clementis.—
2378 4058 2421 4112 A
2456 4057 2619 4112 malis
2645 4056 2899 4122 liberari,
2942 4055 3165 4111 initium
3200 4063 3288 4110 est
3328 4054 3477 4110 salu-

1905 4150 1999 4206 tis.

1969 4242 2195 4298 Iustitia
2222 4282 2236 4305 ,
2268 4249 2327 4295 ut
2369 4240 2591 4295 videtur
2612 4280 2628 4303 ,
2669 4239 3049 4311 quadrangula
3095 4246 3205 4304 est,
3242 4251 3344 4307 par
3375 4234 3487 4290 sci-

1903 4334 2037 4389 licet
2060 4342 2227 4403 atque
2258 4331 2459 4388 similis
2486 4331 2542 4385 in
2566 4346 2847 4396 sermone,
2878 4346 3069 4401 opere,
3096 4326 3436 4385 abstinentia
3457 4342 3489 4380 a

1904 4425 2086 4489 malis,
2142 4424 2201 4478 in
2244 4422 2639 4488 beneficentia,
2701 4423 2757 4477 in
2820 4422 3070 4477 scientiae
3122 4418 3486 4491 perfectione,

1836 4514 2062 4573 Dnulla
2094 4528 2329 4582 usquam
2391 4512 2608 4567 ratione
2662 4509 3022 4575 claudicans,
3076 4522 3147 4563 ne
3179 4506 3387 4577 iniusta
3431 4511 3490 4559 et

1910 4602 2198 4671 inaequalis
2230 4600 2507 4655 videatur.

1979 4695 2303 4767 Didymi.—
2326 4694 2605 4750 Virtutem
2636 4693 2921 4757 simulato,
2953 4706 3065 4747 non
3103 4697 3163 4745 ut
3196 4684 3488 4753 fallas,scd

1910 4798 1972 4843 ut
1993 4787 2196 4858 prosis.

1980 4881 2230 4951 Regnum
2274 4879 2565 4943 caelorum,
2590 4891 2786 4932 eorum
2832 4881 3039 4930 statum
3084 4872 3259 4937 dicas,
3291 4869 3389 4939 qui
3420 4882 3489 4922 ex

1911 4974 2230 5029 divinorum
2285 4973 2471 5043 legum
2516 4970 2833 5026 rationibus
2862 4966 3172 5036 composite
3209 4961 3382 5018 vitam
3405 4959 3493 5015 in-

1910 5066 2172 5122 stituunt.

1979 5156 2112 5221 Qua:
2146 5156 2201 5209 in
2234 5155 2451 5209 actione
2489 5151 2767 5214 consistit,
2789 5149 2969 5202 virtus
2999 5143 3183 5200 omnis
3207 5142 3262 5198 in
3296 5156 3365 5199 eo
3383 5150 3492 5207 est,

1911 5263 1976 5303 ac
2002 5261 2126 5301 esse
2163 5245 2351 5308 habet,
2383 5242 2533 5312 quod
2559 5240 2676 5305 fiat,
2705 5254 2818 5294 non
2847 5236 3000 5307 quod
3030 5234 3173 5290 facta
3200 5241 3306 5289 est.

1984 5336 2111 5394 Nili.
2136 5333 2411 5391 —Gaude
2438 5330 2661 5386 interim
2687 5328 2822 5383 dum
2858 5326 3125 5381 virtutem
3163 5323 3334 5389 colis;
3361 5336 3501 5378 cave

1914 5440 2099 5485 tamen
2131 5427 2319 5483 animo
2366 5420 2653 5478 extollaris
2678 5460 2693 5485 ,
2750 5434 2820 5475 ne
2851 5416 2996 5473 forte
3037 5414 3390 5486 naufragium
3439 5416 3497 5469 in

1913 5529 2081 5591 portu
2117 5518 2339 5574 feceris.

1984 5612 2193 5683 Cyrilli.
2218 5611 2493 5678 —0pcrac
2527 5606 2765 5676 pretium
2806 5604 3069 5659 virtutem
3102 5601 3158 5655 in
3202 5608 3500 5664 utramque

1916 5711 2127 5775 partem
2178 5715 2289 5755 non
2356 5696 2708 5762 claudicare,
2768 5694 2864 5751 sed
2927 5708 3097 5764 opere
3128 5707 3191 5748 ac
3239 5698 3499 5745 sermone

1918 5799 2149 5860 rectam,
2180 5799 2345 5861 atque
2377 5787 2639 5857 utrinque
2666 5782 2971 5854 perfectam
3004 5796 3129 5838 esse
