4036 6278
212 340 344 405 7%

1542 335 1711 396 LOCI
1750 334 2189 405 COMMUNES.

3392 364 3494 427 730

297 458 449 511 Θεοῦ
478 456 629 523 άξιόν
684 472 744 508 σε
803 454 1041 525 ποιήσει,
1068 451 1131 505 τὸ
1189 450 1354 522 μηδὲν
1407 449 1628 515 ἀνάξιον
1656 447 1821 504 αὑτοῦ

1928 544 1945 552 ᾔ
2004 452 2239 552 Dignum
2284 468 2335 515 te
2376 463 2488 518 Deo
2522 463 2747 532 ellicies,
2784 468 2879 524 ubi
2913 471 3055 528 nihil
3104 490 3173 531 eo
3205 477 3493 552 indignum

214 550 529 621 πράττειν.

297 644 480 709 Βίας.
505 671 575 682 —-
596 639 751 695 Οὕτω
771 635 947 709 πειρῶ
958 635 1079 708 ζῇν,
1102 633 1180 699 ὡς
1202 634 1297 689 καὶ
1320 632 1504 703 ὀλίγον
1527 632 1623 687 καὶ
1647 629 1817 686 πολὺν

216 735 435 805 χρόνον
463 731 813 802 βιωσόμενος.

299 825 547 882 Λάκων.
583 854 653 864 —-
692 823 888 877 Λάκων
926 817 1259 891 ἐρωτηθεὶς,
1309 816 1455 872 διατι
1510 814 1817 887 ἀτείχιστος

218 922 394 974 ἐστιν
419 920 453 989 ἡ
486 916 733 989 Σπάρτη·
780 914 872 985 Μὴ
919 911 1143 984 ψεύδου,
1170 910 1311 982 ρφη·
1350 908 1681 981 τετείχισται
1707 907 1818 981 γάρ

217 1013 365 1075 ταῖς
385 1011 497 1067 τῶν
511 1009 804 1065 οἰκούντων
830 1009 1079 1077 ἀρεταῖς.

300 1124 620 1197 Διογένης.
656 1154 729 1166 -
769 1121 1159 1187 Ὀνειδισαντος
1207 1114 1355 1189 αύτῷ
1403 1132 1571 1183 τινος,
1628 1116 1705 1180 ὡς
1736 1115 1819 1180 εἰς

216 1216 595 1288 ἀκαθάρτους
620 1213 820 1277 τόπους
851 1210 1182 1283 εἰσέρχεται,
1209 1207 1337 1280 ἔφη·
1397 1205 1511 1261 Καὶ
1554 1206 1586 1259 ὁ
1642 1205 1816 1277 ἥλιος,

219 1308 357 1362 ἀλλ’
390 1309 455 1361 ού
483 1306 774 1378 μιαίνεται.

301 1424 579 1480 Δια-διον.
610 1451 682 1465 -
726 1420 1023 1478 Εὐσέϐειαν
1058 1418 1141 1474 δεῖ
1189 1415 1480 1489 φυλάσσειν
1502 1431 1519 1448 ·
1576 1414 1820 1479 πολίταις

220 1519 301 1571 τὰ
358 1516 617 1588 βέλτιστα
663 1510 1086 1587 συμϐουλεύειν·
1153 1508 1353 1583 ἡδονῆς
1397 1508 1672 1578 ⁸κρατεῖν·
1724 1505 1818 1578 βίᾳ

224 1607 417 1680 μηδὲν
466 1606 728 1679 πράττειν
764 1621 779 1636 ·
810 1604 902 1659 τὸν
952 1602 1047 1656 τοῦ
1094 1602 1267 1674 δήμου
1320 1598 1509 1671 ἐχθρὸν
1563 1598 1818 1669 πολέμιον

222 1699 490 1772 νομίζειν
514 1716 529 1730 ·
560 1698 777 1764 οἰκέτας
810 1695 1110 1769 μεθύοντας
1140 1693 1217 1765 μὴ
1258 1690 1503 1758 κολάζειν
1528 1692 1609 1745 ἐἰ
1635 1690 1694 1744 δὲ
1719 1688 1815 1764 μή,

220 1795 423 1864 δόξεις
444 1793 746 1863 παροινεῖν.

262 1930 265 1931 ⁷
301 1907 693 1977 Λυκούργου.
720 1933 794 1951 --
825 1900 1144 1975 Λυκοῢργος
1188 1900 1220 1957 ὀ
1271 1896 1591 1970 νομοθέτης,
1626 1896 1690 1952 τὸ
1714 1895 1815 1967 μὲν

222 2000 546 2072 ἀξιόχρεων
584 1998 696 2055 τῶν
722 1994 1029 2067 ἀνθρώπων
1075 1993 1180 2065 ἔφη
1210 1993 1270 2049 ιν
1295 1989 1535 2063 τῇοίκίᾳ
1561 1987 1813 2045 κεῖσθαι·

228 2095 297 2148 τὸ
321 2093 389 2149 δὲ
411 2091 752 2160 ἀξιόπιστον.
782 2092 841 2147 ὲν
862 2093 976 2156 τοῖς
1001 2090 1247 2162 τρόποις.

308 2213 692 2282 Πυθαγόρου.
716 2238 787 2250 -
808 2208 1113 2280 Φιλήδονον,
1130 2202 1522 2276 φιλοσώματον,
1553 2199 1817 2273 φιλοχρή-

240 2322 423 2377 ματον
457 2304 557 2359 καὶ
602 2300 847 2372 φιλόθεον
871 2299 965 2353 τὸν
1011 2296 1197 2363 αὐτὸν,
1232 2295 1491 2353 αδύνατον
1542 2286 1702 2347 εἶναι.
1756 2288 1817 2344 '0

236 2400 353 2470 τὰρ
379 2394 891 2467 φιλήδονοςπάντως
943 2389 1041 2446 καὶ
1071 2387 1479 2458 φιλοσώματος·
1515 2384 1546 2438 ὀ
1568 2383 1627 2437 δὲ
1664 2381 1816 2452 φιλο-

242 2487 532 2558 σώματος,
566 2484 785 2547 πάντως
831 2483 926 2538 καὶ
972 2480 1401 2552 φιλοχρήματος*
1430 2474 1536 2530 ὁδὶ
1557 2474 1819 2546 φιλοχρή-

242 2598 446 2650 ματος,
476 2578 540 2644 ὲξ
565 2578 811 2647 ἀνάγκης
847 2575 944 2631 καὶ
971 2575 1159 2639 ἄδικος
1181 2590 1198 2607 ·
1235 2573 1265 2626 ὁ
1287 2571 1347 2625 δὲ
1379 2568 1583 2635 ἄδικος,
1614 2570 1696 2633 εἰς
1720 2567 1820 2640 μὲν

241 2672 389 2726 Θεὸν
415 2669 652 2737 ἀνόσιος,
674 2670 755 2733 εἰς
783 2667 843 2723 δὲ
878 2666 1166 2738 ἄνθρωπον
1195 2663 1527 2737 παράνομος.

314 2841 427 2901 Ὠν
466 2844 562 2899 τοῦ
604 2843 853 2914 σώματος
879 2841 1214 2910 ἀπαλλαγεὶς
1239 2839 1301 2894 ού
1335 2838 1499 2911 δεήσῃ
1525 2876 1542 2902 ,
1591 2838 1857 2900 tacetve)“

245 2936 585 3008 καταφρόνει
609 2935 826 2989 πάντων
844 2950 859 2966 ·
883 2934 979 2988 καὶ
1007 2926 1084 2990 ὧν
1106 2931 1440 3001 ἀπαλλαγεὶς
1466 2931 1665 3002 δεήσῃ,
1682 2929 1820 3002 πρὸς

241 3032 428 3089 ταῦτα
452 3049 537 3085 σοι
563 3030 885 3101 άσκουμδνῳ
910 3027 1044 3082 Θεὸν
1085 3027 1395 3098 παρακάλει
1423 3025 1669 3095 γενεσθαι
1695 3025 1820 3079 συλ-

242 3126 521 3196 λήπτορα.

313 3214 915 3283 Διοδώρουμ-Πάντες
940 3212 1217 3284 ἄνθρωποι
1240 3210 1328 3267 διά
1352 3209 1453 3282 τὴν
1470 3211 1571 3280 τῆς
1596 3207 1816 3277 φύσεως

243 3308 559 3372 ἀσθένειαν,
593 3305 766 3377 βιοῦσι
788 3304 888 3376 μὲν
913 3303 1202 3376 ἀκαριαῖόν
1218 3319 1271 3358 τι
1302 3302 1465 3375 μέρος
1494 3299 1590 3356 τοῦ
1617 3302 1819 3366 παντὸς

242 3400 479 3464 αἰῶνος·
525 3397 947 3467 τετελευτήκασι
989 3395 1047 3450 δὲ
1095 3397 1206 3450 πάν
1240 3394 1333 3450 τὸν
1359 3394 1582 3467 ὕστερον
1605 3394 1815 3465 χρόνον.

244 3492 361 3544 Καὶ
389 3491 503 3554 τοῖς
538 3487 637 3560 μὲν
684 3489 743 3542 ἐν
769 3487 847 3559 τῷ
886 3488 988 3560 ζῇν
1020 3485 1190 3558 μηδὲν
1228 3484 1505 3554 ἀξιόλογον
1551 3482 1815 3556 πράξασι,

244 3581 365 3652 ἅμα
413 3582 535 3644 ταῖς
578 3578 687 3634 τῶν
733 3579 1004 3651 σωμάτων
1052 3578 1335 3639 τελευταῖς
1384 3575 1818 3646 συναποθνήσκει

243 3673 337 3726 καὶ
359 3672 429 3727 τὰ
462 3672 601 3729 ἄλλα
627 3672 804 3727 πάντα
838 3671 982 3726 κατά
1007 3671 1102 3725 τὸν
1128 3669 1268 3741 βίον·
1295 3671 1408 3733 τοῖς
1433 3668 1490 3723 δὲ
1517 3668 1588 3722 δι’
1616 3668 1819 3739 ἀρετήν

243 3764 763 3835 περιποιησαμένοις
813 3763 1000 3829 δόξαν,
1054 3764 1111 3817 αἱ
1175 3761 1403 3834 πράξεις
1456 3762 1669 3815 ἅπαντα
1724 3756 1851 3814 τδν⁸

243 3856 417 3911 αἰῶνα
446 3856 906 3928 μνημονεύονται,
935 3854 1297 3927 διαϐοώμεναι
1324 3853 1404 3925 τῷ
1431 3852 1693 3923 θειοτάτῳ
1721 3853 1819 3923 τῆς

243 3949 487 4020 ἱστορίας
513 3950 742 4020 στόματι
760 3950 805 4006 ³.
1020 3998 1032 4011 .

322 4040 661 4109 Ὑπερίδου.
694 4069 767 4083 —-
789 4044 884 4096 Δεῖ
917 4041 1009 4097 τὸν
1045 4041 1249 4113 ἀγαθὸν
1293 4041 1721 4109 ἐπιδείκνυσθαι,
1760 4043 1820 4096 ἐν

248 4131 346 4203 μὶν
381 4134 497 4197 τοῖς
536 4134 716 4203 λόγοις
741 4173 757 4199 ,
804 4134 844 4190 ἃ
891 4136 1115 4206 φρονεῖ·
1165 4135 1224 4189 ὲν
1263 4135 1318 4189 δὲ
1359 4136 1475 4200 τοῖς
1526 4134 1744 4206 ιργοις,
1785 4135 1821 4190 ἃ

244 4227 408 4279 ποιεῖ.

323 4315 597 4387 ἰττὰχου
618 4322 906 4392 φιλοσόφ.
935 4352 1006 4363 -
1036 4322 1178 4387 Τοὺς
1204 4323 1441 4393 ἀγαθοὺς
1469 4324 1581 4380 τῶν
1607 4322 1817 4396 ἀνθρώ-

242 4422 385 4471 mw,
418 4408 556 4464 Θεοῦ
584 4427 639 4463 τι
670 4411 835 4481 μέρος
860 4412 1026 4484 ἔχειν.

1919 544 2138 603 feceris.

1989 637 2328 699 Diam—Sic
2356 646 2517 703 stude
2548 649 2757 719 vivere,
2792 661 2855 709 ut
2902 664 2961 711 et
3019 672 3226 728 paucos
3269 662 3409 731 dies,
3438 674 3495 721 et

1918 734 2114 806 longos
2151 751 2328 792 annos
2356 739 2633 798 victurus.

1988 828 2469 887 Lucam—Lacon
2534 834 2927 909 interrogatus,
2970 856 3072 897 cur
3110 841 3307 913 Sparta
3352 862 3494 903 ma:-

1917 920 2084 977 nibus
2115 922 2298 979 cincta
2338 939 2448 980 non
2473 936 2622 983 esset
2652 944 2665 981 :
2698 928 2951 997 Falleris,
2985 932 3192 1005 inquit;
3226 937 3493 993 moenium

1919 1016 2044 1072 loco
2070 1016 2277 1073 civium
2307 1019 2612 1079 virtutibus
2639 1024 2822 1081 cincta
2856 1036 2963 1084 est.

1989 1127 2274 1201 Diogenes.
2306 1162 2378 1175 —-
2407 1132 2548 1191 Cum
2602 1136 2831 1209 quidam
2880 1140 2932 1196 ei
2963 1141 3175 1212 probro
3224 1152 3494 1214 verteret,

1918 1221 2070 1295 quod
2114 1222 2169 1281 in
2208 1223 2329 1283 loca
2389 1226 2684 1285 inhonesta
2719 1231 3001 1291 intraret:
3035 1235 3104 1291 Et
3137 1236 3247 1303 sol,
3287 1236 3493 1309 inquit,

1920 1314 2116 1380 intrat,
2149 1331 2253 1376 nec
2286 1324 2471 1377 tamen
2508 1323 2944 1382 contaminatur.

1995 1430 2187 1485 Lindii.
2209 1461 2280 1473 ——
2301 1431 2586 1491 Servanda
2616 1437 2795 1508 pietas
2824 1449 2940 1507 est;
2993 1442 3333 1500 consulenda
3359 1445 3495 1501 civi-

1918 1523 2026 1580 bus
2051 1538 2174 1596 quae
2203 1525 2413 1595 optima
2441 1527 2598 1595 sint;
2627 1530 2883 1601 voluptas
2918 1532 3230 1601 domanda;
3260 1552 3359 1607 per
3380 1537 3494 1593 vim

1915 1616 2057 1675 nihil
2083 1619 2398 1689 agendum;
2424 1621 2601 1679 hostis
2632 1624 2922 1682 habendus
2950 1629 3045 1697 qui
3088 1630 3280 1699 populi
3312 1631 3498 1685 inimi-

1920 1722 2022 1766 cus
2056 1709 2164 1777 sit;
2199 1728 2310 1767 non
2344 1714 2621 1783 plcctendi
2674 1718 2819 1773 servi
2869 1718 3050 1788 ebrii;
3096 1721 3304 1793 alioqui
3349 1722 3496 1780 desi-

1842 1789 1893 1852 B
1920 1816 2059 1873 pere
2089 1800 2208 1873 ipse
2226 1803 2491 1861 videaris.

1988 1913 2237 1986 Lycurgi.
2300 1946 2372 1957 —
2420 1916 2703 1990 Lycurgus
2757 1920 3041 1993 legislator
3100 1924 3367 1981 honorem
3431 1942 3497 1982 ac

1917 2004 2245 2077 dignitatem
2296 2007 2443 2079 apud
2484 2009 2750 2066 homines
2804 2011 2862 2067 in
2915 2013 3114 2085 opibus
3163 2015 3322 2072 sitam
3372 2031 3495 2073 esse

1918 2098 2134 2166 aiebat;
2189 2098 2447 2155 ﬁduciam
2476 2110 2662 2157 autem
2692 2104 2750 2159 in
2788 2106 3058 2163 moribus.

1986 2214 2453 2290 Pythagor.—Ut
2478 2215 2627 2271 idem
2675 2218 2981 2289 voluptatis
3026 2228 3195 2291 atque
3246 2221 3499 2294 corporis

1917 2321 1984 2362 ac
2004 2308 2254 2377 pecunia:
2278 2308 2487 2381 Deique
2511 2320 2727 2366 amator
2752 2311 2846 2377 sit,
2874 2313 3030 2369 nullo
3062 2313 3227 2371 modo
3252 2314 3374 2369 ﬁeri
3394 2329 3497 2385 po-

1921 2406 2047 2456 test.
2072 2400 2211 2456 Nam
2246 2401 2550 2475 voluptatis
2585 2419 2803 2472 amans,
2845 2404 2992 2461 idem
3042 2414 3101 2464 et
3127 2421 3331 2480 corpus
3352 2414 3501 2462 amet

1918 2506 2147 2547 necesse
2182 2501 2304 2560 est;
2360 2503 2418 2549 et
2476 2494 2573 2566 qui
2607 2511 2816 2567 corpus
2847 2506 3015 2564 amat,
3047 2497 3197 2554 idem
3231 2498 3503 2555 continuo

1917 2588 1976 2637 et
2008 2583 2303 2653 pecuniam
2339 2602 2353 2638 :
2391 2585 2489 2657 qui
2517 2596 2702 2642 autem
2750 2588 3067 2660 pecuniam,
3128 2589 3274 2645 idem
3306 2605 3500 2646 neces-

1918 2673 2066 2728 sario
2082 2681 2140 2729 et
2163 2673 2403 2745 iniustus
2426 2684 2547 2743 est;
2572 2676 2813 2749 iniustus
2833 2688 3044 2745 autem,
3067 2678 3227 2751 533
3245 2681 3302 2736 in
3326 2679 3501 2736 Deum

1919 2763 2146 2834 quidem
2174 2765 2401 2836 impius,
2428 2766 2486 2820 in
2516 2766 2775 2822 homines
2813 2777 2999 2824 autem
3032 2768 3257 2840 iniquus
3288 2777 3393 2826 est.

1989 2853 2206 2921 Quibus
2271 2871 2511 2928 corpore
2578 2857 2795 2914 solutus
2861 2874 2973 2913 non
3054 2858 3366 2933 indigebis,
3436 2874 3502 2915 ea

1919 2953 2119 3001 cuncta
2145 2952 2472 3001 contemne:
2494 2946 2697 3017 quibus
2720 2956 2903 3001 autem
2936 2956 3068 3004 tunc
3092 2949 3357 3019 temporis
3379 2964 3505 3020 ege-

1918 3038 2027 3104 bis,
2072 3038 2273 3094 horum
2317 3038 2420 3094 tibi
2466 3039 2617 3095 cultu
2654 3039 2947 3109 laboranti,
2993 3040 3166 3100 Deum
3191 3039 3503 3112 adjutorem

1846 3131 1893 3193 α
1922 3137 2121 3201 praesto
2162 3129 2281 3186 fore
2329 3144 2480 3201 roga.

1988 3221 2325 3276 Diodori.-—-
2356 3221 2667 3278 Mortalium
2713 3236 2888 3292 genus
2934 3235 3098 3277 omne
3158 3218 3230 3275 ob
3295 3226 3505 3273 natura:

1919 3313 2383 3379 imbecillitatem,
2432 3314 2692 3384 exiguum
2724 3311 3003 3382 quoddam
3045 3320 3387 3369 momentum
3421 3319 3504 3364 to-

1920 3404 2029 3461 tius
2062 3406 2166 3462 tevi
2209 3406 2266 3460 in
2296 3405 2406 3460 vita
2437 3404 2668 3473 durant;
2698 3405 2979 3478 reliquum
3008 3419 3144 3460 vero
3172 3412 3347 3458 totum
3376 3419 3504 3474 spa-

1920 3499 2060 3555 tium
2104 3509 2281 3556 morte
2313 3500 2563 3571 occupati
2594 3500 2800 3573 iacent.
2836 3499 2905 3553 Et
2930 3498 3041 3554 illis
3074 3512 3227 3564 sane,
3254 3497 3348 3567 qui
3371 3495 3504 3550 dum

1918 3592 2174 3649 viverent
2198 3592 2341 3647 nihil
2376 3590 2627 3665 praeclari
2658 3599 2970 3663 gesserunt,
2994 3588 3190 3646 eodem
3221 3604 3348 3645 cum
3377 3603 3505 3643 cor-

1918 3701 2054 3757 pore
2115 3684 2273 3742 obitu
2332 3683 2517 3740 omnia
2558 3698 2779 3754 pessum
2830 3691 2984 3738 eunt.
3033 3681 3138 3749 Qui
3183 3696 3339 3747 vero,
3396 3695 3507 3753 qua

1920 3774 2092 3832 functi
2134 3775 2344 3830 virtute
2373 3780 2523 3839 sunt,
2556 3772 2787 3844 gloriam
2825 3772 2932 3827 sibi
2978 3776 3398 3841 compararunt,
3433 3769 3505 3823 il-

1920 3870 2105 3925 lorum
2150 3866 2400 3923 actiones
2439 3881 2540 3936 per
2578 3880 2743 3921 omne
2786 3880 2988 3931 aevum,
3030 3863 3381 3919 divinissimo
3420 3861 3507 3917 hi-

1921 3961 2107 4017 storia:
2162 3974 2257 4015 ore
2311 3958 2652 4021 celebrante,
2707 3956 3311 4012 commemorabuntur.

1995 4049 2601 4127 llyperidis.—Virum
2652 4048 2881 4113 bonum,
2920 4062 3043 4118 quae
3066 4045 3254 4113 sentit,
3288 4043 3502 4112 verbis;

1922 4160 2043 4217 quae
2082 4159 2219 4201 vero
2267 4141 2420 4208 facit,
2452 4156 2620 4213 opere
2650 4139 2945 4197 ostendere
2970 4144 3149 4195 decet.

1993 4324 2230 4378 Hittachi
2262 4321 2576 4393 philosophi.
2599 4322 2860 4378 -—Bonos
2885 4322 3058 4388 viros,
3085 4318 3185 4375 Dei
3211 4314 3505 4388 quamdam

1925 4427 2138 4483 partem
2182 4412 2386 4467 habere
2419 4411 2599 4468 decet.

324 4476 689 4568 Ἀριστοτέλ.
717 4476 791 4543 έ-
815 4476 952 4559 Θεοῦ
982 4506 1084 4577 μέν
1108 4508 1226 4561 ἐστι
1256 4507 1518 4578 πράττειν
1559 4507 1597 4563 ἃ
1634 4508 1821 4577 βούλεο

1928 4476 1944 4483 “
1997 4503 2467 4561 Aristotet.—Dei
2514 4510 2620 4570 est,
2668 4519 2792 4574 qum
2838 4502 2975 4559 velit
3016 4516 3177 4573 agere
3215 4495 3511 4553 :hominis

244 4608 333 4645 ται
353 4608 370 4622 ·
398 4592 691 4664 ἀνθρώπου
721 4594 801 4662 δὲ,
831 4598 900 4652 τά
931 4598 1120 4652 δέοντα
1153 4599 1550 4670 προθυμεῖσθαι
1580 4599 1679 4670 (g).

326 4685 990 4755 Ἀντιφάνους.-⁹Ὀταν
1024 4691 1275 4761 εὐπορῶν
1304 4709 1388 4757 τις
1415 4692 1619 4764 αἰσχρά
1651 4693 1825 4764 πράτ-

242 4791 309 4847 τῃ
340 4778 667 4849 πράγματα,
693 4782 747 4837 τί
768 4782 973 4839 τούτων
996 4784 1359 4857 ἀπορήσαντα
1387 4786 1624 4856 πράξειν
1651 4803 1823 4857 προσ-

240 4865 407 4937 δοκᾷς

312 5025 338 5060 ³
378 5026 599 5100 Frigida
649 5030 767 5088 haec
824 5046 1038 5090 merces
1072 5034 1383 5106 saepiusque
1422 5035 1755 5096 frustranea.

1924 4605 2110 4652 autem
2153 4611 2275 4667 qua:
2319 4594 2485 4650 olileii
2532 4609 2598 4650 ac
2646 4595 2881 4651 honesta
2931 4603 3082 4661 sunt,
3122 4590 3434 4665 providere.

1996 4687 2373 4758 Antipham—
2401 4685 2458 4741 Si
2488 4686 2614 4755 quis
2653 4686 2710 4740 in
2764 4701 2951 4741 rerum
2987 4683 3323 4740 abundantia
3350 4689 3512 4747 turpe

1926 4779 2133 4851 aliquid
2176 4776 2439 4842 admittit,
2466 4777 2600 4847 quid
2634 4777 2692 4833 in
2735 4777 2967 4849 penuria
3011 4777 3290 4831 viventem
3345 4781 3499 4824 com-

1931 4877 2229 4934 missurum
2277 4871 2598 4945 putaveris?

1821 5172 2031 5231 ΝΟΤᾸ]

245 5308 756 5390 εοοωοιτίςειιυιιιη
774 5324 898 5390 ιιυὲ
939 5310 1207 5367 certiores
1250 5321 1398 5390 sunt.
1425 5312 1561 5390 Nam
1592 5322 1653 5390 et_
1676 5315 1823 5372 linea

247 5379 424 5461 ipsum
447 5380 533 5435 es't
556 5379 702 5451 quod
730 5379 940 5461 βαλϐὶς,
962 5396 1218 5447 carceres,
1243 5382 1390 5439 unde
1413 5383 1615 5456 aurigae
1639 5386 1694 5441 in
1719 5395 1830 5442 sta-

285 5459 338 5504 ιο
364 5466 589 5505 cursum
605 5459 997 5520 auspicantur.

324 5522 397 5590 (θ)
433 5522 510 5575 Τὰ
546 5519 757 5573 δέοντα
801 5519 1250 5589 προθυμεῖσθαι.
1285 5521 1452 5589 Quasi
1484 5524 1625 5579 velle
1647 5534 1704 5580 et
1738 5525 1825 5581 in-

250 5591 536 5663 clioareex
557 5590 718 5663 nobis
737 5590 844 5655 sit;
867 5591 1129 5663 operibus
1147 5607 1279 5663 vero
1299 5594 1600 5663 praestatio,
1620 5611 1651 5649 a
1674 5597 1785 5650 Deo
1813 5613 1826 5650 :

254 5662 395 5730 quod
444 5661 622 5731 ipsum
672 5661 961 5731 hauserint
983 5661 1406 5731 Pelagiani,'seu
1446 5665 1662 5719 illorum
1697 5666 1828 5720 reli-

254 5733 415 5800 quiar,
444 5730 513 5805 es
553 5730 793 5786 emnosis
834 5730 1290 5805 philosophorum
1334 5733 1601 5805 fontibus,
1630 5736 1831 5805 quibus

258 5796 361 5859 non
392 5796 526 5860 Satis
554 5796 1266 5875 perspecta—gratiaz'Christi
1284 5804 1542 5875 mysteria
1564 5796 1670 5879 qua
1695 5822 1830 5878 prte-

1980 5325 2166 5372 aratur
2194 5315 2554 5383 voluntas,iut
2576 5310 2654 5383 sic
2683 5310 2885 5383 cogitet
2905 5308 2975 5383 τὰ
2997 5307 3205 5375 δέοντα,
3230 5323 3359 5383 qua:
3380 5324 3514 5368 vere

1953 5325 2166 5389 paratur
2194 5323 2470 5378 voluntas,
2493 5323 2554 5367 ut
2576 5327 2654 5369 suc
2683 5323 2885 5383 cogitet
2905 5323 2975 5364 τα
2997 5323 3205 5375 οεοντα,
3236 5323 3359 5432 quae
3380 5324 3514 5368 vere

1953 5394 2168 5441 nonesta
2202 5386 2313 5443 sint
2339 5392 2395 5441 et
2427 5382 2495 5438 ad
2528 5382 2759 5437 salutem
2792 5379 3125 5446 conducant,
3150 5381 3243 5434 nul
3272 5396 3302 5433 a
3329 5380 3382 5434 in
3410 5397 3514 5435 no-

1928 5456 2038 5522 bis,
2063 5456 2220 5526 quasi
2261 5470 2331 5526 ex
2359 5452 2540 5517 nobis,
2572 5466 2765 5526 eoru_m
2813 5449 3090 5526 facultate,
3120 5456 3182 5505 ut
3208 5449 3515 5526 profitetur

1931 5520 2165 5597 magnus
2197 5524 2386 5597 gra_tiaa
2419 5530 2683 5597 assertor;
2697 5521 2921 5577 Paulus.
2964 5520 3158 5593 Jejune
3200 5520 3366 5597 Gesn.
3398 5534 3516 5597 qam

1931 5587 2063 5667 opu}
2093 5587 2235 5667 εαηῖ.
2274 5591 2595 5667 Εχροηοηόί
2650 5590 2862 5667 Patres,
2886 5587 3151 5667 __quo'rum
3200 5587 3376 5667 amnis
3427 5589 3512 5643 lo-

1932 5613 2063 5667 opus
2093 5607 2235 5650 sunt.
2274 5607 2595 5663 nxponenut
2651 5607 2862 5655 Patres,
2913 5607 3151 5715 quorum
3200 5607 3376 5643 amnis
3427 5607 3512 5643 io-

1932 5666 2140 5749 ﬂuendi
2170 5662 2853 5749 modus,_ut‘cumiglratia,
2872 5661 2918 5749 il
2932 5676 3091 5749 aque
3110 5659 3385 5749 eicitant‘e
3415 5673 3513 5749 ve-

1934 5726 2136 5790 limus:
2166 5749 2273 5804 qua
2318 5734 2599 5805 voluntate
2628 5726 2698 5805 ad
2748 5734 2955 5805 majora
2996 5726 3093 5785 Dei
3138 5726 3388 5799 munera,
3425 5726 3512 5800 ip.

1933 5819 2161 5877 samque
2184 5802 2425 5877 gratiam
2455 5802 2685 5876 perfecti
2714 5802 2902 5876 operis
2926 5812 3317 5873 przeparemur.
