4036 6278
220 343 334 403 733

1535 341 1702 400 LOCI
1736 339 2055 400 COMMUN
2065 343 2171 400 ES.

3375 338 3478 400 734

219 453 287 506 δὲ
342 450 588 513 δπισθεν,
645 448 843 519 τυφλόν
884 449 1050 502 ἐστιν.
1085 446 1150 501 Ἠ
1196 447 1254 501 δὲ
1301 448 1529 512 διάνοια,
1584 451 1678 502 καὶ
1731 452 1796 502 τὰ

1929 454 2234 504 :ecum'est.
2268 447 2435 502 Menti
2465 461 2600 502 vero
2633 456 3028 517 comparatum,
3069 463 3134 502 ea
3165 449 3328 504 etiam
3357 466 3478 518 qua:

224 543 613 614 παρῳχημένα
642 541 862 611 βλέπειν
885 542 952 610 τῇ
981 539 1173 610 μνήμῃ
1199 538 1466 607 πέφυκεν.

307 635 538 705 Ἀφρων
561 631 874 702 αὐθημερὸν
909 628 1221 699 ἐξαγγέλλει
1251 629 1426 700 ὀργὴν
1452 629 1640 684 αὐτοῦ.

310 831 696 904 Πᾶςᾶφρων,
731 829 890 894 εὐθὺς
925 829 1017 884 καὶ
1060 829 1398 900 μικρόψυχος
1441 829 1546 902 (Ιί)·
1592 833 1654 885 οὐ
1703 832 1812 902 γάρ

230 925 358 977 ἐστι
389 924 609 992 πάγως.

309 1036 333 1066 ⁸
370 1035 440 1088 Εἴ
464 1033 594 1088 ποτέ
619 1051 742 1088 τινα
776 1033 1020 1104 ἑώρακεν
1056 1033 1457 1104 ἁμαρτάνοντα,
1486 1033 1662 1105 ἔλεγεο
1688 1037 1811 1108 Μή-

234 1142 376 1179 ποτε
407 1125 501 1178 καὶ
524 1124 635 1194 ἐγὼ
663 1125 891 1195 τοιούτῳ
922 1125 1222 1197 περιπέσω.

308 1216 691 1286 Μενάνδρου.
718 1247 790 1257 -
811 1215 1062 1272 Ἀπαντα
1099 1215 1260 1271 δοῦλα
1299 1216 1392 1272 τοῦ
1422 1220 1638 1290 φρονεῖν
1676 1218 1810 1274 καθ-

240 1308 490 1362 ίσταται.

309 1421 706 1490 Βουλευόμενοι
738 1420 1160 1491 παραδείγματα
1199 1418 1476 1475 ποιοῦνται
1508 1421 1814 1493 παρεληλυ-

238 1510 382 1564 θότα
410 1512 518 1564 τῶν
549 1510 871 1582 μελλόντων.
888 1511 963 1564 Τὸ
988 1511 1098 1580 γὰρ
1125 1509 1352 1578 ἀφανὲς,
1377 1511 1439 1563 ὲκ
1454 1510 1546 1565 τοῦ
1575 1511 1811 1584 φανεροῦ

238 1601 516 1674 ταχίστην
539 1601 649 1672 ἔχει
670 1601 768 1673 τὴν
790 1602 1101 1670 διάγνωσιν.

1909 540 2189 610 praeterita
2236 550 2367 594 sunt
2416 540 2681 594 memoria
2722 555 2973 594 cernere.

1987 631 2139 685 Prov.
2173 648 2268 696 xu,
2318 631 2406 687 16.
2445 631 2808 702 —-lnsipiens
2840 631 3032 686 eadem
3084 631 3174 686 die
3228 632 3482 688 enuntiat

1911 722 2048 776 iram
2099 739 2276 778 suam.

1980 813 2140 868 Prov.
2183 830 2292 880 xxv,
2323 813 2720 870 29.—Omnis
2765 813 3054 884 insipiens,
3091 813 3271 882 palam
3315 813 3479 867 etiam

1913 903 2111 973 pusillo
2127 904 2314 960 animo
2333 913 2420 960 est
2444 924 2459 960 :
2484 921 2596 960 non
2616 905 2763 960 enim
2790 904 2980 958 firmus
2997 911 3052 958 et
3072 902 3292 980 stabilis
3316 911 3419 957 est.

1981 1014 2038 1070 Si
2071 1016 2295 1085 quando
2343 1017 2582 1086 aliquem
2627 1023 2945 1087 peccantem
2998 1003 3482 1074 animadverteret;

1913 1106 2135 1162 dicebat
2165 1124 2180 1160 :
2227 1108 2308 1163 Ne
2353 1117 2409 1162 et
2438 1123 2542 1178 ego
2570 1109 2626 1162 in
2675 1108 2780 1161 tale
2809 1105 3093 1176 quidpiam
3130 1103 3390 1158 incidam.

1982 1197 2538 1253 Menandri.—Nihil
2588 1213 2700 1252 non
2748 1197 2960 1252 servire
3005 1195 3152 1265 cogit
3197 1193 3302 1249 sibi
3349 1208 3483 1262 pru-

1913 1287 2122 1342 denﬁa.

1982 1421 2034 1474 Is
2067 1419 2162 1490 qui
2186 1420 2290 1474 init
2314 1420 2630 1484 consilium,
2659 1435 2782 1490 qua:
2807 1425 2936 1474 sunt
2970 1415 3276 1486 prmterita,
3300 1430 3487 1470 exem-

1912 1513 2003 1582 pla
2033 1511 2142 1567 sibi
2175 1510 2488 1566 futurorum
2517 1512 2666 1567 facit.
2691 1511 2846 1578 Quod
2877 1509 3025 1564 enim
3058 1508 3354 1563 obscurum
3379 1515 3484 1568 est,

1913 1620 1981 1660 ex
2019 1619 2086 1659 eo
2119 1603 2266 1674 quod
2315 1614 2400 1658 est
2448 1602 2800 1658 manifestum
2853 1599 3144 1657 celerrime
3189 1597 3485 1668 dijudicari

1914 1710 1978 1750 ac
2014 1694 2252 1750 discerni
2283 1701 2483 1764 potest.

303 1777 675 1846 Ἰσοκράτ.-
689 1777 747 1832 '0
766 1780 954 1843 κακῶς
971 1780 1271 1853 διανοηθεὶς
1291 1797 1356 1835 πε
1368 1781 1415 1852 pl.
1436 1779 1544 1833 τῶν
1566 1780 1810 1845 οἰκείων,

1982 1784 2253 1860 Isocratis.
2275 1817 2345 1825 —
2363 1785 2466 1852 Qui
2496 1785 2565 1840 de
2594 1784 2711 1840 suis
2744 1783 2912 1840 rebus
2941 1782 3083 1837 male
3107 1781 3323 1846 statuit,
3347 1795 3488 1835 nun-

239 1868 509 1922 οὐδέποτε
543 1868 722 1932 καλῶς
755 1868 1100 1940 βουλεύσεται
1135 1871 1263 1942 περὶ
1295 1871 1398 1925 τῶν
1426 1867 1742 1941 ἀλλοτρίων.

319 1957 640 2028 Κλειτάρχ.
675 1989 745 2000 -
782 1959 845 2013 Ἥ
881 1962 1032 2032 ίσχὺς
1067 1961 1162 2016 τοῦ
1198 1961 1444 2032 σώματος
1483 1960 1557 2031 μὴ
1585 1959 1818 2028 γινέσθω

241 2051 348 2121 τῆς
383 2049 562 2120 ψυχῆς
589 2047 840 2106 ἀσθένεια
860 2067 877 2084 ⁸
913 2053 1065 2122 ἰσχὺν
1090 2052 1146 2104 δὲ
1179 2051 1392 2122 ψυχῆς,
1433 2049 1694 2121 φρόνησιν
1732 2048 1817 2102 νόο

245 2143 408 2213 μιζε·

317 2234 670 2306 Δημώνακτ.
699 2265 767 2278 -
809 2236 898 2290 Ἑν
928 2234 1228 2305 ἀλλοτρίοις
1262 2233 1661 2306 παραδείγμασι
1694 2232 1819 2286 παί-

244 2325 378 2380 δευε
421 2329 665 2392 σεαυτὸν,
697 2327 786 2382 καὶ
811 2326 1159 2397 ἀπαθὴς-τῶν
1187 2323 1368 2379 κακῶν
1397 2325 1518 2398 ἔσῃ.

333 2419 800 2487 Ἀριστείδου.-
818 2419 893 2472 Τδ
923 2419 1024 2489 μὲν
1051 2419 1206 2490 νικᾷν
1233 2419 1286 2470 ὲν
1309 2419 1428 2481 ταῖς
1465 2415 1683 2487 μάχαις,
1724 2416 1817 2469 καὶ

245 2510 368 2570 τοῖς
431 2507 656 2577 φαύλοις
708 2507 971 2570 πολλάκις
1021 2507 1392 2578 περιγίνεταιο
1450 2507 1710 2577 φρονήσει
1764 2504 1819 2558 δὲ

249 2599 352 2653 καὶ
380 2599 543 2670 σοφίᾳ
571 2600 792 2671 κρατεῖν
810 2597 1091 2664 δύνασθαι,
1130 2599 1286 2670 μόνον
1314 2597 1433 2651 ἐστὶ
1455 2597 1564 2651 τῶν
1598 2596 1824 2650 εἰδότων

251 2687 629 2757 βουλεύεσθαι.

323 2779 742 2846 ratam—2w?
749 2777 960 2847 ρονέστε
969 2794 1060 2848 ρον
1073 2771 1224 2848 οἶμαι
1239 2776 1335 2830 τοῦ
1355 2774 1488 2846 μετὰ
1502 2774 1597 2827 τοῦ
1615 2774 1820 2837 πάθους

252 2869 533 2940 ἐγκαλεῖν,
555 2869 618 2924 τὸ
641 2870 769 2941 πρὶν
797 2867 991 2924 παθεῖν
1015 2867 1350 2939 φυλάξασθαι
1370 2865 1462 2920 τοῦ
1494 2867 1568 2938 μὴ
1599 2865 1817 2921 παθεῖν.

325 3046 1059 3118 Δημοκράτ.-Φρονήσεως
1085 3045 1264 3116 ἔργον,
1283 3043 1582 3115 μέλλουσαν
1604 3041 1820 3097 ἀδικίαν

1917 1894 2082 1948 quam
2129 1878 2326 1933 alienis
2356 1878 2499 1933 bene
2539 1877 2902 1933 consuluerit.

1987 1967 2563 2023 Clitarchi.—Robur
2609 1967 2862 2037 corporis
2934 1979 3068 2020 cave
3121 1959 3292 2016 animi
3331 1957 3458 2012 inlir

1917 2059 2081 2113 mitas
2126 2059 2198 2112 sit
2230 2077 2243 2111 :
2279 2058 2448 2113 animi
2503 2069 2688 2112 autem
2727 2056 2899 2111 robur
2934 2063 3100 2124 atque
3147 2052 3258 2106 vim
3293 2057 3486 2119 reputa

1916 2149 2287 2218 prudentiam.

1985 2239 2295 2295 Demonact.
2334 2273 2404 2282 —-—
2432 2240 2644 2295 Alienis
2682 2246 2735 2294 te
2779 2237 3046 2308 exemplis
3093 2234 3338 2300 erudito,
3388 2248 3492 2286 nec

1916 2332 2220 2404 quidquam
2259 2332 2386 2386 mali
2442 2332 2692 2402 patieris.

1987 2424 2346 2479 Aristidis.—
2368 2423 2596 2478 Vincere
2629 2423 2684 2476 in
2716 2420 2943 2491 przeliis,
2986 2418 3152 2472 etiam
3199 2412 3489 2484 improbis,

1917 2530 2296 2585 saepenumero
2326 2514 2595 2583 contingit
2623 2531 2635 2567 :
2664 2511 2958 2582 prudentia
2983 2525 3115 2563 vero
3141 2517 3197 2562 et
3224 2503 3492 2575 sapientia

1917 2623 2080 2678 posse
2123 2607 2372 2671 vincere,
2410 2604 2466 2659 id
2503 2604 2728 2658 demum
2757 2617 2951 2657 eorum
2999 2608 3106 2664 est,
3142 2597 3237 2668 qui
3263 2594 3495 2650 consilio

1917 2696 2158 2751 valeant.

1992 2785 2150 2856 535
2172 2781 2731 2840 Caii.—Prudentius
2752 2780 3013 2844 arbitror,
3031 2777 3347 2848 priusquam
3371 2786 3497 2827 evc-

1920 2877 2086 2941 nerit,
2131 2890 2327 2929 cavere
2360 2889 2430 2929 ne
2471 2873 2674 2926 malum
2716 2870 2959 2934 eveniat,
2999 2883 3163 2939 quam
3207 2861 3494 2936 postquam

1920 2968 2192 3033 evenerit,
2242 2965 2378 3021 illud
2421 2978 2718 3024 accusare._

1994 3055 2723 3115 Democrat.—Prudentia:
2771 3068 2974 3106 munus
3020 3057 3126 3116 est,
3165 3064 3328 3119 quam
3372 3047 3499 3117 quis

256 3138 625 3210 φυλάξασθαι·,
654 3137 988 3210 ἀναλγησίας
1020 3136 1082 3207 (Ι)
1111 3136 1190 3202 δὲ,
1223 3133 1513 3206 γενομένης
1559 3133 1634 3204 μὴ
1678 3132 1821 3204 ἀμύ-

1929 3155 2182 3212 illaturus
2208 3151 2280 3207 sit
2312 3149 2567 3222 iniuriam
2602 3161 2830 3211 cavere;
2859 3142 3102 3212 stuporis
3130 3148 3337 3205 autem,
3371 3155 3496 3194 cum

257 3231 478 3288 νασθαι.

326 3325 629 3391 Σόλωνος.
650 3350 721 3362 -—
743 3319 1089 3392 Συμϐούλευε
1107 3357 1122 3384 ,
1154 3317 1230 3391 μὴ
1252 3317 1318 3372 τὰ
1343 3317 1552 3389 ἣδιστα,
1581 3316 1718 3371 ἀλλὰ
1754 3316 1826 3370 τὰ

255 3415 481 3488 ἄριστα.

344 3507 720 3575 Ἐπικτήτου.
751 3537 821 3550 -
849 3502 1116 3559 Βουλεύου
1151 3502 1321 3558 πολλὰ
1354 3501 1483 3574 περὶ
1514 3500 1608 3577 τοῦ
1643 3501 1824 3569 λέγειν

256 3615 310 3653 τι
345 3598 381 3668 ἢ
409 3598 696 3668 πράττειν·
726 3596 787 3651 ού
839 3595 948 3667 γὰρ
977 3593 1122 3660 ἕξεις
1164 3593 1346 3649 ἄδειαν
1385 3591 1824 3648 ἀνακαλέσασθαι

254 3691 326 3744 τὰ
348 3689 609 3760 λεχθέντα
635 3689 669 3760 ἢ
699 3687 1032 3760 πραχθέντα.

326 3785 574 3847 Βίας.-
589 3782 663 3835 Τὸ
686 3780 786 3852 μὲν
815 3780 1035 3852 ἰσχυρὸν
1064 3777 1142 3850 τῷ
1177 3776 1389 3850 σώματι
1411 3776 1685 3846 γενέσθαι,
1721 3775 1824 3844 φύς

258 3891 399 3937 σεως
423 3874 612 3943 ἔργον·
645 3873 707 3926 τὸ
727 3872 784 3926 δὲ
809 3871 990 3941 λέγειν
1015 3870 1084 3924 τὰ
1113 3869 1461 3940 συμφέροντα
1489 3872 1553 3940 τῇ
1580 3869 1823 3940 πατρίδι,

255 3962 438 4033 ψυχῆς
465 3961 594 4016 ῐδιον
621 3962 716 4015 καὶ
738 3962 1070 4032 φρονήσεως.

341 4055 401 4106 '0
432 4051 596 4116 αὐτὸς
620 4053 939 4124 ἐρωτηθεὶς,
976 4053 1060 4117 τίς
1087 4055 1308 4128 ἄριστος
1334 4054 1656 4126 σύμϐουλος,
1685 4052 1788 4124 ἔφη
1808 4073 1820 4085 ο

263 4145 330 4198 ὐ
364 4145 577 4215 καιρός.

326 4236 471 4299 Τοὺς
507 4235 806 4308 φρονίμους
843 4235 999 4305 ἔλεγε
1044 4236 1246 4308 μᾶλλον
1275 4235 1380 4290 ύπδ
1414 4237 1524 4291 τῶν
1553 4239 1823 4310 ἀφρόνων,

258 4329 290 4399 ἢ
313 4329 447 4391 τοὺς
468 4327 706 4398 ἄφρονας
736 4328 842 4382 ὑπὸ
867 4329 976 4382 τῶν
1008 4328 1288 4399 φρονίμων
1311 4328 1639 4397 ὠφελεῖσθαι
1656 4345 1673 4362 ο
1702 4330 1826 4382 τού-

257 4437 386 4482 τους
426 4419 528 4491 μὲν
570 4419 679 4491 γὰρ
729 4419 1096 4488 φυλάττεσθαι
1120 4419 1222 4483 τὰς
1261 4419 1484 4474 ἐκείνων
1516 4421 1822 4492 ἁμαρτίας·

1924 3248 2074 3303 illata
2114 3245 2208 3310 sit,
2248 3258 2358 3298 non
2413 3239 2604 3296 ulcisci
2647 3255 2712 3294 ac
2761 3235 3040 3306 depellere

1993 3332 2570 3393 Solonis.—Consule
2604 3346 2718 3387 non
2756 3344 2879 3401 quae
2917 3324 3317 3398 iucundissima
3347 3329 3496 3388 sunt,

1924 3425 2022 3483 sed
2072 3441 2194 3496 qum
2237 3424 2463 3494 optima.

1995 3514 2588 3588 Epicteti.—Multum
2634 3511 2902 3576 delibera,
2956 3523 3081 3564 cum
3121 3504 3255 3576 quid
3313 3503 3502 3558 dicen-

1924 3609 2057 3666 dum
2097 3617 2193 3664 aut
2223 3607 2494 3679 agendum
2523 3599 2792 3659 habtieris
2828 3619 2841 3655 :
2874 3616 2978 3656 nec
3022 3599 3170 3654 enim
3202 3604 3262 3651 ut
3291 3611 3354 3650 ea
3379 3609 3500 3664 qua!

1924 3703 2072 3758 dicta
2110 3701 2320 3756 factave
2359 3699 2586 3763 fuerint,
2625 3709 2876 3760 revoces,
2908 3693 3000 3747 tibi
3035 3691 3273 3746 liberum
3299 3686 3426 3742 erit.

1995 3793 2224 3848 Biantis.
2249 3823 2319 3831 —
2338 3790 2587 3846 Robusto
2620 3797 2677 3845 et
2703 3786 2911 3841 valenti
2941 3799 3063 3839 esse
3105 3795 3356 3851 corpore,
3403 3793 3501 3830 na-

1926 3896 2063 3941 tura:
2112 3898 2313 3938 munus
2344 3891 2428 3937 est
2463 3899 2476 3935 :
2510 3880 2697 3935 dicere
2731 3888 2916 3933 autem
2950 3892 3014 3931 ea
3040 3890 3160 3946 quae
3180 3872 3370 3944 patria:
3398 3869 3504 3923 uti-

1925 3977 2000 4031 lia
2035 3975 2168 4040 sint,
2208 3973 2265 4028 id
2311 3971 2482 4027 animi
2526 3969 2816 4040 proprium
2857 3975 2941 4021 est
2974 3981 3036 4020 ac
3071 3961 3394 4034 prudentiae.

1994 4069 2143 4124 Idem
2183 4067 2575 4135 interrogatus,
2630 4062 2756 4132 quis
2802 4059 3048 4130 optimus
3075 4062 3222 4110 esset
3245 4049 3503 4106 consilia-

1927 4159 2045 4214 rius
2092 4157 2404 4226 :Tempus,
2464 4154 2662 4224 inquit.

1993 4251 2303 4306 Prudentes
2349 4247 2571 4302 dicebat
2616 4245 2790 4315 magis
2823 4241 3031 4312 aliquid
3065 4239 3133 4294 ab
3183 4235 3506 4307 impruden-

1931 4340 2100 4403 tibus,
2141 4355 2305 4409 quam
2351 4338 2734 4408 imprudentes
2772 4351 2803 4389 a
2842 4330 3207 4404 prudentibus
3255 4326 3508 4381 utilitatis

1932 4436 2152 4499 captare
2188 4447 2200 4481 :
2237 4429 2340 4483 hos
2389 4428 2538 4482 enim
2584 4428 2804 4481 illorum
2863 4437 3060 4477 cavere
3109 4429 3325 4483 errata;
3388 4416 3510 4470 illos

258 4489 503 4576 ἐκείνους
530 4511 590 4566 δὲ
607 4553 623 4577 ,
650 4489 749 4574 τὰς
775 4511 982 4565 τούτων
1009 4511 1085 4582 μὴ
1123 4510 1411 4582 μιμεῖσθαι
1437 4489 1825 4582 κατορθωσεις.

1935 4528 2120 4575 autem
2153 4535 2260 4574 non
2296 4520 2506 4574 imitari
2536 4521 2735 4573 borum
2766 4516 3004 4571 virtutes
3039 4528 3103 4568 ac
3130 4521 3279 4567 recte
3310 4509 3471 4562 facta.

324 4603 424 4654 Δεῖ
464 4601 557 4654 τὸν
587 4601 792 4670 ἀγαθὸν
825 4601 1023 4674 ἄνδρα,
1055 4602 1367 4672 μεμνῆσθαι
1393 4603 1494 4674 μὲν
1535 4603 1644 4656 τῶν
1671 4619 1828 4672 γενο-

261 4691 463 4761 μένων,
493 4692 759 4761 πράττειν
789 4692 846 4745 δὲ
886 4691 955 4745 τὰ
990 4692 1289 4747 ἐνεστῶτα·
1325 4694 1452 4765 περὶ
1479 4693 1537 4747 δὲ
1564 4693 1673 4749 τῶν
1705 4695 1830 4765 μελ-

257 4781 462 4838 λόντων
487 4782 902 4855 ἀσφαλίζεσθαι.

235 4951 241 4959 .
325 4900 354 4934 ⁵
381 4900 549 4956 Deest
569 4901 814 4958 auctoris
836 4914 1058 4959 nomen.

2008 4608 2202 4662 Virum
2235 4609 2442 4662 bonum
2473 4608 2633 4662 decet
2664 4604 2948 4676 praeterita
2982 4600 3245 4656 memoria
3290 4605 3506 4652 tenere:

1934 4713 2056 4769 quae
2079 4698 2367 4767 praesentis
2410 4697 2675 4767 temporis
2702 4695 2814 4750 sint
2859 4707 3062 4766 agere;
3105 4705 3169 4747 ac
3195 4688 3395 4744 futuris
3423 4685 3508 4740 di-

1936 4790 2168 4860 ligenter
2216 4788 2554 4859 prospicere.

1772 4977 2006 5036 ΝΟΤᾸΞ.

332 5124 406 5195 (k)
433 5124 633 5198 εὐθὺς
655 5125 754 5198 καί
781 5128 1174 5198 μικρόψυχος.
1203 5127 1338 5198 Ejus
1359 5128 1512 5185 vocis
1538 5129 1646 5186 hoc
1670 5145 1836 5187 sensu

259 5195 574 5269 esemplum
605 5203 694 5269 est
725 5195 781 5269 in
809 5195 975 5250 Thes.
1008 5197 1159 5250 Istud
1202 5195 1335 5269 satis
1377 5208 1662 5269 apertum;
1696 5217 1760 5255 ac
1792 5202 1836 5256 si

261 5264 448 5339 dicat}
478 5264 699 5339 Statim,
718 5265 1099 5339 citraornnem
1121 5264 1632 5339 ambagcm'pusillo
1649 5264 1840 5326 animo

261 5345 363 5390 est.
396 5335 511 5390 Nec
551 5337 696 5390 forte
722 5335 874 5408 aliud
900 5336 974 5408 si_t
1015 5345 1110 5390 aut
1139 5335 1597 5408 respiciam—quod
1628 5339 1719 5394 hic
1753 5341 1839 5394 di-

263 5415 449 5480 cetur,
463 5421 628 5472 quam
649 5405 796 5480 quod
822 5416 907 5460 est
932 5406 1227 5480 Prov_._x1v,
1251 5407 1338 5480 29».
1358 5409 1415 5460 ὐ
1445 5405 1502 5461 δὲ
1523 5409 1841 5480 ὀλιγόψυχος

264 5469 866 5598 ἃξεΙιοΙξμικρᾶιθυχοςτ
891 5475 1037 5558 quod
1068 5469 1339 5562 idem’est)
1367 5479 1599 5561 ἰσχυρῶς
1617 5469 1835 5548 ’ἄφρῶνξ

312 5544 630 5598 usillammrs
655 5543 808 5598 valde
848 5562 1120 5598 mstmens.
1151 5547 1219 5598 [at
1252 5555 1312 5598 ut
1347 5549 1582 5598 alicuius
1611 5549 1835 5598 Patrum

312 5543 630 5619 usillanimis
655 5543 808 5619 valde
848 5547 1131 5619 insipiens.
1151 5547 1223 5619 Et
1237 5543 1328 5619 ut"
1347 5543 1582 5619 alicujus
1611 5543 1835 5603 Patrum

269 5615 596 5687 sententiam
641 5614 990 5687 existimem,
1041 5617 1162 5687 qui
1191 5617 1288 5670 illo
1337 5614 1660 5687 respexerit,
1710 5619 1839 5673 facit

270 5685 407 5740 ratio
425 5686 708 5754 adjuncta,
736 5685 798 5756 ού
827 5686 933 5754 γὰρ
957 5686 1069 5756 ἐστι
1096 5686 1313 5753 πάγιος,
1344 5685 1462 5742 Non
1490 5690 1629 5743 enim
1653 5689 1837 5756 ﬁrmus

273 5764 359 5808 aut
381 5766 624 5810 constans
646 5763 748 5820 est;
775 5755 832 5811 in
850 5771 958 5826 qua
989 5755 1105 5826 ipsa
1127 5759 1430 5827 respexerit
1461 5759 1597 5816 illud
1619 5755 1810 5816 Siracb

1949 5132 2008 5186 Ὀ
2038 5131 2096 5206 ᾷὲ
2120 5133 2310 5206 ἄφρων
2326 5130 2402 5195 ὡς
2434 5129 2629 5199 σελήνη
2643 5123 2965 5206 ,ἀλλοιοῦται
2985 5136 3157 5204 μανι,
3189 5116 3512 5206 {insignitus

1939 5211 1996 5255 ut
2031 5190 2483 5264 lunaumntatar;
2512 5190 2657 5268 q'uo'd
2690 5213 2757 5250 ex
2789 5195 2878 5268 illa
2910 5192 3077 5268 animi
3108 5190 3513 5268 pusillitate_illi

1938 5273 2210 5341 provenit.
2247 5259 2665 5341 lliatus,'q'u_en1
2696 5264 2905 5341 notavit
2946 5259 3124 5318 Gesnf
3149 5261 3333 5341 nullus
3375 5259 3516 5341 alius

1938 5331 2175 5405 videtur,
2225 5357 2388 5412 quam
2427 5331 2585 5413 Aquod
2628 5334 2908 5413 _S_api_cntis
2953 5347 3177 5413 nomen,
3226 5331 3385 5412 cujus
3431 5338 3518 5383 cst

1939 5401 2176 5480 sequens
2204 5401 2498 5472 sententia,
2523 5401 2810 5470 excide-rit,
2835 5403 2982 5473 quod
3013 5401 3069 5456 in
3098 5401 3184 5456 bis
3211 5401 3375 5455 nimis
3398 5413 3518 5454 crc-

1941 5481 2102 5535 brum
2131 5489 2236 5535 est.

2013 5549 2102 5620 (Ι)
2165 5545 2584 5620 ’Λναλγηονίαᾳ
2622 5543 2944 5620 Excidit'nca
2984 5557 3087 5595 vox
3129 5540 3294 5620 _G_esn.
3341 5538 3516 5620 inter:

1941 5605 2102 5690 preti:
2132 5620 2228 5690 Est
2255 5605 2384 5672 vero
2407 5605 2635 5671 aﬂec'tus
2661 5631 2756 5685 per
2788 5614 3063 5668 defectum
3086 5605 3518 5690 yiti_osus._yelut

1944 5680 2257 5760 indolentia,
2293 5695 2349 5742 et
2389 5696 2600 5760 stupor,
2655 5680 2781 5760 eum
2817 5699 2920 5738 nec
2966 5680 3514 5760 suadentemra-tionc,

1943 5760 2054 5815 ullo
2086 5759 2294 5816 doloris
2319 5765 2412 5813 aut
2446 5747 2814 5813 miserationis
2841 5769 3004 5810 sensu
3035 5750 3160 5820 quis
3189 5747 3443 5804 aﬂicitur.
