4036 6278
180 348 283 413 737

1498 327 1668 393 LOCI
1707 323 2031 386 COMMUN
2035 322 2147 384 ES.

3347 324 3461 392 738

251 458 478 533 Νεκρδς
507 458 567 514 ού
600 452 984 529 στεφανοῦται.
1015 446 1205 514 Οὐδεὶς
1229 444 1435 509 δίκαιος
1464 442 1532 497 δι’
1568 440 1766 495 ἀδυνα-

1941 435 2195 491 Mortuus
2226 450 2430 493 corona
2480 452 2591 492 non
2630 436 2894 493 donatur.
2944 419 3118 494 Nemo
3164 438 3350 510 justus
3393 453 3462 494 eo

185 554 315 626 μίαν
343 550 546 607 κακοῦ.

249 648 349 701 Δεῖ
393 642 491 701 οῦν
556 644 649 698 τὸν
689 642 813 697 νοῦν
854 640 1044 707 ὥσπερ
1092 634 1215 690 τινά
1264 631 1605 705 κυϐερνήτην
1655 626 1770 682 ἀνω

185 740 499 811 καθήμενον
532 738 643 793 τῶν
670 735 882 798 παθῶν,
912 733 1008 787 καὶ
1033 728 1197 784 οἱονεὶ
1233 725 1408 797 πλοίῳ
1436 724 1537 796 τῆς
1566 720 1769 793 σαρκὸς

186 834 455 890 ἐπιϐάντα
473 849 487 865 ·
516 832 613 887 καὶ
651 828 930 901 ἐμπείρως
955 825 1083 889 τοὺς
1110 822 1404 894 λογισμοὺς
1431 817 1622 888 ὥσπερ
1653 815 1771 868 οία-

184 945 284 991 κας
322 926 808 998 περιστρέφοντα,
852 918 1190 975 καταπατεῖν
1240 913 1503 985 γενναίως
1554 909 1626 965 τὰ
1678 907 1772 962 κύ-

188 1032 369 1089 ματα·
414 1014 753 1085 ὑψηλότερον
794 1010 854 1065 δὲ
903 1008 1228 1079 διαμένοντα
1272 1003 1368 1058 καὶ
1410 998 1767 1089 δυσπρόσιτον

186 1087 311 1158 δντα
340 1105 461 1167 τοῖς
487 1101 737 1167 πάθεσιν,
768 1095 1021 1170 μηδαμοῦ
1060 1096 1157 1165 τῆς
1185 1094 1281 1148 ἀπ’
1311 1089 1492 1147 αὐτῶν
1522 1087 1765 1160 πικρίας,

187 1195 377 1267 ὥσπερ
411 1194 600 1267 ἀλμης
624 1190 797 1257 τινὸς,
832 1185 1311 1261 ἀναπίμπλασθαι.

262 1478 597 1551 Θεολόγου.
630 1505 701 1531 -τ
739 1475 995 1530 Σύνοικον
1039 1468 1200 1543 αἱροῦ
1248 1465 1369 1540 μηδ’
1402 1465 1631 1537 ἀδελφὺν
1670 1467 1771 1537 ῥα-

191 1575 648 1735 δὼξίπέκκαυμα
668 1660 777 1733 γάρ
799 1659 903 1730 τῆς
938 1656 1096 1713 νόσου
1128 1654 1182 1709 τί
1209 1653 1293 1707 δεῖ
1316 1651 1557 1723 βλέπειν;

260 1843 539 1916 Κρεῖασον
568 1838 815 1912 κατηφές
839 1834 993 1911 ἦθος,
1019 1836 1053 1907 ἢ
1085 1833 1477 1906 τεθρυμμένον.

262 2020 455 2091 Μύρον
489 2019 694 2090 δοχεῖον
728 2016 934 2087 σαπρὸν
962 2013 1025 2069 ού
1060 2010 1389 2067 πιστεύεται.

264 2113 400 2167 ὒῦτε
428 2110 565 2182 φλὸξ
592 2110 743 2182 μένει
766 2108 866 2180 τῆς
888 2107 1021 2177 ῦλης
1042 2102 1479 2175 δαπανηθείσης,
1527 2098 1666 2155 ἀλλά
1695 2098 1776 2171 τῷ

203 2204 489 2259 ἀνάπτοντι
539 2200 974 2272 συναπέρχεταν
1030 2197 1156 2252 οὔτε
1205 2196 1459 2265 λογισμὸς
1520 2190 1778 2263 ὶμπαθὴς

207 2297 491 2368 ὑφίσταται
519 2292 921 2367 μαραινομένου
958 2290 1053 2345 τοῦ
1085 2286 1526 2359 ὑπεκκαύματος.

279 2471 591 2544 Ὀσρθαλμδς
632 2469 912 2541 πορνεύων
945 2468 1007 2522 ού
1038 2465 1299 2537 φυλάσσει
1327 2462 1427 2535 τὴν
1455 2462 1774 2535 παρθενίαν.

210 2564 419 2619 Γλῶσσα
475 2560 817 2633 πορνεύουσα
872 2559 952 2631 τῷ
988 2556 1211 2629 πονηρῷ
1268 2554 1549 2627 μίγνυται.
1610 2554 1778 2617 Πόδες

213 2656 407 2710 eum
463 2656 738 2726 βαίνοντες
782 2652 1142 2708 ἐκκαλοῦνται
1171 2648 1326 2704 νόσον
1353 2648 1389 2719 ἢ
1420 2646 1669 2701 κίνδυνον
1698 2643 1780 2715 τῷ

214 2747 300 2817 νῷ.
328 2745 723 2818 Παρθενευέτω
750 2746 849 2800 καὶ
893 2745 928 2817 η
972 2743 1205 2798 διάνοιαο
1242 2740 1318 2813 μὴ
1347 2736 1634 2811 ρεμϐέσθω
1682 2737 1779 2792 καὶ

216 2840 518 2896 studeam.
571 2837 665 2911 Μὴ
713 2836 919 2901 τύπους
957 2837 1016 2890 ἑν
1065 2836 1233 2905 ἑαυτῇ
1264 2830 1475 2903 φερέτω
1520 2827 1777 2901 πονηρῶν

219 2933 568 3003 πραγμάτων.
604 2930 714 2985 Καὶ
746 2932 776 2984 ὁ
806 2929 998 2996 τύπος,
1030 2928 1197 3001 μέρος
1230 2925 1487 2998 πορνείας
1516 2922 1653 2979 ἔστί.
1683 2923 1779 2996 Μὴ

220 3023 614 3079 εἱδωλοποιείτω
649 3024 716 3095 τῇ
745 3021 894 3094 ψυχῇ
922 3020 991 3076 τά
1023 3019 1347 3093 μισούμενα.

277 3203 573 3271 Χρυσοστ.
612 3235 681 3245 -
710 3200 915 3273 Χλεύη,
942 3200 1012 3255 τά
1059 3199 1161 3271 μὲν
1184 3201 1282 3271 τῆς
1310 3196 1654 3263 παιδοποιίας
1683 3198 1776 3269 δρ-

218 3309 341 3361 γανα
364 3297 554 3366 τηρεῖν
582 3294 849 3366 παρθένα,
886 3293 984 3367 τὴν
1009 3293 1066 3348 δὲ
1104 3292 1356 3361 γλῶσσαν
1386 3291 1462 3363 μὴ
1485 3294 1672 3363 τηρεῖν
1690 3306 1705 3320 ο
1737 3290 1773 3361 η

219 3384 301 3457 τὴν
325 3385 577 3455 γλῶσσαν
614 3386 713 3457 μὲν
738 3387 948 3456 τηρεῖν,
978 3385 1079 3457 τὴν
1105 3385 1165 3439 δὲ
1192 3385 1382 3457 ὅρασιν
1415 3384 1448 3457 ἢ
1474 3383 1577 3455 τὴν
1602 3382 1774 3455 ἀκοὴν

220 3476 248 3545 ἢ
276 3478 364 3541 τάς
391 3478 582 3550 χεῖρας
607 3478 683 3549 μὴ
705 3480 895 3549 τηρεῖν
913 3494 931 3511 ⁸
959 3475 995 3548 ἢ
1028 3476 1202 3532 ταῦτα
1233 3475 1333 3548 μὲν
1359 3473 1505 3547 ἔχειν
1553 3474 1647 3530 καὶ
1676 3490 1775 3546 τη-

219 3570 317 3637 ρεῖν
348 3569 615 3640 παρθένα,
640 3570 741 3642 τὴν
766 3570 825 3624 δὲ
863 3569 1092 3642 καρδίαν
1123 3570 1199 3642 μὴ
1230 3570 1437 3642 τηρεῖν,
1464 3568 1583 3624 ἀλλ’
1620 3569 1773 3625 ttat-

222 3654 444 3724 ρίζεσθαι
472 3658 628 3730 τύφῳ
662 3659 755 3713 καὶ
778 3658 959 3731 θυμῷ.

274 3839 358 3911 Μὴ
408 3842 915 3915 καταμαλάττωμεν
944 3844 1105 3917 ἡμῶν
1154 3844 1256 3918 τὴν
1287 3844 1464 3917 ίσχὺν,
1513 3844 1649 3918 μηδι
1680 3846 1777 3902 ικ-

218 3930 488 4004 κόπτωμεν
513 3935 585 3989 τὰ
614 3935 783 4008 νεῦρα
810 3938 1196 4015 ταῖςξὸμιλίαις
1230 3938 1475 4005 ταύταις.
1524 3939 1637 3995 Καὶ
1659 3938 1773 4011 γὰρ

220 4017 404 4089 ἀφατος
431 4024 529 4078 καὶ
556 4025 726 4100 πολλὴ
754 4031 875 4092 ταῖς
908 4028 1108 4101 ψυχαῖς
1133 4031 1291 4103 ἡμῶν
1320 4029 1572 4086 ἐντεῦθεν
1600 4033 1775 4106 elapsi

219 4112 381 4169 κακία.
428 4115 495 4169 Τί
522 4117 651 4189 γὰρ,
700 4120 751 4172 εί
796 4121 893 4175 καὶ
941 4121 1020 4194 μὴ
1068 4121 1475 4194 αίσθανὼμεθα,
1503 4126 1572 4196 τῇ
1616 4124 1773 4197 φιλίᾳ

222 4204 485 4274 μεθύοντες
506 4225 522 4274 ;
547 4208 721 4266 Τοῦτο
748 4212 858 4285 γὰρ
886 4214 1020 4268 αὐτὸ
1051 4215 1271 4269 πάντων
1300 4216 1416 4269 ἐστὶ
1444 4215 1769 4285 δεινότατον,

215 4295 286 4349 ὅτι
306 4300 425 4354 οὐδὲ
460 4302 619 4373 ῖσμεν
654 4305 804 4370 ὅπως
831 4308 1275 4379 ὲκνευριζόμεθα,
1312 4308 1407 4363 καὶ
1432 4309 1605 4382 κηροῦ
1635 4325 1774 4365 παν-

218 4386 291 4452 τὸς
314 4392 573 4464 γινόμεθα
595 4394 994 4469 μαλακώτεροι.
1024 4398 1292 4470 Καθάπερ
1328 4400 1437 4472 γάρ
1471 4415 1557 4465 τις
1582 4399 1772 4455 λέοντα

1869 528 2093 584 nomine
2141 529 2289 599 quod
2324 530 2531 584 malum
2562 529 2745 585 facere
2779 544 2891 584 non
2936 538 3138 598 potest.

1940 620 2181 675 Mentem
2233 618 2404 691 igitur
2452 620 2635 685 decet,
2664 620 2819 675 velut
2849 619 3145 689 quemdam
3182 620 3459 691 guberna-

1869 721 2071 777 torem,
2114 711 2223 767 alte
2277 711 2448 765 animi
2503 710 3019 782 perturbationibus
3057 726 3121 764 ac
3170 710 3458 764 affectibus

1868 804 2241 874 superiorem,
2280 803 2546 873 velutque
2599 802 2879 875 navigium
2928 818 3150 856 carnem
3190 817 3457 855 conscen-

1869 896 2117 963 dentem,
2161 897 2638 969 cogitationesque
2684 912 2748 951 ac
2792 895 3039 951 rationes
3064 894 3216 948 velut
3256 894 3459 963 guber-

1869 992 2067 1046 nacula
2099 989 2295 1045 dextre
2337 990 2741 1053 moderantem,
2792 988 2992 1042 ﬂuctus
3046 1001 3314 1057 generose
3348 986 3461 1039 cal-

1869 1098 2031 1149 care;
2069 1081 2375 1152 altioreque
2408 1082 2538 1137 sede
2563 1080 2949 1143 constitutam,
2983 1078 3264 1147 nullisque
3296 1077 3459 1131 facile

1869 1174 2390 1248 perturbationibus
2434 1189 2734 1239 accessam,
2777 1172 2928 1228 nulla
2972 1172 3042 1226 ab
3084 1172 3167 1226 eis
3197 1163 3459 1226 amaritu-

1870 1268 2022 1334 dine,
2060 1276 2323 1337 tanquam
2380 1265 2678 1337 salsugiuis
2722 1264 2960 1336 quadam
3010 1261 3213 1333 repleri
3264 1276 3459 1332 asper-

1870 1362 2017 1433 gine.
2543 1407 2563 1425 ,

1946 1453 2211 1525 Theoiogi.
2240 1483 2309 1493 --
2332 1451 2807 1509 Contubernaiem
2841 1449 2941 1505 tibi
2971 1463 3042 1504 ne
3088 1446 3315 1518 quidem
3349 1443 3461 1501 fra—

1872 1558 2013 1605 trem
2048 1546 2210 1602 facile
2254 1546 2486 1617 deligas.

1942 1640 2222 1708 Quorsum
2275 1638 2426 1695 enim
2485 1634 2835 1709 aegritudinis
2898 1632 3207 1689 fomentum
3264 1629 3456 1686 videre

1872 1735 2113 1792 attinet?

1800 1789 1849 1847 Β
1944 1827 2142 1883 Melius
2202 1836 2288 1883 est
2347 1823 2632 1897 ingenium
2685 1835 3012 1884 morosum,
3066 1831 3234 1889 quam
3286 1814 3459 1871 fracta

1875 1921 2160 1977 mollities.

1947 2011 2107 2082 537
2132 2010 2362 2066 Putrido
2401 2009 2518 2066 vasi
2550 2024 2661 2064 non
2688 2005 3056 2063 committitur
3088 2012 3454 2073 unguentum.

1945 2104 2138 2175 Neque
2169 2103 2387 2158 ﬂamma
2426 2109 2713 2173 permanet
2752 2108 3030 2169 assumpta
3048 2099 3323 2162 materia;
3362 2096 3457 2150 sed

1874 2213 2001 2254 eum
2037 2213 2105 2253 eo
2137 2197 2386 2253 abscedit
2427 2194 2576 2266 quod
2620 2191 2991 2255 accendebat;
3034 2205 3137 2245 nec
3161 2189 3458 2244 libidinosa

1874 2291 2129 2347 consistit
2153 2289 2437 2361 c0gitatio,
2458 2294 2875 2344 emarcescentc
2893 2294 3059 2354 atque
3079 2282 3306 2346 extrito,
3324 2279 3459 2350 quid

1878 2379 1957 2435 illi
1986 2380 2231 2435 fomento
2263 2388 2404 2433 erat.

1944 2467 2049 2534 Qui
2074 2468 2450 2523 exfornicatur
2472 2467 2686 2531 oculus,
2707 2464 3086 2536 virginitatem
3112 2478 3223 2518 non
3254 2469 3457 2517 servat.

1875 2560 2008 2627 Quae
2034 2569 2427 2631 constupratur
2457 2560 2677 2631 lingua,
2718 2574 2844 2614 eum
2877 2559 3022 2613 maio
3044 2557 3328 2612 miscetur.
3372 2552 3462 2609 ln-

1875 2652 2221 2721 eompositus
2242 2651 2446 2721 pedum
2481 2651 2755 2717 incessus,
2779 2650 3034 2706 morbum
3058 2647 3244 2702 animo
3279 2662 3463 2699 arces-

1876 2738 1952 2796 sit
1993 2750 2090 2795 aut
2116 2739 2450 2810 periculum.
2509 2738 2672 2796 Casta
2726 2740 2798 2796 sit
2823 2754 2889 2795 ac
2937 2739 3093 2809 virgo
3136 2737 3254 2807 ipsa
3289 2734 3461 2790 astitui

1877 2826 2141 2897 cogitatio
2171 2844 2185 2879 :
2224 2842 2339 2881 non
2395 2828 2468 2882 sit
2519 2843 2655 2899 vaga
2686 2843 2753 2882 ac
2792 2826 3129 2882 errabunda.
3165 2825 3243 2880 Ne
3270 2842 3461 2881 rerum

1878 2919 2147 2973 malarum
2174 2918 2381 2974 formas
2428 2920 2485 2973 in
2512 2934 2570 2975 se
2598 2928 2883 2988 congerat.
2938 2918 3036 2973 Est
3064 2926 3121 2973 et
3152 2917 3326 2973 forma
3359 2914 3461 2971 ob-

1872 3016 2129 3088 iectaque
2181 3013 2417 3085 species,
2469 3013 2829 3070 scortatiouis
2889 3028 3037 3088 pars.
3108 3013 3188 3068 Ne
3244 3028 3460 3077 eorum,

1804 3128 1849 3188 ο
1881 3120 2006 3179 qua:
2049 3106 2182 3164 odio
2212 3107 2516 3173 habentur,
2560 3106 2889 3178 eillngantur
2920 3104 3106 3161 animo
3144 3104 3460 3160 simulacra.

1955 3200 2223 3271 Chrysost.
2282 3230 2355 3242 --
2402 3200 2719 3255 Ridiculum
2770 3206 2858 3254 est
2926 3199 3197 3270 genitales
3239 3197 3463 3269 quidem

1882 3293 2133 3364 corporis
2162 3302 2350 3363 partes
2379 3301 2558 3348 castas
2584 3308 2828 3357 servare,
2854 3292 3097 3363 linguam
3126 3307 3261 3347 vero
3285 3291 3489 3363 negii-’

1880 3402 2048 3459 gere:
2076 3396 2173 3442 aut
2201 3387 2444 3459 linguam
2490 3385 2716 3457 quidem
2771 3400 2995 3441 servare
3026 3401 3246 3455 puram,
3285 3385 3464 3441 visunt

1879 3492 2015 3535 vero
2048 3479 2135 3534 vel
2163 3477 2427 3539 auditum.
2445 3485 2541 3532 aut
2565 3492 2761 3532 manus
2786 3493 2898 3531 non
2940 3492 3193 3541 servare;
3219 3484 3316 3531 aut
3350 3476 3465 3531 haec

1879 3573 2106 3644 quidem
2158 3571 2363 3627 habere
2405 3585 2471 3626 ac
2508 3585 2733 3625 servare
2773 3584 2933 3641 pura,
2970 3584 3066 3624 cor
3114 3578 3301 3623 autem
3350 3584 3463 3623 non

1880 3678 2126 3730 servare,
2145 3663 2241 3719 sed
2265 3677 2437 3734 prope
2458 3662 2785 3718 scortationi
2808 3672 2938 3736 typo
2958 3662 3233 3734 superbiae
3256 3663 3464 3733 imque

1882 3754 2195 3828 indulgere,

1951 3847 2032 3905 Ne
2066 3836 2410 3920 igitur’vires
2434 3855 2658 3903 nostras
2676 3844 3199 3912 emolliamus,neve
3217 3847 3306 3902 bis
3333 3861 3468 3902 con-

1878 3941 2161 4014 gressibus
2210 3953 2313 3995 nos
2343 3936 2497 4011 ipsos
2536 3952 2890 3994 enervemus.
2933 3938 3164 3993 Multum
3200 3937 3371 4002 enim,
3407 3945 3465 3991 et

1877 4039 2144 4104 quantum
2156 4031 2248 4087 vix
2262 4028 2693 4099 verbisexprimi
2706 4026 3040 4098 potest,hinc
3051 4025 3249 4081 animis
3260 4026 3466 4081 nostris

1876 4125 1998 4181 vitii
2014 4123 2194 4180 inﬂuit
2208 4138 2273 4179 ac
2286 4121 2595 4194 pravitatis.
2612 4119 2754 4188 Quid
2768 4122 2939 4185 enim,
2958 4118 3182 4175 etsinon
3195 4118 3466 4172 sentimus

1876 4234 1991 4290 pra
2001 4218 2244 4274 amicitia
2256 4216 2397 4272 ebrii
2414 4216 2439 4268 ἲ
2452 4215 2568 4269 Hoc
2582 4214 2731 4269 enim
2749 4212 2929 4284 ipsum
2944 4212 3104 4282 longe
3120 4208 3465 4280 estgravissi-

1877 4326 2052 4378 mum,
2072 4311 2220 4382 quod
2241 4324 2344 4366 nec
2358 4310 2566 4365 scimus
2577 4307 2803 4379 quidem
2822 4302 3289 4376 quemadmodum
3308 4315 3465 4355 ener-

1876 4416 2091 4470 vemur,
2137 4403 2401 4474 omnique
2432 4417 2560 4458 cera
2594 4398 2877 4456 molliores
2910 4397 3227 4453 reddamur.
3254 4394 3465 4462 Quem-

218 4480 396 4553 ταῦρον
442 4486 539 4540 καὶ
594 4486 857 4559 βλοσυρὸν
908 4488 1111 4557 λαϐὼν,
1167 4488 1287 4545 εἶτα
1317 4492 1624 4565 ἀποκείρας
1670 4492 1770 4564 μὲν

1879 4495 2169 4552 admodum
2190 4495 2339 4549 enim
2357 4493 2403 4549 si
2430 4493 2559 4564 quis
2582 4491 2882 4563 superbum
2911 4486 3461 4557 trucemqueleonem

217 4571 299 4641 τὴν
344 4577 543 4650 κόμην.
576 4578 784 4635 ἀνελὼν
829 4580 888 4635 δὲ
917 4583 1044 4646 τοὺς
1074 4582 1313 4649 ὀδόντας,
1363 4584 1456 4637 καὶ
1505 4584 1773 4658 περιελὼν

218 4663 323 4729 τοὺς
346 4664 563 4739 δνυχας,
610 4669 836 4742 αἰσχρὸν
881 4674 1028 4728 ποιεῖ
1067 4673 1164 4727 καὶ
1211 4676 1640 4745 καταγέλαστον,
1677 4678 1773 4732 καὶ

219 4756 424 4824 παιδίοις
452 4762 947 4834 εὐκαταγώνιστον,
977 4767 1070 4822 τὸν
1092 4767 1326 4839 φοϐερὸν
1350 4769 1443 4823 καὶ⁵
1476 4770 1771 4842 ἀφόρητον,

98 4894 99 4897 η
218 4847 298 4902 καὶ
326 4852 431 4906 ἀπὸ
479 4856 643 4925 μόνου
676 4855 771 4910 τοῦ
822 4857 1172 4931 βρυχήματος
1208 4859 1277 4914 τά
1306 4859 1485 4915 πάντα
1535 4861 1769 4914 σείονταο

218 4937 339 4995 οὕτω
371 4944 434 5017 δὴ
466 4948 563 5001 καὶ
595 4942 777 5014 αὗται,
826 4951 1036 5012 πάντας
1062 4944 1222 5016 ὅσους
1258 4951 1353 5006 ἐὰν
1385 4951 1644 5019 λάϐωσιν,
1676 4952 1771 5007 εύ-

218 5032 484 5102 χειρώτους
514 5037 595 5110 τῷ
622 5038 858 5111 διαϐόλῳ
885 5039 1102 5095 ποιοῦσι
1125 5058 1140 5073 σ
1174 5042 1616 5114 μαλακωτέρους,
1645 5041 1770 5114 θερ-

222 5125 470 5197 μοτέρους,
501 5132 916 5202 ἀναισχύντους.
949 5134 1232 5207 ἀνοήτους,
1259 5135 1607 5207 ἀκροχόλους,
1634 5136 1770 5207 θρα-

204 5217 333 5283 σεῖς,
380 5221 666 5297 ἀκαίρους,
714 5226 1000 5295 ἀγεννεῖς,
1050 5229 1303 5300 ἀπηνεῖς,
1353 5228 1766 5301 δουλοπρεπεῖς.

220 5305 596 5387 ἀνελευθέρους,
628 5318 880 5388 ίταμοὺς,
912 5318 1217 5391 φλυάρουςο
1255 5320 1349 5374 καὶ
1380 5318 1565 5386 ἁπλῶς
1592 5322 1775 5377 πάντα

223 5400 276 5456 τὰ
304 5413 573 5473 γυναικεῖα
617 5410 767 5482 πάθη
814 5412 885 5466 τά
935 5411 1311 5484 διεφθαρμένα
1346 5412 1633 5486 φέρουσαι,
1690 5416 1771 5477 είς

223 5494 300 5565 τὴν
332 5502 528 5557 τούτων
576 5505 1049 5576 ἐναπομάττονται
1074 5505 1275 5577 ψυχήν·
1318 5504 1627 5577 Ἀμήχανον
1660 5506 1769 5579 γὰρ

226 5585 299 5642 τὸν
321 5596 527 5660 γυναικὶ
548 5598 905 5652 συνοικοῦντα
934 5598 1077 5667 μετά
1102 5596 1448 5668 συμπαθείας
1474 5600 1766 5671 τοσαύτης,

227 5678 305 5732 καὶ
328 5688 436 5753 ταῖς
466 5690 696 5743 ἐκείνων
727 5692 1159 5763 ὲνστρεφὸμενον
1185 5693 1448 5763 ὁμιλίαις.
1482 5693 1559 5765 μὴ
1598 5695 1770 5766 d759-

225 5783 306 5845 την
330 5782 440 5837 τινὰ
485 5779 649 5851 εἶναι,
694 5787 789 5841 καί
820 5787 1079 5855 ἀγοραῖον
1124 5772 1602 5860 καῖ’συριρετὼδη.
1650 5789 1770 5845 Κᾶν

1881 4589 2114 4660 ceperit,
2144 4599 2376 4657 tumque
2406 4586 2637 4641 detonsa
2667 4584 2823 4657 juba,
2863 4582 2915 4637 ei
2948 4581 3143 4636 dentes
3156 4578 3464 4634 excusserit

1880 4695 2203 4753 unguesque
2219 4679 2503 4744 evulserit,
2527 4676 2830 4733 deformem
2843 4689 2969 4730 eum
2988 4688 3053 4727 ac
3066 4670 3461 4732 deridiculum,

1879 4772 2127 4843 ipsisque
2153 4770 2342 4840 pueris
2372 4770 2537 4825 facile
2560 4766 2985 4840 expugnabilem
3004 4761 3205 4825 reddit,
3230 4760 3322 4831 qul
3355 4768 3466 4813 ter-

1878 4860 2061 4917 ribilis
2089 4877 2153 4917 ac
2184 4860 2551 4917 intolerabilis
2575 4868 2744 4925 esset,
2774 4859 3003 4929 soloque
3044 4854 3230 4925 rugitu
3264 4859 3463 4907 cuneta

1876 4963 2153 5026 quateret.
2187 4954 2277 5011 Sic
2298 4964 2355 5011 et
2381 4955 2520 5020 istae,
2546 4966 2910 5025 quoscunque
2939 4946 3210 5017 ceperint,
3239 4942 3465 4998 diabolo

1882 5045 2171 5101 dedititios
2219 5046 2434 5102 faciunt
2464 5062 2529 5102 ac
2558 5045 2858 5109 obnoxios;
2877 5042 3176 5103 molliores,
3196 5036 3464 5093 caientio-

1882 5154 1993 5205 res,
2012 5138 2383 5209 impudentes,
2406 5139 2717 5202 dementes,
2744 5145 3002 5191 extrema:
3032 5131 3160 5189 bilis
3188 5129 3462 5192 homines,

1879 5231 2138 5296 audaces,
2175 5232 2548 5304 importunos,
2579 5231 2830 5301 ignavos,
2864 5224 3125 5289 immites,
3154 5224 3343 5281 servili
3376 5222 3464 5277 in-

1878 5326 2064 5398 genio,
2099 5326 2416 5389 iiliberaies,
2464 5338 2749 5395 procaces,
2802 5335 3046 5392 nugaces
3079 5336 3092 5373 :
3120 5332 3462 5389 prorsusque

1879 5417 2182 5472 muliebres
2213 5431 2406 5471 omnes
2444 5416 2677 5471 affectus
2706 5414 3025 5475 aiferentes,
3057 5413 3292 5465 istorum
3340 5410 3462 5463 ani-

1878 5509 1984 5568 mis
2005 5510 2352 5581 imprimunt.
2378 5508 2523 5565 Fieri
2548 5508 2695 5564 enim
2724 5524 2833 5563 non
2868 5515 3068 5577 potest,
3104 5503 3295 5573 ut,qui
3336 5516 3461 5556 cum

1880 5603 2212 5659 mulieribus
2266 5609 2417 5658 tanta
2470 5617 2687 5657 morum
2744 5599 3156 5669 ali‘ectuumque
3206 5602 3463 5650 versatur

1878 5695 2312 5760 necessitudine,
2335 5695 2668 5765 illarumque
2682 5692 3070 5765 congressibus
3090 5705 3154 5745 ac
3175 5686 3465 5757 colloquiis

1882 5787 2082 5854 utitur,
2134 5803 2244 5842 non
2287 5790 2357 5844 sit
2388 5789 2689 5845 circulator
2730 5787 2953 5857 quidam
3003 5791 3059 5839 et
3113 5778 3466 5837 circumfora-
