4036 6278
594 339 697 402 739

1736 336 1796 394 S.
1837 333 2120 393 ΜΛΧΙΜΙ
2159 340 2171 392 l

2272 335 2667 399 wsssoms
3728 360 3815 423 τω

592 465 733 505 nens
750 449 983 520 vilisque
1012 466 1042 504 e
1072 450 1230 505 turba
1257 446 1648 503 homunculus.
1680 445 1812 500 Nam
1840 447 1943 501 etsi
1976 448 2168 517 loqua-

2272 451 2377 520 γὰρ
2413 449 2717 522 φθέγγηται
2758 469 2832 520 τι,
2877 456 3056 509 πάντα
3106 458 3355 514 ἀπδτῶν
3403 461 3571 515 ίστῶν
3613 466 3814 521 καὶτῶν

596 553 707 606 tur,
735 543 874 597 nihil
932 541 1037 595 nisi
1098 541 1168 595 de
1215 541 1341 595 telis
1391 539 1638 607 lanisquc
1675 539 1955 607 loquetur,
2016 538 2162 607 quod

592 635 894 691 verborum
935 630 1099 706 538
1141 635 1497 689 muliebrium
1531 634 1670 688 l‘ucis
1731 634 1882 687 velut
1939 635 2163 688 tinctam

597 728 970 797 infectamun
996 729 1241 797 linguam
1274 728 1445 782 habet
1500 744 1514 779 :
1558 727 1675 780 sive
1733 725 1897 780 iaciat
1930 726 2162 795 aliquid,

596 818 875 872 serviliter
907 818 1203 872 admodum
1230 818 1281 872 id
1307 817 1457 880 facit,
1488 832 1654 886 quam
1704 817 1895 886 procul
1926 832 1957 871 a
2006 816 2167 871 Chri-

597 908 774 962 stiana
811 907 1114 963 abscedens
1155 909 1520 978 ingenuitate,
1582 923 1684 963 nec
1723 907 1792 962 ad
1846 909 2010 963 ullam
2049 923 2168 962 ma-

598 1015 832 1069 gnorum
866 1014 1158 1054 munerum
1188 1007 1353 1068 atque
1376 999 1649 1054 virtutum
1671 997 2014 1054 iunctionem
2063 999 2173 1053 uti-

599 1087 686 1141 lis.

670 1177 826 1248 Greg.
877 1177 1033 1250 Nysa.
1082 1209 1152 1218 —
1200 1179 1465 1234 Dominus
1498 1179 1691 1234 beatos
1727 1178 2009 1249 praedicat,
2057 1194 2170 1234 non

598 1266 696 1338 qui
736 1275 890 1323 extra
958 1282 1180 1323 omnem
1247 1269 1720 1339 perturbationem
1788 1268 1981 1323 vivunt
2037 1268 2171 1341 (non

599 1359 749 1414 enim
772 1358 891 1414 ﬁeri
917 1367 1119 1429 potest,
1148 1369 1210 1415 ut
1233 1359 1287 1414 in
1314 1361 1523 1415 carnali
1555 1362 1668 1416 vita
1693 1375 1758 1415 ac
1794 1368 2030 1424 terrena,
2056 1360 2172 1430 spi-

602 1446 817 1503 ritalem
857 1450 1085 1504 omnino
1145 1449 1425 1519 nullisque
1490 1450 1784 1505 obnoxiam
1835 1463 1900 1505 ac
1942 1464 2171 1505 summa;

560 1530 575 1541 “
602 1540 1022 1610 tranquillitatis
1046 1542 1214 1596 vitam
1245 1540 1519 1613 agamus),
1549 1542 1644 1597 sed
1666 1542 1762 1612 qui
1790 1540 1857 1596 ad
1889 1541 2172 1597 naturales

601 1635 968 1705 appetitiones
996 1642 1160 1705 atque
1189 1634 1420 1690 aﬂ'ectus
1451 1649 1591 1705 agre
1621 1634 1880 1703 lenteque
1909 1647 2172 1689 movean-

602 1733 716 1781 tur.

2268 538 2429 608 ἐρίων
2478 538 2788 608 φθέγξεται,
2820 542 2922 614 τῆς
2969 544 3215 620 γλώττης
3259 552 3430 605 αὑτοῦ
3477 556 3547 623 τῇ
3601 556 3815 625 ποιότητι

2267 628 2380 682 τῶν
2404 631 2731 698 γυναικείων
2768 633 3214 709 ἀναχρωσθείσης
3246 643 3520 713 ῥημάτων
3540 660 3555 674 ’
3589 645 3684 698 κᾶν
3708 640 3816 718 ποιῇ

2267 736 2341 783 τι,
2398 721 2536 789 μετὰ
2583 721 2782 794 πολλῆς
2834 726 2993 780 τοῦτο
3042 729 3329 801 ἐργάζεται
3390 733 3817 805 δουλοπρεπείας,

2268 813 2458 884 πόρρω
2483 816 2586 886 τῆς
2615 819 2728 882 τοῖς
2764 819 3113 890 Χριστιανοῖς
3153 828 3485 899 πρεπούσης
3534 829 3819 901 ἐλευθερίας

2269 905 2463 960 ἐαυτὸν
2489 907 2801 976 ἀποικίσας,
2832 913 2927 966 καὶ
2950 914 3073 968 οὐδὲ
3099 917 3237 988 πρὸς
3262 919 3420 975 οὐδὲν
3446 920 3562 974 τῶν
3596 922 3822 990 μεγάλων

2270 998 2706 1072 κατορθωμάτων
2736 1005 3025 1076 γενόμενος
3051 1010 3339 1083 χρήσιμος.

2339 1174 2525 1243 Γρηγ.
2568 1174 2842 1245 Νύσσης.
2870 1207 2942 1221 —-
2968 1181 3279 1256 Μακαρίζει
3306 1186 3337 1239 6
3374 1186 3610 1257 Κύριος,
3634 1190 3695 1241 οὐ
3717 1193 3825 1254 τοὺς

2270 1258 2377 1327 ἔξω
2401 1262 2607 1327 πάθους
2642 1264 2983 1335 βιοτεύοντας
3027 1273 3110 1344 (ού
3143 1275 3252 1346 γὰρ
3287 1276 3524 1331 δυνατὸν
3553 1280 3611 1331 ὲν
3655 1281 3822 1334 ύλώδει

2272 1352 2387 1426 ζωῇ
2432 1355 2523 1409 τὸν
2563 1356 2725 1411 ἇῦλον
2777 1360 3004 1417 καθόλου
3050 1365 3145 1419 καὶ
3195 1367 3383 1440 ἀπαθῆ
3429 1370 3824 1439 κατορθωθῆναι

2273 1445 2433 1516 βίον),
2470 1446 2606 1503 ἀλλά
2653 1450 2790 1521 πρὸς
2832 1453 2935 1518 τὰς
2979 1453 3083 1526 τῆς
3127 1456 3341 1527 φύσεως
3381 1459 3575 1531 ὁρμὰς
3609 1460 3823 1532 βραδέως

2272 1536 2367 1592 καὶ
2395 1538 2724 1613 δυσκινήτως
2749 1542 2990 1615 ἔχοντας.

670 1817 831 1873 Omni
860 1818 1020 1888 plane
1048 1817 1183 1873 vitio
1203 1802 1361 1889 quasi
1387 1831 1512 1872 esca
1535 1817 1780 1887 quaedam
1797 1818 2049 1888 prostans
2070 1830 2171 1871 vo-

2343 1802 2531 1873 Πάσης
2563 1804 2733 1870 ὅντως
2761 1808 2958 1873 κακίας
2988 1805 3100 1865 οἷόν
3138 1829 3191 1866 τι
3216 1814 3415 1885 δέλεαρ
3448 1815 3484 1885 ἡ
3512 1814 3671 1885 ἡδονὴ
3702 1832 3818 1887 προ-

603 1910 806 1980 luptas,
835 1910 1151 1981 cupidiores
1181 1910 1397 1965 animos
1432 1908 1487 1963 in
1516 1909 1846 1981 perditionis
1864 1909 2024 1965 facile
2068 1908 2171 1962 ha-

602 2014 752 2054 mum
793 2000 981 2054 trahit.

671 2090 975 2147 Clementis.
1008 2122 1080 2133 —
1109 2092 1396 2163 Virginum
1425 2092 1710 2162 corruptio
1735 2092 2000 2162 velutque
2050 2098 2171 2146 stu-

600 2183 781 2253 pratio
809 2182 1037 2248 dicitur,
1074 2183 1277 2238 nedum
1304 2183 1585 2247 scortatio,
1627 2199 1821 2238 verum
1874 2184 2040 2238 etiam
2073 2182 2174 2236 im-

601 2283 819 2329 matura
843 2284 1003 2329 aatate
1031 2275 1297 2341 elocatio;
1329 2291 1479 2339 eum,
1509 2284 1564 2329 ut
1596 2276 1668 2331 ita
1695 2275 1897 2336 dicam,
1945 2275 2033 2330 vel
2055 2275 2173 2346 ipsa

603 2382 634 2421 a
680 2381 759 2431 se,
807 2366 893 2421 vel
941 2383 972 2421 a
1016 2346 1365 2437 parentibus,
1430 2366 1723 2422 immatura
1766 2368 1883 2423 viro
1931 2367 2171 2423 colloca-

602 2467 715 2509 Nll‘.

673 2547 757 2601 Ea:
786 2546 1058 2601 Panibus.
1095 2577 1165 2587 ——
1194 2548 1383 2604 Rebus
1399 2556 1639 2619 quatuor
1677 2549 1939 2605 scortatio
1967 2548 2172 2604 excita-

600 2646 723 2703 tur;
755 2636 865 2692 cibi
894 2645 1164 2707 potusque
1188 2638 1507 2705 saturitate;
1530 2638 1710 2695 somni
1741 2640 2027 2704 satietate;
2057 2637 2172 2692 otio

598 2738 658 2786 et
689 2730 814 2785 lusu
840 2729 1100 2799 inanique
1130 2729 1469 2800 garrulitate,
1530 2745 1596 2786 ac
1628 2729 1909 2801 superﬂuo
1935 2730 2169 2785 vestium

598 2830 821 2877 ornatu.

672 2993 804 3049 Nili.
842 3025 913 3036 —-
946 2995 1189 3061 Remove
1211 3010 1243 3051 a
1271 2995 1505 3067 conjuge
1535 3003 1626 3049 tua
1660 2992 1979 3048 eunuchum
2018 2990 2170 3046 Sma-

601 3088 860 3160 ragdum;
879 3104 1004 3144 nam
1023 3089 1128 3144 etsi
1150 3088 1384 3160 geminis
1404 3086 1641 3143 testibus
1663 3083 1895 3140 inferius
1915 3092 2171 3138 exsectus

2277 1893 2557 1966 ϐληθεῖσα,
2610 1897 2842 1964 εὐκόλως
2885 1901 2985 1965 τὰς
3043 1902 3355 1976 λιχνοτέρας
3411 1905 3597 1975 ψυχὰς
3652 1908 3738 1960 ἐπὶ
3770 1908 3821 1960 τὸ

2275 1982 2571 2055 ἄγκιστρον
2597 1985 2695 2056 τῆς
2717 1988 2988 2055 ἀπωλείας
3015 1994 3323 2065 ἐφέλκεται.

2348 2078 2718 2148 Κλήμεντος.
2750 2110 2816 2123 -
2848 2085 3143 2158 Παρθένων
3171 2091 3349 2163 φθορά
3382 2094 3631 2164 λέγεται,
3661 2099 3719 2151 οὐ
3742 2100 3819 2170 μό-

2276 2186 2365 2224 νον
2406 2173 2653 2243 πορνεία,
2696 2175 2830 2231 ἀλλά
2859 2179 2954 2232 καὶ
2986 2182 3019 2249 ἡ
3052 2180 3158 2252 πρὸ
3181 2184 3375 2253 καιροῦ
3405 2185 3621 2253 ἔκδυσις
3642 2204 3658 2219 ο
3686 2189 3814 2255 ὅταν,

2274 2260 2351 2325 ὼς
2379 2264 2578 2328 εἰπεῖν,
2607 2263 2784 2338 ἄωρος
2804 2267 2998 2341 ἐκδοθῇ
3012 2270 3091 2342 τῷ
3106 2272 3282 2345 ἀνδρὶ,
3307 2276 3428 2345 ἦτοι
3458 2278 3554 2347 ἀφ’
3574 2280 3815 2349 ἐαυτῆς.ἧ

2276 2354 2428 2426 παρά
2453 2355 2560 2410 τῶν
2591 2356 2809 2425 γονέων.

2358 2534 2454 2588 Ἐκ
2482 2533 2601 2589 τῶν
2631 2534 2921 2605 Πατάρων.
2953 2567 3021 2580 --
3052 2540 3151 2594 Διά
3181 2542 3469 2614 τεσσάρων
3504 2544 3814 2614 πραγμάτων

2275 2622 2547 2696 ἐγείρεται
2592 2628 2626 2699 ἠ
2678 2629 2923 2700 πορνεία,
2971 2631 3037 2684 ἐκ
3066 2630 3161 2685 τοῦ
3201 2639 3397 2702 φαγεῖν
3446 2637 3544 2688 καὶ
3575 2638 3711 2688 πιεῖν
3746 2638 3811 2696 εἰς

2275 2715 2621 2787 πλησμονήν’
2653 2718 2746 2774 καὶ
2791 2720 2821 2773 6
2863 2720 3023 2793 κόρος
3049 2722 3145 2777 τοῦ
3184 2722 3378 2789 ὕπνου,
3438 2726 3536 2778 καὶ
3567 2725 3626 2778 τὸ
3650 2726 3813 2794 ἀργεῖν

2275 2807 2370 2860 καὶ
2392 2805 2608 2869 παίζειν
2635 2808 2729 2862 καὶ⁸
2755 2807 3105 2880 ἀργολογεῖνο
3134 2812 3231 2866 καὶ
3256 2815 3286 2867 6
3312 2814 3694 2883 καλλωπισμὸς
3716 2814 3810 2867 τῶν

2276 2896 2527 2964 ἱματίων.

2343 2990 2582 3045 Νείλου.
2619 3020 2685 3032 -
2727 2990 3059 3066 ’Δπὸστησον
3093 2996 3203 3051 ἀπὸ
3229 2996 3328 3067 τῆς
3358 2997 3594 3069 συμϐίου
3624 3014 3709 3051 σου
3731 2996 3808 3049 τὸν

2277 3080 2530 3151 εὐνοῦχον
2566 3081 2880 3152 Σμάραγδον
2898 3100 2913 3116 ο
2943 3085 3045 3139 κᾶν
3078 3087 3187 3157 γὰρ
3216 3087 3400 3160 δοκοίη
3427 3088 3539 3141 τῶν
3568 3089 3705 3142 κάτω
3740 3087 3808 3139 δι-

598 3153 854 3247 νίιῖειυτ,
895 3181 1063 3236 habet
1109 3153 1292 3236 tamen
1339 3178 1529 3234 nescio
1583 3176 1861 3247 quomodo
1919 3176 2171 3246 geminos

2272 3172 2455 3243 δύμων
2495 3172 2883 3245 ἐκτετμῆσθαι,
2909 3177 3023 3233 ἀλλ’
3052 3153 3170 3234 ἄνω
3186 3179 3301 3251 ἔχει
3358 3153 3416 3233 ἐν
3458 3182 3538 3253 τῷ
3567 3179 3806 3251 προσώπῳ

600 3274 660 3329 in
689 3273 828 3330 facie
856 3274 1067 3339 oculos,
1098 3273 1195 3343 qui
1228 3271 1525 3327 libidinose
1560 3269 1878 3340 inspieiant,
1923 3268 2172 3338 malaque

596 3366 712 3437 iam
741 3366 1060 3422 testimonia
1096 3380 1161 3421 ac
1189 3379 1439 3420 rumores
1461 3364 1760 3420 asciscant.

667 3456 883 3530 Cyrilli.
924 3489 978 3499 —
1012 3458 1170 3515 Fumi
1191 3458 1388 3523 instar,
1417 3465 1513 3512 aut
1539 3456 1706 3513 etiam
1732 3454 1902 3511 veluti
1936 3467 2173 3523 vapores

599 3552 850 3623 quidam,
901 3552 1197 3608 insitarum
1254 3551 1313 3607 in
1362 3550 1525 3605 nobis
1575 3550 1924 3619 voluptatum
1985 3547 2175 3617 vigent

600 3644 900 3714 appetitus.
959 3642 1069 3699 Sed
1114 3642 1212 3713 qui
1268 3650 1585 3711 temperans
1640 3648 1808 3710 atque
1865 3638 2027 3695 fortis
2062 3646 2170 3703 est,

600 3741 786 3789 motus
807 3733 1051 3799 cohibet,
1101 3749 1206 3790 nec
1252 3734 1486 3790 ulterius
1519 3732 1655 3787 sinit
1708 3729 1989 3801 progredi,
2041 3728 2174 3784 alie-

599 3833 864 3896 ctumque
889 3824 1072 3881 adhuc
1116 3825 1451 3881 imbecillem
1498 3823 1657 3880 facile
1704 3822 2041 3894 comprimit.
2068 3819 2173 3889 Qui

601 3923 788 3971 autem
841 3916 1024 3986 segnis
1064 3931 1130 3971 ac
1161 3917 1445 3989 negligens
1491 3924 1599 3980 est,
1646 3915 1892 3971 admittit
1948 3914 2175 3985 quidem

2274 3280 2391 3327 πως
2424 3265 2550 3327 τοὺς
2578 3264 2830 3337 διδύμους
2875 3268 3207 3340 ὀφθαλμοὺς,
3238 3271 3509 3339 ἐμπαθῶς
3539 3272 3806 3342 ἐμὸλέπον-

2270 3358 2517 3428 ταςικαὶ
2548 3358 2973 3430 ἐπισυρομένους
2998 3362 3098 3433 ήδη
3132 3362 3375 3434 πονηρὰς
3403 3362 3720 3435 μαρτυρίας.

2342 3449 2667 3520 Κυριλλου.
2697 3481 2768 3491 -
2798 3453 3022 3508 Καπνοῦ
3061 3453 3239 3525 δίκην,
3285 3455 3318 3526 ἢ
3362 3458 3459 3510 καὶ
3482 3456 3662 3525 ὥσπερ
3687 3451 3806 3512 τινὲς

2271 3543 2436 3614 ἀτμοὶ
2475 3543 2584 3598 τῶν
2630 3544 2886 3616 ἐμφύτων
2920 3546 3125 3618 ἡδονῶν
3174 3546 3493 3618 ἀνίσχουσιν
3520 3549 3577 3602 ἐν
3622 3547 3738 3617 ἡμῖν
3762 3546 3806 3597 ai

2271 3636 2501 3711 ὀρέξεις.
2544 3638 2685 3693 Ἀλλ’
2708 3642 2738 3694 6
2772 3640 2872 3711 μὲν
2903 3640 3136 3713 σώφρων
3163 3642 3260 3696 καὶ
3296 3642 3569 3706 νεανικὸς,
3613 3636 3810 3705 ἐπιτιμᾷ

2272 3731 2385 3794 τοῖς
2416 3730 2705 3802 κινήμασι,
2736 3731 2830 3785 καὶ
2870 3731 3183 3803 περαιτέρω
3214 3730 3500 3804 προελθεῖν
3532 3732 3628 3786 οὐκ
3663 3730 3747 3799 ἐᾷ’
3773 3719 3811 3792 ᾧ

2274 3820 2372 3876 καὶ
2413 3822 2643 3893 ἀδρανὲς
2677 3821 2739 3877 ὃν
2760 3822 2845 3877 ’ἔτι
2873 3822 2937 3878 τὸ
2982 3824 3153 3890 πάθος
3179 3825 3408 3897 ἣττηται
3445 3825 3641 3898 ῥᾳδίως
3662 3839 3676 3854 ο
3713 3822 3740 3873 6
3763 3820 3810 3871 δὲ

2276 3912 2522 3985 ῥᾴθυμος
2568 3916 2665 3971 καὶ
2717 3916 3190 3988 κατημελημὲνος,
3243 3918 3547 3988 εἰσδέχεται
3596 3915 3687 3985 μὲν
3730 3911 3811 3971 τὰς

2273 4007 2383 4061 τῶν
2422 4006 2624 4076 ἡδονῶν
2655 4007 2831 4078 ἀρχὰς
2861 4007 2935 4072 ὼς
2963 3989 3172 4072 ἐννοίας
3198 4008 3289 4063 ἔτι.
3318 4010 3516 4079 ψιλάς·
3549 4002 3810 4073 ἐπιτρέψας

2273 4097 2330 4152 δέ
2360 4097 2643 4169 προελθεῖν
2669 4099 2751 4164 είς
2775 4098 2998 4165 πλάτος,
3031 4100 3469 4172 δυσχερεστάτην
3501 4097 3708 4169 εὑρήσει
3731 4093 3813 4160 τὴν

2273 4190 2589 4245 ἀντίστασιν
2619 4194 2717 4261 (ο).
2762 4190 2822 4245 '0
2847 4191 2955 4262 γὰρ
2986 4192 3256 4264 προαλοὺς
3285 4193 3381 4246 καὶ
3409 4188 3810 4265 προηττημένος.

2275 4279 2335 4334 ού
2360 4279 2471 4333 τῶν
2505 4279 2651 4333 ίδίων
2674 4281 2824 4355 ἐστὶν
2866 4281 3189 4352 θελημάτων
3233 4282 3472 4355 Κύριος·
3522 4273 3809 4337 ύπύκειται¹

2274 4371 2331 4427 δέ
2379 4371 2581 4442 μᾶλλον
2654 4354 2906 4445 καθάπερ
2954 4375 3063 4428 τινὶ
3095 4354 3366 4447 Βαρὸἀρῳ
3423 4373 3506 4447 τῷ
3561 4372 3808 4443 νικήσαντι

602 4005 1000 4060 subnaseentes
1021 4006 1334 4076 voluptates
1363 4007 1517 4062 velut
1539 4006 1717 4061 nudas
1748 4006 1931 4062 adhuc
1972 4005 2177 4076 cogita-

603 4097 785 4151 tiones
810 4113 825 4149 :
854 4097 1183 4166 permittens
1214 4114 1346 4154 vero
1371 4100 1427 4154 in
1457 4100 1629 4155 latum
1653 4098 1938 4170 progredi,
1958 4113 2174 4155 summe

601 4186 855 4251 arduam,
880 4200 945 4241 ac
983 4201 1055 4241 ne
1086 4187 1179 4242 vix
1212 4188 1439 4258 quidem
1484 4189 1859 4255 eluctabilem,
1907 4190 2174 4246 resisten-

601 4275 734 4330 tiam
759 4275 1024 4331 oll‘endet.
1055 4275 1161 4343 Qui
1193 4278 1342 4334 enim
1365 4281 1478 4351 jam
1514 4281 1698 4336 victus
1741 4288 1827 4336 est
1849 4296 1913 4335 ac
1950 4295 2177 4351 supera-

602 4375 715 4432 tus,
738 4381 962 4426 suarum
991 4366 1203 4421 arbiter
1245 4368 1591 4425 voluntatum
1614 4386 1726 4427 non
1764 4378 1851 4426 est
1883 4387 1897 4425 :
1922 4369 2057 4440 quin
2079 4385 2177 4441 po-

602 4457 734 4521 tius,
768 4472 871 4513 ceu
894 4457 1142 4514 Barbare
1162 4459 1381 4515 cuidam
1397 4461 1595 4518 victori
1610 4461 1832 4527 aﬂ'ectui
1849 4470 2017 4534 atque
2038 4461 2175 4518 vitio
2277 4460 2458 4516 πάθει.

597 4548 869 4622 subjaeet.

1237 4619 1540 4677 Menandri.

736 4730 967 4789 Caslitas
990 4734 1652 4807 virtutispromptuarium
1703 4745 1799 4792 est.

664 4823 946 4881 Jamblielu‘
968 4840 1032 4880 ea:
1060 4823 1313 4895 Epistolis
1337 4825 1402 4880 de
1433 4827 1700 4882 castitate.
1723 4855 1793 4867 -—
1820 4826 2008 4883 Virtus
2046 4840 2166 4882 om-

2870 4619 3238 4691 Μενάνδρου.

2417 4732 2661 4802 Ταμεῖόν
2689 4733 2861 4787 ἐστιν
2891 4733 3108 4803 ἀρετῆς
3152 4736 3192 4802 ἡ
3224 4737 3611 4805 σωφροσύνη.

2356 4824 2688 4896 ἰαμὸλίχου
2728 4826 2798 4890 ἐξ
2847 4826 3226 4880 Ἐπιστολῶν
3246 4828 3378 4897 περι
3417 4822 3811 4899 σωφροσύνης.

1894 4965 2129 5022 VARIE
2167 4964 2575 5024 LECTIONES.

542 5080 561 5135 ξ
666 5056 858 5115 ίᾶλλ.
911 5058 1283 5115 ὑποκείσεται.

660 5243 1231 5330 ςομυσηερεᾳτάτην
1255 5247 1497 5330 captiost
1520 5248 1637 5316 τὴν
1654 5248 2033 5330 ἀντίστασιν.
2058 5247 2172 5303 Ma-

597 5312 681 5371 lui
710 5312 873 5389 banc'
892 5312 1205 5389 lectionem,
1241 5312 1399 5389 cujus
1427 5327 1485 5373 et
1511 5312 1707 5389 sensus
1732 5317 1953 5383 clarior,
1979 5332 2166 5389 quam,

598 5393 661 5441 ut
686 5384 1121 5458 σιῷ-ἀντίδοσιν.
1151 5384 1502 5457 Signiﬁcatur
1541 5387 1713 5442 ardua
1740 5395 1974 5458 etpene
1997 5384 2174 5444 'insu-

597 5453 1182 5539 perabilisall'ectuum
1209 5453 1542 5532 resistentia,
1560 5473 1700 5539 cum
1726 5453 1850 5539 quis
1869 5458 1981 5528 jam
2011 5458 2171 5513 adul-

2114 5148 2351 5209 NOTAE.

2279 5248 2491 5304 dictum
2535 5248 2607 5304 ab
2652 5263 2721 5304 eo
2766 5248 2861 5304 sit.
2905 5248 3175 5302 ἀντίδοτον
3219 5247 3507 5302 remedium
3555 5245 3642 5310 sit,
3685 5249 3813 5316 (ιιιειξι

2276 5328 2471 5375 contra
2494 5319 2697 5374 malum
2720 5318 2915 5389 datum
2939 5326 3036 5373 aut
3061 5333 3377 5382 venenum;
3403 5317 3811 5389 aptamque?

2270 5390 2449 5460 (ultio;
2494 5391 2661 5460 vices;
2704 5388 3042 5460 ἀντιδοθεῖσα
3088 5389 3387 5460 παρθένου,
3398 5458 3404 5460 Α
3428 5384 3812 5460 Greg._airgil}§3

2272 5459 2383 5513 loco
2407 5460 2559 5514 data.
2594 5457 2697 5513 Hic
2730 5472 2864 5529 ergo
2905 5456 3814 5529 reddam,'diﬂicillimam_vieemjf-

598 5513 685 5581 tos
719 5533 951 5599 conatur
983 5522 1307 5595 exstirpare,
1344 5513 1540 5599 seque.
1558 5527 1679 5599 illis
1716 5513 1983 5599 e‘ximere,
2031 5542 2174 5599 pene
2268 5530 2543 5599 veniatﬂac
2574 5542 2717 5599 pene
2751 5513 3204 5599 in‘sttperabilem,
3238 5513 3336 5599 p'ro
3377 5543 3441 5581 ea
3489 5513 3807 5599 indulgentia.

598 5597 814 5670 captiva
827 5596 1143 5670 voluntate,
1167 5611 1270 5670 nec
1293 5596 1431 5670 satis
1452 5597 1538 5670 sui
1564 5598 1792 5670 arbitra.
1817 5596 2175 5670 δυσχερεστά-

597 5665 697 5735 την
710 5665 1009 5737 ἀντίδοσιν,
1044 5665 1191 5735 quod
1220 5667 1446 5737 exponit
1478 5667 1645 5722 Gesn.
1690 5665 2054 5737 difﬁcillimum
2086 5683 2173 5721 re-

601 5735 848 5800 medium,
879 5751 1078 5792 vereor
1113 5752 1183 5791 ne
1224 5736 1434 5790 medice
1468 5737 1638 5805 magis
1673 5735 1836 5806 quam
1870 5737 2173 5808 tltcologice

2271 5614 2379 5670 qua
2401 5584 2635 5654 allectus
2657 5584 2908 5670 vitiaque
2935 5584 3338 5670 primumjsivit
3366 5608 3609 5651 crescere
3628 5584 3680 5645 et
3702 5584 3811 5640 ado-

2271 5668 2501 5732 lescere,
2533 5676 2700 5738 atque
2728 5668 2868 5722 altas
2893 5668 3080 5722 animo
3107 5668 3324 5722 radices
3348 5682 3529 5738 agere.
