4036 6278
176 291 270 357 741

1479 273 1649 335 LOCI
1688 272 2127 337 COMMUNES.

3320 281 3434 348 ’142

173 436 237 454 ..-
268 406 432 460 Πᾶσα.
468 402 564 473 μὲν
601 394 773 470 ἁρετὴ
816 393 879 447 τὺ
907 390 1207 463 θνητοειδὲς
1235 390 1345 442 πᾶν
1384 387 1662 457 ἀτιμάζει,
1692 386 1752 438 τὸ

1867 385 1945 438 nis
1987 383 2259 454 quidquid
2312 386 2544 441 mortale
2605 387 2818 458 aliquid
2869 388 3075 456 relert,
3140 391 3429 462 repudiat;

175 505 227 557 δὲ
258 499 537 555 ἀθάνατον
572 490 901 554 ἀσπάζεται.
932 484 1076 538 Πολὺ
1106 482 1165 535 δὲ
1194 479 1559 552 διαφερόντως
1586 480 1620 548 ἡ
1648 494 1752 530 σω·

177 591 419 664 φροσύνη
459 586 661 654 ταύτην
691 582 807 651 ἔχει
836 578 935 650 τὴν
959 576 1211 646 σπουδὴν,
1236 575 1333 628 an
1361 573 1427 641 δὴ
1458 571 1754 664 τὰςγπροσ-

178 683 410 756 ηλούσας
442 680 522 751 τῷ
570 676 785 745 σώματι
829 671 929 741 τὴν
958 668 1135 739 ψυχὴν
1165 664 1356 738 ἡδονάς
1385 663 1751 756 άτιμὰᾃζουσα,

181 754 271 829 καὶ
308 776 369 825 ὲν
423 771 613 838 ἁγνοῖς
653 763 877 836 βάθροις
924 760 1160 831 βεϐῶσα,
1213 757 1287 820 ὣς
1330 772 1460 825 φησι
1506 754 1750 808 Πλάτων.

180 866 295 928 Πῶς
323 863 439 932 γὰρ
489 862 521 928 ἡ
556 855 880 927 σωφροσύνη
925 851 1166 911 τελείους
1205 849 1351 917 ἡμᾶς
1393 846 1455 900 οὐ
1501 846 1666 907 ποιεῖ,
1692 844 1754 896 τὸ

179 956 357 1016 ἀτελὲς
418 952 520 1005 καὶ
580 945 828 1018 ἐμπαθὲς
873 943 993 997 ὅλον
1050 938 1143 1008 ἀφ’
1186 938 1341 1008 ἡμῶν
1389 935 1751 1007 ὲξορίξουσα;

183 1048 369 1117 Γνοίης
411 1046 459 1098 δ’
495 1044 559 1097 ἂν
592 1042 669 1104 ὡς
709 1039 867 1092 τοῦτο
902 1035 1073 1098 οὕτως
1107 1033 1238 1104 ἔχει,
1269 1030 1359 1083 τὸν
1396 1026 1756 1099 Βελλεροφόν-

182 1156 273 1209 την
299 1136 589 1205 ἐννοήσας,
625 1131 702 1193 ὼς
754 1126 893 1198 μετὰ
933 1128 1031 1197 τῆς
1066 1124 1425 1192 κοσμιότητος
1458 1136 1755 1187 συναγωνι-

185 1230 425 1299 ζόμενος,
459 1224 561 1295 τὴν
589 1221 872 1290 Χίμαιραν
906 1218 1001 1269 καὶ⁵
1028 1216 1087 1268 τὸ
1139 1212 1404 1284 θηριῶδες
1432 1211 1524 1264 καὶ
1567 1210 1756 1279 ἄγριον

187 1322 272 1374 καὶ
296 1320 580 1389 ἀνήμερον
610 1312 777 1383 φῦλον
805 1311 913 1362 πᾶν
945 1306 1175 1361 ἀνεῖλεν.
1213 1304 1388 1365 Ὄλως
1422 1300 1528 1371 γὰρ
1564 1302 1597 1371 ἡ
1640 1300 1751 1351 τῶν

188 1412 367 1467 παθῶν
397 1410 642 1479 ἄμετρος
675 1402 1001 1472 ἐπικράτεια
1047 1398 1167 1451 οὐδὲ
1190 1395 1508 1466 ἀνθρώπους
1532 1393 1753 1463 ἀφίησιν

189 1504 315 1560 εἷναι
359 1504 493 1565 τοὺς
523 1498 880 1569 ἀνθρώπους,
928 1493 1064 1564 πρὸς
1092 1491 1149 1544 δὲ
1195 1488 1290 1559 τὴν
1340 1487 1618 1555 ἀλόγιστον
1653 1485 1754 1539 αὐ-

189 1597 301 1658 τοὺς
332 1595 490 1646 ἕλκει
526 1590 689 1659 φύσιν
724 1587 819 1640 καὶ
852 1581 1094 1654 θηριώδη
1125 1582 1218 1632 καὶ
1250 1581 1501 1632 ἄτακτον.

1848 475 1995 545 quod
2034 492 2167 529 vero
2192 476 2502 531 immortale
2535 488 2642 542 est,
2685 479 2739 532 id
2770 480 3143 550 amplectitur.
3179 483 3285 537 Sed
3320 501 3435 555 prae

1851 567 2081 636 reliquis
2102 567 2302 623 eximie
2328 570 2555 623 castitas
2578 570 2686 624 hoc
2720 570 2906 626 studio
2934 579 3193 639 tenetur;
3228 576 3433 644 quippe

1850 672 1972 726 quze
1995 658 2307 726 voluptates
2331 672 2427 711 seu
2453 658 2716 713 libidines
2749 660 2996 714 animum
3021 663 3244 731 corpori
3280 664 3437 718 addi-

1850 758 2040 803 centes
2068 756 2414 818 aspernetur,
2448 758 2505 804 et
2534 750 2590 804 in
2648 751 2814 805 castis
2864 752 3115 818 sedibus,
3147 762 3208 807 ut
3241 764 3433 809 auctor

1851 848 1934 894 est
1966 841 2142 906 Plato,
2168 840 2320 895 ﬁrma
2353 841 2642 896 consistat.
2680 842 2784 909 Qui
2809 844 2958 898 enim
3014 860 3114 898 nos
3151 844 3313 915 539
3342 860 3435 900 ea--

1853 930 2012 985 stitas
2044 931 2320 1001 perfectos
2344 948 2456 987 non
2484 933 2698 999 reddat,
2732 949 2857 988 cum
2913 934 3181 1005 quidquid
3228 936 3429 1006 imper-

1852 1021 2058 1076 fectum
2086 1031 2191 1087 est,
2222 1022 2467 1092 vitioque
2505 1024 2722 1079 haerens
2750 1040 2814 1079 ac
2850 1025 3237 1091 libidinosum,
3262 1042 3293 1080 a
3337 1043 3435 1080 no-

1854 1113 1941 1169 bis
1973 1114 2343 1169 exterminet?
2371 1117 2552 1186 Atque
2614 1117 2721 1172 hoc
2766 1117 2839 1171 ita
2899 1133 2958 1172 se
3011 1118 3219 1173 habere
3272 1118 3434 1174 facile

1857 1205 2152 1276 intelligas,
2178 1207 2223 1261 si
2256 1208 2745 1278 Bellerophontem
2800 1209 3242 1264 consideraveris
3292 1226 3436 1281 quo-

1858 1298 2022 1353 modo
2050 1300 2302 1355 castitate
2346 1302 2549 1355 comite
2595 1311 2946 1365 coneertans,
2996 1301 3324 1359 Chimmram
3351 1303 3437 1358 l‘e-

1861 1407 2093 1461 rumque
2114 1408 2287 1461 genus
2310 1408 2473 1448 omne
2494 1402 2552 1448 et
2578 1404 2792 1464 agreste
2823 1403 2988 1463 atque
3012 1394 3222 1448 immite
3254 1405 3439 1450 sustu-

1860 1484 2007 1537 lerit.
2041 1484 2277 1538 Omnino
2304 1486 2455 1541 enim
2484 1486 2781 1540 aﬂ‘ectuum
2807 1501 2903 1540 seu
2923 1485 3216 1539 libidinum
3241 1486 3437 1541 immo-

1862 1574 1987 1629 dica
2010 1576 2095 1630 vis
2124 1590 2186 1630 ac
2217 1576 2474 1644 victoria,
2509 1593 2579 1632 ne
2609 1576 2861 1632 homines
2894 1577 3120 1647 quidem
3178 1576 3437 1632 homines

190 1703 300 1741 esse
330 1685 491 1747 sinit,
554 1679 652 1736 sed
712 1677 767 1731 in
832 1675 1125 1729 brutorum
1174 1671 1513 1738 ferinamque
1567 1683 1631 1723 ac
1672 1664 2044 1721 inordinatam
2091 1683 2189 1722 eos
2236 1666 2502 1733 indolem,
2554 1668 2827 1723 exstincta
2889 1669 3015 1723 luce
3046 1667 3281 1724 rationis
3325 1677 3436 1723 tra-

193 1779 283 1833 bit.

251 1873 517 1942 Μέμνησο
550 1866 712 1937 λιμοῦ
747 1865 841 1918 καὶ
883 1863 1097 1933 δίψους·
1132 1857 1306 1913 ταῦτα
1354 1856 1460 1926 γὰρ
1498 1854 1754 1907 δύνανται

1929 1851 2037 1905 Fac
2076 1852 2176 1906 tibi
2222 1851 2398 1908 fames
2435 1858 2491 1908 et
2545 1854 2669 1908 sitis
2699 1855 2756 1908 in
2786 1864 3029 1910 mentem
3064 1854 3285 1909 veniat:
3320 1855 3436 1909 haec

198 1961 436 2035 μεγάλως
476 1959 592 2022 τοῖς
626 1953 981 2027 σωφροσύνην
1010 1948 1319 2005 διώκουσιν.

259 2140 359 2192 Ἐκ
377 2136 499 2191 τῶν
521 2128 1214 2204 Ἀριστογνοππουμμῶν
1233 2125 1450 2197 (p).——K
1461 2124 1613 2196 ρατεῖ
1643 2122 1762 2191 ἡδο⁴

200 2232 304 2301 γῆς,
334 2232 432 2300 οὐχ
474 2232 505 2282 ὁ
536 2230 897 2297 ἀπεχόμενος,
949 2221 1063 2277 ἀλλ’
1097 2222 1127 2273 ὁ
1180 2220 1453 2291 χρώμενος
1510 2215 1629 2286 μὲν,
1686 2212 1760 2285 μὴ

201 2319 663 2392 προεκφερὸμενος
691 2317 748 2369 δέ
768 2333 782 2347 ο
813 2314 1000 2386 ὥσπερ
1025 2312 1121 2366 καὶ
1153 2312 1277 2382 νηὸς
1322 2310 1416 2363 καὶ
1448 2310 1635 2373 ἵππου,
1662 2307 1761 2376 οὐχ

203 2416 227 2466 ὸ
253 2413 321 2483 μὴ
348 2410 658 2483 χρώμενος,
691 2406 805 2462 ἀλλ’
846 2407 875 2458 ὁ
913 2405 1163 2477 μετάγων
1188 2404 1318 2457 ὅπου
1350 2400 1618 2471 βούλεται.

273 2591 537 2645 Ἠσαίου.
581 2618 649 2629 -
693 2587 966 2658 Ἠγοῦμαι
1017 2585 1277 2656 μεγίστην
1324 2578 1461 2635 εἶναι
1499 2582 1608 2635 τῶν
1654 2582 1762 2634 λει-

207 2682 475 2753 τουργιῶν,
501 2682 568 2734 τὸ
601 2680 723 2735 καθ’
752 2680 968 2751 ἡμέραν
999 2678 1111 2748 βίον
1141 2677 1364 2747 κόσμιον
1384 2677 1476 2728 καὶ
1507 2674 1761 2745 σώφρονα

209 2777 465 2845 παρέχειν.

266 2866 515 2934 Σωκράτ.
553 2896 621 2906 -
648 2864 722 2918 Τὸ
756 2863 856 2936 μὲν
884 2861 1020 2933 πῦρ,
1064 2862 1093 2913 ὁ
1120 2860 1339 2931 ἄνεμος,
1368 2857 1457 2911 τὸν
1483 2857 1540 2909 δὲ
1560 2855 1756 2927 ἔρωτα,

210 2959 240 3026 ὴ
268 2958 513 3027 συνήθεια
550 2955 789 3011 ἐκκαίει.

278 3048 620 3116 Ἀλέξανδρ.
667 3077 736 3085 —
772 3045 1163 3116 Δίχμαλώτους
1198 3041 1377 3095 λαϐὼν
1405 3039 1503 3102 τὰς
1532 3039 1759 3110 Δαρείου

212 3139 515 3211 θυγατέρας,
555 3137 746 3208 ἐπειδὴ
792 3134 1172 3190 συνεϐούλευον
1204 3131 1351 3203 αὐτῷ
1383 3133 1432 3184 οἱ
1463 3131 1626 3201 φίλοι,
1668 3131 1758 3183 εὑ-

1860 1939 2009 1993 enim
2038 1939 2338 2009 plurimum
2357 1941 2543 1995 valent
2565 1941 2619 1995 in
2644 1941 2714 1997 iis
2744 1942 2840 2013 qui
2866 1941 3175 1997 castitatem
3223 1952 3437 1999 sectan-

1863 2037 1972 2083 tur.

1935 2119 2017 2173 Ea:
2051 2120 2309 2191 Aristippi
2331 2122 3074 2193 sententiis.-—Voluptatem
3102 2122 3296 2189 vincit,
3328 2137 3440 2179 non

1861 2211 1955 2280 qui
1976 2211 2237 2276 abstinet,
2275 2212 2372 2267 sed
2390 2212 2486 2283 qui
2518 2213 2697 2270 utitur
2723 2214 2975 2284 quidem,
3013 2223 3070 2269 et
3099 2230 3212 2269 non
3233 2214 3436 2270 ell‘use:

1862 2303 2004 2360 sicut
2033 2314 2091 2359 et
2114 2320 2311 2359 navem
2337 2312 2393 2359 et
2413 2320 2619 2374 equum
2645 2306 2810 2377 regit,
2842 2322 2954 2361 non
2977 2306 3068 2376 qui
3102 2322 3215 2360 non
3240 2307 3439 2371 utitur,

1863 2393 1960 2449 sed
1990 2395 2084 2464 qui
2133 2394 2397 2450 transfert
2426 2410 2490 2451 ac
2519 2396 2674 2451 ducit
2731 2410 2842 2467 quo
2866 2396 3177 2453 collibitum
3213 2398 3267 2452 ei
3318 2396 3440 2453 fue-

1862 2484 1957 2541 rit.
3400 2554 3403 2557 γ

1931 2576 2063 2632 Isai.
2103 2606 2174 2618 —
2203 2577 2499 2633 Maximum
2529 2578 2772 2635 arbitror
2799 2578 3048 2635 omnium
3098 2594 3221 2636 esse
3250 2595 3444 2636 mune-

1862 2684 2007 2735 rum,
2032 2668 2160 2723 vitae
2210 2669 2425 2739 pudicae
2457 2685 2522 2725 ac
2576 2678 2741 2727 easta:
2784 2668 2905 2742 (seu
2937 2671 3160 2743 sobriae)
3192 2672 3443 2742 quotidie

1862 2757 2143 2827 specimen
2177 2757 2449 2827 prebere.

1931 2848 2189 2903 Socratis.
2237 2880 2308 2889 ——
2336 2851 2524 2921 Ignem
2575 2859 2777 2908 ventus
2824 2853 3127 2912 exsuscitat
3159 2870 3445 2913 :amorem

1861 2948 2045 2995 autem
2065 2941 2409 2996 consuetudo
2434 2941 2757 2998 inﬂammat.

1931 3033 2258 3088 Alexander.
2298 3066 2371 3074 —
2393 3034 2533 3090 Cum
2564 3035 2810 3106 captivas
2845 3036 2904 3091 in
2949 3045 3223 3106 potestate
3274 3038 3446 3094 habe-

1864 3133 1951 3178 ret
1998 3125 2147 3180 Darii
2204 3124 2369 3192 ﬁlias,
2402 3125 2566 3196 eique
2600 3126 2768 3182 amici
2827 3127 3150 3193 suaderent,
3201 3136 3264 3182 ut
3292 3129 3443 3201 quod

213 3197 404 3287 enim.
430 3197 623 3295 οδσαις
672 3197 863 3292 αὐταῖς
909 3226 1262 3296 συγγενέσθαι
1288 3242 1299 3253 ·
1324 3197 1590 3294 ⁷Αίσχρὸν,
1630 3222 1753 3293 ἔφη,

1867 3216 2101 3286 eleganti
2154 3214 2331 3271 forma
2388 3226 2594 3284 essent,
2647 3232 2773 3273 cum
2814 3218 2898 3274 eis
2944 3218 3381 3289 congrederetur
3426 3238 3441 3276 ι

212 3324 368 3388 ἐστὶν,
413 3323 618 3393 ἄνδρας
675 3322 1043 3390 νικήσαντας,
1103 3317 1208 3371 ὑπὸ
1268 3315 1540 3385 γυναικῶν
1595 3315 1759 3385 ἡττηο

216 3413 369 3483 θῆναι.

279 3506 331 3559 ’0
358 3505 514 3569 αὐτὸς
544 3505 628 3568 είς
666 3503 957 3574 Ἰλλυριοὺς
991 3499 1455 3573 παραγενόμενος,
1490 3498 1547 3551 ὲν
1572 3496 1649 3569 τῷ
1670 3497 1762 3550 τοῦ

215 3596 313 3660 Διὸς
363 3596 535 3668 βωμῷ
588 3594 821 3649 κατιδὼν
862 3594 1096 3662 γυναῖκα
1136 3591 1324 3645 κάλλει
1372 3589 1761 3660 διαφέρουσαν,

214 3688 475 3757 ἐκπλαγεὶς
539 3688 710 3757 αὐτῆς
774 3688 872 3757 τὴν
936 3684 1271 3756 εὐμορφίαν,
1349 3683 1514 3735 πολὺν
1574 3683 1764 3751 χρόνον

216 3780 400 3834 ἐθεᾶτο·
445 3780 547 3835 τοῦ
599 3780 657 3835 δὲ
728 3778 1121 3848 Ἠφαιστίωνος
1172 3776 1435 3840 εἰπόντος,
1492 3775 1574 3826 ὅτι
1617 3774 1763 3838 εἰκός

216 3874 311 3925 ἐστι
337 3873 673 3946 παραλαϐεῖν
703 3873 871 3944 αὐτὴν
900 3870 1203 3943 ἐρωμένην,
1242 3869 1366 3940 ἔφη,
1420 3868 1527 3922 Καὶ
1553 3867 1671 3930 πῶς
1699 3867 1759 3921 οὐ

216 3961 377 4028 δεινὸν,
417 3968 465 4020 εἰ
505 3966 559 4018 ot
606 3963 786 4018 ἄλλων
831 3962 1103 4034 ἀκρασίας
1148 3960 1400 4027 ¹κολάζειν
1428 3959 1759 4031 βουλόμενοι,

217 4052 526 4123 δουλεύοντες
578 4057 876 4130 ἀκρασίαις
917 4056 1023 4110 ὑπὸ
1079 4054 1189 4108 τῶν
1244 4052 1401 4117 ἐκτὸς
1459 4050 1762 4124 ἀνθρώπων

218 4148 526 4219 φωραθῶμεν
545 4167 561 4216 ;

272 4242 626 4312 Κλειτάρχου
646 4272 716 4283 -
743 4239 916 4293 Φιλῶν
939 4240 974 4294 ἃ
993 4239 1067 4312 μὴ
1090 4239 1189 4305 δεῖ,
1222 4238 1281 4291 οὐ
1313 4237 1560 4308 φιλήσεις
1586 4235 1622 4291 ἃ
1658 4235 1761 4293 δεῖ.

226 4328 546 4404 Ἀπλήρωτον
565 4333 688 4405 ζγὰρ
714 4334 749 4403 ἡ
791 4330 1077 4400 ἐπιθυμία,
1108 4329 1198 4385 διὰ
1228 4329 1388 4382 τοῦτο
1414 4328 1508 4382 καὶ
1536 4329 1758 4399 ἄπορον.

270 4508 555 4578 Διογένης.
586 4540 655 4549 -
680 4508 861 4563 Δεινὸν
883 4507 1089 4575 ἔλεγεν,
1123 4507 1170 4559 εί
1199 4507 1248 4558 οί
1282 4505 1381 4577 μὲν
1409 4504 1639 4575 ἀθληταὶ
1669 4505 1762 4559 καὶ
1793 4540 1837 4594 D

217 4595 257 4646 οἱ
284 4598 583 4671 κιθαρῳδοὶ,
618 4601 854 4671 γαστρὸς
884 4601 976 4652 καὶ
1002 4599 1203 4670 ἡδονῶν
1240 4599 1557 4670 κρατοῦσιν,
1591 4602 1638 4653 οἱ
1663 4600 1761 4671 μὲν

216 4686 296 4755 τῆς
319 4694 489 4763 φωνῆς
522 4694 682 4763 χάριν
706 4709 720 4724 ·
754 4693 802 4745 οἱ
831 4691 908 4756 δὲ,
943 4690 1038 4743 τοῦ
1081 4689 1331 4760 σώματος
1359 4706 1371 4718 ο
1410 4690 1761 4763 σωφφσύνης

217 4769 260 4823 δὲ
282 4775 445 4844 ἕνεκα,
474 4781 651 4843 οὐδεὶς
685 4779 888 4834 τούτων
918 4780 1336 4850 καταφρονήσει.

1864 3304 2047 3373 Turpe
2074 3304 2238 3371 foret,
2268 3306 2469 3375 inquit,
2493 3307 2540 3361 si
2556 3306 2806 3362 virorum
2834 3308 3094 3377 victores,
3120 3325 3153 3366 a
3189 3310 3443 3367 mulieri-

1864 3396 1969 3450 bus
1994 3412 2097 3450 nos
2130 3397 2278 3451 vinci
2306 3397 2678 3469 contingeret.

1932 3486 2083 3540 Idem
2109 3502 2235 3541 cum
2296 3488 2353 3542 in
2385 3488 2601 3559 Illyrios
2641 3489 2906 3556 venisset,
2941 3506 3007 3546 ac
3061 3491 3119 3546 in
3170 3492 3325 3549 Jovis
3348 3507 3446 3548 ara

1864 3580 2157 3635 mulierem
2181 3581 2354 3635 forma
2384 3589 2741 3652 praestantem
2773 3584 3274 3651 animadvertisset,
3320 3587 3443 3657 ejus

1863 3681 2095 3743 stupens
2129 3672 2624 3742 pulchritudinem,
2673 3673 2769 3727 diu
2808 3676 3079 3744 spectavit
3128 3694 3140 3729 :
3205 3692 3444 3748 cumque

1864 3763 2220 3833 llaephestion
2246 3763 2477 3829 diceret,
2503 3780 2723 3834 aequum
2762 3781 2882 3820 esse
2916 3774 2974 3820 ut
3031 3767 3189 3838 cujus
3256 3783 3443 3822 amore

1864 3854 2126 3910 incensus
2156 3864 2324 3921 esset,
2374 3871 2497 3910 eam
2530 3857 2809 3926 acciperet
2838 3858 3096 3925 :Annon,
3126 3859 3325 3931 inquit,
3358 3862 3443 3918 iu-

1863 3946 2251 4018 dignissimum
2270 3964 2547 4021 graveque
2572 3948 2734 4017 foret,
2763 3952 2938 4023 utqui
2975 3953 3030 4008 iu
3068 3954 3305 4010 aliorum
3359 3955 3443 4010 in-

1864 4039 2263 4095 continentiam
2347 4041 2789 4097 animadvertere
2846 4044 3127 4113 velimus,
3198 4047 3301 4118 ipsi
3359 4049 3444 4103 iu-

1864 4132 2222 4187 continentize
2266 4133 2476 4188 servire
2506 4135 2575 4189 ab
2632 4135 2840 4190 exteris
2877 4137 3449 4207 deprehenderemur.

1936 4222 2215 4279 Clitarclu‘.
2245 4255 2316 4263 —
2350 4224 2407 4279 Si
2442 4241 2564 4295 qua:
2602 4242 2714 4282 non
2740 4227 2899 4282 decet
2936 4244 3109 4297 amas,
3136 4247 3259 4301 qua:
3286 4232 3449 4287 decet

1866 4329 1982 4367 non
2010 4329 2183 4369 amas.
2215 4314 2504 4384 Cupiditas
2525 4317 2673 4372 enim
2706 4317 3081 4389 inexplebilis,
3123 4336 3189 4376 ac
3236 4322 3445 4378 idcirco

1865 4413 1922 4458 et
1956 4419 2129 4475 egena
2164 4413 2268 4459 est.

1938 4495 2218 4566 Diogenes.
2238 4528 2307 4537 ——
2324 4498 2459 4552 Rem
2478 4499 2759 4571 indignam
2785 4517 2906 4557 esse
2929 4502 3171 4568 dicebat,
3205 4504 3444 4562 athletas
3478 4548 3482 4554 .

1868 4596 1925 4642 et
1952 4588 2287 4644 citharoedos
2306 4590 2488 4660 gulam
2514 4592 2737 4647 vincere
2765 4608 2829 4647 ac
2857 4595 3190 4665 voluptates,
3217 4597 3353 4651 alios
3384 4605 3446 4652 ut

1871 4681 2015 4747 voci,
2061 4682 2201 4737 alios
2252 4692 2313 4737 ut
2344 4685 2564 4753 corpori
2593 4686 2823 4756 ejusque
2877 4687 3068 4741 robori
3111 4688 3441 4743 consulant:

1870 4773 2150 4829 neminem
2178 4790 2313 4829 vero
2334 4779 2715 4848 temperantiae
2739 4794 2903 4835 causa
2936 4796 3000 4834 ac
3028 4780 3297 4834 castitatis
3321 4776 3444 4834 haec

1871 4874 2251 4920 contemnere.

1690 4996 1921 5054 ΝΟΤΑΞ.

279 5127 343 5197 (p)
373 5130 465 5186 Ἐκ
494 5130 613 5185 τῶν
649 5125 1311 5208 Ἀριατργνοππουμῴν.
1336 5126 1757 5208 Monstrumhoc

1867 5137 2134 5207 ὲωφρονα,
2157 5146 2561 5208 temperantem,
2598 5147 2826 5201 castum,
2855 5137 3193 5200 habuit,non
3215 5138 3308 5207 qui
3327 5154 3444 5193 om-

224 5200 350 5253 roeis
378 5202 583 5279 librarii
612 5199 898 5279 imperitia
920 5208 1152 5279 _ortum,
1215 5198 1299 5279 sic
1347 5199 1754 5279 emendandum
1856 5198 1994 5279 nino
2014 5198 2366 5279 temperaret,
2394 5208 2491 5261 sed
2527 5198 2623 5279 qui
2661 5198 2883 5261 modum
2909 5198 3146 5277 aliqu—em
3184 5198 3441 5279 volupta-

223 5275 404 5341 putem,
443 5274 535 5325 Ἐκ
570 5272 678 5326 τῶν
698 5267 1081 5341 ”’Δριστίππου
1103 5267 1342 5341 γνωμῶν
1363 5283 1374 5294 ·
1410 5267 1528 5341 cui__
1549 5268 1603 5321 in
1634 5269 1759 5324 Sto-

226 5334 305 5407 bazi
332 5342 562 5398 editione
588 5342 706 5396 hmo
732 5334 1008 5395 sententia
1042 5334 1391 5407 ae’superior
1442 5338 1756 5404 tribuatur;

1859 5276 1930 5357 tis
1957 5286 2196 5357 teneret.
2224 5278 2344 5359 Quo
2368 5279 2534 5331 altior
2569 5278 2883 5359 Christiana
2918 5276 3294 5359 philosophia.
3319 5276 3443 5359 :vir-

1858 5346 2146 5415 ginitatem
2173 5348 2453 5420 omnibus
2489 5349 2732 5416 prmfert,
2765 5363 2886 5417 qua:
2918 5346 3032 5419 ipsa
3079 5346 3440 5420 σωφροσύνης

227 5402 269 5456 in
294 5407 489 5500 δίοδξωί
514 5428 785 5500 seorsuIm,
839 5410 981 5491 forte
1026 5402 1225 5500 meliusI
1251 5419 1367 5500 “(eg
1405 5407 1510 5500 viri
1548 5402 1758 5500 scilicet
1858 5402 2045 5500 arcem
2078 5427 2294 5482 tenens,
2322 5402 2594 5473 castitatis
2624 5402 2953 5487 sup’re'mum'
2982 5402 3439 5500 :gentts.,'ntllluiu

227 5478 380 5548 genio)
405 5483 515 5538 haec
539 5498 669 5537 una.
701 5481 990 5535 Hominem
1024 5478 1291 5534 describit
1323 5478 1478 5533 Suid.
1518 5480 1760 5548 philoso—

230 5545 372 5620 phum
398 5552 729 5608 Socraticum
774 5553 833 5603 ὲν
862 5552 995 5604 πᾶσι
1023 5550 1123 5620 τὴν
1150 5549 1346 5620 ἡδονὴν
1372 5545 1758 5619 ἀσπαοάμενον

230 5618 572 5692 καὶὲπίχαριν.
598 5621 699 5688 Qui
724 5623 779 5675 in
816 5621 1054 5675 omnibus
1080 5618 1428 5692 voluptatem
1480 5618 1755 5690 amplexus

232 5691 303 5748 ³ης
325 5705 378 5741 ac
407 5695 490 5760 qui
518 5695 727 5763 festivus
762 5701 912 5747 esset.
941 5692 1045 5758 Qui
1070 5691 1149 5745 sic
1172 5705 1300 5760 ergo
1331 5692 1559 5745 allectus
1584 5703 1750 5755 esset,

1866 5487 2122 5542 admittat
2153 5502 2520 5541 venereorum
2574 5505 2754 5551 usum,
2782 5506 2878 5545 seu
2907 5487 3080 5544 animi
3131 5489 3186 5544 in
3218 5506 3282 5544 ea
3306 5505 3441 5544 con-

1864 5573 2110 5623 sensum,
2146 5557 2416 5629 quidquid
2440 5574 2641 5629 corpus
2665 5560 2845 5615 adhuc
2878 5562 3133 5623 animale,
3170 5560 3255 5614 vel
3306 5573 3442 5613 con-

1864 5629 2112 5697 cupiscat
2138 5629 2221 5683 vel
2245 5628 2504 5698 patiatur.
