4036 6278
175 319 277 386 745

1478 305 1645 366 LOCI
1688 304 2128 367 COMMUN-ES.

3317 306 3424 370 746

233 431 434 492 Ἵππος
468 424 814 497 imparem
842 424 920 486 εἰς
949 420 1163 492 ἡμέραν
1205 417 1440 490 πολέμου
1463 434 1477 449 ·
1513 417 1665 488 παρά
1694 416 1749 470 δὲ

1926 416 2117 485 Equus
2141 420 2486 483 praeparatur
2540 410 2609 466 ad
2637 410 2785 467 diem
2810 410 2973 477 belli;
3004 414 3099 469 sed
3126 430 3157 469 a
3189 416 3425 474 Domino

170 522 369 592 Κυρίου
400 518 645 591 βοήθεια.

232 614 417 682 Σιρὰχ
460 618 551 680 ιγ’.
590 640 661 652 -—
702 607 1057 679 ’ἰσχυροτέρῳ
1097 622 1192 659 σου
1254 604 1329 676 μὴ
1381 604 1650 658 κοινώνει.
1681 602 1747 654 Τί

174 706 489 775 κοινωνήσει
522 701 693 773 χύτρα
736 700 872 770 πρὸς
902 698 1139 767 λέὄητα;
1174 694 1312 768 αὕτη
1359 694 1745 768 προσκρούσει,

179 800 265 854 καὶ
295 797 441 866 αὕτη
473 792 915 866 συντριϐήσεται.

248 890 375 957 τερ.
420 886 500 951 ς’,
528 914 597 926 __
641 880 965 937 Ἐνδύσασθε
987 878 1087 951 τὴν
1116 877 1420 931 πανοπλίαν
1436 877 1593 941 Θεοῦ,
1614 877 1751 947 πρὸς

176 981 231 1035 τὸ
272 978 537 1032 δύνασθαι
584 975 731 1045 ὑμᾶς
778 973 970 1043 στῆναι
1008 972 1146 1042 πρὸς
1196 970 1295 1035 τάς
1339 971 1622 1043 μεθοδείας
1653 969 1748 1024 τοῦ

176 1070 434 1132 διαϐόλου,
464 1086 522 1122 κ.
547 1084 599 1122 τ.
641 1069 690 1121 ὲ.

240 1162 586 1217 Βασιλείου.
638 1189 710 1199 -
750 1157 1051 1225 ’Υπὲνεγκε
1106 1155 1290 1210 τοίνυν
1368 1157 1469 1210 οὐκ
1522 1155 1751 1220 ἀπαθῶς

180 1254 277 1309 οὔδ’
304 1252 673 1321 ἀναισθήτως.
725 1250 821 1313 Τίς
850 1249 960 1320 γὰρ
992 1248 1184 1320 μισθὸς
1211 1249 1577 1319 animam“
1635 1249 1750 1305 ἀλλ,

179 1346 441 1408 ἐπιπόνως
475 1344 576 1415 μὲν
623 1343 719 1396 καὶ
746 1343 845 1395 σὺν
870 1342 1129 1413 ἀλγηδόσι
1162 1341 1387 1414 μυρίαις
1410 1382 1425 1407 ,
1480 1343 1619 1413 πλὴν
1649 1343 1754 1396 ὐπ-

181 1439 390 1507 ένεγκε,
429 1436 625 1507 ὥσπερ
662 1453 749 1499 τις
775 1438 1028 1504 γενναῖος
1054 1435 1388 1505 ἀγωνιστὴς,
1450 1436 1551 1507 τὴν
1596 1436 1753 1506 ἰσχὺν

185 1532 266 1583 καὶ
293 1530 390 1601 τὴν
420 1528 712 1599 ἀνδρείαν,
746 1529 808 1581 οὐ
840 1528 1003 1598 μόνον
1037 1530 1103 1581 ὲκ
1126 1527 1221 1582 τοῦ
1251 1527 1473 1581 τύπτειν
1498 1529 1625 1593 τοὺς
1654 1529 1751 1582 ἀν-

181 1622 467 1684 τιπάλους,
528 1620 666 1674 άλλά
719 1620 817 1673 καὶ
870 1622 934 1673 ὲκ
981 1620 1078 1674 τοῦ
1127 1619 1315 1691 φέρειν
1364 1619 1607 1693 στερρῶς
1656 1620 1754 1684 τὰς

1848 514 1935 560 est
1967 505 2255 559 auxilium.

1918 594 2086 648 Eccli.
2124 610 2237 655 xui,
2270 595 2323 648 3.
2350 624 2421 632 —-
2451 594 2687 649 Fortiori
2716 606 2767 650 te
2797 612 2867 651 ne
2920 597 2995 652 sis
3021 598 3225 652 socius.
3279 599 3423 667 Quid

1849 684 2277 741 communicabit
2306 684 2413 739 olla
2456 700 2582 740 cum
2627 686 2854 741 lebete?
2894 687 3011 756 ipsa
3048 687 3334 759 impinget,
3368 697 3425 744 et

1852 777 1970 847 ipsa
2004 777 2318 832 collidetur.

1921 872 2114 943 Ephes.
2146 887 2221 933 vi,
2253 871 2342 925 11.
2393 901 2464 911 —-
2502 870 2781 925 Assumite
2812 880 3150 925 armaturam
3191 872 3311 936 Dei,
3367 881 3429 926 ut

1851 965 2082 1035 possitis
2104 972 2252 1020 stare
2287 963 2556 1020 adversus
2582 963 2813 1019 insidias
2846 963 3079 1029 diaboli,
3099 974 3158 1019 et
3199 981 3323 1035 qua:
3343 980 3431 1021 se-

1852 1067 2123 1128 quuntur.

1926 1147 2082 1219 55.1
2114 1147 2328 1203 Basilii.
2360 1179 2427 1188 ——
2455 1148 2677 1203 Sustine
2706 1147 2899 1219 igitur,
2929 1166 3042 1205 non
3065 1150 3248 1206 omnis
3270 1150 3430 1206 dolo-

1854 1238 1933 1294 ris
1961 1255 2159 1310 expers
2189 1241 2414 1295 nullove
2462 1254 2628 1294 sensu
2665 1255 2830 1310 τίμιαι
2863 1242 3012 1295 enim
3064 1257 3280 1297 merces
3311 1242 3433 1312 ejus

1855 1330 2104 1400 stuporis
2126 1345 2191 1384 ac
2224 1330 2586 1384 indolentia}?
2622 1328 2718 1384 sed
2753 1331 3009 1399 quamvis
3034 1346 3160 1385 cum
3182 1347 3431 1386 aerumna

1854 1421 2219 1491 plurimisque
2246 1420 2518 1475 molestiis
2538 1436 2603 1475 ac
2632 1420 2942 1486 doloribus,
2971 1422 3185 1477 sustine
3210 1432 3427 1489 tamen;

1858 1511 1943 1566 uti
1976 1511 2190 1566 scilicet
2218 1520 2482 1565 strenuus
2508 1521 2769 1577 ccrtator,
2797 1528 2908 1566 non
2942 1513 3120 1568 solum
3169 1514 3432 1569 credendo

1857 1604 2225 1669 adversarios,
2290 1604 2675 1659 fortitudinem
2729 1605 3013 1676 roburque
3070 1606 3428 1676 spectandum

187 1714 299 1783 παρ’
347 1712 533 1766 αὐτῶν
593 1712 809 1783 πληγάς
862 1711 1347 1783 ἐπιδεικνύμενος·
1414 1712 1510 1765 καὶ
1564 1711 1753 1785 ὥσπερ

1858 1697 2089 1767 praebet,
2139 1712 2337 1751 verum
2367 1696 2535 1751 etiam
2594 1696 2814 1753 fortiter
2867 1698 3117 1763 ferendo,
3171 1716 3311 1769 quas
3357 1699 3429 1755 ab

185 1822 256 1868 τις
281 1803 631 1875 κυϐερνήτης
692 1803 856 1871 σοφὸς
908 1804 1003 1857 καὶ
1034 1804 1313 1875 ἀτάραχος
1355 1803 1458 1857 ὑπὸ
1486 1802 1587 1874 τῆς
1616 1784 1754 1871 ἄγαν

1858 1790 1979 1843 aliis
1996 1790 2277 1859 acceperit
2302 1790 2493 1861 plagas
2521 1807 2535 1843 :
2564 1789 2699 1845 item
2735 1800 2796 1845 ut
2820 1790 3160 1861 gubernator
3206 1791 3427 1858 doctus,

191 1898 301 1966 περὶ
345 1896 436 1948 τὸν
482 1895 659 1949 πλοῦν
708 1897 1006 1967 ἐμπειρίας
1032 1938 1045 1961 ,
1100 1895 1268 1966 ὀρθὴν
1300 1896 1391 1949 καὶ
1422 1896 1755 1949 ἀϐάπτιστον

190 1986 270 2039 καὶ
308 1986 509 2049 παντὸς
545 1987 818 2057 χειμῶνος
862 1986 1205 2057 ὑψηλοτέραν
1234 1985 1331 2057 τὴν
1358 1986 1536 2059 ψυχὴν
1559 1987 1757 2042 διασώ-

195 2080 304 2143 ζων.

250 2171 565 2239 Θεολόγου.
588 2198 659 2210 --
691 2168 907 2241 Θάρσος
948 2170 1046 2223 καὶ
1075 2168 1277 2241 Θράσος
1300 2209 1315 2233 ,
1366 2170 1471 2224 κᾶν
1500 2172 1612 2234 τοῖς
1639 2170 1757 2224 ὀνό-

198 2279 312 2330 μασι
338 2264 658 2333 πλησιάζει,
687 2264 940 2317 πλεῖστον
969 2264 1215 2335 ἀλλήλοιν
1243 2265 1308 2335 τῇ
1334 2265 1561 2338 δυνάμει
1585 2266 1757 2339 κεχώ-

199 2372 396 2423 ρισται⁴
453 2356 715 2428 ἀνδρείαν
759 2374 821 2410 τε
868 2353 1010 2411 εἷναί
1059 2375 1240 2428 φαμεν
1288 2359 1383 2412 καὶ
1415 2359 1755 2431 ἀνανδρείαν.

201 2447 260 2499 Τὸ
300 2448 389 2516 μὲν
435 2448 553 2519 γάρ
610 2450 668 2501 ἐν
714 2452 827 2514 τοῖς
867 2450 1189 2520 τολμητέοις
1216 2451 1460 2522 θαρρεῖν,
1509 2452 1757 2523 ἀνδρείας

200 2536 345 2599 ἐστὶν,
366 2538 559 2611 ὥσπερ
579 2540 641 2593 τὸ
666 2539 937 2609 ὑφίεσθαι,
962 2541 1185 2605 δειλίας.
1210 2537 1284 2595 Οἵ)
1309 2542 1364 2595 δὲ
1392 2542 1573 2596 πλεῖον
1594 2546 1621 2596 ὁ
1644 2544 1759 2597 κίν-

203 2629 350 2695 δυνος,
395 2633 569 2703 ὁμόσε
612 2635 809 2704 χωρεῖν
857 2634 953 2687 καὶ
984 2634 1307 2702 ὼθίζεσθαι,
1360 2635 1494 2690 άλλά
1527 2635 1601 2708 μὴ
1627 2653 1759 2690 κατ-

210 2722 414 2790 ἔχεσθαι,
446 2726 737 2797 θράσεως,
789 2726 978 2795 ὥσπερ
1009 2726 1069 2778 τὸ
1097 2728 1401 2799 ὑποχωρεῖν
1438 2728 1755 2797 ἀσφαλείας.

272 3070 548 3136 Χριισοστ,
578 3101 654 3111 —-
683 3071 823 3125 οὔτε
850 3073 1237 3143 παραιτεῖσθαι
1262 3072 1347 3127 δεῖ
1371 3075 1495 3140 τοὺς
1519 3075 1756 3144 ἀγῶνας,

220 3158 314 3212 οὔτε
360 3163 490 3232 πρὸς
534 3164 767 3228 τούτους
814 3166 1104 3236 ὲπιπηδᾷν.
1162 3166 1319 3219 Οὕτω
1350 3168 1457 3238 γάρ
1500 3170 1595 3222 καὶ
1626 3170 1757 3239 ἡμῖν

221 3251 247 3317 ή
278 3253 380 3323 νίκη
430 3255 791 3328 λαμπροτέρα
823 3256 978 3310 ἔσται
1004 3297 1018 3319 ,
1072 3258 1166 3311 καὶ
1200 3259 1233 3327 ἡ
1263 3258 1403 3327 ἧττα
1429 3260 1507 3330 τῷ
1528 3260 1757 3330 διαϐόλῳ

223 3345 711 3417 καταγελαστοτὲρα.
774 3348 1135 3412 Ἑλκυθέντας
1184 3350 1283 3419 μὲν
1331 3350 1440 3421 γάρ
1495 3351 1758 3419 γενναίως

223 3435 444 3490 ἑπάναι·
500 3440 577 3509 μὴ
625 3438 995 3509 καλουμένους
1038 3439 1097 3492 δὲ
1122 3479 1137 3503 ,
1193 3441 1491 3511 ἡσυχάζειν
1530 3444 1626 3497 καὶ
1668 3445 1758 3497 τὸν

224 3528 381 3596 καιρὸν
407 3530 698 3600 ἀναμένειν
716 3572 730 3595 ,
781 3529 892 3589 τῶν
921 3530 1143 3598 ἀγαθῶν
1168 3547 1181 3561 ·
1244 3533 1331 3584 ἴνα
1363 3535 1456 3586 καὶ
1480 3534 1540 3587 τὸ
1565 3534 1757 3588 ἀκενό-

222 3614 370 3683 ὗοξον,
400 3624 483 3675 καὶ
510 3623 570 3675 τὸ
603 3625 859 3691 γενναῖον
883 3621 1301 3693 ὲπιδειξώμεθα.

282 3888 585 3955 Σωκράτης.
639 3918 705 3927 --
757 3888 1107 3959 Θεασάμενος
1157 3890 1256 3952 τὰς
1304 3890 1414 3942 τῶν
1453 3892 1757 3961 Κορινθίων

228 3977 400 4047 πόρτας
447 3982 686 4053 ἰσχυρῶς
736 3982 1150 4054 κεκλεισμένας,
1199 3982 1325 4053 ἔφη·
1377 3984 1469 4055 Μὴ
1502 3988 1757 4053 γυναῖκες

226 4069 379 4123 ἐνθάδε
404 4073 783 4139 κατοικοῦσινς
1041 4080 1053 4088 ’

281 4163 701 4233 Μενάνδρου.--
718 4166 891 4235 Ἰσχὺς
917 4165 1041 4220 νοῦν
1068 4165 1168 4219 οὐκ
1195 4166 1415 4237 ἔχουσα,
1446 4168 1602 4239 τάφῳ
1630 4172 1755 4234 τοὺς

228 4246 560 4317 ἐμπίπτοντας
592 4253 981 4325 παραδίδωσιν.

292 4340 616 4413 Ἀλέξανδρ.
660 4347 694 4399 ό
731 4345 1053 4410 βασιλεὺς.
1078 4374 1151 4387 --
1198 4339 1366 4409 Οὗτος
1403 4348 1755 4418 παρακαλούι

1855 1876 2130 1949 longoque
2164 1878 2457 1949 navigandi
2494 1894 2598 1934 usu
2630 1880 2935 1945 interritus,
2974 1888 3243 1948 erectum,
3303 1884 3431 1937 nul—

1855 1971 2018 2041 laque
2046 1972 2412 2041 procellarum
2444 1971 2495 2026 vi
2520 1973 2804 2039 obrutum,
2829 1973 2900 2028 ab
2932 1974 3083 2029 omni
3110 1984 3433 2049 tempestate

1855 2062 2219 2117 excelsiorem
2254 2078 2483 2117 servans
2503 2063 2771 2117 animum.

1928 2152 2191 2224 Theologi.
2219 2184 2290 2193 —
2326 2153 2575 2208 Audacia
2606 2154 2891 2224 animique
2930 2156 3229 2225 praesentia
3253 2164 3310 2213 et
3348 2165 3434 2213 tc-

1856 2242 2106 2308 mcritas,
2135 2243 2240 2297 etsi
2266 2242 2581 2298 Graecarum
2606 2258 2805 2297 vocum
2822 2244 3191 2299 similitudine
3215 2244 3435 2319 (θάρσος

1856 2342 1911 2389 et
1931 2332 2153 2403 θράσος)
2176 2333 2358 2388 vicina
2389 2342 2541 2396 sunt,
2594 2348 2779 2388 rerum
2805 2343 2988 2389 tamen
3009 2336 3320 2406 signiﬁcatu
3344 2337 3435 2393 in-

1860 2433 1945 2481 ter
1973 2442 2031 2481 se
2079 2427 2381 2498 plurimum
2422 2426 2668 2490 distant;
2727 2434 2895 2496 atque
2944 2428 3177 2482 alterum
3209 2429 3434 2498 quidem

1857 2520 2243 2577 fortitudinem
2294 2536 2419 2576 esse
2476 2519 2734 2583 dicimus,
2782 2520 3017 2574 alterum
3048 2520 3342 2591 ignaviam.
3377 2522 3436 2576 ln

1857 2613 2063 2683 quibus
2121 2613 2270 2668 enim
2311 2612 2650 2677 audendum,
2691 2612 2891 2666 ﬁducia
2948 2614 3047 2677 uti,
3095 2613 3439 2671 fortitudinis

1858 2712 1978 2770 est;
2005 2705 2087 2759 uti
2113 2714 2306 2759 contra
2340 2704 2560 2768 cedere,
2589 2704 2921 2759 timiditatis.
2957 2704 3060 2759 Ubi
3092 2715 3277 2760 autem
3317 2722 3437 2762 ma-

1852 2797 1945 2866 jus
1967 2804 2052 2850 est
2074 2796 2404 2865 periculum,
2434 2804 2627 2851 contra
2650 2805 2835 2850 tamen
2856 2797 2937 2851 ire
2959 2805 3015 2851 et
3052 2798 3288 2863 irruere,
3330 2814 3437 2856 nec

1860 2902 1920 2943 se
1949 2887 2239 2942 continere
2276 2902 2340 2941 ac
2363 2887 2668 2952 retrahere,
2702 2886 3035 2941 temeritatis
3057 2897 3164 2955 est,
3197 2889 3276 2943 uti
3304 2904 3436 2959 pru-

1859 2978 2065 3035 dentiae
2086 2980 2363 3050 iustaeque
2384 2978 2684 3041 cautionis,
2715 2993 2775 3033 se
2798 2978 3131 3035 subducere.

1930 3068 2197 3139 Chrysost.
2257 3097 2326 3107 —
2396 3068 2587 3137 Neque
2649 3067 3070 3124 detrectandam
3128 3077 3433 3141 certamen,

1864 3176 2046 3231 neque
2080 3160 2135 3214 in
2170 3159 2223 3214 id
2263 3168 2471 3214 temere
2497 3159 2844 3214 irruentium.
2873 3159 2966 3214 Sic
2994 3160 3143 3215 enim
3177 3172 3235 3217 et
3258 3163 3436 3220 victo-

1865 3253 1949 3308 ria
1972 3262 2158 3307 nostra
2183 3252 2372 3307 futura
2410 3252 2777 3322 splendidior,
2804 3261 2862 3308 et
2882 3253 3012 3308 victi
3051 3254 3261 3310 diaboli
3309 3272 3438 3328 pro-

1864 3347 2026 3401 brum
2054 3347 2260 3416 majore
2295 3346 2412 3399 risu
2434 3345 2844 3415 excipiendum.
2873 3345 3014 3400 Cum
3063 3346 3213 3401 enim
3266 3350 3441 3405 trahi-

1865 3455 2009 3503 mur,
2035 3453 2235 3508 magno
2264 3453 2329 3493 ac
2343 3438 2565 3492 excelso
2590 3438 2777 3492 animo
2800 3439 3141 3505 consistere;
3173 3455 3282 3494 non
3309 3455 3441 3510 pro-

1862 3539 2088 3585 vocatos
2118 3536 2326 3593 autem,
2356 3529 2533 3599 quieti
2555 3529 2782 3584 studere
2809 3545 2873 3583 ac
2910 3538 3128 3600 tempus
3154 3542 3441 3602 exspecta-

1864 3636 1947 3684 re,
1974 3620 2028 3674 id
2058 3635 2191 3675 vero
2220 3635 2415 3675 eorum
2468 3628 2575 3685 est,
2607 3620 2703 3689 qui
2736 3620 2910 3674 fortes
2957 3636 3022 3675 ac
3049 3623 3262 3677 strenui
3294 3624 3435 3685 sint;

1866 3722 1925 3764 ut
1954 3720 2011 3764 et
2034 3711 2216 3765 inanis
2241 3711 2429 3781 glorim
2452 3711 2631 3765 labem
2668 3711 2941 3776 eluamus,
2974 3727 3039 3766 ac
3056 3713 3238 3768 virilis
3267 3715 3436 3769 animi

1865 3802 2037 3856 robur
2066 3801 2442 3857 ostendamus.

1933 3892 2193 3948 Socrates.
2237 3924 2309 3933 —-
2359 3893 2720 3964 Conspicatus
2769 3893 3184 3949 Corinthiorum
3248 3904 3440 3967 portas

1864 3984 2048 4040 valide
2084 3985 2373 4040 obseratas
2417 3984 2626 4051 :Num,
2679 3986 2881 4055 inquit,
2921 3987 3184 4043 mulieres
3208 3989 3301 4045 hic
3340 3990 3437 4045 ιιει-

1865 4075 2078 4130 bitant?

1934 4168 2235 4223 Menandri.
2270 4199 2338 4207 —
2366 4168 2555 4221 Robur
2602 4167 2804 4222 mentis
2849 4184 3044 4225 carens
3081 4170 3314 4241 judicio,
3379 4171 3432 4227 in

1862 4277 2005 4331 quos
2033 4261 2313 4325 inciderit,
2340 4261 2593 4331 sepulcro
2628 4262 2812 4315 tradit.

1934 4352 2239 4407 Alexander
2260 4367 2373 4406 rex.
2396 4352 2601 4416 -llic,
2631 4369 2755 4407 cum
2782 4356 2947 4410 amici
2976 4356 3337 4413 hortarentur
3376 4370 3438 4414 ut

226 4445 355 4495 μενος
412 4434 513 4488 ὑπὸ
553 4436 670 4489 τῶν
716 4436 885 4505 φίλων
934 4436 1126 4500 νυκτὸς
1170 4437 1455 4493 ἐπιθέσθαι
1501 4442 1614 4503 τοῖς
1661 4459 1754 4495 πο-

1864 4453 2031 4500 noctu
2052 4445 2242 4499 hostes
2262 4444 2655 4514 aggrederetur
2692 4462 2705 4498 :
2732 4445 2853 4500 Non
2870 4456 2977 4514 est,
3003 4449 3203 4519 inquit,
3225 4453 3436 4522 regium

224 4520 415 4590 λεμίοις,
438 4522 619 4581 εἶπεν·
644 4530 718 4582 Οὐ
748 4528 1021 4599 βασιλικόν
1048 4530 1165 4583 ἔστι
1186 4529 1438 4584 κλέπτειν
1459 4532 1559 4601 τὴν
1580 4532 1756 4603 νίκην.

279 4611 605 4687 Θεασάμενος
643 4620 700 4673 δέ
745 4638 869 4675 τινα
901 4622 1193 4692 ὁμώνυμον
1221 4622 1388 4676 αὐτοῦ
1414 4624 1586 4678 δειλὸν
1608 4625 1756 4687 ὄντα,

226 4700 326 4771 ἔφη*
357 4706 641 4777 Νεανίσκε,
697 4713 729 4783 ἦ
778 4713 839 4765 τὸ
872 4712 1042 4783 ὄνομα
1072 4714 1319 4779 ἀλλαξον,
1354 4714 1386 4786 ἢ
1419 4714 1509 4769 τὸν
1533 4716 1754 4788 τρόπον.

1865 4535 2151 4591 victoriam
2176 4535 2371 4589 furari.

1936 4627 2067 4681 Viso
2094 4634 2277 4681 autem
2302 4626 2564 4695 quopiam
2591 4627 2787 4683 eodem
2826 4646 2890 4685 ac
2925 4630 3041 4701 ipse
3069 4634 3314 4698 nomine,
3342 4636 3435 4706 qui

1869 4722 2049 4768 tamen
2088 4714 2319 4783 ignavus
2336 4722 2483 4769 esset
2520 4730 2533 4767 :
2562 4713 2921 4785 Adolescens,
2950 4723 3051 4785 ait,
3080 4734 3176 4777 aut
3211 4740 3435 4791 nomen,

1866 4814 1960 4860 aut
1983 4820 2168 4861 mores
2194 4815 2427 4863 mutato.

1712 4937 1946 4994 NOTAE.

232 5041 356 5130 velut
401 5047 768 5130 ipscﬁlgnotus
798 5052 1016 5130 illorum
1043 5052 1202 5130 deus,
1230 5056 1385 5127 cujus
1431 5060 1749 5130 religionem

233 5110 672 5204 adveru'm‘De‘um
698 5122 892 5203 .traxit
937 5110 1267 5204 Apostolus;
1295 5110 1755 5204 'nempefsic

235 5182 579 5245 umbrantibus
610 5190 743 5244 viris
764 5182 1191 5259 sapientissimis
1233 5182 1757 5259 nomen'Deivteti-a-

233 5262 554 5335 grammatea,
587 5261 739 5335 quod
785 5259 1145 5335 llebrazorum
1183 5265 1376 5335 religio
1407 5269 1600 5323 efferri
1644 5289 1755 5327 non

235 5329 579 5411 achlegi;
605 5329 957 5411 redduntque
988 5334 1090 5402 ipsi
1118 5329 1324 5411 passim
1350 5353 1488 5411 voce
1515 5342 1721 5411 Κύριος
1740 5384 1752 5407 ,

302 5403 371 5446 est
402 5387 682 5472 Dominus;
705 5387 1034 5472 quandoque
1059 5387 1757 5467 ειῖάῆἷέέτιίξ

236 5460 363 5548 Tibus
386 5476 435 5519 et
459 5471 600 5548 notis
628 5460 969 5548 depingitur,
994 5475 1146 5528 velut
1170 5476 1223 5529 in
1272 5460 1751 5548 Procopii—“Esaia,

239 5540 547 5624 atlashescio
562 5557 635 5624 an,
657 5540 840 5624 fucum
870 5542 1049 5624 facere
1071 5540 1465 5624 potuerinta“.
1478 5552 1555 5605 sic
1584 5540 1753 5624 ἀσεϐῆ

237 5609 418 5692 ξι).
450 5610 712 5692 legeretur
759 5612 820 5665 τὸ
877 5614 1035 5685 πρὸς,
1069 5609 1123 5669 ἱή
1155 5624 1301 5692 tanta
1350 5609 1469 5688 ejus
1504 5609 1754 5692 proposi:

240 5673 349 5721 ιιοηὶ
499 5673 550 5690 ὐ
656 5685 667 5695 -
925 5673 1032 5685 "'
1223 5688 1233 5699 -
1380 5673 1397 5688 '
1504 5673 1723 5704 τίν’

240 5687 377 5762 his
400 5678 742 5762 amplitudine
765 5687 1258 5762 cum__accusandi_
1298 5702 1448 5762 casu,
1496 5703 1751 5762 junctum

235 5736 400 5811 ἀσεῧῆ,
438 5736 586 5803 aliter
608 5736 786 5806 malim
810 5736 1514 5828 adNbBileECaééizﬁio,‘
1526 5736 1749 5820 ’ὶὶίἽῖόὲ

515 5839 778 5908 ΡΑτιιοι..
813 5846 929 5911 Gtt.
965 5848 1122 5911 XCI.

1852 5067 2016 5140 apud,
2050 5067 2146 5121 sed
2174 5068 2429 5140 adversus
2449 5076 2503 5122 ct
2535 5077 2719 5122 contra
2754 5067 3030 5140 signiﬁcet
3057 5082 3070 5129 ;
3108 5074 3169 5119 ut
3193 5065 3285 5131 sit,
3320 5067 3438 5123 Non

1853 5146 1927 5209 est
1958 5138 2073 5209 viro,
2101 5139 2387 5209 sapientia,
2412 5156 2516 5191 non
2560 5148 2635 5193 est
2662 5138 2940 5208 fortitudo,
3002 5152 3108 5209 non
3147 5145 3224 5190 est
3259 5142 3436 5194 consi-

1854 5207 1983 5263 lium
2006 5207 2257 5261 adversus
2288 5209 2553 5278 impium;
2589 5207 2699 5277 quo
2730 5209 2947 5263 scilicet
2972 5207 3040 5261 ab
3064 5222 3132 5261 eo
3175 5223 3232 5263 se
3274 5217 3434 5265 tuea-

1856 5287 1961 5339 tur,
1989 5279 2587 5351 satisqueillicautum
2633 5278 2868 5351 sit_(nisi
2929 5278 3026 5333 Dei
3076 5278 3305 5351 auxilio)
3339 5280 3438 5335 ad-

1852 5363 2048 5403 versus
2073 5364 2235 5402 eum:
2272 5350 2365 5417 qui
2395 5363 2593 5402 sensus
2624 5348 2869 5417 optimus
2903 5358 3009 5413 est,
3055 5348 3153 5403 sed
3195 5364 3261 5403 ex
3287 5348 3439 5406 'aliis

1855 5417 2143 5489 Hebraicis
2170 5427 2386 5477 erutus,
2429 5433 2592 5486 quam
2621 5418 2945 5481 habeamus,
3012 5419 3288 5489 siquidem
3333 5421 3440 5475 fuit

1865 5488 1911 5544 is
1933 5505 1960 5542 a
1984 5488 2312 5561 Senioribus
2340 5489 2681 5561 productus;
2715 5491 2799 5544 vel
2848 5490 2953 5546 nisi
3010 5488 3279 5561 glossema
3328 5500 3434 5553 est,

1861 5568 1917 5613 et
1941 5575 2006 5614 ex
2034 5560 2278 5631 margine
2304 5560 2359 5612 in
2404 5567 2612 5632 textum
2648 5560 2889 5631 irrepsit,
2913 5560 3199 5632 ipsamque
3253 5569 3437 5614 textus

1860 5645 2044 5683 veram
2075 5630 2569 5704 vo_Ccm_c.ttrusit,
2615 5630 2776 5704 quod
2824 5630 3133 5704 praesertim
3198 5645 3437 5702 sequens

1860 5715 2075 5766 versus,
2104 5701 2223 5772 ejus
2253 5701 2399 5756 clare
2428 5716 2623 5757 sensus
2644 5703 2733 5758 sit.

3046 5860 3125 5921 ΞΕ
