4036 6278
201 421 345 487 753

1556 422 1723 483 LOCI
1763 423 2201 488 COMMUNES.

3401 437 3507 504 ’154

304 540 511 606 ’Δξιον
534 537 753 605 τούτους
792 540 1036 595 ἐπαινεῖν
1076 539 1186 593 τῶν
1219 539 1543 613 ἀνθρώπων,
1574 541 1624 594 οἳ
1668 540 1794 613 μηδε

1999 544 2236 617 Equum
2265 556 2349 603 est
2395 555 2456 602 ut
2488 564 2585 605 eos
2624 551 2789 607 laude
2821 551 3141 619 afliciamus,
3176 552 3270 623 qui
3291 554 3504 611 nullum

215 626 380 695 μίαν
416 627 687 698 ὠφέλειαν
722 627 1111 700 προαιροῦνται
1147 627 1241 682 τοῦ
1279 629 1527 684 δικαίου·
1568 632 1825 702 χρήματα

226 720 350 790 τὰρ
389 720 508 774 ἐστι
552 719 875 792 κτήσασθαι,
913 720 1072 787 δόξαν
1102 721 1179 788 δὲ,
1219 722 1519 794 χρημάτων
1554 722 1613 776 ού
1646 722 1825 795 ῥᾴδιον

222 813 541 884 πρίασθαι.

303 904 1056 977 Μοσχίωνος.-”Αμεινον
1092 906 1317 970 δικαίως
1366 908 1644 979 κρίναντα,
1686 909 1826 981 πρὸς

204 995 332 1049 τοῦ
362 996 862 1061 καταδικασθέντος
907 997 1109 1064 ἀδίκως
1158 999 1500 1070 μεμφθῆναι,
1542 1001 1575 1072 ἢ
1621 1000 1821 1065 ἀδίκως

204 1088 529 1159 κρίναντα,
557 1088 710 1160 παρὰ
739 1093 805 1162 τῇ
830 1090 991 1160 φύσει
1012 1090 1235 1156 δικαίως
1261 1092 1545 1163 ψέγεσθαι.

312 1274 423 1327 Ἐκ
448 1274 568 1327 τῶν
594 1274 744 1329 ἑπτὰ
773 1277 1148 1345 φιλοσόφων.
1171 1279 1418 1331 -Δοκεί
1451 1276 1508 1330 δέ
1540 1295 1630 1349 μοι
1663 1278 1818 1344 πόλις

206 1368 443 1440 ἄριστα
472 1368 733 1439 πράττειν
770 1369 865 1422 καὶ
905 1368 1140 1440 μάλιστα
1186 1368 1381 1433 σώζειν
1418 1368 1813 1440 δημοκρατίαν,

207 1464 285 1516 ὲν
429 1463 521 1516 τὸν
551 1464 889 1533 ἀδικήσαντα
942 1462 1039 1518 τοῦ
1085 1462 1435 1535 ἀδικηθέντος
1486 1464 1816 1520 προϐάλλον-

214 1572 315 1610 ται
347 1556 453 1627 (y),
475 1557 568 1610 καὶ
596 1555 936 1620 κολάζουσιν.

306 1734 655 1804 Ὑπερίδου.
674 1736 854 1791 -Διά
875 1737 968 1792 δύο
997 1740 1299 1810 προφάσεις
1323 1741 1431 1793 τῶν
1458 1741 1811 1812 ἀδικημάτων

205 1826 512 1900 ἄνθρωποι
538 1829 853 1900 ἀπέχονται,
876 1831 909 1902 ἢ
948 1832 1037 1887 διά
1072 1834 1258 1902 φόϐον,
1282 1834 1314 1906 ἢ
1342 1834 1429 1888 διά
1452 1836 1733 1908 αἰσχύνην.

290 2008 561 2077 Σωκρὰτ.
578 2040 650 2050 -—
674 2011 741 2064 'A
782 2011 1085 2083 πάσχοντες
1117 2014 1247 2087 παρ’
1272 2016 1477 2088 ἑτέροις
1498 2017 1809 2089 ὀργίζεσθε,

204 2096 410 2152 ταῦτα
432 2103 546 2165 τοῖς
572 2100 752 2166 ἄλλοις
776 2102 851 2174 μὴ
883 2106 1109 2161 ποιεῖτε.

310 2190 701 2261 Ἐπικτήτου.
721 2223 791 2235 -
813 2196 1022 2267 Ὠσπερ
1065 2196 1226 2262 εὐθὺς
1261 2196 1444 2268 ζυγὸς,
1493 2200 1618 2254 οὒτε
1642 2202 1807 2273 ,πρὸς

206 2282 463 2351 ἀληθοῦς
497 2284 779 2339 εὐθύνεται
805 2286 997 2356 ζυγοῦ,
1023 2287 1137 2342 οὗθ’
1155 2290 1260 2343 ὑπὸ
1282 2291 1511 2360 ψευδοῦς
1537 2294 1802 2364 κρίνεται·

203 2374 371 2428 οὕτω
404 2379 499 2430 καὶ
529 2380 557 2432 ό
582 2378 783 2444 δίκαιος
813 2380 1031 2452 κριτὴς,
1072 2380 1188 2437 οὔθ’
1228 2384 1332 2438 ὑπὸ
1372 2385 1597 2441 δικαίων
1640 2388 1805 2442 εὐθύ-

208 2484 396 2533 νεται,
425 2468 551 2523 οὔτε
579 2471 709 2542 παρ’
747 2470 953 2538 ἀδίκοις
977 2474 1273 2539 δικάζεται.

282 2561 386 2631 Μὴ
434 2561 698 2632 πρότερον
757 2562 928 2636 ἑτέρῳ
978 2565 1312 2641 δικαστηρίῳ
1369 2569 1616 2646 δικάσῃς,
1671 2575 1801 2648 πρὶν

204 2652 387 2715 αὐτὸς
416 2654 564 2725 παρὰ
592 2656 655 2726 τῇ
691 2655 815 2728 δίκῃ
844 2657 1062 2730 κριθῇς.

283 2746 925 2815 Ηυθαγόρου.-Κακὰ
956 2751 1125 2820 μείζω
1151 2754 1346 2825 πάσχει
1374 2755 1460 2810 διὰ
1490 2757 1583 2811 τοῦ
1620 2776 1796 2814 συνει-

206 2836 367 2901 δότος
406 2840 434 2890 ὁ
471 2838 692 2902 ἀδικῶν,
738 2838 1181 2914 βασανιζόμενος,
1220 2846 1308 2917 ac
1340 2849 1419 2920 τῷ
1450 2850 1664 2922 σώματι
1703 2854 1797 2908 καὶ

207 2931 336 2993 ταῖς
362 2932 599 2999 πληγαῖς
635 2933 1090 3004 μαστιγούμενος.

283 3016 582 3085 Ζήνωνος.
603 3022 868 3091 -Ζήνων
897 3024 925 3076 ὁ
956 3024 1176 3091 Στοῖκὺς
1218 3028 1529 3102 φιλόσοφος,
1585 3038 1794 3111 ἐρωτη-

210 3109 326 3174 θεὶς
373 3111 481 3164 ὑπό
529 3129 677 3177 τινος
707 3114 814 3168 τῶν
842 3116 1159 3188 γνωρίμων,
1215 3122 1332 3187 πῶς
1371 3124 1439 3178 ἂν
1473 3109 1640 3199 μηδὲν
1686 3109 1795 3186 τῶν

210 3205 416 3299 άδὶκων
441 3208 674 3280 πράττοι
686 3208 723 3281 ι]
732 3228 853 3281 μεν,
876 3207 1051 3265 εἶπενο
1069 3216 1194 3271 Ἐὰν
1213 3217 1301 3272 διὰ
1324 3221 1526 3287 παντὸς
1549 3225 1793 3299 ὑπολαμ-

208 3295 414 3367 ϐάνητέ
451 3318 518 3369 με
559 3308 928 3373 συμπαρεῖναι
958 3311 1106 3381 ὑμῖν.

294 3392 352 3443 Ὀ
390 3393 557 3458 αὐτὸς
594 3398 913 3470 ἐρωτηθεὶς,
957 3404 1007 3456 εί
1071 3404 1293 3460 δύναται
1338 3407 1622 3466 λανθάνειν
1660 3412 1795 3467 Θεὸν

208 3480 501 3554 ἄνθρωπος
530 3486 769 3556 ἀδικῶν,
816 3492 956 3547 Ἀλλ’
997 3495 1116 3550 οὐδὲ
1151 3497 1552 3571 διανοούμενος,
1593 3504 1721 3576 ἔφη.

285 3662 617 3733 Σωκράτης.
633 3697 705 3707 -
720 3670 1153 3739 Καταδικασθείς
1174 3676 1279 3730 ὑπὸ
1306 3677 1609 3752 Ἀθηναίων
1632 3700 1795 3738 κατα-

212 3756 672 3848 κρημνισθῆναι,-
686 3760 787 3830 τῆς
822 3766 1081 3832 γυναικὸς
1112 3768 1432 3842 Ξανθίππης
1472 3773 1789 3848 κλαιούσης,

209 3846 305 3939 καὶ
327 3846 614 3939 λεγούσηςο
642 3844 716 3904 Ὦ
736 3853 1047 3925 Σώκρατες,
1066 3858 1142 3924 ὡς
1162 3860 1362 3927 ἀδίκως
1390 3844 1753 3939 ἀποθνήσκεις
1776 3870 1791 3925 ι

207 3936 334 4009 ἔφη’
371 3941 445 3995 Σὺ
478 3938 573 3996 οὗν
601 3943 827 4000 ἐϐούλου
865 3965 936 4018 με
968 3949 1194 4017 δικαίως
1218 3954 1548 4015 άποθανεῖν;

808 4063 1179 4135 Μενάνδρου.

284 4146 572 4228 ξρηστοῦΔ
589 4153 743 4228 ίτρὸς
772 4155 995 4224 ἀνδρὸς
1012 4159 1208 4228 μηδὲν
1229 4164 1475 4220 ὑπονόει
1505 4170 1714 4226 κακόν.

280 4217 518 4285 Δίκαιος
540 4217 769 4279 ἀδικεῖν
799 4217 911 4281 οὑέ
947 4217 1268 4286 ἔσὶίάταται

275 4322 611 4396 Ξενοφῶντι
668 4335 1181 4406 Σωκράτης.-¹Ἠ
1216 4343 1278 4397 ού
1317 4344 1467 4401 δοκεῖ
1510 4366 1594 4404 σοι
1640 4352 1789 4419 ἀξιο-

207 4421 643 4518 τεκμαρτότερον
665 4426 757 4479 τοῦ
782 4427 941 4495 λόγου
964 4430 1027 4484 τὸ
1051 4432 1211 4503 ἔργον
1236 4430 1412 4505 srvat;
1438 4442 1578 4495 Πολύ
1606 4461 1692 4513 γε,
1723 4449 1787 4518 νὴ

205 4508 321 4572 Δία,
355 4511 480 4584 ἔφη.
515 4516 712 4570 Δίκαια
735 4520 1108 4592 μὲνλέγοντες
1134 4526 1342 4593 πολλοὶ,
1371 4531 1533 4588 άδικα
1548 4508 1784 4594 notabat:

204 4597 383 4655 δίκαια
405 4605 463 4659 δὲ
498 4610 870 4679 πραττόντων,
902 4614 1012 4669 οὐδ’
1040 4616 1107 4670 ἂν
1146 4612 1227 4684 εἷς
1254 4620 1437 4688 ἄδικος
1461 4625 1568 4699 εἴη.

764 4880 985 4935 ΛΟΓΟΣ
1037 4883 1110 4951 ς’
1151 4887 1214 4939 ιι.

478 4968 623 5037 Περὶ
669 4972 866 5039 φίλων
919 4974 1017 5027 καὶ
1066 4977 1494 5049 φιλαδελφίας.

362 5079 500 5143 Κορ.
534 5078 625 5147 ιγ’.
645 5110 713 5120 -—-
732 5082 858 5135 Ἐὰν
890 5085 1009 5147 ταῖς
1036 5084 1311 5151 γλωσσαῖς
1336 5089 1444 5142 τῶν
1474 5093 1777 5168 ἀνθρώπων

202 5163 341 5219 λαλῶ
374 5167 601 5225 καὶτῶν
635 5173 904 5242 ἀγγέλων,
934 5176 1159 5248 ἀγάπην
1196 5177 1253 5232 δὲ
1290 5180 1366 5251 μὴ
1407 5181 1538 5255 ἔχω,

1926 636 2275 691 commodum
2345 640 2590 709 aequitati
2646 652 3021 711 praeponam:
3074 659 3199 699 nam
3242 645 3505 715 pecunias

1924 742 2244 799 comparare
2277 730 2424 795 licet,
2462 731 2608 787 haud
2636 748 2768 789 vero
2803 732 2961 788 facile
2992 734 3245 804 pecuniis
3271 736 3501 806 gloriam

1925 836 2139 892 parare.

1995 913 2331 970 Hoschionis.
2364 948 2433 957 —
2462 917 2693 975 Praestat
2739 928 2889 976 recte
2922 920 3289 991 iudicantem,
3338 920 3407 976 ab
3432 936 3500 977 co

1923 1008 2017 1078 qui
2056 1008 2161 1064 fuit
2200 1009 2638 1078 condemnatus,
2684 1013 2887 1085 injuste
2928 1014 3301 1085 reprehendi;
3333 1029 3496 1085 quam

1921 1098 2111 1170 iniqua
2166 1102 2441 1158 sententia
2490 1144 2506 1169 ,
2571 1112 2769 1159 natura
2832 1105 3019 1177 judice
3065 1107 3216 1177 juste
3279 1105 3500 1175 vitupe-

1919 1192 2056 1246 rari.

1993 1285 2077 1340 Ea:
2102 1286 2252 1342 dictis
2281 1298 2482 1360 septem
2504 1292 2825 1358 sapientum.
2876 1322 2946 1329 —
2971 1291 3201 1347 Videtur
3249 1291 3385 1346 mihi
3418 1292 3495 1347 ci-

1917 1376 2060 1434 vitas
2095 1393 2153 1433 sc
2189 1380 2396 1449 optime
2426 1380 2653 1447 habere,
2702 1380 2862 1452 545
2916 1382 3261 1452 liberumque
3306 1384 3494 1453 populi

1920 1470 2167 1542 regimen
2193 1488 2359 1541 quam
2393 1473 2629 1528 maxime
2681 1474 2960 1529 incolume
2990 1490 3233 1540 scrvare,
3297 1475 3350 1528 in
3384 1491 3491 1544 qua

1918 1560 2138 1634 injuriae
2195 1573 2425 1619 auctore
2475 1564 2554 1619 illi
2593 1579 2778 1619 coram
2828 1566 3151 1631 constituto,
3206 1564 3300 1637 qui
3350 1564 3491 1636 inju-

1917 1657 2056 1710 riam
2083 1657 2316 1727 accepit,
2343 1673 2499 1713 reum
2536 1657 2717 1728 pomis
2752 1658 3076 1728 subjiciunt.

1984 1748 2285 1821 Hyperidis.
2325 1778 2395 1787 —-
2430 1748 2647 1817 Duplici
2710 1765 2778 1803 ex
2812 1764 2977 1804 causa
3020 1750 3201 1804 solent
3234 1748 3489 1805 homines

1914 1839 1984 1895 ab
2022 1840 2291 1913 injustitia
2325 1840 2624 1909 abstinere,
2656 1849 2921 1897 autmetu
2955 1842 3189 1909 scilicet,
3238 1852 3333 1898 aut
3387 1858 3489 1913 pu-

1840 1901 1884 1957 B
1912 1932 2070 1989 dore.

1983 2024 2249 2081 Socrates.
2299 2058 2369 2065 —
2418 2025 2550 2093 Quae
2589 2026 2659 2081 ab
2712 2028 2891 2083 altero
2949 2027 3094 2097 passi
3135 2025 3485 2097 indignanter

1908 2118 2088 2186 fertis,
2128 2120 2312 2175 videte
2338 2137 2408 2176 ne
2436 2121 2552 2176 lucc
2588 2121 2780 2177 eadem
2812 2122 2936 2177 aliis
2963 2122 3197 2178 faciatis.
3296 2100 3315 2116 ’

1976 2212 2222 2282 Epicteti.
2251 2243 2321 2251 —
2351 2212 2421 2269 Ut
2462 2212 2609 2283 justa
2647 2211 2859 2277 bilanx,
2899 2227 3003 2267 nec
3042 2228 3073 2268 a
3105 2229 3237 2269 vera
3264 2214 3483 2269 bilance

1906 2303 2223 2375 corrigitur,
2259 2317 2362 2359 nec
2397 2319 2427 2358 a
2458 2302 2597 2359 falsa
2632 2303 2917 2377 judicatur
2950 2305 3069 2359 :sic
3107 2313 3163 2359 et
3194 2305 3377 2375 justus
3396 2306 3485 2376 ju-

1900 2396 2029 2461 dex,
2059 2410 2294 2466 nequea
2336 2396 2500 2467 justis
2544 2395 2662 2466 ipse
2714 2396 3033 2469 corrigitur,
3076 2410 3258 2467 neque
3300 2397 3369 2452 ab
3402 2396 3486 2451 in-

1897 2485 2063 2559 justis
2084 2488 2389 2559 judicatur.

1971 2580 2097 2635 Noli
2124 2580 2278 2651 prius
2311 2580 2367 2635 in
2415 2579 2820 2652 alterojudicio
2860 2577 3132 2653 judicare,
3171 2594 3336 2651 quam
3365 2579 3481 2650 ipse

1900 2686 2002 2741 pro
2020 2670 2249 2743 justitia:
2275 2672 2539 2726 tribunali
2558 2673 2842 2745 judicatus
2867 2672 3091 2729 exieris.

1970 2764 2261 2836 Pythagor.
2287 2796 2358 2805 —
2390 2765 2593 2835 Majora
2644 2768 2789 2822 mala
2833 2768 3073 2823 sustinet
3110 2767 3206 2839 qui
3264 2766 3481 2839 injuria:

1897 2864 2088 2911 auctor
2127 2866 2233 2921 est,
2272 2865 2569 2927 torquente
2614 2857 2959 2918 conscientia
2981 2897 2997 2924 ,
3032 2872 3197 2928 quam
3226 2858 3323 2928 qui
3356 2872 3481 2913 cor-

1894 2961 2029 3017 pore
2057 2948 2289 3004 caaditur
2315 2963 2379 3004 ac
2409 2948 2592 3020 plagis
2620 2950 2868 3019 vapulat.

1965 3039 2213 3095 Zenonis.
2247 3071 2317 3080 —
2342 3040 2492 3096 Zeno
2546 3040 2769 3096 Stoicus
2816 3041 3201 3113 philoSOphus,
3254 3057 3379 3097 cum
3410 3058 3479 3099 ex

1897 3130 2219 3188 domesticis
2244 3132 2468 3203 quidam
2512 3141 2805 3203 quaereret,
2848 3148 2957 3205 qua
2987 3143 3215 3204 possent
3260 3136 3478 3191 ratione

1897 3222 2223 3295 injuriarum
2271 3223 2411 3279 nihil
2458 3224 2639 3281 facere
2668 3241 2682 3278 :
2713 3222 2769 3279 Si
2815 3239 3070 3296 semper,
3125 3227 3328 3297 inquit,
3361 3227 3478 3283 exi-

1896 3315 2193 3371 stimabitis
2225 3332 2312 3371 me
2344 3316 2503 3372 vobis
2549 3317 2766 3374 adesse.

1966 3407 2117 3463 Idem
2166 3408 2539 3481 interrogatus
2582 3426 2652 3465 an
2689 3411 2863 3466 Deum
2902 3411 3081 3467 latere
3118 3410 3334 3482 possit,
3379 3412 3473 3482 qui

1896 3499 2153 3571 injuriam
2189 3501 2321 3557 facit
2369 3521 2381 3556 :
2432 3503 2570 3569 lmo,
2611 3503 2811 3575 inquit,
2864 3518 2936 3559 ne
2964 3502 3061 3575 qui
3102 3503 3307 3575 COgitat
3354 3503 3477 3574 qui-

1894 3590 2043 3647 dem.

1962 3682 2221 3739 Socratis.
2246 3715 2317 3724 —
2344 3684 2645 3740 Damnatus
2670 3683 2927 3741 Socrates
2952 3684 3022 3741 ab
3042 3681 3477 3740 Atheniensibus

1896 3783 1957 3829 ut
1988 3774 2299 3846 praecipitio
2328 3775 2498 3831 vitam
2530 3775 2736 3843 finiret,
2766 3775 2933 3832 ﬂente
2979 3791 3152 3831 uxore
3173 3774 3472 3846 Xantippe,

1892 3876 2058 3938 alque
2087 3866 2308 3923 dicente
2343 3885 2358 3922 :
2395 3866 2571 3935 Quam
2614 3867 2841 3939 injuste,
2885 3866 3164 3934 Socrates,
3196 3868 3470 3925 moreris!

1892 3961 1998 4027 Tu,
2030 3960 2234 4032 inquit,
2269 3960 2440 4033 igitur
2470 3962 2645 4019 velles
2677 3977 2767 4017 me
2793 3963 2945 4034 juste
2974 3962 3167 4023 mori?

2529 4075 2835 4132 Menandri.

1960 4166 2039 4251 IXe
2058 4169 2364 4251 suspicator‘
2387 4159 2451 4220 de
2476 4166 2631 4251 .bonis
2664 4165 3126 4251 unquam‘rnatam
3149 4182 3171 4231 ,°

1961 4237 2102 4292 Nam
2134 4236 2315 4309 justus
2344 4237 2488 4292 haud
2520 4236 2695 4291 ullum
2721 4236 2937 4291 nocendi
2962 4239 3057 4291 scit
3088 4236 3328 4290 modum.

1963 4351 2289 4425 Xenophonti
2334 4350 2602 4407 Socrates.
2638 4383 2706 4395 -—-
2735 4351 2937 4407 Annon
2985 4352 3213 4423 majoris
3271 4350 3371 4405 tibi
3402 4350 3471 4405 ad

1893 4443 2054 4499 ﬁdem
2086 4459 2227 4514 opus
2274 4443 2454 4514 ipsum
2482 4442 2726 4509 videtur,
2770 4459 2936 4513 quam
2976 4443 3202 4498 sermo?
3240 4442 3473 4497 Maxime

1890 4553 2046 4604 vero,
2095 4537 2295 4607 inquit.
2350 4538 2559 4592 Eorum
2612 4537 2762 4592 enim
2798 4537 2893 4607 qui
2927 4538 3079 4608 justa
3112 4538 3426 4607 loquuntur
3448 4575 3468 4599 ,

1817 4615 2053 4702 I)longe
2109 4630 2301 4700 plures
2349 4629 2553 4700 injusta
2606 4639 2777 4699 agunt

1889 4722 2058 4793 agunt
2086 4721 2255 4792 justa,
2290 4735 2395 4775 nec
2425 4735 2571 4775 unus
2604 4720 2832 4791 quidem
2855 4720 3098 4793 injustas
3131 4718 3433 4777 exstiterit.

2833 4646 2847 4683 :
2894 4645 3087 4683 eorum
3134 4638 3320 4684 autem
3375 4628 3470 4698 qui

2492 4905 2726 4962 SERMO
2761 4907 2848 4962 Vl.

2233 4999 2311 5053 De
2340 5000 2523 5054 amicis
2564 5013 2610 5054 et
2652 4999 2890 5070 fraterno
2926 5014 3125 5051 amove.

1955 5110 1982 5163 1
2008 5109 2129 5165 Cor.
2174 5125 2289 5175 xm,
2340 5109 2461 5164 1-5.
2500 5140 2569 5150 -
2599 5108 2656 5165 Si
2689 5108 2895 5179 linguis
2930 5107 3217 5162 hominum
3272 5108 3467 5177 loquar

1574 5192 1775 5260 γέγονα
1882 5210 1939 5256 et
1971 5201 2315 5273 angelorum,
2347 5200 2677 5256 charilatem
2713 5210 2899 5255 autem
2931 5216 3040 5255 non
3091 5200 3346 5267 habeam,
3389 5202 3468 5257 fa-

1516 5322 1743 5383 VARIrE
1780 5331 1911 5389 LEC
1920 5332 2076 5390 TlON
2082 5335 2187 5392 ES.

270 5396 307 5427 “
340 5398 399 5452 ιιι
426 5399 592 5455 Gesn.
634 5402 852 5460 Stoban
875 5405 999 5462 215.

1715 5492 1947 5554 NOTAE.

516 5591 898 5677 ἀδικήσαντα
935 5599 1042 5677 τοῦ
1083 5601 1471 5677 ᾀδιζιη-θέντος
1507 5612 1770 5677 προϐαλ-

203 5659 634 5749 ξοςςὲιερυαειί,
669 5659 764 5749 ἐπι
792 5666 888 5749 τοῦ
925 5670 1141 5742 ἀδικηθ.
1173 5659 1285 5729 δυ’ί)
1306 5659 1767 5749 εῇυέῖιιίεῖδοιιῖίο,

206 5741 384 5817 coram
400 5737 626 5817 sistunt,
664 5742 760 5817 aut
780 5737 945 5817 etiam
978 5737 1134 5796 reum
1165 5737 1654 5817 peragunt,'altero
1676 5737 1768 5808 ac:

208 5802 643 5891 cusaptckaltero
660 5805 1013 5891 defendente,
1044 5827 1106 5868 ac
1130 5802 1243 5867 tum
1255 5802 1399 5886 juvsta
1418 5802 1769 5891 ultioneva-

201 5881 324 5951 nam
368 5868 630 5959 inferunt.
679 5874 810 5943 Qum
861 5868 1625 5960 ipsa'summa'mqunasrct

1876 5618 2525 5694 democratiaijpulare
2562 5621 2828 5694 regimen)
2860 5623 3066 5693 optime
3112 5622 3457 5678 confovetur.

1875 5688 2161 5771 Ncc_pene
2179 5688 2477 5771 ali-ternm
2508 5688 2958 5771 gentesuquibus
2998 5696 3171 5771 major
3220 5694 3453 5771 jurisdi:

1874 5760 2039 5835 eundi
2086 5762 2411 5835 simplicitas
2450 5760 2671 5833 mansit.
2715 5760 2880 5819 Gesn.
2914 5760 3129 5830 versio,
3183 5760 3456 5835 quidquid

1873 5830 1990 5901 cjus
2024 5830 2309 5890 sententia:
2344 5834 2572 5892 luminis
2622 5830 2726 5902 est,
2768 5836 2924 5907 plane
2966 5830 3247 5891 exstinxit.
