4036 6278
653 290 762 356 759

1823 305 1885 365 s.
1924 306 2210 368 MAXIM!
2246 309 2752 377 CONFESSORIS

3794 331 3879 396 που

726 409 879 464 Multi
905 424 1031 465 cum
1063 411 1357 468 videantur
1379 415 1564 482 amici,
1598 417 1762 473 amici
1780 435 1889 476 non
1917 432 2080 490 sunt;
2105 426 2223 494 qui-

2406 429 2600 485 Πολλοὶ
2639 433 2922 498 δοκοῦντες
2963 430 3105 490 εῗναι
3155 437 3321 507 φίλοι,
3363 439 3476 493 οὐκ
3527 441 3658 496 είσίο
3708 444 3794 498 καὶ
3831 453 3878 501 ού

655 517 764 572 que
799 516 910 556 non
955 502 1271 571 videantur,
1302 506 1466 562 amici
1504 516 1688 565 tamen
1739 521 1868 567 sunt
1904 530 1920 568 :
1965 516 2230 586 sapientis

653 592 820 664 igitur
842 594 1081 663 partium
1116 596 1208 664 sit,
1236 605 1296 652 ut
1323 614 1775 674 unumquemque
1801 608 2044 663 noverit.

722 688 928 742 Eorum
981 692 1224 748 cavenda
1270 695 1515 752 amicitia
1570 707 1696 765 est,
1743 718 1982 772 quorum
2029 721 2232 778 anceps

651 778 872 836 animus
896 790 982 836 est
1011 797 1075 838 ac
1105 783 1361 842 allectus.

721 870 993 928 Isocratis.
1020 905 1092 913 —-
1111 876 1332 933 Amicos
1360 880 1587 947 ascisce,
1620 898 1730 937 non
1757 899 1952 940 omnes
1991 888 2086 957 qui
2109 905 2229 945 am-
2271 944 2285 956 ,

652 963 824 1031 biant,
859 965 955 1022 sed
993 981 1090 1023 eos
1121 967 1218 1038 qui
1257 969 1477 1042 ingenio
1524 982 1620 1031 tuo
1674 989 1738 1031 ac
1788 979 2046 1036 moribus
2087 997 2229 1040 con-

576 1048 581 1053 ’
651 1068 873 1130 gruant.

719 1147 994 1218 Ejusdem.
1029 1183 1099 1193 ——-
1129 1155 1422 1213 Neminem
1469 1157 1710 1215 amicum
1752 1161 2044 1230 adhibeas,
2090 1165 2227 1234 quin

647 1237 807 1308 prius
833 1239 1174 1312 inquisieris,
1206 1265 1316 1318 qua
1360 1250 1576 1306 ratione
1608 1253 1995 1322 superioribus
2037 1257 2228 1313 amicis

648 1341 784 1382 usus
813 1328 902 1384 sit.
937 1331 1203 1391 Existima
1237 1337 1386 1392 enim
1417 1354 1546 1394 eum
1580 1341 1744 1396 talem
1778 1343 1946 1397 etiam
1996 1359 2126 1416 erga
2161 1354 2213 1401 te

646 1417 917 1486 futurum,
947 1426 1128 1493 qualis
1151 1442 1280 1498 erga
1311 1430 1437 1486 illos
1460 1430 1654 1488 fuerit.

716 1509 888 1567 Lente
919 1516 1215 1574 amicitiam
1260 1521 1442 1590 inito;
1472 1524 1566 1579 ubi
1588 1535 1775 1582 autem
1808 1527 2032 1596 inieris,
2087 1531 2223 1586 ami-

646 1615 745 1656 cus
776 1617 1134 1672 perseVerare
1181 1613 1423 1670 studeto.
1489 1615 1666 1686 Eque
1723 1619 1872 1674 enim
1932 1629 2094 1692 turpe
2141 1633 2225 1678 est

647 1692 861 1747 nullum
907 1697 1146 1753 amicum
1198 1701 1426 1769 habere,
1471 1706 1774 1777 pluresque
1811 1709 1952 1766 alios
1997 1727 2064 1766 ex
2099 1712 2224 1768 aliis

649 1785 857 1842 amicos
881 1804 944 1843 ac
980 1791 1196 1848 sodales
1225 1805 1464 1852 mutare.

727 1877 865 1934 Vera
925 1882 1168 1939 amicitia
1221 1886 1322 1941 tria
1369 1890 1722 1959 potissimum
1771 1901 2007 1964 quaartt‘,
2043 1896 2224 1951 virtu-

647 1978 781 2036 tem,
843 1981 902 2026 ut
931 1973 1224 2032 honestum
1253 1996 1268 2045 ;
1315 1985 1775 2040 consuetudinem
1809 2001 1908 2040 seu
1941 1987 2232 2042 familiari-

647 2070 836 2129 tatem,
871 2073 929 2120 ut
975 2068 1324 2138 jucundum;
1384 2089 1450 2130 ac
1494 2085 1774 2145 postremo
1799 2095 1958 2134 usum
1981 2121 1996 2146 ,
2031 2090 2092 2136 ut
2123 2096 2224 2135 ne-

648 2159 968 2216 cessarium.
994 2160 1174 2232 JEquo
1209 2167 1358 2220 enim
1389 2169 1580 2225 animo
1606 2171 1898 2227 habendus
1919 2173 2051 2228 dum
2076 2173 2225 2245 judi-

650 2256 735 2301 cat
762 2265 776 2313 ;
805 2250 1155 2319 gaudendum
1182 2259 1505 2326 praesentia;
1528 2271 1609 2325 et,
1638 2263 1684 2318 si
1711 2279 1864 2332 eges,
1889 2265 2177 2320 utendum.

719 2339 1016 2400 Plutarchi.
1042 2377 1113 2388 ——
1154 2348 1293 2420 Equi
1337 2351 1642 2410 bonitatem
1692 2357 1841 2412 bello
1884 2359 2220 2429 probamus:

650 2429 812 2485 amici
845 2449 978 2488 vero
1010 2435 1170 2493 {idem
1201 2441 1368 2498 rebus
1390 2444 1663 2502 adversis.

719 2521 838 2578 Non
869 2525 1030 2583 decet
1063 2529 1283 2600 fratres,
1331 2545 1392 2590 ut
1436 2538 1625 2594 lances
1660 2540 1716 2595 in
1762 2550 2000 2609 statera,
2047 2558 2226 2599 a.tero

649 2612 962 2685 humiliato,
997 2622 1230 2680 alterum
1267 2629 1480 2685 extolli.

717 2705 902 2764 Cumis
925 2713 1184 2770 omnibus
1230 2722 1393 2785 estcf;
1425 2720 1494 2775 iis
1517 2738 1654 2777 vero
1682 2724 1777 2794 qui
1803 2724 1996 2795 optimi
2045 2734 2178 2780 sunt
2203 2769 2220 2795 ,

649 2797 837 2854 utitor.
863 2800 953 2858 Sic
981 2805 1128 2860 enim
1152 2807 1263 2863 illis
1291 2812 1478 2881 gravis
1509 2829 1621 2869 non
1653 2817 1789 2882 eris,
1820 2816 2056 2889 i-stisque
2081 2819 2222 2874 ami-

651 2906 748 2946 cus
787 2893 1066 2954 ellicieris.

712 2985 936 3043 Amicos
964 3002 1158 3060 parato
1181 3035 1200 3060 ,
1256 3011 1368 3051 non
1415 2998 1749 3068 quibuscum
1780 3002 2222 3071 jucundissime,

644 3078 740 3134 sed
776 3083 1109 3150 quibuscum
1141 3091 1349 3158 optime
1380 3092 1553 3147 vivs.

713 3171 798 3224 Ex
831 3173 1014 3230 Dionis
1053 3177 1244 3233 Clm‘is.
1273 3208 1338 3219 —
1370 3180 1516 3246 Quot
1544 3183 1752 3240 amicos
1802 3186 2105 3254 paraveris,
2140 3194 2222 3242 tot

641 3263 829 3320 oculos
855 3266 1104 3334 habebis,
1127 3271 1328 3341 quibus
1347 3288 1470 3344 quae
1488 3277 1627 3333 velis
1661 3278 1850 3335 videas
1877 3297 1890 3334 :
1919 3287 2000 3334 tot
2033 3296 2219 3346 aures,

640 3357 840 3424 quibus
860 3376 982 3430 quae
1007 3356 1186 3430 decet,
1214 3366 1408 3423 audias
1438 3385 1451 3422 :
1477 3379 1558 3424 tot
1584 3379 1820 3437 mentes,
1843 3373 2045 3443 quibus
2061 3374 2129 3430 de
2155 3374 2224 3429 iis

639 3462 760 3515 quae
774 3452 1090 3512 conducunt
1104 3466 1279 3512 tecum
1304 3461 1490 3517 animo
1505 3463 1812 3521 deliberare
1828 3482 1891 3522 ac
1906 3467 2222 3523 consultare

642 3542 838 3606 possis.
870 3542 988 3600 Non
1021 3549 1172 3604 enim
1195 3551 1362 3608 aliter
1392 3570 1451 3610 se
1480 3555 1646 3611 habet
1681 3557 1923 3626 plurium
1948 3559 2222 3626 amicitia,

638 3623 802 3698 quam
816 3635 861 3688 si
878 3636 967 3691 cui
991 3637 1140 3695 Deus
1159 3656 1330 3698 unum
1347 3659 1550 3715 corpus
1569 3623 1799 3703 habenti
1830 3648 1994 3721 559
2020 3649 2222 3707 multas

639 3720 796 3776 daret
820 3725 1053 3794 animas,
1089 3745 1215 3800 qua:
1245 3749 1439 3791 omnes
1478 3736 1560 3792 illi
1594 3720 1956 3807 providerent
1989 3755 2054 3796 ac
2084 3755 2222 3796 con-

640 3815 910 3870 sulerent.

707 3906 979 3963 Aristotet.
1005 3939 1073 3952 ο-
1100 3913 1360 3970 Parandze
1386 3915 1571 3985 potius
1595 3917 1886 3976 facultates
1913 3923 2218 3980 amicorum

637 4011 828 4063 causa,
852 4015 1018 4069 quam
1048 4002 1212 4058 amici
1238 4019 1426 4060 earum
1458 4007 1651 4076 gratia.

2254 1782 2297 1837 Β

713 4177 783 4242 ls,
801 4191 927 4230 cum
954 4175 1034 4230 illi
1065 4177 1270 4246 probro
1289 4188 1620 4248 verteretur,
1638 4187 1783 4253 quod
1808 4202 1931 4242 cum
1955 4189 2218 4260 improbis

635 4277 952 4324 versaretur
983 4286 998 4322 :
1033 4269 1152 4335 llle,
1177 4271 1376 4341 inquit,
1401 4273 1643 4344 optimus
1667 4277 1920 4334 medicus
1937 4289 2042 4347 est,
2063 4283 2156 4353 qui
2183 4299 2217 4338 a

638 4359 868 4430 reliquis
895 4360 1176 4431 depositos
1199 4364 1450 4434 suscipit.

703 4451 856 4508 Idem
869 4452 1068 4520 aiebat,
1085 4454 1300 4524 placere
1319 4458 1574 4515 omnibus
1599 4475 1718 4516 rem
1756 4477 1966 4520 summe
1986 4464 2212 4522 arduam
2243 4469 2288 4526 D

635 4556 778 4598 esse.

703 4632 968 4693 Socrates.
997 4669 1070 4680 -—
1113 4639 1220 4707 Qui
1268 4641 1567 4696 amicitiam
1609 4641 1838 4711 violant,
1872 4645 1975 4700 etsi
2020 4660 2213 4702 eorum

635 4727 728 4800 qui
756 4728 870 4784 laesi
897 4729 1099 4802 injuria
1125 4743 1274 4800 sunt,
1300 4735 1563 4791 ultionem
1577 4735 1831 4802 vitarint,
1862 4737 2008 4792 haud
2030 4749 2212 4795 tamen

634 4834 801 4889 quam
831 4823 976 4878 Deus
1006 4824 1262 4882 illaturus
1289 4827 1362 4883 sit
1386 4827 1664 4898 depellent
1689 4845 1929 4899 poenam.

705 4912 1022 4984 lmportune
1045 4933 1232 4974 amare
1261 4919 1489 4989 perinde
1513 4919 1586 4976 sit
1607 4929 1772 4991 atque
1794 4921 2210 4978 odisse.Verum

633 5004 872 5060 amicum
895 5007 950 5062 in
979 5010 1136 5065 malis
1159 5026 1229 5065 ne
1256 5011 1468 5067 timeas.

701 5095 855 5150 Idem
892 5114 958 5153 ex
994 5099 1185 5156 Croeso
1227 5112 1607 5172 percontatus,
1642 5105 1774 5175 quid
1819 5109 2208 5175 praestantissi-

635 5200 785 5239 mum
823 5203 892 5242 ει
934 5205 1104 5260 regno
1147 5202 1294 5248 esset
1330 5204 1689 5263 consecutus;
1732 5197 1937 5267 illoque
1977 5214 2208 5270 respon-

637 5275 821 5341 dente,
855 5288 917 5332 ut
959 5280 1147 5337 hostes
1185 5284 1562 5350 ulcisceretur,
1596 5297 1653 5342 et
1691 5289 1899 5344 amicos
1938 5289 2207 5348 beneﬁcio

637 5365 878 5424 alliceret
909 5388 922 5423 :
957 5371 1192 5438 Quanto,
1216 5376 1416 5446 inquit,
1443 5379 1760 5450 jucundius,
1789 5381 1835 5437 si
1867 5390 1923 5437 et
1953 5382 2076 5439 illos
2108 5384 2207 5440 tibi

634 5459 844 5516 amicos
874 5462 1240 5522 reddidisses?

703 5550 1010 5610 Democriti.
1030 5587 1099 5596 -—
1122 5558 1244 5614 Non
1265 5577 1426 5630 posse
1451 5566 1641 5622 amicis
1663 5569 1942 5637 opitulari,
1967 5567 2164 5639 inopia:
2189 5586 2203 5621 :

633 5643 783 5699 nolle
827 5654 1049 5716 autem,
1107 5651 1394 5720 pravitatis
1453 5655 1621 5712 animi
1678 5670 1887 5715 certum
1942 5658 2203 5717 indicium

635 5742 737 5790 est.

2308 5656 2481 5726 φίλοις
2504 5697 2519 5718 ,
2569 5657 2801 5729 ἀπορίας
2839 5700 2851 5726 ,

2306 5749 2625 5821 τεκμήριον.

2333 519 2636 591 δοκοῦντες,
2667 525 2775 578 εἰσί
2795 542 2809 556 ·
2841 525 3013 598 σοφοῦ
3039 524 3133 582 οὖν
3153 531 3271 584 ἐστι
3297 532 3597 600 γινώσκειν
3629 535 3855 592 ἕκαστον.

2400 699 2622 768 Φεύγειν
2675 701 2757 755 δεῖ
2800 702 2902 775 τὴν
2953 703 3176 774 φιλίαν.
3219 700 3464 762 ὧντινων
3511 709 3805 780 ἀμφίϐολος
3855 715 3882 784 ἡ

2329 791 2588 856 διάθεσις.

2411 883 2693 951 Ἰσοκράτ.
2723 912 2794 923 -
2818 882 3007 948 Φίλους
3053 885 3191 952 κτῶ,
3235 887 3310 958 μὴ
3348 889 3572 953 πάντας
3616 891 3744 953 τοῦς
3781 890 3884 961 βου-

2329 970 2607 1044 λομένους,
2632 973 2767 1030 ἀλλὰ
2788 976 2914 1041 τοὺς
2937 977 3034 1047 τῆς
3067 978 3173 1048 σῆς.
3195 979 3411 1050 φύσεως
3427 979 3624 1046 ἀξίους
3645 981 3815 1046 δντας.

2403 1156 2514 1211 Τοῦ
2541 1157 2747 1212 αὐτοῦ.
2787 1189 2856 1201 -
2893 1159 3112 1230 Μηδένα
3153 1160 3307 1230 φίλον
3336 1160 3525 1228 ποιοῦ,
3573 1161 3705 1232 πρὶν
3725 1161 3788 1214 ἂν
3811 1163 3882 1230 ἑξ-

2327 1246 2526 1317 ετάσῃς
2546 1245 2663 1310 πῶς
2697 1247 2962 1320 κέχρηται
2991 1251 3105 1314 τοῖς
3140 1250 3404 1323 πρότερον
3439 1249 3647 1319 φίλοις.
3680 1250 3877 1315 Ἕλπιζε

2326 1338 2433 1409 γὰρ
2466 1339 2626 1393 αὑτὸν
2652 1340 2745 1393 καὶ
2793 1341 2922 1413 περὶ
2943 1341 3004 1395 σὲ
3049 1341 3303 1412 γενέσθαι
3345 1342 3625 1406 τοιοῦτον,
3665 1336 3772 1406 οἷος
3801 1344 3882 1394 καὶ

2325 1431 2455 1502 περὶ
2475 1431 2714 1496 ἐκείνους
2734 1433 2976 1502 γέγονεν.

2395 1524 2643 1594 Βραδέως
2689 1522 2788 1594 μὲν
2833 1525 2988 1594 φίλος
3033 1526 3207 1595 γίνου·
3257 1524 3558 1596 γενόμενος
3616 1524 3694 1589 δὲ,
3732 1523 3880 1593 πειρῶ

2324 1615 2615 1687 διαμένειν.
2665 1616 2895 1687 Ὁμοίως
2918 1618 3028 1690 γὰρ
3053 1619 3280 1689 αἰσχρὸν
3315 1618 3529 1689 μηδένα
3560 1616 3710 1686 φίλον
3735 1615 3876 1686 ἔχειν,

2326 1710 2422 1762 καὶ
2454 1706 2684 1771 πολλοὺς
2708 1708 2959 1779 ἑταίρους
2993 1708 3400 1780 μεταλλάττειν.

2408 1884 2472 1938 Ἦ
2510 1883 2736 1956 ἀληθινὴ
2752 1883 2902 1954 φιλία
2929 1885 3071 1956 τρίαι
3089 1885 3245 1956 ζητοῖ
3270 1883 3542 1956 μάλιστα·
3559 1883 3661 1954 τὴν
3677 1880 3874 1952 ἀρετὴν,

2325 1977 2401 2040 ὡς
2433 1977 2633 2031 καλόν·
2686 1976 2784 2030 καὶ
2842 1976 2941 2048 τὴν
2992 1975 3301 2047 συνήθειαν,
3349 1976 3426 2040 ὡς
3473 1974 3578 2047 ἡδύ
3612 1990 3628 2005 ο
3681 1973 3766 2027 καὶ
3789 1972 3870 2041 τὴν

2325 2068 2536 2139 χρείαν,
2585 2067 2664 2132 ὡς
2715 2067 3029 2136 ἀναγκαῖον.
3078 2069 3172 2121 Δεῖ
3218 2066 3327 2138 γὰρ
3365 2065 3733 2131 ἀποδέξασθαι
3765 2062 3869 2133 κρί-

2325 2176 2512 2225 ναντα,
2546 2160 2641 2214 καὶ
2664 2158 2872 2231 χαίρειν
2902 2159 3152 2225 συνόντα,
3177 2161 3271 2214 καὶ
3291 2160 3535 2232 χρῆσθαι
3559 2159 3814 2229 δεόμενον.

2393 2349 2734 2419 Πλουτάρχ.
2775 2379 2845 2390 -
2886 2349 3086 2404 Ἵππου
3135 2349 3232 2420 μὲν
3291 2347 3496 2420 ἀρετὴν
3545 2350 3604 2401 ἐν
3642 2344 3863 2413 πολέμῳ,

2325 2444 2479 2516 φίλου
2500 2443 2558 2496 δὲ
2587 2442 2769 2496 πίστιν
2793 2443 2851 2495 ὲν
2874 2442 3073 2513 ἀτυχίᾳ
3105 2443 3386 2511 κρίνομεν.

2395 2534 2469 2587 υύ
2519 2533 2626 2604 χρὴ
2682 2531 2773 2584 τὸν
2819 2531 3047 2600 ἀδελφὸν
3105 2531 3357 2600 καθάπερ
3427 2529 3739 2597 πλάστιγγα
3793 2522 3864 2596 ῥέα

2325 2641 2448 2678 πειν
2477 2624 2557 2686 εἰς
2583 2621 2910 2688 τούναντίον,
2927 2620 3232 2691 ὑψουμένου
3258 2619 3684 2690 ταπεινούμενον
3705 2616 3859 2670 αὐτόν.

2405 2717 2604 2780 Ἡδέως
2659 2714 2757 2786 μὲν
2795 2714 2886 2784 ἔχε
2929 2713 3064 2784 πρὸς
3094 2713 3360 2775 ἅπαντας,
3393 2711 3516 2784 χρῶ
3547 2710 3603 2764 δὲ
3629 2710 3733 2772 τοῖς
3766 2705 3863 2776 βελ-

2323 2810 2546 2873 τίστοις.
2584 2806 2740 2861 Οῦτω
2771 2807 2903 2878 γὰρ,
2941 2807 3053 2869 τοῖς
3095 2805 3194 2876 μὲν
3218 2805 3320 2858 οὐκ
3351 2803 3604 2875 ἀπεχθὴς
3634 2801 3744 2872 ἔσῃ,
3769 2800 3859 2860 τοῖς

2321 2901 2378 2955 δὲ
2413 2901 2563 2970 φίλος
2592 2899 2823 2969 γενήσῃο-
2948 2981 3052 2992 μ’
3120 2988 3176 2992 μ
3433 2986 3454 2992 _
3603 2984 3641 2992 ,,

2390 2991 2582 3054 Φίλους
2603 2989 2737 3054 κτῶ,
2765 2990 2839 3060 μὴ
2871 2989 2994 3060 μεθ’
3016 2981 3090 3044 ὧν
3115 2988 3310 3059 ἣδιστα
3329 2984 3727 3058 συνδιατρίψῃς,
3745 2979 3856 3035 ἀλλᾶ

2326 3080 2445 3152 μεθ’
2479 3073 2553 3134 ὧν
2581 3080 2807 3151 ἄριστα..
3237 3081 3242 3086 ’

2408 3174 2510 3226 Ἐκ
2543 3173 2660 3226 τῶν
2702 3171 2922 3237 Δίωνος
2958 3167 3198 3238 Χρειῶν.
3248 3196 3309 3208 -
3376 3165 3640 3228 Ὀπὸσους
3682 3160 3774 3231 γὰρ
3797 3157 3852 3211 ἄν

2322 3264 2459 3341 τις
2482 3266 2814 3338 κεκτημένος
2851 3263 3120 3336 ἑταίρους,
3146 3260 3428 3354 τοσούτοις

2322 3362 2359 3416 ἃ
2391 3361 2636 3431 βούλεται
2689 3359 2812 3429 ὁρᾷ,
2861 3356 3152 3417 τοσαύταις
3179 3352 3237 3406 δὲ
3268 3352 3458 3414 ἀκοαῖς
3486 3349 3528 3404 ἃς
3555 3349 3633 3402 δεῖ
3674 3347 3845 3401 ἀκούει,

2323 3453 2612 3516 τοσαύταις
2644 3452 2702 3505 δὲ
2737 3449 3000 3508 διανοίαις
3042 3447 3332 3499 διανοεῖται
3358 3445 3492 3515 περὶ
3541 3443 3646 3538 τῶν
3682 3450 3846 3538 συμφε-

2325 3546 2551 3618 ρόντων.
2583 3543 2837 3615 Διαφέρει
2863 3540 2982 3612 γὰρ·
3000 3539 3174 3604 οὐδὲν,
3205 3538 3240 3607 ἢ
3265 3536 3318 3634 εἰ
3347 3553 3426 3634 τῳ
3465 3535 3605 3634 Θεὸς
3627 3533 3690 3634 ἓν.
3719 3533 3844 3634 etiope

2323 3640 2522 3710 ἔχοντι,
2555 3635 2755 3699 πολλὰς
2793 3633 2972 3705 ψυχὰς
3005 3632 3228 3698 ἔδωκεν,
3263 3629 3479 3693 ἁπάσας
3512 3628 3651 3696 ὑπὲρ
3676 3625 3842 3678 ἐκείνου

2323 3728 2753 3804 προνοουμένας.

2403 3895 2770 3982 Ἀριστοτέλ”
2805 3939 2877 3950 ’⁸
2917 3908 3188 3979 Χρήματα
3236 3902 3512 3959 ποιεῖσθαι
3555 3897 3737 3972 μᾶλλον
3760 3888 3846 3942 τῶν

2319 4007 2490 4077 φίλων
2539 4004 2700 4057 ἓνεκα
2760 4003 3050 4074 προσήκει,
3099 4000 3133 4070 ἢ
3186 3999 3312 4062 τοὺς
3353 3997 3540 4066 φίλους
3588 3991 3690 4048 τῶν
3739 3997 3821 4053 χρη

2321 4097 2528 4168 μάτων.
3583 4182 3606 4190 _
3729 4173 3738 4190 θ

2388 4183 2558 4253 Οὗτος
2599 4187 2992 4258 ὀνειδιζόμενος
3037 4188 3121 4242 ὅτι
3172 4187 3430 4257 πονηροῖς
3483 4171 3837 4247 συνδιατρξσειν

2329 4282 2590 4345 Ἐκεῖνος,
2643 4279 2769 4350 ἔφη,
2827 4280 3049 4352 ἀριστος
3096 4277 3279 4348 ίατρύς
3311 4278 3483 4341 ἐστιν,
3532 4275 3588 4338 ὃς
3625 4270 3735 4330 τοὺς
3759 4258 3840 4315 ὖπδ

2315 4374 2535 4428 πάντων
2574 4372 3035 4444 ἀπεγνωσμένους
3075 4369 3468 4441 ἀναλαμϐάνει.

2401 4466 2458 4519 '0
2484 4465 2645 4530 αὐτὸς
2675 4463 2884 4533 ἔλεγεν,
2912 4465 2996 4518 ὅτι
3025 4463 3087 4517 τὸ
3108 4463 3277 4516 πᾶσιν
3304 4460 3504 4532 ἀρέσαι
3529 4450 3837 4529 δυσχερέσταο

2349 4560 2407 4613 όν
2442 4560 2613 4612 ἐστιν.

2349 4560 2376 4613 ό
2599 4597 2613 4611 .

2315 4577 2345 4613 τ
2770 4679 2839 4690 -
2879 4648 2945 4702 Οἱ
2982 4647 3170 4717 φιλίαν
3227 4642 3720 4739 παραθεωροῦντες,

2310 4740 2410 4812 τὴν
2442 4743 2506 4794 ὲκ
2553 4740 2666 4794 τῶν
2724 4740 3066 4813 ἠδικημένων
3090 4738 3370 4809 ἐκφύγωσι
3413 4735 3708 4808 τιμωρίαν’
3747 4720 3822 4780 ἀλλ

2312 4830 2406 4887 οὖν
2439 4849 2504 4900 γε
2532 4831 2632 4903 τὴν
2669 4834 2733 4886 ἐκ
2766 4831 2904 4886 Θεοῦ
2931 4831 3202 4903 τιμωρίαν
3234 4831 3295 4884 ού
3323 4829 3714 4900 διακρούονται.

2381 4925 2560 4978 Φιλεῖν
2591 4925 2856 4994 ἀκαίρως,
2875 4925 2989 4978 ἴσον
3007 4925 3126 4978 ἐστὶ
3147 4922 3242 4977 τοῦ
3271 4924 3473 4994 μισεῖν.
3491 4920 3644 4974 Φίλον
3662 4911 3835 4986 γνήσιον

2310 5019 2370 5071 ὲν
2394 5020 2584 5081 κακοῖς
2616 5017 2690 5088 μὴ
2713 5016 2902 5086 φοϐοῦ.

2393 5109 2452 5162 Ὀ
2486 5109 2647 5173 αὐτὸς
2693 5107 2984 5178 ἐπερωτῶν
3013 5107 3266 5177 Κροῖσον,
3299 5105 3352 5159 τί
3397 5104 3551 5175 παρᾶ
3579 5103 3675 5172 τῆς
3713 5096 3832 5167 βασι-

2309 5199 2459 5264 λείας
2507 5199 2632 5271 ἔσχε
2672 5199 3032 5270 τιμιώτατονο
3071 5196 3189 5252 εἶτα
3221 5198 3430 5252 ἐκείνου
3459 5179 3832 5291 εἰρηκότος,

2309 5292 2436 5354 τοὺς
2482 5290 2711 5362 ἐχθροὺς
2769 5289 3068 5362 μετελθεῖν,
3125 5290 3222 5343 καὶ
3288 5289 3481 5358 φίλους
3539 5286 3831 5361 εὐεργετεῖν

2310 5383 2469 5454 Πόσῳ
2514 5383 2747 5454 μᾶλλον,
2783 5382 2887 5454 ἔφη
2915 5423 2932 5450 ,
2978 5386 3334 5455 χαριέστερον
3377 5383 3661 5452 ἐποίησας,
3689 5377 3728 5430 εί
3764 5363 3833 5424 καῖ

2309 5474 2532 5537 τούτους
2564 5475 2646 5538 είς
2666 5474 2849 5544 φιλίαν
2889 5476 3342 5548 μετςτρόπωσας.

2379 5564 2691 5633 Δημοκρίτ.
2750 5595 2819 5604 -
2889 5566 2961 5620 Τὸ
3020 5566 3095 5637 μὴ
3179 5564 3438 5620 δύνασθαι
3503 5564 3710 5637 βοηθεῖν
3747 5551 3831 5611 τοῖς

2900 5658 2962 5714 τὸ
3013 5659 3071 5713 δὲ
3132 5659 3207 5732 μὴ
3275 5657 3610 5729 βούλεσθαι,
3679 5645 3832 5708 κακίας
