4036 6278
208 293 335 360 751

1563 303 1732 365 LOCI
1770 303 2208 365 COMMUNES.

3400 300 3513 369 762

297 410 724 480 Κλειτάρχου.
759 440 827 451 -
864 412 1099 467 Σεαυτού
1127 413 1195 468 τὰ
1222 414 1550 486 ἀτυχήματα
1598 413 1707 468 τῶν
1746 413 1828 484 φί-

2002 413 2278 469 Ctitarchi.
2300 444 2371 453 —
2392 413 2538 468 Tuas
2560 414 2899 469 calamitates
2922 414 3223 469 amicorum
3247 430 3369 471 esse
3396 416 3516 472 exi-

212 500 346 554 λων
381 502 535 571 ἡγοῦ
562 518 575 531 ·
612 502 722 558 τῶν
746 503 804 557 δὲ
832 504 978 558 ίδίων
1002 505 1398 577 εὐτυχημάτων
1423 505 1692 560 κοινώνει.

296 591 794 664 Τελευτησάντων
815 595 926 649 τῶν
953 596 1147 666 φίλων,
1180 599 1401 669 θρηνεῖν
1434 598 1535 669 μὲν
1552 599 1651 654 οὐκ
1674 598 1834 666 εὐγε-

214 683 323 748 νές
350 701 369 715 ·
418 690 679 758 προνοεῖν
700 688 757 742 δὲ
776 688 886 743 τῶν
904 691 1146 754 οίκείων,
1178 692 1455 761 ἐπιμελές.

300 780 747 836 [idtum—06
785 782 853 837 τὰ
893 785 1151 854 χρήματα
1204 783 1369 853 φίλοι,
1420 783 1535 838 ἀλλ’
1589 784 1640 837 oi
1683 782 1836 853 φίλοι

216 871 548 941 χρήματα.
582 872 697 926 Καὶ
739 874 995 944 χρήματα
1050 875 1183 945 μὲν,
1235 875 1417 944 φιλίαν
1463 873 1717 929 οὐδέποτε
1769 872 1837 927 ἂν

216 962 584 1031 ἐργάσαιτο,
614 963 806 1035 ὥσπερ
843 966 962 1020 οὐδὲ
992 969 1025 1037 ἡ
1054 967 1126 1037 γῆ
1163 967 1297 1021 Θεόν
1319 984 1334 998 ·
1393 966 1545 1036 φιλία
1607 966 1667 1020 δὲ
1709 966 1839 1036 χρή-

220 1069 403 1119 ματα
444 1053 648 1125 ῥαδίως
697 1056 961 1127 κτήσαιτο
1007 1056 1226 1132 [κτίσ.],
1257 1059 1507 1131 καθάπερ
1551 1060 1647 1113 καὶ
1702 1058 1837 1122 Θεὸς

216 1156 370 1208 γην-

306 1232 553 1307 Ὥσπερ
594 1236 850 1307 μέλιτταν
884 1241 944 1295 οὐ
974 1241 1063 1296 διὰ
1108 1243 1169 1298 τδ
1197 1243 1422 1315 κέντρον
1472 1246 1666 1315 μισεῖς,
1698 1243 1835 1298 ἀλλά

217 1323 320 1377 uti
386 1326 499 1379 τὸν
551 1328 763 1398 καρπὸν
802 1331 1061 1401 τημελεῖς
1083 1350 1099 1366 ο
1153 1332 1299 1388 οὕτω
1363 1333 1458 1389 καὶ
1521 1334 1674 1404 φίλον
1696 1375 1712 1400 ,
1758 1334 1833 1406 μὴ

218 1413 299 1467 δι’
375 1415 689 1489 ἐπίπληξιν
742 1419 1145 1495 ἀποστραφῇς,
1181 1423 1316 1479 ἀλλὰ
1359 1424 1447 1478 διὰ
1488 1425 1587 1495 τὴν
1620 1424 1835 1480 εὔνοιαν

218 1506 471 1575 ἀγάπα.

304 1600 527 1666 Ὅστις
589 1603 743 1673 φίλον
790 1606 1131 1677 λυπούμενον
1166 1606 1390 1676 ἔφυγεν,
1433 1607 1556 1661 οὐδὲ
1596 1606 1692 1661 τοῦ
1716 1605 1836 1679 χαί-

226 1703 443 1758 ροντος
478 1692 779 1750 ἀπολαύειν
804 1695 978 1761 ἄξιος.

860 1827 1237 1897 Μενάνδρου.

346 1936 475 1988 Καὶ
502 1937 706 2006 φιλεῖν
732 1936 829 1991 δεῖ
847 1939 927 2004 ὡς
954 1938 1050 1992 καί
1075 1937 1473 2007 μισήσοντας.

350 2006 477 2077 Καὶ
501 2007 738 2076 μισέειν
756 2010 835 2069 ὡς
860 2009 954 2061 καί
980 2008 1373 2077 φιλήσοντας.

345 2076 604 2149 Χρυσὸς
618 2077 738 2145 μὲν
765 2077 889 2133 οἶδε
908 2076 1325 2149 δοκιμάζεσθαι
1352 2080 1513 2149 πυρί,

361 2147 447 2219 '_H
468 2148 867 2219 xpoc_gpl.10vc
893 2147 943 2219 δ’
965 2150 1173 2202 εὔνοια
1192 2149 1371 2218 καιρῷ
1398 2147 1676 2219 κρίνεται.

366 2216 436 2267 '0
464 2216 651 2291 καιρῷ
674 2218 1046 2291 εὐτυχοῦντα
1085 2216 1658 2291 κολακὲξύωᾳξφίλον,

347 2287 588 2357 Καιροῦ
630 2287 825 2359 φίλος
843 2287 1139 2359 πέφυκεν,
1178 2287 1313 2361 οὐχὶ
1337 2287 1686 2362 τοιῗφίλου.

314 2420 400 2473 Οὐ
435 2419 711 2493 πρότερον
735 2419 1023 2493 ἀληθινοὺς
1052 2422 1240 2494 φίλους
1272 2426 1495 2497 κτῆσαι,
1549 2426 1683 2497 πρὶν
1709 2425 1831 2490 τοὺς

239 2511 498 2580 φαύλους
525 2513 853 2587 ἀποδιὼξῃς.

311 2605 599 2660 Οὐδέποτε
638 2606 891 2677 ὠρέχθην
931 2611 1043 2673 τοῖς
1070 2609 1287 2673 πολλοῖς
1316 2609 1591 2681 ἀρέσκειν.
1622 2609 1691 2662 ’Δ
1732 2610 1832 2680 μὲν

239 2697 352 2767 γᾰρ
384 2696 627 2761 ἐκείνοις
674 2698 929 2770 ἤρεσκεν,
960 2701 1061 2753 οὐκ
1090 2700 1293 2770 ἔμαθον
1325 2715 1340 2731 '
1380 2699 1418 2755 ἃ
1445 2699 1492 2753 δ’
1538 2700 1687 2771 ᾔδειν
1718 2700 1828 2769 ἐγὼ

248 2789 478 2861 μακρὰν
498 2786 566 2860 ἦν
595 2791 698 2859 τῆς
738 2792 959 2845 ἐκείνων
989 2792 1303 2857 διαθέσεως.

312 2882 663 2949 Σωκράτης.
700 2912 769 2923 --
799 2885 863 2937 Οί
889 2886 1153 2955 ἀδελφοὺς
1182 2887 1490 2957 παριόντες,
1520 2887 1617 2941 καὶ
1642 2887 1831 2952 ἄλλους

251 2972 435 3039 sileo;
466 2972 775 3044 ζητοῦντες,
801 2977 1175 3049 παραπλήσιοί
1219 2979 1325 3032 είσι
1347 2981 1457 3042 τοῖς
1481 2978 1581 3049 τὴν
1622 2979 1829 3032 ἑαυτῶν

249 3066 347 3136 γῆν
407 3067 569 3132 ἐῶσι,
625 3069 727 3139 τὴν
786 3069 841 3123 δὲ
893 3070 1178 3142 ἀλλοτρίαν
1230 3071 1555 3140 γεωργοῦσι.

316 3161 588 3225 Κριτίου.
622 3191 691 3203 -—-
723 3163 913 3225 Ὅστις
942 3165 1056 3227 τοῖς
1090 3163 1266 3233 φίλοις
1294 3164 1469 3216 πάντα
1496 3162 1634 3232 πρὸς
1662 3163 1824 3233 χάριν

251 3251 514 3317 πράσσων
542 3250 741 3319 ὁμιλεῖ,
774 3251 871 3323 τὴν
902 3252 1218 3323 παραυτίκα
1247 3251 1443 3324 ἡδονὴν
1468 3250 1668 3324 ἔχθραν
1692 3251 1829 3305 καθ-

252 3336 466 3408 ίστησιν
503 3341 584 3403 είς
612 3339 836 3412 ὕστερον
872 3342 1090 3413 χρόνον.

322 3453 693 3510 Πολυαίνου.
727 3485 796 3496 -—-
825 3457 977 3526 Ὅσῳ
1003 3456 1071 3510 ἂν
1106 3456 1290 3512 πλεῖον
1324 3456 1710 3528 εὐεργετήσεις
1736 3457 1829 3511 τὸν

265 3542 443 3610 φίλον,
495 3547 736 3617 τοσούτῳ
772 3548 974 3618 μᾶλλον
1028 3548 1090 3601 τὸ
1124 3548 1323 3602 σαυτοῦ
1358 3547 1639 3620 συμφέρον
1673 3550 1830 3619 ποιή-

262 3648 391 3698 σεις.
436 3635 884 3708 ’Δντεπιστρέφει
942 3639 1052 3708 γὰρ
1102 3638 1265 3692 πάλιν
1332 3640 1413 3703 εἰς
1490 3640 1637 3710 ἡμᾶς
1687 3641 1721 3711 ἡ
1769 3640 1830 3707 ἐξ

259 3725 480 3781 ἐκείνων
511 3727 718 3784 εὔνοια.

322 3820 631 3888 Κυψέλου.
663 3821 929 3887 -Φίλοις
962 3822 1249 3893 εὐτυχοῦσι
1297 3821 1391 3876 καὶ
1436 3824 1731 3896 ἀτυχοῦσιν
1751 3866 1767 3892 ,
1797 3827 1827 3880 ὁ

255 3911 417 3974 αὐτὸς
446 3911 531 3965 τσθ
542 3930 579 3966 ι.

327 4004 708 4071 Ἐπικτήτου.
744 4036 813 4047 -
848 4008 1073 4077 Φεύγειν
1127 4008 1207 4062 δεῖ
1242 4013 1431 4066 κακῶν
1486 4012 1677 4083 φιλίαν
1734 4014 1827 4067 καὶ

253 4094 477 4160 ἀγαθῶν
505 4096 601 4167 ἕχθ
611 4115 729 4168 ραν.

312 4188 489 4254 Σέξτ.
527 4220 596 4230 -
621 4191 712 4263 Μὴ
738 4193 914 4265 κτήσῃ
942 4195 1116 4263 φίλον,
1141 4189 1186 4264 ᾧ
1218 4196 1292 4268 μὴ
1318 4196 1823 4262 πάνταμπιστεύεις.

312 4367 539 4436 Κύρου.
577 4398 648 4408 --
680 4370 1001 4440 Πέμψαντος
1035 4372 1187 4445 αύτῷ
1228 4392 1377 4438 τινος
1400 4376 1606 4446 κόσμον
1632 4375 1825 4443 πολὺν,

1861 1765 1908 1821 B

1938 506 2099 561 stima
2135 525 2148 559 :
2182 515 2304 560 tuas
2331 516 2513 560 autem
2546 505 2937 575 prosperitates
2964 507 3045 561 eis
3074 508 3442 563 communica.

2006 598 2249 652 Mortuos
2272 597 2477 652 amicos
2504 597 2692 667 lugere
2720 596 2867 650 haud
2893 605 2979 652 est
3000 612 3355 666 generosum;
3388 614 3514 669 pro-

1936 690 2124 745 videre
2149 698 2333 745 autem
2361 688 2698 755 domesticis,
2725 688 3018 759 diligentia:
3042 697 3147 743 est.

2006 779 2317 835 Catonis.—-
2329 782 2447 835 Non
2467 780 2673 835 divitia:
2687 780 2869 843 amici,
2898 780 2995 835 sed
3013 780 3174 834 amici
3188 780 3415 835 divitiae.
3442 780 3512 835 Et

1936 872 2142 927 divitia:
2163 873 2387 941 quidem
2403 888 2681 942 nunquam
2722 871 3016 926 amicitiam
3041 872 3294 938 fecerint,
3312 872 3389 927 uti
3406 888 3511 928 nec

1937 968 2086 1016 terra
2113 963 2283 1019 Deum
2319 982 2332 1017 :
2364 962 2602 1018 amicitia
2627 978 2759 1019 vero
2780 962 2940 1017 facile
2965 962 3185 1017 divitias
3212 964 3507 1034 paraverit,

1937 1054 2401 1126 quemadmodum
2428 1064 2486 1111 et
2509 1055 2655 1111 Deus
2685 1063 2911 1110 terram.

2006 1230 2077 1286 Ut
2101 1244 2254 1299 apem
2285 1237 2510 1299 propter
2535 1230 2787 1285 aculeum
2811 1244 2922 1283 non
2952 1229 3139 1295 odisti,
3162 1228 3259 1284 sed
3286 1239 3510 1301 propter

1934 1322 2174 1378 fructum
2203 1322 2356 1377 foves
2383 1338 2447 1377 ac
2472 1321 2608 1376 colis
2643 1340 2658 1375 :
2694 1322 2775 1377 sic
2807 1331 2863 1377 et
2890 1322 3124 1375 amicum
3157 1337 3287 1377 cave
3314 1323 3509 1394 objur-

1935 1415 2169 1487 gationis
2193 1414 2489 1469 acerbitate
2512 1413 2758 1470 oii‘ensus
2783 1413 3073 1479 averseris,
3095 1412 3192 1468 sed
3213 1413 3378 1486 dilige
3398 1431 3507 1487 qua

1936 1517 1990 1563 te
2017 1506 2397 1562 benevolentia
2425 1507 2575 1561 colit.

2006 1598 2109 1665 Qui
2144 1598 2311 1652 rebus
2345 1598 2598 1653 tristibus
2630 1600 2864 1655 amicum
2900 1600 3129 1672 fugerit,
3154 1617 3334 1674 neque
3364 1599 3507 1657 laetis

1937 1705 2002 1746 ac
2030 1689 2137 1745 illis
2165 1690 2436 1762 gaudente
2466 1690 2666 1761 dignus
2693 1701 2777 1747 est
2806 1693 2993 1762 potiri.

2578 1825 2877 1881 Menandri.

1934 1936 2018 2008 Sic
2046 1938 2188 1991 decet
2216 1955 2421 2003 amare,
2448 1946 2506 1992 ut
2533 1940 2621 2008 qui
2644 1940 2761 1992 odio
2790 1940 3019 1995 habituri
3045 1941 3169 2007 sint,

1932 2006 2119 2078 Sicque
2146 2009 2344 2072 odisse,
2367 2017 2424 2062 ut
2454 2006 2668 2079 qui‘sint
2697 2013 2948 2065 amaturi.

1930 2078 2374 2149 gurumquidem
2403 2078 2523 2149 igne
2554 2079 2768 2149 probari
2799 2083 3081 2145 consuevit,

1931 2147 2351 2219 Benevolentiam
2372 2147 2501 2219 ivero
2526 2147 2651 2219 erga
2683 2152 2876 2203 amicos
2907 2159 3108 2219 tempus
3137 2148 3399 2219 explorat.

1933 2217 2035 2292 Qui
2058 2218 2524 2292 amicoadulntur,
2547 2217 2647 2289 quo
2675 2228 2903 2290 tempore
2930 2217 3115 2289 faustis
3142 2217 3291 2275 rebus
3314 2223 3501 2292 utitur,

1930 2288 1983 2343 Is
2014 2290 2260 2358 temporis
2291 2291 2489 2343 amicus
2521 2299 2618 2353 est,
2651 2306 2753 2343 non
2781 2288 2964 2345 'amici.

2003 2428 2214 2483 Incerti.
2247 2459 2317 2467 —
2351 2427 2523 2483 Veros
2557 2427 2765 2483 amicos
2803 2444 2872 2484 ne
2913 2429 3066 2500 prius
3104 2438 3313 2501 parato,
3340 2442 3506 2500 quam
3586 2437 3604 2459 ι

1930 2520 2095 2576 falsos
2121 2519 2417 2590 fugaveris.

2000 2612 2290 2681 Nunquam
2322 2612 2483 2681 vulgo
2514 2612 2734 2682 placere
2766 2613 2999 2683 expetii;
3034 2630 3158 2669 nam
3197 2613 3359 2685 550
3383 2628 3507 2684 qua:

1932 2701 2038 2756 illis
2061 2703 2300 2771 placent,
2321 2718 2430 2756 non
2457 2702 2625 2757 didici
2654 2720 2667 2756 :
2698 2719 2818 2773 quae
2843 2712 3027 2759 autem
3051 2704 3199 2770 novi,
3219 2704 3290 2759 ab
3312 2719 3507 2759 eorum

1931 2790 2089 2860 longe
2114 2790 2416 2845 abhorrent
2444 2792 2663 2846 animis.

1999 2880 2261 2935 Socrates.
2292 2911 2359 2921 —-
2388 2882 2493 2949 Qui
2527 2884 2858 2953 posthabitis
2895 2884 3193 2953 fratribus,
3220 2888 3359 2941 alios
3400 2885 3506 2941 sibi

1930 2974 2137 3028 amicos
2167 2983 2380 3044 parant,
2412 2975 2517 3030 illis
2546 2977 2754 3032 similes
2784 2988 2933 3042 sunt,
2961 2977 3055 3047 qui
3086 2994 3218 3048 agro
3244 2991 3347 3033 suo
3373 2975 3510 3033 reii-

1931 3077 2021 3123 cto
2049 3069 2289 3122 alienum
2325 3068 2536 3122 colunt.

2000 3159 2172 3215 Critii.
2200 3192 2271 3199 —
2302 3159 2406 3226 Qui
2441 3177 2566 3216 cum
2600 3161 2791 3216 amicis
2826 3162 2899 3217 ita
2930 3168 3204 3225 versatur,
3231 3166 3293 3214 ut
3323 3158 3509 3215 omnia

1927 3253 1995 3307 ad
2018 3253 2246 3324 gratiam
2272 3252 2453 3317 faciat,
2478 3253 2522 3307 is
2546 3262 2870 3323 pnesentem
2890 3254 3221 3324 voluptatem
3248 3252 3304 3307 in
3324 3260 3511 3325 postc-

1928 3360 2048 3398 rum
2074 3343 2418 3398 inimicitiam
2443 3343 2592 3399 facit.

1994 3454 2253 3527 Polywni.
2276 3486 2345 3497 -—
2370 3455 2490 3521 Quo
2516 3457 2673 3526 plura
2701 3458 2756 3510 in
2787 3456 3026 3511 amicum
3050 3455 3354 3512 contuleris
3379 3470 3507 3511 mu-

1925 3562 2081 3612 nera,
2104 3562 2172 3603 eo
2200 3546 2374 3617 magis
2400 3547 2516 3617 ipse
2544 3547 2654 3601 tuis
2678 3546 2987 3604 rationibus
3011 3550 3312 3605 studueris.
3330 3548 3509 3606 Vicis-

1927 3642 2031 3696 sim
2060 3638 2208 3695 enim
2237 3653 2431 3694 eorum
2462 3637 2531 3693 ad
2562 3653 2664 3693 nos
2688 3637 3071 3694 benevolentia
3098 3638 3417 3695 revertitur.

1997 3816 2225 3889 Cypseli.
2253 3848 2323 3857 —
2352 3815 2560 3871 Amicis
2590 3814 2737 3870 idem
2768 3822 2889 3871 esto
2917 3814 3113 3871 faustis
3140 3814 3311 3871 rebus
3337 3822 3507 3887 atque

1928 3909 2204 3964 infaustis.

1996 4001 2243 4071 Epicteti.
2277 4031 2347 4041 ——
2388 4000 2670 4071 Fugienda
2710 4000 2984 4055 malorum
3028 3997 3289 4064 amicitia,
3326 3997 3509 4053 bono-

1925 4108 2159 4162 rumque
2189 4092 2435 4148 cavenda
2465 4092 2780 4146 inimicitia.

1999 4184 2165 4240 Sexti.
2197 4218 2266 4225 —
2299 4186 2380 4241 Ne
2412 4185 2649 4239 amicum
2685 4184 2786 4239 tibi
2819 4184 3170 4251 adhibueris,
3195 4182 3289 4240 cui
3319 4178 3509 4239 omnia

1926 4294 2034 4333 non
2066 4277 2267 4333 credis.

1997 4366 2139 4438 Cyri.
2164 4398 2235 4406 —
2260 4366 2397 4422 Cum
2428 4368 2495 4423 ad
2524 4385 2651 4425 eum
2676 4367 2898 4439 quidam
2929 4365 3207 4437 ingentem
3235 4358 3507 4418 mundum

250 4453 443 4511 δέδωκε
474 4460 591 4522 τοῖς
640 4459 836 4528 φίλοις.
882 4462 1208 4532 Ἐρωτηθεὶς
1263 4463 1340 4527 δὲ,
1394 4464 1535 4518 διατί
1575 4465 1674 4535 οὐχ
1719 4464 1822 4518 ὐπ-

1933 4459 2185 4524 misisset,
2207 4460 2399 4515 amicis
2432 4462 2644 4517 tribuit.
2669 4462 2917 4530 Cumque
2947 4475 3013 4513 ex
3042 4474 3109 4514 eo
3137 4461 3507 4526 quaereretur,

250 4548 487 4603 ελείπετο
520 4551 688 4621 αὐτῷ,
719 4551 821 4622 ἔφη
840 4571 853 4583 ·
886 4554 1006 4606 Ὅτι
1032 4553 1093 4606 τὸ
1121 4553 1219 4624 μὲν
1250 4554 1383 4625 ἐμὸν
1432 4555 1593 4625 σῶμα
1631 4556 1731 4609 οὐκ
1753 4554 1819 4609 ἂν

249 4638 461 4696 δύναιτο
486 4643 847 4708 πᾶσιτούτοις
860 4645 1183 4715 κοσμεῖσθαι
1211 4663 1224 4677 ·
1253 4648 1441 4715 φίλους
1465 4647 1523 4701 δὲ
1544 4664 1820 4717 κεκοσμη-

254 4734 441 4800 μένους
466 4735 632 4805 ὁρῶν,
673 4737 931 4807 μέγιστον
966 4738 1193 4808 ἐμαυτῷ
1255 4739 1459 4807 κόσμον
1491 4739 1818 4792 ἀποκεῖσθαι

250 4823 401 4890 δόξω.

316 4919 529 4986 Τίμων.
585 4946 658 4962 —-
715 4918 993 4990 Τίμων⁸ὁ
1044 4919 1470 4991 μισάνθρωπος,
1520 4920 1819 4993 ἐρωτηθεὶς

249 5001 381 5059 διατξ
415 5008 626 5072 πάντας
650 5008 972 5080 ἀνθρώπους
1008 5013 1177 5081 μισεῖ,
1210 5007 1353 5071 εἷπεσ
1392 5012 1537 5066 Διότι
1560 5014 1687 5078 τούς
1719 5014 1820 5085 μὲν

252 5100 518 5169 πονηροὺς
552 5100 792 5169 εὐλόγως
826 5104 1005 5174 μισῶ·
1064 5103 1193 5168 τοὺς
1236 5103 1294 5158 δὲ
1337 5103 1584 5174 λοιποὺς,
1635 5108 1719 5161 ὅτι
1754 5109 1817 5161 οὐ

253 5191 464 5257 μισοῦσι
490 5193 620 5257 τοὺς
646 5194 941 5267 πονηρούς.

320 5365 577 5435 Ῥωμύλ.
601 5400 673 5410 ——
709 5367 990 5440 Ῥωμύλος
1022 5370 1424 5443 ἐγκαλούμενος
1453 5374 1534 5428 ὅτι
1568 5378 1819 5446 πονηροῖς

254 5455 550 5527 ἀνθρώποις
569 5460 839 5528 σύνεστιν,
864 5462 990 5534 ἔφη’
1012 5465 1124 5519 Καὶ
1146 5468 1193 5518 οἱ
1220 5468 1393 5538 ἰατροὶ
1415 5470 1525 5531 τοῖς
1550 5470 1814 5523 νοσοῦσιν·

260 5548 362 5601 ἀλλ’
391 5551 547 5606 αὐτοὶ
575 5551 937 5621 ὑγιαίνουσιν.

328 5642 663 5715 Ἀντίγονος
708 5649 1027 5714 Βασιλεύς.
1067 5680 1135 5689 -
1155 5643 1321 5715 Οὗτος
1343 5650 1485 5705 θύων
1514 5658 1624 5716 τοῖς
1654 5652 1815 5717 θεοῖς,

259 5735 444 5807 ηὐχετο
476 5737 768 5808 φυλάττειν
824 5740 989 5793 αὐτὸν
1036 5741 1143 5795 ἀπὸ
1196 5742 1301 5796 τῶν
1330 5744 1628 5800 δοκούντων
1678 5741 1816 5799 εἶναι

1925 4566 2027 4605 cur
2066 4550 2187 4620 ejus
2226 4550 2329 4604 sibi
2374 4551 2513 4604 nihil
2558 4550 2896 4619 reliquisset,
2934 4548 3010 4602 ait
3055 4564 3068 4599 :
3120 4545 3259 4611 Quia
3303 4557 3509 4612 corpus

1925 4657 2106 4696 meum
2138 4640 2287 4695 omni
2316 4642 2419 4696 hoc
2450 4642 2657 4696 mundo
2687 4641 2871 4695 ornari
2902 4656 3013 4693 non
3044 4637 3217 4708 possit
3248 4654 3261 4688 :
3297 4635 3509 4690 amicos

1925 4744 2109 4790 autem
2159 4735 2291 4789 dum
2338 4752 2404 4790 eo
2454 4744 2678 4790 ornatos
2731 4735 2983 4798 intueor,
3027 4732 3324 4786 maximum
3368 4728 3504 4784 mihi

1925 4840 2174 4883 ornatum
2205 4828 2508 4900 repositum
2538 4844 2658 4884 esse
2686 4828 2962 4884 existimo.

1997 4919 2245 4973 Timonis.
2280 4951 2351 4959 ——
2391 4920 2589 4974 Timon
2643 4920 2754 4984 ille,
2787 4919 2881 4988 qui
2927 4917 2996 4972 ab
3042 4915 3170 4969 odio
3217 4912 3504 4966 hominum

1924 5004 2127 5062 Graecis
2169 5008 2353 5063 dictus
2396 5016 2481 5063 est
2521 5008 2959 5079 Μισάνθρωπος,
2994 5004 3363 5072 interrogatus
3405 5016 3506 5055 cur

1924 5117 2117 5156 omnes
2154 5102 2363 5157 odisset
2398 5102 2651 5155 homines
2692 5118 2703 5153 :
2743 5099 2903 5164 Quia,
2936 5096 3135 5166 inquit,
3164 5095 3361 5150 merito
3397 5095 3503 5148 im-

1925 5193 2131 5263 probos
2178 5193 2307 5261 odi;
2356 5193 2602 5261 reliquos
2649 5199 2857 5254 autem,
2888 5188 3017 5258 quia
3064 5187 3348 5259 improbos
3390 5202 3504 5242 non

1923 5286 2184 5342 oderunt.

1995 5379 2227 5433 Romuli.
2252 5410 2321 5418 ——
2351 5376 2641 5440 Romulus,
2667 5389 2793 5430 cum
2828 5374 2880 5427 ei
2917 5373 3138 5428 crimini
3172 5380 3502 5436 verteretur,

1925 5473 2071 5543 quod
2106 5488 2230 5527 cum
2267 5470 2536 5541 improbis
2558 5477 2873 5524 versaretur
2904 5485 2917 5521 :
2948 5467 3017 5521 Et
3049 5465 3273 5530 medici,
3302 5462 3501 5532 inquit,

1926 5580 2050 5621 cum
2076 5564 2328 5633 aegrotis;
2358 5562 2453 5617 sed
2480 5562 2580 5632 ipsi
2608 5561 2726 5616 sani
2750 5569 2902 5614 sunt.

1997 5656 2288 5726 Antigonus
2314 5670 2423 5708 rex.
2447 5686 2515 5694 -—
2544 5653 2646 5708 llic
2672 5668 2796 5706 cum
2822 5650 2932 5705 diis
2956 5648 3290 5708 immolaret,
3310 5642 3501 5698 orabat

1929 5760 1987 5801 ut
2034 5761 2091 5801 se
2142 5760 2171 5799 a
2219 5745 2489 5800 simulatis
2543 5741 2729 5798 amicis
2777 5747 3085 5796 servarent.
3133 5738 3498 5792 Percontautc
