  <div class='ocr_page' id='page_1' title='image "/cluster/home/n/w/nwhite01/storage/ocr_20150623/91/hvd.32044019208024/392.png"; bbox 0 0 4036 6278; ppageno 0'>
   <div class='ocr_carea' id='block_1_1' title="bbox 1578 324 2224 395">
    <p class='ocr_par' dir='ltr' id='par_1_1' title="bbox 1578 324 2224 395">
     <span class='ocr_line' id='line_1_1' title="bbox 1578 324 2224 395; baseline -0.02 0"><span class='ocrx_word' id='word_1_1' title='bbox 1578 332 1748 395; x_wconf 78' lang='lat' dir='ltr'><strong>LOCI</strong></span> <span class='ocrx_word' id='word_1_2' title='bbox 1788 324 2224 390; x_wconf 82' lang='lat' dir='ltr'><strong>COMMUNES.</strong></span> 
     </span>
    </p>
   </div>
   <div class='ocr_carea' id='block_1_2' title="bbox 3421 301 3531 367">
    <p class='ocr_par' dir='ltr' id='par_1_2' title="bbox 3421 301 3531 367">
     <span class='ocr_line' id='line_1_2' title="bbox 3421 301 3531 367; baseline -0.009 0"><span class='ocrx_word' id='word_1_3' title='bbox 3421 301 3531 367; x_wconf 77' lang='lat'><strong>766</strong></span> 
     </span>
    </p>
   </div>
   <div class='ocr_carea' id='block_1_3' title="bbox 347 424 1889 537">
    <p class='ocr_par' dir='ltr' id='par_1_3' title="bbox 347 451 1889 537">
     <span class='ocr_line' id='line_1_3' title="bbox 347 451 1889 537; baseline -0.021 1"><span class='ocrx_word' id='word_1_4' title='bbox 347 478 697 537; x_wconf 57' lang='grc' dir='ltr'><strong>Πασιλείου.</strong></span> <span class='ocrx_word' id='word_1_5' title='bbox 730 504 797 513; x_wconf 96' lang='grc'><strong><em>-</em></strong></span> <span class='ocrx_word' id='word_1_6' title='bbox 826 464 1145 533; x_wconf 81' lang='grc' dir='ltr'><strong>Πλεονεξίας</strong></span> <span class='ocrx_word' id='word_1_7' title='bbox 1180 455 1319 523; x_wconf 82' lang='grc' dir='ltr'><strong>εἶδος</strong></span> <span class='ocrx_word' id='word_1_8' title='bbox 1350 457 1411 510; x_wconf 78' lang='grc' dir='ltr'><strong>τὸ</strong></span> <span class='ocrx_word' id='word_1_9' title='bbox 1445 451 1848 527; x_wconf 83' lang='grc' dir='ltr'><strong>χαλεπώτατον,</strong></span> <span class='ocrx_word' id='word_1_10' title='bbox 1881 481 1889 505; x_wconf 66' lang='grc' dir='ltr'><em>Δ</em></span> 
     </span>
    </p>
   </div>
   <div class='ocr_carea' id='block_1_4' title="bbox 1994 424 3529 537">
    <p class='ocr_par' dir='ltr' id='par_1_4' title="bbox 2020 424 3529 501">
     <span class='ocr_line' id='line_1_4' title="bbox 2020 424 3529 501; baseline -0.014 -3"><span class='ocrx_word' id='word_1_11' title='bbox 2020 440 2232 499; x_wconf 80' lang='lat' dir='ltr'><strong>Basilii.</strong></span> <span class='ocrx_word' id='word_1_12' title='bbox 2257 454 2328 478; x_wconf 59' lang='lat'><strong>—-‘-</strong></span> <span class='ocrx_word' id='word_1_13' title='bbox 2350 432 2608 490; x_wconf 70' lang='lat' dir='ltr'><strong>Avaritiae</strong></span> <span class='ocrx_word' id='word_1_14' title='bbox 2631 443 2805 501; x_wconf 84' lang='lat' dir='ltr'><strong>genus</strong></span> <span class='ocrx_word' id='word_1_15' title='bbox 2833 424 3222 498; x_wconf 80' lang='lat' dir='ltr'><strong>gravissimum</strong></span> <span class='ocrx_word' id='word_1_16' title='bbox 3249 431 3354 489; x_wconf 92' lang='lat' dir='ltr'><strong>est,</strong></span> <span class='ocrx_word' id='word_1_17' title='bbox 3374 438 3442 478; x_wconf 88' lang='lat' dir='ltr'><strong>ne</strong></span> <span class='ocrx_word' id='word_1_18' title='bbox 3465 438 3529 478; x_wconf 85' lang='lat' dir='ltr'><strong>ea</strong></span> 
     </span>
    </p>
   </div>
   <div class='ocr_carea' id='block_1_5' title="bbox 272 543 1778 646">
    <p class='ocr_par' dir='ltr' id='par_1_5' title="bbox 272 543 1778 646">
     <span class='ocr_line' id='line_1_5' title="bbox 272 543 1778 646; baseline -0.023 -16"><span class='ocrx_word' id='word_1_19' title='bbox 272 577 429 646; x_wconf 77' lang='grc' dir='ltr'><strong>μήτε</strong></span> <span class='ocrx_word' id='word_1_20' title='bbox 460 571 567 625; x_wconf 83' lang='grc' dir='ltr'><strong>τῶν</strong></span> <span class='ocrx_word' id='word_1_21' title='bbox 593 562 968 638; x_wconf 80' lang='grc' dir='ltr'><strong>φθειρομένων</strong></span> <span class='ocrx_word' id='word_1_22' title='bbox 1003 553 1344 629; x_wconf 82' lang='grc' dir='ltr'><strong>μεταδιδόναι</strong></span> <span class='ocrx_word' id='word_1_23' title='bbox 1370 549 1482 610; x_wconf 71' lang='grc' dir='ltr'><strong>τδίς</strong></span> <span class='ocrx_word' id='word_1_24' title='bbox 1522 543 1778 598; x_wconf 78' lang='grc' dir='ltr'><strong>ἐνδεέσιν.</strong></span> 
     </span>
    </p>
   </div>
   <div class='ocr_carea' id='block_1_6' title="bbox 352 640 1674 723">
    <p class='ocr_par' dir='ltr' id='par_1_6' title="bbox 352 640 1674 723">
     <span class='ocr_line' id='line_1_6' title="bbox 352 640 1674 723; baseline -0.024 -2"><span class='ocrx_word' id='word_1_25' title='bbox 352 663 662 723; x_wconf 80' lang='grc' dir='ltr'><strong>Τοσούτους</strong></span> <span class='ocrx_word' id='word_1_26' title='bbox 693 657 922 715; x_wconf 82' lang='grc' dir='ltr'><strong>ἀδικεῖς,</strong></span> <span class='ocrx_word' id='word_1_27' title='bbox 950 652 1097 713; x_wconf 80' lang='grc' dir='ltr'><strong>ὅσοις</strong></span> <span class='ocrx_word' id='word_1_28' title='bbox 1128 645 1390 718; x_wconf 77' lang='grc' dir='ltr'><strong>παρέχειν</strong></span> <span class='ocrx_word' id='word_1_29' title='bbox 1415 640 1674 710; x_wconf 75' lang='grc' dir='ltr'><strong>ἠδύνασο.</strong></span> 
     </span>
    </p>
   </div>
   <div class='ocr_carea' id='block_1_7' title="bbox 348 727 1857 823">
    <p class='ocr_par' dir='ltr' id='par_1_7' title="bbox 348 727 1857 823">
     <span class='ocr_line' id='line_1_7' title="bbox 348 727 1857 823; baseline -0.024 -8"><span class='ocrx_word' id='word_1_30' title='bbox 348 757 676 823; x_wconf 71' lang='grc' dir='ltr'><strong>Θεολόγου.</strong></span> <span class='ocrx_word' id='word_1_31' title='bbox 702 781 773 791; x_wconf 91' lang='grc'><strong><em>-</em></strong></span> <span class='ocrx_word' id='word_1_32' title='bbox 810 747 885 801; x_wconf 78' lang='grc' dir='ltr'><strong>Τὸ</strong></span> <span class='ocrx_word' id='word_1_33' title='bbox 923 739 982 798; x_wconf 80' lang='grc' dir='ltr'><strong>εὖ</strong></span> <span class='ocrx_word' id='word_1_34' title='bbox 1017 743 1191 805; x_wconf 85' lang='grc' dir='ltr'><strong>ποεῖν,</strong></span> <span class='ocrx_word' id='word_1_35' title='bbox 1219 738 1315 791; x_wconf 80' lang='grc' dir='ltr'><strong>τού</strong></span> <span class='ocrx_word' id='word_1_36' title='bbox 1342 735 1577 804; x_wconf 81' lang='grc' dir='ltr'>πάσχειν</span> <span class='ocrx_word' id='word_1_37' title='bbox 1602 727 1857 802; x_wconf 88' lang='grc' dir='ltr'><strong>τιμιώτε-</strong></span> 
     </span>
    </p>
   </div>
   <div class='ocr_carea' id='block_1_8' title="bbox 280 825 1617 923">
    <p class='ocr_par' dir='ltr' id='par_1_8' title="bbox 280 825 1617 923">
     <span class='ocr_line' id='line_1_8' title="bbox 280 825 1617 923; baseline -0.022 -17"><span class='ocrx_word' id='word_1_38' title='bbox 280 869 403 923; x_wconf 89' lang='grc' dir='ltr'><strong>ρον,</strong></span> <span class='ocrx_word' id='word_1_39' title='bbox 440 848 539 903; x_wconf 65' lang='grc' dir='ltr'><strong>καὶ</strong></span> <span class='ocrx_word' id='word_1_40' title='bbox 572 834 1165 914; x_wconf 79' lang='grc' dir='ltr'><strong>περισπουδαστότερον</strong></span> <span class='ocrx_word' id='word_1_41' title='bbox 1194 828 1425 901; x_wconf 73' lang='grc' dir='ltr'><strong>κέρδους</strong></span> <span class='ocrx_word' id='word_1_42' title='bbox 1448 825 1617 888; x_wconf 75' lang='grc' dir='ltr'><strong>ἕλεος.</strong></span> 
     </span>
    </p>
   </div>
   <div class='ocr_carea' id='block_1_9' title="bbox 355 997 1861 1099">
    <p class='ocr_par' dir='ltr' id='par_1_9' title="bbox 355 997 1861 1099">
     <span class='ocr_line' id='line_1_9' title="bbox 355 997 1861 1099; baseline -0.022 -16"><span class='ocrx_word' id='word_1_43' title='bbox 355 1031 408 1083; x_wconf 77' lang='grc' dir='ltr'>Ι(</span> <span class='ocrx_word' id='word_1_44' title='bbox 420 1028 630 1099; x_wconf 83' lang='grc' dir='ltr'><strong>ρεῖττον</strong></span> <span class='ocrx_word' id='word_1_45' title='bbox 650 1019 859 1093; x_wconf 75' lang='grc' dir='ltr'><strong>μυρίων</strong></span> <span class='ocrx_word' id='word_1_46' title='bbox 875 1014 1083 1069; x_wconf 84' lang='grc' dir='ltr'><strong>παίδων</strong></span> <span class='ocrx_word' id='word_1_47' title='bbox 1099 1008 1313 1079; x_wconf 72' lang='grc' dir='ltr'><strong>πατέρα</strong></span> <span class='ocrx_word' id='word_1_48' title='bbox 1336 997 1861 1077; x_wconf 77' lang='grc' dir='ltr'><strong>προσαγορεύεσθαι,</strong></span> 
     </span>
    </p>
   </div>
   <div class='ocr_carea' id='block_1_10' title="bbox 281 1089 1863 1192">
    <p class='ocr_par' dir='ltr' id='par_1_10' title="bbox 281 1089 1863 1192">
     <span class='ocr_line' id='line_1_10' title="bbox 281 1089 1863 1192; baseline -0.021 -17"><span class='ocrx_word' id='word_1_49' title='bbox 281 1122 321 1191; x_wconf 80' lang='grc' dir='ltr'>ἢ</span> <span class='ocrx_word' id='word_1_50' title='bbox 358 1089 593 1192; x_wconf 73' lang='grc' dir='ltr'><strong>μύρίους</strong></span> <span class='ocrx_word' id='word_1_51' title='bbox 628 1089 901 1181; x_wconf 82' lang='grc' dir='ltr'><strong>στατῆρας</strong></span> <span class='ocrx_word' id='word_1_52' title='bbox 930 1106 1076 1177; x_wconf 74' lang='grc' dir='ltr'><strong>ἔχειν</strong></span> <span class='ocrx_word' id='word_1_53' title='bbox 1104 1105 1161 1156; x_wconf 80' lang='grc' dir='ltr'><strong>ὲν</strong></span> <span class='ocrx_word' id='word_1_54' title='bbox 1191 1098 1479 1172; x_wconf 81' lang='grc' dir='ltr'><strong>βαλαντίῳ.</strong></span> <span class='ocrx_word' id='word_1_55' title='bbox 1510 1094 1593 1147; x_wconf 84' lang='grc' dir='ltr'>Τὰ</span> <span class='ocrx_word' id='word_1_56' title='bbox 1624 1092 1722 1163; x_wconf 82' lang='grc' dir='ltr'><strong>μὲν</strong></span> <span class='ocrx_word' id='word_1_57' title='bbox 1753 1089 1863 1160; x_wconf 83' lang='grc' dir='ltr'><strong>γὰρ</strong></span> 
     </span>
    </p>
   </div>
   <div class='ocr_carea' id='block_1_11' title="bbox 287 1184 1859 1283">
    <p class='ocr_par' dir='ltr' id='par_1_11' title="bbox 287 1184 1859 1283">
     <span class='ocr_line' id='line_1_11' title="bbox 287 1184 1859 1283; baseline -0.024 -14"><span class='ocrx_word' id='word_1_58' title='bbox 287 1184 560 1283; x_wconf 74' lang='grc' dir='ltr'><strong>ματα</strong></span> <span class='ocrx_word' id='word_1_59' title='bbox 589 1201 938 1271; x_wconf 76' lang='grc' dir='ltr'><strong>καταλείψεις</strong></span> <span class='ocrx_word' id='word_1_60' title='bbox 970 1194 1229 1257; x_wconf 63' lang='grc' dir='ltr'><strong>ἐνταῦθα,</strong></span> <span class='ocrx_word' id='word_1_61' title='bbox 1260 1191 1358 1245; x_wconf 72' lang='grc' dir='ltr'><strong>καὶ</strong></span> <span class='ocrx_word' id='word_1_62' title='bbox 1389 1188 1463 1259; x_wconf 77' lang='grc' dir='ltr'><strong>μὴ</strong></span> <span class='ocrx_word' id='word_1_63' title='bbox 1482 1184 1821 1257; x_wconf 77' lang='grc' dir='ltr'><strong>βουλόμενος</strong></span> <span class='ocrx_word' id='word_1_64' title='bbox 1845 1197 1859 1211; x_wconf 76' lang='grc' dir='ltr'><strong><em>ο</em></strong></span> 
     </span>
    </p>
   </div>
   <div class='ocr_carea' id='block_1_12' title="bbox 286 1276 1867 1376">
    <p class='ocr_par' dir='ltr' id='par_1_12' title="bbox 286 1276 1867 1376">
     <span class='ocr_line' id='line_1_12' title="bbox 286 1276 1867 1376; baseline -0.02 -15"><span class='ocrx_word' id='word_1_65' title='bbox 509 1303 602 1355; x_wconf 69' lang='grc' dir='ltr'><strong>ἐπὶ</strong></span> <span class='ocrx_word' id='word_1_66' title='bbox 632 1301 745 1363; x_wconf 85' lang='grc' dir='ltr'><strong>τοῖς</strong></span> <span class='ocrx_word' id='word_1_67' title='bbox 776 1295 1003 1367; x_wconf 75' lang='grc' dir='ltr'><strong>ἀγαθοῖς</strong></span> <span class='ocrx_word' id='word_1_68' title='bbox 1033 1292 1215 1364; x_wconf 73' lang='grc' dir='ltr'><strong>ἔργοις</strong></span> <span class='ocrx_word' id='word_1_69' title='bbox 1249 1282 1562 1356; x_wconf 77' lang='grc' dir='ltr'><strong>φιλοτιμίαν</strong></span> <span class='ocrx_word' id='word_1_70' title='bbox 1594 1276 1867 1349; x_wconf 80' lang='grc' dir='ltr'><strong>ἀποκομί-</strong></span> 
     </span>
    </p>
   </div>
   <div class='ocr_carea' id='block_1_13' title="bbox 289 1368 1861 1465">
    <p class='ocr_par' dir='ltr' id='par_1_13' title="bbox 289 1368 1861 1465">
     <span class='ocr_line' id='line_1_13' title="bbox 289 1368 1861 1465; baseline -0.018 -15"><span class='ocrx_word' id='word_1_71' title='bbox 289 1368 411 1459; x_wconf 71' lang='grc' dir='ltr'><strong>σείς</strong></span> <span class='ocrx_word' id='word_1_72' title='bbox 434 1394 574 1465; x_wconf 76' lang='grc' dir='ltr'><strong>πρὸς</strong></span> <span class='ocrx_word' id='word_1_73' title='bbox 601 1390 693 1445; x_wconf 80' lang='grc' dir='ltr'><strong>τὸν</strong></span> <span class='ocrx_word' id='word_1_74' title='bbox 722 1386 1026 1457; x_wconf 84' lang='grc' dir='ltr'><strong>Δεσπότην’</strong></span> <span class='ocrx_word' id='word_1_75' title='bbox 1060 1383 1191 1435; x_wconf 84' lang='grc' dir='ltr'><strong>ὅταν</strong></span> <span class='ocrx_word' id='word_1_76' title='bbox 1238 1379 1411 1449; x_wconf 82' lang='grc' dir='ltr'><strong>δῆμος</strong></span> <span class='ocrx_word' id='word_1_77' title='bbox 1445 1374 1565 1437; x_wconf 81' lang='grc' dir='ltr'><strong>ὅλος</strong></span> <span class='ocrx_word' id='word_1_78' title='bbox 1619 1371 1715 1426; x_wconf 73' lang='grc' dir='ltr'><strong>ἐπὶ</strong></span> <span class='ocrx_word' id='word_1_79' title='bbox 1765 1368 1861 1424; x_wconf 82' lang='grc' dir='ltr'><strong>τοῦ</strong></span> 
     </span>
    </p>
   </div>
   <div class='ocr_carea' id='block_1_14' title="bbox 291 1464 1870 1556">
    <p class='ocr_par' dir='ltr' id='par_1_14' title="bbox 291 1464 1870 1556">
     <span class='ocr_line' id='line_1_14' title="bbox 291 1464 1870 1556; baseline -0.018 -14"><span class='ocrx_word' id='word_1_80' title='bbox 291 1464 489 1542; x_wconf 65' lang='grc' dir='ltr'><strong>κοινοῦ</strong></span> <span class='ocrx_word' id='word_1_81' title='bbox 532 1482 736 1556; x_wconf 83' lang='grc' dir='ltr'><strong>Κριτοῦ</strong></span> <span class='ocrx_word' id='word_1_82' title='bbox 771 1477 1138 1551; x_wconf 84' lang='grc' dir='ltr'><strong>παριστάντες</strong></span> <span class='ocrx_word' id='word_1_83' title='bbox 1166 1490 1246 1537; x_wconf 92' lang='grc' dir='ltr'><strong>σε,</strong></span> <span class='ocrx_word' id='word_1_84' title='bbox 1275 1468 1480 1541; x_wconf 79' lang='grc' dir='ltr'><strong>τροφέα</strong></span> <span class='ocrx_word' id='word_1_85' title='bbox 1505 1466 1600 1520; x_wconf 61' lang='grc' dir='ltr'><strong>καὶ⁵</strong></span> <span class='ocrx_word' id='word_1_86' title='bbox 1648 1464 1870 1535; x_wconf 78' lang='grc' dir='ltr'><strong>εὐεργέ-</strong></span> 
     </span>
    </p>
   </div>
   <div class='ocr_carea' id='block_1_15' title="bbox 1532 1557 1545 1571">
    <p class='ocr_par' dir='ltr' id='par_1_15' title="bbox 1532 1557 1545 1571">
     <span class='ocr_line' id='line_1_15' title="bbox 1532 1557 1545 1571; baseline 0 0"><span class='ocrx_word' id='word_1_87' title='bbox 1532 1557 1545 1571; x_wconf 67' lang='grc' dir='ltr'>Ο</span> 
     </span>
    </p>
   </div>
   <div class='ocr_carea' id='block_1_16' title="bbox 292 1552 1870 1645">
    <p class='ocr_par' dir='ltr' id='par_1_16' title="bbox 292 1552 1870 1645">
     <span class='ocr_line' id='line_1_16' title="bbox 292 1552 1870 1645; baseline -0.017 -14"><span class='ocrx_word' id='word_1_88' title='bbox 292 1596 419 1645; x_wconf 83' lang='grc' dir='ltr'><strong>την,</strong></span> <span class='ocrx_word' id='word_1_89' title='bbox 455 1574 554 1629; x_wconf 78' lang='grc' dir='ltr'><strong>καὶ</strong></span> <span class='ocrx_word' id='word_1_90' title='bbox 586 1552 779 1641; x_wconf 76' lang='grc' dir='ltr'><strong>πάντα</strong></span> <span class='ocrx_word' id='word_1_91' title='bbox 821 1568 891 1623; x_wconf 84' lang='grc' dir='ltr'><strong>τὰ</strong></span> <span class='ocrx_word' id='word_1_92' title='bbox 933 1566 1035 1636; x_wconf 85' lang='grc' dir='ltr'><strong>τῆς</strong></span> <span class='ocrx_word' id='word_1_93' title='bbox 1076 1558 1484 1635; x_wconf 81' lang='grc' dir='ltr'><strong>φιλανθρωπίας</strong></span> <span class='ocrx_word' id='word_1_94' title='bbox 1521 1552 1870 1611; x_wconf 68' lang='grc' dir='ltr'><strong>ἀποκαλιῖωιν</strong></span> 
     </span>
    </p>
   </div>
   <div class='ocr_carea' id='block_1_17' title="bbox 298 1741 1869 1833">
    <p class='ocr_par' dir='ltr' id='par_1_17' title="bbox 298 1741 1869 1833">
     <span class='ocr_line' id='line_1_17' title="bbox 298 1741 1869 1833; baseline -0.017 -17"><span class='ocrx_word' id='word_1_95' title='bbox 298 1780 373 1833; x_wconf 75' lang='grc' dir='ltr'><strong>φη</strong></span> <span class='ocrx_word' id='word_1_96' title='bbox 384 1760 648 1832; x_wconf 79' lang='grc' dir='ltr'><strong>μοῦντεςο</strong></span> <span class='ocrx_word' id='word_1_97' title='bbox 672 1758 721 1810; x_wconf 82' lang='grc' dir='ltr'><strong>οἱ</strong></span> <span class='ocrx_word' id='word_1_98' title='bbox 750 1755 860 1809; x_wconf 82' lang='grc' dir='ltr'><strong>ἀπὸ</strong></span> <span class='ocrx_word' id='word_1_99' title='bbox 885 1751 1118 1811; x_wconf 75' lang='grc' dir='ltr'><strong>κτίσεως</strong></span> <span class='ocrx_word' id='word_1_100' title='bbox 1146 1747 1423 1819; x_wconf 83' lang='grc' dir='ltr'><strong>ἄνθρωποι</strong></span> <span class='ocrx_word' id='word_1_101' title='bbox 1448 1741 1869 1814; x_wconf 75' lang='grc' dir='ltr'><strong>μακαρίζοντεςο</strong></span> 
     </span>
    </p>
   </div>
   <div class='ocr_carea' id='block_1_18' title="bbox 298 1830 1873 1920">
    <p class='ocr_par' dir='ltr' id='par_1_18' title="bbox 298 1830 1873 1920">
     <span class='ocr_line' id='line_1_18' title="bbox 298 1830 1873 1920; baseline -0.016 -12"><span class='ocrx_word' id='word_1_102' title='bbox 298 1853 433 1920; x_wconf 76' lang='grc' dir='ltr'><strong>δόξα</strong></span> <span class='ocrx_word' id='word_1_103' title='bbox 469 1850 707 1914; x_wconf 72' lang='grc' dir='ltr'><strong>αἰώνιος,</strong></span> <span class='ocrx_word' id='word_1_104' title='bbox 765 1846 1021 1915; x_wconf 81' lang='grc' dir='ltr'><strong>στέφανοι</strong></span> <span class='ocrx_word' id='word_1_105' title='bbox 1068 1838 1439 1909; x_wconf 80' lang='grc' dir='ltr'><strong>δικαιοσύνης,</strong></span> <span class='ocrx_word' id='word_1_106' title='bbox 1488 1832 1734 1907; x_wconf 84' lang='grc' dir='ltr'><strong>βασιλεία</strong></span> <span class='ocrx_word' id='word_1_107' title='bbox 1765 1830 1873 1885; x_wconf 82' lang='grc' dir='ltr'><strong>τῶν</strong></span> 
     </span>
    </p>
   </div>
   <div class='ocr_carea' id='block_1_19' title="bbox 297 1937 1063 2017">
    <p class='ocr_par' dir='ltr' id='par_1_19' title="bbox 297 1937 1063 2017">
     <span class='ocr_line' id='line_1_19' title="bbox 297 1937 1063 2017; baseline -0.009 -19"><span class='ocrx_word' id='word_1_108' title='bbox 297 1943 551 2017; x_wconf 74' lang='grc' dir='ltr'><strong>οὐρανῶν</strong></span> <span class='ocrx_word' id='word_1_109' title='bbox 575 1938 739 2004; x_wconf 80' lang='grc' dir='ltr'><strong>ἆθλός</strong></span> <span class='ocrx_word' id='word_1_110' title='bbox 765 1955 850 1993; x_wconf 88' lang='grc' dir='ltr'><strong>σοι</strong></span> <span class='ocrx_word' id='word_1_111' title='bbox 883 1937 1063 1991; x_wconf 78' lang='grc' dir='ltr'><strong>ἔσται.</strong></span> 
     </span>
    </p>
   </div>
   <div class='ocr_carea' id='block_1_20' title="bbox 376 2195 1878 2281">
    <p class='ocr_par' dir='ltr' id='par_1_20' title="bbox 376 2195 1878 2281">
     <span class='ocr_line' id='line_1_20' title="bbox 376 2195 1878 2281; baseline -0.011 -16"><span class='ocrx_word' id='word_1_112' title='bbox 376 2207 819 2281; x_wconf 77' lang='grc' dir='ltr'><strong>Σκορπιζόμενος</strong></span> <span class='ocrx_word' id='word_1_113' title='bbox 846 2205 876 2259; x_wconf 85' lang='grc' dir='ltr'><strong>ό</strong></span> <span class='ocrx_word' id='word_1_114' title='bbox 909 2201 1163 2267; x_wconf 84' lang='grc' dir='ltr'><strong>πλοῦτος,</strong></span> <span class='ocrx_word' id='word_1_115' title='bbox 1207 2200 1329 2256; x_wconf 74' lang='grc' dir='ltr'><strong>καθ’</strong></span> <span class='ocrx_word' id='word_1_116' title='bbox 1363 2199 1423 2254; x_wconf 80' lang='grc' dir='ltr'><strong>ὃν</strong></span> <span class='ocrx_word' id='word_1_117' title='bbox 1460 2200 1490 2251; x_wconf 78' lang='grc' dir='ltr'><strong>ὁ</strong></span> <span class='ocrx_word' id='word_1_118' title='bbox 1526 2195 1731 2269; x_wconf 83' lang='grc' dir='ltr'><strong>Κύριος</strong></span> <span class='ocrx_word' id='word_1_119' title='bbox 1756 2197 1878 2252; x_wconf 78' lang='grc' dir='ltr'><strong>επι-</strong></span> 
     </span>
    </p>
   </div>
   <div class='ocr_carea' id='block_1_21' title="bbox 1955 518 3142 609">
    <p class='ocr_par' dir='ltr' id='par_1_21' title="bbox 1955 518 3142 609">
     <span class='ocr_line' id='line_1_21' title="bbox 1955 518 3142 609; baseline -0.017 -17"><span class='ocrx_word' id='word_1_120' title='bbox 1955 536 2179 609; x_wconf 91' lang='lat' dir='ltr'><strong>quidem</strong></span> <span class='ocrx_word' id='word_1_121' title='bbox 2207 545 2330 602; x_wconf 63' lang='lat' dir='ltr'><strong>qua:</strong></span> <span class='ocrx_word' id='word_1_122' title='bbox 2356 533 2597 599; x_wconf 89' lang='lat' dir='ltr'><strong>pereunt</strong></span> <span class='ocrx_word' id='word_1_123' title='bbox 2620 521 2815 593; x_wconf 72' lang='lat' dir='ltr'><strong>egenis</strong></span> <span class='ocrx_word' id='word_1_124' title='bbox 2844 518 3142 589; x_wconf 88' lang='lat' dir='ltr'><strong>impartiri.</strong></span> 
     </span>
    </p>
   </div>
   <div class='ocr_carea' id='block_1_22' title="bbox 2026 608 3252 695">
    <p class='ocr_par' dir='ltr' id='par_1_22' title="bbox 2026 608 3252 695">
     <span class='ocr_line' id='line_1_22' title="bbox 2026 608 3252 695; baseline -0.017 -13"><span class='ocrx_word' id='word_1_125' title='bbox 2026 628 2132 683; x_wconf 91' lang='lat' dir='ltr'><strong>Tot</strong></span> <span class='ocrx_word' id='word_1_126' title='bbox 2158 621 2365 695; x_wconf 79' lang='lat' dir='ltr'><strong>injuria</strong></span> <span class='ocrx_word' id='word_1_127' title='bbox 2392 616 2592 681; x_wconf 75' lang='lat' dir='ltr'><strong>adicis,</strong></span> <span class='ocrx_word' id='word_1_128' title='bbox 2617 620 2755 685; x_wconf 92' lang='lat' dir='ltr'><strong>quot</strong></span> <span class='ocrx_word' id='word_1_129' title='bbox 2780 611 2969 683; x_wconf 77' lang='lat' dir='ltr'><strong>largiri</strong></span> <span class='ocrx_word' id='word_1_130' title='bbox 3000 608 3252 680; x_wconf 91' lang='lat' dir='ltr'><strong>potuisti.</strong></span> 
     </span>
    </p>
   </div>
   <div class='ocr_carea' id='block_1_23' title="bbox 2026 702 3531 786">
    <p class='ocr_par' dir='ltr' id='par_1_23' title="bbox 2026 702 3531 786">
     <span class='ocr_line' id='line_1_23' title="bbox 2026 702 3531 786; baseline -0.015 -14"><span class='ocrx_word' id='word_1_131' title='bbox 2026 714 2290 786; x_wconf 78' lang='lat' dir='ltr'><strong>Theologi.</strong></span> <span class='ocrx_word' id='word_1_132' title='bbox 2331 741 2403 752; x_wconf 93' lang='lat'><strong>—-</strong></span> <span class='ocrx_word' id='word_1_133' title='bbox 2448 708 2705 766; x_wconf 83' lang='lat' dir='ltr'><strong>Nobilius</strong></span> <span class='ocrx_word' id='word_1_134' title='bbox 2744 712 2829 761; x_wconf 89' lang='lat' dir='ltr'><strong>est</strong></span> <span class='ocrx_word' id='word_1_135' title='bbox 2873 702 3205 759; x_wconf 80' lang='lat' dir='ltr'><strong>beneﬁcium</strong></span> <span class='ocrx_word' id='word_1_136' title='bbox 3248 707 3531 770; x_wconf 65' lang='lat' dir='ltr'><strong>praestare,</strong></span> 
     </span>
    </p>
   </div>
   <div class='ocr_carea' id='block_1_24' title="bbox 1959 793 3538 881">
    <p class='ocr_par' dir='ltr' id='par_1_24' title="bbox 1959 793 3538 881">
     <span class='ocr_line' id='line_1_24' title="bbox 1959 793 3538 881; baseline -0.014 -16"><span class='ocrx_word' id='word_1_137' title='bbox 1959 823 2127 881; x_wconf 88' lang='lat' dir='ltr'><strong>quam</strong></span> <span class='ocrx_word' id='word_1_138' title='bbox 2161 806 2447 876; x_wconf 83' lang='lat' dir='ltr'><strong>accipere;</strong></span> <span class='ocrx_word' id='word_1_139' title='bbox 2489 798 2958 872; x_wconf 80' lang='lat' dir='ltr'><strong>expetibiliorque</strong></span> <span class='ocrx_word' id='word_1_140' title='bbox 2995 796 3152 852; x_wconf 91' lang='lat' dir='ltr'><strong>lucro</strong></span> <span class='ocrx_word' id='word_1_141' title='bbox 3189 793 3538 861; x_wconf 81' lang='lat' dir='ltr'><strong>eleemosyna</strong></span> 
     </span>
    </p>
   </div>
   <div class='ocr_carea' id='block_1_25' title="bbox 1960 908 2064 956">
    <p class='ocr_par' dir='ltr' id='par_1_25' title="bbox 1960 908 2064 956">
     <span class='ocr_line' id='line_1_25' title="bbox 1960 908 2064 956; baseline -0.038 0"><span class='ocrx_word' id='word_1_142' title='bbox 1960 908 2064 956; x_wconf 88' lang='lat' dir='ltr'><strong>est.</strong></span> 
     </span>
    </p>
   </div>
   <div class='ocr_carea' id='block_1_26' title="bbox 2032 978 3541 1047">
    <p class='ocr_par' dir='ltr' id='par_1_26' title="bbox 2032 978 3541 1047">
     <span class='ocr_line' id='line_1_26' title="bbox 2032 978 3541 1047; baseline -0.015 -1"><span class='ocrx_word' id='word_1_143' title='bbox 2032 992 2262 1047; x_wconf 67' lang='lat' dir='ltr'><strong>Pmtat</strong></span> <span class='ocrx_word' id='word_1_144' title='bbox 2298 982 2688 1042; x_wconf 81' lang='lat' dir='ltr'><strong>innumerabili</strong></span> <span class='ocrx_word' id='word_1_145' title='bbox 2732 980 2924 1037; x_wconf 89' lang='lat' dir='ltr'><strong>sobole</strong></span> <span class='ocrx_word' id='word_1_146' title='bbox 2984 978 3286 1034; x_wconf 90' lang='lat' dir='ltr'><strong>liberorum</strong></span> <span class='ocrx_word' id='word_1_147' title='bbox 3328 981 3541 1044; x_wconf 78' lang='lat' dir='ltr'><strong>patrem</strong></span> 
     </span>
    </p>
   </div>
   <div class='ocr_carea' id='block_1_27' title="bbox 1961 1065 3547 1150">
    <p class='ocr_par' dir='ltr' id='par_1_27' title="bbox 1961 1065 3547 1150">
     <span class='ocr_line' id='line_1_27' title="bbox 1961 1065 3547 1150; baseline -0.015 -10"><span class='ocrx_word' id='word_1_148' title='bbox 1961 1082 2216 1147; x_wconf 84' lang='lat' dir='ltr'><strong>vocitari,</strong></span> <span class='ocrx_word' id='word_1_149' title='bbox 2244 1094 2407 1150; x_wconf 89' lang='lat' dir='ltr'><strong>quam</strong></span> <span class='ocrx_word' id='word_1_150' title='bbox 2438 1089 2673 1131; x_wconf 91' lang='lat' dir='ltr'><strong>numero</strong></span> <span class='ocrx_word' id='word_1_151' title='bbox 2702 1072 3021 1143; x_wconf 90' lang='lat' dir='ltr'><strong>superiores</strong></span> <span class='ocrx_word' id='word_1_152' title='bbox 3048 1076 3280 1123; x_wconf 86' lang='lat' dir='ltr'><strong>stateres</strong></span> <span class='ocrx_word' id='word_1_153' title='bbox 3311 1065 3366 1118; x_wconf 89' lang='lat' dir='ltr'><strong>in</strong></span> <span class='ocrx_word' id='word_1_154' title='bbox 3394 1065 3547 1118; x_wconf 90' lang='lat' dir='ltr'><strong>locu-</strong></span> 
     </span>
    </p>
   </div>
   <div class='ocr_carea' id='block_1_28' title="bbox 1963 1157 3546 1239">
    <p class='ocr_par' dir='ltr' id='par_1_28' title="bbox 1963 1157 3546 1239">
     <span class='ocr_line' id='line_1_28' title="bbox 1963 1157 3546 1239; baseline -0.013 -8"><span class='ocrx_word' id='word_1_155' title='bbox 1963 1176 2035 1231; x_wconf 88' lang='lat' dir='ltr'><strong>lis</strong></span> <span class='ocrx_word' id='word_1_156' title='bbox 2062 1174 2289 1229; x_wconf 86' lang='lat' dir='ltr'><strong>habere.</strong></span> <span class='ocrx_word' id='word_1_157' title='bbox 2316 1170 2453 1226; x_wconf 85' lang='lat' dir='ltr'><strong>Nam</strong></span> <span class='ocrx_word' id='word_1_158' title='bbox 2484 1167 2775 1239; x_wconf 87' lang='lat' dir='ltr'><strong>pecunias,</strong></span> <span class='ocrx_word' id='word_1_159' title='bbox 2800 1163 2941 1219; x_wconf 86' lang='lat' dir='ltr'><strong>velis</strong></span> <span class='ocrx_word' id='word_1_160' title='bbox 2972 1161 3141 1225; x_wconf 90' lang='lat' dir='ltr'><strong>nolis,</strong></span> <span class='ocrx_word' id='word_1_161' title='bbox 3166 1174 3283 1213; x_wconf 80' lang='lat' dir='ltr'><strong>:evo</strong></span> <span class='ocrx_word' id='word_1_162' title='bbox 3315 1157 3421 1212; x_wconf 89' lang='lat' dir='ltr'><strong>hoc</strong></span> <span class='ocrx_word' id='word_1_163' title='bbox 3456 1172 3546 1211; x_wconf 89' lang='lat' dir='ltr'><strong>re-</strong></span> 
     </span>
    </p>
   </div>
   <div class='ocr_carea' id='block_1_29' title="bbox 1965 1248 3545 1338">
    <p class='ocr_par' dir='ltr' id='par_1_29' title="bbox 1965 1248 3545 1338">
     <span class='ocr_line' id='line_1_29' title="bbox 1965 1248 3545 1338; baseline -0.016 -12"><span class='ocrx_word' id='word_1_164' title='bbox 1965 1271 2186 1338; x_wconf 86' lang='lat' dir='ltr'><strong>linques</strong></span> <span class='ocrx_word' id='word_1_165' title='bbox 2213 1282 2228 1319; x_wconf 91' lang='lat'><strong>:</strong></span> <span class='ocrx_word' id='word_1_166' title='bbox 2258 1262 2489 1335; x_wconf 77' lang='lat' dir='ltr'><strong>gloriam</strong></span> <span class='ocrx_word' id='word_1_167' title='bbox 2513 1275 2647 1315; x_wconf 86' lang='lat' dir='ltr'><strong>vero</strong></span> <span class='ocrx_word' id='word_1_168' title='bbox 2674 1274 2740 1314; x_wconf 89' lang='lat' dir='ltr'><strong>ac</strong></span> <span class='ocrx_word' id='word_1_169' title='bbox 2767 1252 3227 1328; x_wconf 76' lang='lat' dir='ltr'><strong>magniﬁcentiam</strong></span> <span class='ocrx_word' id='word_1_170' title='bbox 3254 1248 3412 1320; x_wconf 81' lang='grc'><strong>552</strong></span> <span class='ocrx_word' id='word_1_171' title='bbox 3442 1248 3545 1301; x_wconf 92' lang='lat' dir='ltr'><strong>bo-</strong></span> 
     </span>
    </p>
   </div>
   <div class='ocr_carea' id='block_1_30' title="bbox 1967 1340 3546 1428">
    <p class='ocr_par' dir='ltr' id='par_1_30' title="bbox 1967 1340 3546 1428">
     <span class='ocr_line' id='line_1_30' title="bbox 1967 1340 3546 1428; baseline -0.016 -10"><span class='ocrx_word' id='word_1_172' title='bbox 1967 1375 2167 1418; x_wconf 92' lang='lat' dir='ltr'><strong>norum</strong></span> <span class='ocrx_word' id='word_1_173' title='bbox 2204 1370 2435 1428; x_wconf 89' lang='lat' dir='ltr'><strong>operum</strong></span> <span class='ocrx_word' id='word_1_174' title='bbox 2474 1352 2693 1408; x_wconf 79' lang='lat' dir='ltr'><strong>deferes</strong></span> <span class='ocrx_word' id='word_1_175' title='bbox 2724 1350 2793 1405; x_wconf 89' lang='lat' dir='ltr'><strong>ad</strong></span> <span class='ocrx_word' id='word_1_176' title='bbox 2830 1347 3158 1410; x_wconf 88' lang='lat' dir='ltr'><strong>Dominum;</strong></span> <span class='ocrx_word' id='word_1_177' title='bbox 3215 1351 3347 1397; x_wconf 86' lang='lat' dir='ltr'><strong>tunc</strong></span> <span class='ocrx_word' id='word_1_178' title='bbox 3380 1340 3546 1394; x_wconf 89' lang='lat' dir='ltr'><strong>nimi-</strong></span> 
     </span>
    </p>
   </div>
   <div class='ocr_carea' id='block_1_31' title="bbox 1968 1434 3549 1521">
    <p class='ocr_par' dir='ltr' id='par_1_31' title="bbox 1968 1434 3549 1521">
     <span class='ocr_line' id='line_1_31' title="bbox 1968 1434 3549 1521; baseline -0.016 -9"><span class='ocrx_word' id='word_1_179' title='bbox 1968 1472 2114 1521; x_wconf 87' lang='lat' dir='ltr'><strong>rum,</strong></span> <span class='ocrx_word' id='word_1_180' title='bbox 2144 1468 2271 1510; x_wconf 90' lang='lat' dir='ltr'><strong>cum</strong></span> <span class='ocrx_word' id='word_1_181' title='bbox 2303 1449 2484 1507; x_wconf 91' lang='lat' dir='ltr'><strong>omnis</strong></span> <span class='ocrx_word' id='word_1_182' title='bbox 2516 1445 2816 1502; x_wconf 87' lang='lat' dir='ltr'><strong>multitudo</strong></span> <span class='ocrx_word' id='word_1_183' title='bbox 2850 1442 2954 1499; x_wconf 89' lang='lat' dir='ltr'><strong>sub</strong></span> <span class='ocrx_word' id='word_1_184' title='bbox 2988 1438 3302 1497; x_wconf 88' lang='lat' dir='ltr'><strong>communis</strong></span> <span class='ocrx_word' id='word_1_185' title='bbox 3337 1434 3549 1492; x_wconf 83' lang='lat' dir='ltr'><strong>Judicis</strong></span> 
     </span>
    </p>
   </div>
   <div class='ocr_carea' id='block_1_32' title="bbox 1968 1527 3549 1622">
    <p class='ocr_par' dir='ltr' id='par_1_32' title="bbox 1968 1527 3549 1622">
     <span class='ocr_line' id='line_1_32' title="bbox 1968 1527 3549 1622; baseline -0.016 -16"><span class='ocrx_word' id='word_1_186' title='bbox 1968 1547 2261 1622; x_wconf 69' lang='lat' dir='ltr'><strong>pmsentia</strong></span> <span class='ocrx_word' id='word_1_187' title='bbox 2307 1541 2651 1607; x_wconf 83' lang='lat' dir='ltr'><strong>circumfusi,</strong></span> <span class='ocrx_word' id='word_1_188' title='bbox 2691 1549 2746 1595; x_wconf 89' lang='lat' dir='ltr'><strong>te</strong></span> <span class='ocrx_word' id='word_1_189' title='bbox 2778 1537 3029 1593; x_wconf 89' lang='lat' dir='ltr'><strong>ciborum</strong></span> <span class='ocrx_word' id='word_1_190' title='bbox 3074 1533 3421 1599; x_wconf 88' lang='lat' dir='ltr'><strong>aliorumque</strong></span> <span class='ocrx_word' id='word_1_191' title='bbox 3446 1527 3549 1581; x_wconf 89' lang='lat' dir='ltr'><strong>bo-</strong></span> 
     </span>
    </p>
   </div>
   <div class='ocr_carea' id='block_1_33' title="bbox 1972 1632 3551 1710">
    <p class='ocr_par' dir='ltr' id='par_1_33' title="bbox 1972 1632 3551 1710">
     <span class='ocr_line' id='line_1_33' title="bbox 1972 1632 3551 1710; baseline -0.016 -12"><span class='ocrx_word' id='word_1_192' title='bbox 1972 1656 2169 1698; x_wconf 91' lang='lat' dir='ltr'><strong>norum</strong></span> <span class='ocrx_word' id='word_1_193' title='bbox 2197 1651 2449 1710; x_wconf 88' lang='lat' dir='ltr'><strong>promum</strong></span> <span class='ocrx_word' id='word_1_194' title='bbox 2477 1632 2739 1698; x_wconf 80' lang='lat' dir='ltr'><strong>condam,</strong></span> <span class='ocrx_word' id='word_1_195' title='bbox 2782 1640 2842 1686; x_wconf 91' lang='lat' dir='ltr'><strong>et</strong></span> <span class='ocrx_word' id='word_1_196' title='bbox 2888 1639 3233 1699; x_wconf 59' lang='lat' dir='ltr'><strong>quascunque</strong></span> <span class='ocrx_word' id='word_1_197' title='bbox 3262 1634 3551 1693; x_wconf 80' lang='lat' dir='ltr'><strong>propensae</strong></span> 
     </span>
    </p>
   </div>
   <div class='ocr_carea' id='block_1_34' title="bbox 1972 1711 3551 1790">
    <p class='ocr_par' dir='ltr' id='par_1_34' title="bbox 1972 1711 3551 1790">
     <span class='ocr_line' id='line_1_34' title="bbox 1972 1711 3551 1790; baseline -0.016 -1"><span class='ocrx_word' id='word_1_198' title='bbox 1972 1729 2336 1789; x_wconf 86' lang='lat' dir='ltr'><strong>humanitatis</strong></span> <span class='ocrx_word' id='word_1_199' title='bbox 2358 1726 2585 1782; x_wconf 86' lang='lat' dir='ltr'><strong>nomina</strong></span> <span class='ocrx_word' id='word_1_200' title='bbox 2617 1731 2767 1787; x_wconf 86' lang='lat' dir='ltr'><strong>sunt,</strong></span> <span class='ocrx_word' id='word_1_201' title='bbox 2794 1718 3233 1790; x_wconf 82' lang='lat' dir='ltr'><strong>compellabunt;</strong></span> <span class='ocrx_word' id='word_1_202' title='bbox 3258 1715 3406 1769; x_wconf 86' lang='lat' dir='ltr'><strong>Deus</strong></span> <span class='ocrx_word' id='word_1_203' title='bbox 3432 1711 3551 1781; x_wconf 87' lang='lat' dir='ltr'><strong>pla-</strong></span> 
     </span>
    </p>
   </div>
   <div class='ocr_carea' id='block_1_35' title="bbox 1977 1805 3553 1891">
    <p class='ocr_par' dir='ltr' id='par_1_35' title="bbox 1977 1805 3553 1891">
     <span class='ocr_line' id='line_1_35' title="bbox 1977 1805 3553 1891; baseline -0.015 -11"><span class='ocrx_word' id='word_1_204' title='bbox 1977 1824 2098 1880; x_wconf 89' lang='lat' dir='ltr'><strong>cide</strong></span> <span class='ocrx_word' id='word_1_205' title='bbox 2140 1820 2364 1891; x_wconf 82' lang='lat' dir='ltr'><strong>habebit</strong></span> <span class='ocrx_word' id='word_1_206' title='bbox 2408 1833 2474 1874; x_wconf 89' lang='lat' dir='ltr'><strong>ac</strong></span> <span class='ocrx_word' id='word_1_207' title='bbox 2510 1815 2798 1886; x_wconf 87' lang='lat' dir='ltr'><strong>suscipiet,</strong></span> <span class='ocrx_word' id='word_1_208' title='bbox 2830 1812 3007 1884; x_wconf 77' lang='lat' dir='ltr'><strong>angeli</strong></span> <span class='ocrx_word' id='word_1_209' title='bbox 3047 1809 3264 1865; x_wconf 88' lang='lat' dir='ltr'><strong>cantico</strong></span> <span class='ocrx_word' id='word_1_210' title='bbox 3303 1805 3553 1860; x_wconf 83' lang='lat' dir='ltr'><strong>celebra-</strong></span> 
     </span>
    </p>
   </div>
   <div class='ocr_carea' id='block_1_36' title="bbox 1976 1895 3554 1984">
    <p class='ocr_par' dir='ltr' id='par_1_36' title="bbox 1976 1895 3554 1984">
     <span class='ocr_line' id='line_1_36' title="bbox 1976 1895 3554 1984; baseline -0.016 -12"><span class='ocrx_word' id='word_1_211' title='bbox 1976 1917 2137 1979; x_wconf 87' lang='lat' dir='ltr'><strong>bunt,</strong></span> <span class='ocrx_word' id='word_1_212' title='bbox 2167 1913 2263 1984; x_wconf 88' lang='lat' dir='ltr'><strong>qui</strong></span> <span class='ocrx_word' id='word_1_213' title='bbox 2296 1928 2328 1967; x_wconf 93' lang='lat' dir='ltr'><strong>a</strong></span> <span class='ocrx_word' id='word_1_214' title='bbox 2359 1908 2552 1966; x_wconf 85' lang='lat' dir='ltr'><strong>mundi</strong></span> <span class='ocrx_word' id='word_1_215' title='bbox 2590 1915 2717 1963; x_wconf 85' lang='lat' dir='ltr'><strong>ortu</strong></span> <span class='ocrx_word' id='word_1_216' title='bbox 2752 1903 3015 1960; x_wconf 84' lang='lat' dir='ltr'><strong>exstitere</strong></span> <span class='ocrx_word' id='word_1_217' title='bbox 3044 1899 3300 1955; x_wconf 88' lang='lat' dir='ltr'><strong>homines</strong></span> <span class='ocrx_word' id='word_1_218' title='bbox 3332 1895 3554 1959; x_wconf 77' lang='lat' dir='ltr'><strong>beatum</strong></span> 
     </span>
    </p>
   </div>
   <div class='ocr_carea' id='block_1_37' title="bbox 1977 1992 3555 2080">
    <p class='ocr_par' dir='ltr' id='par_1_37' title="bbox 1977 1992 3555 2080">
     <span class='ocr_line' id='line_1_37' title="bbox 1977 1992 3555 2080; baseline -0.016 -17"><span class='ocrx_word' id='word_1_219' title='bbox 1977 2005 2361 2080; x_wconf 63' lang='lat' dir='ltr'><strong>praedicabunt</strong></span> <span class='ocrx_word' id='word_1_220' title='bbox 2391 2019 2406 2057; x_wconf 90' lang='lat'><strong>:</strong></span> <span class='ocrx_word' id='word_1_221' title='bbox 2436 2001 2663 2058; x_wconf 82' lang='lat' dir='ltr'><strong>claritas</strong></span> <span class='ocrx_word' id='word_1_222' title='bbox 2690 2007 2918 2059; x_wconf 65' lang='lat' dir='ltr'><strong>aeterna,</strong></span> <span class='ocrx_word' id='word_1_223' title='bbox 2943 1992 3174 2065; x_wconf 66' lang='lat' dir='ltr'><strong>iustitiae</strong></span> <span class='ocrx_word' id='word_1_224' title='bbox 3206 2002 3435 2052; x_wconf 89' lang='lat' dir='ltr'><strong>corona,</strong></span> <span class='ocrx_word' id='word_1_225' title='bbox 3465 2000 3555 2040; x_wconf 89' lang='lat' dir='ltr'><strong>rc-</strong></span> 
     </span>
    </p>
   </div>
   <div class='ocr_carea' id='block_1_38' title="bbox 1977 2080 3361 2173">
    <p class='ocr_par' dir='ltr' id='par_1_38' title="bbox 1977 2080 3361 2173">
     <span class='ocr_line' id='line_1_38' title="bbox 1977 2080 3361 2173; baseline -0.014 -18"><span class='ocrx_word' id='word_1_226' title='bbox 1977 2114 2145 2173; x_wconf 74' lang='lat' dir='ltr'><strong>gnum</strong></span> <span class='ocrx_word' id='word_1_227' title='bbox 2170 2097 2460 2159; x_wconf 58' lang='lat' dir='ltr'><strong>calorum,</strong></span> <span class='ocrx_word' id='word_1_228' title='bbox 2486 2103 2577 2150; x_wconf 92' lang='lat' dir='ltr'><strong>tua</strong></span> <span class='ocrx_word' id='word_1_229' title='bbox 2604 2105 2820 2147; x_wconf 89' lang='lat' dir='ltr'><strong>merces</strong></span> <span class='ocrx_word' id='word_1_230' title='bbox 2846 2095 3015 2145; x_wconf 73' lang='lat' dir='ltr'><strong>erunt</strong></span> <span class='ocrx_word' id='word_1_231' title='bbox 3038 2093 3095 2142; x_wconf 88' lang='lat' dir='ltr'><strong>et</strong></span> <span class='ocrx_word' id='word_1_232' title='bbox 3116 2080 3361 2156; x_wconf 70' lang='lat' dir='ltr'><strong>prtemia.</strong></span> 
     </span>
    </p>
   </div>
   <div class='ocr_carea' id='block_1_39' title="bbox 2048 2174 3558 2256">
    <p class='ocr_par' dir='ltr' id='par_1_39' title="bbox 2048 2174 3558 2256">
     <span class='ocr_line' id='line_1_39' title="bbox 2048 2174 3558 2256; baseline -0.013 -9"><span class='ocrx_word' id='word_1_233' title='bbox 2048 2190 2264 2247; x_wconf 68' lang='lat' dir='ltr'><strong>Divitiae</strong></span> <span class='ocrx_word' id='word_1_234' title='bbox 2308 2188 2355 2244; x_wconf 88' lang='lat' dir='ltr'><strong>si</strong></span> <span class='ocrx_word' id='word_1_235' title='bbox 2403 2187 2822 2256; x_wconf 80' lang='lat' dir='ltr'><strong>dispergantur,</strong></span> <span class='ocrx_word' id='word_1_236' title='bbox 2878 2196 2989 2251; x_wconf 89' lang='lat' dir='ltr'><strong>qua</strong></span> <span class='ocrx_word' id='word_1_237' title='bbox 3033 2179 3247 2233; x_wconf 89' lang='lat' dir='ltr'><strong>ratione</strong></span> <span class='ocrx_word' id='word_1_238' title='bbox 3292 2174 3558 2230; x_wconf 87' lang='lat' dir='ltr'><strong>Dominus</strong></span> 
     </span>
    </p>
   </div>
   <div class='ocr_carea' id='block_1_40' title="bbox 302 2272 1889 2373">
    <p class='ocr_par' dir='ltr' id='par_1_40' title="bbox 302 2272 1880 2373">
     <span class='ocr_line' id='line_1_40' title="bbox 302 2272 1880 2373; baseline -0.01 -15"><span class='ocrx_word' id='word_1_239' title='bbox 302 2272 567 2359; x_wconf 72' lang='grc' dir='ltr'><strong>τάττεται</strong></span> <span class='ocrx_word' id='word_1_240' title='bbox 595 2272 820 2373; x_wconf 70' lang='grc' dir='ltr'><strong>τρόπον,</strong></span> <span class='ocrx_word' id='word_1_241' title='bbox 848 2296 1062 2367; x_wconf 82' lang='grc' dir='ltr'><strong>πέφυκε</strong></span> <span class='ocrx_word' id='word_1_242' title='bbox 1087 2292 1427 2365; x_wconf 81' lang='grc' dir='ltr'><strong>παραμένειν</strong></span> <span class='ocrx_word' id='word_1_243' title='bbox 1452 2307 1465 2321; x_wconf 92' lang='grc'><strong>·</strong></span> <span class='ocrx_word' id='word_1_244' title='bbox 1519 2289 1880 2361; x_wconf 80' lang='grc' dir='ltr'><strong>συνεχόμενος</strong></span> 
     </span>
    </p>
   </div>
   <div class='ocr_carea' id='block_1_41' title="bbox 1994 2272 3556 2373">
    <p class='ocr_par' dir='ltr' id='par_1_41' title="bbox 1994 2272 3556 2342">
     <span class='ocr_line' id='line_1_41' title="bbox 1994 2272 3556 2342; baseline -0.014 -2"><span class='ocrx_word' id='word_1_245' title='bbox 1994 2283 2311 2340; x_wconf 73' lang='lat' dir='ltr'><strong>iocumento</strong></span> <span class='ocrx_word' id='word_1_246' title='bbox 2337 2278 2523 2342; x_wconf 86' lang='lat' dir='ltr'><strong>tradit,</strong></span> <span class='ocrx_word' id='word_1_247' title='bbox 2550 2292 2617 2332; x_wconf 78' lang='lat' dir='ltr'><strong>ex</strong></span> <span class='ocrx_word' id='word_1_248' title='bbox 2647 2275 2830 2330; x_wconf 89' lang='lat' dir='ltr'><strong>indole</strong></span> <span class='ocrx_word' id='word_1_249' title='bbox 2854 2272 3061 2327; x_wconf 87' lang='lat' dir='ltr'><strong>habent</strong></span> <span class='ocrx_word' id='word_1_250' title='bbox 3084 2278 3146 2324; x_wconf 92' lang='lat' dir='ltr'><strong>ut</strong></span> <span class='ocrx_word' id='word_1_251' title='bbox 3169 2274 3556 2340; x_wconf 84' lang='lat' dir='ltr'><strong>permaneant;</strong></span> 
     </span>
    </p>
   </div>
   <div class='ocr_carea' id='block_1_42' title="bbox 303 2362 1889 2465">
    <p class='ocr_par' dir='ltr' id='par_1_42' title="bbox 303 2362 1881 2465">
     <span class='ocr_line' id='line_1_42' title="bbox 303 2362 1881 2465; baseline -0.011 -15"><span class='ocrx_word' id='word_1_252' title='bbox 303 2398 389 2459; x_wconf 72' lang='grc' dir='ltr'><strong>δὲ,</strong></span> <span class='ocrx_word' id='word_1_253' title='bbox 416 2362 855 2465; x_wconf 67' lang='grc' dir='ltr'><strong>ἀλλπρίοῦσθαι.</strong></span> <span class='ocrx_word' id='word_1_254' title='bbox 888 2362 1014 2443; x_wconf 57' lang='grc' dir='ltr'><strong>’ἐὰν</strong></span> <span class='ocrx_word' id='word_1_255' title='bbox 1047 2362 1365 2457; x_wconf 68' lang='grc' dir='ltr'><strong>φυλάσσεις,</strong></span> <span class='ocrx_word' id='word_1_256' title='bbox 1416 2384 1518 2437; x_wconf 82' lang='grc' dir='ltr'><strong>οὐκ</strong></span> <span class='ocrx_word' id='word_1_257' title='bbox 1570 2381 1749 2454; x_wconf 72' lang='grc' dir='ltr'><strong>ἔχεις·</strong></span> <span class='ocrx_word' id='word_1_258' title='bbox 1783 2379 1881 2434; x_wconf 76' lang='grc' dir='ltr'><strong>ἐὰν</strong></span> 
     </span>
    </p>
   </div>
   <div class='ocr_carea' id='block_1_43' title="bbox 1994 2362 3560 2465">
    <p class='ocr_par' dir='ltr' id='par_1_43' title="bbox 1994 2362 3560 2433">
     <span class='ocr_line' id='line_1_43' title="bbox 1994 2362 3560 2433; baseline -0.013 0"><span class='ocrx_word' id='word_1_259' title='bbox 1994 2377 2067 2433; x_wconf 70' lang='lat' dir='ltr'><strong>sin</strong></span> <span class='ocrx_word' id='word_1_260' title='bbox 2100 2384 2286 2431; x_wconf 90' lang='lat' dir='ltr'><strong>autem</strong></span> <span class='ocrx_word' id='word_1_261' title='bbox 2316 2371 2730 2432; x_wconf 86' lang='lat' dir='ltr'><strong>contineantur,</strong></span> <span class='ocrx_word' id='word_1_262' title='bbox 2762 2376 2825 2421; x_wconf 88' lang='lat' dir='ltr'><strong>ut</strong></span> <span class='ocrx_word' id='word_1_263' title='bbox 2855 2366 2913 2420; x_wconf 92' lang='lat' dir='ltr'><strong>in</strong></span> <span class='ocrx_word' id='word_1_264' title='bbox 2944 2364 3185 2419; x_wconf 89' lang='lat' dir='ltr'><strong>alienum</strong></span> <span class='ocrx_word' id='word_1_265' title='bbox 3212 2362 3304 2433; x_wconf 90' lang='lat' dir='ltr'><strong>jus</strong></span> <span class='ocrx_word' id='word_1_266' title='bbox 3333 2374 3398 2414; x_wconf 89' lang='lat' dir='ltr'><strong>ac</strong></span> <span class='ocrx_word' id='word_1_267' title='bbox 3430 2374 3560 2428; x_wconf 80' lang='lat' dir='ltr'><strong>pos-</strong></span> 
     </span>
    </p>
   </div>
   <div class='ocr_carea' id='block_1_44' title="bbox 303 2451 1889 2557">
    <p class='ocr_par' dir='ltr' id='par_1_44' title="bbox 303 2451 1884 2557">
     <span class='ocr_line' id='line_1_44' title="bbox 303 2451 1884 2557; baseline -0.009 -14"><span class='ocrx_word' id='word_1_268' title='bbox 303 2489 362 2543; x_wconf 81' lang='grc' dir='ltr'><strong>δὲ</strong></span> <span class='ocrx_word' id='word_1_269' title='bbox 402 2451 743 2557; x_wconf 75' lang='grc' dir='ltr'><strong>σκορπίσεις,</strong></span> <span class='ocrx_word' id='word_1_270' title='bbox 776 2482 880 2538; x_wconf 80' lang='grc' dir='ltr'><strong>οὐκ</strong></span> <span class='ocrx_word' id='word_1_271' title='bbox 915 2451 1225 2544; x_wconf 61' lang='grc' dir='ltr'><strong>ἀπολείπεις.</strong></span> <span class='ocrx_word' id='word_1_272' title='bbox 1259 2451 1683 2545; x_wconf 61' lang='lat' dir='ltr'><strong>’Eaxdpmaer,</strong></span> <span class='ocrx_word' id='word_1_273' title='bbox 1700 2473 1884 2530; x_wconf 76' lang='grc' dir='ltr'><strong>ἔδωκε</strong></span> 
     </span>
    </p>
   </div>
   <div class='ocr_carea' id='block_1_45' title="bbox 1994 2451 3559 2557">
    <p class='ocr_par' dir='ltr' id='par_1_45' title="bbox 1994 2451 3559 2525">
     <span class='ocr_line' id='line_1_45' title="bbox 1994 2451 3559 2525; baseline -0.013 0"><span class='ocrx_word' id='word_1_274' title='bbox 1994 2468 2286 2525; x_wconf 70' lang='lat' dir='ltr'><strong>sessionem</strong></span> <span class='ocrx_word' id='word_1_275' title='bbox 2332 2472 2641 2520; x_wconf 86' lang='lat' dir='ltr'><strong>transeant.</strong></span> <span class='ocrx_word' id='word_1_276' title='bbox 2681 2460 2740 2517; x_wconf 91' lang='lat' dir='ltr'><strong>Si</strong></span> <span class='ocrx_word' id='word_1_277' title='bbox 2790 2472 3009 2519; x_wconf 83' lang='lat' dir='ltr'><strong>servas,</strong></span> <span class='ocrx_word' id='word_1_278' title='bbox 3046 2472 3154 2511; x_wconf 90' lang='lat' dir='ltr'><strong>non</strong></span> <span class='ocrx_word' id='word_1_279' title='bbox 3200 2452 3465 2515; x_wconf 86' lang='lat' dir='ltr'><strong>habebis;</strong></span> <span class='ocrx_word' id='word_1_280' title='bbox 3514 2451 3559 2505; x_wconf 91' lang='lat' dir='ltr'><strong>si</strong></span> 
     </span>
    </p>
   </div>
   <div class='ocr_carea' id='block_1_46' title="bbox 306 2542 1889 2646">
    <p class='ocr_par' dir='ltr' id='par_1_46' title="bbox 306 2542 1451 2646">
     <span class='ocr_line' id='line_1_46' title="bbox 306 2542 1451 2646; baseline -0.01 -11"><span class='ocrx_word' id='word_1_281' title='bbox 306 2579 438 2646; x_wconf 80' lang='grc' dir='ltr'><strong>τοῖς</strong></span> <span class='ocrx_word' id='word_1_282' title='bbox 484 2542 729 2645; x_wconf 58' lang='grc' dir='ltr'><strong>πένησι.</strong></span> <span class='ocrx_word' id='word_1_283' title='bbox 1188 2542 1196 2544; x_wconf 17' lang='grc' dir='ltr'><em>Ϋ</em></span> <span class='ocrx_word' id='word_1_284' title='bbox 1437 2542 1451 2545; x_wconf 28' lang='grc' dir='ltr'><strong><em>ν</em></strong></span> 
     </span>
    </p>
   </div>
   <div class='ocr_carea' id='block_1_47' title="bbox 1994 2542 3561 2646">
    <p class='ocr_par' dir='ltr' id='par_1_47' title="bbox 1994 2542 3561 2629">
     <span class='ocr_line' id='line_1_47' title="bbox 1994 2542 3561 2629; baseline -0.013 -15"><span class='ocrx_word' id='word_1_285' title='bbox 1994 2557 2333 2629; x_wconf 80' lang='lat' dir='ltr'><strong>disperseris,</strong></span> <span class='ocrx_word' id='word_1_286' title='bbox 2356 2569 2470 2610; x_wconf 91' lang='lat' dir='ltr'><strong>non</strong></span> <span class='ocrx_word' id='word_1_287' title='bbox 2499 2553 2741 2608; x_wconf 87' lang='lat' dir='ltr'><strong>amittes.</strong></span> <span class='ocrx_word' id='word_1_288' title='bbox 2767 2548 3055 2620; x_wconf 83' lang='lat' dir='ltr'><strong>Dispersit,</strong></span> <span class='ocrx_word' id='word_1_289' title='bbox 3077 2546 3219 2600; x_wconf 84' lang='lat' dir='ltr'><strong>dedit</strong></span> <span class='ocrx_word' id='word_1_290' title='bbox 3246 2542 3561 2616; x_wconf 77' lang='lat' dir='ltr'><strong>pauperibus</strong></span> 
     </span>
    </p>
   </div>
   <div class='ocr_carea' id='block_1_48' title="bbox 1985 2645 2388 2722">
    <p class='ocr_par' dir='ltr' id='par_1_48' title="bbox 1985 2645 2388 2722">
     <span class='ocr_line' id='line_1_48' title="bbox 1985 2645 2388 2722; baseline -0.005 -19"><span class='ocrx_word' id='word_1_291' title='bbox 1985 2648 2154 2722; x_wconf 84' lang='lat' dir='ltr'><strong>(Psal.</strong></span> <span class='ocrx_word' id='word_1_292' title='bbox 2181 2663 2286 2711; x_wconf 74' lang='lat' dir='ltr'><strong>cn,</strong></span> <span class='ocrx_word' id='word_1_293' title='bbox 2310 2645 2388 2718; x_wconf 91' lang='lat'><strong>9).</strong></span> 
     </span>
    </p>
   </div>
   <div class='ocr_carea' id='block_1_49' title="bbox 2054 2726 3562 2805">
    <p class='ocr_par' dir='ltr' id='par_1_49' title="bbox 2054 2726 3562 2805">
     <span class='ocr_line' id='line_1_49' title="bbox 2054 2726 3562 2805; baseline -0.011 -11"><span class='ocrx_word' id='word_1_294' title='bbox 2054 2738 2352 2795; x_wconf 81' lang='lat' dir='ltr'><strong>Pulchrum</strong></span> <span class='ocrx_word' id='word_1_295' title='bbox 2392 2735 2579 2799; x_wconf 90' lang='lat' dir='ltr'><strong>funus,</strong></span> <span class='ocrx_word' id='word_1_296' title='bbox 2604 2734 2803 2805; x_wconf 89' lang='lat' dir='ltr'><strong>pietas.</strong></span> <span class='ocrx_word' id='word_1_297' title='bbox 2835 2730 2941 2788; x_wconf 89' lang='lat' dir='ltr'><strong>Ubi</strong></span> <span class='ocrx_word' id='word_1_298' title='bbox 2983 2730 3203 2785; x_wconf 91' lang='lat' dir='ltr'><strong>cunctis</strong></span> <span class='ocrx_word' id='word_1_299' title='bbox 3241 2726 3562 2781; x_wconf 81' lang='lat' dir='ltr'><strong>indumenta</strong></span> 
     </span>
    </p>
   </div>
   <div class='ocr_carea' id='block_1_50' title="bbox 1984 2814 3564 2901">
    <p class='ocr_par' dir='ltr' id='par_1_50' title="bbox 1984 2814 3564 2901">
     <span class='ocr_line' id='line_1_50' title="bbox 1984 2814 3564 2901; baseline -0.012 -15"><span class='ocrx_word' id='word_1_300' title='bbox 1984 2828 2310 2901; x_wconf 70' lang='lat' dir='ltr'><strong>praebueris,</strong></span> <span class='ocrx_word' id='word_1_301' title='bbox 2346 2824 2592 2881; x_wconf 85' lang='lat' dir='ltr'><strong>discede.</strong></span> <span class='ocrx_word' id='word_1_302' title='bbox 2626 2824 2776 2878; x_wconf 88' lang='lat' dir='ltr'><strong>Tuas</strong></span> <span class='ocrx_word' id='word_1_303' title='bbox 2803 2819 2908 2876; x_wconf 91' lang='lat' dir='ltr'><strong>tibi</strong></span> <span class='ocrx_word' id='word_1_304' title='bbox 2933 2833 3069 2890; x_wconf 90' lang='lat' dir='ltr'><strong>opes</strong></span> <span class='ocrx_word' id='word_1_305' title='bbox 3108 2827 3263 2873; x_wconf 91' lang='lat' dir='ltr'><strong>tuum</strong></span> <span class='ocrx_word' id='word_1_306' title='bbox 3293 2814 3564 2870; x_wconf 88' lang='lat' dir='ltr'><strong>mundum</strong></span> 
     </span>
    </p>
   </div>
   <div class='ocr_carea' id='block_1_51' title="bbox 378 2747 1883 2829">
    <p class='ocr_par' dir='ltr' id='par_1_51' title="bbox 378 2747 1883 2829">
     <span class='ocr_line' id='line_1_51' title="bbox 378 2747 1883 2829; baseline -0.012 -12"><span class='ocrx_word' id='word_1_307' title='bbox 378 2760 562 2817; x_wconf 75' lang='grc' dir='ltr'>Καλὸν</span> <span class='ocrx_word' id='word_1_308' title='bbox 591 2759 847 2829; x_wconf 70' lang='grc' dir='ltr'><strong>ἐντάφιον</strong></span> <span class='ocrx_word' id='word_1_309' title='bbox 876 2756 913 2829; x_wconf 81' lang='grc' dir='ltr'>ὴ</span> <span class='ocrx_word' id='word_1_310' title='bbox 940 2754 1223 2810; x_wconf 79' lang='grc' dir='ltr'><strong>εὐσέϐεια.</strong></span> <span class='ocrx_word' id='word_1_311' title='bbox 1252 2751 1473 2815; x_wconf 80' lang='grc' dir='ltr'><strong>Πάντας</strong></span> <span class='ocrx_word' id='word_1_312' title='bbox 1513 2747 1883 2820; x_wconf 77' lang='grc' dir='ltr'><strong>περιϐαλόμε-</strong></span> 
     </span>
    </p>
   </div>
   <div class='ocr_carea' id='block_1_52' title="bbox 311 2838 1882 2919">
    <p class='ocr_par' dir='ltr' id='par_1_52' title="bbox 311 2838 1882 2919">
     <span class='ocr_line' id='line_1_52' title="bbox 311 2838 1882 2919; baseline -0.01 -11"><span class='ocrx_word' id='word_1_313' title='bbox 311 2872 402 2919; x_wconf 86' lang='grc' dir='ltr'>νος</span> <span class='ocrx_word' id='word_1_314' title='bbox 435 2850 659 2906; x_wconf 74' lang='grc' dir='ltr'><strong>ἄπελθε.</strong></span> <span class='ocrx_word' id='word_1_315' title='bbox 684 2849 900 2904; x_wconf 84' lang='grc' dir='ltr'><strong>Οίκεῖον</strong></span> <span class='ocrx_word' id='word_1_316' title='bbox 929 2845 1137 2915; x_wconf 86' lang='grc' dir='ltr'><strong>κόσμον</strong></span> <span class='ocrx_word' id='word_1_317' title='bbox 1158 2844 1251 2899; x_wconf 84' lang='grc' dir='ltr'><strong>τὸν</strong></span> <span class='ocrx_word' id='word_1_318' title='bbox 1274 2841 1617 2907; x_wconf 27' lang='grc' dir='ltr'><strong>πλοῦτόννσου</strong></span> <span class='ocrx_word' id='word_1_319' title='bbox 1638 2838 1882 2910; x_wconf 70' lang='grc' dir='ltr'><strong>ποίησον*</strong></span> 
     </span>
    </p>
   </div>
   <div class='ocr_carea' id='block_1_53' title="bbox 315 2904 1889 3018">
    <p class='ocr_par' dir='ltr' id='par_1_53' title="bbox 315 2904 1887 3018">
     <span class='ocr_line' id='line_1_53' title="bbox 315 2904 1887 3018; baseline -0.013 -14"><span class='ocrx_word' id='word_1_320' title='bbox 315 2904 404 3018; x_wconf 62' lang='grc' dir='ltr'><strong>ἔχε</strong></span> <span class='ocrx_word' id='word_1_321' title='bbox 435 2904 601 3000; x_wconf 76' lang='grc' dir='ltr'><strong>αὐτὸν</strong></span> <span class='ocrx_word' id='word_1_322' title='bbox 637 2942 775 3014; x_wconf 84' lang='grc' dir='ltr'><strong>μετὰ</strong></span> <span class='ocrx_word' id='word_1_323' title='bbox 799 2904 1054 2994; x_wconf 48' lang='grc' dir='ltr'><strong>σεαυτοῦί</strong></span> <span class='ocrx_word' id='word_1_324' title='bbox 1090 2936 1353 3007; x_wconf 86' lang='grc' dir='ltr'><strong>Πείσθητι</strong></span> <span class='ocrx_word' id='word_1_325' title='bbox 1382 2904 1566 2998; x_wconf 74' lang='grc' dir='ltr'><strong>καλῶς</strong></span> <span class='ocrx_word' id='word_1_326' title='bbox 1594 2904 1887 3004; x_wconf 72' lang='grc' dir='ltr'><strong>συμϐούλῳ</strong></span> 
     </span>
    </p>
   </div>
   <div class='ocr_carea' id='block_1_54' title="bbox 1994 2904 3565 3018">
    <p class='ocr_par' dir='ltr' id='par_1_54' title="bbox 1994 2904 3565 2979">
     <span class='ocr_line' id='line_1_54' title="bbox 1994 2904 3565 2979; baseline -0.011 -1"><span class='ocrx_word' id='word_1_327' title='bbox 1994 2922 2154 2979; x_wconf 87' lang='lat' dir='ltr'><strong>facito</strong></span> <span class='ocrx_word' id='word_1_328' title='bbox 2188 2938 2202 2975; x_wconf 93' lang='lat'><strong>:</strong></span> <span class='ocrx_word' id='word_1_329' title='bbox 2237 2933 2363 2975; x_wconf 87' lang='lat' dir='ltr'><strong>eum</strong></span> <span class='ocrx_word' id='word_1_330' title='bbox 2401 2917 2500 2972; x_wconf 90' lang='lat' dir='ltr'><strong>tibi</strong></span> <span class='ocrx_word' id='word_1_331' title='bbox 2536 2915 2681 2971; x_wconf 87' lang='lat' dir='ltr'><strong>habe</strong></span> <span class='ocrx_word' id='word_1_332' title='bbox 2717 2912 2999 2969; x_wconf 90' lang='lat' dir='ltr'><strong>comitem.</strong></span> <span class='ocrx_word' id='word_1_333' title='bbox 3024 2909 3251 2971; x_wconf 88' lang='lat' dir='ltr'><strong>Christi,</strong></span> <span class='ocrx_word' id='word_1_334' title='bbox 3275 2908 3369 2978; x_wconf 91' lang='lat' dir='ltr'><strong>qui</strong></span> <span class='ocrx_word' id='word_1_335' title='bbox 3398 2915 3452 2962; x_wconf 90' lang='lat' dir='ltr'><strong>te</strong></span> <span class='ocrx_word' id='word_1_336' title='bbox 3477 2904 3565 2961; x_wconf 90' lang='lat' dir='ltr'><strong>di-</strong></span> 
     </span>
    </p>
   </div>
   <div class='ocr_carea' id='block_1_55' title="bbox 310 3001 1889 3109">
    <p class='ocr_par' dir='ltr' id='par_1_55' title="bbox 310 3001 1886 3109">
     <span class='ocr_line' id='line_1_55' title="bbox 310 3001 1886 3109; baseline -0.012 -18"><span class='ocrx_word' id='word_1_337' title='bbox 427 3001 778 3106; x_wconf 75' lang='grc' dir='ltr'><strong>ἀγαπήσαντί</strong></span> <span class='ocrx_word' id='word_1_338' title='bbox 819 3048 880 3085; x_wconf 92' lang='grc' dir='ltr'><strong>σε</strong></span> <span class='ocrx_word' id='word_1_339' title='bbox 923 3026 1166 3101; x_wconf 80' lang='grc' dir='ltr'><strong>Χριστῷ,</strong></span> <span class='ocrx_word' id='word_1_340' title='bbox 1215 3001 1293 3098; x_wconf 58' lang='grc' dir='ltr'><strong>τῷ</strong></span> <span class='ocrx_word' id='word_1_341' title='bbox 1341 3024 1409 3079; x_wconf 89' lang='grc' dir='ltr'><strong>δι’</strong></span> <span class='ocrx_word' id='word_1_342' title='bbox 1443 3024 1590 3096; x_wconf 81' lang='grc' dir='ltr'><strong>ἡμᾶς</strong></span> <span class='ocrx_word' id='word_1_343' title='bbox 1637 3001 1886 3092; x_wconf 53' lang='grc' dir='ltr'><strong>πτωχεύὲ</strong></span> 
     </span>
    </p>
   </div>
   <div class='ocr_carea' id='block_1_56' title="bbox 1994 3001 3566 3109">
    <p class='ocr_par' dir='ltr' id='par_1_56' title="bbox 1994 3001 3566 3081">
     <span class='ocr_line' id='line_1_56' title="bbox 1994 3001 3566 3081; baseline -0.01 -12"><span class='ocrx_word' id='word_1_344' title='bbox 1994 3014 2141 3081; x_wconf 83' lang='lat' dir='ltr'><strong>lexit,</strong></span> <span class='ocrx_word' id='word_1_345' title='bbox 2165 3010 2399 3067; x_wconf 87' lang='lat' dir='ltr'><strong>consilio</strong></span> <span class='ocrx_word' id='word_1_346' title='bbox 2433 3008 2694 3081; x_wconf 83' lang='lat' dir='ltr'><strong>praeclare</strong></span> <span class='ocrx_word' id='word_1_347' title='bbox 2724 3006 3058 3075; x_wconf 89' lang='lat' dir='ltr'><strong>obsequere;</strong></span> <span class='ocrx_word' id='word_1_348' title='bbox 3090 3001 3184 3073; x_wconf 92' lang='lat' dir='ltr'><strong>qui</strong></span> <span class='ocrx_word' id='word_1_349' title='bbox 3211 3009 3440 3072; x_wconf 90' lang='lat' dir='ltr'><strong>propter</strong></span> <span class='ocrx_word' id='word_1_350' title='bbox 3465 3014 3566 3055; x_wconf 73' lang='lat' dir='ltr'><strong>nos</strong></span> 
     </span>
    </p>
   </div>
   <div class='ocr_carea' id='block_1_57' title="bbox 315 3094 1889 3197">
    <p class='ocr_par' dir='ltr' id='par_1_57' title="bbox 315 3094 1885 3197">
     <span class='ocr_line' id='line_1_57' title="bbox 315 3094 1885 3197; baseline -0.013 -11"><span class='ocrx_word' id='word_1_351' title='bbox 315 3094 495 3195; x_wconf 60' lang='grc' dir='ltr'><strong>σαντι,</strong></span> <span class='ocrx_word' id='word_1_352' title='bbox 526 3094 787 3197; x_wconf 54' lang='grc' dir='ltr'><strong>ἶν”ήμεῖς</strong></span> <span class='ocrx_word' id='word_1_353' title='bbox 814 3125 882 3196; x_wconf 71' lang='grc' dir='ltr'><strong>τῇ</strong></span> <span class='ocrx_word' id='word_1_354' title='bbox 920 3094 1413 3190; x_wconf 70' lang='grc' dir='ltr'><strong>ὲκείνούπτωχείᾳ</strong></span> <span class='ocrx_word' id='word_1_355' title='bbox 1465 3094 1885 3185; x_wconf 80' lang='grc' dir='ltr'><strong>πλουτήσωμεν.</strong></span> 
     </span>
    </p>
   </div>
   <div class='ocr_carea' id='block_1_58' title="bbox 1994 3094 3566 3197">
    <p class='ocr_par' dir='ltr' id='par_1_58' title="bbox 1994 3094 3566 3178">
     <span class='ocr_line' id='line_1_58' title="bbox 1994 3094 3566 3178; baseline -0.008 -16"><span class='ocrx_word' id='word_1_356' title='bbox 1994 3121 2199 3178; x_wconf 82' lang='lat' dir='ltr'><strong>egenus</strong></span> <span class='ocrx_word' id='word_1_357' title='bbox 2229 3104 2407 3160; x_wconf 90' lang='lat' dir='ltr'><strong>factus</strong></span> <span class='ocrx_word' id='word_1_358' title='bbox 2438 3113 2545 3168; x_wconf 88' lang='lat' dir='ltr'><strong>est,</strong></span> <span class='ocrx_word' id='word_1_359' title='bbox 2570 3109 2634 3157; x_wconf 91' lang='lat' dir='ltr'><strong>ut</strong></span> <span class='ocrx_word' id='word_1_360' title='bbox 2661 3101 2783 3173; x_wconf 87' lang='lat' dir='ltr'><strong>ejus</strong></span> <span class='ocrx_word' id='word_1_361' title='bbox 2817 3098 2923 3171; x_wconf 91' lang='lat' dir='ltr'><strong>ipsi</strong></span> <span class='ocrx_word' id='word_1_362' title='bbox 2958 3096 3145 3168; x_wconf 90' lang='lat' dir='ltr'><strong>inopia</strong></span> <span class='ocrx_word' id='word_1_363' title='bbox 3178 3094 3381 3151; x_wconf 83' lang='lat' dir='ltr'><strong>divites</strong></span> <span class='ocrx_word' id='word_1_364' title='bbox 3411 3108 3566 3150; x_wconf 86' lang='lat' dir='ltr'><strong>essc-</strong></span> 
     </span>
    </p>
   </div>
   <div class='ocr_carea' id='block_1_59' title="bbox 386 3313 1890 3396">
    <p class='ocr_par' dir='ltr' id='par_1_59' title="bbox 386 3313 1890 3396">
     <span class='ocr_line' id='line_1_59' title="bbox 386 3313 1890 3396; baseline -0.012 -11"><span class='ocrx_word' id='word_1_365' title='bbox 386 3330 706 3396; x_wconf 70' lang='grc' dir='ltr'><strong>Θεολότου.</strong></span> <span class='ocrx_word' id='word_1_366' title='bbox 733 3353 802 3365; x_wconf 90' lang='grc'><strong><em>-</em></strong></span> <span class='ocrx_word' id='word_1_367' title='bbox 848 3318 1246 3391; x_wconf 77' lang='grc' dir='ltr'><strong>Ἑλεημοσύνη,</strong></span> <span class='ocrx_word' id='word_1_368' title='bbox 1296 3318 1331 3388; x_wconf 81' lang='grc' dir='ltr'><strong>ἡ</strong></span> <span class='ocrx_word' id='word_1_369' title='bbox 1384 3314 1570 3385; x_wconf 79' lang='grc' dir='ltr'><strong>πάσης</strong></span> <span class='ocrx_word' id='word_1_370' title='bbox 1606 3313 1890 3385; x_wconf 82' lang='grc' dir='ltr'><strong>ἀπηλλαγ-</strong></span> 
     </span>
    </p>
   </div>
   <div class='ocr_carea' id='block_1_60' title="bbox 317 3405 1894 3494">
    <p class='ocr_par' dir='ltr' id='par_1_60' title="bbox 317 3405 1894 3494">
     <span class='ocr_line' id='line_1_60' title="bbox 317 3405 1894 3494; baseline -0.012 -17"><span class='ocrx_word' id='word_1_371' title='bbox 317 3423 456 3494; x_wconf 81' lang='grc' dir='ltr'><strong>μένη</strong></span> <span class='ocrx_word' id='word_1_372' title='bbox 478 3419 689 3483; x_wconf 83' lang='grc' dir='ltr'><strong>ἀδικίας</strong></span> <span class='ocrx_word' id='word_1_373' title='bbox 711 3435 725 3449; x_wconf 91' lang='grc'>·</span> <span class='ocrx_word' id='word_1_374' title='bbox 760 3415 899 3488; x_wconf 73' lang='grc' dir='ltr'><strong>αὕτη</strong></span> <span class='ocrx_word' id='word_1_375' title='bbox 931 3414 1109 3468; x_wconf 87' lang='grc' dir='ltr'><strong>πάντα</strong></span> <span class='ocrx_word' id='word_1_376' title='bbox 1131 3410 1352 3480; x_wconf 82' lang='grc' dir='ltr'><strong>καθαρὰ</strong></span> <span class='ocrx_word' id='word_1_377' title='bbox 1382 3410 1548 3463; x_wconf 84' lang='grc' dir='ltr'><strong>ποιεῖ.</strong></span> <span class='ocrx_word' id='word_1_378' title='bbox 1585 3406 1761 3461; x_wconf 80' lang='grc' dir='ltr'><strong>Τοῦτο</strong></span> <span class='ocrx_word' id='word_1_379' title='bbox 1795 3405 1894 3459; x_wconf 75' lang='grc' dir='ltr'><strong>καὶ</strong></span> 
     </span>
    </p>
   </div>
   <div class='ocr_carea' id='block_1_61' title="bbox 312 3498 1894 3585">
    <p class='ocr_par' dir='ltr' id='par_1_61' title="bbox 312 3498 1894 3585">
     <span class='ocr_line' id='line_1_61' title="bbox 312 3498 1894 3585; baseline -0.011 -17"><span class='ocrx_word' id='word_1_380' title='bbox 312 3513 573 3585; x_wconf 81' lang='grc' dir='ltr'><strong>νηστείας</strong></span> <span class='ocrx_word' id='word_1_381' title='bbox 625 3510 834 3582; x_wconf 81' lang='grc' dir='ltr'><strong>βέλτιον</strong></span> <span class='ocrx_word' id='word_1_382' title='bbox 866 3507 962 3562; x_wconf 71' lang='grc' dir='ltr'><strong>καὶ</strong></span> <span class='ocrx_word' id='word_1_383' title='bbox 1014 3502 1317 3576; x_wconf 79' lang='grc' dir='ltr'><strong>χαμευνίας</strong></span> <span class='ocrx_word' id='word_1_384' title='bbox 1342 3518 1356 3533; x_wconf 89' lang='grc'><strong>·</strong></span> <span class='ocrx_word' id='word_1_385' title='bbox 1413 3499 1663 3567; x_wconf 74' lang='grc' dir='ltr'><strong>καίτοιγε</strong></span> <span class='ocrx_word' id='word_1_386' title='bbox 1710 3498 1894 3551; x_wconf 78' lang='grc' dir='ltr'><strong>ἐκεῖνα</strong></span> 
     </span>
    </p>
   </div>
   <div class='ocr_carea' id='block_1_62' title="bbox 323 3588 1893 3676">
    <p class='ocr_par' dir='ltr' id='par_1_62' title="bbox 323 3588 1893 3676">
     <span class='ocr_line' id='line_1_62' title="bbox 323 3588 1893 3676; baseline -0.011 -17"><span class='ocrx_word' id='word_1_387' title='bbox 323 3604 702 3676; x_wconf 69' lang='grc' dir='ltr'><strong>μοχθηρᾶτερα</strong></span> <span class='ocrx_word' id='word_1_388' title='bbox 753 3600 849 3655; x_wconf 80' lang='grc' dir='ltr'><strong>καὶ</strong></span> <span class='ocrx_word' id='word_1_389' title='bbox 904 3594 1306 3666; x_wconf 73' lang='grc' dir='ltr'><strong>ἐπιπονώτερα,</strong></span> <span class='ocrx_word' id='word_1_390' title='bbox 1351 3592 1470 3645; x_wconf 82' lang='grc' dir='ltr'><strong>ἀλλ’</strong></span> <span class='ocrx_word' id='word_1_391' title='bbox 1507 3590 1648 3661; x_wconf 80' lang='grc' dir='ltr'><strong>αὕτη</strong></span> <span class='ocrx_word' id='word_1_392' title='bbox 1694 3588 1893 3661; x_wconf 80' lang='grc' dir='ltr'><strong>κερδα-</strong></span> 
     </span>
    </p>
   </div>
   <div class='ocr_carea' id='block_1_63' title="bbox 322 3681 1895 3767">
    <p class='ocr_par' dir='ltr' id='par_1_63' title="bbox 322 3681 1895 3767">
     <span class='ocr_line' id='line_1_63' title="bbox 322 3681 1895 3767; baseline -0.011 -16"><span class='ocrx_word' id='word_1_393' title='bbox 322 3697 586 3767; x_wconf 82' lang='grc' dir='ltr'><strong>λειοτέρα,</strong></span> <span class='ocrx_word' id='word_1_394' title='bbox 641 3690 904 3765; x_wconf 79' lang='grc' dir='ltr'><strong>χρωτίζει</strong></span> <span class='ocrx_word' id='word_1_395' title='bbox 974 3689 1173 3761; x_wconf 76' lang='grc' dir='ltr'><strong>ψυχὴν,</strong></span> <span class='ocrx_word' id='word_1_396' title='bbox 1230 3684 1508 3749; x_wconf 85' lang='grc' dir='ltr'><strong>λεπτύνει,</strong></span> <span class='ocrx_word' id='word_1_397' title='bbox 1576 3682 1747 3755; x_wconf 79' lang='grc' dir='ltr'><strong>καλὴν</strong></span> <span class='ocrx_word' id='word_1_398' title='bbox 1798 3681 1895 3737; x_wconf 77' lang='grc' dir='ltr'><strong>καὶ</strong></span> 
     </span>
    </p>
   </div>
   <div class='ocr_carea' id='block_1_64' title="bbox 318 3788 730 3861">
    <p class='ocr_par' dir='ltr' id='par_1_64' title="bbox 318 3788 730 3861">
     <span class='ocr_line' id='line_1_64' title="bbox 318 3788 730 3861; baseline -0.012 -17"><span class='ocrx_word' id='word_1_399' title='bbox 318 3789 533 3861; x_wconf 83' lang='grc' dir='ltr'><strong>ὡραίαν</strong></span> <span class='ocrx_word' id='word_1_400' title='bbox 567 3788 730 3841; x_wconf 80' lang='grc' dir='ltr'><strong>ποιεῖ.</strong></span> 
     </span>
    </p>
   </div>
   <div class='ocr_carea' id='block_1_65' title="bbox 407 3974 1898 4055">
    <p class='ocr_par' dir='ltr' id='par_1_65' title="bbox 407 3974 1898 4055">
     <span class='ocr_line' id='line_1_65' title="bbox 407 3974 1898 4055; baseline -0.01 -14"><span class='ocrx_word' id='word_1_401' title='bbox 407 3988 618 4041; x_wconf 85' lang='grc' dir='ltr'><strong>Ἐκεῖνα</strong></span> <span class='ocrx_word' id='word_1_402' title='bbox 653 3984 791 4055; x_wconf 80' lang='grc' dir='ltr'><strong>μόνα</strong></span> <span class='ocrx_word' id='word_1_403' title='bbox 841 3980 1205 4054; x_wconf 85' lang='grc' dir='ltr'><strong>κερδήσομεν,</strong></span> <span class='ocrx_word' id='word_1_404' title='bbox 1236 3979 1338 4032; x_wconf 82' lang='grc' dir='ltr'><strong>ὅσα</strong></span> <span class='ocrx_word' id='word_1_405' title='bbox 1387 3976 1455 4031; x_wconf 87' lang='grc' dir='ltr'><strong>ἂν</strong></span> <span class='ocrx_word' id='word_1_406' title='bbox 1497 3975 1616 4031; x_wconf 72' lang='grc' dir='ltr'><strong>ἐκεῖ</strong></span> <span class='ocrx_word' id='word_1_407' title='bbox 1649 3974 1898 4046; x_wconf 80' lang='grc' dir='ltr'><strong>προπέμ-</strong></span> 
     </span>
    </p>
   </div>
   <div class='ocr_carea' id='block_1_66' title="bbox 314 4066 1897 4147">
    <p class='ocr_par' dir='ltr' id='par_1_66' title="bbox 314 4066 1897 4147">
     <span class='ocr_line' id='line_1_66' title="bbox 314 4066 1897 4147; baseline 0.007 -21"><span class='ocrx_word' id='word_1_408' title='bbox 314 4079 538 4147; x_wconf 62' lang='grc' dir='ltr'><strong>ψωμεν.</strong></span> <span class='ocrx_word' id='word_1_409' title='bbox 579 4075 793 4128; x_wconf 87' lang='grc' dir='ltr'><strong>Ἐκεῖνα</strong></span> <span class='ocrx_word' id='word_1_410' title='bbox 817 4073 954 4143; x_wconf 87' lang='grc' dir='ltr'><strong>μόνα</strong></span> <span class='ocrx_word' id='word_1_411' title='bbox 984 4071 1135 4124; x_wconf 73' lang='grc' dir='ltr'><strong>ἐστὶν</strong></span> <span class='ocrx_word' id='word_1_412' title='bbox 1162 4067 1433 4140; x_wconf 76' lang='grc' dir='ltr'><strong>ἡμέτερα,</strong></span> <span class='ocrx_word' id='word_1_413' title='bbox 1463 4067 1564 4120; x_wconf 83' lang='grc' dir='ltr'><strong>ὅσα</strong></span> <span class='ocrx_word' id='word_1_414' title='bbox 1596 4066 1694 4137; x_wconf 82' lang='grc' dir='ltr'><strong>τῆς</strong></span> <span class='ocrx_word' id='word_1_415' title='bbox 1719 4066 1897 4136; x_wconf 74' lang='grc' dir='ltr'>ψυχῆς</span> 
     </span>
    </p>
   </div>
   <div class='ocr_carea' id='block_1_67' title="bbox 315 4157 1893 4238">
    <p class='ocr_par' dir='ltr' id='par_1_67' title="bbox 315 4157 1893 4238">
     <span class='ocr_line' id='line_1_67' title="bbox 315 4157 1893 4238; baseline -0.008 -15"><span class='ocrx_word' id='word_1_416' title='bbox 315 4174 443 4224; x_wconf 74' lang='grc' dir='ltr'><strong>ἐστι</strong></span> <span class='ocrx_word' id='word_1_417' title='bbox 475 4166 904 4238; x_wconf 81' lang='grc' dir='ltr'><strong>κατορθώματα,</strong></span> <span class='ocrx_word' id='word_1_418' title='bbox 958 4160 1298 4235; x_wconf 74' lang='grc' dir='ltr'><strong>ἐλεημοσύνη</strong></span> <span class='ocrx_word' id='word_1_419' title='bbox 1347 4160 1444 4214; x_wconf 75' lang='grc' dir='ltr'><strong>καὶ</strong></span> <span class='ocrx_word' id='word_1_420' title='bbox 1474 4157 1857 4229; x_wconf 83' lang='grc' dir='ltr'><strong>φιλανθρωπία</strong></span> <span class='ocrx_word' id='word_1_421' title='bbox 1879 4172 1893 4187; x_wconf 78' lang='grc'><strong>⁸</strong></span> 
     </span>
    </p>
   </div>
   <div class='ocr_carea' id='block_1_68' title="bbox 315 4247 1898 4329">
    <p class='ocr_par' dir='ltr' id='par_1_68' title="bbox 315 4247 1898 4329">
     <span class='ocr_line' id='line_1_68' title="bbox 315 4247 1898 4329; baseline -0.011 -14"><span class='ocrx_word' id='word_1_422' title='bbox 315 4262 391 4316; x_wconf 75' lang='grc' dir='ltr'><strong>οὗ</strong></span> <span class='ocrx_word' id='word_1_423' title='bbox 421 4260 531 4329; x_wconf 82' lang='grc' dir='ltr'><strong>γὰρ</strong></span> <span class='ocrx_word' id='word_1_424' title='bbox 558 4258 785 4312; x_wconf 74' lang='grc' dir='ltr'><strong>δυνατὸν</strong></span> <span class='ocrx_word' id='word_1_425' title='bbox 813 4257 1073 4329; x_wconf 87' lang='grc' dir='ltr'><strong>χρήματα</strong></span> <span class='ocrx_word' id='word_1_426' title='bbox 1094 4252 1335 4307; x_wconf 76' lang='grc' dir='ltr'><strong>λαϐόντα.</strong></span> <span class='ocrx_word' id='word_1_427' title='bbox 1358 4249 1619 4305; x_wconf 82' lang='grc' dir='ltr'><strong>ἀπελθεῖν</strong></span> <span class='ocrx_word' id='word_1_428' title='bbox 1646 4266 1659 4277; x_wconf 89' lang='grc'><strong>·</strong></span> <span class='ocrx_word' id='word_1_429' title='bbox 1697 4247 1898 4318; x_wconf 77' lang='grc' dir='ltr'><strong>μᾶλλον</strong></span> 
     </span>
    </p>
   </div>
   <div class='ocr_carea' id='block_1_69' title="bbox 310 4338 1881 4419">
    <p class='ocr_par' dir='ltr' id='par_1_69' title="bbox 310 4338 1881 4419">
     <span class='ocr_line' id='line_1_69' title="bbox 310 4338 1881 4419; baseline -0.008 -15"><span class='ocrx_word' id='word_1_430' title='bbox 310 4351 381 4405; x_wconf 80' lang='grc' dir='ltr'><strong>δὲ</strong></span> <span class='ocrx_word' id='word_1_431' title='bbox 433 4350 528 4402; x_wconf 70' lang='grc' dir='ltr'><strong>καὶ</strong></span> <span class='ocrx_word' id='word_1_432' title='bbox 570 4346 984 4419; x_wconf 73' lang='grc' dir='ltr'><strong>προπέμψωμεν</strong></span> <span class='ocrx_word' id='word_1_433' title='bbox 1023 4344 1183 4408; x_wconf 75' lang='grc' dir='ltr'><strong>αὐτὰ,</strong></span> <span class='ocrx_word' id='word_1_434' title='bbox 1230 4340 1371 4396; x_wconf 82' lang='grc' dir='ltr'><strong>ὥστε</strong></span> <span class='ocrx_word' id='word_1_435' title='bbox 1414 4340 1703 4411; x_wconf 77' lang='grc' dir='ltr'><strong>ἑτοιμάσαι</strong></span> <span class='ocrx_word' id='word_1_436' title='bbox 1750 4338 1881 4409; x_wconf 83' lang='grc' dir='ltr'><strong>ἡμῖν</strong></span> 
     </span>
    </p>
   </div>
   <div class='ocr_carea' id='block_1_70' title="bbox 313 4436 1286 4515">
    <p class='ocr_par' dir='ltr' id='par_1_70' title="bbox 313 4436 1286 4515">
     <span class='ocr_line' id='line_1_70' title="bbox 313 4436 1286 4515; baseline -0.008 -18"><span class='ocrx_word' id='word_1_437' title='bbox 313 4441 532 4515; x_wconf 78' lang='grc' dir='ltr'><strong>σκηνὴν</strong></span> <span class='ocrx_word' id='word_1_438' title='bbox 568 4442 626 4494; x_wconf 78' lang='grc' dir='ltr'><strong>ὲν</strong></span> <span class='ocrx_word' id='word_1_439' title='bbox 647 4440 768 4502; x_wconf 90' lang='grc' dir='ltr'><strong>ταῖς</strong></span> <span class='ocrx_word' id='word_1_440' title='bbox 793 4437 1042 4501; x_wconf 81' lang='grc' dir='ltr'><strong>αἰωνίαις</strong></span> <span class='ocrx_word' id='word_1_441' title='bbox 1076 4436 1286 4506; x_wconf 85' lang='grc' dir='ltr'><strong>μοναῖς.</strong></span> 
     </span>
    </p>
   </div>
   <div class='ocr_carea' id='block_1_71' title="bbox 412 4633 1901 4715">
    <p class='ocr_par' dir='ltr' id='par_1_71' title="bbox 412 4633 1901 4715">
     <span class='ocr_line' id='line_1_71' title="bbox 412 4633 1901 4715; baseline -0.009 -16"><span class='ocrx_word' id='word_1_442' title='bbox 412 4644 817 4715; x_wconf 77' lang='grc' dir='ltr'><strong>Ἕλεημοσύνης</strong></span> <span class='ocrx_word' id='word_1_443' title='bbox 866 4641 1055 4713; x_wconf 72' lang='grc' dir='ltr'><strong>χωρὶς,</strong></span> <span class='ocrx_word' id='word_1_444' title='bbox 1119 4641 1370 4711; x_wconf 80' lang='grc' dir='ltr'><strong>ἄκαρπος</strong></span> <span class='ocrx_word' id='word_1_445' title='bbox 1425 4640 1459 4709; x_wconf 81' lang='grc' dir='ltr'>ἠ</span> <span class='ocrx_word' id='word_1_446' title='bbox 1514 4636 1683 4709; x_wconf 73' lang='grc' dir='ltr'>ψυχή.</span> <span class='ocrx_word' id='word_1_447' title='bbox 1717 4633 1901 4688; x_wconf 84' lang='grc' dir='ltr'><strong>Πάντα</strong></span> 
     </span>
    </p>
   </div>
   <div class='ocr_carea' id='block_1_72' title="bbox 312 4723 1903 4808">
    <p class='ocr_par' dir='ltr' id='par_1_72' title="bbox 312 4723 1903 4808">
     <span class='ocr_line' id='line_1_72' title="bbox 312 4723 1903 4808; baseline -0.009 -16"><span class='ocrx_word' id='word_1_448' title='bbox 312 4738 619 4808; x_wconf 80' lang='grc' dir='ltr'><strong>ἀκάθαρτα</strong></span> <span class='ocrx_word' id='word_1_449' title='bbox 666 4735 872 4803; x_wconf 78' lang='grc' dir='ltr'><strong>ταύτης</strong></span> <span class='ocrx_word' id='word_1_450' title='bbox 924 4734 1116 4804; x_wconf 73' lang='grc' dir='ltr'><strong>χωρὶς,</strong></span> <span class='ocrx_word' id='word_1_451' title='bbox 1187 4732 1364 4785; x_wconf 77' lang='grc' dir='ltr'><strong>πάντα</strong></span> <span class='ocrx_word' id='word_1_452' title='bbox 1419 4728 1676 4799; x_wconf 80' lang='grc' dir='ltr'><strong>ἀνόνητα.</strong></span> <span class='ocrx_word' id='word_1_453' title='bbox 1730 4723 1903 4777; x_wconf 81' lang='grc' dir='ltr'><strong>Τοῦτό</strong></span> 
     </span>
    </p>
   </div>
   <div class='ocr_carea' id='block_1_73' title="bbox 313 4817 1904 4897">
    <p class='ocr_par' dir='ltr' id='par_1_73' title="bbox 313 4817 1904 4897">
     <span class='ocr_line' id='line_1_73' title="bbox 313 4817 1904 4897; baseline -0.009 -13"><span class='ocrx_word' id='word_1_454' title='bbox 313 4822 535 4897; x_wconf 72' lang='grc' dir='ltr'><strong>ἐστινῷ</strong></span> <span class='ocrx_word' id='word_1_455' title='bbox 564 4826 878 4894; x_wconf 78' lang='grc' dir='ltr'><strong>ἐξισοῦσθαι</strong></span> <span class='ocrx_word' id='word_1_456' title='bbox 910 4824 1190 4895; x_wconf 84' lang='grc' dir='ltr'><strong>δυνάμεθα</strong></span> <span class='ocrx_word' id='word_1_457' title='bbox 1221 4823 1299 4894; x_wconf 82' lang='grc' dir='ltr'><strong>τῷ</strong></span> <span class='ocrx_word' id='word_1_458' title='bbox 1341 4821 1480 4893; x_wconf 81' lang='grc' dir='ltr'><strong>Θεῷ,</strong></span> <span class='ocrx_word' id='word_1_459' title='bbox 1517 4819 1580 4873; x_wconf 82' lang='grc' dir='ltr'><strong>τὸ</strong></span> <span class='ocrx_word' id='word_1_460' title='bbox 1608 4820 1777 4873; x_wconf 81' lang='grc' dir='ltr'><strong>ἐλεεῖν</strong></span> <span class='ocrx_word' id='word_1_461' title='bbox 1809 4817 1904 4872; x_wconf 59' lang='grc' dir='ltr'><strong>καί⁵</strong></span> 
     </span>
    </p>
   </div>
   <div class='ocr_carea' id='block_1_74' title="bbox 312 4910 1897 4990">
    <p class='ocr_par' dir='ltr' id='par_1_74' title="bbox 312 4910 1897 4990">
     <span class='ocr_line' id='line_1_74' title="bbox 312 4910 1897 4990; baseline -0.006 -16"><span class='ocrx_word' id='word_1_462' title='bbox 312 4920 639 4990; x_wconf 83' lang='grc' dir='ltr'><strong>οἰκτείρειν.</strong></span> <span class='ocrx_word' id='word_1_463' title='bbox 670 4919 839 4972; x_wconf 86' lang='grc' dir='ltr'><strong>Ὅταν</strong></span> <span class='ocrx_word' id='word_1_464' title='bbox 861 4913 955 4972; x_wconf 80' lang='grc' dir='ltr'><strong>οὖν</strong></span> <span class='ocrx_word' id='word_1_465' title='bbox 984 4916 1143 4971; x_wconf 82' lang='grc' dir='ltr'><strong>τοῦτο</strong></span> <span class='ocrx_word' id='word_1_466' title='bbox 1177 4916 1253 4986; x_wconf 87' lang='grc' dir='ltr'><strong>μὴ</strong></span> <span class='ocrx_word' id='word_1_467' title='bbox 1299 4914 1534 4985; x_wconf 74' lang='grc' dir='ltr'><strong>ἔχωμεν,</strong></span> <span class='ocrx_word' id='word_1_468' title='bbox 1564 4912 1659 4967; x_wconf 78' lang='grc' dir='ltr'><strong>τοῦ</strong></span> <span class='ocrx_word' id='word_1_469' title='bbox 1694 4910 1897 4974; x_wconf 81' lang='grc' dir='ltr'><strong>παντὸς</strong></span> 
     </span>
    </p>
   </div>
   <div class='ocr_carea' id='block_1_75' title="bbox 312 5002 1904 5081">
    <p class='ocr_par' dir='ltr' id='par_1_75' title="bbox 312 5002 1904 5081">
     <span class='ocr_line' id='line_1_75' title="bbox 312 5002 1904 5081; baseline -0.006 -16"><span class='ocrx_word' id='word_1_470' title='bbox 312 5009 774 5081; x_wconf 81' lang='grc' dir='ltr'><strong>ἀπεστερήμεθα.</strong></span> <span class='ocrx_word' id='word_1_471' title='bbox 813 5009 927 5063; x_wconf 88' lang='grc' dir='ltr'><strong>Ούκ</strong></span> <span class='ocrx_word' id='word_1_472' title='bbox 957 5003 1135 5070; x_wconf 79' lang='grc' dir='ltr'><strong>εἶπεν,</strong></span> <span class='ocrx_word' id='word_1_473' title='bbox 1178 5005 1307 5060; x_wconf 80' lang='grc' dir='ltr'><strong>Ἐὰν</strong></span> <span class='ocrx_word' id='word_1_474' title='bbox 1357 5005 1692 5075; x_wconf 82' lang='grc' dir='ltr'><strong>πιστεύσητε</strong></span> <span class='ocrx_word' id='word_1_475' title='bbox 1726 5002 1904 5074; x_wconf 84' lang='grc' dir='ltr'><strong>ὅμοιοί</strong></span> 
     </span>
    </p>
   </div>
   <div class='ocr_carea' id='block_1_76' title="bbox 316 5093 1903 5173">
    <p class='ocr_par' dir='ltr' id='par_1_76' title="bbox 316 5093 1903 5173">
     <span class='ocr_line' id='line_1_76' title="bbox 316 5093 1903 5173; baseline -0.005 -18"><span class='ocrx_word' id='word_1_476' title='bbox 316 5108 452 5157; x_wconf 80' lang='grc' dir='ltr'><strong>ὲστε</strong></span> <span class='ocrx_word' id='word_1_477' title='bbox 490 5102 570 5172; x_wconf 79' lang='grc' dir='ltr'><strong>τῷ</strong></span> <span class='ocrx_word' id='word_1_478' title='bbox 600 5101 775 5173; x_wconf 75' lang='grc' dir='ltr'><strong>Πατρὶ</strong></span> <span class='ocrx_word' id='word_1_479' title='bbox 810 5101 988 5171; x_wconf 81' lang='grc' dir='ltr'><strong>ὑμῶν.</strong></span> <span class='ocrx_word' id='word_1_480' title='bbox 1044 5100 1159 5154; x_wconf 82' lang='grc' dir='ltr'><strong>Οὐκ</strong></span> <span class='ocrx_word' id='word_1_481' title='bbox 1214 5093 1388 5163; x_wconf 81' lang='grc' dir='ltr'><strong>εἶπεν,</strong></span> <span class='ocrx_word' id='word_1_482' title='bbox 1424 5097 1551 5151; x_wconf 83' lang='grc' dir='ltr'><strong>Ἐὰν</strong></span> <span class='ocrx_word' id='word_1_483' title='bbox 1597 5094 1903 5166; x_wconf 89' lang='grc' dir='ltr'><strong>παρθενεύ-</strong></span> 
     </span>
    </p>
   </div>
   <div class='ocr_carea' id='block_1_77' title="bbox 321 5185 1905 5262">
    <p class='ocr_par' dir='ltr' id='par_1_77' title="bbox 321 5185 1905 5262">
     <span class='ocr_line' id='line_1_77' title="bbox 321 5185 1905 5262; baseline -0.004 -16"><span class='ocrx_word' id='word_1_484' title='bbox 321 5211 459 5262; x_wconf 84' lang='grc' dir='ltr'><strong>σητε</strong></span> <span class='ocrx_word' id='word_1_485' title='bbox 484 5211 497 5225; x_wconf 88' lang='grc'><strong>·</strong></span> <span class='ocrx_word' id='word_1_486' title='bbox 533 5193 671 5247; x_wconf 82' lang='grc' dir='ltr'><strong>ἀλλὰ</strong></span> <span class='ocrx_word' id='word_1_487' title='bbox 698 5193 751 5247; x_wconf 86' lang='grc' dir='ltr'><strong>τί</strong></span> <span class='ocrx_word' id='word_1_488' title='bbox 776 5210 791 5259; x_wconf 88' lang='grc'>;</span> <span class='ocrx_word' id='word_1_489' title='bbox 826 5194 1084 5247; x_wconf 78' lang='grc' dir='ltr'><strong>Γίνεσθε</strong></span> <span class='ocrx_word' id='word_1_490' title='bbox 1115 5192 1507 5261; x_wconf 77' lang='grc' dir='ltr'><strong>οἰκτίρμονες,</strong></span> <span class='ocrx_word' id='word_1_491' title='bbox 1531 5188 1611 5254; x_wconf 88' lang='grc' dir='ltr'><strong>ὠς</strong></span> <span class='ocrx_word' id='word_1_492' title='bbox 1646 5189 1678 5241; x_wconf 84' lang='grc' dir='ltr'><strong>ό</strong></span> <span class='ocrx_word' id='word_1_493' title='bbox 1703 5185 1905 5254; x_wconf 78' lang='grc' dir='ltr'><strong>Πατὴρ</strong></span> 
     </span>
    </p>
   </div>
   <div class='ocr_carea' id='block_1_78' title="bbox 320 5275 1903 5352">
    <p class='ocr_par' dir='ltr' id='par_1_78' title="bbox 320 5275 1903 5352">
     <span class='ocr_line' id='line_1_78' title="bbox 320 5275 1903 5352; baseline -0.008 -11"><span class='ocrx_word' id='word_1_494' title='bbox 320 5286 497 5352; x_wconf 76' lang='grc' dir='ltr'><strong>ὑμῶν</strong></span> <span class='ocrx_word' id='word_1_495' title='bbox 526 5287 560 5339; x_wconf 85' lang='grc' dir='ltr'>ὁ</span> <span class='ocrx_word' id='word_1_496' title='bbox 598 5284 667 5338; x_wconf 84' lang='grc' dir='ltr'><strong>ἐν</strong></span> <span class='ocrx_word' id='word_1_497' title='bbox 692 5283 817 5351; x_wconf 83' lang='grc' dir='ltr'><strong>τοῖς</strong></span> <span class='ocrx_word' id='word_1_498' title='bbox 837 5281 1363 5352; x_wconf 74' lang='grc' dir='ltr'><strong>οὐρανοῖς.Ἕλεον</strong></span> <span class='ocrx_word' id='word_1_499' title='bbox 1392 5278 1523 5350; x_wconf 82' lang='grc' dir='ltr'><strong>γὰρ,</strong></span> <span class='ocrx_word' id='word_1_500' title='bbox 1551 5278 1707 5347; x_wconf 78' lang='grc' dir='ltr'><strong>φησὶ,</strong></span> <span class='ocrx_word' id='word_1_501' title='bbox 1731 5275 1903 5341; x_wconf 76' lang='grc' dir='ltr'><strong>θέλω,</strong></span> 
     </span>
    </p>
   </div>
   <div class='ocr_carea' id='block_1_79' title="bbox 323 5375 804 5431">
    <p class='ocr_par' dir='ltr' id='par_1_79' title="bbox 323 5375 804 5431">
     <span class='ocr_line' id='line_1_79' title="bbox 323 5375 804 5431; baseline 0 -3"><span class='ocrx_word' id='word_1_502' title='bbox 323 5375 431 5429; x_wconf 75' lang='grc' dir='ltr'><strong>καὶ</strong></span> <span class='ocrx_word' id='word_1_503' title='bbox 459 5377 532 5431; x_wconf 86' lang='grc' dir='ltr'><strong>οὐ</strong></span> <span class='ocrx_word' id='word_1_504' title='bbox 560 5377 804 5430; x_wconf 78' lang='grc' dir='ltr'><strong>θυσίαν.</strong></span> 
     </span>
    </p>
   </div>
   <div class='ocr_carea' id='block_1_80' title="bbox 393 5481 1909 5560">
    <p class='ocr_par' dir='ltr' id='par_1_80' title="bbox 393 5481 1909 5560">
     <span class='ocr_line' id='line_1_80' title="bbox 393 5481 1909 5560; baseline -0.007 -19"><span class='ocrx_word' id='word_1_505' title='bbox 393 5482 496 5541; x_wconf 78' lang='grc' dir='ltr'><strong>Ὧν</strong></span> <span class='ocrx_word' id='word_1_506' title='bbox 527 5488 830 5559; x_wconf 80' lang='grc' dir='ltr'><strong>βουλόμεθα</strong></span> <span class='ocrx_word' id='word_1_507' title='bbox 848 5491 1034 5560; x_wconf 85' lang='grc' dir='ltr'><strong>τυχεῖν</strong></span> <span class='ocrx_word' id='word_1_508' title='bbox 1059 5486 1211 5558; x_wconf 75' lang='grc' dir='ltr'><strong>παρὰ</strong></span> <span class='ocrx_word' id='word_1_509' title='bbox 1236 5486 1333 5540; x_wconf 79' lang='grc' dir='ltr'><strong>τοῦ</strong></span> <span class='ocrx_word' id='word_1_510' title='bbox 1362 5484 1523 5549; x_wconf 78' lang='grc' dir='ltr'><strong>Θεοῦ,</strong></span> <span class='ocrx_word' id='word_1_511' title='bbox 1546 5483 1751 5537; x_wconf 88' lang='grc' dir='ltr'><strong>τούτων</strong></span> <span class='ocrx_word' id='word_1_512' title='bbox 1778 5481 1909 5551; x_wconf 85' lang='grc' dir='ltr'><strong>πρό-</strong></span> 
     </span>
    </p>
   </div>
   <div class='ocr_carea' id='block_1_81' title="bbox 324 5572 1910 5654">
    <p class='ocr_par' dir='ltr' id='par_1_81' title="bbox 324 5572 1910 5654">
     <span class='ocr_line' id='line_1_81' title="bbox 324 5572 1910 5654; baseline -0.006 -20"><span class='ocrx_word' id='word_1_513' title='bbox 324 5597 480 5654; x_wconf 78' lang='grc' dir='ltr'><strong>τεροι</strong></span> <span class='ocrx_word' id='word_1_514' title='bbox 514 5580 862 5651; x_wconf 82' lang='grc' dir='ltr'><strong>μεταδιδόναι</strong></span> <span class='ocrx_word' id='word_1_515' title='bbox 912 5582 1026 5643; x_wconf 90' lang='grc' dir='ltr'><strong>τοῖς</strong></span> <span class='ocrx_word' id='word_1_516' title='bbox 1072 5580 1302 5650; x_wconf 82' lang='grc' dir='ltr'><strong>πλησίον</strong></span> <span class='ocrx_word' id='word_1_517' title='bbox 1346 5577 1653 5649; x_wconf 83' lang='grc' dir='ltr'><strong>ὀφείλομεν.</strong></span> <span class='ocrx_word' id='word_1_518' title='bbox 1708 5576 1805 5627; x_wconf 81' lang='grc' dir='ltr'><strong>Ἂν</strong></span> <span class='ocrx_word' id='word_1_519' title='bbox 1854 5572 1910 5625; x_wconf 81' lang='grc' dir='ltr'><strong>δὲ</strong></span> 
     </span>
    </p>
   </div>
   <div class='ocr_carea' id='block_1_82' title="bbox 266 5668 1910 5743">
    <p class='ocr_par' dir='ltr' id='par_1_82' title="bbox 266 5668 1910 5743">
     <span class='ocr_line' id='line_1_82' title="bbox 266 5668 1910 5743; baseline -0.005 -17"><span class='ocrx_word' id='word_1_520' title='bbox 266 5732 287 5741; x_wconf 64' lang='lat'><em>_</em></span> <span class='ocrx_word' id='word_1_521' title='bbox 332 5674 462 5737; x_wconf 69' lang='grc' dir='ltr'><strong>τοὺς</strong></span> <span class='ocrx_word' id='word_1_522' title='bbox 494 5673 726 5742; x_wconf 81' lang='grc' dir='ltr'><strong>πλησίον</strong></span> <span class='ocrx_word' id='word_1_523' title='bbox 755 5672 961 5731; x_wconf 84' lang='grc' dir='ltr'><strong>τούτων</strong></span> <span class='ocrx_word' id='word_1_524' title='bbox 995 5671 1413 5743; x_wconf 85' lang='grc' dir='ltr'><strong>ἀποστερῶμεν,</strong></span> <span class='ocrx_word' id='word_1_525' title='bbox 1442 5670 1559 5732; x_wconf 81' lang='grc' dir='ltr'><strong>πῶς</strong></span> <span class='ocrx_word' id='word_1_526' title='bbox 1584 5668 1789 5721; x_wconf 81' lang='grc' dir='ltr'><strong>τούτων</strong></span> <span class='ocrx_word' id='word_1_527' title='bbox 1821 5680 1910 5718; x_wconf 81' lang='grc' dir='ltr'><strong>τυ-</strong></span> 
     </span>
    </p>
   </div>
   <div class='ocr_carea' id='block_1_83' title="bbox 336 5760 1907 5837">
    <p class='ocr_par' dir='ltr' id='par_1_83' title="bbox 336 5760 1907 5837">
     <span class='ocr_line' id='line_1_83' title="bbox 336 5760 1907 5837; baseline -0.003 -20"><span class='ocrx_word' id='word_1_528' title='bbox 336 5769 453 5837; x_wconf 73' lang='grc' dir='ltr'><strong>χτῖν</strong></span> <span class='ocrx_word' id='word_1_529' title='bbox 482 5765 805 5837; x_wconf 72' lang='grc' dir='ltr'><strong>βουλόμεθα.</strong></span> <span class='ocrx_word' id='word_1_530' title='bbox 862 5764 1174 5834; x_wconf 76' lang='grc' dir='ltr'><strong>Μακάριοι,</strong></span> <span class='ocrx_word' id='word_1_531' title='bbox 1218 5763 1402 5834; x_wconf 65' lang='grc' dir='ltr'><strong>φησιν,</strong></span> <span class='ocrx_word' id='word_1_532' title='bbox 1462 5766 1513 5818; x_wconf 80' lang='lat' dir='ltr'><strong>cl</strong></span> <span class='ocrx_word' id='word_1_533' title='bbox 1563 5760 1907 5831; x_wconf 73' lang='grc' dir='ltr'><strong>ἐλεήμονες,</strong></span> 
     </span>
    </p>
   </div>
   <div class='ocr_carea' id='block_1_84' title="bbox 1990 3193 2594 3270">
    <p class='ocr_par' dir='ltr' id='par_1_84' title="bbox 1990 3193 2594 3270">
     <span class='ocr_line' id='line_1_84' title="bbox 1990 3193 2594 3270; baseline -0.01 -16"><span class='ocrx_word' id='word_1_534' title='bbox 1990 3214 2114 3254; x_wconf 88' lang='lat' dir='ltr'><strong>mus</strong></span> <span class='ocrx_word' id='word_1_535' title='bbox 2140 3196 2205 3270; x_wconf 86' lang='lat' dir='ltr'><strong>(ll</strong></span> <span class='ocrx_word' id='word_1_536' title='bbox 2230 3195 2358 3253; x_wconf 86' lang='lat' dir='ltr'><strong>Cor.</strong></span> <span class='ocrx_word' id='word_1_537' title='bbox 2380 3212 2495 3259; x_wconf 89' lang='lat' dir='ltr'><strong>vm,</strong></span> <span class='ocrx_word' id='word_1_538' title='bbox 2517 3193 2594 3263; x_wconf 91' lang='lat'><strong>9).</strong></span> 
     </span>
    </p>
   </div>
   <div class='ocr_carea' id='block_1_85' title="bbox 2061 3298 3570 3384">
    <p class='ocr_par' dir='ltr' id='par_1_85' title="bbox 2061 3298 3570 3384">
     <span class='ocr_line' id='line_1_85' title="bbox 2061 3298 3570 3384; baseline -0.011 -15"><span class='ocrx_word' id='word_1_539' title='bbox 2061 3313 2323 3384; x_wconf 78' lang='lat' dir='ltr'><strong>Theologi.</strong></span> <span class='ocrx_word' id='word_1_540' title='bbox 2354 3342 2427 3354; x_wconf 92' lang='lat'><strong>-—</strong></span> <span class='ocrx_word' id='word_1_541' title='bbox 2458 3310 2818 3380; x_wconf 87' lang='lat' dir='ltr'><strong>Eleemosyna</strong></span> <span class='ocrx_word' id='word_1_542' title='bbox 2858 3306 2928 3362; x_wconf 91' lang='lat' dir='ltr'><strong>ab</strong></span> <span class='ocrx_word' id='word_1_543' title='bbox 2969 3304 3119 3362; x_wconf 92' lang='lat' dir='ltr'><strong>omni</strong></span> <span class='ocrx_word' id='word_1_544' title='bbox 3157 3300 3419 3359; x_wconf 91' lang='lat' dir='ltr'><strong>immunis</strong></span> <span class='ocrx_word' id='word_1_545' title='bbox 3459 3298 3570 3353; x_wconf 81' lang='lat' dir='ltr'><strong>ini-</strong></span> 
     </span>
    </p>
   </div>
   <div class='ocr_carea' id='block_1_86' title="bbox 1992 3391 3571 3477">
    <p class='ocr_par' dir='ltr' id='par_1_86' title="bbox 1992 3391 3571 3477">
     <span class='ocr_line' id='line_1_86' title="bbox 1992 3391 3571 3477; baseline -0.011 -15"><span class='ocrx_word' id='word_1_546' title='bbox 1992 3406 2205 3477; x_wconf 89' lang='lat' dir='ltr'><strong>quitate</strong></span> <span class='ocrx_word' id='word_1_547' title='bbox 2234 3412 2436 3461; x_wconf 90' lang='lat' dir='ltr'><strong>cuncta</strong></span> <span class='ocrx_word' id='word_1_548' title='bbox 2462 3401 2666 3457; x_wconf 90' lang='lat' dir='ltr'><strong>munda</strong></span> <span class='ocrx_word' id='word_1_549' title='bbox 2696 3400 2845 3456; x_wconf 88' lang='lat' dir='ltr'><strong>facit.</strong></span> <span class='ocrx_word' id='word_1_550' title='bbox 2872 3399 3000 3455; x_wconf 67' lang='lat' dir='ltr'><strong>Haec</strong></span> <span class='ocrx_word' id='word_1_551' title='bbox 3027 3405 3085 3453; x_wconf 93' lang='lat' dir='ltr'><strong>et</strong></span> <span class='ocrx_word' id='word_1_552' title='bbox 3107 3394 3317 3469; x_wconf 86' lang='lat' dir='ltr'><strong>jejunio</strong></span> <span class='ocrx_word' id='word_1_553' title='bbox 3341 3403 3399 3450; x_wconf 89' lang='lat' dir='ltr'><strong>et</strong></span> <span class='ocrx_word' id='word_1_554' title='bbox 3423 3391 3571 3447; x_wconf 83' lang='lat' dir='ltr'><strong>nuda</strong></span> 
     </span>
    </p>
   </div>
   <div class='ocr_carea' id='block_1_87' title="bbox 1992 3484 3569 3565">
    <p class='ocr_par' dir='ltr' id='par_1_87' title="bbox 1992 3484 3569 3565">
     <span class='ocr_line' id='line_1_87' title="bbox 1992 3484 3569 3565; baseline -0.011 -11"><span class='ocrx_word' id='word_1_555' title='bbox 1992 3498 2164 3554; x_wconf 91' lang='lat' dir='ltr'><strong>humo</strong></span> <span class='ocrx_word' id='word_1_556' title='bbox 2199 3496 2495 3553; x_wconf 86' lang='lat' dir='ltr'><strong>cubatione</strong></span> <span class='ocrx_word' id='word_1_557' title='bbox 2533 3494 2885 3565; x_wconf 60' lang='lat' dir='ltr'><strong>praestantior</strong></span> <span class='ocrx_word' id='word_1_558' title='bbox 2917 3500 3030 3558; x_wconf 89' lang='lat' dir='ltr'><strong>est;</strong></span> <span class='ocrx_word' id='word_1_559' title='bbox 3073 3506 3140 3545; x_wconf 91' lang='lat' dir='ltr'><strong>ac</strong></span> <span class='ocrx_word' id='word_1_560' title='bbox 3179 3490 3308 3544; x_wconf 88' lang='lat' dir='ltr'><strong>licet</strong></span> <span class='ocrx_word' id='word_1_561' title='bbox 3341 3487 3434 3542; x_wconf 92' lang='lat' dir='ltr'><strong>illa</strong></span> <span class='ocrx_word' id='word_1_562' title='bbox 3464 3484 3569 3539; x_wconf 86' lang='lat' dir='ltr'><strong>du-</strong></span> 
     </span>
    </p>
   </div>
   <div class='ocr_carea' id='block_1_88' title="bbox 1994 3578 3569 3659">
    <p class='ocr_par' dir='ltr' id='par_1_88' title="bbox 1994 3578 3569 3659">
     <span class='ocr_line' id='line_1_88' title="bbox 1994 3578 3569 3659; baseline -0.011 -11"><span class='ocrx_word' id='word_1_563' title='bbox 1994 3592 2160 3648; x_wconf 88' lang='lat' dir='ltr'><strong>rioris</strong></span> <span class='ocrx_word' id='word_1_564' title='bbox 2216 3592 2327 3646; x_wconf 90' lang='lat' dir='ltr'><strong>sint</strong></span> <span class='ocrx_word' id='word_1_565' title='bbox 2377 3588 2683 3659; x_wconf 73' lang='lat' dir='ltr'><strong>disciplina:</strong></span> <span class='ocrx_word' id='word_1_566' title='bbox 2736 3588 3115 3658; x_wconf 89' lang='lat' dir='ltr'><strong>majoremque</strong></span> <span class='ocrx_word' id='word_1_567' title='bbox 3169 3583 3418 3637; x_wconf 88' lang='lat' dir='ltr'><strong>laborem</strong></span> <span class='ocrx_word' id='word_1_568' title='bbox 3469 3578 3569 3632; x_wconf 79' lang='lat' dir='ltr'><strong>ha-</strong></span> 
     </span>
    </p>
   </div>
   <div class='ocr_carea' id='block_1_89' title="bbox 1993 3670 3571 3754">
    <p class='ocr_par' dir='ltr' id='par_1_89' title="bbox 1993 3670 3571 3754">
     <span class='ocr_line' id='line_1_89' title="bbox 1993 3670 3571 3754; baseline -0.01 -14"><span class='ocrx_word' id='word_1_569' title='bbox 1993 3685 2179 3750; x_wconf 88' lang='lat' dir='ltr'><strong>beant,</strong></span> <span class='ocrx_word' id='word_1_570' title='bbox 2207 3684 2381 3754; x_wconf 90' lang='lat' dir='ltr'><strong>major</strong></span> <span class='ocrx_word' id='word_1_571' title='bbox 2405 3691 2588 3737; x_wconf 87' lang='lat' dir='ltr'><strong>tamen</strong></span> <span class='ocrx_word' id='word_1_572' title='bbox 2619 3682 2987 3751; x_wconf 21' lang='lat' dir='ltr'><strong>eleemosynm.</strong></span> <span class='ocrx_word' id='word_1_573' title='bbox 3011 3677 3225 3732; x_wconf 88' lang='lat' dir='ltr'><strong>utilitas</strong></span> <span class='ocrx_word' id='word_1_574' title='bbox 3257 3682 3369 3736; x_wconf 83' lang='lat' dir='ltr'><strong>est;</strong></span> <span class='ocrx_word' id='word_1_575' title='bbox 3406 3670 3571 3725; x_wconf 81' lang='lat' dir='ltr'><strong>nimi-</strong></span> 
     </span>
    </p>
   </div>
   <div class='ocr_carea' id='block_1_90' title="bbox 1994 3758 3571 3833">
    <p class='ocr_par' dir='ltr' id='par_1_90' title="bbox 1994 3758 3571 3833">
     <span class='ocr_line' id='line_1_90' title="bbox 1994 3758 3571 3833; baseline -0.011 -3"><span class='ocrx_word' id='word_1_576' title='bbox 1994 3790 2120 3830; x_wconf 89' lang='lat' dir='ltr'><strong>rum</strong></span> <span class='ocrx_word' id='word_1_577' title='bbox 2155 3774 2340 3829; x_wconf 89' lang='lat' dir='ltr'><strong>colore</strong></span> <span class='ocrx_word' id='word_1_578' title='bbox 2374 3772 2618 3826; x_wconf 89' lang='lat' dir='ltr'><strong>animum</strong></span> <span class='ocrx_word' id='word_1_579' title='bbox 2659 3769 2880 3833; x_wconf 87' lang='lat' dir='ltr'><strong>imbuit,</strong></span> <span class='ocrx_word' id='word_1_580' title='bbox 2916 3766 3176 3823; x_wconf 85' lang='lat' dir='ltr'><strong>subtilem</strong></span> <span class='ocrx_word' id='word_1_581' title='bbox 3212 3761 3417 3824; x_wconf 90' lang='lat' dir='ltr'><strong>reddit,</strong></span> <span class='ocrx_word' id='word_1_582' title='bbox 3446 3758 3571 3830; x_wconf 81' lang='lat' dir='ltr'><strong>pul—</strong></span> 
     </span>
    </p>
   </div>
   <div class='ocr_carea' id='block_1_91' title="bbox 1995 3862 2787 3925">
    <p class='ocr_par' dir='ltr' id='par_1_91' title="bbox 1995 3862 2787 3925">
     <span class='ocr_line' id='line_1_91' title="bbox 1995 3862 2787 3925; baseline -0.009 -1"><span class='ocrx_word' id='word_1_583' title='bbox 1995 3868 2191 3925; x_wconf 86' lang='lat' dir='ltr'><strong>chrum</strong></span> <span class='ocrx_word' id='word_1_584' title='bbox 2224 3882 2287 3921; x_wconf 91' lang='lat' dir='ltr'><strong>ac</strong></span> <span class='ocrx_word' id='word_1_585' title='bbox 2311 3865 2611 3919; x_wconf 87' lang='lat' dir='ltr'><strong>formosum</strong></span> <span class='ocrx_word' id='word_1_586' title='bbox 2636 3862 2787 3917; x_wconf 90' lang='lat' dir='ltr'><strong>facit.</strong></span> 
     </span>
    </p>
   </div>
   <div class='ocr_carea' id='block_1_92' title="bbox 2065 3973 3577 4046">
    <p class='ocr_par' dir='ltr' id='par_1_92' title="bbox 2065 3973 3577 4046">
     <span class='ocr_line' id='line_1_92' title="bbox 2065 3973 3577 4046; baseline -0.012 -9"><span class='ocrx_word' id='word_1_587' title='bbox 2065 3983 2162 4037; x_wconf 84' lang='lat' dir='ltr'><strong>Illa</strong></span> <span class='ocrx_word' id='word_1_588' title='bbox 2214 3981 2482 4035; x_wconf 82' lang='lat' dir='ltr'><strong>duntaxat</strong></span> <span class='ocrx_word' id='word_1_589' title='bbox 2530 3978 2685 4032; x_wconf 92' lang='lat' dir='ltr'><strong>lucro</strong></span> <span class='ocrx_word' id='word_1_590' title='bbox 2732 3973 3182 4046; x_wconf 88' lang='lat' dir='ltr'><strong>reportabimus,</strong></span> <span class='ocrx_word' id='word_1_591' title='bbox 3232 3979 3577 4040; x_wconf 70' lang='lat' dir='ltr'><strong>qumcunque</strong></span> 
     </span>
    </p>
   </div>
   <div class='ocr_carea' id='block_1_93' title="bbox 1998 4064 3577 4144">
    <p class='ocr_par' dir='ltr' id='par_1_93' title="bbox 1998 4064 3577 4144">
     <span class='ocr_line' id='line_1_93' title="bbox 1998 4064 3577 4144; baseline -0.013 -14"><span class='ocrx_word' id='word_1_592' title='bbox 1998 4074 2129 4130; x_wconf 88' lang='lat' dir='ltr'><strong>illuc</strong></span> <span class='ocrx_word' id='word_1_593' title='bbox 2188 4069 2642 4144; x_wconf 70' lang='lat' dir='ltr'><strong>prmmiserimus.</strong></span> <span class='ocrx_word' id='word_1_594' title='bbox 2696 4068 2793 4123; x_wconf 94' lang='lat' dir='ltr'><strong>llla</strong></span> <span class='ocrx_word' id='word_1_595' title='bbox 2853 4067 3122 4122; x_wconf 82' lang='lat' dir='ltr'><strong>duntaxat</strong></span> <span class='ocrx_word' id='word_1_596' title='bbox 3173 4069 3365 4116; x_wconf 89' lang='lat' dir='ltr'><strong>nostra</strong></span> <span class='ocrx_word' id='word_1_597' title='bbox 3418 4064 3577 4119; x_wconf 82' lang='lat' dir='ltr'><strong>sunt,</strong></span> 
     </span>
    </p>
   </div>
   <div class='ocr_carea' id='block_1_94' title="bbox 1998 4151 3579 4239">
    <p class='ocr_par' dir='ltr' id='par_1_94' title="bbox 1998 4151 3579 4239">
     <span class='ocr_line' id='line_1_94' title="bbox 1998 4151 3579 4239; baseline -0.012 -18"><span class='ocrx_word' id='word_1_598' title='bbox 1998 4180 2343 4239; x_wconf 77' lang='lat' dir='ltr'><strong>qnzecunque</strong></span> <span class='ocrx_word' id='word_1_599' title='bbox 2397 4163 2565 4219; x_wconf 90' lang='lat' dir='ltr'><strong>animi</strong></span> <span class='ocrx_word' id='word_1_600' title='bbox 2617 4161 2851 4216; x_wconf 85' lang='lat' dir='ltr'><strong>virtutes</strong></span> <span class='ocrx_word' id='word_1_601' title='bbox 2903 4163 3033 4214; x_wconf 88' lang='lat' dir='ltr'><strong>sunt</strong></span> <span class='ocrx_word' id='word_1_602' title='bbox 3086 4172 3150 4212; x_wconf 90' lang='lat' dir='ltr'><strong>ac</strong></span> <span class='ocrx_word' id='word_1_603' title='bbox 3205 4162 3356 4209; x_wconf 91' lang='lat' dir='ltr'><strong>recte</strong></span> <span class='ocrx_word' id='word_1_604' title='bbox 3406 4151 3579 4211; x_wconf 81' lang='lat' dir='ltr'><strong>facta.</strong></span> 
     </span>
    </p>
   </div>
   <div class='ocr_carea' id='block_1_95' title="bbox 1997 4240 3581 4329">
    <p class='ocr_par' dir='ltr' id='par_1_95' title="bbox 1997 4240 3581 4329">
     <span class='ocr_line' id='line_1_95' title="bbox 1997 4240 3581 4329; baseline -0.013 -15"><span class='ocrx_word' id='word_1_605' title='bbox 1997 4261 2346 4329; x_wconf 82' lang='lat' dir='ltr'><strong>cleemosyna</strong></span> <span class='ocrx_word' id='word_1_606' title='bbox 2375 4256 2589 4311; x_wconf 89' lang='lat' dir='ltr'><strong>scilicet</strong></span> <span class='ocrx_word' id='word_1_607' title='bbox 2614 4262 2673 4309; x_wconf 86' lang='lat' dir='ltr'><strong>et</strong></span> <span class='ocrx_word' id='word_1_608' title='bbox 2697 4250 3035 4307; x_wconf 87' lang='lat' dir='ltr'><strong>humanitas.</strong></span> <span class='ocrx_word' id='word_1_609' title='bbox 3062 4247 3254 4318; x_wconf 87' lang='lat' dir='ltr'><strong>Neque</strong></span> <span class='ocrx_word' id='word_1_610' title='bbox 3283 4245 3430 4299; x_wconf 90' lang='lat' dir='ltr'><strong>enim</strong></span> <span class='ocrx_word' id='word_1_611' title='bbox 3463 4240 3581 4296; x_wconf 83' lang='lat' dir='ltr'><strong>fieri</strong></span> 
     </span>
    </p>
   </div>
   <div class='ocr_carea' id='block_1_96' title="bbox 1998 4336 3585 4421">
    <p class='ocr_par' dir='ltr' id='par_1_96' title="bbox 1998 4336 3585 4421">
     <span class='ocr_line' id='line_1_96' title="bbox 1998 4336 3585 4421; baseline -0.011 -15"><span class='ocrx_word' id='word_1_612' title='bbox 1998 4360 2182 4421; x_wconf 89' lang='lat' dir='ltr'><strong>potest</strong></span> <span class='ocrx_word' id='word_1_613' title='bbox 2211 4358 2273 4404; x_wconf 92' lang='lat' dir='ltr'><strong>ut</strong></span> <span class='ocrx_word' id='word_1_614' title='bbox 2298 4347 2535 4417; x_wconf 88' lang='lat' dir='ltr'><strong>sumptis</strong></span> <span class='ocrx_word' id='word_1_615' title='bbox 2567 4346 2770 4416; x_wconf 85' lang='lat' dir='ltr'><strong>opibus</strong></span> <span class='ocrx_word' id='word_1_616' title='bbox 2803 4343 3011 4398; x_wconf 90' lang='lat' dir='ltr'><strong>mundo</strong></span> <span class='ocrx_word' id='word_1_617' title='bbox 3043 4341 3298 4397; x_wconf 82' lang='lat' dir='ltr'><strong>excedas.</strong></span> <span class='ocrx_word' id='word_1_618' title='bbox 3324 4336 3585 4405; x_wconf 87' lang='lat' dir='ltr'><strong>Quinimo</strong></span> 
     </span>
    </p>
   </div>
   <div class='ocr_carea' id='block_1_97' title="bbox 2001 4427 3588 4509">
    <p class='ocr_par' dir='ltr' id='par_1_97' title="bbox 2001 4427 3588 4509">
     <span class='ocr_line' id='line_1_97' title="bbox 2001 4427 3588 4509; baseline -0.009 -14"><span class='ocrx_word' id='word_1_619' title='bbox 2001 4443 2167 4496; x_wconf 88' lang='lat' dir='ltr'><strong>etiam</strong></span> <span class='ocrx_word' id='word_1_620' title='bbox 2191 4442 2290 4494; x_wconf 92' lang='lat' dir='ltr'><strong>has</strong></span> <span class='ocrx_word' id='word_1_621' title='bbox 2310 4439 2729 4509; x_wconf 64' lang='lat' dir='ltr'><strong>praemittamus,</strong></span> <span class='ocrx_word' id='word_1_622' title='bbox 2752 4444 2815 4491; x_wconf 91' lang='lat' dir='ltr'><strong>ut</strong></span> <span class='ocrx_word' id='word_1_623' title='bbox 2838 4435 2904 4490; x_wconf 91' lang='lat' dir='ltr'><strong>iis</strong></span> <span class='ocrx_word' id='word_1_624' title='bbox 2927 4434 3091 4489; x_wconf 91' lang='lat' dir='ltr'><strong>nobis</strong></span> <span class='ocrx_word' id='word_1_625' title='bbox 3115 4435 3169 4488; x_wconf 93' lang='lat' dir='ltr'><strong>in</strong></span> <span class='ocrx_word' id='word_1_626' title='bbox 3194 4431 3419 4487; x_wconf 64' lang='lat' dir='ltr'><strong>mtcrnis</strong></span> <span class='ocrx_word' id='word_1_627' title='bbox 3442 4427 3588 4483; x_wconf 84' lang='lat' dir='ltr'><strong>sedi-</strong></span> 
     </span>
    </p>
   </div>
   <div class='ocr_carea' id='block_1_98' title="bbox 2004 4530 2855 4598">
    <p class='ocr_par' dir='ltr' id='par_1_98' title="bbox 2004 4530 2855 4598">
     <span class='ocr_line' id='line_1_98' title="bbox 2004 4530 2855 4598; baseline -0.005 -12"><span class='ocrx_word' id='word_1_628' title='bbox 2004 4532 2109 4587; x_wconf 87' lang='lat' dir='ltr'><strong>bus</strong></span> <span class='ocrx_word' id='word_1_629' title='bbox 2136 4530 2550 4586; x_wconf 89' lang='lat' dir='ltr'><strong>tabernaculum</strong></span> <span class='ocrx_word' id='word_1_630' title='bbox 2574 4543 2855 4598; x_wconf 90' lang='lat' dir='ltr'><strong>paremus.</strong></span> 
     </span>
    </p>
   </div>
   <div class='ocr_carea' id='block_1_99' title="bbox 2072 4633 3591 4715">
    <p class='ocr_par' dir='ltr' id='par_1_99' title="bbox 2072 4633 3591 4715">
     <span class='ocr_line' id='line_1_99' title="bbox 2072 4633 3591 4715; baseline -0.011 -14"><span class='ocrx_word' id='word_1_631' title='bbox 2072 4647 2224 4702; x_wconf 83' lang='lat' dir='ltr'><strong>Citra</strong></span> <span class='ocrx_word' id='word_1_632' title='bbox 2261 4647 2665 4715; x_wconf 79' lang='lat' dir='ltr'><strong>eleemosynam</strong></span> <span class='ocrx_word' id='word_1_633' title='bbox 2702 4642 3047 4697; x_wconf 83' lang='lat' dir='ltr'><strong>infructuosa</strong></span> <span class='ocrx_word' id='word_1_634' title='bbox 3082 4639 3264 4695; x_wconf 88' lang='lat' dir='ltr'><strong>anima</strong></span> <span class='ocrx_word' id='word_1_635' title='bbox 3300 4645 3386 4691; x_wconf 90' lang='lat' dir='ltr'><strong>est</strong></span> <span class='ocrx_word' id='word_1_636' title='bbox 3419 4653 3431 4687; x_wconf 87' lang='lat'><strong>:</strong></span> <span class='ocrx_word' id='word_1_637' title='bbox 3470 4633 3591 4686; x_wconf 86' lang='lat' dir='ltr'><strong>sine</strong></span> 
     </span>
    </p>
   </div>
   <div class='ocr_carea' id='block_1_100' title="bbox 2005 4731 3587 4804">
    <p class='ocr_par' dir='ltr' id='par_1_100' title="bbox 2005 4731 3587 4804">
     <span class='ocr_line' id='line_1_100' title="bbox 2005 4731 3587 4804; baseline -0.012 -11"><span class='ocrx_word' id='word_1_638' title='bbox 2005 4739 2118 4802; x_wconf 84' lang='lat' dir='ltr'><strong>illa,</strong></span> <span class='ocrx_word' id='word_1_639' title='bbox 2145 4744 2344 4791; x_wconf 87' lang='lat' dir='ltr'><strong>cuncta</strong></span> <span class='ocrx_word' id='word_1_640' title='bbox 2368 4735 2682 4801; x_wconf 88' lang='lat' dir='ltr'><strong>immunda,</strong></span> <span class='ocrx_word' id='word_1_641' title='bbox 2716 4735 2927 4789; x_wconf 87' lang='lat' dir='ltr'><strong>nullius</strong></span> <span class='ocrx_word' id='word_1_642' title='bbox 2953 4733 3126 4804; x_wconf 81' lang='lat' dir='ltr'><strong>frugis</strong></span> <span class='ocrx_word' id='word_1_643' title='bbox 3150 4731 3405 4785; x_wconf 80' lang='lat' dir='ltr'><strong>universa</strong></span> <span class='ocrx_word' id='word_1_644' title='bbox 3438 4732 3587 4779; x_wconf 87' lang='lat' dir='ltr'><strong>sunt.</strong></span> 
     </span>
    </p>
   </div>
   <div class='ocr_carea' id='block_1_101' title="bbox 2004 4818 3594 4899">
    <p class='ocr_par' dir='ltr' id='par_1_101' title="bbox 2004 4818 3594 4899">
     <span class='ocr_line' id='line_1_101' title="bbox 2004 4818 3594 4899; baseline -0.011 -14"><span class='ocrx_word' id='word_1_645' title='bbox 2004 4831 2081 4885; x_wconf 87' lang='lat' dir='ltr'><strong>Ea</strong></span> <span class='ocrx_word' id='word_1_646' title='bbox 2109 4845 2199 4884; x_wconf 85' lang='lat' dir='ltr'><strong>res</strong></span> <span class='ocrx_word' id='word_1_647' title='bbox 2221 4836 2327 4894; x_wconf 88' lang='lat' dir='ltr'><strong>est,</strong></span> <span class='ocrx_word' id='word_1_648' title='bbox 2354 4843 2465 4899; x_wconf 88' lang='lat' dir='ltr'><strong>qua</strong></span> <span class='ocrx_word' id='word_1_649' title='bbox 2487 4828 2601 4883; x_wconf 90' lang='lat' dir='ltr'><strong>Deo</strong></span> <span class='ocrx_word' id='word_1_650' title='bbox 2626 4826 2834 4897; x_wconf 72' lang='lat' dir='ltr'><strong>aequari</strong></span> <span class='ocrx_word' id='word_1_651' title='bbox 2861 4826 3012 4890; x_wconf 90' lang='lat' dir='ltr'><strong>licet,</strong></span> <span class='ocrx_word' id='word_1_652' title='bbox 3039 4831 3100 4879; x_wconf 91' lang='lat' dir='ltr'><strong>ut</strong></span> <span class='ocrx_word' id='word_1_653' title='bbox 3128 4836 3327 4889; x_wconf 89' lang='lat' dir='ltr'><strong>nempe</strong></span> <span class='ocrx_word' id='word_1_654' title='bbox 3355 4818 3594 4873; x_wconf 86' lang='lat' dir='ltr'><strong>eleemo-</strong></span> 
     </span>
    </p>
   </div>
   <div class='ocr_carea' id='block_1_102' title="bbox 2005 4907 3591 4995">
    <p class='ocr_par' dir='ltr' id='par_1_102' title="bbox 2005 4907 3591 4995">
     <span class='ocr_line' id='line_1_102' title="bbox 2005 4907 3591 4995; baseline -0.011 -18"><span class='ocrx_word' id='word_1_655' title='bbox 2005 4922 2153 4995; x_wconf 84' lang='lat' dir='ltr'><strong>synis</strong></span> <span class='ocrx_word' id='word_1_656' title='bbox 2170 4921 2490 4976; x_wconf 81' lang='lat' dir='ltr'><strong>Studeamus</strong></span> <span class='ocrx_word' id='word_1_657' title='bbox 2513 4936 2576 4975; x_wconf 89' lang='lat' dir='ltr'><strong>ac</strong></span> <span class='ocrx_word' id='word_1_658' title='bbox 2601 4919 2958 4974; x_wconf 87' lang='lat' dir='ltr'><strong>miseratione</strong></span> <span class='ocrx_word' id='word_1_659' title='bbox 2982 4914 3217 4984; x_wconf 83' lang='lat' dir='ltr'><strong>impensi</strong></span> <span class='ocrx_word' id='word_1_660' title='bbox 3250 4912 3443 4965; x_wconf 84' lang='lat' dir='ltr'><strong>simus.</strong></span> <span class='ocrx_word' id='word_1_661' title='bbox 3473 4907 3591 4961; x_wconf 88' lang='lat' dir='ltr'><strong>Non</strong></span> 
     </span>
    </p>
   </div>
   <div class='ocr_carea' id='block_1_103' title="bbox 2004 4997 3593 5083">
    <p class='ocr_par' dir='ltr' id='par_1_103' title="bbox 2004 4997 3593 5083">
     <span class='ocr_line' id='line_1_103' title="bbox 2004 4997 3593 5083; baseline -0.012 -14"><span class='ocrx_word' id='word_1_662' title='bbox 2004 5014 2145 5069; x_wconf 82' lang='lat' dir='ltr'><strong>dixit</strong></span> <span class='ocrx_word' id='word_1_663' title='bbox 2180 5032 2192 5067; x_wconf 77' lang='grc' dir='ltr'>ε</span> <span class='ocrx_word' id='word_1_664' title='bbox 2228 5012 2285 5067; x_wconf 89' lang='lat' dir='ltr'><strong>Si</strong></span> <span class='ocrx_word' id='word_1_665' title='bbox 2311 5011 2714 5083; x_wconf 83' lang='lat' dir='ltr'><strong>jejunaveritis,</strong></span> <span class='ocrx_word' id='word_1_666' title='bbox 2754 5009 2968 5063; x_wconf 78' lang='lat' dir='ltr'><strong>similes</strong></span> <span class='ocrx_word' id='word_1_667' title='bbox 2999 5005 3155 5061; x_wconf 83' lang='lat' dir='ltr'><strong>eritis</strong></span> <span class='ocrx_word' id='word_1_668' title='bbox 3188 5002 3366 5057; x_wconf 82' lang='lat' dir='ltr'><strong>Patris</strong></span> <span class='ocrx_word' id='word_1_669' title='bbox 3397 4997 3593 5053; x_wconf 75' lang='lat' dir='ltr'><strong>vestri.</strong></span> 
     </span>
    </p>
   </div>
   <div class='ocr_carea' id='block_1_104' title="bbox 2005 5090 3598 5173">
    <p class='ocr_par' dir='ltr' id='par_1_104' title="bbox 2005 5090 3598 5173">
     <span class='ocr_line' id='line_1_104' title="bbox 2005 5090 3598 5173; baseline -0.013 -11"><span class='ocrx_word' id='word_1_670' title='bbox 2005 5107 2124 5162; x_wconf 87' lang='lat' dir='ltr'><strong>Non</strong></span> <span class='ocrx_word' id='word_1_671' title='bbox 2160 5104 2302 5159; x_wconf 76' lang='lat' dir='ltr'><strong>dixit</strong></span> <span class='ocrx_word' id='word_1_672' title='bbox 2336 5122 2352 5157; x_wconf 84' lang='lat'><strong>:</strong></span> <span class='ocrx_word' id='word_1_673' title='bbox 2391 5102 2447 5158; x_wconf 87' lang='lat' dir='ltr'><strong>Si</strong></span> <span class='ocrx_word' id='word_1_674' title='bbox 2483 5101 2861 5173; x_wconf 82' lang='lat' dir='ltr'><strong>virginitatem</strong></span> <span class='ocrx_word' id='word_1_675' title='bbox 2887 5094 3200 5159; x_wconf 79' lang='lat' dir='ltr'><strong>colueritis;</strong></span> <span class='ocrx_word' id='word_1_676' title='bbox 3229 5092 3322 5146; x_wconf 85' lang='lat' dir='ltr'><strong>sed</strong></span> <span class='ocrx_word' id='word_1_677' title='bbox 3375 5108 3387 5144; x_wconf 92' lang='lat'><strong>:</strong></span> <span class='ocrx_word' id='word_1_678' title='bbox 3420 5090 3598 5144; x_wconf 80' lang='lat' dir='ltr'><strong>Estote</strong></span> 
     </span>
    </p>
   </div>
   <div class='ocr_carea' id='block_1_105' title="bbox 2008 5183 3597 5261">
    <p class='ocr_par' dir='ltr' id='par_1_105' title="bbox 2008 5183 3597 5261">
     <span class='ocr_line' id='line_1_105' title="bbox 2008 5183 3597 5261; baseline -0.013 -7"><span class='ocrx_word' id='word_1_679' title='bbox 2008 5197 2403 5261; x_wconf 79' lang='lat' dir='ltr'><strong>misericordes,</strong></span> <span class='ocrx_word' id='word_1_680' title='bbox 2446 5197 2580 5249; x_wconf 85' lang='lat' dir='ltr'><strong>sicut</strong></span> <span class='ocrx_word' id='word_1_681' title='bbox 2630 5192 2795 5245; x_wconf 81' lang='lat' dir='ltr'><strong>Pater</strong></span> <span class='ocrx_word' id='word_1_682' title='bbox 2841 5196 3009 5244; x_wconf 85' lang='lat' dir='ltr'><strong>vester</strong></span> <span class='ocrx_word' id='word_1_683' title='bbox 3050 5184 3268 5239; x_wconf 75' lang='lat' dir='ltr'><strong>cmlestis</strong></span> <span class='ocrx_word' id='word_1_684' title='bbox 3300 5183 3597 5236; x_wconf 79' lang='lat' dir='ltr'><strong>misericors</strong></span> 
     </span>
    </p>
   </div>
   <div class='ocr_carea' id='block_1_106' title="bbox 2007 5268 3597 5358">
    <p class='ocr_par' dir='ltr' id='par_1_106' title="bbox 2007 5268 3597 5358">
     <span class='ocr_line' id='line_1_106' title="bbox 2007 5268 3597 5358; baseline -0.013 -17"><span class='ocrx_word' id='word_1_685' title='bbox 2007 5295 2083 5341; x_wconf 84' lang='lat' dir='ltr'><strong>est</strong></span> <span class='ocrx_word' id='word_1_686' title='bbox 2113 5286 2251 5358; x_wconf 90' lang='lat' dir='ltr'><strong>(Luc</strong></span> <span class='ocrx_word' id='word_1_687' title='bbox 2272 5302 2345 5350; x_wconf 80' lang='lat' dir='ltr'><strong>vr,</strong></span> <span class='ocrx_word' id='word_1_688' title='bbox 2373 5284 2487 5353; x_wconf 81' lang='grc'>56).</span> <span class='ocrx_word' id='word_1_689' title='bbox 2522 5280 2947 5336; x_wconf 83' lang='lat' dir='ltr'><strong>Misericordiam</strong></span> <span class='ocrx_word' id='word_1_690' title='bbox 2994 5274 3166 5339; x_wconf 90' lang='lat' dir='ltr'><strong>enim,</strong></span> <span class='ocrx_word' id='word_1_691' title='bbox 3210 5272 3411 5341; x_wconf 89' lang='lat' dir='ltr'><strong>inquit,</strong></span> <span class='ocrx_word' id='word_1_692' title='bbox 3459 5268 3597 5333; x_wconf 68' lang='lat' dir='ltr'><strong>voto,</strong></span> 
     </span>
    </p>
   </div>
   <div class='ocr_carea' id='block_1_107' title="bbox 2007 5363 3370 5443">
    <p class='ocr_par' dir='ltr' id='par_1_107' title="bbox 2007 5363 3370 5443">
     <span class='ocr_line' id='line_1_107' title="bbox 2007 5363 3370 5443; baseline -0.012 -11"><span class='ocrx_word' id='word_1_693' title='bbox 2007 5387 2058 5431; x_wconf 86' lang='lat' dir='ltr'><strong>et</strong></span> <span class='ocrx_word' id='word_1_694' title='bbox 2082 5396 2182 5432; x_wconf 84' lang='lat' dir='ltr'><strong>non</strong></span> <span class='ocrx_word' id='word_1_695' title='bbox 2207 5375 2527 5443; x_wconf 85' lang='lat' dir='ltr'><strong>sacri/icium</strong></span> <span class='ocrx_word' id='word_1_696' title='bbox 2554 5371 2720 5443; x_wconf 79' lang='lat' dir='ltr'><strong>(Osee</strong></span> <span class='ocrx_word' id='word_1_697' title='bbox 2744 5388 2817 5435; x_wconf 72' lang='grc' dir='ltr'><strong>γι,</strong></span> <span class='ocrx_word' id='word_1_698' title='bbox 2850 5370 2912 5435; x_wconf 89' lang='lat'><strong>6;</strong></span> <span class='ocrx_word' id='word_1_699' title='bbox 2941 5366 3132 5422; x_wconf 86' lang='lat' dir='ltr'><strong>Matth.</strong></span> <span class='ocrx_word' id='word_1_700' title='bbox 3162 5381 3235 5431; x_wconf 78' lang='lat' dir='ltr'><strong>Ix,</strong></span> <span class='ocrx_word' id='word_1_701' title='bbox 3262 5363 3370 5433; x_wconf 80' lang='lat' dir='ltr'><strong>l5).</strong></span> 
     </span>
    </p>
   </div>
   <div class='ocr_carea' id='block_1_108' title="bbox 2078 5479 3601 5557">
    <p class='ocr_par' dir='ltr' id='par_1_108' title="bbox 2078 5479 3601 5557">
     <span class='ocr_line' id='line_1_108' title="bbox 2078 5479 3601 5557; baseline -0.011 -13"><span class='ocrx_word' id='word_1_702' title='bbox 2078 5490 2212 5557; x_wconf 72' lang='lat' dir='ltr'><strong>Qum</strong></span> <span class='ocrx_word' id='word_1_703' title='bbox 2240 5504 2270 5542; x_wconf 92' lang='lat' dir='ltr'><strong>a</strong></span> <span class='ocrx_word' id='word_1_704' title='bbox 2296 5488 2411 5542; x_wconf 92' lang='lat' dir='ltr'><strong>Deo</strong></span> <span class='ocrx_word' id='word_1_705' title='bbox 2438 5485 2709 5556; x_wconf 85' lang='lat' dir='ltr'><strong>consequi</strong></span> <span class='ocrx_word' id='word_1_706' title='bbox 2734 5484 3014 5544; x_wconf 79' lang='lat' dir='ltr'><strong>volumus,</strong></span> <span class='ocrx_word' id='word_1_707' title='bbox 3040 5480 3157 5534; x_wconf 62' lang='lat' dir='ltr'><strong>hinc</strong></span> <span class='ocrx_word' id='word_1_708' title='bbox 3184 5479 3344 5548; x_wconf 86' lang='lat' dir='ltr'><strong>prius</strong></span> <span class='ocrx_word' id='word_1_709' title='bbox 3374 5486 3601 5528; x_wconf 81' lang='lat' dir='ltr'><strong>necesse</strong></span> 
     </span>
    </p>
   </div>
   <div class='ocr_carea' id='block_1_109' title="bbox 2010 5560 3604 5648">
    <p class='ocr_par' dir='ltr' id='par_1_109' title="bbox 2010 5560 3604 5648">
     <span class='ocr_line' id='line_1_109' title="bbox 2010 5560 3604 5648; baseline -0.015 -11"><span class='ocrx_word' id='word_1_710' title='bbox 2010 5588 2096 5637; x_wconf 86' lang='lat' dir='ltr'><strong>est</strong></span> <span class='ocrx_word' id='word_1_711' title='bbox 2129 5588 2190 5633; x_wconf 92' lang='lat' dir='ltr'><strong>ut</strong></span> <span class='ocrx_word' id='word_1_712' title='bbox 2221 5575 2489 5648; x_wconf 79' lang='lat' dir='ltr'><strong>proximis</strong></span> <span class='ocrx_word' id='word_1_713' title='bbox 2526 5574 2938 5645; x_wconf 90' lang='lat' dir='ltr'><strong>impendamus.</strong></span> <span class='ocrx_word' id='word_1_714' title='bbox 2966 5569 3060 5625; x_wconf 91' lang='lat' dir='ltr'><strong>Sin</strong></span> <span class='ocrx_word' id='word_1_715' title='bbox 3101 5576 3282 5621; x_wconf 88' lang='lat' dir='ltr'><strong>autem</strong></span> <span class='ocrx_word' id='word_1_716' title='bbox 3325 5560 3604 5632; x_wconf 79' lang='lat' dir='ltr'><strong>proximos</strong></span> 
     </span>
    </p>
   </div>
   <div class='ocr_carea' id='block_1_110' title="bbox 2013 5651 3605 5737">
    <p class='ocr_par' dir='ltr' id='par_1_110' title="bbox 2013 5651 3605 5737">
     <span class='ocr_line' id='line_1_110' title="bbox 2013 5651 3605 5737; baseline -0.016 -10"><span class='ocrx_word' id='word_1_717' title='bbox 2013 5672 2121 5727; x_wconf 89' lang='lat' dir='ltr'><strong>illis</strong></span> <span class='ocrx_word' id='word_1_718' title='bbox 2159 5684 2346 5724; x_wconf 83' lang='lat' dir='ltr'><strong>carere</strong></span> <span class='ocrx_word' id='word_1_719' title='bbox 2392 5666 2551 5737; x_wconf 84' lang='lat'><strong>553</strong></span> <span class='ocrx_word' id='word_1_720' title='bbox 2597 5666 2909 5730; x_wconf 80' lang='lat' dir='ltr'><strong>siverimus,</strong></span> <span class='ocrx_word' id='word_1_721' title='bbox 2944 5659 3221 5733; x_wconf 88' lang='lat' dir='ltr'><strong>quomodo</strong></span> <span class='ocrx_word' id='word_1_722' title='bbox 3262 5655 3378 5708; x_wconf 52' lang='lat' dir='ltr'><strong>haec</strong></span> <span class='ocrx_word' id='word_1_723' title='bbox 3419 5668 3448 5707; x_wconf 89' lang='lat' dir='ltr'><strong>a</strong></span> <span class='ocrx_word' id='word_1_724' title='bbox 3492 5651 3605 5705; x_wconf 78' lang='lat' dir='ltr'><strong>Deo</strong></span> 
     </span>
    </p>
   </div>
   <div class='ocr_carea' id='block_1_111' title="bbox 2014 5742 3595 5831">
    <p class='ocr_par' dir='ltr' id='par_1_111' title="bbox 2014 5742 3595 5831">
     <span class='ocr_line' id='line_1_111' title="bbox 2014 5742 3595 5831; baseline -0.016 -14"><span class='ocrx_word' id='word_1_725' title='bbox 2014 5759 2276 5831; x_wconf 75' lang='lat' dir='ltr'><strong>consequi</strong></span> <span class='ocrx_word' id='word_1_726' title='bbox 2312 5758 2611 5814; x_wconf 70' lang='lat' dir='ltr'><strong>volumus?</strong></span> <span class='ocrx_word' id='word_1_727' title='bbox 2642 5757 2813 5823; x_wconf 85' lang='lat' dir='ltr'><strong>Beati,</strong></span> <span class='ocrx_word' id='word_1_728' title='bbox 2847 5751 3045 5824; x_wconf 84' lang='lat' dir='ltr'><strong>inquit,</strong></span> <span class='ocrx_word' id='word_1_729' title='bbox 3078 5742 3457 5807; x_wconf 79' lang='lat' dir='ltr'><strong>misericordes,</strong></span> <span class='ocrx_word' id='word_1_730' title='bbox 3482 5753 3595 5811; x_wconf 69' lang='lat' dir='ltr'><strong>quc-</strong></span> 
     </span>
    </p>
   </div>
  </div>
