4036 6278
206 338 357 404 ’ῖῧθ

1575 321 1741 381 LOCI
1779 318 2217 380 COMMUNES.

3399 320 3506 385 770

218 453 554 510 ἐλλείπειν.
593 447 665 503 Οὐ
697 446 806 516 γὰρ
834 444 863 515 θ
899 442 975 514 μὴ
999 439 1269 511 δυνηθεὶς,
1324 436 1438 489 ἀλλ’
1468 439 1495 489 ὁ
1530 436 1604 507 μὴ
1639 436 1831 507 βουλη-

1954 447 2164 487 ποι-ευε
2203 440 2484 502 przestare.
2511 431 2631 485 Non
2672 431 2820 486 enim
2862 431 2951 485 ille
2994 432 3046 486 in
3087 432 3245 504 culpa
3283 448 3389 502 est,
3414 440 3509 509 qui

230 543 375 606 Θεὶς
409 540 685 600 ὑπαίτιος.

312 630 496 687 Γενοῦ
535 629 611 700 τῷ
644 626 875 699 πλησίον
934 621 1282 695 τιμιώτερος,
1334 621 1398 672 ὲκ
1454 619 1549 671 τοῦ
1598 618 1835 687 φανῆναι

230 718 647 798 χρηστότερος.
690 718 856 773 Γενοῦ
901 716 979 788 τῷ
1031 713 1319 785 ἀτυχοῦντι
1374 711 1516 776 θεὸς,
1550 711 1642 764 τὸν
1684 710 1836 764 ἑλεον

227 817 349 872 τοῦ
383 816 527 870 Θεοῦ
561 814 732 885 μιμοῦ
741 828 925 882 μενος.

322 906 783 981 Συμμετρεῖσθαι
840 903 923 956 δεῖ
962 899 1040 970 τῷ
1087 897 1396 967 αἰτουμένῳ
1446 896 1546 965 τὴν
1596 896 1833 965 αἴτησιν.

249 1005 513 1077 ὐμοίως
564 1000 673 1071 γὰρ
723 998 921 1051 ἄτοπον
954 994 1105 1065 παρὰ
1148 990 1345 1063 μικροῦ
1383 989 1596 1061 μεγάλα
1632 988 1836 1077 ζητεῖν,

238 1076 353 1149 καί
384 1090 541 1163 παρὰ
565 1087 800 1161 μεγάλου
823 1084 1016 1156 μικρά.
1047 1083 1120 1136 Τὸ
1144 1082 1241 1153 μὲν
1264 1079 1372 1151 γὰρ
1396 1080 1653 1149 ἄκαιρον
1681 1078 1741 1130 τὸ
1760 1076 1836 1142 δὲ,

247 1184 659 1258 σμικρολότον.

326 1281 644 1345 ἔφυσοστ.
675 1302 746 1313 ——
783 1271 957 1323 Ὅταν
988 1264 1289 1336 διαθρὲψῃς
1318 1261 1411 1315 τὸν
1444 1260 1676 1328 πένητα,
1712 1274 1841 1312 σαυ-

245 1373 357 1426 τὸν
395 1368 585 1440 νόμιζε
613 1365 945 1435 διατρέφειν.
983 1360 1220 1429 Τοιαύτη
1249 1358 1357 1427 γὰρ
1385 1358 1419 1426 ἡ
1452 1353 1544 1407 τοῦ
1578 1353 1842 1424 πράγμα-

252 1479 358 1526 τος
394 1460 583 1529 φύσις,
625 1457 686 1522 ἐξ
717 1455 874 1528 ἡμῶν
908 1456 991 1517 είς
1046 1452 1191 1523 ἡμᾶς
1228 1449 1537 1519 μεταχωρεῖ
1585 1446 1657 1500 τὰ
1706 1445 1844 1499 διδό-

262 1572 440 1713 μεέιαιί
490 1637 821 1709 φοϐηθῶμεν
876 1632 1165 1701 δικαστὴν.
1205 1630 1311 1700 πρὸ
1347 1626 1440 1681 τοῦ
1491 1625 1844 1698 δικαστηρίου

1936 540 2049 579 non
2076 524 2271 587 valuit,
2302 523 2396 577 sed
2428 524 2521 593 qui
2554 522 2751 576 noluit.

1972 616 2140 669 'Esto
2184 614 2435 684 proximo
2479 613 2823 679 honoratior,
2858 628 2925 677 ex
2973 628 3041 667 eo
3082 616 3228 684 quod
3272 616 3514 673 videaris

1938 707 2248 779 benignior.
2275 706 2407 760 Esto
2434 705 2534 765 illi.
2556 705 2650 774 qui
2678 705 2927 761 adversis
2955 704 3325 773 conﬂictatur,
3352 709 3510 773 deus,

1938 800 2033 855 Dei
2064 797 2499 854 misericordiam
2534 797 2845 851 :emulatus.

2012 891 2092 946 Ad
2122 891 2391 945 rationem
2418 888 2538 958 ejus
2565 903 2597 941 a
2619 903 2729 957 quo
2757 887 2983 957 petitur,
3012 887 3349 944 moderanda
3376 891 3517 960 peti-

1941 982 2019 1037 tio
2056 990 2161 1037 εει.
2188 980 2362 1051 Ᾰζίιιιε
2394 980 2544 1035 enim
2585 979 2886 1033 absurdum
2925 988 3011 1034 est
3045 995 3077 1033 a
3115 995 3285 1048 parvo
3324 996 3517 1050 magna

1916 1068 1917 1071 “
1941 1091 2209 1147 σιυιετετε,
2232 1084 2396 1144 alque
2422 1090 2451 1127 a
2477 1087 2675 1141 magno
2698 1088 2885 1142 parva.
2909 1072 3047 1126 Illud
3071 1075 3219 1128 enim
3250 1075 3519 1145 intempe-

1942 1168 2175 1231 stivum,
2208 1166 2312 1220 hoc
2336 1180 2466 1219 vero
2492 1162 2778 1218 sordidum
2808 1163 2996 1218 fuerit.

2013 1260 2278 1331 Chrysost.
2307 1289 2377 1298 —
2410 1256 2545 1312 Cum
2590 1271 2890 1326 pauperem
2929 1256 3130 1326 pascis,
3167 1257 3404 1326 teipsum
3444 1258 3518 1312 ali

1942 1354 2278 1408 existimato.
2311 1349 2460 1403 Talis
2494 1348 2642 1403 enim
2684 1358 2769 1403 est
2809 1348 2973 1418 hujus
3013 1348 3091 1402 rei
3130 1358 3351 1412 natura,
3390 1359 3451 1403 ut
3488 1364 3519 1403 a

1943 1445 2107 1501 nobis
2144 1443 2201 1497 in
2242 1457 2345 1496 nos
2388 1447 2672 1495 transeant
2705 1456 2771 1495 ac
2806 1439 3148 1505 redundent,
3185 1456 3307 1511 qua:
3349 1440 3519 1496 dede-

1946 1537 2137 1591 rimus.

2014 1628 2165 1683 Nihil
2193 1626 2435 1698 iudicem
2462 1634 2797 1689 metuamus,
2821 1624 2916 1695 qui
2945 1631 3075 1679 ante
3102 1622 3369 1694 judicium
3396 1638 3523 1693 por-

254 1738 365 1806 τὴν
404 1737 565 1805 χεῖρα
623 1727 995 1802 προτείνοντα.
1059 1726 1152 1795 Μὴ
1202 1720 1532 1793 φοϐηθῶμεν
1582 1720 1845 1789 δικαστὴν

1954 1718 2075 1790 rigit
2095 1731 2319 1772 manum
2347 1735 2360 1771 :
2384 1717 2522 1771 nihil
2540 1717 2783 1788 judicem
2806 1724 3137 1781 metuamus,
3157 1716 3250 1786 qui
3273 1716 3524 1785 accipere

260 1829 373 1882 οὐκ
414 1823 754 1896 ἀρνούμενον
788 1820 849 1874 τὸ
881 1818 1087 1872 λαϐεῖν.

338 1918 556 1988 ηολλῆς
579 1915 826 1983 ἀλογίας,
853 1910 1022 1981 ἀγρὸν
1042 1909 1140 1980 μὲν
1166 1907 1484 1979 βουλόμενον
1507 1903 1845 1976 ὠνήσασθαι,

261 2014 366 2084 τὴν
400 2009 638 2081 εὔφορον
687 2006 790 2077 γῆν
839 2002 1151 2072 ἐπιζητεῖν
1220 1997 1451 2070 οὐρανοῦ
1484 1997 1542 2055 δὲ
1592 1996 1716 2063 ἀντὶ
1743 1996 1849 2065 γῆς

264 2100 664 2172 προκειμένου,
702 2097 877 2167 παρὸν
906 2095 1025 2146 ἐκεῖ
1060 2088 1372 2159 κτήσασθαι
1397 2087 1616 2158 χωρίον,
1660 2086 1848 2157 μένειν

264 2196 365 2251 ἐπὶ
387 2193 490 2263 τῆς
530 2191 653 2260 γῆς,
678 2189 776 2242 καὶ
807 2186 916 2240 τῶν
951 2186 1016 2238 ὲκ
1045 2182 1253 2252 ταύτης
1291 2179 1584 2250 ἀνέχεσθαι
1613 2179 1810 2239 πόνων.

342 2287 532 2353 Γρηγ.
576 2281 854 2345 Νύσσης.
881 2308 952 2318 ——
1003 2276 1061 2330 ’0
1124 2272 1325 2345 πτωχῷ
1361 2271 1719 2342 κοινωνήσας,
1770 2271 1849 2333 εἰς

268 2378 369 2447 τὴν
402 2374 598 2447 μερίδα
626 2371 721 2425 τοῦ
757 2370 825 2423 δι’
853 2371 1003 2440 ἡμᾶς
1036 2365 1447 2437 πτωχεύσαντος
1467 2363 1659 2419 ἑαυτὸν
1681 2378 1849 2417 κατα-

272 2471 489 2537 στήσει.

345 2557 593 2611 Νείλου.
612 2583 678 2593 -
710 2550 981 2620 Καθάπερ
1014 2547 1145 2603 ῐδιόν
1169 2548 1286 2599 ἐστι
1313 2545 1407 2599 τοῦ
1440 2544 1617 2614 φωτὸς
1646 2543 1708 2598 τὸ
1734 2560 1849 2613 φω·

269 2648 470 2713 τίζειν,
504 2646 679 2709 οὕτως
713 2645 841 2697 ῐδιον
882 2641 1020 2697 Θεοῦ
1054 2642 1117 2694 τὸ
1146 2639 1314 2694 ἐλεεῖν
1346 2639 1439 2693 καὶ
1461 2638 1751 2709 οἰκτείρειν
1780 2636 1848 2689 τὰ

274 2742 455 2796 οἰκεῖα
480 2737 802 2807 πλάσματα.
1284 2778 1294 2802 ,

352 2833 463 2888 Τοῦ
521 2832 696 2901 ἁγίου
747 2826 1068 2898 Είρηναίου
1116 2824 1187 2878 ἑκ
1236 2822 1348 2891 τῆς
1406 2822 1556 2893 πρὸς
1585 2819 1851 2886 Βίκτωρα

280 2925 630 2993 ἐπιστολῆς.
661 2924 832 2976 -Ἐν
860 2914 904 2989 ᾧ
954 2921 1018 2975 ἄν
1055 2936 1139 2987 τις
1168 2916 1387 2971 δύναιτο
1432 2910 1492 2981 εὖ
1540 2916 1712 2975 ποιεῖν
1740 2914 1851 2976 τοῖς

284 3018 530 3089 πλησίον,
584 3016 678 3069 καὶ
703 3015 762 3067 οὗ
812 3014 975 3076 ποιεῖ,
1027 3009 1308 3080 ἀλλότριος
1354 3008 1455 3080 τῆς
1505 3008 1724 3077 ἀγάπης
1755 3004 1850 3059 τοῦ

284 3110 487 3180 Κυρίου
522 3105 933 3177 νομισθήσεται.

349 3202 637 3264 Φίλωνος.
663 3230 734 3239 —
770 3197 1023 3261 Τοιοῦτος
1052 3196 1201 3265 γίνου
1238 3195 1367 3265 περὶ
1399 3192 1526 3257 τοὺς
1551 3190 1675 3252 σοὺς
1702 3188 1845 3243 οίκέ-

282 3309 399 3359 τας,
430 3287 544 3346 οἷον
570 3289 701 3362 εὔχῃ
731 3290 813 3343 σο)⁵
835 3290 924 3342 τὸν
953 3287 1088 3341 Θεὸν
1114 3285 1390 3356 γενέσθαι.
1407 3284 1495 3347 Ὦς
1521 3283 1629 3353 γὰρ
1657 3281 1841 3335 ἀκούο-

283 3404 404 3457 μεν,
430 3382 883 3453 ἀκουσθησόμεθα
918 3380 1023 3434 ὑπὸ
1057 3380 1151 3434 τοῦ
1185 3377 1352 3433 Θεοῖν
1393 3376 1486 3439 καὶ
1511 3374 1588 3439 ὡς
1611 3374 1847 3447 ὁρῶμεν,

282 3475 669 3548 ὁραθησόμεθα
735 3474 825 3527 ὑπ’
888 3472 1076 3526 αὑτοῦ.
1140 3470 1575 3542 Προενέγκωμεν
1618 3463 1712 3520 οὖν
1755 3465 1849 3517 τοῦ

285 3570 438 3622 ἐλέου
466 3569 551 3621 τὸν
590 3566 734 3620 ἔλεον
762 3565 858 3638 (b),
892 3565 979 3619 ἵνα
1015 3563 1116 3634 τῷ·
1136 3564 1307 3634 ὁμοίῳ
1331 3561 1393 3615 τὸ
1427 3561 1613 3630 ὅμοιον
1635 3558 1852 3612 ἀντιλά-

300 3661 381 3713 ὅω
387 3676 497 3730 μεν.

360 3752 614 3817 Δημοσθ.
643 3778 711 3788 -
749 3743 973 3801 Δίκαιόῆ
992 3747 1140 3799 ἐστιν
1170 3744 1339 3797 ἐλεεῖν
1357 3780 1372 3806 ,
1400 3742 1461 3795 οὐ
1490 3742 1617 3803 τοὺς
1638 3740 1852 3803 ἀδίκους

288 3840 397 3894 τῶν
433 3839 735 3909 ἀνθρώπων
755 3878 771 3904 ,
821 3838 957 3892 ἀλλὰ
1002 3838 1127 3900 τοὺς
1161 3834 1312 3904 παρὰ
1346 3833 1502 3903 λόγον
1530 3831 1855 3902 δυστυχοῦνο

288 3947 406 3995 τας.
1192 3942 1195 3945 ·
1807 3960 1813 3967 .

359 4023 561 4075 Βίαντ.
583 4052 654 4061 —
671 4021 799 4083 Βίας
824 4019 1041 4088 θανάτῳ
1069 4015 1276 4088 μέλλων
1305 4011 1688 4081 καταδικάζειν
1711 4011 1853 4079 τινὰ,

289 4114 606 4183 ἐδάκρυσεν.
644 4111 905 4174 Είπόντος
947 4110 1005 4163 δέ.
1028 4126 1193 4174 τινος,
1223 4107 1287 4160 Τί
1320 4105 1530 4170 παθὼν,
1561 4104 1726 4168 αὐτὸς
1756 4121 1856 4158 κα-

289 4205 592 4269 ταδικάζων
625 4204 871 4268 κλαίεις;
917 4197 1092 4254 εἶπενο
1122 4202 1243 4253 Ὅτι
1284 4198 1581 4268 ἀναγκαῖόν
1610 4198 1748 4263 ἐστι,
1788 4198 1854 4268 τῇ

294 4298 394 4368 μὲν
430 4297 591 4363 φύσει
627 4296 688 4349 τὸ
720 4293 1002 4366 συμπαθὲς
1035 4292 1347 4359 ἀποδοῦναι,
1375 4291 1454 4361 τῷ
1480 4292 1539 4346 δὲ
1581 4290 1729 4362 νόμῳ
1760 4290 1858 4361 τὴν

286 4391 485 4462 ψῆφον.

1877 1790 1919 1845 Β
1947 1827 2058 1865 non
2089 1817 2329 1865 recusat.

2017 1900 2184 1957 Valde
2235 1917 2265 1956 a
2315 1902 2527 1957 ratione
2573 1901 2815 1956 alienum
2860 1909 2977 1967 est,
3019 1914 3145 1955 eum
3190 1899 3285 1970 qui
3333 1913 3525 1970 agrum

1948 2009 2134 2049 emere
2171 1994 2325 2060 velit,
2362 2008 2554 2065 agrum
2602 1994 2840 2049 feracem
2886 1994 3167 2063 requirere
3218 2010 3231 2045 :
3275 1993 3527 2062 caeloque

1948 2084 2068 2140 vice
2101 2094 2265 2140 teme
2295 2086 2605 2157 proposito,
2627 2101 2753 2140 cum
2789 2086 2844 2139 in
2878 2100 2945 2139 eo
2978 2100 3168 2155 agrum
3206 2099 3529 2153 comparare

1949 2177 2130 2242 liceat,
2160 2178 2215 2232 in
2248 2187 2394 2233 terra
2424 2193 2649 2233 manere
2675 2194 2739 2232 ac
2766 2178 2885 2248 ejus
2914 2177 3133 2232 labores
3156 2176 3455 2231 sustinere.

2020 2270 2176 2343 (ἶνες.
2201 2270 2356 2353 Ιγῃεε.
2377 2301 2448 2312 --
2469 2272 2573 2338 Qui
2599 2286 2772 2341 egeno
2795 2270 3184 2333 communicat,
3209 2270 3266 2324 in
3290 2270 3410 2339 ejus
3432 2268 3529 2338 qui

1950 2371 2179 2429 prepter
2229 2377 2333 2416 nos
2354 2376 2563 2432 egenus
2591 2362 2768 2417 factus
2822 2370 2906 2416 est
2931 2361 2993 2434 (ll
3018 2359 3147 2415 Cor.
3170 2376 3282 2425 vm,
3305 2359 3382 2429 9),
3406 2374 3531 2414 sese

1950 2460 2164 2520 partem
2193 2454 2445 2507 collocat.

2020 2544 2151 2599 Nili.
2172 2576 2244 2586 ——
2265 2546 2335 2602 Ut
2362 2547 2500 2601 lucis
2525 2546 2812 2616 proprium
2841 2556 2927 2601 est
2956 2542 3299 2609 illuminare;
3325 2541 3405 2597 sic
3431 2540 3530 2597 Dei

1951 2635 2242 2705 proprium
2273 2646 2359 2692 cst
2384 2652 2611 2691 suorum
2641 2652 2873 2707 operum
2904 2634 3176 2691 misereri.

2020 2814 2080 2871 S.
2110 2815 2303 2868 Irenwi
2334 2830 2397 2867 ea:
2428 2817 2579 2885 epist.
2615 2790 2686 2868 αὖ
2717 2815 2991 2869 Victorem.
3020 2844 3089 2854 -—
3120 2812 3373 2879 Quandiu
3408 2814 3533 2882 quis

1954 2909 2009 2962 in
2038 2909 2298 2963 facultate
2328 2906 2495 2963 habet
2521 2916 2580 2961 ut
2605 2908 2868 2977 proximis
2897 2906 3230 2969 benefaciat,
3255 2918 3357 2958 nec
3380 2904 3530 2969 facit,

1952 3002 2168 3056 alienus
2196 3018 2225 3055 a
2256 3000 2472 3055 Domini
2499 3000 2794 3054 dilectione
2818 2998 3205 3053 aastimabitur.

2026 3179 2285 3235 Philonis.
2314 3208 2384 3221 -α-
2405 3180 2590 3237 Talem
2625 3189 2676 3234 te
2702 3172 3058 3233 famulis‘tuis
3084 3179 3285 3249 praebe,
3313 3179 3532 3248 qualem

1958 3272 2056 3325 tibi
2099 3272 2269 3327 Deum
2309 3281 2485 3341 optas.
2513 3272 2583 3327 Ut
2621 3273 2768 3327 enim
2811 3272 3090 3335 audimus,
3118 3288 3147 3324 a
3190 3272 3301 3325 Deo
3340 3270 3533 3324 audie-

1956 3380 2111 3429 mur;
2143 3374 2199 3417 et
2229 3373 2291 3420 ut
2320 3365 2592 3427 videmus,
2616 3362 2843 3418 videndi
2878 3363 2948 3417 ab
2979 3378 3051 3417 eo
3080 3378 3291 3417 sumus.
3320 3362 3533 3417 Miseri-

1957 3457 2201 3510 cordiam
2251 3457 2416 3525 igitur
2463 3456 2860 3510 misericordia:
2901 3471 3293 3525 praarogemus,
3330 3465 3391 3511 ut
3433 3469 3535 3524 pro

1957 3548 2123 3603 simili
2152 3547 2313 3617 555
2342 3548 2521 3603 simile
2548 3548 2899 3617 recipiamus.

2029 3743 2298 3798 Demosth.
2328 3772 2396 3783 -—-—
2417 3742 2655 3812 Equum
2692 3750 2851 3797 estut
2876 3744 3259 3808 misereamur,
3286 3758 3395 3799 non
3429 3744 3536 3798 ini-

1959 3851 2190 3906 quorum
2226 3834 2509 3887 hominum
2537 3850 2600 3887 ae
2634 3834 3032 3903 improborum,
3067 3836 3161 3890 sed
3210 3851 3400 3890 eorum
3442 3840 3538 3907 qui

1961 3928 2114 3983 nullo
2145 3941 2246 3980 suo
2277 3934 2430 3980 reatu
2449 3940 2514 3981 ac
2535 3924 2795 3981 immeriti
2821 3927 2875 3980 in
2905 3927 3066 3981 malis
3092 3938 3401 3983 versantur.

2038 4016 2263 4071 Biantis.
2289 4045 2357 4055 —-
2380 4015 2503 4070 Bias
2526 4015 2746 4085 capitali
2775 4017 3068 4085 quemdam
3090 4019 3365 4073 sententia
3381 4018 3543 4072 dam~

1962 4118 2212 4172 naturus,
2267 4110 2320 4163 in
2385 4107 2573 4163 ﬂetum
2624 4110 2826 4179 erupit.
2883 4110 3125 4180 Rogatus
3180 4120 3396 4176 autem,
3443 4110 3544 4181 qui

1967 4204 2023 4269 id
2046 4203 2358 4269 accidisset,
2384 4212 2445 4259 ut
2477 4202 2569 4273 Qui
2607 4202 2775 4274 iudex
2820 4202 3058 4269 sederet,
3118 4202 3235 4275 ipse
3283 4204 3491 4276 lugeret
3525 4221 3542 4261 :

1966 4301 2123 4367 Quia,
2153 4298 2348 4367 inquit,
2367 4305 2576 4350 natura}
2601 4295 2929 4381 quidem}
2969 4300 3392 4358 miserationem.
3440 4300 3547 4371 legi

1966 4410 2121 4455 vero,
2143 4390 2469 4451 sententiam
2501 4400 2561 4445 ut
2580 4392 2909 4456 tribuamus,
2946 4406 3167 4447 necesse
3196 4408 3299 4447 εει.

363 4482 866 4537 Φωκίων.-Οὗτε
923 4483 983 4549 ἐξ
1034 4481 1182 4553 ίεροῦ
1227 4480 1446 4552 βωμὸν,
1496 4478 1620 4532 οὔτε
1662 4480 1728 4533 ἐκ
1764 4478 1845 4549 τῆς

2039 4486 2333 4540 Phocionis.
2362 4514 2433 4522 —
2454 4485 2566 4538 Nec
2594 4500 2660 4539 ex
2694 4485 2897 4555 templo
2926 4501 3040 4552 ara,
3079 4502 3180 4541 nec
3209 4503 3276 4541 ex
3308 4487 3549 4543 humano

288 4572 637 4646 ἀνθρωπίνης
664 4576 877 4645 φύσεως
905 4574 1229 4647 ἀφαιρετέον
1252 4573 1343 4626 τὸν
1382 4571 1549 4626 ἔλεον.

363 4666 673 4735 Δημοκρίτ.
712 4666 1004 4735 Ἰσοκράτ.
1032 4668 1132 4721 καὶ
1170 4663 1551 4732 Ἐπικτήτου.
1580 4690 1633 4703 -
1684 4660 1868 4726 Ξένοις

1965 4594 2165 4651 genere
2190 4576 2427 4633 tollenda
2450 4577 2829 4631 misericordia
2855 4587 2960 4632 est.

2038 4670 2337 4731 Democriti,
2358 4667 2603 4721 Isocratis
2627 4676 2677 4721 et
2708 4667 2952 4738 Epicteti.
2988 4699 3057 4708 —
3080 4668 3393 4739 Percgrinis
3448 4668 3546 4720 tri-

293 4757 603 4827 μεταδίδου,
650 4756 882 4821 καὶτοῖς
910 4757 1185 4828 δεομένοις
1232 4757 1296 4808 ὲκ
1329 4754 1436 4807 τῶν
1465 4753 1651 4807 ὄντων·
1696 4754 1724 4806 ὁ
1758 4753 1845 4823 γὰι

1962 4762 2071 4821 bne
2094 4775 2158 4816 ac
2181 4761 2371 4831 egenis
2390 4776 2454 4813 ex
2482 4770 2573 4815 tua
2592 4760 2845 4815 facultate
2879 4776 2892 4812 :
2932 4760 3189 4829 quienim
3226 4760 3405 4829 egenti
3439 4773 3549 4812 non

294 4845 377 4917 μὴ
405 4847 581 4911 διδοὺς
608 4848 867 4921 δεομένῳ,
902 4848 1022 4901 οῦδὲ
1048 4847 1207 4911 αὐτὸς
1227 4846 1457 4917 λήψεται
1485 4845 1758 4916 δεόμενος.

372 4959 611 5031 Πειρατῇ
651 4978 757 5013 τινι
790 4961 1083 5030 ἐμπεσόντι
1113 4961 1193 5023 εἰς
1219 4960 1316 5030 τὴν
1342 4959 1467 5029 γῆν,
1497 4962 1591 5013 καὶ
1626 4959 1871 5029 διαφθει-

294 5048 517 5119 ρομένῳ
557 5048 845 5118 χειμῶνος,
896 5048 1239 5119 περιϐόλαιον
1288 5066 1370 5112 τις
1427 5050 1589 5120 ἄρας,
1619 5048 1868 5113 δέδωκεν,

292 5140 397 5193 καὶ
423 5141 502 5203 είς
534 5140 635 5211 τὴν
675 5141 853 5194 οἰκίαν
885 5140 1215 5210 εἰσαγαγὼν,
1252 5139 1321 5194 τὰ
1363 5140 1489 5210 ἑξῆς
1520 5141 1698 5194 πάντα
1726 5158 1867 5212 παρ-

1967 4852 2242 4915 tribuerit,
2272 4866 2342 4905 ne
2369 4851 2486 4920 ipse
2511 4850 2732 4919 quidem
2759 4850 3013 4920 accipiet,
3044 4865 3169 4903 cum
3197 4847 3430 4917 eguerit.

2048 4965 2183 5019 Cum
2220 4964 2410 5034 pirata:
2436 4963 2652 5017 cuidam
2688 4965 2744 5018 in
2780 4974 2979 5019 terram
3006 4964 3199 5032 cjccto,
3247 4976 3308 5015 ac
3341 4969 3551 5031 tempe-

1981 5066 2120 5112 state
2144 5054 2487 5125 naufragium
2532 5070 2716 5124 passo,
2769 5053 3040 5123 quisqiam
3091 5060 3300 5104 vestem
3356 5060 3552 5105 contu-

1982 5145 2156 5208 lisset,
2176 5154 2338 5213 atque
2356 5145 2409 5198 in
2433 5143 2656 5197 domum
2681 5141 3002 5205 induxisset,
3024 5138 3283 5209 omnique
3297 5140 3555 5210 debet-ps

295 5230 481 5302 έσχεν.
529 5231 873 5295 Ὀνειδισθείς
919 5233 977 5286 δὲ
1012 5233 1116 5286 ὑπό
1152 5251 1320 5299 τινος,
1348 5235 1428 5287 ὅτι
1448 5234 1575 5296 τοὺς
1604 5234 1839 5304 πονηροῦ

1983 5234 2325 5289 humanitate
2350 5242 2678 5303 prosecutus
2710 5240 2853 5287 esset
2879 5248 2893 5295 ;
2928 5230 3294 5301 exprobrante
3316 5232 3551 5301 quodam

1822 5388 2056 5445 NOTAE.

379 5526 452 5597 (ὁ)
488 5528 943 5597 Προενέγκωμεν
990 5527 1099 5581 τοῦ
1168 5528 1343 5582 ἐλέου
1389 5526 1505 5598 τόνᾲ
1553 5526 1749 5598 ἔλεον.
1771 5524 1845 5598 __Si<

1979 5540 2309 5597 pauperum,
2338 5526 2495 5597 quasi
2528 5527 2882 5598 semen_ejus,
2911 5542 3073 5598 quam
3103 5543 3133 5581 a
3163 5527 3274 5598 Deo
3300 5536 3401 5578 nos
3426 5537 3560 5576 con-

302 5588 563 5661 cidenda,
607 5588 756 5669 quod
808 5588 929 5653 erat
963 5598 1439 5669 προσενέγκωμεν,
1486 5596 1630 5651 facili
1677 5596 1871 5650 scriba:
1978 5588 2266 5669 secuturos
2298 5588 2611 5669 speramus,
2642 5588 2744 5669 ac.
2768 5588 3127 5669 {relutffenori
3178 5597 3358 5669 datam
3391 5606 3559 5669 pecu-

304 5662 783 5748 lapsu._Siejilana
810 5662 1148 5723 constructio
1177 5662 1239 5723 ae
1265 5662 1495 5732 sensus;
1530 5680 1724 5748 nempe
1752 5680 1872 5747 esse
1980 5668 2148 5733 niam,
2182 5662 2349 5737 quani
2396 5662 2606 5725 fructu
2637 5667 3027 5724 innumerabili
3051 5668 3107 5721 in
3146 5666 3283 5721 cmlo
3326 5662 3560 5731 recipia-

305 5737 774 5804 misericordiam,
841 5753 1003 5807 quam
1061 5753 1430 5809 pnerogamus
1508 5737 1872 5806 eleemosynis
1980 5752 2122 5791 mus.
