4036 6278
147 308 251 378 7'73

1468 300 1633 360 LOCI
1675 300 1996 359 COMMUN
2010 300 2113 359 ES.

3319 301 3428 365 775

213 421 528 491 Χρυσοστ.
563 449 629 457 —
670 416 728 469 Ὀ
760 415 858 487 μὲν
882 413 1097 485 πρῶτον
1141 413 1466 482 εὐεργετῶν,
1498 413 1731 486 φανερὰν

1914 411 2180 481 Clu‘ysosl.
2215 444 2280 450 —
2315 413 2418 479 Qui
2483 413 2633 483 prior
2692 413 3020 468 beneﬁcium
3079 413 3318 481 confert,
3380 416 3427 471 is

148 513 520 570 ἐπιδείκνυται
558 507 1064 580 τὴν,χρηστότητα·
1103 506 1132 558 ό
1174 505 1230 558 δὲ
1261 506 1665 578 εὐεργετηθεὶς.
1701 506 1731 559 ὃ

146 628 194 663 τι
230 608 297 661 ἂν
329 603 549 675 ἀποδῷ,
590 602 864 672 ὀφείλημα
918 597 1264 673 ἀποδίδωσιν,
1295 599 1355 654 οὐ
1403 599 1565 670 χάριν
1597 600 1734 652 ἀπο-

147 702 374 755 τίθεται.

211 791 575 860 κιήμεντος
612 787 861 858 Ῥώμης.
886 819 956 830 -
981 789 1056 842 Οὐ
1085 785 1292 842 δίκαιόν
1314 786 1434 838 ἐστι
1460 783 1557 838 τού
1579 783 1733 842 δεδω,

150 882 296 942 κότος
335 877 892 947 ἐγκαταλειφθέντος,
923 877 992 930 τά
1015 877 1238 930 δοθέντα
1263 875 1602 948 παραμένειν
1620 875 1734 937 τοῖς

150 971 488 1041 ἀγνώμοσιν.

219 1062 330 1116 Τοῦ
371 1063 660 1128 Νύσσης.
701 1091 772 1102 -
811 1059 872 1113 ὐ
901 1058 1135 1129 θελήσας
1186 1058 1247 1111 τὸ
1299 1055 1507 1124 ἀγαθὸν
1547 1055 1732 1126 μόνον,

153 1153 407 1216 κωλυθεὶς
464 1154 525 1207 δὲ.
553 1153 692 1224 πρὸς
732 1152 794 1205 τὸ
832 1151 996 1205 καλὸν
1032 1150 1110 1222 τῷ
1155 1151 1230 1220 μὴ
1281 1148 1561 1233 δύναρθαι,
1611 1147 1732 1200 κατ’

156 1246 293 1300 οὐδὲν
337 1243 665 1298 ἐλαττοῦται
701 1243 801 1313 τῆς
835 1243 1016 1312 ψυχῆς
1056 1239 1311 1305 διαθέσει,
1353 1237 1448 1292 τού
1499 1238 1588 1292 διὰ
1623 1237 1734 1292 τῶν

158 1342 319 1410 ἔργων
345 1338 452 1409 τὴν
483 1337 711 1409 γνώμην
737 1336 1028 1402 δείξαντος.

217 1524 438 1577 Φίλων.
470 1552 545 1562 -
573 1520 742 1574 Οὐδὲν
768 1518 914 1573 οὕτω
963 1517 1242 1587 εὐάγωγον
1289 1518 1370 1582 είς
1395 1515 1626 1583 εὔνοιαν,
1660 1517 1736 1582 ὡς

163 1618 190 1688 ἡ
217 1617 321 1669 τῶν
352 1614 828 1686 εὐεργετημάτων
872 1612 1143 1683 εὐφημίαι

221 1709 384 1762 Πλέον
421 1709 642 1776 ἀγάπα,
690 1704 932 1776 βασιλεῦ,
971 1707 1096 1768 τοὺς
1124 1703 1424 1776 λαμϐάνειν
1455 1703 1605 1776 παρὰ
1637 1701 1730 1756 σού

1842 510 2034 570 aperte
2062 501 2462 572 benignitatem
2523 504 2752 574 prodit:
2786 505 3057 560 beneﬁcio
3107 516 3293 561 autem
3351 509 3430 561 af-

1841 590 2021 646 fectus
2060 593 2331 662 quidquid
2396 594 2736 660 reddiderit,
2778 595 3030 652 debitum
3079 597 3281 664 reddit,
3317 613 3428 653 non

1840 682 2070 752 gratiam
2093 685 2335 754 reponit.

1913 773 2197 832 Clementis
2230 777 2477 832 Romani.
2503 779 2751 834 -—-llaud
2784 797 3004 851 mquam
3048 792 3155 844 est,
3221 796 3289 835 eo
3334 780 3428 850 qui

1843 865 2000 922 dedit
2029 869 2322 936 derelicto,
2355 887 2478 942 qua:
2504 871 2631 926 data
2658 880 2808 938 sunt,
2859 872 3007 943 apud
3045 872 3292 944 ingratos
3340 884 3443 926 re-'

1842 975 2090 1016 manere.

1910 1053 2135 1124 Nysaea.
2162 1053 2356 1122 —Qui
2407 1055 2586 1110 solum
2635 1059 2820 1112 animo
2857 1058 3064 1112 bonum
3109 1059 3429 1121 destinavit.

1843 1160 1928 1209 ac,
1957 1161 2068 1216 qua
2093 1145 2312 1202 laborat
2355 1147 2759 1214 imbecillitate,
2816 1151 3119 1219 quominus
3171 1151 3429 1206 honesta-

1845 1245 1956 1291 tem
1991 1235 2141 1291 illam
2191 1237 2503 1292 eniteretur
2535 1239 2856 1308 prohibitus
2893 1250 2998 1306 est,
3045 1240 3092 1295 is
3145 1241 3284 1294 nihil
3322 1241 3426 1294 mi-

1843 1327 2000 1382 noris
2025 1338 2112 1383 est
2138 1344 2201 1382 ea
2249 1329 2420 1383 animi
2449 1329 2952 1396 all'ectionemuam
2985 1332 3079 1402 qui
3103 1332 3270 1386 rebus
3295 1332 3428 1402 ipsis

1843 1421 2184 1476 voluntatem
2213 1423 2478 1479 ostendit.

1913 1513 2172 1570 Philonis.
2204 1546 2275 1555 —
2306 1515 2455 1571 Nihil
2480 1532 2636 1588 aeque
2673 1517 3118 1573 benevolentiam
3141 1521 3424 1585 conciliat,

1845 1621 1909 1662 ac
1944 1607 2345 1664 beneﬁciorum
2381 1621 2533 1680 grata
2557 1604 3035 1668 commemoratio.

1916 1699 2161 1754 Plustibi
2185 1699 2457 1772 diligendi
2481 1702 3072 1774 sunt,imperator,qui
3102 1705 3201 1760 abs
3231 1715 3282 1760 te
3300 1723 3430 1776 sup-

161 1801 374 1871 χάριτας
433 1799 808 1867 ἱκετεύοντας,
854 1799 999 1870 ἢπερ
1033 1797 1161 1861 τοὺς
1198 1797 1594 1861 σπουδάζοντας
1624 1795 1729 1849 6w-

1855 1791 2012 1861 plices
2042 1792 2248 1864 gratias
2279 1802 2494 1863 petunt,
2526 1811 2689 1864 quam
2729 1795 2824 1866 qui
2865 1813 3094 1852 munera
3129 1799 3230 1853 tibi
3262 1801 3430 1854 olfer-

167 1895 278 1963 ρεάς
306 1909 388 1945 σοι
428 1891 792 1963 προσφέρειν.
823 1890 951 1953 Τοῖς
983 1890 1082 1960 μὲν
1117 1888 1224 1960 γὰρ
1254 1889 1534 1959 ὀφειλέτης
1569 1889 1731 1957 apat-

168 1985 252 2054 ϐῆς
278 1983 637 2038 καθίσταται·
691 1984 742 2038 οί
791 1982 849 2036 δέ
880 1999 974 2035 σου
1017 1981 1108 2034 τὸν
1133 1979 1416 2051 ὀφειλέτην
1447 1981 1731 2051 ποιήσουσι

171 2079 245 2132 τόν
269 2076 648 2148 οἰκειούμενον
678 2075 749 2130 τά
780 2077 860 2139 είς
900 2073 1101 2136 αὐτοὺς
1133 2073 1415 2144 γινόμενα,
1442 2073 1537 2126 καὶ
1569 2072 1730 2142 ἀμει-

173 2171 377 2242 ϐόμενον
414 2169 664 2240 ἀγαθαῖς
696 2167 1034 2224 ἀντιδόσεσιν
1071 2166 1163 2219 τὸν
1200 2162 1588 2236 φιλάνθρωπόν
1637 2179 1729 2215 σου

176 2263 372 2316 σκοπόν.

234 2351 334 2406 Τοῦ
371 2349 592 2416 αὑτοῦ,
623 2349 742 2404 ἄλλ.
794 2350 1018 2402 Πλουτ.
1051 2375 1120 2386 -—
1159 2345 1224 2400 Ἦ
1253 2345 1412 2417 χάρις
1468 2343 1659 2416 ῶσπερ
1694 2345 1728 2416 ἡ

181 2443 373 2514 σελήνη,
406 2444 542 2498 ὅταν
568 2442 750 2496 τελεία
783 2439 1032 2510 γένηται,
1053 2439 1176 2498 τότε
1213 2437 1356 2508 καλὴ
1390 2436 1661 2506 φαίνεται.

235 2539 536 2608 Δημοκριτ.
564 2568 639 2612 έ-
667 2536 789 2608 Θεῷ
819 2537 1004 2608 ὅμοιον
1045 2536 1158 2607 ἔχει
1194 2536 1222 2588 ό
1263 2532 1570 2605 ἄνθρωπος,
1600 2534 1730 2588 ὅταν

182 2631 229 2683 τὸ
255 2627 306 2684 εὖ
334 2633 510 2684 ποιεῖν
551 2629 630 2702 μὴ
659 2628 1064 2700 καπηλεύηται·
1093 2626 1192 2680 καὶ
1211 2625 1273 2679 τὸ
1297 2626 1609 2696 εὐεργετεῖν
1637 2625 1732 2679 καὶ

182 2724 231 2774 τὸ
251 2723 555 2795 ἀληθεύειν.

249 2817 298 2870 '0
335 2817 490 2882 αὐτὸς
521 2817 649 2872 ίδὼν
676 2834 799 2872 τινα
829 2817 1139 2890 προχείρως
1178 2817 1313 2872 πᾶσι
1344 2815 1728 2886 χαριζόμενον,

192 2909 264 2962 καὶ
309 2896 689 2979 ἀνεξετῖάστως
748 2911 1220 2982 ὑπηρετούμενον,
1276 2909 1502 2974 Κακῶς,
1554 2905 1728 2972 εἶπεν,

197 3002 390 3068 ἀπόλοιο,
428 3005 522 3058 ὅτι
555 3003 656 3068 τὰς
700 3002 947 3075 Χάριτας
978 3003 1284 3076 παρθένους
1310 3001 1498 3068 οὔσας,
1527 3002 1731 3074 πόρνας

196 3091 432 3163 ἐποίησας.

1843 1900 1901 1940 re
1925 1885 2173 1940 student.
2208 1885 2306 1940 llis
2334 1886 2482 1940 enim
2510 1887 2807 1942 reddenda:
2843 1888 2982 1942 vicis
3007 1905 3133 1944 rcus
3156 1890 3422 1954 elliecris;

1841 1976 1921 2031 illi
1939 1991 2072 2032 vero
2088 1993 2216 2033 eum
2237 1977 2337 2032 tibi
2353 1977 2668 2033 debitorem
2705 1979 3077 2052 obstringent,
3115 1982 3207 2051 qui
3230 1980 3284 2035 in
3309 1984 3426 2036 suis

1838 2082 2116 2135 numerat,
2141 2085 2262 2140 qua:
2305 2069 2360 2124 in
2395 2071 2520 2126 illos
2556 2072 2886 2138 contuleris,
2940 2073 3149 2143 quique
3200 2075 3429 2144 eptimis

1840 2162 2384 2217 remunerationibus
2413 2163 2799 2219 misericordia
2855 2165 3247 2235 procliviorem
3305 2168 3428 2223 ani-

1839 2269 1988 2308 mum
2013 2264 2172 2310 tuum
2197 2255 2508 2311 donaturus
2529 2257 2624 2312 sit.

1910 2346 2188 2418 Ejusdem,
2223 2349 2294 2404 al.
2333 2346 2640 2404 Plutarchi.
2687 2380 2759 2390 —
2805 2349 3018 2415 Gratia,
3070 2350 3218 2404 haud
3265 2367 3430 2407 secus

1839 2453 1904 2495 ac
1934 2441 2087 2506 luna,
2115 2456 2244 2496 cum
2271 2443 2517 2513 perfecta
2543 2444 2746 2510 fuerit,
2780 2453 2912 2499 tunc
2945 2444 3181 2515 pulchra
3209 2445 3378 2500 lucet.

1909 2532 2196 2589 Democrit.
2219 2565 2290 2575 -
2322 2537 2437 2591 Deo
2461 2536 2645 2592 simile
2678 2537 2848 2593 habet
2876 2539 3042 2592 homo
3094 2538 3426 2594 benefacere

1840 2624 1931 2695 (si
1967 2627 2132 2682 modo
2156 2627 2262 2683 hoc
2286 2628 2465 2698 ipsum
2497 2645 2610 2684 non
2658 2630 3054 2702 cauponetur),
3104 2629 3423 2686 beneﬁcen-

1840 2717 2083 2789 tiamque
2113 2736 2180 2775 ac
2215 2722 2510 2778 veritatem
2543 2724 2755 2778 colere.

1908 2807 2057 2863 ldem
2089 2824 2213 2864 cum
2240 2811 2727 2867 animadverti-sset
2749 2812 3046 2883 quemdam
3079 2813 3426 2883 quibuslibet

1839 2899 2083 2969 proclive
2104 2901 2296 2972 largiri
2311 2918 2374 2957 ac
2407 2903 2794 2974 suppeditare,
2829 2904 3090 2974 nullaque
3112 2905 3309 2975 judicii
3335 2922 3424 2960 ra-

1841 2993 1988 3048 tione
2009 2994 2296 3066 obsequiis
2325 2997 2563 3053 ell‘usum
2598 3015 2611 3050 :
2645 2997 2804 3062 Male,
2841 2997 3042 3068 inquit,
3074 3014 3291 3068 pereas,
3321 3000 3420 3069 qui

1837 3086 2075 3154 Gratias,
2101 3104 2224 3159 qua:
2246 3089 2490 3161 virgines
2521 3090 2652 3155 sint,
2687 3089 3013 3145 meretrices
3038 3090 3312 3145 eﬂ‘eceris.

250 3152 783 3255 Moo'zlwroc.—Tb
824 3187 922 3259 μὲν
965 3188 1044 3249 είς
1091 3187 1386 3258 ἀχάριστον
1429 3183 1728 3252 ἀναλῶσαι,

1904 3152 2069 3252 557-
2099 3152 2432 3238 ἀθεείιὶοῆἰδ.
2477 3213 2548 3224 -
2588 3152 2647 3238 In
2684 3183 2960 3254 ingratum
2987 3181 3271 3253 quidpiam
3288 3198 3420 3237 con-

198 3276 458 3350 ἐπιζήμιον·
495 3280 562 3333 τὸ
597 3279 654 3334 δέ
683 3281 763 3344 εἰς
788 3279 1111 3351 εὐχάριστον
1145 3278 1219 3350 μὴ
1266 3278 1565 3342 ἀναλῶσαι,
1604 3277 1733 3349 βλα-

199 3367 340 3441 θερόν.

249 3461 524 3533 Κάτωνος.
548 3495 621 3507 -
653 3465 718 3518 Οἱ
751 3463 938 3518 πολλοὶ
961 3463 1070 3517 τῶν
1103 3462 1431 3535 ἀνθρώπων,
1470 3461 1606 3533 πρὸς
1633 3461 1734 3532 μὲν

194 3551 274 3614 τάς
298 3558 554 3626 τιμωρίας
575 3558 942 3628 ἑτοιμοτέρως
969 3556 1174 3627 ἔχουσι·
1201 3555 1339 3627 πρὸς
1363 3555 1421 3610 δέ
1443 3555 1543 3620 τὰς
1571 3555 1732 3628 εὐερ-

198 3640 358 3704 γεσίας
389 3647 469 3698 καὶ
509 3646 717 3714 φιλίας,
760 3646 990 3710 ὑπτίως.
1020 3638 1028 3644 ’

267 3732 585 3807 Ἀλέξανδρ.
617 3769 684 3779 —-
720 3739 1048 3811 Ξενοκράτει
1085 3740 1166 3812 τῷ
1211 3740 1491 3811 φιλοσόφῳ
1528 3740 1730 3810 πεντή-

196 3836 332 3877 κοντα
349 3828 580 3882 τάλαντα
612 3829 856 3898 πέμψας,
897 3829 972 3893 ὼς
996 3831 1097 3883 οὐκ
1134 3830 1372 3895 ἐδέξατο,
1409 3830 1484 3902 μὴ
1522 3829 1731 3883 δεῖσθαι

195 3916 359 3986 φήσας,
391 3922 688 3992 ἐρώτησεν,
725 3925 774 3975 εί
825 3923 959 3993 μηδὲ
1003 3923 1152 3992 φίλον
1188 3923 1302 3994 ἔχει
1349 3923 1728 3994 Ξενοκράτης·

204 4002 330 4072 Ἐμοὶ
358 4009 484 4081 γὰρ,
531 4012 656 4081 ἔφη,
705 4010 859 4081 μόλις
889 4013 919 4065 ὁ
964 4014 1191 4084 Δαρείου
1219 4012 1450 4077 πλοῦτος
1495 4013 1574 4076 είς
1606 4014 1734 4078 τοὺς

195 4094 347 4163 φίλους
375 4102 626 4173 ἤρκεσεν.

251 4189 384 4257 Τινὸς
412 4195 464 4250 δὲ
513 4195 622 4250 τῶν
666 4197 831 4252 αὐτοῦ
880 4197 1051 4266 φίλων
1095 4198 1420 4268 αἰτήσαντος
1450 4199 1614 4254 αὐτὸν
1651 4199 1733 4263 είς

196 4285 363 4349 προῖκα
392 4287 497 4359 τῆς
535 4288 826 4361 θυγατρὸς,
845 4291 1100 4344 ἐκέλευσε
1131 4292 1469 4362 πεντήκοντα
1495 4292 1732 4346 τάλαντα

196 4369 362 4428 λαϐεῖν’
409 4379 578 4433 αὐτοῦ
621 4380 680 4434 δέ
724 4382 1019 4453 φήσαντος,
1066 4384 1225 4438 ἱκανά
1272 4382 1412 4437 εἶναι
1442 4384 1600 4448 δέκα,
1639 4385 1732 4438 Σοὶ

1835 3272 2005 3338 ferre,
2055 3273 2423 3343 damnosum;
2477 3292 2591 3332 non
2633 3285 2822 3332 autem
2861 3275 3116 3332 conferre
3177 3277 3232 3331 in
3263 3292 3390 3331 eum

1834 3371 1929 3436 qui
1949 3374 2140 3435 gratus
2175 3368 2268 3433 sit,
2305 3368 2554 3423 noxium.

1903 3455 2142 3513 Catonis.
2201 3489 2273 3500 —-
2319 3460 2476 3516 Multi
2543 3461 2832 3519 hominum
2893 3463 2963 3520 ad
3035 3463 3418 3520 ulciscendum

1833 3549 2274 3619 promptissimi,
2337 3551 2408 3605 ad
2473 3553 2784 3620 praestanda
2846 3563 3036 3609 autem
3089 3570 3320 3609 munera
3349 3563 3419 3610 'et

1833 3639 2108 3695 amicitias
2136 3641 2513 3696 conciliandas
2551 3643 2852 3698 tardissimi
2886 3654 3042 3699 sunt.

1902 3733 2229 3788 Alexander.
2254 3763 2323 3774 —-
2357 3733 2496 3790 Cum
2528 3734 2826 3792 Xenocrati
2882 3738 3214 3808 philosopho
3250 3740 3417 3809 quiu-

1833 3826 2095 3895 quaginta
2127 3827 2329 3881 talenta
2356 3827 2618 3892 misisset,
2668 3830 2824 3899 isque
2864 3831 3231 3900 repudiasset,
3267 3831 3417 3902 quod

1833 3917 1938 3972 sibi
1967 3933 2108 3988 Opus
2147 3934 2269 3974 esse
2301 3929 2560 3990 negaret;
2603 3932 2958 3992 percontatus
2981 3935 3086 3988 est,
3137 3941 3268 3979 num
3318 3943 3418 3982 nec

1833 4010 2072 4065 amicum
2123 4011 2466 4069 Xenocrates
2506 4014 2739 4070 haberet
2771 4033 2784 4070 :
2822 4016 2953 4070 Mihi
2983 4018 3156 4081 enim,
3214 4019 3414 4089 inquit,

1832 4103 1923 4156 vix
1962 4104 2108 4158 Darii
2146 4121 2279 4175 gaza
2314 4106 2369 4160 in
2406 4107 2616 4162 amicos
2651 4107 2954 4165 sufﬁceret.

1901 4192 2039 4248 Cum
2076 4195 2300 4264 quidam
2354 4197 2657 4252 amicorum
2702 4198 2759 4254 in
2817 4199 2943 4255 ﬁlia-
2974 4200 3160 4256 dotem
3205 4202 3418 4272 aliquid

1832 4286 1903 4340 ab
1941 4302 2008 4342 eo
2035 4288 2304 4358 petiisset,
2337 4289 2740 4362 quinquaginta
2772 4294 2977 4348 talenta
3005 4295 3174 4365 jussit
3221 4313 3418 4353 nume-

1834 4381 1976 4446 rari;
2018 4382 2111 4436 illo
2161 4391 2346 4438 autem
2397 4383 2618 4440 dicente
2663 4386 2856 4442 decem
2899 4389 3034 4444 satis
3068 4406 3188 4445 esse
3218 4409 3231 4444 :
3267 4391 3413 4456 Tibi,

199 4465 292 4533 μὲν,
319 4469 434 4543 ἔφη,
468 4473 680 4541 λαϐεῖν,
716 4476 838 4546 ἐμοὶ
867 4475 922 4530 δὲ
959 4477 1059 4548 οὐχ
1094 4477 1255 4533 ίκανὸ.
1281 4475 1419 4532 εἶναι
1449 4477 1581 4531 δέκα
1607 4477 1728 4532 δοῦ-

1858 4474 2036 4543 nquit,
2063 4475 2197 4529 satis
2221 4475 2412 4530 decem
2439 4478 2724 4548 accipere;
2761 4479 2898 4535 mihi
2919 4491 3104 4538 autem
3133 4500 3243 4538 non
3281 4487 3416 4540 satis

199 4571 282 4612 ναι.

260 4651 308 4706 ’0
335 4658 486 4724 αὐτὸς
522 4661 823 4733 πληρώσας
861 4659 992 4714 ποτέ
1029 4661 1232 4715 ὀστέων
1255 4659 1482 4724 πίνακα,
1514 4657 1730 4728 ἔπεμψε

200 4743 397 4812 Διογένει
434 4753 512 4824 τῷ
541 4754 765 4825 Κυνικῷ
813 4755 1108 4825 φιλοσόφῳσ
1147 4757 1176 4808 ὀ
1221 4754 1277 4807 δὲ
1317 4753 1524 4816 λαϐὼν,
1555 4747 1728 4816 εἶπεν,

199 4831 392 4894 Κυνικὸν
419 4844 518 4914 μὲν
549 4845 610 4898 τὸ
642 4845 857 4918 βρῶμα,
891 4847 953 4902 οὐ
981 4845 1261 4917 βασιλικὸν
1292 4845 1349 4900 δὲ
1381 4846 1440 4900 τὸ
1465 4845 1658 4916 δῶρον.

258 5011 310 5067 Ὅ
355 5021 508 5087 αὐτὸς
553 5021 730 5090 εἶπεν,
780 5025 883 5095 τῆς
922 5026 1092 5098 αὐτῆς
1143 5027 1422 5099 ἁμαρτίας
1476 5024 1638 5091 εἶναι,
1669 5028 1731 5080 τὸ

199 5099 364 5164 διδόναι
387 5108 462 5180 οἷς
505 5117 584 5189 μὴ
611 5117 712 5184 δεῖ,
743 5119 836 5173 καὶ
861 5119 922 5174 τὸ
957 5120 1032 5192 μὴ
1061 5121 1262 5176 διδόναι
1287 5118 1370 5184 οἷς
1396 5121 1497 5175 δεῖ.

251 5200 484 5276 Διογένης
528 5209 828 5282 ἐρωτηθεὶς
879 5211 988 5264 ὑπό
1027 5228 1207 5274 τινος,
1247 5212 1336 5264 διὰ
1379 5212 1504 5266 τίνα
1545 5213 1730 5266 αἰτίαν

158 5331 160 5334 ,
199 5281 236 5333 οί
261 5285 532 5364 ἂνθρωποι,
571 5299 684 5363 τοῖς
732 5299 832 5370 μὲν
864 5301 1243 5371 προσαιτοῦσι,
1263 5300 1488 5355 διδόασι’
1525 5303 1638 5365 τοῖς
1667 5302 1726 5355 δὲ

202 5373 557 5454 φιλοποφούσιν,
601 5390 874 5463 οὐδαμῶς,
908 5387 1230 5457 εἷπεν,”οτι
1277 5395 1442 5466 χωλοὶ
1499 5395 1599 5466 μὲν
1634 5394 1728 5449 καὶ

200 5469 358 5536 τυφλοὶ
383 5475 508 5545 ἴσως
531 5481 813 5549 ἐλπίζουσι
843 5485 1121 5552 γενέσθαι,
1159 5487 1440 5558 φιλόσοφοι
1469 5486 1525 5540 δὲ
1569 5485 1653 5541 οὐ.

769 5600 1109 5654 Φιλιστίων.

348 5682 417 5752 τῇ
441 5686 1004 5766 δανείζειςιερεῖττόν
1034 5693 1206 5748 ἐστιν
1229 5695 1268 5762 ἦ
1295 5695 1564 5766 βροτοῖς»
1591 5697 1604 5766 i

273 5749 415 5816 unc"
441 5749 649 5828 τόκους
678 5749 887 5820 δίδωσι
916 5762 1004 5833 μὴ
1037 5749 1417 5834 λυπουλιὲνῖη.

1831 4567 2021 4623 decem
2055 4567 2208 4622 dare.

1903 4657 2050 4713 ldem
2102 4659 2316 4714 discum
2371 4661 2592 4717 ossibus
2649 4663 2875 4734 plenum
2932 4665 3160 4736 DiOgeni
3209 4666 3415 4737 Cynico

1832 4750 2164 4821 philosopho
2215 4752 2402 4806 misit:
2451 4770 2561 4823 quo
2598 4767 2845 4826 accepto,
2887 4757 3002 4811 ait:
3039 4759 3134 4812 Est
3187 4758 3411 4826 quidem

1833 4842 1994 4898 cibus
2055 4843 2285 4916 cynicus
2337 4846 2462 4916 (qui
2523 4847 2736 4903 scilicet
2790 4863 2981 4904 canem
3037 4849 3273 4918 deceat),
3315 4851 3412 4906 sed

1831 4933 2036 4990 donum
2061 4937 2289 4993 minime
2329 4939 2560 5010 regium.

1900 5026 2050 5082 ldem
2101 5029 2351 5084 dicebat:
2401 5029 2460 5084 ln
2490 5030 2686 5085 eodem
2709 5029 3027 5100 ponendum
3073 5030 3230 5096 vitio,
3280 5032 3411 5088 dare

1833 5118 2094 5190 indignis,
2130 5131 2187 5174 et
2221 5121 2404 5192 dignis
2437 5137 2548 5176 non
2581 5123 2735 5176 dare.

1900 5212 2230 5282 Diogenesa
2286 5213 2523 5284 quodam
2575 5222 2798 5284 rogatus
2830 5213 2961 5284 quid
3020 5230 3196 5269 causae
3243 5227 3408 5281 esset,

1830 5316 1930 5355 cur
1991 5303 2246 5358 homines
2293 5304 2562 5358 mendicis
2613 5303 2828 5369 darent,
2887 5305 3234 5376 philosophis
3281 5324 3412 5361 vero

1831 5395 1968 5450 nihil
1998 5397 2368 5467 largirentur:
2403 5397 2562 5463 Quia,
2587 5397 2790 5466 inquit,
2817 5413 2876 5454 se
2909 5398 3138 5454 claudos
3163 5409 3411 5455 etcmeos

1831 5488 1948 5544 fore
1968 5501 2287 5560 exspectare
2305 5498 2555 5560 possunt,
2572 5489 2932 5561 philosophos
2953 5500 3135 5545 autem
3160 5491 3404 5545 minimc.

2468 5603 2768 5659 Philistio».

1907 5696 2135 5751 Prwstat
2165 5704 2343 5760 terrw,
2371 5713 2531 5766 quant
2570 5698 2901 5762 mortalibus,
2943 5704 3183 5749 mutuum
3211 5694 3377 5758 dare;

1903 5765 2033 5831 Qua'
2057 5783 2159 5821 non
2198 5765 2390 5837 invita,
2417 5783 2608 5823 usuras
2639 5768 2823 5822 reddat
2846 5783 2908 5822 ac
2939 5769 3141 5835 (etiam.
