3964 6276
292 273 402 334 777

1610 279 1779 341 LOCI
1817 280 2257 349 COMMUNES.

3458 304 3565 367 778

288 408 387 446 ναι
426 392 713 464 ἄρχεσθαι,
745 393 1048 449 κινδυνεύει
1099 394 1283 467 πολλῷ
1332 394 1713 468 χαλεπώτερον
1737 393 1867 453 εἶναι

1987 418 2132 469 rere,
2180 404 2491 476 periculum
2523 416 2609 466 cst
2636 425 2707 467 ne
2757 412 2932 471 multo
2978 413 3262 475 difﬁcilius
3301 418 3375 477 sit
3421 423 3566 481 scire

287 481 357 534 τὺ
394 484 594 539 εἰδέναι
627 484 814 557 ἄρχειν
835 485 1161 559 ἀνθρώπων.

386 576 451 630 Ἦ
485 578 584 649 μὲν
620 579 837 646 ἀταξία,
866 579 1131 653 ἀναρχίας
1158 580 1279 636 ἐστὶ
1307 580 1617 653 γνώρισμα·
1646 581 1681 653 ἡ
1701 581 1759 636 δὲ
1788 581 1881 635 τά-

288 666 405 735 ξις.
440 671 530 722 τὸν
563 672 965 742 ἡγεμονεύοντα
1000 673 1263 729 δείκνυσι.
1310 672 1377 726 Τί
1412 675 1519 745 γὰρ
1550 672 1745 743 ὄφελος
1782 692 1880 728 κυ-

286 762 539 835 ϐερνήτῃ
560 759 700 817 εἶναι
729 765 988 836 χρηστὸν,
1020 768 1281 837 πονηροῖς
1313 764 1598 838 χρώμενον
1626 768 1875 839 ἐρέταιςς

368 940 465 1010 Μή
490 956 575 1003 τις
607 938 725 994 ἐνὸν
760 940 1058 1006 ἀκινδύνως
1104 941 1354 1007 ἱπεσθαι,
1394 943 1582 1014 ἄρχειν
1604 946 1881 1001 ἐπικινδύ-

290 1048 412 1095 νως
441 1030 819 1102 ὲπιθυμείσθω
845 1050 860 1066 ·
896 1036 1019 1107 μηδ’
1044 1037 1073 1090 ὁ
1092 1035 1190 1106 τῆς
1223 1036 1506 1107 ὑποταγῆς
1532 1038 1695 1109 νόμος
1719 1056 1884 1095 κατα-

289 1123 532 1190 λυέσθω,
567 1126 602 1196 ἡ
638 1124 735 1180 καὶ
769 1124 839 1180 τὰ
888 1126 1110 1197 ἐπίγεια
1143 1130 1360 1200 συνέχει
1399 1132 1495 1184 καὶ
1524 1130 1594 1184 τὰ
1627 1132 1879 1204 οὐράνια.

371 1211 438 1264 Ol
470 1211 731 1283 βασιλεῖς,
773 1215 1008 1269 αἰδεῖσθε
1034 1216 1132 1286 τὴν
1164 1217 1492 1289 ἁλουργίδα·
1526 1222 1882 1295 νομοθετήσει

288 1305 411 1374 γὰρ
440 1303 537 1358 καὶ
563 1306 885 1376 νομοθέταις
906 1309 936 1360 ό
962 1308 1142 1377 λόγος.
1166 1308 1468 1366 Γινώσκετε
1489 1311 1542 1365 τί
1570 1312 1629 1366 τὸ
1658 1332 1876 1369 πιστευο

289 1396 393 1448 θὲν
430 1397 583 1466 ὑμῖν,
622 1398 720 1451 καὶ
754 1398 807 1452 τί
857 1398 919 1453 τὸ
950 1402 1082 1472 περὶ
1121 1401 1268 1472 ὑμᾶς
1300 1405 1625 1476 μυστήριον.
1660 1408 1883 1480 Κόσμος

287 1488 422 1552 ὅλος
450 1488 556 1542 ύπὺ
597 1492 755 1562 χεῖρα
799 1491 902 1563 τὴν
934 1493 1214 1565 ἡμετέραν
1257 1494 1552 1567 διαδήματι
1584 1499 1767 1572 μικρῷ
1788 1502 1881 1555 καὶ

292 1577 498 1649 βραχεῖ
544 1581 718 1653 ῥακίῳ
782 1582 1175 1654 κρατούμενος.
1233 1586 1315 1639 Τά
1365 1586 1468 1657 μὲν
1525 1587 1661 1659 ἄνω,
1711 1592 1880 1672 ,μόνου

289 1669 435 1725 Θεοῦ
464 1688 480 1703 ·
512 1672 581 1726 τά
613 1673 669 1728 δὲ
701 1674 872 1741 κάτω,
907 1677 1003 1730 καὶ
1036 1677 1213 1749 ὑμῶν.
1241 1680 1368 1733 Θεοὶ
1409 1680 1625 1749 γίνεσθε
1653 1669 1763 1749 τοῖς
1791 1686 1880 1756 ὑφ’

1983 510 2275 566 imperare.
2420 565 2433 575 υ

2050 588 2276 646 Ordinis
2318 594 2600 662 perversio
2630 612 2696 652 ac
2736 597 2991 655 confusio
3048 602 3253 659 indicio
3299 616 3405 672 est,
3451 623 3563 665 non

1979 696 2102 737 esse
2134 684 2228 753 qui
2263 687 2583 758 magistratu
2618 692 2910 760 przesitzat
2940 695 3079 750 ordo
3121 697 3320 754 ducem
3370 704 3564 771 praesi-

1981 768 2219 843 demque
2264 778 2532 834 ostendit.
2574 779 2717 848 Quid
2757 785 2906 839 enim
2952 788 3128 858 juvat.
3181 793 3327 861 quod
3373 768 3564 849 bonus

1981 862 2338 934 gubernator,
2372 870 2466 940 qui
2504 886 2706 942 pravos
2743 890 2912 947 Opera
2967 880 3206 952 remiges
3258 883 3557 941 adhibeat?

2052 956 2247 1023 Nemo,
2278 961 2368 1016 cui
2402 971 2521 1019 tuto
2562 969 2721 1039 sequi
2764 970 2949 1036 liccat,
2990 988 3108 1027 rem
3159 977 3293 1032 alea:
3342 978 3563 1049 plenam

1982 1068 2219 1122 praeesse
2262 1055 2575 1113 desideret:
2635 1076 2815 1132 neque
2876 1080 3009 1120 vero
3058 1066 3424 1137 subiectionis
3474 1071 3563 1126 lex

1983 1144 2338 1217 infringatur,
2363 1166 2487 1221 qua:
2514 1158 2571 1207 ct
2605 1161 2826 1210 terrena
2859 1166 2917 1211 et
2965 1160 3213 1214 cmicstia
3248 1172 3561 1219 conservat.

2055 1239 2251 1311 Reges,
2304 1258 2566 1314 purpurze
2619 1250 2988 1305 reverentiam
3045 1252 3292 1320 habete;
3354 1256 3563 1311 etenim

1983 1329 2125 1385 ratio
2157 1332 2327 1387 etiam
2374 1330 2789 1405 legislatoribus
2824 1340 2999 1411 legem
3036 1343 3301 1414 imponet.
3354 1348 3565 1403 Intelli-

1982 1421 2093 1491 gite
2120 1424 2268 1493 quod
2322 1426 2483 1484 vobis
2523 1430 2797 1486 creditum
2840 1442 2948 1500 est,
2986 1446 3041 1490 et
3070 1438 3233 1507 quale
3267 1439 3359 1503 sit,
3412 1443 3561 1511 quod

1980 1531 2079 1571 vos
2101 1518 2394 1590 contingit,
2442 1523 2785 1595 mysterium.
2834 1526 3071 1585 Mundus
3116 1530 3415 1587 universus
3457 1534 3560 1590 sub

1982 1624 2145 1664 manu
2192 1622 2375 1669 vestra
2422 1616 2617 1687 exigua
2680 1618 2851 1676 fascia
2911 1638 3191 1695 parvoque
3255 1627 3553 1696 panniculo

1982 1712 2227 1762 tenetur.
2276 1707 2528 1780 Superna
2556 1712 2805 1783 quidem,
2850 1716 3026 1773 solius
3057 1719 3153 1773 Dei
3200 1730 3363 1775 sunt:
3422 1722 3561 1779 infe-

290 1763 467 1834 ὑμᾶς·
495 1765 584 1819 ἶνα
616 1766 759 1822 είπω
789 1785 844 1821 τι
871 1770 966 1823 καὶ
997 1770 1419 1845 τολμηρότερον·
1448 1776 1672 1846 Καρδία
1691 1779 1867 1843 ,βασι-

308 1854 448 1880 υη,
489 1856 554 1880 ιη
601 1859 740 1880 Λα.
777 1860 920 1880 ομ-
979 1879 983 1880 ν
1048 1862 1062 1880 .
1145 1863 1166 1880 υ
1436 1867 1448 1880 ι
1619 1868 1630 1880 -

2328 1763 2373 1780 ν,
2404 1763 2528 1767 ,η
2562 1763 2805 1783 1_-_-_-,
2850 1763 3026 1773 πη--
3057 1763 3153 1773 νυ.
3200 1763 3362 1775 .,......
3423 1763 3533 1779 ..ην

1987 1798 2130 1854 riora
2159 1816 2295 1856 vero
2329 1817 2396 1857 ac
2422 1813 2665 1872 terrena,
2690 1807 2858 1864 etiam
2895 1819 3099 1866 vestra.
3138 1812 3221 1867 Dii
3252 1822 3429 1871 estote
3470 1816 3559 1880 iis.

289 1854 449 1923 .léwc
484 1856 554 1911 ἐν
591 1859 743 1929 χειρί
772 1860 945 1925 Θεοῦ,
975 1862 1071 1915 καὶ
1112 1863 1327 1937 εἴρηται
1364 1867 1459 1921 καὶ
1496 1868 1874 1928 πεπίστευται.

300 1948 572 2005 Ἐνταῦθα
598 1951 706 2006 έσω
737 1954 798 2007 τὸ
837 1955 1036 2025 κράτος
1065 1956 1241 2028 ύμῶν,
1276 1958 1413 2014 ἀλλά
1440 1959 1519 2033 μὴ
1552 1961 1609 2015 ὲν
1633 1961 1715 2036 τῷ
1739 1982 1874 2037 χρυ-

290 2038 379 2112 σῷ
420 2042 518 2095 καὶ
560 2045 681 2107 ταῖς
721 2045 979 2116 φάλαγξι.

364 2215 441 2269 Τὸ
466 2217 795 2291 δραστήριον
830 2219 1044 2276 δείκνυε
1087 2222 1163 2294 μὴ
1211 2223 1290 2295 τῷ
1318 2225 1451 2298 δρᾷν
1480 2225 1693 2290 κακῶς,
1718 2227 1798 2298 τῷ
1826 2225 1872 2281 δ’

285 2304 352 2364 εὖ
381 2327 434 2364 τι
464 2313 669 2375 ποιεῖν;
708 2314 759 2366 εί
808 2314 985 2379 θέλεις
1020 2310 1161 2369 εἶναι
1212 2318 1355 2382 θεός.
1391 2319 1464 2372 Τὸ
1501 2319 1559 2373 δὲ
1590 2321 1739 2374 ἔστιν
1777 2322 1874 2376 ἀν-

282 2401 417 2472 δρὸς
446 2402 649 2467 εἰδότος
691 2407 999 2475 συγγενεῖς·
1035 2408 1240 2463 κτείνει
1281 2408 1339 2463 δὲ
1374 2410 1551 2482 ῥᾷστα
1590 2413 1688 2466 καὶ
1739 2432 1871 2486 τρυ-

286 2491 407 2563 γὼν
438 2494 510 2565 (ε)
544 2494 640 2548 καὶ
673 2496 958 2566 σκορπίος.

360 2783 660 2853 Χρυσοστ.
694 2815 765 2826 --
790 2782 971 2858 Τιμῆς
1011 2787 1265 2859 μέγεθος,
1298 2793 1412 2856 τοῖς
1438 2792 1536 2847 οὐκ
1563 2793 1729 2860 ἀξίως
1767 2796 1868 2869 ζῇν

285 2875 764 2947 προαιρουμένοις,
800 2876 1099 2951 προσθήκη
1134 2882 1413 2954 τιμωρίας
1442 2885 1617 2943 ἐστίν.

357 3050 651 3116 Βασιλείας
686 3050 782 3105 τοῦ
833 3053 969 3108 Θεοῦ
1010 3055 1105 3110 δύο
1134 3055 1276 3115 οἶδεν
1304 3062 1338 3132 ή
1369 3063 1585 3136 Γραφὴ,
1624 3067 1726 3140 τὴν
1764 3068 1863 3140 μὲν

279 3143 408 3195 κατ’
438 3143 741 3210 οίκείωσιν,
772 3145 871 3217 τὴν
900 3146 959 3201 δὲ
989 3151 1135 3206 κατά
1161 3133 1559 3228 δημιουργίανξ
1582 3133 1866 3217 Βασιλεύει
1894 3133 1940 3192 C

280 3234 389 3304 μὲν
420 3238 534 3307 γὰρ
554 3236 831 3305 ἁπάντων,
863 3239 961 3294 καὶ
991 3240 1287 3315 Ἑλλήνων,
1315 3249 1416 3303 καὶ
1455 3249 1743 3321 Ἰουδαίων,
1776 3259 1872 3311 καὶ

273 3326 580 3396 δαιμόνων,
621 3332 718 3384 καὶ
749 3330 860 3384 τῶν
900 3332 1400 3411 ἀντιτεταγμένων,
1441 3346 1586 3400 κατὰ
1634 3347 1727 3401 τὸν
1770 3350 1868 3422 τῆς

272 3417 649 3490 δημιουργίας
680 3422 862 3493 λόγον.

366 3511 535 3565 ’Όταν
577 3516 765 3587 ἄρχων
810 3520 1179 3595 ἀνεπίληπτος
1299 3530 1455 3597 πᾶσι,
1481 3532 1600 3587 τότε
1644 3531 1867 3590 δύναται

286 3602 416 3674 μεθ’
444 3605 572 3678 ὅσης
604 3608 854 3678 βούλεται
896 3614 1144 3681 ἐξουσίας
1176 3619 1272 3673 καὶ
1312 3622 1564 3687 κολάζειν
1598 3626 1697 3681 καὶ
1728 3645 1860 3699 συγο

279 3700 506 3768 χωρεῖν,
538 3700 663 3764 τοὺς
695 3702 791 3758 ὑπ’
826 3706 977 3779 αύτῷ
1008 3714 1366 3785 ταττομένους
1399 3716 1668 3785 ἅπαντας.

354 3879 523 3933 Οὐδὲν
562 3884 705 3939 οὕτω
751 3886 994 3947 δείκνυσι
1030 3893 1123 3949 τὸν
1151 3895 1250 3968 τὴν
1277 3898 1451 3972 ἀρχὴν
1486 3901 1681 3973 ἔχοντα
1718 3904 1797 3973 ὡς
1828 3911 1863 3981 ή

269 3970 637 4073 φιλοστοργία
670 3981 799 4051 ’περὶ⁸
824 3984 952 4048 τοὺς
976 3970 1336 4060 ἀρχομένους.
1367 3970 1477 4048 Καὶ
1508 3970 1618 4069 γὰρ
1648 3970 1865 4073 πατέρα

263 4063 339 4165 οῦ
379 4064 443 4117 τὸ
477 4070 735 4140 γεννῆσαι
767 4075 930 4145 μόνον
959 4083 1125 4148 ποιεί,
1151 4082 1288 4137 ἀλλά
1315 4088 1408 4141 καὶ
1440 4089 1499 4143 τὸ
1522 4063 1699 4159 ιριλεῖν
1723 4063 1864 4165 μετὰ

263 4154 345 4255 τδ
371 4160 649 4231 γεννῆσαι.
682 4165 747 4219 Εἰ
768 4167 823 4221 δὲ
855 4168 985 4226 ἔνθα
1016 4174 1202 4243 φύσις,
1236 4178 1463 4254 ἀγάπης
1501 4154 1677 4255 χρεία,
1724 4154 1862 4243 πολ-

262 4248 356 4319 λῷ
383 4252 587 4320 μᾶλλον
622 4255 749 4312 ἔνθα
783 4261 818 4331 ἡ
851 4262 1034 4336 χάρις.

349 4340 469 4444 ρύκ
493 4345 552 4397 ὲν
579 4349 645 4419 τῇ
680 4350 886 4420 χλανίδι
933 4357 1029 4410 καὶ
1062 4359 1128 4430 τῇ
1167 4360 1333 4433 ζώνῃ,
1356 4364 1478 4419 οὐδὲ
1520 4367 1579 4421 ὲν
1612 4371 1675 4441 τῇ
1708 4374 1858 4445 φωνῇ

258 4432 372 4486 τοῦ
400 4437 643 4508 κήρυκος
664 4442 873 4515 ἄρχων,
902 4448 1021 4503 ἀλλ’
1055 4452 1111 4505 ὲν
1145 4452 1223 4524 τῷ
1252 4432 1321 4509 τά
1341 4432 1695 4531 πεπονηκότα
1716 4432 1857 4518 livet:

260 4543 336 4622 κει
348 4527 534 4597 ἄσθαι,
574 4535 672 4587 καὶ
710 4536 776 4591 τὰ
808 4542 999 4607 κακῶς
1028 4542 1222 4616 ἔχοντα
1252 4548 1501 4622 διορθοῦν
1525 4527 1554 4582 ’ν
1574 4554 1668 4607 καὶ
1696 4557 1859 4613 κολά-

258 4617 393 4684 ζειν
436 4623 536 4692 μὲν
565 4626 807 4684 ἀδικίαν·
850 4632 926 4705 μὴ
975 4640 1281 4710 συγχωρεῖν
1308 4617 1363 4695 δέ
1398 4642 1515 4719 ὑπὸ.
1535 4643 1858 4713 δυναστείας

256 4712 337 4765 τὸ
372 4713 586 4771 δίκαιον
620 4721 1053 4782 ἀπελαύνεσθαι.
1612 4806 1617 4813 ι

346 4806 566 4863 Φίλων.
597 4841 668 4850 -
702 4814 763 4867 ὐ
801 4817 901 4886 μὲν
945 4819 1078 4885 Θεὸς
1119 4822 1335 4889 οὐδενὸς
1370 4827 1577 4882 δεῖται·
1612 4806 1660 4886 »ὁ
1699 4832 1857 4904 βασι-

254 4896 401 4961 λεὺς
431 4898 508 4966 δὲ,
543 4904 707 4973 μόνου
736 4907 893 4963 Θεοῦ.
925 4913 1113 4983 Μιμοῦ
1147 4916 1324 4971 τοίνυν
1368 4920 1461 4974 τὸν
1492 4896 1711 4990 οὐδενὸς
1739 4929 1857 4983 δεό-

260 5006 460 5060 μενον,
518 4996 614 5048 καὶ
669 4998 962 5069 δαψιλεύου
1004 5008 1118 5069 τοῖς
1165 5008 1379 5064 αἰτοῦσι
1426 5012 1518 5065 τὸν
1571 5015 1740 5085 ἔλεον,
1778 5020 1856 5091 μὴ

255 5084 805 5160 ἁκριόολογούμενος
836 5096 966 5166 περὶ
992 5098 1119 5162 τοὺς
1153 5102 1279 5165 σοὺς
1313 5103 1518 5169 ίκέτας,
1551 5109 1690 5165 ἀλλά
1724 5084 1856 5168 πᾶσι

204 5172 209 5179 ’
254 5178 528 5248 παρέχων
553 5182 651 5246 τὰς
678 5184 813 5255 πρὸς
840 5188 902 5240 τὸ
930 5188 1029 5261 ζῇν
1059 5190 1332 5263 ἀφορμάς.
1365 5198 1505 5252 Πολὺ
1535 5202 1641 5273 γὰρ
1675 5208 1857 5275 κρεῖτ-

250 5269 362 5323 τόν
408 5273 525 5326 ἐστι
566 5273 654 5329 διὰ
692 5280 819 5343 τοὺς
850 5280 1038 5347 ἀξίους
1067 5283 1237 5341 ἐλεεῖν
1283 5291 1533 5357 καὶτοὺς
1579 5295 1852 5364 ἀναξίους,

1979 1888 2075 1959 qui
2103 1889 2159 1945 in
2189 1890 2401 1948 ditione
2428 1904 2578 1962 sunt,
2611 1906 2674 1951 ut
2702 1907 2758 1953 et
2788 1899 2999 1970 aliquid
3031 1900 3300 1959 audacius
3328 1905 3556 1976 loqua‘r:

1978 1979 2082 2036 Cor
2103 1985 2238 2056 regis
2263 1987 2320 2040 in
2350 2003 2515 2042 manu
2540 1988 2636 2043 Dei
2662 1989 2843 2059 (Prov.
2870 2008 2981 2060 xxx,
3010 1995 3087 2065 1),
3125 2004 3181 2051 et
3204 1996 3415 2053 dictum
3449 2007 3557 2064 est,

1976 2084 2032 2130 et
2057 2078 2350 2155 creditum.
2379 2079 2495 2136 Illic
2519 2080 2684 2155 559
2710 2092 2958 2141 vestrum
2985 2089 3057 2144 sit
3089 2089 3310 2161 imperii
3362 2092 3557 2160 robur,

1976 2183 2089 2224 non
2113 2169 2168 2225 in
2202 2186 2343 2228 auro
2371 2174 2712 2245 armatisque
2734 2177 3025 2235 militibus.

2048 2262 2169 2317 Vim
2191 2263 2610 2337 efficaciamque
2637 2270 2833 2340 agendi
2869 2272 3122 2339 ostende,
3161 2290 3273 2330 non
3305 2284 3365 2331 ut
3394 2276 3556 2341 male,

1976 2351 2071 2407 sed
2118 2361 2180 2408 ut
2236 2354 2369 2411 boni
2416 2357 2626 2429 aliquid
2672 2375 2822 2432 agas,
2875 2363 2919 2418 si
2950 2364 3089 2420 deus
3133 2381 3256 2422 esse
3286 2368 3444 2422 velis.
3499 2369 3558 2425 [tl

1974 2445 2237 2502 nimirum
2279 2450 2382 2505 viri
2417 2462 2501 2507 cst
2548 2453 2643 2524 qui
2675 2466 2928 2512 naturam
2984 2476 3271 2531 genusque
3314 2462 3556 2519 noverit.

1976 2538 2157 2597 Facile
2226 2558 2360 2600 vero
2425 2554 2540 2601 tum
2597 2549 2818 2620 τρυγὼν
2872 2553 3235 2623 (pastinacam
3287 2555 3557 2612 marinam

1973 2629 2152 2687 Latini
2192 2646 2412 2700 vocant,
2459 2646 2609 2694 tanta
2656 2656 2784 2695 cum
2828 2649 3043 2700 turture
3078 2645 3393 2727 ὁμωνυμίᾳ)
3440 2654 3557 2704 tum

1970 2724 2222 2794 scorpius
2246 2736 2469 2783 necant.

2039 2813 2307 2887 Chrysost.
2340 2848 2410 2858 -—-
2444 2820 2682 2878 llonoris
2705 2825 3051 2895 magnitudo,
3083 2828 3172 2886 his
3191 2832 3287 2901 qui
3316 2848 3427 2887 non
3457 2848 3559 2904 pro

1967 2906 2089 2977 ejus
2134 2908 2404 2981 dignitate
2449 2913 2618 2968 vitam
2676 2915 3010 2985 instituunt,
3061 2923 3318 2993 supplicii
3371 2940 3559 2982 acces-

1964 2998 2049 3055 sio
2076 3008 2178 3055 est.
3424 3054 3425 3057 η

2042 3091 2160 3147 Duo
2211 3093 2306 3149 Dei
2360 3110 2528 3167 regna
2581 3098 2739 3154 novit
2794 3099 3104 3172 Scriptura,
3165 3106 3400 3161 alterum
3456 3124 3557 3180 per

1973 3185 2467 3255 necessitudinem,
2497 3190 2735 3247 alterum
2774 3195 3075 3251 creationis
3103 3198 3249 3267 jure.
3303 3200 3399 3255 Est
3423 3216 3557 3255 vero

1971 3277 2278 3333 crcationis
2335 3280 2439 3335 hac
2493 3283 2710 3338 ratione
2765 3286 3151 3343 universorum
3208 3288 3345 3356 Rex,
3384 3290 3555 3347 etiam

1968 3369 2285 3428 Grareorum
2344 3382 2401 3428 et
2450 3374 2769 3432 Judamrum
2828 3387 2885 3432 ct
2950 3379 3301 3451 dmmonum;
3356 3399 3551 3441 eorum

1969 3462 2210 3534 denique
2242 3467 2339 3537 qui
2367 3466 2585 3522 adversi
2616 3469 2820 3526 animis
2853 3482 3001 3527 sunt.

2035 3557 2173 3613 Cum
2207 3560 2253 3614 is
2282 3561 2374 3630 qui
2399 3561 2725 3631 magistratu
2780 3574 2981 3635 przeest
3042 3568 3260 3623 cunctis
3309 3570 3553 3642 irrcpre-

1968 3647 2176 3705 hensus
2204 3658 2313 3716 est,
2348 3659 2480 3707 tunc
2527 3656 2876 3724 quantalibet
2927 3667 3201 3728 potestate
3244 3670 3297 3717 et
3359 3678 3554 3735 poenas

1967 3741 2216 3813 irrogare
2262 3750 2320 3800 et
2353 3746 2673 3804 condonare
2709 3750 2973 3807 omnibus
3025 3753 3263 3824 imperio
3311 3756 3552 3813 subditis

1966 3841 2172 3902 potest.

2035 3922 2183 3977 Nihil
2217 3933 2304 3980 est
2339 3926 2489 3996 quod
2528 3928 2610 3984 sic
2656 3931 2967 4003 principem
3014 3935 3292 3998 ostendat,
3333 3951 3398 3992 ac
3449 3954 3551 4009 pa-

1966 4022 2120 4070 terna
2153 4032 2293 4086 pene
2325 4034 2456 4090 erga
2483 4021 2743 4079 subditos
2768 4025 2977 4079 amoris
3030 4027 3132 4079 vis.
3177 4028 3310 4082 Nam
3344 4037 3402 4083 ct
3450 4046 3552 4101 pa-

1963 4115 2102 4162 trem
2132 4125 2239 4163 non
2262 4109 2369 4165 hoc
2399 4112 2577 4167 solum
2601 4113 2753 4178 facit,
2778 4117 2926 4186 quod
2955 4120 3167 4188 genuit,
3190 4121 3285 4176 sed
3318 4130 3373 4176 et
3400 4123 3548 4193 quod

1962 4199 2171 4255 liberos
2198 4211 2367 4267 amat,
2400 4220 2539 4275 quos
2582 4209 2832 4263 sustulit.
2864 4209 3023 4276 Quod
3061 4212 3105 4267 si
3166 4228 3355 4271 amore
3408 4231 3551 4288 opus

1964 4290 2056 4345 ubi
2085 4300 2304 4362 natura,
2339 4296 2543 4365 potiori
2575 4299 2737 4371 longe
2780 4301 2994 4358 ratione
3026 4304 3119 4360 ubi
3152 4308 3351 4376 gratia.

2031 4383 2151 4438 Non
2202 4385 2258 4440 in
2320 4387 2461 4443 laena
2507 4397 2565 4446 et
2622 4408 2781 4458 zona,
2826 4410 2931 4449 nec
2972 4395 3027 4450 in
3084 4401 3355 4468 prteconis
3410 4415 3548 4459 voce

1890 4492 1933 4549 υ
1961 4480 2209 4533 cernitur
2261 4480 2543 4555 princeps,
2598 4486 2695 4541 sed
2765 4488 2914 4558 quod
2980 4504 3045 4546 ea
3109 4508 3233 4562 qua:
3292 4494 3548 4551 laborant

1957 4571 2266 4636 instauret,
2295 4582 2354 4630 et
2376 4590 2497 4645 qua:
2529 4578 2671 4632 male
2705 4579 2921 4635 habent
2937 4584 3200 4655 corrigat,
3240 4587 3546 4659 puniatque

1958 4661 2262 4732 improbos,
2290 4680 2394 4722 nec
2430 4681 2531 4738 per
2559 4670 2862 4739 potentiam
2894 4673 2979 4744 ius
3001 4675 3276 4732 elitninari
3307 4693 3372 4733 ac
3408 4693 3543 4733 con-

1956 4754 2083 4808 velli
2118 4755 2281 4810 sinat.

2026 4845 2293 4904 Philonis.
2320 4880 2390 4892 ——
2425 4851 2571 4908 Deus
2597 4856 2806 4912 nullius
2833 4868 3004 4929 eget;
3065 4876 3181 4923 rex,
3215 4860 3389 4915 solius
3422 4862 3537 4915 Dei.

1957 4938 2178 4995 imitare
2220 4941 2387 5012 igitur
2429 4960 2593 5013 cum,
2641 4950 2735 5019 qui
2786 4951 2994 5005 nullius
3034 4962 3178 5022 eget,
3227 4952 3542 5025 largamque

1957 5032 2395 5091 misericordiam
2427 5041 2747 5109 petentibus
2780 5044 3059 5113 impende,
3098 5060 3223 5099 cum
3252 5045 3363 5101 tuis
3413 5064 3543 5119 sup-

1956 5123 2196 5192 plicibus
2224 5132 2585 5202 summojure
2614 5149 2723 5188 non
2772 5149 2962 5203 agens,
3016 5135 3110 5191 sed
3150 5138 3369 5193 cunctis
3417 5140 3542 5196 vita:

1956 5227 2324 5274 commeatum
2369 5221 2663 5289 praebens.
2699 5223 2929 5279 Multum
2986 5227 3133 5281 enim
3186 5238 3431 5300 prtestat,
3485 5232 3541 5287 in

1956 5320 2150 5362 eorum
2177 5311 2271 5380 qui
2302 5312 2453 5383 digni
2480 5328 2706 5370 munere
2729 5325 2879 5384 sunt,
2906 5320 3163 5390 gratiam,
3203 5323 3369 5379 etiam
3398 5322 3543 5379 indi-

1788 5455 2022 5516 NOTAE.

852 5530 977 5623 lion
1001 5534 1155 5623 alios.
1174 5537 1395 5603 videtur
1420 5554 1636 5623 sensus,
1663 5559 1827 5623 quam
1938 5560 2108 5623 sueta:
2138 5552 2214 5623 (id
2238 5564 2324 5610 est
2378 5563 2527 5613 turtu
2540 5561 2612 5615 ris

252 5605 449 5686 (ιδπερὶ.
472 5597 636 5665 paulo
654 5598 909 5681 pluribus
930 5603 983 5657 in
1010 5606 1267 5686 versione
1313 5598 1591 5678 expressi:
1623 5597 1840 5671 nt‘velit
1940 5597 2591 5686 ἱιίίῖεψεῖιῖιιῖυέίιίεεῖίιξ

252 5662 405 5753 nihil
430 5662 808 5753 juvare_'regis
848 5688 1079 5753 nomen,
1114 5677 1159 5729 si
1191 5662 1399 5747 τείρεθ’
1422 5662 1689 5753 ιάἱᾷὶίηίίε
1720 5662 1836 5752 est;

258 5733 352 5791 uti
372 5733 476 5792 nec
494 5738 643 5807 quod
673 5733 973 5809 pisciculus
1026 5733 1116 5800 ille
1159 5733 1498 5822 venenatus,
1514 5733 1645 5811 iiiis
1665 5733 1841 5813 Vinan:

588 5830 859 5893 Ρηιιοι.
895 5836 1011 5896 Gn.
1052 5841 1203 5902 XCI.

2616 5561 2633 5632 )
2680 5565 2868 5648 Graece
2897 5587 3098 5629 nomen
3142 5575 3377 5631 habeat:
3409 5593 3539 5648 per-

2593 5638 2816 5720 corpius
2851 5653 3102 5713 vocetur,
3147 5662 3213 5701 ac
3263 5638 3531 5720 quidquid

1939 5692 2211 5763 ejusmodi
2238 5696 2547 5757 bestiarum
2575 5713 2681 5761 cst.

3112 5870 3186 5934 25
