3964 6276
211 308 294 372 χει
1480 303 1645 362 LOCI
1686 303 2120 364 COMMUNES.

3321 304 3427 370 782

205 416 411 474 τόπεδον
435 415 572 488 μέγα
601 415 695 471 καὶ
721 417 905 484 καλὸν,
937 412 1244 489 στρατηγὸν
1276 412 1378 466 οὐκ
1404 411 1526 483 ἕχον
1549 427 1562 442 ο
1609 412 1754 466 Ἠλί-

1881 415 2068 486 ngenti
2095 415 2340 471 exercitu
2370 416 2675 487 proboque,
2713 430 2877 486 quem
2908 416 3204 486 imperator
3233 416 3434 476 deﬁce-

204 528 309 574 κον,
346 509 475 579 ἔφη,
497 507 681 579 θηρίον
708 508 960 579 καφαλὴν
984 509 1085 562 οὐκ
1122 506 1257 578 ἔχει.

265 602 574 656 Φιλίππου.
608 602 801 655 -Τὸν
838 601 1060 672 βασιλέα
1113 601 1196 655 δεῖ
1241 599 1625 672 μνημονεύειν,
1677 600 1758 653 ὅτι

202 695 475 766 ἄνθρωπος
504 692 576 747 ὣν
615 693 866 760 ἐξουσίαν
891 695 1115 764 εἴληφεν
1150 691 1388 766 [ἐλαϐεν]
1424 691 1651 758 ἰσόθεον,
1675 691 1760 745 ἴνα

202 784 528 856 προαιρῆται
576 783 675 854 μὲν
711 783 782 838 τὰ
818 784 960 854 καλά
990 784 1085 838 καὶ
1111 783 1252 850 θεία,
1289 783 1553 856 φρονήσει
1581 782 1638 836 δὲ
1666 784 1760 837 ἀν·-

202 877 435 950 Θρωπίνῃ
459 876 674 948 χρῆται.
1369 889 1371 891 ’

263 967 322 1020 Ei
371 965 552 1036 βούλει
597 965 694 1038 τήν
757 967 938 1023 οἰκίαν
998 961 1058 1022 εὖ
1106 967 1396 1033 οἰκεῖσθαι,
1441 967 1610 1039 μιμοῦ
1667 968 1760 1023 τὸν

200 1059 536 1130 Σπαρτιάτην
596 1059 940 1134 Λυκοῦργον.
977 1061 1214 1133 Ὃνγάρ
1237 1063 1439 1134 τρόπον
1468 1063 1528 1116 οὐ
1553 1062 1758 1134 τείχεσι

199 1151 288 1222 τὴν
335 1151 490 1205 πόλιν
531 1150 788 1224 ἔφραξεν,
845 1154 963 1209 ἀλλ’
1011 1156 1181 1226 ἀρετῇ
1235 1155 1364 1219 τοὺς
1417 1154 1761 1219 ἐνοικοῦντας

199 1244 501 1316 ὠχύρωσεν,
551 1245 646 1298 καὶ
687 1245 982 1311 διαπαντὸς
1018 1248 1285 1320 ἐτήρησεν
1338 1246 1630 1318 ἐλευθέραν
1663 1245 1761 1319 τὴν

198 1337 375 1390 πόλιν·
417 1336 590 1402 οὕτως
635 1337 730 1392 καὶ¹
773 1339 860 1405 σύ,
901 1338 977 1410 μὴ
1023 1339 1266 1411 μεγάλην
1296 1339 1468 1410 αὐτὴν
1497 1339 1760 1413 περίϐαλε

199 1428 282 1481 καὶ
307 1428 519 1500 τοίχους
553 1428 796 1501 ὐψηλούς
835 1431 1053 1497 ἀνίστα,
1083 1431 1219 1488 ἀλλά
1267 1433 1395 1496 τούς
1415 1432 1761 1498 ἐνοικοῦντας

197 1521 389 1592 εὐνοίᾳ,
417 1524 513 1576 καὶ
547 1522 746 1590 πίστει,
778 1523 872 1578 καὶ
902 1524 1056 1597 φιλίᾳ
1087 1524 1333 1597 στήριξε,
1374 1526 1469 1582 καὶ
1497 1527 1652 1582 οὐδὲν
1681 1529 1762 1593 είς

199 1613 352 1684 αὐτὴν
377 1614 748 1672 εἰσελεύσεται
774 1617 1064 1691 βλαϐερὸν,
1097 1620 1206 1674 οὐδ’
1236 1619 1303 1674 ἂν
1328 1619 1389 1674 τὸ
1411 1620 1634 1692 σύμ-παν
1663 1623 1762 1694 τῆς

199 1704 381 1770 κακίας
409 1707 799 1780 παρατάξηται
830 1711 1038 1780 στίφος.

1865 516 1981 562 ret:
2009 505 2244 573 Quanta.
2283 507 2485 578 inquit,
2512 507 2690 563 bestia
2718 517 2886 578 caput
2910 523 3023 563 non
3049 508 3256 565 habet?

1931 595 2186 668 Philippi.
2230 598 2442 653 —-Rex
2492 598 2808 652 meminisse
2856 597 3042 663 debet,
3092 597 3257 651 homo
3306 614 3433 654 eum

1861 684 1952 750 sit,
1981 701 2170 756 parem
2196 685 2309 742 Deo
2339 696 2664 756 potestatem
2710 685 3008 756 accepisse,
3042 694 3104 740 ut
3149 702 3270 757 quae
3298 701 3428 758 pra:-

1863 779 2012 833 clara
2042 789 2171 834 sunt
2199 788 2364 849 atque
2392 779 2578 833 divina
2602 778 2788 833 animo
2811 778 3016 850 deligat
3039 795 3102 834 ac
3123 781 3429 836 constituat

1859 880 1918 926 ct
1951 871 2242 942 prudentia
2277 881 2464 926 utatur
2499 872 2753 927 humana.

1932 965 1989 1020 Si
2020 965 2103 1020 vis
2129 965 2351 1020 domum
2387 965 2528 1020 bene
2568 965 2828 1030 habitari,
2863 965 3173 1038 Lycurgum
3217 964 3438 1036 Sparta-

1861 1075 1994 1115 num
2024 1057 2261 1115 imitare.
2290 1058 2764 1126 Quemadmodum
2797 1060 2945 1116 enim
2980 1059 3071 1115 ille
3122 1075 3231 1115 non
3266 1059 3441 1114 muris

1862 1153 2032 1209 cinxit
2063 1153 2279 1220 urbem,
2316 1153 2411 1210 sed
2436 1154 2640 1209 virtute
2677 1154 2885 1210 incolas
2910 1153 3228 1218 obvallavit,
3269 1152 3350 1209 sic
3377 1161 3436 1208 tu

1845 1261 2102 1317 quoque,
2132 1261 2202 1302 ne
2254 1262 2511 1318 magnum
2568 1247 2772 1302 atrium
2831 1246 3058 1318 cingito,
3116 1261 3254 1303 neve
3299 1245 3438 1302 altos

1861 1339 2039 1394 excita
2071 1339 2334 1410 parietes,
2370 1339 2465 1395 sed
2498 1339 2594 1410 qui
2627 1339 2852 1395 domum
2885 1339 3138 1394 habitent
3191 1338 3437 1394 benevo-

1862 1430 2029 1487 lentia
2051 1440 2108 1487 et
2138 1430 2243 1488 ﬁde
2265 1440 2322 1487 et
2343 1431 2583 1487 amicitia
2614 1431 2852 1498 firmato,
2910 1432 3161 1502 nihilque
3213 1431 3268 1487 in
3315 1445 3439 1487 eam

1865 1525 2089 1581 noxium
2117 1523 2274 1596 561
2327 1524 2694 1596 ingredietur,
2736 1525 2820 1581 vel
2882 1524 2927 1581 si
2975 1525 3156 1581 omnis
3216 1523 3441 1580 malitiae

1863 1631 2074 1672 cuneus
2103 1615 2314 1671 infensa
2347 1615 2465 1670 acie
2495 1623 2664 1686 petat.

259 1799 460 1869 Μηδεὶς
495 1801 609 1857 τῶν
647 1804 927 1875 φρονίμων
967 1804 1064 1858 τοῦ
1104 1806 1296 1877 ἄρχειν
1337 1805 1756 1888 ἀλλοτριούσθω.

1934 1798 2107 1855 Nemo
2132 1798 2225 1869 qui
2271 1797 2540 1868 praeditus
2580 1797 2879 1869 prudentia
2937 1800 3035 1864 sis,
3083 1800 3440 1872 magistratus

200 1888 297 1941 Καὶ
324 1888 431 1961 γάρ
460 1890 662 1958 ἀσεϐὲς
689 1893 750 1946 τὺ
778 1895 1034 1967 ἀποσπᾷν
1081 1897 1274 1950 ἐαυτὸν
1304 1897 1405 1970 τῆς
1435 1899 1545 1954 τῶν
1567 1900 1757 1971 δεομέ-

199 2000 290 2037 νων
314 1983 645 2058 εὐχρηστίας
665 1985 998 2063 [εὐχαριστ.]
1027 1991 1125 2044 καὶ
1159 1991 1354 2060 ἀγενὲς
1391 1992 1452 2046 τὸ
1480 1995 1593 2058 τοῖς
1615 1995 1759 2062 φαύ-

200 2074 300 2141 λοις
326 2081 703 2151 παραχωρεῖν.
748 2080 999 2153 Ἀνόητον
1025 2083 1136 2154 γάρ
1159 2083 1220 2137 τὸ
1249 2084 1526 2140 αίοείσθαι
1570 2086 1760 2151 κακῶς

202 2167 442 2242 ἄρχεσθαι
481 2171 712 2244 μᾶλλον,
738 2173 773 2246 ἢ
805 2173 988 2240 καλῶς
1015 2175 1226 2249 ἄρχειν.

259 2353 424 2408 Δεινὸν
455 2354 560 2409 καὶ
589 2355 976 2427 χαλεπώτατον
1005 2358 1133 2423 τούς
1168 2357 1388 2429 χείρους
1415 2358 1525 2413 τῶν
1550 2358 1758 2430 βελτιό-

202 2461 292 2499 νων
323 2447 530 2519 ἀρχειν,
575 2449 672 2502 καὶ
711 2450 837 2515 τοὺς
879 2450 1210 2524 ἀνοητέρους
1253 2452 1368 2516 τοῖς
1420 2453 1758 2524 φρονιμωτέ-

205 2553 304 2609 ροις
337 2541 715 2612 προστάττειν.
1407 2567 1410 2570 ’

259 2631 535 2702 Εὐμένης.
561 2635 904 2708 ΑΕὐμένης
938 2637 967 2691 ὁ
995 2635 1249 2708 βασιλεὺς
1279 2635 1432 2706 ἔλεγε
1460 2640 1575 2702 τοῖς
1603 2638 1757 2712 ἀδελ-

206 2725 305 2793 φοῖς
329 2724 640 2792 διαπαντός·
693 2728 816 2784 Ἐὰν
849 2729 949 2800 μὲν
981 2729 1058 2794 ὡς
1105 2729 1320 2801 βασιλεί
1351 2730 1757 2802 προσφέρησθε,

208 2814 268 2878 ὡς
309 2818 556 2890 ἀδελφοῖς
606 2821 734 2891 ὑμῖν
779 2822 1116 2895 χαρίσομαισ
1161 2823 1257 2878 ἐάν
1303 2823 1361 2878 δὲ
1404 2824 1482 2888 ὠς
1519 2823 1754 2895 ἀδελφῷ,

210 2907 296 2975 ἐγὼ
322 2909 442 2980 ὐμίν
463 2912 546 2976 ὡς
587 2911 861 2982 βασιλεύς.

263 3003 452 3071 Κότυς.
483 3005 671 3071 Κότυς
700 3008 729 3061 ό
773 3005 882 3061 τῶν
927 3006 1164 3080 Θρᾳκῶν
1197 3007 1469 3078 βασιλεὺς,
1504 3008 1756 3079 Θηϐαίων

211 3096 594 3167 σεμνυνομένων
643 3098 726 3151 ὅτι
758 3099 1208 3170 Λακεδαιμονίων
1243 3100 1544 3171 ἡγήσαντο·
1588 3101 1753 3170 Ἐγὼ,

209 3186 362 3254 φησὶν,
415 3187 646 3260 ἑώρακα
677 3190 1014 3262 χειμάρρους
1054 3192 1316 3264 ποταμῶν
1375 3192 1598 3263 μείζους
1646 3195 1753 3248 τῶν

207 3274 411 3332 ἀεννάων
445 3280 801 3350 γενομένους,
835 3281 949 3335 ἀλλ’
976 3281 1158 3352 ὀλίγον
1189 3281 1398 3354 χρόνον.

175 3453 179 3458 ,
273 3369 322 3422 Ὀ
357 3373 510 3438 αὐτὸς
543 3373 869 3444 ἐρωτηθεὶς,
911 3375 1030 3430 Τίνι
1061 3377 1498 3448 καταλιμπάνεις
1513 3377 1573 3433 τὺ
1599 3377 1754 3449 βασί-

206 3458 352 3529 λειον;
380 3464 494 3535 ἔφη·
533 3465 630 3535 Τῷ
655 3465 952 3537 δυναμένῳ.

265 3554 453 3611 Φίλων.
486 3587 566 3598 ——
589 3557 666 3628 Τῇ
700 3557 798 3627 μὲν
825 3558 987 3631 οὐσία
1015 3558 1110 3613 τοῦ
1146 3559 1423 3632 σώματος,
1468 3561 1582 3628 ίσος
1616 3579 1753 3617 παν-

207 3641 286 3706 τδς
318 3647 594 3719 ἀνθρώπου
623 3652 651 3703 ὁ
687 3651 974 3721 βασιλεύς·
1005 3655 1068 3725 τῇ
1117 3653 1337 3727 ἐξουσίᾳ
1375 3655 1435 3710 δὲ
1475 3656 1568 3711 τοῦ
1597 3656 1754 3724 ἀξιώ-

207 3751 370 3802 ματος,
415 3741 607 3812 ὅμοιός
641 3743 758 3796 ἐστι
797 3743 859 3796 τὸ
905 3745 999 3799 ἐπὶ
1043 3745 1260 3802 πάντων
1307 3746 1447 3818 Θεῷ.
1481 3747 1596 3802 Οὐκ
1638 3747 1752 3818 ἔχει

202 3830 292 3900 γὰρ
317 3835 399 3888 ἐπὶ
422 3837 524 3907 γῆς
568 3837 736 3890 αὐτοῦ
773 3837 1126 3910 ὑψηλότερον.
1176 3838 1298 3912 Χρὴ
1341 3839 1520 3894 τοίνυν
1551 3840 1644 3893 καὶ
1676 3840 1752 3905 ὡς

202 3918 364 3994 θνητὸν
404 3928 476 3999 μὴ
508 3927 867 3999 ἐπαίρεσθαι,
897 3930 990 3982 καὶ
1009 3929 1085 3994 ὡς
1125 3929 1258 3984 Θεὸν
1279 3929 1363 4001 μή
1409 3928 1748 4002 ὀργίζεσθαι.

204 4011 252 4064 Ei
275 4019 371 4088 γὰρ
400 4021 491 4074 καὶ
530 4020 705 4074 εἰκόνι
735 4022 887 4092 Οεῐκῇ
934 4023 1246 4094 τετίμηται,
1285 4025 1423 4079 ἀλλά
1471 4026 1568 4080 καὶ
1604 4026 1750 4080 κόνει

201 4109 328 4178 χοῐκῇ
372 4113 816 4183 συμπέπλεκται,
851 4115 918 4168 δι’
950 4111 1019 4189 ἦς
1049 4117 1430 4173 ἐκδιδάσκεται
1473 4119 1572 4192 τὴν
1607 4126 1745 4192 πρὸς

203 4197 374 4264 πάντας
397 4202 680 4274 ἁπλότητα
713 4204 1073 4278 [operosum].

251 4377 620 4437 Μουσωνίου.
649 4412 717 4421 —-
766 4383 1063 4456 Πειρατέον
1121 4388 1565 4458 καταπληκτικὸν
1611 4390 1749 4460 μᾶλ-

1864 1907 2007 1947 onus
2031 1891 2294 1948 excutito.
2330 1891 2551 1947 Etenim
2603 1891 2836 1964 impium
2867 1903 2971 1958 est,
3029 1884 3265 1966 teipsum
3305 1893 3440 1952 sub-

1863 1984 2093 2051 ducere,
2121 2000 2192 2041 ne
2245 1985 2315 2041 iis
2365 1986 2548 2056 prosis
2583 1986 2680 2056 qui
2733 1996 2982 2058 egeant;
3039 1986 3441 2058 degenerisque

1862 2079 2034 2134 animi
2093 2079 2269 2145 labes,
2315 2086 2380 2134 ut
2437 2078 2606 2136 cedas
2652 2078 2785 2146 illis,
2827 2077 2923 2149 qui
2972 2080 3102 2135 mali
3149 2080 3438 2136 exsistant.

1860 2171 2162 2228 Dementia:
2186 2187 2426 2244 namque
2448 2181 2556 2237 est,
2591 2171 2755 2228 malle
2790 2171 2931 2227 male
2965 2171 3202 2243 imperio
3249 2172 3438 2238 subdi,

1858 2277 2023 2334 quam
2061 2263 2157 2318 illo
2192 2262 2333 2319 bene
2365 2278 2624 2334 praeesse.
3328 2313 3330 2316 ,

1927 2357 2119 2412 Dirum
2148 2357 2720 2429 molestissimumque
2750 2365 2861 2424 est,
2890 2356 3198 2414 deteriores
3243 2356 3432 2414 melio-

1859 2449 2018 2506 ribus
2032 2466 2290 2522 przeesse,
2314 2467 2377 2507 ac
2405 2451 2498 2524 qui
2525 2451 2901 2508 dementiores
2915 2459 3066 2519 sunt,
3111 2451 3441 2523 prudentio-

1855 2543 2010 2600 ribus
2027 2543 2241 2615 jubere.

1928 2636 2212 2693 Eumenes.
2239 2668 2309 2678 -—
2354 2638 2632 2694 Eumenes
2662 2655 2758 2694 rex
2797 2637 2996 2694 crebro
3049 2637 3318 2693 fratribus
3358 2635 3440 2691 di-

1859 2742 1985 2785 cere
2022 2728 2274 2785 solebat:
2304 2730 2362 2786 Si
2387 2746 2476 2786 me
2507 2741 2568 2786 ut
2599 2747 2730 2803 rege
2758 2731 3015 2797 utamini,
3048 2745 3151 2803 ego
3181 2739 3439 2801 tanquam

1857 2821 2128 2877 fratribus
2189 2822 2524 2894 indulgebo:
2592 2823 2678 2879 sin
2733 2832 2918 2879 autem
2980 2832 3041 2878 ut
3089 2824 3280 2887 fratre,
3339 2837 3441 2894 ego

1859 2911 2016 2968 vobis
2049 2920 2110 2968 ut
2137 2928 2254 2969 rex.

1929 3003 2104 3078 Cotys.
2126 2994 2203 3048 ’-
2224 3006 2392 3080 Cotys
2417 3007 2696 3062 Thracum
2735 3022 2851 3071 rex,
2891 3004 3259 3077 gloriantibus
3292 2995 3440 3060 The-

1859 3093 2016 3152 banis
2045 3097 2194 3167 quod
2237 3096 2671 3153 Lacedzemoniis
2711 3096 3095 3168 imperarent:
3161 3094 3306 3158 Vidi,
3354 3094 3441 3149 in-

1858 3186 2000 3257 quit,
2034 3195 2312 3244 torrentes
2339 3187 2681 3258 perennibus
2731 3188 2915 3243 iluviis
2957 3187 3193 3258 majores
3243 3185 3439 3252 factos,

1856 3275 1948 3330 sed
1983 3275 2051 3330 ad
2081 3275 2249 3332 breve
2291 3285 2528 3348 tempus.

1925 3368 2070 3424 Idem
2099 3367 2470 3440 interrogatus
2494 3371 2584 3426 cui
2612 3370 2950 3441 relinqueret
2975 3385 3166 3426 arcem
3196 3369 3436 3442 regiam:

1856 3459 2096 3526 Potenti,
2131 3461 2334 3531 inquit.

1922 3551 2182 3612 Philonis.
2202 3584 2272 3595 —
2297 3553 2560 3626 Corporis
2577 3554 2802 3627 quidem
2845 3556 3155 3612 substantia
3197 3571 3293 3612 rex
3319 3557 3437 3612 cui-

1857 3645 1938 3701 vis
1965 3646 2174 3702 bomini
2211 3649 2440 3720 aequalis
2479 3657 2600 3705 est:
2635 3650 2921 3721 dignitatis
2967 3666 3100 3706 vero
3144 3658 3436 3721 potestate,

1853 3733 1987 3804 Deo,
2025 3739 2118 3809 qui
2142 3748 2226 3796 est
2254 3757 2422 3812 super
2451 3742 2637 3798 omnia
2665 3742 2839 3816 (Rom.
2877 3759 2953 3807 ix.
2983 3743 3060 3812 5),
3095 3741 3292 3799 similis
3332 3753 3435 3798 est.

1853 3827 1971 3886 Non
1997 3831 2143 3886 enim
2176 3832 2343 3888 habet
2382 3849 2549 3905 super
2595 3845 2819 3900 terram,
2856 3835 2950 3906 qui
3000 3835 3094 3890 illo
3148 3835 3439 3890 sublimior
3504 3831 3523 3847 '

1853 3924 1944 3980 sit.
1973 3923 2168 3996 Operae
2196 3927 2434 3998 pretium
2461 3928 2652 4000 igitur,
2679 3938 2820 3985 utet
2857 3930 3013 3999 quasi
3047 3929 3294 3984 mortalis
3325 3945 3437 3984 non

1852 4019 2169 4085 extollatur,
2203 4029 2262 4074 et
2291 4030 2347 4075 ut
2379 4021 2544 4088 Deus,
2597 4021 2678 4076 ira
2718 4037 2828 4076 non
2881 4022 3208 4092 abripiatur.
3255 4021 3439 4089 Quan—

1853 4128 2019 4182 quam
2049 4112 2196 4167 enim
2219 4113 2408 4170 divina
2435 4114 2675 4186 imagine
2719 4116 3024 4172 honoratus
3053 4124 3158 4181 est,
3211 4126 3434 4172 terreno

1855 4214 2035 4260 tamen
2069 4206 2287 4276 pulveri
2311 4208 2606 4277 copulatus
2634 4217 2740 4273 est,
2787 4224 2898 4278 quo
2949 4206 3184 4263 docetur
3209 4223 3332 4265 esse
3374 4225 3433 4266 se

1853 4298 2111 4354 omnibus
2143 4299 2403 4354 similem.

1921 4389 2168 4446 Musonii.
2203 4420 2269 4429 —
2299 4391 2623 4447 Couandum
2658 4403 2743 4448 est
2774 4402 2833 4448 ut
2871 4394 3110 4450 subditis
3142 4396 3433 4452 venerabi-

197 4463 270 4519 λον
314 4474 420 4536 τοῖς
464 4475 819 4548 smmum}
865 4476 1098 4549 φοϐερὸν
1144 4477 1501 4550 Θεωρείσοαι·
1536 4480 1616 4553 τῷ
1648 4482 1746 4552 μὲν

1879 4481 1976 4544 lor,
2011 4498 2174 4552 quam
2212 4483 2516 4538 terribilior
2564 4485 2818 4541 videare:
2869 4488 3030 4542 alteri
3056 4488 3208 4546 enim
3249 4489 3428 4546 hone-

195 4561 286 4632 γὰρ
319 4568 586 4640 σεμνότης
620 4567 702 4641 [τὸ
727 4570 1096 4644 σεμνότητος],
1131 4571 1209 4643 τῷ
1239 4572 1294 4625 δὲ
1331 4573 1565 4644 ἀπήνεια
1611 4585 1751 4646 παρ-

196 4655 469 4714 ακολουθεῖ.

251 4771 551 4840 Δημοκρίτ.
581 4803 653 4812 ——
675 4773 893 4845 υονηρά
942 4772 1103 4844 φύσις
1139 4773 1390 4839 ἐξουσίας
1421 4774 1752 4847 ἐπιλαϐομέ-

196 4873 264 4928 νη,
289 4861 549 4933 δημοσίας
574 4865 949 4937 ἀπεργάζεται
983 4867 1286 4938 συμφοράς.

262 4975 583 5036 Ἀντισθέν.
614 5012 687 5023 —-
713 4981 848 5035 Τότε
883 4982 982 5046 τὰς
1017 4983 1200 5046 πόλεις
1236 4980 1573 5036 ἀπόλλυσθαι
1608 4999 1750 5053 συμ-
1806 5053 1815 5059 _

195 5063 365 5136 ϐαίνει,
396 5072 526 5127 ὅταν
569 5072 645 5143 μὴ
682 5072 935 5126 δύνανται
983 5075 1031 5127 oi
1075 5073 1407 5146 κρατοῦντες
1449 5073 1576 5138 τοὺς
1607 5073 1748 5145 φαύ-

194 5157 298 5225 λους
328 5165 388 5216 ἐκ
414 5166 524 5220 τῶν
553 5165 858 5221 σπουδαίων
887 5167 1204 5238 διακρίνειν.

263 5272 579 5347 Ἐπισφαλὲς
611 5279 923 5351 μαινομένῳ
953 5279 1136 5334 δοῦναι
1177 5281 1480 5354 μάχαιραν,
1521 5283 1618 5336 καὶ
1647 5300 1744 5354 μο-

195 5363 360 5440 χθηρῷ
383 5369 635 5442 δύναμιν.

253 5481 607 5555 Μενάνδρου.
661 5517 731 5528 -
787 5467 1024 5550 Πλοῦτος
1083 5486 1369 5555 ἀλόγιστος
1419 5488 1742 5559 προσλαϐὼν

195 5571 436 5644 ἐξουσίαν,
464 5578 556 5632 καὶ
579 5579 707 5642 τούς
735 5581 951 5649 φρονεῖν
977 5579 1268 5645 δοκοῦντας
1289 5583 1551 5655 ἀνοήτους
1579 5585 1739 5638 ποιεῖ.

252 5752 496 5820 mulcari.
525 5786 576 5799 -
611 5757 686 5811 Τὸ
720 5756 828 5830 γὰρ
854 5751 913 5812 εὖ
949 5758 1212 5830 πράττειν
1243 5759 1394 5832 παρά
1427 5761 1526 5833 τὴν
1559 5761 1740 5831 ἀξίαν,

1853 4575 2010 4630 statis
2036 4575 2298 4646 gravitas,
2330 4577 2499 4632 alteri
2536 4561 2794 4636 ferocitas
2825 4596 3012 4638 cernes
3053 4593 3157 4638 est.

1920 4775 2203 4832 Democrit.
2253 4808 2321 4818 —
2352 4779 2562 4834 Pravus
2601 4795 2828 4834 animus
2877 4788 3100 4850 arrepta
3125 4821 3128 4824 .
3153 4786 3428 4849 potestate

1851 4868 2102 4939 publicas
2131 4871 2474 4928 calamitates
2498 4887 2562 4926 ac
2601 4872 2788 4928 clades
2825 4871 3005 4926 aﬂert.

1893 5013 1896 5016 ι
1923 4981 2148 5038 Antisth.
2180 5013 2250 5025 --
2282 4983 2441 5041 Tunc
2481 4985 2746 5040 nimirum
2774 4983 2940 5040 urbes
2965 4983 3238 5056 contingit
3286 4985 3432 5040 inte-

1849 5072 1980 5140 rire,
2008 5089 2136 5129 cum
2163 5075 2226 5141 ii,
2274 5077 2369 5146 qui
2426 5092 2611 5132 rerum
2645 5076 2955 5146 potiuntur,
2989 5076 3164 5133 malos
3193 5093 3224 5134 a
3268 5077 3431 5134 bonis

1848 5165 2167 5223 discernere
2191 5183 2310 5223 non.
2327 5170 2527 5224 valent.

1918 5282 1988 5338 Ut
2010 5281 2222 5338 furioso
2242 5283 2508 5353 gladium,
2541 5284 2622 5335 sic
2654 5283 2906 5352 improbo
2955 5294 3286 5355 potestatem
3311 5297 3426 5345 tra-

1847 5371 1998 5439 dere,
2029 5373 2424 5443 periculosum.

1917 5485 2219 5541 Menandri.
2279 5517 2350 5527 -—-
2403 5485 2698 5556 Opulentia
2745 5488 2976 5546 rationis
3021 5507 3214 5549 exsors
3263 5503 3426 5550 nacta

1845 5585 2199 5646 potestatem,
2227 5592 2324 5633 eos
2343 5577 2510 5633 etiam
2547 5578 2641 5649 qui
2679 5594 2873 5650 sapere
2908 5583 3264 5664 videbantur,
3290 5585 3427 5638 stul-

1847 5679 1932 5724 tos
1965 5669 2169 5726 reddit.

1917 5763 2186 5820 Demosth.
2221 5795 2288 5805 —
2314 5763 2450 5822 Nam
2491 5767 2640 5837 quod
2669 5768 2793 5839 quis
2821 5784 2986 5840 supra
3017 5783 3182 5839 quam
3210 5783 3276 5826 ex
3310 5767 3426 5825 suis
