3964 6276
573 305 603 366 Ἰ
609 303 678 366 83
1067 361 1069 364 ι
1745 298 1810 360 S.
1849 295 2138 358 MAXIMI

2190 294 2689 362 BONFESSORIS
3083 330 3090 348 α
3151 293 3157 297 ·
3679 317 3755 383 τε,

575 413 887 472 rationibus
911 410 1144 469 exsistat
1170 424 1436 482 prospere
1461 408 1594 482 agit,
1623 409 1844 466 occasio
1873 420 1980 478 est,
2009 417 2069 467 ut
2108 423 2140 465 e

2200 415 2240 472 Α
2267 409 2494 484 ἀφορμὴ
2539 413 2636 468 τοῦ
2693 413 2880 481 κακῶς
2938 422 3158 490 φρονεῖν
3213 421 3359 494 παρά
3403 424 3496 498 τὴν
3537 425 3666 494 ἀξίαν
3698 431 3765 512 τίοι

574 525 742 582 supra
771 523 936 582 quam
971 523 1040 565 ex
1073 505 1186 563 illis
1212 505 1494 572 videatur,
1528 504 1785 576 desipiat.
2273 520 2440 560 νεται.

1104 645 1267 719 562
1302 643 1536 702 SERMO
1575 645 1644 702 x.
2594 694 2597 695 ,

2594 694 2597 695 ν
2864 654 3082 710 ΛΟΓΟΣ
3121 657 3158 710 I'
3190 657 3253 715 ¹⁶.

917 759 998 816 De
1035 761 1427 834 vituperatione
1464 771 1514 816 et
1553 760 1851 817 calumnia.

2642 769 2782 838 Περὶ
2815 770 3013 842 ψόγου
3037 772 3138 828 καὶ
3171 773 3471 845 διαϐολῆς.

648 874 839 930 Matth.
874 890 928 943 ν,
959 875 1048 930 ll.
1080 904 1149 915 —-
1178 873 1332 930 Beati
1359 871 1540 942 eritis,
1567 886 1693 929 cum
1729 871 1934 945 probra
1981 871 2036 927 in
2072 885 2171 928 vos

2341 877 2527 935 Μαι-0.
2581 877 2757 936 E'.—
2797 883 3078 957 Μακάριοι
3133 887 3283 956 ἐστε,
3331 889 3454 945 ὅταν
3499 889 3761 953 ὀνειδίσωσιν

579 964 946 1038 eonjeccrint,
981 973 1040 1022 et
1073 963 1354 1036 persecuti
1386 978 1487 1020 vos
1537 962 1768 1030 fuerint,
1812 971 1871 1019 et
1919 960 2141 1018 dixerin

2273 967 2419 1037 ὑμᾶς
2453 971 2548 1025 καὶ
2586 971 2873 1040 διώξωσιν,
2917 976 3013 1032 καὶ
3051 977 3252 1033 εἴπωσι
3280 981 3388 1036 πᾶν
3425 983 3627 1059 πονηρὸν
3653 986 3763 1060 ῥῆμα

577 1072 743 1115 omne
775 1058 986 1115 malum
1031 1057 1270 1114 verbum
1329 1056 1630 1122 adversum
1685 1071 1788 1115 vos
1835 1055 2140 1113 mentiente

1754 1071 1788 1114 is
1835 1055 2172 1113 mentientes
2272 1061 2394 1117 καθ’
2421 1061 2578 1135 ὑμῶν
2603 1064 2928 1140 ψευδόμενοι
2948 1067 3135 1127 ἕνεκεν
3165 1071 3319 1145 ἐμοῦ.

577 1161 813 1224 propter
852 1167 964 1208 me.

647 1243 677 1301 Ι
719 1244 842 1302 Cor.
873 1260 949 1311 tv,
982 1243 1070 1300 ﬁ.
1109 1273 1181 1286 —-
1202 1244 1610 1310 Maledicimur,
1651 1254 1710 1300 et
1742 1242 2165 1302 benedicimus:

2342 1236 2403 1294 B’
2445 1242 2686 1311 Κορινθ.
2757 1243 2836 1302 Δ⁹.
2889 1275 2962 1288 —
2998 1247 3427 1321 Λοιδορούμενοι,
3471 1251 3761 1327 εὐλογοῦμεν·

523 1379 528 1383 ς
579 1337 1053 1410 hlasphemamur,
1093 1347 1151 1394 et
1186 1337 1570 1395 obsecramus.
1846 1340 1848 1342 ’

1846 1340 1848 1342 '
2274 1333 2782 1408 βλασφημούμενοι,
2808 1340 3260 1415 παρακαλοῦμεν.

646 1430 808 1487 Prov.
839 1447 894 1500 ι,
920 1430 1009 1488 18.
1035 1462 1104 1472 -—
1125 1429 1402 1502 Operiunt
1435 1431 1786 1488 inimicitiam
1816 1431 1960 1487 labia
1987 1430 2168 1503 iusta:

2343 1430 2592 1501 Παροιμ.
2638 1429 2705 1487 1⁷.
2746 1463 2818 1474 ——-
2859 1434 3248 1492 Καλύπτουσιν
3301 1435 3490 1511 ἔχθραν
3539 1439 3666 1510 χείλη
3708 1439 3763 1494 δι.

577 1523 674 1596 qui
727 1533 917 1581 autem
982 1523 1278 1580 maledicta
1340 1522 1656 1596 proferunt,
1726 1522 2142 1596 insipientissim

2273 1541 2405 1580 καια
2435 1525 2546 1597 (Ιι)⁶
2574 1527 2625 1581 oi
2659 1525 2717 1582 δὲ
2763 1528 3092 1603 ἐκφέροντες
3131 1530 3416 1604 λοιδορίας,
3451 1532 3761 1603 ἀφρονέστατοι

577 1627 733 1675 sunt.

2275 1619 2403 1672 είσι.

648 1712 820 1770 Eccli.
848 1729 1040 1780 xxvm,
1073 1711 1162 1767 11.
1189 1742 1261 1751 -
1290 1710 1388 1768 Vir
1409 1711 1722 1768 scelerosus
1750 1709 1998 1767 turbabit
2026 1707 2172 1765 ami-

2343 1712 2529 1784 Σιράχ
2555 1710 2695 1771 KH'.
2737 1743 2806 1755 —
2835 1713 3000 1787 Ἀνὴρ
3033 1716 3359 1790 ἁμαρτωλὸς
3379 1717 3585 1790 ταράξει
3606 1716 3758 1787 φίλους,

577 1819 694 1871 eos,
723 1814 780 1860 et
808 1805 957 1861 inter
981 1803 1194 1861 medios
1228 1817 1422 1874 pacem
1467 1803 1795 1860 habentium
1848 1803 2018 1875 jacict
2073 1816 2139 1859 ca

2314 1804 2369 1859 αἱ
2411 1804 2689 1879 ἀναμέσον
2735 1805 3126 1880 amoma»
3179 1809 3337 1881 βαλεῖ
3377 1809 3626 1883 διαϐολήν·
3660 1809 3758 1865 κατὰ

577 1897 845 1954 lumniam
896 1913 912 1952 :
945 1905 1008 1952 ut
1041 1897 1275 1953 materia
1295 1896 1440 1970 ignis
1465 1897 1547 1953 sic
1571 1896 1915 1954 exardescet.

2311 1896 2378 1970 ὴν
2410 1895 2547 1971 ὓλην
2573 1895 2670 1953 τοῦ
2701 1897 2876 1993 πυρὸς
2904 1899 3079 1967 οὕτως
3114 1901 3515 1993 ἑκκαυθξισεται.

647 1994 818 2050 Eccli.
859 2009 933 2062 xl,
973 1996 1025 2051 7.
1056 2025 1130 2036 —
1158 1994 1490 2066 Priusquam
1533 1994 1868 2067 interroges,
1917 2011 1988 2053 ne
2020 1995 2174 2052 vitu-

2360 1990 2652 2060 ‘Emnc.
2691 1989 2796 2049 IA’.
2819 2022 2892 2034 —
2941 1994 3082 2067 Πρὶν
3144 1989 3436 2063 ἐξετάσεις,
3486 1994 3552 2068 μὴ
3596 1991 3753 2066 μέμψῃ·

577 2101 743 2159 peres
770 2101 787 2153 ;
810 2085 1061 2158 intelligo
1087 2085 1356 2157 primum,
1381 2093 1438 2142 et
1464 2095 1597 2142 tunc
1619 2087 1861 2159 corripe.

1732 2087 1861 2159 ripe.
2275 2087 2469 2158 νόησον
2496 2083 2736 2159 πρῶτον,
2775 2086 2870 2141 καὶ
2895 2087 3017 2141 τότε
3047 2087 3297 2160 ὲπιτίμα.

651 2178 864 2235 Basilii.
896 2209 968 2220 —-
998 2178 1120 2236 Non
1155 2179 1329 2237 verba
1380 2180 1496 2252 ipsa
1544 2180 1796 2237 dolorem
1844 2178 2055 2238 habent
2086 2181 2175 2237 in-

2346 2179 2692 2251 Βασιλείου.
2717 2209 2792 2221 -
2821 2179 2898 2234 Οὐ
2929 2179 2999 2236 τὰ
3041 2183 3266 2254 ρήματα
3301 2181 3499 2253 πέφυκε
3529 2180 3614 2246 τὰς
3635 2180 3757 2243 λύπας

578 2283 795 2342 cutere,
831 2273 929 2331 sed
960 2281 1153 2330 nostra
1188 2275 1244 2330 in
1281 2288 1406 2331 eum
1433 2273 1531 2345 qui
1585 2273 1939 2330 eonviciatur
1978 2287 2143 2346 super

2276 2271 2472 2325 κινεῖν⁶
2505 2270 2623 2326 ἀλλ’
2651 2272 2686 2343 ἡ
2720 2272 2864 2326 κατά
2892 2273 2988 2328 τοῦ
3031 2273 3436 2348 λοιδορήσαντος
3481 2275 3610 2345 ἡμᾶς
3642 2273 3758 2341 ὑπερ·

579 2369 672 2425 bia
703 2377 762 2426 et
793 2375 1172 2439 contemptus,
1201 2366 1519 2440 horumque
1546 2366 1898 2440 singulorum
1927 2365 2144 2440 cogitati

1845 2383 1898 2422 m
1927 2365 2173 2440 cogitatu
2273 2361 2425 2434 οψία,
2450 2363 2546 2418 καὶ
2578 2365 2613 2436 ἡ
2634 2363 2869 2420 ἑκάστου
2909 2365 3094 2421 αὐτῶν
3123 2366 3408 2440 ὑπεροψία.

581 2459 755 2516 animi
783 2459 1108 2532 pensitatio.

651 2553 847 2610 Solent
905 2569 1080 2627 prope
1127 2553 1346 2625 magnis
1411 2552 1801 2625 principibus,
1871 2553 2170 2612 illiberalia

2345 2546 2635 2617 Πεφύκασί
2665 2564 2784 2613 πως
2821 2548 2944 2624 ταῖς
2991 2549 3263 2622 μεγάλαις
3301 2548 3605 2611 δυναστείαις
3629 2546 3755 2601 αίάν-

581 2645 776 2704 isthzec
808 2646 1076 2719 obsequia
1123 2645 1430 2712 adhaerere,
1467 2654 1529 2702 ut
1575 2661 1704 2702 eum
1739 2647 1968 2719 pr0prio
2021 2647 2146 2704 boni

2272 2635 2545 2710 ςλεύθεροι
2579 2632 2739 2694 αὗται
2782 2638 3174 2714 παραφύεσθαι
3218 2641 3506 2715 θεραπεῖαι,
3544 2641 3592 2694 αί
3626 2638 3692 2693 διὰ
3715 2636 3755 2689 τὺ

580 2750 830 2806 careant,
879 2755 991 2812 quo
1039 2739 1434 2809 inclarescant,
1491 2756 1560 2798 ex
1600 2739 1801 2796 alienis
1842 2740 2002 2798 malis
2049 2739 2145 2813 ips:

2269 2731 2499 2805 ἀπορεῖν
2521 2733 2726 2788 οἰκείου
2758 2733 2968 2804 ἀγαθοῦ
2997 2735 3066 2790 δι’
3096 2729 3162 2792 οὗ
3205 2735 3577 2809 γνωριοθῶσιν,
3602 2735 3653 2788 ἐκ
3678 2731 3753 2786 τῶν

579 2848 703 2890 sese
742 2833 1158 2891 commendent.

2270 2823 2567 2898 ἀλλοτρίων
2592 2827 2779 2881 κακῶν
2811 2827 3042 2895 ἑαυτοὺς
3077 2829 3419 2885 συνιστῶσιν.

652 2923 919 2996 Theologi.
944 2954 1014 2964 -—
1047 2924 1171 2982 Non
1221 2940 1420 2998 magna
1457 2941 1547 2981 res
1596 2933 1682 2981 est
1716 2923 2045 2996 corripere:
2083 2932 2172 2981 est

2342 2919 2663 2988 Θεολόγου.
2701 2950 2772 2959 -
2795 2919 2869 2974 Τὸ
2920 2919 3021 2992 μὲν
3069 2920 3184 2995 γὰρ
3236 2921 3502 2994 ἐπιτιμᾷν,
3536 2919 3587 2973 ού
3620 2915 3749 2988 μέγα·

578 3015 730 3072 enim
762 3015 912 3074 istud
947 3015 1297 3084 facillimum,
1339 3031 1402 3073 ac
1428 3024 1616 3088 potest
1647 3015 1832 3088 quivis
1865 3025 2129 3088 praestare

2273 3011 2470 3083 ῥᾷστον
2494 3010 2604 3084 γὰρ
2628 3012 2721 3067 καὶ
2741 3011 2838 3066 τοῦ
2875 3012 3208 3086 βουλομένου
3227 3014 3421 3080 παντός
3435 3030 3448 3045 ·
3469 3013 3582 3069 τὸδὲ
3598 3013 3751 3065 ἀντεισ-

577 3120 732 3168 tuam
759 3128 894 3169 vero
917 3111 1164 3168 vicissim
1201 3109 1535 3169 sententiam
1557 3118 1916 3184 mentemque
1933 3109 2142 3168 inferre

2271 3102 2425 3172 ἀγειν
2480 3105 2581 3176 τὴν
2623 3105 2823 3161 ἑαυτοῦ
2869 3105 3125 3180 γνώμην,
3184 3107 3376 3182 ἀνδρδς
3432 3103 3644 3169 εὐσεϐοῦς
3683 3100 3751 3156 καὶ

578 3204 638 3261 id
662 3221 798 3262 vero
827 3205 933 3261 viri
957 3205 1200 3278 religiosi
1228 3220 1293 3262 ac
1315 3204 1424 3261 cati
1449 3213 1555 3262 est.

1086 3205 1200 3310 {iosi
1228 3220 1293 3262 ac
1315 3204 1424 3261 cati
1449 3213 1555 3262 est.
1721 3296 1735 3310 ‘
1793 3295 1830 3310 ῃ
2191 3249 2236 3310 c
2266 3192 2651 3310 wgf-5X3”?-

649 3297 883 3356 Przestat
908 3297 1051 3354 male
1072 3297 1289 3364 audire,
1324 3312 1493 3370 quam
1533 3305 1595 3353 ut
1629 3295 1951 3355 maledicas.
2191 3285 2214 3310 “

2191 3285 2236 3310 ν
2345 3285 2547 3352 Κακῶς
2573 3286 2791 3342 ἀκούειν
2821 3290 3097 3360 κρεῖσσον,
3132 3291 3168 3361 ἢ
3194 3290 3369 3362 λέγειν
3393 3287 3573 3355 κακῶς.

647 3390 773 3446 Non
821 3390 1081 3463 vulgares
1130 3390 1312 3448 solum
1365 3389 1642 3459 homines,
1699 3389 1796 3446 sed
1855 3389 1950 3462 qui
1997 3390 2168 3448 etiam

2343 3377 2614 3434 ’Δπτεται
2670 3380 2734 3434 ού
2772 3380 2884 3435 τῶν
2917 3381 3141 3438 πολλῶν
3188 3386 3367 3455 μόνον,
3403 3380 3524 3439 ἀλλά
3570 3376 3644 3432 καὶ
3672 3371 3748 3428 τῶν

578 3483 776 3557 optimi
797 3483 930 3551 sint,
959 3483 1188 3542 incessit
1215 3499 1453 3541 momus.

1256 3499 1453 3541 tomus.
2269 3470 2512 3545 ἀρίστων
2542 3471 2572 3526 δ
2609 3471 2821 3545 μῶμος.

647 3573 914 3646 Chrysost.
936 3605 1007 3614 —
1035 3571 1511 3642 Quemadmodum
1542 3572 1936 3630 benedicentia
1962 3583 2020 3631 et
2049 3573 2168 3630 lau-

2337 3564 2640 3632 Χρυσοστ.
2674 3593 2750 3608 -ι
2769 3565 2983 3640 Ὠσπερ
3017 3567 3079 3623 τὸ
3111 3570 3296 3636 καλῶς
3333 3569 3499 3639 λέγειν
3522 3566 3601 3620 καὶ
3621 3565 3743 3630 ἐγκω·

577 3666 730 3723 datio
793 3667 1055 3724 amicitiae
1115 3668 1274 3740 origo
1334 3675 1464 3734 est;
1517 3667 1598 3724 sic
1653 3667 2047 3725 maledicentia
2108 3684 2139 3725 c

2269 3652 2489 3724 μιάζειν
2527 3654 2695 3728 ἀρχὴ,
2716 3657 2901 3726 φιλίας
2951 3660 3133 3714 ἐστίν·
3178 3661 3320 3716 οὕτω
3344 3663 3400 3714 τὸ
3424 3656 3585 3720 κακῶς
3621 3652 3748 3718 λέγειν

577 3759 878 3826 calumnia,
910 3759 1221 3816 inimicitia:
1245 3757 1473 3831 odiique
1497 3773 1562 3815 ac
1590 3758 1864 3814 malorum
1908 3756 2138 3816 innume

2265 3745 2362 3798 καὶ
2389 3744 2719 3814 διαϐάλλειν,
2747 3747 2967 3820 ῑχθρας,
2999 3751 3097 3806 καὶ
3148 3752 3455 3825 ἀπεχθείας,
3494 3748 3575 3804 καὶ
3595 3740 3749 3816 μυρίων

480 3824 504 3843 ’
577 3851 839 3908 rabilium
875 3866 1078 3923 parens
1109 3867 1176 3908 ac
1203 3851 1348 3907 ratio
1375 3859 1484 3906 est.

2265 3835 2454 3891 κακῶν
2482 3836 2743 3911 ἀρχὴκαὶ
2769 3841 3031 3908 ὑπόθεσις
3051 3824 3304 3915 γέγονεν.

646 3941 796 3997 Fieri
823 3956 937 3997 non
964 3950 1169 4012 potest,
1193 3950 1255 3996 ut
1287 3939 1383 4012 qui
1407 3935 1615 4003 virtute
1641 3938 1813 3995 vitam
1839 3938 2160 4009 instituunt,

2335 3926 2412 3981 Οὐ
2463 3925 2690 3984 δυνατὸν
2733 3930 2860 3998 τοὺς
2899 3934 2960 3989 ὲν
3003 3936 3178 4010 ἀρετῇ
3239 3937 3394 4002 ὄντας
3435 3931 3566 4004 παρά
3589 3925 3749 3983 πάντων

577 4032 649 4090 ab
681 4032 947 4090 omnibus
985 4033 1129 4089 bene
1164 4031 1417 4088 audiant.

1164 4031 1417 4088 audiant.
2261 4020 2486 4078 ἀκούειν
2518 4023 2723 4090 καλῶς.

649 4120 708 4176 Si
739 4119 818 4174 illi
847 4120 944 4191 qui
975 4120 1128 4177 leves
1150 4127 1208 4176 et
1231 4119 1430 4175 inanes
1465 4116 1820 4175 narrationes
1851 4118 2158 4191 excipiunt,

2331 4115 2397 4169 Ei
2447 4113 2498 4170 οἱ
2547 4116 2986 4190 παραδεχόμενοι
3038 4119 3211 4195 ἀκοὴν
3262 4118 3489 4194 ματαίαν
3513 4112 3596 4169 οὐκ
3619 4110 3668 4164 ἀν
3687 4103 3748 4158 τύ·

579 4211 728 4268 haud
754 4211 914 4269 facile
941 4211 1158 4268 veniam
1201 4213 1314 4269 sint
1360 4212 1631 4280 habituri,
1669 4213 1767 4287 qui
1823 4215 2144 4274 calumniam

2260 4222 2408 4278 χοιεν
2453 4211 2816 4282 συγγνώμης·
2845 4213 2895 4266 oi
2926 4211 3307 4280 διαδάλλοντες
3335 4213 3424 4269 καὶ
3466 4201 3746 4278 λοιδοροῦντες

579 4312 804 4360 struunt
855 4304 1270 4377 detrahuntque
1325 4322 1392 4363 ac
1459 4306 1774 4366 maledictis
1833 4307 2144 4377 incessunt,

1471 4306 1774 4366 maledictis
1833 4307 2156 4377 incessunt,
2260 4299 2425 4355 ποίαν
2452 4299 2667 4370 ἕξουσιν
2699 4303 3036 4377 ἀπολογίαν;

578 4413 744 4469 quam
764 4397 1142 4456 defensionem
1164 4399 1488 4458 habebunt?
1663 4407 1669 4412 '

647 4489 768 4546 Non
797 4490 960 4548 nobis
1003 4506 1168 4564 grave
1195 4491 1269 4549 sit
1308 4491 1458 4570 quod
1503 4493 1648 4552 male
1701 4493 2015 4564 audiamus,
2056 4495 2156 4553 sed

2328 4485 2423 4560 Μὴ
2442 4486 2501 4542 τὸ
2523 4487 2712 4555 κακῶς
2757 4489 2980 4546 ἀκούειν
3015 4489 3293 4566 ἀλγῶμεν,
3319 4487 3448 4546 ἀλλά
3481 4484 3549 4558 τῷ
3580 4473 3743 4537 δικαίως

576 4581 725 4654 quod
750 4583 902 4655 iuste
923 4584 1067 4642 male
1095 4584 1410 4644 audiamus.

1146 4584 1410 4644 tdiamus.
2187 4613 2230 4670 ο
2259 4579 2482 4636 ἀκούειν
2501 4581 2711 4648 κακῶς.

646 4673 905 4746 Plerique
960 4676 1254 4733 hominum
1310 4692 1544 4736 suorum
1607 4679 1828 4749 patroni
1889 4681 2153 4739 vitiorum
2189 4663 2211 4670 “

2189 4663 2223 4670 ⁷
2329 4675 2392 4728 Oi
2421 4672 2609 4730 πολλοὶ¹
2653 4675 2765 4730 τῶν
2802 4675 3134 4750 ἀνθρώπιον,
3175 4677 3284 4733 τῶν
3331 4677 3427 4748 μὲν
3464 4671 3590 4728 ίδίων
3611 4663 3744 4733 ἁμαρ·

575 4766 887 4826 exsistunt:
923 4769 1105 4827 aliena
1133 4769 1434 4827 traducunt
1465 4785 1534 4827 ac
1561 4771 1958 4831 criminantur.

2253 4765 2518 4839 τημάτων
2543 4767 2835 4842 συνήγοροι
2865 4768 3105 4840 γίνονται
3122 4785 3140 4805 ο
3163 4770 3276 4826 τῶν
3300 4768 3356 4824 δὲ
3377 4760 3635 4836 ἀλλοτρίων
3651 4763 3743 4804 κατ’

2329 4875 2467 4914 οροι.

642 4945 940 5006 Plutarchi.
965 4981 1035 4991 —
1066 4949 1280 5024 Lingua
1300 4949 1592 5020 maledica,
1615 4953 1774 5012 mala:
1794 4955 2000 5013 mentis
2033 4971 2157 5014 cer-
2182 4964 2188 4968 '

2329 4875 2358 4911 ο
2427 4876 2467 4914 ι.

2182 4964 2188 4968 ·
2255 4858 2740 5022 ἠγΠέἷιτοουτιὶρκου.
2755 4980 2825 4993 -
2848 4951 3076 5008 Γλῶσσα
3097 4953 3436 5025 βλάσφημος,
3453 4938 3653 5002 διανοίας
3675 4944 3745 4984 κα·

578 5047 693 5095 tum
721 5039 986 5099 indicium
1023 5051 1130 5100 est.

1060 5051 1130 5100 st.
2254 5041 2358 5112 κῆς
2381 5041 2620 5115 ἔλεγχος.

649 5129 810 5204 563
842 5132 1112 5191 Isocratis.
1143 5134 1376 5193 —Cave
1409 5134 1734 5207 calumnias,
1757 5138 1975 5196 etiamsi
2008 5139 2160 5196 falsa;

2341 5138 2637 5209 Ἰσοκράτ.
2664 5171 2734 5182 —-
2764 5139 3010 5196 Εὐλαϐοῠ
3040 5141 3145 5210 τες
3169 5139 3435 5207 διαὸολάς,
3470 5132 3562 5190 κᾶν
3581 5118 3745 5199 ψευδεῖς

1862 5278 2097 5338 vanum
2139 5279 2541 5341 LECTIONES.

651 5368 696 5402 ”
724 5370 784 5426 ln
804 5369 971 5426 Gesn.
1006 5369 1225 5427 Stobaao
1257 5372 1344 5428 70.

2102 5467 2336 5524 NUTIE.

541 5547 727 5654 ’ΜΨ
759 5552 2140 5654 fgﬂfﬁﬂagnsusrl‘itterf‘:adnhlaximiseo-
2249 5561 2389 5620 Hel).
2459 5575 2645 5622 tamen
2696 5577 2830 5654 Ἶριν
2883 5567 3140 5639 falsitatis
3188 5566 3404 5624 habent.
3445 5555 3590 5627 Vulg.

577 5623 715 5698 pum
759 5623 1393 5708 accommodatissimus:
1427 5627 1530 5695 Qui
1548 5623 1858 5713 justi'sunt,
1904 5647 2015 5687 non
2044 5647 2144 5715 es-
2251 5657 2529 5712 ,ηεηάασία
2551 5676 2572 5724 ;
2604 5623 2769 5729 (μηιᾶ
2782 5623 2931 5717 dolo
2953 5623 3414 5733 maloqueanimo
3440 5623 3740 5714 haec'Operirc

581 5693 1148 5788 §?:.s.l.l.s.ur39nne_s.’-§e.q
1162 5710 1552 5788 ῩΡθΠΪΞΨῘῗΫ
1567 5712 1912 5788 ..ΨῘΨΨΜΞ
1933 5711 1989 5788 εἶί
2019 5703 2146 5788 Odia
2256 5725 2661 5788 intelligantur.
2698 5740 2760 5786 ut
2800 5732 2856 5787 in
2890 5741 3137 5788 tempore
3193 5735 3432 5788 noceant.
3469 5717 3590 5788 Quid
3630 5713 3740 5780 κεῖθ’

582 5766 787 5834 sciunt,
822 5781 891 5823 η.
918 5745 1248 5840 detegendo,
1273 5745 1551 5842 mansa;
1566 5745 2146 5831 τοπιειιῑειῖιῖῡιῑιιρῐῑιῑτ
2249 5745 2780 5868 κπξυξξξθέιέξξῖδτξξ,
2800 5749 2868 5858 '5'.
2890 5745 3443 5867 ﬁg‘ffjse,2:‘if“n";;.
3463 5745 3624 5862 ne.
