3964 6276
521 346 624 412 787

1687 337 1747 396 S.
1787 333 2073 397 MAXIM]
2113 333 2621 396 CONFESSORIS

3699 343 3779 408 788

521 456 818 526 multisque
880 453 993 525 jam
1037 448 1210 522 magis
1251 449 1440 514 nocuit
1485 449 1704 504 aurium
1768 445 2087 512 inﬁrmitas,

2205 447 2377 519 μείζω
2411 448 2703 520 ἠδίκηνται
2753 448 2860 502 ὑπὸ
2908 448 3016 522 τῆς
3054 448 3183 503 τῶν
3238 447 3405 504 ὤτων
3458 449 3775 531 ἀσθενείας,η

520 563 682 619 quam
721 544 870 618 quod
906 543 1256 599 inimicorum
1297 552 1422 598 sunt
1452 539 1682 612 appetiti
1711 538 1947 595 insidiis.

1163 656 1469 715 Cleanthes.

521 758 666 815 Nihil
693 772 917 829 usquam
945 753 1231 829 calumnia
1257 748 1638 829 maleﬁcentius
1656 765 1676 803 :

520 829 676 885 Clam
701 821 843 884 enim
871 825 1107 886 seducto,
1142 824 1231 894 qui
1265 822 1426 892 ﬁdem
1463 821 1670 894 habuit,

520 900 711 956 Odium
743 896 994 968 conﬁngit
1026 897 1082 950 in
1120 890 1241 950 eum
1267 890 1364 965 'qui
1425 890 1562 946 nihil
1602 907 1722 945 reus
1760 891 1886 946 sit.-

585 1014 751 1070 επεὶ.
785 1041 858 1054 --
886 1011 991 1080 Qui
1051 1010 1292 1066 amicum
1317 1007 1625 1072 cavillatur,
1687 1005 1839 1062 nulla
1901 1004 2101 1078 dignus

517 1107 590 1164 sit
626 1105 901 1173 laude,ve|
939 1104 986 1161 si
1013 1119 1141 1159 vera
1176 1101 1400 1158 dixerit.

587 1198 1143 1273 Chrysippi.—Cum
1197 1196 1422 1267 quidam
1461 1195 1514 1251 ei
1573 1194 1815 1251 diceret:
1875 1194 2098 1251 Amicus

515 1293 826 1349 clanculum
852 1292 1074 1364 sugillat
1098 1305 1163 1346 ac
1211 1289 1454 1344 detrahit
1495 1307 1510 1344 :
1545 1287 1860 1353 Hominem,
1895 1288 2094 1359 inquit,

517 1400 588 1441 ne
616 1384 869 1456 arguito;
902 1384 1104 1454 quippe
1137 1383 1281 1438 idem
1315 1383 1494 1453 palam
1517 1381 1768 1437 facturus
1791 1389 1897 1436 est.

584 1473 733 1528 Idem
764 1489 795 1528 a
815 1473 936 1528 viro
958 1473 1199 1542 quodam
1225 1489 1460 1544 nequam
1491 1473 1681 1528 multis
1707 1473 1941 1528 allectus
1959 1488 2093 1528 con-

513 1559 674 1615 viciis
696 1578 713 1614 :
734 1558 976 1631 Optime,
1008 1560 1416 1633 inquit,(ecisti,
1449 1563 1597 1633 quod
1622 1578 1817 1619 eorum
1848 1579 1970 1633 quae
2001 1572 2093 1620 tua

513 1664 697 1721 erant,
736 1654 880 1710 nihil
920 1653 1200 1726 reliquum
1233 1654 1452 1711 feceris.

424 1728 435 1740 ’
581 1745 730 1801 Idem
763 1746 1038 1803 referente
1071 1747 1310 1818 quodam
1373 1748 1669 1804 nonnullos
1708 1747 1760 1803 ei
1803 1748 2095 1804 detrahere

2207 542 2312 597 ὑπὸ
2348 543 2447 615 τῆς
2471 543 2581 598 τῶν
2613 542 2832 616 ἐχθρῶν
2855 543 3208 615 ἐπιϐουλῆς.

2858 660 3142 717 Κλεάνθ.

2203 754 2686 825 Κακουργότερον
2709 753 2890 810 οὐδὲν
2908 754 3228 823 διαϐολῆς
3268 755 3414 810 ἐστί
3438 772 3572 812 που.

2209 825 2404 893 Λάθρα
2426 827 2536 894 γὰρ
2563 825 2935 894 ἀπατήσασιι
2954 827 3077 881 τὸν
3111 826 3566 896 πεπεισμένον,

2201 897 2397 963 Μῖσος
2415 896 2784 951 ἀναπλάττει
2813 896 2958 966 πρὸς
2977 896 3105 951 τὸν
3131 896 3336 952 οὐδὲν
3365 898 3577 952 altior.

2272 1008 2444 1075 Σέξτ.
2477 1039 2547 1052 -
2581 1009 2646 1064 '0
2683 1009 3057 1066 ἐνδιαϐάλλων
3100 1009 3296 1080 φίλον,
3335 1010 3414 1083 μὴ
3450 1011 3774 1086 εὖδοκιμείτω,

2200 1101 2302 1157 κᾶν
2322 1101 2499 1173 άληθῆ
2528 1101 2681 1173 λέγῃ,

2268 1195 2574 1262 Χρυσίππ.
2593 1193 2942 1258 -Είπόντος
2969 1192 3137 1265 αὐτῷ
3167 1211 3352 1262 τινος,
3381 1194 3444 1250 '0
3466 1194 3612 1266 φίλος
3631 1211 3681 1250 σε
3703 1195 3776 1253 λά-

2200 1285 2306 1358 θρα
2335 1285 2590 1356 λοιδορεῖ,
2626 1283 2752 1357 ἔφη’
2792 1286 2886 1360 Μὴ
2915 1286 3127 1360 ἔλεγχε
3176 1286 3377 1354 αὐτὸν,
3415 1288 3538 1342 ἐπεὶ
3565 1288 3775 1361 φανερῶς

2203 1379 2331 1433 αὐτὸ
2353 1377 2466 1450 ἔχει
2501 1377 2732 1452 [μέλλει]
2759 1382 2956 1435 ποιεῖν.

2281 1473 2342 1526 Ὀ
2375 1471 2538 1536 αὐτὸς
2581 1471 2690 1527 ὑπό
2722 1489 2869 1538 τινος
2914 1472 3177 1546 πονηροῦ
3235 1473 3420 1529 πολλὰ
3453 1471 3768 1545 λοιδορηθεὶς,

2194 1570 2320 1638 ἔφη·
2364 1566 2640 1621 Κάλλιπα
2681 1565 2966 1639 ἐποίησας,
2997 1566 3186 1640 μηδέν
3239 1584 3331 1622 σοι
3364 1567 3477 1622 τῶν
3506 1567 3768 1639 προσόντων

2205 1677 2269 1713 ιτα
2280 1658 2543 1732 ραλιπών.

2279 1755 2336 1807 Ὀ
2375 1753 2562 1817 αὐτὸς,
2591 1751 2738 1816 τινὸς
2773 1750 3028 1821 λέγοντος
3069 1751 3165 1806 ὅτι
3218 1751 3295 1805 Σέ
3349 1767 3495 1815 τινες
3539 1750 3762 1822 λοιδοροῦ-

508 1854 574 1896 ac
604 1840 852 1913 obloqui:
886 1842 958 1898 At
984 1857 1112 1916 ego,
1145 1843 1346 1914 inquit,
1374 1843 1455 1900 sic
1485 1843 1612 1899 vita:
1637 1843 1882 1899 rationes
1933 1843 2087 1899 insti-

2204 1865 2307 1911 σιν,
2339 1847 2467 1917 ἔφη*
2514 1846 2657 1900 Ἀλλ’
2681 1844 2792 1915 ἐγὼ
2819 1843 2995 1910 οὕτως
3024 1843 3238 1911 διάξω,
3276 1844 3427 1899 ὥστε
3462 1843 3760 1899 ἀπιστεῖσθαι

510 1941 681 2002 tuam,
711 1945 774 1992 ut
795 1952 960 1994 nemo
987 1938 1098 1996 illis
1125 1938 1290 1995 ﬁdem
1313 1938 1606 1994 habiturus
1627 1938 1720 1993 sit.

526 2017 529 2021 ’
579 2026 805 2082 Liciani.
836 2061 908 2069 —
935 2029 1068 2097 Quis
1097 2047 1221 2086 non
1247 2030 1508 2097 fateatur,
1534 2031 1591 2086 in
1634 2031 1894 2088 omnibus
1929 2032 2098 2088 rebus

505 2120 897 2189 aequalitatem,
950 2122 1202 2193 nihilque
1267 2123 1502 2178 nimium
1573 2132 1669 2178 aut
1737 2123 2091 2189 redundans,

503 2212 732 2281 iustitiae
757 2229 926 2285 opera
947 2230 1094 2282 esse;
1151 2216 1582 2287 inaequalitatem
1615 2232 1747 2272 vero
1770 2226 1827 2272 et
1864 2215 2090 2270 nimiam

510 2304 748 2361 habendi
778 2309 1166 2379 cupiditatem,
1203 2310 1510 2382 injustitiw?
1543 2311 1709 2381 Atqui
1741 2311 1808 2375 is,
1853 2310 1950 2381 qui
1995 2325 2091 2365 ca—

507 2395 718 2451 lumnia
741 2397 1010 2455 adversus
1028 2401 1288 2457 absentes
1313 2401 1626 2456 clanculum
1698 2401 1896 2466 utitur,
1959 2399 2092 2471 quid

505 2495 593 2542 est
651 2502 750 2543 cur
777 2504 978 2546 avarus
1000 2491 1237 2563 plusque
1280 2492 1522 2548 habendi
1577 2493 1835 2564 cupidus.
1866 2508 1964 2549 seu
1991 2491 2093 2547 ini-

505 2595 650 2650 quus
686 2592 892 2654 raptor,
924 2599 1034 2639 non
1058 2587 1380 2642 censeatur?
1407 2586 1621 2658 Quippe
1653 2587 1750 2658 qui
1776 2593 1953 2643 totum
1983 2601 2082 2641 au-

505 2674 743 2732 ditorem
773 2693 936 2733 suum
964 2679 1179 2747 reddat,
1200 2681 1432 2753 ejusque
1456 2687 1812 2752 prmoccupet
1837 2680 2082 2736 animum

507 2785 573 2826 ac
611 2785 778 2828 aures
856 2773 1133 2845 obstruat,
1159 2791 1300 2847 quas
1347 2777 1623 2833 calumnia
1672 2778 1934 2849 repletas,
1993 2791 2083 2833 se-

501 2865 694 2934 quenti
729 2880 989 2924 sermone
1010 2868 1310 2940 impervias
1355 2871 1686 2942 clausasque
1743 2869 1967 2926 efﬁciat.

1104 3007 1334 3064 SERMO
1371 3009 1446 3064 Xl

1067 3119 1142 3174 De
1179 3119 1507 3177 adulatione.

572 3233 699 3290 Luc.
729 3250 804 3304 vi,
825 3233 918 3292 26.
936 3265 1004 3278 —
1019 3235 1134 3303 Vae,
1157 3251 1288 3293 cum
1306 3236 1701 3295 benedixerint
1725 3237 1886 3295 vobis
1908 3237 2091 3295 homi-

502 3343 623 3385 nes.

570 3419 747 3489 ludar,
786 3422 874 3480 16.
905 3455 976 3465 -
1002 3424 1068 3481 Hi
1107 3435 1244 3482 sunt
1291 3435 1752 3492 murmuratores,
1784 3425 2090 3498 querulosi,

498 3515 808 3571 secundum
837 3515 1118 3575 desideria
1139 3533 1239 3576 sua
1271 3519 1652 3589 ambulantes;
1685 3532 1744 3576 et
1803 3535 1868 3577 os
1899 3535 2092 3576 eorum

499 3607 746 3678 loquitur
815 3609 1056 3682 superba
1076 3652 1092 3678 ,

495 3710 684 3754 causa.
1575 3752 1578 3754 _

559 3789 722 3847 Prov.
753 3792 1015 3860 xxvi,22.
1035 3822 1098 3833 —
1128 3793 1428 3851 Sermones
1461 3795 1817 3852 adulatorum
1851 3798 2048 3856 molles
2076 3818 2088 3853 :

497 3881 553 3937 hi
583 3900 712 3942 vero
747 3884 956 3942 feriunt
995 3889 1304 3959 penetralia
1337 3890 1630 3947 viscerum.

571 3976 766 4033 Melior
795 3989 882 4034 est
919 3979 1006 4033 vir
1035 3996 1297 4050 arguens,
1346 3997 1511 4052 quam
1544 3981 1708 4046 alter,
1744 3981 1840 4052 qui
1892 3981 2093 4039 adule-

499 4071 614 4118 tur.

565 4155 678 4211 Isa.
729 4173 808 4224 ιιι,
859 4157 945 4214 12.
972 4191 1040 4200 -
1065 4159 1172 4227 Qui
1215 4161 1406 4219 beatos
1448 4179 1545 4219 vos
1585 4164 1799 4233 dicunt,
1837 4166 1942 4238 ipsi
1993 4182 2096 4222 vos

499 4245 813 4318 decipiunt,
834 4257 890 4304 et
911 4250 1166 4305 semitam
1193 4249 1409 4306 viarum
1436 4251 1727 4324 dissipant.

567 4338 728 4412 565
747 4340 1030 4398 Basilii.—
1055 4343 1349 4416 F’ugiamus
1387 4345 1760 4402 adulationem
1793 4355 1850 4404 et
1897 4361 2089 4402 assen-

1176 3612 1451 3669 mirantes
1525 3627 1798 3684 personas
1849 3622 2096 3685 quaestus

2090 1952 2098 1960 '
2200 1940 2418 2005 αὐτούς.

2272 2040 2503 2090 Λικιαν.
2528 2063 2595 2073 -
2633 2032 2731 2097 Τίς
2769 2032 2880 2107 γὰρ
2908 2031 3011 2086 οὐκ
3039 2031 3117 2087 ἂν
3148 2030 3541 2102 ὁμολογήσειε,
3572 2029 3658 2101 τήν
3683 2028 3756 2100 μὲν

2204 2128 2425 2198 ἰσότητα
2451 2127 2509 2179 ὲν
2533 2126 2731 2192 ἅπασι,
2759 2127 2855 2180 καὶ
2886 2125 2946 2178 τδ
2999 2124 3183 2196 μηδὲν
3221 2123 3420 2188 πλέον,
3460 2121 3755 2190 δικαιοσύνης

2198 2221 2337 2291 ἔργα
2370 2216 2541 2272 εἶναι’
2561 2217 2624 2271 τὸ
2644 2217 2703 2272 δὲ
2733 2217 2916 2273 ἄνισόν
2942 2232 3003 2271 τε
3038 2215 3146 2269 καὶ
3185 2201 3538 2281 πλεονεκτὺν,
3563 2211 3749 2274 ἀδικίας

2209 2313 2349 2368 Ὀιδὲ
2380 2317 2448 2384 τῇ
2478 2310 2700 2382 διαϐολῇ
2733 2311 2875 2364 κατὰ
2908 2311 3019 2365 τῶν
3072 2310 3354 2365 ἁπάντων
3381 2307 3555 2378 λάθρα
3580 2303 3753 2376 χρώμε-

2191 2424 2301 2472 νος,
2341 2407 2460 2470 πῶς
2497 2406 2563 2460 οὐ
2610 2403 2948 2474 πλεονέκτης
2997 2405 3163 2458 ἐστίν
3194 2421 3211 2472 ;
3241 2403 3371 2457 ὅλον
3394 2401 3486 2454 τὸν
3519 2395 3747 2469 ἀκροατὴν

2194 2497 2672 2573 σφετεριζόμενος,
2722 2496 2818 2552 καὶ
2873 2494 3453 2568 προκαταλαμϐάνων
3508 2488 3658 2545 αὑτοῦ
3695 2484 3747 2539 τὰ

2189 2588 2326 2660 ὦτα,
2360 2592 2454 2648 καὶ
2476 2590 2862 2664 ἀποφράττων,
2891 2589 2988 2644 καὶ
3012 2590 3102 2661 τῷ
3126 2589 3299 2644 δευτέ
3314 2605 3395 2660 ρῳ
3428 2585 3562 2656 λόγῳ
3586 2595 3744 2634 παντε-

2188 2687 2296 2752 λῶς
2343 2685 2518 2742 ἄϐατα
2563 2682 2995 2750 κατασκευάζων
3048 2681 3204 2738 αὐτὰ
3245 2679 3357 2736 ὑπὸ
3399 2679 3497 2750 τῆς
3541 2670 3741 2740 διαϐολῆς

2193 2778 2689 2854 προπεπλησμένα.

2781 3003 3000 3058 ΛΟΓΟΣ
3039 3004 3125 3056 ιΑο
3156 3003 3226 3056 ’⁷.
3341 2983 3350 2988 ’

2741 3119 2879 3189 Περὶ
2910 3118 3269 3184 κολακείας.

2267 3243 2448 3292 Λουκ.
2477 3237 2568 3304 02,".
2599 3263 2667 3275 -
2690 3232 2830 3288 Οὐαὶ
2855 3231 2988 3288 ὅταν
3032 3230 3230 3296 καλῶς
3277 3228 3499 3284 εἴπωσιν
3538 3219 3659 3292 ὑμᾶς
3689 3214 3732 3269 οι

2195 3330 2292 3386 avo
2300 3347 2492 3402 ρωποι.
3000 3351 3002 3355 ·
3266 3366 3268 3368 τ

2277 3422 2545 3477 Ἰουδ.-
2589 3415 2752 3476 Οὗτοί
2813 3419 2920 3473 εἱσι
2973 3414 3316 3488 γογγυσταὶ,
3391 3404 3722 3482 μεμψίμοιροιο

2197 3510 2338 3564 κατὰ
2370 3509 2670 3590 ἐπιθυμίας
2725 3509 2906 3564 αὐτῶν
2952 3509 3352 3580 πορευόμενοι,
3383 3500 3472 3556 καὶ
3515 3495 3567 3550 τὸ
3591 3492 3722 3590 στόμα

2197 3604 2379 3659 αὐτῶν
2401 3580 2556 3657 λαλεῖ
2576 3603 2887 3675 ὑπέρογκα,
2918 3600 3316 3673 θαυμάζοντες
3347 3593 3596 3669 πρόσωπα
3619 3580 3724 3650 ὠφε-

2196 3697 2341 3760 λείας
2369 3697 2550 3768 χάριν.
3042 3758 3044 3760 τ
3160 3783 3168 3785 _
3415 3776 3430 3785 _
3544 3756 3654 3785 ..-τ

2269 3795 2511 3859 "clpam.
2543 3787 2664 3856 KC."
2675 3829 2687 3841 .
2707 3817 2775 3827 —
2800 3785 2964 3855 Λόγοι
2991 3783 3309 3857 κερκὼπων
3340 3770 3583 3854 μαλακοίο
3605 3770 3719 3820 οὗτοι

2194 3888 2250 3941 δὲ
2279 3885 2573 3940 τύπτουσιν
2605 3885 2685 3947 είς
2706 3885 2907 3954 ταμεῖα
2942 3883 3298 3956 σπλάγχνων.

2267 3981 2538 4050 Κρείσσον
2570 3953 2790 4048 ἀνδρὸςί
2820 3953 3166 4048 summa;
3223 3975 3366 4044 ὑπὲρ
3407 3966 3552 4026 ἄλλου
3591 3953 3714 4012 κολα·

2195 4070 2470 4134 κεύοντος.
3616 4137 3639 4150 _
3701 4059 3723 4150 Γ

2275 4167 2466 4220 ’Πσαι.
2503 4165 2586 4220 l".
2611 4191 2680 4202 -—
2713 4162 2779 4217 Oi
2813 4160 3221 4234 μακαρίζοντες
3281 4157 3444 4229 ὑμᾶς,
3493 4146 3710 4200 πλανῶσιν

2195 4257 2360 4327 ὑμᾶς,
2395 4255 2489 4310 καὶ
2511 4254 2610 4328 τὴν
2643 4253 2830 4327 τρίϐον
2856 4253 2966 4306 τῶν
2991 4251 3130 4307 ὁδῶν
3167 4250 3542 4324 ταράσσουσιν.

2265 4321 2613 4401 Βασιλεία).
2639 4321 2706 4387 -λ
2738 4343 3005 4413 Φύγωμεν
3052 4321 3346 4404 κολακείας
3378 4335 3466 4391 καὶ
3500 4321 3702 4413 θωπείας,

499 4428 788 4495 tationem,
815 4438 873 4485 et
907 4430 1199 4488 insidiosm-
1238 4434 1422 4505 vulpis
1465 4434 1733 4490 astutiam
1778 4435 2072 4506 variasque

2204 4441 2277 4495 ἰαὶ
2316 4439 2417 4509 τῆς
2462 4437 2751 4512 ἀρχτλόχου
2791 4405 2841 4472 ’ί
2873 4405 3161 4500 ἁλώπεκοέ
3212 4432 3271 4487 τὺ
3338 4418 3596 4498 κερδαλέον
3636 4405 3702 4463 παν

497 4517 744 4576 fraudes.

566 4614 717 4670 Nihil
752 4615 902 4671 enim
929 4616 1241 4684 molestius,
1281 4617 1370 4675 his
1401 4620 1495 4691 qui
1543 4620 1649 4676 viri
1684 4611 1897 4677 eordati
1925 4630 2075 4686 sunt,

495 4724 659 4779 quam
689 4715 752 4764 ut
805 4707 872 4764 ad
915 4709 1148 4781 gloriam
1180 4713 1388 4780 vivant,
1423 4723 1480 4769 et
1527 4729 1649 4785 quae
1678 4730 1747 4771 ex
1772 4714 1922 4786 vulgi
1951 4725 2080 4771 sunt

494 4802 758 4873 opinione
804 4803 1006 4860 animis
1044 4807 1356 4872 attendant,
1401 4823 1512 4863 non
1552 4817 1763 4864 rectam
1807 4807 2078 4864 rationem

494 4895 622 4951 vitse
653 4897 851 4952 ducem
880 4897 1196 4973 instituant.
1488 4963 1490 4966 τ

567 4988 833 5063 Theologi.
857 5025 927 5035 -
959 4994 1016 5051 Si
1047 5010 1160 5061 me,
1197 5009 1329 5051 cum
1360 4996 1540 5051 malus
1567 5010 1772 5061 essem,
1801 4993 2080 5064 optimum

493 5077 862 5148 existimares,
895 5085 1032 5155 quid
1065 5100 1153 5142 me
1178 5084 1363 5141 facere
1383 5085 1710 5156 oporteret?
1736 5083 2078 5140 Deteriorem

495 5168 643 5236 ﬁeri,
685 5181 747 5227 ut
770 5177 945 5248 magis
971 5177 1071 5234 tibi
1096 5179 1410 5250 placerem?
1436 5179 1555 5235 Non
1585 5177 1667 5234 sic
1694 5176 1832 5232 mihi
1854 5176 2078 5233 consul-

495 5268 619 5322 tum
646 5263 836 5322 velim.
863 5269 1069 5325 Eadem
1131 5272 1369 5337 ratione,
1419 5287 1521 5327 nec
1553 5271 1599 5327 si
1641 5287 1709 5328 ex
1752 5270 1958 5327 virtute
1992 5269 2076 5324 vi-

495 5363 739 5420 ventem,
772 5371 860 5412 me
897 5359 1190 5416 offendere
1238 5379 1302 5418 ac
1333 5371 1561 5434 peccato
1603 5363 1713 5418 labi
1765 5361 2074 5426 arbitraris,

498 5445 579 5500 tui
610 5461 777 5504 causa
828 5449 1054 5507 virtutis
1105 5454 1271 5510 vitam
1329 5457 1573 5512 mutabo.
1613 5456 1732 5512 Non
1775 5455 1924 5512 enim
1977 5453 2079 5509 tibi

497 5540 694 5612 magis,
721 5559 889 5615 quam
918 5544 1170 5603 mihimet
1189 5548 1290 5619 ipsi
1321 5548 1466 5604 vivo.

2186 4535 2451 4590 ποικίλον.

2257 4628 2422 4682 Οὐδὲν
2448 4626 2557 4698 γὰρ
2581 4623 2965 4699 χαλεπώτερον
2985 4628 3100 4691 τοῖς
3128 4620 3190 4682 εὖ
3219 4615 3484 4694 φρονοῦσιν
3508 4603 3585 4661 τοῦ

2185 4722 2344 4790 δόξαν
2374 4722 2494 4792 ζῇν,
2525 4721 2620 4774 καὶ
2645 4719 2713 4774 τὰ
2732 4720 2848 4784 τοῖς
2871 4719 3090 4784 πολλοῖς
3115 4715 3372 4772 δοκοῦντα
3390 4702 3693 4784 περισκοπείνζ

2188 4816 2283 4868 καὶ
2339 4814 2413 4887 μὴ
2474 4813 2567 4868 τὸν
2618 4811 2784 4885 ὀρθὸν
2831 4811 2989 4883 λόγον
3055 4811 3301 4885 ἡγεμόνα
3357 4792 3595 4858 ποιεῖσθαι
3629 4794 3699 4834 τον·

2185 4893 2322 4977 βίου.
2972 4925 2982 4932 ’
3298 4933 3302 4938 ν
3510 4979 3517 4980 7
3588 4969 3602 4980 ‘
3623 4964 3634 4980 ,

2254 5000 2571 5071 Θεολόγου.
2604 5032 2673 5043 -
2702 4999 2767 5052 Ei
2794 4999 2862 5070 μὲ
2882 4997 3017 5053 ὄντα
3042 4997 3232 5061 κακὸν,
3269 4994 3474 5062 ἄριστον
3500 4969 3694 5071 ὑξεελίξῐές

2183 5063 2461 5158 δανεςβί.
2478 5109 2548 5164 με
2577 5093 2752 5146 ποιεῖν
2794 5063 3001 5163 ἓχρῆν;
3049 5085 3188 5144 εἶναι
3214 5083 3403 5160 μᾶλλον
3447 5063 3691 5164 κακὸνζῖπςα

2187 5187 2350 5242 πλέον
2395 5187 2617 5261 ἀρέσκω
2646 5204 2764 5254 σοι;
2795 5186 2896 5239 οὐκ
2939 5185 3008 5239 ἂν
3047 5181 3207 5238 τοῦτο
3249 5167 3455 5250 ἐμαυτῷ

2183 5279 2372 5336 λευσα.
2427 5243 2616 5344 ὸΰτως
2658 5243 2780 5333 οὐδὲ
2803 5279 2853 5332 εί
2881 5273 3249 5348 κατορθοῦντά
3379 5255 3564 5316 πταίειν
3585 5243 3690 5348 ύπξζ

2183 5328 2501 5443 sagas;
2519 5328 2613 5426 ’.τ’
2639 5328 2952 5442 esse:
2968 5328 3078 5425 si
3095 5328 3108 5330 ‘
3127 5328 3193 5423 ί..
3237 5328 3586 5440 suam...
3630 5328 3685 5383 oo

2185 5466 2263 5532 ζῶ
2293 5465 2401 5538 γὰρ
2427 5465 2510 5520 σοὶ
2536 5465 2736 5537 μᾶλλον
2769 5464 2802 5538 ἢ
2833 5463 3077 5541 ἐμαυτῷ.

1799 5715 1882 5772 VA
1895 5715 2028 5773 RM‘J
2068 5715 2355 5774 LECTION
2456 5758 2463 5764 .

576 5823 618 5857 ⁸⁷
652 5823 718 5880 In
745 5825 907 5882 Gesn.
945 5826 1096 5882 Slob.
1294 5828 1330 5858 ¹³
1357 5829 1476 5884 Bas.
1535 5831 1841 5902 ἀρχιλόγςιυ.
