3964 6276
204 361 363 430 789
1558 364 1729 425 LOCI
1766 364 2203 430 COMMUNES.
3395 365 3505 431 790

321 470 478 526 Ἔστι
504 472 613 543 γὰρ
628 472 821 543 ἀνδρὸς
845 472 1246 545 μεγαλόφρονος
1271 472 1440 543 φίλων
1474 473 1816 545 ἀποδέχεσθαι

2000 476 2098 531 Est
2134 476 2284 531 enim
2317 476 2423 532 viri
2478 474 2835 547 magnanimi,
2898 484 2960 531 ut
2996 476 3301 531 amicorum
3334 492 3506 549 magis

201 566 453 635 μᾶλλον
482 565 813 638 ἐλευθερίαν,
844 566 878 637 ἢ
914 565 1123 639 ἐχθρῶν
1147 566 1459 623 κολακείαν.

1951 569 2242 624 ibertatem
2275 569 2519 635 dicendi,
2551 585 2716 639 quam
2750 567 3102 623 inimicorum
3135 568 3504 626 adulationem

1929 663 2126 734 probet
2154 678 2219 718 ac
2242 662 2446 718 laudet.
3314 640 3335 671 Χ

314 739 507 812 Πολλῷ
554 741 762 812 βέλτιον
803 742 1008 815 βραχέα
1065 743 1386 816 λυπήσαντα
1423 744 1655 815 μέγιστα
1688 745 1816 817 ὡφε-

1996 751 2167 807 Multo
2196 752 2373 807 satius
2402 760 2487 807 est
2510 750 2670 806 brevi
2718 751 2994 817 molestia,
3030 751 3265 806 maxima
3312 751 3503 807 conci-

194 832 442 906 λῆσαι,
489 836 523 908 ἢ
564 836 627 890 τὸ
681 838 819 909 πρὸς
853 839 1051 910 ἡδονὴν
1093 836 1380 907 διώκοντα,
1428 839 1705 912 ζημιῶσαι
1748 840 1816 912 τᾷ

1949 849 2063 904 iare
2100 849 2268 914 bona,
2307 863 2474 918 quam
2500 846 2771 918 voluptati
2800 846 3098 912 studendo,
3139 845 3311 901 totius
3335 846 3506 901 sortis

195 927 550 998 κεφαλαίῳ.

1949 949 2193 996 acturam
2229 940 2457 996 inferre.

303 1019 617 1087 Χρυσόστ.
647 1049 718 1061 —-
751 1020 920 1075 Ὀταν
948 1020 1215 1093 μεταϐολή
1240 1039 1325 1085 τις
1345 1021 1569 1093 γένηται
1606 1024 1743 1095 πρὸς
1768 1022 1828 1077 τὸ

194 1112 450 1180 χεῖρον,
496 1110 620 1165 τότε
674 1111 783 1165 τῶν
830 1113 1080 1168 κολάκων
1134 1114 1451 1185 ἀφαιρεῖται
1493 1115 1563 1169 τὰ
1606 1133 1825 1187 προσωο

198 1207 391 1257 πεία.
467 1204 603 1259 Τότε
646 1207 676 1259 ὁ
704 1206 863 1276 χορὸς
898 1206 1182 1279 ἐλέγχεται
1232 1206 1343 1261 τῶν
1376 1208 1707 1278 ὑποκριτῶν,
1733 1210 1828 1264 καὶ

194 1297 248 1364 ἡ
304 1296 517 1367 σκῆψις
564 1297 657 1351 τοῦ
700 1299 1050 1371 πράγματος.
1118 1300 1451 1369 Ἀνοίγονται
1496 1301 1716 1355 πάντων
1757 1303 1827 1357 τὰ

195 1388 511 1457 στόματα,
562 1390 620 1445 '0
653 1391 874 1463 μιαρδς,
916 1391 1186 1461 λέγοντες,
1206 1394 1234 1446 ὁ
1256 1392 1513 1464 πονηρὸς,
1543 1396 1572 1447 ὁ
1602 1395 1824 1464 παμπὸ-

193 1496 429 1549 νηρος.
496 1481 571 1536 Οὐ
626 1482 751 1553 χθὲς
778 1483 942 1537 αὐτὸν
976 1484 1335 1550 ἐκολάκευεςς
1406 1485 1468 1538 οὐ
1505 1487 1605 1550 τὰς
1637 1489 1825 1559 χεῖρας

193 1572 407 1626 αὑτοῦ
456 1574 799 1643 κατεφίλειςς
848 1576 1204 1647 Προσωπεῖον
1256 1575 1326 1652 ἦν
1369 1581 1571 1635 ἐκεῖνα.
1620 1576 1824 1635 *Ηλθεν

195 1663 239 1713 ὁ
291 1662 516 1734 καιρὸς,
545 1665 639 1719 καὶ
653 1663 856 1737 ἔρριψα
881 1666 943 1721 τὸ
964 1672 1325 1739 προσωπεῖον,
1340 1670 1435 1726 καὶ
1458 1670 1824 1744 ἀπεφηνάμην

195 1759 293 1825 τῇ
328 1756 560 1829 διανοίᾳ.

1996 1034 2263 1106 Chrysost.
2314 1033 2539 1091 -—Cum
2583 1032 2641 1088 in
2680 1031 2930 1088 deterius
2975 1032 3209 1088 mutatio
3253 1033 3503 1103 quaedam

1925 1125 2236 1191 acciderit,
2282 1133 2419 1180 tunc
2481 1123 2830 1180 adulatorum
2897 1123 3232 1179 auferuntur
3296 1124 3501 1180 tame:

1928 1228 2063 1275 tunc
2096 1218 2436 1273 histrionum
2498 1216 2790 1273 manifeste
2848 1218 3079 1282 chorus,
3138 1216 3331 1287 reique
3362 1232 3505 1287 prae-

1928 1320 2111 1369 textns
2133 1312 2466 1383 produntur.
2495 1311 2837 1382 Aperiuntur
2867 1310 3117 1365 omnium
3148 1326 3243 1365 ora
3277 1327 3293 1365 :
3322 1310 3505 1380 Impu-

1926 1423 2022 1462 rus
2069 1406 2185 1471 ille,
2243 1404 2591 1471 sceleratus,
2648 1404 3010 1474 omniumque
3054 1402 3501 1465 scelestissimus,

1925 1500 2164 1555 dicunt:
2203 1510 2281 1561 at,
2339 1499 2482 1553 Num
2529 1498 2649 1554 heri
2718 1497 2796 1552 illi
2855 1496 3263 1553 assentabaris?
3316 1511 3504 1551 nonne

1926 1608 2121 1647 manus
2148 1590 2611 1646 deosculabaris?
2663 1590 2838 1643 Larva
2883 1589 3019 1652 hazc,
3055 1604 3292 1659 persona
3321 1597 3501 1642 erant.

1924 1683 2088 1739 Venit
2113 1692 2331 1753 tempus
2360 1699 2375 1748 ;
2417 1695 2709 1751 personam
2744 1679 2943 1751 abieci,
2984 1687 3040 1734 et
3070 1677 3239 1733 animi
3278 1692 3500 1733 sensum

1925 1787 2141 1844 aperui.
2292 1828 2301 1836 ,

302 1850 678 1917 Κλήμεντος.
712 1881 782 1891 -
835 1852 1008 1916 Νόσος
1062 1853 1247 1922 φιλίας
1302 1854 1335 1925 ἠ
1379 1854 1677 1907 κολακείαο
1721 1853 1816 1919 τὰς

1962 1835 1977 1844 ’
1994 1835 2300 1922 Clementis.
2326 1865 2669 1922 —Amicitia:
2692 1863 2845 1920 labes
2877 1872 2964 1919 est
2988 1861 3254 1917 adulatio.
3292 1859 3501 1929 Nempe

201 1940 345 2032 τῷν
366 1939 649 2032 ᾁρχόντων
699 1943 1005 2014 εὐπραγίας
1037 1944 1235 2015 μᾶλλον
1258 1985 1274 2009 ,
1328 1945 1362 2016 ἢ
1394 1946 1523 2009 τούς
1551 1944 1816 2017 ἄρχοντας

1949 1961 2178 2031 plerique
2231 1960 2561 2024 hominum,
2620 1958 2796 2029 magis
2843 1957 3155 2027 principum
3227 1955 3500 2018 fortunas,

204 2029 443 2094 αὐτοὺς
474 2030 701 2085 εἰώθασι
740 2032 1066 2105 θεραπεύειν
1100 2037 1149 2089 οί
1182 2035 1447 2095 πλεῖστοι.

1949 2068 2088 2124 [nam
2125 2052 2278 2122 ipsos
2317 2052 2602 2121 principes
2636 2067 2701 2105 ac
2724 2065 2987 2121 proceres
3014 2049 3197 2103 colere
3229 2047 3427 2102 solent.

304 2118 649 2189 Πλουτάρχ.
675 2149 746 2161 -
784 2123 997 2191 Ἔοικεν
1037 2125 1071 2194 ὴ
1114 2123 1370 2181 κολακεία
1424 2130 1643 2199 γραπτῇ
1686 2144 1816 2182 παν-

1949 2118 1959 2124 ,
1993 2118 2292 2201 Plutarchi.
2317 2118 2410 2185 _—
2429 2118 2690 2201 Adulatio
2725 2118 2926 2199 similis
2976 2151 3269 2196 armatum
3318 2140 3500 2210 picta.

201 2210 425 2309 οπλία.
467 2212 561 2266 Διὸ
601 2213 796 2287 τέρψιν
836 2216 937 2288 μὲν
992 2216 1145 2289 ἔχει·
1200 2219 1389 2291 χρείαν
1435 2220 1493 2273 δὲ
1565 2220 1816 2293 οὐδεμίαν

1949 2240 2138 2296 dcirco
2170 2239 2414 2296 delectat
2438 2238 2530 2293 illa
2550 2237 2798 2309 quidem,
2845 2243 2902 2291 at
2930 2244 3155 2306 praestat
3188 2234 3324 2288 nihil
3352 2232 3503 2303 quod

207 2304 494 2376 παρέχει.

300 2397 387 2450 Τὰ
440 2399 541 2470 μὲν
574 2399 707 2468 ξύλα
747 2401 809 2457 τὺ
867 2403 979 2477 π’ύρ
1040 2403 1362 2472 αὐξάνοντα,
1403 2407 1496 2461 ὐπ’
1537 2408 1702 2463 αὐτοῦ
1727 2407 1820 2463 τοῦ

210 2490 409 2561 πυρὸς
460 2495 954 2550 καταναλίσκεται·
993 2498 1021 2551 ὁ
1053 2498 1110 2552 δὲ
1152 2498 1380 2563 πλοῦτος
1431 2501 1647 2571 τρέφων
1696 2502 1822 2565 τοὺς

212 2582 497 2649 κόλακας,
532 2586 625 2640 ὐπ’
652 2588 832 2644 αὐτῶν
855 2588 1060 2645 τούτων
1086 2590 1479 2663 διαφθείρεται.

310 2678 526 2750 Ὥσπερ
570 2680 623 2734 oi
675 2680 913 2753 κόρακες
966 2683 1394 2755 παρεδρεύοντες
1462 2684 1823 2756 ὲξορύσσουσι

214 2772 362 2833 τοὺς
392 2770 503 2825 τῶν
548 2773 758 2845 νεκρῶν
778 2775 1095 2847 ὀφθαλμούς
1121 2793 1135 2808 ·
1165 2776 1338 2841 οὕτως
1369 2778 1419 2830 οἱ
1448 2778 1680 2845 κόλακες
1710 2783 1821 2846 τοῖς

219 2864 483 2929 ἐπαίνοις
543 2867 670 2931 τοὺς
743 2868 1041 2941 λογισμοὺς
1107 2870 1479 2941 διαφθείρουσι
1547 2873 1657 2928 τῶν
1721 2874 1822 2930 ἀν·-

221 2954 256 3005 θ
264 2955 491 3023 ρώπων.

298 3048 474 3119 Λαγῷ
527 3050 626 3120 μὲν
656 3051 816 3121 κύνα,
862 3053 1004 3127 φίλῳ
1031 3054 1092 3111 δὲ
1114 3055 1321 3113 κόλακα
1354 3057 1515 3130 φύσει
1561 3059 1822 3132 πολέμιον

1924 2333 1979 2389 in
2013 2348 2131 2388 rem
2154 2332 2452 2389 conducat.

1992 2425 2170 2495 Ligna
2188 2426 2367 2496 ignem
2392 2423 2671 2496 augendo,
2696 2423 2902 2494 abipso
2922 2428 3330 2478 consumuntur
3352 2418 3499 2488 igne:

1922 2518 2134 2574 divitia:
2162 2534 2298 2575 vero
2325 2534 2450 2590 qua:
2473 2518 2788 2573 adulatores
2816 2518 2990 2582 alant,
3017 2515 3086 2571 ab
3112 2516 3179 2573 iis
3213 2514 3349 2584 ipsis
3370 2529 3501 2583 per-

1920 2608 2150 2665 duntur.
3376 2596 3377 2599 Ἴ

1992 2702 2062 2759 Ut
2087 2702 2239 2757 corvi
2268 2702 2612 2767 advolantes,
2626 2701 2957 2757 cadaverum
2978 2701 3170 2756 oculos
3190 2698 3499 2756 eﬂ‘odiunt:

1922 2795 2005 2850 sic
2038 2793 2355 2849 adulatores
2388 2795 2691 2857 laudando,
2746 2793 3035 2848 hominum
3078 2794 3351 2849 rationem
3376 2790 3502 2847 ani-

1921 2901 2183 2958 mumque
2215 2886 2434 2941 vitiant.

1990 3066 2155 3138 Vulpi
2180 3082 2400 3133 canem,
2426 3065 2605 3121 amico
2625 3065 2970 3121 adulatorem
2993 3072 3193 3119 natura
3222 3061 3499 3118 infensum

222 3140 492 3208 ἡγητέον.

297 3230 444 3286 Οὔτε
494 3234 598 3306 τῆς
628 3239 880 3311 γαμετῆς
911 3240 1012 3314 τὴν
1057 3243 1305 3317 ἑταίραν,
1348 3245 1474 3302 οὔτε
1505 3247 1607 3322 τῆς
1637 3249 1815 3320 φιλίας

214 3323 325 3394 τὴν
357 3325 651 3384 κολακείαν
679 3331 763 3385 δεῖ
790 3336 1087 3407 προτιμᾷν.

293 3412 527 3486 Χαίρειν
577 3419 687 3491 χρὴ
731 3421 846 3486 τοῖς
903 3424 1238 3496 ἐλέγχουσιν,
1299 3429 1360 3484 οὐ
1400 3434 1518 3497 τοῖς
1551 3432 1818 3489 κολακεύ-

216 3521 407 3561 ουσιν.
462 3509 527 3562 Οί
556 3504 794 3584 μὲνγὰρ
820 3515 969 3586 ἡμᾶς
994 3516 1309 3591 λυποῦντες,
1344 3521 1731 3595 διεγείρουσιν·
1767 3527 1817 3581 oi

217 3596 283 3652 δὲ
310 3600 685 3673 χαριζόμενοι,
720 3604 973 3663 ἐκλύουσι
1007 3611 1104 3665 καὶ
1136 3596 1493 3679 σκελίζουσιν.

1921 3160 2353 3216 existimandum
2378 3168 2487 3216 est.

1987 3254 2101 3311 Nec
2136 3252 2299 3309 uxori
2322 3252 2693 3319 meretricem,
2719 3266 2821 3307 nec
2848 3248 3106 3307 amicitia:
3123 3246 3501 3303 adulationem

1917 3346 2190 3402 debemus
2225 3361 2571 3417 praeponere.

1987 3439 2359 3497 Gaudendum
2394 3438 2569 3510 magis
2620 3436 3004 3509 arguentibus,
3056 3450 3221 3505 quam
3250 3440 3499 3489 assenta-

1921 3534 2136 3589 toribus
2169 3549 2183 3586 :
2214 3532 2293 3588 illi
2325 3547 2567 3602 namque
2595 3547 2703 3601 qua
2736 3538 2990 3601 pungunt
3019 3528 3350 3592 acerbitate,
3380 3527 3501 3583 ani-
3548 3562 3579 3567 —

1919 3640 2038 3681 mos
2067 3623 2341 3690 excitant;
2369 3622 2427 3678 bi
2452 3638 2582 3678 vero
2604 3622 2967 3693 obsequendo
2991 3620 3306 3677 dissolvunt
3327 3628 3500 3689 atque

1917 3718 2294 3787 supplantant.

1985 3806 2474 3875 Isocratis—Qui
2499 3815 2619 3861 arte
2666 3813 3041 3871 assentcntur,
3102 3806 3172 3861 ab
3226 3805 3338 3859 illis
3378 3804 3537 3859 dis-.t

1916 3918 2107 3969 cerne,
2149 3903 2314 3975 566
2352 3903 2450 3973 qui
2480 3903 2670 3957 animo
2718 3902 2861 3957 bene
2917 3901 3139 3957 volente
3188 3898 3395 3963 colant,
3428 3914 3498 3953 ne

1915 3995 2060 4067 apud
2122 4004 2176 4051 te
2240 3996 2393 4061 mali,
2462 4011 2626 4066 quam
2691 3994 2824 4050 boni
2891 3994 3122 4050 meliore
3177 3991 3505 4047 conditione
3616 4041 3628 4051 ,

1912 4085 2202 4141 exsistant.

1984 4178 2374 4235 Assentatores
2419 4194 2577 4249 aeque
2629 4194 2699 4235 ac,
2746 4180 3069 4236 seductores
3123 4178 3252 4235 odio
3315 4178 3495 4246 habe;

206 4253 321 4343 στας
338 4254 355 4269 ο
390 4239 694 4343 αμφότεροι
710 4243 819 4315 γὰρ
841 4248 1244 4318 πιστευθέντες,
1267 4253 1395 4318 τοὺς
1412 4256 1813 4325 πιστεύσαντας

1958 4270 2138 4342 trique
2165 4270 2318 4327 enim
2342 4239 2551 4327 laedunt
2592 4252 2854 4343 injuria'a
2889 4288 3001 4342 quo
3035 4271 3198 4326 ﬁdem
3226 4270 3495 4341 impetra-

211 4330 499 4387 ἀδικοῦσι.

1949 4364 2115 4418 crint.

294 4426 551 4524 ξφὰτης.
580 4458 651 4468 —
679 4432 902 4505 Κράτης
942 4435 1080 4524 πρὸς
1122 4438 1244 4493 νέον
1293 4439 1547 4497 πλούσιον
1583 4445 1807 4511 πολλοὺς

1983 4453 2190 4511 Crates.
2248 4486 2286 4495 —
2322 4454 2516 4511 Crates
2572 4454 2914 4511 adolescenti
2967 4453 3233 4524 opulento
3290 4454 3494 4509 multos

208 4516 463 4625 κόλακας
484 4521 899 4595 ὲπισυρόμενον,
926 4523 1071 4595 εἶπε,
1101 4530 1398 4600 Νεανίσκε,
1426 4534 1563 4591 ἐλεῶ
1595 4556 1690 4592 σου
1708 4541 1806 4611 τὴν

1949 4543 2232 4601 dulatores
2265 4545 2570 4616 pellicicnti
2626 4563 2639 4600 :
2697 4516 3056 4607 Adolescens,
3103 4542 3304 4613 inquit,
3344 4551 3493 4599 tuam

206 4614 237 4664 ὲ
250 4614 483 4681 ρημίαν.

1949 4614 2448 4695 alitudinemvdolco

317 4706 677 4804 Εῗπικτήτου.
722 4743 793 4753 -
842 4714 906 4767 Οἱ
945 4716 1046 4785 μὲν
1094 4716 1350 4789 κόρακες,
1403 4722 1511 4776 τῶν
1559 4726 1807 4779 τετελευ-

1983 4732 2491 4801 Epicteti.—Corvi
2526 4734 2754 4804 quidem
2800 4734 3195 4792 defunctorum
3240 4749 3492 4790 corrum-

203 4799 468 4898 τηκοτων
512 4803 638 4866 τοὺς
691 4804 1006 4877 ὀφθαλμοὺς
1066 4809 1440 4882 λυμαίνονται,
1481 4818 1609 4873 ὅταν
1653 4820 1807 4874 οὐδὲν

1949 4833 2048 4879 unt
2077 4827 2291 4893 oculos,
2318 4842 2445 4881 cum
2469 4827 2583 4898 jam
2615 4842 2810 4882 eorum
2835 4828 3022 4883 nullus
3048 4843 3182 4883 usus
3214 4834 3299 4881 est
3325 4822 3489 4879 :adu—

204 4888 402 5000 αὐτῶν
427 4893 546 4997 ἐστι
583 4894 778 5000 χρείαο
812 4897 861 4950 oi
899 4897 956 4952 δὲ
1005 4900 1258 4970 κόλακες,
1304 4903 1415 4957 τῶν
1463 4906 1683 4972 ζώντων
1706 4909 1807 4974 τὰς

1949 4922 2113 4970 iteres
2142 4922 2329 4971 autem
2347 4916 2602 4971 vivorum
2630 4916 2965 5000 labefactant
2987 4914 3236 4981 animos;
3265 4929 3489 4970 eorum-

203 4979 399 5049 ψυχὰς
450 4980 848 5057 διαφθείρουσι,
910 4989 1006 5044 καὶ
1041 4993 1248 5064 ταύτης
1292 4994 1518 5067 ὄμματα
1556 4999 1804 5071 τυφλώτ-

1949 5023 2014 5064 ue
2044 5008 2255 5065 lumina
2285 5010 2626 5083 exstingunt.

205 5088 423 5127 τουσιν.

1844 3202 1887 3260 C

309 3778 604 3849 Ἰσοκρὰτ.
638 3814 709 3828 —-
743 3785 908 3857 Διόροι
938 3787 1177 3853 καὶτοὺς
1212 3789 1372 3863 τέχνῃ
1398 3793 1812 3865 κολακεύοντας,

215 3870 479 3936 καὶτοὺς
505 3876 627 3944 μετ’
660 3876 873 3942 εὐνοίας
919 3879 1339 3952 θεραπεύοντας,
1388 3888 1473 3941 ἵνα
1524 3888 1600 3960 μὴ
1633 3890 1814 3946 πλεῖον

211 3962 274 4014 οἱ
305 3965 536 4035 πονηροὶ
557 3966 665 4022 τῶν
687 3970 942 4042 χρηστῶν
967 3972 1183 4044 ἔχωσιν.

296 4146 462 4200 Mica:
508 4149 635 4214 τούς
661 4150 1056 4219 κολακεύοντας
1081 4156 1272 4230 ὥσπερ
1316 4160 1442 4225 τοὺς
1476 4162 1811 4231 ὲξαπατούν-

210 5257 248 5311 θ
293 5167 532 5297 ῐέιθήκου
594 5171 801 5243 ὀργὴν,
840 5178 934 5230 καὶ
987 5178 1218 5246 κόλακος
1292 5183 1545 5256 ἀπειλὴν,
1597 5187 1655 5240 ἐν
1704 5187 1802 5261 ἴσῳ

255 5273 419 5311 ετ-ον.

255 5273 311 5309 ετ
317 5273 400 5313 εον
406 5301 419 5315 .

303 5350 593 5426 ’Δποδέχου
609 5358 735 5421 τοὺς
760 5359 830 5414 τὰ
850 5365 1062 5433 χρηστὰ
1087 5366 1472 5438 συμϐουλεύειν
1497 5374 1798 5444 ἐθέλοντας,

214 5441 354 5534 ἀλλὰ
393 5447 469 5519 μὴ
516 5450 645 5514 τούς
696 5451 1013 5512 κολακεύειν
1045 5460 1307 5516 ἑκάστοτε
1338 5465 1680 5534 σπεύδοντας.

216 5533 337 5635 μέν
351 5537 465 5635 γὰρ
487 5539 546 5592 τὸ
578 5542 859 5617 συμφέρον
885 5549 940 5602 ἐν
961 5550 1190 5625 ἀληθείᾳ
1211 5554 1410 5626 ὁρῶσιν
1432 5574 1444 5588 ·
1478 5561 1525 5613 οἱ
1554 5560 1800 5635 δὲ,πρδς

212 5622 285 5676 τὰ
309 5624 570 5683 δοκοῦντα
614 5635 730 5698 τοῖς
764 5638 1056 5707 κρατοῦσιν
1087 5643 1374 5717 ἀφορῶσι·
1427 5651 1520 5705 καὶ
1558 5651 1667 5707 τῶν
1697 5622 1801 5707 ἇω-

219 5716 407 5786 μάτων
451 5721 549 5787 τὰς
581 5724 739 5789 σκιὰς
787 5731 1132 5803 μιμούμενοι,
1170 5726 1452 5811 τοῖς’παρ“
1502 5744 1679 5798 αὐτῶν
1712 5745 1798 5799 λεν

217 5812 468 5882 γομὲνοις
491 5817 854 5879 συννεύουσιν.

1979 5184 2137 5243 Simii
2176 5188 2255 5243 ira
2306 5204 2371 5245 ac
2403 5188 2709 5247 adulatoris
2742 5189 2928 5255 minae,
2984 5188 3180 5246 eodem
3236 5190 3359 5246 loco
3388 5189 3487 5247 ba-

1904 5278 2118 5336 bendaz.

1974 5374 2106 5430 illos
2131 5374 2307 5445 proba
2342 5374 2438 5446 qui
2465 5374 2642 5432 velint
2688 5375 2834 5433 bona
2879 5376 3192 5443 consulere,
3248 5392 3360 5432 non
3390 5376 3487 5447 qui

1905 5467 2157 5537 quotidie
2184 5466 2401 5523 adulari
2429 5468 2712 5524 studeant.
2758 5469 2838 5524 illi
2875 5470 3025 5525 enim
3079 5470 3229 5541 quod
3263 5484 3390 5525 vere
3414 5469 3487 5527 sit
3554 5454 3559 5467 ’

1906 5559 2259 5615 conducibile
2286 5560 2512 5628 vident;
2546 5562 2600 5616 hi
2641 5579 2793 5627 vero,
2849 5578 2972 5632 qum
3002 5563 3322 5634 potentibus
3342 5562 3488 5618 arri-

1906 5651 2075 5707 deant
2107 5653 2223 5708 haec
2250 5662 2504 5724 spectant
2529 5671 2543 5722 ;
2582 5671 2989 5727 corporumque
3014 5655 3241 5711 umbras
3264 5655 3495 5711 imitar~

1911 5752 2012 5809 tes,
2047 5745 2431 5804 assentiuntur
2456 5748 2727 5821 quidquid
2763 5749 2847 5806 illi
2884 5749 3141 5806 dixerint.
