3964 6276
230 366 369 433 ’197

1575 352 1743 414 LOCI
1780 349 2212 412 COMMUNES.

3399 349 3507 411 798

318 470 605 542 Μέγιστόν
633 472 749 526 ἐστι
782 468 1036 532 πλούτου,
1073 465 1134 520 τὺ
1161 461 1449 534 γινώσκειν
1476 460 1560 515 ὅτι
1586 456 1836 533 περιττός

2012 456 2310 511 Maximum
2337 461 2423 512 est
2456 454 2512 509 in
2546 452 2794 520 divitiis,
2838 452 2979 509 scire
3036 454 3185 525 quod
3214 454 3507 525 superﬂuae

241 586 428 714 ’σῖἒζ
464 657 541 730 μὴ
571 654 779 710 πολλῶν
811 651 1140 722 επιθυμεῖς,
1190 647 1263 703 τὰ
1290 646 1446 716 ὀλίγα
1474 643 1646 699 πολλά
1670 642 1830 707 δόξει.

240 751 450 823 Μικρὰ
480 750 588 822 γὰρ
614 747 796 821 ὄρεξις
827 744 1024 799 πενίαν
1055 741 1301 812 ίσοσθενῆ
1329 739 1563 794 πλούτου
1592 736 1831 806 ποιήσει.

333 938 397 993 '0
451 934 592 991 κατὰ
641 932 804 1003 φύσιν
854 928 1106 992 πλοῦτος,
1153 927 1305 999 ἄρτῳ
1333 923 1430 978 καὶ
1456 921 1611 976 ὕδατι
1644 919 1740 975 καὶ
1765 919 1833 989 τῇ

246 1029 496 1102 τυχούσῃ
524 1025 618 1081 τοῦ
646 1025 895 1097 σώματος
937 1022 1137 1094 σκέπῃ,
1166 1013 1655 1097 συμπεπλὴρωται.
1691 1012 1750 1065 '0
1777 1010 1835 1065 δὲ

247 1123 533 1196 περιττὸς,
562 1120 703 1174 κατὰ
741 1117 921 1189 ψυχὴν
966 1115 1271 1187 ἀπέραντον
1316 1111 1429 1182 ἔχει
1458 1109 1555 1163 καὶ⁵
1595 1108 1698 1177 τὴν
1738 1104 1837 1175 τῆς

250 1217 559 1287 ἐπιθυμίας
594 1214 849 1284 βάσανον.

341 1310 401 1363 ὐ
430 1308 590 1371 αὐτὸς
617 1302 932 1377 ἐρωτηθεὶς,
956 1301 1074 1367 πῶς
1102 1301 1169 1356 ἄν
1190 1318 1275 1366 τις
1298 1299 1528 1373 γένηται
1552 1294 1679 1356 πλ⁰’
1698 1313 1782 1352 σω
1792 1312 1832 1363 δ’

264 1403 401 1459 Ἐὰν
426 1402 538 1456 τῶν
564 1396 869 1470 ἐπιθυμιῶν
894 1394 1047 1450 ἔσται
1073 1394 1265 1465 πένης,
1293 1393 1477 1465 φησίν.

330 1580 477 1635 Ὀσα
523 1578 623 1650 μὲν
672 1577 765 1632 ἐπὶ
795 1579 863 1649 τῇ
894 1575 1084 1648 φύσει,
1144 1575 1344 1638 πάντες
1368 1573 1535 1646 ἐσμὲν
1566 1573 1831 1629 πλούσιον

252 1672 360 1727 ὅσα
382 1671 428 1725 δ’
456 1671 543 1741 ἐφ’
562 1672 719 1742 ἡμῖν,
752 1670 954 1733 πάντες
983 1654 1152 1737 ἐσμὲν
1182 1662 1430 1739 πένητες.

337 1765 401 1817 '0
432 1762 513 1834 τῷ
541 1762 683 1817 κατὰ
709 1761 871 1832 φύσιν
901 1760 1240 1832 ἀρκούμενος
1272 1757 1508 1831 πλούτῳ,
1537 1757 1633 1813 τοῦ
1666 1758 1836 1814 πολλὰ

255 1856 607 1927 κεκτημένου
631 1897 647 1923 ,
704 1854 926 1909 πλείονα
967 1853 1025 1908 δὲ
1067 1852 1458 1924 ἐπιθυμοῦντος
1482 1894 1498 1920 ,
1554 1854 1689 1907 πολύ
1720 1856 1835 1907 ἐστι

256 1948 684 2019 πλουσιώτερος.
737 1946 829 2017 Τῷ
859 1946 959 2016 μὲν
988 1946 1097 2016 γὰρ
1139 1946 1293 1999 οὐδὲν
1317 1945 1554 1998 ἐλλείπει
1580 1962 1593 1977 ο
1648 1944 1726 2017 τῷ
1755 1946 1834 2013 δὲ,

258 2044 353 2096 καὶ
381 2035 462 2097 ὧν
491 2041 759 2112 κέκτηται
790 2038 970 2111 πολλῷ
999 2039 1240 2094 πλείονα.

345 2135 421 2189 Ἡ
461 2134 675 2196 τέκνοις
702 2132 844 2202 ἄγαν
874 2132 1171 2204 χρημάτων
1206 2131 1531 2203 συναγωγὴ,
1566 2132 1839 2206 πρόφασίς

258 2226 377 2278 ἐστι
407 2223 797 2296 φιλαργυρίας,
826 2224 1028 2295 τρόπον
1054 2224 1184 2278 ίδιον
1211 2224 1531 2296 ἐλέγχουσα.

334 2405 420 2458 Τὰ
469 2386 701 2477 μέγιστα
742 2404 853 2459 τῶν
886 2405 1076 2473 ¹κακῶν
1106 2408 1155 2459 oi
1182 2406 1414 2477 πένητες
1442 2406 1836 2477 ὲκπεφεύγασι·

260 2498 578 2571 ἐπιϐουλὴν,
598 2498 792 2569 φθόνον
816 2498 909 2554 καὶ
934 2501 1107 2570 μῖσος⁹
1127 2492 1209 2564 οἷς
1234 2500 1281 2553 οἱ
1302 2499 1547 2554 πλούσιοι
1571 2500 1693 2555 καθ’
1712 2500 1843 2573 ἠμέ-

263 2610 373 2664 ραν
404 2608 763 2648 συνοικουσιν.

337 2706 640 2777 Διογένης.
666 2736 738 2747 -
763 2706 1020 2780 Διογένης
1049 2708 1077 2762 ὁ
1101 2707 1339 2773 Κυνικὸς
1366 2707 1673 2778 φιλόσοφος,
1703 2710 1840 2777 ἐρω-

264 2799 454 2869 τηθεὶς
501 2799 606 2854 ὑπό
642 2816 811 2868 τινος,
853 2799 943 2855 διὰ
976 2800 1029 2855 τί
1074 2802 1136 2855 τὸ
1164 2801 1387 2872 χρυσίον
1418 2800 1629 2873 χλωρόν
1652 2800 1801 2854 ἐστιν
1822 2840 1838 2868 ,

267 2888 450 2946 εἶπεν·
490 2892 613 2946 Ὅτι
643 2891 875 2955 πολλοὺς
901 2892 1223 2957 ἐπιϐούλους
1250 2893 1382 2964 ἔχει.

345 2985 405 3037 ⁸0
457 2983 619 3048 αὐτὸς
670 2983 794 3038 ἰδὼν
839 2984 966 3049 τοὺς
999 2985 1381 3057 Ἀναξιμένους
1425 2987 1640 3052 οίκέτας
1672 2986 1843 3042 πολλὰ

268 3077 437 3150 σκεύη
486 3077 905 3149 περιφέροντας,
954 3077 1136 3150 ἧρετσ
1184 3079 1339 3144 Τίνος
1366 3080 1575 3149 ταύτας
1620 3079 1743 3135 Τῶν
1784 3079 1842 3133 δὲ

1935 557 2087 605 sunt.

2011 640 2066 697 Si
2089 656 2200 697 non
2222 640 2520 695 multorum
2542 637 2823 695 desiderio
2845 638 3105 705 tenearis,
3127 636 3294 694 etiam
3310 655 3506 711 pauca,

1934 731 2107 787 multa
2132 730 2492 786 videbuntur.
2524 728 2680 795 Quod
2710 729 2857 785 enim
2882 729 3145 801 exiguum
3176 731 3309 800 quid
3337 746 3507 801 appe-

1937 825 2030 890 tis,
2066 839 2254 894 parem
2286 822 2584 894 opulentiae
2607 830 2986 893 paupertatem
3028 823 3333 894 praestabit.

2008 916 2301 972 Naturales
2336 914 2565 981 divitiae,
2618 930 2757 985 pane
2816 924 2873 971 et
2908 931 3052 985 aqua
3086 916 3402 986 explentur,
3430 916 3511 970 vi-

1935 1007 2085 1079 lique
2108 1014 2428 1079 tegumento
2453 1005 2783 1076 ;superllu:e
2808 1015 3015 1073 autem,
3043 1005 3210 1062 etiam
3234 1005 3510 1061 inﬁnitum

1937 1100 2124 1157 animo
2153 1098 2477 1171 cupiditatis
2502 1098 2809 1155 cruciatum
2842 1098 3067 1153 habent.

2007 1277 2160 1334 Idem
2222 1277 2618 1351 interrogatus.
2674 1278 3143 1350 quemadmodum
3194 1279 3321 1350 quis
3356 1278 3513 1336 dives

1938 1368 2057 1426 ﬁeri
2091 1368 2307 1440 possit:
2343 1369 2421 1437 Si,
2450 1371 2650 1443 inquit,
2696 1371 3060 1442 cupiditatum
3084 1387 3294 1442 pauper
3338 1371 3512 1428 exsti-

1938 1463 2091 1518 terit.

2004 1554 2267 1626 570sz
2320 1563 2575 1611 naturam
2611 1556 2759 1627 quod
2799 1558 3017 1623 attinet,
3072 1573 3265 1614 omnes
3310 1556 3513 1613 divites

1937 1661 2166 1702 sumus:
2201 1646 2351 1716 quod
2391 1663 2524 1701 vero
2544 1647 2612 1702 ad
2642 1664 2765 1715 nos,
2792 1664 2987 1705 onmes
3010 1664 3302 1720 pauperes.

2010 1737 2115 1805 Qui
2140 1739 2489 1794 naturalibus
2518 1740 2726 1796 divitiis
2757 1750 3056 1797 contentus
3082 1752 3187 1805 est,
3224 1741 3398 1797 multo
3420 1740 3513 1795 illo

1938 1830 2108 1887 ditior
2134 1838 2241 1896 est,
2270 1831 2362 1901 qui
2390 1848 2517 1887 cum
2545 1833 2717 1887 multa
2748 1833 3049 1904 possideat,
3090 1834 3253 1904 plura
3300 1849 3513 1889 concu-

1939 1925 2124 1996 piscit.
2150 1925 2235 1980 Illi
2272 1926 2420 1980 enim
2445 1925 2583 1980 nihil
2607 1926 2792 1994 deest;
2829 1926 2960 1995 huic
2983 1942 3138 1993 vero,
3160 1928 3322 1999 plura
3348 1942 3513 1997 quam

1940 2018 2171 2074 incensu
2205 2019 2427 2073 habeat.

2012 2111 2191 2166 Nimia
2229 2110 2285 2165 in
2320 2111 2623 2167 liberorum
2672 2114 2903 2183 gratiam
2938 2113 3297 2183 pecuniarum
3356 2126 3514 2165 acer-

1941 2204 2113 2267 vatio,
2177 2210 2476 2273 praetextus
2543 2203 2791 2260 avaritia:
2829 2213 2957 2270 est,
3011 2219 3195 2260 mores
3259 2203 3515 2275 proprios

1941 2294 2258 2351 ostendens.

2002 2387 2269 2442 Malorum
2323 2388 2561 2445 maxima
2614 2405 2890 2462 pauperes
2941 2399 3280 2447 evaserunt:
3317 2400 3516 2458 nempe

1950 2479 2200 2547 insidias,
2232 2481 2523 2551 invidiam,
2550 2482 2775 2553 odium;
2808 2485 2863 2541 in
2893 2485 3101 2557 quibus
3140 2484 3343 2540 divites
3380 2497 3517 2552 quo-

1943 2574 2080 2630 tidie
2104 2583 2421 2631 versantur.

2012 2691 2369 2763 Diogenes.—
2398 2690 2668 2761 Diogenes
2690 2690 2929 2764 Cynicus
2962 2693 3326 2766 philosophus
3347 2696 3517 2754 inter-

1944 2790 2185 2852 rogatus,
2214 2781 2347 2851 quid
2366 2798 2546 2836 causze
2573 2782 2645 2835 sit
2676 2798 2775 2836 cur
2796 2799 2990 2837 aurum
3016 2786 3275 2854 pallescat
3302 2787 3516 2856 :Quod,

1944 2870 2146 2941 inquit,
2182 2872 2384 2927 multos
2421 2871 2748 2927 insidiantes
2768 2872 2991 2929 habeat.

2011 2964 2161 3021 ldem
2185 2964 2382 3020 videns
2410 2964 2765 3021 Anaximenis
2786 2965 3044 3034 famulos,
3080 2984 3339 3026 vasorum
3372 2972 3517 3027 mul~

1944 3069 2055 3116 tam
2115 3060 2517 3130 supellectilem
2575 3060 3072 3129 circumferentes,
3124 3065 3514 3136 interrogavit:

267 3169 566 3237 εἰπόντων,
600 3167 1002 3240 ’Δναξιμένους,
1056 3170 1169 3224 Ούκ
1199 3171 1450 3239 αἰδεῖται,
1480 3172 1639 3245 φησὶ,
1669 3172 1836 3229 ταῦτα

1971 3154 2119 3225 Zujus
2151 3154 2246 3209 illa
2268 3154 2494 3210 essent?
2519 3153 2745 3225 lllisque
2795 3156 3281 3227 respondentibus,
3313 3159 3517 3213 Anaxi-

264 3261 406 3332 ἔχων
435 3261 671 3330 ἅπαντα,
702 3262 864 3327 αὐτὸς
893 3263 1085 3318 ἑαυτὸν
1121 3264 1197 3337 μὴ
1224 3264 1395 3336 ἔχων;

338 3441 673 3513 Σωκράτης.
695 3472 765 3484 -—
799 3441 862 3496 Ὀ
892 3441 992 3513 μὲν
1019 3438 1163 3507 οἶνος
1190 3443 1701 3514 συμμεταϐάλλεται
1732 3448 1843 3511 τοῖς

266 3533 533 3603 ἀγγείοις·
563 3532 593 3587 ὸ
615 3532 672 3587 δὲ
697 3531 945 3600 πλοῦτος,
960 3534 1074 3598 τοῖς
1096 3531 1205 3588 τῶν
1226 3534 1578 3606 κεκτημένων
1595 3534 1840 3607 τρόποις.

342 3733 533 3805 Ἶδρως
565 3734 663 3804 μὲν
705 3735 772 3787 ὲκ
812 3731 922 3787 τῶν
951 3733 1269 3807 γυμνασίων
1306 3731 1838 3809 εὐσχημονέστερον

272 3826 505 3890 πλοῦτος
531 3825 609 3889 δὲ,
639 3826 705 3879 ἐκ
732 3824 839 3880 τῶν
868 3826 1015 3881 ἰδίων
1044 3825 1244 3883 πόνων.

342 3918 421 3970 Τὰ
470 3916 579 3985 τῶν
627 3917 899 3970 πλουσίων
954 3916 1049 3971 καὶ
1098 3916 1326 3971 ἀσώτων
1363 3918 1664 3988 χρήματα,
1720 3920 1843 3982 ταῖς

269 4011 363 4062 ἐπὶ
411 4008 518 4062 τῶν
564 4009 830 4080 κρημνῶν
877 4009 1098 4073 συκέαις
1137 4009 1379 4075 εἴκαζεν,
1415 4010 1508 4079 ἀφ’
1532 4003 1606 4064 ὧν
1634 4010 1845 4082 ἄνθρω-

268 4118 370 4153 πον
422 4100 520 4171 μὲν
575 4101 651 4173 μὴ
701 4101 1038 4172 λαμϐάνειν,
1094 4102 1339 4173 κόρακας
1368 4102 1424 4156 δὲ
1466 4104 1558 4157 καὶ
1586 4104 1841 4169 ίκτίνους,

265 4192 458 4263 ῶσπερ
492 4193 644 4263 παρὰ
674 4192 882 4248 τούτων
916 4194 1141 4265 ἑταίρας
1175 4194 1269 4247 καὶ
1300 4195 1559 4259 κόλακας.

350 4284 410 4337 '0
438 4284 604 4346 αὐτὸς
633 4285 964 4357 ἐρωτηθεὶς,
999 4286 1144 4350 τίνες
1174 4286 1224 4339 oi
1256 4286 1675 4358 φιλοχρήματοι,
1715 4288 1844 4360 ἔφηοτ

266 4375 334 4426 υἱ
361 4373 429 4427 τὰ
452 4374 654 4445 αἰσχρὰ
686 4375 851 4446 κέρδη
878 4374 1207 4447 θηρώμενοι,
1238 4377 1333 4430 καὶ
1356 4379 1482 4442 τοὺς
1514 4380 1844 4448 ἀναγκαίους

264 4464 374 4518 τῶν
402 4465 572 4535 φίλων
603 4466 999 4537 ὑπερορῶντες.

349 4557 412 4611 '0
455 4556 564 4611 τῶν
612 4558 963 4630 φιλαργύρων
995 4559 1245 4626 πλοῦτος,
1280 4560 1472 4633 ῶσπερ
1510 4563 1537 4615 ὁ
1567 4562 1717 4633 ἦλιος
1743 4579 1844 4617 κα-

264 4649 433 4713 ταδὺς
462 4651 543 4712 είς
568 4652 667 4722 τὴν
697 4651 819 4721 γῆν,
857 4640 1047 4706 ούδένα
1081 4654 1189 4707 τῶν
1219 4654 1438 4719 ζώντων
1469 4655 1770 4727 εὐφραίνει.

729 4807 1053 4876 Εὐριπίδου
1081 4808 1150 4863 ἐν
1174 4808 1394 4877 Δατ-αῇ.

386 4912 463 4991 ξω
492 4921 681 4991 χρυᾳέ
712 4920 967 4991 δεξίωμα
998 4920 1329 4976 κάλλιστον
1346 4922 1611 4991 βροτοῖς»

398 4986 497 5052 ’.Ως
527 4989 666 5061 οὺᾷᾀ
688 4986 895 5059 μήτηρ
914 4990 1137 5058 ἡδονὰς
1160 4993 1323 5058 τοίας
1348 4986 1493 5061 Eiet,

410 5061 493 5132 Qb
513 5059 730 5132 Δπαῖδες
759 5062 1183 5132 ἀνθρώποισιν,
1214 5064 1285 5116 οὺ
1310 5059 1488 5131 φίλος
1511 5063 1726 5132 πατήρ.

639 5127 880 5202 Κύπρις
894 5130 1185 5184 τοσοῦτον
1211 5127 1536 5202 ὀφθαλμοῖς
1566 5127 1695 5201 ὁρᾶ,

402 5200 485 5253 Οὐ
509 5199 679 5269 θαῦμ’
703 5200 925 5268 ἔρωτας
942 5202 1196 5270 μυρίους
1217 5199 1415 5271 αὐτὴν
1438 5199 1693 5273 τρέφειν.

332 5354 630 5431 Μοσχίων.
682 5386 751 5394 --
791 5355 1003 5427 Ὥσπερ
1035 5356 1096 5409 ού
1130 5356 1208 5427 τῷ
1236 5357 1394 5427 ἵππῳ
1421 5358 1625 5429 κόσμος
1648 5398 1663 5421 ,
1717 5359 1843 5415 οὐδὲ

256 5448 375 5509 τοῖς
422 5446 605 5516 ὅρνεσι
657 5447 823 5502 καλιὰ
865 5447 1129 5517 ύψοῦσθαι
1182 5449 1276 5502 καὶ
1322 5452 1557 5521 γαυριᾷν
1593 5451 1835 5504 δίδωσινο

256 5533 401 5587 ἁ)λὰ
431 5532 509 5603 τῷ
539 5535 637 5604 μὲν
669 5534 763 5589 τοῦ
793 5536 949 5599 ποδὸς
982 5536 1015 5608 ἡ
1040 5537 1287 5607 ὠκύτης,
1339 5542 1450 5603 τοῖς
1479 5541 1536 5594 δὲ
1569 5542 1676 5594 τῶν
1708 5559 1837 5595 πτε-

262 5623 375 5694 ρῶν
396 5638 411 5651 ’
445 5623 614 5689 οὕτως
648 5626 758 5679 οὐδ’
782 5626 1479 5705 ἀνθρώπῳκαλλωπιπμὸς
1514 5634 1607 5689 καὶ
1641 5636 1834 5707 τρυφὴ,

265 5717 403 5771 ἀλλὰ
432 5718 737 5790 χρηστότης
772 5720 865 5775 καὶ
895 5721 1134 5776 εὐποιία.

1945 3246 2122 3301 menis
2174 3262 2187 3299 :
2252 3245 2450 3300 Annon
2506 3244 2679 3316 pudet
2722 3262 2871 3313 eum,
2916 3248 3099 3319 inquit
3136 3289 3151 3314 ,
3198 3259 3308 3305 tam
3341 3252 3516 3307 multa

1952 3336 2179 3400 habere,
2224 3352 2349 3392 cum
2387 3336 2629 3408 seipsum
2656 3338 2771 3408 ipse
2794 3355 2905 3394 non
2933 3339 3169 3396 habeat?

2010 3425 2575 3483 Socratem—Vinum
2603 3428 2828 3498 quidem
2852 3471 2867 3495 ,
2903 3444 3014 3486 una
3042 3444 3169 3485 cum
3222 3446 3353 3488 vase
3396 3447 3522 3489 mu-

1946 3526 2133 3586 tatur;
2162 3533 2297 3589 opes
2314 3534 2448 3575 vero
2474 3535 2541 3575 ex
2569 3534 2765 3575 eorum
2797 3520 2894 3592 qui
2923 3520 3128 3576 habent
3173 3520 3338 3593 genio
3364 3537 3519 3579 eom-

1946 3620 2250 3682 ponuntur.

2012 3723 2370 3779 llonestiores
2407 3724 2551 3794 parti
2589 3725 2740 3782 bello
2767 3724 3037 3795 sudores;
3079 3740 3236 3797 opes,
3287 3742 3409 3799 qua:
3436 3727 3519 3783 la-

1944 3814 2180 3871 boribus
2198 3823 2367 3885 parta:
2404 3816 2539 3871 sint.

2015 3905 2257 3961 Divitum
2285 3915 2343 3960 et
2366 3906 2726 3979 prodigorum
2758 3908 2921 3975 bona,
2955 3911 3058 3968 lico
3086 3910 3272 3968 arbori
3301 3912 3357 3967 in
3381 3927 3519 3982 pra:-

1946 4007 2110 4070 rupto
2135 4007 2195 4054 et
2222 3999 2452 4069 ancipiti
2505 4000 2629 4055 loco
2689 4000 2809 4058 sita:
2858 4002 3061 4058 similia
3097 4002 3340 4069 dicebat,
3371 4002 3518 4059 unde

1944 4091 2085 4146 nihil
2119 4091 2375 4146 homines
2403 4092 2697 4162 accipiant,
2727 4094 2821 4148 sed
2848 4095 3075 4151 corviet
3100 4096 3289 4162 milvi;
3323 4110 3519 4166 quem-

1944 4182 2244 4239 admodum
2273 4184 2341 4238 ab
2378 4183 2490 4239 illis
2524 4194 2703 4240 scorta
2726 4193 2783 4240 et
2816 4196 3209 4243 assentatores.

2021 4275 2172 4331 Idem
2203 4277 2605 4348 interrogatus,
2646 4279 2873 4348 quinam
2925 4289 3111 4334 essent
3156 4279 3308 4335 avari
3331 4286 3389 4334 et
3418 4296 3486 4351 pe

1945 4367 2236 4437 euniarum
2266 4366 2502 4423 studiosi
2543 4385 2557 4422 :
2597 4368 2702 4436 Qui
2735 4368 2939 4439 turpia,
2992 4370 3195 4442 inquit,
3238 4372 3393 4427 lucra
3418 4387 3517 4428 ve-
3580 4448 3583 4451 Α

1878 4496 1917 4549 D
1946 4462 2170 4519 nantur,
2208 4464 2264 4510 et
2289 4458 2636 4513 necessarios
2653 4459 2862 4514 amicos
2888 4470 3275 4517 contemnunt.

2016 4546 2321 4601 Avarorum
2353 4547 2580 4613 divitiae,
2606 4551 3071 4619 quemadmodum
3101 4554 3181 4608 sol
3210 4561 3332 4625 post
3355 4568 3515 4610 occa-

1942 4652 2086 4703 sum,
2115 4638 2418 4693 viventium
2451 4640 2726 4695 neminem
2752 4653 3023 4699 recreant.

2418 4794 2688 4867 Euripidis
2731 4798 2787 4852 in
2827 4794 3036 4853 Danae.

1943 4924 1993 4999 ρ
2010 4940 2200 4978 aurum
2236 4925 2647 4999 pulcherrimam
2678 4929 2987 4983 mortalibus
3026 4929 3265 4999 festivum
3294 4930 3517 4984 munus!

1942 4994 2081 5049 Nam
2111 4994 2275 5065 neque
2306 5004 2476 5049 mater
2502 4998 2632 5052 tales
2660 4999 2946 5053 blanditias
2972 4994 3166 5053 habet:

1945 5065 2061 5138 Ilion
2088 5067 2385 5138 tante/tari
2415 5066 2581 5138 liberi,
2605 5086 2709 5123 non
2735 5070 2936 5138 anticus
2965 5079 3136 5138 paler.

1946 5134 2096 5199 Quod
2120 5137 2164 5188 si
2202 5136 2367 5190 Venus
2394 5137 2526 5191 tales
2549 5139 2702 5192 habet
2728 5134 2997 5191 oculorum
3024 5139 3221 5198 radios,

1944 5205 2062 5260 Non
2096 5207 2289 5261 mirum
2311 5216 2386 5261 est
2424 5209 2594 5278 ipsam
2622 5208 2855 5279 inﬁnitus
2889 5217 3155 5263 amatores
3180 5209 3341 5264 alere.

2014 5358 2348 5417 Hoschiom's.
2375 5392 2445 5403 —
2482 5362 2954 5429 Quemadmodum
2984 5381 3251 5435 equorum
3280 5369 3520 5439 phalerm

1945 5449 2222 5519 nidusque
2248 5451 2475 5517 avium,
2524 5468 2636 5506 non
2681 5452 2764 5508 eis
2816 5454 3111 5511 sublimem
3158 5458 3401 5512 volatum
3456 5474 3520 5513 ac

1945 5543 2261 5613 superbiam
2313 5555 2606 5613 praestant;
2645 5546 2741 5602 sed
2786 5547 2948 5618 equis
2992 5549 3213 5620 quidem
3256 5550 3520 5604 velocitas

1946 5635 2170 5705 pedum,
2199 5635 2395 5690 avibus
2424 5653 2558 5692 vero
2585 5639 2793 5693 alarum
2834 5642 3143 5711 pernicies:
3178 5641 3258 5696 sic
3287 5655 3391 5695 nec
3419 5641 3519 5694 ho-

1946 5729 2081 5783 mini
2110 5728 2427 5799 superlluus
2470 5742 2700 5787 ornatus
2724 5750 2788 5788 ac
2818 5734 3052 5801 delicia),
3081 5734 3175 5791 sed
3208 5733 3427 5789 bonitas
3454 5749 3516 5787 ac

1952 5822 2312 5880 beneﬁcentia
2350 5824 2575 5891 gloriam
2607 5827 2843 5883 uariunt.
