3964 6276
152 260 256 325 305

1466 256 1633 318 LOCI
1670 256 2107 321 COMMUNES.

3312 264 3419 329 806

149 377 256 438 τοῖς
322 371 429 445 τὴν
491 372 653 443 φύσιν
716 370 859 425 τῶν⁹
890 368 1232 440 πραγμάτων
1295 370 1522 441 ἐρευνᾷν
1579 370 1737 424 δυνα-

1868 370 1989 439 ιριιιι
2021 386 2139 436 eos,
2190 371 2285 441 qui
2337 387 2522 427 rerum
2578 381 2832 428 naturam
2882 374 3119 430 scrutari
3175 384 3415 442 norunt,

191 467 349 520 ένοις.

191 483 293 520 ενοι
333 504 349 519 .

150 484 187 538 μ
218 483 519 628 (agimen.
549 588 616 598 —
651 555 983 625 Ὀλιγοδεῖας
1039 555 1139 627 μὲν
1195 554 1456 627 ἐρασταὶ,
1518 555 1741 609 πολυτέ-

149 651 292 705 λειαν
321 650 405 715 δὲ,
434 650 510 713 ὡς
538 648 716 720 ψυχῆς
746 648 842 701 καὶ⁹
871 648 1119 719 σώματος
1148 649 1303 701 νόσον
1324 648 1735 719 ἐκτρεπόμενοι.

223 827 290 882 Ἦ
309 827 424 880 τῶν
454 824 775 896 ἀναγκαίων
803 826 995 895 κτῆσις
1017 824 1111 878 καὶ⁸
1133 826 1351 897 χρῆσις,
1377 823 1439 876 οὐ
1462 823 1559 895 τὴν
1591 824 1738 878 ποιό-

148 940 283 994 τητα
346 920 627 993 βλαϐεράν
675 918 823 991 ἔχει,
884 917 1021 972 ἀλλὰ
1071 918 1171 990 τὴν
1224 917 1375 991 παρὰ
1426 918 1488 972 τὸ
1536 918 1737 990 μέτρον

150 1014 453 1087 ποσότητα.

215 1109 513 1175 Φίλωνος.
553 1137 624 1148 -
672 1106 732 1159 '0
763 1105 1045 1168 σπουδαῖος
1088 1105 1184 1159 καὶ
1217 1102 1512 1174 όλιγοδεὴς,
1542 1102 1736 1160 ἀθανά-

150 1218 238 1257 του
262 1202 363 1255 καὶ
392 1200 597 1271 θνητῆς
650 1199 867 1269 φύσεως
908 1198 1160 1270 μεθόριον
1194 1214 1206 1229 ο
1264 1196 1325 1249 τὸ
1378 1196 1479 1267 μὲν
1526 1197 1736 1262 ὲπιδεὲς

151 1294 281 1363 ἔχων
336 1292 427 1344 διὰ
470 1291 629 1361 σῶμα
676 1289 891 1360 θνητόν·
923 1288 983 1341 τὸ
1017 1288 1072 1342 δὲ
1102 1286 1177 1358 μὴ
1208 1285 1481 1355 πολυδεὲς,
1516 1286 1605 1341 διὰ
1630 1287 1737 1357 ψυ-

152 1386 245 1458 χὴν
271 1384 577 1454 ἐφιεμένην
605 1380 929 1445 ἀθανασίας.

218 1586 480 1652 Δημοκρ.
511 1577 884 1651 -Αὑταρκίῃ
948 1577 1177 1647 τρο-ξῆς,
1234 1573 1405 1647 μικρά
1442 1574 1539 1643 νὺξ
1593 1574 1740 1629 οὐδὲ·

158 1693 279 1729 ποτε
324 1692 568 1743 γινεται.

1842 463 2076 532 pessimc
2106 464 2279 529 audit,
2310 465 2591 535 etiamque
2637 474 2804 535 atque
2850 467 3017 521 etiam
3045 468 3415 540 vituperatur.

1910 554 2210 610 Clementis.
2240 588 2309 598 —-
2334 557 2665 613 Sobrietatis
2696 568 2754 614 et
2782 559 3181 617 mediocritatis
3207 571 3417 617 amato-

1841 664 1963 713 res;
2003 649 2190 703 luxum
2221 666 2352 705 vero
2388 660 2751 721 sumptusque
2776 651 3133 721 profusiores,
3160 662 3419 724 tanquam

1838 741 2009 795 animi
2044 742 2407 813 corporisque
2430 743 2688 798 morbum
2719 744 3050 799 devitantes.

1913 834 2116 888 lterum
2136 835 2571 890 necessariarum
2600 835 2878 906 possessio
2891 844 2950 892 et
2970 852 3123 902 usus,
3154 852 3264 892 non
3280 853 3419 908 qua-

1839 925 2051 982 litatem
2083 928 2303 983 noxiam
2352 929 2553 997 habet,
2608 930 2703 985 sed
2733 946 2857 1002 qua:
2901 928 3125 986 modum
3177 932 3419 997 excedit,

1837 1016 2228 1087 quantitatem.

1905 1110 2166 1166 Philonis.
2201 1142 2271 1153 —-
2300 1112 2395 1168 Vir
2432 1113 2613 1169 bonus
2635 1124 2692 1171 et
2728 1117 2921 1186 paucis
2953 1132 3124 1189 egens
3152 1131 3249 1173 seu
3297 1116 3418 1171 fru-

1832 1204 1991 1275 galis,
2048 1204 2106 1259 in
2150 1204 2481 1263 immortalis
2526 1208 2885 1279 mortalisque
2927 1218 3140 1266 natura:
3181 1210 3420 1265 conﬁnio

1836 1304 1921 1349 est
1954 1312 1967 1349 :
2006 1295 2099 1366 qui
2133 1311 2329 1366 nempe
2358 1296 2601 1367 indigeat
2624 1299 2871 1369 quidem,
2915 1308 3145 1370 pr0pter
3185 1301 3419 1355 mortale

1837 1403 2072 1459 corpus;
2120 1389 2215 1444 sed
2259 1405 2372 1444 non
2402 1390 2614 1457 multis,
2661 1408 2768 1462 qua
2798 1393 3066 1463 praeditus
3112 1394 3295 1449 anima
3336 1402 3419 1448 est

1837 1489 2133 1551 appetente
2155 1482 2649 1538 immortalitatem.

1909 1573 2213 1629 Democriti.
2257 1604 2325 1615 -—
2360 1574 2560 1631 Sobrio
2610 1576 2876 1647 tenuique
2908 1576 3100 1643 victui,
3132 1593 3415 1648 nunquam

1838 1684 1950 1723 nox
1982 1668 2203 1725 brevior
2236 1669 2476 1724 exsistit.

221 1741 539 1836 KJs‘ttdpx.
575 1794 646 1806 -—
685 1762 1002 1833 Ὀφείλομεν
1061 1762 1289 1826 ἑαυτοὺς
1349 1760 1551 1826 ἐθίζειν
1626 1762 1736 1817 ἀπὸ

1907 1760 2180 1817 Ctitarchi.
2213 1793 2276 1802 —
2304 1764 2493 1832 Opera:
2512 1762 2750 1831 pretium
2773 1772 2833 1817 ut
2854 1777 2955 1816 nos
2982 1762 3128 1833 ipsos
3148 1763 3214 1817 ad
3241 1763 3418 1833 fruga-

158 1859 344 1928 ὀλίγων
402 1858 525 1930 ζῇν,
580 1857 668 1911 ἴνα
719 1856 888 1927 μηδὲν
946 1854 1173 1927 αἰσχρὸν
1215 1854 1403 1908 ἕνεκεν
1432 1855 1737 1928 χρημάτων

161 1953 441 2024 μάθωμεν.

220 2047 482 2118 Σωκρὰτ.
511 2076 582 2087 -
606 2044 903 2117 Σωκράτης
941 2044 1238 2115 ἐρωτηθεὶς
1286 2042 1392 2096 ὑπό
1437 2058 1603 2109 τινος,
1642 2042 1739 2107 Τίς

161 2157 235 2193 σοι
264 2138 673 2209 πλουσιώτερος
710 2132 851 2192 εἶναι
888 2136 1055 2204 δοκεῖ,
1092 2132 1274 2190 εἶπεν·
1322 2135 1379 2187 '0
1433 2134 1737 2207 ἐλαχίστοις

161 2234 492 2305 ἀρκούμενος
518 2249 534 2264 ο
572 2232 873 2304 αὐτάρκεια
900 2229 1012 2302 γάρ
1065 2231 1183 2283 ἐστι
1229 2226 1445 2299 φύσεως
1485 2228 1734 2294 πλοῦτος.

225 2414 440 2486 Ὠσπερ
464 2416 543 2478 εἰς
572 2412 691 2467 ὁδὸν
721 2411 814 2467 τὸν
839 2410 973 2483 βίον,
1004 2411 1066 2465 οὐ
1092 2410 1163 2466 τὰ
1188 2408 1388 2465 πολλοῦ
1433 2409 1562 2476 ἄξια
1610 2427 1738 2466 συν-

164 2510 293 2564 τίθει
332 2509 543 2579 ὲςρόδια,
579 2507 717 2562 ἀλλὰ
749 2507 1176 2579 ἀναγκαιότερα.

232 2688 447 2742 Βέλτιόν
475 2689 627 2741 ἐστιν
646 2688 703 2741 ἐν
729 2688 830 2758 μιᾷ
860 2687 1153 2761 περιουσίᾳ
1185 2685 1609 2758 συστελλόμενον
1645 2687 1737 2741 εὑ-

171 2780 364 2855 θυμεῖν,
394 2782 429 2853 ἢ
465 2780 707 2853 μεγάλης
737 2780 1081 2852 τυγχάνοντα
1110 2780 1420 2851 δυστυχεῖν.

241 2958 579 3027 Ἀλέξανδρ.
619 2987 688 2999 -—
721 2959 986 3022 Εἰπόντος
1042 2957 1193 3030 αὐτῷ
1216 2975 1362 3022 τινος
1387 2958 1493 3011 τῶν
1525 2957 1740 3012 δοκούν-

174 3067 267 3105 των
290 3052 518 3117 εὐνοεῖν,
553 3052 637 3105 δτι
662 3050 1012 3113 Δύνανταιαῑ
1050 3050 1233 3114 πόλεις
1260 3066 1353 3103 σου
1387 3049 1571 3103 πλεῖον
1599 3066 1740 3121 παρ-

175 3141 301 3213 έχειν
330 3142 547 3207 ἐξόδους
574 3142 677 3214 (η),
711 3142 837 3213 ἔφη·
873 3141 1171 3215 Κηπουρὸν
1194 3140 1338 3213 μισῶ
1367 3141 1458 3195 τὸν
1475 3142 1538 3195 ὲκ
1570 3142 1738 3213 ῥιζῶν

175 3234 487 3304 ἐκτέμνοντα
513 3235 580 3289 τὰ
607 3234 838 3306 λάχανα.

235 3413 536 3481 Δημοκρίτ.
578 3441 649 3452 -
679 3408 974 3482 Τράπεζαν
1000 3408 1300 3463 πολυτελέα
1345 3410 1444 3481 μὲν
1465 3410 1604 3482 τύχη
1631 3428 1739 3464 πα-

177 3503 463 3573 ρατίθησιν,
495 3501 775 3574 αὐταρκέα
803 3501 859 3555 δὲ
901 3499 1246 3573 σωφροσύνη.

247 3704 331 3757 Ἐκ
361 3703 480 3758 τῶν
515 3702 871 3771 Ἐπικτήτου
891 3704 989 3757 καὶ
1023 3700 1739 3774 Ἰσοκρὰτ.-Αὑτάρκεια,

176 3796 409 3869 καθάπερ
448 3797 565 3859 ὁδὸς
598 3796 825 3868 βραχεῖα
846 3794 941 3849 καὶ
970 3794 1294 3867 ἐπιτερπὴς,
1320 3794 1481 3868 χάριν
1504 3796 1604 3867 μὲν
1629 3797 1740 3868 ἔχει

176 3889 424 3960 μεγάλην,
460 3889 623 3943 πόνον
652 3888 710 3942 δὲ
754 3888 971 3963 μικρόν.

249 4068 549 4143 Ὀχύρωσον
616 4070 813 4125 σαυτὸν
879 4073 947 4143 τῇ
1007 4069 1351 4143 αὐταρκείᾳο
1406 4068 1567 4124 τοῦτο
1630 4069 1741 4141 γὰρ

176 4157 459 4217 δυσάλωτόν
480 4165 628 4218 ἐστιν
655 4165 876 4236 χωρίον.

241 4340 488 4409 Σωκράτ.
526 4371 593 4380 -
616 4340 939 4411 Ξανθίππης
976 4341 1261 4412 Σωκράτει
1296 4340 1372 4412 τῷ
1426 4339 1581 4413 ἀνδρὶ
1620 4342 1741 4395 ἑπι-

1836 1855 2045 1911 litatem
2066 1870 2443 1919 exerceamus,
2472 1872 2540 1911 ne
2557 1872 2655 1926 per
2678 1856 3025 1911 occasionem
3049 1857 3414 1926 parandarum

1836 1964 2002 2019 opum
2026 1956 2187 2019 turpe
2215 1947 2424 2018 aliquid
2453 1948 2859 2004 condiscamus.

1904 2039 2163 2095 Socratis.
2210 2072 2280 2083 —
2332 2040 2590 2097 Socrates
2619 2082 2634 2107 ,
2694 2041 2931 2111 quodam
2994 2042 3370 2113 interrogante
3400 2085 3413 2105 ,

1837 2133 1966 2203 quis
1994 2133 2075 2187 illi
2105 2133 2274 2188 ditior
2304 2148 2429 2189 esse
2469 2132 2775 2198 videretur,
2803 2136 3087 2205 respondit
3118 2136 3252 2190 :Cui
3285 2152 3418 2206 pau-

1837 2228 2059 2283 cissima
2087 2228 2423 2285 sullicerent.
2453 2228 2515 2284 In
2550 2229 2879 2286 sullicientia
2898 2232 3047 2286 enim
3074 2233 3269 2303 posita:
3289 2242 3417 2287 sunt

1839 2328 2051 2376 naturte
2083 2320 2312 2377 divitiaa.

1909 2412 2071 2484 5'75
2093 2412 2261 2480 Quasi
2291 2414 2420 2469 vitae
2450 2415 2557 2470 iter
2577 2424 2925 2488 peracturus,
2947 2432 3061 2472 non
3089 2432 3212 2487 qua:
3233 2418 3417 2489 magni

1836 2506 2003 2576 pretii
2032 2507 2143 2562 sint
2176 2507 2377 2563 viatico
2410 2510 2749 2580 componito,
2782 2508 2881 2565 sed
2913 2524 3035 2580 qum
3069 2510 3125 2564 in
3155 2526 3272 2566 rem
3303 2527 3417 2566 ma-

1838 2599 1923 2672 gis
1942 2601 2256 2656 necessaria
2285 2600 2575 2656 exsistant.

1908 2690 2136 2746 Praestat
2193 2707 2303 2746 una
2367 2692 2635 2762 brevique
2697 2690 3011 2748 substantia
3070 2702 3417 2748 contractum

1836 2798 1996 2853 (equo
2027 2783 2215 2838 animo
2240 2798 2382 2850 esse,
2406 2799 2571 2854 quam
2613 2782 2827 2853 magnis
2868 2782 3066 2853 opibus
3094 2784 3328 2841 ditatum
3360 2784 3419 2841 in

1838 2875 1921 2932 eis
1949 2876 2349 2931 infortunatum
2378 2892 2523 2931 esse.

1910 2967 2234 3023 Alexander.
2257 2966 2479 3023 —Cum
2508 2966 2561 3022 ei
2588 2966 2893 3023 amicorum
2921 2968 3168 3039 quidam,
3198 2984 3421 3025 eorum-

1840 3074 1948 3129 que
1980 3058 2076 3129 qui
2123 3059 2242 3129 ejus
2285 3058 2583 3129 praacipue.
2613 3057 2782 3113 rebus
2811 3057 3038 3114 studere
3070 3058 3418 3127 viderentur,

1841 3150 2091 3213 dixisset,
2124 3166 2284 3221 posse
2312 3152 2498 3218 urbes,
2521 3166 2642 3223 qua:
2661 3152 2782 3223 ejus
2814 3151 3041 3207 ditionis
3065 3162 3272 3217 essent,
3301 3169 3421 3209 ma—

1839 3243 1962 3315 jora
2028 3243 2233 3298 tributa
2287 3252 2584 3314 praestare,
2626 3244 2955 3315 respondit:
2999 3243 3265 3303 Olitorem
3302 3247 3418 3313 odi,

1840 3333 1934 3404 qui
1962 3332 2228 3388 radicitus
2250 3333 2524 3388 exscindit
2545 3333 2718 3389 olera.

1909 3424 2196 3479 Democrit.
2231 3454 2301 3464 —
2334 3424 2722 3495 Sumptuosam
2754 3439 3003 3480 mensam
3032 3425 3265 3501 apponit
3304 3424 3421 3480 for-

1844 3529 2007 3585 tuna;
2044 3518 2310 3591 frugalem
2343 3534 2479 3575 vero
2509 3519 2736 3590 suisque
2770 3528 3111 3585 contentam,
3141 3518 3421 3575 sobrietas

1840 3626 1905 3665 ae
1928 3610 2311 3680 temperantia.

1912 3704 1997 3759 Ea:
2043 3705 2315 3758 sententiis
2354 3703 2583 3773 Epictet.
2633 3711 2683 3758 et
2727 3701 2953 3758 Isocrat.
2994 3733 3062 3745 --
3088 3701 3418 3773 Frugalitas,

1841 3794 2068 3865 suisque
2113 3803 2372 3850 contenta
2421 3794 2546 3849 vita:
2590 3794 2753 3862 ratio,
2815 3793 2973 3865 quasi
3013 3794 3102 3849 via
3138 3794 3324 3849 brevis
3355 3809 3421 3849 ac

1842 3887 2219 3953 delectabilis;
2244 3902 2495 3958 magnam
2522 3886 2746 3958 quidem
2772 3886 2938 3944 habet
2976 3888 3231 3959 gratiam,
3267 3886 3421 3943 labo-

1843 3996 1961 4036 rem
1998 3994 2133 4035 vero
2162 3978 2444 4050 exiguum.

1910 4071 2138 4128 Obvalla
2168 4073 2406 4143 teipsum
2454 4071 2661 4127 virtute
2707 4072 2824 4127 suis
2877 4072 2996 4143 ipsa
3027 4080 3286 4129 contenta
3323 4072 3421 4128 sti-

1840 4165 2089 4235 pendiis;
2121 4165 2238 4221 haec
2290 4165 2439 4220 enim
2482 4180 2582 4219 arx
2612 4175 2698 4220 est
2726 4179 2893 4235 quam
2938 4164 3090 4220 nulla
3130 4164 3292 4221 facile
3335 4165 3420 4221 vis
3524 4234 3531 4239 Δ

1840 4273 2159 4330 expugnare
2188 4258 2386 4329 possit.

1911 4350 2178 4406 Socrates.
2193 4381 2263 4390 —
2280 4350 2419 4406 Cum
2442 4348 2717 4421 Xantippe
2749 4351 2930 4406 virum
2954 4367 3116 4407 suum
3138 4351 3417 4407 Socratem

173 4430 417 4503 τιμώσης,
476 4432 612 4486 διότι
663 4433 824 4499 λιτῶς
876 4434 1321 4506 παρεσκευάζετο
1369 4434 1733 4500 ὐποδέξασθαι

1868 4454 2177 4513 nereparet,
2202 4442 2349 4512 quod
2376 4443 2628 4497 tenuiore
2654 4454 2919 4513 apparatu
2959 4446 3167 4499 amicos
3194 4444 3417 4514 excipe-

174 4521 364 4591 φίλους,
399 4523 584 4578 εἶπενο
613 4524 677 4579 El
707 4526 806 4597 μὲν
839 4526 1096 4598 ἡμέτεροί
1133 4529 1293 4593 εἰσιν,
1320 4526 1473 4581 οὐδὲν
1506 4528 1737 4592 ἐκείνοις

177 4616 423 4687 μελήσει·
466 4619 603 4672 εἰδὲ
642 4618 935 4690 ἀλλότριοι,
985 4620 1118 4690 ἡμῖν
1167 4618 1298 4690 περὶ
1347 4616 1526 4672 αὐτῶν
1581 4617 1735 4673 οὐδὲν

176 4707 401 4780 μελήσει.

721 4828 939 4881 ΛΟΓΟΣ
976 4828 1053 4881 1Δ¹
1099 4828 1167 4882 ’⁸.

682 4938 819 5008 Περὶ
850 4937 1220 5009 προσευχῆς.

243 5058 415 5112 Ματθ.
462 5075 502 5123 ς
526 5096 539 5111 .
572 5086 641 5097 -
666 5056 1104 5127 Προσευχόμενοι
1160 5056 1235 5128 μὴ
1280 5055 1734 5129 βαττολογήσητε,

1844 4540 1947 4597 ret,
1998 4532 2181 4587 dixit:
2220 4531 2277 4587 Si
2312 4531 2485 4586 nostri
2540 4531 2782 4599 fuerint,
2830 4534 2970 4587 nihil
3000 4533 3305 4598 curabunt;
3331 4532 3418 4588 sin

1843 4624 2030 4690 alieni,
2054 4639 2250 4680 eorum
2278 4623 2441 4679 nobis
2465 4623 2613 4679 nulla
2639 4624 2893 4681 habenda
2926 4625 3071 4681 ratio
3093 4625 3185 4681 sit.

2445 4822 2678 4880 SERMO
2704 4823 2843 4879 XIV.

2102 4940 2179 4996 De
2206 4940 2442 4995 oratione
2468 4955 2558 4993 seu
2598 4939 2835 5010 precibus
2872 4936 2942 4991 ad
2980 4935 3173 4991 Deum.

1917 5055 2110 5111 Matth.
2148 5070 2223 5122 vr,
2254 5053 2527 5109 7.—Dum
2544 5052 2740 5119 oratis,
2765 5050 2936 5105 nolite
2973 5049 3209 5106 multum
3239 5050 3413 5123 loqui,

1450 5198 1687 5255 VARIIE
1732 5199 2136 5257 LECTIONES.

1669 5339 1904 5396 NOTAE}.

239 5268 396 5340 ἰἀΕει
430 5272 483 5326 in
507 5271 674 5327 Gesn.
705 5270 860 5327 Stob.
889 5269 1014 5326 294.

240 5410 310 5482 (n)
341 5413 555 5468 Πλεῒον
585 5412 872 5482 παρέχειν
903 5409 1170 5482 ἐξόδους.
1214 5407 1382 5482 Gesn.
1413 5411 1733 5482 conjectura

174 5478 598 5555 est,'legendum
645 5478 978 5555 εἰς’ξρόρους.
1033 5478 1140 5535 Sed
1202 5478 1336 5555 mihi
1390 5478 1738 5555 n9n1sua_det

176 5561 347 5624 contra
367 5549 782 5624 exemplarium
810 5549 1015 5624 ﬁdem;
1053 5564 1179 5624 nam
1209 5549 1376 5624 etiam
1399 5551 1609 5624 εἴσοδος
1628 5552 1736 5607 Ρο-

176 5617 350 5687 lyxeno
394 5636 448 5681 et
500 5617 674 5679 véteri
728 5624 929 5679 Lexico
962 5621 1251 5690 Stephani,
1313 5620 1577 5690 ἀνάλωμα
1630 5632 1736 5690 est,

176 5698 663 5767 tumptnsﬁmpensa
689 5713 704 5751 :
726 5707 961 5767 cumque
992 5692 1126 5745 alias
1152 5690 1327 5767 ἔξοδος
1352 5690 1625 5767 expeditio
1640 5695 1735 5767 sit,

178 5760 339 5819 eritet
366 5760 639 5836 pnes'tatio
670 5760 1021 5836 vectigalium
1047 5777 1109 5816 ac
1149 5761 1509 5828 tributorum,
1535 5765 1739 5834 quibus

1872 5410 2071 5481 rincipi
2108 5410 2340 5490 ejusque
2370 5407 2712 5491 exercitibus
2744 5409 2946 5464 tuenda
2986 5422 3044 5461 re
3088 5409 3269 5467 ublica
3296 5411 3413 5467 suf-

1834 5428 2072 5535 ﬁciatur.
2097 5482 2237 5535 llinc
2270 5479 2546 5534 Biblicum
2579 5480 2911 5534 vocabulum
2947 5422 3155 5535 ὲεοὲἰᾶν
3195 5490 3251 5535 et
3299 5484 3413 5535 εξο-

1874 5478 2072 5537 ciatu'r.
2097 5478 2237 5536 Hinc
2270 5479 2546 5534 Biblicum
2579 5480 2911 5551 vocabulum
2947 5478 3155 5551 ὲξοδιᾷν
3195 5490 3251 5537 et
3299 5484 3414 5546 εξο-

1835 5551 2064 5618 διάζειν,
2099 5551 2293 5623 eodem
2321 5565 2511 5616 sensu,
2546 5550 2717 5623 quod_
2731 5550 2989 5607 Seniores
3014 5566 3080 5605 ex
3100 5550 3205 5607 usu
3242 5552 3414 5623 magis

1837 5624 1937 5677 sui
1956 5621 2355 5693 temporistet
2383 5628 2444 5674 ut
2468 5636 2661 5677 vocem
2681 5621 2945 5687 Grrccam,
3000 5621 3411 5693 usurpaverint,

1836 5707 1999 5763 quam
2034 5690 2136 5762 ipsi
2168 5690 2441 5747 cuderint.
