3964 6276
200 336 324 402 813

1534 335 1701 395 LOCI
1742 336 2177 400 COMMUNES.
2770 342 2793 371 '

3359 348 3465 413 814

292 453 450 506 Ἰακ.
489 456 561 505 α’.
592 481 663 489 --
699 450 876 502 Ἔστω
920 449 1027 511 πᾶς
1069 447 1350 519 ἄνθρωπος
1398 450 1566 518 ταχὺς
1618 452 1696 513 εἰς
1728 450 1791 504 τὸ

1962 455 2081 509 Jac.
2118 473 2155 522 ι,
2202 456 2268 523 9;
2300 473 2378 523 ιιι,
2407 457 2459 511 2.
2484 489 2551 499 —
2573 458 2658 515 Sit
2690 462 2868 517 omnis
2904 464 3067 519 homo
3094 466 3250 521 velox
3280 467 3347 521 ad
3375 483 3472 522 au-

197 543 480 611 ἀκοῦσαι,
510 545 604 596 καὶ
644 541 843 615 βραδὺς
871 541 951 605 εἰς
987 540 1049 594 τὸ
1079 540 1330 609 λαλῆσαι.
1361 541 1494 601 Καὶ,
1523 543 1587 595 Et
1604 560 1689 606 τις
1730 544 1789 596 ὲν

195 638 365 709 λόγῳ
422 640 482 691 οὐ
541 639 777 702 πταίσει,
836 632 991 700 οὗτος
1040 637 1244 701 τέλειός
1302 640 1438 704 ἐστι,
1493 637 1791 709 δυνάμενος

196 730 668 801 χαλιναγωγῆσαι
706 730 800 784 καὶ
832 730 953 782 ὄλον
984 729 1047 782 τδ
1077 729 1259 800 σῶμα.

273 829 505 893 Σολομ.
563 855 633 864 -
691 824 786 889 Εἰς
836 817 951 878 ὦτα
1006 824 1237 894 ἄφρονος
1284 823 1451 895 μηδὲν
1490 823 1652 893 λέγε,
1714 825 1788 894 μή

201 932 351 969 ποτε
384 916 699 988 μυκτηρίσῃ
732 918 860 979 τοὺς
886 914 1139 979 συνετούς
1170 932 1261 969 σου
1291 916 1506 985 λόγους.

279 1010 477 1077 Σιρὰχ
533 1006 666 1063 KA'.
710 1038 780 1049 —
825 1009 1114 1079 Ἐξήγησις
1166 1007 1395 1079 μωροῦ,
1456 1009 1532 1073 ὡς
1582 1009 1640 1063 ἐν
1688 1007 1793 1080 6δῷ

201 1107 440 1177 φορτίον
466 1124 479 1138 ·
511 1106 604 1159 ἐπὶ
624 1105 679 1160 δὲ
702 1105 852 1177 χείλη
871 1106 1094 1159 συνετοῦ
1120 1104 1476 1177 εὑρεθήσεται
1505 1105 1685 1177 χάρις.

280 1200 635 1254 Βασιλείου.
668 1230 735 1240 -
772 1200 1001 1269 Μήποτε
1047 1200 1112 1269 τῇ
1187 1197 1425 1269 ἀμετρίᾳ
1480 1198 1572 1251 τοῦ
1632 1198 1792 1267 λόγου

200 1294 471 1365 ἄχρηστα
492 1292 805 1363 ποιήσωμεν
822 1293 954 1363 ἡμῖν
970 1290 1040 1344 τὰ
1058 1290 1362 1360 φιλοπόνως
1386 1290 1791 1360 συνειλεγμένα.

212 1383 520 1438 Ἀτονοῦσα
544 1384 643 1455 μὲν
658 1384 691 1454 ἡ
708 1383 915 1437 διάνοια
944 1382 1162 1437 πάντων
1184 1381 1317 1451 ὁμοῦ
1343 1397 1410 1433 πε
1419 1380 1789 1452 ριδράξασθαι,

199 1479 405 1547 ὅμοιον
422 1478 621 1557 πάσχει
648 1476 867 1545 γαστρὶ,
899 1474 987 1529 διὰ
1006 1473 1104 1546 τὴν
1138 1472 1449 1544 ὑπερϐολὴν
1480 1472 1575 1527 τοῦ
1606 1473 1791 1546 κόρου,

199 1575 290 1633 εἰς
344 1571 514 1640 ’πέψιν
567 1570 797 1639 ἀγαγεῖν
845 1568 914 1623 τὰ
974 1563 1455 1638 παραπεμφθέντα
1492 1564 1581 1638 Δμὴ
1632 1564 1795 1619 δυνα-

287 1683 383 1716 vn.

287 1683 319 1715 ν
373 1705 383 1716 .

204 1665 511 1808 μέΒὲλτιον
534 1754 632 1815 τὰς
658 1752 865 1807 ἑαυτῶν
898 1750 1053 1822 ἡνίας
1076 1748 1332 1803 ἐνδιδόναι
1359 1748 1793 1819 τεχνικωτέροις,

201 1848 237 1918 ἣ
275 1847 466 1902 ἄλλων
509 1846 757 1917 ἡνιόχους
803 1843 942 1899 εἶναι
980 1842 1449 1913 ἀνεπιστήμοναςο
1485 1841 1581 1895 καὶ
1628 1840 1797 1910 ἀκοὴν
1829 1850 1833 1869 ’

204 1941 535 1995 ὑποτιθέναι
605 1938 807 2011 μᾶλλον
858 1934 1286 2008 εὐγνώμονα,ἢ
1337 1933 1589 2003 γλῶσσαν
1628 1937 1796 1989 κινεῖν

205 2034 569 2088 ἀπαίδευτον.

846 2150 1162 2219 Θεολόγου.

319 2247 622 2384 ιςῒέῗμᾚ
640 2242 1109 2377 έηωεῖςκὲἓξαῐέἵζ
1137 2243 1687 2382 ἐῖρξίὸῗῖἓῖχὲῗτθυ·

317 2447 523 2516 Λόγου
556 2444 624 2516 δὲ
646 2444 861 2499 πολλοι
892 2443 1001 2516 τοῦ
1027 2444 1215 2516 κενῶς
1244 2445 1654 2516 ψοφουμένου.

322 2517 407 2572 Ἦ
422 2513 514 2585 ’μὴ
538 2515 867 2577 διδάσκειν,
899 2514 939 2584 ἢ
963 2513 1276 2570 διδάσκειύ
1305 2513 1386 2581 τῷ
1402 2513 1616 2585 τρόπῳ.

328 2654 443 2710 Τοῦ
462 2652 674 2709 λαλεῖν
693 2653 913 2723 αἰσχρὰ
929 2652 1020 2724 (s),
1034 2652 1100 2709 td
1123 2653 1371 2709 ἀκούειν
1388 2653 1756 2722 ἀτιμότερον.

286 2765 594 2833 Χρυσόστ.
624 2795 692 2805 -
721 2763 855 2817 Τότε
908 2762 1148 2833 μάλιστα
1185 2764 1237 2819 οι
1277 2763 1520 2835 μαθηταὶ
1572 2764 1653 2827 εἰς
1705 2762 1796 2816 τὸν

214 2855 426 2924 ἀγαθὸν
451 2852 807 2925 ἀγωνίζονται
822 2854 1006 2923 ζῆλον,
1028 2854 1157 2910 ὅταν
1175 2854 1327 2927 παρά
1338 2852 1450 2909 τῶν
1463 2853 1795 2909 διδασκάλων

216 2949 387 3019 ἔχωσι
416 2947 486 3002 τά
512 2947 949 3020 παραδείγματα.

289 3041 411 3095 Οὐκ
440 3041 719 3095 ἀκίνδυνον
746 3043 782 3113 ἡ
811 3040 1096 3111 ἀκρόασις,
1121 3039 1252 3095 ὅταν
1283 3040 1318 3106 ἡ
1349 3037 1441 3093 διά
1477 3038 1589 3095 τῶν
1619 3038 1797 3111 ἔργων

220 3132 513 3204 προσθήκη
540 3134 614 3205 μὴ
636 3134 881 3204 γένηται.

298 3228 462 3280 Ἐστι
491 3227 692 3295 γνῶσις
722 3226 881 3295 λόγου
930 3226 1120 3297 χωρὶς,
1157 3225 1251 3279 καὶ
1279 3224 1397 3279 ἔστι
1424 3224 1626 3293 γνῶσις
1659 3223 1798 3295 μετὰ

220 3318 409 3387 λόγου.
442 3317 553 3371 Καὶ
587 3316 696 3389 γάρ
728 3317 835 3369 εἰσὶ
863 3316 1049 3372 πολλοὶ
1078 3316 1281 3385 γνῶσιν
1317 3316 1413 3387 μὲν
1442 3315 1679 3386 ἔχοντες,
1708 3314 1799 3369 λό-

224 3427 325 3481 γον
358 3410 416 3464 δὲ
444 3409 545 3463 οὐκ
570 3408 803 3479 ἔχοντες.

294 3589 539 3644 Νείλου.
573 3617 645 3629 --
670 3584 933 3657 Περισσὸς
975 3586 1081 3649 πᾶς
1114 3583 1269 3654 λόγος
1305 3583 1442 3655 πρὸς
1487 3581 1793 3653 διόρθωσιν,

226 3684 354 3737 ὅταν
407 3684 443 3750 ἡ
489 3681 598 3734 τῶν
651 3679 955 3734 ἀκουόντων
1026 3678 1163 3749 πρὸς
1211 3677 1271 3730 τὸ
1335 3678 1515 3747 χεῖρον
1571 3673 1801 3727 νεύουσα

229 3776 461 3845 σπουδὴ,
512 3776 623 3836 τοῖς
662 3773 801 3826 κατά
833 3770 1142 3843 συμϐουλὴν
1174 3768 1494 3840 λεγομένοις
1539 3766 1799 3829 ἐναντίως

227 3871 518 3937 διάκειται.

300 3962 664 4029 Διδύμου.-
692 3957 824 4010 Τότε
861 3954 1012 4010 ἀνύει
1034 3952 1349 4015 διδάσκαλος
1374 3950 1466 4006 καὶ
1487 3950 1799 4005 πιστεύεται

228 4054 427 4122 λέγων,
458 4053 587 4105 ὃταν
624 4050 717 4119 ἀφ’
775 4065 849 4103 ων
898 4049 1147 4119 πράττει,
1201 4046 1470 4111 παιδεύει,
1522 4047 1665 4099 κατά
1718 4045 1798 4109 τὸ,

228 4138 347 4199 Ὧν
375 4144 599 4213 ἤρξατο
622 4146 653 4196 ό
679 4140 905 4209 Ἰησοῦς
933 4139 1125 4196 ποιεῖν
1152 4156 1215 4193 τε
1237 4139 1335 4191 καὶ
1364 4138 1691 4193 διδάσκειν.

297 4318 675 4385 Μοσχίωνος.
703 4344 768 4358 -
792 4315 896 4369 Τὸν
920 4313 1357 4385 προσομιλοῦντα
1396 4313 1561 4384 τριχῆ
1583 4314 1801 4367 διασκο-

229 4410 357 4473 ποῧ,
390 4411 465 4472 ὡς
502 4410 784 4479 ἀμείνονα,
834 4407 867 4478 ἢ
899 4407 975 4470 ὼς
998 4407 1222 4478 ἥττονα,
1256 4405 1289 4476 ἢ
1318 4406 1392 4468 ὠς
1424 4407 1567 4459 ἴσον·
1613 4406 1705 4458 καὶ
1752 4404 1800 4455 εἰ

1894 546 2179 612 diendum,
2212 559 2269 604 et
2298 549 2488 606 tardus
2533 552 2601 606 ad
2631 553 2989 623 loquendum.
3036 557 3105 611 Et
3133 576 3146 612 :
3174 557 3230 614 Si
3259 560 3385 629 quis
3415 560 3469 614 in

1893 638 2064 693 verbo
2094 655 2202 694 non
2237 641 2487 707 offendit,
2514 643 2606 698 hic
2642 645 2920 713 perfectus
2946 656 3030 703 est
3057 666 3069 701 :
3100 658 3281 718 potest
3307 651 3470 707 etiam

1894 728 2058 784 homo
2093 730 2509 788 circumducere
2546 741 2719 789 totum
2757 752 2978 807 corpus.

1963 819 2120 875 Prov.
2136 838 2285 887 xxm,
2300 823 2487 879 9.—ln
2499 826 2729 881 auribus
2740 826 3051 898 insipientis
3064 831 3199 885 nihil
3212 832 3475 903 loquaris,

1894 923 1963 963 ne
1994 910 2136 966 forte
2164 914 2463 981 prudentes
2490 931 2770 974 sermones
2807 928 2931 975 tuos
2959 922 3403 979 subsannaverit.

1964 1002 2131 1057 Eccli.
2163 1021 2274 1070 xm,
2313 1006 2401 1061 i9.
2424 1008 2766 1065 —Narratio
2795 1012 2946 1065 stulti
2978 1015 3136 1082 quasi
3178 1016 3392 1071 sarcina
3421 1016 3478 1071 in

1894 1094 1981 1149 via
2008 1113 2022 1149 :
2049 1096 2106 1150 in
2133 1096 2294 1152 labiis
2322 1108 2506 1155 autem
2537 1101 2748 1157 cordati
2776 1104 3091 1160 invenietur
3120 1108 3315 1177 gratia.

1964 1186 2173 1243 Basilii.
2195 1220 2264 1228 —
2282 1188 2600 1246 Cavendum
2631 1201 2712 1249 est
2742 1210 2811 1249 ne
2864 1196 3033 1251 nimia
3061 1199 3330 1254 sermonis
3354 1215 3482 1270 pro-

1894 1275 2102 1334 lixitate
2140 1295 2205 1334 ea
2248 1280 2543 1339 reddamus
2576 1284 2815 1353 inutilia,
2846 1304 2969 1358 quae
2998 1306 3195 1361 magno
3224 1292 3412 1348 labore
3448 1309 3481 1347 a

1896 1368 2055 1424 nobis
2076 1370 2305 1426 collecta
2329 1384 2477 1428 sunt.
2508 1374 2659 1431 Mens
2683 1377 2830 1432 enim
2860 1378 3081 1450 fatigata
3112 1380 3362 1453 factaque
3385 1383 3477 1439 de-

1896 1459 2083 1526 bilior,
2110 1477 2273 1531 quam
2300 1472 2361 1517 ut
2393 1475 2589 1520 cuncta
2630 1466 2795 1521 simul
2837 1470 3127 1539 complecti
3159 1471 3353 1540 possit,
3387 1487 3482 1528 eo—

1897 1550 2021 1606 dem
2054 1552 2217 1607 modo
2257 1554 2493 1610 aﬂicitur
2518 1572 2583 1611 ac
2604 1568 2820 1625 venter,
2846 1560 2942 1630 qui
2971 1561 3043 1616 ob
3078 1561 3303 1617 nimiam
3334 1572 3483 1618 satu-

1898 1644 2118 1700 ritatem
2155 1661 2267 1701 non
2302 1648 2376 1703 sit
2417 1662 2517 1718 par
2542 1651 2835 1716 coquendis
2859 1650 2995 1708 cibis
3014 1651 3114 1707 sibi
3137 1649 3461 1708 commissis.

1969 1735 2133 1807 579
2158 1737 2384 1793 Praestat
2423 1740 2506 1793 sui
2558 1742 2782 1812 regendi
2828 1742 3072 1799 habenas
3111 1742 3219 1808 bis,
3248 1758 3481 1813 quorum

1903 1829 2077 1901 major
2118 1830 2316 1900 peritia
2357 1832 2586 1889 exsistat
2625 1833 2993 1901 committere,
3036 1851 3200 1906 quam
3245 1836 3480 1891 aliorum
3517 1865 3535 1882 .

1903 1922 2120 1993 aurigas
2162 1923 2347 1979 minus
2388 1926 2618 1981 solertes
2658 1942 2811 1994 esse;
2840 1938 2897 1984 et
2938 1944 3103 1983 aures
3131 1929 3316 1998 potius
3346 1944 3484 2000 pra:-

1902 2025 2048 2070 stare
2077 2014 2363 2086 benignas,
2394 2033 2558 2088 quam
2589 2018 2830 2090 linguam
2861 2019 3135 2075 indoctam
3171 2020 3339 2076 ciere.

2570 2131 2832 2203 Theologi.

1903 2218 2131 2296 frusta!
2157 2237 2304 2296 ‘opus
2336 2224 2557 2296 tacitum
2591 2226 2822 2279 sermoni
2850 2226 3061 2296 infecto.

1901 2289 2029 2345 Sine
2063 2289 2268 2346 actione
2300 2293 2510 2365 vitaque
2554 2309 2708 2348 nemo
2743 2289 2980 2366 unquam
3008 2295 3247 2352 sublimis
3285 2300 3484 2366 ευρειιιε

2427 2363 2432 2365 ⁷
2831 2363 2840 2366 ’
3367 2372 3445 2418 est
3471 2381 3480 2392 ·

1900 2429 2056 2484 Mulli
2084 2433 2198 2486 sine
2218 2448 2456 2487 sermone
2489 2451 2550 2488 ac
2583 2434 2735 2488 verba
2768 2436 3001 2490 inaniter
3024 2446 3266 2495 sonante.
3342 2363 3364 2438 [
3465 2405 3480 2429 ’

1902 2505 2006 2554 Aut
2054 2519 2159 2557 non
2199 2504 2510 2572 usurpanda
2559 2504 2822 2570 domina,
2860 2516 2953 2561 aut
2998 2524 3201 2587 morum
3247 2516 3486 2587 exemplo

3172 2577 3457 2651 [tradenda
3468 2627 3482 2648 .

1902 2640 2099 2695 Audire
2133 2643 2334 2713 turpia,
2367 2660 2529 2713 quam
2564 2643 2708 2715 ιοηαί
2751 2645 3095 2704 inhonesti“.

1970 2752 2237 2825 Chrysost.
2258 2785 2329 2795 -——
2350 2756 2505 2812 Tunc
2534 2758 2834 2826 prasertim
2859 2759 3116 2831 discipuli
3142 2762 3285 2820 bona
3315 2781 3486 2821 armu-

1900 2844 2106 2900 latione
2149 2846 2551 2914 aecenduntur,
2601 2863 2728 2904 eum
2780 2852 3057 2919 praeclaris
3100 2857 3485 2928 magistrorum

1904 2936 2168 3007 exemplis
2203 2936 2532 2994 fulciuntur.

1976 3027 2133 3083 Haud
2174 3028 2423 3098 periculo
2455 3037 2613 3083 vacat
2637 3029 2851 3096 audire,
2878 3044 3002 3085 cum
3036 3030 3107 3085 ad
3147 3047 3212 3087 ea
3241 3048 3363 3104 qua:
3389 3051 3486 3090 au-

1904 3118 2093 3186 dieris,
2118 3119 2363 3175 accessio
2398 3135 2467 3174 ex
2490 3120 2752 3189 operibus
2789 3137 2900 3177 non
2928 3122 3200 3191 sequitur.

1977 3212 2113 3266 Tum
2147 3210 2379 3267 scientia
2421 3220 2507 3268 est
2552 3228 2679 3267 cum
2712 3212 3005 3284 eloquendi
3051 3213 3330 3281 facultate,
3366 3228 3483 3274 tum

1900 3316 2020 3370 quae
2046 3301 2195 3356 illius
2215 3316 2412 3371 expers
2434 3302 2681 3359 exsistat.
2710 3303 2845 3358 Nam
2874 3304 3032 3359 multi
3061 3313 3191 3359 sunt
3214 3305 3485 3365 habentes

1900 3392 2123 3462 quidem
2174 3393 2503 3455 scientiam.
2558 3396 2657 3450 sed
2712 3396 2809 3466 qui
2858 3411 3167 3452 sermonem
3220 3414 3330 3454 non
3382 3400 3482 3455 ha-

1902 3484 2087 3539 beant.

1970 3576 2190 3630 Nili.—
2212 3576 2438 3631 Frustra
2483 3585 2568 3631 est
2599 3577 2850 3634 doctrina
2901 3580 2969 3634 ad
3015 3580 3479 3648 emendationem,

1901 3679 2026 3739 cum
2073 3668 2393 3724 auditorum
2440 3669 2495 3723 in
2531 3668 2727 3724 vitium
2778 3686 2953 3741 prona
2985 3671 3267 3743 diligentia
3316 3683 3482 3744 atque

1900 3760 2138 3825 animus,
2190 3760 2257 3816 iis
2291 3777 2412 3831 qua:
2461 3761 2692 3816 consilio
2729 3761 2993 3833 dicuntur
3041 3764 3319 3818 contrarie
3363 3764 3479 3818 alli-

1860 3874 1863 3882 ι
1902 3851 2067 3906 citur.

1970 3944 2201 4015 Didymi.
2226 3944 2454 3999 ~‘-Tum
2504 3946 2763 4017 magister
2797 3946 3112 4000 institutum
3165 3945 3374 4015 peragit
3416 3960 3480 4000 ac

1903 4032 2064 4087 ﬁdem
2101 4033 2287 4097 habet,
2320 4033 2524 4103 quibus
2552 4033 2817 4105 loquitur,
2850 4032 2981 4088 dum
3015 4032 3228 4087 actione
3258 4033 3477 4103 vitaque

1903 4126 2153 4182 instituta
2178 4128 2547 4184 eruditionem
2575 4138 2815 4199 przestat,
2844 4130 2996 4201 juxta
3026 4129 3173 4200 quod
3207 4130 3478 4200 scriptum

1902 4226 1987 4272 est
2014 4237 2027 4272 :
2054 4217 2183 4283 Qua:
2205 4222 2354 4291 οωρίι
2382 4220 2533 4275 Iesus
2559 4221 2733 4291 facere
2758 4232 2807 4276 et
2831 4224 3012 4277 docere
3046 4222 3187 4290 (Act.
3213 4240 3251 4287 ι,
3284 4223 3356 4293 1).

1972 4309 2511 4367 Moschion.—-Eum
2560 4313 2656 4383 qui
2700 4325 2883 4368 tecum
2933 4314 3127 4369 miscet
3175 4315 3480 4386 colloquia»,

1904 4401 2172 4456 trifariam
2216 4404 2541 4469 considera;
2571 4414 2667 4459 aut
2709 4415 2769 4459 ut
2809 4407 3267 4475 praestantiorem,
3300 4417 3393 4461 aut
3423 4415 3485 4461 ut

231 4501 332 4570 μὲν
356 4499 637 4570 ἀμείνονα,
664 4497 882 4551 ἀκούειν
926 4498 1031 4569 χρὴ
1086 4496 1182 4550 καὶ
1213 4496 1495 4550 πείθεσθαι
1528 4495 1676 4567 αὑτῷ
1706 4511 1719 4525 ·
1749 4492 1795 4545 εἰ

1926 4492 2244 4558 nferiorem,
2276 4506 2371 4548 aut
2406 4503 2468 4549 ut
2516 4512 2724 4565 parem.
2756 4497 2832 4552 Ac
2871 4498 3095 4568 quidem
3139 4498 3185 4553 si
3216 4510 3482 4569 praestan-

227 4591 284 4644 δὲ
316 4592 485 4662 ἦττω,
503 4591 749 4645 ἀπειθεῖν
769 4610 781 4622 ·
823 4595 873 4649 εἰ
901 4593 957 4648 δὲ
986 4594 1120 4661 ῐσον,
1158 4597 1496 4665 συμφωνεῖν.

294 4850 638 4921 Δημώνακτ.
667 4880 735 4891 -
780 4852 837 4904 '0
866 4851 1043 4920 λόγος,
1090 4854 1279 4925 ὥσπερ
1318 4856 1563 4926 πλάστης
1596 4855 1801 4923 ἀγαθὸς

225 4942 324 5013 τῆς
350 4943 530 5014 ψυχῆς
560 4943 896 5015 περιτίθεται
928 4945 1133 5015 σχῆμα.

1901 4583 2009 4637 tior
2029 4584 2221 4650 fuerit,
2248 4585 2441 4640 audias
2468 4602 2649 4656 operm
2680 4589 2919 4659 pretium
2948 4599 3054 4655 est,
3080 4590 3244 4660 eique
3273 4606 3481 4645 morem

1901 4691 2099 4745 geras:
2130 4676 2213 4730 sin
2245 4676 2498 4743 inferior,
2532 4679 2639 4733 noli
2679 4696 2907 4750 parere;
2944 4681 3027 4736 sin
3064 4697 3162 4751 par
3188 4680 3481 4746 exstiterit,

1902 4768 1982 4821 illi
2020 4767 2310 4823 assentire.
2484 4764 2485 4767 “

1974 4859 2283 4916 Demonact.
2321 4861 2609 4917 -—Oratio
2678 4873 2933 4934 tanquam
3000 4865 3176 4917 bonus
3245 4860 3477 4932 ﬁgulus,

1906 4950 2071 5005 animi
2101 4952 2205 5006 sibi
2236 4952 2465 5007 formam
2487 4953 2711 5025 elliugit.

1725 5102 1958 5160 NOTAE.

293 5214 361 5284 (ε)
393 5212 504 5267 Τοῦ
530 5211 743 5266 λαλεῖν
773 5211 1014 5282 αἰσχρά.
1062 5211 1153 5267 Sic
1204 5213 1491 5287 emendavi
1541 5215 1659 5287 ipso
1691 5215 1797 5287 syl-

225 5283 470 5341 labarum
510 5290 730 5337 servato
756 5296 1008 5347 numero,
1044 5297 1145 5351 pro
1185 5298 1251 5338 eo
1275 5283 1423 5352 quod
1459 5283 1578 5341 erat
1600 5284 1635 5338 ἃ
1664 5283 1791 5410 χρἸ,

226 5356 463 5410 legitque
496 5352 684 5410 Gesn..
711 5369 826 5410 aure
848 5352 989 5405 decet
1012 5368 1028 5410 ;
1061 5353 1147 5406 cui
1174 5355 1401 5407 omnino
1422 5354 1696 5410 adiectum
1720 5372 1753 5410 ο
1775 5386 1791 5399 -

226 5356 463 5424 legitque
496 5352 684 5424 Gesnt’
711 5369 826 5424 (ἴητε
848 5352 989 5424 deret
1011 5368 1028 5417 ;
1061 5353 1147 5406 cui
1174 5355 1401 5407 omnino
1422 5352 1800 5423 adjectum'of-

226 5421 389 5503 ﬁdi-at:
417 5421 706 5503 Quom-9d,)
723 5421 873 5503 enin}
895 5421 1090 5503 ἄτιμον
1120 5429 1176 5477 et
1227 5421 1570 5503 ἀτιμότερον,
1627 5434 1796 5503 turpe,

226 5494 469 5554 dedecus,
493 5491 686 5546 audire
732 5492 817 5547 vel
853 5491 1002 5562 loqui
1055 5508 1176 5561 quae
1237 5491 1470 5547 deceant
1523 5503 1578 5548 et
1628 5491 1791 5551 olIi'cii

226 5566 387 5618 sunt?
422 5563 627 5619 Verum
651 5562 755 5616 hoc
791 5563 926 5616 tanti
949 5562 1290 5631 decoquebat
1316 5562 1479 5619 Gesn.
1514 5579 1618 5620 nec
1650 5564 1702 5619 in
1728 5582 1796 5621 eo

227 5634 409 5688 mendi
467 5631 676 5700 aliquid
717 5632 767 5686 ei
791 5632 1097 5696 subolebat,
1156 5634 1251 5687 sed
1278 5632 1335 5687 in
1387 5649 1456 5688 eo
1503 5634 1790 5697 duntaxat.

227 5704 368 5773 quod
397 5711 453 5757 et
482 5703 545 5773 το
576 5702 774 5762 λαλεῖν,
806 5711 860 5756 et
889 5703 949 5773 το
974 5702 1190 5755 ἀκούειν
1220 5704 1484 5773 scriptum
1502 5715 1604 5759 est.
1634 5705 1789 5772 Quod

229 5771 372 5830 certe
433 5772 541 5827 nisi
592 5772 804 5828 meliori
851 5771 973 5827 cod.
1022 5771 1347 5843 integraque
1374 5774 1620 5846 Gregorii
1662 5771 1791 5833 Sen-

1904 5221 2075 5296 tentia
2106 5230 2162 5277 et
2200 5222 2581 5296 lucubratione
2625 5232 2775 5296 certo
2810 5224 3089 5296 emendari
3115 5239 3239 5296 non
3277 5234 3474 5296 potest.

1904 5290 2212 5378 Utrumque
2229 5291 2413 5378 aliaet
2431 5292 2534 5373 alia
2553 5293 2762 5347 ratione
2785 5294 3001 5378 turpius
3017 5294 3124 5351 dici
3148 5290 3347 5378 potest.
3367 5296 3475 5378 nc-

1904 5362 2026 5436 cepi
2055 5362 2201 5431 quod
2226 5362 2540 5436 acutius,_in
2559 5379 2765 5436 eosque
2797 5362 3052 5435 jactatur,
3070 5362 3165 5436 qui
3197 5366 3475 5421 detracto-

1898 5430 2053 5507 ribus
2074 5430 2158 5507 ’et_
2179 5431 2577 5507 susurronibus
2613 5430 2813 5490 faciles
2828 5450 2999 5491 .aures
3020 5430 3302 5507 praebent;
3332 5452 3469 5507 quas

1895 5500 2002 5556 nisi
2029 5502 2357 5571 pmberent,
2386 5516 2489 5556 nec
2512 5502 2854 5561 detractores
2880 5514 2975 5561 aut
3004 5500 3364 5563 susurrones'
3383 5520 3473 5560 es-

1895 5580 2037 5647 sent.
2072 5571 2398 5647 l_3al_lesdeni_
2429 5572 2552 5647 cod.
2579 5574 2794 5647 ghocceg
2835 5575 3016 5647 titulo,
3071 5592 3244 5647 pauca
3277 5576 3470 5647 solum

1894 5640 2054 5695 initio
2085 5641 2267 5705 habet,
2301 5642 2531 5711 reliquis
2577 5644 2631 5698 in
2664 5660 2730 5699 eo
2766 5640 3129 5710 desideratis,
3183 5645 3469 5701 undecun-

1892 5725 1999 5779 que
2036 5711 2089 5766 id
2116 5713 2384 5768 evenerit.
