3964 6276
565 329 672 397 819

1720 335 1781 395 s.
1821 325 2105 393 MAXIMI
2142 323 2648 391 CONFESSORIS
3674 339 3748 400 ss)

565 446 809 514 docebat
857 452 1068 510 turbas.
1113 449 1455 506 Mirabantur
1502 454 1685 502 autem
1719 445 1914 509 Judazi,
1963 443 2149 498 dicen-

2255 443 2498 498 ἐδίδασκε
2555 446 2681 509 τοὺς
2734 445 2944 516 ὄχλους.
3005 445 3351 517 Ἐθαύμαζον
3376 417 3440 500 δὲ⁸
3458 449 3501 501 οἱ
3538 449 3744 516 Ἰουδαῖοι,

576 545 1010 615 teszQuomodo
1056 545 1148 600 hic
1207 542 1313 600 scit
1351 543 1593 608 litteras,
1648 554 1774 596 cum
1835 553 1949 592 non
2006 535 2148 590 didi-

575 641 748 696 cerit?

643 731 675 786 1
696 730 819 786 Cor.
850 746 929 795 ιιι,
955 729 1044 784 18.
1065 760 1134 769 -
1156 728 1213 784 Si
1236 728 1362 799 quis
1383 726 1603 783 videtur
1630 725 1776 780 inter
1809 739 1907 779 vos
1932 722 2150 793 sapiens

575 838 696 879 esse
743 823 798 877 in
841 821 947 878 hoc
991 821 1219 886 saeculo,
1259 820 1464 875 stultus
1510 817 1637 883 ﬁat,
1683 823 1745 870 ut
1793 816 1862 870 sit
1905 814 2145 885 sapiens.

579 913 858 983 Sapientia
902 912 1051 968 enim
1106 912 1270 983 hujus
1325 908 1542 974 mundi,
1594 908 1825 964 stultitia
1883 915 1969 962 est
2003 905 2148 976 apud

579 1006 775 1060 Deum.

646 1096 805 1151 Prov.
842 1113 880 1158 ι,
907 1095 997 1151 20.
1019 1127 1088 1136 -
1109 1094 1390 1166 Sapientia
1421 1093 1478 1148 in
1503 1093 1608 1150 viis
1632 1093 1848 1158 clamat,
1875 1098 1932 1146 et
1956 1091 2010 1145 in
2033 1091 2151 1160 pla-

582 1188 685 1244 teis
719 1188 896 1258 palam
933 1188 1065 1258 agit.

649 1279 816 1334 Eccli.
863 1296 1008 1346 xxvi,
1039 1280 1356 1338 i8.——Non
1399 1288 1484 1336 est
1521 1277 1877 1334 commutatio
1918 1273 2150 1331 eruditae

580 1370 795 1425 animae.
1078 1378 1081 1380 ’

651 1458 816 1512 Eccli.
847 1474 924 1526 τι,
957 1459 1042 1514 19.
1065 1490 1136 1500 —-
1156 1459 1282 1525 Fili,
1311 1461 1366 1515 in
1392 1460 1681 1530 iuventute
1726 1465 1817 1512 tua
1849 1455 2015 1526 dilige
2052 1451 2152 1508 do-

580 1550 812 1606 ctrinam
844 1569 857 1604 :
885 1560 941 1606 et
979 1551 1124 1607 sicut
1161 1551 1254 1622 qui
1299 1560 1418 1606 arat
1461 1560 1518 1606 et
1563 1549 1818 1614 seminat,
1861 1546 2058 1602 accede
2081 1544 2148 1600 ad

578 1657 721 1705 eam,
751 1651 809 1697 et
831 1641 1045 1698 {ructus
1075 1645 1198 1714 ejus
1221 1642 1396 1698 bonos
1427 1642 1658 1698 sustine.

647 1733 856 1790 Basilii.
876 1765 948 1776 —
963 1735 1157 1790 Melius
1175 1743 1259 1791 est
1277 1749 1341 1790 ac
1363 1733 1790 1810 conducibilius,
1817 1729 2148 1787 cumidiotaa

2253 535 2528 604 λέγοντες,
2581 536 2706 600 Πῶς
2756 527 2912 602 οὗτος
2961 531 3072 591 οἵδε
3102 538 3431 609 γράμματα,
3458 539 3528 610 μὴ
3559 543 3751 612 pannoq-

2253 646 2362 692 κως
2377 645 2394 694 ς

2315 727 2377 776 A'
2410 725 2549 790 Κορ.
2579 721 2650 790 τ’.
2685 749 2754 761 -
2795 721 2863 776 Et
2879 738 2964 785 τις
2995 721 3144 776 δοκεῖ
3192 717 3358 790 σοφὸς
3385 715 3515 776 εἶναι
3553 723 3604 775 ὲν
3641 726 3753 794 ὑμῖν,

2251 819 2310 871 ἐν
2359 815 2437 886 τῷ
2492 815 2650 870 αίῶνι
2695 815 2894 886 τούτῳ,
2945 815 3128 886 μωρὸς
3175 813 3430 883 γινέσθω,
3472 815 3550 869 ἶνα
3581 817 3756 888 γένηται

2255 916 2437 978 σοφός.
2478 909 2543 961 Ἡ
2580 907 2689 979 γὰρ
2715 907 2880 977 σοφία
2897 907 2992 962 τοῦ
3023 907 3235 977 κόσμου
3263 905 3472 971 τούτου,
3499 909 3655 979 μωρία
3677 927 3756 962 πει-

2255 1000 2325 1072 ρά
2354 1000 2432 1070 τῷ
2460 998 2582 1072 Θεῷ
2609 1001 2779 1056 ἐστιν.

2323 1095 2570 1162 Παροιμ.
2601 1097 2674 1146 a'.
2695 1121 2767 1132 —
2795 1091 2965 1161 Σοφία
3006 1092 3066 1145 ὲν
3103 1090 3310 1158 ἐξόδοις
3355 1090 3604 1163 ὑμνεῖται,
3640 1093 3689 1144 ἒν
3714 1093 3758 1146 δὶ

2251 1183 2533 1247 πλατείαις
2570 1182 2880 1256 παρρησίαν
2907 1183 3054 1251 ἄγει.

2320 1275 2503 1344 Σιρὰχ
2551 1279 2668 1338 κζ’.
2700 1304 2768 1315 —
2805 1273 2922 1327 Οὐκ
2952 1274 3100 1327 ἔστιν
3137 1272 3494 1342 ἀντάλλαγμα
3529 1272 3657 1326 οὐδὲν
3689 1291 3758 1326 πε-

2253 1367 2622 1438 παιδευμένης
2647 1365 2844 1437 ψυχῆς.

2324 1463 2506 1530 Σιρὰχ
2563 1459 2639 1526 ς’.
2674 1489 2743 1498 -
2780 1459 2981 1512 Τέκνον
3032 1459 3092 1512 ἐν
3164 1457 3387 1529 νεότητί
3431 1475 3519 1511 σου
3565 1456 3755 1531 iniisse;

2251 1553 2518 1608 παιδείαν
2552 1551 2648 1605 καὶ
2689 1551 2764 1615 ὡς
2807 1550 3112 1624 ἀρροτριῶν
3151 1550 3249 1604 καὶ
3293 1548 3524 1620 σπείρων
3547 1548 3756 1618 πρόσελθε

2251 1646 2425 1716 αὐτῇ,
2470 1644 2564 1698 καὶ
2593 1643 2834 1714 ἀνάμενε
2887 1643 3014 1706 τοὺς
3061 1643 3308 1711 ἀγαθοὺς
3357 1643 3584 1713 καρποὺς
3607 1642 3755 1710 αὐτῆς.

2323 1734 2666 1790 Βασιλείου.
2697 1763 2768 1775 —-
2791 1734 3049 1803 Ἀμεινον
3086 1732 3183 1786 καὶ
3229 1729 3629 1803 συμφερώτερον
3655 1729 3760 1782 ioui-

580 1841 644 1880 ac
692 1825 931 1896 imperiti
969 1826 1161 1891 simus,
1202 1842 1301 1898 per
1353 1826 1678 1895 charitatem
1719 1825 1831 1881 Deo
1872 1823 2149 1895 proximos

2252 1847 2348 1892 τας
2379 1828 2475 1882 καὶ
2516 1825 2870 1896 ὀλιγομαθεῖς
2901 1825 3195 1896 ὑπάρχειν.
3235 1825 3330 1878 καὶ
3355 1825 3441 1878 διά
3473 1823 3563 1893 τῆς
3588 1825 3758 1891 ἀγάπης

583 1915 722 1982 ﬁeri,
775 1931 943 1986 quam
981 1918 1075 1988 qui
1121 1911 1569 1973 multa'scientia
1619 1931 1914 1986 rerumque
1952 1913 2151 1986 peritia

583 2007 794 2077 praediti
819 2008 1126 2077 videamur,
1152 2009 1209 2065 in
1249 2009 1542 2066 Dominum
1576 2017 1826 2084 nostrum
1857 2007 2151 2062 maledicos

580 2101 874 2156 exsistere.

651 2191 870 2248 Similes
902 2200 1032 2249 sunt
1073 2193 1249 2249 oculis
1279 2200 1516 2258 noctuae,
1557 2191 1652 2262 qui
1691 2205 1914 2262 operam
1951 2189 2153 2244 otium-

581 2296 690 2352 que
719 2292 1028 2350 posuerunt
1068 2283 1216 2338 inani
1245 2283 1548 2353 sapientiae.
1573 2281 1710 2336 Nam
1751 2289 1808 2335 et
1835 2279 1983 2334 illius
2007 2276 2153 2334 oculi

583 2381 750 2427 noctu
799 2372 1009 2428 robusti
1055 2381 1212 2440 sunt;
1257 2373 1518 2428 illuccnte
1579 2380 1762 2427 autem
1802 2371 1940 2438 sole,
1985 2369 2154 2424 hebe-

581 2473 764 2521 scunt.
795 2465 1002 2520 H-orum
1033 2480 1252 2535 quoque
1284 2479 1459 2530 mens,
1507 2465 1752 2520 inanium
1794 2479 1980 2519 rerum
2023 2476 2154 2516 con-

585 2553 938 2624 templatione
971 2554 1284 2610 acutissima
1313 2561 1430 2618 est;
1456 2569 1602 2608 verre
1637 2562 1820 2609 autem
1859 2552 2000 2608 lucis
2024 2565 2156 2607 con-

584 2647 918 2704 sideratione
945 2647 1177 2702 obscura
1204 2660 1269 2700 ac
1295 2643 1486 2699 hebes.

652 2823 918 2896 Theologi.
933 2854 1004 2863 —
1019 2821 1371 2893 Exploratum
1394 2819 1650 2876 existimo
1675 2820 1821 2890 apud
1844 2832 2037 2874 omnes
2057 2817 2153 2888 qui

583 2915 784 2970 mentis
817 2921 1098 2986 compotes
1140 2921 1288 2979 sunt,
1335 2927 1456 2968 esse
1489 2909 1834 2980 disciplinam
1867 2909 2156 2981 (eruditio-

582 3019 730 3071 nem,
752 3003 986 3076 litteras)
1013 3004 1257 3059 omnium
1290 3017 1412 3073 qua:
1455 3001 1509 3055 in
1543 3000 1858 3056 hominibus
1887 3000 2030 3056 bona
2059 3000 2155 3054 ha-

463 3137 474 3146 .
581 3098 802 3164 bentur,
831 3095 1092 3168 primum.

647 3188 752 3256 Qui
781 3187 1080 3267 eruditioni
1114 3186 1422 3257 litterisque
1465 3187 1718 3252 studetis,
1750 3200 1820 3240 ne
1849 3185 1972 3255 plus
1992 3196 2150 3254 aquo

579 3281 780 3336 litteris
808 3279 1022 3346 ﬁdatis;
1057 3294 1161 3336 nec
1178 3278 1449 3349 superﬂue
1474 3294 1747 3352 supraque
1777 3277 2007 3334 rationis
2035 3289 2150 3330 mo-

579 3372 712 3425 dum
738 3370 980 3442 argutari
1016 3370 1201 3435 velitis
1229 3387 1243 3424 :
1278 3385 1381 3426 nec
1418 3370 1622 3442 ubique
1655 3370 1904 3442 improbe
1932 3370 2152 3424 vincere

580 3464 834 3535 cupiatis.
881 3462 1098 3520 sedest
1131 3462 1352 3534 quando
1398 3464 1564 3520 etiam
1585 3463 1992 3520 honeste‘vinci
2032 3477 2153 3518 sus-

582 3557 824 3612 tineatis.

648 3671 914 3742 Princeps
960 3670 1256 3742 sapientia,
1299 3672 1412 3727 vita
1460 3670 1752 3728 laudabilis
1796 3678 1854 3727 et
1898 3670 2012 3726 Deo
2058 3685 2152 3726 ex-

579 3764 748 3834 piata.

651 3876 832 3931 Prima
861 3878 1128 3948 sapientia
1167 3885 1520 3934 contemnere
1550 3877 1899 3948 sapientiam,
1926 3891 2048 3946 qua:
2095 3875 2151 3930 in

580 3970 834 4022 sermone
876 3976 932 4022 et
960 3968 1257 4022 verborum
1300 3967 1560 4036 strophis,
1589 3981 1691 4021 nec
1715 3980 1824 4021 non
1853 3963 2055 4034 spuriis
2090 3977 2154 4018 ac

581 4057 874 4126 superﬂuis
899 4057 1210 4128 opponendi
1267 4073 1467 4128 genere
1513 4057 1849 4126 argumentis
1895 4056 1997 4111 sita
2046 4064 2149 4111 est.

579 4146 798 4202 Utinam
829 4161 962 4202 vero
991 4147 1128 4201 mihi
1156 4146 1318 4201 liceat
1344 4147 1586 4217 quinque
1614 4148 1780 4202 verba
1805 4147 1955 4218 loqui
1981 4147 2037 4201 in
2062 4162 2155 4202 ec-

582 4237 751 4291 clesia
770 4252 892 4291 cum
923 4237 1228 4302 intellectu,
1251 4252 1420 4307 quam
1458 4237 1647 4292 decem
1677 4239 1845 4294 millia
1878 4238 1933 4293 in
1969 4239 2153 4311 lingua

585 4329 627 4398 (Ι
651 4328 781 4384 Cor.
813 4346 924 4392 xuv,
969 4328 1078 4400 19).

2250 1920 2478 1992 πλησίον
2525 1917 2781 1988 γενέσθαι
2810 1917 2905 1971 τοῦ
2948 1915 3109 1980 Θεοῦ,
3147 1917 3183 1988 ἢ
3217 1915 3541 1986 πολυμαθεῖς
3569 1916 3650 1968 καὶ
3685 1916 3758 1982 ip-

2251 2013 2476 2083 πείρους
2503 2011 2795 2072 δοκοῦντας
2815 2003 2976 2074 εἶναι,
3001 2007 3364 2079 βλασφήμους
3396 2008 3472 2069 είς
3491 2006 3573 2060 τὸν
3597 2005 3755 2057 ἑαυτῶν

2249 2103 2598 2178 εὑρίσκεσθαι
2625 2100 2922 2170 Δεσπότην.

2321 2195 2430 2251 Τοῦ
2453 2193 2661 2250 αὐτοῦ.
2689 2224 2760 2234 —
2797 2193 3038 2247 Ἐοίκασι
3067 2193 3181 2255 τοῖς
3205 2191 3502 2262 ὀφθαλμοῖς
3529 2190 3615 2260 τῆς
3632 2186 3755 2257 γλαὺ·

2253 2307 2374 2360 κης,
2406 2290 2454 2342 oi
2487 2287 2616 2359 περὶ
2657 2285 2758 2356 τὴν
2799 2284 3039 2356 ματαίαν
3073 2285 3271 2353 σοφίαν
3291 2282 3648 2360 ὴσχοληκότες.
3675 2281 3756 2332 Καὶ

2252 2359 2361 2451 γὰρ
2392 2377 2607 2450 ἐκείνης
2639 2379 2693 2430 αἱ
2718 2375 2874 2441 ὄψεις
2911 2376 3107 2440 νυκτὸς
3137 2375 3241 2445 μὲν
3267 2359 3546 2447 ἔρρωνται·
3571 2371 3693 2443 ἠὶίου
3713 2371 3753 2423 δὲ

2252 2470 2586 2541 λάμψαντος,
2634 2467 3032 2539 ἀμαυροῦνται.
3082 2468 3195 2522 Kal.
3238 2467 3442 2521 τούτων
3489 2466 3521 2535 ἡ
3561 2465 3752 2522 διάνοια.

2252 2563 2486 2631 ὀξυτάτη
2521 2561 2621 2631 μὲν
2674 2559 2810 2630 πρὸς
2851 2557 2951 2629 τὴν
2992 2558 3095 2628 τῆς
3143 2557 3502 2628 ματαιότητος
3545 2553 3750 2623 θεωρίαν·

2252 2656 2392 2727 πρὸς
2427 2653 2484 2707 δὲ
2519 2652 2621 2725 τὴν
2659 2651 2755 2705 τοῦ
2801 2648 3058 2722 ἀληθινοῦ
3113 2650 3294 2719 φωτὸς
3336 2647 3650 2717 κατανόησιν,
3687 2643 3751 2706 ἐξ·

2253 2744 2618 2817 αμαυροῦται.

2323 2837 2642 2906 Θεολόγου.
2685 2865 2756 2876 -—
2783 2832 2952 2905 Οῐμαι
2997 2835 3056 2889 δὲ
3111 2836 3282 2888 πᾶσιν
3331 2833 3399 2888 ἂν
3440 2826 3748 2901 ὁμολογεῖσθαι

2251 2931 2362 2984 τῶν
2391 2927 2517 2984 νοῦν
2565 2927 2824 2998 ἐχόντων,
2871 2926 2970 2998 τὴν
3029 2926 3314 2982 παίδευσιν
3359 2924 3462 2979 τῶν
3499 2921 3610 2992 παρ’
3633 2916 3749 2989 ἡμῶν

2252 3019 2473 3091 ἀγαθῶν
2501 3013 2646 3073 εἶναι
2669 3018 2730 3073 τὸ
2761 3017 3000 3089 πρῶτον.

2321 3199 2384 3249 Οἱ
2414 3194 2542 3267 περὶ
2562 3193 2778 3262 λόγους,
2813 3195 2886 3265 μὴ
2937 3195 3143 3264 σφόδρα
3181 3195 3302 3258 τοῖς
3344 3193 3511 3261 λόγοις
3529 3188 3746 3261 θαρρεῖτε.

2257 3289 2393 3361 μηδὲ
2419 3286 2708 3357 σοφίζεσθε
2736 3287 2975 3358 περισσὰ
3001 3287 3096 3341 καὶ
3128 3287 3277 3358 ὑπὲρ
3299 3286 3470 3353 λόγον·
3496 3281 3613 3354 μηδέ
3630 3277 3749 3346 νικᾷ*

2252 3381 2572 3451 ἐπιθυμεῖτε
2601 3379 2778 3434 πάντα
2811 3379 3016 3444 κακῶς·
3049 3379 3164 3433 ἀλλ’
3195 3379 3346 3434 ἐστιν
3375 3378 3409 3434 ἀ
3431 3376 3516 3431 καὶ
3539 3369 3746 3445 ἡττᾶσθαι

2253 3471 2432 3536 καλῶς
2461 3468 2740 3541 ἀνέχεσθε.

2326 3673 2495 3745 Σοφία
2535 3673 2751 3745 πρώτη,
2791 3671 2904 3743 βίος
2951 3670 3235 3736 ἐπαινετὸς
3272 3672 3366 3728 καὶ
3386 3670 3495 3741 Θεῷ
3528 3662 3748 3732 item“?

2257 3767 2437 3839 μένος.

2324 3881 2494 3951 Σοφία
2525 3883 2718 3957 πρώτη
2753 3885 2943 3956 σοφίας
2977 3887 3278 3957 ὑπερορᾷν,
3307 3883 3400 3950 τῆς
3439 3879 3489 3932 ἒν
3515 3873 3636 3940 λόγῳ
3665 3881 3748 3957 κειῗ

2257 3973 2426 4045 μένης
2457 3952 2848 4049 Momm
2881 3952 3101 4044 λέξεων,
3135 3952 3229 4031 icit
3263 3977 3380 4037 ταῖς
3416 3964 3655 4057 κιϐδήλαις
3678 3952 3746 4057 {at

2255 4070 2540 4139 περιτταῖς
2584 4045 2945 4123 ἀντιθέσεσιν.
2991 4067 3148 4139 Ἐμοὶ
3182 4067 3241 4122 δὲ
3292 4066 3489 4135 γένοιτο
3530 4045 3745 4139 πέντελὸο

2253 4138 2387 4227 γοῦς
2415 4160 2474 4214 ὲν
2501 4160 2771 4233 ἐκκλησία
2805 4161 2990 4214 λαλεῖν
3027 4138 3167 4232 μετά
3209 4159 3490 4216 συνέσεως.
3519 4138 3744 4219 ῆμυῐιίθυς

2255 4250 2314 4303 ὲν
2347 4251 2590 4324 γλώσσῃ.

652 4443 838 4513 Neque
872 4444 1018 4500 enim
1049 4446 1143 4516 qui
1178 4446 1232 4500 in
1270 4445 1452 4505 verbis
1499 4445 1717 4515 sapiens
1759 4453 1864 4511 est,
1895 4445 1984 4501 ille
2015 4443 2149 4500 mihi

2327 4449 2402 4504 Οὐ
2451 4448 2558 4519 γὰρ
2587 4450 2616 4502 ὀ
2640 4451 2698 4503 ὲν
2743 4448 2926 4517 λόγοις
2955 4448 3139 4518 σοφὸς.
3173 4441 3333 4510 οῦτός
3375 4458 3458 4514 μοι
3497 4430 3648 4522 σοφὸς)
3667 4415 3745 4474 οὗθ’

581 4532 802 4599 sapiens
847 4541 961 4598 est;
1001 4549 1180 4603 neque
1223 4533 1384 4604 583
1427 4534 1517 4589 ille
1561 4534 1656 4605 qui
1703 4534 1886 4606 lingua
1927 4534 2150 4604 quidem

580 4621 844 4686 volubili,
901 4632 956 4678 at
1007 4624 1340 4680 inconstanti
1393 4627 1578 4680 animo
1626 4642 1690 4681 ac
1741 4627 2152 4696 indisciplinato

583 4712 848 4783 praeditus
873 4721 959 4768 est
986 4731 999 4768 :
1031 4714 1127 4770 sed
1163 4715 1208 4769 si
1237 4715 1360 4785 quis
1390 4731 1563 4786 pauca
1611 4716 1680 4770 de
1721 4715 1924 4771 virtute
1968 4716 2151 4786 loqui-

583 4817 691 4872 tur,
724 4805 896 4860 multa
925 4821 1057 4861 vero
1081 4807 1260 4876 reipsa
1291 4816 1532 4877 prastat,
1563 4816 1724 4879 atque
1757 4809 2020 4864 doctrinm
2039 4809 2150 4863 vita

582 4900 844 4970 factisque
880 4899 1043 4954 ﬁdem
1070 4900 1345 4956 conciliat.
1377 4901 1604 4957 Pratstat
1648 4917 1881 4972 namque
1909 4903 2151 4973 subjecta

582 4991 759 5046 oculis
807 4991 1193 5061 pulchritudo,
1227 5007 1391 5062 quam
1438 4992 1687 5047 oratione
1720 4992 2013 5063 verbisque
2059 4992 2153 5047 de-

584 5083 814 5151 scripta;
841 5099 903 5138 ac
933 5100 1056 5153 quae
1091 5086 1346 5140 manibus
1371 5092 1660 5139 teneantur
1691 5085 1915 5149 divitiae,
1944 5087 2152 5155 ejusce-

585 5175 731 5230 modi
753 5175 980 5242 divitiis,
998 5193 1120 5246 quae
1144 5178 1254 5232 sint
1282 5193 1431 5232 mera
1456 5177 1848 5232 insomniorum
1875 5178 2148 5248 ﬁgmenta.

586 5264 861 5334 Sapientia
888 5267 1145 5337 denique,
1179 5285 1289 5324 non
1319 5285 1440 5339 qua:
1471 5285 1721 5325 sermone
1764 5268 2016 5340 pompam
2059 5271 2153 5324 ha-

586 5355 734 5419 beat,
760 5356 852 5411 Sed
890 5373 1010 5426 qum
1037 5359 1296 5427 operibus
1324 5360 1395 5414 sit
1427 5361 1778 5430 comprobata
1806 5379 1820 5413 :
1852 5360 2153 5414 Intellectus

583 5447 753 5512 enim,
779 5449 978 5518 inquit,
1009 5449 1170 5502 bonus
1205 5451 1442 5504 omnibus
1484 5451 1791 5521 facientibus
1825 5469 1942 5505 eum
1987 5451 2150 5520 (Psal.

585 5553 672 5606 cx,
702 5540 812 5610 10),
842 5556 950 5595 non
980 5548 1163 5594 autem
1187 5541 1339 5596 vocis
1363 5542 1634 5611 praeconio
1657 5543 2081 5598 celebrantibus.

657 5652 1266 5716 Autenimexercenda
1312 5652 1660 5724 phil050phia
1695 5667 1797 5722 est,
1842 5657 2152 5713 authonori

589 5746 858 5813 habenda,
881 5747 925 5801 si
955 5762 1065 5801 non
1095 5760 1332 5816 prorsus
1366 5746 1433 5800 ab
1464 5748 1698 5804 honesto
1735 5750 1971 5805 velimus
1998 5767 2152 5806 exce‘

2259 4537 2406 4596 ὅστις
2439 4515 2691 4605 γλῶσσαν
2743 4515 2844 4609 μὲν
2866 4515 3167 4610 εὔστροφον
3197 4537 3335 4609 ἔχει,
3364 4527 3527 4604 ψυχὴν
3548 4521 3596 4574 δὲ
3619 4515 3738 4610 flow

2257 4646 2348 4683 τον
2379 4628 2475 4682 καὶ
2512 4605 2861 4684 ἀπαίδευτονο
2895 4605 3013 4683 an"
3035 4605 3184 4693 ὅστις
3228 4605 3385 4696 όλίγα
3414 4621 3504 4694 μὲν
3538 4605 3744 4679 mpm?"

2256 4719 2356 4788 τῆς
2393 4718 2709 4787 φθέγγεται,
2753 4720 2923 4772 πολλὰ
2951 4720 3007 4772 δὲ
3044 4715 3126 4782 οἷς
3165 4719 3376 4789 ἐνεργεῖ
3411 4701 3739 4789 παραδείκννᾳσι,

2261 4783 2355 4865 καὶ
2381 4783 2442 4864 τὸ
2472 4783 2784 4873 ἀξιόπιστον
2816 4811 2894 4881 τῷ
2925 4811 3071 4882 λόγῳ
3115 4811 3205 4866 διὰ
3246 4783 3339 4865 τοῦ
3373 4805 3480 4878 βίου
3517 4783 3729 4882 προσῗφη

2261 4919 2366 4955 σιν.
2410 4901 2694 4970 Κρείσσων
2726 4900 2834 4972 γὰρ
2855 4873 3130 4973 εὐμορφία
3160 4873 3515 4973 θεωρουμένη.
3537 4885 3618 4952 τῆς
3639 4873 3742 4938 λόγῳ

2261 4993 2745 5063 ζζωγρσιφουμένης⁹
2766 4993 2856 5045 καὶ
2879 4991 3106 5054 πλοῦτος
3122 4993 3180 5045 ὃν
3198 4993 3254 5045 αἱ
3275 4991 3447 5062 χεῖρες
3469 4975 3742 5063 “ﬁxo?”

2260 5086 2293 5156 ἢ
2351 5055 2568 5154 ovet-por
2603 5055 2920 5138 πλάττουσι.
2972 5085 3082 5136 Καὶ
3141 5055 3324 5153 σοφία,
3363 5055 3452 5145 οὐχ
3479 5075 3508 5141 ἡ
3534 5064 3599 5134 τῷ
3637 5055 3741 5156 λςίΥίὲ

2260 5147 2713 5248 λαμπρῦνομὲνη,
2758 5175 2936 5245 ἀλλ’ἢ
2979 5175 3068 5228 διὰ
3102 5147 3422 5244 τῶν-ἔργων
3455 5147 3740 5250 nemo???

2262 5243 2461 5324 Σδνεδ
2463 5288 2518 5336 ις
2551 5243 2659 5339 irai?
2680 5243 2900 5337 ’ἀγαθὴ
2926 5243 3094 5323 enim
3127 5266 3250 5333 τοῖς
3283 5243 3542 5320 ποιοῦσιν
3575 5243 3739 5302 miti?"

2261 5363 2447 5436 φησὶν,
2475 5362 2589 5416 ἀλλ’
2617 5362 2679 5414 οὐ
2705 5364 2818 5425 τοῖς
2849 5361 3230 5432 κηρύττουσιν.

2337 5649 2546 5722 ’Ἡγὰρ
2591 5649 3002 5720 φιλοσοφητέον,
3033 5647 3066 5717 ἧ
3094 5645 3343 5715 τιμητέον
3372 5604 3733 5722 φίλθῗθφῖανῖῗ.

2265 5765 2368 5819 περ
2408 5711 2496 5817 μη
2515 5711 2806 5818 μέλλοιμεν
2830 5711 3232 5804 παντελῶς
3252 5734 3340 5789 τοῦ
3366 5719 3511 5783 καλοῦ
3545 5711 3728 5766 πίπτειν.
