3964 6276
127 378 231 443 821

1468 389 1636 449 LOCI
1676 387 1995 451 COMMUN
2004 391 2113 452 ES.

3284 400 3390 464 822

130 488 267 558 μηδὲ
314 487 552 557 ἀλογίαν
598 489 1097 562 κατακριθήσεσθαι
1153 492 1359 561 λογικοὶ
1408 494 1713 563 γεγονότες,

1862 513 1975 562 ere,
2006 507 2063 552 et
2105 512 2229 551 cum
2280 499 2589 554 rationales
2638 498 2764 555 facti
2808 500 3004 567 simus,
3046 514 3103 559 et
3164 506 3395 564 rationis

142 581 217 633 εαὶ
245 580 343 633 διὰ
372 580 540 650 λόγου
572 581 707 652 πρὸς
735 582 893 650 λόγον
922 584 1263 649 σπεύδοντες.

188 863 517 937 Σοφώτεροι
546 865 656 937 γὰρ
684 867 794 922 τῶν
820 868 1031 922 πολλῶν
1052 870 1102 921 οἱ
1137 862 1713 941 κόσμουνχωρίσαντες

138 956 388 1023 λωτοὺς,
426 956 524 1009 καὶ
551 957 628 1028 τῷ
658 956 777 1029 Θεῷ
818 959 910 1012 τὸν
940 958 1052 1030 βίον
1076 958 1536 1031 καθιερώσαντες.

201 1136 384 1189 Οὐδὲν
442 1137 842 1210 ἀναλωτότερον
879 1136 1227 1207 φιλοσοφίας.
1258 1136 1413 1189 οὐδὲν
1454 1136 1719 1189 ἀλυπότε-

134 1244 241 1295 ρον.
308 1228 507 1282 Πάντα
564 1228 788 1283 ἐνδώσει
838 1230 1104 1303 πρότερον
1162 1231 1195 1301 ἢ
1254 1229 1563 1297 φιλόσοφος.
1614 1227 1719 1279 Δύο

145 1321 305 1374 ταῦτα
326 1321 710 1394 δυσκράτητα,
732 1322 864 1386 Θεὸς
894 1322 988 1376 καὶ
1020 1321 1271 1390 ἄγγελος,
1300 1320 1396 1373 καὶ
1426 1320 1486 1373 τὸ
1514 1319 1718 1390 τρίτον,

149 1413 460 1484 ;ι).οσοφία.
501 1414 688 1487 [Ἐστι
731 1414 842 1486 γὰρ
883 1412 1200 1485 φιλόσοφος]
1238 1412 1397 1475 ἄῦλος
1427 1412 1485 1465 tv
1514 1412 1636 1483 ὕλη.
1662 1413 1722 1465 tv

152 1506 353 1576 πώματι
386 1508 822 1580 ἀπερίγραπτος,
856 1508 951 1561 ἐπὶ
1011 1506 1113 1577 γῆς
1158 1505 1428 1577 ούράνιος,
1474 1506 1531 1557 tv
1564 1503 1725 1557 πάθε-

136 1616 216 1651 σιν
259 1599 513 1670 ἀπαθὴς,
562 1600 780 1653 πάντων
820 1597 1132 1669 ἡττώμενος
1172 1596 1311 1668 πλὴν
1355 1596 1721 1665 φρονήματος*

135 1691 301 1745 νικῶν
334 1690 424 1763 τῷ
472 1690 725 1745 νικᾶσθαι
752 1691 880 1753 τοὺς
908 1692 1135 1759 κρατεῖν
1165 1689 1508 1759 νομίζοντας.

1821 590 1975 643 cultu
2034 591 2103 645 ad
2135 592 2410 646 rationem
2456 608 2836 662 properemus,
2882 595 3177 652 brutorum
3233 601 3395 669 genio

1819 692 1985 753 atque
2036 683 2221 739 indole
2270 685 2533 740 absentiae
2593 686 2825 743 rationis
2857 688 3038 744 labem
3096 700 3395 763 notamque

1819 789 2124 829 Incurrere.

1892 866 2085 937 Majori
2110 866 2380 937 sapientia
2412 884 2578 939 quam
2614 885 2713 939 pro
2736 869 2886 939 vulgi
2919 870 3133 926 ratione
3156 872 3395 937 enitent,

1819 955 1915 1025 qui
1967 957 2167 1011 saaculo
2198 972 2319 1013 sese
2367 960 2762 1025 subducentes,
2823 960 2994 1016 vitam
3041 963 3153 1018 Deo
3199 978 3397 1018 conse-

1818 1058 2065 1103 crarunt.
2842 1108 2846 1112 .

1885 1140 2035 1194 Nihil
2093 1140 2577 1213 inexpugnabilius
2629 1146 3005 1217 philosophia,
3068 1146 3319 1218 nihilque
3370 1164 3401 1203 a

1823 1245 1964 1285 noxa
2021 1230 2257 1301 labeque
2309 1233 2637 1290 immunius.
2697 1236 2894 1293 Omnia
2951 1238 3110 1308 prius
3172 1239 3397 1294 cedent.

1826 1338 1990 1393 quam
2016 1323 2403 1394 philosophus.
2429 1326 2549 1381 Duo
2580 1337 2710 1382 sunt
2743 1328 2969 1394 invicta,
2994 1330 3140 1385 Deus
3154 1339 3211 1385 et
3239 1346 3404 1400 ange-

1825 1414 1950 1479 lus;
1981 1430 2196 1470 necnon
2239 1416 2487 1481 tertium,
2528 1417 2903 1489 philosophia.
2950 1419 3047 1475 Est
3082 1421 3231 1475 enim
3284 1421 3405 1491 phi-

1822 1503 2092 1574 losophus
2152 1506 2530 1562 immaterialis
2600 1508 2658 1563 in
2718 1510 2995 1575 materia,
3050 1512 3105 1565 in
3168 1526 3404 1581 corpore

1826 1597 2363 1669 incircumscriptus,
2394 1600 2639 1655 cmlestis
2670 1615 2795 1656 cum
2835 1602 2890 1656 in
2943 1610 3092 1656 terra
3126 1610 3403 1663 versetur,

1829 1691 1883 1745 in
1910 1690 2199 1747 affectibus
2225 1692 2363 1745 nihil
2392 1693 2474 1747 eis
2492 1693 2769 1749 obnoxius
2792 1711 2808 1759 ;
2846 1694 2939 1773 qui
2975 1704 3208 1751 cunctus
3230 1696 3404 1750 victo-

137 1780 212 1834 ria
235 1779 433 1843 cedat.
468 1787 834 1851 praeterquam
864 1778 1035 1833 animi
1072 1793 1237 1833 sensu
1272 1792 1338 1833 ac
1388 1774 1722 1848 prudentia:
1763 1779 1858 1849 qui
1912 1797 1979 1835 eo
2016 1780 2165 1851 quod
2213 1780 2479 1849 vincitur,
2539 1784 2635 1852 qui
2682 1800 2742 1839 se
2791 1787 3028 1842 victores
3065 1786 3402 1852 existiment,

137 1872 348 1929 vincat.

218 1964 368 2031 Ἐγὼ
417 1964 550 2035 μίαν
584 1963 779 2034 σοφίαν
812 1960 952 2025 οἶδα,
995 1963 1055 2016 τὸ
1088 1961 1369 2031 φοϐεῖσθαι
1400 1961 1553 2016 Θεόν.
1592 1960 1721 2028 Ἀρ-

1890 1958 2067 2015 Unam
2119 1974 2221 2030 ego
2260 1960 2586 2031 sapientiam
2623 1965 2771 2029 novi,
2812 1944 3108 2037 utnempe
3170 1968 3312 2025 Deus
3342 1971 3408 2025 ti-

142 2056 215 2127 χὴ
244 2073 302 2109 τε
340 2056 461 2124 γὰρ
488 2058 731 2125 σοφίας,
760 2058 949 2125 φόϐος
976 2055 1221 2123 Κυρίου.
1247 2054 1383 2118 Καὶ,
1420 2052 1599 2118 Τέλος
1618 2052 1724 2103 λό-

144 2165 249 2216 γου
288 2147 356 2199 τὸ
398 2145 527 2202 πᾶν
566 2146 771 2214 ἄκουε,
802 2146 908 2201 τὸν
933 2146 1082 2200 Θεὸν
1112 2144 1321 2215 φοϐοῦ,
1351 2142 1448 2197 καί
1476 2144 1581 2207 τὰς
1626 2140 1724 2194 ἐν-

146 2238 320 2304 τολὰς
347 2238 665 2307 φύλασσε.

213 2418 491 2488 Ποιήσατε
543 2413 892 2485 δικαιοσύνης
943 2411 1130 2477 ὅπλον,
1180 2410 1275 2465 καὶ
1334 2408 1412 2481 μὴ
1468 2407 1727 2475 θανάτου,

147 2512 239 2580 τὴν
276 2509 593 2563 παίδευσιν.
1382 2550 1391 2559 .

215 2602 522 2670 Χρυσόστ.
546 2626 619 2639 -—
641 2599 853 2667 Ὠσπερ
877 2597 980 2667 γῆν
1013 2596 1092 2667 μὴ
1123 2594 1458 2667 βρεχομένην
1483 2594 1584 2647 οὐκ
1613 2594 1729 2647 ἔστι

154 2694 249 2746 κᾶν
274 2693 450 2765 μυρία
470 2691 611 2762 λάδῃ
641 2693 933 2760 σπέρματα
958 2688 1201 2759 στάχυας
1229 2687 1559 2755 ἐξενεγκεῖνο
1586 2684 1732 2739 οὕτω

153 2786 322 2856 ψυχὴν
354 2786 465 2839 οὐκ
500 2782 652 2836 ἔστιν
690 2782 765 2853 μὴ
807 2783 927 2845 ταῖς
962 2780 1139 2843 θείαις
1170 2779 1413 2849 Γραφαῖς
1442 2776 1732 2847 φωτισθεῖ-

160 2892 269 2939 σαν,
300 2876 406 2928 κᾶν
435 2874 604 2946 μυρία
625 2890 711 2937 τις
741 2872 909 2944 ἐκχέῃ
937 2874 1179 2944 ῥήματα,
1209 2868 1425 2941 καρπόν
1452 2885 1579 2924 τινα
1604 2870 1727 2922 tm-

160 2968 453 3035 δείξασθαι.

226 3145 434 3216 Διΰύμ.
463 3172 535 3184 -
571 3142 956 3214 Ἑντυγχάνειν
994 3142 1076 3197 δεῖ
1101 3142 1223 3206 ταῖς
1250 3141 1426 3205 θείαις
1462 3141 1501 3194 Γ
1507 3141 1728 3211 ραφαῖς.

170 3238 363 3310 Ὠσπερ
392 3237 507 3309 γὰρ
548 3238 577 3291 ὁ
599 3234 741 3299 οῐνος
772 3237 1061 3307 πινόμενος
1090 3234 1365 3289 ἀναπαύει
1397 3233 1599 3304 λύπην,
1640 3231 1735 3287 καὶ

170 3304 489 3399 μεταδάλλει
530 3328 757 3401 καρδίαν
785 3330 865 3393 είς
903 3304 1267 3398 εὐφροσύνηνσ
1305 3326 1479 3389 οὕτως
1514 3327 1543 3379 ὁ
1576 3342 1736 3379 πνευ-
1761 3304 1805 3363 c

173 3422 386 3489 ματικδς
416 3418 559 3485 οἶνος
603 3421 683 3485 είς
712 3420 890 3493 χαρὰν
927 3418 1255 3490 μεταδάλλει
1285 3417 1384 3489 τὴν
1422 3417 1625 3488 ψυχήν.

230 3510 301 3563 Τὸ
330 3510 533 3565 ειδέναι
573 3509 698 3564 τινὰ
728 3512 812 3564 ὅτι
849 3510 1052 3578 ἀγνοεῖ,
1093 3509 1286 3578 σοφίας
1329 3508 1498 3561 ἐστίν·
1532 3507 1608 3572 ὡς
1642 3509 1737 3563 καὶ

173 3597 227 3651 rb
251 3599 448 3655 ειδέναι
484 3601 566 3654 ὅτι
594 3599 841 3670 ἠδίκησε,
871 3598 1241 3670 δικαιοσύνης.

237 3691 334 3748 Τδν
362 3691 667 3761 γνωστικὶν
694 3690 952 3745 οὐδέποτε
984 3690 1047 3745 τὸ
1072 3689 1322 3745 πλουτεῖν
1348 3687 1542 3759 γήθειν
1572 3688 1736 3751 ποιεῖ,

176 3781 285 3835 οὐδὲ
314 3784 383 3838 τὸ
403 3784 706 3855 χρημάτων
730 3785 958 3854 ἀπορεῖν
990 3784 1070 3846 είς
1105 3782 1434 3836 ταπείνωσιν
1466 3779 1612 3848 ἄγεν
1638 3778 1739 3849 τῆς

180 3872 363 3944 ἀρετῆς
410 3873 503 3926 καὶ
542 3873 734 3943 σοφίας
778 3872 939 3926 αὐτὸν
974 3869 1383 3943 ύπερυψούσης,
1426 3867 1523 3922 καὶ
1557 3867 1733 3937 ὑπερ-

182 3963 278 4017 άνω
304 3965 488 4020 αὐτῶν
516 3964 769 4020 ἵστασθαι
794 3962 1345 4035 παρασκευαζούσης.

241 4059 526 4126 Φίλωνος.
552 4085 623 4099 --
658 4057 899 4126 Ἀνάγκη
945 4056 1174 4127 ἀπειρίᾳ.
1220 4055 1315 4109 καὶ
1365 4054 1533 4124 κακίᾳ
1590 4050 1739 4123 ὴνιό·

183 4164 285 4217 χον.
311 4149 380 4204 τά
415 4149 799 4221 ὑποζευγμὲνα
847 4150 989 4203 κατά
1038 4147 1302 4220 κρημνῶν
1347 4143 1613 4217 φέρεσθαι
1649 4142 1744 4197 καὶ

188 4239 482 4314 βαράθρων
522 4241 713 4313 ὥσπερ
742 4238 1005 4313 ἐμπειρίᾳ
1035 4239 1130 4294 καὶ
1158 4240 1328 4310 ἀρετῇ
1357 4234 1741 4299 διασώζεσθαι.

259 4332 563 4406 Ἀμήχανον
598 4334 667 4388 τά
704 4333 918 4406 μεγάλα
963 4331 1071 4403 πρὸ
1112 4331 1221 4386 τῶν
1277 4329 1492 4401 μικρῶν
1527 4323 1746 4381 παιδευο

189 4421 349 4494 θῆναι.

246 4516 539 4588 (armare.
562 4546 633 4558 —
665 4515 899 4571 Ἔπεται
924 4516 992 4587 τῇ
1018 4512 1220 4583 γνώσει
1250 4511 1321 4566 τά
1372 4510 1532 4582 ἔργα,
1565 4508 1641 4573 ώς
1669 4506 1748 4578 τῷ

192 4605 389 4677 σώματι
424 4610 460 4680 ἡ
490 4598 639 4665 σκιά.

1801 2055 2062 2105 'meatur.
2129 2052 2351 2107 Initium
2412 2054 2559 2108 enim
2636 2058 2911 2126 sapientia:
2982 2060 3140 2114 timor
3198 2060 3408 2117 Domini

1827 2141 1991 2211 (Psal.
2025 2158 2112 2207 cx,
2149 2143 2249 2210 10;
2300 2144 2470 2199 Eccli.
2521 2163 2557 2211 ι,
2623 2145 2731 2218 16).
2783 2148 3106 2205 EtzFinem
3163 2152 3409 2224 loquendi

1826 2248 2032 2287 omnem
2071 2234 2242 2301 audi;
2279 2235 2446 2291 Deum
2474 2240 2617 2303 time,
2681 2247 2731 2293 et
2780 2256 2931 2295 serva
2962 2244 3219 2299 mandata
3281 2246 3409 2316 (Ec-

1830 2324 1934 2379 cle.
1967 2342 2061 2391 xu,
2096 2327 2207 2397 15).

1898 2417 2064 2474 Arma
2093 2420 2345 2492 justitize,
2381 2438 2490 2478 non
2533 2424 2749 2491 mortis,
2784 2426 3193 2497 correptionem
3224 2427 3409 2483 facite.
3440 2444 3448 2451 ·

1903 2596 2173 2669 Chrysost.
2203 2631 2273 2639 —
2302 2598 2778 2667 Quemadmodum
2809 2612 2955 2657 terra
2981 2602 3093 2658 nisi
3117 2603 3293 2659 imbre
3328 2604 3416 2659 in-

1831 2686 1951 2741 fusa
1973 2703 2036 2741 ac
2060 2688 2308 2759 irrigata.
2334 2692 2552 2745 tametsi
2577 2692 2815 2758 infinita,
2842 2694 3148 2765 susceperit
3178 2694 3413 2762 semina,

1832 2776 2011 2845 spicas
2065 2777 2319 2846 proferre
2379 2796 2491 2834 non
2533 2789 2717 2851 potest
2765 2800 2779 2837 :
2839 2782 2922 2839 sic
2960 2800 3139 2855 neque
3163 2786 3418 2864 .animus

1832 2864 2037 2920 divinis
2061 2866 2365 2938 Scripturis
2388 2886 2497 2924 non
2520 2871 2885 2937 illuminatus,
2905 2873 3148 2929 fructum
3173 2892 3417 2947 unquam

1833 2956 2150 3026 protulerit,
2175 2956 2393 3012 etiamsi
2429 2958 2555 3028 quis
2589 2959 2760 3015 verba
2793 2960 3084 3016 innumera
3114 2961 3258 3031 apud
3288 2978 3417 3017 eum

1833 3046 2103 3103 effundat.

1905 3138 2139 3212 Didymi.
2168 3173 2239 3182 —
2268 3142 2537 3214 Legenda:
2576 3152 2705 3199 sunt
2745 3143 2947 3200 divinm
2972 3144 3294 3215 Scripturaz.
3327 3144 3419 3201 Uti

1835 3230 1985 3285 enim
2011 3231 2127 3285 vini
2167 3242 2331 3303 potus
2359 3234 2608 3289 dolorem
2637 3235 2826 3301 sedat;
2870 3245 2926 3290 et
2960 3249 3057 3290 cor
3081 3251 3149 3290 ex
3194 3235 3420 3291 tristitia

1838 3322 1896 3377 in
1925 3322 2167 3379 laetitiam
2206 3325 2504 3393 transfert;
2558 3328 2639 3382 sic
2684 3327 2933 3399 spiritale
2966 3327 3158 3382 vinum
3214 3326 3421 3399 gaudio

1836 3414 2122 3485 perfundit
2156 3417 2425 3471 animum.

1906 3505 2064 3572 Quod
2097 3508 2221 3577 quis
2250 3509 2391 3563 sciat
2429 3524 2487 3563 se
2516 3509 2754 3573 nescire,
2793 3511 3081 3582 sapientiae
3120 3520 3241 3579 est;
3274 3519 3335 3567 ut
3363 3518 3424 3567 et

1838 3598 1985 3668 quod
2011 3598 2151 3653 sciat
2187 3614 2245 3654 se
2285 3600 2541 3671 injuriam
2580 3599 2795 3666 fecisse,
2820 3602 3072 3673 justitize.

1908 3689 2183 3760 Sapientis
2207 3691 2455 3745 animum
2480 3706 2584 3747 nec
2616 3691 2825 3747 divitiae
2859 3693 3060 3764 gaudio
3091 3693 3258 3766 584
3284 3693 3422 3749 efl'e~

1841 3790 1991 3846 runt,
2029 3797 2133 3837 nec
2170 3782 2354 3852 inopia
2389 3798 2452 3837 ac
2479 3784 2840 3851 pecuniarutn
2886 3791 3103 3854 egestas
3126 3784 3180 3837 in
3214 3784 3425 3839 humile

1840 3875 2121 3945 deprimit,
2156 3891 2321 3945 quem
2377 3876 2588 3931 scilicet
2617 3876 2797 3931 virtus
2837 3892 2902 3931 ac
2948 3877 3218 3947 sapientia
3260 3876 3425 3931 altius

1841 3966 2113 4030 attollant,
2149 3967 2368 4037 illisque
2400 3967 2745 4036 superiorem
2782 3966 3140 4021 constituant.

1914 4057 2175 4112 Philonis.
2221 4089 2288 4101 —
2330 4058 2569 4113 Necesse
2618 4066 2705 4113 est
2770 4058 2979 4129 auriga:
3032 4057 3307 4129 imperitia
3370 4068 3429 4113 et

1844 4149 2076 4213 malitia,
2107 4137 2361 4221 iumenta
2387 4164 2487 4220 per
2520 4164 2769 4220 praeceps
2800 4150 2885 4221 agi
2926 4157 3092 4219 atque
3126 4148 3424 4214 barathra;

1844 4238 2199 4311 vicissimque
2226 4240 2375 4295 illius
2398 4239 2597 4310 peritia
2630 4248 2685 4295 et
2710 4240 2915 4296 virtute
2950 4240 3066 4295 fore
3106 4240 3423 4295 incolumia.

1917 4331 2062 4386 Fieri
2088 4347 2197 4386 non
2231 4339 2415 4402 potest
2448 4337 2509 4385 ut
2541 4331 2767 4403 majora,
2810 4340 2940 4386 ante
2963 4346 3028 4386 ea
3060 4346 3184 4407 qua:
3208 4331 3427 4385 minora

1847 4431 1997 4488 sunt,
2026 4423 2299 4479 docearis.

1918 4514 2221 4570 Clementis.
2248 4546 2320 4559 —
2348 4515 2529 4586 Opera
2569 4514 2859 4572 scientiam
2909 4521 3239 4584 sequuntur,
3281 4512 3428 4568 haud

1850 4623 2011 4664 secus
2044 4623 2109 4663 ac
2144 4608 2362 4679 corpori
2392 4623 2580 4664 comes
2606 4616 2691 4663 est
2720 4606 2935 4661 umbra.

249 4678 657 4772 Πλουτάρχου.
685 4732 758 4743 -
790 4701 1016 4773 Ὀνείρῳ
1058 4699 1236 4754 ῐοικεν
1267 4696 1297 4751 δ
1333 4694 1445 4751 τῶν
1484 4690 1737 4749 ἀπαιδεύ-

1918 4699 2211 4753 Plutarchi.
2240 4730 2310 4739 ——
2336 4700 2397 4753 In
2422 4699 2639 4765 somnio
2682 4698 2879 4753 similis
2916 4705 3002 4753 est
3050 4695 3274 4761 rudium
3318 4694 3430 4749 vita

194 4804 285 4845 των
309 4792 447 4863 βίος,
475 4792 640 4857 κενὰς
665 4791 811 4865 ἔχων
845 4792 1180 4863 φαντασίας.

258 4972 391 5027 Οὔτε
421 4973 482 5028 tv
522 4971 701 5045 ἰχθύσι
745 4971 953 5043 φωνὴν,
993 4968 1118 5024 οὔτε
1146 4970 1206 5025 tv
1242 4964 1591 5029 ἀπαιδεύτοις
1622 4964 1752 5035 ἀρε-

200 5063 284 5133 τὴν
307 5066 390 5119 δεῖ
430 5065 634 5136 ζητεῖν.

261 5181 393 5236 Οὔτε
432 5182 578 5254 ὕδωρ
624 5180 867 5253 θολερὸν,
908 5178 1033 5233 οὔτε
1080 5176 1405 5232 ἀπαίδευτον
1442 5172 1623 5245 ψυχὴν
1650 5173 1751 5227 ’τα-

205 5271 351 5338 ρὰσσε
359 5292 407 5327 ιν
438 5274 539 5328 δεῖ.

262 5386 587 5457 Δυσάρεστοι
637 5385 791 5448 ὄντες
845 5384 893 5437 ot
929 5380 1267 5446 ἀπαίδευτοι,
1302 5378 1554 5448 καθάπερ
1593 5376 1653 5441 ἐξ
1683 5376 1760 5429 οἰ-

208 5475 345 5544 κιῶν,
373 5478 484 5531 τῶν
512 5476 885 5550 προαιρέσεων
928 5473 1051 5529 καθ’
1078 5472 1290 5544 ἡμέραν
1333 5467 1757 5543 μετοικίζονται.

268 5591 326 5643 Οἱ
357 5592 454 5662 μὲν
480 5591 644 5659 ξένοι,
679 5592 738 5644 tv
778 5591 902 5653 ταῖς
946 5586 1107 5653 ὁδοῖς,
1146 5587 1196 5638 οἱ
1244 5586 1302 5640 δὲ
1340 5585 1673 5651 ἀπαίδευτοι,
1706 5586 1762 5638 ὲν

214 5682 306 5745 τοῖς
332 5683 619 5755 πράγμασι
639 5682 1059 5738 διαπλανῶνται.

283 5800 613 5865 Πλάτωνος.
642 5826 709 5840 -
755 5798 911 5854 Πᾶσα
963 5795 1243 5867 ἐπιστήμη
1287 5794 1633 5866 χωριζομένη
1694 5794 1769 5848 δι-

1852 4802 1918 4842 ac
1950 4787 2324 4855 indoctorum,
2374 4790 2569 4843 inanes
2612 4785 2798 4858 specie
2837 4785 3094 4841 ludentes
3146 4783 3432 4855 cogitatio-

1852 4895 1953 4935 nes
1974 4879 2209 4936 habens.

1923 4971 2112 5042 Neque
2153 4972 2208 5027 in
2243 4972 2491 5042 piscibus
2518 4988 2646 5038 vox,
2671 4988 2851 5044 neque
2888 4971 2945 5025 in
2974 4965 3213 5023 indoctis
3243 4981 3307 5021 ac
3345 4964 3433 5019 in-

1855 5062 2219 5135 disciplinatis
2240 5064 2420 5119 virtus
2448 5063 2744 5135 quaerenda
2774 5070 2879 5118 est.

1928 5178 2041 5233 Nec
2068 5193 2267 5248 aquam
2297 5177 2595 5240 turbidam,
2634 5190 2736 5230 nec
2780 5173 3062 5228 indoctum
3093 5170 3336 5227 animum
3373 5187 3437 5227 ac

1860 5266 2353 5337 indisciplinatum,
2395 5278 2744 5320 commovere
2774 5278 2874 5334 par
2910 5270 3015 5319 est.

1928 5379 2162 5446 lndocn,
2191 5395 2317 5434 cum
2347 5379 2553 5432 morosi
2603 5377 2736 5441 sint,
2773 5378 2929 5447 quasi
2974 5390 3043 5431 ex
3098 5374 3333 5439 aedibus,
3370 5391 3439 5431 ex

1858 5474 1975 5529 suis
1995 5472 2246 5543 quotidie
2274 5470 2548 5527 institutis
2576 5470 2836 5542 migrant.

1932 5584 2216 5655 Peregrini
2240 5582 2487 5655 quidem,
2522 5584 2576 5639 in
2608 5584 2747 5652 viis;
2774 5582 2984 5639 indocti
3006 5598 3161 5646 vero,
3187 5581 3242 5634 in
3269 5591 3440 5647 nego-

1866 5677 1957 5731 tiis
1984 5683 2190 5731 errant.

1938 5791 2130 5848 Omnis
2170 5788 2422 5856 scientia,
2476 5789 2706 5863 iustitia:
2762 5787 3113 5858 reliquisque,
3145 5778 3445 5839 virtutibus
