3964 6276
540 330 644 394 823

1731 324 1792 386 S.
1834 321 2120 387 ΜΑΧΙΜΙ

2227 321 2298 382 )N
2308 325 2667 388 FESSORIS
3677 333 3758 398 εει

542 447 767 501 minime
795 444 1110 515 conjuncta,
1160 441 1424 506 versutia,
1461 440 1610 497 haud
1651 455 1783 496 vero
1826 438 2116 510 sapientia,

2227 441 2517 511 καιοσύνης
2567 453 2660 497 καὶ
2708 446 2800 516 τῆς
2847 446 3012 517 ἄλλης
3047 447 3280 518 ἀρετῆς,
3333 445 3640 517 πανουργία,
3666 450 3758 503 ἀλλ’

540 547 788 592 ann‘aret.

540 558 549 568 '
682 555 708 592 r
747 549 788 591 t.

539 549 878 685 apros-alis.
908 659 974 667 —
1000 627 1090 684 Uti
1118 642 1299 697 apem,
1336 625 1678 697 quibuslibet
1720 623 1950 700 ﬂoribus
1989 622 2124 677 insi-

541 723 787 788 dentem,
828 738 894 776 ex
923 721 1156 792 singulis
1178 719 1324 790 quod
1357 720 1429 775 sit
1459 719 1614 784 utile,
1648 718 1905 773 videmus
1931 717 2124 772 decer-

540 831 712 886 pere;
771 816 853 870 sic
900 823 956 869 et
1019 813 1336 884 disciplinae
1388 811 1621 883 cupidos
1675 811 1857 875 decet,
1915 808 2122 864 nullius

542 917 822 979 expertes,
858 922 923 962 ea
951 921 1074 979 quae
1112 904 1447 969 conducant,
1481 902 1725 972 undique
1756 903 1964 972 legere.

614 1083 946 1154 Diligentius
965 1082 1262 1146 verborum
1286 1087 1452 1150 atque
1488 1077 1777 1145 doctrinae,
1813 1091 1978 1146 quam
2026 1090 2124 1145 pe-

547 1176 837 1231 cuniarum
867 1174 1118 1244 deposita
1143 1167 1390 1228 servato.

616 1267 834 1322 Aristot.
861 1298 930 1306 —
960 1251 1274 1332 Bcatitudo,
1330 1279 1441 1319 non
1483 1263 1542 1318 in
1585 1263 1884 1317 multarum
1935 1274 2118 1314 rerum

547 1375 712 1415 censu
741 1358 992 1430 ponenda
1021 1366 1126 1424 est,
1157 1357 1252 1413 sed
1294 1357 1350 1412 in
1396 1357 1580 1411 animo
1633 1356 1774 1410 bene
1797 1353 2121 1416 constituto.

545 1451 736 1522 Neque
766 1453 914 1506 enim
939 1453 1230 1522 quisquam
1263 1466 1466 1523 corpus
1504 1449 1728 1504 beatum
1757 1447 1929 1511 dicat,
1971 1444 2121 1516 quod

548 1545 852 1614 splendidis
875 1545 1125 1600 vestibus
1156 1527 1450 1608 colluceat,
1490 1541 1586 1596 sed
1633 1539 1780 1611 quod
1815 1554 2007 1594 sanum
2050 1537 2122 1592 sit

547 1658 613 1696 ac
643 1640 953 1703 robustum,
1002 1637 1220 1693 etiamsi
1271 1652 1460 1692 eorum
1517 1649 1640 1705 qua:
1683 1633 1829 1687 dicta
1879 1640 2030 1696 sunt,
2069 1629 2120 1684 ci

549 1733 686 1787 nihil
715 1737 994 1803 suppetat.
1029 1729 1234 1785 Eodem
1289 1729 1456 1802 modo
1497 1736 1556 1782 et
1600 1725 1822 1780 animus
1847 1724 1892 1778 si
1950 1721 2123 1778 fuerit

547 1825 825 1888 eruditus,
885 1823 981 1893 qui
1040 1821 1314 1893 ejusmodi
1369 1820 1572 1883 fuerit,
1619 1819 1850 1889 ejusque
1902 1813 2123 1886 generis

548 1917 739 1982 homo,
772 1917 971 1972 beatus
997 1913 1266 1970 dicendus
1291 1923 1407 1979 est;
1449 1929 1557 1968 non
1595 1911 1641 1966 si
1678 1910 1847 1978 rebus
1879 1906 2122 1963 externis

550 2006 895 2078 splendidius
921 2014 1172 2070 ornatus,
1205 2004 1322 2074 ipse
1361 2005 1528 2058 homo
1555 2002 1715 2058 nihili
1761 2002 1950 2062 fuerit.
1985 2001 2123 2054 Nam

548 2118 652 2158 nec
670 2118 897 2172 equum.
929 2101 972 2156 si
999 2106 1326 2156 ornamenta
1355 2112 1522 2152 aurea
1554 2096 1757 2150 habeat
1792 2104 1849 2151 et
1879 2093 2124 2164 pretiosa

549 2192 732 2260 magni
757 2190 1118 2255 azstimamus,
1140 2202 1267 2242 cum
1287 2187 1515 2256 ignavus
1544 2183 1647 2239 sit:
1682 2183 1777 2238 sed
1800 2182 1895 2254 qui
1918 2180 2124 2254 optime

476 2332 484 2340 .
550 2295 785 2349 corpore
805 2279 1140 2334 constitutus
1165 2286 1252 2331 est
1274 2291 1337 2330 ac
1359 2289 1681 2346 generosus,
1711 2274 1860 2328 hunc
1887 2272 2124 2327 maxime

550 2372 776 2427 laudare
841 2372 1103 2426 solemus.
1169 2367 1643 2435 Quemadmodum
1696 2349 1844 2422 enim
1904 2367 1948 2422 si
2000 2367 2128 2438 quis

552 2463 722 2517 herus
747 2461 936 2516 vernis
966 2460 1087 2516 suis
1125 2459 1372 2514 deterior
1404 2459 1495 2524 sit,
1530 2459 1875 2515 deridiculus
1923 2457 2127 2512 habea-

551 2565 644 2610 tur
669 2573 682 2609 :
719 2557 800 2611 sic
825 2554 988 2626 585
1011 2568 1108 2609 eos
1130 2553 1362 2608 miseros
1385 2553 1721 2624 judicamus,
1751 2551 1954 2622 quibus
1989 2565 2124 2605 con-

553 2633 716 2721 tingit
764 2659 824 2704 ut
858 2664 997 2719 quas
1027 2648 1313 2718 possident
1359 2662 1518 2717 opes,
1550 2646 1682 2720 ipso
1711 2659 1904 2700 eorum
1942 2641 2124 2713 genio,

551 2743 748 2816 majori
777 2743 834 2797 in
871 2742 1056 2814 pretio
1081 2740 1351 2796 habenda:
1389 2741 1522 2795 sint.

620 2923 889 2979 Demosth.
923 2952 993 2961 —
1020 2919 1420 2976 Demosthenes
1473 2915 1659 2990 aiebat
1687 2914 1953 2970 doctrina:
1976 2912 2128 2968 radi-

550 3030 668 3071 cem
691 3029 930 3071 amaram
964 3028 1085 3068 esse
1104 3053 1122 3077 ,
1146 3012 1358 3066 fructus
1381 3017 1566 3064 autem
1598 3008 1814 3062 dulces.

2221 534 2282 588 οὐ
2325 537 2486 604 σοφία
2520 537 2790 606 φαίνεται.

2306 627 2602 697 Ἰσοκράτ.
2630 660 2701 671 --
2726 630 2938 702 Ὥσπερ
2993 630 3090 703 τὴν
3146 629 3418 701 μέλιτταν
3447 629 3662 702 ὁρῶμεν,
3692 633 3758 700 ἐφ’

2222 721 2439 775 ἅπαντα
2475 721 2574 791 μὲν
2606 721 2675 774 τὰ
2710 721 3072 792 βλαστήματα
3094 720 3524 786 καθιζάνουσαν,
3557 723 3758 789 ἀφ’ὲκά-

2224 830 2350 867 στου
2377 813 2522 867 δὲτὰ
2548 815 2794 886 χρήσιμα
2812 813 3204 885 λαμϐάνουσαν
3223 831 3239 847 ο
3274 813 3426 868 οὕτω
3451 813 3528 866 δεῖ
3554 813 3638 867 καὶ
3661 815 3761 879 τοὺς

2221 906 2468 971 παιδείας
2508 907 2889 978 ὀρεγομένους,
2939 906 3168 978 μηδενὸς
3225 907 3332 977 μὲν
3373 906 3606 978 ἀπείρως
3626 905 3764 976 ἔχειν,

2223 999 2562 1069 πανταχόθεν
2584 999 2643 1052 δὲ
2669 999 2738 1052 τὰ
2778 1000 3027 1070 χρήσιμα
3070 998 3383 1066 συλλέγειν.

2293 1093 2512 1146 Μᾶλλον
2553 1093 2711 1162 τήρει
2733 1092 2834 1158 τὰς
2863 1091 2975 1144 τῶν
3005 1089 3209 1160 λόγων,
3245 1090 3281 1161 ἦ
3316 1090 3420 1154 τὰς
3453 1088 3556 1143 τῶν
3583 1091 3762 1161 χρημά·

2220 1203 2329 1240 των
2358 1190 2854 1259 παρακαταθήκας.

2311 1280 2606 1346 Ἀριστοτ.
2633 1309 2704 1319 —
2735 1280 3068 1352 Νομίζομενζ
3098 1280 3155 1334 δὲ
3204 1279 3311 1350 τὴν
3335 1276 3663 1347 εὐδαιμονίαν
3685 1275 3764 1328 οὐκ

2222 1372 2280 1424 ἐν
2324 1371 2401 1442 τῷ
2433 1371 2606 1426 πολλὰ
2639 1372 2938 1440 κεκτῆσθαι
2977 1371 3256 1442 γίνεσθαι·
3307 1369 3510 1440 μᾶλλον
3532 1367 3604 1432 δὲ,
3631 1369 3682 1420 ὲν
3703 1366 3763 1436 τῷ

2221 1466 2287 1534 τῇ
2332 1463 2477 1535 ψυχῇ
2529 1463 2590 1518 εὖ
2639 1464 2966 1520 διακεῖσθαι.
2997 1465 3111 1519 Καὶ
3155 1463 3274 1536 γὰρ
3336 1463 3401 1516 τὸ
3451 1462 3602 1532 σῶμα
3642 1460 3693 1512 οὐ
3713 1459 3762 1510 τὸ

2222 1555 2451 1628 λαμπρᾷ
2494 1556 2682 1626 ἐσθῆτι
2735 1556 3173 1626 κεκοσμημένον,
3241 1553 3381 1624 φαίη
3432 1569 3514 1614 τις
3559 1551 3620 1604 ἂν
3651 1545 3761 1602 εἶναι

2228 1648 2521 1720 μακάριον,
2566 1649 2702 1703 ἀλλὰ
2740 1649 2802 1702 τὸ
2841 1647 2938 1718 τὴν
2973 1648 3162 1716 ὑγείαν
3207 1646 3338 1716 ἔχον
3380 1644 3476 1699 καλ⁵
3504 1640 3759 1700 σπουδαίως

2225 1740 2592 1810 διακείμενον,
2650 1740 2756 1795 κᾶν
2816 1741 2980 1811 μηδὲν
3022 1740 3146 1793 τῶν.
3174 1733 3606 1808 παρακειμένων
3644 1731 3764 1800 αὖτῷ

2227 1835 2397 1904 παρῇ.
2433 1835 2538 1887 Τὸν
2593 1833 2756 1888 αὑτὸν
2804 1833 2868 1902 δὴ
2901 1833 3104 1904 τρόπον
3144 1831 3246 1884 καὶ
3283 1827 3484 1899 ψυχὴν,
3517 1825 3603 1878 ἐὰν

2226 1926 2587 2000 παιδευμένη,
2623 1927 2722 1996 τὴν
2763 1927 3022 1995 τοιαύτην
3057 1924 3152 1976 καὶ
3195 1921 3293 1977 τὸν
3318 1920 3595 1988 ἄνθρωπον
3621 1913 3759 1966 εὐδαί-

2229 2035 2365 2088 μονα
2395 2019 2866 2089 προσαγορευτέον
2895 2018 3044 2070 ἐστίν
3060 2033 3075 2047 ο
3109 2015 3214 2068 οὐκ
3243 2014 3312 2072 ἄν
3328 2028 3414 2074 τις
3433 2001 3625 2080 ἔκτδςῇ
3649 2006 3754 2072 hi“

2226 2108 2381 2179 πρῶς
2414 2109 2850 2180 κεκοσμημένος,
2908 2107 3069 2170 αὐτὸς
3103 2105 3164 2158 δὲ
3210 2101 3445 2175 μηδενὸς
3473 2097 3626 2162 ἄξιος.
3652 2094 3757 2146 Οὔτε

2229 2199 2338 2269 γὰρ
2371 2199 2538 2253 ἵππον
2561 2199 2657 2253 ἐὰν
2691 2199 2887 2270 ψέλλια
2912 2200 3090 2270 χρυσᾶ
3111 2196 3209 2251 καὶ
3236 2192 3414 2262 σκεύη
3442 2190 3550 2262 ἔχει
3577 2187 3755 2240 πολυτε-

2227 2289 2315 2359 λῆν
2345 2289 2547 2359 φαῦλος
2594 2290 2692 2355 ὢν,
2721 2291 2812 2344 τὸν
2841 2290 3086 2343 τοιοῦτον
3132 2286 3291 2352 ἄξιόν
3341 2299 3486 2344 τινος
3512 2278 3756 2349 νομίζομεν

2227 2375 2534 2434 εἴναι-’ἀλλ’
2569 2378 2641 2443 ὃς.
2669 2378 2734 2432 ἂν
2765 2377 3110 2448 διακείμενος
3249 2372 3570 2434 σπουδαίως,
3603 2366 3754 2420 τοῦτον

2229 2468 2431 2541 μᾶλλον
2464 2468 2828 2540 ἐπαινοῦμεν.
2850 2470 3064 2540 ’Ὠσπερ
3097 2467 3211 2538 γὰρ
3239 2467 3295 2519 ei
3327 2482 3414 2528 τις
3448 2462 3551 2516 τῶν
3572 2455 3754 2512 οἰκετῶν

2228 2560 2393 2614 αὐτοῦ
2454 2561 2653 2631 χείρων
2713 2562 2824 2630 εἴη,
2879 2559 3290 2628 καταγέλαστος
3355 2556 3422 2611 ἂν
3454 2554 3656 2621 γένοιτο·
3684 2547 3752 2601 τὸν

2228 2653 2391 2707 αὐτὸν
2419 2653 2642 2725 τρόπον,
2675 2648 2756 2718 οἷς
2787 2645 3036 2717 πλείονος
3079 2653 3242 2718 ἀξίαν
3283 2650 3384 2722 τὴν
3427 2648 3604 2717 κτῆσιν
3645 2637 3750 2695 εἶναι

2231 2747 2581 2820 συμϐέϐηκεν
2609 2749 2706 2819 τῆς
2736 2749 2872 2813 ίδίας
2891 2748 3130 2818 φύσεως,
3169 2745 3396 2808 ἀθλίους
3419 2741 3622 2802 τούτους
3645 2731 3750 2789 εἶναι

2228 2841 2322 2894 δεῖ.
2339 2840 2612 2911 νομίζειν.

2299 2937 2558 3004 Δημοσθ.
2595 2964 2665 2974 -
2691 2926 2880 2999 Οὗτος,
2939 2935 3037 3004 τὴν
3077 2933 3176 3004 μὲν
3239 2931 3397 3003 ῥίζαν
3429 2926 3523 2996 τῆς
3549 2917 3748 2978 παιδείας

2229 3026 2332 3097 ἔφη
2365 3024 2507 3080 εἶναι
2534 3027 2736 3098 πικράν
2766 3043 2780 3056 ·
2807 3027 2936 3089 τοὺς
2969 3025 3025 3079 δὲ
3046 3024 3322 3095 καρποὺς,
3343 3020 3569 3090 γλυκεῖς.

623 3109 908 3188 De_mocrit.
945 3137 1016 3148 ——
1047 3106 1376 3176 Disciplina,
1421 3103 1490 3158 iis
1540 3102 1767 3172 quidem
1815 3098 1915 3170 qui
1958 3097 2127 3154 rebus

2302 3097 2722 3188 Δημοκρίτζ-
2779 3119 2842 3172 Ἥ
2883 3117 3123 3183 παιδεία,
3187 3111 3490 3185 εὐτυχοῦσα
3539 3105 3628 3177 μὲν
3657 3103 3746 3155 ἐστι

552 3201 814 3281 secundis
848 3209 1098 3273 utantur,
1145 3206 1530 3253 ornamentum
1561 3204 1689 3259 est;
1739 3193 1809 3248 iis
1855 3207 1987 3248 vero
2031 3190 2126 3260 qui

2228 3212 2454 3283 κόσμος,
2481 3213 2756 3283 ἀτυχοῦσα
2783 3212 2859 3276 δὲ,
2887 3209 3255 3282 καταφύγιον.

550 3293 816 3355 adversis,
846 3290 1143 3369 refugium.

620 3383 891 3438 Civitates
928 3379 1188 3452 appensis
1227 3378 1510 3444 donariis;
1563 3377 1776 3432 animos
1817 3375 2163 3445 disciplinis‘

549 3475 830 3532 ornandus
861 3489 1005 3542 esse.

620 3555 886 3623 socrates.
918 3553 1242 3622 4—Divitem
1267 3566 1559 3638 quemdam
1591 3565 1876 3620 indoctum
1907 3563 2128 3631 conspi-

551 3662 938 3742 catus:.Ecee,
975 3662 1177 3732 inquit,
1216 3676 1445 3716 aureum
1486 3659 1845 3728 mancipium.

619 3756 768 3811 Idem
806 3755 1197 3825 interrogatus,
1233 3753 1378 3808 inter
1407 3752 1668 3808 animalia
1696 3749 1972 3820 quodnam
2009 3747 2133 3818 pul-

550 3847 888 3902 cherrimum
915 3833 1082 3910 esset,
1134 3844 1456 3915 respondit:
1507 3844 1682 3898 Homo
1712 3843 1805 3913 qui
1837 3843 1911 3897 sit
1961 3841 2130 3896 disci-

551 3939 724 4008 plinis
751 3948 1006 3993 amatus.

623 4030 1009 4100 Exprobrante
1045 4029 1283 4099 quodam
1320 4028 1466 4098 quod
1501 4027 1738 4082 barbare
1767 4027 2126 4095 loqueretur:

552 4123 666 4198 Ego
713 4121 961 4192 quidem,
998 4121 1202 4190 inquit,
1230 4134 1486 4175 sermone
1537 4118 1808 4174 barbarus
1839 4135 1985 4184 sum,
2034 4136 2132 4175 vos

555 4221 736 4266 autem
781 4211 1053 4265 moribus.

624 4303 775 4358 Idem
812 4303 1202 4372 interrogatus,
1232 4317 1480 4371 quaenam
1526 4301 1734 4372 optima
1765 4311 1912 4358 esset
1965 4303 2132 4358 disci—

553 4394 732 4464 plina:
757 4392 1052 4447 Dediscerc
1075 4392 1235 4455 mala,
1261 4392 1566 4461 respondit.
1800 4376 1804 4380 ’

2305 3400 2418 3464 Τὰς
2444 3399 2544 3470 μὲν
2573 3399 2758 3463 πόλεις
2792 3397 3106 3469 ἀναθήμασι
3125 3409 3140 3423 ⁸
3175 3393 3281 3457 τὰς
3310 3391 3366 3446 δὲ
3398 3384 3575 3457 ψυχὰς.
3605 3371 3742 3448 μαθήυ

2235 3509 2369 3563 μασι
2405 3491 2484 3544 δεῖ
2504 3493 2749 3559 κοσμεῖν.
3640 3553 3694 3563 ,--
3718 3551 3727 3563 .

2301 3581 2561 3650 Σωκράτ.
2609 3553 2751 3633 λιδὼν
2781 3579 3035 3632 πλούσιον
3087 3576 3430 3635 ἀπαίδευτον,
3477 3565 3586 3634 ἔφη,
3640 3553 3742 3607 ’1δοῦ

2233 3677 2326 3730 καὶ
2353 3676 2416 3728 τὺ
2440 3673 2674 3747 χρυσοῦν
2694 3674 3048 3745 ἀνδράποδον.

2313 3768 2374 3820 ’0
2397 3739 2558 3829 αδέδς
2584 3739 2879 3836 ἐρωτηθεὶς
2898 3806 2912 3828 ,
2939 3762 2993 3816 τί
3035 3761 3147 3814 τῶν
3169 3761 3329 3823 ζώων
3354 3743 3609 3810 κάλλιστόν
3633 3739 3738 3796 ἐστι,

2233 3860 2358 3931 ἔφη,
2398 3858 2722 3931 ’Δνθρωπος
2750 3855 2969 3926 παιδείᾳ
2998 3853 3392 3924 κοσμούμενος.

2315 4035 2735 4106 Ὀνειδιζόμενος
2795 4032 2901 4086 ὑπό
2951 4047 3091 4092 τινος
3144 4030 3230 4082 ὅτι
3283 4012 3610 4098 βαρϐαρίζειν
3643 4003 3740 4070 ἔφη»

2246 4128 2387 4198 Ἐγὼ
2419 4128 2516 4198 μὲν
2537 4127 2614 4198 τῷ
2630 4127 2792 4196 λόγῳ,
2822 4126 2978 4195 ὑμεῖς
2999 4122 3054 4175 δὲ
3077 4119 3153 4192 τῷ
3176 4119 3385 4190 τρόπῳ.

2314 4309 2372 4362 ὐ
2420 4308 2580 4371 αὐτὸς
2617 4304 2954 4378 ¹ἐρωτηθείς,
3008 4302 3062 4355 τί
3106 4298 3328 4370 ἄριστόν
3372 4295 3480 4346 ἐστι
3531 4277 3734 4352 μάθημα»

2234 4402 2360 4470 ἔφη,
2393 4401 2467 4453 Τὸ
2497 4397 2800 4469 ἀπομαθεῖν
2825 4396 2892 4448 τὰ
2927 4394 3092 4448 κακά.

624 4483 935 4558 Demonact.
958 4511 1028 4521 -η-
1047 4481 1281 4547 lndocti,
1310 4450 1565 4552 tanquam
1585 4483 1768 4554 pisces
1799 4487 1967 4556 capti,
2000 4487 2127 4540 dum

2775 4488 2838 4540 Οἱ
2865 4484 3200 4546 ἀπαίδευτοι,
3234 4475 3479 4542 καθάπερ
3503 4465 3547 4518 ol
3575 4450 3736 4514 ἁλιευόα

561 4576 879 4641 trahuntur,
917 4575 1105 4653 .silent.

622 4671 846 4740 Diogen.
869 4700 937 4710 ——
961 4670 1204 4740 Rogatus
1235 4669 1384 4740 quod
1412 4686 1552 4726 onus
1577 4678 1720 4724 terra
1744 4672 2129 4742 gravissimum

554 4763 856 4818 sustineret
884 4782 895 4816 :
930 4763 1242 4829 lndoctum,
1282 4764 1482 4833 inquit,
1511 4744 1812 4819 hominem.

625 4855 939 4925 Eristippus
972 4854 1310 4925 Cyrenaicus
1357 4855 1722 4925 philosophus
1750 4857 2132 4912 adolescentes

555 4945 762 5001 hortari
818 4946 1053 5011 solebat,
1095 4957 1157 5001 ut
1210 4947 1339 5002 talia
1367 4946 1474 5001 sibi
1535 4947 1734 5002 viatica
1793 4957 2130 5018 qumrerent,

555 5050 679 5104 quae
704 5050 827 5089 cum
869 5035 1004 5105 ipsis
1025 5035 1079 5090 in
1116 5035 1402 5106 naufragio
1425 5045 1650 5091 enatare
1674 5049 1920 5106 possent.

587 5191 594 5198 ι
625 5124 809 5180 Solon.
841 5158 909 5166 —-
936 5126 1073 5182 Cum
1108 5126 1160 5181 ei
1189 5127 1521 5198 quandoque
1558 5128 1764 5199 probro
1796 5135 2132 5193 verteretur,

557 5215 702 5284 quod
734 5215 999 5270 intentata
1027 5216 1126 5270 lite
1145 5211 1422 5272 oratorem
1462 5217 1717 5272 mercede
1774 5217 2132 5272 redemisset:

559 5305 722 5377 Sane,
760 5305 959 5374 inquit,
991 5322 1117 5360 nam
1158 5316 1214 5362 et
1245 5323 1458 5362 cumam
1488 5309 1866 5363 instructurus
1896 5324 2134 5378 coquum

559 5398 831 5454 conduco.

631 5489 933 5546 Cleanthes.
963 5521 1032 5529 —
1055 5489 1252 5546 Aiebat
1275 5491 1572 5549 Cleanthes
1621 5510 1735 5558 eos,
1773 5492 1865 5563 qui
1892 5491 2138 5562 discipli-

562 5581 649 5639 nis
673 5582 1145 5648 carercntforma,
1179 5584 1444 5640 duntaxat
1479 5602 1508 5640 a
1547 5586 1740 5642 bestiis
1779 5585 2026 5641 differre.

2232 4603 2382 4658 μενοι
2416 4583 2617 4654 ἰχθύες,
2649 4581 2932 4650 ἑλκόμενοι
2963 4576 3174 4645 σιγῶσι.

2302 4632 2617 4746 Διογὲνηςῗ.⁷
2764 4632 3126 4743 ’ὲρῴτηθεὶμ
3162 4667 3216 4719 τί
3254 4667 3325 4735 γῆ
3368 4653 3632 4731 βαρύτερον
3665 4632 3738 4704 βω

2231 4769 2437 4833 στάζει,
2472 4767 2600 4836 ἔφη,
2636 4765 2954 4834 Ἄνθρωπον
2979 4761 3324 4814 ἀπαίδευτον.

2312 4831 2658 4930 Ἑρίστιππος
2704 4855 2750 4887 ’⁸
2774 4831 2809 4909 ’ὁ
2850 4851 3192 4926 Κυρηναῖκδς
3231 4847 3521 4932 φιλόσοφρς,

2233 4941 2422 5010 λεύετο
2437 4952 2549 5015 τοῖς
2564 4950 2704 5012 νέοις
2719 4947 2943 5001 τοιαῦτα
2967 4944 3150 5013 ἐφόδια
3169 4939 3416 5001 κτᾶσθαι,
3437 4930 3576 4986 ἅτινα
3594 4919 3732 4970 αὐτοις

2235 5046 2330 5098 καὶ
2354 5042 2696 5111 ναυαγήσασι
2728 5036 3250 5106 συνεκκολυμϐήσει.

2582 5129 2998 5200 Ὀνειδιζόμενός
3033 5095 3197 5188 ποτε,
3231 5126 3310 5178 ὅτι
3337 5120 3478 5181 δίκην
3505 5107 3619 5175 ἔχων

2240 5182 2484 5280 σθὼσατο
2787 5182 2928 5273 rigat
2949 5182 3079 5288 739,
3124 5182 3250 5286 ἔφη,
3277 5215 3396 5266 ὅταν
3429 5204 3610 5270 δεῖπνον
3637 5182 3732 5250 ἔχων

2247 5319 2503 5390 μάγειρον
2527 5315 2853 5386 μισθοῦμαιί

2313 5491 2564 5546 Κλεάνθ.
2598 5518 2666 5532 -—-
2711 5488 3028 5558 Κλεάνθης,
3074 5489 3200 5550 τοὺς
3249 5473 3586 5540 ἀπαιδεύτους,
3626 5447 3724 5522 μάνη

2242 5589 2305 5658 τῇ
2335 5585 2515 5655 μορφῇ
2547 5581 2654 5636 τῶν
2687 5582 2890 5655 Θηρίων
2916 5580 3212 5664 διαφέρειν.

1835 5705 2067 5760 VARle
2107 5703 2506 5763 LECTIONES.

571 5770 614 5806 ’³
662 5774 972 5846 Ἀρίστιππ.
996 5775 1160 5831 Gesn.
