3964 6276
139 327 272 394 E25

1476 331 1642 392 LOCI
1682 332 2122 394 COMMUNES.

3307 327 3418 394 826

220 445 514 500 Γλύκων.
554 476 621 486 —
651 444 918 499 Γλύκωνὸ
950 443 1250 517 σοφὸς-,ξτὴν
1279 443 1524 497 παιδείαν
1542 443 1726 513 ἔλεγεν

1929 446 2148 516 Glycon.
2175 444 2479 516 —Glycon
2531 443 2774 514 sapiens,
2819 445 3128 500 doctrinam
3206 457 3424 499 sacrum

146 539 314 611 ἱερὸν
345 538 542 592 ἄσυλον
569 535 727 594 εἶναι.

233 631 601 700 Ἐμπεδοκλ.
640 662 714 674 -
763 631 1130 702 Ἐμπεδοκλῆς
1158 633 1186 685 6
1220 631 1448 701 φυσικὸς
1492 631 1626 702 πρὸς
1658 631 1749 685 τδν

141 721 415 790 λέγοντα.
437 725 521 778 ὅτι
545 723 749 778 Οὐδένα
774 725 938 794 σοφὸν
959 723 1192 794 δύναμαι
1214 724 1395 794 εὑρεῖν
1411 723 1747 791 κατὰλόγον,

142 808 308 878 εἷπε,
344 814 452 867 Τὸν
480 813 591 886 γὰρ
624 813 892 885 ζητοῦντα
923 815 1105 885 σοφὸν,
1128 814 1292 869 αὐτὸν
1325 814 1588 884 πρότερον
1611 810 1746 867 εἶναι

142 905 232 957 δεῖ
258 906 453 975 σοφόν.

239 1086 473 1154 Ἱέρων.
500 1119 573 1131 --
608 1088 788 1160 Ἱέρων
819 1092 848 1142 6
877 1090 1094 1154 Σικελὸς
1115 1089 1398 1160 τύραννος,
1417 1088 1749 1159 Ξενοφάνους

145 1177 250 1229 τοῦ
285 1179 637 1248 Κολοφωνίου
673 1181 896 1252 ποιητοῦ
947 1181 1210 1250 ψέγοντος
1268 1183 1551 1254 Ὅμηρον,
1603 1181 1751 1254 ἠρώ-

147 1287 334 1339 τησεν
369 1272 555 1335 αὐτὸν,
579 1273 785 1338 Πόσους
823 1275 1040 1338 οἰκέτας
1063 1274 1236 1346 ἔχεις;
1272 1275 1367 1328 τοῦ
1397 1274 1455 1328 δὲ
1481 1274 1748 1338 εἰπόντος,

149 1363 303 1428 Δύο,
365 1365 464 1420 καὶ
513 1365 737 1429 τούτους
798 1368 958 1436 μόγις
1001 1367 1257 1438 τρέφειν’
1324 1366 1438 1420 Οὐκ
1486 1365 1747 1438 αἰσχύνῃς

152 1455 357 1524 φησιν,
392 1457 642 1528 Ὅμηρον
691 1458 894 1529 ψέγων,
939 1458 997 1522 ὃς
1043 1456 1394 1529 μετηλλαχὼς
1440 1457 1688 1521 πλείονας
1714 1457 1748 1526 ἢ

151 1546 410 1615 μυρίους
435 1548 660 1618 τρέφεις

223 1640 545 1694 Καπιόνου
577 1641 864 1711 spe/1007550.
903 1671 973 1682 --
998 1641 1291 1710 Φιλόσοφος
1312 1641 1356 1672 ’⁵
1381 1641 1521 1713 ἔχων
1543 1642 1638 1696 δύο
1656 1660 1752 1713 μα·

147 1728 357 1796 οητάς,
383 1730 479 1785 ἕνα
506 1732 608 1801 μὲν
631 1733 802 1804 ἀφυῆ,
830 1733 1115 1801 φιλόπονον
1138 1732 1196 1786 δέ
1223 1750 1238 1766 ·
1259 1733 1449 1804 ἕτερον
1468 1733 1527 1786 δὲ
1552 1733 1746 1802 εὐφυῆ,

1858 537 2067 607 asylum
2089 551 2212 591 esse
2244 536 2482 591 dicebat.

1925 628 2230 699 Empedocl.
2256 659 2326 668 —
2347 627 2727 698 Empedocles,
2756 625 3024 681 naturalis
3039 625 3425 696 philosophus,

1855 729 2123 790 querente
2177 719 2416 789 quodam
2479 718 2626 788 quod
2667 716 2943 772 neminem
2996 714 3210 769 ratione
3262 722 3428 782 atque

1854 813 2043 867 animo
2088 813 2392 882 sapientem
2449 810 2788 872 oll'enderet,
2847 806 3174 876 respondit:
3220 805 3429 873 Nempe

1855 911 2074 974 oportet
2125 919 2274 967 eum,
2308 904 2403 974 qui
2437 903 2758 974 sapientem.
2782 901 2856 955 sit
2888 899 3248 970 quaesiturus,
3276 897 3433 966 prius

1856 997 2164 1068 sapientem
2190 1010 2333 1050 esse.
2373 1057 2394 1074 θ

1929 1087 2149 1143 Hieron.
2175 1117 2248 1148 -_-
2273 1087 2477 1142 llieron
2503 1085 2722 1140 Siculus
2745 1095 3033 1156 tyrannus,
3071 1095 3195 1136 cum
3247 1078 3432 1133 Xeno-

1857 1181 2066 1251 phanes
2098 1178 2476 1249 Colophonius
2517 1185 2678 1248 poeta
2710 1177 3010 1231 Homerum
3052 1173 3430 1242 vituperaret,

1857 1281 1993 1343 quot
2039 1272 2272 1326 famulos
2328 1271 2580 1334 haberet,
2635 1268 3018 1340 interrogavit.
3071 1265 3279 1335 Illoque
3344 1277 3434 1315 re-

1857 1363 2269 1435 spondente,’se
2295 1363 2436 1420 duos
2459 1363 2685 1427 habere,
2708 1360 3038 1431 vixqueillis
3058 1357 3254 1412 alendo
3278 1369 3430 1410 esse:

1857 1457 1977 1512 Non
2011 1469 2063 1512 te
2105 1457 2296 1527 pudet,
2334 1455 2514 1526 inquit
2561 1465 2847 1526 tyrannus,
2880 1453 3178 1508 Homerum
3209 1447 3432 1515 vitupe-

1860 1566 2007 1611 rare.
2035 1551 2130 1622 qui
2161 1550 2347 1620 plures
2384 1549 2576 1604 decem
2611 1549 2857 1604 millibus
2889 1546 3001 1600 fato
3027 1544 3249 1598 functus
3292 1539 3434 1593 alit?

1926 1640 2134 1711 Capion
2197 1639 2562 1710 philosophus
2620 1639 2782 1693 binos
2833 1636 3046 1691 habens
3103 1631 3432 1700 discipulos,

1859 1733 2092 1787 alterum
2146 1731 2374 1802 quidem
2425 1731 2585 1786 tardo
2630 1730 2878 1800 ingenio,
2929 1727 3026 1782 sed
3055 1726 3247 1780 labore
3289 1731 3431 1777 stre-

146 1821 330 1890 ἀργὸν
350 1821 434 1886 δὲ,
456 1817 630 1888 εἶπεν,
649 1824 973 1896 Ἀμφάτεροι
998 1823 1323 1888 ἀπόλλυσθε,
1346 1824 1429 1877 ὃτι
1453 1824 1518 1877 σὺ
1542 1823 1746 1895 μὲνθέ-

1878 1839 2068 1890 iuum;
2132 1825 2368 1878 alterum
2435 1839 2572 1878 vero
2634 1823 2808 1892 proba
2875 1819 3063 1875 indole
3124 1825 3433 1883 naturaque

147 1908 285 1972 λων,
319 1911 390 1964 οὐ
423 1911 659 1987 δυνήσῃ·
689 1915 753 1968 σὺ
780 1914 836 1969 δὲ
853 1915 1169 1985 δυνάμενος,
1193 1915 1255 1970 οὑ
1280 1914 1474 1978 θέλεις.

1856 1915 2122 1981 habilem,
2159 1916 2254 1971 sed
2285 1915 2524 1971 otiosum
2563 1931 2627 1972 ac
2651 1930 2898 1986 segnem,
2944 1912 3104 1968 dixit.
3136 1909 3300 1980 586
3327 1905 3436 1962 Vo—

148 2005 240 2060 bis
303 2005 588 2064 ambobus
631 2018 816 2066 actum
870 2020 976 2077 est,
1037 2010 1250 2066 idcirco
1296 2009 1450 2080 quia,
1507 2015 1567 2062 tu
1622 2023 1750 2064 cum
1790 2009 1950 2074 velis,
1987 2026 2097 2064 non
2155 2010 2400 2080 poteris;
2444 2019 2502 2064 tu
2571 2017 2758 2064 autem
2827 2007 2923 2080 qui
2966 2005 3173 2069 valeas,
3207 1998 3435 2055 minime

146 2113 259 2156 τις.

231 2198 296 2248 ’0
332 2195 500 2260 αὐτὸς
525 2197 702 2267 ἔλεγε,
738 2196 1008 2268 μεγάλους
1039 2196 1118 2250 δεῖ
1158 2195 1459 2266 λαμϐάνειν
1519 2193 1747 2263 μισθοὺς

153 2288 430 2358 μαθητῶν
461 2291 588 2352 τοὺς
617 2289 972 2353 διδασκάλους
999 2304 1014 2320 ο
1040 2287 1194 2359 παρὰ
1233 2288 1334 2359 μὲν
1365 2287 1474 2340 τῶν
1505 2285 1744 2353 εὐφυῶν,

148 2381 230 2432 ’ὁτι
290 2379 470 2434 πολλά
526 2380 897 2450 μανθάνουσιο
937 2381 1096 2452 παρά
1135 2380 1196 2434 δὲ
1239 2379 1348 2434 τῶν
1406 2376 1617 2447 ἀφυῶν,
1663 2376 1746 2429 ὅτι

153 2473 330 2527 πολὺν
361 2475 532 2528 κόπον
561 2475 914 2546 παρέχουσιν.

235 2651 302 2704 '0
334 2651 501 2714 αὐτὸς
531 2652 860 2724 ἐρωτηθεὶς,
906 2651 959 2705 τί
999 2652 1149 2722 αὐτῷ
1179 2651 1404 2720 γέγονεν
1431 2653 1496 2706 ἐκ
1529 2650 1747 2718 φιλοσο-

155 2744 308 2810 φίας,
349 2742 478 2816 ἔφη,
515 2745 591 2798 Τὸ
635 2744 1012 2808 ἀνεπιτάκτως
1059 2747 1252 2806 ποιεῖν,
1287 2742 1324 2796 ἃ.
1350 2759 1494 2805 τινες
1538 2741 1628 2794 διὰ
1657 2739 1748 2794 τὸν

157 2837 224 2890 ἐκ
249 2837 370 2892 τῶν
397 2837 580 2908 νόμων
605 2837 768 2908 φὸὁον
803 2836 1067 2892 ποιοῦσιν.

791 3017 1130 3072 Φιλιστίων.

301 3109 682 3178 Μαὴμάτων
723 3109 992 3179 φρόντιζε
1028 3110 1290 3180 μᾶλλον,
1336 3111 1378 3178 ἢ
1410 3106 1747 3179 χρημάτων.

307 3182 392 3236 Τὰ
421 3181 846 3252 τὰρμιιθήμᾳτ⁹
864 3181 1106 3249 εὐπορεῖ
1133 3184 1204 3235 τὰ
1233 3182 1527 3252 χρήματα.

319 3247 439 3321 Ἐκ
461 3247 568 3306 τοῦ
607 3247 822 3307 παθεῖν
852 3247 1111 3321 τίγωονκε
1143 3247 1361 3306 καΓτῦ
1384 3247 1743 3321 συμπαθεῖν.

303 3320 421 3376 Καὶ
442 3321 540 3375 σοί
570 3322 679 3390 γὰρ
709 3320 900 3391 ἄλλος
929 3321 1388 3391 συμπαθήσεται
1420 3320 1645 3377 παθών.

311 3393 396 3444 Τὰ
413 3391 718 3462 σπουδαῖα
740 3390 964 3461 μελέτα
991 3390 1087 3445 καὶ
1120 3393 1228 3445 τὸν
1248 3395 1454 3462 νόμον.

314 3460 464 3516 Ἐάν
490 3480 546 3516 τι
565 3460 960 3532 παρηκμακὼς
985 3460 1411 3533 μανθάνῃςαιὴ
1430 3464 1749 3534 αίσχύνου,

233 3578 463 3632 Βέλτιον
484 3577 588 3646 γὰρ
619 3577 860 3648 ὀψιμαθῆ
889 3579 1171 3632 καλεῖσθαι
1201 3579 1232 3650 ἢ
1263 3579 1469 3649 ἀμαθῆ.

235 3757 506 3824 Θεόκριτ.
541 3784 613 3796 --
645 3754 934 3826 Θεόκριτος
987 3756 1016 3808 6
1075 3757 1205 3819 Χῖος
1261 3756 1468 3826 ἀφυοῦς
1522 3757 1752 3829 ποιητοῦ

165 3849 436 3920 ἀκμῆσιν
460 3847 801 3918 ποιούμενος,
855 3847 1210 3919 ἐρωτώμενος
1238 3848 1331 3902 ὑπ’
1374 3849 1573 3920 αὐτοῦς,
1624 3851 1752 3904 ποῖά

166 3940 280 3993 ἐστι
310 3938 497 4004 καλῶς
525 3938 808 4011 εἰρημένα,
841 3938 968 4010 ἔφη,
1005 3941 1072 3992 "A
1101 3940 1426 4011 παρέλιπες.

239 4033 358 4088 Τοῦ
385 4031 593 4087 αὐτοῦ.
626 4062 694 4074 -
729 4031 789 4086 '0
822 4032 922 4102 μὲν
943 4033 1208 4102 γεωργὸς,
1229 4033 1329 4104 τὴν
1355 4035 1488 4105 γῆν
1519 4038 1547 4090 ὁ
1579 4035 1635 4090 δὲ
1664 4054 1753 4105 φι.

166 4120 395 4192 λῦσοφος
422 4123 520 4192 τὴν
551 4121 729 4194 ψυχὴν
762 4121 854 4191 ὲξη
866 4123 1042 4193 μεροῖ.

246 4217 354 4268 Ἐκ
385 4214 494 4268 τοῦ
512 4215 833 4284 Δημοκράτ.
853 4216 1142 4283 Ἰσοκράτ.
1177 4217 1271 4271 καὶ
1291 4217 1666 4284 Ἐπικτήτου.
1685 4249 1752 4258 -

165 4305 276 4375 Τῆς
312 4305 565 4369 παιδείας
596 4304 784 4377 ὥσπερ
812 4307 1016 4378 χρυσοῦ
1047 4308 1108 4361 τὸ
1135 4308 1297 4361 καλὸν
1323 4312 1382 4363 ὲν
1409 4312 1576 4364 παντὶ
1599 4311 1752 4381 τόπῳ

165 4399 373 4467 τίμιον.
721 4457 726 4462 _

233 4489 281 4521 ⁸⁸
319 4489 523 4557 Σοφίαν
570 4492 599 4544 6
633 4490 855 4556 ἀσκῶν,
917 4492 1227 4563 ἐπιστήμην
1283 4491 1386 4562 τὴν
1438 4491 1568 4562 περὶ
1615 4491 1750 4545 Θεοῦ

167 4583 360 4637 ἐίσκειν

1920 2187 2069 2242 Idem
2125 2185 2366 2250 dicebat,
2427 2185 2720 2256 magistros
2777 2202 2807 2240 a
2869 2184 3164 2254 discipulis
3224 2183 3428 2253 ingenti

1849 2279 2129 2350 stipendio
2173 2278 2462 2333 donandos
2500 2294 2662 2334 esse:
2711 2278 2780 2333 ab
2809 2279 2878 2333 iis
2905 2278 3002 2348 qui
3032 2277 3182 2332 felici
3213 2277 3437 2348 ingenio

1848 2374 1960 2428 sint
1991 2387 2057 2427 ac
2089 2370 2339 2441 ingenui,
2384 2371 2547 2441 quod‘
2568 2372 2742 2426 multa
2791 2371 3042 2437 discant;
3085 2369 3154 2424 ab
3185 2368 3252 2424 iis
3301 2383 3436 2424 vero

1848 2464 1943 2534 qui
1984 2465 2140 2518 tardo
2161 2477 2224 2517 ac
2251 2462 2399 2528 rudi,
2430 2463 2579 2533 quod
2630 2463 2903 2518 molestiae
2949 2461 3249 2532 plurimum
3281 2460 3437 2516 exhi-

1850 2559 2036 2612 beant.

1918 2651 2065 2705 ldem
2117 2651 2527 2722 interrogatus,
2577 2650 2709 2724 quid
2755 2666 2822 2705 ex
2875 2649 3226 2720 philosophia
3274 2664 3427 2703 eom-

1848 2743 1996 2798 modi
2020 2753 2166 2798 esset
2194 2753 2548 2808 consecutus,
2587 2742 2909 2813 respondit:
2954 2741 3025 2797 Ut
3058 2758 3087 2796 a
3116 2757 3200 2795 me
3234 2742 3350 2812 ipse
3375 2757 3439 2796 ac

1850 2835 2095 2906 injussus
2155 2834 2375 2901 faciam,
2433 2851 2557 2906 quae
2617 2835 2709 2892 alii
2768 2834 2993 2905 quidam
3051 2835 3234 2906 legum
3286 2848 3436 2889 metu

1851 2935 2136 2998 praestant.

2497 3019 2796 3075 Philistion.

1857 3112 2117 3187 Major-em
2149 3115 2443 3187 disciplinis
2488 3131 2673 3187 curam
2728 3114 2936 3187 adhibe,
2971 3129 3129 3183 quam
3165 3110 3435 3183 pecuniis:

1853 3184 1992 3256 Nam
2025 3184 2320 3256 disciplina:
2353 3186 2603 3256 pecunias
2638 3185 3004 3254 suppeditant.

1859 3254 2094 3310 Dolendo
2126 3254 2286 3312 etiam
2325 3254 2601 3310 condolere
2630 3257 2837 3318 discito,

1771 3322 1816 3378 C
1847 3324 1987 3397 Nam
2020 3335 2068 3379 et
2103 3327 2241 3391 alius
2269 3327 2359 3380 tibi
2384 3324 2732 3388 condolescet,
2775 3325 2866 3394 qui
2916 3343 3028 3397 ipse
3055 3325 3193 3380 alia:
3241 3325 3434 3383 doluit.

1855 3394 1983 3466 Qua:
2015 3408 2137 3451 sunt
2157 3400 2300 3452 seria
2335 3397 2602 3466 legemque
2624 3397 2923 3450 meditator.

1854 3465 1911 3520 Si
1940 3468 2068 3537 quid
2097 3470 2244 3539 eﬂ'eta
2270 3465 2398 3538 jani
2435 3476 2593 3522 letale
2615 3467 2881 3532 didiceris,-
2907 3484 3015 3522 non
3037 3475 3086 3522 te
3115 3469 3328 3538 pudeat.

1925 3580 2155 3636 Praestat
2187 3581 2338 3636 enim
2370 3580 2584 3646 audire,
2623 3581 2720 3651 qui
2772 3595 2898 3637 sero
2953 3580 3239 3647 didiceris,
3272 3597 3438 3652 quam

1853 3672 1946 3742 qui
1979 3672 2237 3728 indoctus
2263 3673 2357 3727 sis.

1926 3761 2183 3816 Theocrit.
2211 3792 2282 3802 —
2314 3760 2644 3816 Theocritus
2665 3759 2840 3817 Chius
2874 3761 3066 3816 audito
3122 3761 3246 3816 rudi
3274 3771 3440 3833 poeta

1853 3863 1908 3909 et
1945 3853 2206 3922 illepido,
2256 3860 2618 3924 percontante
2665 3851 2810 3908 illo:
2862 3851 3121 3919 Quaenam
3176 3854 3315 3908 scite
3373 3871 3438 3910 ac

1851 3947 2134 4016 eleganter
2167 3945 2315 4000 dicta
2368 3952 2590 3999 essent:
2633 3944 2730 4008 Ea,
2783 3943 2984 4014 inquit,
3024 3960 3145 4013 quae
3179 3944 3435 3999 omisisti.

1923 4023 2574 4108 Ejusdem—Agricola
2625 4044 2849 4100 terram,
2900 4035 3263 4106 philosophus
3311 4036 3434 4092 ani-

1853 4146 2002 4185 mum
2031 4131 2253 4185 excolit.

1922 4224 2008 4278 Ex
2049 4223 2377 4277 Democratis
2405 4224 2498 4295 (al.
2537 4221 2895 4292 Demonact.).
2951 4221 3176 4276 Isorrat.
3224 4231 3272 4275 et
3305 4219 3441 4293 Epi.

1852 4320 1972 4371 cteli
2004 4318 2294 4370 sententiis.
2321 4347 2391 4356 —
2415 4315 2694 4382 Scientize,
2736 4317 2880 4371 sicut
2908 4315 3050 4381 auri,
3076 4331 3271 4387 magna
3313 4317 3442 4370 ubi~

1853 4424 1959 4478 que
1982 4409 2316 4462 existimatio
2345 4419 2448 4465 est.

1925 4501 1996 4562 Is,
2027 4500 2119 4569 qui
2159 4499 2488 4569 sapientiam
2538 4501 2691 4565 colit,
2737 4517 2855 4556 eam
2887 4517 3010 4571 qua:
3064 4500 3132 4555 de
3187 4501 3299 4556 Deo
3333 4511 3439 4562 est.

1854 4590 2141 4645 scientiam
2172 4589 2323 4643 colit.

240 4671 364 4727 Τοῦ
382 4673 667 4728 αὐτοῦ.-
688 4674 852 4728 Οὐδὲν
885 4678 942 4728 ὲν
991 4675 1151 4739 ζώοις
1219 4675 1511 4730 κάλλιστόν
1562 4678 1709 4728 ἐστιν
1733 4715 1748 4740 ,

1929 4678 2203 4749 Ejusdem.
2235 4709 2304 4718 ——
2337 4673 2558 4732 Nullum
2589 4688 2674 4732 est
2706 4679 2844 4735 adeo
2887 4679 3179 4750 pulchrum
3213 4679 3441 4742 animal,

171 4765 244 4830 ὡς
288 4765 583 4837 ἄνθρωπος
619 4768 839 4838 παιδείᾳ
864 4767 1299 4838 κεκοσμημένος.

248 4858 626 4925 Ἀριστοτ.-
642 4859 777 4923 Ταῖς
805 4861 904 4930 μὲν
933 4860 1120 4912 πόλεσι
1143 4859 1212 4913 τὰ
1226 4860 1405 4930 τείχη,
1429 4863 1544 4922 ταῖς
1569 4861 1627 4914 δὲ
1653 4859 1757 4928 ψυ-

174 4952 294 5020 χαῖς
343 4951 373 5003 6
422 4952 488 5004 ἐκ
547 4950 804 5015 παιδείας
851 4951 1008 5019 νοῦς,
1055 4951 1262 5023 κόσμον
1311 4951 1406 5005 καὶ
1455 4952 1758 5020 ἀσφάλειαν

177 5043 503 5112 παρέχεται.

243 5133 560 5202 Δημοκρίτ.
598 5134 740 5179 ³⁵-
769 5134 1074 5190 Νεανίσκου
1121 5136 1180 5188 ὲν
1215 5135 1427 5206 θεάτρῳ
1467 5137 1757 5207 ἐναϐρυνο-

181 5225 366 5293 μὲνου,
414 5227 509 5284 καὶ
548 5226 802 5294 λέγοντος
839 5227 1002 5296 σοφὸν
1041 5222 1203 5293 εἶναι,
1247 5227 1465 5291 πολλοῖς
1491 5228 1757 5297 ὁμιλήσας

181 5319 402 5385 σοφοῖς,
445 5315 564 5372 εἶπέ
621 5337 726 5385 τις,
772 5321 943 5389 Κάγὼ
1002 5320 1216 5383 πολλοῖς
1264 5320 1580 5385 πλουσίοις,
1624 5321 1760 5375 ἀλλὰ

181 5407 435 5473 πλούσιος
457 5410 555 5464 οὐκ
571 5411 720 5481 elui.

1857 4780 1916 4825 ut
1951 4772 2117 4824 homo
2144 4770 2349 4825 litteris
2379 4787 2443 4826 ac
2477 4771 2789 4826 eruditione
2829 4781 3081 4827 ornatus.

1924 4865 2145 4918 Aristot.
2177 4894 2246 4903 —
2272 4863 2519 4918 Urbibus
2546 4864 2774 4934 quidem
2825 4866 3050 4930 mmnia,
3090 4863 3292 4919 animi-3
3345 4877 3442 4915 au-

1845 4962 1986 5026 tem,
2018 4969 2175 5008 mens
2208 4969 2274 5008 ex
2331 4940 2642 5024 disciplinis
2689 4955 2906 5010 exculta
2945 4955 3116 5009 decus
3149 4962 3206 5008 et
3263 4951 3444 5006 muni—

1854 5056 2099 5100 mentum
2129 5054 2374 5114 priestat.

1927 5133 2207 5187 Democrit.
2241 5164 2310 5172 —
2338 5132 2474 5188 Cum
2503 5131 2722 5203 juvenis
2754 5132 2807 5186 in
2846 5131 3062 5187 theatro
3090 5131 3439 5202 gloriaretur,

1854 5233 1912 5280 et
1960 5225 2264 5296 sapientem
2315 5241 2373 5279 se
2421 5225 2765 5293 prsedi‘caret,
2826 5231 2888 5276 ut
2939 5224 3032 5293 qui
3077 5240 3202 5278 cum
3255 5223 3444 5280 multis

1855 5317 2199 5386 sapientibus
2267 5325 2517 5370 versatus
2575 5324 2744 5380 esset,
2816 5316 3107 5383 respondit
3165 5316 3439 5386 quidam:

1855 5407 1970 5478 Ego
1998 5408 2164 5462 etiam
2189 5423 2312 5462 cum
2344 5405 2533 5460 multis
2574 5405 2844 5460 divitibus
2885 5415 3163 5466 versatus.
3191 5423 3300 5462 non
3355 5415 3440 5460 ta-
3522 5454 3530 5470 ,

1862 5515 1986 5554 men
2021 5500 2174 5555 dives
2209 5515 2349 5554 sum.

1448 5615 1682 5671 VARUE
1717 5615 2127 5672 LECTIONES.

251 5709 296 5741 “
323 5709 624 5784 lullclissa
669 5713 790 5768 aliis
821 5713 1102 5770 Theocriti
1143 5701 1469 5784 subjectum.
1550 5717 1593 5746 ³⁸
1627 5715 1738 5769 Bal.
1769 5714 1861 5767 τοῦ
1891 5713 2074 5780 αὐτοῦ,
2113 5713 2165 5767 id
2195 5722 2278 5769 est
2314 5711 2751 5780 Democratis,ut
2791 5720 2846 5768 et
2875 5709 3175 5781 sequentia.

191 5776 346 5832 αὖτοῦ
382 5781 546 5835 Gesn.

3255 5709 3295 5739 ²⁹
3333 5704 3437 5762 Τοῦ
