3964 6276
85 342 196 408 829

652 450 870 503 ΛΟΓΟΣ
922 448 1007 502 lll'
1029 449 1094 501 ³¹.

405 539 542 608 Περὶ
573 540 858 608 εὐτυχίας
890 540 987 593 καὶ
1026 537 1379 607 δυστυχίας.

155 636 354 687 Acme.
389 630 486 696 ις’.
510 660 579 672 -
622 630 918 695 ’Ᾱπέλαϐες
956 632 1021 685 σὺ
1055 630 1124 684 τὰ
1175 628 1357 697 ἀγαθὰ
1390 646 1487 682 σου
1519 610 1577 682 ἐν
1608 632 1675 699 τῇ

90 726 199 795 ζωῇ
239 740 370 785 σου,
400 725 494 777 καὶ
513 721 761 795 Λάζαρος
786 724 987 793 ὁμοίως
1016 723 1086 777 τὰ
1131 721 1308 776 κακά’
1345 720 1441 775 νῦν
1479 721 1554 788 δὲ,
1590 721 1678 774 ὅδε

90 816 518 888 παρακαλεῖται.
554 815 620 870 σὺ
649 816 704 869 δὲ
732 815 1011 869 ὀδυνᾶσαι.

154 915 237 962 A'.
271 912 419 975 Kop.
457 905 529 962 δ’.
554 908 803 977 -Ἂχρι
824 907 925 978 τῆς
958 907 1084 983 ἄρτι
1108 905 1258 977 ὥρας
1290 907 1385 959 καὶ
1404 903 1680 975 πεινῶμεν

89 1005 180 1055 καὶ
233 1001 490 1072 διψῶμεν
528 1000 623 1054 καὶ
650 999 1091 1070 γυμνητεῦομεν,
1120 999 1216 1051 καὶ
1250 997 1678 1066 κολαφιζόμεθα,

91 1098 181 1150 καὶ
218 1094 571 1165 ἀστατοῦμεν
604 1093 963 1164 ἐργαζόμενοι
984 1093 1104 1156 ταῖς
1148 1090 1307 1155 ἰδίαις
1332 1090 1543 1162 χερσίν.

158 1269 346 1339 Σιρὰχ
381 1269 556 1333 ιβ.-
598 1269 687 1323 Ἐν
712 1268 938 1337 ἀγαθοῖς
965 1268 1180 1338 ἀνδρὸς,
1220 1269 1270 1320 οἱ
1305 1267 1491 1339 ἐχθροὶ
1515 1267 1680 1321 αὑτοῦ

92 1364 145 1413 ἐν
172 1361 346 1432 λύπῃ,
396 1360 492 1414 καὶ⁸
526 1362 583 1414 ὲν
622 1359 792 1431 κακίᾳ
836 1359 1001 1413 αὑτοῦ
1035 1360 1129 1413 καὶ
1167 1361 1195 1413 ὁ
1223 1358 1376 1428 φίλος
1422 1358 1680 1429 διαχωρι-

96 1453 355 1523 σθήσεται
386 1452 484 1521 ’u).
1332 1510 1335 1511 ,

161 1547 350 1616 Σιρὰχ
392 1552 489 1613 ιη’.
522 1576 591 1587 —-
619 1545 907 1617 Μνήσθητι
950 1545 1144 1616 καιρὸν
1180 1542 1342 1615 λιμοῦ
1393 1546 1453 1598 ὲν
1500 1543 1680 1615 καιρῷ

98 1637 415 1709 πλησμονῆς
432 1651 447 1665 ·
472 1637 745 1708 πτωχείαν
767 1639 863 1691 καὶ
900 1636 1106 1691 ἔνδειαν
1123 1638 1180 1690 ὲν
1212 1636 1397 1709 ἡμέρᾳ
1422 1636 1677 1691 πλούτου.

108 1729 233 1783 Ἀπὸ
265 1729 420 1801 πρωῒ
460 1730 564 1794 ἕως
603 1730 843 1801 ἑσπέρας
865 1730 1192 1801 μεταϐάλλει
1221 1730 1249 1782 ὁ
1274 1730 1485 1801 καιρός.

161 1822 345 1892 Σιρὰχ
381 1825 455 1878 θ.
487 1853 556 1865 —-
584 1823 678 1894 Μὴ
704 1820 956 1894 ζηλώσῃς
984 1822 1145 1889 δόξαν
1176 1821 1537 1894 ἁμαρτωλῶν.

714 1937 816 2004 Ἐξ
853 1938 1071 2007 Ἐπιγρ.

225 2034 340 2101 Ὠς
375 2049 449 2087 κε
490 2031 594 2105 [ὡς
624 2030 712 2104 δὲ]
745 2032 922 2105 -φέρει
968 2031 1035 2105 τὸ
1088 2029 1289 2105 φέρων
1322 2045 1399 2083 σε
1428 2029 1634 2105 φέρειν
1657 2068 1673 2094 ,

745 2099 955 2173 [φέρου
974 2104 1019 2135 ³⁸
1040 2118 1053 2132 ⁸
1085 2099 1137 2156 el
1158 2101 1224 2173 δἈ
1237 2099 1606 2173 ἀπειθήσεις,

226 2174 335 2228 Kal
364 2170 897 2242 σαυτὸνβλὰψεις,
921 2174 1019 2229 καὶ
1054 2173 1122 2227 τὸ
1150 2170 1337 2241 φέρον
1358 2188 1431 2225 σε
1453 2170 1674 2239 φέρειν.

164 2291 484 2359 Θεολότου.
518 2319 585 2329 -
617 2289 783 2343 Ὅταν
825 2290 1106 2357 εὖπλοεϊς,
1145 2287 1384 2359 μάλιστα
1430 2286 1679 2358 μέμνησο

132 2381 274 2445 άλης.

132 2381 189 2435 ἀλ
228 2400 274 2445 ς.

102 2381 130 2447 ζ
164 2400 253 2538 Τῖίς
285 2466 454 2539 οἶδεν,
480 2474 529 2526 εἰ
562 2474 591 2526 ὁ
623 2472 722 2543 μὲν
748 2473 839 2526 διὰ
880 2471 1081 2526 κακίαν
1111 2469 1423 2534 κολάζεται,
1452 2471 1481 2523 ὁ
1520 2468 1576 2522 δὲ
1602 2467 1677 2532 ὡς

104 2568 457 2641 ἑπαιρόμενος
475 2568 547 2640 (v)
577 2568 793 2640 αἴρεται
817 2587 831 2602 ο
876 2567 1015 2623 ἀλλὰ
1055 2567 1133 2639 μὴ
1162 2565 1493 2629 τούναντίον,
1521 2566 1549 2618 ὁ
1581 2563 1678 2633 μὲν

106 2661 183 2715 διὰ
204 2662 473 2732 πονηρίαν
529 2662 778 2733 ὑψοῦται,
806 2663 835 2717 ὀ
884 2661 943 2715 δὲ
965 2659 1031 2714 δι’
1053 2660 1252 2732 ἀρετὴν
1278 2656 1637 2729 δοκιμάζεται
1659 2672 1673 2721 ;

168 2842 561 2911 Χρυσοστ.-
584 2839 683 2891 Ἕν
720 2837 880 2909 μόνον
910 2836 1199 2907 πεισθῆναι
1242 2834 1368 2907 χρὴ,
1423 2833 1504 2887 ὄτι
1538 2849 1677 2902 συμ-

111 2933 368 3003 φερόντως
420 2933 556 3004 ἡμῖν
608 2930 827 2985 ἅπαντα
879 2931 1251 3004 οἰκονομεῖται
1317 2926 1469 2999 παρὰ
1516 2924 1675 2980 Θεοῦ.

112 3020 204 3072 Τὸν
258 3021 311 3075 δὲ
372 3020 579 3091 τρόπον
626 3019 824 3091 μηκέτι
870 3018 1086 3091 ζητεῖν,
1138 3020 1276 3090 μήτε
1344 3016 1681 3085 ἀγνοοῦντας

114 3112 384 3181 ἀσχάλλειν
435 3113 470 3184 ἢ
532 3111 786 3183 ἀθυμεῖν.
860 3111 999 3166 Οὔτε
1062 3112 1171 3185 γὰρ
1233 3110 1457 3166 δυνατὸν
1509 3109 1681 3164 ταῦτα
1708 3141 1751 3198 C

114 3205 309 3271 εἰδέναι,
348 3204 482 3259 οὔτε
542 3205 853 3276 συμφέρον
907 3204 969 3258 τὸ
1026 3203 1147 3275 μὲν,
1215 3203 1304 3258 διὰ
1349 3202 1413 3256 τὸ
1452 3201 1682 3273 θνητοὺς

114 3291 268 3353 εἶναι·
308 3300 371 3353 τὸ
401 3298 481 3364 δὲ,
537 3296 627 3353 διὰ
653 3299 714 3353 τὸ
742 3296 956 3369 ταχέως
989 3296 1070 3361 είς
1100 3296 1359 3352 ἀπόνοιαν
1406 3292 1681 3366 αἴρεσθαι.

177 3591 408 3647 Νείλου.
430 3621 501 3630 -
530 3591 604 3645 Οὐ
635 3590 742 3662 χρὴ
775 3590 867 3643 ἐπὶ
900 3590 1064 3643 παντὶ
1098 3589 1355 3661 πτώματι
1390 3588 1487 3644 καὶ
1529 3591 1679 3661 πάσῃ

119 3682 342 3756 ἁμαρτία
371 3682 664 3754 ἀνθρώπου
686 3682 1033 3753 ἐπαίρεσθαι,
1073 3680 1184 3736 οὐδ’
1213 3681 1524 3754 ἐπιχαίρειν
1552 3682 1683 3736 ποτὲ

119 3772 185 3842 τῷ
226 3774 696 3839 ὑποσκελισθὲντι,
743 3775 850 3829 κᾶν
899 3774 947 3827 εἰ
987 3774 1137 3828 δοκεῖ
1163 3774 1193 3827 δ
1219 3773 1465 3838 τοιοῦτος
1488 3772 1684 3845 ἐχθρὸς

120 3865 281 3932 φόνιος
310 3862 478 3920 εἶναι.

179 3956 368 4029 Θρήνει
400 3958 493 4012 τὸν
522 3958 848 4028 ἁμαρτωλὸν
870 3957 1200 4028 εὖθηνοῦντα
1223 3973 1236 3987 °
1272 3958 1335 4011 τὸ
1390 3958 1548 4028 ξίφος
1570 3957 1681 4029 γὰρ

121 4065 143 4099 ο
160 4049 251 4119 5τῷ
267 4052 369 4121 τῆς
389 4050 544 4121 δίκης
568 4051 918 4107 ἐπιτείνεται.

182 4143 319 4196 Διατί
372 4143 575 4196 δίκαιοι
628 4143 919 4197 ἀσθενοῦσι
975 4146 1070 4199 καὶ
1109 4144 1381 4207 πένονται,
1406 4144 1582 4200 ἄδικοι
1622 4144 1681 4197 δὲ

124 4230 343 4299 αἴρονται
389 4234 489 4287 καὶ
511 4232 836 4302 πλουτοῦσις
873 4236 1043 4306 Φημὶ,
1076 4236 1165 4290 ἵνα
1184 4237 1233 4289 οἱ
1272 4235 1371 4307 μὲν
1409 4252 1681 4306 στεφανω-

124 4321 286 4386 ιῶσιν,
313 4329 365 4381 οἰ
395 4326 454 4381 δὲ
485 4325 720 4393 αἰωνίως
745 4327 1157 4399 τιμωρηθῶσιν.

1408 338 1575 399 LOCI
1615 336 2033 397 COMMUNES

1703 452 1751 507 Α

3249 342 3357 410 830

2341 451 2571 509 SERMO
2602 454 2788 509 XVIII.

2063 537 2135 591 De
2167 542 2409 595 secundis
2438 544 2591 597 rebus
2625 554 2784 615 atque
2819 543 3073 599 adversis.

1848 630 1975 684 Luc.
2013 647 2120 695 ινι,
2150 633 2240 687 25.
2268 665 2338 676 --
2374 634 2649 707 Recepisti
2701 648 2757 692 tu
2813 638 2954 692 bona
2999 645 3090 691 tua
3131 635 3187 689 in
3242 632 3355 689 vita

1778 728 1869 776 tua
1891 732 1947 777 et
1969 721 2207 779 Lazarus
2226 726 2480 782 similiter
2516 728 2678 783 mala.
2696 774 2697 777 η
2712 728 2873 784 Nunc
2898 735 3081 783 autem
3112 727 3203 781 hic
3222 742 3357 781 con-

1776 815 2100 871 solationem
2128 817 2313 883 habet,
2350 827 2406 873 tu
2438 836 2572 875 vero
2595 821 2877 876 cruciaris.
3302 828 3305 831 ⁴

1851 905 1877 959 1
1905 904 2029 961 Cor.
2062 923 2135 969 ιν,
2166 908 2253 962 ll.
2281 938 2349 948 —
2374 909 2559 980 Usque
2587 912 2643 965 in
2675 912 2817 969 hanc
2852 911 3045 965 horam
3087 916 3146 963 et
3175 906 3325 961 esuri
3345 935 3360 946 -

1780 1014 1921 1063 mus,
1951 1006 2008 1053 et
2035 998 2274 1065 sitimus,
2304 1008 2360 1056 et
2386 1002 2519 1056 nudi
2567 1019 2777 1067 sumus,
2817 1012 2874 1057 et
2902 1001 3149 1071 colaphis
3192 998 3359 1053 exedi-

1781 1106 1927 1156 mur,
1960 1098 2017 1146 et
2049 1091 2335 1150 instabiles
2390 1110 2583 1150 sumus
2627 1105 2921 1166 operantes
2973 1093 3228 1149 manibus
3254 1106 3360 1146 no-

1789 1186 1940 1239 stris.

1852 1278 2017 1333 Eccli.
2052 1295 2147 1343 xu,
2190 1280 2243 1335 9.
2275 1311 2347 1320 —
2381 1280 2439 1335 ln
2492 1280 2651 1336 bonis
2690 1279 2826 1345 viri,
2878 1277 3088 1333 inimici
3130 1277 3251 1346 ejus
3301 1274 3359 1328 in

1781 1371 2044 1437 tristitia;
2076 1370 2242 1442 588
2265 1371 2323 1427 in
2350 1373 2511 1428 malis
2544 1380 2751 1435 autem,
2790 1372 2954 1427 etiam
2989 1369 3200 1425 amicus
3242 1366 3361 1423 dis-

1772 1466 2059 1536 jungetur.
3348 1526 3354 1534 ί

1853 1556 2016 1611 Eccli.
2054 1573 2205 1621 xvm,
2236 1558 2327 1612 25.
2368 1590 2436 1600 -
2474 1558 2749 1613 Memento
2795 1556 2956 1613 famis
3010 1555 3066 1609 in
3112 1562 3362 1620 tempore

1781 1651 2121 1718 saturitatis;
2150 1652 2523 1706 mendicitatis
2543 1660 2599 1707 et
2625 1652 2883 1723 egestatis
2927 1651 2983 1705 in
3018 1649 3107 1704 die
3137 1645 3359 1701 divitia-

1782 1760 1926 1799 rum.
1964 1744 2005 1817 A
2040 1759 2198 1798 mane
2227 1743 2294 1798 ad
2318 1758 2604 1813 vesperam
2640 1752 2886 1798 mutatur
2914 1750 3150 1810 tempus.

1780 1836 1784 1841 ’
1852 1834 2016 1890 Eccli.
2050 1850 2124 1901 ιε,
2148 1834 2451 1889 l6.—Noli
2473 1834 2715 1888 aemulari
2739 1833 2965 1904 gloriam
2986 1839 3359 1903 peccatorum.

2372 1942 2453 1996 Ex
2493 1941 2543 1996 E
2545 1943 2775 2012 pigram.

1786 2036 1849 2093 Ut
1880 2045 1929 2088 te
1958 2036 2073 2105 fata
2101 2033 2303 2099 volunt,
2337 2034 2412 2087 sic
2446 2033 2650 2103 fertor:
2683 2033 2765 2086 sin
2802 2031 2997 2095 minus,
3038 2030 3151 2099 ipse

1890 2168 2159 2223 llwrorem
2184 2183 2409 2237 qua‘res,
2443 2166 2659 2237 fataque
2688 2176 2737 2218 te
2779 2166 3010 2235 rapieut.

1851 2280 2112 2351 Theologi.
2134 2311 2202 2323 ——
2220 2280 2357 2335 Cum
2392 2278 2631 2334 secunda
2656 2276 2830 2332 uteris
2852 2276 3223 2347 navigatione,
3251 2283 3365 2329 lum

1780 2373 2120 2444 tempestatis
2145 2373 2381 2427 maxime
2412 2370 2583 2427 debes
2604 2368 2941 2425 meminisse.

1848 2465 1984 2533 Quis
2014 2465 2158 2521 scire
2183 2465 2377 2536 possit,
2422 2480 2492 2518 an
2530 2462 2623 2517 hic
2664 2471 2890 2533 propter
2914 2461 3045 2515 vitia
3076 2459 3363 2531 puniatur,

1780 2556 1871 2610 ille
1901 2571 2007 2625 qua
2051 2563 2273 2625 prazstat
2310 2554 2531 2607 virtutis
2559 2553 2721 2607 laude
2742 2552 3037 2616 en'eratur;
3057 2549 3165 2604 aut
3193 2565 3364 2603 econ-

1782 2655 1907 2711 tra,
1970 2647 2061 2701 hic
2123 2654 2351 2716 propter
2406 2644 2819 2714 improbitatem
2876 2644 3212 2707 extollatur,
3277 2639 3369 2695 ille

1779 2747 2006 2809 propter
2030 2738 2291 2792 virtutem
2321 2736 2625 2806 probetur?

1850 2827 2116 2899 Chrysost.
2178 2858 2250 2866 —
2276 2826 2459 2883 Unum
2480 2827 2585 2881 hoc
2619 2834 2831 2881 eertum
2861 2834 3052 2880 tenere.
3077 2825 3366 2889 debemus;

1780 2921 1861 2976 sic
1892 2929 1953 2975 ut
1978 2919 2140 2974 nobis
2163 2919 2299 2975 utile
2327 2928 2432 2985 est,
2464 2928 2662 2975 cuncta
2693 2919 2865 2973 Deum
2886 2918 3237 2987 dispensare;
3268 2931 3369 2970 nec

1780 3014 1979 3070 modus
2002 3013 2150 3084 quod
2198 3013 2255 3068 id
2291 3013 2406 3078 ﬁat,
2440 3011 2718 3068 curiosius
2760 3007 3158 3080 inquirendus;
3205 3007 3289 3060 vel
3320 3006 3367 3059 si

1784 3104 1874 3163 ille
1920 3124 2022 3162 nos
2073 3107 2261 3172 lateat,
2308 3122 2450 3177 aegre
2502 3105 2789 3161 ferendum
2842 3113 3007 3171 atque
3045 3098 3366 3155 dolendum.

1783 3198 1919 3254 Nam
1960 3214 2141 3269 neque
2175 3198 2291 3252 ﬁeri
2322 3205 2503 3268 potest
2535 3204 2597 3251 ut
2648 3196 2763 3250 bzec
2803 3193 3063 3252 sciamus,
3102 3205 3205 3244 nec
3236 3205 3368 3245 vero

1783 3289 1926 3346 scire
1976 3304 2043 3343 ex
2088 3288 2294 3344 nostris
2335 3286 2551 3343 exsistit
2620 3282 2964 3341 rationibus;
3023 3286 3140 3331 tum
3218 3279 3366 3347 quod

1784 3383 2047 3437 mortales
2076 3396 2289 3443 sumus,
2325 3387 2442 3433 tum
2479 3377 2628 3448 quod
2669 3374 2816 3431 inani
2845 3372 2984 3426 fastu
3016 3384 3080 3423 ac
3127 3367 3369 3424 insolen-

1786 3475 1862 3529 tia
1897 3473 2053 3528 facile
2088 3473 2427 3527 extollimur.

1854 3587 1986 3643 Mli.
2017 3618 2087 3627 ——
2112 3586 2389 3656 Quidquid
2442 3586 2615 3651 ruiuze
2647 3585 2811 3640 alicui
2863 3583 3148 3646 acciderit,
3203 3579 3367 3650 quid-

1784 3677 1916 3748 quid
1968 3678 2302 3745 peccaverit,
2360 3677 2670 3733 cavendum
2716 3692 2786 3729 ne
2842 3673 2969 3729 inde
3017 3672 3366 3736 extollamur,

1784 3776 1947 3822 autve
1974 3767 2025 3821 ei
2058 3767 2153 3836 qui
2192 3768 2577 3838 supplantatus
2622 3766 2812 3831 fuerit,
2849 3781 3090 3836 unquam
3141 3763 3369 3819 insulte-

1785 3872 1929 3921 mus,
1952 3856 2038 3911 vel
2067 3856 2112 3911 si
2143 3856 2236 3910 ille
2266 3856 2519 3928 capitalis
2551 3856 2728 3912 hostis
2764 3865 2953 3913 noster
2996 3855 3294 3912 exstiterit.

1858 3945 2208 4001 Peccatorem
2238 3946 2363 4017 luge
2384 3947 2643 4002 secundis
2673 3947 2839 4001 rebus
2861 3954 3136 4013 utentem;
3162 3945 3367 4017 quippe

1784 4038 1873 4093 cui
1901 4038 2101 4093 divina:
2134 4039 2363 4094 ultionis
2386 4039 2601 4110 gladius
2632 4041 2962 4095 intentetur.

1856 4129 2001 4197 Quid
2023 4146 2201 4185 causae
2228 4138 2312 4186 est
2340 4147 2442 4187 cur
2483 4133 2616 4203 justi
2656 4131 2859 4186 inﬁrmi
2910 4132 3022 4186 sint
3068 4146 3367 4201 rerumque

1784 4232 2028 4294 egestate
2062 4232 2422 4293 premantur;
2459 4222 2647 4295 injusli
2686 4240 2817 4278 vero
2847 4223 3086 4277 honores
3114 4238 3178 4277 ac
3225 4221 3371 4276 divi-

1788 4315 1891 4369 tias
1940 4316 2389 4385 consequantur?
2423 4316 2629 4386 Nempe
2676 4326 2738 4369 ut
2792 4316 2870 4369 illi
2921 4322 3279 4378 coronentur,
3312 4313 3369 4369 hi

1787 4424 1920 4463 vero
1941 4408 2163 4463 aeternis
2195 4408 2480 4478 suppliciis
2516 4409 2851 4463 crucientur.

182 4499 400 4558 Πάντων
421 4520 515 4556 σου
543 4502 654 4557 τῶν
686 4503 1030 4574 πραγμάτων
1056 4503 1555 4572 κατευοδουμένων,
1588 4504 1682 4557 ὲκ-

1851 4501 1989 4557 Cum
2020 4502 2116 4557 tibi
2152 4518 2414 4573 prospere
2447 4504 2652 4559 cedunt
2703 4505 2907 4569 omnia,
2941 4514 3055 4559 tum
3105 4504 3369 4558 mutatio-

126 4587 259 4661 δέχου
287 4595 626 4667 μεταϐολήνο
677 4595 774 4649 καὶ
808 4594 973 4649 πάλιν
1021 4594 1152 4649 ποτὲ
1189 4593 1295 4648 ὑπὸ
1339 4594 1680 4664 ἀπροσδοκή-

1792 4610 1917 4648 nem
1972 4593 2150 4659 time;
2203 4609 2267 4648 ac
2320 4611 2546 4659 rursus,
2606 4596 2652 4650 si
2698 4596 2921 4665 quando
2982 4594 3373 4666 inexspectatis

507 4784 510 4787 .
1371 4726 1610 4782 VARIA‘]
1648 4724 2056 4783 LECTIONES.

186 4807 224 4846 ³⁸
249 4814 305 4873 In
325 4816 501 4875 Gesn.
532 4818 686 4876 Stob.
710 4820 836 4877 248.
914 4822 958 4853 ³¹
987 4820 1147 4874 ἀλλ’.
1178 4821 1240 4873 El
1269 4819 1329 4873 τὸ
1350 4820 1515 4889 φέρον
1538 4836 1598 4873 σε
1630 4820 1807 4889 φέρει,
1846 4818 1979 4891 φέρε
2008 4818 2103 4873 καὶ
2126 4819 2318 4890 φέρου.

1635 4932 1862 4991 NOTAE.

186 5019 260 5089 (κ)
314 5024 402 5096 ’οί
438 5024 619 5096 φίλος
666 5027 1226 5096 διαχωρισθήσεται.
1274 5028 1366 5083 Sic
1408 5036 1463 5083 et
1518 5029 1683 5083 modo

359 5086 519 5169 Vulg.
551 5086 615 5169 ιῂ
639 5086 1029 5169 ιηαίὶῖὶἆὶίίὶιιέ
1080 5100 1281 5153 amicus
1334 5100 1547 5169 agnitus
1572 5109 1684 5165 est;

134 5160 258 5237 unde
288 5160 684 5237 liquetlegisse
707 5168 1217 5237 ὶδιαγνωσθήσεται,
1253 5160 1404 5223 νοιιῖι
1428 5169 1597 5223 etiam
1625 5160 1683 5235 ιι,

135 5181 258 5216 unue
288 5181 321 5217 ιι
366 5181 462 5218 uet
487 5181 684 5236 legisse
708 5181 1217 5237 ξοιαγνωσυησεται,
1253 5181 1404 5223 velut
1428 5181 1597 5223 etiam
1625 5186 1683 5235 ιι,

134 5226 287 5292 50,51:
317 5181 454 5308 ﬁliis
486 5238 595 5290 suis
631 5241 955 5308 gagnascitur
977 5240 1075 5303 vir,
1112 5239 1207 5293 ubi
1258 5239 1465 5303 Graeca,
1517 5241 1573 5292 ὲν
1603 5241 1687 5292 τέ-

136 5314 261 5379 κνοις
293 5305 457 5358 αὑτοῦ
473 5305 847 5377 γνωσθήσεται
874 5309 976 5374 ἀνὴ
986 5326 1039 5379 ρ·
1061 5325 1173 5379 quo
1196 5320 1430 5379 utroque
1453 5310 1573 5364 loco
1604 5310 1688 5363 in-

139 5377 337 5440 terpret.
366 5382 583 5445 tempus
630 5380 865 5433 mutavit
896 5396 909 5431 :
969 5377 1305 5445 sed—parum
1346 5377 1537 5434 refert.
1571 5380 1689 5434 Vox

136 5454 330 5519 quoque
373 5446 511 5500 nihil
553 5447 835 5503 abhorret.
873 5448 944 5502 At
986 5446 1133 5519 quod
1178 5448 1373 5503 κακίαν
1418 5449 1681 5503 malitiam

139 5509 316 5596 reddit,
341 5531 533 5596 parum
566 5528 754 5596 aptum
784 5530 888 5596 est,
916 5509 1019 5596 aut
1053 5536 1120 5575 ex
1164 5536 1287 5596 usu_
1314 5520 1436 5589 ejus
1487 5519 1678 5596 vocis:

141 5574 457 5662 liguet_'ehim
480 5574 678 5640 κακίαν
703 5588 846 5643 idem
873 5574 967 5643 hic
987 5574 1111 5662 esse
1137 5606 1201 5662 ac
1226 5574 1497 5662 κάκωσιν,
1513 5590 1679 5662 mala,

142 5647 478 5731 afﬂictionem,
510 5672 829 5731 cer-umnam,
876 5660 1021 5731 etsi
1066 5660 1197 5730 quid
1254 5647 1521 5731 ejusmodi
1573 5647 1677 5725 est,

145 5730 248 5782 quae
276 5722 463 5780 Latine
489 5742 652 5780 nemo
674 5728 823 5782 dicat
858 5722 1141 5784 malitiam.

200 5788 266 5861 (υ)
316 5794 408 5861 Ὡς
428 5796 838 5872 ἐπαιοόμενος.
895 5800 1150 5856 Mendum
1201 5817 1317 5858 esse
1364 5803 1557 5874 liquet,
1591 5803 1678 5857 cui

1792 5027 1991 5083 vellem
2017 5026 2238 5083 fecisset
2268 5028 2598 5083 medicinam
2626 5028 2903 5083 Gesnerus
2933 5023 3200 5080 medicus.
3230 5025 3367 5081 For-

1792 5099 1937 5153 sitan
1966 5099 2156 5153 videar
2190 5099 2409 5163 fecisse,
2440 5098 2706 5153 mutando
2726 5097 2815 5149 ἐπ’
2863 5097 3057 5167 ἀρετῇ,
3090 5095 3237 5167 quod
3264 5113 3368 5167 op-

1790 5169 2033 5239 positum
2065 5169 2164 5239 τῷ,
2192 5170 2283 5222 διὰ
2308 5170 2526 5222 κακίαν.
2563 5169 2675 5239 δῖοί
2711 5174 2862 5239 certe
2934 5166 3078 5221 clara
3116 5164 3364 5239 Gregorii

1791 5236 2091 5320 sententia,
2116 5236 2246 5310 ipsa
2264 5255 2522 5320 expressa
2555 5239 2608 5291 in
2639 5236 2993 5320 Ecclesiaste,
3048 5236 3365 5320 quod_.'om-

1791 5309 1883 5363 nia
1910 5306 2170 5365 omnibus
2195 5306 2486 5373 eveniant;
2514 5323 2619 5361 nec
2651 5323 2777 5361 raro
2821 5307 3060 5361 tristiora
3098 5306 3261 5376 justis
3302 5326 3367 5366 ac

1792 5380 2008 5448 probis,
2042 5396 2205 5450 quam
2242 5379 2401 5433 malis
2428 5387 2490 5450 et
2513 5378 2817 5450 sceleratis,
2843 5393 2912 5431 ne
2938 5377 3065 5450 quis.
3106 5378 3218 5450 jam
3252 5387 3366 5450 ter-

1788 5447 1935 5504 rena:
1962 5447 2243 5504 felicitatis
2259 5465 2425 5503 causa
2444 5449 2706 5502 virtutem
2733 5448 2897 5511 colat,
2916 5447 3183 5517 quidquid
3233 5448 3364 5503 olim

1787 5520 2035 5574 carnales
2061 5521 2257 5575 Judaei.
2326 5520 2418 5573 Sic
2447 5519 2744 5574 tenendum
2766 5518 3058 5590 judicium,
3095 5517 3363 5587 quidquid

1787 5590 1915 5643 boni
1944 5600 2039 5653 aut
2066 5590 2192 5644 mali
2220 5589 2478 5659 cuiquam
2502 5589 2811 5644 evenerit:
2858 5591 3016 5659 cujus
3057 5602 3357 5642 memorem

1786 5650 2039 5714 crebrius
2072 5650 2370 5714 voluissem
2398 5659 2567 5713 illust.
2602 5660 2895 5715 Annalium
2926 5650 3202 5721 'Patrem;
3241 5672 3361 5712 ma-
3462 5650 3483 5664 ’

1787 5746 1893 5798 guo
1920 5744 2087 5785 onere
2118 5731 2245 5785 hinc
2274 5746 2403 5785 suos
2426 5732 2737 5785 levaturum
2761 5731 3019 5793 Annales,
3052 5726 3358 5799 puriusque

1786 5818 1850 5855 ex
1882 5801 2131 5858 historici
2166 5817 2395 5858 munere
2428 5801 2554 5857 illos
2594 5801 2894 5858 editurum.
