3964 6276
77 450 203 501 υἱόν
237 464 251 477 ⁸

153 626 726 693 Σωκράτ.-Καλδν
774 625 877 692 μὲν
920 626 1012 679 ἐπὶ
1056 624 1152 694 τῆς
1198 624 1381 687 ἑστίας
1406 621 1691 692 φαίνεσθαι

81 716 147 765 τὺ
172 714 306 785 πῦρ
337 716 591 786 λαμπρόν
611 734 625 747 ·
663 718 756 769 ἐπὶ
785 716 841 769 δὲ
868 719 968 787 τῆς
1000 716 1248 786 ἀτυχίας,
1282 715 1374 767 τὸν
1402 714 1548 767 νοῦν.

155 806 517 875 Σωκράτης.
538 808 671 877 —.—_Oi
698 809 795 879 μὲν
813 810 1071 878 ἀκρατεῖς
1102 810 1162 860 ὲν
1188 809 1309 869 ταῖς
1339 806 1692 877 ἀρρωστίαις,

83 899 132 948 οἱ
203 896 269 948 δὲ
329 898 569 968 ἄφρονες
618 901 675 951 ἐν
731 902 853 963 ταῖς
909 899 1185 969 εὐτυχίαις
1256 897 1365 950 εἰσὶ
1433 896 1695 967 δυσθεράε·

85 1006 326 1043 πευτοι.

167 1081 234 1134 Ὀ
272 1083 441 1146 αὐτὸς
464 1084 783 1155 ἐρωτηθεὶς,
812 1084 877 1137 Τί
897 1084 1056 1136 λυπεῖ
1078 1083 1205 1146 τοὺς
1245 1080 1488 1150 ἀγαθούς
1512 1100 1526 1148 ;
1557 1080 1690 1153 ἔφη,

86 1175 343 1243 Εὐτυχία
373 1175 627 1247 πονηρῶν
651 1192 666 1206 ⁸
711 1176 857 1244 φιλεῖ
887 1176 996 1247 γὰρ
1042 1174 1318 1247 εὐημερίᾳ
1361 1173 1695 1245 παράλογος,

87 1264 319 1336 ὖῦρεως
340 1266 483 1338 ἔργα
508 1266 923 1339 προκαλεῖσθαι.

163 1446 273 1498 ’ον
307 1446 339 1515 ἡ
387 1444 525 1516 τύχη
571 1447 994 1517 προπηλακίζει,
1036 1448 1132 1502 καὶ
1171 1448 1326 1519 παρὰ
1354 1447 1465 1502 τῶν
1505 1448 1698 1519 πράων

87 1535 271 1600 οὕτως
306 1536 589 1606 μάστιγας
609 1538 877 1607 εὑρίσκει.

158 1625 527 1696 Δημώνακτ.
554 1658 623 1668 -
649 1628 786 1687 Οὔτε
809 1631 857 1684 oi
883 1630 1109 1701 ἄμουσοι
1133 1631 1243 1693 τοίς
1268 1629 1542 1701 ὀργάνοις,
1574 1630 1699 1691 οὔτε

92 1720 137 1770 οἱ
203 1718 541 1772 ἀπαίδευτοι
588 1723 709 1784 ταῖς
767 1720 959 1792 τύχαις
1028 1721 1281 1776 δύνανται
1351 1724 1693 1795 συναρμόσα-

98 1810 247 1865 σθαι.

160 1905 463 1969 Δείκυυσιν
573 1906 670 1977 μὲν
720 1909 920 1985 τροπὴ,
972 1909 1065 1965 τὸν
1120 1910 1262 1965 κατὰ
1312 1910 1575 1983 ἀλήθειαν
1603 1910 1697 1966 ἀν-

96 1999 278 2068 δρεῖον
302 2016 318 2029 ο
356 2001 391 2069 ή
418 2000 477 2052 δὲ
504 2000 719 2070 ἀτυχία,
760 2002 851 2054 τὸν
887 2002 1174 2074 φρόνιμον.

182 2180 291 2234 Ἐκ
341 2179 464 2234 τῶν
498 2181 951 2252 Φαυωρίνου.-
971 2181 1227 2253 Εὐτυχὼν
1260 2183 1335 2254 μὴ
1364 2182 1455 2235 ἔσο
1489 2183 1699 2255 ὑπερή-

104 2289 271 2340 φανος
293 2288 310 2302 ⁸
354 2274 660 2345 ἀπορήσας,
692 2273 767 2345 μὴ
809 2273 1063 2328 ταπεινοῦ
1084 2290 1098 2304 ⁸
1144 2275 1241 2339 τὰς
1273 2275 1573 2344 μεταδολὰς
1598 2275 1701 2346 τῆς

104 2364 271 2435 τύχης
308 2365 583 2433 γενναίως
615 2366 883 2426 ἐπίστασο
905 2367 1114 2439 φέρειν.

186 2539 543 2608 Ἀλέξανδρ.
568 2572 636 2580 -
666 2539 1014 2611 Ἀλέξανδρος
1054 2544 1082 2594 ὁ
1137 2542 1389 2611 βασιλεὺς
1432 2506 1700 2601 ίδὼνΔιο·

110 2634 270 2704 γένην
293 2633 649 2705 κοιμώμενον
675 2636 730 2703 ἐν
766 2634 927 2705 πίθῳ,
964 2636 1090 2705 ἔφη,
1123 2631 1194 2688 Ὦ
1222 2636 1347 2691 πίοε
1383 2636 1549 2706 μεστὲ
1570 2652 1702 2706 φρεα-

113 2726 247 2777 νῶν·
302 2727 337 2777 ὁ
388 2724 444 2777 δὲ
502 2725 793 2795 φιλόσοφος
849 2726 1108 2795 ἀναστὰς,
1176 2728 1304 2799 ἔφη*
1361 2724 1429 2781 Ὦ
1478 2728 1699 2799 βασιλεῦ

119 2818 370 2889 μέγιστε.

119 2928 277 3000 βέλω
305 2928 509 3000 τύχης
538 2930 909 2998 σταλαγμὸν,
945 2930 983 2999 ἣ
1007 2930 1246 3000 φρενῶν
1269 2933 1467 2997 πίθον,

118 2995 216 3073 ᾝς
244 2999 334 3073 μὴ
367 3000 683 3073 παρορσης
735 2995 835 3073 (13),
866 2995 1286 3073 dqdiuxoﬁmr
1312 3009 1369 3056 ai
1393 2995 1625 3072 φρένες.

119 3072 375 3145 ῌρὸς-ὄν
409 3086 495 3134 τις
524 3069 839 3145 έὶντέφησξ
866 3069 991 3145 τῶν
1017 3069 1417 3145 φιλοφρόγωνζ

133 3141 333 3206 Ῥανὶς
359 3140 595 3209 φρει-ὦν
622 3158 723 3210 μοι
749 3140 1012 3211 μᾶλλον,
1042 3143 1079 3211 ἢ
1097 3140 1292 3210 βυθὸς
1316 3146 1521 3212 τθκης⁹

123 3270 229 3344 Ἦς
244 3276 337 3349 μὴ
376 3278 689 3347 παρούσης
722 3276 1141 3347 δυστυχοῦσιν
1165 3282 1226 3341 αἱ
1253 3280 1488 3359 φρένες.

199 3392 732 3461 Ἑπικούρου.-Ἠ
763 3394 997 3465 ταπεινὴ
1018 3392 1186 3466 ψυχὴ,
1216 3399 1332 3458 τοῖς
1371 3396 1471 3467 μὲν
1504 3399 1703 3469 εὑημεο

131 3485 367 3556 ρὴμασιν
398 3484 715 3558 ἐχαυνώθη⁸
761 3489 885 3551 ταῖς
925 3487 983 3545 δὲ
1024 3492 1354 3560 συμφοραῖς,
1399 3490 1703 3563 καθῃρέθη.

193 3667 461 3733 Δημοσθ.
484 3665 529 3697 ³³
550 3695 620 3704 -
638 3665 740 3718 Τὸν
779 3666 854 3737 μὴ
872 3666 1194 3739 βουλόμενον
1222 3672 1487 3739 γενναίως
1522 3673 1710 3745 φέρειν

129 3753 377 3824 ἀτυχίαν,
408 3754 543 3825 μηδ’
584 3754 838 3825 εὐτυχίαν
869 3755 972 3828 ἔφη
1004 3757 1286 3815 δύνασθαι.

194 3848 505 3915 Κυψέλου.
543 3852 846 3928 Κορινθυ-
872 3850 1125 3920 Εὑτυχὼν
1160 3854 1377 3925 μέτριος
1409 3855 1545 3909 ἴσθι·
1583 3859 1709 3912 ἀτυ-

132 3940 233 4009 χὼν
258 3940 317 3993 δὲ
328 3983 343 4005 ,
382 3959 417 4008 φ
426 3941 541 4011 ρόνι
551 3958 668 4010 μσς.

213 4034 313 4087 Ἐκ
341 4033 448 4087 τοῦ
486 4033 845 4104 Ἐπικτήτου
873 4037 971 4090 καὶ
1020 4039 1309 4108 Ἰσοκράτ.
1328 4071 1397 4082 --
1418 4044 1479 4096 Οἱ
1509 4060 1705 4098 πεπαι-

132 4124 381 4195 δευμένοι
412 4126 665 4198 καθάπερ
708 4130 756 4182 οἱ
800 4130 863 4182 ἐκ
919 4130 1281 4204 παλαίστρας,
1331 4133 1432 4187 κᾶν
1484 4136 1710 4200 πέσωσι⁹

135 4218 343 4289 ταχέως
372 4221 468 4272 καὶ
497 4212 782 4284 ἐπιδεξίως
824 4226 887 4273 ἐκ
928 4223 1025 4291 τῆς
1055 4224 1283 4293 ἀτυχίας
1314 4226 1710 4290 ἐξανίστανται.

201 4312 303 4365 Τὸν
341 4311 603 4382 λογισμὸν
632 4312 821 4385 ὥσπερ
855 4315 1036 4386 ἰατρὸν
1075 4317 1299 4385 ἀγαθὸν,
1340 4320 1715 4376 ἐπικαλεῖσθαι

135 4402 209 4455 δεῖ
240 4406 298 4456 ὲν
332 4404 532 4476 ἀτυχίᾳ
558 4404 771 4477 βοηθόν.

1396 308 1563 391 'LOCI
1610 328 2048 389 COMMUNES.

329 451 356 502 ὁ
423 450 481 503 δὲ
548 450 858 521 ἀποτυχὼν,
925 450 1173 503 ἀπώλεσε
1236 448 1327 501 καὶ
1398 445 1692 515 θυγατέρα.

1844 450 1893 494 st
1920 439 2093 493 filium
2126 457 2138 505 ;
2171 439 2224 493 in
2252 439 2456 493 malum
2484 453 2616 494 vero
2665 438 2759 507 qui
2792 438 3004 506 incidit,
3027 440 3189 496 etiam
3214 442 3380 499 filiani

3274 332 3378 396 834

1798 532 2003 587 amisit.

1866 622 2168 677 δουναι-
2200 623 2257 679 lu
2298 622 2426 677 foco
2476 623 2696 694 ignem;
2751 622 2998 677 adversis
3048 624 3212 678 rebus
3266 626 3383 679 ani-

1800 733 1949 772 mum
1975 716 2263 786 splendide
2295 716 2506 779 lucere,
2544 716 2597 770 id
2623 732 2758 771 vero
2781 716 3108 785 prmelarum
3134 725 3237 771 est.

1866 810 2031 880 590
2060 808 2326 863 Socrates.
2359 839 2429 848 —
2451 808 2605 863 Gula:
2631 808 3060 872 incontinentes,
3103 823 3243 878 aegra
3282 824 3381 862 va-

1797 901 2087 966 letudine;
2124 916 2503 971 prosperoque
2539 916 2725 956 rerum
2749 915 3009 955 successu
3044 900 3195 953 stulti
3220 915 3383 955 cura-

1796 1003 1855 1046 tu
1880 992 2151 1048 difﬁciles.

1868 1084 2020 1139 Idem
2046 1084 2419 1155 interrOgatus
2448 1102 2464 1139 :
2496 1084 2769 1151 Quidnam
2802 1084 2952 1138 viros
3010 1082 3189 1138 bonos
3247 1097 3383 1137 mae-

1797 1190 1926 1230 rore
1949 1175 2170 1241 alliciat,
2191 1176 2515 1246 respondit:
2541 1175 2803 1229 Malorum
2835 1174 3107 1235 felicitas;
3138 1172 3383 1243 proclive

1794 1267 1967 1331 enim,
2001 1282 2165 1337 quam
2193 1269 2345 1322 nulla
2372 1268 2514 1322 ratio
2529 1267 2713 1322 frenet
2730 1265 3087 1337 prosperitas,
3124 1264 3382 1336 injuriam

1796 1361 1983 1416 verbis
2014 1361 2289 1431 factisque
2325 1369 2608 1430 provocat.

1867 1452 2040 1518 Quem
2076 1452 2330 1523 suggillat
2348 1452 2589 1517 fortuna,
2622 1451 2687 1517 is,
2712 1459 2771 1506 et
2817 1450 2886 1505 ab
2940 1448 3023 1504 eis
3076 1448 3172 1520 qui
3220 1448 3383 1504 mites

1803 1553 1932 1598 sunt
1964 1558 2026 1597 ac
2046 1544 2207 1613 probi
2225 1543 2459 1600 verbera
2492 1542 2746 1597 offendit.

1876 1635 2188 1689 Demonact.
2221 1636 2374 1690 —-Ut
2402 1636 2626 1689 musicae
2654 1633 2822 1687 rudes
2859 1630 3097 1702 organis,
3129 1630 3210 1685 sic
3234 1628 3381 1684 indi-

1799 1728 2075 1799 sciplinati
2107 1727 2254 1782 haud
2276 1728 2460 1782 valent
2490 1726 2728 1781 fortunis
2756 1724 2954 1797 aptari.

1868 1907 2007 1969 Eum
2038 1908 2133 1977 qui
2162 1924 2292 1963 vere
2325 1907 2482 1962 fortis
2506 1907 2582 1963 sit
2626 1906 2869 1961 ostendit
2926 1911 3151 1975 accepta
3197 1902 3383 1959 clades

1805 1998 1973 2067 inque
2003 1998 2184 2069 fugam
2212 2014 2371 2054 versa
2400 1999 2580 2064 acies;
2606 1998 2701 2067 qui
2718 2012 2851 2051 vero
2868 1996 3133 2067 prudens,
3158 1995 3382 2050 adversa

1804 2090 2050 2146 fortuna.

1870 2181 1953 2235 Ex
1978 2168 2215 2237 Plaavor.
2252 2180 2453 2237 Comm.
2490 2212 2561 2222 --
2586 2180 2724 2236 Cum
2757 2180 2928 2235 rebus
2944 2178 3227 2250 prosperis
3260 2186 3381 2234 ute-

1800 2274 1877 2327 ris
1896 2274 2027 2339 ,noll
2046 2273 2304 2343 superbia
2335 2273 2520 2329 eﬂ'erri
2547 2291 2563 2340 ;
2594 2289 2717 2328 cum
2746 2273 2799 2326 in
2818 2272 3065 2342 angustia
3092 2285 3386 2341 rerumque

1802 2366 1961 2433 inops
1990 2363 2289 2428 eXStiteris,
2322 2379 2391 2417 ne
2416 2364 2602 2417 animo
2618 2360 2894 2433 dejiciaris
2923 2360 3191 2415 :fortunze
3212 2367 3387 2415 muta-

1801 2456 1983 2511 tiones
2018 2455 2239 2510 fortiter
2268 2454 2411 2510 ferre
2437 2454 2678 2510 noveris.

1873 2546 2206 2601 Alexander.
2238 2577 2309 2587 —
2338 2548 2651 2603 Alexander
2674 2563 2791 2615 rex,
2824 2548 3121 2619 Diogenem
3145 2546 3200 2601 in
3236 2544 3384 2600 dolio

1804 2640 2177 2695 dormientem
2213 2655 2449 2695 cernens
2482 2658 2497 2697 :
2525 2639 2571 2695 Ο
2596 2642 2830 2705 dolium,
2853 2642 3052 2711 inquit,
3106 2640 3385 2712 sapientia:

1801 2734 2046 2802 plenum.
2077 2732 2456 2801 Philosophus
2490 2742 2673 2787 autem
2700 2749 2827 2787 cum
2883 2732 3273 2787 assurrexisset
3298 2748 3311 2785 :
3341 2730 3387 2787 Ο

1802 2839 1995 2896 regum
2022 2823 2278 2885 maxime,
2319 2824 2520 2893 inquit.

1802 2937 1947 2992 Malo
1969 2938 2196 3007 fortuna?
2215 2935 2441 3001 stillam,
2472 2954 2632 3007 quam
2660 2937 2933 3007 sapientia:
2954 2936 3178 3003 dolium,

1804 3007 1969 3079 Cujus
2009 3008 2251 3062 absentia
2306 3007 2494 3061 misere
2533 3024 2650 3061 cum
2678 3008 2942 3079 sapientia
2975 3010 3173 3079 agitur.

1805 3078 1902 3134 Cui
1933 3079 2152 3149 quidam
2189 3093 2254 3131 ea:
2300 3079 2576 3149 sapientia:
2604 3078 2850 3131 studiosis
2882 3078 3172 3147 respondit,

1730 3143 1774 3201 C
1806 3143 1987 3205 Pluris
2018 3150 2147 3213 mihi
2165 3159 2241 3207 est
2286 3143 2562 3220 sapientia:
2608 3157 2782 3223 gutta,
2820 3143 2983 3218 quant
3031 3149 3257 3223 fortuna:
3293 3161 3385 3215 pe—

3111 3217 3193 3271 Ila

1806 3290 1970 3362 Cujus
2038 3290 2274 3344 absentia
2304 3289 2493 3343 misere
2523 3305 2640 3342 cum
2664 3289 2842 3342 animo
2879 3288 3076 3358 agitur.
3111 3233 3312 3289 uaga"

1877 3404 2121 3476 Epicuri.
2147 3434 2219 3443 ———
2246 3402 2482 3457 Humilis
2510 3402 2812 3472 pusillusve
2833 3401 3070 3465 animus,
3108 3414 3388 3470 prosperi-

1810 3497 2017 3551 tatibus
2052 3495 2277 3550 inﬂatur
2316 3510 2380 3550 ac
2430 3503 2605 3549 tumet
2658 3512 2671 3547 :
2718 3493 2966 3549 adversis
2984 3501 3179 3563 autem
3226 3491 3394 3547 rebus

1811 3589 2011 3643 fastum
2039 3588 2192 3657 ponit
2213 3602 2277 3642 ac
2305 3588 2585 3659 dejicitur.
3317 3656 3323 3662 .

1882 3681 2149 3735 Demosth.
2180 3712 2249 3721 —
2278 3679 2383 3746 Qui
2436 3680 2713 3737 sinistram
2769 3678 3042 3734 fortunam
3100 3676 3244 3737 ferre
3297 3690 3396 3731 new

1811 3786 1999 3847 queat,
2034 3792 2165 3833 eum
2186 3792 2255 3833 ne
2284 3776 2531 3832 dextram
2551 3791 2773 3845 quoque
2799 3773 2943 3828 ferre
2989 3787 3149 3842 posse
3189 3770 3392 3829 aiebat.

1880 3868 2091 3939 Cypsel.
2126 3868 2247 3925 Cor.
2275 3900 2347 3909 ——
2372 3869 2431 3924 In
2457 3869 2579 3924 lana
2614 3867 2838 3927 fortuna
2881 3864 3202 3925 moderatus
3222 3870 3345 3919 esto
3378 3880 3392 3916 :

1816 3961 1869 4015 in
1904 3961 2071 4023 tristi,
2109 3961 2373 4031 prudens.

1887 4056 1971 4111 Ex
1994 4056 2169 4126 Epict.
2211 4062 2258 4109 ct
2289 4054 2512 4109 Isocrat.
2563 4082 2633 4097 -μ-
2676 4051 2783 4118 Qui
2830 4050 2940 4105 sint
2975 4047 3209 4111 eruditi,
3248 4044 3396 4101 haud

1816 4164 1977 4205 secus
1998 4164 2063 4202 ac
2091 4148 2128 4202 ii
2160 4146 2257 4216 qui
2283 4147 2336 4201 in
2363 4145 2615 4219 palaestra
2662 4152 2882 4201 certant
2910 4160 2922 4195 :
2959 4138 3177 4198 tametsi
3208 4152 3397 4193 casum

1816 4241 2076 4303 fecerint,
2096 4239 2209 4294 cito
2231 4254 2295 4292 ac
2316 4236 2589 4311 sagaciter
2631 4236 2701 4291 ab
2734 4233 3041 4291 infortunio
3086 4238 3396 4300 emergunt.

1891 4318 2143 4385 Rationis
2171 4344 2354 4398 Opem,
2401 4344 2502 4383 ceu
2526 4327 2657 4382 boni
2705 4326 2929 4391 medici,
2966 4323 3213 4381 adversis
3233 4322 3401 4377 rebus

1819 4427 2076 4480 invocare
2098 4422 2375 4477 convenit.

200 4498 475 4567 Εὐτυχὶας
528 4498 721 4571 ὥσπερ
772 4500 945 4572 μέθης
994 4502 1185 4575 ἄφρων
1234 4505 1325 4558 ἐπὶ
1364 4505 1547 4559 πλεῖον
1574 4509 1699 4561 ἀπο-

1894 4516 2131 4569 Demens
2167 4511 2430 4571 secundis
2451 4510 2619 4566 rebus
2663 4508 2822 4579 quasi
2867 4506 3161 4563 ebrietatis,
3200 4505 3400 4576 poculo

138 4587 359 4655 ὶαύσας,
384 4592 745 4663 ἁνοητότερος
773 4594 1004 4659 γίνεται.

200 4683 322 4736 Tim
344 4684 723 4755 εὐτυχούντων
752 4688 1159 4759 ἀνταγωνιστὴς
1182 4690 1210 4741 ὀ
1236 4688 1447 4757 φθόνος.

214 4867 271 4921 '0
307 4874 662 4939 μεμνημένος
690 4869 743 4923 τί
771 4870 919 4923 ἐστιν
951 4870 1261 4941 ἄνθρωπος,
1292 4873 1380 4926 ἐπ’
1409 4844 1585 4928 οὐδενὶ
1609 4875 1717 4929 τῶν

145 4960 464 5029 συμϐάντων
490 4964 829 5032 δυσχερανεῖ.

204 5054 296 5120 Εἰς
327 5055 425 5125 μὲν
465 5055 526 5109 τὸ
557 5056 875 5126 εὐπλοῆσαι,
900 5055 1235 5128 κυϐερνήτου
1269 5058 1363 5123 καὶ
1386 5058 1717 5128 meditato;-

1829 4605 2056 4661 uberius
2082 4604 2289 4667 fruens,
2315 4603 2429 4671 ipse
2452 4601 2635 4670 seipso
2683 4599 2995 4656 dementior
3022 4598 3288 4653 redditur.

1894 4699 2125 4761 Eorum,
2162 4696 2262 4766 qui
2290 4694 2570 4765 prosperis
2585 4692 2753 4749 rebus
2773 4701 3030 4755 utuntur,
3052 4690 3403 4745 adversarius

1820 4802 1905 4849 est
1933 4791 2094 4846 livor.

1892 4884 1995 4951 Qui
2026 4882 2344 4939 meminerit
2367 4880 2631 4952 quidnam
2654 4880 2726 4936 sit
2758 4880 2945 4945 homo,
2996 4873 3264 4947 quidquid
3304 4888 3395 4927 ac-

1825 4978 1992 5043 cidat,
2022 4979 2161 5033 nihil
2180 4978 2411 5032 moleste
2437 4975 2647 5029 tulerit.

1901 5071 2050 5144 ὅθι
2091 5069 2172 5125 Ad
2187 5070 2423 5126 faustam
2444 5066 2853 5137 navigationem
2874 5063 3245 5135 gubernatore
3262 5073 3400 5131 opus

1438 5173 1672 5234 VARI/[3
1718 5175 2128 5239 LECTIONES.

212 5243 255 5276 ³³
304 5245 474 5301 Gesn.
521 5244 767 5315 Δημητρ.
805 5244 938 5297 Φαλ.

1667 5340 1900 5400 NOTAE.

216 5432 292 5503 (α)
319 5426 437 5497 Ἥς
455 5430 551 5499 μὴν
579 5430 914 5498 παρούσης.
952 5430 1029 5485 lla
1057 5432 1246 5495 etiam,
1274 5432 1490 5503 hocque
1524 5434 1720 5491 ordine

153 5500 277 5556 Ball.
318 5514 379 5558 et
403 5516 545 5558 quos
569 5500 758 5557 laudat
785 5501 950 5556 Gesn.
976 5501 1139 5557 codd.
1174 5504 1292 5558 lose
1322 5520 1542 5558 versum
1572 5506 1720 5558 hunc

156 5514 277 5563 uati.
318 5514 379 5559 et
403 5516 545 5570 quos
569 5514 758 5557 laudat
785 5514 950 5556 uesn.
976 5514 1139 5557 coaa.
1174 5514 1292 5573 Ipse
1322 5520 1542 5559 versum
1573 5514 1720 5560 nunc

156 5574 403 5654 quintum
422 5580 809 5654 .reprmsentat,
840 5586 905 5627 ac
941 5573 1023 5654 τὸ,
1044 5567 1141 5654 ᾖς,
1168 5574 1529 5654 quodpriore
1550 5592 1717 5654 sensu

158 5643 327 5709 palam
374 5643 543 5712 τύχην
584 5643 808 5706 referat,
845 5643 1121 5712 sapientia:
1181 5643 1382 5710 reddit,
1420 5647 1715 5701 referendo

1823 5438 1965 5493 salse
1997 5437 2227 5501 dictum,
2286 5434 2433 5505 quod
2468 5435 2564 5497 ita,
2624 5432 2757 5503 ipsis
2804 5430 3050 5505 ejusdem
3104 5428 3289 5505 verbis
3321 5429 3403 5483 vir

1819 5508 2064 5577 prudens
2091 5501 2418 5575 sobrius—que
2447 5501 2677 5577 Diogeni
2718 5501 2941 5577 regerit,
2995 5517 3102 5555 non
3150 5501 3293 5577 satis
3337 5515 3401 5550 ex

1818 5570 2134 5646 philosophi
2182 5570 2416 5647 persona
2457 5570 2663 5635 locuto,
2700 5570 2830 5647 dum
2875 5573 3150 5628 fortunam
3181 5570 3396 5647 sapie_n-_

1820 5639 1907 5701 iim
1934 5639 2198 5715 sanieque
2227 5646 2396 5700 menti
2444 5647 2708 5717 prmtulit.
2739 5646 2929 5713 Itaque
2960 5651 3206 5717 repetere
3234 5639 3399 5691 malui

159 5712 221 5786 ad
268 5710 483 5786 animi.
499 5713 610 5781 Ego
644 5710 939 5781 utrumque
969 5714 1313 5786 malim,_nec
1360 5717 1467 5771 nisi
1519 5718 1716 5772 scribae
1815 5718 1917 5771 etsi
1959 5718 2011 5770 in
2045 5710 2295 5771 versione
2330 5710 2585 5774 eumdem
2620 5710 2863 5786 leporem
2887 5725 2942 5769 et
2977 5710 3241 5782 argutiam
3286 5724 3403 5763 scr-

160 5782 386 5859 inseitia,
440 5784 768 5851 alterutrum
812 5792 1145 5853 expunctum
1180 5784 1382 5846 fuisse:
1449 5788 1528 5844 sic
1562 5788 1711 5843 enim

1816 5804 1946 5843 vare
1972 5803 2078 5842 non
2108 5788 2280 5842 licuit.
