3964 6276
159 276 247 341 837

1435 272 1602 332 LOCI
1641 273 2074 337 COMMUNES.

3273 296 3383 362 838

229 391 349 455 Ἑρ.
383 386 454 438 δ’.
489 413 560 424 —-
587 382 646 434 ὐ
689 381 839 452 ἥλιος
880 379 955 452 μὴ
999 377 1262 432 ἐπιδυέτω
1288 378 1378 431 ἐπὶ
1404 379 1482 449 τῷ
1516 397 1712 450 παρορ-

1897 380 2087 452 Epiros.
2129 399 2202 447 iv,
2225 384 2316 447 26,
2342 386 2432 440 5t.
2456 413 2527 425 —
2547 385 2640 442 Sol
2669 402 2776 442 non
2799 393 3018 448 occidat
3060 409 3226 467 super
3272 401 3350 456 ira
3374 432 3384 443 -

161 478 324 550 γισμῴ
351 474 538 545 ὑμῶν·
571 473 704 541 μηδὲ
736 472 907 525 δίδοτε
935 471 1101 523 τόπον
1139 470 1216 539 τῷ
1247 470 1499 540 διαϐόλῳ.

216 571 364 622 Πᾶσα
410 566 612 636 πικρία
651 563 747 617 καὶ
800 561 939 632 ὀργὴ
987 560 1207 633 ἀρθήτω
1249 561 1343 630 ἀφ’
1391 561 1568 638 ὑμῶν,
1619 561 1715 614 σὺν

161 665 292 732 πάσῃ
328 659 520 729 κακίᾳ.

217 756 456 819 Παροιμ.
493 744 691 808 κζύ-
722 745 870 816 Βαρὺ
931 743 1077 808 λίθος
1101 785 1116 809 ,
1173 745 1266 798 καὶ
1311 743 1716 799 δυσδάστακτον

159 848 320 914 ἄμμος
339 861 352 874 ·
394 841 538 911 ὀργὴ
567 839 622 892 δὲ
649 839 885 909 ἄφρονος
913 836 1187 908 βαρυτέρα
1218 837 1568 908 ἀμφοτέρων.

217 937 452 1000 Παροιμ.
490 929 962 998 ις’.-Κρεῖσσον
1003 927 1144 999 ἀνὴρ
1180 927 1535 998 μακρόθυμος
1563 931 1713 1000 ίσχυ-

162 1023 244 1094 ροῦ
267 1040 280 1053 ·
311 1025 338 1076 ὀ
363 1023 421 1076 δὲ
457 1019 680 1091 κρατῶν
709 1017 900 1090 ὀργῆς,
947 1018 1023 1082 ὡς
1063 1017 1497 1088 καταλαμϐάνων
1537 1021 1710 1075 πόλιν.

217 1112 390 1181 Θυμὸς
420 1111 709 1182 βασιλέως,
752 1109 983 1178 ἄγγελος
1020 1108 1248 1163 θανάτου
1267 1124 1280 1138 ⁶
1313 1109 1450 1180 ἀνὴρ
1475 1110 1531 1164 δὲ
1555 1111 1717 1182 σοφὸς

159 1207 374 1273 ἑξιλάσει
403 1204 593 1258 αὐτόν.

215 1297 388 1366 Σῳὰχ
438 1293 518 1350 λ’.
545 1324 617 1334 -
657 1292 826 1366 Ὀργὴ
871 1293 968 1348 καὶ
1018 1291 1189 1364 Θυμὸς
1233 1292 1546 1350 ὲλαττοῦσιν
1582 1295 1716 1369 ἠμέ-

189 1408 266 1455 ας.
1003 1405 1007 1410 '

161 1410 421 1536 ραὲασιλ.
453 1509 529 1521 -
556 1477 922 1557 Ἀμυνόμενος
950 1476 1006 1532 δὲ
1052 1477 1145 1531 καὶ
1181 1479 1262 1541 είς
1301 1478 1413 1531 ἴσον
1459 1479 1717 1534 ἀντικαθ-

160 1574 428 1644 ιστάμενος
473 1570 557 1642 τῷ
617 1570 874 1641 λοιδόρῳ,
928 1569 980 1621 τί
1025 1570 1119 1623 καὶ
1177 1569 1528 1640 ἀπολογήσῃ;
1594 1570 1715 1624 Ὀτι

161 1664 422 1737 παρώξυνε
469 1662 788 1734 κατάρξας;
831 1661 942 1715 Καὶ
991 1661 1152 1724 ποίας
1175 1661 1333 1715 τοῦτο
1385 1660 1718 1733 συγγνώμης

1819 473 2078 527 cundiam
2109 483 2386 530 vestram:
2429 487 2485 532 et
2517 477 2689 534 nolite
2717 480 2900 536 locum
2935 484 3067 541 dare
3101 487 3341 547 diabolo.

1886 565 2080 620 Omnis
2109 568 2422 622 amaritudo
2459 578 2514 624 et
2561 571 2640 626 ira
2687 572 2911 629 tollatur
2962 592 2992 630 a
3046 579 3224 647 vobis,
3257 600 3383 640 cum

1817 657 1965 711 omni
1993 659 2221 713 malitia.

1887 745 2045 800 Prov.
2079 764 2248 811 xxvii,
2277 749 2413 804 5.-
2435 749 2634 808 Gravis
2662 761 2746 808 est
2788 754 2949 825 lapis,
2992 767 3050 812 et
3095 774 3237 830 aegre
3260 778 3384 832 por-

1818 836 2005 892 tabilis
2037 854 2203 894 arena
2229 858 2242 893 :
2275 841 2372 895 sed
2401 841 2482 896 ira
2521 844 2678 898 stulti
2706 846 2927 915 gravior
2951 859 3212 921 utroque.

1888 928 2046 984 Prov.
2079 948 2189 998 xvr,
2222 932 2605 990 52.—Melior
2634 945 2721 991 est
2759 937 2844 992 vir
2879 940 3042 1005 lenis,
3079 942 3206 998 forti
3239 962 3252 998 :
3290 946 3384 1016 qui

1817 1029 2003 1075 autem
2027 1021 2124 1076 irae
2146 1022 2487 1089 dominatur,
2523 1025 2670 1081 sicut
2698 1028 2792 1098 qui
2824 1029 3020 1084 urbem
3047 1033 3214 1102 capit.

1887 1114 1972 1168 Ira
2007 1115 2172 1185 regis,
2206 1115 2432 1172 nuntius
2459 1119 2688 1175 mortis:
2717 1122 2804 1175 vir
2821 1132 3005 1178 autem
3029 1126 3249 1194 sapiens
3271 1127 3383 1197 pla-

1816 1204 1968 1260 cabit
1995 1221 2138 1260 eam.

1887 1297 2056 1353 Ecch'.
2089 1315 2218 1363 xxx,
2244 1299 2335 1356 26.
2362 1331 2430 1343 -—
2455 1301 2540 1357 Ira
2565 1313 2622 1358 et
2643 1302 2799 1359 furor
2822 1305 3078 1361 minuunt
3101 1307 3239 1363 dies.

1884 1475 2334 1531 Basilii.—Dum
2361 1492 2529 1547 porro
2563 1478 2870 1545 ulcisceris,
2907 1496 3116 1552 parque
3145 1482 3264 1552 pari
3295 1499 3384 1538 re-

1817 1565 1934 1622 fers
1963 1565 2344 1630 convitiatori,
2391 1569 2524 1638 quid
2582 1570 2958 1625 excusationis
3007 1571 3384 1627 habebis?An

1817 1655 1967 1726 quod
1996 1655 2150 1725 prior
2180 1655 2270 1711 ille
2298 1657 2648 1713 irritaverit?
2676 1658 2782 1714 Sed
2806 1659 2949 1714 istud
2980 1677 3088 1730 qua
3121 1663 3278 1716 venia
3301 1663 3386 1716 di-

161 1759 327 1824 ᾶξιον;
365 1755 503 1810 οὐδὲ
533 1755 644 1827 γὰρ
674 1757 704 1808 ό
728 1754 927 1826 πόρνος
953 1753 1048 1806 ἐπὶ
1090 1753 1189 1823 τὴν
1230 1753 1453 1823 ἑταίραν
1489 1770 1712 1824 μετατι-

1831 1761 1983 1817 gnum
2019 1747 2147 1801 est?
2170 1747 2358 1818 Neque
2377 1749 2528 1804 enim
2558 1761 2861 1817 scortator,
2888 1752 3018 1806 dum
3047 1753 3104 1808 in
3129 1756 3386 1809 meretri-

161 1851 255 1914 θεὶς
283 1850 376 1918 τὴν
416 1848 625 1914 αίτίαν,
668 1848 744 1911 ὡς
780 1846 918 1918 πρὸς
961 1845 1060 1917 τὴν
1099 1847 1374 1918 ἁμαρτίαν
1413 1845 1714 1918 διερεθίσα-

162 1961 264 2008 σαν,
286 1937 443 2014 ἦττον
466 1943 571 2012 τῆς
598 1941 979 2012 κατακρίσεως
1007 1939 1270 2008 ἀξιοῦται.

219 2036 277 2088 Τί
312 2037 479 2105 ὀργῆς
525 2032 968 2104 ἀφρονέστερονς
1009 2032 1136 2087 Ἐὰν
1168 2031 1370 2103 ’μείνῃς
1420 2032 1710 2103 ἀόργητος,

161 2128 376 2198 ᾔσχυνας
404 2127 477 2181 τὰ
510 2126 837 2197 ὑϐρίσαντα,
868 2125 1016 2195 ἔργῳ
1062 2124 1162 2198 τὴν
1203 2125 1558 2197 σωφροσύνην
1589 2129 1714 2181 ἐπι-

163 2220 465 2290 δειξαμενος.

222 2313 388 2382 Θυμὸς
418 2311 628 2382 ἐγείρει
657 2309 860 2382 μάχην,
895 2310 1039 2380 μάχη
1063 2308 1120 2362 δὲ
1137 2311 1302 2380 γεννᾷ
1333 2308 1600 2381 λοιδορίας
1619 2325 1632 2340 °
1655 2311 1712 2364 αί

166 2403 212 2457 δὲ
238 2403 503 2474 λοιδορίαι,
543 2402 762 2472 πληγάς
783 2418 796 2432 ’
847 2401 1055 2472 πληγαὶ
1083 2401 1140 2455 δὲ
1168 2400 1463 2473 τραύματα
1485 2417 1498 2431 ·
1540 2403 1603 2456 ὲκ
1652 2402 1710 2456 δὲ

165 2496 484 2566 τραυμάτων,
529 2494 799 2558 πολλάκις
831 2493 1084 2557 θάνατος.

226 2587 605 2655 Θεολότου.-
626 2583 763 2640 Οὔτε
793 2584 1047 2655 στέφανοι
1075 2585 1244 2659 χωρὶς
1269 2585 1707 2658 ἀνταγωνιστῶν

169 2678 268 2732 οὔτε
299 2679 489 2750 πτῶμα
516 2680 696 2750 χωρὶς
723 2677 1040 2732 ἀντιπάλου.

225 2854 418 2924 Τυφλδν
445 2855 474 2907 ὁ
508 2853 688 2924 θυμὸς
725 2853 822 2907 καὶ
868 2851 1155 2917 ἐπίλυπον,
1187 2852 1284 2908 καὶ
1319 2854 1556 2926 μάλιστα
1582 2855 1709 2908 ὅταν

170 2945 218 3000 τὺ
239 2947 442 3009 δικαίως
471 2949 811 3016 ἀγανακτεῖν
852 2949 1026 3018 παρῇ.

1815 1853 1935 1894 cem
1971 1837 2188 1894 confert
2214 1842 2453 1911 culpam,
2484 1841 2630 1911 quod
2669 1841 2759 1898 illa
2803 1844 2869 1898 ad
2907 1853 3197 1914 peceatum
3247 1846 3384 1901 inci-

1816 1933 2040 1997 taverit,
2065 1931 2406 1987 damnationi
2435 1951 2549 1989 sua:
2576 1935 2877 2005 quidquam
2912 1937 3178 1992 detrahit.

1882 2022 2024 2090 Quid
2053 2024 2132 2079 ira
2161 2024 2511 2081 dementius?
2539 2027 2677 2081 Iram
2707 2026 2752 2081 si
2779 2028 3140 2092 continueris,
3170 2029 3386 2099 injuriaa

1812 2121 2099 2167 auctorem
2135 2115 2345 2185 pudore
2385 2115 2638 2181 affecisti,
2674 2116 2766 2186 qui
2789 2117 2990 2173 mentis
3034 2118 3231 2174 sobria:
3266 2119 3385 2190 ipso

1811 2219 1980 2275 opere
2010 2207 2290 2277 specimen
2324 2207 2440 2278 ipse
2471 2208 2735 2264 edideris.

1882 2297 1966 2352 Ira
1995 2299 2200 2354 excitat
2233 2300 2430 2366 rixam,
2481 2301 2599 2356 rixa
2635 2301 2782 2372 parit
2831 2301 3110 2368 convitia;
3144 2301 3385 2356 convitia

1812 2389 2134 2456 ictus,ictus
2152 2395 2401 2458 vulnera,
2433 2410 2536 2450 nec
2571 2411 2698 2450 raro
2754 2395 2979 2450 vulnera
3022 2410 3174 2450 mors
3191 2411 3384 2450 conse-

1813 2484 2023 2554 quitur.

1883 2576 2145 2648 Theologi.
2172 2606 2240 2617 —
2265 2577 2378 2632 Nec
2401 2593 2608 2632 corona
2659 2577 2824 2633 datur
2867 2578 2988 2635 sine
3028 2581 3384 2645 adversariis,

1813 2684 1918 2728 nec
1956 2669 2077 2726 sine
2137 2669 2497 2727 colluctatore
2541 2671 2832 2743 quisquam
2881 2673 3152 2730 sternitur
3209 2673 3385 2731 cadit-

1813 2781 1944 2836 que.

1882 2857 1964 2911 lra
1994 2872 2084 2912 res
2119 2872 2261 2912 czeca
2294 2865 2460 2912 estet
2486 2858 2867 2914 molestiarum
2899 2861 3085 2929 plena,
3115 2872 3172 2918 et
3213 2863 3386 2918 maxi-

1809 2965 1898 3004 me
1930 2966 2055 3004 cum
2079 2965 2242 3004 causa
2282 2949 2605 3019 indignandi
2631 2951 2780 3022 justa
2819 2945 3032 3008 subest.

229 3041 504 3106 Χρυσοστ.
539 3069 616 3080 -
645 3040 814 3092 Ὅταν
843 3040 902 3092 σέ
942 3057 1026 3103 τις
1061 3039 1278 3111 ὑϐρίσῃ,
1320 3040 1573 3107 ἐννόησον
1599 3039 1698 3110 τὴν

1882 3040 2153 3112 Chrysost.
2175 3039 2318 3095 -Si
2351 3040 2475 3109 quis
2508 3041 2564 3094 in
2598 3048 2649 3095 te
2695 3041 3133 3096 contumeliosus
3160 3044 3386 3098 exstite-

171 3130 357 3183 κόλασιν
403 3133 468 3202 ἣν
525 3129 863 3194 κολάζεται·
929 3130 1025 3183 καὶ
1083 3130 1144 3183 ού
1207 3130 1368 3198 μόνον
1417 3131 1513 3199 οὐχ
1561 3129 1705 3194 ἕξεις

1831 3133 1880 3188 ’ἰι
1907 3149 1972 3188 ac
2002 3133 2264 3204 injuriam
2291 3132 2509 3198 fecerit,
2543 3133 2722 3204 cogita
2773 3135 2894 3205 ejus
2913 3134 3221 3213 cruciatum
3250 3151 3266 3200 ;
3298 3151 3382 3199 ac,

171 3221 334 3293 ὀργὴν,
373 3223 504 3277 ἀλλὰ
555 3223 656 3277 καὶ
688 3223 902 3290 δάκρυα
951 3223 1203 3292 ἀφήσεις.
1264 3221 1399 3275 Οὐδὲ
1436 3222 1545 3293 γὰρ
1571 3223 1708 3292 πρὸς

171 3312 470 3380 πυρέττοντά
508 3330 600 3376 τις
655 3311 1043 3384 παροξύνεται,
1076 3309 1200 3364 οὕτε
1250 3311 1387 3381 πρὸς
1420 3311 1510 3364 τὸν
1544 3311 1708 3380 φλεγ-

92 3457 96 3460 ,
175 3402 397 3468 μαίνοντα
449 3403 572 3459 ἀλλ’
606 3403 748 3456 ἐλεεῖ
777 3404 998 3465 πάντως
1025 3403 1122 3456 καὶ
1151 3402 1394 3473 δακρύει.
1435 3404 1497 3455 Εἰ
1529 3403 1584 3456 δὲ
1613 3405 1708 3459 καὶ

171 3485 442 3561 ἀμύνασθαι
472 3494 681 3564 βούλει,
713 3495 956 3563 σίγησον,
991 3494 1084 3548 καὶ
1115 3495 1338 3565 καιρίαν
1367 3495 1576 3559 ἔδωκας
1611 3497 1708 3550 αύ-

174 3582 237 3652 τῷ
263 3585 348 3654 τὴν
375 3587 613 3658 πληγήν.
641 3588 744 3638 Ἂν
798 3585 854 3638 δὲ
901 3584 1120 3657 δηχθεὶς
1172 3584 1422 3658 ὑϐρίσῃς,
1460 3586 1704 3657 ἀναγκά-
1743 3609 1746 3612 '

177 3673 267 3737 ζεις
293 3677 454 3748 ἀληθῆ
496 3677 819 3748 νομίζεσθαι
849 3677 918 3731 τὰ
972 3677 1260 3748 λεγόμενα.
1320 3679 1472 3731 Διατὶ
1525 3681 1634 3751 γὰρ
1679 3683 1707 3735 ό

176 3763 393 3829 πλούσιος
424 3767 643 3821 ἀκούων
673 3768 755 3820 ὅτι
784 3765 955 3836 πένης
983 3765 1124 3829 ἐστὶ,
1158 3765 1330 3836 γελᾷ;
1367 3767 1448 3819 ὅτι
1483 3767 1558 3839 μὴ
1585 3768 1710 3822 σύν-

176 3853 292 3908 οιδεν
328 3856 495 3928 ἑαυτῷ
521 3857 740 3910 πενίαν.
769 3857 832 3909 El
860 3855 1039 3909 τοίνυν
1076 3857 1343 3927 μέλλομεν
1374 3845 1539 3930 γελᾷν
1561 3876 1576 3891 ο
1615 3861 1710 3914 ἐπὶ

175 3947 272 4008 ταῖς
297 3946 489 4017 ὕϐρεσι,
525 3949 796 4019 μεγίστην
818 3947 1096 4013 ἀπόδειξιν
1123 3949 1494 4020 παρεξόμεθα,
1538 3952 1599 4006 τδ
1631 3953 1707 4025 μὴ

178 4037 435 4092 συνειδέναι
471 4042 590 4103 τοῖς
613 4038 948 4109 λεγομένοις.

1805 3224 2010 3278 nedum
2045 3241 2154 3278 non
2186 3224 2462 3288 irasceris,
2489 3224 2582 3279 sed
2617 3235 2672 3279 et
2700 3225 2972 3297 lacrymas
2996 3225 3230 3281 fuderis.
3272 3227 3384 3282 Nec

1805 3316 1956 3372 enim
1983 3315 2259 3384 quispiam
2289 3314 2499 3368 febrem
2529 3314 2768 3383 patienti
2793 3315 3073 3380 irascitur,
3093 3323 3186 3368 aut
3212 3315 3262 3369 ei
3288 3315 3383 3384 qui

1807 3416 2026 3462 tumore
2049 3408 2274 3476 languet
2297 3422 2361 3461 ac
2398 3406 2790 3474 inflammatur,
2823 3407 2916 3461 sed
2962 3422 3190 3476 prorsus
3215 3408 3385 3463 mise-

1814 3507 1970 3553 retur
2007 3497 2252 3566 fletuque
2282 3498 2660 3567 prosequitur.
2692 3496 2786 3552 Sin
2835 3507 3019 3552 autem
3045 3498 3211 3552 etiam
3246 3498 3384 3552 ulci-

1813 3590 1891 3644 sci
1919 3589 2024 3654 vis,
2058 3588 2179 3652 sile,
2211 3603 2541 3659 gravemque
2577 3587 2627 3641 ei
2658 3587 2860 3641 dedisti
2886 3588 3121 3657 plagam.
3146 3587 3298 3653 Quod
3335 3587 3380 3641 si

1812 3683 2045 3738 convitii
2095 3696 2263 3737 sensu
2315 3685 2670 3748 exasperatus
2730 3678 2987 3748 injuriam
3048 3677 3380 3748 regeris,tu

1812 3774 1928 3843 ipse
1953 3788 2017 3828 ea
2045 3787 2168 3842 quae
2208 3772 2263 3825 in
2294 3780 2346 3825 te
2375 3769 2661 3832 dicuntur,
2689 3783 2818 3822 vera
2843 3767 3148 3822 existimari
3206 3769 3376 3838 cogis.

1809 3861 1946 3916 Nam
1978 3877 2101 3926 cur,
2130 3877 2284 3932 rogo,
2313 3861 2359 3915 si
2411 3861 2538 3930 quis
2571 3861 2750 3914 virum
2783 3858 3010 3912 divitem
3037 3873 3101 3912 ac
3148 3859 3380 3927 epulen~

1811 3964 1950 4022 tum,
1981 3969 2278 4026 pauperem
2323 3953 2545 4016 dixerit,
2583 3953 2630 4007 is
2676 3952 2814 4014 risu,
2864 3948 3014 4019 quod
3044 3948 3120 4002 ita
3169 3949 3380 4004 dictum

1808 4056 1915 4112 est,
1945 4046 2180 4116 excipit!
2211 4045 2369 4112 Quod
2399 4045 2660 4098 nimirum
2717 4042 2823 4096 sibi
2873 4041 2989 4109 ipse
3042 4042 3380 4110 paupertatis

177 4126 367 4184 minime
421 4131 682 4187 conscius
727 4138 832 4184 est.
872 4129 965 4184 Sic
1020 4127 1212 4200 igitur,
1258 4131 1304 4186 si
1337 4148 1440 4202 pro
1493 4133 1738 4205 injuriis,
1777 4151 1900 4205 qua:
1964 4138 2300 4208 irrogantur,
2337 4136 2510 4190 risum
2563 4133 2720 4204 593
2764 4131 3200 4201 reposuerimus,
3241 4131 3381 4188 nihil

176 4231 258 4273 nos
283 4236 458 4278 eorum
497 4239 628 4295 quae
673 4223 1018 4293 objiciuntur
1071 4224 1325 4279 conscios
1378 4239 1522 4291 esse,
1556 4235 1714 4280 certo
1751 4228 2047 4283 admodum
2081 4236 2408 4299 argumento
2440 4226 2816 4296 probabimus.

231 4314 374 4367 Οὐδὲν
419 4316 564 4371 οὓτω
593 4316 945 4388 καθαρότητα
977 4316 1069 4370 νοῦ
1099 4318 1193 4371 καὶ
1235 4317 1296 4371 τὺ
1328 4318 1524 4384 διειδὲς
1557 4321 1706 4376 Θολοῖ

1882 4323 2031 4378 Nihil
2072 4338 2227 4393 aeque
2257 4322 2463 4377 mentis
2491 4321 2789 4390 puritatem
2817 4313 3174 4387 lucidumque
3209 4321 3378 4375 animi

175 4404 223 4455 τὸ
244 4405 336 4459 τῶν
359 4408 592 4479 φρενῶν,
622 4408 697 4472 ὡς
725 4408 898 4478 θυμὸς
927 4408 1181 4474 ἄτακτος,
1212 4411 1310 4464 καὶ
1341 4411 1480 4482 μετὰ
1505 4413 1705 4486 πολλῆς

1831 4414 2028 4469 iculum
2065 4413 2274 4477 turbat,
2307 4427 2369 4467 ac
2400 4411 2483 4467 ira
2533 4409 2846 4466 inordinata
2881 4416 2936 4464 et
3002 4424 3124 4479 qua:
3182 4425 3379 4482 magno

175 4493 258 4564 τῆς
293 4499 458 4571 ῥύμης
495 4501 823 4572 φερόμενος.

233 4587 594 4664 Εύτονωτέρας
624 4593 718 4645 ἐπὶ
742 4595 842 4663 τῆς
887 4593 1059 4663 ὀργῆς
1088 4593 1367 4664 χρῄζομεν
1405 4594 1506 4666 τῆς
1536 4612 1707 4649 σπου-

176 4674 273 4747 ἤς.
299 4681 630 4754 Τυραννικδν
665 4685 774 4756 γὰρ
799 4684 861 4738 τὸ
888 4684 1078 4748 πάθος,
1112 4685 1209 4738 καὶ
1241 4686 1500 4751 πολλάκις
1530 4705 1709 4760 παρα-

177 4768 308 4839 σύρει
329 4776 451 4838 τοὺς
481 4776 558 4848 μὴ
582 4778 878 4847 νήφοντας,
908 4777 1161 4850 καὶπρὸς
1187 4777 1247 4832 τὸ
1269 4778 1544 4851 βάραθρον
1573 4781 1708 4835 αὐτὸ

176 4863 369 4931 κατάγει
403 4868 499 4938 τῆς
525 4868 838 4934 ἀπωλείας..

243 4955 468 5025 Ὀργίλος
528 4957 579 5014 εί
618 4978 633 5026 ;
669 4961 761 5015 ἔσο
805 4961 948 5015 κατὰ
988 4962 1090 5034 τὴν
1132 4963 1242 5017 τῶν
1293 4964 1706 5035 ἁμαρτημάτων

178 5042 269 5095 τῶν
293 5051 478 5105 σαυτοῦ
513 5051 755 5117 τοιοῦτος
782 5069 797 5084 ·
835 5052 1141 5125 ὲπίπληττε
1167 5057 1234 5126 τῇ
1281 5053 1426 5126 ψυχῇ
1460 5071 1475 5085 ·
1512 5055 1708 5126 μάστιε

1803 4504 2016 4574 impctu
2047 4511 2325 4573 erumpat.

1872 4595 2202 4651 Contentior
2231 4593 2394 4648 nobis
2427 4592 2712 4663 diligentia
2742 4592 2797 4646 in
2821 4591 2902 4646 ira
2927 4590 3240 4647 adhibenda
3272 4603 3372 4648 est.

1803 4689 2061 4746 Violenta
2090 4687 2237 4742 enim
2257 4687 2439 4757 passio
2465 4696 2578 4752 est;
2615 4700 2716 4740 nec
2755 4700 2880 4739 raro
2903 4693 3249 4739 transversos
3265 4687 3378 4754 agit

1807 4780 1903 4849 qui
1927 4779 2113 4833 minus
2139 4777 2308 4832 sobrii
2345 4777 2476 4842 sint,
2508 4787 2564 4832 et
2596 4777 2664 4832 ad
2698 4776 2875 4846 ipsum
2909 4774 3237 4844 perditionis
3275 4775 3374 4829 ba-

1807 4871 2059 4926 rathrum
2097 4869 2365 4924 detrudit.
2958 4881 2968 4892 '

1877 4961 2184 5017 Iracundus
2205 4960 2310 5015 es?
2336 4960 2483 5015 Talis
2525 4970 2648 5016 esto
2685 4962 2948 5017 adversus
2996 4971 3220 5032 peccata
3249 4967 3372 5011 tua:

1804 5053 2052 5108 animum
2089 5053 2350 5121 increpa:
2387 5053 2532 5107 czede
2582 5053 2930 5108 conscientiae
2967 5053 3198 5123 ﬂagello.
3245 5050 3373 5104 Esto

178 5131 225 5194 ξε
272 5139 331 5208 τῇ
377 5141 671 5215 συνειδήσει
708 5159 803 5196 σου
840 5141 941 5214 (a).
985 5142 1225 5215 Σφοδρδς
1269 5145 1362 5197 ἔσο
1390 5145 1585 5216 κριτὴς
1613 5147 1705 5199 καὶ

1831 5145 2110 5201 'ehemens
2147 5144 2494 5213 acerbusque
2528 5143 2699 5213 judex
2746 5152 2910 5212 atque
2946 5153 3173 5198 exactor
3203 5144 3255 5198 in
3280 5143 3375 5196 tle-

1644 5232 1874 5289 ΝΟΤᾸΞ.

179 5301 336 5384 Egilia
385 5299 485 5354 alia
532 5302 689 5384 aliis,
754 5304 911 5384 quasi
967 5302 1246 5384 malorum.
1285 5303 1518 5384 quadam
1569 5306 1712 5359 serie

178 5361 314 5444 Pollis
338 5382 575 5444 conserta
615 5361 745 5438 vita,
772 5361 835 5444 in
888 5389 1123 5444 quorum
1157 5373 1279 5428 aliis
1303 5361 1563 5427 laliorum
1592 5389 1707 5429 tne-

180 5440 377 5512 mlﬂisse
401 5440 585 5512 juvat:
622 5459 731 5512 quo
759 5440 1045 5497 facitillud
1077 5452 1278 5512 poetae:

237 5499 430 5596 9”
459 5499 702 5596 grauiora
770 5513 914 5596 dgbit
944 5499 1092 5596 Deus.
1111 5514 1188 5566 his
1215 5529 1420 5596 quoque
1454 5513 1637 5596 ﬁnem.

239 5527 274 5553 υ
299 5527 425 5572 pum
445 5527 741 5632 grauiora!
770 5527 914 5568 datm
944 5527 1082 5566 Deus
1111 5527 1188 5566 ms
1215 5529 1420 5596 quoque
1454 5527 1637 5581 prtem.

239 5568 306 5638 (⁸⁸)
332 5574 442 5640 Q00
503 5581 748 5654 habebat
797 5583 962 5638 Gesn.
983 5583 1236 5654 pigetve
1269 5601 1346 5654 τῳ
1404 5584 1711 5654 συνειδήσει

187 5649 284 5724 ‘f'f'f’v
325 5651 756 5724 .Ctnendabatque
811 5654 873 5706 τὸ
932 5649 1530 5724 συνειδόςξσουζβαθνὶε
1573 5649 1710 5706 crede

190 5719 546 5788 conscientiam,
602 5719 819 5779 meliori
879 5733 1016 5795 puto
1069 5719 1382 5794 conjectura
1424 5719 1706 5789 'rcstituo,

1819 5303 1934 5359 sola
1961 5302 2180 5357 articuli
2225 5300 2622 5370 compositione
2672 5317 2795 5356 eum
2853 5319 2953 5357 suo
3005 5303 3369 5358 substantive.
3441 5343 3446 5351 .

1807 5373 2118 5428 lnauditum
2158 5386 2289 5426 sane
2320 5370 2451 5424 caedi
2507 5373 2589 5424 vel
2626 5373 2882 5435 συνειδός,
2909 5375 2992 5427 vel
3049 5373 3369 5442 συνείδησιν.

1806 5443 1954 5512 quod
1985 5454 2282 5508 utrumque
2309 5449 2393 5512 est
2437 5443 2774 5512 conscientia,
2809 5460 2916 5496 non
2963 5444 3195 5503 medere,
3255 5458 3374 5509 qua:

1807 5510 2548 5582 semperincorruptajudex
2586 5512 2676 5572 sit,
2721 5512 2862 5567 etde
2894 5513 3036 5566 malo
3068 5526 3375 5582 remurmu—

1808 5579 2218 5648 ret,'ofliciique
2253 5579 2578 5650 admoneat:
2611 5598 2720 5650 quo
2747 5582 2884 5646 nihil
2937 5581 3295 5650 communius
3316 5581 3372 5633 in

1808 5651 2057 5723 doctrina
2074 5665 2327 5723 _mo_rum,
2350 5649 2596 5723 nisi.ipsa
2627 5649 2913 5723 peregrina
2943 5661 3024 5707 est
3069 5665 3176 5704 non
3227 5649 3373 5704 mili-

1809 5723 1944 5778 tanti
1987 5722 2040 5775 in
2074 5719 2333 5774 Ecclesia:
2357 5721 2567 5775 castris.
