3964 6276
318 352 438 421 849

1633 341 1803 404 LOCI
1842 340 2281 403 COMMUNES.

3482 341 3619 407 850‘

414 464 804 531 Ὀνιιδίζοντος
852 460 1003 532 αὐτῷ
1038 476 1208 524 τινος,
1239 459 1323 512 ὅτι
1367 456 1431 511 τὸ
1473 455 1647 526 στόμα
1672 450 1908 514 δυσῶδες

2081 452 2462 523 Exprobraute
2479 454 2717 523 quodam
2739 454 2887 524 quod
2918 470 3014 510 ore
3037 456 3207 511 fetido
3228 467 3395 525 esset,
3427 461 3592 525 Sane,

324 557 477 633 εῐχςο
514 558 695 614 ηολλά
726 556 861 630 γὰρ,
891 550 1071 621 εἷπεν,
1102 550 1254 623 αὐτῷ
1296 550 1406 606 τῶν
1445 548 1776 621 ἀπορρήτων
1814 544 1909 612 ἑγ-

323 672 465 709 κατε
474 653 643 724 σάπῃ.

678 866 679 869 η
885 829 1105 883 ΛΟΓΟΣ
1145 828 1253 882 KA'
1292 827 1359 882 δ’.

516 920 659 993 Περὶ
682 920 1289 992 πολυπραγμοσύνης
1318 918 1417 974 καὶ
1443 916 1730 987 ἡσυχίας.

400 1128 589 1181 Am.
636 1128 691 1177 ι’.
721 1150 792 1164 -
836 1121 1059 1193 Μάρθα,
1095 1119 1321 1191 Μάρθα,
1356 1118 1626 1191 μεριμνᾷς
1654 1115 1748 1168 καὶ
1784 1130 1913 1185 τυρ-

323 1214 478 1287 ϐἀζῃ
505 1214 639 1284 περὶ
670 1212 865 1267 πολλὰ.
910 1210 1059 1276 Ἐνὺς
1106 1210 1164 1264 δέ
1214 1212 1333 1263 ἐστι
1390 1209 1579 1280 χρεία·
1623 1207 1812 1278 Μαρία
1854 1205 1912 1258 δὲ

322 1306 432 1379 τὴν
460 1306 675 1377 ἀγαθὴν
712 1304 907 1379 μερίδα
933 1304 1236 1369 ἐξελέξατο,
1268 1303 1391 1373 ἥτις
1419 1302 1518 1355 οὐκ
1548 1299 1915 1371 ἀφαιρεθήσε-

323 1417 424 1455 ται
461 1400 561 1455 ἀπ’
581 1398 776 1471 αὐτῆς.

399 1495 465 1549 A'
490 1492 629 1548 θεσ.
652 1489 1112 1564 ὅπη-Παρακαλῶ
1138 1484 1238 1545 οὖν
1261 1489 1427 1560 ὑμᾶς,
1462 1486 1703 1557 ἀδελφοὶ,
1727 1502 1913 1560 περισ-

324 1585 517 1640 σεύειν
580 1583 784 1655 μᾶλλον
835 1585 930 1639 καὶ
977 1582 1384 1655 φιλοτιμεῖσθαι
1436 1581 1760 1654 ήσυχάςειν,
1817 1580 1912 1635 καὶ

323 1680 602 1753 πράσσειν
621 1681 689 1734 τὰ
720 1680 847 1743 ἴδια,
874 1678 969 1733 καὶ
999 1676 1329 1748 ἐργάξεσθαι
1358 1678 1477 1740 ταῖς
1510 1675 1700 1748 χερσὶν
1733 1675 1909 1746 ὑμῶν.

2009 541 2115 610 ait,
2140 543 2312 599 multa
2343 544 2403 600 in
2429 559 2502 601 eo
2532 554 2745 601 secreta
2773 556 3188 617 computruere.

2590 816 2828 877 SERMO
2864 818 3006 875 XXI.

2016 905 2095 962 De
2142 908 2453 983 curiositate
2497 912 2934 983 negotiorumque
2988 914 3344 971 sollicitudine
3371 958 3384 983 ,
3432 926 3485 972 et
3528 920 3593 974 de

2365 982 2538 1052 quiete
2569 991 2730 1054 atque
2764 982 2930 1040 ab’eis
2954 988 3248 1043 uacatione.

2086 1113 2212 1171 Luc.
2248 1133 2303 1181 ι,
2340 1117 2427 1173 41.
2464 1149 2537 1159 -
2564 1118 2798 1186 Martha,
2830 1121 3040 1179 Martha
3102 1123 3341 1178 sollicita
3396 1140 3479 1192 es,
3540 1134 3597 1182 et

2015 1210 2263 1266 turbaris
2288 1226 2417 1284 erga
2467 1214 2726 1283 plurima.
2760 1216 2932 1270 Porro
2986 1232 3158 1272 unum
3208 1227 3296 1273 est
3336 1233 3595 1275 necessa-

2014 1303 2183 1358 rium.
2220 1304 2384 1360 Maria
2414 1307 2680 1376 optimam
2703 1318 2912 1379 partem
2933 1310 3123 1378 elegit,
3151 1327 3274 1381 quae
3301 1328 3413 1367 non
3438 1313 3593 1368 aufe-

2013 1409 2171 1455 retur
2195 1399 2270 1456 ab
2305 1417 2391 1456 ea.

2088 1493 2115 1547 1
2145 1494 2321 1548 Thess.
2354 1510 2427 1561 Iv,
2473 1495 2562 1549 il.
2597 1525 2663 1534 —
2691 1496 2846 1565 Rogo
2877 1494 3060 1566 itaque
3108 1511 3229 1561 vos,
3276 1496 3492 1560 fratres,
3536 1508 3599 1553 ut

2017 1586 2316 1642 abundetis
2357 1587 2531 1658 magis
2560 1629 2573 1652 ,
2603 1596 2660 1643 et
2704 1602 2929 1658 operam
2957 1584 3099 1643 detis
3133 1598 3193 1643 ut
3242 1589 3414 1659 quieti
3453 1590 3593 1650 sitis.

2015 1688 2072 1736 et
2102 1683 2409 1751 operemini
2447 1681 2705 1737 manibus
2747 1683 2967 1737 vestris.

415 1775 565 1838 Ἰὼϐ,
597 1780 691 1831 ια’.
744 1803 816 1815 -
857 1771 1206 1843 Ἢσυχάσεις,
1243 1771 1338 1825 καὶ
1368 1770 1469 1824 οὐκ
1506 1769 1660 1824 ἔσται
1691 1769 1727 1835 ὁ⁴
1751 1770 1911 1823 πολε-

2084 1748 2183 1829 Job
2238 1791 2311 1839 xi,
2346 1776 2428 1830 15.
2463 1775 2839 1843 —Quiesces,
2889 1783 3086 1831 etnon
3130 1775 3239 1831 erit
3290 1775 3385 1846 qui
3424 1790 3599 1847 oppu-

324 1879 452 1935 μων
484 1881 568 1918 σε.

410 1956 564 2022 Ἰὼϐ,
608 1956 723 2012 .16'.
784 1986 856 1997 ——
908 1954 1241 2026 Καταγελῶν
1296 1952 1622 2025 πολυοχλίαν
1682 1950 1912 2019 πόλεως,

320 2048 546 2118 μέμψιν
570 2044 867 2119 φορολόγου
898 2046 999 2099 οὐκ
1034 2044 1251 2100 ἀκούει.

402 2145 586 2213 Σιρὰχ
642 2150 736 2198 ια’.
767 2173 835 2183 -
888 2142 1113 2209 Τέκνον,
1152 2142 1229 2213 μὴ
1274 2140 1407 2214 περὶ
1441 2140 1617 2195 πολλὰ
1670 2138 1915 2194 ἔστωσαν

313 2238 389 2291 αι
446 2238 678 2309 πράξεις
741 2252 873 2292 σουο
912 2234 1011 2291 saw
1061 2231 1172 2308 γάρ
1228 2234 1532 2309 πληθύνῃς,
1578 2236 1684 2290 οὐκ
1736 2234 1914 2300 sese;

314 2331 452 2403 ἐστι.

405 2424 749 2480 Buculeius).
785 2454 856 2467 —-—
886 2425 1099 2494 Ὥσπερ
1130 2422 1241 2494 γὰρ
1271 2421 1341 2476 τά
1385 2421 1555 2495 θηρία
1606 2420 1916 2491 εὐκαταγώ-

314 2519 493 2572 νιστά
551 2521 659 2573 εἱσι
702 2516 1169 2590 καταψηχθὲντασ
1231 2515 1408 2581 οὕτως
1484 2517 1771 2589 ἐπιθυμίαι
1818 2517 1914 2572 καὶ

314 2613 497 2684 ὀργαὶ
535 2612 629 2667 καὶ
676 2611 830 2683 φόϐοι
880 2612 976 2666 καὶ
1001 2610 1190 2677 λύπαι,
1240 2612 1312 2666 τὰ
1369 2611 1551 2666 ίοσὸλα
1591 2612 1689 2683 τῆς
1735 2610 1916 2683 ψυχῆς

318 2707 506 2772 κακὰ,
548 2706 988 2763 κατευνασθέντα
1026 2708 1115 2761 διά
1155 2708 1255 2779 τῆς
1284 2706 1539 2780 ἡσυχίας,
1572 2706 1665 2760 καὶ
1721 2703 1796 2777 μὴ
1829 2703 1916 2770 ἐξ-

321 2798 736 2870 αγριαινόμενα
791 2797 871 2869 τῷ
908 2799 1125 2870 συνεχεῖ
1179 2798 1483 2873 ἐρεθισμῷ,
1539 2798 1916 2866 εὑκαταγωνι-

322 2892 565 2960 στότερα
601 2894 667 2963 τῇ
704 2892 934 2964 δυνάμει
958 2893 1053 2948 τοῦ
1085 2894 1247 2965 λόγου
1279 2894 1509 2963 γίνεται.

417 2981 650 3051 Ἡσυχία
719 2981 813 3036 οὖν
861 2982 1005 3056 ἀρχὴ
1055 2984 1379 3056 καθάρσεως
1426 2986 1493 3057 τῇ
1549 2982 1719 3055 ψυχῇ,
1776 2981 1911 3055 μήτε

322 3073 591 3144 γλώσσης
618 3074 889 3145 λαλούσης
916 3076 986 3130 τά
1019 3076 1129 3130 τῶν
1156 3076 1483 3149 ἀνθρώπων,
1528 3079 1667 3149 μήτε
1714 3075 1917 3147 ὁφθαλ-
1944 3101 1988 3160 c

322 3168 457 3239 μῶν
506 3169 762 3239 εὖχροίας
813 3169 1083 3240 σωμάτων
1116 3171 1211 3224 καὶ
1253 3170 1597 3242 συμμετρίας
1656 3186 1915 3239 περισκο-

325 3261 607 3327 πούντων,
645 3262 783 3333 μήτε
812 3262 982 3333 ἀκοῆς
1014 3262 1106 3316 τὸν
1142 3262 1297 3316 τόνον
1342 3262 1442 3335 τῆς
1484 3262 1662 3334 ψυχῆς
1691 3261 1918 3316 ἐκλυού-

331 3372 443 3427 σης
476 3356 535 3409 ὲν
563 3355 826 3427 ἀκροάσει
866 3356 1047 3429 μελῶν
1072 3356 1211 3429 πρὸς
1250 3356 1444 3428 ἡδονὴν
1487 3356 1914 3427 πεποιημένων

318 3440 481 3521 μήτε
529 3449 773 3521 ῥήμασιν
799 3448 1151 3522 εὐτραπέλων
1197 3450 1292 3504 καὶ
1334 3449 1668 3519 γελοιαστῶν
1708 3448 1916 3522 ἀνθρώ-

328 3557 481 3607 πων,
505 3541 534 3597 ὅ
563 3541 801 3615 μάλιστα
840 3542 990 3597 λύειν
1017 3542 1119 3613 τῆς
1141 3541 1326 3616 ψυχῆς
1349 3540 1442 3597 τὸν
1466 3542 1621 3596 τόνον
1649 3541 1913 3612 πέφυκεν.

405 3716 554 3784 Νοῦς
606 3718 707 3790 μὲν
756 3718 867 3792 γὰρ
915 3719 992 3794 μὴ
1052 3718 1481 3793 σκεδαννύμενος
1528 3719 1621 3774 ἐπὶ
1666 3719 1736 3775 τά
1786 3719 1911 3788 ἔξω,

325 3810 479 3883 «μηδὲ
504 3811 611 3865 ὑπὸ
637 3811 748 3867 τῶν
773 3812 1147 3885 αἰσθητηρίων
1191 3813 1284 3866 ἐπὶ
1329 3812 1422 3868 τὸν
1458 3812 1664 3885 κόσμον
1705 3810 1917 3884 διαχεόο

326 3920 523 3973 μενος,
550 3904 800 3961 ἐπάνεισι
830 3905 931 3977 μὲν
956 3906 1090 3978 πρὸς
1125 3906 1317 3960 ἑαυτόν
1334 3922 1347 3935 ·
1377 3905 1445 3960 δι’
1475 3904 1669 3959 ἑαυτοῦ
1695 3905 1753 3959 δὲ
1779 3903 1917 3979 πρὸς

330 3993 439 4067 τὴν
471 3995 601 4066 περὶ
629 3993 766 4052 Θεοῦ
793 3994 1008 4052 ἔννοιαν
1036 3996 1318 4052 ἀναϐαίνει
1338 4013 1352 4028 ο
1382 3995 1625 4069 κάκείνῳ
1651 3995 1729 4068 τῷ
1778 3995 1914 4051 κάλ-

328 4085 422 4138 λει
456 4082 941 4158 περιλαμπόμενός
968 4101 1029 4140 τε
1077 4088 1172 4142 καὶ
1208 4082 1639 4158 ὲλλαμπόμενος,
1686 4085 1783 4140 καὶ
1821 4086 1918 4140 αὖ·

328 4180 439 4250 τῆς
470 4179 569 4247 τῆς
597 4177 814 4249 φύσεως
847 4178 1019 4251 λήθην
1048 4178 1335 4250 λαμϐάνει,
1372 4179 1511 4250 μήτε
1544 4179 1681 4251 πρὸς
1709 4178 1917 4250 τροφῆς

332 4269 619 4340 φροντίδα,
680 4274 819 4342 μήτε
861 4269 1001 4343 πρὸς
1049 4270 1418 4345 περιϐολαίων
1472 4271 1765 4344 μέριμναν,
1816 4270 1916 4341 τὴν

317 4362 517 4434 ψυχὴν
542 4362 941 4436 καθελκόμενος
965 4380 978 4396 ο
1017 4362 1153 4418 ἀλλά
1199 4363 1396 4435 σχολὴν
1425 4362 1532 4417 ἀπὸ
1573 4362 1684 4417 τῶν
1712 4362 1918 4432 rqth

2014 1876 2143 1939 gnet
2170 1877 2244 1924 te.

2084 1959 2182 2014 Job
2233 1976 2416 2026 nm,
2456 1962 2507 2016 7.
2532 1992 2610 2011 7-—
2652 1962 2897 2018 irridens
2939 1962 3155 2019 turbam
3190 1963 3433 2020 civitatis
3457 2006 3472 2029 ,
3511 1980 3598 2019 re-

2012 2052 2444 2123 prehensionem
2479 2055 2751 2110 cxactoris
2781 2058 2893 2110 nun
2919 2055 3099 2113 audit.

2089 2145 2252 2201 Eccti.
2289 2163 2365 2212 xi,
2402 2146 2489 2201 10.
2513 2179 2584 2188 -
2607 2146 2729 2214 Fili,
2777 2163 2846 2203 ne
2882 2149 3032 2205 circa
3065 2150 3241 2205 multa
3286 2150 3398 2207 sint
3440 2159 3598 2207 actus

2014 2238 2099 2294 tui
2126 2257 2143 2293 :
2180 2240 2226 2295 si
2260 2239 2408 2295 enim
2435 2241 2916 2313 multipiieaveris,
2944 2243 3137 2299 insons
3167 2258 3280 2298 non
3308 2244 3443 2300 eris.

2090 2416 2301 2472 Basilii.
2327 2446 2398 2459 -
2421 2418 2495 2476 Ut
2529 2420 2679 2476 enim
2722 2420 2914 2476 bestia:
2935 2420 2987 2476 si
3013 2420 3360 2477 defricentur
3404 2437 3467 2478 ac
3500 2421 3600 2478 de—

2016 2512 2390 2580 mulceantur,
2442 2511 2605 2569 facile
2649 2523 3068 2585 expugnantur;
3109 2515 3191 2569 sic
3226 2514 3595 2585 cupiditates,

2018 2604 2139 2670 ira,
2161 2606 2393 2661 timores
2422 2648 2437 2673 ,
2491 2606 2731 2674 dolores,
2756 2613 3031 2664 venenata
3074 2608 3249 2664 animi
3295 2610 3461 2675 mala,
3496 2624 3597 2664 va-

2016 2698 2235 2753 catione
2263 2715 2329 2754 ac
2370 2700 2593 2756 silentio
2625 2710 2791 2773 atque
2822 2702 2941 2757 otio
2980 2703 3291 2773 consopita,
3353 2718 3457 2759 nec
3480 2702 3597 2774 jugi

2018 2790 2384 2861 proritatione
2434 2793 2698 2859 efferata,
2752 2794 2806 2848 vi
2862 2794 3095 2851 rationis
3154 2795 3378 2852 facilius
3457 2793 3597 2851 edo-

2019 2881 2162 2935 mari
2192 2890 2446 2953 possunt.
3334 2953 3337 2957 ι

2089 2975 2259 3043 Quies
2289 2976 2457 3048 igitur
2486 2985 2544 3033 et
2567 2978 2783 3034 vacatio
2814 2994 2911 3034 seu
2944 2980 3140 3047 otium,
3186 2979 3598 3036 emundationis

2019 3069 2218 3124 anima:
2238 3070 2578 3141 principium
2616 3079 2721 3137 est,
2773 3088 2898 3127 cum
2931 3087 3110 3143 neque
3140 3071 3325 3142 lingua
3358 3086 3450 3125 res
3495 3070 3600 3123 hu-

2020 3174 2209 3214 manas
2233 3158 2500 3230 loquitur,
2547 3175 2653 3215 nec
2678 3162 2825 3216 oeuli
2879 3162 3128 3217 colorum
3170 3160 3327 3216 fucos
3360 3167 3597 3230 apteque

2018 3245 2287 3317 disposita
2336 3263 2405 3304 ac
2448 3251 2723 3305 concinna
2773 3251 3107 3323 corporibus
3147 3250 3394 3305 membra
3417 3249 3601 3319 udispi-

2017 3338 2194 3402 ciunt,
2224 3355 2328 3395 nec
2350 3356 2517 3397 aures
2538 3342 2710 3398 animi
2738 3351 2988 3399 tenorem
3009 3344 3253 3407 solvunt,
3302 3342 3600 3397 audiendis

2018 3432 2251 3488 canticis
2276 3433 2347 3488 ad
2376 3435 2718 3505 voluptatem
2742 3436 3065 3501 modulatis,
3100 3441 3199 3490 aut
3240 3434 3407 3490 dictis
3440 3439 3598 3489 scur-

2020 3524 2215 3581 rilibus
2258 3541 2323 3581 ac
2371 3526 2624 3584 ridiculis
2652 3569 2667 3594 ,
2720 3545 2844 3600 qua:
2900 3528 3073 3584 animi
3134 3528 3465 3600 gravitatem
3509 3529 3596 3584 vel

2019 3616 2254 3673 maxime
2278 3619 2488 3675 elidere
2510 3620 2927 3677 aclabefactare
2950 3622 3152 3678 solent.

2090 3710 2239 3767 Mens
2256 3713 2406 3767 enim
2428 3725 2556 3769 cum
2581 3713 2650 3769 ad
2680 3730 2770 3771 res
2827 3725 3086 3772 externas
3123 3733 3235 3773 non
3277 3716 3598 3788 dissipetur,

2019 3817 2126 3858 nec
2152 3817 2183 3858 a
2218 3805 2476 3864 sensibus
2500 3806 2569 3862 ad
2604 3822 2671 3863 ea
2701 3823 2825 3881 qua:
2863 3809 3052 3865 saeculi
3085 3820 3216 3866 sunt
3264 3820 3599 3880 terrenaque

2017 3896 2377 3967 diffunditur,
2409 3901 2478 3956 ad
2509 3902 2751 3974 seipsam
2785 3902 3108 3971 revertitur,
3144 3919 3210 3959 ac
3257 3918 3356 3975 per
3388 3918 3447 3959 se
3481 3904 3600 3975 ipsa

2017 3993 2086 4049 ad
2128 3994 2225 4048 Dei
2254 3992 2508 4049 ascendit
2534 3992 2999 4065 intelligentiam;
3033 4010 3145 4065 quo
3193 3993 3455 4050 videlicet
3480 3996 3598 4050 col-

2018 4088 2252 4143 lustrata
2282 4085 2581 4158 splendore
2617 4101 2682 4143 ac
2735 4086 3073 4143 circumfusa
3094 4129 3109 4154 ,
3163 4087 3344 4158 ipsius
3378 4103 3599 4159 quoque

2017 4188 2229 4235 natura
2252 4178 2642 4245 obliviscitur;
2670 4176 2835 4249 599
2854 4195 2963 4233 non
2987 4179 3236 4234 alimenti
3270 4194 3460 4247 causa,
3490 4196 3599 4234 non

2017 4271 2335 4327 vestimenti
2366 4272 2618 4325 animum
2642 4270 2971 4336 sollicitans,
3003 4270 3101 4326 sed
3153 4271 3392 4326 terrenis
3450 4272 3601 4326 curis

2018 4362 2252 4417 liberata
2286 4403 2301 4428 ,
2350 4363 2599 4418 studium
2631 4376 2796 4417 omne
2824 4372 2991 4433 atque
3018 4377 3245 4432 operam
3273 4362 3340 4417 ad
3396 4362 3601 4430 sempi-

330 4455 639 4525 φροντίδων
676 4455 847 4524 ἄγων,
874 4454 971 4527 τὴν
996 4458 1175 4510 πᾶσαν
1207 4456 1405 4509 ἑαυτοῦ
1438 4454 1671 4525 σπουδὴν
1693 4454 1786 4509 ἐπὶ
1812 4454 1910 4526 τὴν

2038 4470 2183 4509 .erna
2215 4455 2361 4508 bona
2395 4453 2768 4523 comparanda
2816 4452 3069 4519 confert;
3111 4452 3393 4523 quomodo
3453 4451 3604 4507 scili-

326 4544 538 4614 κτῆσιν
558 4544 667 4598 τῶν
687 4544 920 4599 αίωνίων
939 4546 1162 4617 ἀγαθῶν
1192 4546 1538 4617 μετατίθησι,
1564 4544 1682 4610 πῶς
1725 4563 1923 4617 κατορ-

324 4635 491 4707 οωοῇ
530 4636 676 4708 αὑτῷ
712 4639 745 4709 ἠ
782 4639 1106 4710 σωφροσύνη
1136 4639 1231 4691 καὶ
1274 4640 1308 4710 ἡ
1353 4637 1576 4710 ἀνδρεία
1602 4654 1615 4668 ·
1646 4636 1763 4702 πῶς
1796 4636 1851 4690 δὲ
1886 4638 1921 4708 ἡ

318 4729 658 4802 δικαιοσύνη
693 4732 789 4786 καὶ
818 4732 851 4803 ἡ
894 4732 1179 4804 φρόνησις,
1215 4730 1307 4784 καὶ
1334 4732 1388 4784 αἱ
1416 4730 1604 4785 λοιπαὶ
1639 4730 1850 4801 ἀρεταί.

426 4823 516 4876 Ἐν
545 4826 658 4887 τοῖς
688 4824 908 4878 ἕλκουσι
951 4825 1052 4895 τὴν
1079 4822 1260 4896 ψυχὴν
1303 4823 1398 4877 καὶ
1432 4823 1691 4894 ἀσχολίας
1738 4823 1920 4893 βιωτι-

332 4914 447 4976 xi;
478 4914 821 4985 ἐμποιοῦσιν,
848 4915 1354 4989 περιτενέσθαιτῆς
1377 4914 1639 4970 ἐπιπόνου
1664 4915 1916 4989 μελέτης,

331 5004 646 5076 ἀμήχανον.

415 5098 735 5167 Θεολόγου.
759 5129 832 5140 -
857 5097 983 5173 Χρὴ
1008 5116 1063 5154 τι
1090 5101 1187 5155 καὶ
1211 5100 1527 5172 ἠσυχάζειν,
1553 5098 1696 5153 ὥστε
1719 5099 1923 5156 ἀθολώ-

341 5206 459 5253 τως
486 5192 839 5264 προσομιλεῖν
867 5194 947 5265 τῷ
976 5194 1097 5264 Θεῷ
1122 5210 1139 5226 ο
1174 5193 1273 5249 καὶ
1326 5193 1523 5267 μικρόν
1566 5211 1619 5248 τι
1667 5194 1923 5265 συνάγειν

340 5282 435 5337 τὸν
462 5283 587 5341 νοῦν
620 5285 730 5341 ἀπὸ
757 5285 866 5341 τῶν
904 5285 1254 5344 πλανώντων.

410 5564 703 5639 τηροῦμεν
739 5566 843 5633 τὰς
873 5566 1123 5639 ἀλλήλων
1151 5568 1451 5641 ἁμαρτίας,
1482 5570 1581 5643 οὐχ
1606 5569 1705 5625 ἵνα
1724 5568 1926 5643 θρηνή-

2027 4559 2118 4605 cet
2144 4547 2566 4617 temperantiam
2619 4555 2679 4603 et
2722 4545 3149 4613 fortitudinem,
3192 4543 3476 4616 quomodo
3507 4545 3601 4616 ju-

2024 4637 2233 4695 stitiam
2268 4646 2327 4693 et
2378 4636 2733 4709 prudentiam
2759 4678 2775 4701 ,
2808 4652 2874 4693 ac
2915 4637 3156 4692 virtutes
3181 4636 3427 4708 reliquas
3459 4651 3601 4705 pra:-

2024 4742 2133 4789 stet
2167 4742 2224 4788 et
2255 4731 2505 4801 impleat.

2097 4826 2243 4882 Fieri
2281 4839 2395 4880 non
2432 4830 2617 4896 potest
2644 4832 2707 4880 ut
2752 4824 2900 4880 inter
2929 4839 2994 4878 ea
3047 4836 3172 4894 qua:
3212 4819 3460 4879 animum
3487 4819 3603 4875 dis-

2029 4902 2282 4986 trahunt,
2332 4935 2397 4975 ac
2426 4919 2612 4975 szecuii
2660 4934 2826 4976 curas
2881 4918 3162 4989 injiciunt,
3212 4923 3446 4970 strenuo
3481 4912 3610 4985 quis

2027 5023 2232 5072 conatu
2257 5014 2566 5071 caelestium
2602 5011 2963 5069 meditatione
2992 5008 3260 5080 potiatur.

2099 5108 2364 5181 Theologi.
2399 5139 2469 5151 -——
2507 5105 2776 5163 Nonnihil
2807 5104 2972 5176 etiam
3019 5101 3267 5156 dandum
3320 5100 3494 5172 quieti
3541 5117 3607 5157 ac

2031 5202 2282 5269 silentio,
2322 5213 2383 5259 ut
2414 5202 2697 5258 inturbata
2737 5207 2923 5254 mente
2951 5212 3077 5254 cum
3100 5196 3215 5253 Deo
3240 5212 3609 5254 consuescere

2031 5294 2649 5364 iiceat,familiariaque
2696 5308 2824 5349 cum
2885 5307 2954 5348 eo
3002 5291 3239 5348 miscere
3290 5292 3605 5362 colloquia;

2024 5400 2091 5442 ac
2124 5387 2401 5447 tantisper
2427 5401 2457 5440 a
2495 5384 2665 5440 rebus
2709 5380 3004 5439 fallacibus
3031 5393 3087 5440 et
3120 5399 3243 5455 qua:
3272 5382 3326 5438 in
3357 5398 3605 5439 errorem

2024 5480 2274 5545 mittunt,
2298 5478 2698 5534 subducendas
2729 5475 2967 5533 animus.

2092 5569 2199 5624 Alii
2233 5569 2471 5625 aliorum
2521 5578 2707 5626 errata
2752 5569 3137 5635 observamus,
3174 5582 3285 5624 non
3324 5564 3605 5633 utglugca-

346 5674 554 5730 σωμεν,
578 5658 697 5715 ἀλλ’
748 5658 816 5713 ἵν’
860 5660 1247 5732 ὀνειδίσωμενο
1289 5648 1410 5717 οὐδὲ
1447 5662 1534 5717 ἵνα
1569 5662 1914 5736 θεραπεύσω-

2038 5678 2169 5731 mus,
2218 5661 2315 5719 sed
2360 5671 2421 5719 ut
2478 5663 2927 5735 exprobremus;
2980 5677 3162 5734 neque
3213 5670 3274 5717 ut
3324 5670 3603 5721 curemus.

416 5818 464 5848 "
496 5817 591 5874 Est
622 5816 677 5874 in
705 5818 871 5876 Gesn.
905 5818 1061 5877 Stob.
1106 5821 1195 5877 49.
