3964 6276
186 248 280 317 873

1466 243 1631 305 LOCI
1672 236 2107 305 COMMUNES.

3297 234 3421 325 ἐνι

182 380 354 429 τατος,
418 363 644 435 ταμεῖον
689 361 1003 433 ἀφύλακτον
1029 374 1044 390 °
1092 358 1306 416 πολλῶν
1343 359 1737 421 ἀποτεθέντων,

1863 358 2026 423 :ium;
2059 373 2204 428 penu
2229 366 2316 413 est
2345 356 2766 414 incustoditum.
2802 358 3006 431 lnjecta
3038 359 3093 415 in
3116 376 3243 416 eum
3276 364 3428 416 cibo-

181 457 273 529 τὴν
304 456 404 528 μὲν
436 455 641 528 βλάϐην
676 454 1154 528 παρακατέχουσα,
1183 454 1252 509 τά
1279 454 1336 508 δὲ
1362 452 1738 526 παραδοθέντα

181 551 238 603 ού
270 548 592 619 κατέχουσα.

243 641 413 713 Λίχνη
458 639 693 712 γαστὴρ,
725 640 759 712 η
784 640 873 695 ἀεὶ
902 638 1209 694 ἀπαιτοῦσα
1244 638 1340 693 καὶ
1356 636 1622 709 μηδέποτε
1641 638 1740 711 λήσ-

182 751 361 804 γουσα.
400 731 472 791 Ἦ
514 733 868 805 λαμϐάνουσα
894 734 1157 805 σήμερον,
1198 732 1295 786 καὶ
1322 730 1511 803 αὔριον
1537 731 1740 786 λανθαο

180 826 390 897 νομὲνη.
421 825 591 879 Ὅταν
643 824 934 897 ἐμπλησθῇ
965 863 981 892 ,
1033 824 1164 895 περὶ
1213 823 1541 896 ἐγκρατείας
1578 822 1734 893 φιλο-

182 918 325 986 σοφεῖ
347 931 361 947 ·
418 917 547 971 ὅταν
598 916 953 988 διαπνευσθῇ,
1016 914 1434 970 ἑπιλανθάνεται
1494 913 1607 969 τῶν
1647 911 1740 966 δο-

180 1010 412 1080 with"-

235 1188 507 1261 Mthvjn
543 1189 604 1243 τὸ
645 1188 957 1260 ὑπόδειγμα
1001 1189 1097 1245 τοῦ
1138 1144 1428 1245 πλουσίου.
1500 1190 1743 1245 Ἐκεῖνον

180 1279 449 1349 παρέδωκε
471 1280 551 1352 τῷ
571 1282 707 1352 πυρὶ
724 1284 757 1352 ἡ
786 1281 875 1334 διά
895 1281 1012 1352 βίου
1035 1283 1238 1354 τρυφή.
1268 1282 1343 1336 Ub
1361 1282 1471 1354 γὰρ
1494 1280 1737 1348 ἀδικίαν,

1846 466 1969 505 rum
2001 450 2161 520 c0pia
2210 450 2391 505 labem
2432 450 2666 517 retinet;
2718 466 2841 522 quae
2890 451 2969 507 illi
3012 453 3225 509 credita
3271 466 3425 520 sunt,

1843 558 1953 600 non
1984 552 2188 598 servat.

1912 636 2120 691 Venter
2145 635 2405 707 liguritor
2440 642 2548 701 est,
2578 635 2674 705 qui
2703 649 2926 705 semper
2950 637 3186 706 expetit,
3224 648 3281 693 et
3307 643 3403 696 nul

1839 729 1956 785 lum
1996 740 2241 800 unquam
2272 727 2439 784 ﬁnem
2482 727 2632 783 facit.
2667 726 2773 794 Qui
2810 729 2982 783 sumit
3014 728 3201 794 hodie,
3246 747 3350 787 nec
3376 733 3411 786 ir

1840 821 2142 878 crastinum
2176 820 2619 877 meminit..Cum
2649 819 2896 891 repletus
2925 820 3092 876 fuerit
3124 835 3188 876 ac
3219 822 3427 878 distcn~

1841 922 1952 979 tus,
1982 912 2052 969 de
2073 912 2435 984 temperantia
2460 921 2517 966 et
2555 911 2736 967 vietus
2775 911 3046 982 parcitate
3072 911 3431 982 philosopha-

1838 1014 1962 1072 tur;
2000 1005 2094 1060 ubi
2123 1019 2359 1076 vapores
2387 1004 2733 1069 discesserit,
2764 1020 2960 1061 eorum
2999 1016 3123 1075 quae
3160 1011 3431 1059 statuerat

1840 1096 2050 1153 oblivio
2078 1097 2250 1153 subit.

1912 1182 2283 1240 Formidabile
2316 1183 2506 1240 divitis
2561 1185 2873 1255 exemplum
2939 1186 3092 1257 (Luc.
3134 1187 3267 1256 xvn).
3312 1186 3427 1257 lgni

1836 1277 1931 1335 ille
1962 1274 2203 1334 traditus
2232 1286 2319 1335 est
2369 1278 2441 1334 ob
2479 1280 2605 1335 vitae
2650 1279 2897 1335 delicias.
2941 1280 3106 1335 Nullo
3137 1281 3288 1336 enim
3339 1282 3426 1336 iu-

177 1370 301 1424 ἀλλά
330 1370 391 1424 τδ
428 1372 770 1443 ἁϐροδίαιτον
791 1372 1102 1443 ἐγκληθεὶς,
1125 1374 1557 1447 ἀπετηγανίζετο
1583 1374 1642 1429 ὲν
1671 1375 1738 1444 τῇ

1863 1373 2066 1429 ιιειίιὶω
2088 1382 2269 1438 reatu,
2306 1374 2402 1429 sed
2426 1374 2553 1429 vitae
2587 1375 2844 1429 lautioris
2873 1374 3281 1446 luxuriosaeque
3312 1376 3430 1446 pia-

181 1466 326 1535 φλογὶ
356 1468 456 1537 τῆς
486 1467 743 1538 καμίνου.

254 1560 343 1612 Ἐκ
369 1559 480 1629 γὰρ
528 1559 628 1631 τῆς
674 1558 911 1631 παχείας
943 1559 1150 1632 τροφῆς
1178 1558 1274 1614 καὶ
1307 1558 1475 1623 οίνου,
1506 1554 1740 1611 αἰθαλώο

177 1655 276 1717 bu;
316 1655 458 1715 τινὲς
511 1651 909 1723 ἀναθυμιάσεις
956 1651 1438 1724 ἀναπεμπόμεναι,
1505 1648 1739 1719 νεφέλης

174 1743 317 1813 δίκην
340 1738 579 1813 πυκνῆς,
604 1742 704 1807 τὰς
729 1743 838 1797 ἀπὸ
866 1742 961 1797 τοῦ
982 1740 1140 1813 ἀγίου
1189 1741 1511 1814 Πνεύματος
1539 1740 1741 1822 ἑλλάμ-
1771 1723 1813 1780 Β

176 1836 285 1905 ψεις
310 1837 400 1889 ἐπὶ
427 1835 523 1889 τὸν
550 1835 677 1891 νοῦν
698 1836 1075 1892 διακόπτουσι.
1096 1836 1191 1890 Διὸ
1215 1837 1312 1891 καὶ
1336 1834 1579 1903 Μωῦσῆς
1604 1832 1743 1904 πρὺς

178 1926 396 1997 θεωρίαν
446 1925 585 1980 Θεοῦ
644 1927 955 1983 ἀναϐαίνων
996 1928 1087 1983 διὰ
1128 1927 1223 1982 τοῦ
1253 1926 1370 1989 νοῦ.
1410 1929 1595 1991 ἄσιτος
1646 1927 1742 1980 καὶ

178 2019 358 2082 ἄποτος
410 2017 643 2090 ἡμερῶν
718 2020 1129 2090 τεσσαράκοντα
1198 2020 1535 2084 διετέλεσεν,
1610 2019 1741 2074 ἀθύ-

177 2110 329 2165 λωτον
344 2110 619 2182 διαμένειν
634 2109 788 2183 αὐτῷ
810 2110 873 2164 τὸ
892 2109 1221 2182 ἡγεμονικὸν
1240 2110 1633 2182 διοικούμενος.

244 2299 413 2351 Θωλ.
444 2324 518 2338 ο·-
552 2295 792 2360 ’Δῦπνός
821 2295 935 2349 ἐστι
974 2307 1069 2349 και
1120 2296 1421 2366 ἀκοιμητος
1466 2293 1602 2364 πρὸς
1642 2292 1741 2364 τὴν

182 2388 264 2444 τοῦ
294 2388 540 2453 πλείονος
570 2388 927 2461 ὲπεθυμίανή
961 2387 1280 2463 ἀνθρωπίνη
1309 2386 1490 2458 φύσις.

237 2616 341 2681 Δὸς
370 2613 499 2669 size
533 2614 785 2686 γαστήρ.
813 2617 928 2686 “Hi:
954 2613 1230 2686 λαϐοῦσα
1258 2610 1611 2686 σωφρονεῖς,

238 2687 403 2741 Δώσω
422 2682 742 2755 πρυθύμωςῖ
759 2702 775 2717 ο
808 2686 887 2754 ἣν
904 2684 973 2738 δὲ
996 2684 1120 2751 τοῖς
1136 2684 1291 2738 κάτω
1311 2682 1490 2755 δίδως

243 2752 495 2827 Κόπρονξ·
530 2752 740 2824 λάϐοις
761 2752 897 2827 μὲν,
919 2756 1058 2827 ἀλλ’
1082 2757 1239 2825 ὅμως
1250 2754 1339 2827 μὴ
1360 2752 1688 2827 πλουσίαν.

242 2831 303 2883 Et
335 2823 384 2882 δ’
414 2825 533 2883 οὖν
557 2823 904 2897 κατάσχοις,
934 2823 1220 2896 δώσωμεν
1248 2823 1346 2879 καί
1378 2823 1706 2878 πλουσίαν.

252 2962 504 3037 ’Λκρασία
520 2965 631 3036 γὰρ
661 2964 806 3035 ἐμοὶ,
833 2964 941 3019 πᾶν
970 2962 1031 3017 τὸ
1059 2961 1318 3035 περιττὸν
1346 2959 1443 3015 καὶ
1479 2959 1621 3030 ὑπὲρ
1640 2956 1740 3029 τὴν

1839 1467 1967 1521 culo
2000 1466 2057 1521 in
2084 1466 2287 1522 camini
2328 1466 2545 1522 ﬂamma
2576 1467 2951 1522 cruciabatur.

1911 1560 1991 1614 Ex
2018 1559 2291 1615 crassiore
2319 1559 2447 1614 cibo
2468 1559 2695 1630 vinique
2716 1568 2871 1631 potu,
2900 1559 3178 1631 fuliginosi
3206 1560 3426 1629 quidam

1840 1666 2078 1722 vapores
2120 1652 2345 1719 sublati,
2388 1652 2564 1707 instar
2619 1652 2913 1709 condensae
2949 1653 3137 1716 nubis,
3185 1653 3429 1723 Spiritus

1841 1744 2017 1799 sancti
2044 1744 2445 1801 illustrationes
2466 1745 2520 1799 in
2552 1744 2797 1799 animam
2819 1744 3185 1815 intercipiunt
3207 1759 3271 1799 ac
3293 1760 3429 1815 prae-

1844 1836 2097 1906 pediunt.
2149 1835 2523 1905 Quamobrem
2565 1836 2733 1896 etiam
2771 1838 3003 1909 Moyses,
3054 1853 3181 1893 cum
3225 1838 3292 1893 ad
3331 1838 3427 1892 Dei

1840 1929 2367 1999 contemplationem
2418 1937 2605 1984 mente
2652 1930 3001 1995 ascenderet,
3037 1930 3157 1985 dies
3194 1930 3431 2000 quadra-

1841 2021 1993 2092 ginta
2023 2020 2234 2091 absque
2259 2019 2385 2075 cibo
2430 2030 2676 2091 potuque
2720 2018 2944 2091 jejunus
2979 2021 3114 2092 egit,
3162 2020 3268 2075 hoc
3300 2021 3428 2075 inde.

1842 2121 2121 2183 satagens,
2154 2120 2216 2169 ut
2248 2112 2334 2168 vis
2356 2113 2527 2168 animi
2556 2121 2724 2184 atque
2751 2114 2899 2169 acies
2940 2114 3075 2169 nihil
3100 2115 3180 2169 illi
3210 2114 3427 2171 turbata

1839 2212 2142 2259 constaret.

1914 2296 2448 2370 Theotogi.—Nullo
2495 2298 2758 2368 torpescit
2801 2312 3019 2363 somno,
3059 2312 3123 2354 ac
3161 2309 3431 2369 perpetuo

1842 2392 1974 2464 vigil
2008 2399 2095 2448 est
2125 2392 2369 2447 humana
2397 2399 2617 2457 natura,
2645 2392 2840 2448 insana
2863 2391 3089 2463 majoris
3114 2390 3429 2462 compendii

1841 2485 2079 2556 plusque
2119 2483 2364 2541 habendi
2395 2483 2563 2541 fame.

1845 2620 1948 2691 pa,
1967 2623 2141 2690 inquit
2169 2628 2371 2691 venter.
2407 2619 2466 2676 Si
2496 2637 2617 2691 cum
2651 2621 2915 2691 acceperis
2947 2621 3211 2675 modestus
3243 2620 3427 2691 fueris,

1842 2688 2093 2763 frompte
2133 2691 2291 2763 dabo.
2320 2689 2418 2745 Sin
2451 2688 2787 2763 inferioribus
2829 2692 3148 2763 transmittis

1843 2760 2089 2832 Stercus;
2122 2762 2346 2831 accipies
2385 2760 2618 2831 quidem,
2658 2762 2747 2814 sed
2793 2776 2898 2815 non
2930 2761 3213 2832 opulente:

1842 2830 1937 2887 Sin
1986 2832 2256 2897 retinebis,
2295 2830 2542 2902 opulente
2589 2832 2855 2885 dabimus.

1911 2965 1994 3023 Ad
2028 2982 2117 3023 me
2157 2966 2306 3038 quod
2340 2965 2559 3033 attinet,
2594 2966 2991 3023 incontinentia
3015 2976 3101 3023 est
3123 2982 3188 3023 ac
3211 2968 3430 3023 luxuria

184 3056 351 3127 χρείαν
394 3055 723 3121 καὶταῦτα,
766 3055 1068 3109 πεινόντων
1097 3053 1273 3109 ἀλλων
1302 3053 1396 3105 καὶ
1442 3049 1736 3121 δεομένων,

1863 3060 2113 3131 [uidquid
2157 3060 2502 3132 superﬂuum
2530 3074 2596 3115 ac
2637 3058 2780 3115 ultra
2809 3059 3013 3132 justam
3041 3059 3429 3114 necessitatem

183 3149 276 3205 τῶν
300 3150 361 3205 ὲκ
394 3148 487 3205 τοῦ
520 3148 694 3203 αὐτοῦ
732 3148 907 3230 πηλοῦ
933 3148 1029 3202 καὶ
1056 3147 1363 3219 κράματος.

239 3332 396 3387 οὐδὲν
448 3333 602 3387 οὕτω
639 3332 914 3404 ἐπίμαχον
951 3347 1011 3384 τε
1046 3328 1144 3384 καὶ
1196 3328 1523 3398 φιλόνεικον,
1573 3325 1653 3389 ὡς
1700 3327 1735 3397 ἡ

186 3427 492 3589 Υαῗρῗιῗοσ.
553 3551 621 3563 -
662 3517 860 3589 Φαγὼν
890 3516 987 3572 καὶ
1025 3514 1167 3571 πιὼν
1221 3515 1317 3570 καὶ
1376 3510 1736 3586 ἐμπλησθεὶς,

1838 3161 1926 3208 est
1953 3169 1968 3207 :
1993 3152 2161 3224 idque
2180 3168 2312 3209 cum
2333 3151 2429 3207 alii
2457 3152 2707 3209 esuriant
2726 3166 2792 3209 ac
2815 3159 3059 3224 egestate
3086 3159 3427 3223 premantur,

1838 3246 2003 3319 612
2038 3247 2133 3317 qui
2157 3262 2225 3302 ex
2253 3246 2450 3303 eodem
2482 3247 2601 3302 luto
2623 3262 2914 3317 massaque
2966 3245 3213 3303 concreti
3241 3254 3389 3302 sunt.

1912 3338 2060 3394 Nihil
2102 3348 2213 3394 tam
2248 3338 2659 3395 contentiosum
2688 3346 2747 3395 et
2783 3354 3019 3410 pronum
3061 3338 3129 3394 ad
3176 3339 3325 3408 lites,
3364 3354 3432 3396 ac

1840 3440 2058 3487 venter.
3455 3497 3465 3506 .

1910 3521 2339 3595 Chrys.—Cum
2367 3521 2676 3578 comederis
2713 3530 2881 3593 atque
2909 3521 3119 3578 biberis
3146 3520 3428 3592 lucrisque

186 3614 396 3685 πρόσεχε
452 3612 694 3685 σεαυτῷ.
750 3612 1138 3683 ’Δπόκρημνος
1174 3610 1285 3681 γάρ
1329 3610 1480 3663 ἐστιν
1506 3609 1536 3662 ὁ
1574 3605 1740 3670 τόπος

1863 3625 2143 3682 aturatus,
2174 3616 2400 3672 attende
2430 3615 2531 3671 tibi
2550 3622 2609 3671 et
2640 3624 2839 3672 cautus
2856 3624 2981 3672 esto
3006 3634 3022 3670 τ
3056 3617 3260 3672 etenim
3290 3632 3429 3687 pra:-

185 3704 269 3775 τῆς
305 3706 536 3777 190971:-

253 3796 358 3852 Ἶω.
377 3800 554 3869 Κλίμ.
578 3827 651 3839 -
677 3795 1015 3866 Θλιϐομένης
1048 3792 1255 3858 κοιλίας
1287 3793 1362 3866 (r)
1384 3791 1741 3847 ταπεινοῦται

188 3888 358 3960 καρδια
386 3908 401 3924 ο
431 3890 884 3962 θεραπευομένης
909 3888 989 3955 δὲ,
1038 3888 1246 3959 γαυριᾷ
1281 3886 1560 3957 λογισμός.

248 4068 430 4123 Νυσσ.
466 4099 541 4108 -
573 4066 745 4136 Ὄψον
799 4082 883 4120 σοι
916 4063 1160 4135 γενέσθω
1186 4062 1363 4117 ἔνδεια
1387 4077 1403 4092 ο
1439 4059 1537 4115 καὶ
1572 4059 1632 4114 τὸ
1665 4058 1742 4131 μὴ

190 4158 472 4216 ἐπιϐάλλειν
536 4160 701 4232 κόρον
754 4156 833 4230 τῷ
865 4157 1038 4230 κόρῳ,
1101 4155 1238 4229 μηδὲ
1300 4153 1601 4226 ἀμϐλύνειν
1670 4154 1739 4223 τῇ

191 4254 443 4329 κραιπάλῃ
478 4255 579 4326 τὴν
604 4253 808 4327 ὄρεξιν.

259 4346 397 4412 Ῥίζα
430 4349 546 4402 τῶν
591 4347 719 4419 περὶ
757 4345 849 4401 τὸν
880 4344 994 4417 βίον
1041 4340 1538 4416 πλημμελημάτων
1567 4339 1738 4405 ἐστὶν,

189 4437 357 4508 ἠπερὶ
388 4441 476 4494 τὸν
508 4440 713 4511 λαιμὸν
745 4438 992 4511 ἀσχολία.

247 4533 407 4604 Μέχρι
439 4535 544 4605 τῆς
582 4533 839 4604 ὑπερὼας
869 4535 903 4604 ὴ
942 4531 1050 4586 τῶν
1104 4529 1432 4602 ἡδυσμάτων
1484 4531 1741 4603 αἴσθησις

189 4621 267 4675 τὸν
290 4623 407 4696 ὅρον
432 4625 581 4696 ἔχει·
635 4624 745 4678 ἀπὸ
791 4625 850 4678 δὲ
904 4622 1186 4695 ὑπερώας,
1223 4622 1542 4695 ἀδιάκριτος
1572 4626 1606 4695 ἡ
1635 4622 1744 4676 τῶν

192 4715 592 4789 ἐμϐαλλομένων
616 4718 872 4789 διαφορὰ,
899 4716 1181 4788 ὁμοτίμως
1208 4714 1276 4769 τὰ
1304 4715 1483 4769 πάντα
1509 4716 1612 4787 τῆς
1641 4715 1740 4786 φύ-

194 4824 309 4873 σεως
338 4814 468 4882 πρὸς
492 4812 762 4866 δυσωδίαν
791 4810 1134 4880 ἀλλοιούσης.

251 4905 524 4974 Φίλωνος.
561 4935 631 4946 -—
678 4904 1037 4977 Ἐγκρατείας
1071 4905 1173 4976 μὲν
1216 4902 1368 4965 ῐδιον,
1416 4902 1605 4972 ύγίεια
1650 4904 1744 4958 καὶ

1839 3724 1973 3780 ceps
2003 3707 2329 3764 deliciarum
2358 3707 2539 3764 locus.

1913 3800 2157 3856 Climaci.
2179 3799 2417 3867 —lnt9r
2442 3798 2656 3855 ventris
2693 3800 2977 3871 angustias
3008 3800 3235 3871 ejusque
3267 3816 3426 3870 pres-

1842 3907 1994 3957 sura,
2024 3907 2122 3947 cor
2144 3891 2503 3959 bumiliatur;
2534 3891 2686 3948 illius
2708 3907 2839 3949 vom
2860 3892 3150 3949 curatione
3176 3895 3430 3966 superbit

1842 3983 2079 4040 animus.

1911 4074 2470 4149 Nyssen.~—Obsonii
2501 4075 2624 4132 loco
2658 4075 2762 4131 tibi
2790 4076 2862 4133 sit
2908 4076 3132 4148 inopia;
3182 4084 3239 4132 et
3280 4078 3427 4149 quod

1844 4166 2154 4222 satietatem
2181 4166 2435 4223 satietate
2458 4180 2569 4224 non
2598 4166 2867 4233 cumules,
2896 4182 2999 4223 nec
3022 4167 3299 4238 appetitus
3327 4169 3427 4223 he-

1846 4259 2070 4315 betetur
2110 4275 2210 4330 per
2250 4259 2556 4331 crapulam.

1915 4351 2093 4407 Radix
2130 4367 2407 4419 errorum,
2445 4353 2541 4425 qui
2573 4352 2630 4409 in
2656 4352 2768 4409 vita
2806 4362 3121 4421 versantur,
3162 4362 3251 4409 est
3289 4352 3429 4426 gula:

1771 4432 1816 4488 Ῑ)
1844 4443 2111 4498 studium.

1917 4534 2414 4592 Condimentorum
2452 4552 2649 4592 sensus
2669 4537 2738 4592 ad
2768 4539 3009 4608 palatum
3046 4554 3220 4611 usque
3248 4541 3429 4595 termi-

1842 4634 2009 4681 natur
2040 4643 2055 4680 :
2089 4627 2353 4698 deinceps
2370 4642 2506 4683 vero
2527 4643 2723 4683 eorum
2748 4644 2872 4698 quae
2903 4628 3244 4699 injiciuntur,
3277 4631 3423 4684 nulla

1842 4719 2130 4785 discretio,
2171 4729 2370 4776 cuncta
2414 4736 2479 4775 ex
2509 4736 2668 4791 sequo
2709 4720 2763 4775 in
2797 4731 2988 4791 putrcs
3035 4720 3193 4776 fmces
3224 4721 3423 4774 immu-

1840 4819 1993 4867 tante
2026 4821 2248 4867 natura.

1914 4905 2174 4962 Philonis.
2197 4938 2266 4946 —
2288 4906 2637 4977 Temperataa
2667 4905 2849 4963 victus
2871 4903 3089 4968 rationi,
3114 4918 3300 4958 comes
3335 4919 3424 4958 sa.

1717 5049 1927 5107 ΝΟΤᾹΞ

253 5142 320 5211 (r)
353 5144 716 5216 Θλιϐοιιένης
738 5146 994 5210 κοιλίας.
1028 5142 1312 5216 Sententia
1348 5140 1583 5216 Climaci
1619 5141 1735 5216 ipsa

195 5222 381 5281 aperta,
405 5211 615 5272 ventris
647 5211 999 5270 alliictatione
1059 5214 1313 5283 maloque
1353 5212 1574 5283 inediae,
1617 5211 1736 5283 ani-

197 5298 323 5354 mum
342 5285 405 5339 ad
424 5287 791 5342 humilitatem
810 5288 954 5354 cogi,
970 5284 1198 5354 ejusque
1215 5281 1734 5354 l‘uxuriaetdeliciis,

196 5352 258 5427 gul
294 5358 600 5425 superbiam
648 5357 815 5427 erigi;
849 5352 1015 5426 idque
1053 5352 1357 5427 Scriptura;
1386 5352 1596 5427 phrasi,
1630 5368 1737 5423 qua

198 5422 428 5495 iubemur
460 5422 762 5483 humiliaré
776 5422 992 5481 animas
1016 5422 1234 5480 nostras
1260 5424 1316 5478 in
1342 5424 1575 5495 jejunio,
1604 5431 1737 5495 etc.

198 5492 379 5550 absone
416 5498 571 5566 plane
594 5498 762 5554 Gesn.
786 5499 901 5552 sive
928 5496 1109 5566 (cujus
1138 5495 1229 5549 ille
1261 5492 1571 5566 versionem
1599 5494 1740 5549 inta-

197 5570 321 5617 ctam
350 5565 538 5637 voluit)
563 5568 864 5633 Ribbitius,
901 5565 1134 5622 Onerato
1196 5575 1388 5637 uentre
1426 5565 1741 5637 deprimitur

198 5647 306 5708 cor:
331 5637 373 5689 si
394 5635 567 5693 autem
590 5641 727 5693 ratio
750 5638 864 5708 ejus
912 5638 1191 5708 habeatur,
1240 5635 1473 5689 exsultat
1498 5653 1560 5689 ac
1586 5636 1742 5708 gestit

200 5706 401 5761 animus.
432 5709 572 5778 Ergo
612 5706 890 5763 θλίϐεσθαι
918 5718 976 5764 et
1000 5707 1198 5777 θλίψις,
1241 5723 1463 5761 onerare
1490 5714 1545 5760 et
1571 5706 1744 5760 onus?

345 5801 604 5863 Ρετιιοι..
635 5802 752 5864 Gn.
788 5801 945 5863 XCI.

1844 5142 2039 5210 Quale,
2103 5145 2275 5210 rogo?
2313 5137 3073 5210 escarumneHstuduquam
3130 5135 3337 5210 morale
3366 5145 3424 5189 et

1846 5206 2074 5286 dignum
2124 5206 2399 5286 Climaco,
2448 5210 2813 5286 severissima;
2838 5207 3147 5286 disciplina:
3174 5206 3418 5286 hominet

1845 5277 1977 5340 cura
2007 5287 2219 5341 ventris
2249 5284 2528 5341 exsultare
2569 5289 2626 5336 et
2678 5279 2878 5351 gestire
2929 5278 3210 5351 animum;
3266 5277 3421 5351 quasi

1841 5371 1962 5410 eam
1996 5358 2087 5410 ille
2118 5371 2303 5410 curam
2330 5353 2579 5415 suadeat,
2606 5367 2670 5405 ac
2685 5347 2736 5406 si
2765 5350 2876 5404 fere
2898 5348 3143 5405 medicus
3172 5347 3425 5419 prtescri-

1844 5427 1939 5499 bat
1970 5427 2219 5490 cmliaco,
2246 5440 2354 5480 non
2386 5440 2492 5499 qua
2521 5437 2723 5499 corpus
2752 5423 2917 5485 levet,
2940 5419 3035 5475 sed
3048 5435 3155 5490 qua
3179 5420 3423 5499 ani-muni

1844 5498 2149 5569 dill‘undatg;
2176 5488 2284 5569 non
2326 5488 2497 5569 magis
2544 5488 2728 5569 ab'_ea
2760 5500 3003 5569 revocet,
3053 5488 3211 5569 quasi
3268 5488 3423 5543 Pauli

1844 5568 2050 5631 verbis,
2097 5567 2288 5622 Carnis
2314 5562 2495 5620 curam
2525 5581 2589 5619 ne
2635 5564 2880 5635 feceritis,
2923 5574 2982 5618 ut
3020 5562 3201 5617 animo
3232 5573 3424 5629 super-

1846 5639 1991 5695 biam
2019 5638 2294 5693 detrahat.

2954 5787 3030 5850 28
