3964 6276
503 287 614 353 875

1670 274 1731 334 S.
1771 271 2059 334 MAXIM]
2102 271 2242 333 CON
2251 271 2611 334 FESSORIS

3650 279 3747 346 8'16

501 402 647 461 nitas
664 396 982 465 viriumque
1004 390 1210 458 robur;
1240 388 1658 446 incontinentim
1679 401 1815 444 vero
1837 402 1903 442 ac
1926 387 2086 442 luxu-

2214 385 2349 457 σχύς
2383 402 2398 417 ·
2440 387 2719 460 ἀκρασίας
2746 387 2827 456 δὲ,
2865 389 3127 448 ἀσθένεια
3147 391 3246 448 καὶ
3269 391 3423 457 νόσος
3463 392 3753 461 γειτνιῶσα

500 493 618 560 ria,
665 487 962 545 inﬁrmitas
988 500 1055 541 ac
1081 482 1352 555 aegritudo
1384 484 1502 554 ipsa
1547 495 1719 554 prope
1767 478 1964 536 monis
1995 477 2085 532 in-

502 580 753 642 teritioni
798 579 1035 634 haarens.

571 664 1197 730 Plutarch—Deliciae,
1231 663 1383 718 velut
1414 676 1484 718 ex
1507 659 1725 726 castris,
1755 674 1826 717 ex
1854 655 2114 716 indisci-~

500 765 838 848 plinatorum
882 759 1090 822 animo,
1137 754 1348 827 optima
1382 767 1613 824 quaeque
1644 750 1923 808 auferunt.
1987 759 1997 767 ‘

574 934 1274 998 Democrit.—Sanitatem
1315 948 1355 988 α
1401 932 1517 987 Deo
1559 938 1869 1001 exposcunt
1904 926 2087 984 homi-

504 1049 642 1102 nes;
671 1045 912 1104 cumque
939 1029 1062 1100 ejus
1097 1026 1242 1096 apud
1272 1041 1330 1080 se
1359 1024 1623 1079 virtutem
1667 1021 1926 1087 habeant,
1975 1033 2089 1074 non

506 1124 849 1196 intelligunt.
881 1123 987 1177 Per
1013 1116 1470 1174 incontinentiam
1500 1114 1648 1170 enim
1669 1113 1906 1184 vitatque
1926 1113 2089 1168 luxu-

507 1219 648 1274 riam
677 1213 954 1273 contraria
981 1217 1330 1283 praestantes,
1363 1207 1470 1278 ipsi
1492 1205 1744 1264 sanitatis
1771 1204 2090 1276 proditores

507 1311 803 1367 exsistunt.

578 1398 1060 1469 Quemadmodum
1098 1397 1290 1453 unctio
1316 1408 1427 1448 non
1458 1409 1580 1464 quae
1613 1391 1818 1457 suavis,
1844 1401 1942 1446 aut
1967 1405 2091 1460 qua:

509 1494 744 1565 prolixa,
800 1492 947 1548 bona
995 1498 1100 1556 est,
1153 1488 1250 1546 sed
1295 1503 1417 1559 quae
1457 1501 1650 1542 sanum
1704 1490 1957 1554 praestat;
2009 1481 2134 1538 sic.

509 1586 688 1651 cibus,
725 1599 837 1639 non
874 1583 969 1654 qui
1015 1581 1310 1638 deliciosus
1339 1589 1435 1634 aut
1464 1578 1743 1648 ecpiosus,
1774 1575 1954 1631 bonus
1983 1583 2088 1639 est,

510 1677 607 1733 sed
630 1675 726 1746 qui
769 1674 836 1730 ad
880 1671 1255 1728 valetudinem
1305 1667 1586 1724 conducit.

2188 477 2426 551 θανάτῳ.

2257 659 2713 730 Πλουτάρχ.’-
2785 660 2856 716 Ἦ
2916 663 3146 736 τρυφὴ,
3201 662 3460 736 καθάπερ
3539 681 3756 736 στρατο-

2187 749 2378 816 πέδου,
2406 749 2510 822 τῆς
2528 748 2644 806 τῶν
2674 751 3021 809 ἀπαιδεύτων
3065 753 3246 827 ψυχῆς
3271 755 3343 809 τὰ
3367 755 3575 827 ἄριστα
3597 757 3757 826 ἀφαι-

2191 841 2386 911 ρεῖται.

2255 934 2570 1006 Δημοκρίτ.
2595 963 2672 976 -
2703 935 2926 1006 Ὑγείαν
2962 936 3107 1009 ἔχειν
3132 937 3286 1010 παρὰ
3313 937 3450 993 Θεοῦ
3488 935 3760 993 αἰτοῦνται

2188 1029 2237 1083 οἱ
2278 1027 2559 1101 ἄνθρωποι
2586 1041 2603 1059 ⁸
2629 1028 2730 1100 τὴν
2771 1029 2832 1085 δὲ
2870 1030 3075 1104 ταύτης
3111 1031 3345 1104 δύναμιν
3373 1030 3513 1103 παρ’
3552 1030 3761 1094 ἑαυτοῖς

2189 1125 2436 1197 ἔχοντες,
2483 1125 2586 1180 οὐκ
2657 1124 2857 1183 ῐσασιν.
2927 1126 3196 1200 ’Δκρασίᾳ
3247 1126 3363 1198 γὰρ
3416 1125 3489 1179 τὰ
3547 1125 3760 1178 ἐναντία

2192 1220 2556 1292 πράσσοντες,
2582 1219 2740 1275 αὐτοὶ
2759 1219 3016 1293 προδόται
3047 1221 3148 1292 τῆς
3172 1220 3362 1290 ὑγείας
3392 1220 3664 1289 γίνονται.

2261 1403 2475 1472 Ὠσπερ
2501 1401 2746 1474 ἄλειμμα
2762 1400 2827 1456 οὐ
2857 1400 2922 1456 τὺ
2947 1401 3046 1474 ἡδὺ
3075 1400 3263 1466 καλὸν,
3286 1401 3411 1456 οὐδὲ
3437 1401 3505 1456 τδ
3536 1400 3760 1474 μακρὸν,

2191 1496 2328 1551 ἀλλά
2367 1497 2428 1551 τὸ
2470 1497 2740 1566 ὑγιεινόν·
2769 1495 2935 1551 ⁴οὒτω
2985 1497 3080 1551 καλ⁸
3117 1497 3328 1570 τροφὴ,
3380 1497 3488 1568 οὐχ
3536 1498 3572 1568 ἠ
3620 1495 3762 1569 ἡδεῖα

2193 1590 2356 1662 καλὴ,
2389 1590 2508 1643 οὐδὲ
2527 1591 2565 1660 ἡ
2585 1588 2778 1662 πολλὴ,
2804 1588 2922 1643 ἀλλ’
2947 1590 2981 1661 ὴ
3005 1589 3242 1662 ὑγιεινή.

579 1767 660 1823 Ne
695 1767 807 1823 cito
869 1764 1151 1834 nimiaque
1185 1759 1541 1817 festinatione
1597 1755 1910 1814 comederis
1943 1771 1958 1809 :
2007 1761 2086 1809 est

2265 1763 2440 1833 Τάχος
2482 1762 2578 1816 καὶ
2613 1760 2821 1827 ἔπειξις
2861 1761 3086 1815 ἀπέστω
3113 1759 3208 1814 τοῦ
3257 1759 3464 1814 ἐσθίειν
3486 1775 3502 1791 ο
3535 1757 3762 1822 κυνῶδες

507 1857 657 1913 enim
704 1858 810 1912 hoc
853 1855 1138 1920 caninum,
1185 1867 1250 1908 ac
1285 1849 1578 1924 ejusmodi,
1605 1857 1666 1903 ut
1698 1847 1933 1904 bestiam
1974 1861 2092 1901 ma-

508 1952 592 2022 gis
627 1964 791 2022 quam
825 1947 1108 2003 hominem
1143 1944 1357 2000 deceat.

577 2041 814 2099 Catonis.
837 2071 908 2081 -—
927 2040 999 2104 is,
1021 2053 1149 2093 eum
1172 2035 1496 2092 deliciarum
1516 2038 1770 2102 sumptus
1795 2029 2095 2102 reprehen-

506 2135 700 2191 deret:
731 2133 904 2200 Quam
939 2129 1183 2195 diﬂicile,
1205 2127 1410 2193 aiebat,
1449 2133 1536 2181 est
1585 2124 1653 2179 ad
1681 2131 1953 2189 ventrem,
1995 2119 2092 2192 qui

506 2227 741 2282 auribus
787 2230 994 2287 careat,
1034 2220 1202 2276 verba
1252 2217 1462 2273 facere!

577 2316 806 2372 Antisth.
830 2311 1272 2367 —Antistbenes
1289 2309 1694 2378 interrogatus:
1719 2303 1863 2374 Quid
1887 2304 1961 2362 sit
1982 2303 2092 2361 diei

511 2409 638 2464 festi
682 2405 1015 2462 celebritas?
1061 2401 1215 2458 Gula:
1259 2400 1500 2465 occasio,
1538 2399 1740 2470 inquit.

581 2501 830 2574 Epicteti.
849 2497 1082 2554 —Cura
1118 2511 1188 2551 ne
1219 2501 1273 2550 te
1301 2480 1436 2559 cibi,
1475 2492 1570 2563 qui
1600 2492 1657 2546 in
1686 2499 1935 2546 ventrem
1967 2488 2095 2545 mit-

507 2602 723 2659 tuntur,
742 2590 1009 2664 pinguius
1038 2589 1208 2651 alant,
1240 2586 1333 2641 sed
1356 2599 1478 2655 quae
1505 2584 1690 2638 animo
1712 2582 1859 2638 inest
1882 2581 2090 2637 laetitia.

507 2687 589 2742 llli
611 2686 759 2742 enim
797 2685 851 2739 in
873 2689 1226 2739 excrementa
1244 2685 1558 2743 vertuntur,
1590 2689 1811 2743 unaque
1836 2689 1961 2728 cum
1985 2672 2094 2729 illis

507 2780 627 2833 laus
651 2777 876 2844 deﬂuit;
906 2776 1128 2831 animus
1146 2784 1332 2830 autem
1360 2787 1390 2826 a
1425 2785 1658 2840 corpore
1679 2770 1981 2841 sejunctus,
2010 2765 2094 2820 in-

505 2877 801 2940 corruptus
830 2874 1100 2939 perpetuo
1139 2871 1348 2920 manet.

566 2958 634 3012 In
665 2956 936 3013 conviviis
977 2954 1262 3025 omnisque
1291 2951 1584 3017 obeundis,
1625 2959 1905 3006 memento
1950 2949 2092 3004 duos

2193 1856 2303 1927 γὰρ
2331 1853 2510 1918 τοῦτο,
2539 1853 2634 1908 καὶ
2663 1852 2840 1926 θηρίῳ
2869 1852 3069 1924 μᾶλλον
3097 1853 3130 1924 ἢ
3163 1850 3440 1924 ἀνθρώπῳ
3471 1851 3701 1924 πρέπον.

2263 2035 2560 2100 Κάτωνος.
2613 2065 2685 2076 -
2712 2027 2880 2099 Οὗτος
2930 2034 3030 2104 τῆς
3071 2030 3425 2096 πολυτελείας
3491 2028 3758 2086 καθαπτόο

2198 2145 2380 2200 μενος,
2415 2122 2592 2193 εἶπεν,
2619 2126 2709 2192 Ὠς
2729 2125 2965 2198 χαλεπόν
2988 2123 3299 2194 ἐπιλέγειν
3331 2123 3474 2194 πρὸς
3501 2123 3758 2195 γαστέρα.

2194 2215 2311 2277 ὦτα
2347 2221 2423 2293 μὴ
2456 2220 2707 2291 ἔχουσαν.

2276 2311 2599 2368 Ἆντισθέν.
2629 2341 2700 2354 —-
2743 2309 3088 2381 Ἀντισθένης
3117 2309 3433 2382 ἐρωτηθεὶς,
3489 2307 3561 2363 Τί
3616 2310 3754 2363 ἔστιν

2193 2406 2376 2479 ἑορτὴ,
2406 2403 2551 2471 εἷπε,
2579 2404 3030 2479 Γαστριμαργίας
3057 2404 3304 2475 ἀφορμή.

2276 2505 2651 2573 Ἐπικτήτου,
2677 2532 2748 2545 —
2779 2501 3039 2574 Φρόντιξε
3083 2503 3234 2564 ὅπως
3263 2517 3324 2554 σε
3361 2499 3437 2573 μὴ
3485 2497 3559 2554 τὰ
3599 2498 3657 2553 ιν
3695 2498 3755 2568 τῇ

2193 2600 2392 2670 γαστρὶ
2427 2597 2574 2652 σιτία
2597 2595 2824 2659 πιαίνει,
2857 2594 2972 2650 ἀλλ’
2999 2596 3034 2666 ἡ
3065 2595 3122 2647 έν
3163 2596 3230 2666 τῇ
3277 2592 3426 2665 ψυχῇ
3473 2588 3755 2663 εύφρασίσ.

2207 2692 2360 2748 Ἐπεὶ
2408 2689 2480 2744 τά
2534 2689 2634 2760 μὲν
2691 2685 3223 2752 ἀποσκυσαλίζεται,
3277 2687 3375 2740 καὶ
3434 2682 3693 2754 συνεκρεῖ
3730 2681 3756 2734 ὁ

2193 2784 2414 2846 ἔπαινος
2435 2796 2450 2811 ο
2481 2782 2518 2852 ἡ
2538 2779 2597 2833 δὲ
2625 2777 2772 2851 ψυχὴ
2799 2777 3150 2850 χωρισθεῖσα,
3172 2777 3473 2839 διαπαντὸς
3493 2776 3756 2846 ἀκήρατεκ

2266 2893 2368 2930 νει.

2266 2893 2368 2930 νει.

2195 2875 2365 3023 μἐἘν
2390 2969 2510 3032 ταῖς
2537 2963 2848 3031 ἑστιάσεσι,
2880 2964 3130 3036 μέμνησο
3156 2964 3238 3018 ὅτι
3263 2961 3358 3017 δύο
3375 2961 3721 3033 ὑποδέχονται
3739 2976 3752 2989 ·

505 3065 627 3106 esse
650 3049 746 3122 qui
781 3048 1152 3118 excipiantur,
1177 3054 1294 3102 tum
1322 3045 1535 3102 scilicet
1571 3059 1794 3115 corpus,
1818 3051 1934 3098 tum
1967 3043 2086 3097 ani-

2210 3059 2254 3114 :6
2293 3076 2352 3113 τε
2405 3058 2564 3130 σῶμα
2595 3057 2692 3112 καὶ
2735 3057 2770 3129 ἡ
2807 3055 2956 3129 ψυχή
2981 3073 2994 3086 °
3047 3055 3145 3110 νσὶ
3175 3054 3205 3108 ὅ
3231 3060 3286 3107 τι
3313 3053 3382 3107 ἂν
3421 3052 3506 3124 τῷ
3557 3050 3752 3120 σώματι

505 3159 682 3210 mam;
717 3158 782 3198 ac
814 3140 1086 3214 quidquid
1122 3138 1339 3211 corpori
1371 3136 1613 3202 dederis,
1646 3135 1831 3192 statim
1861 3145 1914 3190 te
1941 3134 2086 3189 cffu-

505 3233 652 3290 disse
689 3252 703 3289 :
744 3235 798 3288 in
820 3241 1152 3304 perpetuum
1198 3244 1334 3286 vero
1359 3243 1608 3295 servare,
1655 3226 1804 3298 quod
1831 3226 1886 3282 in
1913 3224 2084 3282 animi

506 3335 715 3396 partem
756 3325 1008 3382 cesserit.

571 3417 732 3490 613
763 3416 984 3489 Diogen.
1009 3447 1081 3458 —
1107 3415 1322 3486 Quibus
1343 3415 1401 3471 in
1445 3413 1661 3470 aedibus
1706 3413 1901 3486 ingens
1931 3411 2086 3468 cibo-

507 3524 628 3564 rum
663 3509 820 3580 copia
851 3516 956 3576 est,
977 3509 1187 3566 versari
1211 3518 1269 3565 et
1292 3507 1534 3563 murium
1593 3506 1900 3576 feliumque
1935 3504 2084 3559 mul-

507 3601 834 3670 titudinem;
867 3601 964 3658 sed
993 3609 1049 3657 et
1079 3616 1316 3673 corpora
1345 3600 1536 3656 multis
1566 3598 1708 3655 cibis
1732 3598 1954 3664 inferta,
1981 3611 2084 3668 pro

505 3712 697 3753 eorum
763 3697 980 3754 ratione
1033 3697 1240 3754 multos
1290 3697 1498 3768 pariter
1567 3695 1792 3751 morbos
1861 3702 2082 3749 contra-

507 3788 666 3845 here.

579 3877 786 3934 Crates.
813 3909 884 3918 —
903 3877 1042 3935 Cum
1067 3878 1293 3950 Delphis
1316 3877 1563 3949 Pbrynes
1611 3879 1786 3933 scorti
1840 3887 2082 3935 statuam

508 3985 736 4026 auream
762 3969 1012 4035 vidisset,
1041 3969 1371 4026 exclamavit
1400 3987 1415 4025 :
1447 3969 1564 4025 Hoc
1585 3984 1784 4040 nempe
1812 3982 2079 4042 tropaeum

509 4055 688 4118 exstat
716 4059 1038 4117 Graecorum
1077 4060 1453 4131 impudicitiae.

580 4149 730 4208 Idem
755 4150 1018 4222 juvenem
1046 4150 1376 4206 luctatorem
1419 4148 1634 4214 videns,
1667 4148 1798 4204 vino
1818 4159 1875 4206 et
1900 4151 2081 4206 carni-

509 4243 636 4309 bus,
663 4257 728 4298 ac
757 4257 865 4314 qua
893 4241 1208 4310 exercebat,
1239 4242 1401 4313 longe
1424 4239 1891 4310 corpulentiorem
1917 4241 2037 4299 ﬁeri
2063 4262 2077 4299 :

507 4335 554 4393 0
583 4335 773 4403 miser,
797 4336 1000 4409 inquit,
1036 4335 1231 4392 desine
1283 4332 1556 4390 adversus
1587 4333 1823 4404 teipsum
1856 4335 2078 4395 ﬁrmum

508 4429 647 4486 adeo
673 4439 890 4488 struere
920 4443 1220 4486 carcerem.

1137 4542 1474 4617 .Theognidis.

504 4636 676 4710 gutta
707 4637 886 4707 plures
907 4638 1029 4710 jam
1051 4637 1295 4704 satietas,
1329 4636 1705 4710 quamfames,
1723 4635 1976 4710 perdidit.

509 4705 780 4774 Virorum,
812 4705 941 4780 quo's
965 4724 1130 4778 supra
1155 4725 1315 4780 quam
1341 4705 1455 4763 sors
1483 4705 1620 4777 ferat
1643 4705 2086 4848 habfgntiiefzpido

577 4891 844 4950 Socrates.
873 4923 943 4934 —
968 4890 1235 4948 Homines
1255 4890 1444 4947 vivere
1463 4899 1527 4945 ut
1552 4889 1742 4957 edant,
1768 4889 1986 4957 aiebat;
2026 4905 2084 4945 se

503 4993 690 5043 autem
718 4986 888 5044 edere
918 4993 981 5043 ut
1000 4984 1235 5041 viveret.

1037 5075 1268 5134 SERMO
1317 5075 1553 5132 XXVIII.

649 5166 726 5221 De
753 5169 999 5235 tristitia,
1030 5168 1301 5238 animique
1327 5166 1508 5221 dolore
1557 5183 1620 5222 ac
1670 5166 1935 5220 maestitia.

577 5254 770 5313 Matth.
799 5257 930 5323 v,5.
967 5288 1038 5298 —
1065 5257 1218 5313 Beati
1267 5257 1363 5328 qui
1402 5257 1612 5328 lugent,
1663 5255 1924 5326 quoniam
1978 5255 2082 5328 ipsi

506 5346 964 5404 consolabuntur.

575 5442 638 5502 ιι
653 5441 775 5499 Cor.
803 5457 862 5510 ιι,
887 5441 943 5497 2.
963 5473 1034 5484 —
1059 5442 1196 5511 Quis
1218 5451 1304 5500 est
1326 5443 1424 5514 qui
1451 5456 1539 5498 me
1562 5441 1822 5509 ltetiiicet,
1851 5441 1958 5498 nisi
1983 5441 2078 5513 qui

505 5535 874 5594 contristatur
907 5549 975 5591 ex
1010 5549 1098 5591 me
1118 5535 1144 5589 τ

2190 3151 2316 3222 δῷς,
2347 3149 2511 3205 τοῦτο
2547 3149 2677 3205 εὐθὺ
2725 3147 2948 3221 ἐξέχεας
2976 3163 2991 3179 ⁸
3045 3148 3074 3204 ὃ
3106 3165 3158 3202 τι
3185 3145 3230 3200 δ’
3279 3145 3345 3201 ἂν
3373 3147 3442 3217 τῇ
3471 3143 3620 3217 ψυχῇ
3651 3141 3753 3196 δια-

2191 3242 2394 3308 παντὸς
2423 3243 2630 3316 τηρεῖς.

2263 3422 2560 3494 Διογένης.
2599 3453 2670 3464 -
2711 3421 2834 3476 Τῶν
2883 3419 3072 3477 οἰκιῶν
3125 3419 3255 3474 ἔνθα
3296 3417 3528 3491 πλείστη
3565 3415 3750 3490 τροφὴ,

2189 3517 2419 3582 πολλοὺς
2465 3516 2577 3586 μῦς
2617 3512 2758 3570 εῖναι
2815 3514 2912 3569 καὶ
2948 3513 3151 3584 γαλάς’
3217 3511 3312 3566 καὶ
3353 3508 3581 3582 σώματα
3607 3508 3664 3563 δὲ
3686 3509 3749 3560 ’.ἀ

2190 3609 2392 3682 πολλὴν
2412 3609 2620 3682 τροφὴν
2639 3607 2924 3682 δεχόμενα,
2943 3606 3037 3663 καὶ
3060 3605 3248 3670 νόσους
3273 3603 3393 3669 ῐσας
3415 3601 3746 3674 ἐφέλκεσθαι.

2257 3877 2512 3948 Κράτης.
2550 3907 2621 3919 -
2666 3877 2888 3949 Κράτης
2936 3875 3062 3932 ίδὼν
3096 3876 3305 3948 χρυσῆν
3332 3873 3521 3929 εἰκόνα
3548 3871 3748 3947 Φρύνης

2186 3969 2286 4042 τῆς
2327 3969 2552 4041 ἑταίρας
2595 3971 2655 4023 ὲν
2697 3967 2922 4039 Δελφοῖς
2961 3968 3238 4036 ἑστῶσαν,
3281 3967 3624 4040 ἀνέκραγεν,
3673 3966 3747 4019 ὅτι

2187 4063 2360 4118 Τοῦτο
2387 4063 2489 4134 τῆς
2522 4060 2789 4132 Ἑλλήνων
2817 4061 3087 4134 ἀκρασίας
3104 4060 3374 4132 ⁴ιιρόπαιον
3393 4060 3650 4132 ἔστηκεν.

2271 4156 2329 4211 ’0
2357 4155 2520 4221 αὐτὸς
2546 4156 2828 4211 νεανίσκον
2862 4154 2984 4210 ἰδὼν
2999 4152 3298 4224 ἀθλητικὸν
3325 4153 3454 4224 οῑνῳ
3482 4153 3578 4206 καὶ
3603 4165 3749 4222 κρεο-

2188 4247 2364 4319 φαγίᾳ
2397 4248 2494 4301 καὶ
2523 4248 2760 4319 ἀσκήσει
2795 4245 2977 4318 σάρκα
3007 4243 3206 4316 πολλὴν
3235 4242 3642 4315 ὑποτρέφοντα,
3672 4236 3744 4294 εἱ-

2187 4355 2310 4405 πεν,
2337 4341 2403 4394 Ὢ
2442 4339 2690 4411 δαιμόνιε
2709 4378 2726 4406 ,
2778 4337 2984 4393 παῦσαι
3018 4335 3142 4392 καθ’
3167 4334 3361 4391 ἑαυτοῦ
3392 4335 3565 4391 ποιιῖιν
3589 4334 3648 4390 τὸ
3668 4333 3743 4387 δε-

2116 4443 2159 4499 D
2189 4431 2503 4504 σμωτήριον
2535 4430 2777 4503 ἰσχυρόν.

2793 4543 3124 4614 Θεόγνιδος.

2294 4637 2510 4708 Πολλῷ
2537 4654 2629 4693 τοι
2655 4637 2922 4706 πλέονας
2949 4636 3133 4708 λιμοῦ
3155 4637 3334 4708 κόρος
3356 4635 3590 4691 ὤλεσεν
3604 4633 3714 4708 ἤδη

2299 4707 2576 4778 Ἀνδρος,
2608 4708 2742 4763 ὅσοι
2763 4705 2979 4778 μοίρης
3004 4705 3404 4776 πλεῖον“ἐχειν
3427 4708 3637 4764 ἔθελον
3647 4705 3708 4759 ⁵⁸.

2257 4886 2596 4958 Σωκράτης.
2641 4915 2714 4928 -
2752 4881 2925 4951 Οὗτος
2961 4886 3086 4950 τοὺς
3114 4884 3214 4956 μὲν
3244 4881 3564 4956 ἀνθρώπους
3597 4879 3740 4946 ἔλεγε

2188 4981 2290 5054 ζῇν
2315 4981 2402 5035 ἴνα
2429 4978 2707 5035 ἐσθίωσινο
2743 4979 2856 5050 ἐγὼ
2878 4980 2935 5034 δὲ
2963 4978 3130 5034 ὲσθίω
3159 4979 3248 5034 ἵνα
3273 4975 3372 5042 ζῶ.

2746 5071 2963 5126 ΔΟιὊΣ
2990 5071 3104 5126 KH'
3123 5069 3189 5125 ⁸⁵.

2579 5164 2722 5234 Περὶ
2739 5165 2945 5233 ,λύπης
2971 5162 3069 5218 καί
3092 5161 3367 5233 ἀθυμίας.

2254 5261 2440 5314 Ματθ.
2463 5255 2529 5315 s’.
2549 5283 2621 5299 —-
2644 5256 2925 5328 Μακάριοι
2970 5256 3020 5310 oi
3063 5253 3390 5319 πενθοῦντες
3411 5295 3429 5321 ,
3479 5252 3559 5307 δτι
3595 5247 3737 5304 αὐτοὶ

2185 5351 2726 5424 παρακληθήσονται.

2257 5446 2325 5498 6’.
2350 5447 2490 5512 Kop.
2513 5444 2580 5498 ϐ’.
2607 5474 2678 5487 -
2713 5440 2810 5506 Τίς
2849 5441 2998 5495 ἐστιν
3040 5440 3072 5494 ό
3110 5437 3421 5510 εὐφραίνων
3450 5454 3552 5508 με,
3587 5435 3632 5487 εἰ
3665 5429 3733 5500 μὴ

2181 5539 2212 5592 ό
2240 5534 2576 5607 λυπούμενος
2605 5533 2663 5603 ἐξ
2689 5531 2855 5607 ἐμοῦς

1816 5649 2050 5706 VARI/8
2099 5650 2500 5707 LECTIONES.

574 5745 622 5780 ⁸⁵
651 5745 713 5802 Β.
753 5745 1027 5801 ἐθέλουσιν
1055 5743 1221 5808 ἐχειν.

1328 5744 1374 5776 ⁸³
1406 5743 1500 5798 Est
1534 5741 1586 5795 in
1617 5741 1780 5797 Gesn.
1817 5741 1969 5796 Stob.
2003 5742 2128 5798 240.
