3964 6276
157 344 253 408 877

1447 336 1615 398 LOCI
1655 336 2091 398 COMMUNES.

3288 359 3395 425 878

214 450 728 520 Σολομ.-Ὧσπερ
756 449 853 521 σὴς
881 447 1167 520 ίματίῳβ)
1199 445 1291 500 καὶ
1315 444 1531 515 σκώληξ
1555 445 1717 516 ξύλῳ,

1894 448 2055 502 Prov.
2091 463 2215 515 xxv,
2278 446 2369 502 ‘20.
2426 479 2496 489 —
2541 448 2696 505 Sicut
2762 451 2907 508 tinea
2960 456 3287 515 vestimento
3339 473 3399 518 et

154 543 290 599 οὕτω
318 543 472 613 λύπη
501 541 695 613 ἀνδρὸς
724 541 955 611 βλάπτει
980 542 1229 612 καρδίαν.

215 636 400 705 Σιρὰχ
419 634 611 701 λη’.-
626 634 759 688 Ἀπὸ
781 633 959 707 λύπης
982 633 1225 687 ἐκϐαίνει
1247 632 1495 697 θάνατος’
1522 632 1616 687 καὶ
1636 632 1729 685 λύ-

152 747 222 802 πη
250 727 483 799 καρδίας
512 726 718 798 κάμψει
747 727 918 798 ἰσχύν.

214 820 559 875 Βασίλειον.
582 851 653 861 -
676 820 890 891 Ὠσπερ
921 818 972 872 oi
1002 817 1283 889 σκώληκες
1307 820 1420 882 τοῖς
1442 818 1727 873 ἁπαλωτέ-

159 932 261 984 ροις
288 914 401 967 τῶν
434 912 608 977 ξύλων
632 912 971 967 έντίκτονται
997 911 1257 981 μάλιστα,
1284 910 1457 975 οὕτως
1485 914 1540 964 αἱ
1562 910 1727 965 λύπαι

154 1008 257 1069 τοῖς
286 1004 704 1076 μαλακωτέροις
737 1004 893 1076 ῆθεσι
926 1004 1036 1059 τῶν
1065 1002 1373 1075 ἀνθρώπων
1400 1004 1723 1074 ἐμφύονται.

230 1098 286 1152 '0
313 1098 496 1167 λέγων
526 1098 600 1169 μὴ
628 1096 862 1167 πρέπειν
892 1094 969 1167 τῷ
994 1095 1189 1167 δικαίῳ
1218 1096 1320 1168 τὴν
1348 1095 1548 1166 θλίψιν,
1578 1095 1728 1149 οὐδὲν

156 1192 331 1263 ἕτερον
360 1190 534 1258 λέγει,
564 1189 599 1260 ἢ
636 1188 711 1262 μὴ
734 1187 999 1261 ἁρμόζειν
1028 1187 1105 1259 τῷ
1127 1187 1335 1261 ἀθλητῇ
1362 1188 1455 1242 τὸν
1480 1188 1727 1257 ἀνταγωο

156 1280 353 1349 νιστὴν.

218 1370 537 1440 Θεολόγου.
584 1399 649 1411 -
685 1370 846 1442 Φέρει
877 1368 1237 1441 παραμυθίαν
1274 1368 1580 1441 ὀδυνομένῳ
1610 1388 1726 1423 κοι-

156 1462 310 1518 νωνία
340 1461 452 1516 τῶν
486 1460 830 1532 στεναγμῶν.

220 1555 375 1608 Ἔστι
406 1553 542 1607 ποτὲ
570 1554 772 1626 ἡδονῆς
800 1553 945 1626 λύπη
977 1556 1307 1626 τιμιωτέρα,
1336 1555 1429 1608 καὶ
1456 1556 1727 1627 κατήφεια

156 1642 537 1715 πανηγύρεως·
590 1643 688 1697 καὶ
720 1643 958 1712 γέλωτος
991 1645 1053 1698 οὐ
1081 1644 1269 1713 καλοῦ,
1300 1645 1535 1717 δάκρυον
1566 1647 1724 1700 ἐπαι-

155 1736 312 1791 νετόν.

1827 541 2221 612 vermisligno,
2251 540 2331 596 sic
2358 540 2584 597 tristitia
2617 541 2721 597 viri
2746 552 2909 600 nocet
2938 546 3091 602 cordi

1898 633 2061 687 Eccli.
2092 649 2310 699 xxxvm,
2342 632 2430 689 l9.
2464 664 2533 672 —
2564 633 2898 691 Extristitia
2930 639 3187 706 provenit
3209 657 3397 711 mors;

1825 735 1883 781 et
1914 726 2137 782 tristitia
2154 726 2340 782 cordis
2370 728 2481 782 vim
2511 726 2715 784 ﬂectet.

1895 818 2105 873 Basilii.
2135 848 2204 858 —
2243 818 2716 885 Quemadmodum
2761 822 3040 879 teredines
3103 827 3399 884 teneriori-

1826 909 1933 964 bus
1986 909 2151 981 lignis
2207 910 2443 965 maxime
2498 910 2897 980 innascuntur;
2957 916 3037 971 sic
3062 916 3289 974 tristitia
3333 910 3417 976 ac-

1825 998 1982 1055 dolor
2013 999 2361 1055 mollioribus
2392 1000 2679 1055 hominum
2708 1003 2914 1059 animis
2936 1020 3002 1061 ac
3035 1006 3291 1078 ingeniis.

1894 1090 1999 1157 Qui
2028 1100 2191 1162 negat
2219 1091 2418 1148 decere
2437 1094 2672 1164 justum,
2690 1095 2839 1164 quod
2874 1097 3063 1169 alliigit
3081 1114 3145 1155 ac
3165 1102 3398 1169 cruciat,

1827 1183 1965 1237 nihil
2018 1183 2169 1239 aliud
2234 1185 2391 1252 dicit,
2444 1200 2611 1256 quam
2660 1186 2706 1241 si
2764 1187 2985 1244 athletae
3022 1190 3399 1247 adversarium

1827 1276 2019 1332 deesse
2053 1276 2393 1333 conveniens
2436 1286 2663 1334 statuat.

1898 1368 2160 1440 Theologi.
2188 1399 2255 1411 -—
2284 1368 2614 1427 Communio
2631 1379 2688 1427 et
2724 1373 2964 1430 societas
2993 1374 3199 1440 luctus,
3222 1376 3275 1430 ei
3304 1390 3399 1432 so-

1827 1462 1960 1517 latio
1987 1471 2095 1528 est,
2126 1462 2222 1533 qui
2260 1462 2315 1517 in
2340 1463 2533 1519 dolore
2560 1464 2693 1535 agit.

1898 1555 2144 1611 Tristitia
2164 1556 2495 1626 quandoque
2542 1556 2821 1627 voluptate
2870 1557 3236 1627 praistabilior
3290 1570 3396 1624 est,

1826 1646 2131 1717 festivaque
2160 1647 2508 1718 iucunditate
2541 1649 2805 1704 maestitia
2841 1666 2854 1702 :
2884 1649 3180 1706 inhonesto
3237 1652 3399 1708 deni-

1826 1753 1935 1807 que
1966 1738 2079 1793 risu
2106 1738 2370 1793 meliores
2399 1738 2706 1794 laudabiles
2732 1740 3008 1811 lacrymaa.

217 1829 370 1898 Μέγα
386 1828 498 1900 γὰρ
520 1828 579 1882 τὸ
601 1828 750 1900 παρά
774 1827 1179 1899 συναλγούντων
1202 1832 1513 1903 φάρμακον.
1536 1832 1600 1885 Oi
1616 1831 1722 1903 γὰρ

1896 1829 2149 1901 Magnum
2172 1831 2383 1886 scilicet
2413 1830 2482 1886 ab
2498 1832 2581 1887 eis
2615 1831 2943 1898 remedium,
2968 1831 3062 1902 qui
3094 1832 3214 1901 pari
3248 1840 3399 1888 sorte

158 1921 212 1973 τὸ
239 1914 350 1976 ἴσον
392 1920 490 1975 τοῦ
528 1921 730 1986 πάθους
758 1920 1009 1992 ἔχοντες,
1057 1922 1219 1979 πλέον
1249 1925 1388 1979 είσὶν
1432 1926 1515 1989 είς
1544 1942 1725 1995 παρα-

160 2014 339 2083 μυθίαν
369 2017 485 2080 τοῖς
512 2014 837 2085 πάσχουσιν.

220 2110 512 2177 Χρυσόστ.
531 2109 820 2181 -Καιρὸς
849 2109 1104 2183 ἀθυμίας,
1139 2112 1238 2183 οὐχ
1264 2112 1393 2168 ὅταν
1423 2114 1723 2184 πάσχωμεν

162 2200 350 2265 κακῶς,
380 2201 496 2255 ἀλλ’
514 2202 645 2257 ὅταν
668 2201 886 2274 δρῶμεν
914 2202 1123 2268 κακῶς.

220 2380 553 2449 Πλουτάρχ.
608 2410 678 2422 -
727 2382 879 2436 Ὀδὸν
930 2385 1029 2455 μὲν
1092 2385 1193 2457 τὴν
1238 2384 1523 2456 λειοτάτην
1568 2385 1724 2439 ἐκλέ-

165 2472 355 2540 γεσθαι’
392 2471 510 2543 βίον
536 2472 620 2537 δὲ,
651 2472 744 2527 τὸν
773 2475 1131 2533 ἀλυπότατον.
1222 2472 1231 2480 ’

233 2653 608 2711 Ἐπενδύεσθαι
633 2654 743 2721 δεῖ,
792 2654 869 2727 τῷ
898 2656 998 2726 μὲν
1026 2656 1255 2729 θώρακι,
1284 2656 1511 2727 χιτῶνα·
1570 2660 1633 2728 τῇ
1669 2657 1727 2709 δὲ

168 2746 318 2821 λύπη,
347 2748 490 2803 νοῦν.

228 2842 553 2910 Σωκράτης.
576 2842 1013 2913 -Ἐρωτηθε⁵ις,
1042 2844 1108 2897 Τί
1130 2842 1291 2897 λύπει
1314 2845 1441 2907 τοὺς
1460 2842 1724 2913 ἀγαθοὺς,

166 2928 316 2999 εἶπεν,
351 2934 586 3005 Εὐτυχία
616 2934 888 3006 πονηρῶν.

238 3025 290 3079 '0
316 3025 471 3089 αὐτὸς
514 3026 815 3099 ἐρωτηθεὶς
835 3068 851 3093 ,
903 3027 1027 3092 Πῶς
1058 3027 1123 3083 ἄν
1159 3045 1243 3091 τις
1268 3026 1493 3091 ἀλύπως
1524 3027 1724 3097 διάγει,

169 3114 318 3170 Τοῦτο
344 3117 626 3185 ἀδύνατον,
659 3115 812 3172 εἶπεν
838 3135 853 3151 ο
908 3119 970 3172 οὐ
1006 3119 1117 3190 γάρ
1150 3120 1267 3173 ἐστι
1301 3120 1455 3173 πόλιν
1483 3118 1516 3190 ἢ
1548 3119 1726 3172 οἰκίαν

169 3207 392 3263 οἰκοῦντα
422 3212 519 3265 καὶ
552 3208 876 3283 ἀνθρώπους
902 3208 1196 3281 ὁμιλοῦντα
1230 3211 1309 3284 μὴ
1336 3210 1640 3265 λυπεῖσθαι.

227 3477 455 3532 Δευκίπ.
478 3508 553 3520 --
579 3477 749 3532 Τοῦτο
773 3478 883 3552 γάρ
906 3479 1039 3535 ἴδιον
1064 3480 1175 3534 τῶν
1194 3481 1513 3553 ὀφθαλμῶν,
1539 3483 1596 3536 ἐν
1612 3485 1727 3547 τοῖς

176 3568 400 3636 μεγάλοις
449 3572 643 3635 κακοῖς
698 3570 773 3642 μὴ
820 3572 1036 3642 ἐκχέειν
1084 3572 1351 3641 δάκρυον·
1407 3575 1466 3627 ὲν
1504 3574 1562 3628 δὲ
1603 3578 1722 3640 ταῖς

177 3662 399 3739 μετρίαις
426 3667 767 3737 συμφοραῖς,
821 3664 1072 3735 ἀφθόνως
1100 3666 1168 3722 τά
1195 3666 1410 3739 δάκρυα
1435 3671 1719 3741 καταρρεῖ.

229 3843 467 3910 Χαρακλ.
507 3876 579 3884 -
617 3843 887 3908 Πολλάκις
917 3844 1027 3917 γὰρ
1057 3845 1119 3898 τὸ
1146 3846 1324 3917 χαρᾶς
1354 3846 1721 3917 ὑπερϐάλλον,

172 3933 239 3995 είς
258 3933 485 4003 ἀλγεινὸν
517 3937 855 4008 περιίστησιο
892 3936 987 3990 καὶ
1015 3936 1117 4007 τῆς
1141 3936 1337 4007 ἡδονῆς
1368 3938 1430 3991 τὸ
1457 3937 1721 4011 ἄμετρον,

174 4023 471 4081 ἐπίσπαστον
502 4028 685 4099 λύπην
714 4028 993 4097 ἐγέννησε.

228 4215 509 4286 Μοσχίων.
548 4248 614 4259 —-
652 4217 923 4271 ’Ἑπεσθαι
976 4216 1089 4281 τοῖς
1132 4219 1386 4288 τερπνοῖς
1424 4216 1583 4271 εἴωθε
1626 4218 1720 4271 καὶ

174 4301 229 4355 τὰ
253 4303 477 4377 λυπηρά.

228 4396 549 4464 Δημώνακτ.
599 4432 669 4441 -
728 4401 822 4453 Δεῖ
872 4399 1063 4473 ὥσπερ
1116 4401 1336 4473 φορτίον
1391 4400 1490 4473 τὴν
1540 4400 1717 4472 λύπην

172 4485 487 4560 ἀναθέμενον,
528 4493 603 4563 μὴ
631 4494 855 4548 στέοντα
882 4493 1187 4567 [στένοντα]
1220 4494 1429 4566 φέρειν.

227 4580 450 4650 Χαρικλ.
483 4616 554 4626 —
599 4584 664 4639 Οἱ
692 4584 969 4657 ἄνθρωποι
997 4586 1205 4656 τάφους
1231 4586 1331 4656 μὲν
1368 4586 1711 4639 κατασκευά-

174 4668 302 4731 ζουσι
331 4677 419 4729 καὶ⁵
448 4680 677 4749 ἐντάφια
712 4677 900 4748 ὥσπερ
934 4678 1221 4750 μέλλοντες
1247 4678 1431 4741 αὐτοῖς
1456 4678 1712 4748 χρῆσθαι·

177 4761 377 4831 ἀφοὸίαν
399 4769 454 4824 δὲ
482 4772 578 4825 καὶ
605 4771 841 4826 ἀλυπίαν
868 4771 969 4843 τὴν
999 4772 1243 4844 περὶτοῦ
1268 4771 1497 4826 θανάτου
1581 4773 1715 4842 χρή·

179 4868 355 4925 σονται,
385 4862 444 4914 ού
474 4863 1011 4935 παρασκευάζονται.

236 5043 512 5117 Θεοπόμπ.
564 5080 632 5092 -
688 5050 753 5102 Εἴ
796 5066 881 5112 τις
932 5047 1163 5102 πλεῖστα
1210 5046 1317 5101 τῶν
1361 5044 1581 5114 ἀγαθῶν
1628 5063 1717 5098 κε-

1825 1915 2033 1979 dolent.
2064 1923 2170 1990 Qui
2194 1924 2343 1979 enim
2368 1924 2653 1994 aequaliter
2700 1924 2974 1990 laborant,
3010 1924 3136 1995 plus
3186 1924 3399 1995 aliquid

1824 2012 2207 2069 laborantibus
2226 2014 2407 2069 solatii
2435 2014 2634 2070 all'erre
2655 2024 2905 2085 possunt.

1896 2104 2083 2177 Chrys.
2134 2136 2205 2146 —-
2235 2106 2391 2161 Tunc
2439 2106 2701 2161 nimirum
2756 2107 3075 2179 indulgendi
3124 2108 3400 2165 maestitia:

1828 2206 2044 2267 tempus
2056 2208 2161 2264 est,
2189 2212 2300 2253 non
2334 2212 2462 2253 cum
2480 2198 2635 2254 malis
2658 2198 2950 2267 allicimur,
2977 2198 3073 2255 sed
3098 2214 3223 2255 cum
3254 2200 3398 2255 mala

1826 2297 2128 2359 patramus.

1894 2382 2192 2438 Plutarchi.
2218 2413 2287 2423 —-
2331 2383 2429 2437 Via
2467 2383 2693 2454 quidem
2732 2382 2984 2453 eligenda
3042 2381 3399 2453 planissima;

1827 2473 1937 2529 vita
1963 2472 2129 2547 614
2146 2490 2301 2540 vero,
2327 2490 2360 2530 a
2383 2474 2575 2529 dolore
2599 2490 2663 2529 ac
2692 2474 2968 2529 maestitia:
3025 2488 3192 2530 sensu
3221 2488 3402 2529 remu-

1829 2565 2058 2621 tissima.

1898 2656 2136 2713 Thoraci
2178 2658 2437 2724 tunicam,
2476 2658 2645 2711 menti
2693 2657 2978 2713 tristitiam
3032 2656 3403 2727 superindua-

1828 2763 1950 2803 mus
1982 2764 2165 2819 operae
2194 2750 2432 2820 pretium
2474 2761 2579 2806 est.

1899 2841 2106 2897 Socrat.
2138 2872 2211 2882 -—
2232 2843 2473 2913 Rogatus
2504 2842 2762 2897 Socrates
2788 2860 2801 2895 :
2834 2841 2976 2909 Quid
3028 2840 3193 2897 bonis
3228 2840 3403 2895 mole-

1829 2941 1976 2989 stum
2010 2934 2118 2989 sit:
2149 2934 2439 2999 Malorum,
2472 2934 2673 3003 inquit,
2707 2932 3065 3003 prosperitas.

1895 3026 2045 3081 Idem
2075 3036 2319 3098 rogatus,
2352 3042 2459 3097 qua
2482 3026 2609 3096 quis
2628 3026 2842 3080 ratione
2864 3040 2898 3079 a
2928 3022 3150 3078 tristitia
3196 3022 3400 3076 immu-

1829 3118 1918 3173 nis
1944 3128 2095 3191 agat:
2123 3120 2252 3184 Res,
2285 3119 2486 3189 inquit,
2508 3129 2594 3173 est
2623 3116 3006 3187 impossibilia.
3037 3115 3227 3185 Neque
3251 3114 3401 3169 enim

1741 3194 1781 3251 (ἶ
1817 3208 1936 3265 fieri
1984 3218 2167 3281 potest
2200 3219 2262 3265 ut
2312 3210 2437 3281 quis
2480 3210 2536 3264 in
2588 3210 2747 3275 urbe,
2801 3219 2899 3264 aut
2929 3209 3081 3263 domi
3112 3216 3391 3273 versetur,

1821 3301 2222 3372 hominumque
2254 3301 2659 3359 consuetudine
2719 3310 2930 3367 utatur,
2990 3310 3047 3357 et
3097 3318 3127 3357 a
3174 3300 3402 3357 tristitia

1826 3394 2089 3450 immunis
2115 3397 2349 3450 exsistat
2370 3411 2550 3467 neque
2579 3396 2785 3451 deleat.

1896 3484 2191 3555 Leucippus.
2224 3485 2341 3539 lloc
2370 3485 2522 3539 enim
2553 3485 2842 3540 oculorum
2889 3483 3199 3557 proprium,
3229 3492 3292 3538 ut
3344 3485 3403 3540 in

1829 3577 2040 3647 magnis
2073 3577 2231 3632 malis
2249 3577 2533 3648 lacrymas
2561 3592 2674 3632 non
2707 3576 3025 3642 effundant;
3057 3576 3112 3633 in
3167 3575 3403 3630 minori-

1828 3667 1932 3723 bus
1961 3680 2145 3722 autem
2178 3677 2233 3722 ct
2272 3686 2393 3739 quae
2418 3684 2526 3722 non
2566 3683 2797 3739 prorsus
2821 3668 3119 3731 excedant,
3179 3667 3403 3737 copiose

1826 3759 1935 3815 illis
1966 3760 2305 3830 indulgeant.

1898 3851 2146 3908 Characl.
2178 3881 2249 3892 —
2284 3850 2436 3905 Haud
2473 3864 2600 3904 raro
2635 3863 2874 3920 namque
2904 3849 3186 3905 excellens
3211 3850 3401 3920 longe-

1826 3960 1937 4015 que
1969 3952 2235 4014 przestans
2257 3943 2540 4013 gaudium,
2564 3942 2619 3997 in
2650 3942 2861 3997 doloris
2881 3957 3105 3997 sensum
3123 3942 3396 4007 vertitur;

1825 4046 1884 4093 et
1913 4053 2037 4108 quae
2053 4036 2278 4091 modum
2301 4036 2511 4093 nesciat
2537 4038 2814 4105 voluptas,
2849 4033 3126 4089 tristitiam
3155 4048 3265 4087 una
3300 4049 3399 4088 co-

1825 4130 2015 4186 mitem
2046 4129 2238 4184 trahit.

1895 4223 2182 4278 Moschion.
2214 4250 2277 4262 —
2308 4220 2447 4276 Cum
2484 4220 2551 4276 iis
2578 4236 2701 4291 quae
2734 4228 2987 4274 recreant
3016 4218 3224 4289 pariter
3239 4218 3395 4288 sequi

1820 4322 2251 4380 consueverunt,
2282 4330 2405 4383 quae
2427 4315 2658 4369 molesta
2682 4322 2830 4368 sunt.

1892 4408 2204 4462 Demonact.
2256 4435 2327 4445 --
2384 4405 2633 4460 Tristitia
2694 4405 2846 4459 velut
2900 4418 3042 4458 onus
3114 4401 3395 4473 quoddam

1749 4505 1791 4559 D
1820 4500 2139 4571 impositum
2166 4497 2313 4552 haud
2342 4498 2511 4553 invite
2537 4498 2765 4554 ferenda
2793 4506 2958 4568 atque
2982 4494 3217 4568 gemitu.

1890 4593 2197 4649 Chariclew.
2232 4592 2587 4647 —Mortales
2648 4591 2904 4661 sepulcra
2966 4598 3283 4653 exstruunt,
3338 4596 3398 4643 et

1819 4695 1940 4749 qua:
1967 4679 2036 4734 ad
2096 4680 2262 4737 funus
2310 4690 2366 4735 et
2388 4678 2725 4749 sepulturam
2758 4678 3039 4748 pertinent
3064 4684 3397 4750 praeparant,

1819 4772 1976 4841 quasi
1998 4772 2085 4828 his
2109 4774 2221 4827 sint
2242 4772 2397 4827 usuri
2428 4790 2439 4824 :
2472 4770 2754 4841 quomodo
2778 4779 2965 4826 autem
3014 4768 3211 4824 mortis
3245 4774 3397 4822 metu

1823 4874 1879 4918 et
1902 4864 2093 4919 dolore
2122 4874 2593 4935 vacent,quorum
2621 4880 2754 4919 usus
2774 4864 2993 4918 futurus
3008 4871 3114 4927 est,
3134 4859 3271 4915 nihil
3289 4858 3398 4914 tale

1824 4966 2151 5027 praeparant.

1890 5051 2227 5122 Theopompi.
2266 5081 2333 5091 —
2386 5052 2442 5107 Si
2472 5051 2599 5119 quis
2632 5049 2896 5119 pleraque
2942 5043 3216 5097 bonorum
3262 5042 3397 5097 ade-

178 5138 414 5207 κτημένος
447 5145 584 5212 μετά
612 5144 708 5197 τοῦ
740 5143 1031 5198 λυπεῖσθαι
1056 5143 1235 5212 διάγει
1263 5141 1355 5195 τὸν
1383 5140 1518 5211 βίον,
1545 5141 1719 5195 ἀπάν-

1858 5154 1963 5210 tus,
1988 5160 2181 5201 eorum
2212 5159 2439 5214 compos
2459 5143 2692 5199 eﬂectus
2717 5154 2842 5195 cum
2881 5133 3102 5191 tristitia
3138 5150 3396 5206 aegroque

178 5238 267 5279 των
294 5230 354 5282 ἂν
380 5235 462 5303 εῐη
497 5236 592 5289 καὶ⁸
618 5238 728 5290 τῶν
755 5236 928 5290 ὄντων
963 5236 1059 5290 καὶ
1081 5233 1192 5289 τῶν
1223 5232 1498 5304 ἐσομένων
1520 5232 1717 5286 ἀθλιώ-

176 5331 326 5387 τερος,

1816 5236 2002 5291 animo
2050 5236 2221 5290 vitam
2280 5235 2431 5306 agit,
2491 5234 2578 5297 is,
2638 5245 2722 5286 nm
2774 5225 3093 5284 mortalium
3152 5224 3397 5280 omnium

1818 5327 2326 5384 miserabilissimus
2356 5326 2451 5396 qui
2488 5325 2574 5379 vel
2609 5321 2885 5379 exsistunt
2913 5325 3009 5374 aut
3034 5316 3208 5372 futuri
3238 5318 3400 5374 sunt?

1604 5418 1839 5477 NOTAE.

239 5507 539 5594 (³)ᾯσξξερ
566 5518 687 5588 σὴς
721 5518 947 5594 ιματζῳ.
1010 5517 1103 5594 Ait
1156 5514 1409 5594 N_obil_ius
1465 5529 1715 5594 nonnex-

183 5585 306 5659 stare
333 5583 409 5659 _in_
425 5583 578 5659 Vulg.
605 5583 753 5659 quod
773 5583 946 5643 multa
970 5604 1037 5643 ex
1055 5587 1137 5659 eis
1179 5586 1515 5659 desiderent.
1566 5583 1713 5659 lien-

186 5655 277 5731 i}??-
302 5652 449 5731 Obelo
470 5652 765 5731 cohlig'ens,
798 5675 908 5731 non
938 5658 1213 5713 invenisse
1260 5658 1315 5711 in
1339 5658 1537 5731 decem
1564 5653 1717 5708 codi-

189 5716 320 5797 gibps
359 5716 642 5784 admonet?
684 5716 805 5785 Non
853 5730 1051 5784 desunt
1094 5738 1280 5785 tamen
1326 5725 1420 5797 qui
1452 5725 1711 5797 habeant.

192 5783 385 5848 llebrzea
415 5812 519 5852 non
556 5783 778 5868 habent,
799 5783 906 5856 sed
930 5783 1165 5869 Targum
1201 5783 1386 5863 habet,
1418 5811 1518 5851 nec
1539 5795 1717 5849 aliun-

1822 5516 1911 5579 de,
1945 5525 2008 5570 ut
2033 5517 2274 5578 videtur,
2310 5528 2472 5582 quam
2501 5528 2567 5567 ex
2618 5510 2882 5567 llebrazis.
2915 5508 3137 5581 Syriaca
3184 5504 3349 5584 etiam
3377 5514 3391 5559 ς

1823 5587 2053 5656 proinde
2099 5602 2210 5640 non
2248 5584 2530 5656 immerito
2563 5590 2981 5656 servatumest,
3032 5593 3129 5633 seu
3166 5582 3395 5655 restitu-

1823 5651 1938 5710 tum
1992 5658 2046 5710 in
2093 5667 2369 5726 postrema
2419 5654 2741 5709 Latinorum
2793 5651 3098 5706 Bibliorum
3146 5651 3394 5715 recogni-

1825 5729 1991 5783 tione.
