3964 6276
578 314 684 377 879
1744 315 1805 375 S.
1848 312 2135 376 MAXIM!
2173 313 2682 376 CONFESSORIS
3677 327 3754 390 880

647 428 733 483 Ea:
764 426 1013 499 Epictet.,
1051 426 1275 483 Isocrat.
1334 437 1384 481 et
1440 428 1725 483 Democrit.
1764 429 2059 483 sententiis.
2086 458 2155 466 —
2186 433 2212 489 Α

2190 433 2229 489 Α
2343 428 2442 483 Ἐκ
2484 428 2604 482 τῶν
2647 427 3017 495 Ἐπικτήτου,
3061 429 3353 497 Ἰσοκράτ,
3386 432 3611 502 Δημοκρ,
3636 438 3755 491 -εξ

577 520 632 575 Si
666 520 751 575 vis
776 521 1017 576 tristitia:
1038 530 1324 592 expertem
1344 521 1511 576 vitam
1540 537 1724 593 agere,
1744 537 1869 592 quae
1882 528 2142 577 eventura

2260 520 2441 590 βούλει
2494 520 2700 576 ἄλυπον
2751 520 2869 591 βίον
2914 519 3053 590 ζῇν,
3105 520 3175 576 τά
3218 521 3475 592 μέλλοντα
3502 527 3755 596 συμϐαίνειν

573 621 707 668 sunt
738 612 821 668 sic
852 612 1134 678 existima,
1158 628 1223 668 ac
1247 614 1293 669 si
1312 614 1423 685 jam
1451 613 1805 669 accidissent.

1583 614 1805 669 disserit.
2256 615 2330 679 ὡς
2360 614 2462 686 ἤδη
2490 614 2881 686 συμϐεϐηκότα
2908 612 3148 683 λογίζου.

643 706 755 763 Fac
805 705 975 761 animi
1016 706 1206 761 dolore
1258 720 1443 772 vaces,
1497 722 1610 762 non
1662 716 1723 763 ut
1765 706 1976 762 doloris
2028 707 2149 777 ipso

2330 708 2572 772 Ἄλυπος
2618 708 2729 763 ἴσθι
2750 745 2767 773 ,
2832 706 2911 779 μὴ
2942 708 3044 777 τὴν
3071 706 3346 762 ἀπάθειαν
3368 750 3384 773 ,
3432 708 3502 772 ὡς
3529 710 3589 763 τά
3612 711 3756 777 ἁλόγιιι

574 813 743 854 sensu
774 812 987 865 careas,
1024 797 1312 854 brutorum
1343 813 1535 867 more;
1561 814 1667 854 nec
1695 809 1754 856 ut
1788 799 2020 856 rationis
2045 814 2139 855 ex-

2254 802 2366 857 τῶν
2396 801 2556 867 ζώων
2574 817 2590 832 ο
2653 800 2789 873 μηδὲ
2816 800 2919 872 τὴν
2942 799 3191 870 ἀλογίαν,
3226 799 3305 864 ὡς
3329 801 3377 853 οἱ
3401 801 3634 871 ἀφρονες’
3673 803 3757 856 ἀλλ’

573 906 726 961 pers,
748 892 905 947 velut
926 891 1281 963 insipientes;
1300 891 1397 949 sed
1419 900 1680 963 tanquam
1694 891 1922 947 virtutis
1942 892 2138 957 cultor,

2253 895 2330 959 ὡς
2356 896 2633 968 ἐνάρετος,
2663 894 2757 948 τὸν
2780 892 2939 963 λόγον
2965 891 3270 966 τῆςυλύπης
3295 892 3431 966 ἔχων
3456 895 3754 966 παραμύθιον.

571 982 671 1054 qui
696 982 959 1040 videlicet
1006 998 1109 1055 pro
1153 982 1364 1040 doloris
1425 980 1672 1039 remedio
1717 982 1993 1040 rationem
2046 982 2146 1037 ha-

572 1076 729 1135 beas.

639 1167 725 1224 llli
748 1167 835 1224 vir
856 1167 1066 1240 probus
1086 1167 1343 1240 gratique
1380 1166 1551 1223 animi
1574 1177 1682 1236 est,
1707 1169 1805 1240 qui
1834 1182 1947 1224 non
1973 1166 2137 1224 tristis

2324 1155 2639 1229 Εὑγνὼμων
2672 1159 2701 1211 ὁ
2730 1156 2807 1227 μὴ
2837 1154 3176 1226 λυπούμενος
3208 1155 3272 1208 ἐν
3294 1148 3375 1219 οἷς
3399 1154 3495 1208 οὐκ
3516 1155 3630 1227 ἔχει,
3656 1157 3756 1211 ἀλλὰ

568 1259 702 1331 agit,
734 1268 830 1315 aut
856 1259 1004 1315 dolet
1032 1259 1105 1316 ob
1128 1274 1195 1315 ea
1217 1274 1342 1330 qua:
1366 1275 1480 1315 non
1505 1259 1697 1326 habet,
1724 1260 1821 1317 sed
1850 1259 2053 1333 gaudet
2076 1249 2133 1315 de

1282 1274 1342 1316 ne
1366 1275 1480 1315 non
1505 1259 1697 1326 habet,
1724 1260 1821 1317 sed
1850 1259 2053 1333 gaudet
2076 1249 2145 1315 de
2252 1251 2460 1324 χαίρων
2492 1251 2579 1320 ἐφ’
2599 1244 2681 1314 οἷς
2713 1249 2847 1321 ἔχει.

569 1349 639 1405 iis
660 1364 781 1406 qua:
816 1349 1000 1406 habet.

635 1364 781 1419 aqua:
816 1364 1000 1406 habet.

635 1440 741 1508 Qui
790 1442 863 1497 ob
929 1440 1269 1499 calamitates
1324 1452 1440 1499 tum
1499 1441 1729 1499 minime
1783 1441 1972 1498 animo
2025 1441 2142 1498 dis-

2333 1432 2493 1486 ’Ὀσοι
2514 1430 2658 1495 τινὲς
2686 1431 2822 1500 πρὸς
2840 1428 2941 1493 τὰς
2965 1426 3277 1499 συμφορὰς,
3295 1425 3485 1500 γνώμῃ
3507 1427 3593 1497 μὲν
3606 1426 3755 1497 ἥκιστα

566 1533 907 1601 cruciantur,
955 1542 1074 1591 tum
1138 1533 1284 1591 facto
1353 1535 1592 1592 maxime
1648 1534 1943 1601 resistunt,
1992 1535 2032 1593 ii
2088 1546 2131 1592 el

2249 1522 2547 1579 λυποῦνται
2568 1561 2585 1587 ,
2630 1521 2779 1594 ἔργῳ
2802 1518 2859 1574 δὲ
2893 1518 3131 1591 μάλιστα
3159 1518 3506 1589 ἀντέχωσιν,
3544 1510 3667 1573 οὗτοι
3688 1519 3756 1571 καὶ

564 1622 851 1681 civitatum
908 1631 967 1682 et
1003 1622 1160 1681 rudis
1195 1625 1346 1697 vulgi
1392 1626 1837 1697 praestantissimi
1901 1626 2129 1684 habendi

1919 1626 2141 1684 labendi
2248 1615 2361 1671 τῶν
2385 1614 2596 1669 πόλεων
2631 1614 2724 1668 καὶ
2756 1610 2983 1667 ἰδιωτῶν
3013 1610 3305 1682 κράτιστοί
3334 1611 3484 1666 εἰσιν.

564 1725 715 1773 sunt.

657 1808 887 1882 Epictet.
955 1839 1027 1853 —
1079 1811 1454 1885 Interrogatus
1521 1812 1842 1885 Epictetus,
1907 1828 2147 1885 quonam
2179 1812 2222 1870 Β

2190 1813 2223 1869 Β
2332 1807 2707 1879 Ἐπικτήτον.
2771 1838 2840 1851 -
2900 1806 3236 1879 Ἐρωτηθεὶς
3301 1805 3418 1871 πῶς
3470 1808 3530 1863 ἀν
3577 1824 3648 1871 τις
3690 1805 3755 1860 τον

561 1902 691 1975 quis
722 1903 890 1961 modo
924 1903 1071 1961 hosti
1100 1904 1349 1962 dolorem
1384 1906 1687 1963 incusserit
1722 1924 1735 1962 :
1785 1906 1842 1963 Si
1875 1907 2023 1979 quis,
2054 1907 2126 1963 in-

2243 1901 2440 1975 ἐχθρὸν
2486 1901 2704 1973 λυπήσῃ
2728 1942 2744 1967 ,
2795 1900 2931 1972 ἔφη.
2968 1898 3199 1954 Ἑαυτὸν
3230 1900 3639 1970 παρασκευάζων
3664 1898 3752 1968 βίλ-

563 1997 704 2070 quit,
741 1997 818 2053 ita
846 2013 906 2055 se
934 2007 1240 2070 comparet,
1274 2008 1336 2055 ut
1361 2014 1526 2070 quam
1545 1998 1756 2070 optime
1780 1998 1952 2055 vitam
1983 1998 2128 2055 insti-

1159 2007 1240 2067 et,
1274 2008 1336 2055 ut
1361 2014 1526 2070 quam
1545 1998 1756 2070 optime
1780 1998 1952 2055 vitam
1983 1998 2143 2055 insti-
2246 2010 2406 2049 τιστα
2437 1992 2724 2065 πράττειν.

563 2098 705 2147 tuat.
2032 2142 2040 2150 .

628 2181 982 2255 Insipientes,
1016 2190 1276 2255 tempus;
1305 2182 1587 2254 sapientes
1611 2191 1798 2240 autem
1836 2182 1980 2239 ratio
2002 2196 2138 2239 mm-

2312 2174 2453 2239 Τοὺς
2499 2175 2744 2246 ἄφρονας
2781 2175 2810 2227 ὁ
2847 2172 3067 2244 χρόνος·
3115 2172 3246 2236 τοὺς
3274 2172 3331 2225 δὲ
3363 2169 3753 2243 φρονίμουςδλό-

560 2289 685 2331 rore
704 2274 926 2331 liberat.

2242 2282 2340 2337 γος
2364 2266 2464 2338 τῆς
2492 2264 2672 2337 λύπης
2698 2262 3054 2320 ἀπαλλάττει.

628 2366 946 2441 Ροιεὶἀῖρρὶ.
966 2397 1038 2410 -
1077 2367 1252 2425 Nemo
1278 2377 1386 2435 cst,
1448 2368 1617 2424 homo
1663 2382 1789 2423 cum
1819 2368 1912 2432 sit,
1941 2367 2036 2437 qui
2067 2366 2136 2423 ab

2314 2357 2639 2413 Ποσσιδιπ.
2688 2389 2763 2399 —
2809 2357 3001 2423 Οὐδεὶς
3037 2357 3247 2423 ἄλυπος
3279 2356 3372 2412 τὸν
3397 2356 3505 2428 βίον
3526 2354 3749 2427 διήγαγεν.

556 2461 711 2518 omni
745 2461 1049 2520 immunem
1068 2461 1261 2518 dolore
1286 2476 1352 2518 ac
1381 2462 1607 2518 tristitia
1637 2462 1804 2517 vitam
1823 2460 1987 2533 615
2007 2475 2121 2532 ege-

2242 2452 2343 2509 άνθ
2350 2468 2531 2526 ρωπος
2555 2450 2631 2507 ὢν
2647 2468 2661 2483 ·
2713 2450 2824 2505 οὐδ’
2844 2450 2974 2522 ἄχρι
2998 2449 3091 2505 τοῦ
3112 2449 3304 2516 τέλους
3330 2448 3527 2503 ἔμεινεν
3545 2445 3748 2517 εὐτυχῶν.

557 2553 671 2623 rit;
704 2570 809 2613 nec
830 2555 920 2613 cui
948 2554 1008 2611 in
1022 2555 1186 2613 ﬁnem
1223 2571 1401 2627 usque
1434 2555 1611 2613 fausto
1628 2569 1694 2611 ac
1716 2568 1982 2626 prospere
2010 2567 2133 2611 ces-

655 2648 721 2705 it.

555 2658 721 2707 serit.

625 2741 874 2815 Euripid.
899 2773 967 2783 —-
1000 2744 1061 2799 In
1087 2744 1241 2800 nullo
1270 2742 1383 2799 vita
1421 2742 1657 2798 inveniri
1702 2748 1888 2814 potest
1925 2741 1994 2798 ab
2021 2756 2120 2797 om

2301 2740 2647 2811 Εὐριπίδ.-
2661 2741 2773 2796 Οὐκ
2797 2739 2944 2795 ἔστιν
2971 2739 3153 2811 εὑρεῖν
3175 2738 3297 2811 βίον
3322 2736 3516 2794 ἄλυπον
3539 2736 3591 2794 ἑν
3602 2734 3747 2791 οὐδενί.

554 2831 829 2894 nidolore
861 2850 927 2894 ac
954 2836 1181 2894 tristitia
1213 2836 1498 2892 immunis.

1104 2991 1337 3049 SERMO
1374 2991 1543 3048 XXIX
1555 3032 1568 3046 .

2750 2998 2758 3006 '
2806 2987 3030 3044 ΛΟΓΟΣ
3061 2987 3170 3043 ΚΘ¹
3186 2988 3258 3047 ⁸⁸.

1186 3086 1263 3141 De
1283 3103 1488 3143 somno.

2832 3084 2975 3154 Περὶ
3001 3085 3223 3141 ὕπνου.

622 3179 816 3241 Matth.
849 3196 997 3246 ιινι,
1032 3179 1124 3246 ιο,
1147 3180 1249 3247 Δις
1282 3178 1452 3235 Marc.
1475 3195 1586 3238 xw.
1624 3180 1715 3236 '57.
1739 3209 1808 3223 -—
1855 3178 2018 3234 Venit
2040 3177 2129 3234 ,1ο-
2157 3202 2187 3258 ε

2177 3202 2202 3258 3
2308 3180 2493 3234 Ματθ.
2524 3183 2640 3243 κς’.
2676 3179 2829 3248 Map.
2855 3173 2947 3230 ιδ’.
2986 3180 3173 3231 Λουκ.
3197 3175 3315 3231 κδ’.
3335 3175 3639 3231 -Ἐλθὼνό
3667 3175 3742 3244 Ἰη-

550 3287 671 3341 sua,
701 3282 760 3331 et
784 3272 997 3329 invenit
1024 3271 1333 3343 discipulos
1362 3286 1495 3328 suos
1539 3271 1916 3338 dormientes;
1972 3280 2115 3327 erant

2234 3270 2361 3333 σοῦς
2384 3312 2400 3338 ,
2434 3264 2561 3342 εὗρε
2590 3270 2721 3334 τοὺς
2748 3268 3000 3342 μαθητὰς
3026 3268 3194 3324 αὑτοῦ
3225 3270 3565 3334 καθεύδοντας
3583 3286 3595 3300 ο
3639 3264 3742 3340 ἦσαν

550 3364 703 3424 enim
737 3364 884 3421 oculi
915 3379 1113 3422 eorum
1142 3362 1378 3437 gravati,
1409 3371 1467 3420 et
1486 3363 1622 3420 dicit
1642 3363 1755 3420 eis:
1779 3362 1872 3421 Sic
1894 3378 2005 3419 non
2031 3378 2115 3434 po.

2229 3363 2341 3436 γὰρ
2393 3364 2441 3418 οῖ
2495 3362 2767 3435 ὀφθαλμοὶ
2819 3361 2999 3416 αὐτῶν
3054 3361 3464 3437 βεϐαρημένοι,
3517 3364 3598 3418 καὶ
3635 3361 3742 3429 λέγει

551 3457 741 3517 tuistis
809 3473 919 3515 una
969 3457 1109 3514 hora
1164 3457 1398 3530 vigilare
1458 3456 1724 3514 mecum?
1779 3457 1877 3513 Vel
1928 3456 2116 3513 Judam

2230 3456 2445 3522 αὑτοῖς,
2494 3453 2684 3518 Οὕτως
2713 3455 2817 3509 οὑκ
2844 3454 3103 3526 ἰσχύσατε
3134 3455 3273 3528 μίαν
3301 3456 3444 3529 ὥραν
3467 3453 3742 3527 γρηγορῆσαι

547 3550 765 3619 videte,
812 3551 1092 3623 quomodo
1147 3567 1258 3609 non
1310 3551 1540 3607 dormit.
1602 3550 1836 3622 Vigilate
1888 3564 2024 3622 ergo
2071 3564 2112 3603 ei

2233 3550 2350 3618 μετ’
2393 3546 2549 3618 ἐμοῦ.
2610 3546 2735 3603 Κᾶν
2774 3547 2870 3601 τὸν
2907 3546 3108 3602 Ἰούδαν
3167 3549 3441 3606 θεάσασθε
3477 3551 3533 3620 (ι)
3569 3548 3663 3611 πῶς
3697 3544 3740 3597 οὐ

548 3650 728 3698 orate.
2231 3638 2505 3695 καθεύδει.
2539 3639 2873 3711 Γρηγορεῖτε
2903 3633 3000 3694 οὖν
3029 3640 3126 3694 καὶ
3155 3642 3535 3715 προσεύχεσθε.

618 3735 649 3792 1
674 3734 855 3792 Thess.
883 3752 938 3801 ν,
976 3736 1029 3792 ϐ.
1059 3766 1129 3778 --
1161 3736 1336 3808 Igitur
1388 3751 1499 3792 non
1545 3734 1884 3791 dormiamus
1905 3733 2049 3789 sicut
2071 3741 2128 3787 et

2300 3731 2355 3788 a'
2384 3734 2609 3787 Θεσ.ε’.
2650 3761 2722 3774 -
2764 3733 2906 3804 ’Δρα
2947 3728 3041 3787 οὖν
3097 3734 3173 3807 μὴ
3217 3735 3554 3806 καθεύδωμεν
3588 3730 3649 3793 ὠς
3673 3729 3739 3782 καὶ

547 3828 758 3893 caeteri,
782 3827 876 3884 sed
900 3828 1213 3900 vigilemus,
1264 3837 1322 3885 et
1362 3827 1535 3884 sobrii
1583 3828 1774 3883 simus.
1826 3824 1931 3893 Qui
1976 3826 2112 3880 enitr

2227 3827 2275 3879 οἱ
2317 3823 2517 3890 λοιποὶ,
2565 3812 2704 3880 ἀλλά
2738 3824 3110 3897 γρηγορῶμεν
3152 3828 3257 3883 καὶ
3288 3829 3549 3901 νήφωμεν.
3587 3822 3739 3890 θῖγὰρ

545 3918 852 3985 dormiunt,
876 3928 1042 3975 nocte
1070 3919 1392 3986 dormiunt;
1426 3927 1483 3975 et
1506 3919 1603 3990 qui
1624 3918 1765 3974 ebrii
1786 3926 1935 3980 sunt,
1961 3924 2110 3972 nocti

2230 3918 2611 3983 καθεύδοντες,
2648 3919 2844 3983 νυκτὸς
2874 3919 3197 3975 καθεύδουσι
3222 3938 3243 3955 ο
3305 3922 3398 3977 καὶ
3441 3923 3486 3975 oi
3526 3913 3734 3992 μεθυσκό-

546 4009 689 4066 ebrii
721 4017 870 4067 sunt.
920 4010 1031 4066 Nos
1064 4019 1251 4066 autem
1294 4008 1391 4081 qui
1422 4009 1534 4065 diei
1576 4024 1789 4073 sumus,
1842 4006 2012 4063 sobrii
2044 4006 2111 4061 si-

2230 4029 2403 4083 μενοι,
2454 4011 2651 4077 νυκτὸς
2695 4011 3026 4083 μεθύουσιν·
3087 4014 3259 4086 ἡμεῖς
3294 4016 3353 4072 δὲ
3397 4014 3587 4087 ἡμέρας
3605 4010 3733 4071 ὄντος.

2230 4106 2509 4178 νήφωμεν.

614 4190 777 4249 Prov.
809 4208 959 4260 xxm,
994 4196 1049 4249 2.
1085 4223 1155 4234 -
1219 4191 1476 4249 Induitur
1535 4192 1786 4263 disrupta
1825 4201 1883 4247 et
1941 4192 2122 4249 lacera

2302 4201 2547 4270 Παροιμ.
2574 4205 2684 4271 κγ.
2705 4230 2777 4242 -
2809 4200 3084 4257 Ἐνδύεται
3109 4201 3477 4277 διερρηγμένα
3502 4202 3581 4258 καὶ
3601 4195 3735 4271 ῥακώ-

546 4283 730 4341 omnis
749 4286 1147 4342 somnolentus.

2223 4292 2312 4364 δη,
2342 4294 2451 4358 πᾶς
2476 4292 2745 4363 ὑπνώδης.

612 4375 949 4444 Eccli.xxx1,
995 4378 1053 4433 2.
1086 4406 1151 4420 ——
1185 4377 1516 4436 Sollicitudo
1568 4376 1883 4449 vigiliarum
1945 4376 2120 4433 inter-

2294 4386 2494 4457 Σιράχ.
2519 4386 2635 4442 λα’.
2660 4416 2729 4428 -
2756 4385 3014 4459 Μέριμνα
3043 4389 3357 4463 ἀγρυπνίας
3387 4388 3645 4457 ἀπαιτήσει
3664 4397 3730 4434 νυ·

544 4467 775 4539 pellabit
804 4468 1276 4526 dormitationem.

921 4469 1276 4526 mitationem.
2224 4478 2486 4551 σταγμόν.

612 4557 823 4615 Basilii.
847 4589 916 4600 —
942 4559 1157 4617 Gratias
1178 4575 1300 4633 age,
1333 4575 1367 4617 o
1398 4560 1585 4626 homo,
1612 4560 1694 4617 illi
1732 4562 1828 4633 qui
1884 4565 1942 4618 et
1974 4562 2119 4618 invi-
2149 4582 2177 4640 ι

2165 4582 2198 4640 ι)
2295 4571 2719 4626 Βασιλείου.-
2741 4572 3089 4644 Εὑχαρῖστει,
3120 4573 3395 4646 ἄνθρωπε,
3429 4573 3499 4645 τῷ
3520 4565 3730 4626 ἀκουσίως

541 4651 617 4709 tis
641 4668 742 4724 per
768 4668 1019 4709 somnum
1041 4654 1361 4710 continuam
1382 4654 1591 4711 laboris
1608 4654 1985 4726 fatigationem
2009 4656 2106 4711 sol-

2220 4663 2367 4735 ἡμᾶς
2393 4662 2486 4718 διὰ
2507 4662 2603 4717 τοῦ
2629 4663 2802 4718 ὕπνου
2829 4665 2929 4737 τῆς
2953 4664 3236 4736 συνεχείας
3262 4664 3372 4720 τῶν
3393 4664 3555 4719 πόνων
3575 4658 3726 4713 λύοντι.

543 4741 643 4808 vit,
672 4742 939 4814 brevique
966 4753 1181 4815 captata
1227 4745 1420 4816 requie
1469 4745 1537 4801 ad
1589 4745 1851 4817 potentiae
1879 4746 2108 4818 vigorem

2220 4756 2316 4809 καὶ
2348 4756 2413 4809 ὲκ
2446 4756 2649 4827 μικρᾶς
2676 4756 3073 4821 ἀναπαύσεως.
3122 4756 3289 4813 πάλιν
3321 4760 3454 4829 πρὸς
3480 4755 3566 4826 τὴν
3589 4747 3729 4820 ἀκμὴν

543 4834 749 4892 iterum
777 4836 1017 4893 reducit.

2216 4846 2320 4919 τῆς
2347 4847 2634 4919 δυνάμεως
2662 4849 3014 4918 ὲπανάγοντι.

609 4928 897 5003 Theologi.,
928 4960 998 4973 -—
1058 4933 1152 4990 Vir
1199 4936 1585 4993 somnolentus
1634 4940 1980 4996 somniorum
2035 4940 2120 4995 in-

2290 4940 2606 5009 Θεολόγου.
2630 4970 2701 4980 -
2730 4940 2895 5012 Ἀνὴρ
2922 4940 3197 5013 ὑπνώδης,
3226 4943 3452 5016 εὑρετὴς
3473 4934 3723 5012 ὀνειράτων·

537 5032 739 5077 ventor
768 5033 893 5093 est;
919 5041 1147 5083 somnus
1174 5026 1322 5083 enim
1347 5028 1484 5096 visa,
1519 5044 1631 5085 non
1664 5047 1757 5088 res
1786 5031 1970 5089 docet.

2148 5082 2152 5086 .
2221 5030 2432 5103 μύστης
2454 5032 2565 5104 γὰρ
2598 5032 2767 5097 ὕπνος
2796 5032 3123 5105 φασμάτων,
3158 5037 3221 5091 οὑ
3252 5033 3597 5109 πραγμάτων.

609 5111 875 5185 Chrysost.
905 5145 975 5157 -—
1001 5117 1240 5174 Somnus
1277 5119 1428 5174 aliud
1479 5120 1619 5175 nihil
1646 5131 1732 5177 est
1762 5140 1928 5193 quam
1970 5131 2112 5179 tem-

2291 5123 2593 5193 Χρυσόστ.
2614 5124 2912 5188 -⁹’Υπνος
2938 5123 3094 5179 οὐδέν
3123 5127 3293 5192 ἐστιν,
3322 5126 3353 5197 ἢ
3378 5124 3584 5182 θάνατος
3600 5112 3724 5186 πρ⁶σ¹

535 5218 781 5274 poranea
808 5222 977 5273 mors,
1006 5217 1063 5264 et
1100 5210 1456 5280 quotidianus
1486 5213 1766 5270 interitus.

1584 5215 1766 5270 tritus.
2223 5233 2433 5286 καιρος,
2471 5214 2566 5268 καὶ
2599 5216 2880 5287 ἐφήμερος
2903 5215 3149 5287 τελευτή.

604 5320 654 5355 ⁸⁸
672 5322 855 5393 Apud.
884 5324 1042 5382 Stob.
1075 5327 1165 5382 90.
2062 5396 2278 5453 ΝΟΤᾹΞ

605 5493 707 5572 (t)_
903 5492 1011 5546 τὸν
1051 5492 1295 5572 ’ζούδαις
1317 5493 1640 5572 θεάσασθε.
1671 5494 1797 5572 liget:
1856 5494 2107 5563 perinde,

2216 5495 2771 5572 pta_inve_ni_t,_quod
2832 5500 2907 5556 ita
2943 5502 3099 5571 quasi
3148 5500 3435 5572 Scriptum
3471 5491 3614 5572 verba
3630 5497 3720 5572 itif:

533 5563 657 5691 Eua:
674 5563 1066 5645 desiderantur
1092 5565 1151 5644 in
1173 5563 1463 5619 codicibus
1481 5565 1835 5637 evangelicis,
1877 5574 2110 5637 usurpat
2216 5563 2346 5622 duci
2386 5583 2400 5620 :
2439 5567 2546 5622 nisi
2588 5563 2978 5627 Tractatorum
3014 5572 3215 5645 aliquis
3250 5563 3537 5628 enarrando
3558 5564 3719 5616 textum

579 5635 776 5691 cclcsia
805 5634 1017 5691 Latina.
1053 5632 1191 5690 feria
1215 5634 1269 5691 5.
1300 5634 1357 5689 in
1375 5634 1547 5691 Coena
1569 5636 1810 5691 Domini.
1844 5653 1910 5691 ex
1930 5652 2110 5691 secre-
2215 5637 2596 5691 evamzelicum
2626 5639 2905 5691 adhibuit-
2942 5642 3088 5691 mimi
3118 5650 3306 5691 mstea
3344 5636 3490 5691 quasi
3518 5649 3576 5691 ex
3598 5633 3715 5685 te!!!

579 5634 1017 5715 celesiapLatina,
1053 5632 1191 5715 feria
1211 5634 1547 5715 _5,inC(ena
1569 5632 1910 5715 Domini_,_ex
1930 5632 2110 5693 sec‘re-
2215 5637 2596 5715 evangelicum
2626 5639 2905 5713 adhibuit,
2942 5642 3088 5714 quod
3106 5632 3307 5715 postea
3344 5636 3490 5712 quasi
3518 5649 3576 5691 ex
3598 5633 3715 5685 textu

535 5706 663 5779 tiori
693 5706 835 5761 forte
881 5706 1065 5779 aliqua
1106 5703 1688 5779 scriptura__accepta,
1730 5707 2022 5779 additque,
2055 5716 2105 5779 et
2215 5703 2467 5766 habitum
2502 5709 2594 5765 sit.

539 5778 759 5847 festinat
786 5792 867 5831 me
900 5774 1113 5833 irridere
1149 5774 1372 5832 Judwis.
1400 5774 1667 5835 Maximus
1697 5777 1777 5834 sic
1802 5774 1931 5835 olim
1963 5778 2106 5836 scri-
