3964 6276
250 356 366 426 831

1567 366 1738 429 LOCI
1773 363 2214 432 COMMUNES.

338 474 521 543 Γρηγ.
543 473 824 543 Νύσσης.
840 473 1144 551 -Ὣσπερ
1171 476 1265 534 ἐπὶ
1289 480 1393 552 τῆς
1419 480 1695 561 καθύγροιε
1719 479 1841 549 γῆς.

2017 480 2176 552 Greg.
2209 481 2366 554 Nyss.
2406 510 2464 521 —
2486 483 2557 541 Ut
2579 483 2637 539 in
2670 484 2935 542 bumente
2966 494 3133 555 terra,
3161 487 3524 545 calidioribus

247 563 486 620 ἐπειδὰν
553 565 914 640 θερμοτέραις
972 569 1192 626 ἀκτῖσιν
1234 572 1541 645 ἐπιλάμψαι
1589 576 1620 628 ό
1658 572 1845 645 ἥλιος,

246 655 428 725 ἀτμοί
454 674 601 723 τινες
627 658 954 732 ὁμιχλώδεις
995 662 1107 717 ἀπὸ
1139 663 1235 718 τοῦ
1269 664 1465 736 βάθους
1490 664 1809 721 ἀνέλκονται
1830 680 1844 694 ·

245 749 448 820 ὅμοιόν
470 767 525 805 τι
554 751 764 821 γίνεται
792 754 890 809 καὶ
914 756 975 809 εν
997 758 1066 827 τῇ
1092 755 1217 812 καθ’
1234 759 1385 829 ἡμᾶς
1403 760 1498 829 γῇ,
1517 758 1620 829 τῆς
1637 757 1848 829 τροφῆς

246 842 368 895 ὑπὸ
392 843 495 914 τῆς
517 845 757 917 φυσικῆς
785 845 1125 920 θερμότητος
1153 849 1515 922 ἀναζεούσηςο
1542 854 1848 923 ἀνωφερεῑς

243 934 337 989 δὲ,
370 934 527 1000 ὄντες
571 937 623 990 οἰ
664 938 834 1010 ἀτμοὶ
881 941 1027 996 κατὰ
1072 942 1236 1013 φύσιν
1272 942 1370 998 καὶ
1401 942 1697 1015 ἀερώδεις,
1752 944 1849 999 καὶ

246 1027 403 1099 πρὸς
426 1028 488 1083 τὸ
513 1029 913 1103 ὑπερκείμενον
942 1035 1329 1105 ἁναπνέοντες,
1363 1038 1423 1092 έν
1447 1039 1559 1102 τοῖς
1585 1037 1729 1095 κατὰ
1748 1037 1847 1108 τὴν

246 1119 509 1191 κεφαλὴν
535 1121 778 1190 γίνονται
802 1124 1029 1197 χώροις.

329 1211 552 1266 Φίλων.
574 1241 645 1252 -
668 1213 910 1281 Εἰκότως
936 1217 1170 1292 μελέτην
1195 1219 1451 1277 θανάτου·
1488 1223 1650 1278 σκιὰν
1668 1223 1725 1278 δὲ
1748 1222 1847 1278 καὶ

248 1302 631 1395 Ῠπογραμμὸν
682 1306 785 1377 τῆς
834 1303 995 1376 αὖθις
1035 1311 1305 1395 ἰσομένης
1332 1314 1719 1381 ἀνασιώσεως,
1753 1317 1845 1371 τὸν

248 1391 431 1449 ὕπνον
459 1397 512 1449 οἰ
539 1396 749 1470 τάληθῆ
777 1391 1185 1473 πεφρονηκότες
1208 1405 1588 1479 ἀτιεφῄναντοι
1647 1408 1842 1463 ἑκατέ-

251 1502 375 1556 ρων
412 1487 523 1558 γὰρ
567 1490 824 1562 ἐναργεῖς
862 1494 1021 1566 φέρει
1045 1496 1145 1563 τὰς
1168 1500 1383 1565 εἰκόνας
1405 1541 1424 1568 ,
1482 1504 1581 1557 καὶ
1613 1503 1865 1575 μεθιστᾷ

243 1577 351 1631 τὸν
374 1580 540 1635 αὐτὸν
571 1582 632 1647 ἑξ
658 1583 853 1657 ὁλοκλή
862 1603 983 1657 ρου.

327 1670 865 1740 “lima—"06a
888 1678 1021 1751 περὶ
1043 1677 1213 1735 ὕπνου
1230 1681 1470 1752 λέγουσι,
1489 1684 1559 1740 τὰ
1573 1685 1714 1741 αὐτὰ
1736 1688 1844 1759 χρὴ

1947 572 2083 629 solis
2106 574 2276 632 radiis
2297 575 2568 632 illustrata
2587 593 2653 633 ac
2675 576 2809 643 fota,
2842 594 3083 650 vapores
3132 579 3361 651 quidam
3418 596 3522 636 ne-

1948 664 2217 721 bulosiex
2247 665 2360 722 imo
2383 668 2732 736 excitantur;
2769 668 2913 725 idem
2939 671 3337 741 propemodum
3389 685 3525 725 con-

1949 754 2112 828 tingit
2149 758 2207 813 in
2228 759 2402 814 nostri
2436 760 2688 831 corporis
2719 761 3038 827 terra,dum
3060 763 3297 817 naturali
3338 762 3525 817 calore

1948 848 2110 906 cibus
2161 849 2529 908 etl‘ervescit:
2577 867 2819 924 cumque
2872 868 3109 925 vapores
3167 861 3365 923 suapte
3421 866 3524 906 na-

1948 951 2073 999 tura
2126 958 2352 999 sursum
2418 944 2668 1001 ferantur
2718 955 2775 1001 et
2824 945 2965 1001 aerii
3019 945 3153 1007 sint,
3207 944 3523 1017 exspirent-

1947 1051 2058 1107 que
2104 1035 2160 1091 in
2194 1036 2377 1093 locum
2410 1038 2773 1109 superiorem,
2812 1038 2870 1093 in
2922 1038 3120 1109 capitis
3150 1036 3283 1093 sede
3339 1034 3526 1092 consi-

1946 1129 2098 1185 dent.

2018 1220 2275 1278 Philonis.
2314 1220 2605 1277 -—Merito
2658 1221 2853 1277 mortis
2908 1220 3354 1285 meditationem,
3401 1232 3526 1274 um-

1948 1313 2216 1386 bramque
2247 1323 2305 1371 et
2332 1313 2567 1370 formam
2597 1313 2803 1369 futura:
2822 1328 3018 1369 rursus
3062 1312 3191 1369 vita:
3249 1310 3526 1368 instaura—

1948 1408 2142 1475 tionis,
2163 1408 2270 1465 viri
2292 1424 2425 1464 vera
2440 1407 2721 1479 sapientes
2738 1415 2950 1462 asserte
2977 1405 3333 1461 tradiderunt
3364 1422 3380 1460 :
3405 1419 3526 1459 am-

1948 1501 2143 1558 borum
2189 1499 2339 1557 enim
2389 1500 2540 1556 clara
2600 1499 2709 1555 fert
2766 1497 3060 1554 simulacra
3088 1512 3153 1552 ac
3182 1496 3252 1552 de
3309 1496 3531 1567 integro

1947 1593 2205 1651 eumdem
2220 1608 2289 1649 ex
2316 1593 2493 1649 altero
2513 1591 2570 1646 in
2600 1590 2839 1646 alterum
2877 1586 3167 1645 transfert.

2016 1684 2320 1744 Clementis.
2368 1716 2439 1727 —
2468 1682 2665 1741 Omnia
2686 1698 2810 1754 qua:
2850 1681 2921 1737 de
2981 1695 3179 1737 somno
3232 1679 3520 1744 dicuntur,

246 1759 354 1853 καὶ
413 1764 544 1831 περί
587 1765 821 1822 θανάτου
867 1768 1173 1837 ἐξακούειν.
1214 1773 1510 1851 Ἐκάτερος
1546 1778 1657 1851 γὰρ
1695 1781 1841 1853 δηλοῖ

1962 1779 2141 1836 :adem
2168 1790 2226 1834 et
2250 1778 2319 1834 de
2349 1785 2531 1834 morte
2563 1776 2709 1832 dicta
2738 1773 3064 1845 accipienda
3095 1778 3226 1828 sunt
3251 1788 3267 1838 ;
3300 1779 3521 1827 utrum-

244 1852 357 1922 τὴν
385 1855 729 1914 ἀποστασίαν
752 1860 855 1933 τῆς
874 1861 1075 1937 ψυχῆς⁸
1107 1868 1138 1921 ό
1160 1867 1262 1939 μὲν
1284 1869 1511 1941 μᾶλλον,
1534 1874 1565 1928 ό
1581 1871 1638 1927 δὲ

326 2033 477 2128 ﬁdat
501 2035 582 2105 δὲ,
625 2038 704 2105 ὡς
742 2039 874 2107 ἔπος
904 2044 1106 2112 εἰπεῖν,
1140 2047 1510 2122 διαμαχητέον
1542 2053 1673 2125 ὑμῖν
1705 2057 1844 2128 πρὸς

247 2124 349 2180 τὸν
378 2126 567 2196 ὕπνον,
604 2130 683 2196 ὡς
708 2133 931 2191 πλείονα
958 2137 1152 2210 χρόνον
1180 2140 1277 2198 τοῦ
1304 2140 1407 2216 ζῇν
1437 2143 1527 2201 διὰ
1552 2124 1655 2219 τὴν
1676 2124 1843 2222 ἐγρή-

250 2233 454 2291 γορσιν
484 2223 950 2297 μεταλαμϐάνειν.

338 2308 560 2406 ξργὰρ
604 2315 771 2383 ὕπνος
820 2318 1011 2396 ὥσπερ
1055 2325 1299 2399 τελώνης
1336 2329 1430 2386 τὸν
1459 2332 1667 2404 ἥμισυν
1706 2334 1842 2406 ἡμίν

244 2402 351 2458 τοῦ
380 2402 499 2475 βίου
530 2409 922 2484 συνδιαιρεῖται
946 2416 1163 2489 χρόνον.

324 2495 537 2551 Πολλοῦ
579 2516 644 2569 γε
689 2500 771 2556 δεῖ
822 2505 943 2576 μεθ’
967 2508 1184 2582 ἡμέραν
1222 2512 1509 2571 καθεύδειν
1533 2555 1550 2583 ,
1601 2519 1715 2584 τοῖς
1746 2520 1842 2575 καὶ

245 2586 355 2657 τῆς
391 2589 585 2655 νυκτὸς
614 2592 677 2647 τὸ
709 2594 961 2654 πλεῖστον
992 2602 1074 2666 εἰς
1100 2603 1435 2678 ιγρήγορσιν
1460 2609 1839 2681 ἀποτεμνομέο

246 2697 395 2744 νοις.

319 2771 637 2864 Δῄημοκρίτ.
662 2804 731 2818 -
754 2776 1072 2851 Ἀγρυπνος
1093 2781 1187 2837 ἔσο
1214 2786 1356 2842 κατὰ
1381 2787 1475 2845 τὸν
1497 2789 1625 2847 νοῦν
1644 2808 1660 2825 ’
1706 2809 1839 2864 συγ-

247 2859 421 2932 γενὴς
439 2861 551 2934 γὰρ
575 2863 668 2919 τοῦ
690 2865 949 2939 ἀληθινοῦ
972 2871 1204 2929 θανάτου
1232 2877 1262 2931 ό
1284 2877 1417 2951 περὶ
1434 2879 1627 2938 τοῦτον
1643 2859 1836 2950 ὕπνος.

320 3036 392 3089 Οἰ
438 3036 732 3135 ἡμερήσιοι
780 3042 942 3135 ὕπνοι
990 3047 1246 3122 σώματος
1284 3053 1508 3128 ὄχλησιν
1523 3096 1542 3123 ,
1596 3059 1837 3135 ἧψυχῆς

246 3126 605 3220 ἀδημοσύνην
625 3173 642 3201 ,
694 3134 729 3204 ἢ
763 3134 965 3211 ἀργίην
995 3140 1032 3212 ἢ
1060 3126 1422 3202 ἀπαιδευσίαν
1454 3126 1833 3222 σημαὶνὸυᾶὗὶ
1863 3191 1907 3252 c

319 3313 681 3383 Φιλοστράτ.
699 3344 769 3358 -~
783 3318 918 3373 οὐδὲ
937 3320 1047 3394 γὰρ
1070 3323 1121 3378 οἰ
1147 3326 1421 3399 σώφρονες
1444 3332 1541 3387 καὶ
1563 3337 1840 3394 σπουδαῖοι

246 3404 577 3471 νυστάζουσι
602 3448 618 3474 ,
672 3411 778 3466 κᾶν
820 3416 1013 3487 πορῥω
1043 3416 1154 3472 τῶν
1177 3421 1388 3477 νυκτῶν
1417 3427 1835 3494 σπουδάζουσιν.

248 3497 327 3597 ί)ιῦ
370 3499 490 3597 ,γὰρ
540 3500 741 3597 ἔξωθεν
791 3507 993 3573 αὐτοὺς
1043 3511 1073 3564 ό
1116 3511 1282 3577 ὕπνος
1322 3515 1514 3592 ὥσπερ
1546 3521 1836 3597 δεσπότης,

248 3588 488 3660 ὑϐρίσας
534 3592 613 3657 εἰς
639 3594 732 3649 τὸν
760 3597 964 3669 αὐχένα
988 3598 1382 3675 δεδουλωμένον
1411 3588 1520 3661 ὑπὸ
1540 3609 1637 3664 τοῦ
1658 3588 1835 3666 οἴνου·

249 3681 373 3733 ἀλλ’
393 3682 671 3756 ἐλεύθεροί
701 3704 758 3741 τε
793 3690 889 3744 καὶ
915 3691 1069 3763 ὀρθοὶ
1096 3695 1401 3763 φαίνονται.
1447 3701 1832 3775 Καταδαρθέν-

248 3791 345 3836 τες
390 3774 449 3828 δὲ
503 3776 724 3851 καθαρᾷ
772 3783 838 3852 τῇ
879 3782 1023 3856 ψυχῇ
1063 3785 1310 3857 δέχονται
1348 3790 1441 3845 τὸν
1475 3791 1675 3861 ὕπνον,
1710 3795 1835 3852 οὔτε

253 3866 363 3919 ὑπὸ
385 3867 494 3921 τῶν
517 3870 837 3943 εὐπραγιῶν
863 3876 1380 3952 ἀνακουφιζόμενοι,
1401 3884 1526 3938 οὔτε
1549 3885 1654 3940 ὑπὸ
1676 3905 1841 3943 κακο-

251 3959 500 4052 πραγίας
540 3963 687 4030 τινὸς
726 3967 1153 4040 ὲκτρὼσκοντες.
1211 3973 1535 4049 Σύμμετρος
1558 3977 1669 4051 γὰρ
1700 3979 1838 4052 πρὸς

249 4048 423 4141 ἄμφω
474 4051 652 4108 ταῦτα
704 4055 852 4129 ψυχὴ
901 4060 1183 4131 νήφουσα,
1246 4065 1341 4120 καὶ
1392 4048 1678 4141 οὐδετέρου
1724 4048 1833 4127 τῶν

250 4140 448 4197 παθῶν
474 4145 677 4216 ἥττωνο
713 4148 838 4204 ὅθεν
868 4151 964 4206 καί
995 4154 1250 4212 καθεύδει
1282 4157 1479 4231 ἥδιστα
1508 4140 1605 4217 καί
1631 4163 1834 4219 ἀλυπόο

249 4250 418 4304 τατα,
452 4238 530 4313 μὴ
560 4240 893 4317 ὲξισταμένη
920 4245 1016 4302 τοῦ
1043 4247 1236 4306 ὕπνου.

846 4532 1066 4591 ΛΟΓΟΣ
1096 4536 1156 4591 A'
1176 4536 1243 4593 ⁸⁷.

857 4649 999 4718 Περὶ
1019 4652 1229 4722 μέθης.

320 4759 509 4812 Λουκ.
536 4755 649 4814 κη’.
704 4790 775 4801 -
827 4761 1133 4835 Προσέχετε
1183 4767 1399 4832 ἐαυτοις
1424 4810 1440 4835 ,
1484 4770 1697 4842 μήποτε
1737 4770 1836 4841 βα-

256 4845 533 4917 ρυνθῶσιν
585 4851 644 4906 αἰ
694 4851 917 4924 καρδίαι
961 4854 1119 4926 ὑμῶν
1161 4856 1221 4912 ἐν
1253 4858 1537 4934 κραιπάλῃ
1571 4858 1667 4913 καὶ
1697 4861 1838 4933 μέθῃ

254 4940 355 4994 κιιί¹
387 4941 685 5013 μερίμναις
708 4943 1004 5015 βιοτικαῐς·
1042 4948 1139 5004 καί⁸
1169 4949 1453 5021 αἰφνιδίως
1482 4951 1614 5019 ὑμίν
1639 4952 1839 5025 ἐπιστῇ

256 5032 290 5102 ἡ
320 5031 509 5104 ἡμέρα
536 5034 744 5108 ἐκείνη·
1456 5070 1464 5074 -
1682 5060 1686 5064 ‘

345 5124 518 5196 Ῥωμ.
542 5135 635 5198 ιγ’.
659 5130 832 5195 -Ὠς
853 5130 914 5186 ὲν
937 5133 1123 5206 ἡμέρᾳ
1150 5134 1509 5209 εὐσχημόνως
1535 5143 1842 5214 περιπατή-

258 5235 477 5291 σωμενο
535 5221 611 5294 μὴ
658 5221 877 5295 κώμαις
928 5226 1025 5281 καὶ
1067 5227 1303 5299 μέθαις,
1364 5229 1439 5304 μὴ
1497 5232 1705 5300 κοίταις
1749 5236 1846 5292 ml.

258 5308 564 5381 ἀσελγίαις.

332 5405 473 5460 Σολ.
502 5403 567 5465 ζ’.
586 5438 658 5449 -
688 5407 919 5478 Ἀγαθὸν
947 5412 1285 5488 πορευθῆναι
1312 5416 1393 5481 εἰς
1414 5413 1564 5474 οἰκον
1592 5417 1844 5486 πένθους,

262 5495 296 5569 ἢ
323 5497 408 5561 εἰς
433 5494 586 5555 οἷκον
614 5500 803 5556 πότου.

334 5592 581 5661 Παροιμ.
610 5601 720 5664 κγ’.
740 5626 809 5635 —
831 5596 924 5668 Μὴ
957 5598 1067 5653 ἴσθι
1097 5600 1410 5675 οἰνοπότης·
1468 5608 1574 5672 πᾶς
1605 5604 1713 5677 γὰρ
1749 5605 1842 5678 μέ·

267 5678 428 5745 θυσος
459 5687 782 5756 πτωχεύσει.

345 5800 389 5833 ³⁷
413 5801 473 5858 ln
504 5801 669 5861 Gesn.
695 5804 911 5864 Stobaao
938 5808 1026 5863 88.

1863 4618 1913 4677 ι)

1946 1887 2056 1944 que
2081 1871 2232 1928 enim
2253 1869 2424 1926 animi
2453 1868 2823 1926 defectionem
2855 1866 3140 1923 declarat:
3183 1865 3301 1921 haec
3322 1859 3522 1933 magis,

1943 1966 2039 2023 ille
2059 1964 2265 2020 minus.

2014 2054 2172 2112 Totis
2197 2055 2436 2121 viribus,
2475 2064 2540 2110 ut
2566 2067 2779 2110 summa
2804 2051 3012 2118 dicam,
3042 2064 3172 2107 cum
3189 2047 3521 2121 316mm-

1943 2163 2019 2207 no
2047 2148 2211 2204 nobis
2231 2146 2669 2221 digladiandum,
2696 2154 2761 2202 ut
2808 2159 2910 2217 per
2938 2142 3209 2215 vigiliam,
3268 2138 3525 2210 longiora

1942 2239 2071 2295 vitae
2097 2239 2274 2311 spatia
2295 2251 2725 2308 consequamur.

2012 2333 2253 2391 Somnus
2280 2330 2436 2387 velut
2470 2329 2696 2402 quidam
2723 2327 3073 2400 publicanus,
3128 2338 3304 2397 prope
3356 2318 3521 2378 dini-

1940 2425 2096 2482 dium
2125 2425 2252 2481 vita:
2268 2431 2489 2494 tempus
2520 2421 2683 2478 nobis
2707 2418 2914 2497 aufert.

2012 2517 2254 2575 Tantum
2282 2516 2442 2573 abest
2473 2522 2537 2571 ut
2563 2511 2810 2570 interdiu
2839 2507 3233 2567 dormiendum
3301 2503 3401 2569 sit,
3457 2510 3520 2557 ut

1938 2620 1997 2670 et
2048 2612 2231 2669 noctis
2263 2619 2479 2682 partem
2525 2606 2823 2664 maximam
2882 2602 3083 2676 vigiliae
3143 2600 3215 2657 sit
3263 2596 3518 2655 tribuen-

1940 2703 2097 2760 dum.

2011 2794 2296 2851 Democrit.
2346 2821 2417 2833 —
2460 2790 2645 2846 Mente
2694 2787 2830 2859 vigil
2873 2793 3032 2853 esto;
3092 2781 3191 2856 qui
3240 2779 3393 2838 enim
3435 2774 3519 2832 illi

1941 2900 2170 2942 somnus
2201 2881 2453 2949 obvenit,
2504 2894 2649 2937 verae
2697 2876 2893 2935 mortis
2930 2882 3199 2947 cognatus
3248 2879 3307 2928 et
3342 2866 3521 2926 amnis

1939 2968 2180 3025 exsistit.

2012 3058 2208 3117 Diurni
2241 3056 2421 3114 somni
2462 3068 2668 3126 corpus
2722 3057 2988 3124 gravant,
3050 3056 3148 3104 aut
3191 3044 3381 3102 animo
3425 3050 3522 3099 ta:-

1940 3152 2095 3210 dium
2124 3168 2190 3209 ac
2220 3150 2659 3209 moestitudinem
2683 3145 2944 3209 aﬂ‘erunt,
2977 3150 3077 3198 aut
3105 3137 3271 3196 otiosi
3303 3134 3519 3208 segnis-

1941 3264 2049 3321 que
2106 3246 2276 3303 animi
2305 3244 2514 3300 indicio
2543 3250 2694 3308 sunt,
2733 3248 2830 3296 aut
2857 3231 3276 3305 indisciplinati.

2009 3335 2345 3393 Philostrati.
2373 3332 2567 3400 —Qui
2607 3330 2891 3402 sapientes
2917 3336 2976 3382 et
2994 3322 3163 3381 sobrii
3214 3327 3366 3388 sunt,
3396 3326 3520 3373 stu-

1938 3427 2195 3499 diosique
2210 3441 2277 3482 ac
2306 3424 2544 3490 strenui,
2569 3435 2856 3492 nunquam
2908 3415 3237 3480 dormitant,
3298 3406 3517 3467 etiamsi

1939 3520 2124 3577 studia
2146 3534 2247 3575 sua
2272 3518 2329 3573 in
2353 3517 2583 3572 multam
2612 3520 2834 3569 noctem
2855 3509 3187 3582 producant.
3210 3504 3334 3561 Non
3365 3500 3517 3559 enim

1939 3623 2168 3665 somnus
2204 3617 2465 3677 tanquam
2496 3602 2758 3659 dominus
2791 3614 2889 3657 eos
2913 3596 3182 3662 extrudit,
3242 3591 3518 3650 cervicem

1938 3701 2070 3757 vino
2103 3699 2387 3755 subactam
2405 3695 2757 3753 contumelia:
2779 3693 2991 3749 habens
3005 3704 3240 3760 eamque
3262 3692 3517 3745 tentans;

1939 3792 2035 3849 sed
2061 3791 2225 3848 liberi
2248 3789 2499 3860 rectique
2523 3785 2969 3856 conspiciuntur.
2991 3779 3336 3837 Dormientes
3362 3786 3516 3836 vero,

1937 3902 2076 3960 pura
2108 3892 2293 3941 mente
2317 3896 2573 3941 somnum
2607 3878 2937 3950 suscipiunt,
2966 3883 3029 3931 ut
3056 3886 3235 3942 neque
3263 3862 3522 3960 secundis

1938 3952 2107 4034 rebus
2130 3974 2312 4033 levius
2332 3972 2661 4037 efferantur,
2692 3983 2875 4040 neque
2910 3965 3039 4020 ullis
3090 3956 3339 4017 adversis
3382 3952 3521 4024 deji-

1938 4068 2180 4124 ciantur.
2210 4067 2268 4121 In
2291 4064 2543 4135 utrisque
2575 4061 2726 4119 enim
2754 4074 2910 4115 mens
2933 4054 3122 4113 sobria
3177 4045 3521 4105 moderatio-

1938 4177 2066 4217 nem
2100 4170 2272 4225 tenet,
2309 4168 2620 4228 neutroquc
2637 4170 2697 4211 se
2723 4152 2924 4209 all‘ectu
2955 4145 3103 4203 vinci
3151 4141 3378 4214 patitur.
3408 4138 3516 4193 Ita-

1939 4270 2047 4324 que
2068 4262 2125 4310 et
2153 4251 2481 4309 suavissime
2516 4258 2575 4307 ct
2588 4247 2710 4305 sine
2739 4242 3015 4309 molestia,
3043 4253 3237 4296 somno
3269 4251 3382 4292 non
3437 4232 3521 4287 in—

1940 4354 2213 4418 tercepto,
2240 4345 2472 4402 dormit.

2502 4539 2736 4598 SERMO
2779 4538 2948 4594 XXX.

2535 4655 2613 4711 De
2648 4653 2921 4709 ebrietate.

2009 4769 2139 4826 Luc.
2161 4783 2273 4834 xxx,
2300 4767 2392 4823 54.
2418 4795 2485 4805 -
2507 4761 2793 4821 Attendite
2827 4760 3009 4828 vobis,
3040 4774 3112 4815 ne
3146 4752 3370 4828 quando
3394 4767 3520 4825 gra-

1938 4870 2139 4919 ventur
2166 4857 2336 4916 corda
2363 4865 2549 4915 vestra
2570 4856 2629 4911 in
2657 4854 2887 4926 crapula
2917 4862 2975 4911 et
2996 4851 3270 4909 ebrietate
3292 4852 3351 4901 et
3368 4844 3525 4900 curis

1942 4955 2109 5028 hujus
2136 4952 2264 5010 vita:
2298 4967 2313 5007 :
2338 4956 2397 5008 et
2427 4947 2785 5022 superveniat
2842 4945 2899 5001 in
2951 4958 3051 5000 vos
3078 4936 3370 5010 repentina
3400 4935 3522 4993 dies

1943 5047 2171 5196 Illaiam.
2202 5154 2317 5204 xm,
2372 5137 2550 5192 l5.—
2578 5131 2734 5189 Sicut
2766 5128 2824 5184 in
2879 5125 2971 5183 die
2999 5124 3233 5183 honeste
3280 5110 3514 5179 ambule-

1952 5249 2077 5290 mus
2108 5250 2123 5287 :
2160 5246 2270 5287 non
2294 5229 2354 5285 in
2380 5219 2881 5285 comessationibus
2897 5228 2955 5275 et
2975 5217 3365 5284 ebrietatibus,
3413 5230 3521 5302 non

1950 5334 2007 5391 in
2037 5327 2319 5388 cubilibus
2346 5334 2404 5383 et
2430 5316 2818 5394 impudicitiis.

2021 5421 2197 5479 Eccle.
2230 5435 2325 5486 vn,
2357 5417 2413 5471 '5.
2441 5413 2740 5469 —Bonum
2769 5418 2855 5466 est
2881 5408 2965 5464 ire
2988 5407 3044 5464 in
3066 5406 3291 5462 domum
3321 5404 3523 5463 luctus,

1951 5529 2113 5586 quam
2148 5513 2205 5568 in
2235 5511 2461 5567 domum
2487 5502 2749 5561 convivii.

2021 5606 2179 5661 Prov.
2207 5618 2358 5666 χχιιι,
2384 5599 2476 5663 20,
2507 5598 2599 5659 ‘Zl.
2633 5627 2701 5635 —
2721 5595 2844 5651 Noli
2874 5610 2997 5652 esse
3021 5594 3135 5650 vini
3171 5590 3368 5653 bibax;
3403 5599 3518 5641 om-

1951 5701 2039 5755 nis
2064 5697 2212 5754 cnim
2238 5696 2367 5752 vino
2389 5691 2606 5749 deditus
2636 5687 2991 5745 mendicabit.
