3964 6276
487 332 594 404 883
1655 334 1714 392 s.
1756 329 2043 392 MAXIMI
2075 327 2584 392 CONFESSORIS
3034 311 3040 317 ’
3647 311 3740 377 884

555 441 662 509 Qui
688 441 925 496 libenter
945 439 1003 495 in
1027 440 1141 496 vini
1161 441 1542 512 potationibus
1563 449 1836 508 moratur,
1858 443 1916 498 in
1940 458 2064 498 mu-
2094 445 2120 502 Δ

2248 441 2353 507 Ὅς
2381 441 2531 495 ἐστιν
2561 439 2692 512 ἡδὺς
2715 441 2775 492 ἐν
2799 437 2960 493 οίνων
2983 434 3306 506 διατρισαῖς,
3334 432 3404 486 ἐν
3421 430 3545 495 τοῖς
3565 427 3743 483 ἑαυτοῦ

486 535 794 592 nitionibus
826 535 943 592 suis
966 520 1247 606 relinquet
1267 536 1570 592 infamiam.

1556 579 1570 591 .
2163 534 2486 607 ὀχυρώμασι
2519 530 2843 602 καταλείψει
2869 529 3119 601 ἀτιμίαν.

557 627 726 682 Εοείὶ.
775 642 923 695 xxxi,
955 627 1046 684 41.
1080 657 1151 668 -
1173 627 1236 683 In
1289 628 1546 685 convivio
1590 629 1706 685 vini
1747 644 1820 685 ne
1865 640 2066 699 arguas

2236 629 2437 699 Σιρὰχ.
2463 631 2578 682 .Ia'.
2605 657 2675 668 —
2702 626 2792 679 Ἐν
2824 622 3111 695 συμποσίῳ
3137 621 3282 675 οίνου
3319 617 3401 692 μὴ
3433 616 3635 687 ἔλεγχε
3661 614 3748 670 τὸν

487 720 826 791 proximum,
859 726 918 776 et
960 733 1075 776 non
1127 719 1402 791 despicias
1449 735 1579 778 eum
1610 720 1667 776 in
1723 719 2052 794 iucunditate

2184 720 2433 791 πλησίον,
2486 720 2583 775 καὶ
2635 718 2711 790 μὴ
2747 713 3118 788 ἐξουδενώσῃς
3143 712 3311 769 αὐτὸν
3349 713 3417 765 ἐν
3443 709 3749 780 εὐφροσύνῃ

489 810 662 868 illius.

2167 809 2354 866 αὐτοῦ.

561 904 769 962 Basilii.
797 936 868 947 —
905 906 976 964 Ut
1022 905 1170 962 enim
1225 920 1369 977 aqua
1422 905 1747 962 adversatur
1807 905 1942 977 igni,
1985 905 2068 960 sic

2237 891 2542 960 Βασιλμὲ-
2575 901 2794 974 ’Ὥσπερ
2820 899 2930 972 γὰρ
2963 897 3109 970 ὕδωρ
3155 894 3422 966 πολέμιόν
3454 895 3580 947 ἐστι
3604 891 3750 960 πυρὶ,

491 995 609 1052 vini
642 997 1038 1054 immoderatus
1063 1006 1231 1068 potus
1253 997 1528 1053 ratiOnem
1563 997 1889 1068 exstinguit.

2186 994 2342 1060 »ὖτως
2359 995 2601 1068 ἀμετρία
2617 993 2761 1049 οἴνου
2785 991 3044 1062 λογισμὸν
3057 989 3465 1045 κατασϐέννυσι
3482 983 3751 1054 σώφρονα.

561 1087 818 1159 Optimus
839 1089 955 1145 vini
986 1099 1151 1162 potus
1166 1089 1364 1146 modus
1386 1098 1492 1156 est,
1529 1088 1783 1160 corporis
1815 1100 2068 1143 necessa-

2237 1088 2454 1161 Μέτρον
2482 1087 2706 1160 ἄριστον
2737 1085 2839 1156 τῆς
2869 1085 2966 1139 τοῦ
2993 1086 3140 1140 οῑνου
3171 1083 3428 1154 χρήσεως
3453 1121 3470 1145 ,
3533 1079 3570 1148 ἡ
3604 1076 3754 1146 χρεία

492 1176 611 1234 rius
635 1195 792 1235 usus.

2166 1179 2263 1234 τοῦ
2291 1178 2569 1250 σώματος.
2760 1199 2766 1206 ·

550 1271 715 1342 617
737 1271 992 1328 Ebrietas
1033 1273 1326 1330 Dominum
1357 1289 1471 1330 non
1501 1273 1766 1344 suscipit;
1790 1271 2068 1343 Spiritum

2233 1271 2418 1343 Μέθη,
2451 1271 2657 1343 Κύριον
2684 1271 2784 1342 οὐχ
2803 1269 3147 1341 ὑποδέχεται.
3179 1263 3406 1335 Πνεῦμα
3442 1261 3609 1329 ἅγιον
3630 1258 3754 1311 ἀπο-

492 1373 743 1420 sanctum
775 1365 1020 1434 expellit.
1064 1366 1200 1421 Nam
1235 1365 1422 1421 fumus
1449 1365 1675 1436 quidem
1720 1379 1858 1436 apes
1881 1361 2057 1434 fugat;

2188 1364 2377 1418 ῖιώκει.
2424 1363 2647 1428 Καπνὺς
2680 1363 2777 1435 μὲν
2810 1363 2942 1434 γὰρ,
2985 1358 3278 1430 φυγαδεύει
3310 1355 3593 1428 μελίσσας
3612 1366 3626 1382 ⁸
3657 1367 3753 1420 χαι·

489 1455 716 1525 crapula
742 1471 877 1511 vero
909 1457 1179 1528 spiritalia
1200 1457 1346 1513 dona
1375 1456 1646 1513 eliminat.

2173 1457 2416 1529 ρίσματα
2439 1456 2497 1510 δέ
2526 1455 2878 1527 πνευματικά
2907 1451 3207 1508 ἀποδιώκει
3237 1445 3557 1519 κραιπάλη.

553 1547 816 1619 Theologi.
843 1579 915 1590 —
944 1551 1124 1621 Atque
1161 1551 1221 1605 hi
1253 1550 1476 1622 quidem
1505 1550 1575 1605 ad
1601 1551 1750 1605 hunc
1775 1548 2002 1604 modum
2050 1565 2065 1603 :

2243 1550 2416 1602 Θεολ.
2450 1577 2523 1587 -——
2554 1547 2666 1600 Kal.
2706 1548 2756 1601 οί
2793 1545 2899 1618 μὲν.
2929 1544 3200 1614 πένητες,
3247 1539 3424 1602 οὕτως
3446 1555 3464 1570 ο
3498 1537 3665 1607 ἡμεῖς
3703 1533 3754 1587 δὲ

491 1654 594 1694 nos
611 1650 797 1696 autem
828 1641 884 1696 in
911 1642 1039 1698 altis
1059 1650 1117 1698 et
1141 1643 1479 1698 sublimibus
1501 1643 1681 1707 lectis,
1713 1641 2056 1712 eximiisque,

2190 1639 2580 1710 ινακεισόμεθα
2608 1639 2855 1711 λαμπροὶ
2882 1636 3174 1709 λαμπρῶς,
3206 1635 3298 1687 ἐπὶ
3334 1631 3602 1692 στιϐάδος
3629 1628 3755 1697 ὑψη-

488 1738 550 1785 et
584 1746 709 1801 qua
737 1747 876 1802 pene
908 1740 1133 1805 tangere
1164 1734 1319 1790 nefas
1343 1734 1437 1800 sit,
1467 1725 1756 1804 stragulis,
1793 1730 2053 1804 splendid.

2188 1733 2270 1805 ιῆς
2295 1750 2356 1788 τε
2386 1733 2482 1789 καὶ
2512 1732 2789 1805 μετεώρου
2814 1775 2830 1800 ,
2877 1732 2974 1786 καὶ
3006 1728 3116 1784 τῶν
3145 1725 3420 1798 περιττῶν
3453 1723 3558 1777 καὶ
3584 1720 3753 1790 sese-

491 1801 782 1893 splendide
829 1801 1238 1881 recumbemus.
1291 1824 1362 1880 Et
1387 1801 1624 1895 quidem
1669 1823 1750 1879 illi
1809 1801 2056 1895 praeclare

2188 1801 2315 1881 πτων
2343 1801 2753 1895 ἐπιϐλημάτων.
2776 1824 2888 1878 Καὶ
2919 1823 3032 1886 τοῖς
3068 1819 3168 1892 μέν
3192 1817 3360 1879 πολὺς
3376 1817 3426 1849 ⁸⁸
3465 1815 3637 1885 κόρος
3666 1812 3753 1864 καὶ

490 1929 677 1970 secum
723 1915 810 1987 agi
856 1916 1160 1986 putabunt,
1192 1917 1240 1972 si
1264 1917 1352 1973 vel
1398 1933 1540 1987 aqua
1576 1916 1939 1986 expleantur;
1972 1931 2055 1971 no:

2188 1915 2369 1982 55am;
2389 1931 2404 1945 '
2437 1917 2569 1987 ἡμῖν
2598 1915 2656 1969 δὲ
2697 1914 2792 1969 καὶ
2823 1913 2984 1985 μέχρι
3025 1910 3199 1983 μέθης
3229 1909 3279 1962 οί
3307 1907 3402 1961 τοῦ
3434 1905 3592 1960 οἴνου
3628 1919 3753 1971 κρα-

489 2015 676 2063 autem
703 2007 817 2062 vini
843 2009 1042 2078 pocula
1069 2025 1242 2081 usque
1264 2010 1334 2066 ad
1359 2009 1686 2066 ebrietatem
1712 2009 2031 2064 hauriemus

2187 2013 2368 2084 κῆρες·
2401 2010 2603 2083 μᾶλλον
2645 2011 2703 2065 δὲ
2735 2009 2832 2064 καὶ
2873 2009 3014 2080 ὑπὲρ
3048 2006 3223 2078 μέθην
3246 2006 3360 2067 τοῖς
3395 1995 3752 2056 ἀκολαστοτέ-

491 2097 604 2154 imo
650 2097 818 2154 etiam
852 2099 997 2155 ultra
1025 2101 1404 2172 temulentiam
1430 2143 1444 2162 .
1478 2101 1627 2172 quod
1658 2101 1852 2156 saltem
1880 2100 1947 2155 ad
1975 2115 2056 2156 eos

2185 2119 2289 2171 ροις
2308 2119 2325 2134 ·
2353 2103 2451 2157 καὶ
2475 2103 2570 2156 τὸν
2604 2101 2703 2173 μὲν
2733 2098 3181 2170 ἀποπεμψόμεθα
3206 2095 3317 2149 τῶν
3347 2095 3541 2156 οἴνων,
3571 2089 3668 2142 τὸν
3698 2087 3750 2139 δέ

490 2186 692 2243 attinet
723 2188 818 2269 qui
849 2190 1058 2261 majore
1106 2191 1536 2262 intemperantia
1582 2191 1867 2257 laborant;
1903 2200 2055 2262 atque

2183 2195 2532 2267 ἑκκρινοῦμεν
2562 2196 2637 2259 ὡς
2667 2193 2966 2264 ἀνθοσμίαν
2987 2206 3003 2222 ⁶
3049 2191 3180 2261 περὶ
3225 2187 3282 2241 δέ
3312 2185 3407 2240 τοῦ
3453 2180 3748 2254 φιλοσοφή-

491 2293 561 2334 ex
613 2279 867 2350 pluribus
916 2282 1064 2338 vinis
1112 2283 1221 2338 alia
1246 2283 1598 2355 rejiciemus;
1650 2284 1780 2348 alia,
1826 2293 1888 2338 ut
1942 2299 2056 2339 sua~

2185 2304 2376 2359 τομενο
2416 2285 2599 2359 ζημία
2619 2286 2700 2352 δὲ,
2733 2288 2782 2339 εί
2811 2285 2886 2357 μὴ
2913 2283 3211 2356 προσέσται
3244 2279 3321 2352 τῷ
3346 2276 3629 2349 ἐγχωρίῳ,
3662 2273 3750 2324 καὶ

492 2368 582 2423 Via
613 2378 670 2424 et
701 2378 878 2440 grata,
930 2371 1291 2460 probabimus
1310 2413 1325 2438 ,
1356 2373 1426 2429 de
1465 2373 1591 2428 aliis
1637 2374 1806 2429 etiam
1830 2373 2057 2442 philoso-

2188 2379 2281 2434 τῶν
2307 2379 2725 2450 ὀνομαζομένων
2752 2378 2919 2446 ξένων
2957 2393 3042 2440 τις
3061 2415 3075 2440 ,
3107 2374 3298 2446 ὥσπερ
3327 2371 3626 2443 τύραννος.
3667 2367 3753 2460 Δεῖ

493 2459 814 2529 pbabimur,
845 2472 1012 2534 atque
1045 2450 1385 2520 detrimento
1407 2465 1698 2531 ducemus,
1736 2463 1844 2520 nisi
1870 2464 1940 2520 ad
1975 2479 2058 2534 pa-

2180 2467 2281 2540 γὰρ
2309 2469 2459 2540 ἡμᾶς
2487 2469 2691 2538 ἁδροὺς
2728 2466 2824 2520 καὶ
2853 2466 2953 2537 τῆς
2981 2464 3170 2536 χρείας
3216 2459 3646 2534 περιττοτέρους
3675 2450 3745 2507 εἴ·

495 2547 684 2615 trium,
708 2550 877 2606 etiam
925 2553 1202 2609 exoticum
1249 2554 1527 2624 quoddam
1556 2554 1746 2610 vinum
1794 2554 1940 2610 inter
1968 2555 2060 2611 alia

2181 2577 2266 2616 ναι
2285 2578 2300 2594 ο
2334 2561 2523 2634 ὥσπερ
2558 2559 3007 2633 αἰσχυνομένους,
3033 2558 3082 2610 εἰ
3113 2557 3186 2627 μὴ
3220 2555 3384 2610 κακοὶ
3415 2547 3746 2624 νομιζόμεθα

493 2641 713 2698 celebre
747 2643 900 2699 velut
930 2652 1200 2716 tyrannus
1229 2646 1548 2701 accesserit.
1586 2645 1697 2702 Nos
1723 2646 1928 2717 quippe
1952 2647 2058 2702 lau-

1897 2662 1928 2703 e
1952 2647 2076 2702 Iau-
2173 2653 2268 2707 καὶ
2293 2653 2468 2708 δοῦλοι
2499 2653 2760 2725 γαστρὸς,
2791 2651 2886 2706 καὶ
2922 2649 3032 2704 τῶν
3055 2649 3162 2703 ὑπὸ
3192 2647 3460 2720 γαστέρα.

493 2744 581 2790 tos
605 2745 663 2792 et
702 2738 999 2807 delicatos,
1030 2756 1094 2797 ac
1123 2757 1288 2812 supra
1328 2756 1493 2812 quam
1527 2757 1660 2798 usus
1699 2740 1902 2812 exigat,
1945 2743 2308 2813 ‘profusiores
2343 2763 2466 2805 esse
2508 2755 2677 2818 atque
2715 2747 2911 2803 haberi
2949 2744 3144 2811 decet;
3183 2741 3416 2814 perinde
3449 2749 3632 2812 atque
3655 2749 3744 2790 ve-

495 2839 716 2881 reamur
747 2843 817 2883 ne
847 2843 958 2884 non
1004 2830 1134 2886 mali
1165 2831 1550 2887 existimemur
1574 2871 1590 2898 ,
1636 2833 1958 2902 ventrisque
2007 2849 2074 2891 ac
2109 2851 2481 2895 venereorum
2511 2837 2806 2910 mancipia.

567 2914 832 2987 Chrysost.
863 2947 934 2956 —
959 2918 1065 2985 Qui
1099 2919 1370 2974 ebrietate
1413 2927 1471 2974 et
1509 2920 1729 2975 luxuria
1760 2920 1931 2976 vitam
1965 2920 2072 2977 du-

2249 2929 2550 2998 Χρυσόστ.
2569 2959 2642 2968 -
2661 2929 2788 2994 Τοῖς
2812 2929 2870 2983 ἐν
2897 2927 3038 3000 μέθῃ
3080 2925 3177 2981 καὶ
3219 2923 3491 2996 ἀκολασία
3525 2919 3740 2995 βιοῦσιν,

494 3016 651 3068 cunt,
687 3007 777 3064 his
803 3009 858 3064 in
883 3010 1064 3066 metis
1092 3010 1350 3067 tenebras
1377 3010 1497 3066 dies
1517 3011 1789 3066 vertitur:
1812 3027 1925 3066 non
1954 3013 2059 3068 vel-

2180 3023 2214 3093 ή
2240 3022 2426 3094 ἡμέρα
2455 3022 2592 3094 πρὸς
2617 3022 2680 3076 τὸ
2708 3021 2812 3094 τῆς
2841 3021 3039 3086 νυκτὸς
3073 3018 3513 3090 μεταστρέφεται
3545 3014 3735 3076 σκότος’

495 3108 559 3154 ιιι
605 3100 687 3156 sol
720 3102 1124 3172 exstinguatur,
1171 3103 1266 3159 sed
1301 3103 1672 3173 quod'eorum
1705 3103 1924 3160 animus
1959 3103 2060 3160 vin.

2179 3117 2240 3170 οὐ
2287 3117 2382 3172 τοῦ
2428 3118 2579 3188 ἡλίου
2629 3117 3015 3189 σϐεννυμένου,
3050 3114 3188 3170 ἀλλὰ
3231 3113 3334 3185 τῆς
3377 3112 3607 3168 ἐκείνων
3645 3109 3739 3163 δια·

493 3193 719 3262 crapula
743 3193 1192 3252 obtenebrescat.

2099 3181 2142 3238 Ο
2177 3209 2324 3276 νοίας
2353 3181 2744 3283 σκοτιζομένης
2765 3181 2844 3281 τῇ·
2868 3181 3029 3283 μέθῄ.

563 3284 801 3356 Evagrii.
824 3287 1046 3354 Vinum,
1077 3303 1311 3361 corpus;
1342 3290 1438 3347 Dei
1480 3307 1666 3350 sermo
1708 3293 1954 3349 animum
1984 3310 2072 3351 ro-

2244 3306 2563 3375 Εὐαγρίου.
2605 3336 2676 3346 -
2703 3302 2964 3358 Ῥώννυσι
3008 3301 3107 3373 μὲν
3152 3295 3294 3364 οἶνος
3328 3297 3528 3370 σῶμαο
3561 3294 3655 3366 τὴν
3689 3291 3737 3344 δὲ

495 3378 676 3434 borat.

2176 3401 2354 3473 ψυχὴν
2383 3400 2543 3474 λόγος
2571 3398 2733 3454 Θεοῦ.

560 3466 859 3528 Plutarchi.
891 3505 960 3516 —
1008 3476 1198 3534 Mundi
1240 3479 1469 3551 quidem
1499 3481 1613 3553 igni
1649 3491 1706 3538 et
1739 3496 1899 3552 aqua
1921 3481 2077 3537 labes

2189 3466 2202 3472 '
2246 3466 2581 3561 ᾖάοῠτᾶρχ.
2623 3521 2692 3531 -
2738 3489 3027 3562 Φθείρεται
3077 3487 3177 3560 μὲν
3230 3486 3438 3557 κόσμος
3482 3481 3615 3554 πυρὶ
3653 3474 3735 3532 καὶ

494 3578 560 3620 ac
599 3565 860 3623 interitus
887 3577 1008 3636 est;
1039 3571 1447 3629 luxuriosorum
1469 3589 1605 3631 vero
1633 3590 1768 3646 opes
1793 3575 2059 3630 amoribus

2177 3583 2329 3639 ὕδατι
2344 3601 2363 3617 ο
2392 3585 2420 3639 ὁ
2437 3584 2494 3638 δὲ
2518 3582 2626 3638 τῶν
2650 3582 2964 3639 ἀκολάστων
2990 3580 3243 3646 πλοῦτος,
3271 3578 3440 3649 ἔρωτι
3468 3575 3565 3630 καὶ
3589 3568 3731 3645 μέθῃ·

494 3663 764 3711 corruunt
784 3665 842 3712 et
872 3661 1220 3716 temulentia.

554 3765 832 3840 Diogenes.
864 3802 929 3812 —
956 3771 1094 3828 Cum
1127 3773 1208 3829 illi
1239 3775 1296 3830 in
1329 3776 1566 3845 quodam
1594 3779 1850 3835 convivio
1871 3779 2076 3852 largius

2247 3785 2473 3859 Διογέν.
2495 3817 2565 3828 -
2597 3785 2686 3839 Ἐν
2718 3782 3006 3856 συμποσίῳ
3041 3779 3170 3845 τινὶ,
3201 3776 3399 3834 πολλοῦ
3427 3774 3580 3847 αὐτῷ
3606 3772 3732 3827 οίνου

494 3872 708 3914 merum
739 3861 1158 3932 propinaretur,
1197 3866 1252 3921 id
1279 3866 1497 3924 effudit.
1535 3869 1695 3935 Quod
1732 3886 1868 3926 vero
1905 3871 2051 3942 aliqu

2176 3878 2478 3950 διδομένου,
2526 3876 2715 3932 τοῦτον
2773 3874 3021 3947 ἐξέχεεν·
3089 3871 3212 3925 ἐπεὶ
3270 3868 3333 3924 δέ
3385 3884 3536 3931 τινες
3591 3863 3734 3919 αὑτὸν

496 3965 615 4005 rem
656 3951 1044 4022 improbabant
1083 3974 1098 4011 :
1135 3957 1192 4012 Si
1226 3958 1478 4024 ebibero,
1515 3960 1715 4030 inquit,
1752 3977 1864 4016 non
1897 3963 2061 4016 solun.

2178 3969 2517 4040 ἐμέμφοντο,
2561 3967 2694 4021 Ἐὰν
2729 3963 3054 4036 γὰράὐτὺν,
3088 3960 3193 4032 ἔφη
3220 3999 3235 4025 ,
3269 3956 3469 4023 ἐκπίω,
3495 3957 3557 4010 οὐ
3594 3952 3732 4026 μόνον

497 4041 686 4095 vinum
714 4043 941 4112 peribit,
979 4046 1075 4101 sed
1101 4056 1158 4103 et
1186 4064 1273 4103 me
1301 4065 1408 4103 una
1435 4065 1624 4105 secum
1655 4052 1867 4121 perdet.

2178 4061 2342 4126 αὐτὸς
2367 4059 2690 4123 ἀπόλλυται,
2723 4056 2861 4112 ἀλλά
2887 4054 3035 4126 κάμὲ
3062 4049 3527 4127 προσαπόλλυσιν.

571 4153 1162 4231 Menandri.—lnjuria
1207 4162 1507 4232 vinumque
1538 4163 1848 4220 amicorum
1893 4181 2077 4224 mores

2228 4160 2548 4239 ’Μενάνδμ
2569 4199 2639 4210 --
2661 4168 2860 4240 ’Υόρις
2881 4167 2978 4223 καὶ
3001 4161 3146 4232 οἶνος
3179 4160 3596 4221 ἀποκαλύπτειν
3626 4152 3732 4210 είώ·

497 4259 563 4300 ac
592 4246 834 4306 indolem
864 4251 1058 4309 amicis
1089 4252 1347 4325 detegere
1371 4254 1574 4312 solent.

2180 4266 2336 4318 θασιν
2372 4262 2551 4332 φίλοις
2575 4262 2644 4316 τὰ
2671 4259 2776 4332 ἢθη
2809 4261 2919 4314 τῶν
2949 4260 3143 4329 φίλων.

496 4365 888 4440 gallummeri
921 4384 1116 4440 parum
1136 4385 1323 4439 sapere
1352 4371 1508 4440 cogit.

2188 4380 2252 4432 Ὀ
2289 4375 2484 4439 πολὺς
2510 4375 2788 4440 ἄκρατος,
2816 4371 2968 4440 ὀλίγ’
3000 4367 3316 4440 ἀναγκάζει
3345 4363 3608 4440 sapor-air.

499 4437 625 4516 110n-
660 4438 884 4516 quidem
907 4436 1060 4516 copia
1088 4436 1336 4516 potus,‘si_
1353 4436 1468 4510 quis
1485 4441 1757 4516 observet,

2173 4451 2256 4502 Οὐ
2281 4445 2392 4516 τὰρ
2416 4436 2482 4500 τῦ
2513 4436 2784 4516 πλῆθος,
2801 4442 2878 4516 ᾂν
2899 4436 3106 4516 ἀκρατῆ
3128 4436 3245 4516 τις,
3279 4436 3388 4516 τοῦ
3425 4437 3610 4490 πότου

497 4507 748 4586 ρεεὶνενε
782 4507 927 4577 facit,
954 4507 1044 4562 sed
1067 4507 1610 4586 potantisiiigenium.
1693 4585 1699 4586 γ
1744 4507 1750 4508 ί
1827 4584 1834 4586 _

2110 4525 2148 4578 [ι
2183 4507 2690 4586 Ποιῖςῖῖττιιροινεῗν,
2721 4507 2828 4586 τοῇ
2862 4507 3108 4577 πιόντος
3137 4509 3252 4586 cf];
3276 4508 3482 4586 φῷσις.

495 4577 774 4658 {fele-stunt
795 4586 870 4632 est
890 4577 1076 4658 autem
1095 4596 1214 4635 cum
1235 4577 1482 4658 quisjmz
1502 4584 1621 4637 vino
1648 4585 1803 4639 nimis
1817 4584 2060 4658 loquitur1

1930 4587 2069 4651 titur,
2115 4577 2130 4578 ί
2179 4577 2460 4658 Xalt-{adi
2490 4584 2637 4658 (iter
2660 4577 3042 4658 neutra
3081 4578 3274 4658 πλέον
3307 4577 3495 4645 λαλῇ,

496 4647 644 4704 Nihil
661 4649 850 4714 sciens,
877 4649 1135 4705 simulans
1156 4647 1274 4705 vero
1296 4647 1444 4707 scire.
1881 4647 1893 4658 ’
2057 4647 2061 4651 ’

1888 4647 1893 4657 ’
2057 4647 2065 4651 ⁷
2181 4655 2390 4725 Μηδὲν
2419 4653 2697 4718 κατιδὼν,
2729 4647 2891 4707 ἀλλὰ
2916 4647 3453 4719 προσποιούμενος.

564 4760 793 4834 Pythag.
822 4793 893 4802 —
933 4761 1036 4818 Hic
1064 4763 1246 4819 aiebat
1272 4764 1600 4821 ebrietatem
1641 4765 1876 4822 vesaniae
1915 4781 2074 4822 exer-

2249 4775 2476 4842 Πυθαγ.
2499 4799 2569 4811 -—
2591 4764 2761 4833 Οὗτος
2791 4767 2945 4836 ἔλεγε
2973 4808 2988 4832 ,
3016 4765 3128 4839 Τὴν
3159 4763 3355 4836 μέθην,
3386 4761 3582 4834 μανίας
3608 4752 3731 4813 εἶναι

496 4854 853 4910 citamentum
877 4869 1020 4911 esse.

877 4869 1020 4911 8850-
2185 4865 2439 4936 μελέτην.

568 4967 851 5025 Cleostrat.
905 5001 976 5010 —
1021 4969 1366 5027 Cleostratus
1414 4973 1634 5029 cuidam
1665 4974 1772 5029 sibi
1824 4973 2078 5030 dicenti:

2251 4977 2622 5042 Κλεόστρατ.
2672 5001 2737 5012 -
2777 4970 3156 5042 Κλεόστρατος
3201 4967 3339 5039 πρὸς
3386 4966 3480 5021 τὸν
3534 4963 3732 5019 εἰπόντα

499 5059 621 5115 Non
658 5069 711 5116 te
739 5061 931 5132 pudet,
959 5062 1265 5134 quiebrius
1293 5057 1371 5120 sis
1396 5105 1412 5131 ,
1435 5065 1720 5136 respondit
1755 5083 1769 5121 :
1803 5065 1918 5121 Nec
1949 5081 2064 5122 veri

2177 5066 2353 5139 αὐτῷ,
2381 5067 2495 5121 Οὐκ
2525 5064 2757 5138 αίσχύνῃ
2791 5062 3027 5135 μεθύων,
3056 5061 3184 5133 ἔφη,
3212 5061 3285 5114 Σὺ
3308 5059 3365 5114 δέ
3391 5060 3495 5113 οὐκ
3522 5055 3731 5128 αἰσχύνῃ

503 5148 738 5218 teipsum
771 5151 963 5222 pudet,
995 5153 1144 5223 quod
1177 5153 1460 5210 hominem
1488 5155 1708 5212 ebrium
1736 5157 2017 5228 corripis?

1217 5153 1460 5210 ominem
1488 5155 1708 5212 ebrium
1736 5157 2017 5228 corripis?
2182 5159 2446 5233 μεθύοντα
2473 5158 2777 5224 νουθετῶν;

561 5242 790 5312 Epictet.
818 5275 888 5284 —
914 5244 1165 5311 Cicades,
1189 5261 1404 5303 canora:
1420 5257 1549 5304 sunt
1571 5267 1585 5317 ;
1606 5249 1847 5306 cochleae
1872 5259 2079 5317 autem,

2262 5241 2638 5318 Ἐπικτήτου.
2664 5282 2733 5292 -
2767 5251 2832 5303 Οἱ
2873 5249 3114 5316 τέττιγες
3165 5243 3452 5316 μουσικοῦ
3486 5242 3622 5307 olet
3653 5256 3731 5295 κο-

502 5341 700 5400 mutaz;
759 5335 1143 5406 gaudentque,
1175 5337 1260 5417 ha:
1307 5341 1531 5410 quidem
1563 5383 1578 5410 ,
1614 5343 1781 5415 618
1835 5343 2067 5404 ,humidc

2185 5343 2332 5416 χλίαι
2357 5384 2374 5411 ,
2421 5343 2630 5413 ἄφωνοι
2650 5358 2663 5373 °
2716 5341 2967 5414 χαίρουσι
3000 5339 3059 5394 δὲ
3081 5379 3096 5404 ,
3127 5339 3177 5407 οἱ
3209 5338 3309 5408 μὲν
3340 5335 3729 5407 ὕγραινόμενοι·

504 5425 813 5493 allabenta;
864 5426 970 5482 illa:
1003 5443 1158 5494 vero,
1189 5432 1371 5488 calido
1411 5423 1760 5490 confovente.
1811 5433 2069 5491 Cochleas

2185 5437 2232 5488 οἱ
2260 5435 2338 5498 δὲ,
2372 5433 2788 5506 ἀλεαινώμενοι.
2810 5432 3043 5486 Ἔπειτα
3070 5427 3450 5499 προκαλεῖται,
3473 5427 3601 5490 τοὺς
3630 5422 3731 5494 μὲν,

505 5534 598 5575 ros
619 5517 857 5586 excitat,
887 5535 996 5590 qua
1035 5520 1704 5598 infundente'gurgitibus
1730 5536 1970 5594 exeunt;
1998 5527 2070 5582 ci-

2187 5525 2463 5599 ήδρόσος·
2501 5527 2598 5580 καὶ
2636 5525 2729 5580 ἐπὶ
2774 5522 2947 5594 ταύτῃ
2981 5519 3294 5575 ἑκδύνουσιο
3327 5518 3458 5582 τοὺς
3496 5518 3544 5572 δ’
3571 5511 3640 5570 αὖ
3668 5515 3731 5568 δι·

505 5609 668 5666 cadas
705 5610 785 5666 sol
828 5609 1124 5668 ardoribus
1149 5627 1430 5687 provocat,
1472 5634 1570 5689 per
1594 5635 1734 5690 quos
1778 5619 2070 5675 stridulum

2185 5617 2390 5687 εγείρει
2420 5617 2688 5688 ἀκμάζων
2716 5617 2744 5672 ὁ
2786 5614 2957 5684 ἥλιος,
2994 5611 3090 5665 καὶ
3115 5611 3173 5665 ἐν
3206 5607 3355 5680 αὐτῷ
3383 5608 3593 5680 ᾄδουσι.
3625 5604 3731 5658 Τοι-

1805 5707 2035 5763 VARUE
2076 5705 2362 5764 LECTIUN
2372 5706 2475 5762 ES.

577 5771 621 5804 ⁵⁸
651 5771 710 5827 Β.
751 5773 879 5827 πολύ
905 5793 974 5829 τι.
