3964 6276
258 346 371 409 885

1566 348 1739 410 LOCI
1775 347 2221 412 COMMUNES.

3406 351 3511 418 886

256 463 468 537 γαροῦν
496 463 547 517 εί
574 462 756 535 βούλει
783 462 1048 535 μουσικὸς
1073 462 1170 519 καὶ
1194 462 1536 538 εὐάρμοστος
1566 466 1841 539 ὑπάρχειν

1986 469 2115 524 ποιοε
2146 467 2480 524 cantilantes
2519 468 2717 526 edum.
2767 468 2919 542 Ergo
2943 470 3001 526 si-
3038 469 3247 525 musice
3277 483 3516 524 canorus

255 556 407 628 ἀνὴρ
430 597 447 623 ,
479 555 643 628 ἡνίκα
683 555 783 628 μὲν
809 556 868 609 ὲν
897 557 1013 621 τοῖς
1040 555 1228 622 πότοις
1261 557 1368 611 ὑπὸ
1411 557 1505 613 τοῦ
1533 559 1680 613 οῐνου
1708 562 1835 630 δρο-

256 651 428 721 σισθῇ
452 651 487 721 ἡ
509 649 656 722 ψυχὴ
682 690 698 716 ,
727 649 851 704 τότε
878 649 1049 721 αὐτὴν
1089 649 1167 721 μὴ
1196 648 1262 705 ἔα
1285 650 1586 725 προϊοῦσαν
1611 650 1838 723 μολύνε-

256 741 421 796 σθαι’
468 742 585 797 ἀλλ’
617 742 781 813 ἡνίκα
814 744 875 795 ἂν
900 745 1018 807 τοῖς
1063 742 1362 815 συνεδρίοις
1394 743 1501 798 ὑπὸ
1539 744 1637 798 τοῦ
1674 743 1836 812 λόγου

255 834 581 907 διαπρωθῇ
606 875 623 900 ,
645 834 775 919 τότε.
794 833 1075 901 θεσπίζειν
1101 835 1199 891 καὶ
1222 834 1370 908 ᾄδειν
1391 836 1462 891 τὰ
1488 836 1592 906 τῆς
1633 834 1841 891 δικαιο-

259 926 434 997 σύνης
465 926 655 981 κέλευε
685 925 863 996 λόγια.
954 990 963 997 υ

214 1030 222 1056 ι
327 1020 564 1089 Αῑσχίν.
593 1049 664 1060 -
697 1019 1024 1091 Κάτοπτρον
1067 1018 1246 1084 εἴδους
1287 1017 1488 1091 χαλκός
1518 1020 1653 1087 ἐστ’,
1699 1015 1842 1085 οἶνος

257 1112 322 1165 δὲ
348 1110 465 1165 νοῦ.

350 1202 722 1274 Ἀνάχαρσις.
747 1233 818 1244 -
841 1203 1191 1276 Κιρναμένου
1234 1204 1515 1277 κρατῆρος
1564 1205 1841 1276 ἐφεστίου,

261 1296 359 1352 τὸν
396 1296 498 1368 μὲν
527 1296 748 1369 πρῶτον
772 1296 999 1367 ὑγείας·
1046 1296 1139 1351 τὸν
1183 1296 1242 1351 δὲ
1286 1296 1561 1369 δεύτερον,
1610 1297 1841 1369 ἡδονῆςο

261 1387 359 1443 τὸν
387 1387 444 1442 δὲ
474 1388 679 1460 τρίτον,
707 1387 919 1461 ὕϐρεως
938 1404 953 1419 ·
981 1388 1078 1443 τὸν
1105 1386 1165 1443 δὲ
1189 1387 1521 1456 τελευταῖον,
1556 1387 1774 1460 μανίας.

336 1565 611 1623 Πλάτων.
643 1598 715 1609 -
736 1566 967 1623 Μεθύων
992 1566 1356 1639 κυϐερνήτης,
1382 1566 1478 1622 καὶ
1505 1567 1616 1629 πᾶς
1646 1567 1848 1634 παντὸς

262 1661 478 1733 ἄρχων,
521 1659 819 1733 ἀνατρέπει
867 1659 1046 1716 πάντα
1063 1700 1081 1727 ,
1127 1660 1238 1716 εἴτε
1271 1660 1477 1726 πλοῖον,
1515 1660 1627 1715 εἶτε
1672 1660 1847 1733 ἅρμα,

264 1752 384 1806 εἴτε
417 1752 803 1823 στρατόπεδον,
834 1752 945 1807 εῐτε
976 1752 1007 1807 ὃ
1043 1752 1098 1807 τί
1129 1769 1261 1807 ποτε
1294 1753 1378 1825 είη
1407 1752 1469 1808 τὸ
1498 1752 1850 1826 κυϐερνώμε-

266 1862 367 1902 xm
384 1845 478 1899 ὑπ’
509 1844 699 1902 αὑτοῦ.

341 1938 772 2008 Σοφοκλειους.
820 1968 888 1980 -—
926 1939 1201 2010 Σοφοκλῆς
1247 1939 1529 2011 ἐμέμφετο
1572 1940 1847 2012 Αἰσχύλῳ,

267 2032 357 2085 ὃτι
414 2030 631 2102 μεθύων
679 2030 912 2103 ἔγραφε.
957 2032 1069 2089 Καὶ
1100 2032 1209 2105 γὰρ
1239 2035 1293 2087 εἰ
1334 2036 1406 2088 τὰ
1445 2034 1639 2090 δέοντα
1682 2036 1847 2103 ποιεῖ,

232 2162 237 2165 -
270 2123 464 2193 φησὶν,
489 2122 605 2177 ἀλλ’
632 2123 735 2178 ούκ
762 2122 920 2197 εἰδώς
945 2142 1034 2192 γε.

357 2213 663 2281 Ἐπικτήτ.
693 2243 764 2253 -
800 2214 866 2268 Ἦ
898 2214 1143 2285 ἄμπελος
1186 2219 1338 2290 τρεῖς
1383 2218 1619 2290 βότρυας
1663 2220 1847 2291 φέρει,

270 2304 369 2359 τὸν
406 2305 507 2375 μὲν
538 2306 754 2377 πρῶτον
794 2307 1016 2379 ἡδονῆςθ
1065 2309 1157 2364 τὸν
1202 2309 1456 2382 δεύτερον
1506 2311 1706 2383 μέθηςσ
1759 2312 1851 2367 τὸν

273 2397 466 2469 τρίτον
501 2397 731 2470 ὕϐρεως.

364 2491 454 2544 Ἐν
488 2491 615 2545 οίνω
642 2490 718 2563 μὴ
746 2492 1059 2563 πολυλόγει,
1096 2493 1544 2566 ἐπιδεικνύμενος
1574 2493 1852 2550 παιδείαν

276 2587 484 2659 χολερὰ
512 2587 621 2659 γὰρ
645 2588 985 2663 ἁποφθέγξῃ.

276 2678 568 2750 Μέθυᾷός
590 2680 762 2734 ἐστιν
794 2683 828 2735 d
860 2680 1039 2750 τριῶν
1066 2682 1257 2736 πίνων
1278 2681 1490 2745 πλέον,

279 2750 415 2806 Κᾶν
432 2748 519 2820 μὴ
541 2752 804 2820 μεθύση,
835 2748 1094 2822 ὑπερέϐη
1126 2752 1192 2808 τὸ
1215 2752 1454 2824 μέτρον.

848 2911 1067 2967 ΛΟΓΟΣ
1104 2908 1211 2974 Λᾼ¹
1228 2910 1294 2965 ¹⁹.

535 2999 1041 3083 Περὶκπσρρησίας
1067 3000 1165 3056 καί
1200 3001 1305 3056 τοῦ
1330 3000 1604 3072 ἐλέγχου.

387 3093 560 3159 Ιωάν.
586 3055 927 3157 ζῖ-ὲόύδείς
958 3055 1032 3148 ἔνι
1050 3094 1278 3165 κρυπτῷ
1310 3092 1361 3148 τί
1388 3055 1677 3158 «regam
1709 3093 1862 3166 ζητεί
1888 3055 1931 3115 C

283 3184 453 3250 αὐτὸς
488 3186 546 3239 ὲν
571 3185 854 3257 παρρησίᾳ
885 3179 1026 3239 εῖναι
1056 3186 1158 3256 (u).

373 3276 502 3332 Ἐὰν
546 3278 581 3345 ἡ
636 3277 837 3350 καρδία
885 3276 1044 3349 ἡμῶν
1098 3278 1173 3349 μὴ
1228 3276 1630 3347 καταγινώσκει
1682 3277 1859 3350 ἡμῶν,

286 3368 605 3443 παρρησίαν
632 3368 826 3439 ἔχομεν
865 3367 1003 3439 πρὸς
1040 3367 1131 3421 τὸν
1161 3367 1294 3421 Θεόν
1313 3385 1327 3397 ·
1373 3368 1468 3421 καὶ
1497 3368 1524 3422 δ
1557 3368 1656 3439 μὲν
1681 3366 1863 3421 αἰτοῦ-

291 3479 416 3532 μεν,
447 3460 818 3533 λαμϐάνομεν,
854 3462 985 3532 παρ’
1017 3457 1184 3514 αὐτοῦ
1214 3498 1231 3524 ,
1259 3460 1341 3513 ὅτι
1370 3459 1469 3524 τὰς
1515 3459 1735 3526 ἐντολὰς
1768 3459 1865 3514 αὒ-

288 3552 386 3608 τοῦ
414 3552 672 3624 τηρῶμεν
693 3593 709 3619 ,
766 3553 860 3608 καὶ
890 3554 957 3606 τὰ
997 3550 1205 3623 ἀρεστὰ
1240 3550 1469 3606 ἐνώπιον
1503 3551 1667 3606 αὐτοῦ
1710 3551 1866 3606 ποιῶ-

294 3664 398 3717 μεν
415 3646 487 3701 ⁸⁸.

364 3739 611 3805 Παροιμ.
661 3734 746 3794 ιζ’.
782 3766 854 3777 -
891 3735 1171 3802 Ἑξουσίαν
1216 3735 1402 3791 δίδωσι
1445 3732 1664 3805 λόγοις,
1723 3733 1866 3805 ἁρχὴ

290 3828 680 3901 δικαιωσύνης.

366 3920 552 3989 Σιρὰχ
578 3919 651 3988 η’.
678 3950 749 3962 —-
769 3922 861 3992 Μὴ
916 3920 1148 3993 ὲκκαίῃς
1189 3919 1467 3993 ἄνθρακας
1509 3917 1869 3990 ἁμαρτωλοὺς

294 4015 560 4085 ἐλέγχων,
608 4012 683 4084 μὴ
714 4012 1038 4085 ἑμπρησθῇς
1068 4015 1126 4067 ὲν
1167 4013 1329 4084 φλογὶ
1360 4012 1534 4085 πυρὸς
1581 4008 1869 4083 ἁμαρτιῶν

295 4105 503 4161 αὐτῶν.

370 4201 718 4256 Βασιλείου.
759 4230 831 4242 -—
869 4196 1087 4253 Ἔοικεν
1111 4199 1140 4253 δ
1170 4198 1267 4269 μὲν
1296 4197 1520 4269 ἐλεγχος
1542 4194 1696 4259 τέλος
1726 4193 1871 4265 ἔχειν

298 4296 397 4365 τὴν
439 4293 727 4365 διόρθωσιν
763 4290 858 4347 τοῦ
891 4293 1329 4364 ἁμαρτάνοντος·
1379 4292 1408 4345 ὁ
1448 4290 1504 4345 δὲ
1550 4285 1869 4360 ὀνειδισμὸς,

301 4384 393 4437 ἐπὶ
422 4383 784 4457 ἀσχημοσύνῃ
811 4383 906 4438 τοῦ
937 4383 1263 4447 ὲπταικότος
1291 4383 1531 4453 γίνεται.

386 4474 447 4529 Ὀ
483 4476 865 4548 ὲφησυχάζων,
911 4476 1007 4531 καὶ
1052 4476 1128 4547 μὴ
1168 4475 1410 4545 ἐλέγχων
1454 4472 1554 4545 τὴν
1600 4469 1876 4543 ἁμαρτίαν

1906 4414 1953 4472 D

1934 560 2042 627 vir,
2073 559 2336 630 omnique
2356 574 2427 614 ex
2454 568 2609 630 parte
2637 566 2798 631 aptus
2818 575 2941 617 esse
2969 561 3129 627 velis,
3150 576 3277 616 cum
3308 560 3363 614 in
3387 574 3490 615 con

1935 651 2097 708 viviis
2116 650 2338 706 animus
2363 651 2514 718 vino,
2551 657 2810 722 tanquam
2843 667 2969 707 rore
3005 649 3378 715 immaduerit,
3402 659 3527 723 tum;

1937 758 2070 800 eave
2107 744 2345 800 ulterius
2394 759 2725 815 progressus
2775 744 3101 814 polluatur:
3140 742 3239 798 sed
3291 757 3417 797 cum
3461 740 3517 795 in

1938 839 2190 895 conciliis
2248 853 2315 894 ac
2358 837 2717 900 concessibus
2760 836 2978 892 ratione
3024 833 3350 899 incalucrit,
3402 841 3520 887 tum

1939 932 2152 988 sancire
2176 932 2340 1003 iube,
2381 946 2447 987 ac
2469 931 2700 1002 iustitiae
2723 929 2927 1001 placita
2956 935 3014 984 et
3033 928 3260 982 oracula
3291 938 3513 982 canere.

2010 1022 2295 1078 Δῑιοιιίπὶε.
2320 1051 2392 1063 -
2419 1020 2719 1091 Speculum
2746 1019 2980 1075 formam
3005 1016 3277 1079 referens,
3306 1029 3383 1069 aes
3399 1020 3520 1078 est;

1940 1114 2156 1180 vinum,
2179 1122 2424 1169 mentem
2441 1112 2744 1183 explicans.

2008 1206 2355 1263 Anacharsis.
2378 1235 2450 1246 —
2468 1205 2598 1276 Ejus
2623 1202 2808 1274 poculi
2834 1201 2984 1273 quod
3020 1196 3331 1257 honestatis
3361 1209 3525 1252 causa

1922 1298 2094 1355 .domi
2128 1304 2493 1367 temperatur,
2524 1296 2765 1366 primum
2794 1292 3069 1359 sanitatis,
3104 1291 3343 1346 alterum
3364 1286 3527 1342 volu-

1944 1390 2134 1463 ptatis,
2156 1388 2381 1445 tertium
2400 1387 2639 1461 injuriae,
2659 1380 3251 1459 postremumvinsaniaa
3265 1380 3526 1435 haustum

1948 1482 2086 1539 bibi.
2696 1502 2699 1503 ν

2018 1570 2283 1627 Platonis.
2303 1601 2375 1611 —
2405 1570 2615 1627 Ebrius
2645 1568 3011 1641 gubernator,
3044 1560 3397 1634 aerquisquis
3418 1558 3530 1613 ullo

1949 1664 2115 1721 modo
2137 1672 2361 1735 praeest,
2406 1662 2594 1719 omnia
2628 1661 2852 1727 evertit,
2886 1660 3003 1716 sive
3025 1657 3231 1722 navim,
3260 1654 3377 1710 sive
3406 1667 3531 1707 cur-

1951 1773 2099 1823 rum,
2152 1756 2269 1812 sive
2297 1755 2629 1820 exercitum,
2654 1754 2775 1810 sive
2815 1749 3086 1824 quidquid
3134 1747 3355 1803 tandem
3382 1744 3533 1799 illius

1951 1864 2100 1906 curae
2130 1847 2431 1919 regendum
2463 1847 2820 1902 commissum
2843 1842 3033 1898 fuerit.

2024 1937 2408 2009 Sophoclis.—
2436 1935 2744 2007 Sophocles
2783 1932 3105 2004 Esclrylum
3152 1923 3532 1998 reprehende-

1951 2031 2068 2097 bat,
2092 2030 2239 2101 quod
2263 2029 2455 2085 ebrius
2479 2026 2772 2083 scriberet.
2792 2024 2911 2080 Etsi
2927 2022 3100 2085 enim,
3122 2018 3326 2088 inquit,
3357 2022 3530 2075 recta,

1953 2131 2012 2179 at
2037 2137 2149 2177 non
2173 2120 2526 2191 prudentem,
2554 2133 2620 2173 ac
2641 2117 2738 2187 qui
2762 2114 2901 2171 sciat
2925 2127 3061 2169 eum
3088 2110 3293 2166 facere.

2023 2213 2271 2285 Epicteti.
2321 2240 2392 2252 —-
2420 2210 2562 2267 Vitis
2616 2217 2729 2263 tres
2780 2203 3040 2277 producit
3089 2215 3225 2256 uvas
3255 2215 3271 2253 :
3300 2195 3533 2285 primam

1956 2284 2288 2377 voluptatis;
2320 2301 2552 2358 alteram
2568 2297 2892 2362 ebrietatis;
2920 2292 3139 2350 tertiam
3164 2284 3532 2345 contumeliae.

2027 2481 2180 2538 Inter
2203 2480 2402 2552 pocula
2429 2477 2545 2535 noli
2566 2475 2863 2533 verborum
2896 2470 3111 2540 copiam
3134 2462 3388 2527 fundere,
3411 2474 3539 2552 eru-

1960 2572 2191 2630 ditionis
2204 2549 2547 2629 ostentandae
2562 2583 2759 2634 causa;
2785 2562 3040 2620 ﬁetenim
3062 2568 3125 2614 ut
3144 2557 3255 2614 bile
3272 2549 3537 2623 loquaris.

1964 2682 2217 2740 Ebriosus
2245 2693 2344 2749 est,
2374 2686 2465 2754 qui
2492 2679 2844 2754 pluratribus
2874 2676 2998 2754 bibit
3016 2670 3202 2754 pocula
3225 2685 3246 2735 ς

1965 2754 2037 2809 Ac
2059 2738 2297 2810 lieetnon
2320 2738 2813 2825 fuerit'inebriatus,
2853 2738 3065 2802 modu'm
3096 2750 3274 2797 tamen
3304 2738 3539 2792 excessit.

2532 2900 2764 2959 SERMO
2798 2898 2987 2954 XXXI.

2170 2997 2248 3054 De
2289 2996 2526 3052 libertate
2553 2993 2798 3065 loquendi
2826 2999 2875 3045 et
2914 2986 3341 3060 reprehendendi.

2035 3088 2197 3144 Joan.
2233 3103 2331 3151 vn,
2377 3086 2431 3141 4.
2459 3115 2531 3125 -
2557 3083 2735 3139 Nemo
2783 3081 2840 3136 in
2878 3078 3100 3136 occulto
3129 3074 3263 3148 quid
3303 3070 3455 3138 facit,
3490 3077 3549 3126 et

1970 3180 2297 3253 quaeritipse
2325 3177 2509 3232 clarus
2538 3189 2683 3231 esse.
2716 3244 2717 3247 η
2826 3240 2827 3243 η

2027 3269 2059 3325 Ι
2079 3250 2239 3324 Joan.
2261 3264 2445 3331 “1,20.
2470 3262 2615 3319 —Si
2647 3278 2745 3318 cor
2778 3266 3032 3317 nostrum
3060 3273 3171 3314 non
3193 3250 3551 3327 reprehendit

1970 3376 2093 3425 nos,
2125 3358 2381 3414 ﬁduciam
2411 3356 2680 3410 habemus
2717 3354 2787 3409 ad
2814 3355 2989 3408 Deum
3024 3368 3038 3405 :
3068 3358 3124 3406 et
3152 3344 3421 3419 quidquid
3451 3357 3550 3414 pe-

1972 3452 2248 3516 tierimus,
2281 3448 2617 3518 accipiemus
2639 3446 2709 3501 ab
2746 3460 2834 3511 eo,
2858 3442 3122 3514 quoniam
3151 3438 3407 3494 mandata
3430 3436 3553 3507 ejus

1972 3538 2337 3608 custodimus,
2368 3548 2424 3596 et
2465 3540 2545 3595 ea
2570 3554 2692 3609 qua:
2716 3545 2845 3593 sunt
2868 3534 3070 3597 placita
3112 3544 3302 3588 coram
3340 3544 3429 3594 eo,
3463 3526 3547 3581 fa-

1973 3650 2170 3691 cnmus.

2044 3725 2205 3781 Prov.
2236 3740 2379 3789 xvn,
2416 3725 2506 3780 14.
2532 3720 2611 3764 -’
2644 3723 2981 3777 Potestatem
3026 3713 3121 3769 dat
3179 3709 3551 3775 sermonibus,

1974 3814 2312 3889 principium
2336 3814 2590 3886 iustitiae.

2043 3909 2208 3966 Eccli.
2237 3925 2351 3974 vin,
2383 3908 2471 3963 l5.
2492 3937 2564 3947 —
2585 3905 2665 3960 Ne
2682 3901 2953 3959 accendas
2981 3900 3256 3958 carbones
3275 3890 3557 3966 arguendo

1976 4011 2315 4075 peccatores,
2353 4017 2424 4057 ne
2453 3998 2766 4055 incendaris
2792 3996 3009 4051 ﬂamma
3030 3992 3172 4065 ignis
3204 3995 3558 4062 peccatorum

1979 4112 2223 4153 lDSOl‘llm
2235 4138 2247 4151 .

2037 4113 2247 4153 sorum.

2000 4113 2259 4241 pBasilii.
2297 4216 2368 4224 —
2394 4182 2627 4239 Videtur
2651 4176 3012 4251 reprehensio
3040 4175 3148 4230 hoc
3194 4178 3472 4244 speetare,
3500 4174 3563 4222 ut

1981 4279 2028 4334 is
2052 4278 2148 4349 qui
2180 4275 2435 4347 deliquit,
2462 4273 2821 4337 emendetur;
2846 4266 3159 4324 convicium
3188 4277 3345 4329 vero,
3375 4268 3438 4315 ut
3460 4256 3556 4343 qui

1981 4367 2233 4433 oﬂ‘endit,
2259 4365 2468 4437 probro
2495 4362 2783 4419 aﬂiciatur.

2054 4457 2222 4530 619
2250 4455 2355 4523 Qui
2383 4465 2548 4519 tacet,
2586 4468 2691 4508 nec
2724 4444 3238 4523 peccatuml'ratris
3277 4438 3563 4512 coarguit,

303 4567 399 4622 τοῦ
433 4538 705 4639 absumi",
736 4538 1081 4640 ἀσπλαγχνός
1116 4538 1284 4622 ’ἐστιν
1300 4538 1539 4637 ξ’ὥσπερ
1588 4564 1616 4617 ὁ
1641 4538 1748 4617 -τδν
1800 4561 1856 4616 ίὸε

1988 4548 2385 4607 immisericors
2418 4554 2524 4611 est,
2566 4543 2713 4599 haud
2747 4557 2909 4599 secus
2934 4556 2997 4596 ac
3024 4538 3121 4611 qui
3155 4538 3213 4593 in
3257 4545 3502 4599 morsum
3533 4545 3565 4583 a

306 4661 528 4730 ὲναφεὶς
554 4661 634 4733 τῷ
664 4661 914 4733 δηχθέντι
946 4661 1052 4715 ὑπὸ
1083 4660 1177 4714 τοῦ
1210 4657 1445 4712 ἰοϐόλον.

382 4757 700 4826 Θεολόγου.
736 4784 807 4795 —
841 4752 1031 4824 Πολλῷ
1066 4752 1271 4824 βέλτιον
1318 4747 1525 4821 βραχέα
1560 4744 1879 4815 λυπήσαντα

315 4848 554 4920 μέγιστα
596 4846 880 4917 ὠφελῆσαι
899 4846 980 4917 ,ιῆ
1004 4845 1066 4899 τὸ
1096 4844 1233 4916 πρὸς
1262 4841 1455 4915 ἡδονὴν
1482 4836 1745 4894 διώκοντα
1784 4835 1883 4905 ζη-

316 4940 519 5013 μιῶσαι
553 4939 632 5014 τῷ
660 4939 965 5012 κεφαλαίῳ.

385 5121 587 5187 Μεῖζον
614 5120 726 5194 γὰρ
755 5117 961 5192 ἀγαθὸν
988 5116 1048 5173 τὸ
1076 5115 1399 5187 ἐλεγχθῆναι
1424 5110 1519 5183 (υ),
1547 5108 1639 5164 τοῦ
1669 5105 1887 5176 ἐλέγξαι

1989 4648 2250 4713 serpente
2283 4652 2557 4694 venenum
2583 4633 2851 4692 immittit.

2062 4732 2328 4803 Theologi.
2366 4759 2436 4769 —-
2466 4728 2653 4798 Longe
2700 4731 2959 4800 prastat,
3018 4718 3219 4776 minori
3265 4714 3456 4771 dolore
3486 4718 3569 4769 ac

1991 4825 2244 4883 molestia
2275 4819 2568 4877 maximam
2599 4817 2896 4873 utilitatem
2925 4812 3154 4877 all‘erre,
3185 4822 3351 4878 quam
3378 4818 3567 4875 perse-

1991 4916 2215 4991 quendo
2275 4913 2424 4986 quod
2468 4912 2751 4983 voluptate
2798 4907 3050 4971 deliniat,
3090 4901 3262 4973 ipsius
3290 4893 3570 4969 capitalis

1987 5014 2215 5084 jactura:
2244 5015 2702 5073 auctoremesse.

2067 5102 2269 5159 Melius
2312 5099 2572 5157 existimo
2618 5091 2797 5164 argui,
2855 5100 3019 5160 quam
3048 5098 3319 5156 arguere;
3364 5087 3605 5154 quanto,

1580 5221 1819 5281 VARIAE
1858 5216 2269 5276 LECTIONES.

391 5329 435 5363 "
458 5329 527 5385 ln
548 5328 714 5386 Gesn.
750 5325 900 5383 Stob.
935 5325 1023 5381 67.
1095 5324 1140 5356 ‘°
1178 5321 1343 5378 Gesn.
1373 5315 1609 5391 τηροῦμ.
1649 5311 1867 5385 ποιοῦμ.

396 5514 691 5640 (magna?
705 5511 887 5602 αὐτὸς
918 5512 990 5566 ἐν
1022 5511 1217 5580 mpm

331 5595 417 5640 rat
520 5601 604 5640 sn.
666 5583 817 5640 αυτὺ.
867 5582 1143 5640 habetque
1174 5581 1216 5635 Β

334 5671 439 5725 non
460 5654 637 5725 potui,
663 5669 768 5725 nec
806 5643 952 5725 ullos
994 5643 1327 5725 inierpretes
1382 5643 1680 5718 agnovisse
1705 5643 1900 5725 deprc-

1876 5402 2108 5461 NOTAE.

1222 5509 1329 5575 σίᾳ
1364 5504 1538 5563 εἶναι.
1563 5503 1719 5571 Quod
1750 5503 1897 5575 lege-

520 5558 1429 5650 Eﬁ‘f'éiébj'iiineidBZ’ﬁéliEsdi'
1458 5558 1630 5650 αύτῷ,
1661 5558 1897 5650 probare
2003 5560 2166 5650 conio
2190 5558 2523 5650 celebretur,
2544 5577 2655 5650 non
2694 5558 3015 5650 prioryidit

2002 5501 2211 5565 clarum
2233 5510 2376 5563 esse,
2408 5494 2549 5551 fama
2587 5490 2887 5565 celebrem,
2913 5496 2986 5565 _e_t_
3028 5487 3123 5565 qui
3155 5487 3413 5565 omnium
3434 5498 3573 5565 prae:

3113 5574 3195 5623 za,
3236 5556 3332 5612 sed
3359 5552 3575 5622 antiqui

2006 5623 2274 5711 meum
2317 5623 2649 5707 interpretes
2679 5623 2713 5699 ,’
2754 5623 2827 5695 ct
2860 5630 2916 5686 in
2972 5629 3082 5685 illis
3136 5626 3229 5699 qui
3298 5623 3575 5695 Polyglot.

338 5710 543 5795 bendi;
573 5710 861 5795 emendavi
888 5737 1040 5795 ergo,
1070 5710 1218 5790 qubd
1248 5734 1402 5795 sacer
1416 5710 1610 5795 textus
1644 5710 1900 5795 vulgatus
2007 5710 2242 5795 exstant:

342 5782 730 5862 Ιιεώοι,ἀύτδς,
754 5782 999 5866 petitque
1022 5782 1131 5849 tota
1172 5792 1364 5849 series.
1390 5788 1471 5853 τὸ,
1511 5790 1569 5842 ὲν
1592 5782 1898 5859 πᾳῤῥὴσίᾳ,

2084 5779 2156 5854 (υ)
2217 5777 2429 5845 Μεῖζον
2464 5776 2529 5839 τὸ
2558 5771 2939 5850 ἐλεγχθῆναι.
2968 5769 3059 5828 Sic
3085 5769 3225 5827 bene
3280 5767 3449 5827 Gesn.
3475 5770 3580 5823 etsi
