3964 6276
119 349 217 415 939

1428 358 1596 422 LOCI
1631 359 1954 424 COMMUN
1964 362 2075 424 ES.

3280 372 3385 437 890

183 458 589 514 Εὑσεϐἰου.-
604 458 827 533 Ἐχθρὸς
861 462 932 517 τὰ
955 463 1128 536 ἀληθῆ
1162 464 1353 531 εἰπὼν,
1387 466 1483 520 τοῦ
1518 486 1688 540 προσ-

1867 473 2099 527 Eusebii.
2129 505 2199 516 —-
2237 475 2501 533 Inimicus
2534 478 2629 549 qui
2673 494 2803 535 vera
2856 479 3150 551 loquatur,
3205 483 3386 552 pluris

117 555 441 624 ποιουμένου
493 554 648 624 φίλου
696 557 833 627 πρὸς
863 558 1059 630 χάριν,
1107 561 1228 613 ἐστὶ
1284 562 1503 626 πάντως
1542 565 1695 632 αἱρε-

117 647 428 720 τῶτεροςη.

679 767 904 821 ΛΟΓΟΣ
939 769 1047 823 AB’
1057 770 1125 823 “.

611 860 752 928 Περὶ
805 863 1192 931 φιλοπονίας.

189 951 371 1006 Ὶωὰν.
406 947 478 1005 ε’.
510 981 581 993 --
610 952 670 1005 '0
707 953 899 1025 Πατήρ
942 972 1046 1026 μου
1077 957 1183 1023 ἕως
1222 958 1347 1031 ἄρτι
1377 960 1693 1033 ἐργάζεται,

116 1044 260 1115 κάγὼ
299 1045 642 1116 ἐργάζομαι.

176 1138 357 1207 Πράξ.
396 1136 474 1193 κ’.
504 1170 575 1181 -
606 1141 771 1194 Αὐτοὶ
807 1141 1105 1210 γινώσκετε
1129 1185 1147 1210 ,
1192 1145 1275 1199 ὅτι
1308 1149 1430 1210 ταῖς
1480 1147 1694 1218 χρείαις

119 1247 209 1300 μου
252 1234 351 1283 καὶ
377 1235 505 1296 τοῖς
531 1229 651 1287 οὖσι
683 1236 802 1304 μετ’
832 1234 967 1304 ἐμοῦ
991 1276 1006 1301 ,
1036 1236 1393 1308 ὑπηρέτησαν
1422 1240 1479 1292 αί
1512 1242 1695 1311 χεῖρες

118 1315 281 1378 αὗται.
315 1324 510 1377 Πάντα
533 1325 785 1393 ὑπέδειξα
818 1327 971 1397 ὑμῖν,
1001 1329 1084 1382 ὅτι
1113 1330 1258 1383 οὓτω
1281 1333 1590 1399 κοπιῶντας
1616 1335 1697 1388 δεῖ

114 1414 611 1483 ἀντιλαμβάνεσθαι
639 1417 750 1471 τῶν
778 1418 1177 1475 ἀσθενούντων.

178 1509 397 1577 Σολομ.
441 1514 518 1577 τ’.
538 1509 867 1579 -Ἃγαθῶν
896 1512 1095 1578 πόνων,
1129 1515 1344 1587 καρπὸς
1373 1516 1621 1590 εὐκλεής.

177 1688 292 1754 Σιρ.
321 1684 436 1739 rd.
478 1715 550 1726 —
578 1686 909 1759 Ἐργάζεσθε
952 1688 1015 1742 τὸ
1043 1688 1206 1759 ἔργον
1237 1692 1399 1762 ἡμῶν
1431 1691 1540 1764 πρὸ
1569 1710 1694 1746 και-

121 1777 221 1850 ροῦ,
248 1779 342 1831 καὶ
362 1777 535 1833 διὶισει
559 1779 652 1833 τὸν
680 1780 874 1851 μισθὸν
901 1781 1058 1853 ὑμῶν
1090 1784 1149 1835 ὲν
1180 1784 1359 1856 καιρῷ
1389 1785 1582 1839 αὑτοῦ.

183 1965 392 2017 Βασιλ.
430 1992 506 2003 —
535 1961 612 2016 Τὸ
642 1960 755 2033 γάρ
786 1962 936 2034 πόνῳ
984 1964 1185 2034 κτηθὲν
1228 1966 1548 2039 περιχαρῶς
1582 1968 1692 2021 ὐπ-

124 2054 327 2125 εδέχθη,
404 2056 505 2109 καὶ
575 2055 881 2125 φιλοπόνως
942 2056 1301 2131 δωφυλάχθη.
1363 2052 1466 2114 Ὧν
1509 2061 1693 2131 μέντοι

122 2149 396 2221 πρόχειρος
439 2150 471 2203 ὁ
506 2150 816 2221 πορισμὸς,
864 2151 1072 2206 τούτων
1124 2154 1159 2223 ἡ
1210 2154 1407 2225 κτῆσις
1448 2154 1691 2211 εὐκατα-

122 2242 393 2313 996mm-

184 2335 242 2388 Tl
267 2336 375 2390 τῶν
404 2336 632 2404 ἀγαθῶν
668 2334 929 2406 εὖκολονς
968 2338 1067 2403 Τίς
1100 2339 1383 2394 καθεύδων
1425 2341 1693 2413 τρόπαιον

130 2427 335 2498 inque;
384 2428 487 2492 Τίς
536 2427 763 2499 τρυφῶν
814 2429 913 2482 καὶ
960 2430 1403 2503 καταυλούμενος
1440 2435 1553 2497 τοῖς
1592 2434 1693 2505 τῆς

129 2520 383 2582 εὺσεδείας
426 2520 723 2590 στεφάνοις
766 2522 1191 2596 κατεκοσμήθη;
1240 2524 1429 2588 Οὐδεὶς
1461 2524 1537 2596 μὴ
1562 2525 1693 2596 δρα-

133 2612 232 2683 μὼν
257 2613 498 2667 ἀνείλετο
532 2612 803 2684 βραϐεῖον.
843 2614 1003 2669 Πόνοι
1029 2616 1262 2686 γεννῶσι
1302 2616 1485 2683 δόξαν,
1510 2618 1693 2689 κάμα-

128 2723 197 2758 τοι
216 2708 536 2778 προξενοῦσι
569 2708 889 2776 στεφάνους.

194 2887 444 2939 θεολ.--
480 2884 875 2955 Γενναιότερον
924 2885 991 2940 ἐκ
1046 2886 1144 2941 τοῦ
1192 2886 1385 2942 παθεῖν
1428 2887 1491 2943 τδ
1538 2888 1693 2960 φιλό-

134 2993 294 3044 σοφον,
334 2977 528 3049 ὥσπερ
572 2977 767 3049 ψυχρῷ
799 2979 1017 3053 σίδηρος
1040 3021 1056 3047 ,
1088 2981 1233 3035 οὕτω
1266 2985 1381 3048 τοῖς
1421 2982 1693 3052 κινδύνοις

136 3073 496 3141 στομούμενον.

1796 566 2023 621 omnino
2070 566 2398 635 faciendus,
2444 572 2624 627 amico
2687 571 2949 627 simulato
2995 573 3260 644 loquente
3312 576 3383 633 ad

1795 658 2050 727 gratiam.

2348 773 2580 831 SEllMO
2618 774 2836 830 XXXII.

2127 864 2205 918 De
2232 865 2428 920 laboris
2457 868 2632 920 studio
2658 885 2721 921 ac
2760 866 3064 939 diligentia.

1862 952 2023 1008 Joan.
2050 971 2104 1019 v,
2140 955 2229 1011 l7.
2256 986 2325 997 --
2347 956 2678 1012 Patermcus
2705 973 2881 1028 usque
2908 957 3075 1014 modo
3096 968 3385 1031 operatur,

1794 1053 1851 1099 et
1872 1060 1975 1116 ego
2005 1062 2231 1117 operor.

1867 1139 1981 1194 Act.
2015 1158 2104 1204 xx,
2144 1142 2234 1197 54.
2266 1174 2336 1183 —
2374 1143 2481 1213 Ipsi
2507 1142 2662 1199 scitis
2687 1185 2701 1209 ,
2736 1144 2999 1214 quoniam
3034 1146 3101 1201 ad
3136 1161 3221 1212 ea,
3263 1164 3387 1219 qua:

1795 1228 1932 1283 mibi
1958 1245 2097 1300 opus
2112 1241 2291 1297 erant,
2342 1242 2407 1301 et
2434 1233 2521 1287 bis
2543 1233 2637 1303 qui
2665 1249 2879 1289 mecum
2916 1245 3069 1303 sunt,
3097 1237 3385 1292 ministra-

1794 1330 1996 1375 verunt
2026 1338 2221 1378 manus
2250 1324 2386 1378 isne.
2426 1324 2621 1379 Omnia
2653 1326 2871 1380 ostendi
2894 1326 3073 1391 vobis,
3118 1328 3383 1399 quoniam

1795 1412 1875 1468 sic
1898 1412 2209 1469 laborantes
2232 1423 2451 1485 oportet
2495 1415 2777 1486 suscipere
2805 1417 3061 1474 infirmos

1867 1502 1997 1575 Sap.
2027 1522 2106 1571 Ill,
2148 1506 2232 1562 15.
2269 1538 2338 1547 --
2367 1507 2647 1563 Bonorum
2691 1508 2944 1564 laborum
2982 1510 3258 1580 gloriosus
3297 1521 3387 1568 est

1797 1597 1821 1652 f
1822 1606 2033 1653 ructus.

1869 1689 2034 1744 Eccli.
2064 1706 2138 1754 ιι,
2180 1691 2270 1747 58.
2317 1723 2387 1731 -
2430 1692 2749 1763 Operamini
2791 1709 2933 1764 opus
2972 1704 3219 1751 vestrum
3251 1705 3382 1753 ante

1724 1824 1768 1880 Β
1798 1790 2033 1852 tempus,
2057 1791 2115 1839 ct
2142 1782 2297 1838 dabit
2317 1783 2477 1838 vobis
2509 1784 2820 1840 mercedem
2869 1794 3110 1841 vestram
3159 1787 3215 1842 in
3242 1796 3383 1844 tem-

1796 1888 1929 1943 pore
1976 1889 2100 1929 suo.

1862 1963 2075 2019 Basilii.
2103 1995 2172 2007 —
2193 1963 2351 2031 Quod
2373 1964 2523 2020 enim
2550 1964 2741 2020 labore
2776 1975 2993 2037 partum
3017 1975 3105 2022 est
3124 2008 3139 2032 ,
3172 1968 3382 2039 majore

1794 2055 1983 2109 Letitia
2008 2056 2281 2125 accipitur
2322 2055 2757 2129 diligentiusque
2792 2068 3079 2129 servatur;
3138 2077 3380 2132 quorum

1793 2156 1979 2203 autem
2015 2148 2190 2203 facilis
2233 2160 2318 2204 est
2360 2150 2682 2220 acquisitio,
2725 2152 2924 2208 horum
2962 2154 3207 2226 proclive
3245 2171 3381 2212 con-

1795 2252 2075 2299 temnatur
2110 2246 2413 2316 possessio.

1862 2336 2002 2404 Quid
2027 2336 2081 2392 in
2103 2338 2207 2403 eis,
2230 2355 2353 2409 quae
2386 2339 2454 2395 de
2480 2356 2681 2412 genere
2710 2341 2985 2396 bonorum
3010 2352 3162 2407 sunt,
3190 2342 3391 2398 facile?

1792 2428 1928 2495 Quis
1964 2445 2160 2487 somno
2188 2430 2410 2485 deditus
2449 2442 2719 2504 tropaeum
2756 2433 2977 2488 erexit?
3010 2432 3146 2500 Quis
3170 2434 3388 2489 deliciis

1793 2520 2096 2592 fractisque
2144 2522 2385 2577 modulis
2417 2533 2584 2594 atque
2628 2524 2822 2591 tibiis,
2872 2525 3096 2596 pietatis
3147 2542 3383 2581 coronas

1795 2623 2130 2669 consecutus
2151 2616 2277 2669 cst?
2306 2615 2479 2671 Nemo
2515 2616 2621 2671 nisi
2661 2617 2755 2687 qui
2781 2617 3112 2681 cucurrerit,
3147 2618 3383 2687 palmam

1796 2706 2007 2761 retulit.
2042 2706 2285 2762 Laborcs
2315 2707 2546 2778 gloriam
2593 2708 2856 2778 pariunt;
2888 2709 3126 2765 sudores
3164 2710 3381 2765 strenui

1794 2800 2056 2870 anxiique
2082 2816 2414 2855 coronarum
2436 2801 2711 2856 exsistunt
2736 2802 2963 2871 pararii.

1864 2890 2129 2963 Theologi.
2161 2923 2230 2932 —
2254 2893 2333 2947 Ex
2370 2893 2638 2948 malorum
2669 2894 3029 2963 perpessione
3058 2894 3235 2949 virtus
3266 2893 3385 2963 ipsa

1796 2987 2119 3057 generosior
2146 2987 2454 3057 fortiorque
2482 2986 2769 3055 redditur;
2820 3004 2965 3059 qum,
3003 2989 3149 3043 sicut
3174 2989 3387 3043 ferrum

1798 3078 2019 3149 frigida,
2051 3078 2131 3135 sic
2151 3080 2419 3151 periculis
2442 3078 2687 3141 duretur,

191 3164 476 3227 Χρυσόστ.
508 3193 579 3203 —
609 3164 895 3234 Πανταχοῦ
934 3166 1024 3219 διὰ
1052 3166 1332 3232 δισκολίας
1377 3168 1471 3224 καὶ
1511 3171 1689 3224 πόνων

1867 3172 2136 3243 Chrysost.
2170 3200 2242 3212 —
2268 3171 2483 3243 Ubique
2518 3189 2617 3243 per
2653 3172 3008 3228 difficultates
3038 3181 3096 3229 et
3137 3172 3386 3239 labores,

136 3256 230 3315 τοῖς
263 3255 568 3327 ἀνθρώποις
598 3256 811 3327 πέφυκε
858 3258 929 3311 τὰ
975 3259 1225 3331 χρήσιμα
1268 3261 1689 3334 παραγίνεσθαι.

194 3345 463 3410 Φίλωνος.
493 3375 569 3385 -
600 3345 659 3400 '0
685 3347 784 3418 μὲν
814 3348 907 3401 τὸν
934 3350 1096 3403 πόνον
1128 3351 1369 3421 φεύγων,
1401 3352 1593 3421 φεύγει
1624 3352 1692 3406 τά

137 3436 322 3503 ἀγαθά·
372 3440 399 3492 ὸ
435 3440 494 3493 δὲ
540 3440 813 3513 τλητικῶς
861 3444 956 3496 καὶ
990 3443 1251 3516 ἀνδρείως
1292 3445 1584 3517 ὑπομένων
1620 3446 1692 3501 τὰ

136 3526 545 3603 δυσκαρτέρητα,
574 3534 795 3587 σπεύδει
827 3535 964 3606 πρὸς
994 3537 1400 3609 μακαριότητα.

204 3620 395 3692 Ἰσοκρ.
416 3656 487 3665 -
523 3626 773 3697 Γύμναζε
814 3628 1012 3682 σαυτὸν
1043 3629 1228 3694 πόνοις
1261 3630 1533 3695 ἑκουσίοις
1557 3673 1570 3696 ,
1602 3631 1691 3684 ἴνα

137 3711 270 3785 δόξῃς
294 3719 381 3771 καὶ
410 3721 542 3783 τοὺς
571 3720 868 3785 ἀκουσίους
899 3721 1216 3793 ὑπομένειν.

768 3920 1014 3988 Καρκίν.

136 4006 312 4081 ρι’ξιξεὶλς
338 4009 593 4066 ἔπαινον
620 4011 865 4081 ﬁderat};
887 4013 1185 4081 ἐκτήσατο
1213 4033 1225 4044 ⁸

143 4078 318 4153 Oilei-tit;
338 4081 607 4152 ῥάθυμος
634 4078 897 4151 εὐκλεὴς
919 4078 1075 4153 ἀνήρ
1109 4102 1123 4117 ’

150 4146 281 4201 Ἀλλ’
310 4146 360 4205 oi
398 4146 888 4210 πόῦοίτίκτουσλί
911 4146 1402 4227 τὴντεὺανδρίαν.

196 4265 411 4321 (bellove.
442 4298 516 4309 -—
544 4268 657 4323 Οὐκ
690 4268 860 4334 ἔστιν,
897 4261 946 4324 ὦ
979 4270 1197 4342 μάταιε,
1226 4272 1324 4326 σὺν
1349 4271 1593 4344 ῥαθυμίᾳ
1618 4271 1687 4326 τά

140 4353 226 4407 τῶν
248 4359 540 4416 πονούντων
572 4362 647 4433 μὴ
670 4363 1009 4435 πονήσαντας
1038 4362 1240 4419 λαϐεῖν.

1795 3266 1937 3321 bona
1977 3266 2296 3321 hominibus
2329 3266 2594 3322 obvenire
2623 3266 2823 3320 solent.

1867 3357 2125 3412 Philonis.
2147 3390 2217 3397 —
2245 3358 2349 3425 Qui
2378 3359 2624 3415 laborem
2649 3359 2811 3429 fugit,
2843 3360 2888 3413 is
2913 3358 3059 3413 bona
3085 3356 3264 3429 fugit;
3288 3358 3388 3430 qui

1792 3460 1975 3505 autem
2007 3452 2275 3506 tolerante
2321 3460 2664 3521 strenueque
2694 3452 2894 3506 mentis
2933 3451 3222 3522 proposito
3262 3467 3389 3522 quae

1791 3544 1929 3599 dura
1968 3554 2101 3599 sunt
2132 3545 2393 3610 sustinet,
2418 3544 2488 3599 ad
2520 3544 2840 3599 beatitatem
2870 3544 3074 3600 festiue
3105 3544 3305 3600 currit.

1864 3636 2086 3692 Isocrat.
2118 3669 2185 3677 —
2217 3637 2423 3693 Exerce
2462 3638 2703 3708 teipsum
2743 3638 3045 3708 assumptis
3077 3645 3274 3709 sponte
3303 3636 3385 3691 la-

1791 3729 2043 3794 boribus,
2080 3738 2140 3783 ut
2163 3738 2219 3784 ct
2240 3745 2357 3795 eos,
2391 3730 2486 3800 qui
2518 3726 2707 3785 invitis
2728 3728 3060 3798 obveniunt,
3106 3728 3389 3785 sustinere

1792 3820 2063 3893 proberis.

2373 3936 2535 4059 f2]
2569 3936 2808 4023 Carcini.

2408 4024 2488 4059 em
2520 4007 2808 4059 volimtaub

1789 4006 1956 4079 genio
1993 4023 2228 4079 unquam
2280 4006 2488 4061 laudem
2520 4006 2879 4079 uoluptatibus
2938 4016 3249 4061 consecutus
3282 4015 3387 4062 est.

1788 4076 1982 4148 Nullus
2012 4078 2224 4146 segnior
2250 4080 2330 4132 vir
2362 4076 2657 4148 magniﬁce
2678 4079 2858 4133 clarus
2892 4080 3062 4148 factus
3096 4087 3191 4131 est.

1790 4146 1894 4202 Sed
1920 4148 2124 4201 labores
2166 4149 2318 4218 fortis
2351 4146 2521 4202 animi
2556 4150 2859 4204 claritatem
2892 4146 3181 4203 adducunt.

1862 4266 2099 4321 Philisci.
2134 4297 2205 4306 —
2252 4265 2398 4321 Fieri
2452 4283 2563 4322 non
2611 4277 2814 4337 potest,
2876 4267 3042 4322 stulte
3090 4267 3279 4331 homo,
3328 4275 3390 4321 ut

1790 4373 1916 4411 eum
1973 4357 2227 4427 segnitie,
2267 4356 2369 4427 ipsi
2442 4372 2555 4412 non
2609 4357 2946 4423 laborantes,
3010 4357 3396 4413 laborantium

1791 4450 2014 4519 praemia
2050 4464 2474 4519 consequamur.
2736 4442 2741 4449 ’

199 4536 488 4607 Εὐατρίου.
516 4571 585 4580 -
616 4540 852 4594 ’Δτοπόν
884 4541 1032 4595 ἐστιν
1062 4541 1331 4597 διώκοντα
1373 4540 1681 4613 τάςτιμάς,

1860 4540 2097 4612 Evagrii.
2141 4570 2197 4580 —-
2229 4540 2547 4597 Absurdum
2571 4550 2678 4605 est,
2710 4542 2886 4612 utqui
2928 4542 3167 4597 honores
3191 4558 3389 4597 conse-

141 4625 329 4696 φεύγειν
354 4634 478 4698 τοὺς
518 4634 738 4699 πόνους,
759 4635 826 4690 δι’
852 4629 927 4690 ὧν
956 4636 1013 4689 αἱ
1032 4636 1213 4706 τιμαί.

195 4720 393 4776 (Haut.
421 4754 491 4766 —
526 4724 741 4796 ’Ὥσπερ
793 4724 1026 4797 ὄργανον
1078 4726 1264 4781 ἄνεσιν
1301 4726 1397 4781 καὶ
1435 4725 1688 4779 ἐπίτασιν

142 4802 374 4878 λαμδάνον
395 4817 495 4886 ἡδὺ
534 4817 770 4887 γίνεται,
796 4818 942 4873 οὕτω
970 4820 1065 4874 καὶ
1099 4819 1236 4891 βίος.

194 4988 397 5051 Νικίου.
424 5028 493 5038 ——
514 4989 683 5063 Οὗτος
713 4996 857 5054 οὕτω
878 4999 1162 5069 φιλόπονος
1190 4997 1280 5071 ἦν,
1313 4999 1456 5053 ὥστε
1480 4998 1684 5054 πολλά-

142 5091 211 5138 κις
230 5082 418 5158 ἐρωτᾷν
437 5090 565 5153 τοὺς
594 5090 812 5155 οἰκέτας
852 5093 902 5145 εί
937 5092 1211 5155 λέλουται,
1234 5093 1267 5163 ἢ
1292 5093 1341 5144 εί
1361 5090 1680 5165 ἠρίστηκεν.

207 5168 483 5246 Ἀρχιμήδ.
515 5212 586 5222 —-
625 5181 962 5255 Ἀρχιμήδην
988 5184 1054 5254 τῇ
1090 5182 1261 5236 σανίδι
1287 5182 1685 5255 προσκείμενον

1788 4638 1993 4696 ctatur,
2033 4629 2254 4685 labores
2307 4628 2503 4698 fugiat,
2534 4629 2741 4699 quibus
2800 4631 3038 4686 honores
3092 4640 3381 4701 parantur.

1857 4721 2159 4777 Plutarchi.
2196 4750 2265 4761 -—
2296 4720 2781 4787 Quemadmodum
2833 4738 3100 4793 organum
3169 4723 3385 4779 alterna

1787 4814 2117 4870 remissione
2168 4829 2232 4869 ac
2287 4813 2601 4870 intensione
2654 4830 2824 4872 suave
2874 4816 3152 4878 redditur,
3190 4814 3270 4869 sic
3325 4823 3382 4870 et

1786 4904 1921 4960 vita.

1853 4996 2056 5052 Nicias.
2087 5024 2156 5035 —
2183 4993 2283 5050 llic
2312 4995 2455 5051 adeo
2497 4995 2673 5052 labori
2713 4994 2935 5051 deditus
2972 4993 3099 5057 fuit,
3142 5000 3203 5047 ut
3234 5008 3387 5062 same

1780 5088 2016 5144 famulos
2046 5096 2298 5159 rogaret,
2327 5103 2458 5143 num
2485 5087 2730 5152 lavisset,
2767 5102 2830 5140 ac
2860 5100 3099 5154 pransus
3135 5092 3303 5139 esset.

1848 5178 2210 5240 Archimedes.
2238 5207 2309 5219 -——
2347 5176 2734 5233 Archimedem
2798 5175 2999 5230 tabula:
3046 5175 3375 5233 incumben-

144 5253 459 5346 ᾅποσπῶντες
606 5275 655 5327 οἱ
686 5253 1051 5346 θεράποντες,
1072 5273 1313 5343 εἴλειφον
1334 5253 1364 5306 Ἵο
1417 5274 1453 5327 ἀ
1474 5273 1554 5338 δὲ,
1586 5272 1683 5328 καὶ

1821 5287 1911 5337 nn,
1953 5286 2080 5326 eum
2135 5270 2325 5325 famuli
2383 5284 2481 5339 per
2513 5268 2624 5322 vim
2672 5267 3013 5325 abstractum
3071 5276 3381 5339 ungerent;

146 5343 220 5401 ἐπὶ
241 5360 322 5410 τοῦ
350 5343 591 5433 σώματος
614 5343 996 5437 ἀληλιμμένου
1017 5365 1281 5437 διέγραφε
1303 5364 1372 5419 τὰ
1403 5366 1677 5435 σχήματα.

1778 5363 1871 5420 ille
1911 5364 1967 5418 in
2001 5364 2121 5435 ipsa
2154 5362 2403 5419 delibuta
2435 5370 2564 5417 cute
2589 5359 2794 5433 ﬁguras
2837 5360 3196 5435 depingcbat.

1371 5475 1601 5537 VARLE
1635 5475 2045 5534 LECTIONES.

201 5555 361 5618 “Bal.
408 5566 652 5641 Σωκράτ.
729 5570 774 5603 ⁸⁵
809 5570 868 5626 ln
899 5570 1066 5628 Gesn.
1101 5572 1257 5628 διον.
1291 5573 1414 5626 118.

1576 5659 1807 5717 NOTAE.

149 5751 249 5826 [Iun
270 5746 515 5826 cujusque
548 5755 735 5825 καιρὸς
769 5766 854 5812 est
902 5765 958 5811 et
992 5764 1308 5826 tempestas,
1334 5772 1433 5826 per
1483 5771 1647 5825 quam
1762 5763 2238 5826 arguto__ser_mo_ne
2261 5758 2318 5805 et
2338 5748 2633 5826 sententia,
2696 5750 2933 5826 diversis
2975 5752 3094 5823 ejus
3140 5749 3365 5820 generis
3458 5742 3465 5747 ⁷

146 5806 400 5880 jucundior
422 5806 607 5881 enim
626 5806 851 5897 irini?
871 5806 1650 5898 ιιῐιὸιῑἰῇἒὰἱιῖἰίοᾝξιτιὼᾶἇζ

1760 5819 2027 5895 exemplis
2056 5821 2338 5879 declarant
2364 5821 2481 5891 ipsa
2520 5819 2708 5878 divina
2735 5820 2983 5890 eloquia.
