3964 6276
148 382 269 447 833

1486 382 1655 443 LOCI
1696 382 2018 446 COMMUN
2024 387 2135 447 ES.

3333 383 3441 449 894

226 500 419 553 Θεολ.
449 526 521 538 -
561 496 621 551 '0
651 496 751 567 μὲν
781 496 891 569 γὰρ
917 497 1179 569 εύορκῶν,
1198 497 1359 569 τυχὸν
1383 496 1449 552 ἀν
1493 515 1623 551 ποτε
1662 500 1750 554 καὶ

1927 501 2191 574 Theologi.
2231 528 2299 542 -
2332 500 2436 569 Qui
2473 517 2601 557 vere
2623 516 2685 556 ac
2702 499 3077 571 sanctejurat,
3110 498 3248 556 forte
3272 503 3442 559 etiam

145 590 561 663 παρασφαλείη
586 606 603 622 ·
624 592 653 644 ὀ
682 590 739 645 δὲ
766 590 841 661 μὴ
892 590 1131 662 ὀμνύων,
1184 590 1277 645 τὸν
1326 591 1426 662 τῆς
1468 592 1753 662 ἐπιορκίας

145 684 422 739 κίνδυνον
445 682 801 753 διαπέφευγε.

234 774 311 831 '0
338 777 509 848 νόμος
531 778 715 849 φησιν,
748 778 871 831 οὐκ
894 776 1289 846 ἐπιορκήσῃςο
1314 777 1380 831 σὺ
1403 777 1460 831 δὲ
1481 777 1615 832 Οὐδὲ
1644 777 1753 849 ὀμῇ

141 871 257 939 τὴν
302 870 508 943 ἀρχὴν,
538 871 599 924 ού
651 868 848 941 μικρὸν
876 868 938 923 οὐ
966 868 1151 939 μεῖζον
1181 884 1198 901 ’
1235 869 1312 933 ὡς
1340 867 1436 923 τοῦ
1464 870 1627 941 ὅρκου
1652 869 1753 940 τὴν

141 961 464 1031 ἐπιορκίαν
492 960 793 1024 τίκτοντος.
1280 1004 1283 1005 ν

222 1138 547 1207 Χρυσόστ.
577 1167 650 1179 -
681 1138 743 1192 0i
796 1138 1132 1208 συκοφάνται
1184 1138 1249 1193 τὸ
1300 1137 1499 1209 ψεῦδος
1543 1138 1753 1211 πιπρά-

144 1248 399 1285 σκουσιν
429 1248 442 1260 ⁸
476 1229 741 1300 ἀλλήλους
776 1230 1100 1301 ψευδόμενοι
1130 1230 1258 1295 τοὺς
1296 1230 1497 1303 ὅρκους
1546 1231 1756 1302 ἀνήλω-

149 1338 293 1387 σαν,
318 1321 400 1387 είς
417 1320 478 1375 τὸ
500 1319 747 1391 ὀμνύειν,
769 1321 867 1376 καὶ
889 1322 1071 1393 μόνον,
1094 1322 1187 1376 τὸν
1214 1322 1346 1377 Θεδν
1375 1324 1750 1397 ἐπιστάμενοι.

226 1503 585 1573 Σωκράτης.
610 1535 679 1545 -
705 1494 807 1557 Δεῖ
826 1503 937 1576 γὰρ
961 1505 1089 1570 τοὺς
1119 1505 1357 1575 ἀγαθοὺς
1381 1507 1603 1580 ἄνδρας,
1631 1507 1754 1579 τρό-

147 1619 266 1657 πον
312 1601 481 1673 ὅρκου
505 1600 824 1673 πιστότερον
850 1600 1144 1670 φαίνεσθαι
1180 1601 1611 1673 παρεχομένους.

228 1788 452 1852 Ὅρκον
496 1784 731 1839 ἐπακτὸν
781 1784 1081 1856 προσδέχου
1133 1784 1223 1840 διὰ
1269 1783 1363 1839 δύο
1398 1783 1702 1855 προφάσεις
1734 1800 1750 1816 ·

145 1878 183 1949 ἦ
220 1878 464 1931 σεαυτὸν
501 1876 683 1940 αἰτίας
732 1876 1007 1943 ἀπολύων,
1054 1877 1088 1949 ἢ
1144 1876 1335 1948 φίλους
1389 1878 1453 1931 ὲκ
1502 1876 1755 1949 μεγάλων
1786 1856 1828 1911 Β

144 1969 438 2025 κινδύνων
471 1968 771 2032 διασώζων.

233 2056 476 2110 Ἕνεκεν
510 2057 813 2129 χρημάτων
862 2057 1128 2130 μηδαμῶς
1168 2058 1300 2113 Θεὸν
1342 2060 1547 2132 ὀμόσῃς
1572 2077 1587 2091 ο
1632 2060 1757 2133 μηδ’

143 2146 220 2199 ἂν
239 2145 503 2216 εὐορκεῖν
532 2145 744 2216 μέλλεις
763 2163 779 2178 ·
819 2147 991 2214 δόξεις
1013 2150 1142 2219 γάρ,
1173 2151 1285 2214 τοῖς
1312 2150 1413 2223 μὲν
1450 2152 1753 2225 ἐπιορκεῖν,

143 2240 276 2303 τοῖς
304 2238 365 2293 δὲ
399 2238 825 2313 φιλοχρημάτως
850 2240 1017 2312 ἔχειν.

818 2354 1118 2425 Ἄμφιδος.

298 2446 506 2535 ὀρ-τις
518 2447 635 2571 ἶὰρ
666 2448 949 2531 Meam
963 2452 1159 2521 μηδὲν
1191 2454 1472 2519 πείθεται,

298 2517 490 2571 Αυτὸι·
550 2534 817 2571 πιοοκειν
848 2520 1063 2571 ὀαδίωρ
1098 2523 1434 2571 ἐπίστηται.

298 2517 490 2584 Αὐτὸς
518 2517 817 2588 ἐπιορκεῖν
841 2517 1063 2589 ρᾳδῖωξ
1098 2523 1434 2579 ἐπίσταται.

229 2606 306 2660 Οἱ
340 2605 529 2661 πολλοὶ
558 2610 671 2673 τοῖς
704 2608 1015 2682 ἀνθρώποις
1044 2614 1104 2668 τὸ
1140 2615 1402 2688 εύόρκους
1445 2610 1584 2669 εἶναι
1616 2633 1735 2687 παρ

151 2697 419 2753 αινοῦσιν
457 2714 471 2730 ·
532 2700 643 2769 ἐγὼ
674 2702 731 2756 δὲ
764 2704 861 2758 καὶ
888 2705 989 2777 τὴν
1017 2707 1193 2781 ἀρχὴν
1232 2708 1354 2781 μηδ’
1378 2708 1624 2773 εὐπετῶς
1652 2710 1757 2781 ὀμ-

152 2792 321 2845 νῦναι
358 2792 507 2845 ὅσιον
531 2793 926 2868 ἀποφαίνομαι.

149 2885 483 2940 Εὑσεϐίου.
518 2917 588 2928 -
618 2886 835 2960 Τρόπου
867 2892 1297 2965 καλοκαγαθίαν,
1334 2896 1498 2969 ὅρκου
1532 2897 1631 2953 δεῖ.
1660 2898 1751 2952 Πια

158 2975 437 3047 στοτέραν
460 2976 625 3048 ἔχειν.

733 3116 951 3171 ΛΟΓΟΣ
990 3118 1091 3174 AA'
1120 3119 1186 3173 ⁸⁷.

688 3208 826 3277 Περὶ
859 3209 1228 3278 κενοδοξίαςο

248 3296 435 3350 Ἰωαν.
463 3294 521 3365 ι’.
547 3327 622 3340 -
645 3298 814 3364 Δόξαν
874 3301 1007 3371 παρ’
1060 3301 1307 3375 ἀλλήλων
1354 3304 1752 3377 λαμϐάνοντες,

157 3385 266 3457 τὴν
292 3385 458 3453 δόξαν
484 3388 585 3459 τὴν
615 3391 766 3463 παρά
791 3392 957 3463 μόνου
982 3393 1119 3449 Θεοῦ
1151 3399 1212 3450 ού
1247 3398 1479 3468 ζητεῖτε.

235 3567 394 3619 Pal.
439 3571 503 3619 ε’.
547 3568 730 3639 -Μὴ
792 3570 1082 3641 γενώμεθα
1141 3575 1433 3642 κενόδοξοι,
1491 3576 1753 3648 ἀλλήλους

158 3656 633 3730 προκαλούμενοι,
655 3660 918 3733 ἀλλήλους
940 3662 985 3695 ⁸⁸
1014 3662 1361 3733 φθονοῦντες.

232 3855 483 3923 Παροιμ.
518 3852 617 3919 ιβ’.
650 3885 721 3897 -
745 3857 1036 3928 Κρείσσων
1075 3861 1216 3934 ἀνὴρ
1271 3863 1329 3916 ὲν
1379 3863 1572 3934 ἀτιμίᾳ
1623 3864 1747 3919 δου-

156 3944 338 3999 λεύων
388 3946 587 4018 ἑαυτῷ,
626 3948 660 4019 ἢ
696 3951 724 4003 ὁ
756 3950 921 4023 τιμὴν
954 3952 1135 4025 ἑαυτῷ
1165 3956 1413 4025 περιθεὶς
1443 3957 1538 4012 καὶ
1572 3974 1745 4030 προσ-

155 4037 419 4107 δεόμενος
438 4038 624 4111 ἄρτου.

233 4131 422 4199 Σιρὰχ
458 4138 529 4184 α’.
576 4162 644 4172 -
674 4134 767 4205 Μὴ
803 4134 1002 4205 ὲξύψου
1035 4140 1283 4206 σεαυτὸν,
1312 4141 1400 4197 ῐνα
1429 4144 1504 4214 μὴ
1552 4145 1746 4217 πέσῃς,

158 4220 259 4275 καὶ
288 4221 505 4296 ἐπάγῃς
528 4226 597 4295 τῇ
631 4223 778 4296 ψυχῇ
815 4244 909 4281 σου
932 4229 1182 4301 ἀτιμίαν.

232 4312 422 4379 Σιρὰχ
476 4318 529 4369 ι’.
564 4342 633 4353 -
667 4315 890 4387 Μισητὴ
949 4318 1192 4375 ἐναντίον
1251 4324 1458 4395 Κυρίου
1508 4328 1602 4381 καὶ
1654 4328 1748 4383 ἀνε-

161 4404 190 4456 θ
200 4403 403 4474 ρώπων
428 4405 465 4476 ἡ
493 4406 769 4475 κενοδοξία
795 4410 861 4465 ⁸⁵.

238 4495 528 4562 Κενόδοξοί
552 4500 690 4554 εἰσιν
743 4502 793 4555 οί
843 4502 1222 4571 πλουτίζοντες
1273 4508 1525 4575 ἑαυτοὺς,
1580 4512 1748 4583 μηδὲν

159 4585 403 4657 ἔχοντες.

196 4708 199 4713 ‹
232 4678 454 4731 Burni.
489 4708 561 4718 —
590 4680 880 4749 Κενόδοξός
910 4686 1079 4753 ἐστιν,
1103 4688 1133 4740 ὀ
1166 4688 1329 4762 ψιλῆς
1363 4690 1547 4747 ἕνεκεν
1566 4695 1666 4765 τῆς
1693 4696 1751 4749 ὲν

162 4766 360 4839 κόσμῳ
398 4768 558 4841 δόξης
595 4773 765 4827 ποιῶν
784 4792 838 4827 τι
863 4776 897 4847 ἢ
920 4777 1118 4847 λέγων,

230 4943 324 5015 Τῷ
353 4944 470 4999 δντι
506 4946 921 5021 θεραπευόμενα
949 4952 1018 5005 τὰ
1043 4954 1372 5026 ὑπερήφανα
1432 4955 1561 5028 ἢθη,
1616 4956 1749 5011 εαυ-

157 5036 270 5091 τῶν
299 5040 793 5115 ύπεροπτικὼτερα
818 5046 1030 5116 πέφυκε
1053 5048 1320 5115 γίνεσθαι.

243 5132 482 5203 Ὁμοίως
504 5136 613 5207 γάρ
642 5138 760 5190 ἐστι
781 5139 1014 5209 χαλεπὸν
1047 5142 1101 5195 ἐν
1130 5161 1189 5197 τε
1209 5144 1519 5211 δυσκολίαις
1571 5164 1750 5218 τοιγ-

166 5223 361 5293 μάτων
394 5225 766 5282 ἀταπείνωτον
790 5230 889 5302 τὴν
920 5232 1099 5305 ψυχὴν
1134 5236 1530 5305 διασώσασθαι,
1570 5240 1665 5295 καὶ
1689 5242 1748 5293 ὲν

158 5317 283 5379 ταῖς
310 5316 749 5387 ύπερηςρανείαις
786 5322 863 5393 μὴ
898 5324 1227 5397 ἐπαρθῆναι.

231 5494 408 5548 Θεολ.
443 5495 698 5563 -Μὲγα
714 5478 828 5564 τοῖς
846 5498 1157 5570 ἀνθρώποις
1199 5505 1237 5576 ἡ
1281 5506 1555 5574 κενοδοξία
1605 5507 1744 5581 πρὸς

156 5585 362 5659 ἀρετὴν
394 5587 676 5658 ἐμπόδιον.

1857 595 2197 665 quandoque
2221 593 2533 659 erraverit;
2566 601 2642 657 at,
2670 593 2766 664 qui
2794 608 2905 648 non
2923 592 3094 663 jurat,
3124 607 3286 649 omne
3314 610 3444 667 per-

1853 687 1986 760 jurii
2024 688 2331 758 periculum
2378 686 2597 757 effugit.

1929 781 2038 835 Lex
2067 781 2175 835 ait:
2211 780 2327 835 Non
2359 780 2657 852 perjurabis
2692 777 2878 851 (Leuit.
2914 792 2988 840 Ix,
3024 776 3134 847 12)
3175 794 3191 843 ;
3240 787 3297 831 tu
3346 794 3445 832 au-

1856 880 1968 928 tem
2027 890 2041 927 :
2086 872 2277 942 Neque
2346 872 2573 927 omnino
2626 871 2835 941 jurato,
2886 868 3157 939 quidquid
3210 868 3444 922 minoris

1854 962 2147 1033 majorisve
2188 962 2485 1033 juramenti
2513 962 2823 1032 est(Matth.
2851 978 2905 1023 ν,
2937 961 3049 1031 55);
3105 962 3251 1031 quod
3279 961 3444 1014 nimi-

1855 1069 1977 1110 rum
2003 1056 2382 1125 juramentum
2404 1054 2635 1125 perjurii
2662 1069 2862 1123 parens
2900 1069 2963 1107 ac
2988 1063 3181 1106 auctor
3202 1050 3438 1106 exsistit.

1925 1143 2193 1216 Chrysost.
2218 1171 2284 1184 ——
2312 1144 2698 1216 Sycophantae,
2721 1143 3007 1197 mendacia
3036 1143 3285 1197 vendunt
3307 1161 3322 1210 ;
3348 1143 3442 1198 alii

1852 1238 1992 1294 alios
2050 1238 2323 1302 fallentes,
2381 1238 2694 1308 juramenta
2766 1237 3103 1300 insumunt;
3175 1251 3285 1289 uno
3337 1235 3443 1290 hoc

1852 1329 2027 1385 Deum
2056 1330 2317 1393 scientes,
2349 1327 2497 1399 quod
2530 1328 2677 1382 inter
2691 1328 3004 1400 juramcnta
3031 1326 3151 1397 ejus
3174 1327 3438 1381 memine-

1855 1429 2005 1477 runt.

1924 1511 2189 1567 Socrates.
2238 1539 2304 1553 --
2344 1509 2526 1565 Bonos
2568 1509 2721 1564 viros
2778 1508 2956 1574 decet,
3012 1524 3135 1563 eam
3176 1507 3440 1563 exhibere

1855 1616 2071 1655 morum
2146 1599 2511 1670 probitatem,
2571 1614 2695 1670 qua:
2736 1597 3099 1670 jurejurando
3157 1596 3223 1651 ad
3276 1595 3441 1651 ﬁdem

1856 1695 2069 1750 ﬁrmior
2089 1693 2370 1751 videatur.
3060 1757 3067 1765 .

1925 1788 2325 1859 Jusjurandum
2374 1786 2622 1843 oblatum
2665 1786 2872 1857 duplici
2922 1802 2988 1841 ex
3039 1801 3201 1840 causa
3260 1787 3439 1840 susci-

1855 1884 2006 1956 pito;
2048 1892 2109 1939 ut
2141 1900 2338 1954 nempe
2393 1892 2445 1939 te
2504 1883 2619 1954 ipse
2671 1898 2703 1938 a
2746 1882 2978 1937 crimine
3023 1882 3297 1947 absolvas,
3347 1891 3442 1936 aut

1857 1979 2064 2034 amicos
2090 1994 2119 2032 a
2150 1977 2362 2048 magnis
2397 1977 2655 2046 periculis
2687 1976 2913 2031 liberes.

1926 2072 2292 2127 Pecuniarum
2346 2087 2511 2125 causa
2550 2086 2621 2125 ne
2674 2071 2847 2125 Deum
2891 2069 3189 2141 juraveris,
3236 2084 3340 2124 nec
3394 2068 3439 2123 si

1859 2179 2053 2219 verum
2113 2164 2409 2235 juraturus
2452 2162 2565 2229 sis;
2616 2162 2741 2216 aliis
2787 2162 2934 2216 enim
2984 2162 3261 2233 perjurus,
3318 2160 3443 2214 aliis

1858 2253 2107 2309 avaritiae
2138 2252 2332 2307 morbo
2367 2252 2619 2307 laborare
2646 2250 2947 2306 videberis.

2498 2364 2792 2434 Amphidis.

2034 2457 2136 2523 Qui
2166 2457 2298 2511 nihil
2333 2456 2459 2525 ﬁdei
2499 2457 2706 2524 iuranti
2743 2456 2948 2521 tribuit,

2032 2528 2152 2599 Ipse
2177 2529 2415 2599 pejerare
2454 2527 2608 2597 facile
2650 2530 2813 2583 novit.

1928 2621 2185 2691 Plerique
2258 2619 2513 2674 homines
2580 2619 2876 2674 hortantur
2952 2618 3299 2688 suadentque
3380 2626 3441 2671 ut

1858 2729 2052 2768 verum
2086 2714 2307 2784 jurent;
2353 2728 2456 2782 ego
2486 2728 2619 2766 vero
2646 2728 2714 2767 ne
2752 2713 2991 2783 primum
3024 2712 3251 2782 quidem
3278 2710 3441 2766 facile

1853 2804 2065 2876 jurare,
2100 2812 2353 2858 sanctum
2379 2802 2812 2873 religiosumque
2848 2802 3077 2857 alllrmo.

1927 2893 2166 2948 Eusebii.
2204 2923 2271 2932 —
2305 2892 2516 2946 Merum
2547 2891 2881 2961 probitatem
2932 2900 2989 2945 et
3039 2890 3439 2954 innocentiam,

1859 2984 2063 3041 habere
2090 2983 2249 3040 decet
2281 2980 2644 3055 jurisjurandi
2694 2982 2962 3053 religione
3005 2981 3331 3038 ﬁrmiorem.

2357 3119 2624 3175 SEBMO
2683 3119 2958 3174 XXXIV.

2412 3212 2495 3266 De
2521 3214 2672 3267 inani
2696 3212 2889 3284 gloria.
3138 3276 3149 3286 ο

1923 3307 2085 3362 loan.
2117 3322 2172 3372 ν,
2204 3306 2297 3360 44.
2325 3334 2393 3344 --
2414 3302 2521 3369 Qui
2570 3304 2805 3374 gloriam
2835 3304 2903 3358 ab
2946 3302 3180 3357 invicem
3230 3302 3440 3372 accipi-

1857 3398 1960 3464 tis,
1996 3407 2054 3452 et
2082 3396 2337 3469 gloriam,
2392 3410 2514 3465 qua:
2565 3410 2597 3449 ιι
2657 3395 2776 3451 solo
2815 3396 2928 3450 Deo
2965 3404 3071 3454 est.
3135 3410 3245 3449 non
3292 3410 3441 3464 qua:-

1857 3492 2003 3547 ritis.
2098 3510 2103 3517 '

1925 3584 2091 3657 623
2146 3583 2328 3639 Gatat.
2365 3597 2420 3646 ν,
2469 3581 2562 3637 25.
2607 3609 2678 3622 —
2729 3581 2850 3637 Non
2890 3580 3205 3637 efﬁciamur
3257 3580 3439 3636 inanis

1853 3678 2046 3750 gloria:
2080 3676 2295 3748 cupidi,
2324 3675 2561 3731 invicem
2592 3682 2984 3746 provocantes,
3029 3675 3263 3730 invicem
3298 3673 3441 3729 invi--

1853 3770 2072 3827 dentes.

1921 3862 2080 3918 Prov.
2109 3879 2205 3928 xu,
2243 3864 2299 3919 9.
2320 3890 2390 3903 —-
2413 3860 2607 3916 Melior
2627 3870 2712 3916 est
2742 3860 2829 3915 vir
2849 3861 2904 3915 in
2939 3860 3155 3915 vilitate
3184 3858 3436 3915 serviens

1851 3952 1982 4021 sibi,
2034 3968 2199 4025 quam
2248 3953 2343 4024 qui
2404 3949 2513 4006 sibi
2563 3950 2833 4006 honorem
2878 3949 3173 4015 adhibens,
3227 3948 3439 4019 indiget

1849 4062 2013 4117 pane.

1919 4136 2085 4192 Eccli.
2120 4154 2158 4200 ι,
2192 4138 2282 4193 58.
2318 4170 2386 4181 -
2419 4139 2497 4194 Ne
2523 4136 2734 4193 exaltes
2762 4133 3025 4203 teipsum,
3057 4147 3127 4187 ne
3156 4130 3344 4195 cadas,
3384 4138 3442 4185 et

1850 4230 2083 4285 inducas
2110 4230 2307 4285 animae
2337 4238 2446 4285 tuae
2482 4227 2986 4284 inhonorationem.
3168 4236 3171 4239 ‘

1920 4322 2086 4377 Ectli.
2121 4339 2175 4387 ι,
2208 4323 2260 4377 7.
2294 4354 2365 4365 -
2387 4321 2625 4378 Odibilis
2672 4334 2857 4375 coram
2887 4317 3124 4373 Domino
3169 4324 3226 4371 et
3250 4314 3436 4371 homi-

1849 4414 2022 4470 nibus
2058 4414 2242 4470 inanis
2280 4414 2473 4485 gloria.

1920 4506 2104 4559 Inanis
2142 4505 2333 4576 gloriae
2370 4506 2509 4560 vitio
2554 4504 2833 4569 laborant,
2862 4503 2958 4573 qui
2990 4517 3049 4557 se
3113 4501 3315 4556 divites
3356 4502 3441 4574 ja-

1856 4603 2029 4661 ctant,
2054 4612 2181 4650 cum
2215 4596 2353 4650 nihil
2387 4597 2650 4650 habeant.

1916 4686 2130 4743 Basilii.
2158 4718 2224 4728 --
2258 4687 2446 4743 Inanis
2493 4690 2679 4759 gloria:
2726 4687 2962 4758 cupidus
3007 4702 3072 4741 ac
3111 4702 3287 4742 vanus
3330 4694 3436 4749 est,

1848 4779 1945 4850 qui
1968 4779 2136 4835 nuda:
2164 4778 2355 4850 gloriae
2388 4780 2576 4835 seculi
2619 4796 2809 4845 causa,
2852 4778 3141 4850 quidpiam
3179 4776 3311 4831 facit
3340 4782 3436 4828 aut

1848 4869 2005 4925 dicit.

1918 4962 2086 5017 Plane
2120 4962 2349 5034 superbi
2394 4978 2580 5019 mores
2622 4962 2896 5032 obsequio
2943 4958 3183 5022 deliniti,
3233 4954 3437 5028 seipsis

1846 5053 2263 5124 arrogantiores
2290 5055 2411 5111 ﬁeri
2434 5070 2800 5112 consuevere.

1915 5146 2152 5204 Perinde
2186 5148 2336 5204 enim
2366 5165 2531 5221 grave
2562 5164 2628 5203 ac
2656 5146 2890 5200 arduum
2916 5151 3023 5208 est,
3074 5152 3190 5197 tum
3240 5157 3425 5197 rerum

1846 5237 2116 5308 angustiis
2180 5239 2360 5310 iisque
2414 5237 2631 5293 atllictis
2684 5250 2796 5290 non
2845 5232 3033 5289 animo
3072 5232 3262 5303 dejici,
3314 5240 3432 5287 tum

1847 5328 1956 5383 illis
1986 5328 2316 5387 ﬂorentibus
2360 5328 2666 5399 mundique
2707 5326 2995 5399 superbia,
3029 5342 3141 5383 non
3178 5341 3248 5381 eo
3277 5325 3436 5380 exal-

1847 5420 1972 5476 tari.

1923 5513 2185 5585 Theologi.
2216 5543 2289 5556 —
2315 5513 2501 5570 Inanis
2523 5513 2694 5585 gloria
2738 5512 2948 5585 grande
2981 5511 3309 5570 mortalibus
3340 5521 3434 5577 pa-

1853 5605 2038 5660 randa:
2068 5605 2291 5661 virtutis
2333 5606 2680 5662 obstaculum
2721 5607 2897 5678 ponit.

1438 5732 1669 5792 VARIIE
1704 5737 2109 5796 LECTIONES.

235 5812 281 5845 "
308 5812 369 5867 In
405 5812 576 5869 Gesn.
613 5813 766 5871 Stob.
807 5817 920 5873 165.
1001 5821 1043 5852 ⁸⁸
1064 5822 1227 5879 Gesn.
1264 5823 1530 5897 ἀλλήλοις.
1609 5830 1651 5861 ⁶⁰
1688 5830 1826 5886 Bibl.
1868 5832 1900 5899 ἠ
1937 5832 2183 5899 ὑπερηφ.
2218 5833 2489 5890 stmcrbia.
