3964 6276
109 270 195 340 θοι
1392 263 1564 326 LOCI
1602 265 2039 327 COMMUNES.

3230 276 3340 341 902

106 381 313 453 χρόνους
367 374 617 447 μακρούς
643 389 655 403 ·
725 372 933 445 ἀρεστὴ
981 373 1090 445 γάρ
1128 374 1188 427 ἐν
1231 374 1481 447 Κυρίῳη
1508 373 1655 446 ψυχὴ

1799 390 1952 446 mgos
1982 391 2157 431 annos
2184 393 2199 443 ;
2228 376 2429 447 placita
2458 378 2606 434 enim
2641 387 2762 436 erat
2788 381 2845 436 in
2873 380 3108 439 Domino
3156 385 3342 442 anima

108 468 273 536 αὑτοῦ,
296 466 387 520 διὰ
410 466 572 521 τοῦτο
596 466 861 520 ἔσπευσεν
894 466 959 519 ἐκ
991 468 1158 536 μέσου
1198 466 1485 539 πονηρίας.

166 645 343 713 Σιρὰχ
380 646 461 697 .1'.
512 672 582 682 —
635 641 919 712 Κρείσσων
950 641 1178 706 θάνατος
1208 641 1351 714 ὑπὲρ
1385 638 1532 712 ζωὴν
1569 656 1663 693 πι-

108 735 301 808 κρὰννῆ
337 732 684 805 ἀρρώστημα
712 732 950 803 ἔμμονον
987 732 1079 803 (ε).

162 826 338 894 Σιρὰχ
367 828 493 892 λη’.
539 820 609 865 '—
645 824 870 890 Τέκνον,
906 824 1001 878 ἐπὶ
1031 825 1212 897 νεκρῷ
1243 826 1524 895 κατάγαγε
1572 824 1666 879 δά-

110 933 255 987 κρυα,
296 917 391 969 καὶ
423 915 652 985 ποίησον
684 915 883 978 πένθος
918 914 1062 969 κατά
1099 917 1196 987 τὴν
1238 916 1393 983 τάξιν
1420 916 1467 947 ’⁸
1501 916 1664 970 αὐτοῦ

111 1010 305 1081 ἡμέραν
337 1008 475 1078 μίαν
502 1007 731 1069 καὶδύο,
762 1007 924 1077 χάριν
950 1007 1224 1079 διαϐολῆς,
1260 1010 1355 1062 καὶ
1384 1010 1668 1081 παρακλή-

114 1106 219 1174 θητι
262 1103 441 1171 λύπης
477 1101 661 1155 ἕνεκα.
717 1100 896 1153 Γνῶθι
932 1101 1043 1172 γὰρ
1075 1101 1157 1154 ὅτι
1190 1101 1291 1155 οὐκ
1323 1100 1471 1154 ἐστιν
1499 1102 1667 1157 ἐπάν-

112 1196 233 1259 οδος,
264 1193 357 1247 καὶ
393 1192 588 1247 τοῦτον
617 1192 723 1262 γάρ
746 1192 846 1246 οὐκ
871 1191 1306 1263 ὠφελήσεις,καὶ
1340 1192 1535 1247 σαυτὸν
1563 1210 1667 1246 κα-

114 1288 310 1352 κώσεις.
346 1287 485 1341 Ἀπὸ
507 1284 615 1356 γάρ
642 1284 821 1356 λύπης
851 1284 1091 1339 ἐκϐαίνει
1119 1284 1371 1349 Θάνατος.

122 1379 511 1434 ’Βασιλείου.
565 1377 871 1446 -Ὥσπερ
924 1376 1031 1446 γάρ
1087 1377 1138 1429 oi
1191 1378 1249 1430 ἐν
1295 1378 1409 1441 τοῖς
1462 1377 1670 1441 πλοίοις

116 1472 470 1536 καθεύδοντες,
508 1470 834 1541 αὐτομάτως
869 1468 975 1522 ὑπὸ
1004 1468 1098 1522 τοῦ
1146 1469 1459 1540 πνεύματος
1502 1470 1669 1539 ἀγον-

115 1583 210 1628 ται,
246 1563 346 1617 κᾶν
386 1562 547 1616 αὐτοὶ
589 1562 662 1632 μὴ
692 1558 1090 1615 αἰσθάνωνται·
1143 1560 1257 1614 ἀλλ’
1288 1563 1315 1615 ὁ
1340 1562 1540 1633 δρόμος
1574 1562 1670 1616 αύ-

1764 467 1914 524 illius
1947 486 1959 522 :
1996 478 2224 539 propter
2276 470 2383 525 hoc
2422 470 2752 549 properavit
2802 470 2872 527 de
2910 471 3095 529 medio
3135 473 3345 546 iniqui-

1765 561 1912 616 tatis.

1836 652 2005 707 Eccli.
2038 668 2166 717 xxx,
2201 652 2290 707 17.
2329 684 2401 697 --
2440 652 2633 708 Melior
2681 663 2768 709 est
2813 670 2966 711 mors
3010 671 3177 726 quam
3231 658 3344 712 vita

1764 758 1970 809 amara,
2001 753 2097 799 aut
2126 743 2392 816 (egritudo
2418 744 2700 800 diuturna.

1836 836 2006 891 Eccii.
2039 852 2267 902 xxxvm,
2304 838 2391 893 i6.
2428 863 2499 877 -ι
2522 836 2646 902 Fili,
2678 853 2845 908 super
2864 846 3147 894 mortuum
3166 839 3347 894 deduc

1770 930 2079 1001 lacrymas;
2115 939 2172 1003 et
2210 929 2298 983 fac
2324 928 2534 984 luctum
2564 930 2866 985 secundum
2904 931 3164 985 meritum
3201 932 3345 1002 ejus,

1768 1038 1942 1078 unum
1972 1022 2119 1077 diem
2145 1022 2394 1076 autduos
2430 1031 2656 1091 propter
2675 1022 3102 1088 detractionem;
3127 1031 3182 1077 et
3210 1038 3346 1077 cou-

1769 1114 1948 1170 solare
2008 1122 2237 1184 propter
2287 1113 2587 1167 tristitiam.
2650 1112 2805 1167 Scias
2861 1114 3011 1167 enim
3064 1129 3176 1168 non
3222 1128 3347 1170 esse

1770 1204 2165 1261 reversionem.
2197 1204 2387 1274 Neque
2421 1203 2569 1258 enim
2600 1203 2680 1257 illi
2720 1204 2994 1272 proderis,
3033 1213 3090 1259 et
3137 1212 3196 1260 tu
3227 1205 3348 1276 ipse

1770 1297 2167 1363 discruciabis;
2187 1312 2259 1351 ex
2292 1296 2517 1350 tristitia
2547 1295 2694 1349 enim
2724 1311 2871 1349 mors
2891 1296 3098 1351 evenit.

1840 1388 2049 1443 Basilii.
2081 1418 2150 1430 -—
2193 1387 2671 1457 Quemadmodum
2716 1387 2811 1457 qui
2844 1388 2900 1442 in
2935 1387 3168 1458 navigiis
3213 1387 3349 1443 dor-

1771 1481 1972 1544 miunt,
1996 1480 2141 1534 ultro
2170 1495 2201 1534 a
2250 1478 2433 1534 ventis
2485 1486 2751 1549 aguntur;
2798 1494 2863 1534 ac
2906 1479 3037 1534 licet
3082 1480 3186 1549 ipsi
3235 1495 3347 1535 non

1771 1569 2033 1635 sentiant,
2083 1585 2279 1625 cursus
2323 1578 2508 1625 tamen
2550 1568 2618 1623 ad
2672 1568 2835 1623 ﬁnem
2894 1576 3053 1639 urget
3105 1570 3347 1640 suscepti

117 1656 224 1719 τοὺς
253 1655 385 1726 πρὸς
430 1654 494 1708 τὸ
540 1653 695 1717 τέλος
742 1653 986 1720 ἐπείγει·
1049 1652 1193 1707 οὕτω
1247 1655 1342 1708 καὶ
1382 1654 1541 1724 ὑμεῖς
1572 1656 1669 1710 τοῦ

1799 1662 1990 1716 tineris
2025 1679 2039 1715 :
2082 1662 2164 1717 sic
2209 1672 2266 1717 et
2303 1676 2425 1726 nos,
2460 1661 2590 1716 vita:
2634 1671 2837 1716 nostra:
2886 1669 3135 1731 tempore
3164 1662 3349 1732 pere!-

117 1724 415 1821 xpdvou‘zﬁ;
469 1749 618 1820 ζωῆς
667 1749 826 1820 ἡμῶν
878 1748 1302 1821 παραρρέοντος,
1348 1750 1511 1803 οἱονεί
1564 1768 1671 1804 τινι

1799 1753 2007 1817 luente,
2052 1753 2206 1807 velut
2237 1753 2352 1824 jugi
2375 1724 2614 1823 quodam
2640 1767 2704 1806 ac
2734 1724 3017 1807 indefesso
3046 1724 3221 1819 motu,
3278 1752 3350 1808 ad

118 1842 305 1913 κινήσει
334 1842 573 1911 συνεχεῖ,
614 1842 710 1893 καὶ
742 1839 1027 1910 ἀπαύστῳ,
1066 1840 1202 1912 πρὸς
1227 1840 1287 1894 τὸ
1311 1843 1508 1895 οἰκεῖον
1540 1841 1674 1897 ἐκα-

122 1952 224 1997 cto;
253 1934 423 2004 πέρας
454 1933 538 2004 τῷ
587 1933 902 1988 λανθάνοντι
957 1932 1144 2003 δρόμῳ
1185 1932 1286 2003 τῆς
1331 1931 1479 2003 ζωῆς
1516 1934 1674 2005 ἡμῶν

123 2031 563 2100 κατεπειγόμεθα.

188 2124 240 2176 '0
274 2124 454 2194 μὲνέν
484 2122 566 2195 τῷ
618 2122 718 2195 βίῳ
770 2122 1073 2193 τυγχάνων,
1125 2122 1281 2177 οὔπω
1335 2123 1675 2195 μακαριστὸς

123 2214 196 2268 διὰ
222 2215 278 2268 τὸ
322 2214 520 2285 ἄδηλον
574 2214 672 2285 τῆς
726 2213 1034 2279 ἐκϐάσεως·
1082 2216 1111 2268 ὁ
1160 2215 1215 2268 δέ
1267 2215 1675 2288 συμπληρώσας

125 2306 180 2358 τὰ
208 2306 584 2370 ἐπιϐάλλοντα,
633 2305 728 2359 καὶ
782 2306 1161 2377 ἀναντιρρήτῳ
1196 2305 1341 2359 τέλει
1386 2305 1486 2375 τὴν
1530 2298 1675 2375 ζωὴν

124 2397 482 2463 κατακλείσας,
521 2390 677 2460 οὗτος
706 2396 808 2467 ἠδη
839 2396 1098 2465 ἀσφαλῶς
1131 2394 1520 2468 μακαρίζεται.

182 2488 353 2553 Οὐδεὶς
389 2489 532 2559 μετὰ
579 2489 639 2542 τὺ
684 2488 914 2558 λυθῆναι
942 2487 1038 2559 τὴν
1074 2488 1383 2559 πανήγυριν
1411 2503 1675 2559 πραγμα-

126 2580 335 2647 τεύεται,
374 2581 498 2633 ούδέ
557 2580 699 2651 μετά
730 2580 855 2643 τοὺς
900 2578 1120 2646 ἀγῶνας
1164 2578 1447 2649 παρελθὼν
1480 2594 1679 2647 στεφα-

129 2669 315 2723 νοῦνται
331 2686 345 2699 ·
376 2668 502 2724 ούδέ
539 2668 680 2741 μετά
702 2669 827 2731 τοὺς
850 2667 1123 2739 πολέμους
1148 2665 1498 2737 ἀνδραγαθει

730 2807 1047 2877 Θεολόγου.

133 2899 288 2953 Παντὶ
323 2898 529 2969 βροτῷ
554 2899 881 2969 θνήσκογτι
910 2897 1080 2955 πᾶσα
1116 2896 1192 2968 γῆ
1220 2897 1428 2969 τάφος.

134 2970 241 3024 Πᾶν
264 2966 376 3041 γὰρ’
400 2973 467 3024 τὸ
497 2971 571 3025 ἐκ
600 2970 712 3041 γῆς
741 2968 817 3040 τῆ
848 2986 912 3025 τε
950 2970 1050 3023 καί
1085 2966 1323 3039 είςντῆὑ·
1358 2966 1570 3023 πάλιν.

191 3124 468 3189 Χρυσόστ.
506 3153 580 3163 -
628 3123 691 3177 Εἰ
743 3123 898 3176 πόλιν
933 3123 997 3176 ἐκ
1031 3123 1240 3188 πόλεως
1298 3121 1676 3195 ἀμειϐοὖντες,

137 3213 213 3268 τοῦ
238 3214 700 3285 χειραγωγοῦντος
737 3214 1005 3284 δεόμεθα·
1048 3213 1230 3284 πολλῷ
1267 3214 1470 3285 μᾶλλον
1512 3215 1546 3285 ἡ
1585 3214 1681 3285 ψυο

138 3305 213 3375 xi],
251 3306 341 3376 τῆς
386 3306 593 3377 σαρκὸς
637 3307 919 3377 ἀπάρασα,
956 3306 1051 3359 καὶ
1084 3307 1222 3378 πρὸς
1250 3307 1348 3378 τὴν
1379 3307 1683 3378 μέλλουσαν

143 3395 479 3467 μεθισταμένη
518 3395 685 3467 ζωὴν,
719 3396 829 3450 τῶν
859 3395 1237 3468 ὁδηγησόντων
1262 3398 1538 3470 δεήσεται.

195 3485 438 3557 Καθάπερ
464 3485 631 3556 σῶμα
663 3485 1044 3559 ψυχορραγοῦν
1069 3487 1163 3541 καὶ
1196 3488 1365 3557 ἐγγὺς
1395 3487 1469 3541 ῶν
1498 3487 1683 3541 τελευ-

140 3579 241 3648 τῆς,
271 3580 459 3650 μυρίας
511 3580 809 3633 ἐπισπᾶται
858 3579 1135 3644 κακώσεις
1160 3597 1175 3612 ⁸
1224 3582 1319 3635 καὶ
1343 3581 1521 3646 οίκίας
1555 3581 1685 3652 μελ-

142 3667 310 3740 λούσης
334 3671 724 3737 καταπίπτειν,
754 3672 927 3727 πολλὰ
965 3672 1297 3744 προπίπτειν
1344 3672 1556 3739 εἴωθεν,
1590 3674 1685 3726 καὶ

143 3759 233 3814 ἀπὺ
274 3762 365 3834 τῆς
408 3762 639 3835 ὀροφῆς,
692 3763 790 3818 καὶ
822 3764 930 3819 ἀπὸ
963 3764 1071 3817 τῶν
1103 3765 1331 3836 τοίχων·
1393 3764 1535 3818 οὕτω
1591 3765 1687 3819 καὶ

144 3851 225 3920 τῆς
251 3856 567 3927 οἰκουμένης
621 3857 788 3925 ἐγγὺς
820 3855 916 3909 καὶ¹
944 3855 1002 3908 ἐν
1033 3855 1228 3927 θύραις
1250 3856 1399 3923 ἐστὶν
1426 3858 1461 3928 ἡ
1497 3855 1685 3909 συντέ-

146 3942 262 4010 λεια,
290 3947 378 4001 καὶ
405 3948 498 4003 διὰ
537 3947 693 4001 τοῦτο
720 3946 788 4001 τά
824 3947 996 4019 μυρία
1042 3946 1364 4019 διέσπαρται
1406 3947 1685 4018 πανταχοῦ

147 4032 285 4087 κακά.

212 4122 473 4192 Ἀριστοτ.
514 4157 583 4167 -
622 4128 720 4181 Ἐκ
766 4126 859 4180 τοῦ
912 4126 1028 4198 βίου
1059 4128 1350 4199 κράτιστόν
1388 4130 1533 4184 ἐστιν
1585 4131 1688 4184 ὑπ-

148 4208 349 4273 εξελθεῖν
394 4215 468 4281 ὠς
524 4216 589 4269 ἐκ
641 4216 970 4287 συμποσίου,
1028 4218 1167 4288 μήτε
1231 4218 1491 4288 διψῶντα,
1546 4222 1685 4293 μήτε

152 4301 405 4369 μεθύοντα.

1774 1844 2060 1914 pr0prium
2089 1844 2324 1916 quisque
2350 1844 2536 1912 ﬁnem,
2561 1845 2778 1901 occulto
2798 1845 2925 1900 vitae
2954 1852 3160 1901 nostra:
3180 1860 3351 1902 cursu

1774 1934 2116 1992 festinamus.

1844 2111 1949 2179 Qui
1972 2112 2153 2167 adhuc
2183 2112 2340 2178 vivit,
2370 2121 2604 2168 eventus
2626 2114 2860 2177 incerto,
2886 2113 3123 2169 necdum
3151 2113 3350 2171 beatus

1773 2204 2160 2275 pradicandus
2178 2213 2291 2260 est:
2326 2204 2420 2274 qui
2449 2220 2581 2259 vero
2622 2205 2867 2276 implevit
2903 2223 3025 2276 quas
3048 2222 3177 2261 eum
3221 2222 3356 2264 oon-

1776 2298 2063 2370 tingebant
2086 2308 2249 2369 atque
2273 2297 2598 2369 perfunctus
2632 2298 2800 2353 vitam
2824 2298 3053 2354 indubio
3083 2298 3193 2355 ﬁne
3215 2314 3353 2355 oon-

1775 2391 1965 2456 clusit,
1992 2390 2085 2447 hic
2104 2392 2219 2461 jam
2249 2397 2367 2445 tuto
2398 2390 2594 2445 beatus
2634 2390 2743 2445 dici
2777 2398 2964 2460 queat.

1844 2483 2019 2540 Nemo
2086 2483 2285 2538 solutis
2346 2482 2457 2553 jam
2519 2482 2786 2538 nundinis
2838 2482 3199 2553 negotiatur;
3259 2491 3356 2538 aut

1778 2580 1905 2643 post
1930 2574 2234 2629 certamina
2255 2572 2488 2629 veniens
2526 2583 2853 2640 coronatur;
2899 2573 2986 2628 vel
3018 2580 3142 2645 post
3169 2572 3355 2642 praelia

1780 2662 1948 2718 fortia
1986 2662 2130 2719 facta
2162 2663 2436 2734 designat.

2431 2798 2696 2870 Theologi.

1778 2888 1954 2960 Cuivis
1984 2890 2228 2943 morienti
2256 2890 2450 2960 quaevis
2484 2898 2628 2941 terra
2663 2888 2965 2959 sepulcrum
2990 2899 3086 2945 est.

1780 2958 2050 3032 Quidquid
2076 2962 2216 3014 enim
2243 2958 2306 3014 ex
2332 2968 2476 3015 terra
2504 2966 2664 3025 est,et
2689 2958 2765 3012 cat
2795 2968 2979 3102 terra,[
2996 2968 3045 3013 et
3070 2962 3125 3014 in
3159 2968 3359 3043 terram

2112 3046 2119 3049 ‘
2985 3040 3289 3087 reuertitur.

1850 3123 2118 3195 Chrysost.
2145 3153 2217 3163 —
2237 3121 2317 3187 Si,
2353 3121 2448 3193 qui
2472 3137 2537 3177 ex
2570 3134 2680 3177 una
2707 3123 2763 3177 in
2790 3123 2951 3178 aliam
2985 3124 3177 3179 urbem
3211 3138 3363 3179 com-

1781 3218 2044 3289 migrant,
2085 3218 2315 3273 ductore
2366 3216 2646 3288 indigent;
2708 3217 2913 3287 potiori
2952 3218 3112 3289 longe
3145 3218 3363 3273 ratione

1782 3312 1967 3368 anima
1991 3310 2211 3365 solvens
2241 3325 2273 3363 a
2294 3324 2552 3379 corpore,
2590 3318 2755 3379 atque
2794 3308 2863 3363 ad
2889 3309 3135 3365 futuram
3177 3317 3364 3365 trans-

1785 3399 2032 3471 migrans
2054 3398 2249 3462 vitam,
2278 3398 2380 3452 viae
2409 3396 2650 3452 ducibus
2676 3396 2967 3469 indigebit.

1852 3492 1925 3547 Ut
1980 3488 2124 3559 quod
2185 3487 2423 3543 animam
2470 3489 2603 3558 agit,
2651 3488 2876 3558 jamque
2942 3487 3108 3543 morti
3158 3503 3365 3558 corpus

1782 3574 2027 3630 vicinum
2058 3579 2162 3637 est,
2196 3571 2514 3625 innumeras
2542 3570 2901 3642 aegritudines
2938 3586 3002 3625 ac
3025 3586 3197 3625 noxas
3230 3586 3363 3625 con-

1784 3666 1988 3731 trahit;
2034 3664 2311 3733 domoque
2360 3662 2577 3716 ruinam
2644 3663 2929 3730 minante,
2984 3661 3156 3717 multa
3206 3661 3365 3732 prius

1785 3758 1969 3814 delabi
2008 3757 2207 3822 solent,
2240 3764 2355 3809 tum
2385 3768 2416 3809 e
2456 3763 2622 3819 tecto,
2656 3763 2775 3809 tum
2813 3770 2845 3809 e
2886 3754 3229 3825 parietibus;
3282 3752 3366 3809 sic

1784 3855 1841 3902 et
1860 3844 2192 3917 propinqua,
2220 3844 2444 3915 jamque
2481 3842 2537 3897 in
2565 3842 2752 3914 januis
2787 3841 2979 3897 mundi
3008 3855 3364 3898 consumma-

1786 3939 1960 4005 tione,
1989 3938 2281 3992 innumera
2315 3935 2522 4005 ubique
2550 3950 2741 4005 sparsa
2772 3934 2915 3989 mala
2935 3934 3223 4006 ingruunt.

1859 4114 2132 4177 Aristotel.
2162 4115 2539 4188 —-0ptimum
2584 4123 2670 4169 est
2723 4114 2804 4169 sic
2846 4113 2957 4169 vita
2986 4112 3152 4169 'exire
3200 4126 3265 4169 ac
3299 4127 3367 4167 ex

1790 4211 2073 4278 convivio,
2131 4218 2193 4264 ut
2255 4224 2438 4280 neque
2494 4207 2825 4264 siticulosus
2872 4221 2978 4263 nec
3030 4205 3370 4261 temulentus

1790 4303 2041 4358 exsistas.

216 4392 268 4449 '0
286 4397 340 4450 ἐν
363 4397 507 4471 νόσῳ
530 4397 797 4470 διαθήκας
813 4400 1061 4472 γράφων,
1087 4401 1445 4473 παραπλήσια
1464 4404 1676 4476 πάσχει1

1862 4391 1968 4459 Qui
2023 4391 2134 4462 jam
2185 4403 2330 4459 aeger
2386 4387 2703 4444 testamenti
2766 4385 3071 4442 conscribit
3128 4384 3371 4451 tabulas,

147 4485 240 4551 τοῖς
270 4491 491 4561 χειμῶνι
540 4491 814 4565 θαλαττίῳ
850 4494 1197 4565 εὐτρεπίζειν
1247 4497 1570 4568 ἀρχομένοις
1616 4500 1676 4552 τά

1799 4484 1941 4540 haud
1964 4482 2237 4539 absimilis
2268 4481 2349 4536 illi
2387 4490 2491 4546 est,
2525 4482 2621 4551 qui
2650 4489 2771 4537 orta
2803 4481 2914 4552 jam
2942 4486 3271 4549 tempestate
3306 4493 3373 4535 ac

149 4576 229 4646 τῆς
262 4581 378 4653 νηὸς
406 4584 570 4640 ὅπλα.

185 4759 444 4899 ἰΣι.›κ,ι)ἀτ.
470 4794 540 4804 --
579 4761 747 4836 Αίροῦ
779 4763 959 4831 καλῶς
983 4764 1237 4822 τεθνάναι
1262 4764 1488 4836 μᾶλλον,
1519 4765 1552 4838 ἢ
1586 4764 1687 4838 ζῇν

204 4850 380 4899 nunc-
968 4866 971 4871 ‘
1271 4874 1274 4877 ‘

154 4850 380 4921 αἰσχρῶς·
968 4866 971 4871 λ
1271 4874 1274 4877 λ

1793 4578 2055 4633 saeviente
2090 4574 2355 4645 procella,
2392 4573 2555 4644 627
2586 4573 2742 4628 navis
2782 4588 2934 4627 arma
2985 4570 3180 4641 incipit
3208 4585 3369 4642 appa-

1788 4682 1935 4725 rare.

1872 4759 2130 4817 Socratis.
2154 4786 2225 4797 —
2248 4754 2487 4811 Honeste
2516 4753 2704 4825 potius
2733 4753 2874 4809 mori
2892 4751 3049 4817 velis,
3068 4764 3235 4821 quam
3259 4757 3367 4804 tur-

1795 4854 1943 4926 piter
1972 4849 2184 4907 vivere.

1388 4984 1631 5042 mam;
1673 4970 2082 5045 LECTIONES.

1616 5130 1855 5188 NOTAE.

210 5053 251 5084 "
274 5056 354 5113 άλ.
380 5057 553 5126 ἀξίαν.

161 5215 320 5276 dinem
365 5223 561 5282 divinae
610 5225 1004 5291 Providentiae,
1054 5242 1125 5281 ne
1188 5240 1349 5281 secus
1392 5232 1703 5282 mutaretur

1882 5226 1952 5299 (ε)
1986 5224 2435 5299 Ἢλάῤῥῴστ-ημα
2462 5224 2745 5299 ἔμμονον.
2774 5287 2786 5299 .
2806 5214 3014 5299 indicio
3035 5219 3168 5299 sunt
3190 5284 3204 5299 _
3221 5202 3374 5299 Vulg:

158 5298 249 5369 ιπο.
274 5290 497 5369 “91mm
524 5297 904 5369 vertibilitate-
931 5284 1074 5369 Quid
1099 5296 1487 5369 εἰδυσάρεστος
1512 5298 1700 5352 κακῶν
1811 5284 2018 5369 Syriae.
2051 5284 2273 5351 Arabic.
2305 5284 2637 5369 interpretes
2673 5285 2974 5369 desiderari
3001 5284 3208 5369 aliquid
3230 5284 3377 5369 ειμσιι

162 5358 369 5439 scripsit
377 5381 527 5439 sacer
544 5368 820 5439 scriptor?
849 5358 1084 5439 quadrat
1119 5375 1269 5421 certe
1296 5358 1521 5439 "optime
1579 5368 1701 5439 vul-

162 5434 547 5512 ggatisJGrmcis.
582 5434 769 5512 __Quod
802 5434 1027 5512 taederet
1055 5452 1179 5512 cum
1228 5434 1503 5512 malorum
1552 5438 1700 5512 vitae,

163 5508 243 5578 8‘01!
266 5506 414 5578 etiam
440 5508 645 5571 smeuli,
676 5507 945 5561 ἔσπευσεν
973 5509 1037 5559 ἐκ
1061 5508 1227 5577 μέσου
1281 5509 1567 5578 πονηρίας·
1601 5506 1703 5562 Se-

164 5564 269 5622 dulo
294 5575 482 5648 studuit
536 5578 599 5630 de
626 5564 1142 5648 inedioupravita'tis
1203 5579 1366 5645 exire,
1405 5564 1702 5648 'festiitavit,

526 5648 667 5704 votis
720 5646 971 5711 scilicet,”
1014 5663 1135 5716 quae
1189 5646 1440 5705 Deus‘in
1487 5664 1555 5706 eo
1621 5650 1703 5705 sic

167 5644 399 5699 contendit
438 5663 455 5699 :

168 5662 455 5699 wntcnau.‘
526 5662 667 5704 VOllS
720 5662 954 5711 scmcet,
1014 5663 1135 5716 qua:
1191 5662 1259 5703 ue

168 5716 460 5771 praemature
483 5728 635 5787 rapto
660 5717 908 5788 proclive
941 5718 1259 5787 impleverit.

1809 5355 1880 5424 sit
1913 5368 2057 5422 idem
2080 5382 2143 5420 ac
2166 5380 2316 5419 mors
2351 5355 2676 5434 ipsa.more
2706 5360 2868 5415 solito
2901 5355 3375 5434 $0ripturze,id_em

1801 5439 1927 5493 aliis
1977 5436 2167 5491 verbis
2230 5424 2555 5503 repetendi,
2593 5449 2704 5487 uno
2761 5438 2816 5485 et
2883 5424 3058 5503 altero
3128 5424 3377 5503 membro

1799 5508 2058 5587 ejusdem.
2102 5495 2393 5587 semen-tite
2426 5495 2586 5587 Y‘ulg.
2612 5513 2826 5587 (eterna.
2853 5495 3376 5587 reguieszquasiJle-

1799 5565 1943 5662 βῖἓτξῐ
1968 5576 2196 5657 αἰώνιος,
2240 5565 2673 5662 λῆξις,ξ)ιιτὶιι‹;.Δ
2702 5565 3016 5662 etpArabic.
3065 5565 3375 5662 (iacet-ideae

1797 5637 1853 5703 in
1885 5650 2113 5721 foveam,
2154 5637 2269 5700 sive
2288 5637 2403 5715 ipse
2429 5637 2680 5721 Ῑοῐζεακει
2713 5643 3009 5721 infernus;
3025 5637 3173 5709 quod
3200 5637 3376 5705 ipsum

1800 5711 1943 5775 mori
1981 5726 2145 5787 atque
2178 5711 2328 5773 mors
2360 5711 2464 5781 est,
2494 5716 2794 5785 Scripturze
2830 5711 3035 5782 phrasi.
