3964 6276
595 241 701 306 903

1761 240 1825 299 S.
1862 237 2152 300 MAXIMI
2191 236 2706 304 CONFESSORIS

3736 248 3827 314 θοι

659 348 938 415 ϐιὶιιιηιιε,
958 377 1028 390 -
1057 345 1244 404 Satius
1269 354 1357 404 est
1383 345 1549 415 mori,
1575 360 1742 418 quam
1781 346 2159 403 incontinenti:

2361 352 2745 422 Κλειτάρχου.
2776 386 2844 396 -
2873 354 3140 428 Κρεῖττον
3178 357 3495 426 ἀποθανεῖν,
3520 359 3557 431 ἢ
3586 359 3654 413 δι’
3675 361 3830 432 hapa-

587 443 837 498 animum
865 441 1164 498 oll‘uscare.

658 532 993 587 Maso/tionis.
1035 561 1106 571 —
1147 528 1286 586 Aliis
1344 527 1470 585 aliis
1534 528 1926 600 ingruentibus
1969 529 2178 587 morbis

2282 443 2407 507 σίας
2439 445 2618 516 ψυχὴν
2645 447 3001 519 ἀμαυρῶσαι.

2351 535 2728 603 Μοσχίωνος.
2762 567 2829 577 -
2876 537 3012 601 Ταῖς
3055 539 3237 604 νόσοις
3266 541 3298 594 6
3330 539 3566 606 θάνατος
3599 541 3832 614 ἀλλήλαις

587 642 842 698 peneque
875 626 1182 694 continuis,
1213 639 1320 682 nec
1355 640 1508 683 mors
1554 624 1674 696 ipsa
1721 623 1918 682 adesse
1953 633 2159 680 cuncta

2277 628 2948 699 ἑπικαταλαμϐανούσαις,
2993 631 3103 686 οὐδ’
3134 633 3298 697 αὐτὸς
3332 636 3592 706 παρεῖναι
3623 635 3832 692 ἀναϐάλ-

590 728 705 774 tur.

663 811 749 866 Ea:
768 810 1060 867 Phavorini
1086 811 1320 883 scriptis.
1371 837 1443 852 --
1497 809 1769 866 Aristides
1809 819 2178 883 cognomento

585 902 799 970 Justus,
823 915 1085 978 rogatus,
1126 904 1376 976 quandiu
1418 905 1582 961 liceat
1607 905 1886 962 hominem
1920 906 2054 978 justi
2085 921 2176 961 re-

588 997 774 1068 ctique
796 1005 1046 1054 tenacem
1073 997 1264 1054 vivere
1293 1015 1306 1051 :
1351 996 1573 1064 Quoad,
1601 996 1804 1068 inquit,
1836 998 2177 1055 existimabit

589 1099 854 1161 prestare
890 1090 1051 1155 mori,
1084 1105 1249 1162 quam
1295 1089 1503 1147 vivere.
2051 1157 2062 1166 ο

661 1184 892 1240 Amasis.
927 1214 998 1224 —
1023 1184 1240 1240 Amasis
1263 1182 1645 1256 Egyptiorum
1671 1199 1790 1252 rex,
1820 1184 1890 1241 ad
1934 1183 2172 1252 amicum

589 1276 794 1333 amisso
831 1277 946 1332 lilio
975 1276 1401 1333 consolatoriam
1463 1277 1716 1334 scribens
1769 1294 1784 1331 :
1845 1276 1926 1343 Si,
1971 1276 2172 1347 inquit,

589 1369 977 1424 cumnondum
1007 1377 1156 1425 esset
1182 1385 1292 1425 non
1322 1369 1572 1436 dolebas,
1615 1386 1686 1425 ne
1725 1385 1875 1425 nunc
1923 1369 2170 1440 quidem,

587 1479 714 1518 cum
751 1479 858 1518 non
883 1463 1121 1534 amplius
1149 1462 1374 1518 iuturus
1398 1471 1504 1528 est,
1542 1463 1732 1518 dolere
1769 1462 1956 1518 debes.

657 1556 881 1628 Diogen.
907 1584 979 1596 -—-
1010 1556 1286 1626 Diogenes
1301 1555 1542 1628 Cynicus
1557 1556 1880 1626 deplorante
1908 1556 2170 1629 quodam,

580 1648 728 1719 quod
755 1664 985 1720 peregre
1003 1648 1130 1703 latis
1167 1647 1461 1703 iuncturus
1488 1656 1656 1709 esset,
1677 1648 1755 1704 ait
1786 1666 1800 1703 :
1835 1649 2000 1718 Quid,
2035 1650 2174 1705 stul-

583 1749 636 1794 te
655 1780 670 1804 ,
721 1739 979 1810 deploras
1004 1753 1073 1794 ac
1104 1737 1382 1808 quereris,
1417 1753 1544 1793 cum
1559 1753 1626 1794 ex
1641 1738 1792 1794 omni
1824 1740 1946 1795 loco
1975 1741 2166 1797 eadem

582 1831 650 1886 ad
675 1830 956 1886 infernum
981 1831 1068 1886 via
1084 1830 1202 1886 sit?

657 1923 900 1979 Decebat
923 1923 1172 1993 quidem,
1212 1939 1314 1978 nos
1340 1933 1534 1982 coacto
1560 1934 1729 1992 coetu,
1778 1942 1905 1982 eum
1938 1927 2034 1998 qui
2067 1941 2167 1982 na-

585 2024 676 2070 tus
700 2015 793 2081 sit,
819 2015 1043 2085 quantis
1077 2014 1236 2071 malis
1259 2015 1533 2072 obnoxius
1557 2018 1765 2085 veniat,
1799 2018 1949 2074 luctu
1975 2034 2166 2089 prose-

583 2106 678 2176 qui
705 2123 722 2173 ;
751 2114 949 2161 contra
977 2121 1112 2161 vero
1142 2107 1284 2162 vivis
1309 2107 1593 2163 sublatum
1629 2116 1686 2164 et
1717 2110 1970 2165 laborum
2001 2110 2164 2167 linem

583 2198 866 2269 adeptum,
891 2199 1110 2269 gaudio,
1139 2198 1332 2256 faustis
1361 2200 1621 2258 laudibus
1645 2217 1709 2259 ac
1731 2203 2032 2272 ominibus,
2048 2205 2166 2260 .do-

584 2306 676 2346 mo
700 2291 923 2347 ell'erre.

655 2384 896 2454 Epicuri.
924 2415 995 2425 —
1022 2385 1306 2442 Adversus
1342 2387 1450 2444 alia
1483 2389 1704 2460 quidem
1734 2405 1794 2446 se
1827 2399 2006 2448 tutum
2031 2408 2168 2464 pra:-

579 2487 726 2533 stare
751 2478 881 2534 licet
911 2494 926 2546 ;
953 2479 1022 2534 ad
1050 2489 1282 2536 mortem
1303 2489 1488 2536 autem
1517 2483 1664 2554 quod
1699 2484 1918 2552 attinet,
1973 2502 2167 2544 omnes

581 2571 774 2626 urbem
805 2572 1039 2630 colimus
1068 2575 1223 2630 nullo
1243 2575 1503 2645 praesidio
1528 2578 1817 2635 munitam.

651 2663 902 2720 Musonii.
927 2697 1000 2706 —
1024 2667 1144 2723 Non
1170 2676 1350 2738 potest
1385 2679 1716 2739 prasentem
1749 2673 1897 2730 diem
1931 2674 2164 2732 honeste

580 2755 789 2823 vivere,
825 2758 920 2829 qui
949 2775 1060 2816 non
1084 2759 1439 2832 proposuerit
1461 2776 1590 2817 eum
1606 2778 1667 2820 sc
1715 2772 2028 2822 extremum
2079 2767 2163 2823 vi-

579 2857 821 2905 cturum.

649 2941 910 3013 Palywni.
933 2974 1002 2984 —
1025 2945 1105 3002 Nc
1137 2947 1326 3005 doleas
1351 2964 1519 3020 super
1535 2949 1622 3006 his
1665 2951 1762 3020 qui
1800 2953 2119 3008 moriuntur
2145 2970 2161 3020 ;

2276 714 2448 771 λεται.

2359 808 2456 864 Ἐκ
2492 811 2612 865 τῶν
2639 814 2925 884 Φαϐωρίν.
2952 845 3024 858 --
3065 817 3398 889 Ἀριστείδης
3426 820 3456 872 6
3478 820 3687 884 δίκαιος
3717 823 3837 892 Epu-

2273 903 2481 974 τηθεὶς,
2503 905 2675 960 Πόσον
2705 907 2824 961 ἐστὶ
2851 909 3042 980 χρόνον
3064 911 3354 983 ἄνθρωπον
3381 914 3552 968 καλὸν
3580 915 3698 986 ζῇν,
3724 917 3833 988 ἔφη,

2275 998 2424 1063 Ἕως
2469 998 2537 1054 ἂν
2587 1000 2836 1074 ὑπολάϐῃ
2891 1002 2954 1056 τὸ
3011 1004 3267 1060 τεθνάναι
3309 1007 3407 1062 τοῦ
3458 1010 3562 1082 ζῇν
3608 1014 3834 1082 κρεῖττον

2271 1086 2438 1146 εἶναι.

2348 1185 2628 1254 ξἈμασις.
2653 1217 2724 1228 -
2747 1187 2993 1258 Ἀμασις
3017 1189 3046 1244 ὁ
3073 1191 3185 1246 τῶν
3223 1193 3544 1262 Αἰγυπτίων
3576 1194 3833 1265 βασιλεὺς,

2273 1276 2413 1349 φ’ίλῳ
2443 1278 2776 1334 ἀποϐαλόντι
2808 1281 2945 1348 υἱὸν,
2978 1283 3208 1355 γράφων
3239 1287 3724 1358 παραμυθητικὸν,
3769 1289 3832 1344 εἷ-

2271 1385 2394 1438 πεν,
2424 1369 2490 1426 El
2516 1373 2606 1426 ὅτε
2631 1371 2848 1428 οὐδέπω
2875 1369 2946 1446 ἦν
2972 1377 3073 1430 οὐκ
3100 1375 3325 1444 ἐλύπου,
3351 1379 3488 1450 μηδὲ
3521 1381 3620 1435 νῦν
3649 1384 3728 1436 ὅτι
3749 1384 3833 1436 οὐκ

2271 1463 2352 1519 ἔτι
2392 1464 2550 1520 ἔσται
2584 1465 2855 1539 λυπηθῇς.

2342 1557 2648 1627 Διογένης.
2679 1589 2750 1600 —-
2781 1561 3040 1633 Διογένης
3064 1565 3093 1616 ὁ
3122 1564 3362 1628 Κυνικὸς
3403 1565 3729 1638 ὀδυρομένου
3762 1585 3830 1621 τι·

2273 1649 2362 1714 νδς
2409 1652 2600 1724 ἐπειδὴ
2651 1655 2746 1709 ἐπὶ
2806 1654 2964 1726 ξένης
3010 1655 3213 1727 ἧμελλε
3259 1657 3541 1730 τελευτᾷν,
3601 1658 3737 1724 εἷπε,
3775 1661 3830 1714 τί

2271 1745 2461 1819 ὀδύρῃ,
2509 1739 2556 1802 ὦ
2591 1748 2811 1819 μάταιε,
2856 1750 3198 1821 πανταχόθεν
3226 1750 3337 1824 γάρ
3379 1752 3496 1816 ὁδὸς
3535 1754 3570 1824 ἠ
3605 1754 3736 1826 αὐτὴ
3762 1757 3830 1818 ei;

2366 1855 2419 1892 υ.
3171 1847 3190 1868 ’

2269 1835 2555 2001 REX?“
2577 1929 2676 2003 μὲν
2703 1933 2851 2004 ἡμᾶς
2873 1931 3129 2002 σύλλογον
3150 1934 3531 2004 ποιουμένους,
3555 1936 3651 1990 τὸν
3677 1936 3825 2006 φῦντα

2269 2023 2488 2096 θρηνεῖν
2517 2029 2600 2091 εἰς
2637 2026 2719 2081 ὅσ’
2749 2027 2968 2097 ἔρχεται
2995 2027 3172 2082 κακά·
3202 2028 3294 2081 τὸν
3322 2027 3368 2082 δ⁴
3395 2025 3464 2083 αὖ
3488 2029 3716 2085 θανόντα
3748 2035 3825 2085 καὶ

2268 2120 2448 2174 πόνων
2473 2121 2852 2192 πεπαυμένον,
2875 2122 3190 2195 χαίροντας,
3210 2123 3618 2196 εὐφημοῦντας,
3650 2128 3825 2199 ἐκπέμ-

2268 2224 2396 2265 πειν
2420 2210 2627 2283 δόμων.

2350 2391 2646 2461 Ἐπικούρ.
2704 2421 2775 2433 -
2829 2393 2971 2466 Πρὸς
3002 2393 3104 2465 μὲν
3134 2395 3185 2448 τ’
3209 2392 3344 2451 ἄλλα
3391 2395 3618 2453 δυνατὸν
3669 2402 3822 2472 ἀσφά-

2268 2481 2426 2536 λειαν
2455 2484 2787 2555 πορίσασθαι
2807 2502 2820 2517 ⁸
2860 2487 3020 2558 χάριν
3051 2487 3108 2541 δὲ
3137 2487 3374 2543 θανάτου
3402 2490 3607 2557 πάντες
3629 2494 3818 2568 ἄνθρω-

2267 2592 2359 2631 ποι
2387 2579 2542 2633 πόλιν
2571 2580 2878 2652 ἀτείχιστον
2911 2582 3191 2656 οἰκοῦμεν.

2335 2673 2718 2729 Μουσωνίου.
2742 2705 2814 2716 -
2841 2674 2958 2732 Οὐκ
2986 2677 3104 2733 ἔστι
3126 2681 3224 2754 τὴν
3244 2684 3602 2759 ἐνεστηκυῖαν
3631 2689 3814 2760 ἡμέραν

2265 2763 2448 2830 καλῶς
2487 2765 2705 2838 βιῶναι,
2760 2770 2837 2843 μὴ
2886 2773 3226 2846 προθέμενον
3269 2778 3442 2852 αὐτὴν
3489 2781 3565 2847 ὡς
3605 2783 3814 2855 ἐσχάτην

2266 2856 2483 2928 βιῶσαι.

2331 2955 2700 3013 Πολυαίνου.
2722 2990 2792 3000 -
2824 2959 2948 3015 Ἐπὶ
2972 2964 3088 3028 τοῖς
3105 2964 3515 3040 ἀποθνήσκουσι
3547 2970 3622 3042 μὴ
3644 2970 3809 3025 λυποῦ·

574 3040 660 3087 est
687 3034 836 3088 enim
878 3036 996 3093 haec
1017 3041 1344 3096 necessariae
1395 3042 1519 3097 vitae
1566 3042 1812 3112 functio;
1853 3044 1949 3100 sed
1992 3061 2159 3117 super

2267 3045 2561 3116 ἀναγκαῖον
2590 3051 2700 3124 γάρ
2719 3067 2734 3083 ·
2773 3052 2892 3108 ἀλλ’
2915 3056 3011 3110 ἐπὶ
3039 3059 3153 3123 τοῖς
3180 3034 3426 3134 alexim};
3455 3034 3779 3119 τελευτῶσιν.

575 3123 666 3180 his
686 3127 782 3196 qui
809 3129 1046 3199 turpiter
1065 3130 1212 3186 diem
1237 3131 1523 3188 claudunt.

647 3218 934 3276 Democrit.
963 3222 1566 3292 —Democritus,cum
1609 3241 1678 3281 ex
1730 3227 2059 3298 aegritudine
2104 3229 2161 3286 in

574 3310 886 3384 lethargum
970 3313 1302 3384 incidisset,
1332 3325 1557 3389 tumque
1596 3321 1914 3377 emersisset
1945 3338 1960 3377 :
2011 3321 2160 3377 Nihil

575 3400 736 3466 mihi,
767 3402 970 3474 inquit,
1000 3403 1127 3460 vitae
1168 3421 1325 3464 amor
1374 3407 1858 3483 imponetzseque
1900 3410 2082 3483 ipsum
2127 3428 2160 3468 e

575 3493 687 3550 vita
721 3495 937 3552 eduxit.

1210 3591 1493 3649 Menandri
1513 3635 1528 3650 .

821 3680 933 3759 Ter
956 3684 1150 3759 misera
1188 3694 1240 3759 et
1281 3701 1584 3744 arumnam
1619 3699 1860 3759 natura;

821 3749 1110 3826 Multisque
1128 3758 1269 3812 curis
1297 3759 1406 3812 vita
1440 3760 1662 3831 referta.

641 3841 814 3916 Major
835 3847 1140 3903 necessitas
1169 3849 1426 3905 medendi
1450 3851 1658 3918 animo,
1695 3869 1860 3924 quam
1897 3857 2151 3927 corpori:

569 3944 797 4004 prazstat
822 3937 975 3992 enim
1011 3939 1174 4006 mori,
1204 3957 1369 4010 quam
1400 3943 1542 4000 male
1564 3944 1770 4000 vivere.

1218 4031 1511 4104 Sophoclis.

711 4118 874 4194 [idus
904 4120 1014 4186 tibi,
1036 4121 1262 4194 tumule,
1287 4125 1402 4194 quis
1427 4140 1491 4180 ea:
1517 4127 1826 4184 mortalibus
1848 4131 1874 4184 .9

711 4189 829 4268 lien
851 4193 1070 4268 mortuis
1097 4193 1117 4245 .'
1147 4189 1309 4268 quant
1336 4195 1440 4249 cito
1453 4199 1570 4268 ﬂuit
1600 4198 1926 4268 brevissima,

714 4259 785 4313 Et
812 4263 1039 4330 pristina
1065 4259 1242 4318 omhes
1267 4259 1464 4320 deterit
1481 4269 1613 4322 inita
1641 4273 1872 4343 gratiag?

640 4347 791 4408 Bias.
812 4383 881 4392 —
905 4354 1052 4422 Bias,
1089 4371 1214 4411 cum
1244 4357 1368 4428 quis
1401 4359 1458 4414 in
1504 4360 1804 4418 liberorum
1861 4365 2144 4424 interitum

570 4454 804 4501 mortem
853 4446 1155 4506 invocaret:
1207 4450 1350 4518 Quid
1393 4462 1500 4520 est,
1554 4453 1754 4526 inquit,
1814 4457 1998 4526 homo,
2044 4476 2146 4517 cur

565 4537 720 4594 illam
745 4555 994 4597 arcessas
1021 4543 1044 4596 ?
1067 4545 1318 4615 nunquid
1347 4562 1456 4602 non
1488 4549 1792 4606 venictnisi
1822 4556 2148 4611 arcesseris?

637 4632 805 4704 628
843 4633 990 4690 Idem
1021 4648 1320 4707 conspecto
1342 4641 1587 4712 projecto
1641 4643 1905 4715 humique
1930 4647 2148 4717 jacente

565 4723 770 4796 gladio,
798 4727 996 4794 Quem,
1029 4729 1127 4796 ait,
1154 4732 1470 4800 perdidisti,
1495 4743 1597 4792 aut
1616 4736 1743 4806 quis
1767 4738 1858 4794 te?

639 4817 785 4874 idem
831 4829 1071 4891 rogatus,
1105 4837 1353 4892 quaenam
1411 4825 1556 4881 inter
1582 4837 1788 4885 mortes
1820 4844 1969 4886 mors
2004 4832 2146 4888 mala

567 4906 730 4974 loret,
758 4913 1045 4983 respondit
1095 4929 1111 4970 :
1153 4913 1286 4984 Qua:
1326 4917 1476 4989 justa
1532 4919 1716 4992 legum
1775 4917 2012 4980 censura
2065 4925 2148 4982 in-

570 4998 794 5070 lligitur.

636 5093 843 5153 Socrat.
877 5097 1225 5156 —Socrates
1263 5102 1333 5158 ab
1377 5103 1808 5164 Atheniensibus
1855 5111 2148 5181 praecipitii

560 5183 874 5256 damnatus,
911 5189 1076 5247 ﬂente
1107 5195 1229 5264 ejus
1262 5211 1434 5251 uxore
1468 5196 1764 5271 Xantippe,
1821 5211 1987 5273 atque
2057 5204 2144 5258 di-

559 5287 723 5331 cente
753 5296 766 5331 :
794 5279 966 5346 Quam
1008 5284 1218 5355 inique,
1254 5304 1287 5342 ο
1316 5287 1594 5358 Socrates,
1641 5295 1876 5351 moreris
1905 5297 1918 5350 !
1962 5297 2145 5354 Velles

561 5368 752 5440 igitur,
771 5371 970 5442 inquit,
1009 5379 1254 5450 mejustc
1285 5383 1425 5438 mori
1449 5385 1473 5438 ‘i

630 5545 803 5613 Idem,
833 5547 1055 5607 dicente
1087 5555 1324 5623 quodam
1363 5557 1732 5618 Athenienses
1771 5566 1970 5621 mortis
2007 5583 2136 5624 sen-

560 5639 788 5695 tentiam
824 5641 880 5698 in
905 5658 1033 5700 eum
1067 5645 1271 5706 dixisse
1315 5668 1328 5705 :
1363 5650 1507 5719 Quin
1557 5662 1686 5712 ante
1743 5657 1891 5728 illos,
1933 5661 2134 5733 inquit,

557 5741 775 5790 natura.

2175 4413 2222 4471 Ι)

2331 3229 2645 3301 Δημοκρὶτ.
2678 3265 2748 3277 -
2772 3227 2943 3304 Οὗτος
2976 3239 3210 3312 νοσήσας
3245 3241 3340 3296 καὶ
3373 3242 3632 3318 ληθαργῷ
3675 3263 3808 3316 περι·

2262 3318 2468 3389 πεσὼν,
2496 3323 2574 3389 ὡς
2606 3326 2894 3400 άνένηψεν,
2937 3330 3104 3387 Οὐδέν
3134 3351 3224 3406 με,
3259 3334 3388 3408 ἔφη,
3417 3338 3736 3411 ὲξαπατήσει
3777 3340 3806 3407 l‘;

2261 3411 2526 3481 φιλοζωτα
2545 3433 2561 3450 ο
2604 3419 2698 3473 καὶ
2727 3421 2999 3494 ἐξήγαγεν
3023 3425 3217 3480 ἑαυτὸν
3247 3426 3340 3482 τοῦ
3366 3427 3506 3500 βίου.

2862 3603 3234 3676 Μενάνδρου.

2368 3691 2722 3773 [ριονᾴρλιόν
2748 3713 2816 3766 γε
2978 3701 3359 3773 ταλαίπωρον
3383 3705 3583 3773 φύσει.

2363 3763 2622 3818 Πολλῶν
2649 3782 2714 3820 τε
2750 3763 2977 3835 μεστόν
3000 3770 3132 3825 ἐστι
3166 3763 3357 3842 τὸῖῇν
3383 3763 3738 3845 ’φροντίδωη

2325 3855 2522 3930 Ψυχὴν
2570 3857 2824 3930 σώματος
2855 3863 3282 3939 ἀναγκαιότερον
3320 3868 3537 3941 ῑᾶσθαιη
3580 3869 3678 3923 Τοῦ
3709 3867 3798 3938 γὰρ

2257 3947 2446 4014 κακῶς
2466 3950 2587 4022 ζῇν,
2619 3952 2682 4008 τὺ
2707 3953 2961 4011 τεθνάναι
2993 3961 3264 4031 κρεῖσσον.

2911 4051 3170 4122 Σθφοκλ.

2260 4137 2463 4223 rugat,»
2489 4139 2604 4223 3-8:!)
2650 4142 2846 4223 0-i'682C
2875 4146 3090 4223 πιστὸς
3125 4149 3452 4223 rit-0m}sz
3485 4155 3675 4223 φίλος.

2251 4208 2372 4290 «ἕξιν-δῦ
2407 4209 2517 4290 τοᾷ
2546 4208 2857 4290 θᾳνόῖτος,
2889 4217 2970 4282 ὡς
2999 4208 3203 4290 {diem
3229 4208 3353 4286 ἰοῖς
3389 4208 3630 4290 βροτοῖς

2250 4277 2430 4346 Χάρις
2478 4280 2727 4351 διαρῤεῖ,
2754 4277 2853 4340 mil
2883 4277 3172 4357 προδοῧσ⁹
3203 4277 3541 4349 ωίάκὲἓαι.

2323 4371 2487 4439 Βίας.
2522 4405 2593 4414 -
2646 4376 2779 4443 Βίας
2831 4380 3260 4454 ἐπικαλουμένου
3293 4387 3441 4452 τινὸς
3471 4390 3562 4444 τὸν
3591 4389 3791 4444 θάνατον

2247 4466 2344 4520 ἐπὶ
2371 4468 2578 4523 τέκνων
2605 4473 2880 4546 ἀπωλείᾳ.
2923 4476 3052 4549 ἔφη,
3084 4480 3151 4534 Tl
3180 4481 3346 4537 αὐτὸν
3375 4484 3576 4553 καλεῖς,
3606 4483 3791 4554 ἄνθρω-

2251 4577 2357 4627 πες
2385 4563 2486 4617 οὐκ
2515 4564 2583 4619 ἂν
2625 4566 2700 4638 μὴ
2730 4568 2968 4642 καλέσῃς
2991 4571 3110 4642 ἣξει
3135 4592 3150 4640 ἓ
3606 4621 3610 4624 ·

2321 4647 2490 4718 Οὗτος
2535 4655 2871 4729 θεασάμενος
2924 4663 3204 4736 μάχαιραν
3267 4667 3627 4740 ἐρριμμένην,
3679 4667 3787 4736 ἔφη.

2251 4743 2348 4808 Τίς
2380 4762 2442 4802 σε
2470 4747 2775 4814 ἀπώλεσεν,
2805 4752 2838 4823 ἢ
2869 4753 2989 4808 τίνα
3026 4754 3114 4810 σύ.

2326 4838 2388 4891 ’0
2417 4840 2581 4905 αὐτὸς
2610 4843 2932 4916 ἐρωτηθεὶς,
2986 4847 3146 4912 ﬂcio;
3193 4849 3304 4904 τῶν
3349 4851 3594 4907 θανάτων
3623 4850 3784 4913 κακὸς,

2246 4929 2373 5003 ἔφη,
2416 4933 2473 4989 '0
2505 4934 2613 4988 άπὸ
2636 4935 2747 4991 τῶν
2774 4938 2955 5010 νόμων
2987 4943 3348 5014 ἑπαγόμενος.

2317 5116 2654 5184 Σωκράτης.
2710 5149 2779 5159 -
2852 5121 3149 5194 Σωκράτης
3227 5127 3642 5192 καταδικασθεὶς
3697 5124 3784 5179 ὑπὸ

2257 5206 2560 5280 Ἀθηναίων
2588 5216 3157 5286 κατακριμνησθῆναι,
3187 5219 3288 5288 τῆς
3314 5223 3570 5288 γυναικὸς
3588 5219 3784 5274 Ξανθίπι

2243 5316 2354 5370 πης
2381 5301 2674 5375 κλαιούσης
2711 5308 2805 5360 καὶ
2835 5307 3124 5380 λεγούσης,
3153 5305 3225 5363 Ὦ
3258 5311 3566 5385 Σώκρατες,
3597 5314 3666 5378 ὡς
3687 5312 3781 5368 ἀδί·

2243 5407 2352 5455 κως
2379 5392 2773 5468 ἀποθνήσκεις,
2810 5393 2955 5466 εἷπε,
2998 5401 3070 5455 Σὺ
3107 5398 3204 5456 οὖν
3241 5391 3467 5458 ἐϐούλου
3496 5423 3565 5475 με
3587 5403 3778 5465 δικαίως

2237 5483 2532 5540 ἀποθανεῖν
2552 5504 2567 5554 ;
3824 5494 3830 5502 ⁷

2319 5577 2378 5630 Ὀ
2407 5579 2573 5644 αὐτὸς
2619 5583 2866 5649 εἰπόντος
2911 5584 3060 5658 αὐτῷ
3103 5588 3268 5654 τινὸς,
3315 5589 3379 5644 Ol
3417 5590 3674 5664 Ἀθηναῖοι
3699 5605 3775 5642 σου

2237 5669 2466 5727 θάνατον
2505 5673 2868 5748 ἐψηφίσαντο,
2900 5679 3027 5752 ἔφη,
3057 5679 3172 5752 Πρὸ
3194 5683 3374 5739 αὐτῶν
3405 5685 3463 5739 δὲ
3490 5687 3523 5756 ἡ
3559 5682 3717 5755 φύσις·
