3964 6276
178 327 299 395 905

1488 320 1653 380 LOCI
1692 320 2123 380 COMMUNES.

3310 320 3419 384 906

270 438 330 490 '0
380 435 544 499 αὐτὸς
580 434 897 506 ἐρωτηθεὶς,
930 434 1075 489 Τίνα
1107 433 1256 487 ἐστὶν
1290 435 1347 487 ἐν
1380 432 1504 504 ᾅδου
1531 450 1544 497 ;
1582 430 1754 485 εἰπενο

1930 431 2079 487 Idem
2112 433 2503 504 interrogatus,
2529 433 2785 500 Quaenam
2814 433 2956 504 apud
2982 435 3186 491 inferos
3208 437 3432 491 essent?

179 528 327 581 Οὔτε
357 526 468 596 ἐγὼ
499 526 866 598 πεπόρευμαι,
900 524 1024 579 οὔτε
1072 523 1184 577 τῶν
1213 524 1392 577 ἐκεῖσέ
1423 540 1529 577 τινι
1565 540 1752 576 συντε-

180 619 428 688 τύχηκα.

252 710 505 773 Σέξτου.
538 739 605 749 -
650 708 903 769 Οἰκείων,
939 706 1158 771 ζώντων
1206 708 1327 777 μὲν,
1369 705 1527 759 ποιοῦ
1558 704 1753 775 ἐπιμές

175 796 335 850 λειαν
359 813 375 827 ’
397 795 811 865 ἀπογενομένων
840 795 917 859 δὲ,
948 788 1029 850 δεῖ
1043 796 1111 850 τὰ
1143 788 1373 866 σώματα
1410 796 1477 866 τῇ
1508 797 1579 866 γῇ
1624 810 1759 865 συμ-

179 889 453 960 μεμίχθαι
474 905 488 919 ο
521 887 679 941 τοῦτο
704 888 813 958 γὰρ
841 889 937 943 καὶ
962 890 1129 943 ὅσιονο
1176 888 1238 942 οὐ
1262 888 1372 959 γὰρ
1396 886 1758 961 συνθάπτεται

172 979 330 1050 ψυχὴ
364 980 443 1050 τῷ
477 980 711 1052 σώματι.
764 980 959 1051 Μάτην
990 978 1084 1034 οὖν
1126 981 1154 1034 ὁ
1204 980 1373 1044 πολὺς
1418 977 1579 1043 πόνος
1630 978 1760 1049 περὶ

174 1069 284 1133 τὰς
313 1070 514 1139 ταφάς.

272 1246 559 1317 Ἀναξαγ.
604 1277 675 1289 —-
712 1248 816 1302 Δύο
864 1246 1215 1310 διδασκαλίας
1240 1244 1379 1302 εῖναι
1405 1243 1557 1319 οἶμαι
1590 1247 1758 1303 θανά-

176 1353 303 1403 του,
363 1338 460 1392 τόν
510 1355 571 1391 τε
640 1338 747 1409 πρὸ
795 1337 891 1392 τοῦ
938 1338 1193 1407 γενέσθαι
1251 1340 1466 1410 χρόνον,
1523 1338 1617 1392 καὶ
1668 1339 1761 1393 τὸν

181 1427 385 1484 ὕπνον.

266 1522 379 1577 Ἕκ
422 1518 541 1577 τῶν
594 1522 983 1589 Φιλιστίωνος
1015 1520 1289 1593 γνωμῶν.
1345 1552 1415 1563 -
1468 1523 1764 1577 Καυσιανοὶ

173 1608 311 1674 τοὺς
336 1611 440 1682 μὶν
466 1612 837 1683 γεννωμένους
861 1611 1140 1683 θρηνοῦσι,
1170 1613 1296 1677 τοὺς
1324 1613 1382 1667 δὲ
1404 1614 1762 1683 τελευτήσαν-

175 1716 281 1765 τας
314 1702 707 1772 μακαρίζουσι.

730 1816 947 1870 ΛΟΓΟΣ
998 1816 1102 1871 AZ'
1154 1816 1223 1873 ".

565 1906 703 1976 Περί
732 1908 978 1976 εἰρήνης
1004 1908 1103 1963 καί
1128 1909 1420 1979 πολέμου.

247 2004 441 2054 Δουκ.
471 2005 525 2053 ι’.
557 2028 627 2038 -
655 2000 746 2062 Εἰς
765 1999 832 2070 ἦν
852 2000 897 2054 δ’
925 2000 990 2054 ἃν
1008 2001 1216 2055 οἰκείαν
1247 2000 1591 2071 εἰσέρχησθε,
1620 1999 1764 2072 πρῶ-

176 2104 273 2143 τον
287 2088 484 2157 λέγετε
515 2106 529 2121 ’
567 2089 771 2159 Εἰρήνη
802 2088 879 2161 τῷ
910 2088 1045 2161 οἴκῳ
1084 2090 1259 2160 τούτῳ
1282 2107 1296 2120 °
1336 2092 1429 2144 καὶ
1454 2090 1549 2143 ἐὰν
1576 2084 1609 2162 ᾖ
1647 2090 1763 2142 ἐκεῖ

178 2179 299 2244 υίὸς
311 2181 561 2251 εἰρήνης,
578 2178 1022 2234 ἐπαναπαύσεται
1040 2179 1127 2235 ἐπ’
1143 2182 1303 2235 αὑτὸν
1324 2183 1355 2251 ή
1376 2182 1567 2251 εἰρήνη
1586 2180 1757 2250 ὑμῶν.

243 2272 312 2337 ,β’
374 2275 513 2340 Κορ.
548 2278 638 2342 ιγ’.
672 2284 742 2312 -—’
772 2272 1116 2345 Εἰρηνεῦετε,
1150 2272 1391 2340 ἀδελφοὶ,
1423 2274 1516 2325 καὶ
1556 2272 1584 2324 ὁ
1631 2272 1761 2334 Θεὸς

180 2362 286 2433 τῆς
330 2365 560 2434 εἰρήνης
589 2366 682 2419 καὶ
715 2368 813 2435 τῆς
839 2366 1061 2435 ἀγάπης
1096 2366 1248 2419 ἔσται
1280 2366 1398 2436 μεθ’
1433 2365 1606 2435 ὑμῶν.

252 2458 511 2525 "apem.
546 2455 627 2517 ιζ’.
668 2488 737 2496 -—
783 2459 1049 2527 Κρεῖσσον
1091 2456 1283 2527 ψωμὸς
1320 2457 1437 2526 μεθ’
1478 2456 1669 2527 ήδονῆς
1698 2456 1757 2509 ἐν

182 2547 414 2618 εἰρήνη,
446 2547 479 2618 ἢ
511 2542 658 2609 οἶκος
690 2547 899 2600 πολλῶν
929 2549 1148 2615 ἀγαθῶν
1181 2549 1318 2619 μετὰ
1345 2549 1547 2619 μάχης.

252 2727 388 2792 Σιρ.
442 2730 542 2779 κε’.
595 2756 663 2765 -
701 2724 790 2778 Ἑν
824 2729 1004 2797 τρισὶν
1055 2724 1335 2796 ὼραῖσθην
1388 2726 1482 2779 καὶ
1532 2727 1761 2796 ἀνέστην

180 2814 372 2887 ὡραία
391 2817 628 2869 ἐναντίον
657 2818 859 2887 Κυρίου
889 2818 983 2872 καὶ
1005 2817 1307 2889 ἀνθρώπων
1326 2834 1339 2847 ·
1370 2816 1588 2887 ὁμόνοια
1611 2817 1763 2871 ἀδελ-

196 2906 343 2973 φῶν,
381 2907 475 2959 καὶ
528 2909 714 2980 εἰρήνη
760 2909 850 2961 τοῦ
886 2908 1130 2980 πλησίον,
1176 2910 1269 2963 καὶ
1305 2908 1442 2980 γυνὴ
1478 2908 1579 2975 καὶ
1624 2907 1761 2978 ἀνὴρ

185 2994 410 3059 ἑαυτοῖς
445 2998 1001 3068 συμπεριφερόμενοι.

258 3087 608 3140 Βασιλείου.
642 3118 709 3126 -
730 3090 892 3141 Ὅσον
928 3088 1046 3142 ἐστί
1060 3088 1122 3141 τὸ
1151 3088 1252 3157 τῆς
1279 3089 1502 3161 εἰρήνης
1538 3087 1759 3155 ἀγαθὸν,
1792 3120 1831 3173 η

186 3178 241 3231 τί
266 3176 383 3250 χρὴ
406 3178 586 3246 λέγειν
618 3179 748 3249 πρὸς
774 3180 974 3249 ἄνδρας
1003 3180 1151 3243 υἱοὺς
1183 3178 1285 3249 τῆς
1309 3181 1562 3250 εἰρήνηςς
1592 3179 1757 3233 Οὐδὲν

190 3273 298 3342 γάρ
339 3268 515 3334 οὕτως
557 3270 685 3323 [διον
728 3271 1205 3343 Χριστιανοῦ,,ὼς
1252 3272 1311 3324 τὸ
1365 3273 1755 3341 εἰρηνοποιεῖνσ

188 3362 325 3415 διότι
355 3362 565 3415 καὶτὸν
594 3362 679 3415 ἐπ’
706 3362 856 3432 αὐτῷ
892 3363 1081 3432 μισθὸν
1120 3362 1377 3432 μέγιστον
1418 3362 1550 3432 ήμίν
1578 3361 1606 3413 ὁ
1646 3360 1745 3414 Κύ-

195 3469 309 3522 ριος
343 3453 731 3523 ἐπηγγείλατο.

263 3544 583 3611 Θεολόγου.
607 3573 676 3583 -
702 3542 984 3614 Κρείσσων
1014 3544 1297 3609 ἐπαινετὸς
1316 3546 1571 3615 πόλεμος,
1602 3545 1757 3617 εἰρή-

196 3648 290 3703 νης
322 3632 671 3703 χωριζοῦσης
697 3635 855 3687 Θεοῦ.

263 3725 567 3792 Χρυσοστ.
596 3754 664 3763 -—
697 3725 753 3777 '0
782 3725 1147 3797 ἐπευξάμενος
1171 3728 1396 3799 εἰρήνην
1422 3728 1596 3782 ἅπασι
1622 3770 1635 3792 ,
1672 3729 1760 3782 τὸν

196 3814 435 3884 πόλεμον
464 3814 571 3867 τῶν
599 3816 785 3868 παθῶν
814 3815 1055 3881 ἐξέὁαλε,
1081 3819 1175 3872 καὶ
1196 3817 1761 3892 λιμένοςεῠδιωτέραν

194 3902 291 3971 τὴν
321 3902 503 3973 ψυχήν
533 3905 965 3959 κατεσκεύασεν,

264 3990 545 4057 Νύσσης.
578 4020 648 4030 -
677 3992 889 4062 Ὠσπερ
915 3992 1024 4064 γάρ
1054 3993 1244 4062 ὑγείας
1274 3992 1643 4063 ἐπιλαϐούσης
1671 3992 1761 4046 νό-

200 4095 289 4142 σος
322 4079 711 4148 ἐξαφανίζεται
748 4124 763 4149 ,
798 4084 895 4137 καὶ
920 4084 1097 4153 φωτὸς
1120 4085 1377 4154 φανέντος
1410 4085 1507 4155 οὐχ
1547 4084 1764 4137 ὑπολεί-

197 4186 357 4223 πεται
388 4171 579 4235 σκότος
605 4188 619 4201 ο
650 4170 823 4237 οὕτως
857 4174 951 4227 καὶ
985 4174 1084 4245 τῆς
1112 4176 1332 4247 εἰρήνης
1384 4175 1763 4246 ἐπιφανείσης,

198 4261 386 4314 λύεται
454 4262 630 4316 πάντα
689 4264 759 4318 τά
815 4267 879 4319 ἐκ
933 4264 1026 4320 τοῦ
1088 4265 1333 4319 ἐναντίου
1395 4266 1765 4335 συνιστάμενα

202 4358 375 4425 πάθη.

1856 520 1969 575 Nec
2004 537 2126 591 ego,
2167 520 2366 591 inquit,
2406 537 2644 591 unquam
2687 522 2783 586 ivi,
2808 538 2910 579 nec
2964 539 3089 578 cum
3122 525 3307 596 aliquo
3333 540 3429 580 eo-

1859 626 1979 664 rum
2011 613 2105 680 qui
2137 611 2249 667 illic
2273 622 2566 667 versantur
2584 627 2892 667 sermonem
2919 614 3148 668 contuli.

1927 701 2072 757 Sext.
2103 734 2173 743 —
2217 703 2687 768 Necessariorum,
2742 704 2874 757 dum
2924 706 3050 760 vitae
3102 704 3429 774 superstites

1858 803 2008 860 sunt,
2041 810 2231 850 curam
2262 796 2408 866 agito
2437 812 2451 860 ;
2482 805 2657 850 morte
2707 804 2892 851 autem
2932 796 3197 862 sublatos,
3236 811 3429 851 eorum

1860 884 2027 940 humo
2052 886 2455 941 commiseenda
2487 886 2753 941 cadavera
2792 904 2805 952 ;
2836 886 2982 956 quod
3030 886 3218 941 ethoc
3270 888 3422 957 pium

1859 975 1931 1030 sit
1953 991 2018 1031 ac
2036 977 2275 1047 justum;
2304 992 2415 1032 non
2441 980 2589 1033 enim
2614 992 2721 1032 una
2758 993 2884 1034 cum
2915 993 3141 1047 corpore
3168 978 3432 1048 sepelitur

1860 1068 2096 1123 animus.
2120 1067 2351 1124 Frustra
2381 1070 2554 1141 igitur
2594 1069 2805 1126 nimius
2839 1070 2931 1125 ille
2958 1070 3214 1125 funerum
3278 1070 3435 1124 labor

1860 1158 2178 1228 suscipitur.

1932 1249 2238 1323 Anaxagor.
2268 1282 2339 1292 —
2372 1253 2490 1308 Duo
2505 1267 2625 1309 esse
2655 1253 2847 1309 mortis
2888 1252 3215 1316 documenta
3244 1261 3379 1325 puto
3414 1270 3429 1306 :

1862 1346 2078 1409 tempus
2110 1339 2257 1411 quod
2289 1349 2416 1397 ante
2446 1350 2628 1397 ortum
2649 1342 2773 1408 fuit,
2808 1352 2864 1397 et
2892 1353 3167 1398 somnum.

1934 1516 2017 1570 Ea:
2040 1515 2371 1573 Philistionis
2398 1518 2545 1574 Sent.
2572 1550 2639 1559 —
2679 1519 2935 1579 Causiani
2977 1527 3264 1575 nascentes
3308 1520 3435 1590 qui-

1863 1606 1984 1661 dem
2008 1608 2157 1662 luctu
2187 1620 2599 1679 prosequuntur
2625 1629 2640 1675 ;
2667 1612 2759 1681 qui
2789 1626 2920 1665 vero
2964 1609 3110 1665 diem
3148 1608 3429 1674 obierunt,

1865 1699 2058 1755 faustis
2080 1701 2340 1756 laudibus
2369 1719 2430 1757 ac
2450 1704 2731 1757 ominibus
2772 1703 2998 1757 beantes
3024 1700 3432 1757 concelebrant.

2388 1808 2469 1866 SE
2478 1809 2618 1867 [ὶΜο
2656 1806 2918 1867 XXXVII.

2412 1890 2487 1954 De
2515 1918 2641 1972 pace
2666 1912 2715 1955 et
2733 1902 2891 1957 bello.

1935 1975 2061 2044 Luc.
2091 2002 2145 2055 ι,
2166 1991 2217 2043 5.
2240 2022 2308 2032 --
2345 1991 2403 2045 In
2429 2008 2811 2062 quamcunque
2831 1996 3051 2049 domum
3076 1990 3435 2057 intraveritis,

1867 2079 2104 2149 primum
2135 2079 2338 2136 dicite:
2367 2082 2477 2137 Pax
2502 2083 2631 2139 huic
2665 2084 2885 2150 domui;
2943 2096 3000 2141 et
3048 2086 3092 2141 si
3136 2083 3213 2140 ibi
3269 2082 3439 2140 fuerit

1869 2170 2014 2227 filius
2033 2172 2202 2242 pacis,
2223 2188 2388 2243 super
2421 2189 2547 2229 eum
2583 2176 2893 2244 requiescet
2914 2193 3019 2246 pax
3048 2187 3251 2233 vestra.

1937 2261 1995 2315 Il
2019 2262 2138 2318 Cor.
2176 2279 2289 2327 xm,
2332 2263 2420 2318 II.
2485 2295 2555 2308 —-
2603 2265 2796 2321 Pacem
2852 2266 3066 2333 habete,
3112 2268 3333 2336 fratres,
3380 2279 3441 2328 et

1867 2344 2011 2409 Deus
2042 2356 2189 2424 pacis
2216 2354 2603 2413 etdilectionis
2634 2357 2741 2412 erit
2775 2356 3081 2414 vobiscum.

1936 2445 2091 2500 Prov.
2122 2464 2248 2512 xvn,
2275 2449 2323 2501 I.
2356 2477 2425 2487 —
2457 2448 2649 2504 Melior
2667 2459 2753 2505 est
2790 2450 3035 2507 buecella
3092 2468 3219 2509 cum
3275 2453 3439 2510 volu-

1845 2546 2016 2617 ,βιαιο
2049 2538 2102 2591 in
2157 2552 2309 2608 pace,
2361 2550 2525 2608 quam
2563 2540 2761 2596 domus
2811 2543 3108 2598 multorum
3167 2543 3440 2601 bonorum

1867 2643 1990 2679 cum
2019 2628 2222 2696 jurgio.

1940 2702 2102 2768 Eccli.
2131 2732 2253 2780 xxv,
2282 2718 2332 2771 1.
2358 2747 2422 2757 -
2452 2718 2510 2771 In
2532 2717 2708 2773 tribus
2737 2718 2933 2773 decora
2982 2718 3179 2785 enitui,
3216 2728 3273 2775 et
3311 2734 3440 2776 sur-

1868 2808 1983 2861 rexi
2006 2807 2204 2862 decora
2228 2823 2411 2862 coram
2438 2809 2673 2863 Domino
2705 2818 2761 2863 et
2789 2809 3108 2865 hominibus
3153 2828 3167 2865 :
3204 2826 3440 2867 concor-

1869 2899 1955 2952 dia
2008 2899 2263 2961 fratrum,
2296 2898 2671 2968 proximorum
2723 2914 2847 2969 pax,
2887 2909 2942 2954 et
2967 2900 3052 2953 vir
3080 2910 3137 2955 et
3161 2916 3301 2958 uxor
3333 2900 3440 2959 sibi

1869 2990 2006 3043 bene
2031 2991 2464 3044 consentientes.

1938 3079 2143 3135 Basilii.
2177 3110 2245 3119 —
2271 3078 2547 3147 Quantum
2596 3079 2668 3135 sit
2714 3079 2865 3150 pacis
2902 3079 3130 3146 bonum,
3164 3078 3299 3153 quid
3342 3094 3442 3135 ne-

1864 3187 2015 3228 cosse
2038 3171 2189 3243 loqui
2215 3171 2361 3243 apud
2388 3172 2561 3240 viros,
2590 3173 2685 3245 qui
2744 3174 2855 3229 sint
2903 3173 3001 3228 ﬁlii
3055 3170 3243 3244 pacis?
3292 3171 3441 3227 Nihil

1861 3263 2008 3319 enim
2041 3273 2125 3320 est
2144 3262 2459 3320 Christiano
2497 3264 2668 3337 magis
2700 3265 3009 3335 proprium,
3058 3279 3220 3335 quam
3264 3270 3324 3319 ut
3344 3276 3444 3334 pa-

1863 3365 1980 3408 cem
2025 3356 2282 3411 conciliet
2340 3375 2353 3410 :
2400 3355 2546 3411 unde
2595 3358 2765 3412 etiam
2813 3358 3078 3412 Dominus
3110 3370 3178 3411 eo
3217 3353 3444 3411 nomine

1862 3447 2259 3516 amplissimam
2294 3448 2604 3502 mercedem
2648 3447 2930 3518 pollicitus
2950 3457 3053 3504 est.

1929 3538 2093 3608 629
2120 3536 2376 3611 Theologi.
2418 3571 2486 3579 —
2512 3539 2739 3595 Praestat
2766 3539 2970 3595 bellum
2994 3535 3287 3604 laudabile,
3323 3537 3447 3609 eius

1862 3628 2077 3695 generis
2106 3644 2238 3698 pace
2269 3645 2390 3700 quae
2420 3645 2450 3684 a
2480 3630 2591 3685 Deo
2624 3639 2859 3700 separat.

1935 3716 2198 3788 Chrysost.
2230 3749 2295 3760 -
2326 3718 2429 3786 Qui
2466 3736 2656 3789 pacem
2698 3722 2961 3777 omnibus
2994 3721 3136 3779 bene
3184 3733 3447 3794 precatus

1863 3817 1967 3872 est,
2005 3810 2300 3865 affectuum
2332 3810 2797 3879 bellumsustulit,
2820 3830 2898 3877 ,ac
2925 3826 3087 3885 portu
3107 3818 3258 3873 omni
3290 3828 3444 3875 tran-

1865 3899 2176 3967 quilliorem
2208 3902 2455 3957 animum
2494 3903 2776 3959 reddidit.

1934 3991 2152 4062 Nyssen.
2174 4025 2238 4034 —
2259 3993 2729 4060 Quemadmodum
2754 3997 2903 4051 enim
2932 3995 3184 4056 sanitatis
3204 3995 3446 4053 adventu

1865 4084 2115 4139 aboletur
2146 4086 2394 4150 morbus,
2427 4087 2662 4158 luceque
2694 4097 2995 4159 apparente
3028 4098 3447 4160 nongsuperant

1870 4176 2149 4242 tenebrae;
2202 4178 2283 4233 sic
2320 4188 2377 4233 et
2402 4180 2664 4236 illucente
2706 4197 2837 4250 pace
2905 4188 3106 4237 cuncta
3157 4181 3451 4237 solvuntur

1866 4272 2030 4333 atque
2061 4265 2340 4321 dimantur
2379 4268 2681 4326 adversarii
2726 4270 2917 4326 fraude
2950 4269 3184 4326 conﬂata
3241 4272 3450 4327 animo-

1869 4371 1989 4408 rum
2018 4355 2140 4411 labe
2169 4358 2301 4412 vitia
2339 4366 2504 4428 atque
2536 4362 2695 4416 mala.

267 4450 533 4516 Δημοσθ.
571 4478 638 4490 -
674 4451 766 4502 Δεῖ
798 4450 922 4514 τοὺς
950 4449 1126 4521 ὀρθῶς
1155 4449 1377 4521 πολέμῳ
1409 4448 1723 4520 χρωμένους
1752 4488 1761 4511 ι

1934 4443 2163 4498 Demost.
2189 4476 2258 4484 —
2285 4446 2388 4513 Qui
2411 4448 2556 4503 bello
2586 4460 2754 4525 recte.
2786 4451 2867 4505 uti
2934 4448 3149 4514 volunt.
3216 4445 3278 4513 ίὶ,
3339 4461 3449 4503 mm

199 4540 299 4591 οὐκ
322 4539 641 4595 ἀκολουθεῖν
664 4543 777 4606 τοῖς
807 4542 1149 4613 πράγμασιν,
1185 4542 1301 4595 ἀλλ’
1332 4542 1527 4604 αὐτοὺς
1556 4539 1769 4610 ἐμπροο

202 4631 328 4685 σθεν
361 4628 634 4686 εἶναιτῶν
668 4634 1030 4704 πραγμάτων.

268 4725 518 4795 Πόλεμος
572 4724 816 4791 ἔνδοξος,
882 4728 1103 4799 εἰρήνης
1180 4728 1412 4797 αἰσχρᾶς
1471 4725 1763 4797 αἱρετώτε-

205 4830 316 4875 ρος.

205 4864 866 4972 ι-ἱὶῖροδόιη-Οὑδείς
925 4907 1033 4978 γὰρ
1081 4906 1253 4969 οὕτως
1314 4906 1542 4975 ἀνόητός
1601 4921 1748 4957 εστιν

204 4996 283 5069 [ἢ]
302 4999 451 5061 ὅστις
481 4998 714 5069 πόλεμον
738 5000 842 5070 πρὸ
878 5001 1102 5071 εἰρήνης
1134 4999 1398 5070 αἱρέεται.

804 5110 1173 5178 Μενάνδρου.

275 5198 502 5268 Εἰρήνη
536 5200 795 5271 γεωργὸν
824 5200 940 5257 κάν
960 5201 1203 5269 πέτραις
1228 5201 1425 5271 τρέφει
1459 5200 1679 5265 καλῶς.

279 5272 553 5339 Πόλεμος
577 5270 666 5336 δέ,
696 5270 751 5323 ει
783 5273 900 5325 κάν
924 5272 1126 5339 πεδίῳ,
1164 5270 1361 5339 κακῶς
1388 5270 1528 5341 ἔφυ.

842 5364 1131 5417 Ἀριστοφ.

845 5379 891 5417 'A
935 5379 1087 5417 ww'
1119 5404 1131 5417 .

279 5448 507 5523 εἰρήνη
537 5380 931 5516 ,ϐαθύπλουτῖ
960 5381 1400 5523 καίρζευγάριθν
1432 5448 1685 5518 βοῖκόνέ

277 5523 346 5573 ει
373 5522 483 5590 γὰρ
510 5523 637 5592 ἐμοὶ
669 5523 1035 5593 παυσαμένῳ
1066 5524 1170 5577 τοῦ
1204 5522 1470 5594 πολέμου
1501 5524 1733 5593 ¹πένοιτο

283 5675 333 5710 ⁷⁸
361 5677 421 5733 In
453 5679 620 5734 Gesn.
649 5678 803 5733 Stob.
838 5679 959 5735 166.

540 5796 805 5885 ΡΑτιιοι..
853 5797 970 5857 Gn.
1002 5799 1153 5859 XCI.
1232 5856 1243 5861 -

1873 4534 2089 4604 negotia
2123 4546 2427 4605 sequantur
2476 4554 2702 4595 necesse
2756 4542 2859 4600 est,
2919 4537 3017 4595 sed
3071 4546 3135 4594 ut
3188 4545 3447 4594 antever-

1872 4634 2012 4679 tant.

1954 4716 2255 4772 Honestum
2288 4708 2492 4772 bellum
2531 4720 2677 4788 turpi
2709 4721 2828 4789 paci
2855 4721 3279 4789 praeferendum.

1950 4903 2269 4957 'Ierodot.—
2295 4904 2490 4961 Nullus
2518 4907 2665 4962 enim
2694 4918 2778 4963 est
2810 4918 2918 4964 tam
2958 4909 3179 4973 stultus,
3209 4907 3303 4978 qui
3354 4921 3450 4977 pa.

1880 4997 1926 5049 ci
1984 4996 2187 5050 bellum
2220 5008 2518 5068 praeponat.

2501 5109 2825 5163 Menandri.

1950 5200 2069 5272 Eua;
2108 5202 2396 5272 agricolam
2422 5200 2502 5272 vel
2533 5203 2587 5254 in
2618 5203 2777 5270 petris
2806 5200 2903 5254 alit
2929 5200 3055 5272 liene
3079 5217 3094 5264 ;

1948 5267 2161 5324 Bellum
2190 5279 2365 5324 autem
2412 5270 2493 5324 vel
2532 5272 2586 5324 in
2610 5267 2795 5340 campo
2830 5268 3031 5323 malum
3070 5279 3167 5324 est.

2494 5359 2834 5430 Aristophan.

1957 5453 2001 5505 υ
2021 5467 2125 5519 pax
2162 5450 2437 5519 profunda:
2481 5451 2675 5522 divitia:
2714 5461 2760 5505 et
2776 5453 2969 5522 jugum
2995 5449 3177 5507 boum!

1962 5521 2173 5576 Utinam
2199 5523 2337 5575 enim
2374 5520 2499 5573 mihi
2543 5537 2721 5591 pacem
2752 5520 2962 5578 habenti
2994 5522 3148 5577 liceat

3052 5788 3135 5855 29
