3964 6276
616 327 734 396 am
1742 328 1803 388 s.
1842 326 2125 388 MAXIM!
2164 323 2666 386 CONFESSORIS
2706 373 2715 379 .
3719 321 3798 388 gos

701 441 897 496 Fodere
923 443 1223 504 incuruata,
1249 447 1298 494 et
1333 439 1438 493 loto
1466 440 1679 495 trahere

701 510 911 573 Vinum,
939 525 1128 581 panem
1154 511 1400 581 pinguem
1429 518 1478 564 et
1506 510 1806 579 raphanum
1835 507 2023 577 ferenti
2045 506 2063 559 .'

1281 666 1526 736 Euripid.

696 752 990 825 Prudentia
1011 756 1458 825 quamplurimas
1502 757 1662 811 vincit
1705 771 1919 820 manus;

695 821 763 876 At
791 821 1035 895 ἰητρενίεὰ
1069 821 1348 879 multitudo
1365 835 1521 896 auget
1555 825 1773 880 malum.

1129 936 1364 994 SERMO
1391 936 1657 992 XXXVIII

1294 1025 1375 1081 De
1415 1042 1527 1098 spe.

683 1115 872 1172 Matth.
902 1133 953 1173 vi
979 1117 1146 1173 26.—-—
1170 1115 1448 1186 Respicite
1472 1115 1713 1171 volatilia
1737 1116 1884 1183 cceli,
1930 1115 2191 1188 quoniam

620 1205 730 1261 non
754 1217 1155 1278 serunt,neque
1171 1214 1410 1273 metunt,
1435 1222 1616 1276 neque
1643 1207 2044 1279 congregantin
2063 1206 2195 1261 hor-

618 1311 745 1351 rea:
769 1307 826 1352 et
852 1299 1014 1353 Pater
1043 1305 1228 1352 vester
1258 1296 1500 1352 caelestis
1520 1296 1703 1367 pascit
1754 1296 1867 1350 illa.

685 1475 837 1529 Rom.
867 1489 981 1540 vni,
1009 1475 1102 1529 24.
1130 1503 1201 1513 —
1229 1473 1368 1544 Spes
1389 1487 1512 1541 quae
1534 1471 1770 1536 videtur,
1803 1485 1913 1524 non
1938 1479 2024 1525 est
2043 1483 2188 1540 spes.

613 1567 750 1622 Nam
804 1564 952 1636 quod
1006 1564 1319 1635 videtquis,
1377 1578 1490 1619 non
1511 1571 1715 1633 sperat.
1749 1561 1805 1617 Si
1829 1571 2011 1616 autem
2044 1561 2190 1630 quod

614 1671 724 1711 non
741 1656 1011 1721 videmus,
1024 1670 1333 1726 speramus,
1349 1669 1448 1724 per
1462 1653 1778 1724 patientiam
1793 1659 2190 1722 exspectamus.

2229 437 2273 494 Α
2301 433 2604 504 Σᾳάψανθ
2631 435 3002 498 ἁποκλᾶσαι.
3033 437 3130 490 καί
3158 432 3526 504 λουσαμένῳ
3546 432 3802 491 omnium

2305 503 2444 573 Τῆςί
2476 508 2713 577 τρυγὸς,
2762 508 2944 576 ἄρτον
2978 506 3234 574 λιπαρὸν
3281 503 3384 559 καὶ
3433 504 3804 646 ﬁt:

2943 645 3215 714 Εῖὺψηθτάδ.

2363 741 2562 812 Σοφὸν
2586 741 2697 812 γὰρ
2725 729 3098 812 εὐδορλὲυμρ
3119 736 3224 812 τὰς
3244 734 3493 812 ἐξολλᾲς
3513 733 3701 812 κέραςῖ

2364 803 2512 880 Νιὶιᾷ
2541 803 2674 881 reip:
2700 807 2824 864 σὺν
2851 803 3088 878 όχλᾳίό
3111 805 3336 876 ἀμαθία
3362 803 3555 859 πλέον
3575 805 3738 860 κακόν
3756 804 3807 858 τ’.

2843 914 3061 978 ΛΟΓΟΣ
3110 917 3219 975 ΑΠ’
3253 919 3328 973 ⁷⁸.

2851 1017 2992 1086 Περὶ
3027 1015 3296 1082 ἐλπίδος.

2364 1109 2551 1166 Muta.
2599 1109 2675 1176 ς’.
2716 1137 2789 1152 ο·-
2836 1111 3177 1182 Ἐμὸλέψατε
3223 1113 3308 1176 είς
3357 1111 3434 1166 -τά
3488 1109 3696 1164 πετεινὰ
3739 1109 3811 1163 τοῦ

2291 1200 2546 1274 ούρανοῦ,
2597 1203 2679 1256 ὃτι
2720 1203 2780 1257 οὐ
2836 1203 3172 1273 σπείρουσιν,
3229 1202 3358 1257 οὐδὲ
3418 1202 3810 1272 θερίζουσιν,οὐ-

2292 1295 2350 1349 δὲ
2390 1295 2715 1364 συνάγουσιν
2767 1297 2848 1361 είς
2898 1297 3222 1369 ἀποθήκας,
3275 1298 3378 1351 καὶ
3410 1298 3441 1350 ό
3493 1296 3671 1368 Πατὴρ
3695 1297 3811 1367 ὑμῶν

2291 1388 2322 1439 ὁ
2377 1387 2631 1458 οὐράνιος
2684 1388 2874 1460 τρέφει
2917 1389 3080 1444 αὐτά.
3548 1431 3559 1435 -

2374 1479 2544 1549 Ῥωμ.
2568 1465 2937 1549 η’ξ-,Ἑλπὶς
2974 1482 3303 1554 βλεπομένη.
3338 1482 3445 1537 οὐκ
3478 1482 3620 1536 ἔστιν
3648 1482 3773 1544 ἐλπίς
3800 1499 3810 1511 ·

2291 1571 2321 1625 ό
2353 1571 2461 1644 γὰρ
2506 1571 2693 1642 βλέπει
2725 1590 2829 1638 τις,
2859 1575 2958 1628 οὐκ
2982 1574 3214 1639 ἐλπίζει.
3245 1577 3315 1630 Εἰ
3345 1575 3407 1628 δέ
3426 1574 3457 1628 ὃ
3477 1574 3539 1628 οὐ
3572 1573 3811 1645 βλέπομεν,

2294 1661 2604 1734 ἐλπίζομεν,
2634 1664 2704 1720 δι’
2728 1665 3007 1736 ὑπομονῆς
3031 1665 3474 1736 ἀπεκδεχόμεθα.

682 1743 817 1815 Sap.
844 1759 956 1808 xw,
986 1742 1356 1814 29.—Ingrati
1388 1755 1534 1811 spes,
1569 1735 1726 1811 quasi
1761 1741 1992 1795 hiberna
2033 1739 2181 1811 prui-

2361 1755 2504 1808 Σολ.
2534 1761 2632 1820 ις’.
2665 1786 2732 1799 -
2775 1735 3099 1828 Ἀχαρίστου
3124 1735 3412 1822 ἐλπίς,ὡς
3441 1756 3703 1827 χειμέριος
3734 1755 3810 1812 τό·

612 1847 683 1887 na
724 1832 1016 1902 liquescet,
1043 1841 1102 1888 et
1134 1833 1292 1903 quasi
1333 1849 1472 1903 aqua
1504 1831 1719 1887 inutilis
1750 1831 1990 1886 dililuet.

681 1923 812 1996 Sap.
835 1941 891 1991 v,
929 1925 1106 1980 lS.-—-
1134 1926 1273 1996 Spes
1309 1924 1465 1995 impii
1513 1933 1772 1994 tanquam
1799 1922 1981 1992 pulvis
2033 1922 2128 1992 qui
2161 1937 2193 1976 a

609 2024 778 2072 vento
806 2018 1038 2088 rapitur,
1072 2026 1128 2073 et
1183 2027 1244 2072 ut
1297 2015 1483 2071 fumus
1511 2014 1606 2085 qui
1635 2029 1668 2069 a
1696 2023 1866 2069 vento
1922 2012 2192 2068 dissufila-

614 2113 730 2172 tur,
764 2114 822 2162 et
858 2117 920 2162 ut
946 2107 1260 2163 recordatio
1289 2105 1525 2176 hospitis
1568 2103 1732 2159 unius
1760 2103 1868 2158 diei
1908 2102 2190 2173 praeteriit.

685 2197 854 2252 Eccli.
884 2181 1064 2253 11.4“.
1091 2226 1163 2237 —-
1191 2198 1471 2268 Respicite
1521 2196 1577 2250 in
1607 2195 1864 2264 antiquas
1920 2193 2190 2258 nationes,

609 2295 668 2340 et
693 2285 898 2354 videte,
923 2289 1050 2358 quis
1078 2287 1309 2344 confidit
1337 2288 1394 2343 in
1423 2288 1680 2352 Domino,
1709 2296 1766 2342 et
1787 2285 2050 2341 confusus
2066 2293 2152 2341 est
2175 2304 2190 2352 ;

619 2383 718 2429 aut
767 2376 893 2447 quis
946 2378 1252 2448 permansit
1301 2378 1355 2434 in
1412 2378 1610 2434 timore
1638 2379 1778 2450 ejus,
1830 2387 1887 2432 et
1944 2376 2194 2448 despexit

609 2463 771 2522 illum
793 2467 816 2520 2

644 2629 875 2712 Basilii,
906 2648 1099 2715 -Qui
1123 2648 1178 2704 in
1221 2650 1445 2705 homine
1471 2665 1625 2721 spem
1661 2651 1839 2721 ponit,
1883 2651 2063 2707 ullave
2084 2651 2190 2706 alia

611 2738 797 2792 saeculi
823 2753 884 2793 re
912 2739 1098 2795 animo
1123 2741 1375 2812 erigitur,
1409 2756 1518 2795 non
1553 2750 1734 2810 potest
1760 2741 1924 2812 630
1960 2741 2185 2798 dicere:

611 2828 676 2883 In
688 2837 756 2893 te,
773 2829 1014 2897 Domine,
1031 2833 1238 2902 speravi
1263 2829 1434 2902 (Psal.
1457 2833 1654 2900 xxxﬁ;
1679 2849 1832 2897 CXLV,
1851 2832 1930 2903 2.)
1944 2833 2190 2904 Praecep-

613 2929 728 2974 tum
747 2919 896 2976 enim
932 2930 1037 2986 est,
1070 2937 1139 2977 ne
1155 2921 1497 2978 conﬁdamus
1526 2924 1582 2978 in
1630 2923 1997 2993 principibus.

676 3010 868 3066 Laudo
895 3013 990 3082 qui
1014 3012 1170 3078 dixit,
1199 3028 1324 3069 esse
1355 3029 1486 3084 spes
1507 3014 1856 3084 vigilantium
1885 3013 2124 3069 somnia.

675 3121 944 3196 Theologi.
971 3124 1202 3182 —Cum
1243 3140 1441 3196 magna
1489 3133 1800 3205 sperantes,
1836 3125 1905 3180 iis
1956 3133 2185 3196 repente

2290 1861 2391 1918 χνη
2415 1847 2737 1919 τακήσεται,
2763 1848 2857 1902 καὶ
2891 1848 3152 1918 ρυήσεται
3179 1849 3258 1912 ὡς
3290 1847 3444 1920 ὕδωρ
3472 1848 3740 1921 ἄχρηστον.

2362 1940 2501 1992 Σολ.
2526 1944 2592 1993 e’.
2623 1967 2694 1980 —
2731 1938 2915 2002 Ἐλπὶς
2937 1937 3185 2004 ἀσεϐοῦς,
3212 1940 3291 2004 ὡς
3340 1939 3639 2010 φερόμενος
3691 1938 3813 2010 χνοῇ

2291 2028 2396 2082 ὑπὸ
2420 2029 2648 2100 ἀνέμου,
2675 2030 2771 2084 καὶ
2802 2030 2878 2095 ὡς
2907 2031 3115 2096 καπνὸς
3141 2030 3248 2084 ὑπὸ
3276 2032 3491 2104 ἀνέμου
3509 2032 3809 2095 διαλυθεῌκ

2290 2119 2385 2172 καὶ
2435 2118 2511 2182 ὡς
2561 2119 2718 2190 μνεία
2766 2121 3069 2175 καταλύτου
3136 2124 3486 2195 μονοημέρου
3515 2123 3761 2193 διωδεύθη.

2361 2211 2545 2281 Σιρὰχ
2588 2212 2672 2276 β’.
2702 2243 2772 2252 —
2809 2213 3148 2285 Ἑμσλέψατε
3194 2217 3277 2281 είς
3327 2215 3433 2280 τὰς
3495 2217 3708 2288 ἀρχαίας
3741 2233 3809 2283 γε·

2291 2301 2438 2365 νεάς,
2471 2303 2564 2357 καὶ
2621 2303 2779 2370 ῐδετε,
2819 2305 2905 2371 τίς
2953 2308 3184 2378 ἤλπισεν
3220 2309 3314 2362 ἐπὶ
3341 2308 3549 2380 Κύριον
3582 2310 3674 2364 καὶ
3710 2301 3838 2362 καθ’

2290 2393 2566 2465 ῃσχύνθη,
2599 2395 2634 2466 ἦ
2669 2397 2754 2460 τίς
2801 2398 3079 2468 ἐνέμεινεν
3119 2399 3180 2455 ἐν
3225 2400 3302 2472 τῷ
3353 2400 3508 2472 φόϐῳ
3545 2399 3714 2468 αὐτοῦ,
3740 2402 3809 2454 καὶ

2291 2486 2575 2558 ὑπερεῖδεν
2607 2489 2789 2544 αὐτόν.

2359 2578 2704 2634 Βασιλείου.
2737 2610 2809 2620 -
2848 2581 2906 2635 Ὁ
2957 2582 3042 2636 ἐπ’
3067 2583 3364 2654 ἄνθρωπον
3413 2584 3658 2650 ἐλπίζων,
3685 2584 3712 2653 ῆ
3743 2582 3808 2635 ἐπ’

2289 2669 2420 2724 ἄλλο
2446 2687 2500 2724 τι
2526 2672 2636 2725 τῶν
2669 2672 2813 2726 κατά
2840 2673 2932 2726 τδν
2993 2673 3108 2745 βίον
3140 2661 3628 2746 μετεωριζόμενος,
3661 2675 3716 2728 οὐ
3743 2673 3808 2728 δύο

2288 2777 2442 2814 ναται
2466 2762 2660 2816 εἰπεῖν·
2704 2764 2835 2818 Ἐπί
2863 2763 2958 2832 σὲ,
2981 2767 3180 2835 Κύριε,
3208 2765 3804 2839 ἦλπισα.,Παράτγελμα

2285 2853 2396 2925 γάρ
2427 2855 2542 2907 ἐστι
2574 2855 2650 2926 μὴ
2689 2855 2930 2922 ἐλπίζειν
2949 2858 3036 2911 ἐπ’
3075 2858 3368 2930 ἄρχοντας.

2369 2946 2610 3001 Ἐπαινῶ
2637 2947 2729 3001 τὸν
2748 2947 2993 3013 εἰπόντα,
3026 2950 3127 3013 τὰς
3176 2950 3416 3016 ἐλπίδας
3462 2947 3599 3006 εἶναι
3639 2967 3797 3023 γρηγο-

2291 3038 2528 3110 ρούντων
2559 3040 2810 3098 ἐνύπνια.

2359 3132 2677 3202 Θεολόγου.
2704 3163 2772 3174 -
2816 3136 2986 3189 Ὅταν
3037 3136 3249 3208 μεγάλα
3281 3137 3601 3202 ἐλπίσαντες
3633 3135 3801 3206 ἀθρίως

606 3212 878 3270 fuerimus
906 3215 1092 3286 potiti,
1142 3215 1407 3286 opinione
1456 3215 1674 3273 minora
1729 3216 2010 3281 videntur,
2063 3232 2181 3288 qua

2284 3222 2400 3285 τοῖς
2431 3221 2768 3280 ἐλπισθεῖσιν
2795 3227 3131 3299 ἐντύχωμεν,
3165 3231 3388 3294 ἐλάττω
3415 3231 3518 3301 τῆς
3535 3231 3675 3300 δόξης
3696 3230 3797 3300 ὁρᾶ-

606 3305 756 3360 nacti
788 3305 1077 3363 fuerimus.

677 3393 792 3449 Nec
820 3394 988 3451 nimis
1015 3395 1314 3463 confidere,
1343 3412 1447 3453 nec
1469 3397 1628 3454 valde
1654 3397 1971 3470 desperare.

672 3485 926 3542 Alterum
962 3487 1111 3543 enim
1152 3488 1402 3545 animum
1446 3489 1722 3556 dissolvit,
1760 3491 1995 3546 alterum
2024 3508 2184 3549 ever-

608 3579 699 3634 ιίι.

673 3670 806 3738 Quae
824 3672 949 3742 quis
970 3687 1042 3728 ne
1071 3673 1178 3729 sibi
1203 3673 1525 3730 acciderent
1552 3675 1775 3743 metuit,
1808 3675 1912 3732 etsi
1945 3691 2053 3732 non
2086 3690 2179 3730 ac-

603 3762 882 3829 ciderunt,
910 3780 976 3820 ac
1003 3766 1050 3822 si
1094 3765 1426 3823 accidissent
1453 3768 1708 3838 pertulit.

676 3856 736 3910 ln
765 3856 886 3927 ipso
918 3866 1106 3927 portu,
1142 3843 1408 3931 prospera
1431 3861 1708 3933 navigatio
1728 3861 1921 3918 multis
1948 3861 2002 3916 in
2040 3877 2162 3917 nau-

601 3945 840 4018 fragium
874 3951 1072 4015 cessit;

672 4039 858 4095 Multis
893 4056 981 4116 cx‘
1008 4041 1130 4094 dira
1166 4041 1404 4110 procella
1459 4041 1606 4096 felici
1651 4041 1802 4096 exitu
1849 4043 1918 4096 ad
1953 4052 2172 4112 portum

599 4129 833 4199 appulsa
856 4130 1036 4186 navis.

670 4219 783 4277 Nec
819 4220 1035 4293 deiecto
1065 4221 1294 4279 tristitia
1321 4223 1507 4279 animo
1531 4223 1923 4295 iucundiorem
1975 4225 2173 4297 despe-

2283 3328 2374 3368 ται
2401 3313 2470 3367 τά
2491 3303 2817 3387 φαινόμενα.
3495 3366 3498 3370 -

2353 3405 2444 3476 Μὴ
2479 3407 2684 3479 σφόδρα
2711 3409 2956 3484 θαρρεῖν,
2992 3413 3119 3483 μηδ’
3151 3413 3482 3480 ἀπελπίζειν
3507 3416 3653 3484 ἄγαν.

2353 3494 2426 3548 Τὸ
2456 3496 2554 3565 μὲν
2580 3498 2688 3569 γὰρ
2713 3499 2934 3554 ἐκλύει·
2969 3501 3031 3556 τὺ
3055 3502 3113 3556 δὲ
3144 3503 3469 3575 ἀνατρέπει.

2357 3677 2420 3729 Ἃ
2453 3677 2562 3750 γάρ
2587 3695 2674 3742 τις
2700 3679 2775 3743 ὡς
2803 3679 3127 3752 πεισόμενος
3152 3682 3387 3749 δέδοικε,
3425 3682 3588 3737 ταῦτα
3608 3675 3792 3732 πέπονθε

2251 3777 2263 3784 “
2281 3770 2385 3824 κᾶν
2420 3771 2494 3843 μὴ
2520 3772 2688 3844 πάθῃ.

2349 3861 2568 3927 Πολλοῖς
2596 3863 2732 3934 πρὸς
2753 3864 2942 3936 ὅρμοις
2968 3865 3230 3922 εὐπλοῶν
3258 3867 3349 3922 ἔδυ
3384 3870 3605 3938 σκάφος.

2349 4039 2540 4094 Πολλοὶ
2561 4042 3066 4114 προσωρμίσθησαν
3089 4046 3153 4099 ἐκ
3168 4045 3494 4118 τρικυμίας.

2343 4210 2501 4282 Μήτε
2542 4212 2771 4283 ἀθυμῶν
2798 4215 3108 4289 ἀπελπίσῃς
3140 4217 3470 4290 εὐημερίαν,
3497 4217 3624 4288 μήτε
3650 4209 3785 4270 καλῶς

600 4324 691 4365 res
720 4308 866 4365 diem
904 4329 919 4366 :
949 4327 1052 4368 nec
1079 4328 1263 4368 rerum
1286 4313 1432 4392 felici
1455 4293 1599 4370 statu
1623 4315 1826 4371 nullam
1852 4293 2168 4375 maestitiam

2279 4302 2532 4372 πράττων
2556 4293 2816 4384 ἀθυμίαν.

598 4408 906 4468 exspectes.

668 4484 848 4546 Unum
899 4491 956 4546 in
1012 4491 1180 4548 rebus
1215 4491 1433 4549 firmum
1462 4501 1548 4550 est
1588 4509 1653 4550 ac
1688 4493 1908 4562 stabile,
1937 4510 2067 4567 spes
2109 4494 2166 4550 in

596 4579 800 4648 Deum;
837 4582 1049 4654 reliqua
1070 4583 1257 4639 omnia
1282 4593 1482 4655 suopte
1519 4586 1683 4656 genio
1727 4601 1838 4642 non
1880 4595 2028 4652 sunt,
2073 4587 2170 4642 sed

593 4682 859 4745 putantur
877 4689 1020 4732 esse.

667 4761 1022 4836 Chrysost.—
1046 4765 1191 4821 Fieri
1220 4781 1332 4820 non
1370 4775 1551 4836 potest
1591 4774 1652 4821 ut
1689 4766 1987 4822 frustretur
2034 4766 2164 4834 fine,

592 4848 688 4921 qui
719 4859 833 4907 toto
859 4854 1043 4910 animo
1063 4854 1120 4909 in
1149 4854 1318 4909 Deum
1348 4870 1595 4925 sperans,
1617 4870 1739 4926 quae
1762 4870 1860 4911 sua
1884 4865 2012 4911 sunt
2036 4870 2170 4912 con—
2203 4860 2206 4864 ’

595 4938 704 4995 fert
724 4942 929 4998 omnia.

662 5031 819 5103 Greg.
843 5034 1073 5107 Nyss.—
1094 5034 1396 5100 Bonorum,
1415 5047 1537 5104 quae
1557 5033 1718 5090 nobis
1749 5046 2163 5105 exspectantur,

591 5119 695 5177 ﬂos
718 5123 938 5180 atllictio
969 5134 1055 5181 est
1074 5141 1139 5182 ac
1166 5141 1432 5180 aerumna.
1460 5123 1530 5181 Ut
1551 5124 1721 5198 igitur
1747 5124 1988 5182 fructum
2021 5144 2164 5184 nan-

528 5283 532 5296 ‘
595 5211 884 5278 ciscamur,
912 5215 1075 5270 etiam
1111 5213 1302 5270 ﬂorem
1332 5213 1717 5284 decerpamus.

662 5301 867 5357 Nili.-—
886 5304 1325 5376 [inexspectatum
1347 5306 1551 5361 malum
1577 5307 1801 5361 omnino
1825 5307 2010 5362 turbat
2033 5322 2161 5362 cum

591 5391 871 5459 inciderit;
896 5404 1268 5465 exspectatum
1302 5407 1508 5463 autem,
1539 5396 1686 5467 quod
1721 5397 1962 5456 animum
1989 5398 2058 5454 ad
2096 5398 2166 5454 il-

589 5483 686 5539 lud
726 5483 1146 5554 perpetiendum
1180 5499 1431 5559 paratum
1485 5492 1748 5558 inveniat,
1792 5490 1969 5546 levius
2024 5505 2167 5561 quo-

589 5575 883 5631 dummodo
906 5577 1111 5631 evadit.

2351 4477 2450 4531 Ἔν
2483 4480 2633 4532 ἐστιν
2675 4480 2735 4534 ἐν
2789 4484 2902 4542 τοῖς
2933 4483 3053 4537 οὖσι
3101 4485 3163 4539 τὸ
3198 4486 3455 4557 μόνιμον,
3488 4488 3520 4556 ή
3552 4485 3670 4556 πρὸς
3687 4478 3788 4534 θεὸν

2275 4565 2428 4630 ἐλπίς
2458 4584 2473 4599 ο
2501 4566 2572 4620 τά
2601 4567 2660 4621 δὲ
2687 4567 2821 4624 ἀλλα
2848 4572 3050 4638 πάντα,
3087 4575 3206 4645 οὐχί
3229 4576 3344 4630 ἐστι
3378 4580 3448 4650 τῇ
3473 4576 3619 4647 φύσει
3638 4617 3652 4640 ,
3682 4570 3784 4625 ἀλλᾶ

2274 4657 2575 4729 νομίζεται.

2345 4755 2646 4819 Χρυσοστ.
2687 4781 2758 4790 -
2796 4756 3101 4828 Ἀμήχανον
3129 4757 3222 4812 τοῦ
3239 4759 3433 4824 τέλους
3455 4757 3698 4819 ἐκπεσεῖν,
3711 4749 3782 4803 τὸν

2273 4845 2367 4918 ὅλῃ
2407 4847 2616 4920 διανοίᾳ
2663 4850 2757 4903 ἐπὶ
2799 4850 2892 4904 τὸν
2938 4849 3070 4911 Θεὸν
3117 4851 3427 4918 ἐλπίζοντα,
3452 4852 3542 4906 καὶ
3582 4847 3646 4902 τὰ
3683 4840 3782 4910 παρ’

2273 4939 2468 4994 ἑαυτοῦ
2496 4942 2674 4995 πάντα
2707 4942 3051 5012 εἰσφέροντα.

2336 5033 2519 5101 Γρηγ.
2568 5035 2723 5088 Νύσ.
2752 5062 2818 5075 -
2853 5033 2976 5088 Τῶν
3019 5034 3491 5105 προσδοκωμένων
3536 5021 3777 5099 ἀγαθῶνῆ

2263 5122 2444 5194 θλίψις
2464 5124 2626 5189 ἀνθος
2657 5126 2796 5180 ἐστί.
2853 5125 2951 5180 Διά
2981 5122 3075 5181 οὖν
3103 5127 3194 5180 τὸν
3233 5127 3468 5199 καρπὸν,
3507 5126 3593 5179 καὶ
3631 5117 3684 5173 τὸ
3704 5114 3772 5168 ἄν·

2263 5214 2356 5280 θος
2383 5214 2731 5287 δρεψώμεθα.

2341 5306 2582 5360 Νείλου.
2615 5335 2684 5346 --
2717 5306 2792 5359 Τὸ
2818 5306 3226 5378 ἀπροσδόκητον
3250 5307 3420 5360 κακὸν
3451 5301 3654 5375 θορυϐεῖ
3666 5296 3769 5351 πάνυ

2265 5411 2374 5458 τως
2395 5395 2619 5450 ἐπελθόν
2642 5414 2657 5430 ο
2693 5398 2758 5450 τὸ
2791 5397 2848 5452 δὲ
2897 5398 3231 5468 προδοκηθὲν
3272 5397 3510 5468 εὐτρεπῆ
3558 5390 3673 5463 πρὸς
3694 5384 3770 5451 τὴν

2264 5490 2459 5558 πεῖραν
2512 5489 2670 5561 εὐρὺν
2735 5490 2827 5542 τὸν
2880 5489 3158 5560 λογισμὸν,
3197 5490 3524 5560 κουφότερον
3569 5480 3693 5538 ποιεί
3724 5472 3768 5526 τὸ

2213 5583 2228 5590 ”
2260 5580 2453 5634 δεινόν.

1849 5674 2080 5733 νΑιιυΕ
2122 5673 2526 5732 LECTIONES.

661 5766 706 5798 "
741 5765 801 5820 Β.
849 5766 1105 5838 φέροντα.
1174 5768 1225 5836 ,⁷⁷
1249 5767 1412 5825 Plura
1439 5771 1713 5827 Antonius
1745 5771 1828 5854 tit'.
1857 5771 1946 5827 75.
2019 5772 2066 5860 ’ξ
2098 5771 2194 5826 Est
2219 5771 2277 5825 in
2308 5771 2471 5826 Gesn.
2510 5769 2662 5827 Stob.
2693 5771 2818 5829 260.
2869 5825 2872 5828 ί
2900 5774 2943 5804 ⁷⁹
2974 5772 3088 5827 Bal.
3120 5773 3359 5842 διελύθη.
