3964 6276
143 299 245 362 917

1452 299 1620 361 LOCI
1657 298 2093 365 COMMUNES.

3319 306 3435 374 918

205 402 405 478 Σιρᾱχ
431 414 560 464 κε’.
609 440 676 453 -
710 407 797 471 Ὠς
849 409 1052 480 ὡραίον
1110 396 1325 475 πολιαῖς
1374 410 1596 482 κρίσις,
1653 409 1748 465 καὶ

1922 412 2089 467 Eccli.
2120 428 2272 478 nm,
2301 412 2368 479 6;
2416 428 2511 478 vn,
2552 414 2872 481 L—Quam
2914 415 3224 486 speciosum
3273 418 3428 474 canis

138 500 581 572 πρεσϐυτέροις
610 498 907 568 ἐπιγνῶναι
935 500 1152 571 βουλήν.

213 591 307 655 Ὠς
357 590 575 661 ὡραία
624 590 895 662 γερόντων
947 592 1145 661 σοφία,
1207 594 1302 646 καὶ⁵
1347 592 1752 663 δεδοξασμένοις

137 683 505 752 διανοήματα
525 683 581 715 ⁸⁸
610 682 802 753 βουλῆς
826 682 839 735 l

220 772 565 844 Ἐμίσησεν
600 776 633 846 ή
657 774 803 845 ψυχή
835 791 935 845 μου
962 774 1192 846 γέροντα
1220 774 1406 848 μοιχὸν
1430 816 1445 842 ,
1501 776 1755 832 ἐλαττού-

145 882 309 937 μενον
348 864 620 919 συνέσει.

208 958 447 1012 Βασιλ.
502 987 591 997 —
633 956 803 1011 Πλέον
850 957 930 1031 τῷ
970 958 1086 1014 ὄντι
1117 962 1218 1031 τῆς
1246 959 1361 1015 ὲν⁸⁷
1391 961 1537 1033 Θριξὶ
1564 960 1753 1015 λευκό-

142 1063 307 1117 τητος
360 1047 457 1109 είς
506 1047 898 1120 πρεσϐυτέρου
946 1048 1246 1116 σύστασιν,
1299 1051 1360 1105 τδ
1405 1053 1464 1106 έν
1494 1052 1755 1123 φρονήσει

143 1140 638 1213 πρεσϐυτερικόν.

211 1232 495 1303 Διαφέρει
534 1234 635 1288 τοῦ
665 1235 858 1306 νηπίου
890 1234 1016 1290 καθ’
1038 1236 1258 1307 ήλικίαν
1286 1236 1462 1300 οὐδὲν,
1495 1236 1524 1290 ὁ
1553 1237 1612 1290 ὲν
1632 1238 1756 1302 ταῖς

145 1324 312 1395 φρεσὶ
342 1326 680 1396 νηπιάζων.

216 1416 571 1487 Θεολόγου.
597 1450 669 1459 -
691 1418 927 1490 Δίσχρδν
957 1419 1058 1491 τὴν
1091 1418 1189 1490 μὲν
1216 1419 1435 1491 ήλικίαν
1463 1418 1752 1492 παρακμὼ

150 1522 258 1570 σαι,
297 1506 382 1577 μὴ
408 1508 801 1581 παρακμάσαι
827 1510 884 1564 δὲ
914 1510 1016 1582 τὴν
1045 1511 1336 1580 ἀσέλγειαν
1350 1513 1416 1566 ⁸⁸.

215 1599 570 1654 Παιδεύεταί
595 1618 649 1654 τι
683 1602 780 1655 καὶ
810 1600 1003 1666 πολιὰ,
1050 1602 1143 1656 καὶ
1171 1603 1233 1657 οὐ
1260 1603 1435 1675 πάντη
1464 1604 1525 1657 τὸ
1552 1603 1749 1675 γῆρας,

152 1690 226 1755 ὡς
254 1689 472 1759 ἔοικεν,
509 1692 597 1757 είς
624 1690 843 1753 σύνεσιν
871 1692 1198 1759 ἀξιόπιστον.

220 1866 548 1934 Χρυσοστ.
574 1897 647 1907 -
670 1866 841 1921 Πολιὰ
867 1866 928 1922 οὐ
954 1867 1138 1940 τρίχες
1163 1867 1376 1933 λευκαὶ,
1417 1869 1554 1924 ἀλλά
1576 1870 1753 1941 ψυχῆς

158 1955 373 2012 ἀρεταί.

255 1971 373 2012 ται.

196 1971 320 2116 μω)
372 2047 476 2101 τὸν
532 2047 658 2101 νέον
703 2047 959 2104 διάϐαλλε
985 2065 997 2079 ·
1057 2049 1193 2121 μηδὲ
1258 2050 1351 2104 τὸν
1406 2053 1753 2123 γεγηρακότα

160 2134 368 2207 ἐπαίνει
392 2151 411 2169 ⁸
473 2136 610 2191 οὔτε
641 2136 750 2211 γὰρ
782 2140 841 2192 έν
861 2142 928 2212 τῇ
953 2141 1190 2213 διαφορᾷ
1214 2142 1312 2212 τῆς
1334 2141 1552 2213 ἡλικίας
1585 2144 1752 2214 ἀρετὴ

166 2227 255 2280 καὶ
284 2227 488 2296 κακία,
526 2228 651 2285 ἀλλ’
672 2230 731 2284 έν
757 2232 824 2302 τῇ
850 2231 1081 2304 διαφορᾷ
1112 2232 1212 2301 τῆς
1237 2232 1483 2303 γνώμης.

232 2411 282 2462 Γ
274 2427 425 2480 pm‘.
448 2412 732 2468 Νύσσ.-
775 2412 899 2467 Ἐπὶ
924 2416 1126 2478 παντὸς
1167 2414 1245 2479 ὠς
1281 2416 1375 2468 ἐπὶ
1403 2416 1538 2470 πολὺ
1574 2419 1752 2487 πράγ-

174 2516 369 2568 ματος,
405 2500 728 2573 ἐπισφαλὴς
757 2503 1058 2575 σύμϐουλος
1089 2506 1121 2576 ή
1151 2507 1339 2578 νεότης
1360 2524 1375 2539 ·
1433 2508 1527 2561 καὶ
1562 2509 1662 2563 οὐκ
1688 2511 1753 2564 ἄν

174 2608 252 2654 τις
301 2593 511 2664 ῥᾳδίως
564 2593 974 2669 κατώρθωσέτι
1006 2597 1113 2650 τῶν
1166 2598 1405 2669 σπουδῆς
1452 2599 1619 2666 ἀξίων
1644 2642 1658 2667 ,
1708 2592 1753 2670 ᾧ

176 2683 246 2754 μὴ
258 2683 352 2737 καὶ
365 2685 535 2740 πολιὰ
560 2687 998 2760 συμπαρελήφθη
1019 2690 1153 2762 πρὸς
1176 2691 1461 2746 κοινωνίαν
1481 2691 1575 2747 τοῦ
1593 2693 1753 2766 σκέμ-

180 2791 362 2842 ματος.

241 2868 460 2924 Φίλων.
478 2899 552 2910 -
586 2869 646 2923 '0
673 2871 901 2944 ἀληθείᾳ
929 2873 1297 2946 πρεσϐύτερος
1314 2913 1330 2939 ,
1374 2875 1475 2930 οὐκ
1501 2876 1559 2928 ὲν
1585 2876 1751 2949 μήκει

182 2960 385 3029 χρόνου,
422 2961 546 3016 ἀλλ’
565 2962 841 3035 ἑπαινετῷ
872 2964 965 3018 καὶ
992 2964 1183 3035 τελείῳ
1214 2964 1315 3036 βίῳ
1343 2964 1649 3037 θεωρεῖται.

241 3134 560 3205 Εὐαγριου.
584 3166 659 3180 -
678 3136 753 3192 Τδ
773 3136 989 3210 ἔντιμον
1017 3141 1076 3194 ὲν
1100 3142 1248 3214 γήρᾳ
1271 3137 1411 3195 εἶναι
1432 3188 1448 3209 ,
1482 3141 1755 3209 ἀπόδειξις

186 3224 271 3279 τοῦ
300 3227 595 3296 φιλόπονον
622 3231 729 3303 πρὸ
749 3232 936 3303 γήρως
960 3234 1263 3302 γεγονέναι·
1296 3235 1361 3289 τὸ
1382 3235 1441 3289 δὲ
1468 3236 1756 3291 σπουδαῖον

190 3316 241 3375 ὲν
269 3320 391 3392 νέῳ,
423 3322 699 3395 ἐχέγγυον
732 3324 827 3383 τοῦ
852 3324 1071 3396 ἔντιμον
1098 3329 1156 3380 ὲν
1179 3328 1327 3399 γήρᾳ
1352 3328 1591 3385 ἔσεσθαι.

264 3502 438 3561 Ἀνθεῖ
469 3508 616 3580 πρὸς
645 3509 959 3579 ἐπιστήμην
986 3508 1168 3581 ψυχὴ,
1219 3509 1383 3563 ὁπότε
1423 3511 1479 3563 αἱ
1517 3508 1610 3563 τοῦ
1650 3508 1757 3565 σώ-

197 3614 351 3667 ματος
381 3602 565 3672 ἀκμαὶ
596 3602 787 3672 χρόνου
820 3601 987 3673 μήκει
1019 3602 1391 3673 περαίνονται.

250 3690 482 3746 Νείλου.
527 3720 603 3733 —-
649 3690 783 3763 Θρὶξ
814 3690 1184 3764 λελευκαμένη
1203 3733 1219 3758 ,
1252 3692 1353 3764 τὴν
1382 3689 1629 3745 ἐντεῦθεν
1660 3689 1757 3760 τῆς

196 3778 359 3852 ψυχῆς
387 3783 710 3856 ἀποδημίαν
740 3786 838 3858 βοᾷ
870 3785 968 3839 καὶ
993 3786 1444 3859 διαμαρτύρεται.

259 3875 741 3945 ωουτάρχ.-⁹Ο
767 3875 867 3947 μὲν
892 3875 1123 3947 χειμὼν,
1148 3877 1377 3949 σκέπης·
1404 3878 1463 3933 τὸ
1481 3878 1538 3933 δὲ
1558 3879 1756 3953 γῆρας,

199 3962 416 4030 ἀλυπίας
448 3966 649 4022 δεῖται.

264 4138 574 4210 Πλουτάρχ
590 4138 872 4196 ⁸⁹.-Ἦδύ
904 4140 1060 4195 ἐστιν,
1080 4139 1269 4211 ὥσπερ
1300 4141 1440 4212 φίλῳ
1462 4141 1755 4216 σπουδαίῳ,

200 4224 325 4281 οὕτω
352 4231 451 4289 καὶ
472 4232 624 4302 λόγῳ
653 4230 805 4302 καλῷ
835 4232 1261 4303 συγγηράσκειν.

1851 501 2147 574 judicium,
2175 512 2231 558 et
2259 503 2599 574 presbyteris
2632 502 2774 559 scire
2806 506 3131 561 consilium!

1924 580 2096 659 Quam
2121 592 2371 664 speciosa
2397 607 2589 647 senum
2618 593 2905 663 sapientia,
2935 603 2993 649 et
3020 595 3273 664 gloriosis
3299 614 3429 654 con-

1855 683 1964 739 silii
1992 683 2386 754 intelligentia!

1925 774 2055 831 Odit
2083 775 2263 830 anima
2297 790 2420 831 mea
2453 790 2641 831 senem
2670 774 3004 839 adulterum,
3035 784 3094 830 et
3122 776 3218 845 qui
3264 792 3431 835 sensu

1855 864 2159 922 deﬁciatur.

1924 957 2133 1014 Basilii.
2156 987 2225 997 —
2246 956 2376 1013 Plus
2420 972 2612 1013 revera
2655 956 2724 1013 ad
2768 956 3080 1029 presbyteri
3111 958 3189 1029 (id
3228 965 3313 1014 est
3345 974 3431 1014 se-

1854 1048 2052 1118 nioris)
2088 1048 2620 1104 commendationem
2670 1047 2823 1113 facit,
2852 1048 3045 1103 senilis
3114 1049 3427 1118 prudentia,

1855 1155 2018 1213 quam
2050 1138 2301 1196 canities.

1923 1230 2071 1286 Nihil
2110 1230 2300 1285 ditl‘ert
2342 1230 2411 1285 ab
2458 1245 2527 1286 eo
2563 1229 2669 1299 qui.
2700 1230 2864 1285 annis
2902 1245 3074 1300 puer,
3118 1230 3213 1300 qui
3261 1228 3429 1284 animi

1855 1339 2016 1380 sensu
2053 1322 2351 1388 puerascit.

1927 1412 2481 1484 Theologi.—Turpe
2531 1419 2616 1466 est
2663 1411 2865 1481 pubem
2917 1409 3237 1468 deﬂoruisse
3260 1451 3275 1475 ,
3327 1426 3429 1467 nec

1853 1505 2138 1561 libidinem
2173 1504 2532 1559 deferbuisse.

1922 1596 2098 1652 Etiam
2125 1596 2355 1651 canities
2385 1596 2593 1666 aliquid
2639 1595 2823 1661 discit,
2856 1610 2959 1651 nec
3002 1596 3229 1651 omnino
3270 1612 3429 1652 sene-

1853 1699 2001 1754 ctus,
2053 1688 2134 1745 uti
2176 1704 2277 1760 par
2318 1697 2422 1753 est,
2466 1704 2687 1744 omnem
2747 1696 2908 1743 nacta
2966 1688 3291 1759 sapientiam
3327 1704 3430 1759 pu-

1781 1751 1827 1812 B
1857 1751 2021 1836 tanda
2053 1790 2157 1838 est.

1925 1866 2193 1939 Chrysost.
2214 1900 2282 1909 —
2301 1869 2460 1935 Cani,
2494 1884 2603 1924 non
2628 1868 2932 1923 albicantes
2959 1867 3163 1938 capilli,
3198 1867 3294 1923 sed
3322 1868 3435 1923 vir-

1856 1969 2001 2015 tutes
2025 1960 2213 2015 animi.
3335 2012 3351 2027 ,

1921 2049 2002 2104 Ne
2031 2049 2223 2120 juveni
2269 2050 2549 2131 detrahas,
2583 2066 2722 2106 neve
2754 2066 2882 2106 eum
2913 2048 3108 2105 laudes
3144 2050 3240 2120 qui
3270 2050 3432 2121 longo

1854 2148 2148 2208 provectus
2182 2138 2337 2194 senio
2366 2139 2438 2193 sit
2465 2157 2477 2192 :
2508 2153 2617 2193 non
2650 2138 2800 2193 enim
2828 2139 2883 2193 in
2913 2138 3092 2194 aetatis
3115 2138 3433 2194 discrimine

1854 2230 2030 2300 posita
2070 2231 2232 2302 635
2276 2230 2454 2286 virtus
2502 2238 2587 2285 est
2641 2245 2705 2285 ac
2750 2230 2982 2296 malitia,
3027 2229 3123 2286 sed
3168 2231 3223 2286 in
3262 2230 3431 2286 animi

1854 2322 1955 2378 alia
1994 2323 2211 2391 aliaque
2250 2322 2545 2377 sententia.

1924 2416 2077 2485 (ἶνες.
2109 2413 2265 2485 Nysa.
2290 2445 2357 2454 —
2378 2414 2435 2469 In
2462 2416 2617 2469 omni
2642 2414 2755 2471 fere
2779 2414 2999 2486 negotio
3016 2415 3280 2486 juvenum
3303 2426 3435 2468 con-

1853 2509 1973 2585 silia
2005 2524 2194 2579 parum
2239 2517 2353 2562 tuta
2388 2515 2536 2573 sunt,
2580 2518 2855 2578 nemoque
2889 2507 3013 2580 ejus
3052 2506 3231 2563 aetatis
3273 2504 3431 2561 facile

1853 2602 2079 2674 dignum
2129 2601 2336 2670 aliquid
2389 2602 2737 2662 aemulatione
2794 2601 3147 2672 praestiterit,
3201 2614 3266 2658 ac
3322 2599 3447 2661 nisi

1854 2692 1976 2747 cani
2010 2690 2215 2746 auxilio
2248 2690 2479 2745 fuerint.

1926 2867 2393 2935 Philonis.—Qui
2442 2868 2674 2923 veritate
2721 2870 2909 2924 senior
2951 2845 3055 2932 est,
3100 2883 3213 2923 non
3257 2866 3434 2924 atatis

1854 2961 2218 3033 longitudine,
2250 2960 2343 3015 sed
2371 2958 2631 3014 laudabili
2663 2975 2727 3014 ac
2753 2961 2995 3031 perfecta
3026 2961 3137 3015 vita
3176 2962 3433 3017 conside-

1857 3060 2028 3108 ratur.

1928 3147 2396 3219 Evagrii—Quod
2427 3147 2735 3203 veneranda
2753 3149 2879 3220 quis
2909 3156 3190 3205 senectute
3207 3149 3431 3221 fulgeat,

1857 3239 2061 3294 indicio
2084 3246 2170 3295 est
2194 3248 2322 3294 ante
2348 3249 2694 3295 senectutem
2729 3239 2957 3295 virtutis
2985 3239 3204 3295 labores
3242 3240 3435 3296 sedulo

1856 3330 2123 3395 coluisse;
2153 3329 2402 3385 studiose
2438 3338 2623 3385 autem
2646 3330 2795 3387 culta
2828 3330 2942 3385 vita
2966 3331 3206 3408 juvenis,
3238 3332 3435 3403 pignus
3539 3342 3564 3367 '

1855 3428 1939 3475 est
1969 3418 2269 3473 senectutis
2298 3418 2352 3472 in
2379 3425 2662 3489 posterum
2691 3418 3037 3475 venerationi
3071 3418 3362 3474 habendae.

1927 3511 2081 3565 Tunc
2122 3510 2284 3565 ﬂoret
2320 3509 2538 3564 animus
2572 3509 2641 3564 ad
2687 3509 2997 3575 scientiam,
3033 3524 3159 3564 cum
3186 3509 3435 3579 corporis

1859 3601 2012 3671 vigor
2045 3597 2389 3669 longevitate
2423 3598 2733 3654 marcescit.

1923 3689 2053 3744 Nili.
2076 3686 2299 3743 —Cani
2330 3687 2655 3751 albicantes,
2687 3688 2882 3743 animae
2901 3689 3014 3761 jam
3050 3688 3178 3743 inde
3201 3688 3435 3759 emigra-

1859 3783 2062 3838 tionem
2101 3781 2358 3844 clamant,
2389 3782 2620 3852 ejusque
2661 3780 3036 3836 testimonium
3068 3779 3221 3834 dant.

1926 3873 2217 3928 Plutarchi.
2242 3902 2310 3911 —
2327 3870 2514 3929 Hiems
2538 3872 2763 3943 quidem
2793 3881 2850 3928 et
2879 3872 3087 3944 pluvia,
3123 3880 3270 3929 tecto
3295 3871 3437 3927 indi-

1856 3973 1978 4038 get;
2005 3976 2261 4021 senectus
2305 3972 2510 4028 autem,
2538 3963 2708 4018 animi
2751 3963 3048 4019 serenitate
3088 3971 3144 4018 et
3174 3972 3238 4021 ut
3265 3978 3435 4017 vacua

1859 4056 2081 4112 tristitia
2105 4055 2196 4111 sit.
3168 4099 3171 4102 ι

1894 4162 1908 4178 ·
1926 4149 2221 4204 Plutarchi.
2244 4178 2312 4188 —
2332 4146 2648 4203 Jncundum
2683 4145 2845 4217 plane
2871 4154 2931 4200 ut
2961 4160 3087 4201 cum
3116 4145 3296 4201 amico
3320 4160 3438 4200 nio-

1858 4256 1980 4295 rum
2012 4241 2298 4297 honestate
2327 4239 2648 4310 conspicuo,
2678 4238 2759 4293 sic
2784 4252 2909 4293 cum
2953 4237 3185 4294 honesta
3220 4238 3434 4295 ratione

1859 4332 2280 4402 eruditioneque
2315 4345 2743 4387 consenescere.

267 4400 672 4478 Παρεκελεύετο
697 4403 812 4467 τοῖς
836 4403 979 4466 νέοις
1006 4400 1136 4477 τρία
1159 4402 1327 4456 ταῦτα
1350 4402 1516 4473 ἔχειν,
1539 4404 1634 4457 ἐπὶ
1658 4403 1753 4474 μὲν

1929 4421 2167 4477 Juvenes
2191 4400 2519 4475 hortabatur
2543 4419 2649 4475 tria
2682 4419 2801 4475 haec
2842 4418 3048 4475 habere
3081 4435 3095 4472 :
3127 4419 3183 4474 in
3228 4418 3434 4482 animo,

207 4494 291 4563 τῆς
330 4498 554 4571 γνώμης
578 4539 593 4562 ,
643 4498 1033 4569 σωφροσύνην·
1092 4497 1186 4553 ἐπὶ
1229 4496 1286 4551 δὲ
1332 4496 1434 4566 τῆς
1475 4496 1754 4567 γλώττης,

210 4588 369 4656 σιγήν·
403 4590 496 4644 ἐπὶ
519 4590 580 4645 δὲ
605 4588 701 4643 τοῦ
730 4587 1048 4665 προσώπου,
1085 4587 1238 4643 αίδώ.
1600 4607 1609 4617 ‘

278 4679 372 4737 Ἐκ
397 4681 516 4738 τῶν
543 4683 910 4751 Φαυωρίνου.
952 4712 1021 4723 -
1054 4681 1448 4753 Ἐρατοσθένης
1496 4685 1525 4737 ὁ
1566 4685 1756 4756 Κυρη-

211 4773 362 4839 ναῖος,
389 4775 485 4846 τῆς
513 4776 731 4847 ἡλικίας
759 4773 885 4845 ἔφη,
914 4776 978 4828 τὸ
1007 4774 1106 4845 μὲν
1136 4774 1408 4844 ἀκμάζον,
1441 4774 1544 4849 έαρ
1595 4772 1755 4831 εἶναι·

1861 4511 2183 4567 modestiam
2214 4527 2279 4566 ac
2310 4511 2652 4577 castitatem;
2687 4510 2743 4565 in
2791 4510 3000 4583 lingua,
3024 4510 3352 4578 silentium;
3381 4510 3437 4564 in

1862 4601 2048 4665 vultu,
2068 4598 2483 4654 verecundiam.

1934 4690 2017 4744 Ea:
2054 4690 2331 4760 phavori‘ni
2377 4688 2786 4745 commentariis.
2809 4688 3295 4743 —Eratosthenes
3329 4684 3435 4754 Cy-

1865 4794 2101 4840 renaeus.
2133 4776 2311 4833 aetatis
2348 4777 2560 4843 liorem,
2583 4792 2682 4834 ver
2718 4792 2841 4834 esse
2881 4777 3134 4841 dicebat;
3178 4773 3325 4844 quod
3366 4772 3435 4827 ab

212 4858 351 4930 θέρος
373 4864 429 4925 δὲ
457 4870 554 4921 καὶ
580 4866 916 4939 μετόπωρον.
945 4865 1007 4920 τδ
1030 4864 1168 4941 μετά
1195 4865 1292 4937 τὴν
1318 4867 1523 4939 ἀκμήν·
1558 4868 1753 4939 χειμῶ-

1894 4868 1961 4927 llo
1982 4875 2087 4934 est,
2109 4876 2350 4925 testatem
2375 4874 2842 4939 autumnumque;
2868 4882 2931 4923 ac
2950 4867 3171 4921 demum
3194 4862 3432 4926 senium,

216 4968 272 5006 να
291 4955 362 5022 δὲ,
394 4960 454 5014 τὸ
479 4962 679 5033 γῆρας.

281 5069 557 5143 Σόλωνος.
580 5104 654 5122 -η
697 5074 882 5147 Γῆρας
905 5115 920 5137 ,
974 5073 1160 5143 ἔλεγεν
1188 5075 1359 5145 ὅρμον
1389 5070 1525 5129 εἶναι
1554 5068 1723 5130 κακόν
1741 5094 1756 5107 ’

220 5160 288 5223 εἰς
312 5163 431 5219 αὐτὸ
450 5168 557 5239 γὰρ
588 5166 768 5222 πάντα
790 5165 1151 5236 καταφεύγει.

282 5252 540 5325 Διογένης
554 5257 1005 5329 ⁹⁰.-Ἑρομένου
1031 5256 1177 5320 τινὸς
1205 5256 1390 5319 αὑτὸν,
1422 5256 1489 5310 Τί
1514 5256 1756 5328 νομίζεις

223 5340 274 5394 τδ
297 5346 493 5419 κῆρας
542 5352 901 5423 ἁπεκρίνατο,
921 5351 1027 5405 Τοῦ
1051 5352 1148 5422 ζῇν
1174 5350 1440 5421 χειμῶνα.

285 5437 559 5511 Διογένης.
586 5474 654 5484 -
684 5443 828 5497 Ἰδὼν
859 5443 915 5496 δὲ
942 5441 1119 5513 γραῦν
1148 5440 1653 5512 καλλωπιζομένην,
1678 5437 1763 5494 εἷ-

1860 4960 2117 5016 hiemem.

1929 5072 2158 5129 Solonis.
2181 5102 2250 5113 ——
2269 5072 2464 5128 Aiebat
2491 5070 2678 5137 Solon,
2711 5076 2936 5125 sencctu
2947 5076 3056 5122 tem
3086 5068 3289 5121 malum
3314 5081 3437 5122 esse

1856 5174 2109 5234 portum;
2135 5160 2339 5232 quippe
2375 5161 2443 5215 ad
2477 5176 2641 5230 quam
2672 5158 2855 5214 omnia
2880 5157 3222 5229 confugiant.

1933 5253 2207 5326 Diogenes.
2226 5252 2603 5318 —-Qu:erente
2635 5248 2895 5321 quodam,
2921 5248 3192 5316 Quidnam
3229 5248 3307 5303 illi
3345 5261 3436 5303 se-

1867 5356 2061 5403 nectus
2093 5346 2371 5400 videretur
2400 5343 2555 5398 esse?
2583 5341 2905 5413 respondit:
2936 5340 3073 5396 Viue
3106 5341 3366 5396 hiemem.

1943 5437 2611 5511 Diogenes—Diogenes,
2662 5443 2950 5505 conspecta
2986 5451 3091 5490 anu
3156 5431 3438 5504 superﬂuo

1450 5578 1681 5634 VARI/{'3
1716 5576 2124 5634 LECTIONES.

289 5680 327 5713 “
359 5687 411 5743 Β.
430 5691 703 5765 διανόημα.
774 5695 815 5727 ⁸⁷
856 5695 969 5750 Bal.
1004 5693 1112 5749 ἐπί.
1182 5697 1225 5727 ⁸⁸
1248 5696 1359 5757 Bal.
1390 5693 1657 5749 ἀσέϐειαν.
1742 5691 1783 5721 ’τ’
1814 5689 1949 5743 (ἰιλ.
1985 5689 2230 5761 Σωκράτ.
2306 5689 2349 5718 ’θ
2386 5684 2472 5743 Al.
2505 5685 2700 5743 Σόλων.
